4072 6156
345 314 448 372 457

1583 319 1863 376 CONTRA
1904 321 1944 377 ll
1956 320 2039 377 SU
2051 321 2321 378 llMilOS.

3476 321 3580 376 433

348 439 608 506 κάμνοντι
643 434 738 489 τὸν
781 437 1011 508 πυρετὸν
1041 437 1444 509 ἀπεργάζεται·
1487 439 1658 504 οὕτως
1691 445 1720 494 ὸ
1766 458 1905 512 παρ-

2021 456 2116 495 :em
2149 441 2340 495 febrim
2367 441 2568 496 misero
2596 440 2768 511 parit;
2793 440 2872 495 sic
2901 446 2954 496 et
2983 440 3073 510 qui
3096 454 3265 509 egeno
3296 439 3580 507 pecunizun

348 528 486 596 έχων
542 527 733 597 πένητι
770 529 1009 599 γέμοντα
1060 529 1232 601 (9-10)
1278 529 1538 603 [πενίας]
1585 531 1818 603 χρυσὸν,
1853 532 1913 584 ού

347 616 507 670 παύει
536 616 636 687 τὴν
660 616 928 687 ἀνάγκην,
957 617 1071 671 ἀλλ’
1095 619 1350 671 ἐπιτείνει
1381 619 1480 689 τὴν
1503 620 1806 692 συμφοράν.

411 706 505 778 Μὴ
534 706 712 759 τοίνυν
749 707 921 780 ζήσῃς
949 708 1329 777 μισάνθρωπον
1369 708 1481 779 βίον
1513 711 1570 762 ὲν
1611 709 1914 781 φιλανθρω-

347 796 476 860 πίαθς
513 798 886 869 προσχήματι,
921 797 1056 868 μηδὲ
1094 798 1225 870 γένῃ
1262 799 1443 871 ἰατρὸς
1473 799 1793 870 ἀνδροφόνος
1811 841 1826 866 ,
1855 802 1916 855 τὺ

349 887 644 959 πρόσχημα
685 887 785 958 μὲν
815 886 906 940 τοῦ
935 887 1126 951 σώζειν
1161 888 1298 960 ἔχων
1329 890 1418 944 διὰ
1442 890 1532 943 τὸν
1565 891 1811 954 πλοῦτον,
1839 891 1916 956 ὡς

346 977 551 1038 ἐκεῖνος
577 975 666 1028 διὰ
693 975 791 1045 τὴν
816 975 1030 1045 τέχνην·
1054 978 1119 1046 τῇ
1146 977 1460 1047 προαιρέσει
1490 977 1547 1030 δὲ
1577 980 1916 1050 κεχρημένος

345 1069 424 1129 εἰς
451 1065 727 1120 ἀπώλειαν
754 1065 846 1120 τοῦ
878 1067 1068 1120 ὲαυτόν
1097 1083 1176 1120 σοι
1200 1070 1750 1133 καταπιστεύσαντος.
1793 1071 1918 1142 Ἀρι

344 1158 438 1226 γδς
471 1161 564 1212 καὶ
591 1159 621 1210 ὁ
652 1158 1030 1222 πλεονεκτικὸς
1060 1159 1172 1230 (11)
1220 1159 1332 1230 βίος
1377 1161 1406 1213 ὁ
1452 1161 1544 1214 τοῦ
1587 1162 1914 1226 τοκίζοντος.

346 1248 460 1301 οὐκ
511 1242 620 1301 οἶδε
649 1249 811 1301 πόνον
852 1249 1160 1319 γεωργίας,
1191 1251 1292 1303 οὐκ
1341 1249 1582 1306 ἐπίνοιαν
1617 1252 1915 1322 ⁴ἐμπορίας·

344 1339 430 1407 ἐφ’
479 1339 598 1403 ένδς
627 1338 683 1392 δὲ
721 1337 886 1393 τόπου
928 1340 1180 1412 κάθηται,
1212 1340 1424 1411 τρέφων
1464 1343 1556 1394 επὶ
1596 1341 1695 1410 τῆς
1736 1341 1918 1406 ἑστίας

345 1430 532 1502 θηρία.
570 1433 855 1504 ’Δσπαρτα
885 1433 997 1504 (12)
1033 1434 1180 1505 αὐτῷ
1210 1434 1455 1505 βούλεται
1487 1437 1556 1490 τὰ
1601 1437 1779 1490 πάντα
1824 1437 1918 1490 καὶ

343 1522 584 1594 ἀνήροτα
609 1522 859 1592 φύεσθαι·
891 1525 1116 1597 ἄροτρον
1148 1525 1260 1596 ἔχει
1290 1526 1382 1582 τὸν
1413 1527 1676 1598 κάλαμον·
1711 1527 1914 1598 χώραν,

341 1612 435 1666 τὸν
474 1614 682 1685 χάρτην
713 1614 846 1686 (13)·
883 1616 1142 1687 σπέρμα,
1169 1616 1231 1671 τὸ
1270 1617 1455 1688 μέλαν·
1496 1619 1666 1684 ὑετὸν,
1706 1619 1914 1692 χρόνον,

340 1703 639 1770 αὐξάνοντα
660 1704 806 1775 αὐτῷ
830 1705 1194 1771 λανθανόντως
1222 1709 1321 1780 τὴν
1346 1708 1452 1762 τῶν
1474 1709 1771 1781 χρημάτων
1796 1711 1916 1764 sm-

2016 529 2122 585 sub
2151 528 2340 586 fenore
2367 529 2696 596 commodat,
2726 530 3108 584 necessitatem
3141 529 3289 584 illius
3317 543 3425 583 non
3450 531 3582 584 sub-

2016 621 2181 684 levat,
2218 619 2314 675 sed
2345 619 2710 674 calamitatem
2741 622 2922 689 potius
2948 629 3129 690 auget.

2087 710 2163 767 Ne
2202 711 2407 766 vixeris
2447 712 2616 782 igitur
2673 711 2856 780 specie
2889 710 3245 766 humanitatis
3289 711 3460 764 vitam
3498 711 3581 764 in-

2017 801 2312 854 humanam
2364 809 2418 856 et
2467 799 2768 864 efferatam,
2802 816 2976 869 neque
3019 811 3138 856 esto
3179 799 3446 863 medicus,
3486 799 3580 870 qui

2017 890 2271 961 perimat,
2303 905 2501 945 nomen
2534 891 2755 960 quidem
2785 899 2838 945 et
2871 891 3100 945 formam
3123 901 3255 960 pne
3294 898 3347 944 te
3381 889 3581 954 ferens,

2017 981 2176 1050 quasi
2213 995 2400 1038 serves
2446 982 2518 1036 ob
2551 982 2792 1041 divitias.
2844 985 2988 1038 sicut
3015 990 3070 1037 et
3116 984 3205 1038 ille
3244 991 3463 1053 propter
3495 996 3584 1035 ar-

2017 1082 2158 1142 tem;
2194 1074 2471 1128 voluntate
2525 1083 2703 1128 autem
2746 1085 2838 1129 tua
2889 1082 2944 1129 et
2997 1075 3182 1129 animo
3221 1076 3285 1129 ad
3333 1075 3579 1138 alterius,

2017 1163 2112 1232 qui
2153 1179 2212 1219 se
2257 1164 2358 1220 tibi
2405 1165 2719 1228 committit,
2763 1165 3059 1234 perniciem
3090 1166 3342 1219 abutens.
3389 1163 3584 1234 Segnis

2017 1265 2072 1312 et
2126 1255 2456 1311 insatiabilis
2507 1264 2592 1310 est
2633 1255 2743 1308 vita
2804 1255 3064 1310 usurarii.
3113 1253 3300 1310 Nescit
3341 1253 3584 1310 laborem

2018 1359 2274 1416 agrorum
2319 1346 2693 1411 colendorum,
2747 1354 3110 1401 mercaturam
3167 1361 3274 1399 non
3331 1353 3580 1408 exercet;

2019 1434 2114 1492 sed
2168 1451 2277 1491 uno
2321 1436 2377 1510 in
2425 1436 2544 1492 loco
2600 1436 2890 1491 considens
2948 1436 3226 1491 immanes
3271 1436 3418 1490 domi
3471 1453 3584 1492 sum

2018 1523 2164 1581 feras
2192 1527 2388 1582 nutrit.
2426 1525 2555 1580 Vult
2598 1526 2782 1580 omnia
2816 1526 2922 1580 sibi
2952 1526 3071 1581 sine
3107 1534 3250 1591 satu,
3284 1534 3340 1582 et
3374 1527 3584 1582 inarata

2017 1615 2293 1686 progigni,
2345 1615 2434 1671 cui
2463 1617 2680 1687 quidem
2726 1623 2974 1670 aratrum
3002 1623 3088 1671 est
3117 1617 3390 1684 calamus;
3432 1631 3582 1687 ager,

2017 1705 2244 1773 charta;
2309 1721 2516 1772 semen,
2586 1713 2985 1771 atramentum;
3049 1706 3273 1775 pluvia,
3333 1715 3581 1776 tempus,

343 1795 604 1864 καρπίαν.
638 1796 910 1867 Δρέπανόν
945 1798 1092 1852 ἐστιν
1124 1798 1274 1871 αὐτῷ
1313 1800 1346 1871 ἡ
1393 1801 1705 1872 ἀπαίτησις·
1748 1801 1912 1868 ἅλων,

2021 1798 2165 1867 quod
2222 1797 2301 1852 illi
2360 1797 2610 1868 pecunia
2670 1797 2884 1852 fructus
2943 1797 3174 1852 occultis
3232 1797 3585 1852 incrementis

344 1886 379 1956 ὴ
415 1885 586 1948 οἰκία,
613 1887 698 1956 ἐφ’
722 1881 792 1958 ἦς
815 1887 1068 1942 λεπτύνει
1095 1887 1194 1954 τὰς
1211 1890 1320 1943 τῶν
1348 1890 1678 1962 θλιϐομένων
1702 1893 1910 1958 οὐσίας.

340 1975 425 2028 Τὰ
446 1975 662 2030 πάντων
691 1976 797 2031 ίδια
815 1978 1018 2048 βλέπει.
1041 1977 1267 2051 Εὕχεται
1287 1983 1399 2044 τοῖς
1417 1981 1723 2054 ἀνθρώποις
1749 1983 1915 2052 ἀνάγο

340 2083 444 2130 γας
493 2068 588 2121 καὶ
622 2069 936 2139 συμφορὰς,
981 2070 1072 2124 ἵνα
1105 2069 1242 2142 πρὸς
1288 2071 1448 2124 αὑτὸν
1485 2074 1915 2144 ἠναγκασμένοις

340 2159 639 2214 δπέλθωσισ.
671 2162 837 2214 Μισεῐ
867 2162 993 2224 τοὺς
1022 2163 1232 2225 ἑαυτοῖς
1271 2162 1574 2233 ἀρκοῦντας
1593 2204 1607 2228 ,
1649 2165 1745 2218 καὶ
1788 2166 1916 2229 τοὺς

342 2250 422 2321 μὴ
441 2250 879 2322 δεδανεισμένους
901 2251 1015 2323 (14)
1039 2253 1265 2322 ἐχθροὺς
1293 2255 1526 2324 ἡγεῖται.
1556 2253 1916 2328 Προσεδρεύει

337 2347 456 2407 τοῖς
512 2344 913 2416 δικαστηρίοις,
950 2345 1037 2398 ἶνα
1073 2345 1207 2416 εὕρῃ
1254 2345 1347 2399 τὸν
1406 2347 1757 2418 στενούμενον
1804 2352 1916 2412 τοῖς

338 2433 714 2501 άπαιτηταῐς,
734 2435 830 2488 καὶ
856 2437 967 2499 τοῖς
997 2436 1326 2506 πράκτορσιν
1354 2437 1661 2504 ἀκολουθεῖ,
1693 2440 1768 2502 ὡς
1797 2443 1915 2504 ταῖς

339 2521 686 2591 παρατάξεσι
723 2524 817 2577 καὶ
855 2526 967 2587 τοῖς
997 2524 1254 2595 πολέμοις
1292 2527 1342 2580 oi
1384 2527 1578 2595 γῦπες.
1618 2530 1914 2601 Περιφέρει

336 2611 403 2663 τὸ
434 2611 740 2680 βαλάντιον,
781 2615 880 2668 καὶ
907 2614 1144 2667 δείκνυσι
1167 2615 1280 2680 τοῖς
1320 2618 1665 2688 πνιγομένοις
1693 2621 1792 2688 τῆς
1816 2621 1914 2693 θή-

341 2719 446 2774 ρας
479 2702 591 2773 (15)
631 2702 844 2776 δέλεαρ,
879 2704 944 2758 ἶν’
983 2706 1176 2777 ἐκείνῳ
1202 2705 1290 2762 διὰ
1328 2707 1427 2778 τὴν
1469 2708 1658 2779 χρείαν
1692 2713 1918 2782 περιχή-

339 2808 554 2856 ναντες,
591 2792 1002 2860 συγκαταπίωσι
1031 2793 1122 2848 τοῦ
1164 2795 1330 2848 τόκου
1363 2795 1473 2867 (16)
1506 2797 1567 2850 τὸ
1596 2797 1910 2870 ἄγκιστρον.

339 2883 484 2938 Καθ’
515 2884 728 2955 ἡμέραν
763 2884 987 2956 ἀριθμεῖ
1015 2885 1076 2938 τὺ
1104 2885 1326 2958 κέρδος,
1360 2888 1454 2942 καὶ
1485 2887 1584 2958 τῆς
1621 2891 1917 2960 ἐπιθυμίας

339 2969 443 3024 οὐκ
459 2969 820 3039 ἐμπίπλαται.
846 2971 1104 3042 ’Δχθεται
1124 2973 1261 3044 πρὸς
1275 2974 1364 3028 τὸν
1381 2977 1580 3047 χρυσὸν
1593 2978 1682 3031 τὸν
1698 2980 1791 3033 ἐπὶ
1818 2982 1916 3050 τῆς

339 3059 522 3124 οἰκίας
552 3061 930 3132 ἀποκείμενον,
953 3062 1083 3117 διότι
1108 3065 1281 3118 κεῖται
1305 3065 1476 3136 ἀργὸς
1501 3068 1596 3121 καὶ
1613 3067 1912 3140 ἄπρακτος.

339 3124 772 3223 Μιμεῖταιτοὺς.
809 3124 1088 3224 γεώργοὺς
1129 3155 1256 3218 τοὺς
1297 3124 1405 3210 ἀπό
1451 3124 1559 3210 τῶν
1595 3124 1787 3229 σωρῶν
1830 3124 1918 3215 ἀεὶ
1943 3124 1987 3184 c

342 3241 640 3312 σπέρματα
667 3241 946 3306 αίτοῦντας
967 3243 1100 3314 (17).
1136 3245 1251 3298 Οὐκ
1275 3245 1455 3316 ἀνίησι
1474 3247 1565 3301 τὸν
1588 3247 1917 3322 άθλιονχρυ-

341 3333 463 3398 σὺν.
487 3333 608 3388 ἀλλ’
630 3334 701 3388 ὲκ
725 3333 922 3404 χειρῶν
957 3336 1036 3400 είς
1059 3337 1246 3406 χεῖρας
1283 3338 1507 3407 μετάγει
1531 3339 1664 3410 (18).
1692 3339 1918 3404 Βλέπεις

339 3425 477 3495 γοῦν
501 3425 595 3480 τὸν
627 3424 880 3480 πλούσιον
913 3425 1006 3481 καὶ
1031 3426 1370 3499 πολύχρυσον
1407 3428 1668 3493 πολλάκις
1695 3430 1829 3501 μηδὲ
1857 3431 1916 3486 ἓν

339 3518 591 3590 νόμισμα
632 3518 826 3589 εχρντα
851 3518 945 3572 ἐπὶ
973 3519 1073 3590 τῆς
1095 3520 1272 3583 οίκίας
1297 3520 1432 3592 (19),
1463 3521 1576 3576 ἀλλ’
1607 3524 1666 3576 ὲν
1693 3525 1917 3594 χάρταις

338 3610 445 3673 τὰς
490 3608 747 3674 ἐλπίδας,
782 3611 852 3663 έν⁴
879 3609 1188 3680 ὁμολογίαις
1236 3609 1336 3682 τὴν
1382 3612 1698 3675 ὑπόστασιν,
1750 3614 1916 3684 μηδὲν

340 3701 539 3771 ἔχοντα
571 3702 668 3754 καὶ
715 3701 889 3755 πάντα
935 3701 1252 3771 κατέχοντα⁶
1296 3702 1434 3774 πρὸς
1468 3704 1779 3758 τούναντίον
1817 3703 1912 3758 τοῦ

341 3793 708 3848 ἀποστολικοῦ
759 3794 1084 3865 γράμματος
1128 3794 1238 3864 (20)
1282 3794 1618 3864 κεχρημένον
1661 3794 1742 3864 τῷ
1781 3796 1914 3866 βίῳ,

343 3884 529 3939 πάντα
557 3885 781 3940 διδόντα.
807 3887 916 3948 τοῖς
947 3886 1257 3956 αἰτήσασιν,
1305 3886 1366 3938 ού
1412 3885 1500 3939 διὰ
1539 3885 1915 3958 φιλάνθρωπον

342 3976 599 4048 γνώμην,
637 3975 772 4030 ἀλλὰ
794 3975 882 4029 διὰ
907 3975 1236 4047 φιλάργυρον
1265 3975 1481 4046 τρόπον.
1519 3977 1765 4047 Αἰρεῖται
1805 3979 1915 4051 γὰρ

342 4069 447 4142 τὴν
478 4069 811 4140 πρόσκαιρον
836 4067 1046 4130 πενίαν,
1082 4066 1187 4130 ἴνα,
1229 4065 1304 4129 ὡς
1343 4065 1524 4128 δοῦλος
1549 4066 1859 4136 ἐπίμοχθος.
1887 4071 1917 4122 ό

344 4158 553 4232 χρυσδς
586 4157 991 4228 ἐργασάμενος,
1031 4155 1168 4225 μετὰ
1214 4155 1320 4208 τῶν
1370 4153 1576 4225 μισθῶν
1625 4155 1914 4226 ἐπανέλθῃ.

355 4252 548 4322 Ὁρᾷς,
575 4251 724 4312 ὅπως
748 4248 908 4320 ὴητοῦ
933 4247 1214 4318 μέλλοντος
1243 4245 1394 4308 ἐλπὶς
1418 4245 1564 4297 κενοῖ
1583 4243 1685 4314 τὴν
1713 4245 1914 4310 οἰκίαν,

345 4344 449 4398 καὶ
481 4345 625 4396 ποιεῖ
666 4342 757 4395 τὸν
793 4340 961 4393 πολὺν
997 4337 1194 4410 χρυσὸν
1234 4337 1516 4407 όικτήμονα
1559 4336 1911 4406 πρόσκαιρον.

344 4434 555 4490 Τούτου
583 4433 640 4488 δὲ
659 4432 742 4496 τίς
765 4433 800 4503 ἡ
821 4430 1000 4497 αἰτίας
1039 4429 1104 4484 Ἦ
1127 4429 1185 4480 ὲν
1208 4425 1286 4498 τῷ
1303 4426 1476 4497 χάρτη
1503 4424 1708 4496 γραφὴ,
1734 4427 1768 4495 ἡ
1797 4428 1922 4497 ὁμοι

420 4612 609 4686 (9-10)
666 4611 954 4690 (spersa.
982 4607 1128 4690 Mon.
1162 4609 1415 4690 τένοντα..
1471 4606 1621 4690 unde
1641 4605 1737 4690 Ed.
1789 4626 1910 4678 γεν-
1942 4634 1995 4690 η

344 4677 712 4749 νῶῦταςέθό
746 4677 805 4736 et
858 4683 940 4737 sic
983 4677 1221 4747 regimen
1262 4677 1419 4749 verbi
1475 4679 1646 4749 deest.
1697 4677 1910 4749 Accen-

347 4765 444 4812 tus
495 4748 705 4808 ratione
743 4751 941 4806 ductus
974 4749 1168 4818 scripsi
1208 4748 1446 4818 γέμοντα
1491 4748 1907 4818 lacunulamque

348 4824 600 4896 Supplevi
649 4822 836 4896 addito
891 4817 1101 4896 πενίας,
1144 4834 1174 4872 e
1232 4817 1680 4896 pracedenntibus.
1711 4817 1910 4896 Possis

347 4885 612 4965 supplere
627 4891 804 4965 τόκον,
823 4906 920 4946 seu
950 4888 1146 4965 τόκων,
1176 4885 1453 4965 explente
1487 4885 1764 4965 Gretseri;
1812 4895 1909 4965 aut

349 4956 534 5036 legere
561 4959 1042 5036 γελῶνταχρυσόν,
1063 4957 1183 5012 sine
1212 4956 1322 5011 ullo
1347 4956 1763 5026 supplemento;
1811 4958 1908 5013 sed

347 5029 618 5090 accentus
655 5047 765 5086 non
795 5029 1055 5086 concinit.

423 5105 539 5176 (11)
572 5104 770 5173 Ἀρτὸς
789 5101 886 5176 καὶ
923 5101 956 5153 ό
995 5099 1099 5151 aut.
1131 5094 1406 5176 Articulus
1445 5093 1630 5176 forsan
1681 5095 1770 5152 hic
1815 5095 1912 5152 de-

351 5163 572 5239 lendas,
611 5163 709 5228 aut
744 5163 938 5228 saltem
980 5175 1104 5238 post
1141 5163 1518 5228 πλεονεκτικός
1553 5175 1910 5237 transponen-

351 5245 460 5301 dus
479 5252 587 5300 est.

379 5383 392 5384 ί
428 5314 542 5384 (12)
573 5314 968 5384 Ἄσπαρζα...-

356 5373 586 5455 ρᾶυεέη
619 5397 696 5455 ιε.
745 5373 868 5455 1⁷99,
916 5377 1008 5455 ubi
1058 5373 1489 5455 VIBoilssonad"
1521 5376 1646 5455 coll.
1677 5374 1916 5455 .Duport.

356 5443 710 5522 Gnomologia
765 5443 1068 5522 Homerica,
1090 5461 1164 5522 ⁵ι).
1194 5443 1295 5499 196
1333 5458 1441 5522 εει..
1488 5447 1602 5522 vel,_
1646 5444 1924 5522 si_mavis,

1186 5321 1278 5358 τα.
1323 5303 1530 5360 Διιιιιιίι
1572 5305 1640 5360 ad
1695 5303 1916 5360 Homer.

355 5523 551 5579 notula
583 5511 700 5576 m'ea
725 5521 791 5574 ad
825 5519 1048 5574 Lueian.
1080 5511 1157 5586 De
1208 5511 1451 5586 mercede
1471 5515 1765 5580 conductis,
1793 5531 1845 5586 p.
1872 5513 1928 5567 6.

431 5593 521 5663 (15
580 5590 692 5644 Τὸν
719 5590 963 5661 χάρτην.
991 5587 1071 5642 lta
1101 5584 1243 5640 Mon.
1272 5580 1372 5636 Ed.
1403 5583 1501 5653 τὴν
1527 5586 1756 5656 χάρτην.

431 5593 544 5731 uti
581 5659 726 5731 Non.
763 5655 1296 5730 μηδεδανεισμένους,
1342 5663 1449 5709 una
1478 5669 1630 5713 voce.
1682 5654 1756 5712 Ed

430 5654 544 5732 (ιι)
581 5654 1296 5732 Μοηῗμηδεδανεισμένους,
1342 5663 1449 5709 una
1478 5654 1630 5713 voce;
1682 5654 1778 5712 Ed.
1833 5669 1933 5727 μη.

348 5728 460 5809 ,διν
483 5728 912 5804 δανειζομένους.

2015 1886 2263 1958 adauget
2293 1887 2612 1962 egedncat.
2655 1886 2784 1943 Falx
2832 1887 2911 1942 illi
2960 1895 3046 1943 est
3099 1888 3387 1958 repetitio;
3431 1903 3584 1951 area,

2013 1979 2230 2042 domus.
2281 1980 2334 2034 in
2377 1994 2484 2050 qua
2536 1980 2860 2034 miserorum
2912 1978 3167 2056 fortunas
3228 1981 3471 2036 ventilat.
3522 1979 3588 2032 Et

2014 2081 2136 2137 quae
2181 2069 2426 2123 omnium
2473 2075 2624 2131 sunt,
2672 2069 2889 2139 propria
2940 2069 3024 2124 sui
3058 2068 3232 2138 ipsius
3278 2069 3443 2124 videt.
3479 2067 3587 2122 lm-

2017 2167 2272 2228 precatur
2345 2159 2663 2214 hominibus
2718 2159 3095 2225 calamitates,
3163 2166 3224 2213 ut
3289 2159 3464 2214 coacti
3518 2160 3584 2212 ad

2016 2249 2194 2318 ipsum
2225 2249 2580 2320 confugiant;
2613 2250 2748 2314 odit,
2785 2249 2986 2319 quibus
3019 2263 3108 2304 res
3141 2265 3253 2305 suae
3287 2249 3582 2313 sulliciunt,

2017 2347 2073 2394 et
2101 2355 2258 2410 quos
2289 2349 2538 2394 mutuum
2583 2341 2687 2396 sub
2724 2355 2891 2395 usura
2931 2351 3112 2409 petere
3159 2354 3267 2393 non
3294 2339 3585 2408 conspicit,

2018 2429 2076 2484 in
2111 2429 2352 2484 hostium
2392 2444 2630 2484 numero
2665 2431 2848 2484 habet.
2893 2429 3116 2485 Assidet
3155 2428 3324 2483 curiae
3361 2435 3413 2481 et
3444 2425 3584 2489 foro,

2017 2529 2084 2574 ut
2119 2521 2384 2581 inveniat.
2417 2535 2582 2590 quem
2617 2533 2741 2575 sors
2771 2521 3006 2574 adversa
3051 2520 3274 2589 allligit;
3303 2527 3588 2572 exactores

2015 2622 2071 2669 et
2103 2621 2490 2683 procuratores
2524 2627 2654 2668 suos
2693 2627 2911 2681 semper
2951 2614 3219 2681 sequitur,
3261 2619 3318 2665 ut
3346 2611 3588 2665 vultures

2016 2712 2200 2758 castra
2231 2713 2285 2758 et
2327 2704 2497 2758 acies.
2530 2701 2868 2757 Circumfert
2895 2709 3076 2756 autem
3124 2703 3354 2766 loculos,
3401 2709 3462 2754 ut
3491 2702 3590 2755 mi-

2017 2795 2156 2850 seris
2173 2809 2355 2849 escam
2383 2794 2657 2856 ostendat,
2687 2805 2748 2847 ut
2775 2794 2824 2848 ei
2854 2794 2926 2847 ob
2955 2795 3339 2848 necessitatem
3371 2792 3590 2846 inhian-

2016 2893 2116 2948 tes,
2147 2883 2409 2937 devorent
2445 2883 2608 2937 simul
2631 2896 2808 2936 usura
2838 2882 3084 2934 hamum.
3124 2879 3380 2947 Quotidie
3407 2896 3592 2936 nume-

2016 2981 2103 3026 rat
2139 2972 2374 3038 lucrum,
2421 2986 2686 3040 suamque
2723 2969 3074 3040 cupiditatem
3119 2969 3343 3023 minime
3387 2969 3586 3038 explet.

2023 3060 2178 3117 Dolet
2216 3063 2288 3117 ob
2322 3068 2608 3133 argentum
2638 3058 2786 3116 domi
2823 3059 3149 3130 repositum,
3175 3060 3320 3129 quod
3351 3061 3590 3115 otiosum

2022 3163 2108 3210 est
2161 3163 2216 3211 et
2268 3153 2689 3212 infructuosum.
2745 3151 2998 3208 imitatur
3049 3151 3313 3216 colonos,
3375 3149 3470 3222 qui
3524 3165 3588 3206 ex

2023 3259 2222 3300 acervo
2257 3244 2515 3299 frumenti
2545 3258 2763 3313 semper
2791 3258 2975 3315 semen
3015 3250 3225 3314 petunt.
3268 3241 3387 3298 Non
3430 3243 3592 3299 relin-

2023 3337 2145 3406 quit
2169 3335 2540 3392 miserandum
2565 3350 2761 3389 aurum
2803 3335 3094 3398 intactum,
3123 3333 3219 3390 sed
3249 3348 3317 3388 ex
3341 3349 3503 3388 manu
3536 3334 3592 3388 in

2023 3441 2246 3480 manum
2275 3425 2556 3481 transfert.
2594 3425 2812 3495 Aspicis
2841 3426 3006 3495 igitur
3046 3425 3246 3495 opibus
3275 3423 3591 3493 divitiisque

2023 3516 2394 3571 abundantem
2450 3531 2594 3585 saepe
2657 3515 2806 3569 domi
2855 3531 2969 3570 sua:
3034 3530 3103 3569 ne
3154 3529 3319 3569 unum
3371 3514 3591 3584 quidem

2022 3620 2305 3660 nummum
2357 3604 2578 3668 habere,
2625 3602 2722 3658 sed
2757 3618 2948 3658 omnes
2981 3617 3106 3672 spes
3143 3601 3263 3671 ejus
3309 3602 3364 3655 in
3402 3602 3591 3656 charta

2024 3698 2184 3758 sitas,
2221 3708 2522 3762 omnesque
2563 3692 2814 3746 fortunas
2864 3693 2918 3745 in
2955 3692 3128 3762 pactis
3181 3700 3235 3746 ct
3285 3692 3589 3748 conventis.

2019 3787 2116 3856 qui
2145 3783 2283 3838 nihil
2314 3783 2498 3849 habet,
2527 3791 2581 3838 et
2604 3783 2786 3838 omnia
2808 3783 3048 3854 possidet
3081 3802 3094 3838 :
3127 3783 3407 3838 contrario
3431 3783 3593 3835 mod.»

2023 3874 2337 3946 apostolicis
2393 3874 2617 3929 monitis
2657 3875 2825 3928 vitam
2875 3874 3202 3936 instituens,
3261 3875 3354 3940 qui
3408 3873 3589 3926 omnia

2022 3966 2250 4036 largitur
2283 3964 2608 4033 petentibus,
2638 3978 2748 4018 non
2776 3964 3153 4030 humanitatis,
3183 3962 3280 4018 scd
3315 3962 3587 4032 cupiditar

2023 4058 2096 4112 tis
2141 4058 2336 4126 gratia.
2385 4054 2548 4126 Eligit
2591 4055 2736 4110 enim
2793 4055 3107 4126 pauperiem
3155 4055 3222 4108 ad
3267 4053 3589 4109 nonnullum

2023 4159 2260 4220 tempus,
2302 4159 2361 4202 ut
2393 4149 2627 4218 pecunia
2659 4151 2835 4206 instar
2866 4151 3124 4206 laboriosi
3162 4150 3307 4205 servi
3334 4164 3590 4219 operans.

2021 4255 2145 4295 cum
2184 4241 2434 4295 mercede
2461 4243 2529 4295 ad
2559 4241 2738 4312 ipsum
2778 4251 3102 4297 revertatur.
3143 4242 3326 4307 Vides,
3370 4251 3429 4296 ut
3461 4257 3587 4310 spes

2019 4333 2193 4388 futuri
2243 4333 2378 4388 lucri
2422 4334 2700 4388 exiuaniat
2729 4334 2974 4400 domum,
3004 4335 3310 4403 elliciatque
3339 4342 3398 4386 ut
3435 4333 3603 4400 inops.

2021 4425 2116 4490 sit,
2140 4425 2229 4480 cui
2258 4424 2502 4495 alioquin
2530 4427 2760 4481 multum
2801 4427 2923 4482 auri
2964 4427 3225 4497 suppetit.
3254 4425 3431 4495 Hujus
3461 4440 3589 4478 vero

2086 4610 2198 4682 (l5)
2227 4610 2340 4679 Τῆς
2357 4610 2557 4680 θήρας.
2576 4612 2658 4666 lla
2685 4610 2929 4682 Gretseri
2951 4607 3263 4682 Appendix.
3295 4602 3395 4659 Ed.
3434 4603 3576 4659 1658

2014 4680 2112 4745 τὰς
2135 4681 2328 4752 θήρας,
2360 4683 2505 4751 quod
2536 4693 2587 4736 et
2615 4682 2759 4735 Mon.
2797 4681 2997 4752 habere
3020 4680 3257 4752 videtur.

2085 4741 2220 4820 (16)"
2250 4741 2707 4820 inﬂaraalwm
2769 4749 2876 4820 τοῦ
2919 4748 3270 4820 τόκουηδίο
3304 4743 3404 4798 Ed.
3437 4741 3584 4797 Mon.

2017 4816 2461 4889 συγκαταπίὼσιν
2485 4821 2594 4872 τῶν
2626 4821 2800 4872 τόκων
2831 4818 2882 4889 (e
2917 4831 3062 4889 corr.
3093 4816 3172 4886 τῷ
3210 4816 3356 4885 τόκῳ
3379 4854 3392 4879 ,
3435 4823 3588 4869 utro-

2014 4887 2124 4961 que
2145 4889 2418 4961 videleto).
2451 4889 2570 4961 mox
2611 4889 2756 4942 Mou.
2781 4887 3122 4961 καθημέραν.

2087 4960 2198 5030 (Π)
2252 4959 2356 5012 Ἀεὶ
2379 4953 2389 4958 ”
2409 4956 2727 5030 σπέρματα,
2764 4953 3103 5030 αὶζοῦήας.
3181 4954 3330 5030 Loco
3388 4953 3587 5007 horum

2015 5025 2331 5091 verborum,
2359 5043 2482 5097 qua:
2509 5025 2707 5082 desunt
2762 5027 2816 5079 in
2850 5025 3020 5089 Mon.,
3066 5025 3346 5079 recentior
3393 5039 3603 5078 manus.

2018 5099 2341 5155 asteriscum
2363 5098 2542 5166 posuit
2571 5097 2791 5152 ibidem.

2093 5167 2203 5235 (18)
2237 5162 2508 5236 Μετᾶγει.
2535 5166 2679 5236 Moti.
2732 5180 2990 5234 μετετειμ
3018 5162 3126 5236 (sic
3143 5162 3212 5229 ?),
3252 5162 3308 5217 in
3354 5176 3523 5232 marg.
3555 5177 3585 5216 a

2022 5233 2213 5298 manu,
2247 5243 2306 5290 ut
2329 5233 2562 5299 videtur,
2591 5233 2961 5297 GretSeriaua,
2999 5233 3244 5303 μετάγει.

3393 5301 3599 5375 ἔχοντα..
3691 5280 3697 5287 ⁸

2024 5372 2118 5432 ent
2145 5372 2474 5446 cﬁcipixeta;
2501 5373 2650 5446 (sic).
2683 5381 2869 5441 utpote
2891 5375 3114 5437 omissa,
3147 5372 3253 5424 alia
3286 5389 3482 5429 manus
3527 5374 3581 5428 in

2027 5444 2208 5515 marg.
2237 5444 2380 5499 Mon.
2414 5444 2699 5513 supplevit.

2104 5512 2213 5584 (‘20)
2249 5515 2359 5569 Τοῦ
2395 5512 2798 5569 ἀποστολικοῦ
2840 5512 3192 5584 γράμματος.
3231 5514 3351 5584 Quo
3384 5513 3589 5584 allutlat

2037 5582 2124 5639 hic
2153 5582 2360 5646 uester,
2397 5588 2564 5639 latere
2599 5599 2684 5639 me
2721 5586 2912 5638 fateor.
2947 5583 3172 5646 Credas,
3219 5584 3286 5638 ad
3315 5582 3372 5636 S.
3395 5582 3582 5637 Matth.

2041 5671 2096 5718 v,
2124 5655 2195 5710 i9.
2231 5678 2240 5710 :
2271 5655 2347 5723 τῷ
2375 5652 2613 5723 αἰτοῦντί
2649 5670 2729 5716 σε,
2769 5655 2932 5708 δίδου.
2956 5653 3020 5706 At
3051 5668 3158 5707 non
3200 5665 3284 5708 est
3329 5653 3587 5723 apostolis

2045 5740 2192 5793 cum,
2229 5722 2329 5782 scd
2353 5725 2527 5796 ipsius
2560 5722 2860 5784 Salvatoris
2892 5724 2994 5781 hoc
3024 5733 3386 5795 praecor-tuum.
