4072 6156
492 278 600 335 ὁὸθ

1655 288 1710 342 S.
1753 289 2078 348 GBEGORII
2120 293 2417 349 NYSSENI

3625 297 3730 353 “0

493 407 744 463 quaenam
785 398 999 453 causa?
1030 397 1309 467 Scriptura
1355 399 1409 453 in
1460 416 1667 471 papyro
1705 407 2051 477 consignata,

2159 410 2315 479 λογία
2362 408 2456 463 τοῦ
2504 409 2877 472 στενωθέντος.
2928 409 3095 463 Δώσω
3129 420 3268 481 μετα
3307 410 3406 482 τῆς
3448 411 3730 481 ὲργασίας,

488 497 545 543 et
584 490 765 559 pactio
813 506 909 546 seu
936 491 1229 561 promissio
1271 492 1476 549 aﬁlicti.
1525 496 1770 551 Reddam
1815 513 1939 553 cum
1977 500 2052 554 fe—

490 593 644 633 nore.
676 577 976 635 Restituam
1000 595 1125 635 cum
1157 582 1308 637 lucro
1341 593 1564 638 sortem.
1596 585 1799 643 Deinde
1821 580 1974 643 insto
1999 596 2054 643 et

490 666 757 722 admoneo
807 676 864 720 ut
911 683 978 723 ne
1030 670 1187 726 ﬁdem
1223 671 1395 728 fallat.
1447 674 1513 730 Et
1554 676 1767 732 debitor
1807 679 2048 749 quidem,

489 757 614 811 licet
656 758 837 828 inops,
878 759 1036 815 ﬁdem
1078 761 1210 818 facit
1247 765 1318 819 ob
1356 769 1742 837 syngrapham.
1772 768 1917 826 Deus
1956 787 2053 825 au-

488 856 619 909 tem,
657 849 751 917 qui
779 849 933 906 dives
960 860 1064 919 est,
1100 852 1229 909 licet
1270 857 1437 910 multa
1466 858 1790 927 polliceatur
1817 862 1967 915 clara
1997 872 2052 917 et

487 950 688 991 sonora
721 954 872 1004 voce,
926 956 1034 996 non
1068 952 1248 999 tamen
1279 947 1517 1001 auditur.
1566 947 1662 1015 Da,
1711 960 1765 1005 et
1801 966 1903 1021 ego
1927 952 2051 1006 red-

488 1028 639 1097 dam,
670 1031 873 1085 clamat
903 1031 959 1086 in
992 1032 1321 1103 Evangeliis,
1359 1037 1413 1090 in
1440 1038 1658 1108 publico
1698 1041 1909 1111 totique
1942 1051 2051 1097 ter-

486 1134 672 1175 rarum
722 1123 842 1176 orbi
873 1132 1003 1179 noto
1032 1126 1421 1197 chirographo,
1454 1130 1601 1198 quod
1630 1140 1884 1200 quatuor,
1933 1134 2053 1188 loco

486 1222 541 1267 et
587 1212 707 1269 vice
761 1214 928 1270 unius
984 1217 1355 1285 scripserunt,
1415 1220 1575 1289 cujus
1633 1230 1801 1277 testes
1862 1238 2052 1280 omnes

485 1299 787 1361 Christiani
827 1321 858 1359 a
892 1308 1229 1376 temporibus
1272 1316 1439 1379 parta:
1476 1311 1669 1367 salutis
1704 1315 2051 1371 exstiterunt.

488 1391 670 1449 Habes
712 1396 1025 1464 paradisum
1080 1398 1295 1468 pignus,
1328 1400 1526 1470 pignus
1578 1404 1767 1473 utique
1802 1405 2050 1475 dignum,

489 1500 601 1555 quo
635 1485 864 1541 ﬁdenter
888 1489 1105 1544 nitaris.
1135 1490 1289 1555 Quod
1324 1492 1369 1546 si
1399 1500 1452 1546 et
1476 1492 1564 1547 hic
1594 1494 1801 1563 aliquid
1826 1497 2049 1565 qumris,

489 1586 640 1632 tctus
689 1578 926 1633 mundus
968 1581 1123 1650 probi
1159 1581 1425 1637 debitoris
1465 1586 1746 1653 possessio
1799 1594 1904 1641 est.
1944 1585 2053 1642 Cu-

489 1670 636 1725 riose
678 1669 1039 1741 circumspice
1089 1674 1299 1743 copiam
1329 1714 1343 1739 ,
1390 1691 1499 1745 qua
1547 1676 1790 1731 abundat
1832 1678 1881 1733 is
1907 1719 1921 1743 ,
1957 1678 2051 1747 qui

2154 498 2462 552 ὐποτελέσω
2505 497 2643 568 μετὰ
2678 496 2772 549 τοῦ
2823 496 3130 566 γινομένου.
3187 493 3354 563 Εἶτα,
3394 498 3731 568 παρακαλῶ,

2152 590 2181 641 6
2228 589 2325 659 μὲν
2357 587 2656 659 χρεώστης,
2696 586 2792 639 καὶ
2839 586 3040 655 ἄπορος
3086 586 3183 653 ὣν,
3217 587 3306 641 διὰ
3350 588 3450 659 τὴν
3487 604 3732 659 συγγρα-

2154 677 2259 749 φὴν
2299 677 2409 748 (21)
2461 676 2793 730 πιστεύεται*
2847 678 2877 729 6
2913 676 2971 728 δὲ
3012 675 3177 741 Θεὸς,
3223 676 3476 742 πλούσιος
3524 677 3599 731 ὣν
3637 679 3733 733 καὶ

2154 767 2647 837 ἐπαγγελλόμενος,
2694 767 2796 820 οὐκ
2838 765 3116 820 ἀκούεται.
3148 766 3249 830 Δὸς
3269 806 3284 830 ,
3324 767 3419 820 καὶ
3450 767 3560 836 ἐγὼ
3590 768 3729 820 ἀπο-

2152 858 2307 912 δώσω
2329 857 2461 927 (22),
2490 856 2588 927 βοᾷ
2602 856 2813 927 γράψας
2835 858 2892 910 ὲν
2915 856 3285 924 Εὐαγγελίοις,
3307 856 3366 908 ὲν
3381 857 3730 927 χειρογράφῳ

2152 949 2394 1021 δημοσίῳ
2424 949 2525 1017 τῆς
2544 949 2886 1018 οίκουμένης.
2910 947 2939 1001 6
2965 948 3266 1018 τέσσσαρες
3287 946 3529 1017 ἔγραψαν
3555 949 3729 1015 εὐαγ-

2152 1040 2424 1108 γελισταὶ,
2460 1038 2573 1091 ἀνθ’
2594 1038 2712 1100 ἐνὸς
2740 1037 3292 1110 συμϐολ[αι]ογράφου
3312 1077 3326 1101 ,
3358 1031 3418 1090 οῦ
3456 1038 3728 1108 μάρτυρες

2154 1127 2351 1190 πάντες
2381 1128 2430 1179 οί
2464 1128 2529 1180 ἐκ
2574 1127 2681 1180 τῶν
2710 1127 2916 1196 χρόνων
2944 1128 3043 1197 τῆς
3078 1127 3349 1196 σωτηρίας
3382 1128 3719 1197 Χριστιανοὶ.

2157 1215 2339 1284 Ἔχεις
2385 1213 2664 1285 ὑποθήκην
2702 1215 2792 1266 τὸν
2826 1214 3170 1284 παράδεισον,
3211 1213 3467 1284 ἐνέχυρον
3510 1212 3728 1277 ἀξιόπι-

2156 1322 2297 1357 στον.
2343 1305 2406 1357 Εί
2434 1304 2490 1357 δὲ
2521 1305 2615 1357 κα)⁵
2643 1303 2873 1358 ἐνταῦθα
2918 1305 3116 1373 ζητεῖς,
3166 1304 3284 1367 ὅλος
3328 1306 3356 1357 6
3388 1304 3589 1374 κόσμος
3630 1305 3728 1357 τοῦ

2152 1394 2488 1464 εὐγνώμονος
2530 1393 2802 1465 χρεώστου
2863 1396 3077 1465 κτῆμα.
3126 1395 3491 1465 Περιέργασαι
3542 1395 3730 1463 σαφῶς

2151 1485 2250 1555 τὴν
2278 1485 2536 1554 εὐπορίαν
2568 1484 2661 1537 τοῦ
2693 1484 2979 1555 ζητοῦντος
3007 1485 3106 1557 τὴν
3139 1485 3477 1556 εὐεργεσίαν,
3508 1488 3602 1539 καὶ
3630 1488 3727 1540 εὐ·-

2155 1577 2338 1647 ρήσεις
2354 1576 2465 1646 (25)
2481 1575 2570 1627 τὸν
2586 1574 2831 1629 πλοῦτον.
2857 1577 3013 1629 Πᾶσα
3037 1576 3141 1647 γὰρ
3168 1580 3414 1647 χρυσῖτις
3433 1576 3527 1629 τοῦ
3549 1576 3728 1648 χρεώ-

2156 1682 2282 1719 στου
2333 1667 2522 1719 τούτου
2568 1668 2771 1736 κτῆμα.
2838 1668 2955 1721 Πᾶν
3007 1667 3267 1738 μέταλλον
3320 1667 3582 1738 ἀργυρίου
3632 1669 3729 1721 καὶ

486 1758 810 1814 beneﬁcium
840 1761 939 1816 abs
971 1770 1025 1817 te
1064 1765 1218 1833 petit,
1240 1773 1296 1819 et
1330 1765 1573 1821 invenies
1597 1766 1772 1837 ipsius
1807 1767 2049 1823 divitias.

2156 1758 2356 1829 χαλκοῦ
2402 1759 2631 1812 καὶτῶν
2677 1758 2804 1830 ἑξῆς
2852 1758 2993 1812 ὑλῶν
3036 1760 3136 1829 τῆς
3173 1760 3382 1814 ἐκείνου
3411 1761 3730 1824 δεσποτείας

486 1848 621 1905 Nam
661 1866 851 1908 omnes
888 1854 1007 1907 auri
1041 1856 1359 1925 argentique
1396 1857 1593 1913 fodinte
1630 1859 1896 1926 debitoris
1923 1875 2051 1930 pos-

486 1942 665 1997 sessio
693 1950 841 1997 sunt.
873 1942 1046 1999 Omne
1079 1947 1357 2001 metallum
1388 1949 1598 2018 argenti
1639 1958 1694 2005 et
1727 1950 1872 2013 aeris,
1918 1958 1968 2005 et
1998 1951 2049 2006 id

484 2047 658 2102 genus
682 2032 932 2098 aliorum,
953 2035 1199 2090 dominio
1220 2045 1274 2091 et
1295 2038 1525 2107 imperio
1545 2039 1715 2109 ipsius
1734 2039 2048 2109 subjicitur.

486 2121 720 2193 Respice
758 2124 813 2177 in
861 2132 1035 2179 totum
1088 2127 1310 2189 cmlum.
1344 2142 1451 2198 qua
1483 2136 1661 2198 patet;
1700 2138 1881 2184 mente
1915 2145 2048 2184 con-

487 2212 607 2282 cipe
648 2213 815 2269 maris
849 2214 1204 2282 inﬁnitatem;
1245 2217 1422 2286 cogita
1471 2225 1631 2273 terra:
1671 2218 2044 2283 latitudinem;

487 2318 734 2366 numera,
780 2319 919 2374 quas
960 2306 1133 2360 nutrit
1179 2305 1355 2375 feras;
1404 2309 1591 2363 omnia
1627 2308 1871 2375 subjecta
1921 2310 2050 2363 sunt

487 2392 635 2447 illius
673 2396 951 2462 potentiae,
1001 2394 1161 2465 cujus
1201 2405 1259 2451 tu
1305 2407 1678 2468 paupertatem
1718 2401 2045 2455 contemnis.

486 2481 799 2540 lloderatus
860 2493 915 2539 et
960 2500 1150 2555 aequus
1219 2496 1361 2542 esto.
1417 2488 1495 2543 Ne
1553 2490 1753 2557 injuria
1806 2488 2052 2544 aﬁ‘eceris

486 2573 695 2643 Deum;
731 2592 906 2647 neque
951 2578 1189 2633 astimes
1223 2578 1389 2634 Deum
1433 2580 1692 2636 inferiore
1725 2589 1778 2636 et
1819 2580 2053 2634 inhono-

485 2667 688 2723 ratiore
746 2667 867 2721 loco
920 2683 1043 2723 esse
1108 2684 1271 2739 quam
1340 2671 1679 2741 trapezitas,
1740 2672 1940 2740 quibus
2005 2671 2053 2726 si

485 2755 813 2825 spondeam,
846 2757 1054 2827 absque
1091 2756 1261 2812 dubio
1290 2759 1490 2814 credis.
1534 2758 1608 2813 Da
1650 2760 1903 2829 sponsori
1948 2760 2054 2813 im—

487 2845 730 2899 mortali.
779 2845 954 2901 Crede
987 2847 1353 2919 chirographo
1400 2850 1776 2920 inaspectabili
1811 2851 2053 2920 quidem,

2162 1848 2343 1919 μέρος.
2388 1846 2711 1917 Ἀπόϐλεψον
2745 1849 2824 1910 είς
2846 1848 2937 1901 τὸν
2966 1848 3139 1918 μέγαν
3161 1850 3411 1919 οὐρανόν·
3442 1850 3729 1921 κατάμαθε

2157 1940 2253 2010 τὴν
2272 1938 2493 2010 ἄπειρον
2521 1938 2813 1993 Θάλασσαν·
2839 1939 3119 2009 ίστόρησον
3147 1936 3207 1993 τύ
3243 1940 3442 2005 πλάτος
3478 1941 3578 2011 τῆς
3597 1942 3724 2012 γῆς·

2157 2031 2458 2102 ἀριθμησον
2504 2030 2576 2083 τὰ
2629 2029 2715 2083 ἐπ’
2777 2030 2945 2101 αὐτῆς
2992 2030 3300 2101 τρεφόμενα
3349 2030 3495 2095 ζῶα·
3548 2034 3729 2086 πάντα

2154 2121 2312 2175 δοῦλα
2335 2121 2427 2175 καὶ
2458 2121 2732 2191 κτήματα,
2760 2116 2820 2175 οῦ
2853 2122 2917 2174 σύ
2945 2120 3021 2184 ὡς
3059 2121 3262 2192 ἀπόρου
3299 2122 3411 2191 (24)
3445 2139 3727 2194 καταφρο·

2154 2214 2283 2277 νεῖς.
2337 2212 2712 2283 Σωφρόνησον,
2758 2211 3033 2283 ἄνθρωπε.
3088 2212 3180 2284 Μὴ
3239 2212 3577 2286 καθυϐρίσῃς
3633 2214 3727 2267 τὸν

2152 2304 2319 2377 Θεὸν,
2358 2304 2490 2374 μηδὲ
2520 2304 2699 2374 ἡγήσῃ
2728 2302 2835 2356 τῶν
2875 2303 3217 2374 τραπεζιτῶν
3261 2304 3599 2375 ἀτιμότερον,
3643 2298 3727 2367 οἷς

2156 2394 2521 2464 ὲγγυωμένοις
2560 2392 2940 2464 ἀναμφιϐόλως
2983 2393 3311 2452 πιστεύσεις.
3348 2394 3445 2457 Δὸς
3482 2396 3725 2464 ὲγγυητῇ

2151 2483 2226 2555 μὴ
2255 2486 2665 2555 ἀποθνήσκοντι.
2702 2485 2996 2537 Πίστευσον
3046 2485 3392 2555 χειρογράφῳ
3425 2486 3499 2556 μὴ
3528 2486 3728 2555 βλεπο-

2151 2576 2294 2646 μένῳ
2326 2576 2459 2647 μηδὲ
2490 2575 2940 2645 σπαρασσομένῳ.
2983 2575 3074 2645 Μὴ
3105 2576 3460 2648 ὲπερωτήσῃς
3487 2576 3586 2646 τὴν
3634 2578 3729 2647 ἐρ-

2148 2666 2368 2734 γασίαν,
2413 2664 2549 2719 ἀλλὰ
2573 2664 2659 2727 δὸς
2688 2663 3066 2734 ἀκαπήλευτον
3101 2663 3199 2733 τὴν
3250 2664 3586 2735 εὐεργεσίαν,
3630 2666 3728 2719 καὶ

2149 2757 2269 2827 ὕψει
2303 2774 2386 2810 σοι
2429 2754 2520 2810 τὸν
2560 2755 2692 2809 Θεὸν
2737 2754 2875 2825 μετὰ
2912 2753 3231 2826 προσθήκης
3265 2756 3581 2810 ἀποδιδόντα
3626 2756 3728 2828 τὴν

2165 2848 2354 2920 Χάριν.

486 2934 583 2992 sed
625 2937 894 3007 ejusmodi
934 2902 1320 3010 tamen,vqulod
1368 2902 1855 3014 perdit—nequeat:
1909 2902 2252 3015 Ilie'exig'as.
2308 2902 2556 3006 lucrum,
2613 2940 2709 2997 sed
2740 2902 3013 3011 impende
3060 2938 3385 2997 beneﬁcium
3448 2940 3569 2997 sine
3631 2956 3728 3010 spe

486 3040 749 3103 quaestus,
796 3032 1117 3104 videbisque
1152 3033 1321 3089 Deum
1366 3052 1477 3091 non
1513 3038 1633 3093 sine
1677 3040 2048 3095 additamento
2087 3038 2383 3109 rependere
2410 3037 2663 3109 gratiam.

555 3122 710 3189 Quod
738 3123 785 3178 si
819 3123 933 3179 haec
956 3128 1133 3179 oratio
1174 3126 1270 3180 tibi
1300 3130 1588 3199 peregrina
1616 3139 1671 3186 et
1700 3140 1896 3201 praeter
1933 3133 2049 3202 opi-
2076 3136 2118 3194 C

486 3213 705 3269 nionem
760 3214 977 3278 accidit,
1028 3216 1082 3269 in
1128 3226 1383 3287 promptu
1427 3220 1605 3275 habeo
1654 3222 2049 3286 testimonium,

485 3319 598 3374 quo
628 3307 977 3376 perspicuum
1013 3308 1072 3363 ﬁt
1102 3308 1268 3365 Deum
1299 3312 1384 3381 pie
1411 3322 1661 3382 sumptus
1690 3321 1745 3367 et
1776 3312 2052 3382 impensas

485 3396 813 3456 facientibus
839 3400 1024 3456 multis
1055 3402 1331 3473 variisque
1354 3404 1531 3460 modis
1560 3420 1823 3477 reponere
1858 3406 2047 3461 vicem.

484 3486 651 3545 Petro
688 3491 833 3545 enim
869 3491 1241 3564 interrogante
1279 3502 1333 3550 et
1364 3495 1581 3551 dicente
1615 3516 1627 3551 :
1656 3495 1789 3550 Ecce
1827 3514 1921 3551 nos
1961 3513 2048 3551 re-

484 3579 737 3651 liquimus
774 3582 952 3637 omnia
986 3590 1037 3637 et
1073 3586 1240 3639 secuti
1274 3602 1454 3639 sumus
1500 3596 1567 3651 te,
1611 3587 1737 3656 quid
1787 3604 1909 3656 ergo
1947 3588 2047 3641 erit

483 3671 679 3730 nobis?
706 3674 867 3729 Amen
896 3675 1014 3730 dico
1045 3677 1208 3740 vobis,
1246 3678 1443 3748 inquit,
1482 3680 1651 3734 omnis
1694 3681 1785 3749 qui
1828 3679 2052 3749 relique-

484 3766 557 3819 rit
595 3764 801 3830 domos,
844 3776 938 3821 aut
965 3769 1159 3835 fratres
1199 3780 1290 3822 aut
1324 3787 1553 3833 sorores,
1586 3781 1676 3823 aut
1705 3780 1931 3838 patrem,
1960 3779 2054 3824 aut

485 3866 728 3919 matrem,
780 3868 872 3907 aut
904 3872 1143 3919 uxorem,
1186 3866 1280 3910 aut
1316 3858 1477 3926 ﬁlios,
1526 3868 1618 3911 aut
1652 3876 1830 3928 agros,
1870 3871 2053 3913 centu-

484 3945 633 4015 plum
666 3946 905 4014 accipiet,
947 3956 996 3999 et
1024 3948 1186 4002 vitam
1216 3957 1468 4003 wternam
1502 3950 1782 4017 possidebit
1807 3952 1850 4004 '.
1890 3951 2054 4005 Vides

485 4035 904 4091 liberalitatem?
953 4037 1117 4094 Vides
1159 4040 1491 4095 bonitatem?
1538 4041 1604 4095 Et
1631 4042 1787 4097 valde
1831 4042 2052 4113 quidem

487 4124 777 4194 impudens
805 4126 1080 4183 fenerator
1110 4130 1339 4196 laborat,
1368 4142 1425 4187 ut
1460 4143 1661 4189 sortem
1690 4133 1963 4203 duplicet;
2001 4142 2054 4186 at

485 4212 633 4270 Deus
662 4225 855 4285 sponte
896 4234 1017 4281 sua,
1051 4220 1100 4274 ei
1132 4223 1224 4290 qui
1267 4222 1487 4279 fratrem
1525 4241 1684 4280 suum
1729 4240 1836 4279 non
1864 4226 2055 4295 Oppri-

486 4304 608 4368 mit,
670 4307 985 4377 centuplum
1040 4310 1240 4365 reddit.
1296 4312 1684 4385 Obtemperato
1728 4314 1893 4385 igitur
1945 4313 2054 4369 Deo

486 4397 819 4464 consulenti,
858 4414 1163 4470 usurasque
1196 4413 1423 4471 peccato
1456 4420 1566 4459 non
1607 4406 1876 4461 obnoxias
1907 4406 2052 4461 refe—

487 4502 595 4544 res.
628 4487 740 4544 Cur
771 4499 821 4544 te
862 4490 1004 4545 haud
1048 4493 1165 4549 sine
1210 4496 1417 4550 scelere
1453 4497 1604 4553 curis
1634 4496 1883 4561 conﬁcis,
1932 4497 2052 4553 dies

554 4673 579 4705 ⁸
611 4671 799 4729 Matth.
837 4688 949 4742 nx,
978 4673 1069 4739 27,
1099 4673 1193 4728 28.

2225 3133 2323 3184 Ἂν
2352 3130 2410 3183 δὲ
2442 3129 2622 3201 ﬁevng
2659 3147 2753 3183 σου
2778 3130 2878 3201 τὴν
2912 3129 3081 3201 ἀκοὴν
3112 3129 3143 3183 6
3190 3128 3492 3201 παράδοξος
3527 3129 3599 3202 [ό]
3632 3130 3724 3185 λό-

2152 3239 2247 3291 γος
2278 3222 2411 3294 (25),
2440 3222 2725 3293 πρόχειρον
2751 3221 2858 3292 ἔχω
2883 3220 2982 3291 τὴν
3018 3219 3342 3291 μαρτυρίαν,
3381 3220 3462 3273 ὅτι
3489 3223 3603 3283 τοῖς
3632 3220 3724 3273 εὐ-

2154 3312 2327 3376 σεϐῶς
2376 3312 2651 3365 δαπανῶσι
2694 3313 2786 3365 κει)⁵
2832 3310 3176 3381 εὐεργετοῦσι
3216 3310 3667 3386 πολυπλασιάζων
3696 3312 3726 3364 6

2152 3401 2284 3463 Θεὸς
2304 3400 2400 3471 τὴν
2429 3399 2661 3470 ἀμοιὸὴν
2694 3399 3005 3453 ἀποδίδωσι.
3036 3400 3244 3472 Πέτρου
3283 3400 3392 3470 γὰρ
3411 3398 3726 3469 ἐρωτῶντος

2155 3490 2250 3542 καὶ
2294 3488 2562 3556 λέγοντοςο
2616 3488 2761 3543 Ἰδοὺ
2795 3487 2967 3558 ἡμεῖς
2994 3489 3313 3559 ἀφήκαμεν
3345 3488 3569 3554 πάντα,
3623 3489 3723 3542 καί

2152 3577 2652 3648 ἠκολουθήσαμέν
2686 3594 2803 3644 σοι,
2853 3580 2911 3632 τί
2944 3579 3057 3648 ἄρα
3088 3582 3259 3634 ἔσται
3292 3580 3478 3649 ήμῖν;
3537 3580 3727 3648 Ἀμὴν

2152 3670 2305 3740 λέγω
2325 3673 2485 3740 ὑμῖν,
2502 3671 2654 3741 φησί·
2673 3669 2797 3736 Πᾶς
2817 3670 2984 3736 ὅστις
3010 3671 3249 3741 ἀφῆκεν
3263 3672 3473 3737 οἰκίας,
3492 3672 3531 3741 ἢ
3552 3671 3728 3727 ἀδελ-

2153 3762 2326 3832 φοὺς,
2350 3763 2390 3830 ἢ
2421 3761 2706 3831 ἀδελφὰς,
2732 3762 2769 3829 ἢ
2797 3762 3041 3829 πατέρα,
3062 3762 3100 3830 ἢ
3112 3764 3361 3831 μητέρα,
3391 3762 3430 3830 ἢ
3449 3763 3724 3832 γυναῖκα,

2154 3854 2193 3923 ἢ
2209 3854 2408 3916 τέκνα,
2422 3854 2459 3921 ἢ
2472 3854 2711 3923 ἀγροὺς,
2727 3853 3318 3909 ἑκατονταπλασίονα
3329 3854 3608 3924 λήψεται,
3626 3853 3724 3907 καὶ

2156 3945 2308 4013 ζωὴν
2328 3945 2567 4000 αἰώνιον
2593 3945 3054 4014 κληρονομήσει.
3085 3946 3247 4015 Ὀρᾷς
3264 3944 3360 4015 τὴν
3377 3946 3684 4015 φιλοτιμίαν
3705 3960 3722 4007 ;

2157 4036 2373 4107 βλέπεις
2394 4036 2493 4107 τὴν
2536 4036 2873 4106 ἀγαθότητας
2927 4034 2987 4090 '0
3025 4036 3229 4105 σφόδρα
3258 4036 3608 4106 ἀναίσχυντος
3632 4035 3724 4089 δα-

2155 4128 2369 4199 νειστὴς
2399 4129 2617 4197 κάμνει,
2650 4128 2733 4181 ἵνα
2760 4127 3083 4198 διπλασιάσῃ
3112 4127 3223 4197 (26)
3254 4126 3315 4180 τὸ
3349 4127 3663 4197 κεφάλαιον·
3694 4128 3725 4182 6

2155 4220 2287 4283 Θεὸς
2325 4220 2379 4272 δὲ
2423 4219 2759 4290 αὐθαιρέτως
2796 4218 2875 4289 τῷ
2908 4219 2981 4289 μὴ
3022 4218 3253 4272 θλίϐοντι
3281 4220 3371 4272 τὸν
3411 4218 3637 4287 ἀδελφὸν
3663 4217 3726 4270 τὸ

2157 4310 2637 4364 ἑκατονταπλάσιον
2681 4310 2884 4363 δίδωσι.
2938 4309 3130 4363 Πείθου
3187 4310 3301 4380 (27)
3338 4305 3430 4363 οῦν
3486 4309 3561 4380 τῷ
3606 4309 3724 4380 Θεῷ

2159 4402 2595 4473 συμϐουλεύοντι,
2627 4403 2720 4455 καὶ
2746 4401 2891 4474 λήψῃ
2915 4402 3106 4464 τόκους
3136 4402 3569 4472 ἀναμαρτήτους.
3606 4402 3726 4455 Ἵνα

2156 4496 2209 4549 τί
2256 4495 2394 4567 μετὰ
2425 4494 2695 4565 ἁμαρτίας
2744 4494 3034 4564 μερίμναις
3085 4493 3278 4547 σαυτὸν
3312 4495 3597 4564 ὲκτήκεις,
3625 4492 3725 4556 τὰς

557 4850 671 4920 (21)
700 4851 876 4908 Verba
909 4853 997 4908 διὰ
1012 4856 1111 4927 τὴν
1145 4874 1386 4927 συγγρ...
1422 4857 1677 4922 πλούσιος
1709 4856 1785 4913 ῶν
1840 4859 1909 4915 ab
1938 4858 2047 4913 alia

557 4936 655 4976 anu
674 4922 728 4977 in
762 4938 932 4981 mare.
967 4926 1129 4979 habet
1165 4927 1307 4981 Mon.

2155 4856 2298 4913 Bast.
2344 4856 2521 4911 Lettre
2553 4858 2794 4923 critique,
2934 4856 3005 4913 90
3033 4873 3156 4928 sqq.
3185 4858 3262 4928 (p.
3298 4858 3398 4913 127
3426 4873 3551 4928 sqq.
3571 4875 3723 4918 vers.

2153 4925 2553 4981 WiedeburaJ.
2580 4958 2647 4971 —
2677 4928 2796 4981 Mox
2875 4943 2967 4981 on.
2995 4927 3171 4981 γοεὼς
3205 4945 3298 4981 του
3336 4945 3431 4981 σου
3469 4932 3619 4981 (sicl.

488 4936 655 4994 manu
674 4922 728 4977 in
762 4938 932 4994 marg.
967 4922 1129 4979 habet
1165 4922 1307 4981 non:

560 4992 674 5061 (22)
725 4992 905 5059 Δὸς..ξ
959 4995 1267 5050 ἀποδώσω.
1313 4995 1431 5051 Non
1492 4997 1558 5051 ad
1608 5006 1816 5053 certum
1864 4997 2045 5052 locum

488 5060 903 5138 E‘vangeliorum
938 5064 1028 5119 hic
1048 5068 1319 5138 respicere
1351 5066 1655 5138 Nyssenum
1695 5068 1944 5138 egplurali
1986 5070 2045 5119 ἐν

486 5132 824 5205 εὐαγγελίοις
845 5134 955 5205 fere
989 5132 1170 5205 patet:
1202 5135 1276 5192 cf.
1302 5132 1481 5191 tamen
1517 5136 1569 5190 S.
1598 5132 1787 5191 Μειιιῐ.
1818 5153 1890 5199 Vl,
1916 5138 1969 5202 3,
1987 5139 2045 5190 4.

557 5201 669 5273 (23)
698 5201 1016 5277 βύρήσειξ.
1064 5204 1162 5261 Ed.
1211 5208 1451 5277 εὐρήσῃς
1520 5208 1744 5261 Correxi
1798 5207 2030 5262 barbari-

486 5263 664 5327 sinum
671 5263 1086 5342 .Subjuncti'vus
1101 5263 1288 5331 tamen.
1298 5263 1586 5332 verborum
1600 5277 2044 5342 αὐθυποτάκτων,

485 5342 844 5424 νειιιιιεύρῃς,
868 5345 1057 5424 λάϐῃς,
1099 5348 1258 5424 _sim..
1289 5362 1404 5424 Apro
1438 5347 1637 5424 futuro
1693 5346 1982 5424 adhibetur
2017 5360 2048 5399 a

487 5413 849 5486 scriptoribus
895 5413 1242 5486 praecipitata:
1280 5413 1603 5481 Graecitatis,
1666 5432 1777 5486 quo
1818 5416 1885 5471 de
1943 5431 2047 5471 usu

489 5482 611 5553 vide.
648 5482 1155 5553 prmstantissim'am
1184 5494 1368 5540 notam
1399 5489 1462 5541 C.
1500 5486 1560 5538 Β.
1602 5482 1766 5545 Hase.
1815 5486 1932 5540 Ind.
1991 5487 2046 5540 in

488 5551 664 5623 Leon.
694 5552 919 5608 Diacon.
946 5570 1064 5609 s.v.
1088 5553 1484 5623 Conjunctiuus.
1521 5556 1594 5611 De
1610 5557 1789 5611 verbis
1817 5556 2048 5609 αὐθυπο-

490 5620 725 5695 τάκτοις.
762 5641 780 5673 ι
813 5625 994 5695 verbis
1030 5620 1240 5680 scilicet
1270 5642 1390 5695 qua:
1414 5628 1548 5681 fiunt
1572 5626 1918 5695 subjuuctiva
1950 5641 2046 5695 per

485 5706 564 5759 se,
590 5711 608 5745 ι
636 5691 935 5764 interprete
950 5693 1270 5754 Boissouad.
1287 5691 1480 5752 Anecd.
1502 5696 1617 5766 Gr.,
1640 5691 1732 5753 till
1756 5712 1809 5767 p.
1830 5691 2043 5763 ιϋίξοί.

2152 4925 2657 5002 ννίιξιίιιξιηι[·ε.).Α--Δ
2677 4928 2796 4981 Mox
2822 4925 2967 5002 Lion.
2995 4925 3171 5002 χρεῶς
3196 4925 3431 5002 ’τουμσου
3469 4925 3619 5002 (sic).

2225 4996 2339 5066 (24)
2391 4994 2785 5066 ὀξ-’ἀπόρου.
2852 4994 3057 5052 Ιηεοιίυῖ
3104 4998 3181 5061 ὡς
3213 5012 3246 5053 e
3293 4997 3441 5056 Μοιι.
3478 4994 3643 5058 Ἀἁιθ
3665 4994 3726 5054 οὗ

2152 5065 2337 5135 suppl.
2375 5067 2581 5120 ἐκείνου
2610 5068 2729 5121 scil.
2761 5065 2917 5121 Θεοῦ.

2222 5137 2333 5205 (25)
2379 5137 2442 5189 '0
2470 5136 2807 5205 παράδοξος
2836 5141 2868 5191 ό
2892 5137 3091 5205 λόγος.
3124 5135 3377 5194 Vitiatam
3425 5140 3719 5195 lectionem

2149 5204 2392 5278 emenda
2418 5206 2709 5278 scri_hendo
2739 5204 2907 5278 οὗτος
2944 5204 2985 5278 ε
3008 5208 3309 5278 παράδοξος
3352 5210 3532 5278 λόγος,
3571 5220 3660 5264 aut
3700 5212 3727 5263 6

2150 5276 2456 5345 παράδοξος
2492 5269 2648 5339 οῦτος
2690 5276 2865 5343 λόγος,
2890 5269 3034 5331 coll.
3078 5269 3248 5334 Wolf:
3288 5269 3375 5332 'ad
3424 5269 3724 5334 'l)etnosth.

2149 5344 2354 5419 Leptin.
2391 5361 2444 5415 p.
2481 5346 2584 5400 5:6
2611 5346 2941 5419 ed._Bremi;
2964 5356 3071 5419 aut
3108 5357 3232 5404 aute
3261 5349 3418 5419 λόγος
3453 5349 3576 5405 dele
3596 5350 3725 5404 arti-

2147 5417 2329 5470 culum
2348 5430 2507 5486 quem
2544 5415 2759 5472 uncinis
2780 5416 2998 5475 inclusi.

2224 5486 2337 5555 (26)
2396 5486 2794 5555 Διπλασιάσῃ.
2859 5486 2950 5540 Sic
2984 5487 3200 5542 correxi
3244 5487 3454 5544 editum
3497 5486 3724 5542 διαπλα·

2150 5557 2337 5614 σιάση.

2359 5626 2593 5680 Πείθου.
2621 5625 2984 5701 Μοῃηπίθντι
3031 5626 3179 5701 (sic).
3211 5626 3497 5685 Librarius
3534 5626 3722 5683 forsan

2155 5697 2464 5770 scripturus
2494 5704 2611 5753 erat
2643 5696 2914 5767 πείσθητι.
