4072 6156
288 289 389 346 ιιε
1534 301 1808 361 comas
1853 302 2274 368 USURARIOS.
2524 267 2526 269 ’
3438 311 3548 370 tto

293 402 366 474 μὴ
399 402 586 473 μαθὼν
611 405 673 458 τὸ
714 404 946 473 διδόναι;
980 410 1050 463 Ἤ
1082 409 1181 465 οὐκ
1209 407 1379 477 οῖδας,
1412 415 1496 469 ὅτι
1529 416 1562 487 ἡ
1591 419 1860 491 προσευχή

1971 419 2081 476 Deo
2116 421 2446 492 postulabis,
2485 437 2520 479 ο
2557 424 2871 482 fenerator?
2896 426 3015 494 Qua
3057 424 3401 481 conscientia
3431 425 3540 477 voti

290 511 381 547 σου
432 495 737 566 ὑπόμνησις
777 500 1194 572 μισανθρωπίας
1225 504 1404 572 ἐστίνς
1454 507 1518 559 Τί
1553 500 1860 581 συνεχώρη-

251 584 254 587 ’
287 600 403 646 σας,
438 586 530 638 καὶ
565 586 894 660 συγγνώμην
934 592 1142 656 αἰτεῖς;
1175 594 1308 647 Τίνα
1341 596 1600 668 ἠλέησας,
1634 601 1728 654 καὶ
1765 618 1864 654 κα·-

286 678 394 740 λεῖς
430 677 523 731 τὸν
571 680 867 752 ἐλεήμονα;
917 685 1016 737 Ἂν
1064 685 1120 738 δὲ
1170 689 1265 742 καὶ
1315 689 1422 760 δῷς
1471 692 1858 765 ἐλεημοσύνην,

291 769 676 840 μισανθρὼπου
709 774 1048 846 φορολογίας,
1088 779 1190 832 οὐκ
1226 781 1334 834 ἀπὺ
1373 787 1670 858 συμφορῶν
1707 788 1863 842 ἀλλο-

285 860 450 931 τρίων
505 860 756 933 δακρύων
794 865 1031 935 γέμοντα
1075 869 1188 938 (57)
1239 873 1333 924 καὶ
1383 875 1734 946 στεναγμῶν;
1799 879 1862 932 Εί

287 949 578 1021 ἐγνώριζεν
614 955 644 1006 ὁ
673 954 847 1024 πένης
894 956 1057 1011 πόθεν
1087 959 1298 1030 ὀρέγεις
1331 962 1430 1034 τὴν
1465 964 1858 1040 ἐλεημοσύνην,

285 1044 383 1096 οὐκ
416 1043 485 1095 ἂν
515 1044 753 1111 ἐδέξατο,
781 1046 856 1110 ὡς
889 1048 1191 1117 ἀδελφικῶν
1218 1055 1434 1124 σαρκῶν
1455 1057 1708 1124 γεύεσθαι
1733 1061 1862 1129 μὲλ-

285 1133 412 1197 λων,
443 1135 538 1188 καὶ
586 1135 816 1206 αἵματος
842 1139 950 1193 τῶν
978 1141 1224 1196 οἰκείων·
1267 1139 1385 1199 εἷπε
1434 1147 1480 1199 δ’
1523 1148 1589 1202 ἂν
1634 1149 1771 1220 πρὸς
1800 1152 1860 1204 σὲ

284 1224 443 1292 λόγον
474 1226 712 1296 γέμοντα
740 1228 1014 1301 σώφρονος
1047 1234 1378 1306 παρρησίας
1412 1239 1500 1308 Μή
1533 1256 1600 1308 με
1630 1239 1857 1314 θρέψεις.

284 1315 570 1387 ἄνθρωπε,
616 1320 724 1373 ἀπὸ
765 1321 1016 1393 δακρύων
1045 1325 1368 1395 ἀδελφικῶν.
1415 1329 1506 1400 Μὴ
1536 1330 1643 1401 δῷς
1693 1333 1860 1402 ἄρτον

284 1406 475 1478 πένητι
513 1409 802 1480 γενόμενον
841 1413 950 1467 ἀπὸ
978 1416 1296 1486 στεναγμῶν
1334 1418 1445 1472 τῶν
1493 1422 1856 1493 ωμπτώχων.

297 1497 585 1552 Ἀνάλυσον
613 1501 750 1572 πρὸς
787 1502 878 1557 τὸν
915 1505 1183 1574 ὁμόφυλον
1215 1507 1244 1560 ὃ
1271 1509 1455 1573 κακῶς
1492 1510 1602 1581 (58)
1645 1513 1859 1585 ἀπῄτη-

285 1605 405 1656 σας,
437 1590 591 1659 κάγὼ
627 1592 945 1665 ὁμολογήσω
976 1595 1072 1667 τὴν
1106 1597 1284 1670 χάριν.
1327 1599 1392 1651 Τί
1435 1599 1698 1670 ὠφελεῖς,
1731 1603 1858 1656 πολ-

283 1679 412 1744 λοὺς
448 1684 698 1754 πτωχοὺς
733 1685 921 1750 ποιῶν,
958 1687 1053 1741 καὶ
1080 1688 1176 1742 ἕνα
1224 1691 1716 1762 παραμυθούμενος
1731 1709 1753 1758 ;‘
1795 1695 1857 1747 Εἰ

1965 513 2042 566 tui
2077 527 2108 566 a
2143 512 2255 568 Deo
2284 513 2560 584 particeps
2591 516 2711 571 ﬁeri
2745 520 2923 589 cupis,
2959 518 3051 589 qui
3093 517 3275 572 omnia
3311 515 3538 584 accipis.

1963 611 2018 658 et
2062 603 2198 658 nihil
2226 602 2360 659 dare
2407 606 2596 660 nosti?
2646 607 2732 662 An
2785 609 2967 664 nescis
3012 623 3205 678 preces
3242 615 3367 660 tuas
3399 606 3537 659 nihil

1961 707 2086 749 esse
2117 693 2266 748 aliud
2293 709 2458 764 quam
2512 696 2932 754 inhumanitatis
2961 707 3067 755 tuae
3116 695 3540 768 repetitionem!

1962 783 2102 850 Quid
2166 786 2447 852 remisisti,
2507 789 2652 858 quod
2701 791 3080 845 remissionem
3139 789 3318 859 petis?
3361 787 3537 854 Cujus

1960 877 2222 932 misertus
2249 892 2331 944 es,
2363 879 2513 948 quod
2557 880 2997 936 misericordiam
3051 879 3349 950 imploras?
3394 877 3461 931 Et
3493 877 3538 932 si
3608 927 3635 952 ,

1961 970 2060 1026 des
2098 973 2528 1045 eleemosynam,
2580 974 3003 1028 inhumanitatis
3035 981 3145 1026 tum
3193 972 3535 1031 exactiones,

1960 1074 2029 1114 an
2064 1075 2172 1115 non
2200 1061 2357 1132 plena
2387 1069 2471 1118 est
2498 1061 2800 1116 alienarum
2836 1062 3236 1126 calamitatum,
3271 1060 3540 1129 lacryma-

1959 1163 2079 1203 rum
2111 1158 2166 1204 et
2208 1151 2543 1220 gemituum‘l
2571 1150 2730 1216 Quod
2760 1151 2804 1205 si
2849 1150 3009 1220 inops
3035 1150 3227 1213 sciret,
3265 1149 3537 1203 undenam

1958 1238 2213 1310 largiaris
2266 1240 2708 1312 eleemosynam,
2760 1241 2949 1309 utique
3016 1255 3126 1294 non
3191 1250 3532 1308 acceptaret,

1958 1327 2237 1398 refugiens
2292 1328 2549 1384 videlicet
2597 1337 2822 1399 gustare
2883 1327 3159 1384 fraternas
3216 1341 3433 1392 carnes,
3485 1335 3541 1381 et

1958 1417 2278 1488 sanguinem
2329 1434 2556 1475 suorum
2604 1417 3002 1482 familiarium,
3059 1426 3224 1488 teque
3282 1432 3541 1473 sermone

1958 1508 2237 1562 moderata
2265 1510 2499 1579 quadam
2525 1509 2775 1565 libertate
2798 1510 2960 1581 pleno
2989 1509 3376 1565 cohortaretur
3411 1525 3426 1560 :
3463 1507 3542 1563 Ne

1959 1614 2067 1664 me,
2102 1612 2135 1652 o
2179 1599 2365 1666 homo,
2401 1601 2519 1658 alas
2549 1601 2812 1657 fraternis
2865 1601 3144 1672 laerymis.
3189 1597 3268 1656 Ne
3319 1598 3540 1654 dederis

1958 1706 2152 1761 panem
2211 1694 2434 1763 pauperi
2496 1693 2806 1749 confectum
2865 1708 2933 1749 ex
2980 1693 3186 1765 gemitu
3237 1707 3538 1763 egenorum

286 1771 362 1842 μὴ
391 1773 598 1842 πλῆθος
635 1770 703 1845 ἦν
743 1777 1029 1841 τοκιστῶν,
1063 1780 1165 1834 οὐκ
1206 1779 1271 1834 ἂν
1301 1777 1370 1852 ἦν
1415 1781 1478 1834 τὸ
1510 1782 1714 1853 πλῆθος
1749 1785 1859 1838 τῶν

1961 1795 2202 1834 meorum
2235 1780 2530 1837 sodalium.
2567 1780 2756 1838 Redde
2795 1781 2952 1836 fratri
2993 1790 3092 1836 tuo
3123 1797 3152 1834 a
3178 1795 3289 1852 quo
3335 1781 3541 1849 injuste

284 1864 616 1933 πενομένων.
648 1864 822 1920 Λῦσόν
853 1885 947 1920 σου
979 1868 1076 1940 τὴν
1108 1870 1344 1942 φατρίαν
1374 1872 1510 1941 (59),
1536 1873 1630 1927 καὶ
1662 1874 1860 1936 πάντες

279 1953 482 2022 ἕξομεν
517 1954 616 2026 τὴν
663 1957 1019 2029 αὐτάρκειαν.
1063 1961 1270 2024 Πάντες
1304 1962 1411 2014 τῶν
1441 1964 1704 2018 τοκιστῶν
1733 1983 1861 2018 κατ-

281 2046 568 2117 ηγοροῦσι,
608 2049 700 2102 καὶ
727 2051 827 2104 οὐκ
869 2050 984 2105 ἐστι
1022 2051 1118 2108 τοῦ
1165 2054 1336 2107 κακοῦ
1373 2054 1634 2126 θεραπεία
1668 2057 1857 2128 νόμος,

281 2140 582 2210 προφῆται,
608 2140 1010 2210 εύαγγελισται.
1039 2140 1142 2198 Οἷα
1165 2145 1295 2214 γοῦν
1316 2148 1344 2199 ὁ
1363 2145 1646 2211 θεσπέσιος
1681 2150 1859 2219 Ἀμὼς

280 2229 450 2298 λέγει·
505 2233 830 2288 Ἀκούσατε
859 2235 991 2304 (40),
1014 2237 1068 2290 οι
1087 2236 1462 2305 ἐπιτρίϐοντες
1489 2241 1577 2303 εις
1621 2239 1684 2292 τὸ
1712 2240 1863 2309 πρωῒ

1959 1869 2305 1939 subripuisti,
2347 1878 2402 1926 et
2440 1879 2621 1942 grates
2651 1887 2830 1942 agam.
2867 1871 3009 1938 Quid
3056 1871 3306 1926 utilitatis
3350 1869 3538 1933 affers,

1961 1959 2090 2014 dum
2125 1962 2329 2016 multos
2357 1961 2526 2018 eﬂicis
2563 1963 2776 2032 inopes,
2811 1971 2866 2018 et
2902 1978 3070 2018 unum
3109 1961 3446 2018 consolaris?
3482 1959 3541 2014 Si

1958 2065 2070 2104 non
2112 2059 2260 2107 esset
2296 2060 2446 2107 tanta
2489 2053 2784 2108 multitudo
2813 2054 3216 2117 usurariorum,
3251 2067 3362 2107 non
3393 2060 3540 2106 esset

1960 2149 2110 2195 tanta
2152 2141 2308 2212 copia
2336 2155 2659 2212 pauperum.
2698 2143 2948 2200 Dissolve
2987 2143 3187 2197 tribum
3219 2147 3285 2196 et
3335 2138 3538 2195 sodali-

1957 2235 2091 2288 tium
2124 2241 2298 2299 tuum,
2339 2235 2707 2306 omnibusque
2743 2243 3036 2307 suppetent
3069 2249 3156 2290 res
3184 2246 3535 2289 necessariae.

280 2321 534 2391 πένητα,
554 2323 650 2377 καὶ
681 2325 1306 2393 καταδυναστεύοντες
1326 2328 1602 2397 πτωχοὺς
1621 2329 1719 2383 ἐπὶ
1747 2329 1856 2398 τῆς

1961 2321 2162 2380 Omnes
2202 2334 2467 2380 accusant
2510 2325 2878 2392 feneratores,
2927 2341 3028 2382 nec
3065 2324 3209 2380 malo
3252 2322 3380 2376 huic
3426 2337 3532 2375 me-

279 2411 414 2483 γῆς·
457 2413 850 2485 ollares-18¢,
889 2418 1040 2471 Πότε
1084 2416 1456 2472 διελεύσεται
1503 2422 1536 2472 ό
1567 2417 1715 2488 μὴν,
1761 2419 1859 2473 καὶ

1961 2414 2074 2468 deri
2121 2423 2373 2486 queunt:
2403 2417 2512 2482 lex,
2566 2417 2882 2488 prophetae,
2931 2415 3298 2488 evangelista.
3341 2414 3536 2480 Qualia

280 2503 758 2574 ἐμπολήσομεν;
797 2506 936 2560 Οὐδὲ
983 2507 1092 2580 γὰρ
1123 2509 1354 2579 πατέρες
1399 2509 1539 2562 οὕτω
1581 2509 1856 2580 χαίρουσιν

1961 2505 2180 2562 divinus
2216 2508 2384 2562 Amos
2417 2507 2629 2562 intonat
2659 2527 2671 2561 :
2701 2509 2917 2572 Audite,
2946 2508 3036 2578 qui
3070 2505 3344 2561 conteritis
3387 2519 3540 2557 mane

279 2597 377 2648 ἐπὶ
406 2598 473 2666 τῇ
521 2596 773 2666 γεννήσει
811 2597 921 2650 τῶν
970 2599 1197 2667 παίδων,
1227 2601 1304 2664 ὡς
1343 2603 1392 2655 οἱ
1420 2602 1724 2666 τοκίζοντες
1769 2601 1858 2654 εὑ-

1961 2611 2238 2666 panperem
2299 2606 2348 2652 et
2409 2599 2704 2669 opprimitis
2759 2615 2944 2669 egenos
3002 2609 3194 2664 terra,
3251 2597 3482 2649 dicentes
3519 2609 3538 2646 :

279 2686 602 2759 φραίνονται
627 2686 734 2741 τῶν
764 2688 951 2761 μηνῶν
983 2690 1394 2764 πληρουμένων.

355 2946 598 3004 Καλοῦσι
621 2947 679 3003 δὲ
717 2947 816 3022 τὴν
842 2950 1115 3024 ἁμαρτίαν
1147 2957 1362 3025 σεμνοῖς
1394 2955 1641 3028 ὀνόμασι’
1676 2957 1863 3027 φιλάν-

1962 2687 2188 2753 Quando
2218 2689 2468 2743 transibit
2502 2691 2716 2752 mensis,
2747 2700 2796 2744 et
2826 2689 3241 2744 venundabimns
3267 2701 3461 2740 merces
3481 2684 3542 2736 ’ἲ

1961 2775 2146 2848 Neque
2186 2779 2330 2833 enim
2367 2789 2548 2849 patres
2589 2789 2873 2852 tantopere
2902 2782 3156 2836 laetantur
3188 2778 3540 2852 generatione

1961 2869 2222 2932 ﬁliorum,
2259 2879 2524 2940 quantum
2561 2870 2901 2927 feneratores
2944 2872 3050 2927 line
3078 2873 3373 2926 mensium.

2033 2960 2174 3026 Quin
2210 2969 2263 3014 et
2306 2963 2487 3016 scelus
2533 2977 2693 3018 suum
2747 2963 2990 3033 pulchris
3043 2961 3299 3018 obvelant
3356 2966 3538 3019 nomi-

281 3043 502 3112 θρωπον
534 3042 598 3095 τὸ
629 3042 822 3113 λῆμμα
867 3045 1367 3116 προσαγορεύοντες
1389 3087 1404 3112 ,
1446 3048 1589 3101 κατὰ
1631 3049 1860 3120 μίμησιν

1962 3052 2494 3118 nibus,humanum
2554 3069 2782 3110 censum
2840 3071 2936 3110 seu
3000 3062 3270 3125 quaestum
3313 3057 3542 3126 appelli-

289 3133 587 3204 Ἑλλήνων,
616 3131 666 3186 οἱ
697 3132 810 3204 (41)
835 3133 1096 3203 δαίμονάς
1133 3153 1285 3200 τινας
1311 3117 1728 3208 μισανθρώπους
1762 3117 1860 3192 καὶ

1965 3117 2155 3199 tantes
2219 3144 2568 3198 Ethnicorum
2635 3145 2840 3213 instar,
2909 3117 3036 3217 qui-
3071 3145 3202 3202 deas
3274 3117 3540 3217 quasdam

280 3225 556 3296 φονώσας,
591 3225 713 3280 ἀντὶ
737 3227 834 3297 τῆς
855 3225 1088 3298 ἀληθοῦς
1117 3227 1378 3300 κλήσεως,
1419 3230 1718 3300 Εὐμενίδας
1747 3230 1860 3302 (42)

279 3321 803 3393 προσαγορεύουσιν.
831 3320 1218 3392 Φιλάνθρωπός
1246 3339 1309 3390 γε
1335 3341 1350 3389 ;
1381 3323 1456 3377 Οὐ
1493 3323 1600 3394 γὰρ
1627 3325 1660 3395 ἡ
1701 3323 1860 3377 τόκου

281 3412 519 3482 εἰσφορὰ
542 3412 724 3476 οἴκους
741 3411 1087 3482 ἐκτρίϐουσα,
1113 3412 1372 3476 πλούτους
1393 3413 1690 3470 δαπανῶσα
1710 3415 1822 3485 (45)
1843 3453 1858 3478 ,

279 3506 411 3570 τοὺς
429 3501 490 3560 εὖ
515 3505 808 3575 γεγονότας
836 3507 1016 3577 χεῖρον
1035 3505 1134 3578 ζῇν
1157 3505 1268 3559 τῶν
1292 3506 1493 3561 δούλων
1516 3507 1863 3579 παρασκευά-

279 3599 454 3662 ζουσα
472 3636 489 3662 ,
525 3596 661 3666 πρὸς
691 3596 868 3666 ὀλίγον
895 3597 1170 3668 τέρπουσα
1204 3599 1262 3650 ἐν
1287 3598 1484 3670 ἀρχαῖς
1503 3638 1516 3662 ,
1546 3599 1641 3652 καὶ
1667 3599 1863 3670 πικρὸν

278 3688 373 3743 τὸν
417 3689 476 3752 ἐς
507 3686 734 3759 ὕστερον
769 3686 882 3757 βίον
925 3687 1452 3759 παρασκευάζουσα;
1513 3687 1603 3752 Ὦς
1639 3688 1748 3760 γὰρ
1794 3690 1862 3743 τὰ

279 3779 465 3850 πτηνὰ
487 3777 559 3832 τὰ
585 3778 696 3850 (44)
728 3777 876 3850 παρὰ
907 3777 1016 3832 τῶν
1047 3777 1372 3849 ὁρνιθευτῶν
1402 3778 1862 3849 ἐπιϐουλευόμενοι

277 3871 490 3943 ἥδεται,
512 3869 842 3939 ραινομὲνων
863 3867 972 3922 τῶν
995 3871 1324 3941 σπερμάτων
1353 3870 1557 3935 αὐτοῖς,
1583 3870 1677 3924 καὶ
1701 3871 1862 3942 φίλην

279 3965 518 4018 ποιεῖται
552 3961 647 4016 καὶ
678 3959 882 4031 συνήθη
927 3959 1201 4033 διαγωγὴν
1248 3961 1348 4032 τὴν
1389 3962 1448 4013 ὲν
1493 3961 1719 4026 ἐκείνοις
1751 3965 1862 4026 τοῖς

281 4056 490 4118 τόποις,
521 4056 578 4107 ἐν
615 4046 696 4114 οἷς
731 4052 956 4123 δαψιλὴς
991 4053 1176 4116 αὐτοῖς
1209 4054 1242 4124 ἡ
1280 4052 1454 4123 τροφὴ
1486 4051 1730 4120 γίνεται,
1772 4071 1862 4124 μι-

282 4147 417 4218 κρὸν
449 4146 507 4199 δὲ
546 4143 768 4216 ὕστερον
800 4143 1122 4214 ἐνσχεθέντα
1170 4144 1284 4206 τοῖς
1319 4142 1612 4214 θηράτροις
1659 4143 1861 4197 διόλλυ-

279 4255 408 4293 ται’
439 4237 613 4301 οὕτως
672 4238 720 4290 οἱ
752 4237 822 4291 τὰ
858 4235 1052 4290 ἔντοκα
1092 4233 1198 4288 τῶν
1230 4235 1603 4305 δανεισμάτων
1647 4235 1861 4307 λαμϐά-

281 4348 487 4396 νοντες,
522 4330 701 4399 ὀλίγον
733 4329 1138 4401 εὐπορήσαντες
1176 4327 1388 4398 χρόνον,
1423 4325 1649 4406 ὕστερον
1691 4328 1861 4398 αὐτῆς

280 4424 384 4494 τῆς
408 4422 684 4494 πατρικῆς
713 4421 894 4484 ἑστίας
928 4419 1302 4474 ἐκπίπτουσιν.
1338 4419 1525 4482 Ἔλεος
1553 4419 1610 4472 δὲ
1638 4418 1851 4484 ἐξοικεί-

281 4530 376 4569 ται
405 4514 511 4568 τῶν
538 4511 749 4584 μιαρῶν
773 4511 867 4566 καὶ
887 4510 1236 4583 φιλαργύρων
1256 4509 1444 4582 ψυχῶν
1465 4509 1596 4581 (45),
1626 4509 1720 4563 καὶ
1744 4509 1862 4580 βλέ-

285 4621 478 4668 ποντες
513 4604 683 4674 αὐτὴν
712 4603 810 4674 τὴν
843 4603 1015 4657 οἰκίαν
1060 4600 1156 4656 τοῦ
1187 4601 1492 4671 ὀφείλοντος
1536 4600 1695 4654 ὤνιον
1729 4617 1862 4672 προ-

285 4696 569 4767 κειμένην,
595 4695 696 4750 ούκ
720 4694 1066 4761 ἐπικλῶνται,
1093 4693 1229 4748 ἀλλὰ
1249 4693 1346 4748 καὶ
1373 4691 1573 4764 μᾶλλον
1599 4691 1699 4762 τὴν
1720 4693 1859 4763 πρᾶο

357 4833 380 4867 ⁹
411 4833 582 4890 Amos
614 4843 732 4900 Vin,
757 4831 811 4898 ι,
847 4831 899 4888 5.

365 4972 478 5044 (37)
512 4972 802 5044 Γέμονῖα,
843 4969 918 5025 De
967 4967 1071 5023 hoc
1110 4966 1399 5039 participio
1457 4965 1600 5038 plur.
1657 4974 1839 5022 neutr.

289 5060 347 5103 ν.
379 5040 619 5098 Μαίιὶιίω
643 5040 672 5112 ς
701 5040 828 5112 411.

363 5114 476 5187 (58)
520 5116 591 5166 Ὃ
625 5105 818 5177 νὶακῶς
841 5108 1182 5178 ἀπῄτησας.
1213 5105 1362 5163 Mon.
1392 5106 1421 5159 ὁ
1453 5105 1638 5169 κακῶς
1673 5107 1863 5160 ἀποτί-

296 5203 417 5239 σας.

363 5203 478 5376 ζέυ)
514 5250 792 5354 Φαξρίαν.
844 5246 944 5302 Ed.
981 5247 1245 5330 φατριάιν,⁸
1262 5246 1526 5304 scribitur
1546 5255 1726 5301 autem
1761 5263 1864 5316 φα-

383 5342 438 5376 α.
469 5321 868 5376 παροξυτόνως.
889 5325 1024 5372 teSLe
1050 5317 1304 5376 Arcadio.
1339 5334 1390 5376 υ.
1428 5317 1552 5376 100,
1579 5315 1632 5369 6.
1665 5315 1864 5370 Forma

293 5315 438 5396 τρία,
461 5315 1024 5396 ’παροξυτόνωςῑιθεεε
1050 5315 1312 5396 Arcadio,
1339 5334 1390 5386 p.
1428 5317 1552 5379 100,
1579 5315 1632 5369 6.
1657 5315 1864 5396 Forma

297 5387 522 5464 antiqua
552 5387 638 5464 est
674 5389 934 5464 φρατρία.
961 5387 1222 5464 Φατριαν,
1262 5388 1353 5464 hic
1385 5401 1520 5464 c_t_tm_
1544 5394 1861 5464 contemptu

298 5455 525 5525 dictum,
563 5455 731 5516 doct'e'
784 5455 1026 5515 illustrat
1071 5455 1246 5529 Coray
1289 5456 1356 5512 ad
1407 5455 1686 5512 ﬂeliodur.
1724 5466 1763 5512 t.
1796 5455 1862 5525 ll,

301 5549 852 5673 ιζ’(Ξῖῗῖακούσατεεζ
897 5598 1136 5673 Verbum
1171 5597 1460 5673 ἀκούσατε,
1495 5596 1759 5652 omissum
1805 5595 1861 5652 in

302 5668 424 5731 Ed}.
461 5668 774 5740 suppeditat
801 5669 1361 5742 Mong._Vert_i_t_tamen
1401 5668 1719 5724 Gretserus.

377 5743 487 5817 (41)
525 5738 610 5797 Οἳ.
647 5743 724 5799 Ita
757 5751 900 5798 recte
920 5739 1063 5797 Men.
1095 5738 1190 5793 Ed.
1218 5740 1286 5793 oi.

1963 3236 2093 3292 odio
2147 3237 2199 3290 in
2247 3244 2479 3292 cunctos
2511 3237 2876 3292 inﬂammatas
2902 3278 2917 3301 ,
2948 3236 3342 3307 hominumque
3371 3239 3542 3291 inter-

1963 3327 2248 3390 fectrices.
2278 3343 2388 3382 non
2415 3342 2550 3382 vero
2582 3328 2675 3383 sed
2704 3328 2821 3381 miti
2854 3327 3074 3381 nomine
3107 3333 3307 3382 vocant
3339 3325 3540 3379 Eume-

1964 3419 2142 3474 nides.
2182 3417 2335 3474 Itane
2370 3433 2502 3473 vero
2537 3414 2815 3472 humanus
2867 3416 3106 3472 census?
3154 3419 3235 3470 An
3271 3431 3378 3471 non
3409 3430 3540 3469 exa-

1962 3511 2075 3566 ctio
2097 3524 2279 3564 usurae
2303 3519 2410 3573 est,
2439 3524 2561 3578 quae
2581 3509 2775 3564 domos
2799 3512 3015 3574 evertit,
3031 3505 3258 3562 divitias
3285 3505 3539 3574 dissipat,

1962 3601 2232 3669 elﬁcitque
2253 3643 2267 3665 ,
2304 3609 2364 3653 ut
2398 3599 2494 3670 qui
2533 3599 2768 3654 honesto
2790 3609 2845 3653 et
2883 3598 3050 3652 nobili
3083 3599 3203 3651 loco
3232 3597 3344 3650 nati
3379 3603 3540 3658 sunt,

1963 3691 2286 3747 deteriorem
2317 3690 2482 3745 vitam
2515 3690 2702 3744 vivant
2745 3705 2908 3761 quam
2939 3689 3112 3753 servi,
3155 3703 3277 3759 quae
3323 3687 3539 3758 quidem

1965 3784 2123 3837 initio
2188 3783 2439 3837 nonnihil
2494 3781 2766 3846 delectat,
2831 3781 3169 3853 posteriores
3236 3794 3364 3835 vero
3422 3779 3542 3832 vitze

1964 3884 2150 3946 partes
2209 3876 2408 3931 acerbo
2477 3873 2666 3931 dolore
2725 3873 3002 3944 complet?
3068 3870 3540 3940 Quemadmodum

1961 3970 2108 4025 enim
2147 3983 2314 4034 aves,
2345 3969 2547 4038 quibus
2582 3982 2824 4038 aucupes
2869 3966 3097 4022 insidias
3126 3964 3393 4030 tendunt,
3447 3964 3544 4019 de-

1962 4063 2232 4116 lectantur
2267 4061 2539 4131 principio
2576 4061 2797 4130 quidem
2840 4074 3034 4130 sparsa
3067 4058 3177 4114 illis
3207 4073 3333 4115 esca
3367 4098 3383 4125 ,
3416 4056 3544 4111 illa-

1962 4167 2068 4222 que
2099 4152 2214 4206 loca
2239 4152 2611 4221 frequentant,
2640 4153 2693 4206 in
2713 4153 2910 4222 quibus
2939 4152 3160 4206 uberem
3189 4160 3244 4205 et
3259 4151 3542 4220 copiosum

1963 4244 2150 4297 cibum
2175 4243 2497 4312 reperiunt,
2534 4243 2699 4313 paulo
2735 4249 2858 4313 post
2905 4252 3085 4298 autem
3120 4242 3332 4296 retibus
3369 4246 3544 4308 captas

1961 4335 2236 4389 intereunt
2262 4353 2276 4390 ι
2307 4335 2388 4390 sic
2416 4344 2471 4390 et
2491 4335 2585 4405 qui
2611 4333 2886 4390 fenebrem
2919 4334 3202 4402 pecuniam
3235 4330 3542 4399 accipiunt,

1963 4425 2212 4495 perbrevi
2253 4425 2515 4495 temporis
2545 4424 2722 4493 spatio
2751 4423 3053 4485 abundant,
3082 4429 3268 4491 postea
3302 4433 3429 4472 vero
3459 4431 3544 4486 pa-

1969 4515 2139 4572 ternis
2182 4517 2406 4572 sedibus
2455 4516 2735 4571 excidunt.
2777 4516 3052 4570 Cancrum
3097 4512 3277 4568 omnis
3329 4507 3535 4563 miseri-

1968 4608 2153 4664 cordia
2186 4610 2402 4664 exsulat
2444 4609 2511 4662 ab
2541 4609 2924 4663 usurariorum
2953 4605 3180 4678 perditis
3223 4613 3278 4660 et
3311 4601 3544 4658 scelera-

1973 4700 2045 4756 tis
2077 4701 2274 4756 animis
2294 4741 2310 4765 ,
2356 4717 2589 4771 cumque
2625 4699 2799 4769 ipsam
2837 4699 3103 4754 debitoris
3126 4699 3347 4753 domum
3379 4707 3543 4748 vena-

2029 4965 2143 5034 (42)
2175 4962 2542 5034 Εὐμενίδας.Δ
2569 4960 2856 5034 νεγδείιοί.
2902 4959 2974 5034 ad_
3027 4957 3185 5034 S_qplt_.
3229 4959 3365 5034 (Ed;
3423 4961 3539 5018 Col.

1961 5028 2050 5090 42'.
2083 5043 2137 5090 et
2162 5028 2470 5104 praesertim
2509 5032 2575 5086 0.
2613 5033 2856 5104 Mueller.
2902 5029 2972 5084 ad
3018 5028 3261 5100 Afschyt.
3317 5030 3542 5088 ﬁumen.

1965 5106 2069 5159 168
2105 5099 2249 5174 sqq.
2274 5105 2402 5156 eoll.
2435 5101 2700 5174 Stephan.
2739 5099 2998 5174 T’jrestwr.
3035 5117 3080 5154 s.
3116 5115 3168 5154 ν.

2033 5169 2165 5244 (45)
2190 5169 2516 5244 Ἡλούτους
2537 5169 2932 5244 ’δαπανιὶαω-
2960 5169 3370 5244 Verteratuha’e
3411 5170 3544 5244 (Ir--

1961 5237 2162 5302 tse'rns'.
2193 5243 2284 5299 sed
2314 5237 2514 5296 omissa
2542 5241 2740 5295 suntin
2775 5240 2872 5294 Ed.
2901 5237 3179 5308 Supplevit
3208 5237 3351 5294 Mon.
3373 5271 3436 5280 -
3462 5242 3542 5294 In-

1965 5314 2049 5369 fra
2081 5315 2176 5369 Ed.
2213 5312 2429 5383 χείρων,
2451 5310 2609 5383 male.

2033 5385 2145 5453 (41)
2179 5376 2253 5438 Τᾶ
2285 5376 2503 5453 έιτηνάΣ
2541 5378 2631 5433 Sic
2664 5379 2806 5453 M_0n.
2837 5376 2938 5432 Ed.
2977 5378 3220 5432 πετεινά.
3260 5407 3329 5419 -
3368 5377 3540 5434 Paulo

1967 5450 2280 5526 post.7Mon.
2316 5454 2458 5506 male
2482 5450 2786 5526 διαγωγῶν..

2038 5513 2150 5592 (45)
2187 5525 2458 5600 Ἐὶῖεοςη..
2491 5513 2725 5600 ψξγχῶὶς.
2757 5519 2898 5600 Mori.
2933 5517 3096 5600 ἔλεως
3124 5517 3179 5600 δὲ
3199 5513 3541 5600 ἐξοικεῖλτὰς

1963 5587 2082 5672 τῶν.
2104 5587 2313 5672 μιαρῶν
2343 5587 2438 5669 καὶ
2468 5587 2824 5672 φυλαργύρῳν
2850 5591 2979 5672 (Ιρβ.
3184 5587 3540 5672 ψυχάςὲρρηιο

1961 5655 2122 5719 lectio
2155 5655 2338 5719 forsan
2362 5655 2885 5733 prmStatJDindorf.
2921 5655 2976 5716 i'n
3030 5655 3070 5714 Τ
3073 5655 3292 5714 temur:
3339 5655 3536 5728 Steph.

1962 5734 2136 5791 Didot.
2173 5735 2240 5789 dc
2268 5735 2372 5789 hoc
2395 5733 2515 5788 loco
2541 5731 2658 5788 silet
2698 5746 2946 5798 prorsus.

2008 5748 2136 5791 11101..
2173 5748 2240 5789 ac
2269 5748 2372 5789 DOC
2396 5748 2515 5788 IOCO
2541 5748 2658 5788 Sile!
2698 5748 2946 5791 prorsus.

4051 2897 4072 3016 ἓ

4049 3032 4072 3114 ἶ

4048 3168 4072 3223 ι

4049 3236 4072 3298 ι

4047 3393 4072 3568 Ξ

4048 3582 4072 3734 ξ

4041 4022 4072 4114 ὲ

4041 4137 4072 4220 r.
