4072 6156
276 265 393 323 ιιθο

1534 264 1816 323 CONTRA
1846 263 2261 323 USURARlOS.

3414 271 3518 327 450

276 381 486 448 νείσῃς
525 376 606 443 τῷ
631 375 872 445 ἀδελφῷ
903 392 1040 444 σου,
1073 376 1184 433 οὐκ
1214 376 1331 447 ἔσῃ
1367 377 1557 433 αὐτὸν
1582 380 1850 434 κατεπει-

1952 378 2089 435 Aliis
2110 393 2241 434 vero
2266 395 2281 432 :
2317 376 2603 431 Pecuniam
2626 391 2779 431 suam
2810 392 2913 431 non
2939 375 3084 432 dedit
3109 378 3180 432 ad
3211 395 3431 439 usuram
3450 388 3516 437 η.

276 488 414 543 γων.
451 470 726 536 Ματθαῖος
768 473 827 525 δὲ
878 474 936 528 ὲν
979 468 1316 543 παραϐολαῖς
1356 468 1586 539 ἔκραξεν
1643 470 1848 537 λέγων,

275 562 596 615 Δεσποτικδν
612 561 767 631 λόγον
784 561 1161 630 ἀπαγγέλλων·
1178 560 1365 614 Δοῦλε
1385 558 1627 629 πονηρὲ,
1650 559 1855 616 πᾶσαν

275 650 386 717 τὴν
423 649 679 719 ὀφειλὴν
706 650 947 717 ἐκείνην
970 647 1179 718 ἀφῆκά
1209 662 1329 711 σοι,
1366 648 1495 701 ἐπεὶ
1525 648 1853 716 παρεκάλε-

274 738 390 806 σάς
409 756 509 810 με.
538 741 661 794 οὐκ
700 739 821 794 ἔδει
858 739 958 793 καί
986 738 1063 794 σὲ
1097 738 1349 808 ἐλεῆσαι
1379 738 1486 792 τὸν
1511 739 1855 795 σύνδουλόν

273 847 420 895 σου,
463 830 545 896 ὡς
578 828 679 884 καί
721 829 834 899 ὲτώ
866 844 941 884 σε
991 827 1260 897 rubrica;
1299 828 1410 882 Kal
1466 828 1759 898 ὀργισθείς
1822 831 1855 883 ὁ

272 922 480 989 Κύριος
509 920 855 989 παρέδωκεν
894 922 1083 975 αὐτὸν
1118 919 1243 986 τοῖς
1266 919 1675 987 ,ϐασανισταῖς
1693 960 1707 985 ,
1743 919 1855 987 ἕως

271 1006 342 1068 οὗ
377 1011 584 1077 ἀποδῷ
622 1009 746 1067 πᾶν
780 1011 849 1066 τὸ
874 1012 1269 1082 ὀφειλόμενον
1289 1010 1469 1077 αὐτῷ.
1502 1011 1636 1065 Τότε
1666 1028 1726 1064 σε
1758 1028 1856 1065 κα-

278 1104 565 1176 ταλήψεται
593 1105 626 1175 ἡ
650 1103 906 1174 ἀνόνητος
935 1103 1046 1174 (54)
1072 1102 1404 1174 μεταμέλεια
1426 1120 1442 1135 ο
1475 1105 1768 1174 στεναγμοὶ
1795 1104 1853 1158 δὲ

275 1195 681 1265 καταλήψονται
714 1194 925 1265 βαρεῖς,
953 1194 1048 1248 καὶ
1076 1194 1298 1258 κόλασις
1327 1194 1718 1266 ἀπαραίτητος.
1752 1195 1856 1248 Οὐ-

275 1285 441 1355 δαμοῦ
492 1286 551 1338 δὲ
583 1284 782 1357 χρυσὸς
828 1283 1059 1355 βοηθῶν,
1100 1285 1201 1338 οὐκ
1249 1285 1489 1357 ἄργυρος
1535 1284 1849 1356 ὲπαμύνων.

268 1374 582 1446 Πικροτέρα
603 1374 659 1427 δὲ
690 1374 849 1446 χολῆς
878 1376 912 1444 ἡ
944 1372 1054 1428 τῶν
1072 1374 1250 1430 τόκων
1275 1375 1544 1439 ἀνάδοσις.
1579 1374 1763 1429 Ταῦτα
1788 1376 1849 1430 οὐ

276 1467 495 1537 ῥήματα
523 1463 791 1533 φοϐοῦντα
814 1503 830 1528 ,
860 1464 996 1518 ἀλλά
1029 1465 1331 1536 πράγματα
1360 1466 1533 1536 ἀληθῆ
1559 1505 1574 1531 ,
1619 1466 1724 1538 πρὸ
1752 1466 1852 1537 τῆς

276 1557 468 1627 πείρας
496 1556 558 1608 τὸ
597 1556 880 1627 κριτήριον
907 1554 1401 1626 διαμαρτυρόμενα,
1443 1555 1480 1609 ἃ
1512 1555 1852 1626 φυλάξασθαι

271 1648 350 1720 τῷ
378 1647 747 1720 σωφρονοῦντι
771 1645 953 1715 καλὸν,
979 1647 1070 1701 καὶ
1092 1639 1137 1716 ᾧ
1162 1645 1256 1702 τοῦ
1291 1647 1573 1719 μέλλοντος
1600 1648 1849 1721 πρόνοια.

342 1937 464 1990 Ἵνα
490 1935 547 1989 δὲ
576 1933 779 2005 μεταξὺ
804 1932 912 1987 τῶν
938 1933 1031 1987 τοῦ
1068 1930 1204 1987 Θεοῦ
1236 1932 1518 2004 χριμάτων
1542 1932 1633 1987 καί
1652 1951 1703 1987 τι
1731 1933 1846 2006 (55)

272 2028 381 2083 τῶν
396 2030 455 2081 ὲν
480 2028 593 2090 τοῖς
618 2024 738 2079 καθ’
756 2025 902 2095 ἡμᾶς
923 2024 1136 2096 χρόνοις
1161 2023 1481 2095 συμϐάντων
1512 2026 1570 2077 ὲν
1591 2025 1738 2097 οίκίᾳ
1758 2043 1839 2079 το-

262 2118 546 2188 κογλύφου
569 2116 967 2187 διηγησάμενος
987 2114 1258 2186 ὠφελήσω
1276 2132 1330 2169 τι
1361 2116 1487 2179 τοὺς
1512 2115 1812 2181 ἀκούοντας
1828 2157 1845 2184 ,

264 2209 544 2265 ἀκούσατε
573 2205 668 2261 τοῦ
692 2205 874 2274 λόγου,
906 2206 1002 2259 καὶ
1026 2206 1165 2277 τάχα
1184 2207 1234 2260 ei
1267 2206 1450 2261 πολλοὶ
1468 2205 1566 2279 τὴν
1593 2207 1848 2267 ὑπόθεσιν

272 2302 351 2366 ὡς
383 2298 659 2370 γνώριμον
687 2296 1078 2368 ἐπιγνώσεσθε.

358 2521 522 2593 ’Δνήρ
552 2537 636 2584 τις
679 2514 747 2591 ἦν
791 2518 883 2571 ἐπὶ
912 2517 1070 2590 τῆσδε
1098 2517 1198 2588 τῆς
1228 2517 1434 2582 πόλεως
1481 2518 1619 2588 (ούκ
1654 2520 1764 2592 ὲρῶ
1790 2521 1847 2576 δὲ

270 2614 515 2684 τοῦνομα
536 2653 552 2680 ,
582 2611 863 2683 κωμῳδεῖν
904 2610 1165 2681 ὀνομαστὶ
1194 2609 1284 2663 τὸν
1308 2610 1706 2682 τελευτήσαντα
1748 2629 1848 2682 φυ-

272 2705 654 2777 λαττόμενος),
688 2703 880 2773 τέχνην
904 2700 1041 2772 έχων
1067 2701 1135 2755 τά
1162 2701 1510 2772 δανείσματα,
1540 2703 1635 2755 καὶ
1661 2702 1758 2775 τὴν
1784 2706 1847 2758 ἐκ

271 2799 383 2853 τῶν
420 2796 636 2868 μιαρῶν
682 2794 858 2848 τόκων
896 2793 1254 2865 ἐπικαρπίαν.
1295 2792 1387 2864 Τῷ
1419 2792 1580 2847 πάθει
1623 2794 1679 2848 δὲ
1720 2813 1846 2848 συν-

272 2892 535 2963 εχόμενος
560 2888 659 2958 τῆς
690 2885 1068 2957 φιλαργυρίας,
1097 2884 1351 2954 φειδωλὸς
1370 2881 1435 2957 ἦν
1474 2886 1568 2939 καὶ
1602 2889 1727 2959 περὶ
1752 2887 1847 2958 τὴν

277 2986 413 3037 ἰδίαν
434 2982 682 3051 δαπάνην
717 2978 981 3050 (τοιοῦτοι
1016 2978 1127 3049 (56)
1151 2978 1261 3048 γάρ
1290 2980 1338 3031 ei
1367 2977 1754 3049 φιλάργυροι),
1784 2978 1844 3030 ού

273 3074 554 3149 τράπεζαν
588 3072 835 3143 αὐτάρκη
862 3071 1314 3142 παρατιθέμενος,
1348 3069 1445 3139 οὐχ
1475 3070 1713 3140 ἱματίων
1737 3087 1849 3123 συν-

273 3170 457 3239 έχειαν
492 3165 647 3238 (57),
695 3165 729 3236 ἢ
778 3163 918 3218 κατὰ
964 3162 1174 3234 χρείαν,
1212 3162 1477 3232 ἀμείϐων,
1526 3161 1587 3215 οὐ
1642 3161 1854 3227 τέκνοις

273 3260 534 3331 παρέχων
572 3258 671 3326 τὴν
708 3253 1011 3323 ἀναγκαίαν
1036 3251 1133 3306 τοῦ
1160 3252 1275 3322 βίου
1310 3252 1606 3324 διαγωγὴν,
1632 3254 1692 3306 ού
1730 3254 1854 3306 λου·-

272 3358 422 3429 τρῶν
449 3356 661 3426 ταχέως
699 3350 1151 3423 μεταλαμϐάνων,
1187 3348 1339 3419 φόϐῳ
1374 3349 1471 3403 τοῦ
1520 3350 1713 3419 μισθοῦ
1760 3351 1853 3404 καὶ

273 3449 384 3503 τῶν
414 3448 584 3519 τριῶν
605 3444 826 3498 ὀϐολῶνο
856 3444 1034 3498 πάντα
1060 3442 1118 3495 δὲ
1142 3440 1342 3512 τρόπον
1367 3441 1615 3509 ἐπινοῶν,
1642 3442 1762 3497 ὅθεν
1787 3442 1852 3497 ἂν

274 3540 443 3594 πλέον
477 3537 571 3591 τὸν
602 3535 834 3608 ἀριθμὸν
879 3534 1182 3605 προαγάγοι
1209 3532 1321 3587 τῶν
1363 3534 1679 3606 χρημάτων.
1715 3534 1852 3588 Οὔτε

277 3632 388 3703 μὴν
421 3627 732 3694 ἀξιόπιστόν
762 3644 881 3679 τινα
900 3626 1118 3695 φύλακα
1150 3625 1242 3679 τοῦ
1272 3626 1556 3696 βαλαντίου
1582 3626 1851 3698 ἐνόμιζεν,

270 3724 336 3776 οὐ
361 3722 573 3787 τέκνον,
618 3719 677 3772 οὐ
726 3717 933 3779 δοῦλον,
977 3718 1036 3769 ού
1078 3714 1429 3788 τραπεζίτην,
1474 3717 1535 3770 οὐ
1574 3718 1743 3781 κλεῖν,
1790 3717 1852 3770 οὐ

275 3813 573 3884 σφραγῖδα,
603 3812 725 3874 ταῖς
752 3810 809 3864 δὲ
840 3810 947 3863 τῶν
980 3809 1174 3879 τοίχων
1203 3810 1366 3874 ὀπαῖς
1403 3809 1465 3863 τὸ
1497 3810 1717 3881 χρυσίον
1755 3811 1855 3879 έμ-

274 3905 511 3969 ϐάλλων,
540 3903 633 3956 καὶ
662 3902 753 3955 τὸν
788 3900 957 3972 πηλὸν
994 3899 1193 3964 ἔξωθεν
1223 3899 1550 3970 ὲπαλείφων,
1579 3900 1853 3970 ἄγνωστον

273 3998 446 4050 πᾶσιν
472 3989 612 4063 εἶχεν
638 3992 730 4046 τὸν
756 3991 1048 4063 θησαυρὸν,
1074 3991 1271 4054 τόπους
1295 3992 1359 4045 ὲκ
1377 3990 1559 4044 τόπων
1586 3990 1850 4062 ἀμείϐων,

274 4086 379 4141 καὶ
402 4084 614 4155 τοίχους
646 4083 712 4136 ὲκ
748 4081 964 4153 τοίχων,
996 4082 1090 4136 καὶ
1117 4081 1178 4134 τὸ
1204 4080 1487 4135 λανθάνειν
1524 4081 1733 4145 πάντας
1767 4098 1856 4135 σο·

275 4176 572 4248 φιζόμενος
600 4173 943 4244 εὐμηχάνως.
989 4170 1209 4242 ’Δθρόον
1244 4169 1452 4241 ἀπῆλθε
1476 4170 1569 4224 τοῦ
1595 4170 1731 4241 βίου,
1761 4172 1854 4224 οὐ·

274 4267 394 4321 δενὶ
424 4264 533 4319 τῶν
570 4262 787 4317 οίκείων
816 4260 1182 4331 ἐξαγορεύσας
1204 4298 1218 4321 ,
1252 4258 1380 4312 ἔνθα
1423 4260 1453 4311 ὁ
1488 4259 1688 4330 χρυσὸς
1723 4278 1856 4313 κατ-

1954 468 2091 524 Aliis
2125 486 2140 523 ε
2173 469 2237 525 Si
2274 475 2516 521 mutuum
2546 466 2751 523 dederis
2802 468 2962 538 fratri
3008 479 3098 524 tuo
3121 510 3136 537 ,
3172 488 3275 543 non
3312 476 3521 546 urgebis

1954 557 2193 611 illum“.
2226 556 2298 612 At
2328 555 2619 613 Matthaeus
2647 558 2704 613 in
2754 559 3033 628 parabolis
3074 562 3349 630 clamans,
3411 565 3519 621 Do-

1954 647 2201 718 minique
2227 648 2545 703 mandatum
2568 650 2919 719 annuntians,
2951 654 3060 709 ait:
3090 654 3245 711 Serve
3274 674 3519 729 nequam,

1958 755 2110 794 omne
2146 738 2379 794 debitum
2410 737 2507 793 tibi
2538 740 2754 806 remisi,
2800 743 2923 811 quia
2952 746 3153 815 rogasti
3198 764 3280 801 me
3305 761 3322 799 :
3353 766 3523 806 nonne

1956 830 2227 899 oportebat
2272 838 2321 885 et
2354 838 2403 885 te
2450 830 2686 885 misereri
2718 834 2951 887 conservi
2996 836 3103 900 tui,
3157 845 3217 890 ut
3236 846 3285 892 et
3314 855 3406 909 ego
3444 842 3523 895 tui

1956 921 2206 977 misertus
2238 922 2394 977 sum?
2421 918 2494 975 Et
2542 920 2715 978 iratus
2770 921 3029 980 Dominus
3088 927 3313 982 tradidit
3366 930 3521 984 illum

1956 1012 2286 1079 tortoribus,
2324 1028 2592 1083 quousque
2646 1014 2952 1082 persolverit
2997 1014 3149 1072 omne
3196 1018 3430 1075 debitum
3453 1022 3519 1075 ⁸³.

1955 1100 2111 1158 Tunc
2144 1117 2268 1158 sera
2297 1110 2353 1157 et
2380 1102 2723 1159 infructuosa
2775 1104 3097 1174 paenitentia
3136 1106 3394 1174 duceris,
3431 1111 3519 1165 lu-

1954 1199 2190 1263 etusque
2220 1193 2579 1264 gravissimus
2610 1201 2665 1249 te
2705 1193 2963 1260 incesset,
2994 1204 3049 1251 et
3076 1211 3240 1267 poena
3289 1199 3519 1256 inevita-

1953 1279 2049 1334 bili
2075 1281 2343 1351 punieris.
2375 1280 2488 1336 Nec
2512 1282 2610 1337 tibi
2633 1282 2951 1353 adjumento
3005 1287 3111 1341 erit
3145 1300 3339 1343 aurum
3368 1280 3384 1358 ζ
3421 1306 3522 1349 nec

1952 1386 2111 1443 opem
2145 1370 2287 1429 feret
2311 1380 2619 1443 argentum.
2675 1374 2928 1431 Amarior
2979 1375 3105 1433 felle
3158 1378 3263 1433 erit
3317 1379 3522 1440 fenoris

1953 1463 2219 1533 acceptio.
2252 1460 2380 1519 Haec
2412 1478 2525 1519 non
2555 1473 2684 1519 sunt
2740 1467 2885 1523 nuda
2920 1468 3211 1525 verborum
3237 1473 3523 1529 terricula-

1953 1560 2135 1609 menta
2162 1592 2178 1618 ,
2214 1554 2314 1610 sed
2345 1555 2465 1625 ipsa
2498 1556 2576 1611 rei
2604 1558 2808 1616 veritas
2836 1600 2851 1626 ,
2891 1576 3013 1631 qua:
3060 1561 3332 1631 judicium
3373 1554 3533 1620 futu-'

1953 1659 2073 1699 rum
2102 1646 2258 1716 prius
2309 1654 2583 1713 testatur,
2619 1664 2782 1720 quam
2830 1653 3165 1723 experientia
3223 1669 3525 1728 cognosca-

1879 1724 1924 1785 B
1953 1745 2043 1792 tur
2066 1780 2081 1804 ,
2112 1738 2258 1810 quod
2287 1738 2519 1809 proinde
2536 1741 2621 1796 vir
2640 1743 2913 1812 prudens,
2945 1729 3007 1801 et.
3033 1747 3125 1802 cui
3155 1724 3521 1824 curavfuturi,

1952 1830 2144 1887 sedqu
2176 1845 2371 1887 cavere
2398 1832 2659 1889 studebit.

2024 1942 2095 2000 Ut
2122 1959 2254 2001 vero
2298 1947 2553 2005 utilitatis
2615 1947 2821 2019 aliquid
2878 1950 3226 2009 audientibus
3257 1953 3521 2020 aﬂ‘eram,

1951 2036 2228 2092 narrando
2255 2038 2513 2107 quiddam
2545 2040 2692 2110 quod
2719 2055 2837 2096 aevo
2865 2050 3059 2098 nostro
3090 2043 3145 2098 in
3179 2044 3392 2103 aedibus
3419 2061 3523 2102 cu-

1947 2124 2166 2195 jusdam
2212 2126 2540 2185 feneratoris
2594 2138 2722 2187 ante
2754 2131 2886 2188 illud
2940 2132 3033 2189 Dei
3085 2133 3349 2205 iudicium
3388 2149 3523 2191 con-

1951 2218 2095 2289 tigit,
2130 2218 2434 2275 attendite:
2465 2220 2569 2277 etsi
2618 2220 2871 2279 fortassis
2908 2224 3062 2279 multi
3115 2232 3357 2280 vestrum
3423 2224 3477 2279 id
3500 2264 3522 2294 ,

1953 2307 2101 2378 quod
2153 2318 2686 2369 commemoraturus
2730 2327 2874 2379 sum,
2898 2311 3012 2383 jam
3051 2313 3393 2385 exploratum
3420 2311 3521 2369 ha-

1953 2398 2128 2456 beatis
2151 2414 2168 2452 :

2021 2531 2151 2589 Erat
2177 2532 2262 2588 vir
2284 2532 2504 2606 quidam
2552 2533 2608 2589 in
2636 2534 2858 2590 civitate
2888 2533 2954 2589 N.
2992 2536 3014 2605 (
3044 2548 3245 2592 nomen
3276 2535 3538 2604 reticebo,

1952 2638 2022 2679 ne
2086 2622 2274 2679 videar
2318 2632 2596 2679 mortuum
2625 2626 2945 2680 nominatim
2978 2626 3267 2683 traducere
3295 2628 3520 2696 velle);

1954 2710 2083 2767 huic
2138 2711 2428 2779 fenerare,
2478 2712 2725 2783 lucrique
2776 2713 3002 2784 aliquid
3047 2730 3115 2770 ex
3182 2714 3522 2772 detestandis

1953 2807 2139 2863 usuris
2191 2821 2389 2877 capere
2417 2845 2431 2871 ,
2475 2808 2635 2862 unica
2669 2821 2760 2863 ars
2797 2815 2935 2863 erat.
2982 2806 3282 2878 Correptus
3337 2815 3520 2863 autem

1952 2899 2056 2953 hoc
2093 2899 2336 2954 avaritia:
2366 2897 2580 2963 morbo,
2612 2905 2775 2953 tenax
2810 2904 2864 2953 et
2893 2897 3149 2953 sordidus
3192 2898 3246 2952 in
3280 2898 3520 2967 seipsum
3628 2906 3631 2907 '

1954 2987 2194 3060 suosque
2225 2989 2400 3046 evasit
2438 2990 2543 3061 (ut
2573 2990 2748 3046 solent
2786 2987 3010 3059 avari),
3063 2989 3263 3060 quippe
3311 2990 3406 3060 qui
3462 2990 3521 3045 in

1877 3067 1922 3130 C
1952 3096 2139 3138 mensa
2170 3096 2347 3152 neque
2378 3080 2513 3136 satis
2566 3080 2673 3136 cibi
2723 3086 3044 3151 apponeret,
3111 3093 3288 3150 neque
3340 3087 3522 3137 vestes

1950 3187 2192 3244 unquam
2220 3173 2328 3229 nisi
2360 3187 2572 3229 summa
2606 3173 2939 3229 necessitate
2984 3178 3215 3227 coactus
3259 3180 3520 3236 mutaret,

1950 3279 2129 3334 neque
2167 3264 2355 3321 liberis
2403 3263 2521 3321 suis
2568 3264 2883 3319 necessaria
2935 3262 3004 3318 ad
3039 3262 3240 3318 vietum
3271 3261 3525 3333 suppedi-
3561 3309 3570 3318 .

1950 3362 2111 3419 taret,
2161 3367 2262 3409 nec
2290 3352 2504 3409 balneis
2553 3360 2801 3409 uteretur
2823 3359 2969 3407 metu
3010 3350 3275 3407 mercedis
3312 3351 3522 3406 triobo-

1950 3443 2122 3510 laris;
2169 3452 2432 3514 perpetuo
2483 3443 2540 3497 in
2581 3442 2636 3497 id
2699 3457 2867 3497 unum
2923 3442 3197 3507 intentus,
3250 3442 3523 3511 quomodo

1950 3552 2164 3607 semper
2205 3534 2379 3605 magis
2412 3542 2577 3605 atque
2611 3534 2783 3605 magis
2825 3534 3071 3603 pecunia:
3107 3548 3394 3588 numerum
3422 3549 3524 3588 au-

1950 3635 2121 3697 geret.
2160 3624 2347 3695 Neque
2377 3623 2666 3695 quemdam
2702 3624 2838 3680 satis
2886 3622 3054 3677 ﬁdum
3100 3637 3372 3678 crumenae
3410 3638 3522 3679 suae

1950 3717 2229 3775 custodem
2284 3714 2671 3778 arbitrabatur,
2717 3729 2827 3768 non
2859 3712 3052 3779 tilium,
3095 3727 3201 3766 non
3255 3727 3474 3768 servum
3501 3749 3520 3777 ,

1952 3824 2060 3862 non
2115 3806 2454 3877 trapezitam,
2512 3820 2620 3860 non
2663 3805 2909 3869 clavem,
2950 3818 3061 3859 non
3120 3804 3355 3876 sigillum
3389 3844 3405 3870 ,
3464 3805 3519 3861 in

1950 3900 2217 3971 parietum
2265 3897 2481 3969 angulis
2508 3902 2564 3953 et
2604 3896 2937 3961 recessibus,
2984 3896 3099 3950 luto
3160 3896 3470 3965 superillito
3502 3934 3519 3961 ,

1952 3991 2158 4046 invisas
2185 3989 2428 4055 divitias,
2475 3996 2531 4044 et
2563 3988 2804 4059 ignotum
2830 3986 3147 4042 asservabat
3174 3986 3519 4053 thesaurum,

1951 4082 2127 4152 deque
2158 4081 2276 4136 loco
2303 4080 2372 4134 ad
2416 4079 2599 4134 locum
2643 4086 2699 4133 et
2750 4076 2819 4133 de
2869 4078 3076 4148 pariete
3119 4078 3187 4134 ad
3222 4080 3518 4149 parietem,

1954 4174 2072 4230 sine
2128 4169 2539 4227 intermissione
2591 4167 2977 4234 transferebat,
3023 4178 3083 4225 ut
3151 4170 3255 4226 hac
3312 4173 3524 4229 ratione

1953 4278 2143 4321 omnes
2193 4264 2402 4317 lateret.
2470 4260 2643 4315 Porro
2688 4261 2980 4330 derepente
3027 4275 3093 4317 ex
3126 4262 3227 4316 hac
3275 4264 3386 4317 vita
3421 4264 3519 4319 de-

276 4358 499 4429 ώρυκτο
516 4354 650 4425 (58).
675 4350 1014 4424 Κατωρύχθη
1050 4351 1147 4420 μὲν
1169 4346 1263 4403 οὖν
1284 4349 1535 4411 κάκεῖνος
1562 4349 1623 4401 τὸ
1648 4349 1851 4421 κρύψαι

1955 4356 2155 4411 cedens
2221 4353 2573 4408 familiarium
2649 4351 2856 4407 nemini
2928 4352 3230 4418 indicavit,
3302 4353 3519 4407 ubinam

279 4448 569 4518 κερδάνας.
608 4444 670 4498 Οί
709 4443 764 4497 δὲ
793 4443 980 4506 παῖδες
1008 4440 1195 4504 αὑτοῦ,
1234 4442 1449 4494 πάντων
1474 4438 1692 4493 ἔσεσθαι
1740 4441 1852 4494 τῶν

278 4544 341 4595 ὲν
384 4542 450 4610 τῇ
502 4537 657 4590 πόλει
696 4535 1062 4607 λαμπρότεροι
1104 4533 1196 4589 διά
1242 4531 1470 4586 πλοῦτον
1512 4532 1849 4598 ἐλπίσαντες,

276 4630 527 4703 ἠρεύνων
548 4626 847 4697 πανταχοῦ,
868 4627 996 4695 παρ’
1018 4625 1261 4696 ἀλλήλων
1281 4623 1708 4689 διεπυνθάνοντο,
1729 4625 1854 4689 τοὺς

276 4721 497 4783 οἰκέτας
531 4718 832 4788 ἀνέκρινον,
868 4716 941 4769 τά
979 4716 1151 4787 ὲδάφη
1178 4715 1288 4769 τῶν
1323 4714 1488 4768 οἴκων
1524 4714 1848 4785 ἀνὼρυττον,

276 4815 408 4876 τοὺς
439 4810 652 4881 τοίχους
687 4809 1004 4874 ὑπεκένουν,
1043 4807 1141 4871 τάς
1171 4807 1279 4860 τῶν
1305 4806 1561 4875 γειτόνων
1593 4806 1686 4858 καὶ
1713 4823 1854 4876 γνω-

281 4905 462 4975 ρίμων
486 4900 663 4964 οἰκίας
692 4896 1231 4969 ὲπολυπραγμόνουν,
1259 4896 1436 4950 πάντα
1458 4895 1514 4948 δὲ
1539 4894 1686 4948 λίθον
1713 4894 1851 4965 (59),

277 4996 340 5050 τὸ
374 4991 470 5046 τοῦ
488 4990 669 5061 λόγου,
691 4989 1032 5061 κινήσαντες,
1055 4981 1212 5060 εὖρον
1229 4986 1336 5040 οὐδ’
1360 4985 1565 5040 ὀϐολόν.
1596 4986 1851 5055 Διάγουσι

1957 4462 2149 4503 aurum
2184 4445 2462 4502 defossum
2495 4452 2662 4500 esset.
2696 4443 2961 4500 Defessus
2990 4444 3159 4515 igitur
3185 4454 3269 4499 est
3298 4450 3352 4499 et
3381 4444 3518 4513 ipse,

1962 4541 2063 4595 hoc
2112 4553 2278 4593 unum
2339 4538 2551 4593 scilicet
2588 4536 2871 4601 lucratus,
2910 4544 3050 4591 utet
3097 4536 3214 4605 ipse
3266 4534 3521 4590 defossus

1958 4629 2345 4684 occultaretur.
2386 4628 2457 4681 At
2502 4626 2654 4682 liberi
2697 4625 2871 4695 ipsius
2918 4639 3043 4679 cum
3100 4635 3420 4694 sperarent,
3460 4638 3520 4679 se

1957 4717 2200 4772 omnium
2253 4716 2455 4770 civium
2503 4713 2619 4770 fore
2669 4713 2994 4777 ditissimos,
3043 4713 3224 4765 omnia
3265 4725 3519 4781 perscru-

1959 4807 2254 4870 tabantur,
2308 4820 2376 4860 ex
2426 4804 2548 4859 aliis
2611 4802 3069 4868 sciscitabantur,
3111 4800 3342 4858 famulos
3390 4817 3523 4857 eva-

1959 4898 2258 4963 minabant,
2298 4895 2604 4965 pavimenta
2639 4895 2837 4949 aedium
2883 4892 3142 4949 fodiendo
3174 4893 3512 4962 aperiebant.

1960 4987 2205 5056 parietes
2241 4984 2621 5052 evacuabant,
2677 4981 2981 5038 vicinorum
3051 4989 3108 5037 et
3171 4980 3519 5037 familiarium

354 5172 397 5205 ¹¹
430 5168 577 5227 Psal.
605 5183 722 5233 atv,
753 5167 809 5222 5.
884 5167 926 5199 "
965 5164 1135 5221 Exod.
1165 5181 1302 5231 nu,
1358 5164 1449 5220 25.
1530 5163 1572 5194 ¹³
1606 5162 1795 5220 Matth.
1827 5178 1983 5230 avus,
2012 5163 2082 5219 52
2117 5179 2238 5235 sqq.

356 5333 470 5405 (54)
505 5332 846 5398 ’Δνόνητος.
882 5328 974 5384 Sic
1023 5331 1238 5386 correxi
1286 5329 1479 5385 vitium
1524 5328 1626 5384 Ed.
1650 5327 1859 5398 ἀνώνη-

280 5422 605 5544 τοῖΞῑἮΚᾳι
634 5469 819 5544 n._l-3d
897 5469 990 5544 καὶ
1018 5469 1072 5544 τί
1105 5483 1230 5524 cum
1284 5468 1550 5525 asterisco
1600 5475 1722 5539 post
1779 5470 1856 5533 τὸ,

285 5538 505 5611 lacuna:
522 5542 682 5611 signo
714 5538 861 5611 Men.
879 5538 973 5591 καὶ
992 5538 1081 5608 τῆ.

382 5612 470 5678 56)
493 5605 773 5678 Τοὶοῦτοι.
817 5607 959 5678 Men.
994 5605 1223 5661 τοιοῦτο.

382 5612 470 5678 56)
493 5612 773 5664 Τοιοῦτοι.
817 5612 959 5661 Men.
994 5612 1223 5661 τοιοῦτο.

359 5612 473 5755 (57)
513 5677 859 5747 Συνέχειαν.
886 5677 1027 5733 Men.
1060 5675 1317 5746 συνεχῶς.

2032 5321 2145 5393 (58)
2177 5321 2547 5399 Κατώρυκτο.
2582 5313 3105 5399 Μοηςοκατώρυκτο,
3160 5314 3301 5399 inter
3327 5322 3453 5396 teet
3487 5333 3519 5387 ρ
3569 5357 3573 5359 .

1958 5384 2356 5462 suprascripto'
2380 5409 2441 5463 ρο
2482 5405 2513 5444 a
2566 5388 2870 5442 recentiore
2923 5384 3086 5438 manu
3115 5424 3130 5449 ,
3165 5384 3426 5447 Gretseri,
3461 5384 3521 5440 ιιι

1958 5462 2196 5521 videtur,
2242 5462 2335 5526 qui
2377 5457 2702 5526 emendabat
2738 5455 3140 5526 κατῳρόρυκτο.
3179 5454 3247 5509 At
3280 5471 3330 5508 v.
3365 5452 3521 5509 Butt-

1957 5465 2196 5521 videtur,
2242 5465 2335 5531 qui
2377 5465 2702 5515 emendabat
2738 5465 3111 5527 xarwpepux-rc

1955 5546 2142 5584 manu.
2165 5530 2257 5585 Gr.
2285 5539 2325 5584 t.
2360 5528 2401 5594 I,
2427 5545 2480 5599 p.
2512 5525 2637 5588 5‘27,
2666 5534 2775 5579 ett.
2818 5524 2884 5599 ιι,
2909 5542 2962 5595 p.
2985 5524 3111 5579 260.

2028 5601 2140 5670 (59)
2182 5592 2658 5670 Πάνταςῖίθονη.
2731 5592 3113 5670 κινήσαντες.
3159 5592 3522 5670 _l_’rove_r_bium

1958 5662 2192 5740 explicui
2223 5670 2290 5726 ad
2323 5669 2380 5724 S.
2406 5668 2571 5724 Basil.
2611 5663 2684 5718 De
2722 5664 2819 5737 leg.
2858 5665 2978 5721 libr.
3019 5662 3211 5718 Gentii.
3242 5676 3297 5734 ι).
3318 5663 3386 5720 56
3421 5662 3518 5715 ﬁn.
