4072 6156
493 254 594 312 451

1689 257 1748 312 S.
1799 253 2127 312 CREGORII
2180 254 2476 312 NYSSENI

3642 267 3750 323 £52

472 374 666 430 domos
717 373 1031 446 frequentes
1072 372 1335 438 obibant,
1393 389 1725 446 omnemque
1772 375 2048 448 lapidem,

2158 377 2214 430 δὲ
2238 377 2329 430 τὸν
2371 377 2486 447 βίον
2531 375 2735 441 ἄοικον,
2768 381 3024 440 ἀνέστιοι,
3081 378 3331 450 πένητες,
3379 380 3749 455 ὲπαρῶμενοι,

473 476 536 524 ut
573 469 797 533 dicitur,
843 467 1152 533 movebant,
1212 484 1389 538 neque
1457 479 1636 525 tamen
1693 471 1779 528 vel
1827 471 2050 530 oboluul

2165 468 2339 523 πολλὰ
2375 469 2497 523 καθ’
2524 469 2762 539 ἑκάστην
2785 471 2852 539 τῇ
2881 470 2977 523 τοῦ
3008 470 3216 542 πατρὸς
3247 473 3592 544 ματαιότητι.

475 559 845 614 inveniebant.
906 554 1108 611 Vivunt
1189 569 1369 613 autem
1446 559 1501 615 in
1571 561 1830 632 praesenti
1907 561 2074 617 vitam
2117 570 2426 626 extorrem,
2488 559 2799 630 domusque
2873 565 2930 615 et
2996 558 3105 615 foci
3152 569 3456 631 expertem,
3503 561 3750 632 quotidie

476 651 648 720 patris
704 647 991 702 stultitiam
1045 647 1403 704 detestantes.

545 744 694 799 Talis
731 744 919 813 igitur,
971 744 1229 811 usurarii,
1286 752 1468 800 vester
1521 747 1733 807 amicus
1771 753 1826 802 et
1865 746 2050 803 socius

477 836 596 898 fuit,
629 835 722 904 qui
774 834 938 905 digno
967 836 1214 892 moribus
1252 835 1357 891 [ine
1421 837 1588 896 vitam
1623 838 1896 894 conclusit
1927 878 1940 902 ,
1972 836 2052 893 fe-

471 938 696 983 nerator
736 937 996 981 ventosus
1028 934 1083 982 et
1121 928 1277 991 levis,
1313 929 1406 998 qui
1438 943 1562 983 cum
1593 930 1896 985 innumeris
1929 945 2049 984 mo-

470 1019 644 1073 lestiis
678 1017 905 1088 ipsaque
933 1017 1076 1074 fame
1115 1019 1485 1084 conﬂictatus,
1518 1021 1622 1076 sibi
1652 1022 1871 1092 quidem
1895 1029 2052 1076 aeter-

471 1127 572 1166 nas
627 1125 855 1180 ptenas,
891 1110 1048 1181 quasi
1110 1110 1462 1186 hereditario
1497 1113 1622 1182 jure
1667 1114 2051 1184 comparavit,

467 1202 658 1257 liberis
707 1210 886 1255 autem
928 1201 1045 1256 suis
1091 1201 1329 1272 impiam
1362 1204 1606 1277 reliquit.
1654 1204 1913 1270 Nescitis,
1954 1206 2056 1259 mi-

469 1295 617 1357 seri,
648 1293 734 1348 cui
777 1309 908 1364 opes
943 1295 1252 1353 corradatis
1289 1303 1344 1351 et
1401 1298 1768 1368 congregetis.
1814 1297 2054 1354 Eventus

469 1401 655 1439 rerum
699 1386 832 1439 varii
873 1397 1020 1450 sunt,
1054 1385 1381 1457 impostores
1416 1387 1610 1443 inﬁniti
1641 1429 1656 1454 ,
1699 1375 2086 1446 insidiatores.

2238 741 2298 796 ὐ
2344 741 2443 813 μὲν
2484 739 2550 810 δὴ
2597 738 2749 809 φίλος
2787 738 2942 811 ὐμῶν
2987 739 3083 794 καὶ
3123 741 3360 812 ἑταῖρος,
3405 735 3452 797 ὦ
3481 747 3748 814 τοκισταὶ,

2154 831 2430 898 τοιοῦτος·
2478 831 2646 897 ἀξίως
2679 831 2775 886 τοῦ
2815 833 3018 906 τρόπου
3062 834 3443 905 καταστρέψας
3473 836 3566 890 τὸν
3610 838 3746 909 βίον,

2153 928 2437 998 ἀνεμιαῖος
2485 925 2862 998 χρηματιστὴς
2883 965 2898 988 ,
2937 925 3099 1000 ὀδύνῃ
3139 927 3233 978 καὶ
3262 925 3407 1000 λιμῷ
3434 929 3746 1002 μοχθήσας,

2156 1018 2480 1088 συναγαγὼν
2509 1018 2566 1071 δὲ
2611 1018 2978 1088 κληρονομίαν
3022 1018 3202 1088 ἐαυτῷ
3243 1019 3342 1090 μὲν
3381 1021 3480 1092 τὴν
3523 1023 3743 1079 αίώνιον

2155 1107 2397 1170 κόλασιν,
2435 1110 2549 1171 τοῖς
2592 1107 2649 1160 δὲ
2691 1106 2750 1172 ἐξ
2779 1105 2945 1160 αὐτοῦ
2972 1106 3070 1178 τὴν
3111 1109 3326 1163 πενίαν.
3367 1112 3482 1164 Οὐκ
3539 1114 3652 1167 ι’στε
3690 1115 3749 1168 δὲ

2155 1197 2312 1268 ὑμεῖς
2332 1197 2438 1251 τίνι
2466 1195 2748 1268 ἀθροίζετε
2784 1196 2819 1268 ἢ
2851 1196 3120 1267 μοχθεῖτε.
3148 1198 3214 1250 Δί
3241 1200 3593 1268 περιστάσεις
3623 1201 3748 1253 πολ-

2152 1288 2280 1353 λαί,
2327 1288 2377 1341 oi
2416 1287 2751 1355 συκοφάνται
2790 1287 3012 1358 μυρίοι,
3064 1281 3375 1359 ὲνέδρευταὶ
3408 1293 3504 1344 καὶ¹
3543 1291 3742 1364 λῃσταὶ

2153 1381 2258 1449 γῆν
2304 1376 2633 1447 διενοχλοῦσι
2690 1377 2784 1431 καὶ
2830 1377 3140 1433 θάλασσαν·
3191 1380 3354 1450 ὁρᾶτε
3393 1381 3468 1452 μὴ
3505 1383 3598 1434 καὶ
3646 1382 3747 1448 τὰς

469 1483 525 1530 et
574 1477 858 1545 praedones
894 1488 1096 1533 terram
1155 1478 1381 1534 turbant
1431 1488 1486 1536 et
1523 1496 1673 1536 mare
1705 1521 1720 1540 .
1766 1481 1946 1537 videte
1989 1497 2048 1538 ne

2161 1469 2440 1540 ἁμαρτίας
2504 1469 2836 1540 κερδανείτε,
2890 1469 2986 1523 καὶ
3041 1470 3132 1524 τὸν
3191 1472 3389 1540 χρυσὸν
3446 1473 3520 1544 μὴ
3570 1474 3746 1527 κατά-

472 1567 678 1622 amisso
709 1583 845 1621 auro
884 1570 1230 1638 potissimum
1263 1580 1505 1628 vestrum
1542 1573 1755 1628 lucrum
1806 1573 1880 1628 sit
1933 1588 2059 1641 pec-

2160 1573 2326 1626 σχητε
2372 1556 2506 1627 (60).
2577 1557 2717 1610 Ἀλλ’
2747 1557 2990 1630 ἐπαχθὴς
3027 1559 3160 1628 ἡμῖν
3202 1551 3358 1622 οὗτός
3391 1562 3542 1626 ἐστι,
3580 1567 3747 1631 φασ“ν

469 1669 674 1714 catum.
727 1657 832 1715 Sed
871 1661 1046 1714 oratio
1077 1660 1212 1727 haec,
1244 1662 1443 1732 aiunt,
1493 1665 1654 1721 nobis
1680 1664 1870 1720 odiosa
1894 1673 1980 1719 est
2009 1676 2048 1720 el

2152 1644 2293 1717 (οἶδα
2335 1648 2446 1719 γὰρ
2484 1649 2639 1721 ὐμῶν
2681 1652 2808 1715 τοὺς
2853 1652 2946 1703 ὑπ’
2977 1649 3204 1704 ὀδόντων
3238 1655 3620 1723 γογγυσμούς,
3650 1655 3748 1708 καὶ

467 1751 670 1820 gravis.
718 1749 856 1805 Novi
887 1757 942 1806 et
974 1767 1074 1823 ego
1105 1763 1348 1810 vestrum
1393 1771 1642 1810 murmur
1689 1754 2046 1826 dentiumque

2160 1742 2398 1813 συνεχῶς
2437 1743 2581 1812 ὑμᾶς
2607 1742 2719 1814 (61)
2752 1741 3023 1814 στηρίζων
3046 1745 3138 1796 ἐπὶ
3157 1743 3251 1796 τοῦ
3275 1746 3572 1816 βήματος)·
3627 1750 3752 1801 ἐπι-

469 1841 769 1909 fremitum,
797 1841 900 1897 etsi
934 1858 1030 1898 vos
1084 1860 1151 1900 ex
1194 1845 1300 1900 hoc
1332 1845 1450 1901 loco
1510 1848 1795 1917 superiore
1846 1849 2049 1918 saepius

471 1935 524 1988 in
590 1943 739 1988 recta
803 1936 1073 1989 sententia
1132 1935 1350 1992 firmare
1416 1952 1605 1993 coner.
1666 1937 1907 2002 Invidet,
1967 1940 2054 1993 in-

469 2025 685 2096 quiunt,
713 2026 800 2089 iis,
838 2026 930 2096 qui
971 2026 1254 2092 beneﬁciis
1305 2025 1615 2082 adiciuntur
1650 2037 1704 2084 et
1740 2029 2050 2100 egentibus.

467 2113 611 2186 Ergo
656 2131 686 2168 a
751 2123 941 2170 mutuo
995 2116 1172 2171 dando
1232 2117 1735 2186 supersedebimus.
1772 2117 1838 2172 Et
1887 2133 2051 2190 quam

465 2208 633 2260 vitam
663 2215 824 2279 agent
877 2206 1068 2277 inapes
1096 2215 1150 2262 et
1178 2204 1358 2261 amicti
1385 2207 1409 2261 ?
1440 2208 1608 2277 Digna
1662 2207 1907 2278 profecto
1937 2224 2055 2264 mo-

466 2299 624 2354 ribus
677 2299 909 2353 istorum
950 2300 1129 2353 oratio
1159 2339 1174 2362 ,
1229 2299 1669 2368 conveniensque
1709 2300 1946 2369 objectio
1982 2299 2052 2355 iis

466 2390 562 2460 qui
611 2389 926 2444 divitiarum
974 2389 1216 2444 tenebris
1273 2390 1580 2444 obnubilati
1643 2400 1796 2444 sunt.
1863 2389 2051 2462 Neque

465 2482 613 2538 enim
654 2481 856 2536 mentis
888 2480 1160 2550 judicium
1222 2481 1358 2536 satis
1413 2482 1690 2538 ﬁrmatum
1733 2481 1954 2544 habent,
1990 2488 2048 2536 ut

467 2589 588 2646 quae
619 2573 881 2630 dicuntur
910 2573 1214 2644 intelligere
1239 2573 1470 2642 possint.
1503 2572 1641 2630 Hinc
1669 2574 1874 2628 monita
1901 2582 2048 2642 recte

470 2666 818 2722 smdentium
877 2665 934 2720 in
984 2665 1316 2719 contrariam
1372 2672 1582 2734 partem
1630 2664 1956 2735 accipiunt:
1993 2672 2050 2719 ut

465 2759 612 2812 enim
649 2773 738 2813 me
773 2764 1064 2828 perorante
1099 2758 1382 2810 minantur
1407 2796 1422 2816 .
1465 2771 1523 2812 se
1556 2757 1892 2826 pauperibus
1928 2771 2038 2812 non

467 2851 695 2904 daturos
729 2856 1000 2911 mutuum,
1030 2851 1111 2904 sic
1139 2865 1246 2903 non
1275 2851 1394 2904 sine
1427 2864 1706 2905 murmure
1737 2849 2046 2914 minantur,

465 2945 654 3012 egenis
718 2941 1065 2996 venientibus
1115 2956 1234 2995 sese
1267 2940 1591 2994 occlusuros
1630 2939 1876 3009 ianuam.
1931 2939 2046 3010 Ego

467 3033 684 3102 quidem
715 3033 950 3102 primum
1007 3029 1248 3084 dandum
1290 3037 1344 3084 et
1382 3030 1694 3085 donandum
1738 3045 1862 3086 esse
1901 3045 2041 3100 prat-

467 3125 592 3178 divo
623 3133 676 3177 et
703 3124 991 3177 annuntio.
1033 3121 1236 3177 Deinde
1284 3121 1350 3176 ad
1390 3129 1636 3174 mutuum
1682 3137 1901 3190 quoque
1949 3137 2047 3176 ex-

465 3217 678 3271 hortor.
721 3215 903 3270 Altera
961 3214 1106 3268 enim
1157 3213 1470 3267 donationis
1534 3213 1744 3281 species
1770 3222 1857 3269 est
1923 3229 2045 3268 mu-

468 3318 619 3361 tuum
652 3324 666 3372 ;
723 3306 818 3361 sed
853 3304 994 3360 addo
1029 3306 1134 3359 hoc
1166 3303 1406 3358 dandum
1440 3319 1562 3358 esse
1604 3305 1724 3359 sine
1757 3305 1945 3360 fenore
1989 3312 2045 3362 et

465 3397 752 3454 exactione
783 3396 1059 3458 usuraria,
1092 3410 1270 3465 eoque
1296 3394 1458 3449 modo
1489 3410 1598 3463 quo
1624 3395 1678 3449 id
1713 3395 1894 3449 divina
1917 3411 2044 3450 ora-

465 3490 588 3545 cula
623 3489 966 3560 praecipiunt.
1019 3487 1195 3559 Eque
1228 3487 1373 3541 enim
1404 3488 1679 3543 obnoxius
1708 3496 1790 3542 est
1823 3502 1998 3558 paena
2022 3526 2038 3553 ,

463 3582 560 3652 qui
606 3596 715 3635 non
761 3580 854 3635 dat
904 3589 1177 3643 mutuum,
1209 3586 1263 3632 et
1307 3579 1400 3646 qui
1449 3578 1542 3632 dat
1590 3578 1694 3632 sub
1732 3578 2046 3635 conditione

464 3688 671 3729 usurae.
720 3669 874 3725 Illius
947 3684 1185 3738 namque
1232 3667 1643 3732 inhumanitas,
1705 3667 1868 3736 hujus
1918 3682 2046 3724 vero

463 3764 830 3834 cauponarius
861 3769 1106 3830 quaestus
1140 3760 1337 3815 merito
1392 3759 1788 3813 condemnatus
1829 3767 1937 3813 est.
1974 3759 2044 3811 At

467 3854 559 3910 isti
594 3854 742 3907 ultro
779 3853 845 3904 ad
880 3851 1113 3904 alterum
1146 3858 1449 3903 extremum
1505 3863 1629 3904 sese
1697 3849 1994 3904 conferunt
2024 3889 2041 3913 ,

2159 1831 2402 1886 ϐουλεύει
2447 1836 2560 1896 τοῖς
2599 1834 3076 1906 εὐεργετουμένοις
3124 1837 3218 1889 καὶ
3259 1839 3568 1910 χρῄζουσιν.
3612 1840 3749 1893 Ἰδοὺ

2157 1924 2266 1995 γὰρ
2294 1925 2474 1978 οὐκέτι
2506 1924 2860 1997 προησόμεθα
2897 1926 3181 1997 δάνεισμα.
3229 1929 3339 1982 Καὶ
3381 1930 3496 1994 πῶς
3525 1931 3752 1996 διόιξου⁴

2157 2031 2242 2068 σιν
2275 2017 2325 2068 οἱ
2358 2015 2736 2087 στενούμενοι;
2771 2017 2950 2084 Ἀξιοῐ
2985 2017 3094 2071 τῶν
3120 2021 3464 2091 πραγμάτων
3486 2023 3534 2075 οἱ
3573 2022 3750 2089 λόγοι,

2155 2106 2442 2177 πρέπουσα
2474 2108 2508 2178 ἡ
2536 2107 2854 2180 ἀντίρρησις
2881 2111 2993 2172 τοῖς
3017 2109 3096 2180 τῷ
3133 2109 3285 2183 ζόφῳ
3303 2112 3414 2166 τῶν
3445 2115 3755 2185 χρημάτων

2155 2198 2571 2270 ὲσκοτωμένοις.
2611 2198 2750 2252 Ούτε
2793 2199 2903 2272 γὰρ
2942 2201 3004 2254 τδ
3045 2201 3144 2272 τῆς
3185 2202 3421 2267 διανοίας
3454 2207 3752 2277 κριτήριον

2153 2291 2367 2361 ἔχουσιν
2395 2292 2726 2363 ἐρρωμένον,
2755 2292 2830 2356 ὡς
2857 2293 3094 2348 συνιέναι
3117 2294 3226 2348 τῶν
3260 2287 3568 2368 λεγομένων
3594 2298 3748 2369 (62).

2154 2382 2298 2454 Πρὸς
2323 2383 2632 2437 τούναντίον
2657 2384 2712 2437 δὲ
2738 2385 2837 2456 τῆς
2867 2386 3179 2457 συμόουλῆς
3211 2387 3321 2442 τῶν
3345 2389 3754 2446 νουθετούντων

2150 2473 2460 2529 ἀκούουσιν⁹
2511 2476 2588 2542 ὡς
2627 2477 2758 2548 γὰρ,
2789 2477 2923 2548 ἐμοῦ
2961 2478 3231 2549 λέγοντος,
3294 2482 3575 2537 ἀπειλοῦσι
3629 2489 3756 2550 τοῖς

2150 2566 2421 2637 δεομένοις
2449 2568 2524 2639 μὴ
2547 2570 2742 2640 χρῆναι
2762 2570 3048 2636 δανείζειν,
3072 2572 3246 2638 οὕτως
3272 2574 3754 2645 ὐπογογγύζοντες

2151 2657 2435 2712 ἀπειλοῦσι
2459 2663 2572 2724 τοῖς
2595 2660 2871 2731 δεομένοις
2903 2662 3248 2718 ἀποκλείσειν
3280 2665 3393 2737 (65)
3419 2665 3517 2730 τὰς
3544 2665 3751 2738 θύρας.

2163 2750 2304 2818 Ἐγὼ
2332 2751 2548 2822 πρῶτον
2581 2753 2680 2823 μὲν
2705 2753 2766 2808 τὸ
2788 2753 3080 2824 δωρεῖσθαι
3110 2755 3372 2827 κηρύσσω
3398 2758 3494 2811 καὶ
3518 2776 3752 2830 παραγ⁶

2147 2840 2340 2908 γέλλω.
2368 2843 2600 2898 Ἔπειτα
2621 2845 2717 2898 καὶ
2737 2845 2798 2898 τὸ
2811 2845 3077 2910 δανείζειν
3103 2848 3425 2919 παρακαλῶ.
3471 2849 3749 2922 Δεύτερον

2147 2933 2256 3005 γὰρ
2293 2928 2433 2997 εἶδος
2464 2933 2670 3006 δωρεᾶς
2698 2936 2981 3008 δάνεισμα.
3010 2939 3187 2994 Ποιεῖν
3208 2940 3266 2993 δὲ
3290 2940 3450 2994 τοῦτο
3490 2942 3565 3013 μὴ
3600 2944 3751 3012 μετὰ

2149 3027 2325 3082 τόκων
2366 3029 2501 3100 μηδὲ
2545 3029 2921 3101 πλεονασμῶν,
2966 3032 3105 3086 ἀλλὰ
3136 3031 3320 3098 καθὼς
3350 3036 3482 3105 ἡμῖν
3521 3038 3550 3089 ὁ
3594 3035 3751 3100 θεῖος

2149 3121 2430 3186 διετάξατο
2471 3120 2649 3190 λόγος.
2703 3122 2935 3193 Ὁμοίως
2961 3124 3070 3194 γὰρ
3117 3125 3299 3196 ἔνοχος
3323 3127 3602 3200 τιμωρίᾳ,
3639 3132 3747 3183 καὶ

2149 3211 2178 3262 ὁ
2225 3211 2299 3281 μὴ
2343 3210 2518 3275 διδοὺς
2560 3212 2863 3282 δάνεισμα,
2919 3214 3013 3266 καὶ
3057 3215 3088 3267 ό
3134 3215 3273 3284 μετά
3314 3216 3490 3270 τόκων
3536 3216 3746 3282 διδούς.

2163 3303 2381 3373 Ἐπειδὴ
2421 3304 2513 3356 τοῦ
2564 3305 2664 3373 μὲν
2718 3305 2779 3358 τὸ
2823 3305 3230 3378 μισάνθρωπον,
3272 3307 3367 3361 τοῦ
3425 3308 3482 3362 δὲ
3526 3309 3588 3362 τὸ
3639 3327 3752 3364 κα-

2150 3394 2382 3462 πηλικὸν
2437 3394 2853 3468 κατακέκριται.
2913 3399 2976 3451 Oi
3038 3398 3096 3451 δὲ
3145 3399 3283 3469 πρὸς
3336 3398 3436 3470 τὴν
3489 3400 3750 3455 ἐναντίαν

2148 3483 2540 3554 αὐτομολοῦσιν
2569 3487 2872 3558 ἀκρότητα,
2907 3490 2985 3553 είς
3005 3490 3068 3543 τὸ
3101 3492 3360 3556 παντελὲς
3395 3491 3611 3560 ἐφέξειν
3638 3495 3750 3564 τὴν

2151 3573 2297 3627 δόσιν
2323 3575 2806 3648 ἐπαγγελλόμενοι.
2835 3580 2992 3634 Ἐστι
3017 3581 3075 3635 δὲ
3102 3583 3262 3636 τοῦτο
3291 3583 3516 3655 ἀναιδὴς
3541 3583 3751 3639 ἐνστα-

2153 3683 2238 3728 σις
2270 3665 2406 3737 (64),
2449 3668 2584 3740 πρὸς
2614 3669 2676 3723 τὸ
2697 3670 2903 3727 δίκαιον
2928 3673 3229 3741 φιλονεικία
3263 3674 3568 3746 μανιώδης,
3595 3676 3751 3750 πρὸς

2151 3757 2283 3811 Θεὸν
2320 3759 2435 3829 ἔρις
2475 3761 2566 3814 καὶ
2606 3761 2860 3834 πόλεμος.
2912 3763 2984 3818 Ἢ
3019 3767 3128 3838 γὰρ
3161 3767 3224 3820 οὐ
3260 3767 3450 3836 δώσω,
3479 3769 3675 3839 φησὶν,
3713 3767 3749 3839 ἢ

2150 3849 2409 3915 δανείζων
2448 3853 2664 3906 ἔντοκον
2696 3855 2932 3926 θήσομαι
2966 3857 3031 3910 τὸ
3067 3858 3439 3930 συνάλλαγμα.

465 3945 725 4015 omnique
774 3941 940 3997 modo
974 3957 1004 3994 a
1047 3941 1230 3995 dando
1295 3942 1573 4002 abstinere
1629 3943 1841 3996 volunt.
1886 3942 2044 4008 Quod
2083 3959 2216 4000 sane
2247 3944 2534 4015 impudens
2575 3959 2662 4004 est
2708 3951 3071 4021 propositum,
3107 3963 3160 4009 et
3206 3965 3402 4014 contra
3457 3955 3554 4026 jus
3621 3953 3752 4013 fas-

467 4054 578 4108 que
613 4038 819 4092 furiosa
873 4036 1194 4101 contentio,
1266 4036 1448 4106 lisque
1505 4047 1558 4090 et
1629 4036 1830 4091 bellum
1902 4045 2096 4092 contra
2161 4039 2351 4095 Deum.
2383 4042 2483 4098 Vel
2525 4044 2671 4100 enim
2729 4061 2842 4101 non
2878 4049 3286 4121 dabo,inqnit,
3337 4053 3426 4108 vel
3478 4059 3746 4108 mutuum

467 4132 610 4186 dans
643 4135 988 4183 contractum
1024 4126 1218 4183 faciam
1268 4127 1660 4184 feneratitium.

537 4222 740 4278 Contra
772 4221 1057 4275 usurarios
1115 4221 1284 4291 igitur
1326 4223 1464 4276 satis
1523 4221 1792 4276 hactenus
1839 4220 2046 4275 dictum

465 4321 607 4376 esto,
654 4321 710 4368 et
761 4311 1130 4366 accusationis
1165 4312 1344 4382 capita
1378 4312 1670 4382 perspicue
1701 4318 1960 4381 tanquam
1990 4311 2046 4365 in

2224 4220 2368 4290 Πρὸς
2413 4221 2512 4292 μὲν
2552 4219 2646 4277 οὖν
2685 4224 2813 4288 τούς
2851 4226 3219 4297 τοκογλύφους
3259 4230 3459 4292 ἱκανῶς
3505 4234 3534 4285 ό
3577 4233 3748 4304 λόγος

2149 4317 2540 4388 διηγωνίσατο,
2566 4321 2662 4374 καὶ
2691 4323 2982 4396 αὐτάρκως
3025 4343 3113 4395 μοι
3137 4326 3205 4380 τὰ.
3223 4329 3325 4398 τῆς
3355 4335 3707 4404 κατηγορίας
3727 4376 3746 4400 ,

467 4405 590 4460 foro
618 4412 674 4460 et
699 4418 886 4459 coram
921 4403 1106 4474 judice
1147 4403 1523 4458 demonstrata
1557 4411 1710 4459 sunt.
1747 4402 1890 4459 Deus
1937 4404 2046 4457 lar-

2152 4407 2242 4501 xix;~
2254 4411 2312 4460 ἐν
2335 4409 2692 4484 δικαστηρίῳ,
2722 4413 3016 4474 δείκνυται.
3055 4419 3165 4472 Καὶ
3183 4419 3298 4490 δοίη
3330 4421 3360 4474 ὁ
3388 4421 3522 4486 Θεὸς
3546 4402 3749 4489 αὐτοῖς

466 4497 646 4567 giatur
721 4495 800 4551 eis
869 4495 1245 4566 pmnitentiam
1311 4493 1744 4549 malefactorum.
1802 4495 1884 4549 Ad
1925 4495 2048 4551 illos

468 4595 674 4651 autem,
705 4587 799 4658 qui
837 4593 1088 4657 prompte
1139 4584 1274 4638 dant
1306 4594 1557 4639 mutuum
1590 4623 1606 4648 ,
1643 4599 2048 4655 usurarumque

469 4684 647 4738 hamis
690 4697 812 4738 sese
875 4681 1184 4744 aﬂixerunt,
1231 4681 1441 4735 nullum
1495 4681 1721 4736 verbum
1799 4680 1996 4736 faciam
2029 4719 2044 4744 ,

469 4775 719 4830 sutlicere
778 4781 933 4828 ratus
972 4772 1266 4828 consilium
1293 4813 1309 4840 ,
1348 4771 1495 4841 quod
1523 4773 1743 4829 divinus
1775 4773 1924 4828 dedit
1947 4772 2047 4826 Ba-

469 4865 626 4921 silius
675 4863 730 4918 in
782 4863 1003 4934 propria
1067 4863 1136 4918 de
1203 4863 1307 4917 hoc
1361 4872 1686 4934 argumento
1736 4865 2041 4932 concione,

469 4959 721 5028 pluribus
775 4971 900 5010 cum
970 4955 1081 5009 illis
1128 4969 1294 5024 agens
1327 4995 1342 5019 ,
1396 4956 1491 5024 qui
1541 4957 1851 5012 inconsulte
1911 4956 2046 5013 dant

469 5057 741 5112 mutuum,
773 5063 936 5117 q'tam
981 5047 1074 5116 qui
1129 5045 1372 5100 avaritiae
1425 5061 1589 5102 causa
1642 5047 1696 5102 id
1741 5046 1971 5102 faciunt.

541 5244 651 5314 (θῦ)
696 5242 1067 5314 Κατάσχητεζ.
1127 5242 1224 5298 Ed.
1269 5244 1597 5314 κατασχῆτε.
1649 5248 1736 5307 At.
1785 5265 1835 5300 v.
1893 5249 2043 5304 Butt-

470 5313 659 5392 man-
821 5331 901 5392 ςιν-
941 5324 983 5392 εε
1012 5313 1074 5378 ll.
1107 5330 1159 5386 ι)-
1197 5314 1297 5392 18.7
1331 5330 1453 5392 ερατ

539 5385 651 5454 (61)
690 5383 1084 5456 A'I'yftglllon.
1108 5383 1175 5456 ξι
1197 5383 1293 5456 Ed.
1330 5386 1456 5439 anni
1486 5385 1643 5456 1658,
1676 5389 1822 5456 ἡμᾶς
1861 5389 2043 5444 minus

469 5450 642 5519 bene,
658 5453 702 5508 si
732 5450 860 5520 quid
881 5453 1056 5508 video.
1110 5453 1275 5508 Paulo
1323 5463 1470 5517 ante,
1519 5450 1666 5510 Mon.
1697 5450 1801 5509 ὐπ’
1833 5458 2040 5512 ὀδόντα.

540 5522 655 5592 (62)
697 5522 859 5588 Ὧς...
891 5523 1246 5592 λεγομένων.
1276 5522 1401 5579 Ilaec
1446 5525 1607 5580 verba
1638 5541 1666 5578 a
1708 5529 2042 5584 correctoris

468 5607 636 5661 manu
665 5592 720 5661 in
742 5593 987 5661 margine
1004 5591 1168 5661 habet
1187 5591 1340 5661 dion.

539 5660 653 5730 (65)
682 5659 1117 5716 ’Λποκζιεισειικ
1155 5659 1298 5717 Mon.
1332 5663 1638 5718 ἀπολέσειν.
1673 5665 1794 5723 Mox
1824 5667 1898 5723 id.
1928 5665 2039 5738 ἐγὼ

2150 4498 2245 4553 τοῦ
2287 4502 2460 4555 κακοῦ
2510 4505 2895 4575 μεταμέλειαν.
2943 4509 3086 4580 Πρὸς
3137 4511 3193 4563 δὲ
3241 4513 3369 4575 τοὺς
3422 4517 3748 4586 προχείρως

2149 4591 2560 4662 δανειζομένους
2585 4597 2819 4661 καὶτοῖς
2859 4599 3179 4672 ἀγκίστροις
3218 4601 3328 4655 τῶν
3365 4603 3540 4656 τόκων
3581 4605 3753 4675 ῥιψο-

2151 4685 2406 4749 κινδύνως
2454 4687 2682 4752 ἑαυτοὺς
2727 4691 3169 4762 περιπείροντας,
3195 4694 3386 4748 οὐδένα
3432 4699 3750 4767 ποιήσομαι

2149 4776 2328 4845 λόγον,
2356 4778 2546 4848 ἀρκεῖν
2575 4779 2759 4844 αὐτοῖς
2783 4782 2975 4852 κρίνας
3007 4783 3108 4855 τὴν
3137 4787 3465 4858 συμϐουλὴν,
3494 4791 3561 4858 ἢν
3583 4789 3612 4839 ό
3651 4790 3755 4844 Θε-

2151 4869 2371 4933 σπέσιος
2395 4871 2586 4942 Πατὴρ
2614 4874 2644 4942 ἡ
2654 4873 2770 4942 μῶν
2798 4874 3077 4941 Βασίλειος
3105 4879 3164 4930 ὲν
3194 4878 3271 4948 τῷ
3303 4878 3420 4949 ἰδίῳ
3451 4882 3756 4953 συγγράμ-

2154 4978 2284 5031 ματι
2311 4962 2490 5032 σοφῶς
2525 4962 2849 5034 ἐξεπόνησε,
2884 4968 3105 5024 πλείονα
3145 4971 3281 5041 πρὸς
3314 4974 3442 5036 τοὺς
3484 4973 3754 5039 ἀδούλως

2152 5054 2598 5126 δανειζομένους,
2657 5057 2690 5127 ἢ
2754 5059 2882 5122 τοὺς
2944 5061 3342 5127 πλεονεκτικῶς
3384 5060 3753 5129 δανείζοντας

2151 5148 2519 5218 ποιησάμενος
2543 5149 2718 5218 λόγον.

2155 5257 2254 5339 μὲν
2287 5260 2501 5328 πρῶτον
2535 5262 2632 5344 μὲν
2659 5263 2720 5315 τὸ
2761 5263 2809 5346 δ’.
2845 5264 2918 5321 De
2954 5269 3219 5337 particula
3259 5260 3533 5351 psit-falso
3564 5288 3750 5396 rexe-

2151 5337 2245 5411 trta
2277 5331 2496 5411 v_._Bast.
2524 5336 2698 5411 Epist.
2726 5344 2847 5391 cru.
2902 5337 3109 5411 p._123
3157 5356 3240 5411 sq.
3292 5340 3570 5411 ειιηιιιρε.
3667 5343 3750 5399 'r.

2151 5397 2267 5453 Mox
2307 5384 2449 5481 Mori.
2465 5384 2930 5472 ia—priimavtna'nur
2941 5384 3354 5481 ξδιᾶἱῆ
3367 5384 3754 5481 ῥῖὲἷῖἰωὲίὸ

2149 5477 2478 5549 correctoris
2506 5488 2700 5527 manus
2726 5477 2956 5549 margini
2996 5477 3252 5547 apposuit
3275 5477 3553 5549 κηρύσσω.

2147 5536 2533 5679 assam-on.
2597 5558 2702 5599 non
2739 5536 2874 5613 post
2908 5536 3179 5615 Evo-t'at'ctq,
3213 5549 3309 5605 sed
3334 5536 3486 5620 "post
3517 5549 3755 5608 δίκαιον
