4072 6156
239 5159 250 5213 l

313 258 421 318 $53

1470 253 1558 307 DE
1609 250 2055 311 .PAUPERIBUS
2092 249 2418 309 AMANDIS.

3465 250 3572 305 454

339 397 3539 438 mm

802 689 809 698 α
1174 566 1402 657 ΤΟΥ
1472 567 1617 652 EN
1673 566 1883 652 ΑΓΙ(

1982 563 2038 650 Σ
2107 561 2726 653 ΓΡΗΓΟΡΙΟΥ

599 809 958 927 ΠΕΡΙ
1059 801 2125 924 ΦΙΛΟΠΤΩΧΙΑΣ
2206 805 2484 918 ΚΑΙ
2567 801 3294 922 ΕΥΠΟΙΙΑΣ

1785 1035 2006 1090 ΛΟΓΟΣ
2030 1038 2109 1090 A'.

1925 1217 1997 1233 -ι-

1357 1358 1453 1447 S.
1541 1360 1648 1448 P.
1753 1358 1871 1448 N.
1953 1356 2532 1452 GBEGORII

1023 1596 1206 1708 DE
1283 1594 2158 1711 PAUPERIBUS
2217 1593 2868 1712 AMANDIS

1265 1822 1362 1880 ET
1404 1820 1934 1880 BENIGNITATE
1982 1819 2618 1880 COHPLECTENDIS

1713 1973 1972 2032 ORATIO
2003 1972 2022 2027 ι
2069 1974 2168 2047 (α).

1501 2129 1645 2184 Petro
1672 2128 1935 2182 Fraudata
1977 2130 2018 2181 Ζ
2020 2126 2102 2182 ina
2137 2126 2409 2196 interprete.

383 2439 449 2496 '0
488 2436 588 2512 τῆς
624 2433 952 2508 Ἑκκλησίας
1001 2431 1205 2504 ταύτης
1250 2433 1532 2506 πρόεδρος,
1580 2435 1676 2489 καὶ
1702 2436 1751 2490 oi
1785 2436 1883 2509 τῆς

2062 2439 2166 2506 Qui
2201 2439 2328 2496 huic
2351 2439 2608 2496 Ecclesiae
2638 2438 2914 2511 praesidet,
2953 2449 3116 2512 atque
3173 2442 3310 2500 adeo
3351 2458 3564 2512 omnes,

292 2527 581 2593 ἀπλανοῦς
633 2524 914 2589 εὐσεϐείας
957 2525 1051 2578 καὶ
1084 2525 1182 2596 τῆς
1210 2523 1330 2578 κατ’
1371 2525 1572 2598 ἀρετὴν
1609 2525 1883 2591 πολιτείας

295 2621 636 2682 διδάσκαλοι,
667 2615 868 2687 πολλὴν
913 2614 1095 2686 ἔχουσι
1129 2613 1269 2688 πρὸς
1307 2613 1434 2678 τοὺς
1464 2618 1884 2686 γραμματιστὰς

299 2713 399 2769 καὶ
417 2712 546 2774 τοὺς
573 2708 864 2770 παιδευτὰς
897 2705 1004 2760 τῶν
1026 2704 1257 2777 πρώτων
1281 2706 1558 2776 στοιχείων
1582 2707 1681 2779 τὴν
1699 2709 1885 2780 ὁμοιό-

297 2820 463 2874 τητα.
501 2802 712 2870 Ὠσπερ
745 2798 853 2870 γάρ
882 2798 1081 2851 ἐκεῖνοι
1127 2796 1254 2861 τοὺς
1300 2796 1528 2867 νηπίους
1570 2799 1666 2852 καὶ
1698 2799 1884 2870 ψελλι-

300 2895 570 2968 ζομὲνους
601 2893 681 2946 ἐτι
731 2891 926 2954 παῖδας
973 2889 1125 2962 παρὰ
1155 2889 1262 2942 τῶν
1297 2889 1547 2960 πατέρων
1576 2889 1882 2963 δεξάμενοι,

295 2984 405 3038 οὐκ
433 2983 597 3046 εὐθὺς
623 2981 714 3035 ἐπὶ
729 2977 796 3033 τά
823 2978 1131 3050 τελειότερα
1148 2977 1257 3032 τῶν
1280 2977 1614 3050 μαθημάτων
1640 2982 1882 3052 ἄγουσιν,

299 3075 441 3130 ἀλλὰ
469 3072 731 3143 πρότερον
755 3071 812 3124 ἐν
835 3069 914 3141 τῷ
942 3068 1096 3139 κηρῷ
1138 3069 1202 3122 τὸ
1232 3068 1375 3138 ἄλφα
1408 3071 1762 3142 χαράξαντες,
1793 3076 1887 3129 καὶ

301 3165 372 3218 τὰ
412 3162 539 3232 ἑξῆς
570 3160 679 3214 τῶν
715 3159 1013 3230 στοιχείων,
1043 3158 1114 3212 τά
1131 3174 1190 3211 τε
1218 3158 1456 3229 ὀνόματα
1483 3161 1660 3214 αὐτῶν
1690 3161 1888 3217 εἰδέναι

297 3254 634 3317 διδάσκουσι,
670 3249 895 3313 καὶτοῖς
921 3248 1114 3313 τύποις
1138 3249 1250 3313 τοῖς
1281 3251 1568 3320 γραφεῖσιν
1601 3251 1886 3307 ὲνασκοῦσι

297 3347 404 3416 τὴν
453 3345 612 3415 χεῖρα
632 3357 647 3372 ·
704 3341 841 3412 μετὰ
871 3339 927 3394 δὲ
958 3340 1116 3394 τοῦτο
1145 3342 1262 3404 ταῖς
1303 3340 1594 3406 ωλλαὸαἳς
1621 3343 1888 3413 προϐιϐά-

299 3435 482 3500 ζουσι,
514 3432 607 3487 καὶ
637 3431 747 3485 τῶν
778 3431 1056 3502 ὀνομάτων
1093 3430 1220 3501 ἑξῆς
1248 3431 1558 3485 παιδεύουσι
1585 3432 1682 3505 τὴν
1713 3434 1892 3503 ἐκφώ-

297 3543 457 3596 νησιν
485 3541 498 3554 ·
543 3521 717 3586 οὕτως
763 3520 858 3575 καὶ
896 3520 996 3592 τῆς
1029 3520 1323 3590 ἐκκλησίας
1364 3521 1735 3593 καθηγεμόνες
1777 3527 1890 3588 τοῖς

297 3613 714 3687 στοιχ[ει]ώδεσι
755 3611 971 3684 πρῶτον
1001 3610 1108 3664 τῶν
1153 3611 1492 3684 μαθημάτων
1523 3615 1890 3686 προσάγοντες

295 3709 392 3762 τὸν
420 3704 719 3777 ἀκροατὴν,
757 3703 1060 3774 παρέχουσι
1098 3701 1208 3756 τῶν
1239 3703 1599 3776 τελειωτέρων
1622 3706 1722 3777 τὴν
1747 3706 1892 3776 γνῶ-

296 3814 407 3853 σιν.

385 3971 606 4042 Ἐπειδὴ
631 3970 812 4024 τοίνυν
839 3970 896 4023 ὲν
929 3967 1022 4022 δύο
1052 3969 1171 4033 ταῖς
1197 3968 1594 4040 προλαϐούσαις
1625 3969 1881 4042 ἡμέραις,

294 4064 401 4134 τῆς
429 4063 709 4133 φάρυγγος
740 4059 836 4113 καὶ
864 4058 966 4129 τῆς
994 4058 1230 4129 γαστρὸς
1269 4057 1366 4128 τὴν
1399 4057 1707 4128 φιληδονίαν
1743 4060 1882 4113 ἐσω-

297 4153 660 4226 φρονίσαμεν,
694 4152 767 4221 μή
801 4167 868 4221 με
900 4148 1122 4220 οίηθῆτε
1170 4149 1264 4203 καὶ
1293 4149 1531 4219 σήμερον
1575 4149 1645 4202 τά
1678 4150 1881 4222 συνήθη

296 4244 499 4310 λέξειν,
521 4242 600 4306 ὡς
631 4242 796 4296 καλὸν
841 4242 1249 4314 καταφρονῆσαι
1295 4239 1494 4310 κρεῶν,
1525 4239 1616 4293 καὶ
1646 4240 1880 4312 ἀποσχὲ-

298 4333 427 4386 σθαι
459 4331 556 4385 τοῦ
589 4331 944 4400 φιλογέλωτος
991 4329 1134 4382 οῐνου
1162 4329 1256 4382 καὶ
1286 4327 1606 4399 βακχευτοῦο
1638 4329 1879 4400 ἐπισχεῖν

296 4423 353 4477 δὲ
377 4423 507 4485 τοὺς
535 4421 851 4491 μαγείρους,
885 4419 980 4472 καὶ
1003 4419 1182 4472 πᾶσαν
1203 4417 1298 4471 τοῦ
1329 4417 1566 4488 οἰνοχόου
1590 4419 1690 4491 τὴν
1720 4423 1880 4492 χεῖρα

295 4514 638 4583 κάμνουσαν.
689 4511 873 4566 Ταῦτα
897 4511 1006 4582 γὰρ
1048 4509 1171 4582 ἐμοί
1203 4526 1264 4563 τε
1296 4509 1496 4574 ἱκανῶς
1519 4510 1752 4581 εἴρηται,
1783 4513 1878 4565 καὶ

296 4606 460 4677 ὑμεῖς
518 4604 605 4658 διὰ
657 4604 766 4658 τῶν
813 4604 1152 4676 πραγμάτων
1191 4603 1412 4673 ἐνεργὸν
1442 4602 1541 4673 τὴν
1574 4601 1881 4674 συμϐουλὴν

296 4695 668 4762 ἐπεδείξασθε.
742 4695 816 4749 Τὸ
891 4696 950 4749 δὲ
1004 4695 1218 4767 πρῶτον
1289 4694 1515 4766 μάθημα
1565 4695 1880 4765 ἀσκηθεῖσιν

295 4786 660 4860 [ἀσκούντων]
686 4787 834 4858 ὑμῖν,
871 4787 1032 4840 καλὸν
1065 4788 1127 4840 ὲκ
1163 4786 1530 4863 προσαγωγῆς
1561 4787 1881 4857 μεταδοῦναι

292 4876 407 4930 τῶν
440 4875 701 4946 μειζόνων
728 4877 821 4929 καὶ¹
847 4875 1258 4948 ἁνδρικωτὲρων
1299 4874 1484 4928 λοιπὸν
1511 4876 1874 4947 διδαγμάτων.

1990 2528 2084 2598 qui
2120 2544 2180 2584 se
2202 2543 2342 2584 verte
2377 2528 2596 2598 pietatis
2629 2535 2683 2582 et
2722 2527 2841 2597 ejus
2872 2527 3086 2582 vivendi
3135 2530 3387 2596 rationis,
3443 2547 3566 2598 quae

1986 2633 2054 2672 ex
2119 2621 2320 2676 virtute
2363 2628 2467 2683 est,
2515 2619 2808 2688 magistros
2859 2620 3204 2691 proﬁtentur,
3253 2621 3566 2678 hominibus

1990 2710 2098 2766 illis
2134 2717 2263 2766 sunt
2290 2710 2583 2766 admodum
2610 2710 2839 2774 similes,
2879 2711 2970 2780 qui
3020 2713 3427 2780 grammaticam
3462 2713 3564 2768 do-

1986 2808 2135 2864 cent,
2171 2808 2224 2856 et
2253 2801 2428 2871 prima
2453 2799 2678 2853 tradunt
2704 2799 3319 2854 elementalitterarum.
3351 2799 3564 2855 Etenim

1985 2893 2448 2962 quemadmodum
2486 2891 2539 2945 hi
2571 2905 2816 2961 puerose
2845 2901 3134 2958 parentum
3166 2891 3416 2946 manibus
3441 2907 3565 2946 sus-

1985 2993 2174 3056 ceptos
2223 2984 2404 3038 adhuc
2451 2981 2688 3037 infantes
2735 2989 2788 3036 et
2818 2981 3182 3036 balbutientes
3232 2997 3340 3036 non
3395 2983 3564 3052 proti-

1986 3090 2092 3130 nus
2124 3074 2324 3130 abditis
2348 3073 2760 3142 disciplinarum
2803 3073 3257 3142 prmceptionibus
3311 3082 3561 3135 onerant,

1989 3165 2081 3219 sed
2117 3165 2295 3235 primo
2322 3164 2629 3219 litterarum
2666 3163 2868 3217 formas
2913 3162 3224 3234 insculpunt
3287 3162 3344 3217 in
3395 3163 3561 3226 ceris.

1987 3269 2287 3327 earumque
2341 3254 2562 3309 nomina
2615 3253 2918 3316 declarant,
2966 3261 3020 3308 et
3071 3253 3311 3324 ipsorum
3364 3269 3561 3308 manus

1989 3360 2086 3415 per
2134 3345 2431 3415 impressus
2491 3344 2614 3398 illos
2656 3342 2958 3400 litterarum
3014 3343 3210 3399 ductus
3271 3351 3438 3414 agunt
3507 3352 3563 3397 ιιι

1987 3441 2266 3497 exercent;
2297 3448 2420 3486 mox
2451 3445 2546 3486 eos
2575 3431 2646 3484 ob
2679 3431 3011 3501 syllabarum
3041 3431 3406 3501 cognitionem
3433 3446 3560 3500 pro-

1987 3523 2218 3588 vehunt,
2252 3529 2417 3591 atque
2456 3522 2532 3574 ita
2583 3520 2841 3588 deinceps
2887 3519 2954 3574 ad
3003 3521 3294 3575 verborum
3335 3536 3560 3589 expres-

1989 3615 2199 3670 sionem
2227 3613 2572 3682 perdueunt;
2609 3609 2688 3664 sic
2721 3609 2980 3664 Ecclesia:
3000 3608 3170 3664 duces
3201 3610 3356 3664 initio
3389 3609 3560 3664 docu-

1951 3697 1954 3700 ’
1993 3712 2196 3766 menta,
2238 3717 2360 3772 qua:
2389 3701 2500 3755 sint
2547 3701 2724 3755 instar
2752 3700 3166 3763 elementorum,
3217 3700 3560 3758 auditoribus

1919 3785 1962 3840 Β
1991 3799 2320 3864 proponunt,
2345 3790 2539 3846 deinde
2553 3789 2819 3862 gradatim
2845 3803 2930 3853 ea,
2959 3803 3080 3858 quae
3099 3789 3420 3859 perfectiora
3443 3806 3560 3846 ma-

1989 3885 2179 3958 gisque
2205 3883 2486 3940 recondita
2513 3891 2662 3948 sunt,
2702 3881 3057 3951 patefaciunt.

2059 3973 2328 4043 Quoniam
2359 3974 2528 4045 igitur
2561 3973 2776 4030 duobus
2813 3973 3190 4043 superioribus
3219 3975 3413 4033 diebus
3462 3990 3558 4032 :u-

1986 4067 2266 4138 piditatem
2298 4067 2466 4129 illam,
2515 4080 2637 4135 qua:
2678 4065 2817 4135 gulae
2864 4065 3180 4133 ventrisque
3226 4068 3556 4138 voluptatem

1987 4164 2251 4220 sectatur,
2290 4154 2697 4225 castigavimus,
2745 4155 3006 4209 hodierna
3049 4157 3175 4210 item
3235 4157 3324 4212 die
3361 4159 3554 4215 iisdem

1986 4247 2054 4304 de
2086 4247 2252 4303 rebus
2276 4263 2362 4302 me
2388 4245 2552 4301 verba
2579 4245 2850 4301 facturum
2898 4261 2969 4302 ne
3003 4248 3350 4314 existimetis,
3409 4249 3556 4318 quod

1983 4337 2240 4392 videlicet
2268 4336 2557 4392 conveniat
2588 4344 2643 4392 et
2670 4351 2837 4390 carne
2873 4352 2981 4392 non
3029 4337 3201 4400 vesci,
3234 4345 3290 4391 et
3324 4352 3353 4390 a
3401 4339 3551 4405 vino,

1983 4427 2141 4498 cujus
2167 4426 2279 4482 fere
2308 4427 2472 4493 risus,
2503 4433 2559 4481 et
2579 4426 2791 4482 insania
2821 4427 3048 4481 comites
3077 4432 3226 4490 sunt,
3251 4426 3550 4492 abstinere,

1983 4527 2037 4574 et
2090 4519 2348 4574 cohibere
2387 4534 2690 4589 coquorum
2743 4519 3024 4584 studium;
3057 4526 3112 4571 et
3165 4517 3550 4586 pincemarum

1981 4624 2178 4664 manus
2216 4610 2514 4667 miscendis
2542 4610 3001 4682 porrigendisque
3029 4609 3242 4678 poculis
3293 4608 3552 4678 fatigatas

1982 4703 2363 4772 comprimere.
2395 4701 2470 4759 De
2497 4703 2582 4756 his
2611 4703 2757 4758 enim
2788 4709 2842 4755 et
2889 4715 2990 4754 nos
3024 4699 3158 4754 satis
3191 4700 3355 4753 multa
3409 4700 3551 4753 dixi-

1983 4806 2127 4856 mus,
2165 4803 2218 4847 et
2246 4809 2344 4849 vos
2389 4793 2680 4848 consilium
2716 4790 3252 4855 admonitionemque
3302 4798 3548 4844 nostram

1983 4884 2161 4953 reipsa
2197 4893 2251 4938 et
2273 4886 2430 4939 factis
2452 4881 2928 4956 eomprobavistis.
2955 4880 3134 4946 Quare
3153 4880 3280 4933 dum
3312 4882 3546 4949 primum
3595 4938 3616 4957 θ

296 4971 405 5024 hoc
449 4971 838 5026 documentum
871 4971 1144 5037 excolitis,
1197 4985 1379 5042 operae
1422 4972 1654 5041 pretium
1699 4979 1805 5038 est,
1853 4982 1915 5031 ut
1986 4977 2055 5034 ad
2112 4995 2175 5035 ea
2226 4981 2379 5035 vobis
2439 4981 2700 5036 tradenda
2770 4995 2891 5050 quae
2935 4978 3139 5049 majora
3191 4977 3548 5047 gravioraque

294 5077 358 5117 su
369 5072 447 5124 nt,
483 5061 917 5133 progrediamur.

369 5153 527 5208 Ἐστι
552 5153 729 5208 τοίνυν
759 5154 853 5207 καὶ
880 5153 1169 5225 ἀσώματος
1208 5157 1450 5226 νηστεία,
1478 5156 1573 5209 καὶ
1606 5155 1765 5220 ἄῡλος
1784 5159 1875 5226 ὲγ-

2047 5156 2144 5214 Est
2177 5158 2343 5229 igitur
2367 5159 2561 5229 jejuuii
2592 5167 2645 5215 et
2703 5161 3042 5217 abstinentia!
3091 5176 3281 5231 genus,
3339 5162 3484 5233 quod
3514 5178 3545 5218 a

192 5275 196 5278 η
289 5247 524 5320 κράτεια
551 5248 585 5317 ὴ
616 5246 745 5316 περὶ
768 5245 942 5318 ψυχὴν
960 5247 1296 5318 στρεφομένη
1328 5248 1504 5318 ἀποχὴ
1534 5247 1641 5301 τῶν
1653 5248 1837 5303 κακῶν
1862 5265 1875 5280 °

290 5341 409 5394 καὶ’
436 5339 503 5392 δι’
534 5338 752 5408 ἐκείνην
797 5340 930 5409 ἡμῖν
962 5339 1055 5391 καί⁵
1081 5337 1219 5408 αὕτη
1247 5337 1608 5408 ἐνομοθετήθη
1634 5339 1668 5408 ή
1701 5337 1878 5409 ἀποχὴ

191 5454 194 5458 ί
287 5429 402 5483 τῶν
436 5428 761 5500 βρωμάτων.
797 5426 1146 5500 Νηστεύσατε
1183 5428 1360 5481 τοίνυν
1389 5426 1496 5481 ἀπὸ
1528 5426 1746 5490 κακίας·
1791 5429 1880 5496 ἐγ-

1985 5264 2213 5318 corpnre
2257 5256 2311 5304 et
2372 5251 2598 5304 materia
2642 5250 2945 5320 sejunctum
2986 5260 3105 5319 est;
3139 5268 3371 5321 cumque
3425 5253 3547 5307 ani-

1985 5352 2126 5391 mam
2155 5338 2422 5392 duntaxat
2448 5338 2722 5408 respiciat,
2749 5355 2812 5393 ea
2873 5357 2931 5394 re
2961 5343 3260 5409 perhcitur,
3305 5350 3365 5394 ut
3394 5357 3422 5394 a
3465 5344 3548 5397 vi-

1984 5429 2076 5484 tiis
2111 5438 2507 5501 temperemus:
2533 5437 2696 5497 atque
2725 5429 2888 5499 hujus
2917 5429 3137 5498 quidem
3177 5431 3374 5499 jejunii
3420 5448 3547 5506 gra~

370 5603 841 5680 (a)_Grazee_edita
869 5619 950 5680 ex__
978 5616 1115 5656 mss.
1166 5598 1427 5659 Caesarea:
1458 5603 1748 5660 Viennens.
1794 5604 2161 5680 bibliotheca},
2225 5623 2276 5668 et
2343 5627 2407 5667 ex
2443 5607 2752 5680 apographo
2816 5621 2884 5664 ex
2932 5603 3191 5660 Vaticana
3246 5604 3542 5673 exscripta,

291 5672 504 5731 ωηεν.
527 5679 647 5731 Jac.
677 5672 954 5729 Sirtnoudi
985 5681 1254 5728 correcta.
