4072 6156
501 271 611 329 L55

1725 262 1787 319 S.
1817 259 2147 318 GREGORII
2178 258 2472 317 NYSSE‘NI

3629 264 3734 324 456

503 389 599 457 tia,
641 387 773 443 illud
817 386 1081 443 indictum
1125 392 1232 450 est,
1296 391 1356 438 ut
1397 397 1430 439 a
1471 381 1612 439 cibis
1665 383 2062 440 abstineamus.

2177 381 2548 455 κρατεύσασθε
2577 380 2686 436 ἀπὺ
2705 381 2804 452 τῆς
2827 379 2936 436 τῶν
2959 378 3252 452 ἀλλοτρίων
3281 379 3592 450 ἐπιθυμίαςο
3616 379 3744 433 άπό-

501 481 660 549 Quod
681 497 802 538 eum
832 481 904 536 ita
941 480 1032 545 sit,
1072 493 1102 532 a
1139 478 1347 547 malitia
1375 477 1640 548 ieiunate,
1689 479 1941 534 cohibete
1983 493 2070 533 re-

500 592 624 632 rum
672 576 972 630 alienarum
1020 571 1407 640 cupiditatem,
1471 584 1502 623 a
1554 568 1704 639 turpi
1751 576 1804 624 et
1865 568 2070 636 iniusto

502 673 711 736 quaestu
729 662 883 717 vobis
912 669 1228 728 temperate.
1259 657 1556 714 Avaritiam
1585 659 1906 713 Mammona:
1927 655 2072 712 fame

501 752 814 810 interficite.
861 747 1008 804 Nihil
1052 748 1197 803 domi
1253 749 1594 803 reconditum
1652 746 1868 810 habete,
1925 745 2069 814 quod

502 845 574 900 sit
599 858 695 913 per
722 845 831 896 vim
863 850 919 896 et
939 839 1162 910 rapinas
1183 846 1580 910 comparatum.
1611 836 1750 904 Quid
1772 838 1919 891 enim
1944 851 2073 906 pro-

501 935 640 990 derit
665 948 760 988 ore
793 947 1014 986 carnem
1067 946 1177 985 non
1236 931 1526 1000 attingere,
1588 929 1633 985 si
1689 927 2072 982 maledicentia

503 1027 726 1080 fratrem
763 1023 1013 1079 laceras?
1045 1022 1304 1090 Quaenam
1338 1023 1441 1077 erit
1471 1021 1700 1084 utilitas,
1732 1020 1800 1086 si,
1830 1020 1958 1076 dum
1981 1026 2072 1074 tua

500 1131 611 1170 non
655 1112 918 1176 comedis,
981 1126 1103 1181 qua:
1156 1112 1412 1181 pauperis
1474 1119 1623 1173 sunt,
1659 1125 1757 1180 per
1814 1108 2071 1178 iniuriam

502 1202 876 1274 subripueris?
899 1201 1032 1268 Qua:
1053 1216 1217 1271 porro
1241 1201 1411 1272 pietas
1441 1200 1566 1264 ista,
1591 1199 1639 1256 si
1661 1213 1857 1268 aquam
1881 1196 2074 1251 bibens

502 1307 688 1354 struas
721 1296 990 1361 fraudem,
1017 1309 1256 1349 consuas
1284 1293 1463 1358 dolos,
1508 1300 1563 1347 et
1608 1307 1674 1346 ex
1728 1289 2076 1360 improbitate

502 1389 824 1460 sanguinem
852 1387 1046 1443 sitias?
1070 1385 1253 1451 Quid?
1293 1383 1484 1439 Nonne
1514 1382 1684 1438 Judas
1734 1381 1898 1436 etiam
1949 1395 2074 1436 cum

501 1481 756 1536 undecim
783 1477 1110 1547 ieiunabat?
1140 1484 1377 1530 attamen
1422 1474 1552 1544 quia
1597 1487 1782 1528 mores
1835 1470 2077 1525 avaritia:

501 1571 715 1626 deditos
749 1584 856 1623 non
895 1566 1213 1628 refrenavit,
1256 1564 1392 1619 nihil
1427 1564 1494 1620 ad
1526 1563 1760 1619 salutem
1807 1562 1884 1616 illi
1928 1561 2075 1631 ieiu-

503 1664 656 1718 nium
700 1661 923 1732 profuit.
958 1658 1136 1726 Quid?
1185 1655 1332 1727 quod
1362 1655 1616 1711 diabolus
1662 1669 1788 1710 cum
1850 1653 2077 1724 spiritus

2172 475 2365 546 σχεσθε
2408 475 2633 546 κέρδους
2682 474 2889 528 ἁδίκουο
2914 474 3334 544 λιμοκτονήσατε
3375 471 3470 526 τοῦ
3496 471 3745 543 Μαμωνᾶ

2169 566 2267 634 τὴν
2297 563 2682 636 φιλαργυρίανο
2722 563 2887 634 μηδὲν
2924 564 3017 616 ἐπὶ
3044 563 3141 633 τῆς
3169 561 3344 624 οίκίας
3373 561 3514 614 ἔστω
3547 561 3743 630 κειμὴ-

2169 657 2302 722 λιον,
2324 658 2389 709 ἐκ
2419 656 2536 726 βίας
2560 657 2656 708 καὶ
2683 656 2958 726 ἁρπαγῆς.
2998 654 3064 706 Τί
3098 653 3207 725 γὰρ
3232 653 3445 722 ὕφελος,
3480 652 3546 705 ἂν
3574 651 3744 723 κρέας

2174 748 2250 820 μὴ
2270 747 2645 820 προσενέγκῃς
2662 746 2742 818 τῷ
2767 747 3012 816 στόματι,
3031 745 3124 799 καὶ
3152 745 3352 817 δάκνῃς
3377 746 3443 814 τῇ
3465 744 3630 814 κακίᾳ
3653 743 3746 796 τὸν

2171 835 2437 908 ἁδελφόν;
2471 840 2542 892 Ἦ
2571 839 2652 903 τίς
2691 838 2876 908 ὄνησις
2903 838 2966 890 ἂν
2997 836 3066 890 τὰ
3090 837 3158 890 σὰ
3197 836 3273 907 μὴ
3304 835 3504 910 φάγῃς,
3537 836 3632 888 καὶ
3650 836 3746 888 λά-

2172 929 2273 1000 ϐῃς
2299 929 2368 984 τά
2390 929 2482 983 τοῦ
2511 930 2741 1001 πένητος
2763 927 2960 991 ἀδίκως
2980 946 2994 994 ;
3019 927 3114 991 Τίς
3147 927 3203 980 δὲ
3233 925 3368 998 αὕτη
3392 925 3659 987 εὐσέϐεια,
3679 925 3746 978 ἂν

2174 1021 2317 1093 ὓδωρ
2386 1021 2576 1082 πίνων,
2614 1020 2790 1091 ράψῃς
2837 1019 3005 1084 δόλον,
3041 1019 3136 1072 καὶ
3173 1019 3401 1089 αἵματος
3430 1019 3658 1091 διψήσῃς
3681 1021 3746 1072 ἐκ

2174 1112 2477 1184 πονηρίας;
2514 1113 2832 1184 Ἐνήστευσε
2878 1111 3096 1173 πάντως
3139 1111 3276 1182 μετὰ
3307 1110 3417 1163 τῶν
3440 1111 3630 1164 ἕνδεκα
3653 1112 3746 1164 καὶ

2188 1204 2388 1268 Ἰούδας
2421 1220 2434 1233 ·
2464 1204 2602 1257 ἀλλὰ
2653 1204 2746 1257 τὸν
2793 1203 3124 1275 φιλάργυρον
3153 1203 3227 1274 μὴ
3254 1203 3500 1273 δαμάσας
3526 1203 3743 1272 τρόπον,

2174 1295 2326 1348 οὐδὲν
2367 1297 2447 1359 εἰς
2495 1295 2768 1367 σωτηρίαν
2797 1294 3052 1366 ὠφελήθη
3082 1294 3232 1363 παρὰ
3255 1294 3355 1365 τῆς
3377 1293 3610 1358 ἀσιτίας,
3637 1295 3749 1348 Καὶ

2173 1388 2204 1440 ὁ
2233 1386 2477 1450 διάϐολος
2532 1388 2631 1441 οὐκ
2662 1386 2850 1440 ἐσθίει·
2880 1387 3097 1457 πνεῦμα
3118 1387 3226 1457 γάρ
3258 1388 3404 1440 ἐστιν
3432 1385 3745 1458 ἀσώματον

2175 1479 2311 1534 ἀλλὰ
2355 1479 2446 1532 διὰ
2486 1479 2686 1533 κακίαν
2734 1479 2828 1532 τοῦ
2875 1478 3042 1548 ὕψους
3065 1477 3354 1534 ἀπέπεσεν.
3397 1478 3626 1550 Ὁμοίως
3653 1478 3750 1532 καὶ

2174 1572 2283 1625 τῶν
2307 1571 2576 1642 δαιμόνων
2630 1571 2882 1633 ἕκαστος,
2915 1569 3040 1624 οὔτε
3064 1570 3170 1640 ὄψα
3202 1569 3594 1642 προσφέρεται,
3624 1569 3750 1622 οὔτε

2177 1659 2527 1726 πολυποσίας,
2559 1660 2593 1732 ἢ
2626 1661 2793 1732 μέθης
2814 1661 3026 1731 δέχεται
3049 1661 3428 1732 κατηγόρημα.
3458 1659 3622 1724 Φύσις
3642 1661 3751 1733 γὰρ

502 1757 575 1814 sit
605 1753 853 1826 corporis
879 1766 1095 1822 expers,
1127 1750 1261 1805 nihil
1290 1763 1527 1819 unquam
1564 1747 1676 1803 edit
1722 1747 1967 1811 omnino,
2017 1753 2074 1801 et

2177 1753 2374 1816 αὐτοὺς
2439 1751 2540 1821 τῆς
2591 1751 2702 1805 τῶν
2757 1750 3061 1822 βρωμάτων
3128 1751 3413 1822 μετουσίας
3469 1750 3750 1822 ἐχώρισεν.

501 1855 683 1900 tamen
713 1849 934 1912 propter
961 1840 1361 1909 improbitatem
1406 1853 1439 1894 e
1471 1837 1692 1894 sublimi
1747 1837 1841 1891 illo
1876 1835 2073 1891 cecidit

499 1934 784 2008 dignitatis
814 1930 1005 2004 gradu.
1033 1931 1345 2000 Eademque
1381 1930 1594 1984 ratione
1635 1927 1822 1983 nullus
1867 1928 2068 1982 daemo-

2191 1843 2329 1897 Ἀλλ’
2363 1845 2511 1914 ὅμως
2538 1845 2634 1897 καὶ
2677 1843 2894 1914 νύκτωρ
2931 1844 3024 1898 καὶ⁵
3057 1842 3176 1914 μεθ’
3209 1843 3438 1915 ἡμέραν,
3463 1842 3752 1914 ἐμπλανώ-

2181 1952 2332 2004 μενοι
2376 1933 2454 2006 τῷ
2512 1934 2657 2006 ἀέρι,
2691 1933 2888 1997 κακίας
2919 1935 3026 1988 elei.
3059 1935 3278 2004 ποιηταλ⁸
3328 1935 3422 1988 καὶ
3461 1935 3752 2007 ὑπηρέται,

501 2043 633 2084 num
672 2033 777 2087 est.
804 2025 920 2094 qui,
955 2021 1098 2093 quod
1127 2029 1222 2076 aut
1247 2036 1308 2077 se
1335 2021 1582 2076 obsoniis
1617 2018 1931 2089 ingurgitet,
1979 2024 2073 2072 aut

2177 2027 2270 2079 xui.
2296 2025 2397 2089 τὰς
2428 2025 2550 2096 μεθ’
2581 2025 2740 2096 ἡμῶν
2778 2024 3071 2089 ἐπιϐουλὰς
3119 2025 3396 2097 ἐνεργοῦσι
3428 2025 3752 2090 σπουδαίως.

501 2120 791 2175 immodice
841 2117 1014 2181 bibat,
1048 2115 1369 2171 ebriosusve
1421 2113 1515 2176 sit,
1565 2111 1817 2168 accusari
1869 2111 2067 2180 possit.

2177 2115 2362 2186 Φθόνῳ
2383 2116 2442 2170 δὲ
2467 2116 2560 2170 καὶ
2579 2115 2848 2188 βασκανίᾳ
2871 2117 3145 2187 τήκονται,
3163 2116 3306 2170 ἃκαὶ
3331 2117 3550 2186 φεύγειν
3568 2116 3751 2182 καλὸν,

499 2208 706 2264 Natura
754 2206 900 2264 enim
943 2220 974 2260 a
1030 2204 1250 2260 bibendi
1285 2204 1590 2275 edendique
1650 2207 1977 2261 necessitate
2008 2204 2074 2258 li-

2179 2208 2228 2261 εί
2266 2207 2552 2278 μέλλοιμεν
2603 2207 2878 2280 ἄνθρωποι
2937 2209 3074 2280 πρὸς
3114 2207 3248 2262 Θεὸν
3285 2209 3562 2278 συγγενῶς
3588 2209 3753 2280 ἔχειν,

501 2299 618 2356 beri
650 2306 799 2355 sunt.
827 2295 1013 2366 Neque
1045 2306 1227 2352 tamen
1279 2297 1484 2352 idcirco
1509 2297 1595 2352 vel
1643 2297 1753 2362 die,
1782 2297 1869 2353 vel
1912 2305 2074 2352 nocte

2180 2298 2406 2353 ἐκείνων
2465 2299 2807 2355 ἐκπεσόντων
2854 2299 2956 2371 τῆς
3013 2299 3150 2372 πρὸς
3199 2299 3262 2354 τὸ
3308 2300 3511 2370 ἀγαθὸν
3556 2303 3754 2356 οἰκειό-

499 2405 600 2462 per
610 2405 735 2446 aera
751 2391 1010 2445 oberrare
1025 2401 1265 2457 unquam
1285 2394 1522 2454 cessant,
1544 2385 1869 2458 flagitiorum
1885 2397 2076 2443 aucto—
2180 2406 2366 2460 τητος.

501 2498 592 2539 res
620 2490 675 2537 et
703 2481 958 2536 ministri.
997 2479 1165 2536 Nobis
1191 2490 1371 2535 autem
1404 2480 1552 2534 omni
1580 2481 1765 2536 studio
1818 2481 2118 2536 moliuntur
2143 2480 2399 2540 insidias.
2438 2481 2676 2555 “Quippe
2743 2483 2912 2540 livore
2979 2484 3286 2556 liqueﬁunt,
3351 2497 3406 2543 et
3469 2487 3758 2543 tabescunt

502 2574 727 2638 invidia,
762 2573 903 2644 quod
938 2574 1006 2628 ad
1049 2588 1168 2628 eam
1203 2588 1302 2628 nos
1333 2573 1581 2630 homines
1612 2575 2036 2634 necessitudinis
2069 2576 2515 2648 coniunctionem
2565 2580 2848 2655 cum-«ipso
2908 2579 3038 2646 Deo,
3095 2589 3151 2636 et
3208 2581 3484 2640 felicitatis
3534 2597 3758 2654 posses-

502 2670 732 2732 sionem,
760 2684 791 2723 e
816 2682 924 2738 qua
951 2667 1053 2736 ipsi
1088 2665 1286 2734 deiecti
1327 2673 1476 2732 sunt,
1509 2667 1684 2724 simus
1733 2671 2070 2739 perventuri.
3613 2689 3617 2692 ~

574 2759 830 2815 Iloncstis
889 2759 1052 2827 igitur
1116 2773 1180 2811 ac
1239 2759 1400 2815 bonis
1473 2759 1722 2815 moribus
1774 2761 2081 2816 instruatur

501 2852 940 2907 Christianorum
967 2849 1096 2901 vita.
1124 2849 1324 2902 Eorum
1368 2849 1538 2904 animi
1569 2849 1847 2906 declinent
1894 2863 1949 2908 et
2004 2852 2082 2906 fu-

503 2945 654 3015 giant
686 2940 904 2996 malitia:
941 2939 1347 2994 detrimentum.
1399 2939 1533 2994 Nam
1567 2942 1614 2996 si
1663 2943 1792 2998 vino
1823 2952 1878 2999 et
1913 2959 2080 3000 carne

505 3038 891 3103 temperantes,
921 3028 1216 3086 obstrictos
1248 3030 1397 3086 vitiis
1441 3031 1654 3088 animos
1701 3033 2075 3102 habuerimus,

503 3126 638 3183 nihil
687 3123 984 3222 quidquam
1032 3122 1220 3222 nobis,
1271 3138 1394 3178 cum
1451 3123 1609 3178 aliter
1667 3126 1849 3181 animo
1905 3143 2069 3197 quam
2097 3163 2140 3222 ο

501 3217 845 3275 extrinsecus
870 3213 1048 3270 affecti
1101 3213 1294 3290 simius,
1329 3222 1424 3269 aut
1480 3229 1702 3282 aquam,
1757 3227 1851 3272 aut
1899 3219 2074 3282 olera,

504 3317 601 3366 aut
630 3321 848 3363 mensas
879 3307 999 3362 sine
1024 3304 1292 3375 sanguine
1339 3314 1580 3362 structas
1614 3307 1899 3377 profutura
1947 3324 2081 3379 prae-

501 3400 630 3455 dico
673 3405 838 3468 atque
886 3392 1170 3451 tesuﬁcor.
1230 3393 1460 3463 Propter
1510 3395 1835 3450 munditiam
1885 3398 2079 3452 animae

503 3503 632 3550 sunt
672 3491 874 3546 indicta
914 3488 1145 3559 ieiunia.
1194 3485 1326 3554 Qua:
1351 3489 1395 3544 si
1430 3496 1547 3544 tum
1601 3489 1902 3554 voluntate,
1959 3495 2077 3543 tum

503 3584 667 3641 factis
692 3582 1140 3654 coinquinantur,
1200 3580 1328 3648 quid
1364 3579 1594 3646 frustra,
1625 3595 1789 3650 quam
1808 3579 2075 3644 bibimus,

502 3691 698 3748 aquam
730 3672 1100 3731 insumimus?
1136 3671 1245 3726 Cur
1277 3672 1470 3742 ingens
1503 3671 1604 3727 hoc
1639 3686 1882 3734 caenum,
1931 3671 2077 3742 quod

503 3770 613 3825 elui
629 3785 691 3825 ex
701 3767 1031 3840 purgarique
1046 3778 1155 3818 non
1175 3769 1372 3832 potest,
1389 3763 1697 3818 excolitur?
1713 3762 1850 3829 Quid
1865 3777 1968 3817 con
1977 3762 2080 3817 fert

499 3858 769 3927 ieiunium
809 3853 1076 3922 corporis,
1105 3851 1213 3907 nisi
1245 3865 1401 3912 mens
1431 3865 1568 3920 pura
1605 3851 1919 3921 mundaque
1966 3852 2078 3908 sit?

504 3947 654 4001 Nihil
691 3947 837 4000 enim
899 3944 1095 4014 proﬁt,
1151 3957 1372 3998 currum
1433 3941 1672 3996 validum
1726 3956 1790 3996 ac
1837 3945 2076 4001 strenuis

507 4037 789 4109 quadrigis
820 4036 1146 4092 instructum
1185 4047 1326 4100 esse,
1353 4032 1398 4088 si
1416 4033 1602 4104 auriga
1627 4033 1862 4089 insaniat
1889 4054 1902 4089 :
1926 4037 2073 4091 nulla

504 4129 612 4186 erit
643 4127 781 4182 bene
809 4125 1082 4180 fabricatae
1115 4125 1268 4179 navis
1298 4123 1528 4187 utilitas,
1559 4123 1605 4179 si
1643 4124 1830 4181 ebrius
1855 4125 1928 4181 sit
1958 4127 2076 4196 ipse

505 4220 862 4290 gubernator.
899 4215 1180 4286 ieiunium
1232 4215 1455 4272 virtutis
1493 4215 1909 4272 fundamentum
1963 4225 2070 4274 est.

506 4307 972 4378 Quemadmodum
1009 4317 1185 4364 autem
1213 4307 1429 4362 navium
1488 4307 1710 4371 carinae,
1765 4317 1820 4363 ct
1875 4308 2074 4364 funda-

505 4410 689 4458 menta
710 4401 906 4456 domus
933 4399 1060 4454 licet
1095 4399 1332 4468 ingentia
1366 4399 1654 4468 subiicias,
1688 4399 1900 4454 inutilia
1919 4415 2074 4455 vana-

2255 2762 2684 2832 Παιδαγωγείτω
2736 2761 2918 2816 τοίνυν
2968 2764 3061 2816 τὸν
3101 2763 3216 2834 βίον
3254 2767 3364 2819 τῶν
3414 2769 3758 2840 Χριστιανῶν

2180 2854 2382 2926 τρόπος
2409 2855 2714 2924 φιλόσοφος.
2747 2856 2860 2910 Καὶ
2897 2857 2930 2926 ἡ
2961 2855 3108 2928 ψυχὴ
3145 2860 3394 2928 φευγέτω
3429 2861 3528 2932 τῆς
3560 2864 3760 2928 κακίας

2178 2945 2280 3016 τὴν
2339 2944 2560 3016 βλάϐην.
2594 2948 2691 3000 Ἂν
2732 2946 2842 3018 γάρ
2881 2949 3024 3001 οἴνου
3067 2947 3162 3002 καὶ
3203 2949 3380 3020 κρεῶν
3411 2952 3756 3023 ἀπεχόμενοι,

2178 3035 2291 3096 τοῖς
2319 3032 2461 3088 κατὰ
2499 3033 2758 3105 πρόθεσιν
2807 3037 3200 3108 ἁμαρτήμασιν
3238 3031 3388 3110 ὦμεν
3445 3042 3754 3111 ὑπεύθυνοι,

2179 3124 2450 3195 προλέγω,
2481 3126 2576 3179 καὶ
2603 3125 3088 3199 προμαρτύρομαι,
3129 3129 3205 3194 ὡς
3227 3130 3377 3186 οὐδὲν
3404 3133 3549 3202 ἡμᾶς
3575 3135 3760 3207 ὀνήσει

2180 3215 2324 3286 ὕδωρ
2353 3215 2448 3268 καὶ
2480 3214 2690 3286 λάχανα
2724 3218 2820 3271 καὶ
2846 3218 3178 3290 ἀναίμακτος
3208 3222 3475 3293 τράπεζα,
3509 3225 3760 3297 ἀνόμοιον

2179 3303 2277 3373 τῆς
2307 3303 2505 3367 ἔξωθεν
2531 3306 2852 3374 ἐπιφανείας
2874 3306 2971 3378 τὴν
3003 3309 3213 3365 ἔνδοθεν
3249 3311 3486 3367 διάθεσιν
3506 3315 3753 3386 ἔχοντας.

2179 3392 2278 3446 Διὰ
2330 3394 2681 3468 καθαρότητα
2728 3396 2906 3469 ψυχῆς
2943 3401 3306 3474 ἐνομοθετήθη
3339 3405 3581 3475 νηστεία.
3614 3409 3679 3461 El
3701 3409 3762 3464 δὲ

2181 3484 2367 3555 ἐκείνη
2395 3489 2462 3558 τῇ
2492 3487 2811 3559 προαιρέσει
2838 3491 2931 3544 καὶ
2967 3495 3087 3556 ταῖς
3114 3492 3301 3558 ἄλλαις
3328 3475 3631 3569 ἐνεργείαις
3663 3518 3763 3571 μο-

2178 3577 2420 3642 λύνεται,
2439 3579 2494 3632 τί
2519 3580 2697 3652 μάτην
2723 3581 3192 3655 προσδαπανῶμεν
3206 3586 3266 3640 τὸ
3288 3589 3572 3660 πινόμενον
3592 3590 3757 3663 ὕδωρς

2179 3669 2246 3722 Τί
2277 3669 2608 3724 άνέκπλυτον
2644 3673 2740 3727 καὶ
2793 3674 2959 3729 πολὺν
2989 3677 3293 3748 γεωργοῦσι
3337 3679 3428 3734 τὸν
3456 3681 3758 3756 βόρϐορονς

2179 3760 2277 3824 Τίς
2302 3761 2487 3833 ὄνησις
2517 3763 2616 3834 τῆς
2638 3765 2956 3846 σωματικῆς
2977 3770 3251 3838 νηστείας,
3281 3770 3348 3825 ἂν
3379 3772 3453 3844 μὴ
3478 3775 3758 3847 καθαρεύῃ

2177 3852 2208 3904 ό
2256 3850 2409 3917 νοῦς;
2460 3853 2626 3907 Οὐδὲν
2665 3854 2775 3927 γὰρ
2801 3854 3012 3926 δφελος,
3033 3858 3129 3912 ἐὰν
3152 3859 3214 3913 τὸ
3245 3862 3508 3933 ἀργύριον
3537 3867 3758 3937 ἰσχυρὸν

2179 3941 2401 4017 ὑπάρχῃ
2427 3944 2522 3997 καὶ
2548 3945 2610 3998 τὸ
2647 3947 2949 4018 τέθριππον
2985 3947 3266 4016 εὔτακτον,
3304 3957 3633 4025 μαινομένου
3663 3958 3757 4011 τοῦ

2178 4034 2420 4105 ἡνιόχου.
2448 4034 2514 4088 Τί
2559 4036 2616 4090 δὲ
2663 4037 2853 4107 ὄφελος
2879 4040 2978 4110 τῆς
3003 4036 3062 4094 εὖ
3093 4042 3444 4115 ἡρμοσμένης
3481 4047 3638 4111 νεὼς,
3661 4049 3778 4107 ἐὰν,

2181 4125 2354 4215 ύῃ
2375 4127 2549 4215 ό-κυόε
2557 4128 2783 4198 ρνήτης;
2801 4130 2885 4201 Νη
2893 4133 3044 4185 στεία
3056 4131 3113 4185 θε
3123 4133 3304 4203 μέλιος
3317 4136 3536 4208 ἀρετῆς.
3546 4139 3716 4195 Ὠσπε
3725 4161 3757 4215 ρ

2178 4213 2236 4266 δὲ
2268 4213 2516 4284 θεμέλιος
2564 4216 2741 4280 οἰκίας
2794 4219 2887 4271 καὶ
2927 4218 3119 4291 τρόπις
3165 4221 3349 4276 πλοίου
3384 4227 3631 4298 ἄχρηστα
3663 4213 3758 4284 καὶ

2179 4302 2439 4394 ἀνόνητα,
2474 4307 2578 4360 κᾶν
2607 4308 2809 4378 σφόδρα
2842 4311 3124 4382 καρτερῶς
3153 4314 3548 4386 ὑποϐληθῶσιν,
3581 4319 3646 4374 ἂν
3680 4322 3755 4394 μὴ

2179 4393 2249 4447 τὰ
2277 4394 2405 4466 ἑξῆς
2434 4397 2617 4461 αὐτοῖς
2645 4399 2751 4452 τῶν
2799 4400 3176 4472 ἐπιστημόνως
3204 4405 3598 4481 ἐποικοδομηθῇ
3622 4428 3636 4440 ⁸
3665 4414 3754 4466 οὕ-

503 4509 614 4564 que
644 4493 778 4555 sint,
807 4491 916 4547 nisi
946 4489 1184 4560 reliquas
1217 4491 1345 4544 item
1379 4497 1564 4560 partes
1588 4491 1760 4560 perite
1795 4500 1849 4546 et
1891 4491 2074 4547 scien-

2179 4503 2286 4576 τως
2315 4487 2408 4539 καὶ
2435 4487 2534 4555 τῆς
2580 4490 2905 4560 ἐγκρατείας
2932 4492 3131 4563 ταύτης
3159 4497 3312 4552 οὐδὲν
3341 4499 3551 4569 ὄφελος,
3582 4504 3648 4557 ἂν
3679 4507 3753 4576 μὴ

504 4593 590 4640 ter
617 4580 1084 4640 exaedificaveris:
1147 4579 1228 4634 sic
1283 4578 1445 4634 istius
1478 4580 1820 4635 abstinentiae
1867 4582 2076 4636 nullum

505 4676 612 4732 erit
643 4675 1094 4734 emolumentum,
1121 4669 1225 4726 nisi
1261 4670 1382 4724 aliae
1405 4669 1631 4738 iustitiae
1664 4678 1846 4741 partes
1890 4687 2079 4728 acces-

505 4768 698 4823 serint.
728 4764 915 4820 Timor
940 4762 1032 4819 Dei
1065 4762 1284 4818 erudiat
1310 4761 1550 4833 linguam
1582 4778 1645 4818 ea
1674 4778 1797 4833 quae
1821 4762 1976 4818 decet
1996 4765 2080 4820 lo-

505 4857 622 4928 qui,
647 4863 828 4912 tacere
843 4853 1143 4918 contraria,
1174 4853 1438 4922 temporis
1458 4853 1804 4908 occasionem
1829 4855 2079 4910 animad-

505 4954 739 5010 vertere,
766 4943 988 5000 modum
1027 4945 1357 4998 observare:
1405 4941 1506 4997 fari
1557 4944 1905 4999 necessaria:
1953 4952 2077 5014 apte

505 5037 880 5108 respondere:
923 5035 1171 5090 modeste
1203 5033 1411 5096 dicere,
1465 5049 1535 5089 ne
1575 5035 1862 5090 verborum
1908 5035 2075 5090 veluti

504 5128 770 5201 grandine
795 5126 1174 5195 colloquentes
1201 5123 1418 5178 obruat.
1478 5123 1690 5178 idcirco
1719 5125 1865 5179 enim
1910 5133 1964 5180 et
1995 5131 2077 5179 te-

507 5218 633 5274 nuis
662 5217 752 5271 illa
787 5215 1183 5280 membranula,
1224 5228 1347 5283 quae
1377 5227 1500 5266 cum
1535 5212 1652 5284 ipsa
1701 5213 1881 5285 lingua
1920 5229 2075 5269 men-

504 5318 621 5364 tum
673 5307 904 5362 inferius
949 5305 1206 5369 devincit,
1246 5304 1458 5359 frenum
1505 5303 1728 5368 dicitur,
1776 5319 1845 5358 ne
1892 5304 2074 5374 inepte

505 5395 782 5462 loquatur,
815 5400 872 5448 et
897 5392 1246 5448 inconcinne.
1277 5389 1557 5448 Laudibus
1584 5392 1769 5463 igitur,
1801 5408 1910 5448 non
1941 5409 2072 5448 con-
2107 5436 2116 5445 .

507 5483 665 5538 viciis
690 5491 907 5549 utatur;
951 5483 1227 5546 cantibus,
1260 5498 1368 5537 non
1423 5483 1748 5546 maledictis,
1800 5499 2076 5538 commen-

506 5571 843 5634 dationibus,
887 5586 993 5626 non
1022 5570 1530 5627 obtrectationibus.
1593 5569 1782 5627 Manus
1827 5573 2076 5642 petulans

506 5659 603 5716 Dei
639 5659 898 5714 memoria
953 5668 1212 5724 tanquam
1243 5669 1432 5718 catena
1493 5661 1672 5716 vincta
1731 5663 2068 5720 cohibeatur.

2175 4575 2273 4647 τὴν
2291 4576 2456 4647 ἄλλην
2477 4577 2821 4650 δικαιοσύνην
2859 4585 3112 4655 προσφυῆ
3147 4587 3242 4640 καὶ
3273 4590 3563 4646 ἀκόλουθον
3599 4575 3751 4664 δέεηέ

2174 4682 2283 4719 ται.
2313 4667 2480 4732 Φόϐος
2505 4669 2640 4723 Θεοῦ
2674 4671 2969 4727 διδασκέτω
3016 4675 3114 4747 τήν
3148 4677 3391 4745 γλῶτταν
3421 4683 3750 4754 φθέγγεσθαι

2174 4756 2211 4811 ἃ
2244 4759 2534 4830 προσήκει,
2584 4762 2658 4830 μὴ
2708 4761 2886 4816 λαλεῖν
2923 4766 2989 4819 τά
3023 4766 3248 4835 μάταια,
3299 4772 3499 4826 εἰδέναι
3527 4779 3752 4848 καιροὺς

2175 4847 2271 4900 καὶ
2303 4848 2474 4920 μέτρα
2497 4852 2592 4904 καὶ
2620 4851 2774 4920 λόγον
2799 4854 3113 4922 ἀναγκαῖον,
3137 4859 3229 4911 καὶ
3254 4849 3544 4933 ἀπόκρισιν
3568 4847 3752 4921 εὔστο-

2174 4955 2268 5008 χον
2290 4954 2303 4968 ⁸
2335 4938 2408 5010 μὴ
2428 4940 2608 4994 λαλεῖν
2641 4943 2936 5016 ἀρρύθμως
2958 4962 2971 4976 ·
3007 4946 3082 5018 μὴ
3109 4950 3376 5018 χαλαζοῦν
3407 4955 3534 5017 τοὺς
3561 4957 3751 5026 ἐντυγ-

2173 5029 2432 5098 χάνοντας
2482 5035 2546 5102 τῇ
2578 5034 2920 5105 σφοδρότητι.
2946 5038 3045 5092 Διὰ
3076 5041 3232 5094 τοῦτο
3249 5042 3355 5113 γὰρ
3379 5045 3474 5097 καὶ
3507 5046 3536 5097 ό
3563 5045 3754 5101 λεπτός

2173 5139 2334 5188 τατος
2387 5125 2594 5188 ἐκεῖνος
2629 5125 2790 5196 ὑμὴν,
2827 5129 2855 5182 ό
2899 5128 3214 5202 ὐποδεσμῶν
3241 5136 3378 5205 αὐτῇ
3407 5135 3627 5210 γλώττῃ
3656 5141 3751 5210 τὴν

2173 5213 2322 5267 κάτω
2347 5213 2524 5280 γένυν,
2550 5214 2764 5286 χαλινὸς
2790 5217 3026 5286 λέγεται,
3055 5221 3141 5274 ίνα
3165 5222 3239 5293 μὴ
3259 5223 3467 5278 ἄτακτα
3498 5227 3592 5280 καὶ
3607 5230 3747 5282 ἀνοι-

2177 5303 2450 5387 κονόμητα
2477 5303 2799 5375 φθέγγηται.
2834 5308 3135 5378 Εὐλογείτω
3173 5313 3266 5366 καὶ
3311 5313 3386 5384 μὴ
3419 5313 3742 5387 λοιδορείτωο

2177 5397 2427 5466 ψαλλέτω
2483 5399 2577 5452 καὶ
2629 5400 2705 5469 μὴ
2761 5400 3166 5474 βλασφημείτωο
3196 5405 3511 5476 εὐφημείτω
3541 5412 3634 5462 καὶ
3676 5412 3746 5482 μὴ

2183 5489 2573 5544 καταλαλείτω·
2609 5493 2643 5562 ἡ
2673 5494 2792 5565 χεὶρ
2813 5496 2847 5565 ἡ
2891 5496 3164 5566 προπετὴς
3182 5499 3247 5568 τῇ
3273 5499 3462 5571 μνήμῃ
3493 5501 3585 5554 τοῦ
3597 5502 3744 5564 Θεοῦ,

2185 5581 2260 5644 ὡς
2291 5581 2476 5634 ἁλύσει
2496 5581 2818 5652 δεσμείσθω.
2867 5585 2964 5639 Διὰ
2990 5585 3144 5640 τοῦτο
3170 5589 3522 5661 νηστεύομεν,
3543 5595 3626 5648 ὅτι
3663 5595 3747 5647 τὸν

2183 5671 2351 5741 ἀμνὸν
2395 5672 2485 5726 τὸν
2536 5674 2819 5745 ἡμέτερον,
2859 5676 3113 5748 λοιδορίαι
3142 5680 3234 5734 καὶ
3273 5681 3615 5751 ῥαπίσματα,
3650 5684 3748 5756 πρὸ
