4072 6156
306 359 406 414 ιε’]

1468 349 1554 403 DE
1585 347 1972 405 PAUPEBIBU
1985 348 2022 404 S
2064 349 2382 404 AMANDIS.

3432 352 3532 408 458

309 475 412 527 τῶν
448 471 612 542 ἥλων,
635 427 991 541 καθύϐρισαν.
1011 467 1100 538 Μὴ
1129 468 1305 520 τοίνυν
1330 467 1416 520 τὸν
1451 467 1738 521 Ἰουδαϊκὸν
1755 467 1875 537 τρό-

1981 462 2090 520 llas
2120 464 2263 519 enim
2314 465 2384 518 ob
2442 477 2637 518 causas
2686 464 3027 532 jejunatnus,
3065 463 3319 532 quoniam
3353 463 3532 534 Agnus

306 582 406 618 πον
424 562 775 635 ζηλώσωμεν,
801 563 849 614 oi
882 559 975 613 τοῦ
999 557 1234 630 Χριστοῦ
1259 557 1518 630 μαθηταί.

384 824 511 877 Ἐὰν
571 822 680 891 γάρ
733 822 904 885 οὕτως
949 815 1098 891 ὦμεν
1141 820 1504 890 διακείμενοι,
1545 818 1685 886 λέξει
1743 820 1874 889 ἡμῖν

313 915 540 977 Ἡσαΐας
572 929 585 942 °
617 915 742 968 Ἵνα
762 914 921 980 τίεις
947 914 1174 982 κρίσεις
1195 913 1294 967 καὶ
1307 911 1506 982 μάχας
1529 913 1872 979 νηστεύετε,

1983 559 2172 608 noster
2202 551 2523 622 priusquam
2566 552 2735 607 clavis
2785 551 3087 622 aﬂigeretur
3134 553 3306 616 cruci,
3347 564 3533 607 contu-

1978 641 2156 697 meliis
2183 641 2428 708 allectus,
2462 649 2514 696 et
2540 643 2713 711 alapis
2745 659 2919 698 caesus
2949 651 3052 699 est.
3120 643 3296 700 Mores
3347 644 3535 698 Judai-

1977 748 2072 788 eos
2095 749 2202 786 non
2238 734 2536 796 imitemur,
2569 747 2668 787 nos
2693 733 2891 788 Christi
2927 735 3201 803 discipuli.

2047 823 2264 892 Alioqui
2295 825 2340 878 si
2372 838 2435 877 eo
2467 833 2623 893 pacto
2660 823 2924 878 fuerimus
2957 823 3158 887 allecti,
3197 823 3379 879 verbis
3429 825 3537 881 illis

1979 929 2082 969 nos
2126 914 2294 969 Isaias
2330 915 2666 984 increpabit:
2719 915 2828 969 Cur
2856 915 2923 969 ad
2965 916 3080 971 lites
3111 925 3158 969 et
3189 919 3538 971 contentiones

304 1005 403 1058 καὶ
451 1005 701 1056 τύπτετε
758 1002 1016 1072 πυγμαῖς
1049 1003 1366 1066 taxata-6r;
1390 1001 1550 1072 Παρὰ
1587 1000 1682 1054 τοῦ
1710 998 1874 1055 αὑτοῦ

1981 1003 2248 1072 iejunatis,
2292 1013 2340 1056 et
2364 1006 2551 1074 pugnis
2601 1020 2877 1072 pauperem
2908 1007 3223 1074 percutitis?
3276 1006 3433 1062 Disce
3471 1009 3538 1061 ab

305 1098 582 1166 προφήτου
627 1092 904 1164 διδάχθητι
949 1094 1018 1147 τά
1044 1095 1143 1164 τῆς
1168 1093 1353 1147 ἀδόλου
1377 1093 1470 1146 καὶ
1509 1091 1753 1164 καθαρᾶς
1785 1111 1878 1163 νη-

308 1188 488 1248 στείας
529 1187 906 1258 ἐνεργήματα·
953 1188 1074 1241 Λύε
1133 1185 1328 1241 πάντα
1368 1185 1716 1254 σύνδεσμον
1753 1185 1878 1240 ἀδι-

304 1282 459 1346 κίας·
485 1280 697 1333 Διὰλυε
739 1277 1143 1347 στραγγαλιὰς
1182 1278 1400 1343 βιαίων
1449 1277 1878 1346 συναλλαγμά-

305 1390 442 1426 των.
490 1371 813 1437 Διάθρυπτε
867 1369 1139 1422 πεινῶντι
1195 1369 1301 1422 τὸν
1357 1369 1538 1436 ἄρτον
1595 1383 1733 1430 σου,
1779 1365 1878 1421 καὶ

304 1463 578 1530 πτωχοὺς
624 1463 917 1529 ἀστέγους
961 1460 1239 1529 εἰσάγαγε
1267 1461 1356 1526 είς
1393 1461 1501 1513 τὸν
1535 1456 1700 1514 οἶκόν
1737 1473 1874 1511 σου.

303 1554 514 1622 Πολλὴν
536 1553 590 1606 δὲ
623 1555 754 1622 ἡμῖν
793 1551 1054 1620 ἀφθονίαν
1081 1552 1188 1605 τῶν
1220 1550 1442 1621 γυμνῶν
1472 1551 1566 1604 καὶ
1585 1550 1691 1603 τῶν
1720 1548 1879 1602 ἀστέ-

305 1661 435 1710 γων,
469 1645 498 1695 6
542 1641 635 1694 νῦν
662 1643 858 1711 ἤνεγκε
895 1641 1104 1711 χρόνος.
1141 1640 1348 1711 Πλῆθος
1385 1639 1492 1709 γὰρ
1519 1637 1877 1710 αἰχμαλώτων

309 1735 441 1806 πρὸς
471 1737 592 1797 ταῖς
630 1733 819 1804 θύραις
863 1733 1116 1789 ἑκάστου.

374 1869 486 1923 Καὶ
533 1871 561 1922 6
610 1868 756 1932 ξένος
801 1868 895 1921 καὶ
933 1868 1270 1938 μετανάστης
1299 1867 1358 1919 οὐ
1399 1866 1610 1919 λείπει·
1658 1866 1751 1918 καὶ
1779 1866 1876 1934 τὴν

308 1959 576 2031 ζητοῦσαν
624 1960 803 2029 χεῖρα,
852 1955 1124 2028 πανταχοῦ
1173 1957 1472 2028 τεταμένην
1517 1957 1663 2009 ἐστιν
1727 1957 1872 2009 ἰδεῖν.

307 2050 528 2112 Τούτοις
567 2044 715 2112 οἶκος
769 2048 868 2119 μὲν
921 2047 1184 2119 ὕπαιθρος
1219 2049 1248 2100 6
1278 2048 1406 2118 ἀήρ.
1460 2045 1786 2114 Καταγώγια
1821 2046 1877 2097 δὲ

260 2195 268 2201 ,
309 2141 482 2203 στοαὶ,
515 2139 610 2192 καὶ
633 2138 872 2208 ἄμφοδα,
914 2139 1008 2192 καὶ
1064 2137 1133 2190 τὰ
1169 2137 1269 2208 τῆς
1303 2139 1506 2208 ἀγορᾶς
1546 2135 1874 2206 ἐρημότερα.

306 2231 465 2283 Κατὰ
505 2228 563 2281 δέ
619 2229 746 2291 τοὺς
789 2229 1188 2298 νυκτικόρακας
1235 2227 1454 2289 καὶτὰς
1485 2225 1728 2295 γλαῦκας
1760 2229 1878 2288 ταῖς

306 2323 464 2384 ὀπαῖς
487 2320 913 2391 ἐμφωλεύουσιν.
948 2319 1140 2391 Ἐσθὴς
1171 2320 1354 2383 αὐτοῖς
1383 2321 1451 2372 τὰ
1491 2335 1878 2388 περικεκεντη-

311 2413 445 2481 μένα
473 2411 656 2481 ῥάκια·
679 2410 941 2480 γεωργία,
962 2409 1072 2463 τῶν
1087 2409 1376 2463 ἐλεούντων
1399 2409 1662 2480 ἡγνώμη’
1680 2409 1876 2481 τροφὴ,

305 2505 359 2558 εἰ
379 2522 430 2557 τι
463 2505 527 2557 ἂν
553 2505 618 2556 ἐκ
645 2502 738 2556 τοῦ
769 2502 1162 2573 προστυχόντος
1190 2501 1434 2572 ἐμπέσῃ·
1465 2501 1647 2566 ποτὸν,
1668 2499 1744 2562 ὡς
1766 2502 1881 2563 τοῖς

308 2596 523 2663 ἀλόγοις
543 2595 598 2648 αἱ
628 2595 854 2664 κρῆναι’
883 2595 1161 2664 ποτήριον,
1185 2591 1293 2644 τῶν
1319 2592 1516 2662 χειρῶν
1534 2594 1568 2663 ὴ
1595 2591 1842 2663 κοιλότης
1861 2606 1877 2623 ⁶

306 2690 572 2757 ταμιεῖον,
603 2690 631 2741 6
659 2687 875 2752 κόλπος,
910 2685 1004 2738 καὶ
1041 2676 1193 2747 οὗτος
1233 2684 1298 2738 ἂν
1332 2683 1405 2754 μὴ
1447 2684 1782 2756 διερρυηκὼς
1819 2679 1875 2756 ᾖ,

307 2781 440 2835 ἀλλὰ
475 2779 681 2847 στέγων
710 2779 778 2833 τά
816 2777 1209 2848 ἐμϐαλλόμενα·
1264 2775 1531 2845 τράπεζα,
1559 2779 1618 2848 η’
1647 2778 1754 2832 τῶν
1788 2796 1880 2847 γο-

306 2874 478 2926 νάτων
507 2870 806 2943 συνέρεισις
830 2886 843 2898 ·
881 2868 1057 2938 κλίνη.
1114 2867 1174 2920 τὸ
1211 2867 1403 2936 ἔδαφος
1425 2885 1438 2899 ο
1487 2867 1730 2940 λουτρὸν,
1787 2887 1880 2922 πο-

305 2965 474 3035 ταμὸς
501 2964 534 3034 ἦ
565 2963 747 3032 λίμνη,
774 2962 802 3014 6
819 2962 846 3013 6
871 2961 1001 3024 Θεὸς
1025 2959 1200 3014 κοινὸν
1229 2961 1361 3012 πᾶσι
1387 2961 1482 3014 καὶ
1503 2961 1877 3014 ἀκατάσκευον

306 3056 523 3108 ἔδωκεν.
583 3053 862 3125 Ἀλητικὸς
922 3053 1102 3115 αὐτοῖς
1156 3052 1186 3102 6
1239 3051 1349 3121 βίος
1391 3053 1484 3105 καὶ
1533 3053 1752 3124 ἄγριος,
1815 3054 1876 3105 οὐ

1905 1799 1952 1858 Β

1976 1093 2164 1149 eodem
2183 1095 2444 1164 propheta
2469 1096 2668 1151 sinceri
2692 1097 2922 1166 purique
2942 1096 3136 1165 jejunii
3158 1112 3320 1165 opera
3346 1118 3358 1152 :
3386 1098 3539 1154 Solve

1980 1200 2182 1238 omnem
2215 1201 2404 1239 nexum
2442 1187 2760 1256 iniquitatis.
2786 1185 3024 1241 Dissolve
3055 1186 3395 1255 obligatione;
3432 1191 3540 1242 vio-

1981 1275 2235 1329 lentarum
2256 1277 2635 1329 cont'raetuum.
2649 1276 2856 1346 Frange
2882 1276 3132 1330 esurienti
3153 1293 3338 1344 panem
3357 1288 3500 1330 tuum
3522 1296 3541 1342 ,-

1977 1376 2025 1420 et
2051 1383 2232 1437 egenos
2263 1368 2372 1420 sine
2403 1378 2532 1421 tecto
2566 1369 2722 1421 induc
2752 1369 2805 1422 in
2825 1368 3040 1422 domum
3079 1379 3248 1421 tuam.
3277 1371 3354 1437 (a)
3387 1370 3540 1438 [Cum

1979 1457 2168 1510 uideris
2206 1456 2424 1520 nudum,
2459 1459 2603 1526 aperi
2646 1474 2784 1522 eum,
2828 1466 2876 1511 et
2909 1473 3122 1511 carnem
3163 1466 3306 1509 tuam
3347 1473 3408 1510 ne
3448 1457 3542 1510 de-

1979 1547 2232 1616 spexerisl
2269 1547 2307 1598 '.
2345 1545 2564 1601 Multam
2613 1547 2769 1601 nobis
2803 1547 2904 1600 hoc
2938 1555 3152 1617 tempus
3183 1547 3340 1601 all‘ert
3372 1547 3543 1600 nudo-

1981 1650 2099 1688 rum
2151 1651 2521 1706 vagorumque
2571 1637 2806 1706 copiam.
2859 1637 3051 1707 Magna
3097 1638 3241 1692 enim
3274 1637 3543 1707 cujusque

1983 1725 2126 1781 fores
2164 1725 2470 1798 frequentat
2499 1728 2835 1797 captivorum
2881 1728 3189 1783 multitudo.

2051 1859 2304 1932 Hospites
2335 1863 2658 1932 exsulesque
2717 1878 2826 1917 non
2882 1864 3099 1919 desunt.
3159 1861 3370 1934 Ubique
3420 1863 3546 1919 licet

1981 1962 2268 2016 protensas
2291 1967 2448 2024 opem
2484 1954 2888 2022 implorantium
2923 1969 3116 2010 manus
3147 1955 3410 2024 aspicere.
3449 1953 3546 2010 ilis

1981 2059 2072 2099 aer
2103 2044 2206 2099 sub
2251 2043 2343 2099 dio
2397 2053 2600 2100 tectum
2632 2046 2852 2116 prazbet.
2890 2045 3141 2114 Porticus
3169 2055 3224 2102 et
3257 2047 3422 2113 bivia,
3490 2055 3546 2102 et

1979 2142 2164 2204 partes
2193 2134 2294 2189 fori
2319 2135 2491 2204 magis
2517 2135 2746 2190 desertae
2781 2144 2910 2192 sunt
2938 2137 3198 2206 hospitia.
3228 2135 3545 2208 Nycticora-

1981 2242 2104 2281 cum
2137 2236 2191 2281 et
2221 2233 2542 2280 noctuarnm
2571 2242 2721 2283 more
2751 2228 2805 2282 in
2833 2229 3083 2284 cavernis
3116 2229 3354 2284 latitant.
3402 2230 3545 2284 Pan-

1980 2317 2155 2385 nosis,
2206 2317 2410 2373 attritis
2455 2325 2510 2372 et
2569 2319 2826 2374 laceratis
2877 2327 3134 2390 teguntur
3188 2320 3543 2374 indumentis.

1987 2408 2348 2479 Agricultura:
2398 2407 2609 2465 fruetus
2662 2420 2746 2464 est
2806 2410 2912 2465 illis
2970 2410 3344 2466 miserantium
3379 2411 3546 2465 animi

1981 2491 2304 2571 benignitas.
2335 2501 2526 2567 Cibus,
2559 2501 2607 2556 si
2657 2501 2787 2571 quid
2819 2502 2888 2556 ab
2937 2500 3226 2556 accedente
3289 2501 3544 2571 qquiam

1981 2591 2430 2661 impetraverint;
2455 2591 2606 2661 potio
2633 2591 2844 2654 eadem,
2874 2606 2997 2661 qua:
3036 2593 3265 2647 rationis
3311 2593 3546 2661 experti-

1980 2681 2083 2737 bus
2109 2681 2499 2745 animantibus,
2531 2681 2786 2735 nimirum
2817 2681 3015 2737 fontes.
3053 2681 3254 2736 Pocula
3287 2697 3544 2736 manuum

1980 2773 2132 2827 volat.
2195 2771 2365 2836 Penu,
2415 2773 2572 2828 sinus
2630 2772 2769 2841 ipse,
2828 2773 2937 2826 nisi
2981 2773 3140 2842 plane
3177 2772 3406 2840 dillluat,
3449 2771 3543 2828 sed

1979 2865 2153 2934 possit
2185 2877 2248 2919 ea
2277 2878 2397 2932 quae
2422 2861 2743 2932 injiciuntur
2770 2861 3002 2932 operire.
3026 2861 3232 2928 Mensa,
3263 2872 3544 2921 contracta

1977 2970 2194 3024 genua;
2251 2954 2501 3018 lectulus,
2549 2953 2762 3018 solum;
2795 2953 3067 3016 balneum,
3115 2953 3168 3008 id
3219 2956 3364 3024 quod
3400 2955 3542 3012 Deus

1978 3041 2232 3096 omnibus
2266 3056 2558 3096 commune
2606 3052 2659 3096 et
2705 3043 2824 3096 sine
2863 3041 3130 3100 industria
3171 3052 3542 3100 constructum

304 3145 540 3208 τοιοῦτος
568 3143 644 3196 ὢν
671 3143 730 3208 ἐξ
758 3143 953 3214 ἀρχῆς,
972 3143 1086 3200 ἀλλ’
1111 3143 1174 3196 ὲκ
1198 3142 1296 3214 τῆς
1326 3144 1608 3214 συμφορᾶς
1655 3143 1748 3196 καὶ
1777 3142 1875 3212 τῆς

1981 3131 2147 3195 dedit,
2174 3131 2373 3186 llumen
2404 3141 2497 3186 aut
2528 3133 2707 3202 palus.
2732 3132 2932 3204 Vagam
2965 3141 3019 3188 et
3055 3143 3324 3204 agrestem
3356 3137 3544 3190 tradu.

307 3238 550 3306 ἀνάγκης
583 3236 893 3306 γενόμενος.

376 3405 618 3471 Τούτοις,
659 3409 686 3460 6
717 3407 1032 3478 νηστευτὴς,
1078 3407 1404 3480 ὑπάρκεσον.
1427 3409 1559 3479 Περὶ
1583 3409 1707 3471 τοὺς
1750 3411 1877 3462 ἀτυ-

305 3497 532 3566 χοῦντας
559 3495 667 3547 τῶν
705 3495 969 3564 ἀδελφῶν,
1001 3496 1157 3566 γενοῦ
1207 3497 1503 3568 φιλότιμος.
1545 3500 1608 3551 Ὃ
1630 3501 1727 3566 τῆς
1777 3500 1875 3568 σῆς

307 3587 522 3655 ὐφεῖλες
544 3586 792 3656 γαστρὸς,
808 3587 886 3656 τῷ
917 3587 1166 3641 πεινῶντι
1197 3589 1448 3659 πρόσθες.
1469 3589 1508 3641 Γ
1510 3588 1709 3643 ενέσθω
1727 3590 1755 3642 6
1785 3591 1874 3643 τοῦ

307 3677 436 3730 Θεοῦ
470 3677 632 3746 φόϐος
662 3677 866 3740 δίκαιος
895 3677 1188 3741 ἐξισωθείς.
1209 3678 1553 3750 θεράπευσον
1587 3679 1878 3750 ἐγκρατείᾳ

221 3759 230 3768 ’
311 3767 543 3837 σώφρονι
562 3766 654 3819 δύο
672 3766 816 3836 πάθη
840 3767 1056 3822 ἐναντία
1076 3768 1320 3839 ἀλλήλοις
1337 3784 1351 3798 ·
1368 3769 1458 3821 τὸν
1483 3770 1570 3822 σὺν
1586 3770 1764 3840 κόρον,
1783 3770 1877 3824 καὶ

308 3859 397 3912 τοῦ
421 3858 648 3926 ἀδελφοῦ
676 3858 766 3912 τὸν
793 3858 967 3928 λιμόν.
991 3859 1143 3912 Οὕτω
1171 3859 1278 3928 γὰρ
1309 3859 1516 3914 ποιοῦσι
1549 3861 1641 3914 καὶ
1683 3861 1870 3932 ἰατροί·

307 3952 430 4014 τοὺς
479 3951 578 4020 μὲν
607 3950 859 4004 κενοῦσιο
891 3952 1017 4014 τοὺς
1076 3951 1130 4003 δὲ
1158 3951 1443 4022 πληροῦσι,
1491 3953 1578 4005 ἵνα
1610 3955 1675 4023 τῇ
1710 3971 1875 4024 προσ-

308 4043 447 4112 θήκῃ
471 4044 565 4096 καὶ
594 4042 874 4112 ὑφαιρέσει
895 4045 927 4112 ἡ
945 4044 1070 4113 περὶ
1094 4041 1323 4096 ἕκαστον
1348 4043 1672 4114 οἰκονομηθῇ
1699 4043 1870 4110 ὑγεία.

304 4133 573 4204 Πείσθητε
623 4133 759 4204 καλῇ
816 4133 1151 4204 παραινέσει,
1216 4131 1501 4196 Ἀνοιξάτω
1528 4133 1554 4184 6
1587 4133 1740 4200 λόγος
1768 4134 1874 4186 τῶν

303 4225 685 4295 εὐπορούντων
735 4224 831 4288 τὰς
863 4223 1051 4295 θύρας.
1103 4223 1381 4290 Εἰσαγέτω
1413 4225 1446 4292 ἡ
1479 4223 1752 4294 συμϐουλὴ
1784 4224 1874 4277 τὸν

303 4313 514 4383 πένητα
555 4312 691 4383 πρὸς
749 4314 838 4366 τὸν
880 4313 1089 4382 ἔχοντα.
1138 4313 1254 4366 Μία
1285 4312 1340 4364 δὲ
1379 4313 1520 4377 λέξις
1564 4313 1638 4383 μὴ
1670 4314 1875 4367 πλουτι-

305 4406 454 4458 σάτω
507 4407 630 4466 τοὺς
697 4405 995 4468 στένοντας.
1040 4405 1186 4458 Δότω
1228 4407 1406 4468 αὐτοῖς
1437 4405 1529 4458 καὶ
1561 4405 1756 4469 οἰκίαν,
1782 4407 1874 4460 καὶ

1985 3222 2314 3286 cuntvitam,
2335 3237 2443 3276 non
2463 3223 2606 3292 quod
2628 3223 2782 3278 initio
2803 3225 2882 3280 sic
2908 3225 3264 3290 instituerint,
3289 3227 3382 3282 sed
3401 3229 3546 3298 quod

1983 3313 2051 3367 ad
2081 3329 2200 3368 eam
2231 3315 2633 3372 calamitatibus
2665 3323 2719 3370 et
2757 3317 3081 3373 necessitate
3110 3319 3374 3388 compulsi
3417 3320 3545 3374 sint.

2052 3405 2150 3459 His
2184 3405 2489 3460 necessaria
2531 3406 2698 3460 victui
2728 3407 3013 3477 suppedita
3051 3415 3127 3474 tu,
3174 3410 3265 3478 qui
3307 3410 3546 3478 jejunas.

1983 3493 2120 3563 Erga
2145 3494 2340 3549 fratres
2357 3495 2705 3550 calamitosos
2733 3498 2998 3567 benignus
3024 3508 3161 3552 eSIo.
3193 3498 3346 3564 Quod
3372 3501 3544 3553 ventri

1984 3585 2281 3649 subtrahis,
2313 3585 2492 3642 tribue
2529 3585 2812 3640 esurienti.
2855 3587 3108 3655 Exaequet
3143 3589 3322 3642 omnia
3362 3589 3543 3657 justus

1987 3673 2079 3730 Dei
2097 3675 2279 3728 timor.
2299 3673 2444 3728 Duas
2471 3673 2610 3729 inter
2637 3691 2697 3731 se
2713 3677 3016 3731 contrarias
3040 3676 3374 3742 all‘ectiones,
3400 3689 3544 3733 tuam

1981 3764 2231 3820 videlicet
2263 3765 2585 3830 satietatem,
2612 3775 2666 3821 et
2692 3765 2875 3822 fratris
2908 3766 3127 3832 famem,
3157 3770 3397 3826 modesta
3421 3787 3548 3826 con-

1984 3857 2209 3912 tinentia
2239 3867 2479 3925 tempera
2504 3865 2666 3926 atque
2694 3859 2998 3914 moderare.
3035 3859 3126 3914 Sic
3153 3863 3295 3916 enim
3338 3863 3546 3918 faciunt

1983 3955 2036 4002 et
2060 3948 2288 4003 medici:
2315 3948 2452 4004 alios
2475 3949 2819 4015 exinaniunt,
2853 3951 2990 4005 alios
3020 3951 3254 4023 replent,
3277 3962 3336 4008 ut
3363 3970 3547 4011 acces-

1985 4039 2136 4093 sione
2166 4038 2592 4109 deeessioneque
2623 4040 3052 4110 uniuscujusque
3084 4044 3292 4098 sanitas
3324 4060 3545 4101 conser-

1984 4137 2159 4184 vetur.
2192 4127 2444 4184 Honestas
2489 4131 2844 4186 admonitioni
2894 4133 3279 4203 obtemperate.
3328 4136 3547 4207 Aperiat

1986 4220 2124 4273 ratio
2154 4221 2486 4289 pauperibus
2523 4220 2749 4275 divitum
2783 4221 2949 4278 fores.
2978 4223 3275 4280 Consilium
3301 4228 3447 4297 inepi
3478 4229 3544 4283 ad

1985 4311 2304 4379 locupletem
2329 4311 2534 4365 aditum
2564 4309 2746 4366 faciat.
2780 4311 3010 4384 Egentcs
3036 4332 3102 4371 ne
3132 4317 3420 4386 locupletet
3446 4318 3546 4371 hu-

1985 4415 2143 4454 mana
2179 4401 2546 4469 ratiocinatio,
2589 4403 2683 4458 sed
2741 4404 2848 4460 illis
2877 4413 2932 4459 et
2956 4406 3176 4461 domum
3210 4415 3263 4462 et
3320 4409 3539 4469 lectum,

304 4496 514 4565 κλίνην,
538 4496 631 4548 καὶ
657 4494 929 4564 τράπεζαν
959 4497 986 4548 6
1009 4496 1100 4548 τοῦ
1127 4497 1260 4549 Θεοῦ
1293 4496 1448 4564 λόγος
1478 4497 1506 4547 6
1534 4495 1875 4566 προαιώνιος.

1983 4501 2036 4545 et
2069 4508 2312 4547 mensam
2337 4494 2539 4548 tribuat
2579 4495 2670 4550 Dei
2701 4497 2923 4550 verbum
2960 4499 3376 4568 sempiternum.
3412 4500 3543 4554 Dul-

304 4588 405 4638 Διὰ
454 4587 614 4653 λόγου
666 4585 936 4638 οἰκετικοῦ
965 4585 1278 4658 γεώργησον
1303 4586 1370 4640 τά
1403 4586 1536 4658 πρὸς
1562 4587 1660 4658 τὴν
1694 4587 1875 4658 χρείαν

1981 4582 2044 4636 εἰ·
2067 4590 2122 4637 et
2157 4583 2391 4638 humana
2415 4586 2662 4641 oratione
2693 4587 2812 4641 usui
2839 4589 3143 4643 necessaria
3183 4605 3247 4643 ex
3306 4591 3412 4644 tuis
3464 4589 3543 4642 fa-

302 4679 416 4740 τοῖς
449 4679 562 4740 σοῖς
591 4678 855 4746 κτήμασι.
892 4677 1033 4748 Πρὸς
1065 4677 1283 4740 τούτους
1311 4677 1456 4729 ἄλλοι
1492 4679 1695 4746 πτωχοὶ
1723 4677 1875 4730 ἀσθε‹

1981 4674 2274 4730 eultatibus
2303 4676 2676 4732 subministra.
2724 4678 2878 4748 Apud
2911 4688 2962 4732 te
3009 4680 3299 4734 multitudo
3339 4697 3542 4750 paupe-

305 4768 524 4829 νοῦντες
577 4769 670 4820 καὶ
721 4768 1121 4838 κατακείμενοι.
1151 4770 1414 4832 Ἕκαστος
1443 4768 1875 4841 περιεργαζέσθω

1981 4781 2099 4819 rum
2138 4777 2301 4837 atque
2349 4769 2721 4839 languentium
2766 4770 2867 4824 sibi
2915 4769 3222 4840 profugium
3280 4773 3538 4824 inveniat.

301 4861 428 4920 τοὺς
467 4859 733 4925 γείτονας.
775 4859 865 4928 Μὴ
924 4859 1066 4928 ἀφῇς
1112 4859 1241 4929 παρ’
1268 4858 1424 4912 ἄλλου
1482 4857 1875 4931 θεραπευθῆναι

1981 4855 2222 4926 Quisque
2244 4857 2529 4928 diligenter
2552 4859 2855 4913 vicinorum
2879 4875 3066 4913 curam
3094 4866 3263 4929 gerat.
3291 4857 3539 4915 Studium

300 4949 393 5002 τὸν
422 4948 589 5016 ἐγγύς
629 4966 743 5001 σου.
779 4950 870 5019 Μὴ
899 4949 1039 5020 λάϐῃ
1066 4949 1222 5012 ἄλλος
1254 4950 1343 5001 τὸν
1375 4949 1643 5020 θησαυρὸν
1674 4951 1764 5004 τὸν
1791 4951 1872 5002 σοὶ

303 5041 732 5111 παρακείμενον.

374 5213 711 5285 Περίπτυξαι
754 5214 843 5266 τὸν
872 5213 1207 5282 κακούμενον
1248 5214 1324 5276 ὡς
1357 5215 1571 5285 χρυσόν.
1616 5214 1875 5283 Ἐναγκά-

301 5305 446 5358 λισαι
499 5305 592 5358 τὸν
640 5305 1018 5374 κεκακωμένον
1044 5302 1118 5366 ὡς
1144 5301 1240 5373 σὴν
1270 5303 1475 5370 ὑγείαν,
1506 5305 1580 5367 ὡς
1605 5305 1875 5374 σωτηρίαν

299 5395 580 5466 γυναικὸς,
631 5396 854 5460 τέκνων,
907 5392 1162 5458 οἰκετῶν,
1198 5393 1292 5446 καὶ
1332 5394 1510 5463 πάσης
1541 5396 1639 5464 τῆς
1681 5395 1872 5458 οἰκίας.

375 5575 390 5608 ⁸
422 5576 528 5632 lsa.
553 5590 705 5640 Lmt,
733 5575 787 5637 4,
819 5574 938 5629 6-7.

373 5716 442 5784 (a)
469 5713 642 5772 Uncis
681 5711 888 5764 inclusa
911 5711 1106 5764 desunt
1131 5709 1185 5763 in
1207 5707 1394 5762 Grazco
1426 5713 1594 5760 textu.

627 5805 897 5863 Pn'noc.
937 5803 1049 5861 Gn.
1091 5800 1310 5862 XLVI.

1980 4948 2324 5016 promerendi
2361 4949 2428 5002 de
2475 4949 2792 5018 propinquis
2827 4950 2920 5003 tibi
2961 4951 3028 5003 ab
3071 4949 3178 5002 alio
3224 4950 3434 5018 prmripi
3477 4966 3544 5004 ne

1979 5041 2280 5105 permittas.
2311 5035 2474 5102 Cave,
2514 5052 2582 5093 ne
2611 5039 2788 5108 capiat
2819 5038 2957 5094 alius
2987 5038 3298 5093 thesaurum
3339 5039 3547 5108 reposi-

1978 5133 2094 5180 tum
2127 5127 2245 5179 tibi.

2050 5217 2370 5270 Calamitate
2398 5215 2646 5273 allectum
2684 5226 2742 5272 ut
2767 5233 2959 5271 aurum
3015 5217 3396 5287 complectere.
3454 5216 3540 5270 ln-

1985 5307 2190 5362 firmam
2222 5307 2480 5376 pauperis
2508 5309 2872 5363 valetudinem
2907 5310 2981 5361 ita
3027 5309 3166 5373 fove,
3201 5317 3260 5361 ut
3284 5308 3336 5360 in
3373 5322 3434 5362 ea
3489 5313 3543 5360 et

1985 5396 2270 5450 sanitatem
2322 5405 2490 5461 tuam,
2546 5405 2599 5450 et
2661 5397 2888 5452 salutem
2920 5398 3127 5465 uxoris,
3170 5404 3224 5450 et
3285 5394 3542 5465 ﬁliorum,

3140 5795 3210 5855 15
