  <div class='ocr_page' id='page_1' title='image "/cluster/home/n/w/nwhite01/storage/ocr_20150623/46/mdp.39015011915447/237.png"; bbox 0 0 4072 6156; ppageno 0'>
   <div class='ocr_carea' id='block_1_1' title="bbox 427 384 528 447">
    <p class='ocr_par' dir='ltr' id='par_1_1' title="bbox 427 384 528 447">
     <span class='ocr_line' id='line_1_1' title="bbox 427 384 528 447; baseline -0.02 -3"><span class='ocrx_word' id='word_1_1' title='bbox 427 384 528 447; x_wconf 60' lang='grc' dir='ltr'><strong>ιον</strong></span> 
     </span>
    </p>
   </div>
   <div class='ocr_carea' id='block_1_2' title="bbox 1633 370 2399 431">
    <p class='ocr_par' dir='ltr' id='par_1_2' title="bbox 1633 370 2399 431">
     <span class='ocr_line' id='line_1_2' title="bbox 1633 370 2399 431; baseline -0.008 0"><span class='ocrx_word' id='word_1_2' title='bbox 1633 373 1689 431; x_wconf 87' lang='lat' dir='ltr'><strong>S.</strong></span> <span class='ocrx_word' id='word_1_3' title='bbox 1732 372 2057 431; x_wconf 72' lang='lat' dir='ltr'><strong>GREGORJI</strong></span> <span class='ocrx_word' id='word_1_4' title='bbox 2109 370 2198 426; x_wconf 74' lang='grc' dir='ltr'><strong>ΝΥ</strong></span> <span class='ocrx_word' id='word_1_5' title='bbox 2208 370 2399 427; x_wconf 77' lang='lat' dir='ltr'><strong>SSENI</strong></span> 
     </span>
    </p>
   </div>
   <div class='ocr_carea' id='block_1_3' title="bbox 3559 377 3663 434">
    <p class='ocr_par' dir='ltr' id='par_1_3' title="bbox 3559 377 3663 434">
     <span class='ocr_line' id='line_1_3' title="bbox 3559 377 3663 434; baseline 0.019 -2"><span class='ocrx_word' id='word_1_6' title='bbox 3559 377 3663 434; x_wconf 64' lang='grc'><strong>460</strong></span> 
     </span>
    </p>
   </div>
   <div class='ocr_carea' id='block_1_4' title="bbox 420 487 1983 563">
    <p class='ocr_par' dir='ltr' id='par_1_4' title="bbox 420 487 1980 561">
     <span class='ocr_line' id='line_1_4' title="bbox 420 487 1980 561; baseline -0.008 -8"><span class='ocrx_word' id='word_1_7' title='bbox 420 512 727 561; x_wconf 80' lang='lat' dir='ltr'><strong>servorum,</strong></span> <span class='ocrx_word' id='word_1_8' title='bbox 762 502 813 550; x_wconf 85' lang='lat' dir='ltr'><strong>et</strong></span> <span class='ocrx_word' id='word_1_9' title='bbox 852 493 1019 547; x_wconf 90' lang='lat' dir='ltr'><strong>totius</strong></span> <span class='ocrx_word' id='word_1_10' title='bbox 1062 490 1297 559; x_wconf 88' lang='lat' dir='ltr'><strong>denique</strong></span> <span class='ocrx_word' id='word_1_11' title='bbox 1326 487 1542 544; x_wconf 71' lang='lat' dir='ltr'><strong>familia:</strong></span> <span class='ocrx_word' id='word_1_12' title='bbox 1588 489 1823 558; x_wconf 84' lang='lat' dir='ltr'><strong>positam</strong></span> <span class='ocrx_word' id='word_1_13' title='bbox 1880 504 1980 557; x_wconf 90' lang='lat' dir='ltr'><strong>pu-</strong></span> 
     </span>
    </p>
   </div>
   <div class='ocr_carea' id='block_1_5' title="bbox 2084 487 3669 563">
    <p class='ocr_par' dir='ltr' id='par_1_5' title="bbox 2093 487 3669 563">
     <span class='ocr_line' id='line_1_5' title="bbox 2093 487 3669 563; baseline 0.004 -22"><span class='ocrx_word' id='word_1_14' title='bbox 2093 488 2152 541; x_wconf 79' lang='lat' dir='ltr'><strong>‘O</strong></span> <span class='ocrx_word' id='word_1_15' title='bbox 2194 487 2360 559; x_wconf 84' lang='grc' dir='ltr'>πένης</span> <span class='ocrx_word' id='word_1_16' title='bbox 2420 487 2515 542; x_wconf 77' lang='grc' dir='ltr'><strong>καὶ</strong></span> <span class='ocrx_word' id='word_1_17' title='bbox 2577 487 2854 559; x_wconf 75' lang='grc' dir='ltr'>ἄρρωστος</span> <span class='ocrx_word' id='word_1_18' title='bbox 2899 488 3116 553; x_wconf 76' lang='grc' dir='ltr'><strong>διπλοῦς</strong></span> <span class='ocrx_word' id='word_1_19' title='bbox 3160 490 3276 543; x_wconf 75' lang='grc' dir='ltr'>ἐστι</span> <span class='ocrx_word' id='word_1_20' title='bbox 3329 491 3558 563; x_wconf 86' lang='grc' dir='ltr'>πτωχός.</span> <span class='ocrx_word' id='word_1_21' title='bbox 3601 496 3669 547; x_wconf 77' lang='grc' dir='ltr'><strong>Οἱ</strong></span> 
     </span>
    </p>
   </div>
   <div class='ocr_carea' id='block_1_6' title="bbox 423 577 1986 650">
    <p class='ocr_par' dir='ltr' id='par_1_6' title="bbox 423 577 1986 650">
     <span class='ocr_line' id='line_1_6' title="bbox 423 577 1986 650; baseline -0.01 -4"><span class='ocrx_word' id='word_1_22' title='bbox 423 602 527 646; x_wconf 89' lang='lat' dir='ltr'><strong>tes.</strong></span> <span class='ocrx_word' id='word_1_23' title='bbox 560 586 693 641; x_wconf 66' lang='lat' dir='ltr'><strong>Nam</strong></span> <span class='ocrx_word' id='word_1_24' title='bbox 733 600 855 640; x_wconf 90' lang='lat' dir='ltr'><strong>cum</strong></span> <span class='ocrx_word' id='word_1_25' title='bbox 889 596 1077 637; x_wconf 88' lang='lat' dir='ltr'><strong>onmes</strong></span> <span class='ocrx_word' id='word_1_26' title='bbox 1110 594 1376 650; x_wconf 81' lang='lat' dir='ltr'><strong>pauperes</strong></span> <span class='ocrx_word' id='word_1_27' title='bbox 1407 578 1623 634; x_wconf 82' lang='lat' dir='ltr'><strong>fovendi</strong></span> <span class='ocrx_word' id='word_1_28' title='bbox 1669 577 1986 648; x_wconf 72' lang='lat' dir='ltr'><strong>adiuvandi-</strong></span> 
     </span>
    </p>
   </div>
   <div class='ocr_carea' id='block_1_7' title="bbox 422 667 1987 749">
    <p class='ocr_par' dir='ltr' id='par_1_7' title="bbox 422 667 1987 749">
     <span class='ocr_line' id='line_1_7' title="bbox 422 667 1987 749; baseline -0.007 -19"><span class='ocrx_word' id='word_1_29' title='bbox 422 692 527 749; x_wconf 89' lang='lat' dir='ltr'><strong>quc</strong></span> <span class='ocrx_word' id='word_1_30' title='bbox 564 683 713 738; x_wconf 87' lang='lat' dir='ltr'><strong>sunt,</strong></span> <span class='ocrx_word' id='word_1_31' title='bbox 747 681 859 726; x_wconf 92' lang='lat' dir='ltr'><strong>tum</strong></span> <span class='ocrx_word' id='word_1_32' title='bbox 908 670 988 723; x_wconf 91' lang='lat' dir='ltr'><strong>illi</strong></span> <span class='ocrx_word' id='word_1_33' title='bbox 1046 669 1139 739; x_wconf 89' lang='lat' dir='ltr'><strong>qui</strong></span> <span class='ocrx_word' id='word_1_34' title='bbox 1202 674 1467 740; x_wconf 73' lang='lat' dir='ltr'><strong>aegrotant</strong></span> <span class='ocrx_word' id='word_1_35' title='bbox 1519 667 1793 737; x_wconf 87' lang='lat' dir='ltr'><strong>praecipue</strong></span> <span class='ocrx_word' id='word_1_36' title='bbox 1858 673 1987 722; x_wconf 83' lang='lat' dir='ltr'><strong>sunt</strong></span> 
     </span>
    </p>
   </div>
   <div class='ocr_carea' id='block_1_8' title="bbox 422 758 1987 836">
    <p class='ocr_par' dir='ltr' id='par_1_8' title="bbox 422 758 1987 836">
     <span class='ocr_line' id='line_1_8' title="bbox 422 758 1987 836; baseline -0.006 -13"><span class='ocrx_word' id='word_1_37' title='bbox 422 763 834 836; x_wconf 89' lang='lat' dir='ltr'><strong>complcctendi.</strong></span> <span class='ocrx_word' id='word_1_38' title='bbox 867 761 971 828; x_wconf 82' lang='lat' dir='ltr'><strong>Qui</strong></span> <span class='ocrx_word' id='word_1_39' title='bbox 1003 762 1150 817; x_wconf 91' lang='lat' dir='ltr'><strong>enim</strong></span> <span class='ocrx_word' id='word_1_40' title='bbox 1174 774 1338 831; x_wconf 86' lang='lat' dir='ltr'><strong>egens</strong></span> <span class='ocrx_word' id='word_1_41' title='bbox 1366 767 1420 815; x_wconf 92' lang='lat' dir='ltr'><strong>et</strong></span> <span class='ocrx_word' id='word_1_42' title='bbox 1469 774 1610 830; x_wconf 87' lang='lat' dir='ltr'><strong>aeger</strong></span> <span class='ocrx_word' id='word_1_43' title='bbox 1638 767 1741 822; x_wconf 90' lang='lat' dir='ltr'><strong>est,</strong></span> <span class='ocrx_word' id='word_1_44' title='bbox 1784 758 1987 829; x_wconf 85' lang='lat' dir='ltr'><strong>duplici</strong></span> 
     </span>
    </p>
   </div>
   <div class='ocr_carea' id='block_1_9' title="bbox 420 849 1988 925">
    <p class='ocr_par' dir='ltr' id='par_1_9' title="bbox 420 849 1988 925">
     <span class='ocr_line' id='line_1_9' title="bbox 420 849 1988 925; baseline -0.008 -12"><span class='ocrx_word' id='word_1_45' title='bbox 420 858 633 912; x_wconf 84' lang='lat' dir='ltr'><strong>laborat</strong></span> <span class='ocrx_word' id='word_1_46' title='bbox 669 860 1008 925; x_wconf 79' lang='lat' dir='ltr'><strong>paupertate.</strong></span> <span class='ocrx_word' id='word_1_47' title='bbox 1043 850 1236 920; x_wconf 89' lang='lat' dir='ltr'><strong>Inopes</strong></span> <span class='ocrx_word' id='word_1_48' title='bbox 1279 849 1447 913; x_wconf 91' lang='lat' dir='ltr'><strong>enim,</strong></span> <span class='ocrx_word' id='word_1_49' title='bbox 1493 850 1588 919; x_wconf 88' lang='lat' dir='ltr'><strong>qui</strong></span> <span class='ocrx_word' id='word_1_50' title='bbox 1617 849 1812 903; x_wconf 87' lang='lat' dir='ltr'><strong>valenti</strong></span> <span class='ocrx_word' id='word_1_51' title='bbox 1860 855 1988 902; x_wconf 90' lang='lat' dir='ltr'><strong>sunt</strong></span> 
     </span>
    </p>
   </div>
   <div class='ocr_carea' id='block_1_10' title="bbox 420 934 1984 1018">
    <p class='ocr_par' dir='ltr' id='par_1_10' title="bbox 420 934 1984 1018">
     <span class='ocr_line' id='line_1_10' title="bbox 420 934 1984 1018; baseline -0.01 -14"><span class='ocrx_word' id='word_1_52' title='bbox 420 961 669 1018; x_wconf 91' lang='lat' dir='ltr'><strong>corpore,</strong></span> <span class='ocrx_word' id='word_1_53' title='bbox 697 960 766 1001; x_wconf 82' lang='lat' dir='ltr'><strong>ex</strong></span> <span class='ocrx_word' id='word_1_54' title='bbox 797 944 902 998; x_wconf 87' lang='lat' dir='ltr'><strong>hoc</strong></span> <span class='ocrx_word' id='word_1_55' title='bbox 932 941 999 996; x_wconf 87' lang='lat' dir='ltr'><strong>ad</strong></span> <span class='ocrx_word' id='word_1_56' title='bbox 1043 936 1176 995; x_wconf 92' lang='lat' dir='ltr'><strong>illud</strong></span> <span class='ocrx_word' id='word_1_57' title='bbox 1231 938 1431 994; x_wconf 78' lang='lat' dir='ltr'><strong>ostium</strong></span> <span class='ocrx_word' id='word_1_58' title='bbox 1484 936 1833 1001; x_wconf 88' lang='lat' dir='ltr'><strong>accedentes,</strong></span> <span class='ocrx_word' id='word_1_59' title='bbox 1892 934 1984 1004; x_wconf 89' lang='lat' dir='ltr'><strong>qui</strong></span> 
     </span>
    </p>
   </div>
   <div class='ocr_carea' id='block_1_11' title="bbox 420 1027 1985 1111">
    <p class='ocr_par' dir='ltr' id='par_1_11' title="bbox 420 1027 1985 1111">
     <span class='ocr_line' id='line_1_11' title="bbox 420 1027 1985 1111; baseline -0.01 -15"><span class='ocrx_word' id='word_1_60' title='bbox 420 1038 627 1111; x_wconf 88' lang='lat' dir='ltr'><strong>aliquid</strong></span> <span class='ocrx_word' id='word_1_61' title='bbox 648 1038 799 1102; x_wconf 90' lang='lat' dir='ltr'><strong>dent,</strong></span> <span class='ocrx_word' id='word_1_62' title='bbox 823 1032 1121 1104; x_wconf 87' lang='lat' dir='ltr'><strong>aliquando</strong></span> <span class='ocrx_word' id='word_1_63' title='bbox 1144 1031 1364 1087; x_wconf 88' lang='lat' dir='ltr'><strong>tandem</strong></span> <span class='ocrx_word' id='word_1_64' title='bbox 1389 1029 1695 1085; x_wconf 90' lang='lat' dir='ltr'><strong>inveniunt.</strong></span> <span class='ocrx_word' id='word_1_65' title='bbox 1716 1027 1985 1082; x_wconf 66' lang='lat' dir='ltr'><strong>Praeterea</strong></span> 
     </span>
    </p>
   </div>
   <div class='ocr_carea' id='block_1_12' title="bbox 420 1119 1986 1194">
    <p class='ocr_par' dir='ltr' id='par_1_12' title="bbox 420 1119 1986 1194">
     <span class='ocr_line' id='line_1_12' title="bbox 420 1119 1986 1194; baseline -0.011 -5"><span class='ocrx_word' id='word_1_66' title='bbox 420 1134 613 1189; x_wconf 86' lang='lat' dir='ltr'><strong>sedent</strong></span> <span class='ocrx_word' id='word_1_67' title='bbox 644 1132 701 1187; x_wconf 93' lang='lat' dir='ltr'><strong>in</strong></span> <span class='ocrx_word' id='word_1_68' title='bbox 737 1127 932 1194; x_wconf 86' lang='lat' dir='ltr'><strong>triviis,</strong></span> <span class='ocrx_word' id='word_1_69' title='bbox 968 1133 1022 1181; x_wconf 90' lang='lat' dir='ltr'><strong>et</strong></span> <span class='ocrx_word' id='word_1_70' title='bbox 1050 1129 1439 1194; x_wconf 86' lang='lat' dir='ltr'><strong>praetereuntes</strong></span> <span class='ocrx_word' id='word_1_71' title='bbox 1486 1133 1677 1175; x_wconf 89' lang='lat' dir='ltr'><strong>omnes</strong></span> <span class='ocrx_word' id='word_1_72' title='bbox 1729 1119 1986 1188; x_wconf 85' lang='lat' dir='ltr'><strong>interpel-</strong></span> 
     </span>
    </p>
   </div>
   <div class='ocr_carea' id='block_1_13' title="bbox 2097 580 3664 656">
    <p class='ocr_par' dir='ltr' id='par_1_13' title="bbox 2097 580 3664 656">
     <span class='ocr_line' id='line_1_13' title="bbox 2097 580 3664 656; baseline 0.004 -24"><span class='ocrx_word' id='word_1_73' title='bbox 2097 581 2192 650; x_wconf 84' lang='grc' dir='ltr'><strong>μὲν</strong></span> <span class='ocrx_word' id='word_1_74' title='bbox 2248 581 2352 651; x_wconf 74' lang='grc' dir='ltr'>γὰρ</span> <span class='ocrx_word' id='word_1_75' title='bbox 2407 580 2735 649; x_wconf 73' lang='grc' dir='ltr'><strong>ὑγιαίνοντες</strong></span> <span class='ocrx_word' id='word_1_76' title='bbox 2784 582 3019 652; x_wconf 80' lang='grc' dir='ltr'>ἄποροι,</span> <span class='ocrx_word' id='word_1_77' title='bbox 3061 582 3154 635; x_wconf 76' lang='grc' dir='ltr'>καὶ</span> <span class='ocrx_word' id='word_1_78' title='bbox 3193 582 3361 654; x_wconf 80' lang='grc' dir='ltr'><strong>θύραν</strong></span> <span class='ocrx_word' id='word_1_79' title='bbox 3394 587 3457 637; x_wconf 77' lang='grc' dir='ltr'>ὲκ</span> <span class='ocrx_word' id='word_1_80' title='bbox 3490 584 3664 656; x_wconf 80' lang='grc' dir='ltr'><strong>θύρας</strong></span> 
     </span>
    </p>
   </div>
   <div class='ocr_carea' id='block_1_14' title="bbox 2092 671 3665 745">
    <p class='ocr_par' dir='ltr' id='par_1_14' title="bbox 2092 671 3665 745">
     <span class='ocr_line' id='line_1_14' title="bbox 2092 671 3665 745; baseline 0.004 -21"><span class='ocrx_word' id='word_1_81' title='bbox 2092 671 2401 741; x_wconf 78' lang='grc' dir='ltr'>ἀμείϐουσι,</span> <span class='ocrx_word' id='word_1_82' title='bbox 2435 672 2526 725; x_wconf 73' lang='grc' dir='ltr'>καὶ</span> <span class='ocrx_word' id='word_1_83' title='bbox 2549 671 2819 741; x_wconf 77' lang='grc' dir='ltr'>βαδίζουσι</span> <span class='ocrx_word' id='word_1_84' title='bbox 2842 673 2978 744; x_wconf 75' lang='grc' dir='ltr'>πρὸς</span> <span class='ocrx_word' id='word_1_85' title='bbox 2994 674 3118 736; x_wconf 87' lang='grc' dir='ltr'>τοὺς</span> <span class='ocrx_word' id='word_1_86' title='bbox 3143 673 3382 745; x_wconf 78' lang='grc' dir='ltr'>ἔχοντας.</span> <span class='ocrx_word' id='word_1_87' title='bbox 3409 677 3517 728; x_wconf 73' lang='grc' dir='ltr'>Καὶ</span> <span class='ocrx_word' id='word_1_88' title='bbox 3546 679 3665 740; x_wconf 83' lang='grc' dir='ltr'>ταῖς</span> 
     </span>
    </p>
   </div>
   <div class='ocr_carea' id='block_1_15' title="bbox 2092 761 3663 835">
    <p class='ocr_par' dir='ltr' id='par_1_15' title="bbox 2092 761 3663 835">
     <span class='ocr_line' id='line_1_15' title="bbox 2092 761 3663 835; baseline 0.003 -20"><span class='ocrx_word' id='word_1_89' title='bbox 2092 761 2323 833; x_wconf 81' lang='grc' dir='ltr'><strong>τριόδοις</strong></span> <span class='ocrx_word' id='word_1_90' title='bbox 2365 762 2778 835; x_wconf 78' lang='grc' dir='ltr'>ὲπικαθήμενοι,</span> <span class='ocrx_word' id='word_1_91' title='bbox 2824 764 3032 828; x_wconf 83' lang='grc' dir='ltr'><strong>πάντας</strong></span> <span class='ocrx_word' id='word_1_92' title='bbox 3062 765 3390 818; x_wconf 81' lang='grc' dir='ltr'>ἀνακαλοῢσι</span> <span class='ocrx_word' id='word_1_93' title='bbox 3430 767 3558 831; x_wconf 78' lang='grc' dir='ltr'>τοὺς</span> <span class='ocrx_word' id='word_1_94' title='bbox 3586 766 3663 822; x_wconf 82' lang='grc' dir='ltr'>δι-</span> 
     </span>
    </p>
   </div>
   <div class='ocr_carea' id='block_1_16' title="bbox 2092 851 3663 927">
    <p class='ocr_par' dir='ltr' id='par_1_16' title="bbox 2092 851 3663 927">
     <span class='ocr_line' id='line_1_16' title="bbox 2092 851 3663 927; baseline 0.003 -21"><span class='ocrx_word' id='word_1_95' title='bbox 2092 851 2390 917; x_wconf 84' lang='grc' dir='ltr'>οδεύοντας.</span> <span class='ocrx_word' id='word_1_96' title='bbox 2420 855 2483 907; x_wconf 81' lang='lat' dir='ltr'><strong>Oi</strong></span> <span class='ocrx_word' id='word_1_97' title='bbox 2502 853 2559 907; x_wconf 85' lang='grc' dir='ltr'>δὲ</span> <span class='ocrx_word' id='word_1_98' title='bbox 2578 854 2723 927; x_wconf 89' lang='grc' dir='ltr'><strong>παρὰ</strong></span> <span class='ocrx_word' id='word_1_99' title='bbox 2751 854 2849 925; x_wconf 80' lang='grc' dir='ltr'><strong>τῆς</strong></span> <span class='ocrx_word' id='word_1_100' title='bbox 2875 853 3029 909; x_wconf 83' lang='grc' dir='ltr'>νόσου</span> <span class='ocrx_word' id='word_1_101' title='bbox 3054 855 3436 926; x_wconf 79' lang='grc' dir='ltr'>πεπεδημένοι,</span> <span class='ocrx_word' id='word_1_102' title='bbox 3465 857 3663 926; x_wconf 84' lang='grc' dir='ltr'>ὲγκαΘ-</span> 
     </span>
    </p>
   </div>
   <div class='ocr_carea' id='block_1_17' title="bbox 2091 941 3663 1015">
    <p class='ocr_par' dir='ltr' id='par_1_17' title="bbox 2091 941 3663 1015">
     <span class='ocr_line' id='line_1_17' title="bbox 2091 941 3663 1015; baseline 0.005 -22"><span class='ocrx_word' id='word_1_103' title='bbox 2091 957 2137 993; x_wconf 89' lang='grc' dir='ltr'><strong>ει</strong></span> <span class='ocrx_word' id='word_1_104' title='bbox 2145 941 2366 1012; x_wconf 82' lang='grc' dir='ltr'>ργμένοι</span> <span class='ocrx_word' id='word_1_105' title='bbox 2404 945 2517 1007; x_wconf 87' lang='grc' dir='ltr'>τοῖς</span> <span class='ocrx_word' id='word_1_106' title='bbox 2570 945 2772 1007; x_wconf 82' lang='grc' dir='ltr'><strong>στενοῖς</strong></span> <span class='ocrx_word' id='word_1_107' title='bbox 2805 942 3006 998; x_wconf 88' lang='grc' dir='ltr'>καταλύ</span> <span class='ocrx_word' id='word_1_108' title='bbox 3013 962 3143 1015; x_wconf 87' lang='grc' dir='ltr'>μασι</span> <span class='ocrx_word' id='word_1_109' title='bbox 3177 946 3271 999; x_wconf 81' lang='grc' dir='ltr'>καὶ</span> <span class='ocrx_word' id='word_1_110' title='bbox 3298 948 3417 1009; x_wconf 84' lang='grc' dir='ltr'>ταῖς</span> <span class='ocrx_word' id='word_1_111' title='bbox 3452 950 3663 1011; x_wconf 81' lang='grc' dir='ltr'>στεναῖς</span> 
     </span>
    </p>
   </div>
   <div class='ocr_carea' id='block_1_18' title="bbox 2089 1030 3664 1109">
    <p class='ocr_par' dir='ltr' id='par_1_18' title="bbox 2089 1030 3664 1109">
     <span class='ocr_line' id='line_1_18' title="bbox 2089 1030 3664 1109; baseline 0.006 -26"><span class='ocrx_word' id='word_1_112' title='bbox 2089 1030 2332 1098; x_wconf 88' lang='grc' dir='ltr'>γωνίαις,</span> <span class='ocrx_word' id='word_1_113' title='bbox 2367 1032 2440 1096; x_wconf 84' lang='grc' dir='ltr'>ὡς</span> <span class='ocrx_word' id='word_1_114' title='bbox 2481 1034 2510 1087; x_wconf 91' lang='lat'><strong>6</strong></span> <span class='ocrx_word' id='word_1_115' title='bbox 2558 1033 2753 1103; x_wconf 80' lang='grc' dir='ltr'>Δανιὴλ</span> <span class='ocrx_word' id='word_1_116' title='bbox 2797 1033 2877 1106; x_wconf 83' lang='grc' dir='ltr'>τῷ</span> <span class='ocrx_word' id='word_1_117' title='bbox 2904 1033 3109 1105; x_wconf 81' lang='grc' dir='ltr'>λάκκῳ,</span> <span class='ocrx_word' id='word_1_118' title='bbox 3141 1036 3200 1089; x_wconf 82' lang='grc' dir='ltr'>σὲ</span> <span class='ocrx_word' id='word_1_119' title='bbox 3230 1036 3321 1090; x_wconf 82' lang='grc' dir='ltr'><strong>τὸν</strong></span> <span class='ocrx_word' id='word_1_120' title='bbox 3341 1037 3540 1109; x_wconf 77' lang='grc' dir='ltr'>εὐλαϐῆ</span> <span class='ocrx_word' id='word_1_121' title='bbox 3571 1041 3664 1093; x_wconf 73' lang='grc' dir='ltr'>καὶ</span> 
     </span>
    </p>
   </div>
   <div class='ocr_carea' id='block_1_19' title="bbox 2091 1120 3376 1197">
    <p class='ocr_par' dir='ltr' id='par_1_19' title="bbox 2091 1120 3376 1197">
     <span class='ocr_line' id='line_1_19' title="bbox 2091 1120 3376 1197; baseline 0.004 -23"><span class='ocrx_word' id='word_1_122' title='bbox 2091 1120 2429 1193; x_wconf 84' lang='grc' dir='ltr'>φιλόπτωχον</span> <span class='ocrx_word' id='word_1_123' title='bbox 2458 1123 2533 1188; x_wconf 83' lang='grc' dir='ltr'><strong>ὡς</strong></span> <span class='ocrx_word' id='word_1_124' title='bbox 2556 1123 2644 1177; x_wconf 79' lang='grc' dir='ltr'>τὸν</span> <span class='ocrx_word' id='word_1_125' title='bbox 2684 1125 2738 1178; x_wconf 82' lang='grc' dir='ltr'><strong>Ἀ</strong></span> <span class='ocrx_word' id='word_1_126' title='bbox 2749 1124 3003 1195; x_wconf 75' lang='grc' dir='ltr'>μὸακοὺμ</span> <span class='ocrx_word' id='word_1_127' title='bbox 3025 1125 3376 1197; x_wconf 69' lang='grc' dir='ltr'>ἀναμένουσι.</span> 
     </span>
    </p>
   </div>
   <div class='ocr_carea' id='block_1_20' title="bbox 421 1210 3664 1292">
    <p class='ocr_par' dir='ltr' id='par_1_20' title="bbox 421 1210 3664 1292">
     <span class='ocr_line' id='line_1_20' title="bbox 421 1210 3664 1292; baseline -0.001 -14"><span class='ocrx_word' id='word_1_128' title='bbox 421 1223 552 1287; x_wconf 85' lang='lat' dir='ltr'><strong>lant,</strong></span> <span class='ocrx_word' id='word_1_129' title='bbox 594 1236 750 1292; x_wconf 88' lang='lat' dir='ltr'><strong>opem</strong></span> <span class='ocrx_word' id='word_1_130' title='bbox 792 1218 1167 1288; x_wconf 82' lang='lat' dir='ltr'><strong>implorantes.</strong></span> <span class='ocrx_word' id='word_1_131' title='bbox 1196 1214 1267 1267; x_wconf 88' lang='lat' dir='ltr'><strong>At</strong></span> <span class='ocrx_word' id='word_1_132' title='bbox 1300 1212 1379 1266; x_wconf 91' lang='lat' dir='ltr'><strong>illi</strong></span> <span class='ocrx_word' id='word_1_133' title='bbox 1416 1226 1705 1281; x_wconf 85' lang='lat' dir='ltr'><strong>pauperes,</strong></span> <span class='ocrx_word' id='word_1_134' title='bbox 1755 1211 1845 1279; x_wconf 90' lang='lat' dir='ltr'><strong>qui</strong></span> <span class='ocrx_word' id='word_1_135' title='bbox 1879 1210 2107 1268; x_wconf 85' lang='lat' dir='ltr'><strong>adversa</strong></span> <span class='ocrx_word' id='word_1_136' title='bbox 2147 1214 2357 1283; x_wconf 58' lang='lat' dir='ltr'><strong>praediti</strong></span> <span class='ocrx_word' id='word_1_137' title='bbox 2419 1217 2748 1280; x_wconf 87' lang='lat' dir='ltr'><strong>valetudine,</strong></span> <span class='ocrx_word' id='word_1_138' title='bbox 2796 1229 3134 1289; x_wconf 88' lang='lat' dir='ltr'><strong>angustoque</strong></span> <span class='ocrx_word' id='word_1_139' title='bbox 3180 1219 3490 1290; x_wconf 87' lang='lat' dir='ltr'><strong>hospitiolo,</strong></span> <span class='ocrx_word' id='word_1_140' title='bbox 3556 1221 3664 1274; x_wconf 87' lang='lat' dir='ltr'><strong>imo</strong></span> 
     </span>
    </p>
   </div>
   <div class='ocr_carea' id='block_1_21' title="bbox 419 1304 3663 1387">
    <p class='ocr_par' dir='ltr' id='par_1_21' title="bbox 419 1304 3663 1387">
     <span class='ocr_line' id='line_1_21' title="bbox 419 1304 3663 1387; baseline -0 -19"><span class='ocrx_word' id='word_1_141' title='bbox 419 1332 549 1373; x_wconf 87' lang='lat' dir='ltr'><strong>vero</strong></span> <span class='ocrx_word' id='word_1_142' title='bbox 576 1314 824 1387; x_wconf 79' lang='lat' dir='ltr'><strong>angustis</strong></span> <span class='ocrx_word' id='word_1_143' title='bbox 878 1308 1159 1381; x_wconf 90' lang='lat' dir='ltr'><strong>hospitioli</strong></span> <span class='ocrx_word' id='word_1_144' title='bbox 1199 1307 1414 1377; x_wconf 81' lang='lat' dir='ltr'><strong>angulis</strong></span> <span class='ocrx_word' id='word_1_145' title='bbox 1450 1304 1695 1359; x_wconf 89' lang='lat' dir='ltr'><strong>conclusi</strong></span> <span class='ocrx_word' id='word_1_146' title='bbox 1728 1311 1878 1367; x_wconf 86' lang='lat' dir='ltr'><strong>sunt,</strong></span> <span class='ocrx_word' id='word_1_147' title='bbox 1931 1304 2008 1358; x_wconf 88' lang='lat' dir='ltr'><strong>uti</strong></span> <span class='ocrx_word' id='word_1_148' title='bbox 2047 1304 2235 1363; x_wconf 88' lang='lat' dir='ltr'><strong>Daniel</strong></span> <span class='ocrx_word' id='word_1_149' title='bbox 2267 1309 2322 1364; x_wconf 89' lang='lat' dir='ltr'><strong>in</strong></span> <span class='ocrx_word' id='word_1_150' title='bbox 2361 1310 2507 1376; x_wconf 88' lang='lat' dir='ltr'><strong>lacu,</strong></span> <span class='ocrx_word' id='word_1_151' title='bbox 2549 1319 2603 1366; x_wconf 90' lang='lat' dir='ltr'><strong>te</strong></span> <span class='ocrx_word' id='word_1_152' title='bbox 2651 1311 2945 1382; x_wconf 88' lang='lat' dir='ltr'><strong>benignum</strong></span> <span class='ocrx_word' id='word_1_153' title='bbox 2993 1319 3047 1366; x_wconf 90' lang='lat' dir='ltr'><strong>et</strong></span> <span class='ocrx_word' id='word_1_154' title='bbox 3109 1326 3407 1381; x_wconf 86' lang='lat' dir='ltr'><strong>pauperum</strong></span> <span class='ocrx_word' id='word_1_155' title='bbox 3464 1315 3663 1368; x_wconf 88' lang='lat' dir='ltr'><strong>studio-</strong></span> 
     </span>
    </p>
   </div>
   <div class='ocr_carea' id='block_1_22' title="bbox 420 1391 2132 1473">
    <p class='ocr_par' dir='ltr' id='par_1_22' title="bbox 420 1391 2132 1473">
     <span class='ocr_line' id='line_1_22' title="bbox 420 1391 2132 1473; baseline -0.006 -13"><span class='ocrx_word' id='word_1_156' title='bbox 420 1420 541 1460; x_wconf 90' lang='lat' dir='ltr'><strong>sum</strong></span> <span class='ocrx_word' id='word_1_157' title='bbox 577 1412 740 1473; x_wconf 90' lang='lat' dir='ltr'><strong>atque</strong></span> <span class='ocrx_word' id='word_1_158' title='bbox 796 1407 1091 1459; x_wconf 88' lang='lat' dir='ltr'><strong>amantem,</strong></span> <span class='ocrx_word' id='word_1_159' title='bbox 1157 1402 1421 1464; x_wconf 83' lang='lat' dir='ltr'><strong>tanquam</strong></span> <span class='ocrx_word' id='word_1_160' title='bbox 1480 1391 1737 1446; x_wconf 79' lang='lat' dir='ltr'><strong>Habacuc</strong></span> <span class='ocrx_word' id='word_1_161' title='bbox 1794 1401 2132 1461; x_wconf 77' lang='lat' dir='ltr'><strong>exspectant.</strong></span> 
     </span>
    </p>
   </div>
   <div class='ocr_carea' id='block_1_23' title="bbox 456 1480 1993 1558">
    <p class='ocr_par' dir='ltr' id='par_1_23' title="bbox 456 1480 1993 1558">
     <span class='ocr_line' id='line_1_23' title="bbox 456 1480 1993 1558; baseline -0.007 -13"><span class='ocrx_word' id='word_1_162' title='bbox 456 1490 850 1558; x_wconf 27' lang='lat' dir='ltr'><strong>&#39;Quamobrem</strong></span> <span class='ocrx_word' id='word_1_163' title='bbox 885 1501 983 1556; x_wconf 88' lang='lat' dir='ltr'><strong>per</strong></span> <span class='ocrx_word' id='word_1_164' title='bbox 1033 1483 1434 1552; x_wconf 83' lang='lat' dir='ltr'><strong>eleemosynam</strong></span> <span class='ocrx_word' id='word_1_165' title='bbox 1480 1480 1756 1550; x_wconf 76' lang='lat' dir='ltr'><strong>pr0plietae</strong></span> <span class='ocrx_word' id='word_1_166' title='bbox 1807 1481 1993 1536; x_wconf 81' lang='lat' dir='ltr'><strong>socius</strong></span> 
     </span>
    </p>
   </div>
   <div class='ocr_carea' id='block_1_24' title="bbox 422 1570 1990 1645">
    <p class='ocr_par' dir='ltr' id='par_1_24' title="bbox 422 1570 1990 1645">
     <span class='ocr_line' id='line_1_24' title="bbox 422 1570 1990 1645; baseline -0.006 -11"><span class='ocrx_word' id='word_1_167' title='bbox 422 1580 674 1645; x_wconf 73' lang='lat' dir='ltr'><strong>edicere;</strong></span> <span class='ocrx_word' id='word_1_168' title='bbox 704 1577 955 1633; x_wconf 89' lang='lat' dir='ltr'><strong>celeriter</strong></span> <span class='ocrx_word' id='word_1_169' title='bbox 984 1584 1040 1630; x_wconf 90' lang='lat' dir='ltr'><strong>et</strong></span> <span class='ocrx_word' id='word_1_170' title='bbox 1072 1575 1299 1644; x_wconf 79' lang='lat' dir='ltr'><strong>impigre</strong></span> <span class='ocrx_word' id='word_1_171' title='bbox 1333 1571 1398 1626; x_wconf 86' lang='lat' dir='ltr'><strong>ad</strong></span> <span class='ocrx_word' id='word_1_172' title='bbox 1448 1570 1702 1625; x_wconf 86' lang='lat' dir='ltr'><strong>alendum</strong></span> <span class='ocrx_word' id='word_1_173' title='bbox 1745 1580 1990 1640; x_wconf 88' lang='lat' dir='ltr'><strong>egentem</strong></span> 
     </span>
    </p>
   </div>
   <div class='ocr_carea' id='block_1_25' title="bbox 422 1661 1988 1732">
    <p class='ocr_par' dir='ltr' id='par_1_25' title="bbox 422 1661 1988 1732">
     <span class='ocr_line' id='line_1_25' title="bbox 422 1661 1988 1732; baseline -0.006 -6"><span class='ocrx_word' id='word_1_174' title='bbox 422 1671 639 1726; x_wconf 87' lang='lat' dir='ltr'><strong>accede.</strong></span> <span class='ocrx_word' id='word_1_175' title='bbox 674 1669 892 1721; x_wconf 81' lang='lat' dir='ltr'><strong>Nullam</strong></span> <span class='ocrx_word' id='word_1_176' title='bbox 947 1665 1118 1720; x_wconf 90' lang='lat' dir='ltr'><strong>facies</strong></span> <span class='ocrx_word' id='word_1_177' title='bbox 1178 1664 1232 1717; x_wconf 91' lang='lat' dir='ltr'><strong>in</strong></span> <span class='ocrx_word' id='word_1_178' title='bbox 1291 1662 1653 1732; x_wconf 84' lang='lat' dir='ltr'><strong>promerendo</strong></span> <span class='ocrx_word' id='word_1_179' title='bbox 1697 1661 1988 1729; x_wconf 73' lang='lat' dir='ltr'><strong>iacturam.</strong></span> 
     </span>
    </p>
   </div>
   <div class='ocr_carea' id='block_1_26' title="bbox 2159 1485 3663 1562">
    <p class='ocr_par' dir='ltr' id='par_1_26' title="bbox 2159 1485 3663 1562">
     <span class='ocr_line' id='line_1_26' title="bbox 2159 1485 3663 1562; baseline 0.005 -24"><span class='ocrx_word' id='word_1_180' title='bbox 2159 1485 2320 1540; x_wconf 87' lang='grc' dir='ltr'><strong>Γενοῦ</strong></span> <span class='ocrx_word' id='word_1_181' title='bbox 2341 1487 2433 1541; x_wconf 82' lang='grc' dir='ltr'>τοῦ</span> <span class='ocrx_word' id='word_1_182' title='bbox 2452 1489 2734 1560; x_wconf 78' lang='grc' dir='ltr'>Προφήτου</span> <span class='ocrx_word' id='word_1_183' title='bbox 2751 1490 2816 1543; x_wconf 85' lang='grc' dir='ltr'>δι’</span> <span class='ocrx_word' id='word_1_184' title='bbox 2842 1489 3204 1561; x_wconf 84' lang='grc' dir='ltr'>ὲλεημοσύνης</span> <span class='ocrx_word' id='word_1_185' title='bbox 3223 1492 3435 1561; x_wconf 78' lang='grc' dir='ltr'>ἑταῖρος</span> <span class='ocrx_word' id='word_1_186' title='bbox 3458 1509 3471 1524; x_wconf 90' lang='grc'><strong>·</strong></span> <span class='ocrx_word' id='word_1_187' title='bbox 3497 1494 3663 1562; x_wconf 77' lang='grc' dir='ltr'>ταχὺς</span> 
     </span>
    </p>
   </div>
   <div class='ocr_carea' id='block_1_27' title="bbox 2088 1576 3662 1652">
    <p class='ocr_par' dir='ltr' id='par_1_27' title="bbox 2088 1576 3662 1652">
     <span class='ocr_line' id='line_1_27' title="bbox 2088 1576 3662 1652; baseline 0.006 -27"><span class='ocrx_word' id='word_1_188' title='bbox 2088 1576 2320 1645; x_wconf 83' lang='grc' dir='ltr'>τροφεὺς</span> <span class='ocrx_word' id='word_1_189' title='bbox 2369 1578 2463 1632; x_wconf 58' lang='grc' dir='ltr'><strong>καὶ⁵</strong></span> <span class='ocrx_word' id='word_1_190' title='bbox 2509 1579 2720 1643; x_wconf 82' lang='grc' dir='ltr'>ἀόκνως</span> <span class='ocrx_word' id='word_1_191' title='bbox 2760 1579 2839 1650; x_wconf 77' lang='grc' dir='ltr'>τῷ</span> <span class='ocrx_word' id='word_1_192' title='bbox 2886 1579 3125 1650; x_wconf 83' lang='grc' dir='ltr'>δεομένῳ</span> <span class='ocrx_word' id='word_1_193' title='bbox 3180 1581 3508 1652; x_wconf 79' lang='grc' dir='ltr'>παράστηοι.</span> <span class='ocrx_word' id='word_1_194' title='bbox 3550 1583 3662 1635; x_wconf 84' lang='grc' dir='ltr'>Ούκ</span> 
     </span>
    </p>
   </div>
   <div class='ocr_carea' id='block_1_28' title="bbox 2089 1664 3661 1742">
    <p class='ocr_par' dir='ltr' id='par_1_28' title="bbox 2089 1664 3661 1742">
     <span class='ocr_line' id='line_1_28' title="bbox 2089 1664 3661 1742; baseline 0.005 -25"><span class='ocrx_word' id='word_1_195' title='bbox 2089 1664 2204 1719; x_wconf 80' lang='grc' dir='ltr'>ἔστι</span> <span class='ocrx_word' id='word_1_196' title='bbox 2221 1665 2443 1739; x_wconf 81' lang='grc' dir='ltr'>ζημίαή</span> <span class='ocrx_word' id='word_1_197' title='bbox 2477 1668 2641 1733; x_wconf 89' lang='grc' dir='ltr'>δόσις.</span> <span class='ocrx_word' id='word_1_198' title='bbox 2656 1670 2747 1741; x_wconf 87' lang='grc' dir='ltr'><strong>Μὴ</strong></span> <span class='ocrx_word' id='word_1_199' title='bbox 2788 1670 3030 1741; x_wconf 76' lang='grc' dir='ltr'>φοϐηθῇς</span> <span class='ocrx_word' id='word_1_200' title='bbox 3054 1687 3067 1700; x_wconf 91' lang='grc'><strong>·</strong></span> <span class='ocrx_word' id='word_1_201' title='bbox 3092 1670 3356 1741; x_wconf 81' lang='grc' dir='ltr'>πολύχους</span> <span class='ocrx_word' id='word_1_202' title='bbox 3386 1672 3661 1742; x_wconf 76' lang='grc' dir='ltr'>βλαστάνει</span> 
     </span>
    </p>
   </div>
   <div class='ocr_carea' id='block_1_29' title="bbox 424 1753 1983 1832">
    <p class='ocr_par' dir='ltr' id='par_1_29' title="bbox 424 1753 1983 1826">
     <span class='ocr_line' id='line_1_29' title="bbox 424 1753 1983 1826; baseline -0.008 -8"><span class='ocrx_word' id='word_1_203' title='bbox 424 1762 504 1818; x_wconf 86' lang='lat' dir='ltr'><strong>Nc</strong></span> <span class='ocrx_word' id='word_1_204' title='bbox 532 1760 790 1816; x_wconf 84' lang='lat' dir='ltr'><strong>verearis.</strong></span> <span class='ocrx_word' id='word_1_205' title='bbox 825 1756 1102 1826; x_wconf 83' lang='lat' dir='ltr'><strong>Multiplex</strong></span> <span class='ocrx_word' id='word_1_206' title='bbox 1132 1755 1276 1810; x_wconf 90' lang='lat' dir='ltr'><strong>enim</strong></span> <span class='ocrx_word' id='word_1_207' title='bbox 1328 1760 1383 1808; x_wconf 90' lang='lat' dir='ltr'><strong>et</strong></span> <span class='ocrx_word' id='word_1_208' title='bbox 1435 1753 1691 1822; x_wconf 89' lang='lat' dir='ltr'><strong>copiosus</strong></span> <span class='ocrx_word' id='word_1_209' title='bbox 1748 1753 1983 1824; x_wconf 78' lang='lat' dir='ltr'><strong>gignitur</strong></span> 
     </span>
    </p>
   </div>
   <div class='ocr_carea' id='block_1_30' title="bbox 2084 1753 3664 1832">
    <p class='ocr_par' dir='ltr' id='par_1_30' title="bbox 2088 1756 3664 1832">
     <span class='ocr_line' id='line_1_30' title="bbox 2088 1756 3664 1832; baseline 0.004 -24"><span class='ocrx_word' id='word_1_210' title='bbox 2088 1756 2117 1808; x_wconf 98' lang='lat'><strong>6</strong></span> <span class='ocrx_word' id='word_1_211' title='bbox 2145 1757 2242 1825; x_wconf 84' lang='grc' dir='ltr'>τῆς</span> <span class='ocrx_word' id='word_1_212' title='bbox 2266 1757 2632 1829; x_wconf 86' lang='grc' dir='ltr'>ὲλεημοσύνης</span> <span class='ocrx_word' id='word_1_213' title='bbox 2661 1760 2889 1830; x_wconf 75' lang='grc' dir='ltr'>καρπός.</span> <span class='ocrx_word' id='word_1_214' title='bbox 2924 1762 3150 1832; x_wconf 85' lang='grc' dir='ltr'>Σπεῖρον</span> <span class='ocrx_word' id='word_1_215' title='bbox 3183 1762 3377 1825; x_wconf 78' lang='grc' dir='ltr'>διδοὺς,</span> <span class='ocrx_word' id='word_1_216' title='bbox 3410 1763 3502 1816; x_wconf 79' lang='grc' dir='ltr'>καὶ</span> <span class='ocrx_word' id='word_1_217' title='bbox 3528 1763 3664 1832; x_wconf 85' lang='grc' dir='ltr'>πλη-</span> 
     </span>
    </p>
   </div>
   <div class='ocr_carea' id='block_1_31' title="bbox 420 1842 1983 1936">
    <p class='ocr_par' dir='ltr' id='par_1_31' title="bbox 420 1842 1983 1916">
     <span class='ocr_line' id='line_1_31' title="bbox 420 1842 1983 1916; baseline -0.005 -11"><span class='ocrx_word' id='word_1_218' title='bbox 420 1851 634 1907; x_wconf 87' lang='lat' dir='ltr'><strong>fructus</strong></span> <span class='ocrx_word' id='word_1_219' title='bbox 665 1865 728 1905; x_wconf 82' lang='lat' dir='ltr'><strong>ex</strong></span> <span class='ocrx_word' id='word_1_220' title='bbox 770 1847 1133 1916; x_wconf 90' lang='lat' dir='ltr'><strong>eleemosyna.</strong></span> <span class='ocrx_word' id='word_1_221' title='bbox 1167 1842 1298 1898; x_wconf 85' lang='lat' dir='ltr'><strong>Sero</strong></span> <span class='ocrx_word' id='word_1_222' title='bbox 1327 1842 1670 1905; x_wconf 83' lang='lat' dir='ltr'><strong>beneficium,</strong></span> <span class='ocrx_word' id='word_1_223' title='bbox 1700 1849 1758 1895; x_wconf 91' lang='lat' dir='ltr'><strong>ut</strong></span> <span class='ocrx_word' id='word_1_224' title='bbox 1787 1849 1983 1897; x_wconf 85' lang='lat' dir='ltr'><strong>metere</strong></span> 
     </span>
    </p>
   </div>
   <div class='ocr_carea' id='block_1_32' title="bbox 2084 1842 3362 1936">
    <p class='ocr_par' dir='ltr' id='par_1_32' title="bbox 2095 1848 3362 1922">
     <span class='ocr_line' id='line_1_32' title="bbox 2095 1848 3362 1922; baseline 0.005 -21"><span class='ocrx_word' id='word_1_225' title='bbox 2095 1848 2288 1919; x_wconf 88' lang='grc' dir='ltr'>ρώοεις</span> <span class='ocrx_word' id='word_1_226' title='bbox 2315 1848 2424 1902; x_wconf 86' lang='grc' dir='ltr'><strong>τῶν</strong></span> <span class='ocrx_word' id='word_1_227' title='bbox 2448 1850 2670 1919; x_wconf 73' lang='grc' dir='ltr'>ἀγαθῶν</span> <span class='ocrx_word' id='word_1_228' title='bbox 2688 1851 3016 1922; x_wconf 73' lang='grc' dir='ltr'>δραγμάτων</span> <span class='ocrx_word' id='word_1_229' title='bbox 3041 1853 3138 1922; x_wconf 82' lang='grc' dir='ltr'>τὴν</span> <span class='ocrx_word' id='word_1_230' title='bbox 3166 1854 3362 1907; x_wconf 78' lang='grc' dir='ltr'>οἰκίαν.</span> 
     </span>
    </p>
   </div>
   <div class='ocr_carea' id='block_1_33' title="bbox 420 1933 1979 2015">
    <p class='ocr_par' dir='ltr' id='par_1_33' title="bbox 420 1933 1979 2015">
     <span class='ocr_line' id='line_1_33' title="bbox 420 1933 1979 2015; baseline -0.008 -15"><span class='ocrx_word' id='word_1_231' title='bbox 420 1943 603 2015; x_wconf 87' lang='lat' dir='ltr'><strong>possis</strong></span> <span class='ocrx_word' id='word_1_232' title='bbox 634 1942 959 2004; x_wconf 84' lang='lat' dir='ltr'><strong>fructum,et</strong></span> <span class='ocrx_word' id='word_1_233' title='bbox 987 1939 1144 1992; x_wconf 89' lang='lat' dir='ltr'><strong>bonis</strong></span> <span class='ocrx_word' id='word_1_234' title='bbox 1171 1934 1465 2005; x_wconf 84' lang='lat' dir='ltr'><strong>manipulis</strong></span> <span class='ocrx_word' id='word_1_235' title='bbox 1498 1933 1719 1987; x_wconf 91' lang='lat' dir='ltr'><strong>domum</strong></span> <span class='ocrx_word' id='word_1_236' title='bbox 1749 1934 1979 2003; x_wconf 85' lang='lat' dir='ltr'><strong>replere.</strong></span> 
     </span>
    </p>
   </div>
   <div class='ocr_carea' id='block_1_34' title="bbox 490 2062 1987 2139">
    <p class='ocr_par' dir='ltr' id='par_1_34' title="bbox 490 2062 1987 2139">
     <span class='ocr_line' id='line_1_34' title="bbox 490 2062 1987 2139; baseline -0.008 -10"><span class='ocrx_word' id='word_1_237' title='bbox 490 2076 559 2129; x_wconf 84' lang='lat' dir='ltr'><strong>At</strong></span> <span class='ocrx_word' id='word_1_238' title='bbox 591 2072 799 2129; x_wconf 89' lang='lat' dir='ltr'><strong>enimte</strong></span> <span class='ocrx_word' id='word_1_239' title='bbox 823 2082 1046 2139; x_wconf 91' lang='lat' dir='ltr'><strong>quoque</strong></span> <span class='ocrx_word' id='word_1_240' title='bbox 1069 2080 1361 2137; x_wconf 89' lang='lat' dir='ltr'><strong>pauperem</strong></span> <span class='ocrx_word' id='word_1_241' title='bbox 1401 2063 1571 2119; x_wconf 90' lang='lat' dir='ltr'><strong>dices.</strong></span> <span class='ocrx_word' id='word_1_242' title='bbox 1603 2062 1713 2118; x_wconf 89' lang='lat' dir='ltr'><strong>Fac</strong></span> <span class='ocrx_word' id='word_1_243' title='bbox 1744 2063 1858 2129; x_wconf 86' lang='lat' dir='ltr'><strong>sis;</strong></span> <span class='ocrx_word' id='word_1_244' title='bbox 1910 2073 1987 2117; x_wconf 87' lang='lat' dir='ltr'><strong>at-</strong></span> 
     </span>
    </p>
   </div>
   <div class='ocr_carea' id='block_1_35' title="bbox 418 2153 1984 2228">
    <p class='ocr_par' dir='ltr' id='par_1_35' title="bbox 418 2153 1984 2228">
     <span class='ocr_line' id='line_1_35' title="bbox 418 2153 1984 2228; baseline -0.008 -7"><span class='ocrx_word' id='word_1_245' title='bbox 418 2173 603 2221; x_wconf 87' lang='lat' dir='ltr'><strong>tamen</strong></span> <span class='ocrx_word' id='word_1_246' title='bbox 633 2162 784 2218; x_wconf 89' lang='lat' dir='ltr'><strong>dato.</strong></span> <span class='ocrx_word' id='word_1_247' title='bbox 852 2158 929 2212; x_wconf 87' lang='lat' dir='ltr'><strong>Da</strong></span> <span class='ocrx_word' id='word_1_248' title='bbox 969 2156 1115 2228; x_wconf 91' lang='lat' dir='ltr'><strong>quod</strong></span> <span class='ocrx_word' id='word_1_249' title='bbox 1144 2156 1333 2212; x_wconf 84' lang='lat' dir='ltr'><strong>habes.</strong></span> <span class='ocrx_word' id='word_1_250' title='bbox 1388 2153 1575 2225; x_wconf 80' lang='lat' dir='ltr'><strong>Neque</strong></span> <span class='ocrx_word' id='word_1_251' title='bbox 1624 2154 1769 2209; x_wconf 89' lang='lat' dir='ltr'><strong>enim</strong></span> <span class='ocrx_word' id='word_1_252' title='bbox 1822 2169 1984 2224; x_wconf 87' lang='lat' dir='ltr'><strong>supra</strong></span> 
     </span>
    </p>
   </div>
   <div class='ocr_carea' id='block_1_36' title="bbox 419 2244 1983 2322">
    <p class='ocr_par' dir='ltr' id='par_1_36' title="bbox 419 2244 1983 2322">
     <span class='ocr_line' id='line_1_36' title="bbox 419 2244 1983 2322; baseline -0.01 -9"><span class='ocrx_word' id='word_1_253' title='bbox 419 2260 563 2312; x_wconf 86' lang='lat' dir='ltr'><strong>vires</strong></span> <span class='ocrx_word' id='word_1_254' title='bbox 602 2266 726 2309; x_wconf 89' lang='lat' dir='ltr'><strong>tuas</strong></span> <span class='ocrx_word' id='word_1_255' title='bbox 753 2250 1050 2322; x_wconf 84' lang='lat' dir='ltr'><strong>quidquam</strong></span> <span class='ocrx_word' id='word_1_256' title='bbox 1091 2250 1188 2302; x_wconf 87' lang='lat' dir='ltr'><strong>abs</strong></span> <span class='ocrx_word' id='word_1_257' title='bbox 1224 2255 1277 2303; x_wconf 91' lang='lat' dir='ltr'><strong>te</strong></span> <span class='ocrx_word' id='word_1_258' title='bbox 1328 2247 1557 2317; x_wconf 88' lang='lat' dir='ltr'><strong>requirit</strong></span> <span class='ocrx_word' id='word_1_259' title='bbox 1587 2245 1749 2301; x_wconf 90' lang='lat' dir='ltr'><strong>Deus.</strong></span> <span class='ocrx_word' id='word_1_260' title='bbox 1800 2244 1877 2299; x_wconf 75' lang='lat' dir='ltr'><strong>Da</strong></span> <span class='ocrx_word' id='word_1_261' title='bbox 1927 2253 1983 2299; x_wconf 92' lang='lat' dir='ltr'><strong>tu</strong></span> 
     </span>
    </p>
   </div>
   <div class='ocr_carea' id='block_1_37' title="bbox 419 2336 1981 2422">
    <p class='ocr_par' dir='ltr' id='par_1_37' title="bbox 419 2336 1981 2422">
     <span class='ocr_line' id='line_1_37' title="bbox 419 2336 1981 2422; baseline -0.009 -18"><span class='ocrx_word' id='word_1_262' title='bbox 419 2364 634 2422; x_wconf 89' lang='lat' dir='ltr'><strong>panem,</strong></span> <span class='ocrx_word' id='word_1_263' title='bbox 664 2346 756 2399; x_wconf 86' lang='lat' dir='ltr'><strong>ille</strong></span> <span class='ocrx_word' id='word_1_264' title='bbox 787 2342 1042 2413; x_wconf 87' lang='lat' dir='ltr'><strong>poculum</strong></span> <span class='ocrx_word' id='word_1_265' title='bbox 1070 2340 1202 2404; x_wconf 91' lang='lat' dir='ltr'><strong>vini,</strong></span> <span class='ocrx_word' id='word_1_266' title='bbox 1234 2339 1375 2394; x_wconf 88' lang='lat' dir='ltr'><strong>alius</strong></span> <span class='ocrx_word' id='word_1_267' title='bbox 1404 2341 1787 2393; x_wconf 85' lang='lat' dir='ltr'><strong>vestimentum</strong></span> <span class='ocrx_word' id='word_1_268' title='bbox 1810 2336 1981 2402; x_wconf 86' lang='lat' dir='ltr'><strong>dabit;</strong></span> 
     </span>
    </p>
   </div>
   <div class='ocr_carea' id='block_1_38' title="bbox 419 2427 1984 2511">
    <p class='ocr_par' dir='ltr' id='par_1_38' title="bbox 419 2427 1984 2511">
     <span class='ocr_line' id='line_1_38' title="bbox 419 2427 1984 2511; baseline -0.008 -16"><span class='ocrx_word' id='word_1_269' title='bbox 419 2450 586 2511; x_wconf 84' lang='lat' dir='ltr'><strong>atque</strong></span> <span class='ocrx_word' id='word_1_270' title='bbox 616 2438 690 2493; x_wconf 92' lang='lat' dir='ltr'><strong>ita</strong></span> <span class='ocrx_word' id='word_1_271' title='bbox 718 2451 786 2492; x_wconf 84' lang='lat' dir='ltr'><strong>ex</strong></span> <span class='ocrx_word' id='word_1_272' title='bbox 820 2433 1115 2488; x_wconf 88' lang='lat' dir='ltr'><strong>multorum</strong></span> <span class='ocrx_word' id='word_1_273' title='bbox 1152 2430 1485 2501; x_wconf 85' lang='lat' dir='ltr'><strong>benignitate</strong></span> <span class='ocrx_word' id='word_1_274' title='bbox 1511 2429 1674 2483; x_wconf 90' lang='lat' dir='ltr'><strong>unius</strong></span> <span class='ocrx_word' id='word_1_275' title='bbox 1698 2427 1984 2482; x_wconf 86' lang='lat' dir='ltr'><strong>calamitas</strong></span> 
     </span>
    </p>
   </div>
   <div class='ocr_carea' id='block_1_39' title="bbox 417 2510 1984 2592">
    <p class='ocr_par' dir='ltr' id='par_1_39' title="bbox 417 2510 1984 2592">
     <span class='ocr_line' id='line_1_39' title="bbox 417 2510 1984 2592; baseline -0.01 -6"><span class='ocrx_word' id='word_1_276' title='bbox 417 2510 811 2586; x_wconf 81' lang='lat' dir='ltr'><strong>sublevabitur.</strong></span> <span class='ocrx_word' id='word_1_277' title='bbox 842 2523 921 2580; x_wconf 85' lang='lat' dir='ltr'><strong>Ne</strong></span> <span class='ocrx_word' id='word_1_278' title='bbox 950 2522 1128 2579; x_wconf 71' lang='lat' dir='ltr'><strong>Moses</strong></span> <span class='ocrx_word' id='word_1_279' title='bbox 1158 2520 1379 2592; x_wconf 81' lang='lat' dir='ltr'><strong>quidem</strong></span> <span class='ocrx_word' id='word_1_280' title='bbox 1410 2519 1488 2584; x_wconf 92' lang='lat' dir='ltr'><strong>id,</strong></span> <span class='ocrx_word' id='word_1_281' title='bbox 1518 2518 1666 2588; x_wconf 89' lang='lat' dir='ltr'><strong>quod</strong></span> <span class='ocrx_word' id='word_1_282' title='bbox 1718 2510 1984 2587; x_wconf 87' lang='lat' dir='ltr'><strong>impendit</strong></span> 
     </span>
    </p>
   </div>
   <div class='ocr_carea' id='block_1_40' title="bbox 418 2608 1979 2683">
    <p class='ocr_par' dir='ltr' id='par_1_40' title="bbox 418 2608 1979 2683">
     <span class='ocr_line' id='line_1_40' title="bbox 418 2608 1979 2683; baseline -0.01 -6"><span class='ocrx_word' id='word_1_283' title='bbox 418 2624 471 2678; x_wconf 88' lang='lat' dir='ltr'><strong>in</strong></span> <span class='ocrx_word' id='word_1_284' title='bbox 504 2618 939 2683; x_wconf 87' lang='lat' dir='ltr'><strong>tabernaculum,</strong></span> <span class='ocrx_word' id='word_1_285' title='bbox 968 2616 1037 2671; x_wconf 87' lang='lat' dir='ltr'><strong>ab</strong></span> <span class='ocrx_word' id='word_1_286' title='bbox 1062 2629 1172 2670; x_wconf 89' lang='lat' dir='ltr'><strong>uno</strong></span> <span class='ocrx_word' id='word_1_287' title='bbox 1226 2620 1436 2667; x_wconf 88' lang='lat' dir='ltr'><strong>tantum</strong></span> <span class='ocrx_word' id='word_1_288' title='bbox 1491 2610 1714 2666; x_wconf 92' lang='lat' dir='ltr'><strong>homine</strong></span> <span class='ocrx_word' id='word_1_289' title='bbox 1748 2608 1979 2678; x_wconf 89' lang='lat' dir='ltr'><strong>accepit,</strong></span> 
     </span>
    </p>
   </div>
   <div class='ocr_carea' id='block_1_41' title="bbox 416 2702 1983 2778">
    <p class='ocr_par' dir='ltr' id='par_1_41' title="bbox 416 2702 1983 2778">
     <span class='ocr_line' id='line_1_41' title="bbox 416 2702 1983 2778; baseline -0.011 -9"><span class='ocrx_word' id='word_1_290' title='bbox 416 2712 511 2769; x_wconf 85' lang='lat' dir='ltr'><strong>sed</strong></span> <span class='ocrx_word' id='word_1_291' title='bbox 538 2713 603 2767; x_wconf 88' lang='lat' dir='ltr'><strong>ab</strong></span> <span class='ocrx_word' id='word_1_292' title='bbox 629 2713 886 2766; x_wconf 89' lang='lat' dir='ltr'><strong>universo</strong></span> <span class='ocrx_word' id='word_1_293' title='bbox 914 2706 1113 2778; x_wconf 88' lang='lat' dir='ltr'><strong>populo</strong></span> <span class='ocrx_word' id='word_1_294' title='bbox 1143 2706 1186 2759; x_wconf 79' lang='grc'><strong>³.</strong></span> <span class='ocrx_word' id='word_1_295' title='bbox 1219 2703 1325 2757; x_wconf 86' lang='lat' dir='ltr'><strong>Alii</strong></span> <span class='ocrx_word' id='word_1_296' title='bbox 1354 2702 1501 2758; x_wconf 90' lang='lat' dir='ltr'><strong>enim</strong></span> <span class='ocrx_word' id='word_1_297' title='bbox 1533 2714 1752 2766; x_wconf 89' lang='lat' dir='ltr'><strong>aurum,</strong></span> <span class='ocrx_word' id='word_1_298' title='bbox 1784 2713 1983 2769; x_wconf 85' lang='lat' dir='ltr'><strong>argen-</strong></span> 
     </span>
    </p>
   </div>
   <div class='ocr_carea' id='block_1_42' title="bbox 414 2789 1986 2866">
    <p class='ocr_par' dir='ltr' id='par_1_42' title="bbox 414 2789 1986 2866">
     <span class='ocr_line' id='line_1_42' title="bbox 414 2789 1986 2866; baseline -0.009 -10"><span class='ocrx_word' id='word_1_299' title='bbox 414 2812 529 2856; x_wconf 88' lang='lat' dir='ltr'><strong>tum</strong></span> <span class='ocrx_word' id='word_1_300' title='bbox 552 2801 665 2865; x_wconf 88' lang='lat' dir='ltr'><strong>alii,</strong></span> <span class='ocrx_word' id='word_1_301' title='bbox 690 2807 748 2854; x_wconf 86' lang='lat' dir='ltr'><strong>ut</strong></span> <span class='ocrx_word' id='word_1_302' title='bbox 780 2797 952 2866; x_wconf 87' lang='lat' dir='ltr'><strong>magis</strong></span> <span class='ocrx_word' id='word_1_303' title='bbox 974 2798 1224 2851; x_wconf 81' lang='lat' dir='ltr'><strong>minusve</strong></span> <span class='ocrx_word' id='word_1_304' title='bbox 1264 2792 1470 2848; x_wconf 82' lang='lat' dir='ltr'><strong>divitiis</strong></span> <span class='ocrx_word' id='word_1_305' title='bbox 1495 2789 1808 2853; x_wconf 76' lang='lat' dir='ltr'><strong>afﬂuebant,</strong></span> <span class='ocrx_word' id='word_1_306' title='bbox 1834 2790 1986 2844; x_wconf 89' lang='lat' dir='ltr'><strong>obtu-</strong></span> 
     </span>
    </p>
   </div>
   <div class='ocr_carea' id='block_1_43' title="bbox 415 2880 1985 2959">
    <p class='ocr_par' dir='ltr' id='par_1_43' title="bbox 415 2880 1985 2959">
     <span class='ocr_line' id='line_1_43' title="bbox 415 2880 1985 2959; baseline -0.009 -13"><span class='ocrx_word' id='word_1_307' title='bbox 415 2894 611 2947; x_wconf 83' lang='lat' dir='ltr'><strong>lerunt.</strong></span> <span class='ocrx_word' id='word_1_308' title='bbox 646 2891 922 2959; x_wconf 85' lang='lat' dir='ltr'><strong>Pauperes</strong></span> <span class='ocrx_word' id='word_1_309' title='bbox 952 2901 1079 2941; x_wconf 87' lang='lat' dir='ltr'><strong>vero</strong></span> <span class='ocrx_word' id='word_1_310' title='bbox 1111 2887 1194 2941; x_wconf 88' lang='lat' dir='ltr'><strong>vel</strong></span> <span class='ocrx_word' id='word_1_311' title='bbox 1226 2881 1414 2954; x_wconf 88' lang='lat' dir='ltr'><strong>pelles,</strong></span> <span class='ocrx_word' id='word_1_312' title='bbox 1451 2884 1534 2938; x_wconf 87' lang='lat' dir='ltr'><strong>vel</strong></span> <span class='ocrx_word' id='word_1_313' title='bbox 1569 2880 1734 2937; x_wconf 88' lang='lat' dir='ltr'><strong>etiam</strong></span> <span class='ocrx_word' id='word_1_314' title='bbox 1790 2895 1985 2950; x_wconf 89' lang='lat' dir='ltr'><strong>capra-</strong></span> 
     </span>
    </p>
   </div>
   <div class='ocr_carea' id='block_1_44' title="bbox 417 2972 1979 3050">
    <p class='ocr_par' dir='ltr' id='par_1_44' title="bbox 417 2972 1979 3050">
     <span class='ocr_line' id='line_1_44' title="bbox 417 2972 1979 3050; baseline -0.008 -14"><span class='ocrx_word' id='word_1_315' title='bbox 417 2998 539 3036; x_wconf 90' lang='lat' dir='ltr'><strong>rum</strong></span> <span class='ocrx_word' id='word_1_316' title='bbox 603 2981 763 3050; x_wconf 89' lang='lat' dir='ltr'><strong>pilos,</strong></span> <span class='ocrx_word' id='word_1_317' title='bbox 819 2978 867 3033; x_wconf 88' lang='lat' dir='ltr'><strong>si</strong></span> <span class='ocrx_word' id='word_1_318' title='bbox 921 2977 1047 3046; x_wconf 83' lang='lat' dir='ltr'><strong>quis</strong></span> <span class='ocrx_word' id='word_1_319' title='bbox 1100 2975 1321 3047; x_wconf 86' lang='lat' dir='ltr'><strong>gravius</strong></span> <span class='ocrx_word' id='word_1_320' title='bbox 1382 2974 1564 3043; x_wconf 89' lang='lat' dir='ltr'><strong>inopia</strong></span> <span class='ocrx_word' id='word_1_321' title='bbox 1611 2972 1979 3042; x_wconf 87' lang='lat' dir='ltr'><strong>premebatur.</strong></span> 
     </span>
    </p>
   </div>
   <div class='ocr_carea' id='block_1_45' title="bbox 418 3063 1986 3138">
    <p class='ocr_par' dir='ltr' id='par_1_45' title="bbox 418 3063 1986 3138">
     <span class='ocr_line' id='line_1_45' title="bbox 418 3063 1986 3138; baseline -0.006 -12"><span class='ocrx_word' id='word_1_322' title='bbox 418 3073 608 3126; x_wconf 82' lang='lat' dir='ltr'><strong>Nonne</strong></span> <span class='ocrx_word' id='word_1_323' title='bbox 633 3070 784 3125; x_wconf 87' lang='lat' dir='ltr'><strong>vides</strong></span> <span class='ocrx_word' id='word_1_324' title='bbox 808 3066 1067 3138; x_wconf 80' lang='lat' dir='ltr'><strong>pauperis</strong></span> <span class='ocrx_word' id='word_1_325' title='bbox 1091 3065 1255 3119; x_wconf 86' lang='lat' dir='ltr'><strong>etiam</strong></span> <span class='ocrx_word' id='word_1_326' title='bbox 1286 3065 1430 3118; x_wconf 90' lang='lat' dir='ltr'><strong>illius</strong></span> <span class='ocrx_word' id='word_1_327' title='bbox 1486 3063 1662 3117; x_wconf 69' lang='lat' dir='ltr'><strong>viduae</strong></span> <span class='ocrx_word' id='word_1_328' title='bbox 1712 3063 1986 3132; x_wconf 86' lang='lat' dir='ltr'><strong>quadran-</strong></span> 
     </span>
    </p>
   </div>
   <div class='ocr_carea' id='block_1_46' title="bbox 415 3151 1983 3226">
    <p class='ocr_par' dir='ltr' id='par_1_46' title="bbox 415 3151 1983 3226">
     <span class='ocr_line' id='line_1_46' title="bbox 415 3151 1983 3226; baseline -0.009 -8"><span class='ocrx_word' id='word_1_329' title='bbox 415 3170 522 3217; x_wconf 93' lang='lat' dir='ltr'><strong>tem</strong></span> <span class='ocrx_word' id='word_1_330' title='bbox 552 3162 777 3217; x_wconf 86' lang='lat' dir='ltr'><strong>divitum</strong></span> <span class='ocrx_word' id='word_1_331' title='bbox 808 3172 1035 3213; x_wconf 86' lang='lat' dir='ltr'><strong>munera</strong></span> <span class='ocrx_word' id='word_1_332' title='bbox 1056 3152 1379 3226; x_wconf 80' lang='lat' dir='ltr'><strong>superasse?</strong></span> <span class='ocrx_word' id='word_1_333' title='bbox 1409 3153 1499 3206; x_wconf 91' lang='lat' dir='ltr'><strong>illa</strong></span> <span class='ocrx_word' id='word_1_334' title='bbox 1538 3153 1682 3207; x_wconf 89' lang='lat' dir='ltr'><strong>enim</strong></span> <span class='ocrx_word' id='word_1_335' title='bbox 1716 3151 1983 3222; x_wconf 85' lang='lat' dir='ltr'><strong>quidquid</strong></span> 
     </span>
    </p>
   </div>
   <div class='ocr_carea' id='block_1_47' title="bbox 416 3244 1985 3318">
    <p class='ocr_par' dir='ltr' id='par_1_47' title="bbox 416 3244 1985 3318">
     <span class='ocr_line' id='line_1_47' title="bbox 416 3244 1985 3318; baseline -0.006 -11"><span class='ocrx_word' id='word_1_336' title='bbox 416 3253 671 3316; x_wconf 85' lang='lat' dir='ltr'><strong>habebat,</strong></span> <span class='ocrx_word' id='word_1_337' title='bbox 696 3248 987 3318; x_wconf 86' lang='lat' dir='ltr'><strong>exhausit;</strong></span> <span class='ocrx_word' id='word_1_338' title='bbox 1032 3263 1157 3302; x_wconf 89' lang='lat' dir='ltr'><strong>eum</strong></span> <span class='ocrx_word' id='word_1_339' title='bbox 1188 3262 1251 3302; x_wconf 81' lang='lat' dir='ltr'><strong>ex</strong></span> <span class='ocrx_word' id='word_1_340' title='bbox 1291 3246 1484 3300; x_wconf 89' lang='lat' dir='ltr'><strong>horum</strong></span> <span class='ocrx_word' id='word_1_341' title='bbox 1528 3244 1704 3314; x_wconf 88' lang='lat' dir='ltr'><strong>copiis</strong></span> <span class='ocrx_word' id='word_1_342' title='bbox 1752 3244 1839 3297; x_wconf 83' lang='lat' dir='ltr'><strong>vix</strong></span> <span class='ocrx_word' id='word_1_343' title='bbox 1886 3260 1985 3315; x_wconf 87' lang='lat' dir='ltr'><strong>pu-</strong></span> 
     </span>
    </p>
   </div>
   <div class='ocr_carea' id='block_1_48' title="bbox 2169 2064 3668 2139">
    <p class='ocr_par' dir='ltr' id='par_1_48' title="bbox 2169 2064 3668 2139">
     <span class='ocr_line' id='line_1_48' title="bbox 2169 2064 3668 2139; baseline 0.009 -22"><span class='ocrx_word' id='word_1_344' title='bbox 2169 2064 2305 2119; x_wconf 83' lang='grc' dir='ltr'>Ἀλλ’</span> <span class='ocrx_word' id='word_1_345' title='bbox 2337 2066 2479 2137; x_wconf 76' lang='grc' dir='ltr'>ἐρεῖς</span> <span class='ocrx_word' id='word_1_346' title='bbox 2504 2083 2517 2098; x_wconf 77' lang='grc'><strong><em>⁸</em></strong></span> <span class='ocrx_word' id='word_1_347' title='bbox 2564 2069 2737 2138; x_wconf 76' lang='grc' dir='ltr'>Πένης</span> <span class='ocrx_word' id='word_1_348' title='bbox 2781 2070 2952 2139; x_wconf 80' lang='grc' dir='ltr'>κάγώ,</span> <span class='ocrx_word' id='word_1_349' title='bbox 2986 2074 3183 2127; x_wconf 88' lang='grc' dir='ltr'>Ἔστω.</span> <span class='ocrx_word' id='word_1_350' title='bbox 3212 2072 3471 2127; x_wconf 79' lang='grc' dir='ltr'>Δεδόσθω.</span> <span class='ocrx_word' id='word_1_351' title='bbox 3510 2073 3607 2136; x_wconf 75' lang='grc' dir='ltr'><strong>Δὸς</strong></span> <span class='ocrx_word' id='word_1_352' title='bbox 3634 2078 3668 2131; x_wconf 78' lang='lat'><strong>6</strong></span> 
     </span>
    </p>
   </div>
   <div class='ocr_carea' id='block_1_49' title="bbox 2085 2156 3666 2235">
    <p class='ocr_par' dir='ltr' id='par_1_49' title="bbox 2085 2156 3666 2235">
     <span class='ocr_line' id='line_1_49' title="bbox 2085 2156 3666 2235; baseline 0.006 -25"><span class='ocrx_word' id='word_1_353' title='bbox 2085 2156 2246 2227; x_wconf 80' lang='grc' dir='ltr'><strong>ἔχεις.</strong></span> <span class='ocrx_word' id='word_1_354' title='bbox 2270 2157 2343 2210; x_wconf 84' lang='grc' dir='ltr'><strong>Οὐ</strong></span> <span class='ocrx_word' id='word_1_355' title='bbox 2370 2157 2479 2228; x_wconf 84' lang='grc' dir='ltr'><strong>γὰρ</strong></span> <span class='ocrx_word' id='word_1_356' title='bbox 2504 2158 2572 2212; x_wconf 78' lang='grc' dir='ltr'>τὰ</span> <span class='ocrx_word' id='word_1_357' title='bbox 2591 2159 2732 2228; x_wconf 82' lang='grc' dir='ltr'>ὑπὲρ</span> <span class='ocrx_word' id='word_1_358' title='bbox 2763 2160 2991 2231; x_wconf 88' lang='grc' dir='ltr'>δύναμιν</span> <span class='ocrx_word' id='word_1_359' title='bbox 3032 2163 3230 2234; x_wconf 82' lang='grc' dir='ltr'>ζητείό</span> <span class='ocrx_word' id='word_1_360' title='bbox 3269 2165 3421 2228; x_wconf 82' lang='grc' dir='ltr'>Θεός.</span> <span class='ocrx_word' id='word_1_361' title='bbox 3456 2167 3529 2218; x_wconf 83' lang='grc' dir='ltr'><strong>Σὺ</strong></span> <span class='ocrx_word' id='word_1_362' title='bbox 3563 2166 3666 2235; x_wconf 80' lang='grc' dir='ltr'><strong>ἄρ-</strong></span> 
     </span>
    </p>
   </div>
   <div class='ocr_carea' id='block_1_50' title="bbox 2083 2249 3665 2327">
    <p class='ocr_par' dir='ltr' id='par_1_50' title="bbox 2083 2249 3665 2327">
     <span class='ocr_line' id='line_1_50' title="bbox 2083 2249 3665 2327; baseline 0.005 -25"><span class='ocrx_word' id='word_1_363' title='bbox 2083 2265 2172 2302; x_wconf 89' lang='grc' dir='ltr'><strong>τον</strong></span> <span class='ocrx_word' id='word_1_364' title='bbox 2190 2290 2203 2313; x_wconf 90' lang='grc'><strong>,</strong></span> <span class='ocrx_word' id='word_1_365' title='bbox 2231 2249 2415 2321; x_wconf 79' lang='grc' dir='ltr'>ἕτερος</span> <span class='ocrx_word' id='word_1_366' title='bbox 2446 2253 2703 2321; x_wconf 83' lang='grc' dir='ltr'>ποτήριον</span> <span class='ocrx_word' id='word_1_367' title='bbox 2729 2251 2895 2317; x_wconf 76' lang='grc' dir='ltr'>οἴνου,</span> <span class='ocrx_word' id='word_1_368' title='bbox 2919 2254 3074 2319; x_wconf 80' lang='grc' dir='ltr'>ἄλλος</span> <span class='ocrx_word' id='word_1_369' title='bbox 3101 2256 3335 2327; x_wconf 81' lang='grc' dir='ltr'>ἱμάτιον,</span> <span class='ocrx_word' id='word_1_370' title='bbox 3373 2258 3468 2311; x_wconf 72' lang='grc' dir='ltr'><strong>καὶ</strong></span> <span class='ocrx_word' id='word_1_371' title='bbox 3491 2257 3665 2321; x_wconf 78' lang='grc' dir='ltr'>οὕτως</span> 
     </span>
    </p>
   </div>
   <div class='ocr_carea' id='block_1_51' title="bbox 2084 2339 3667 2418">
    <p class='ocr_par' dir='ltr' id='par_1_51' title="bbox 2084 2339 3667 2418">
     <span class='ocr_line' id='line_1_51' title="bbox 2084 2339 3667 2418; baseline 0.006 -27"><span class='ocrx_word' id='word_1_372' title='bbox 2084 2339 2147 2392; x_wconf 80' lang='grc' dir='ltr'>ὲκ</span> <span class='ocrx_word' id='word_1_373' title='bbox 2177 2341 2531 2411; x_wconf 76' lang='grc' dir='ltr'>συνεισςρορᾶς</span> <span class='ocrx_word' id='word_1_374' title='bbox 2579 2342 2612 2410; x_wconf 86' lang='grc' dir='ltr'>ὴ</span> <span class='ocrx_word' id='word_1_375' title='bbox 2672 2340 2769 2395; x_wconf 78' lang='grc' dir='ltr'>τοῦ</span> <span class='ocrx_word' id='word_1_376' title='bbox 2801 2342 2919 2406; x_wconf 73' lang='grc' dir='ltr'>ἑνὸς</span> <span class='ocrx_word' id='word_1_377' title='bbox 2968 2343 3155 2397; x_wconf 89' lang='grc' dir='ltr'>λύεται</span> <span class='ocrx_word' id='word_1_378' title='bbox 3205 2348 3479 2418; x_wconf 71' lang='grc' dir='ltr'>συμφορά.</span> <span class='ocrx_word' id='word_1_379' title='bbox 3528 2348 3667 2401; x_wconf 67' lang='grc' dir='ltr'><strong>Οὐδὲ</strong></span> 
     </span>
    </p>
   </div>
   <div class='ocr_carea' id='block_1_52' title="bbox 2083 2428 3667 2505">
    <p class='ocr_par' dir='ltr' id='par_1_52' title="bbox 2083 2428 3667 2505">
     <span class='ocr_line' id='line_1_52' title="bbox 2083 2428 3667 2505; baseline 0.006 -26"><span class='ocrx_word' id='word_1_380' title='bbox 2083 2428 2285 2499; x_wconf 82' lang='grc' dir='ltr'>Μωσῆς</span> <span class='ocrx_word' id='word_1_381' title='bbox 2338 2428 2436 2498; x_wconf 77' lang='grc' dir='ltr'>τὴν</span> <span class='ocrx_word' id='word_1_382' title='bbox 2490 2428 2733 2499; x_wconf 80' lang='grc' dir='ltr'>δαπάνην</span> <span class='ocrx_word' id='word_1_383' title='bbox 2776 2430 2876 2501; x_wconf 83' lang='grc' dir='ltr'>τῆς</span> <span class='ocrx_word' id='word_1_384' title='bbox 2927 2433 3132 2504; x_wconf 82' lang='grc' dir='ltr'>σκηνῆς</span> <span class='ocrx_word' id='word_1_385' title='bbox 3160 2435 3310 2505; x_wconf 70' lang='grc' dir='ltr'>παρὰ</span> <span class='ocrx_word' id='word_1_386' title='bbox 3339 2435 3454 2500; x_wconf 80' lang='grc' dir='ltr'>ἑνὸς</span> <span class='ocrx_word' id='word_1_387' title='bbox 3504 2436 3667 2491; x_wconf 79' lang='grc' dir='ltr'>ἔλαϐε</span> 
     </span>
    </p>
   </div>
   <div class='ocr_carea' id='block_1_53' title="bbox 2083 2517 3666 2602">
    <p class='ocr_par' dir='ltr' id='par_1_53' title="bbox 2083 2517 3666 2602">
     <span class='ocr_line' id='line_1_53' title="bbox 2083 2517 3666 2602; baseline 0.009 -33"><span class='ocrx_word' id='word_1_388' title='bbox 2083 2517 2418 2590; x_wconf 80' lang='grc' dir='ltr'>λειτουργοῦ,</span> <span class='ocrx_word' id='word_1_389' title='bbox 2452 2519 2586 2573; x_wconf 81' lang='grc' dir='ltr'>ἀλλά</span> <span class='ocrx_word' id='word_1_390' title='bbox 2604 2520 2698 2573; x_wconf 81' lang='grc' dir='ltr'><strong>τοῦ</strong></span> <span class='ocrx_word' id='word_1_391' title='bbox 2720 2521 2899 2593; x_wconf 83' lang='grc' dir='ltr'>δήμου</span> <span class='ocrx_word' id='word_1_392' title='bbox 2927 2525 3149 2589; x_wconf 88' lang='grc' dir='ltr'>παντός.</span> <span class='ocrx_word' id='word_1_393' title='bbox 3183 2527 3239 2581; x_wconf 80' lang='grc' dir='ltr'>Ὀ</span> <span class='ocrx_word' id='word_1_394' title='bbox 3265 2529 3366 2599; x_wconf 81' lang='grc' dir='ltr'><strong>μὲν</strong></span> <span class='ocrx_word' id='word_1_395' title='bbox 3388 2530 3497 2601; x_wconf 80' lang='grc' dir='ltr'><strong>γάρ</strong></span> <span class='ocrx_word' id='word_1_396' title='bbox 3531 2548 3666 2602; x_wconf 83' lang='grc' dir='ltr'>χρυ-</span> 
     </span>
    </p>
   </div>
   <div class='ocr_carea' id='block_1_54' title="bbox 2084 2608 3665 2692">
    <p class='ocr_par' dir='ltr' id='par_1_54' title="bbox 2084 2608 3665 2692">
     <span class='ocr_line' id='line_1_54' title="bbox 2084 2608 3665 2692; baseline 0.001 -29"><span class='ocrx_word' id='word_1_397' title='bbox 2084 2608 2175 2664; x_wconf 78' lang='grc' dir='ltr'>σὺν</span> <span class='ocrx_word' id='word_1_398' title='bbox 2203 2610 2430 2681; x_wconf 70' lang='grc' dir='ltr'>ἤνεγκεν</span> <span class='ocrx_word' id='word_1_399' title='bbox 2461 2613 2490 2665; x_wconf 89' lang='lat'><strong>6</strong></span> <span class='ocrx_word' id='word_1_400' title='bbox 2524 2611 2768 2666; x_wconf 83' lang='grc' dir='ltr'>πλουτῶν</span> <span class='ocrx_word' id='word_1_401' title='bbox 2797 2615 3008 2687; x_wconf 79' lang='grc' dir='ltr'>ἐκείνῳ,</span> <span class='ocrx_word' id='word_1_402' title='bbox 3033 2617 3191 2682; x_wconf 81' lang='grc' dir='ltr'>ἀλλος</span> <span class='ocrx_word' id='word_1_403' title='bbox 3218 2619 3479 2692; x_wconf 76' lang='grc' dir='ltr'>ἄργυρον,</span> <span class='ocrx_word' id='word_1_404' title='bbox 3508 2624 3536 2675; x_wconf 78' lang='grc' dir='ltr'><strong>ὁ</strong></span> <span class='ocrx_word' id='word_1_405' title='bbox 3566 2623 3665 2675; x_wconf 84' lang='grc' dir='ltr'><strong>πέ-</strong></span> 
     </span>
    </p>
   </div>
   <div class='ocr_carea' id='block_1_55' title="bbox 2083 2700 3662 2782">
    <p class='ocr_par' dir='ltr' id='par_1_55' title="bbox 2083 2700 3662 2782">
     <span class='ocr_line' id='line_1_55' title="bbox 2083 2700 3662 2782; baseline 0.006 -27"><span class='ocrx_word' id='word_1_406' title='bbox 2083 2718 2180 2772; x_wconf 90' lang='grc' dir='ltr'><strong>νης</strong></span> <span class='ocrx_word' id='word_1_407' title='bbox 2205 2700 2464 2772; x_wconf 78' lang='grc' dir='ltr'>δέρματα,</span> <span class='ocrx_word' id='word_1_408' title='bbox 2485 2703 2513 2754; x_wconf 92' lang='lat'><strong>6</strong></span> <span class='ocrx_word' id='word_1_409' title='bbox 2529 2701 2620 2754; x_wconf 85' lang='grc' dir='ltr'>τοῦ</span> <span class='ocrx_word' id='word_1_410' title='bbox 2645 2701 2875 2772; x_wconf 79' lang='grc' dir='ltr'>πένητος</span> <span class='ocrx_word' id='word_1_411' title='bbox 2897 2706 3220 2777; x_wconf 83' lang='grc' dir='ltr'>πενέστερος</span> <span class='ocrx_word' id='word_1_412' title='bbox 3242 2709 3454 2780; x_wconf 85' lang='grc' dir='ltr'>τρίχας.</span> <span class='ocrx_word' id='word_1_413' title='bbox 3474 2710 3662 2782; x_wconf 77' lang='grc' dir='ltr'>Ὁρᾷς,</span> 
     </span>
    </p>
   </div>
   <div class='ocr_carea' id='block_1_56' title="bbox 2083 2789 3663 2869">
    <p class='ocr_par' dir='ltr' id='par_1_56' title="bbox 2083 2789 3663 2869">
     <span class='ocr_line' id='line_1_56' title="bbox 2083 2789 3663 2869; baseline 0.009 -28"><span class='ocrx_word' id='word_1_414' title='bbox 2083 2791 2158 2853; x_wconf 82' lang='grc' dir='ltr'><strong>ὡς</strong></span> <span class='ocrx_word' id='word_1_415' title='bbox 2182 2790 2275 2842; x_wconf 82' lang='grc' dir='ltr'>καὶ</span> <span class='ocrx_word' id='word_1_416' title='bbox 2297 2791 2325 2843; x_wconf 91' lang='lat'><strong>6</strong></span> <span class='ocrx_word' id='word_1_417' title='bbox 2353 2789 2453 2859; x_wconf 80' lang='grc' dir='ltr'>τῆς</span> <span class='ocrx_word' id='word_1_418' title='bbox 2476 2791 2651 2861; x_wconf 81' lang='grc' dir='ltr'>χήρας</span> <span class='ocrx_word' id='word_1_419' title='bbox 2680 2792 2998 2865; x_wconf 85' lang='grc' dir='ltr'>κοδράντης.</span> <span class='ocrx_word' id='word_1_420' title='bbox 3030 2796 3333 2869; x_wconf 76' lang='grc' dir='ltr'>ὑπερέϐαλε</span> <span class='ocrx_word' id='word_1_421' title='bbox 3357 2800 3465 2853; x_wconf 82' lang='grc' dir='ltr'>τῶν</span> <span class='ocrx_word' id='word_1_422' title='bbox 3493 2801 3663 2854; x_wconf 74' lang='grc' dir='ltr'>πλουο</span> 
     </span>
    </p>
   </div>
   <div class='ocr_carea' id='block_1_57' title="bbox 2085 2880 3664 2960">
    <p class='ocr_par' dir='ltr' id='par_1_57' title="bbox 2085 2880 3664 2960">
     <span class='ocr_line' id='line_1_57' title="bbox 2085 2880 3664 2960; baseline 0.009 -28"><span class='ocrx_word' id='word_1_423' title='bbox 2085 2881 2213 2933; x_wconf 87' lang='grc' dir='ltr'>σίων</span> <span class='ocrx_word' id='word_1_424' title='bbox 2257 2880 2324 2934; x_wconf 87' lang='grc' dir='ltr'>τὰ</span> <span class='ocrx_word' id='word_1_425' title='bbox 2371 2881 2728 2952; x_wconf 61' lang='lat' dir='ltr'><strong>(intimum;</strong></span> <span class='ocrx_word' id='word_1_426' title='bbox 2765 2885 2829 2937; x_wconf 86' lang='grc' dir='ltr'><strong>Ἠ</strong></span> <span class='ocrx_word' id='word_1_427' title='bbox 2865 2886 2965 2956; x_wconf 83' lang='grc' dir='ltr'>μὲν</span> <span class='ocrx_word' id='word_1_428' title='bbox 3019 2889 3128 2960; x_wconf 82' lang='grc' dir='ltr'><strong>γάρ</strong></span> <span class='ocrx_word' id='word_1_429' title='bbox 3165 2890 3194 2942; x_wconf 82' lang='grc' dir='ltr'><strong>ὃ</strong></span> <span class='ocrx_word' id='word_1_430' title='bbox 3219 2885 3363 2960; x_wconf 82' lang='grc' dir='ltr'>εἶχεν</span> <span class='ocrx_word' id='word_1_431' title='bbox 3395 2891 3513 2945; x_wconf 84' lang='grc' dir='ltr'>ὅλον</span> <span class='ocrx_word' id='word_1_432' title='bbox 3538 2892 3664 2945; x_wconf 80' lang='grc' dir='ltr'><strong>ἐκέ-</strong></span> 
     </span>
    </p>
   </div>
   <div class='ocr_carea' id='block_1_58' title="bbox 2083 2970 3665 3052">
    <p class='ocr_par' dir='ltr' id='par_1_58' title="bbox 2083 2970 3665 3052">
     <span class='ocr_line' id='line_1_58' title="bbox 2083 2970 3665 3052; baseline 0.008 -30"><span class='ocrx_word' id='word_1_433' title='bbox 2083 2984 2249 3023; x_wconf 83' lang='grc' dir='ltr'>νωσε·</span> <span class='ocrx_word' id='word_1_434' title='bbox 2280 2970 2390 3023; x_wconf 86' lang='grc' dir='ltr'><strong>τῶν</strong></span> <span class='ocrx_word' id='word_1_435' title='bbox 2413 2971 2492 3032; x_wconf 80' lang='grc' dir='ltr'><strong>δὲ,</strong></span> <span class='ocrx_word' id='word_1_436' title='bbox 2525 2972 2702 3041; x_wconf 76' lang='grc' dir='ltr'>ὀλίγον</span> <span class='ocrx_word' id='word_1_437' title='bbox 2733 2973 2976 3038; x_wconf 76' lang='grc' dir='ltr'>ἐξέπεσε.</span> <span class='ocrx_word' id='word_1_438' title='bbox 3006 2979 3097 3049; x_wconf 82' lang='grc' dir='ltr'><strong>Μὴ</strong></span> <span class='ocrx_word' id='word_1_439' title='bbox 3119 2982 3532 3052; x_wconf 80' lang='grc' dir='ltr'>καταφρονήσῃς</span> <span class='ocrx_word' id='word_1_440' title='bbox 3553 2981 3665 3035; x_wconf 85' lang='grc' dir='ltr'>τῶν</span> 
     </span>
    </p>
   </div>
   <div class='ocr_carea' id='block_1_59' title="bbox 2082 3062 3665 3139">
    <p class='ocr_par' dir='ltr' id='par_1_59' title="bbox 2082 3062 3665 3139">
     <span class='ocr_line' id='line_1_59' title="bbox 2082 3062 3665 3139; baseline 0.008 -25"><span class='ocrx_word' id='word_1_441' title='bbox 2082 3062 2346 3131; x_wconf 80' lang='grc' dir='ltr'>κειμένων</span> <span class='ocrx_word' id='word_1_442' title='bbox 2374 3062 2450 3127; x_wconf 84' lang='grc' dir='ltr'>ὡς</span> <span class='ocrx_word' id='word_1_443' title='bbox 2478 3064 2687 3129; x_wconf 79' lang='grc' dir='ltr'>οὐδενὸς</span> <span class='ocrx_word' id='word_1_444' title='bbox 2718 3066 2906 3132; x_wconf 78' lang='grc' dir='ltr'>ἀξίων.</span> <span class='ocrx_word' id='word_1_445' title='bbox 2963 3069 3214 3139; x_wconf 80' lang='grc' dir='ltr'>Λόγισαι,</span> <span class='ocrx_word' id='word_1_446' title='bbox 3242 3072 3385 3135; x_wconf 88' lang='grc' dir='ltr'>τίνες</span> <span class='ocrx_word' id='word_1_447' title='bbox 3412 3074 3536 3139; x_wconf 75' lang='grc' dir='ltr'>εἰσὶ,</span> <span class='ocrx_word' id='word_1_448' title='bbox 3566 3075 3665 3128; x_wconf 60' lang='grc' dir='ltr'><strong>καί⁵</strong></span> 
     </span>
    </p>
   </div>
   <div class='ocr_carea' id='block_1_60' title="bbox 2089 3154 3665 3235">
    <p class='ocr_par' dir='ltr' id='par_1_60' title="bbox 2089 3154 3665 3235">
     <span class='ocr_line' id='line_1_60' title="bbox 2089 3154 3665 3235; baseline 0.01 -31"><span class='ocrx_word' id='word_1_449' title='bbox 2089 3154 2340 3224; x_wconf 79' lang='grc' dir='ltr'>εὑρήσεις</span> <span class='ocrx_word' id='word_1_450' title='bbox 2370 3154 2547 3209; x_wconf 81' lang='grc' dir='ltr'>αὐτῶν</span> <span class='ocrx_word' id='word_1_451' title='bbox 2592 3156 2652 3209; x_wconf 76' lang='grc' dir='ltr'>τὸ</span> <span class='ocrx_word' id='word_1_452' title='bbox 2695 3156 2943 3230; x_wconf 73' lang='grc' dir='ltr'>ἀξίωμαο</span> <span class='ocrx_word' id='word_1_453' title='bbox 2987 3159 3080 3214; x_wconf 82' lang='grc' dir='ltr'><strong>τοῦ</strong></span> <span class='ocrx_word' id='word_1_454' title='bbox 3134 3163 3383 3234; x_wconf 85' lang='grc' dir='ltr'>Σωτῆρος</span> <span class='ocrx_word' id='word_1_455' title='bbox 3409 3164 3567 3235; x_wconf 80' lang='grc' dir='ltr'>ἡμῶν</span> <span class='ocrx_word' id='word_1_456' title='bbox 3599 3166 3665 3219; x_wconf 80' lang='grc' dir='ltr'>τὸ</span> 
     </span>
    </p>
   </div>
   <div class='ocr_carea' id='block_1_61' title="bbox 2095 3245 2748 3314">
    <p class='ocr_par' dir='ltr' id='par_1_61' title="bbox 2095 3245 2748 3314">
     <span class='ocr_line' id='line_1_61' title="bbox 2095 3245 2748 3314; baseline 0.008 -18"><span class='ocrx_word' id='word_1_457' title='bbox 2095 3245 2381 3314; x_wconf 82' lang='grc' dir='ltr'>πρόσωπον</span> <span class='ocrx_word' id='word_1_458' title='bbox 2412 3245 2560 3298; x_wconf 81' lang='grc' dir='ltr'>ἐνεδύ</span> <span class='ocrx_word' id='word_1_459' title='bbox 2570 3264 2748 3301; x_wconf 83' lang='grc' dir='ltr'>σαντο.</span> 
     </span>
    </p>
   </div>
   <div class='ocr_carea' id='block_1_62' title="bbox 413 3324 3661 3417">
    <p class='ocr_par' dir='ltr' id='par_1_62' title="bbox 413 3324 3661 3417">
     <span class='ocr_line' id='line_1_62' title="bbox 413 3324 3661 3417; baseline 0.003 -17"><span class='ocrx_word' id='word_1_460' title='bbox 413 3347 594 3401; x_wconf 71' lang='lat' dir='ltr'><strong>silium</strong></span> <span class='ocrx_word' id='word_1_461' title='bbox 628 3346 883 3415; x_wconf 75' lang='lat' dir='ltr'><strong>quiddam</strong></span> <span class='ocrx_word' id='word_1_462' title='bbox 913 3341 1179 3400; x_wconf 78' lang='lat' dir='ltr'><strong>exciderit</strong></span> <span class='ocrx_word' id='word_1_463' title='bbox 1209 3342 1250 3395; x_wconf 84' lang='grc'><strong>³.</strong></span> <span class='ocrx_word' id='word_1_464' title='bbox 1276 3338 1531 3395; x_wconf 87' lang='lat' dir='ltr'><strong>Jacentes</strong></span> <span class='ocrx_word' id='word_1_465' title='bbox 1558 3354 1824 3409; x_wconf 79' lang='lat' dir='ltr'><strong>pauperes</strong></span> <span class='ocrx_word' id='word_1_466' title='bbox 1865 3348 2121 3408; x_wconf 87' lang='lat' dir='ltr'><strong>tanquam</strong></span> <span class='ocrx_word' id='word_1_467' title='bbox 2164 3340 2367 3394; x_wconf 86' lang='lat' dir='ltr'><strong>nullius</strong></span> <span class='ocrx_word' id='word_1_468' title='bbox 2422 3342 2577 3410; x_wconf 87' lang='lat' dir='ltr'><strong>pretii</strong></span> <span class='ocrx_word' id='word_1_469' title='bbox 2648 3345 2777 3405; x_wconf 81' lang='lat' dir='ltr'><strong>sint,</strong></span> <span class='ocrx_word' id='word_1_470' title='bbox 2843 3360 2910 3398; x_wconf 88' lang='lat' dir='ltr'><strong>ne</strong></span> <span class='ocrx_word' id='word_1_471' title='bbox 2967 3324 3300 3417; x_wconf 80' lang='lat' dir='ltr'><strong>despexeris.</strong></span> <span class='ocrx_word' id='word_1_472' title='bbox 3365 3351 3661 3411; x_wconf 79' lang='lat' dir='ltr'><strong>Considera</strong></span> 
     </span>
    </p>
   </div>
   <div class='ocr_carea' id='block_1_63' title="bbox 414 3427 3035 3509">
    <p class='ocr_par' dir='ltr' id='par_1_63' title="bbox 414 3427 3035 3509">
     <span class='ocr_line' id='line_1_63' title="bbox 414 3427 3035 3509; baseline 0 -18"><span class='ocrx_word' id='word_1_473' title='bbox 414 3438 636 3509; x_wconf 84' lang='lat' dir='ltr'><strong>quinam</strong></span> <span class='ocrx_word' id='word_1_474' title='bbox 668 3437 800 3500; x_wconf 89' lang='lat' dir='ltr'><strong>sint,</strong></span> <span class='ocrx_word' id='word_1_475' title='bbox 834 3446 887 3491; x_wconf 91' lang='lat' dir='ltr'><strong>et</strong></span> <span class='ocrx_word' id='word_1_476' title='bbox 917 3450 1105 3490; x_wconf 88' lang='lat' dir='ltr'><strong>eorum</strong></span> <span class='ocrx_word' id='word_1_477' title='bbox 1135 3446 1437 3505; x_wconf 86' lang='lat' dir='ltr'><strong>cognosces</strong></span> <span class='ocrx_word' id='word_1_478' title='bbox 1461 3431 1779 3502; x_wconf 88' lang='lat' dir='ltr'><strong>dignitatem</strong></span> <span class='ocrx_word' id='word_1_479' title='bbox 1808 3447 1822 3483; x_wconf 90' lang='lat'><strong>:</strong></span> <span class='ocrx_word' id='word_1_480' title='bbox 1851 3427 2160 3485; x_wconf 77' lang='lat' dir='ltr'><strong>Servatorls</strong></span> <span class='ocrx_word' id='word_1_481' title='bbox 2191 3434 2365 3485; x_wconf 64' lang='lat' dir='ltr'><strong>nostri</strong></span> <span class='ocrx_word' id='word_1_482' title='bbox 2401 3448 2687 3502; x_wconf 81' lang='lat' dir='ltr'><strong>personam</strong></span> <span class='ocrx_word' id='word_1_483' title='bbox 2720 3435 3035 3491; x_wconf 90' lang='lat' dir='ltr'><strong>induerunt.</strong></span> 
     </span>
    </p>
   </div>
   <div class='ocr_carea' id='block_1_64' title="bbox 480 3521 2051 3622">
    <p class='ocr_par' dir='ltr' id='par_1_64' title="bbox 480 3521 2051 3622">
     <span class='ocr_line' id='line_1_64' title="bbox 480 3521 2051 3622; baseline -0.008 -16"><span class='ocrx_word' id='word_1_484' title='bbox 480 3552 759 3622; x_wconf 86' lang='lat' dir='ltr'><strong>Propriam</strong></span> <span class='ocrx_word' id='word_1_485' title='bbox 786 3550 931 3605; x_wconf 90' lang='lat' dir='ltr'><strong>enim</strong></span> <span class='ocrx_word' id='word_1_486' title='bbox 960 3548 1231 3619; x_wconf 84' lang='lat' dir='ltr'><strong>benignus</strong></span> <span class='ocrx_word' id='word_1_487' title='bbox 1275 3546 1365 3599; x_wconf 90' lang='lat' dir='ltr'><strong>ille</strong></span> <span class='ocrx_word' id='word_1_488' title='bbox 1429 3558 1722 3615; x_wconf 89' lang='lat' dir='ltr'><strong>personam</strong></span> <span class='ocrx_word' id='word_1_489' title='bbox 1753 3543 1835 3597; x_wconf 88' lang='lat' dir='ltr'><strong>eis</strong></span> <span class='ocrx_word' id='word_1_490' title='bbox 1867 3543 1975 3596; x_wconf 87' lang='lat' dir='ltr'><strong>lar-</strong></span> <span class='ocrx_word' id='word_1_491' title='bbox 2005 3521 2051 3581; x_wconf 62' lang='grc' dir='ltr'><strong>(ἶ</strong></span> 
     </span>
    </p>
   </div>
   <div class='ocr_carea' id='block_1_65' title="bbox 411 3633 1980 3715">
    <p class='ocr_par' dir='ltr' id='par_1_65' title="bbox 411 3633 1980 3715">
     <span class='ocr_line' id='line_1_65' title="bbox 411 3633 1980 3715; baseline -0.008 -17"><span class='ocrx_word' id='word_1_492' title='bbox 411 3646 556 3715; x_wconf 76' lang='lat' dir='ltr'><strong>gitus</strong></span> <span class='ocrx_word' id='word_1_493' title='bbox 584 3652 690 3709; x_wconf 86' lang='lat' dir='ltr'><strong>est,</strong></span> <span class='ocrx_word' id='word_1_494' title='bbox 723 3649 804 3707; x_wconf 91' lang='lat' dir='ltr'><strong>ut,</strong></span> <span class='ocrx_word' id='word_1_495' title='bbox 839 3637 1299 3712; x_wconf 88' lang='lat' dir='ltr'><strong>quemadmodum</strong></span> <span class='ocrx_word' id='word_1_496' title='bbox 1334 3636 1434 3701; x_wconf 91' lang='lat' dir='ltr'><strong>illi,</strong></span> <span class='ocrx_word' id='word_1_497' title='bbox 1458 3635 1551 3706; x_wconf 92' lang='lat' dir='ltr'><strong>qui</strong></span> <span class='ocrx_word' id='word_1_498' title='bbox 1587 3634 1850 3689; x_wconf 86' lang='lat' dir='ltr'><strong>adversus</strong></span> <span class='ocrx_word' id='word_1_499' title='bbox 1874 3633 1980 3686; x_wconf 91' lang='lat' dir='ltr'><strong>vim</strong></span> 
     </span>
    </p>
   </div>
   <div class='ocr_carea' id='block_1_66' title="bbox 412 3726 1981 3802">
    <p class='ocr_par' dir='ltr' id='par_1_66' title="bbox 412 3726 1981 3802">
     <span class='ocr_line' id='line_1_66' title="bbox 412 3726 1981 3802; baseline -0.011 -11"><span class='ocrx_word' id='word_1_500' title='bbox 412 3736 712 3791; x_wconf 77' lang='lat' dir='ltr'><strong>inferentes</strong></span> <span class='ocrx_word' id='word_1_501' title='bbox 768 3744 1029 3802; x_wconf 81' lang='lat' dir='ltr'><strong>tanquam</strong></span> <span class='ocrx_word' id='word_1_502' title='bbox 1078 3727 1548 3801; x_wconf 86' lang='lat' dir='ltr'><strong>propugnaculum</strong></span> <span class='ocrx_word' id='word_1_503' title='bbox 1596 3726 1775 3794; x_wconf 87' lang='lat' dir='ltr'><strong>regias</strong></span> <span class='ocrx_word' id='word_1_504' title='bbox 1842 3736 1981 3792; x_wconf 78' lang='lat' dir='ltr'><strong>prae-</strong></span> 
     </span>
    </p>
   </div>
   <div class='ocr_carea' id='block_1_67' title="bbox 411 3814 1974 3893">
    <p class='ocr_par' dir='ltr' id='par_1_67' title="bbox 411 3814 1974 3893">
     <span class='ocr_line' id='line_1_67' title="bbox 411 3814 1974 3893; baseline -0.01 -12"><span class='ocrx_word' id='word_1_505' title='bbox 411 3828 639 3881; x_wconf 88' lang='lat' dir='ltr'><strong>tendunt</strong></span> <span class='ocrx_word' id='word_1_506' title='bbox 672 3825 956 3893; x_wconf 81' lang='lat' dir='ltr'><strong>imagines,</strong></span> <span class='ocrx_word' id='word_1_507' title='bbox 982 3836 1091 3890; x_wconf 89' lang='lat' dir='ltr'><strong>quo</strong></span> <span class='ocrx_word' id='word_1_508' title='bbox 1118 3818 1387 3890; x_wconf 88' lang='lat' dir='ltr'><strong>principis</strong></span> <span class='ocrx_word' id='word_1_509' title='bbox 1412 3815 1614 3886; x_wconf 76' lang='lat' dir='ltr'><strong>effigie,</strong></span> <span class='ocrx_word' id='word_1_510' title='bbox 1647 3814 1974 3869; x_wconf 88' lang='lat' dir='ltr'><strong>irruentium</strong></span> 
     </span>
    </p>
   </div>
   <div class='ocr_carea' id='block_1_68' title="bbox 413 3905 1978 3987">
    <p class='ocr_par' dir='ltr' id='par_1_68' title="bbox 413 3905 1978 3987">
     <span class='ocr_line' id='line_1_68' title="bbox 413 3905 1978 3987; baseline -0.008 -17"><span class='ocrx_word' id='word_1_511' title='bbox 413 3918 650 3987; x_wconf 88' lang='lat' dir='ltr'><strong>impetus</strong></span> <span class='ocrx_word' id='word_1_512' title='bbox 685 3913 970 3983; x_wconf 86' lang='lat' dir='ltr'><strong>frangatur</strong></span> <span class='ocrx_word' id='word_1_513' title='bbox 1000 3919 1055 3965; x_wconf 91' lang='lat' dir='ltr'><strong>et</strong></span> <span class='ocrx_word' id='word_1_514' title='bbox 1101 3908 1450 3973; x_wconf 87' lang='lat' dir='ltr'><strong>retardctur;</strong></span> <span class='ocrx_word' id='word_1_515' title='bbox 1494 3908 1572 3960; x_wconf 88' lang='lat' dir='ltr'><strong>sic</strong></span> <span class='ocrx_word' id='word_1_516' title='bbox 1602 3906 1701 3975; x_wconf 87' lang='lat' dir='ltr'><strong>ipsi</strong></span> <span class='ocrx_word' id='word_1_517' title='bbox 1735 3920 1849 3971; x_wconf 91' lang='lat' dir='ltr'><strong>eos,</strong></span> <span class='ocrx_word' id='word_1_518' title='bbox 1884 3905 1978 3976; x_wconf 79' lang='lat' dir='ltr'><strong>qui</strong></span> 
     </span>
    </p>
   </div>
   <div class='ocr_carea' id='block_1_69' title="bbox 413 3997 1980 4066">
    <p class='ocr_par' dir='ltr' id='par_1_69' title="bbox 413 3997 1980 4066">
     <span class='ocr_line' id='line_1_69' title="bbox 413 3997 1980 4066; baseline -0.006 -5"><span class='ocrx_word' id='word_1_519' title='bbox 413 4008 564 4063; x_wconf 85' lang='lat' dir='ltr'><strong>nulla</strong></span> <span class='ocrx_word' id='word_1_520' title='bbox 602 4011 889 4059; x_wconf 87' lang='lat' dir='ltr'><strong>moventur</strong></span> <span class='ocrx_word' id='word_1_521' title='bbox 921 3999 1422 4063; x_wconf 88' lang='lat' dir='ltr'><strong>commiseratione,</strong></span> <span class='ocrx_word' id='word_1_522' title='bbox 1474 3997 1677 4066; x_wconf 84' lang='lat' dir='ltr'><strong>quique</strong></span> <span class='ocrx_word' id='word_1_523' title='bbox 1717 4011 1980 4066; x_wconf 73' lang='lat' dir='ltr'><strong>pauperes</strong></span> 
     </span>
    </p>
   </div>
   <div class='ocr_carea' id='block_1_70' title="bbox 414 4087 1979 4167">
    <p class='ocr_par' dir='ltr' id='par_1_70' title="bbox 414 4087 1979 4167">
     <span class='ocr_line' id='line_1_70' title="bbox 414 4087 1979 4167; baseline -0.009 -14"><span class='ocrx_word' id='word_1_524' title='bbox 414 4098 543 4153; x_wconf 83' lang='lat' dir='ltr'><strong>odio</strong></span> <span class='ocrx_word' id='word_1_525' title='bbox 574 4102 1006 4167; x_wconf 88' lang='lat' dir='ltr'><strong>prosequuntur,</strong></span> <span class='ocrx_word' id='word_1_526' title='bbox 1039 4106 1135 4162; x_wconf 88' lang='lat' dir='ltr'><strong>per</strong></span> <span class='ocrx_word' id='word_1_527' title='bbox 1168 4090 1314 4144; x_wconf 90' lang='lat' dir='ltr'><strong>illam</strong></span> <span class='ocrx_word' id='word_1_528' title='bbox 1347 4087 1587 4151; x_wconf 82' lang='lat' dir='ltr'><strong>ﬂectant,</strong></span> <span class='ocrx_word' id='word_1_529' title='bbox 1634 4088 1881 4157; x_wconf 87' lang='lat' dir='ltr'><strong>mitigent</strong></span> <span class='ocrx_word' id='word_1_530' title='bbox 1925 4096 1979 4140; x_wconf 91' lang='lat' dir='ltr'><strong>et</strong></span> 
     </span>
    </p>
   </div>
   <div class='ocr_carea' id='block_1_71' title="bbox 412 4186 1979 4253">
    <p class='ocr_par' dir='ltr' id='par_1_71' title="bbox 412 4186 1979 4253">
     <span class='ocr_line' id='line_1_71' title="bbox 412 4186 1979 4253; baseline -0.009 -9"><span class='ocrx_word' id='word_1_531' title='bbox 412 4193 661 4244; x_wconf 76' lang='lat' dir='ltr'><strong>exorent.</strong></span> <span class='ocrx_word' id='word_1_532' title='bbox 715 4186 780 4240; x_wconf 84' lang='lat' dir='ltr'><strong>Hi</strong></span> <span class='ocrx_word' id='word_1_533' title='bbox 833 4186 1103 4240; x_wconf 87' lang='lat' dir='ltr'><strong>bonorum</strong></span> <span class='ocrx_word' id='word_1_534' title='bbox 1151 4197 1274 4253; x_wconf 77' lang='lat' dir='ltr'><strong>quae</strong></span> <span class='ocrx_word' id='word_1_535' title='bbox 1313 4189 1368 4235; x_wconf 87' lang='lat' dir='ltr'><strong>et</strong></span> <span class='ocrx_word' id='word_1_536' title='bbox 1420 4187 1807 4250; x_wconf 77' lang='lat' dir='ltr'><strong>exspectamus</strong></span> <span class='ocrx_word' id='word_1_537' title='bbox 1852 4186 1979 4233; x_wconf 80' lang='lat' dir='ltr'><strong>sunt</strong></span> 
     </span>
    </p>
   </div>
   <div class='ocr_carea' id='block_1_72' title="bbox 413 4270 1975 4354">
    <p class='ocr_par' dir='ltr' id='par_1_72' title="bbox 413 4270 1975 4354">
     <span class='ocr_line' id='line_1_72' title="bbox 413 4270 1975 4354; baseline -0.01 -16"><span class='ocrx_word' id='word_1_538' title='bbox 413 4278 776 4354; x_wconf 88' lang='lat' dir='ltr'><strong>promicondi.</strong></span> <span class='ocrx_word' id='word_1_539' title='bbox 810 4276 874 4332; x_wconf 88' lang='lat' dir='ltr'><strong>Hi</strong></span> <span class='ocrx_word' id='word_1_540' title='bbox 901 4278 1162 4347; x_wconf 86' lang='lat' dir='ltr'><strong>jauitores</strong></span> <span class='ocrx_word' id='word_1_541' title='bbox 1184 4275 1335 4345; x_wconf 87' lang='lat' dir='ltr'><strong>regni</strong></span> <span class='ocrx_word' id='word_1_542' title='bbox 1368 4274 1652 4336; x_wconf 67' lang='lat' dir='ltr'><strong>caelorum,</strong></span> <span class='ocrx_word' id='word_1_543' title='bbox 1679 4272 1769 4340; x_wconf 91' lang='lat' dir='ltr'><strong>qui</strong></span> <span class='ocrx_word' id='word_1_544' title='bbox 1800 4270 1975 4325; x_wconf 76' lang='lat' dir='ltr'><strong>forum</strong></span> 
     </span>
    </p>
   </div>
   <div class='ocr_carea' id='block_1_73' title="bbox 411 4362 1979 4445">
    <p class='ocr_par' dir='ltr' id='par_1_73' title="bbox 411 4362 1979 4445">
     <span class='ocr_line' id='line_1_73' title="bbox 411 4362 1979 4445; baseline -0.01 -16"><span class='ocrx_word' id='word_1_545' title='bbox 411 4373 659 4445; x_wconf 86' lang='lat' dir='ltr'><strong>aperiant</strong></span> <span class='ocrx_word' id='word_1_546' title='bbox 688 4369 941 4441; x_wconf 84' lang='lat' dir='ltr'><strong>benignis</strong></span> <span class='ocrx_word' id='word_1_547' title='bbox 963 4378 1016 4424; x_wconf 86' lang='lat' dir='ltr'><strong>et</strong></span> <span class='ocrx_word' id='word_1_548' title='bbox 1046 4367 1225 4431; x_wconf 79' lang='lat' dir='ltr'><strong>hortis,</strong></span> <span class='ocrx_word' id='word_1_549' title='bbox 1259 4365 1551 4419; x_wconf 76' lang='lat' dir='ltr'><strong>occludunt</strong></span> <span class='ocrx_word' id='word_1_550' title='bbox 1601 4364 1759 4416; x_wconf 87' lang='lat' dir='ltr'><strong>malis</strong></span> <span class='ocrx_word' id='word_1_551' title='bbox 1799 4372 1851 4416; x_wconf 92' lang='lat' dir='ltr'><strong>et</strong></span> <span class='ocrx_word' id='word_1_552' title='bbox 1893 4362 1979 4414; x_wconf 86' lang='lat' dir='ltr'><strong>in-</strong></span> 
     </span>
    </p>
   </div>
   <div class='ocr_carea' id='block_1_74' title="bbox 411 4459 1982 4520">
    <p class='ocr_par' dir='ltr' id='par_1_74' title="bbox 411 4459 1982 4520">
     <span class='ocr_line' id='line_1_74' title="bbox 411 4459 1982 4520; baseline -0.01 0"><span class='ocrx_word' id='word_1_553' title='bbox 411 4463 687 4520; x_wconf 81' lang='lat' dir='ltr'><strong>humanis.</strong></span> <span class='ocrx_word' id='word_1_554' title='bbox 719 4460 784 4515; x_wconf 88' lang='lat' dir='ltr'><strong>Hi</strong></span> <span class='ocrx_word' id='word_1_555' title='bbox 838 4471 891 4515; x_wconf 90' lang='lat' dir='ltr'><strong>et</strong></span> <span class='ocrx_word' id='word_1_556' title='bbox 921 4459 1269 4513; x_wconf 87' lang='lat' dir='ltr'><strong>vehementes</strong></span> <span class='ocrx_word' id='word_1_557' title='bbox 1327 4464 1455 4510; x_wconf 85' lang='lat' dir='ltr'><strong>sunt</strong></span> <span class='ocrx_word' id='word_1_558' title='bbox 1508 4462 1880 4515; x_wconf 86' lang='lat' dir='ltr'><strong>accusatores,</strong></span> <span class='ocrx_word' id='word_1_559' title='bbox 1928 4461 1982 4506; x_wconf 89' lang='lat' dir='ltr'><strong>et</strong></span> 
     </span>
    </p>
   </div>
   <div class='ocr_carea' id='block_1_75' title="bbox 410 4543 1976 4629">
    <p class='ocr_par' dir='ltr' id='par_1_75' title="bbox 410 4543 1976 4629">
     <span class='ocr_line' id='line_1_75' title="bbox 410 4543 1976 4629; baseline -0.01 -17"><span class='ocrx_word' id='word_1_560' title='bbox 410 4557 600 4629; x_wconf 81' lang='lat' dir='ltr'><strong>Optimi</strong></span> <span class='ocrx_word' id='word_1_561' title='bbox 626 4553 862 4626; x_wconf 89' lang='lat' dir='ltr'><strong>patroni.</strong></span> <span class='ocrx_word' id='word_1_562' title='bbox 892 4552 1168 4605; x_wconf 76' lang='lat' dir='ltr'><strong>Accusant</strong></span> <span class='ocrx_word' id='word_1_563' title='bbox 1200 4557 1379 4601; x_wconf 90' lang='lat' dir='ltr'><strong>autem</strong></span> <span class='ocrx_word' id='word_1_564' title='bbox 1406 4556 1457 4601; x_wconf 88' lang='lat' dir='ltr'><strong>et</strong></span> <span class='ocrx_word' id='word_1_565' title='bbox 1507 4543 1824 4608; x_wconf 86' lang='lat' dir='ltr'><strong>defendunt,</strong></span> <span class='ocrx_word' id='word_1_566' title='bbox 1868 4559 1976 4597; x_wconf 87' lang='lat' dir='ltr'><strong>non</strong></span> 
     </span>
    </p>
   </div>
   <div class='ocr_carea' id='block_1_76' title="bbox 413 4636 1976 4712">
    <p class='ocr_par' dir='ltr' id='par_1_76' title="bbox 413 4636 1976 4712">
     <span class='ocr_line' id='line_1_76' title="bbox 413 4636 1976 4712; baseline -0.01 -10"><span class='ocrx_word' id='word_1_567' title='bbox 413 4649 686 4708; x_wconf 87' lang='lat' dir='ltr'><strong>oratione,</strong></span> <span class='ocrx_word' id='word_1_568' title='bbox 715 4644 810 4700; x_wconf 89' lang='lat' dir='ltr'><strong>sed</strong></span> <span class='ocrx_word' id='word_1_569' title='bbox 863 4650 1087 4712; x_wconf 83' lang='lat' dir='ltr'><strong>aspectu</strong></span> <span class='ocrx_word' id='word_1_570' title='bbox 1126 4641 1267 4710; x_wconf 90' lang='lat' dir='ltr'><strong>ipso,</strong></span> <span class='ocrx_word' id='word_1_571' title='bbox 1318 4639 1446 4692; x_wconf 92' lang='lat' dir='ltr'><strong>dum</strong></span> <span class='ocrx_word' id='word_1_572' title='bbox 1499 4636 1916 4705; x_wconf 86' lang='lat' dir='ltr'><strong>conspiciuntur</strong></span> <span class='ocrx_word' id='word_1_573' title='bbox 1948 4649 1976 4687; x_wconf 89' lang='lat' dir='ltr'><strong>a</strong></span> 
     </span>
    </p>
   </div>
   <div class='ocr_carea' id='block_1_77' title="bbox 403 4726 1978 4810">
    <p class='ocr_par' dir='ltr' id='par_1_77' title="bbox 403 4726 1978 4810">
     <span class='ocr_line' id='line_1_77' title="bbox 403 4726 1978 4810; baseline -0.011 -15"><span class='ocrx_word' id='word_1_574' title='bbox 403 4739 609 4810; x_wconf 83' lang='lat' dir='ltr'><strong>judice.</strong></span> <span class='ocrx_word' id='word_1_575' title='bbox 636 4736 771 4804; x_wconf 60' lang='lat' dir='ltr'><strong>Quae</strong></span> <span class='ocrx_word' id='word_1_576' title='bbox 796 4736 939 4790; x_wconf 89' lang='lat' dir='ltr'><strong>enim</strong></span> <span class='ocrx_word' id='word_1_577' title='bbox 984 4734 1036 4788; x_wconf 90' lang='lat' dir='ltr'><strong>in</strong></span> <span class='ocrx_word' id='word_1_578' title='bbox 1063 4748 1157 4788; x_wconf 89' lang='lat' dir='ltr'><strong>eos</strong></span> <span class='ocrx_word' id='word_1_579' title='bbox 1190 4732 1343 4796; x_wconf 86' lang='lat' dir='ltr'><strong>ﬁunt,</strong></span> <span class='ocrx_word' id='word_1_580' title='bbox 1374 4728 1514 4801; x_wconf 89' lang='lat' dir='ltr'><strong>apud</strong></span> <span class='ocrx_word' id='word_1_581' title='bbox 1544 4744 1666 4783; x_wconf 89' lang='lat' dir='ltr'><strong>cum</strong></span> <span class='ocrx_word' id='word_1_582' title='bbox 1691 4728 1782 4796; x_wconf 90' lang='lat' dir='ltr'><strong>qui</strong></span> <span class='ocrx_word' id='word_1_583' title='bbox 1813 4726 1978 4780; x_wconf 91' lang='lat' dir='ltr'><strong>corda</strong></span> 
     </span>
    </p>
   </div>
   <div class='ocr_carea' id='block_1_78' title="bbox 406 4823 1981 4898">
    <p class='ocr_par' dir='ltr' id='par_1_78' title="bbox 406 4823 1981 4898">
     <span class='ocr_line' id='line_1_78' title="bbox 406 4823 1981 4898; baseline -0.008 -13"><span class='ocrx_word' id='word_1_584' title='bbox 406 4836 705 4893; x_wconf 84' lang='lat' dir='ltr'><strong>scrutatur,</strong></span> <span class='ocrx_word' id='word_1_585' title='bbox 740 4827 833 4898; x_wconf 93' lang='lat' dir='ltr'><strong>qui</strong></span> <span class='ocrx_word' id='word_1_586' title='bbox 863 4824 1221 4896; x_wconf 85' lang='lat' dir='ltr'><strong>cogitationes</strong></span> <span class='ocrx_word' id='word_1_587' title='bbox 1274 4823 1553 4875; x_wconf 87' lang='lat' dir='ltr'><strong>hominum</strong></span> <span class='ocrx_word' id='word_1_588' title='bbox 1596 4833 1787 4873; x_wconf 84' lang='lat' dir='ltr'><strong>omnes</strong></span> <span class='ocrx_word' id='word_1_589' title='bbox 1817 4826 1981 4886; x_wconf 90' lang='lat' dir='ltr'><strong>atque</strong></span> 
     </span>
    </p>
   </div>
   <div class='ocr_carea' id='block_1_79' title="bbox 407 4909 2034 4982">
    <p class='ocr_par' dir='ltr' id='par_1_79' title="bbox 407 4909 2034 4982">
     <span class='ocr_line' id='line_1_79' title="bbox 407 4909 2034 4982; baseline -0.007 -5"><span class='ocrx_word' id='word_1_590' title='bbox 407 4921 635 4977; x_wconf 88' lang='lat' dir='ltr'><strong>intimos</strong></span> <span class='ocrx_word' id='word_1_591' title='bbox 658 4919 822 4973; x_wconf 86' lang='lat' dir='ltr'><strong>animi</strong></span> <span class='ocrx_word' id='word_1_592' title='bbox 845 4930 1043 4971; x_wconf 87' lang='lat' dir='ltr'><strong>sensus</strong></span> <span class='ocrx_word' id='word_1_593' title='bbox 1076 4914 1247 4978; x_wconf 87' lang='lat' dir='ltr'><strong>novit,</strong></span> <span class='ocrx_word' id='word_1_594' title='bbox 1285 4913 1479 4982; x_wconf 88' lang='lat' dir='ltr'><strong>quovis</strong></span> <span class='ocrx_word' id='word_1_595' title='bbox 1510 4925 1758 4981; x_wconf 65' lang='lat' dir='ltr'><strong>praecone</strong></span> <span class='ocrx_word' id='word_1_596' title='bbox 1809 4909 2034 4977; x_wconf 88' lang='lat' dir='ltr'><strong>clarius,</strong></span> 
     </span>
    </p>
   </div>
   <div class='ocr_carea' id='block_1_80' title="bbox 2167 3543 3662 3625">
    <p class='ocr_par' dir='ltr' id='par_1_80' title="bbox 2167 3543 3662 3625">
     <span class='ocr_line' id='line_1_80' title="bbox 2167 3543 3662 3625; baseline 0.01 -30"><span class='ocrx_word' id='word_1_597' title='bbox 2167 3543 2224 3595; x_wconf 80' lang='grc' dir='ltr'>Ὀ</span> <span class='ocrx_word' id='word_1_598' title='bbox 2257 3544 2364 3616; x_wconf 85' lang='grc' dir='ltr'>γὰρ</span> <span class='ocrx_word' id='word_1_599' title='bbox 2393 3545 2767 3615; x_wconf 68' lang='grc' dir='ltr'>φιλάνθρωπος</span> <span class='ocrx_word' id='word_1_600' title='bbox 2796 3547 3024 3619; x_wconf 80' lang='grc' dir='ltr'>ἔχρησεν</span> <span class='ocrx_word' id='word_1_601' title='bbox 3042 3551 3223 3616; x_wconf 75' lang='grc' dir='ltr'>αὐτοῖς</span> <span class='ocrx_word' id='word_1_602' title='bbox 3249 3553 3310 3606; x_wconf 81' lang='grc' dir='ltr'><strong>τὸ</strong></span> <span class='ocrx_word' id='word_1_603' title='bbox 3342 3554 3469 3608; x_wconf 73' lang='grc' dir='ltr'>ἴδιον</span> <span class='ocrx_word' id='word_1_604' title='bbox 3496 3558 3662 3625; x_wconf 73' lang='grc' dir='ltr'>πρόσ-</span> 
     </span>
    </p>
   </div>
   <div class='ocr_carea' id='block_1_81' title="bbox 2083 3634 3663 3713">
    <p class='ocr_par' dir='ltr' id='par_1_81' title="bbox 2083 3634 3663 3713">
     <span class='ocr_line' id='line_1_81' title="bbox 2083 3634 3663 3713; baseline 0.007 -27"><span class='ocrx_word' id='word_1_605' title='bbox 2083 3650 2249 3696; x_wconf 75' lang='grc' dir='ltr'>ωπ)ν,</span> <span class='ocrx_word' id='word_1_606' title='bbox 2274 3635 2358 3687; x_wconf 80' lang='grc' dir='ltr'><strong>ἴνα</strong></span> <span class='ocrx_word' id='word_1_607' title='bbox 2379 3634 2445 3688; x_wconf 85' lang='grc' dir='ltr'>δι’</span> <span class='ocrx_word' id='word_1_608' title='bbox 2475 3635 2682 3688; x_wconf 76' lang='grc' dir='ltr'>ἐκείνου</span> <span class='ocrx_word' id='word_1_609' title='bbox 2742 3636 3029 3691; x_wconf 85' lang='grc' dir='ltr'>δυσωπῶσι</span> <span class='ocrx_word' id='word_1_610' title='bbox 3057 3640 3183 3703; x_wconf 78' lang='grc' dir='ltr'>τοὺς</span> <span class='ocrx_word' id='word_1_611' title='bbox 3204 3641 3542 3713; x_wconf 81' lang='grc' dir='ltr'>ἀσυμπαθείς</span> <span class='ocrx_word' id='word_1_612' title='bbox 3566 3646 3663 3697; x_wconf 72' lang='grc' dir='ltr'>καὶ</span> 
     </span>
    </p>
   </div>
   <div class='ocr_carea' id='block_1_82' title="bbox 2086 3723 3775 3800">
    <p class='ocr_par' dir='ltr' id='par_1_82' title="bbox 2086 3723 3775 3800">
     <span class='ocr_line' id='line_1_82' title="bbox 2086 3723 3775 3800; baseline 0.008 -24"><span class='ocrx_word' id='word_1_613' title='bbox 2086 3723 2482 3795; x_wconf 82' lang='grc' dir='ltr'>μισοπτὼχους,</span> <span class='ocrx_word' id='word_1_614' title='bbox 2534 3725 2720 3798; x_wconf 79' lang='grc' dir='ltr'>ὥσπερ</span> <span class='ocrx_word' id='word_1_615' title='bbox 2752 3729 2800 3779; x_wconf 79' lang='grc' dir='ltr'>οἱ</span> <span class='ocrx_word' id='word_1_616' title='bbox 2843 3728 2938 3791; x_wconf 78' lang='grc' dir='ltr'>τὰς</span> <span class='ocrx_word' id='word_1_617' title='bbox 2971 3728 3256 3800; x_wconf 83' lang='grc' dir='ltr'>βασιλικὰς</span> <span class='ocrx_word' id='word_1_618' title='bbox 3282 3733 3492 3796; x_wconf 78' lang='grc' dir='ltr'>εἰκόνας</span> <span class='ocrx_word' id='word_1_619' title='bbox 3523 3736 3664 3788; x_wconf 75' lang='grc' dir='ltr'>κατὰ</span> <span class='ocrx_word' id='word_1_620' title='bbox 3767 3784 3775 3790; x_wconf 95' lang='grc'><em>.</em></span> 
     </span>
    </p>
   </div>
   <div class='ocr_carea' id='block_1_83' title="bbox 2081 3816 3662 3896">
    <p class='ocr_par' dir='ltr' id='par_1_83' title="bbox 2081 3816 3662 3896">
     <span class='ocr_line' id='line_1_83' title="bbox 2081 3816 3662 3896; baseline 0.006 -27"><span class='ocrx_word' id='word_1_621' title='bbox 2081 3816 2190 3870; x_wconf 83' lang='grc' dir='ltr'><strong>τῶν</strong></span> <span class='ocrx_word' id='word_1_622' title='bbox 2224 3817 2553 3887; x_wconf 76' lang='grc' dir='ltr'>βιαζομένων</span> <span class='ocrx_word' id='word_1_623' title='bbox 2604 3819 2796 3880; x_wconf 77' lang='grc' dir='ltr'>αὐτοὺς</span> <span class='ocrx_word' id='word_1_624' title='bbox 2844 3821 3268 3892; x_wconf 71' lang='grc' dir='ltr'>προϐαλλόμενοι</span> <span class='ocrx_word' id='word_1_625' title='bbox 3292 3865 3306 3886; x_wconf 85' lang='grc'><strong>,</strong></span> <span class='ocrx_word' id='word_1_626' title='bbox 3364 3825 3427 3877; x_wconf 76' lang='grc' dir='ltr'><strong>ἵν’</strong></span> <span class='ocrx_word' id='word_1_627' title='bbox 3462 3828 3527 3878; x_wconf 77' lang='grc' dir='ltr'>ἐκ</span> <span class='ocrx_word' id='word_1_628' title='bbox 3559 3826 3662 3896; x_wconf 82' lang='grc' dir='ltr'>τῆς</span> 
     </span>
    </p>
   </div>
   <div class='ocr_carea' id='block_1_84' title="bbox 2086 3909 3663 3987">
    <p class='ocr_par' dir='ltr' id='par_1_84' title="bbox 2086 3909 3663 3987">
     <span class='ocr_line' id='line_1_84' title="bbox 2086 3909 3663 3987; baseline 0.005 -26"><span class='ocrx_word' id='word_1_629' title='bbox 2086 3913 2297 3980; x_wconf 70' lang='grc' dir='ltr'>μορφῆς</span> <span class='ocrx_word' id='word_1_630' title='bbox 2322 3909 2416 3961; x_wconf 80' lang='grc' dir='ltr'>τοῦ</span> <span class='ocrx_word' id='word_1_631' title='bbox 2452 3911 2793 3981; x_wconf 81' lang='grc' dir='ltr'>κρατοῦντος,</span> <span class='ocrx_word' id='word_1_632' title='bbox 2836 3914 2928 3965; x_wconf 86' lang='grc' dir='ltr'><strong>τὸν</strong></span> <span class='ocrx_word' id='word_1_633' title='bbox 2964 3917 3376 3986; x_wconf 82' lang='grc' dir='ltr'>καταφρονητὴν</span> <span class='ocrx_word' id='word_1_634' title='bbox 3405 3916 3663 3987; x_wconf 81' lang='grc' dir='ltr'>δυσωπή-</span> 
     </span>
    </p>
   </div>
   <div class='ocr_carea' id='block_1_85' title="bbox 2085 3995 3661 4078">
    <p class='ocr_par' dir='ltr' id='par_1_85' title="bbox 2085 3995 3661 4078">
     <span class='ocr_line' id='line_1_85' title="bbox 2085 3995 3661 4078; baseline 0.005 -25"><span class='ocrx_word' id='word_1_635' title='bbox 2085 4016 2266 4053; x_wconf 89' lang='grc' dir='ltr'>σωσιν.</span> <span class='ocrx_word' id='word_1_636' title='bbox 2313 3995 2472 4054; x_wconf 70' lang='grc' dir='ltr'>Οὗτοί</span> <span class='ocrx_word' id='word_1_637' title='bbox 2520 4004 2656 4054; x_wconf 77' lang='grc' dir='ltr'>εἰσιν</span> <span class='ocrx_word' id='word_1_638' title='bbox 2705 4004 2754 4055; x_wconf 79' lang='grc' dir='ltr'>οἱ</span> <span class='ocrx_word' id='word_1_639' title='bbox 2813 4004 3004 4073; x_wconf 85' lang='grc' dir='ltr'>ταμίαι</span> <span class='ocrx_word' id='word_1_640' title='bbox 3050 4003 3157 4058; x_wconf 82' lang='grc' dir='ltr'><strong>τῶν</strong></span> <span class='ocrx_word' id='word_1_641' title='bbox 3203 4007 3661 4078; x_wconf 80' lang='grc' dir='ltr'>προσδοκωμένων</span> 
     </span>
    </p>
   </div>
   <div class='ocr_carea' id='block_1_86' title="bbox 2082 4090 3661 4166">
    <p class='ocr_par' dir='ltr' id='par_1_86' title="bbox 2082 4090 3661 4166">
     <span class='ocr_line' id='line_1_86' title="bbox 2082 4090 3661 4166; baseline 0.006 -24"><span class='ocrx_word' id='word_1_642' title='bbox 2082 4090 2317 4158; x_wconf 80' lang='grc' dir='ltr'>ἀγαθῶν·</span> <span class='ocrx_word' id='word_1_643' title='bbox 2360 4093 2407 4143; x_wconf 88' lang='grc' dir='ltr'>οἱ</span> <span class='ocrx_word' id='word_1_644' title='bbox 2437 4090 2668 4163; x_wconf 70' lang='grc' dir='ltr'>Θυρωροὶ</span> <span class='ocrx_word' id='word_1_645' title='bbox 2699 4094 2795 4163; x_wconf 78' lang='grc' dir='ltr'>τῆς</span> <span class='ocrx_word' id='word_1_646' title='bbox 2826 4092 3117 4162; x_wconf 82' lang='grc' dir='ltr'>βασιλείας,</span> <span class='ocrx_word' id='word_1_647' title='bbox 3148 4097 3198 4149; x_wconf 77' lang='lat' dir='ltr'><strong>oi</strong></span> <span class='ocrx_word' id='word_1_648' title='bbox 3230 4098 3528 4166; x_wconf 84' lang='grc' dir='ltr'>ἀνοίγοντες</span> <span class='ocrx_word' id='word_1_649' title='bbox 3560 4100 3661 4163; x_wconf 72' lang='grc' dir='ltr'>τὰς</span> 
     </span>
    </p>
   </div>
   <div class='ocr_carea' id='block_1_87' title="bbox 2083 4180 3658 4253">
    <p class='ocr_par' dir='ltr' id='par_1_87' title="bbox 2083 4180 3658 4253">
     <span class='ocr_line' id='line_1_87' title="bbox 2083 4180 3658 4253; baseline 0.006 -19"><span class='ocrx_word' id='word_1_650' title='bbox 2083 4180 2252 4253; x_wconf 85' lang='grc' dir='ltr'>θύρας</span> <span class='ocrx_word' id='word_1_651' title='bbox 2278 4184 2390 4245; x_wconf 80' lang='grc' dir='ltr'>τοῖς</span> <span class='ocrx_word' id='word_1_652' title='bbox 2415 4185 2690 4253; x_wconf 81' lang='grc' dir='ltr'>χρηστοῖς,</span> <span class='ocrx_word' id='word_1_653' title='bbox 2717 4184 2811 4237; x_wconf 66' lang='grc' dir='ltr'><strong>καὶ</strong></span> <span class='ocrx_word' id='word_1_654' title='bbox 2841 4184 3110 4249; x_wconf 86' lang='grc' dir='ltr'>κλείοντες</span> <span class='ocrx_word' id='word_1_655' title='bbox 3131 4190 3241 4251; x_wconf 85' lang='grc' dir='ltr'>τοῖς</span> <span class='ocrx_word' id='word_1_656' title='bbox 3258 4188 3535 4252; x_wconf 83' lang='grc' dir='ltr'>δυσκόλοις</span> <span class='ocrx_word' id='word_1_657' title='bbox 3563 4192 3658 4243; x_wconf 73' lang='grc' dir='ltr'><strong>καὶ</strong></span> 
     </span>
    </p>
   </div>
   <div class='ocr_carea' id='block_1_88' title="bbox 2086 4267 3661 4349">
    <p class='ocr_par' dir='ltr' id='par_1_88' title="bbox 2086 4267 3661 4349">
     <span class='ocr_line' id='line_1_88' title="bbox 2086 4267 3661 4349; baseline 0.005 -26"><span class='ocrx_word' id='word_1_658' title='bbox 2086 4271 2503 4341; x_wconf 80' lang='grc' dir='ltr'>μισανθρώποις.</span> <span class='ocrx_word' id='word_1_659' title='bbox 2559 4267 2736 4337; x_wconf 75' lang='grc' dir='ltr'>Οὗτοι,</span> <span class='ocrx_word' id='word_1_660' title='bbox 2782 4275 2875 4328; x_wconf 73' lang='grc' dir='ltr'>καὶ</span> <span class='ocrx_word' id='word_1_661' title='bbox 2922 4276 3215 4349; x_wconf 82' lang='grc' dir='ltr'>κατήγοροι</span> <span class='ocrx_word' id='word_1_662' title='bbox 3267 4278 3513 4349; x_wconf 71' lang='grc' dir='ltr'>σφοδροὶ,</span> <span class='ocrx_word' id='word_1_663' title='bbox 3562 4280 3661 4331; x_wconf 72' lang='grc' dir='ltr'><strong>καὶ</strong></span> 
     </span>
    </p>
   </div>
   <div class='ocr_carea' id='block_1_89' title="bbox 2085 4361 3664 4437">
    <p class='ocr_par' dir='ltr' id='par_1_89' title="bbox 2085 4361 3664 4437">
     <span class='ocr_line' id='line_1_89' title="bbox 2085 4361 3664 4437; baseline 0.005 -24"><span class='ocrx_word' id='word_1_664' title='bbox 2085 4361 2369 4430; x_wconf 78' lang='grc' dir='ltr'>συνήγοροι</span> <span class='ocrx_word' id='word_1_665' title='bbox 2418 4362 2630 4429; x_wconf 79' lang='grc' dir='ltr'>ἀγαθοί.</span> <span class='ocrx_word' id='word_1_666' title='bbox 2679 4364 3043 4435; x_wconf 83' lang='grc' dir='ltr'>Συνηγοροῦσι</span> <span class='ocrx_word' id='word_1_667' title='bbox 3084 4366 3139 4419; x_wconf 81' lang='grc' dir='ltr'><strong>δὲ</strong></span> <span class='ocrx_word' id='word_1_668' title='bbox 3187 4367 3281 4420; x_wconf 82' lang='grc' dir='ltr'>καὶ</span> <span class='ocrx_word' id='word_1_669' title='bbox 3326 4368 3664 4437; x_wconf 78' lang='grc' dir='ltr'>κατηγοροῦ-</span> 
     </span>
    </p>
   </div>
   <div class='ocr_carea' id='block_1_90' title="bbox 2085 4451 3659 4530">
    <p class='ocr_par' dir='ltr' id='par_1_90' title="bbox 2085 4451 3659 4530">
     <span class='ocr_line' id='line_1_90' title="bbox 2085 4451 3659 4530; baseline 0.005 -26"><span class='ocrx_word' id='word_1_670' title='bbox 2085 4468 2187 4511; x_wconf 82' lang='grc' dir='ltr'>σιν,</span> <span class='ocrx_word' id='word_1_671' title='bbox 2222 4453 2280 4503; x_wconf 85' lang='grc' dir='ltr'><strong>ού</strong></span> <span class='ocrx_word' id='word_1_672' title='bbox 2314 4451 2582 4521; x_wconf 82' lang='grc' dir='ltr'>λέγοντες,</span> <span class='ocrx_word' id='word_1_673' title='bbox 2612 4453 2724 4507; x_wconf 89' lang='grc' dir='ltr'>ἀλλ’</span> <span class='ocrx_word' id='word_1_674' title='bbox 2756 4453 3022 4525; x_wconf 82' lang='grc' dir='ltr'>ὁρώμενοι</span> <span class='ocrx_word' id='word_1_675' title='bbox 3047 4456 3197 4529; x_wconf 74' lang='grc' dir='ltr'>παρὰ</span> <span class='ocrx_word' id='word_1_676' title='bbox 3218 4457 3311 4510; x_wconf 83' lang='grc' dir='ltr'>τοῦ</span> <span class='ocrx_word' id='word_1_677' title='bbox 3337 4459 3560 4530; x_wconf 78' lang='grc' dir='ltr'>Κριτοῧ.</span> <span class='ocrx_word' id='word_1_678' title='bbox 3585 4460 3659 4512; x_wconf 77' lang='grc' dir='ltr'>Τὸ</span> 
     </span>
    </p>
   </div>
   <div class='ocr_carea' id='block_1_91' title="bbox 2080 4541 3664 4622">
    <p class='ocr_par' dir='ltr' id='par_1_91' title="bbox 2080 4541 3664 4622">
     <span class='ocr_line' id='line_1_91' title="bbox 2080 4541 3664 4622; baseline 0.006 -28"><span class='ocrx_word' id='word_1_679' title='bbox 2080 4541 2189 4613; x_wconf 86' lang='grc' dir='ltr'><strong>γάρ</strong></span> <span class='ocrx_word' id='word_1_680' title='bbox 2223 4543 2349 4614; x_wconf 67' lang='grc' dir='ltr'>’περὶ</span> <span class='ocrx_word' id='word_1_681' title='bbox 2382 4544 2576 4606; x_wconf 74' lang='grc' dir='ltr'>αὐτοὺς</span> <span class='ocrx_word' id='word_1_682' title='bbox 2607 4546 2886 4615; x_wconf 82' lang='grc' dir='ltr'>γινόμενον</span> <span class='ocrx_word' id='word_1_683' title='bbox 2939 4546 3094 4619; x_wconf 81' lang='grc' dir='ltr'>ἔργον</span> <span class='ocrx_word' id='word_1_684' title='bbox 3127 4547 3276 4615; x_wconf 74' lang='grc' dir='ltr'>παρὰ</span> <span class='ocrx_word' id='word_1_685' title='bbox 3320 4548 3399 4618; x_wconf 82' lang='grc' dir='ltr'>τῷ</span> <span class='ocrx_word' id='word_1_686' title='bbox 3440 4550 3664 4622; x_wconf 86' lang='grc' dir='ltr'>καρδιο-</span> 
     </span>
    </p>
   </div>
   <div class='ocr_carea' id='block_1_92' title="bbox 2080 4631 3661 4709">
    <p class='ocr_par' dir='ltr' id='par_1_92' title="bbox 2080 4631 3661 4709">
     <span class='ocr_line' id='line_1_92' title="bbox 2080 4631 3661 4709; baseline 0.005 -24"><span class='ocrx_word' id='word_1_687' title='bbox 2080 4631 2296 4704; x_wconf 79' lang='grc' dir='ltr'>γνώστῃ</span> <span class='ocrx_word' id='word_1_688' title='bbox 2342 4632 2459 4703; x_wconf 80' lang='grc' dir='ltr'>βοᾷ,</span> <span class='ocrx_word' id='word_1_689' title='bbox 2489 4634 2687 4697; x_wconf 84' lang='grc' dir='ltr'>παντὸς</span> <span class='ocrx_word' id='word_1_690' title='bbox 2722 4642 2958 4706; x_wconf 76' lang='grc' dir='ltr'>κήρυκος</span> <span class='ocrx_word' id='word_1_691' title='bbox 2988 4637 3369 4709; x_wconf 84' lang='grc' dir='ltr'>εὐσημότερον.</span> <span class='ocrx_word' id='word_1_692' title='bbox 3406 4640 3504 4693; x_wconf 86' lang='grc' dir='ltr'><strong>Διά</strong></span> <span class='ocrx_word' id='word_1_693' title='bbox 3531 4641 3661 4693; x_wconf 64' lang='grc' dir='ltr'>τού-</span> 
     </span>
    </p>
   </div>
   <div class='ocr_carea' id='block_1_93' title="bbox 2079 4723 3664 4798">
    <p class='ocr_par' dir='ltr' id='par_1_93' title="bbox 2079 4723 3664 4798">
     <span class='ocr_line' id='line_1_93' title="bbox 2079 4723 3664 4798; baseline 0.006 -22"><span class='ocrx_word' id='word_1_694' title='bbox 2079 4740 2204 4787; x_wconf 89' lang='grc' dir='ltr'>τους</span> <span class='ocrx_word' id='word_1_695' title='bbox 2228 4725 2358 4793; x_wconf 79' lang='grc' dir='ltr'>ἡμῖν</span> <span class='ocrx_word' id='word_1_696' title='bbox 2385 4723 2478 4776; x_wconf 75' lang='grc' dir='ltr'>καὶ</span> <span class='ocrx_word' id='word_1_697' title='bbox 2506 4725 2567 4776; x_wconf 80' lang='grc' dir='ltr'><strong>τὸ</strong></span> <span class='ocrx_word' id='word_1_698' title='bbox 2595 4724 2820 4796; x_wconf 72' lang='grc' dir='ltr'>φοϐερὸν</span> <span class='ocrx_word' id='word_1_699' title='bbox 2850 4727 3130 4798; x_wconf 82' lang='grc' dir='ltr'>ἀνεγράφη</span> <span class='ocrx_word' id='word_1_700' title='bbox 3161 4728 3250 4781; x_wconf 80' lang='grc' dir='ltr'>διὰ</span> <span class='ocrx_word' id='word_1_701' title='bbox 3276 4730 3384 4782; x_wconf 84' lang='grc' dir='ltr'>τῶν</span> <span class='ocrx_word' id='word_1_702' title='bbox 3410 4732 3664 4798; x_wconf 81' lang='grc' dir='ltr'>ἀγγέλων</span> 
     </span>
    </p>
   </div>
   <div class='ocr_carea' id='block_1_94' title="bbox 2079 4813 3422 4890">
    <p class='ocr_par' dir='ltr' id='par_1_94' title="bbox 2079 4813 3422 4890">
     <span class='ocr_line' id='line_1_94' title="bbox 2079 4813 3422 4890; baseline 0.007 -24"><span class='ocrx_word' id='word_1_703' title='bbox 2079 4814 2173 4867; x_wconf 78' lang='grc' dir='ltr'>τοῦ</span> <span class='ocrx_word' id='word_1_704' title='bbox 2207 4813 2342 4868; x_wconf 78' lang='grc' dir='ltr'>Θεοῦ</span> <span class='ocrx_word' id='word_1_705' title='bbox 2370 4816 2731 4887; x_wconf 82' lang='grc' dir='ltr'>δικαστήριον,</span> <span class='ocrx_word' id='word_1_706' title='bbox 2761 4813 2821 4873; x_wconf 74' lang='grc' dir='ltr'>οὗ</span> <span class='ocrx_word' id='word_1_707' title='bbox 2849 4818 3107 4884; x_wconf 84' lang='grc' dir='ltr'>πολλάκις</span> <span class='ocrx_word' id='word_1_708' title='bbox 3133 4820 3422 4890; x_wconf 73' lang='grc' dir='ltr'>ἠκούσατε.</span> 
     </span>
    </p>
   </div>
   <div class='ocr_carea' id='block_1_95' title="bbox 2109 4908 3654 4978">
    <p class='ocr_par' dir='ltr' id='par_1_95' title="bbox 2109 4908 3654 4978">
     <span class='ocr_line' id='line_1_95' title="bbox 2109 4908 3654 4978; baseline 0.003 -16"><span class='ocrx_word' id='word_1_709' title='bbox 2109 4909 2369 4978; x_wconf 86' lang='lat' dir='ltr'><strong>apertius,</strong></span> <span class='ocrx_word' id='word_1_710' title='bbox 2423 4908 2821 4977; x_wconf 75' lang='lat' dir='ltr'><strong>significantius</strong></span> <span class='ocrx_word' id='word_1_711' title='bbox 2872 4912 3241 4967; x_wconf 82' lang='lat' dir='ltr'><strong>vociferantur</strong></span> <span class='ocrx_word' id='word_1_712' title='bbox 3295 4922 3347 4968; x_wconf 92' lang='lat' dir='ltr'><strong>ct</strong></span> <span class='ocrx_word' id='word_1_713' title='bbox 3397 4915 3654 4972; x_wconf 87' lang='lat' dir='ltr'><strong>clamant.</strong></span> 
     </span>
    </p>
   </div>
   <div class='ocr_carea' id='block_1_96' title="bbox 403 5001 3205 5084">
    <p class='ocr_par' dir='ltr' id='par_1_96' title="bbox 403 5001 3205 5084">
     <span class='ocr_line' id='line_1_96' title="bbox 403 5001 3205 5084; baseline -0.004 -15"><span class='ocrx_word' id='word_1_714' title='bbox 403 5013 635 5084; x_wconf 71' lang='lat' dir='ltr'><strong>Propter</strong></span> <span class='ocrx_word' id='word_1_715' title='bbox 668 5011 769 5066; x_wconf 84' lang='lat' dir='ltr'><strong>hos</strong></span> <span class='ocrx_word' id='word_1_716' title='bbox 799 5011 957 5066; x_wconf 87' lang='lat' dir='ltr'><strong>nobis</strong></span> <span class='ocrx_word' id='word_1_717' title='bbox 985 5017 1039 5064; x_wconf 89' lang='lat' dir='ltr'><strong>et</strong></span> <span class='ocrx_word' id='word_1_718' title='bbox 1069 5006 1472 5063; x_wconf 84' lang='lat' dir='ltr'><strong>formidandum</strong></span> <span class='ocrx_word' id='word_1_719' title='bbox 1504 5003 1637 5058; x_wconf 90' lang='lat' dir='ltr'><strong>illud</strong></span> <span class='ocrx_word' id='word_1_720' title='bbox 1675 5001 1965 5072; x_wconf 86' lang='lat' dir='ltr'><strong>judicium,</strong></span> <span class='ocrx_word' id='word_1_721' title='bbox 2006 5003 2151 5071; x_wconf 90' lang='lat' dir='ltr'><strong>quod</strong></span> <span class='ocrx_word' id='word_1_722' title='bbox 2185 5017 2325 5071; x_wconf 72' lang='lat' dir='ltr'><strong>saepe</strong></span> <span class='ocrx_word' id='word_1_723' title='bbox 2358 5002 2666 5068; x_wconf 84' lang='lat' dir='ltr'><strong>audivistis,</strong></span> <span class='ocrx_word' id='word_1_724' title='bbox 2703 5006 3065 5073; x_wconf 87' lang='lat' dir='ltr'><strong>perscriptum</strong></span> <span class='ocrx_word' id='word_1_725' title='bbox 3099 5017 3205 5060; x_wconf 92' lang='lat' dir='ltr'><strong>est.</strong></span> 
     </span>
    </p>
   </div>
   <div class='ocr_carea' id='block_1_97' title="bbox 473 5094 1983 5191">
    <p class='ocr_par' dir='ltr' id='par_1_97' title="bbox 473 5113 1973 5177">
     <span class='ocr_line' id='line_1_97' title="bbox 473 5113 1973 5177; baseline -0.007 0"><span class='ocrx_word' id='word_1_726' title='bbox 473 5123 590 5177; x_wconf 87' lang='lat' dir='ltr'><strong>Illic</strong></span> <span class='ocrx_word' id='word_1_727' title='bbox 631 5121 778 5177; x_wconf 89' lang='lat' dir='ltr'><strong>enim</strong></span> <span class='ocrx_word' id='word_1_728' title='bbox 825 5120 982 5175; x_wconf 87' lang='lat' dir='ltr'><strong>video</strong></span> <span class='ocrx_word' id='word_1_729' title='bbox 1038 5117 1238 5173; x_wconf 88' lang='lat' dir='ltr'><strong>Filium</strong></span> <span class='ocrx_word' id='word_1_730' title='bbox 1288 5115 1529 5170; x_wconf 88' lang='lat' dir='ltr'><strong>hominis</strong></span> <span class='ocrx_word' id='word_1_731' title='bbox 1590 5113 1897 5168; x_wconf 88' lang='lat' dir='ltr'><strong>venientem</strong></span> <span class='ocrx_word' id='word_1_732' title='bbox 1943 5128 1973 5166; x_wconf 83' lang='grc' dir='ltr'><strong>ο</strong></span> 
     </span>
    </p>
   </div>
   <div class='ocr_carea' id='block_1_98' title="bbox 2084 5094 3665 5191">
    <p class='ocr_par' dir='ltr' id='par_1_98' title="bbox 2147 5108 3665 5191">
     <span class='ocr_line' id='line_1_98' title="bbox 2147 5108 3665 5191; baseline 0.006 -26"><span class='ocrx_word' id='word_1_733' title='bbox 2147 5108 2301 5166; x_wconf 78' lang='grc' dir='ltr'>Εἶδον</span> <span class='ocrx_word' id='word_1_734' title='bbox 2329 5114 2436 5182; x_wconf 80' lang='grc' dir='ltr'><strong>γάρ</strong></span> <span class='ocrx_word' id='word_1_735' title='bbox 2462 5114 2581 5166; x_wconf 78' lang='grc' dir='ltr'>ἐκεῖ</span> <span class='ocrx_word' id='word_1_736' title='bbox 2603 5113 2693 5167; x_wconf 79' lang='grc' dir='ltr'><strong>τὸν</strong></span> <span class='ocrx_word' id='word_1_737' title='bbox 2723 5113 2850 5168; x_wconf 83' lang='grc' dir='ltr'>Υἱὺν</span> <span class='ocrx_word' id='word_1_738' title='bbox 2864 5111 2953 5164; x_wconf 79' lang='grc' dir='ltr'>τοῦ</span> <span class='ocrx_word' id='word_1_739' title='bbox 2972 5115 3252 5186; x_wconf 81' lang='grc' dir='ltr'>ἀνορὼπου</span> <span class='ocrx_word' id='word_1_740' title='bbox 3282 5120 3575 5191; x_wconf 79' lang='grc' dir='ltr'>ἐρχόμενον</span> <span class='ocrx_word' id='word_1_741' title='bbox 3600 5122 3665 5187; x_wconf 80' lang='grc' dir='ltr'>ἐξ</span> 
     </span>
    </p>
   </div>
   <div class='ocr_carea' id='block_1_99' title="bbox 400 5203 1972 5281">
    <p class='ocr_par' dir='ltr' id='par_1_99' title="bbox 400 5203 1972 5281">
     <span class='ocr_line' id='line_1_99' title="bbox 400 5203 1972 5281; baseline -0.008 -13"><span class='ocrx_word' id='word_1_742' title='bbox 400 5213 578 5278; x_wconf 84' lang='lat' dir='ltr'><strong>caelis,</strong></span> <span class='ocrx_word' id='word_1_743' title='bbox 606 5225 704 5281; x_wconf 83' lang='lat' dir='ltr'><strong>per</strong></span> <span class='ocrx_word' id='word_1_744' title='bbox 737 5225 862 5265; x_wconf 89' lang='lat' dir='ltr'><strong>aera</strong></span> <span class='ocrx_word' id='word_1_745' title='bbox 891 5225 1001 5263; x_wconf 87' lang='lat' dir='ltr'><strong>non</strong></span> <span class='ocrx_word' id='word_1_746' title='bbox 1030 5223 1191 5264; x_wconf 84' lang='lat' dir='ltr'><strong>secus</strong></span> <span class='ocrx_word' id='word_1_747' title='bbox 1232 5217 1397 5274; x_wconf 86' lang='lat' dir='ltr'><strong>atque</strong></span> <span class='ocrx_word' id='word_1_748' title='bbox 1429 5222 1523 5275; x_wconf 90' lang='lat' dir='ltr'><strong>per</strong></span> <span class='ocrx_word' id='word_1_749' title='bbox 1570 5212 1771 5257; x_wconf 89' lang='lat' dir='ltr'><strong>terram</strong></span> <span class='ocrx_word' id='word_1_750' title='bbox 1823 5203 1972 5257; x_wconf 87' lang='lat' dir='ltr'><strong>ince-</strong></span> 
     </span>
    </p>
   </div>
   <div class='ocr_carea' id='block_1_100' title="bbox 402 5293 1970 5367">
    <p class='ocr_par' dir='ltr' id='par_1_100' title="bbox 402 5293 1970 5367">
     <span class='ocr_line' id='line_1_100' title="bbox 402 5293 1970 5367; baseline -0.007 -11"><span class='ocrx_word' id='word_1_751' title='bbox 402 5304 620 5359; x_wconf 85' lang='lat' dir='ltr'><strong>dentem</strong></span> <span class='ocrx_word' id='word_1_752' title='bbox 652 5299 1149 5355; x_wconf 87' lang='lat' dir='ltr'><strong>innumerabilibus</strong></span> <span class='ocrx_word' id='word_1_753' title='bbox 1182 5298 1442 5367; x_wconf 83' lang='lat' dir='ltr'><strong>stipatum</strong></span> <span class='ocrx_word' id='word_1_754' title='bbox 1475 5295 1715 5349; x_wconf 89' lang='lat' dir='ltr'><strong>millibus</strong></span> <span class='ocrx_word' id='word_1_755' title='bbox 1746 5293 1970 5363; x_wconf 89' lang='lat' dir='ltr'><strong>angelo-</strong></span> 
     </span>
    </p>
   </div>
   <div class='ocr_carea' id='block_1_101' title="bbox 404 5386 1967 5459">
    <p class='ocr_par' dir='ltr' id='par_1_101' title="bbox 404 5386 1967 5459">
     <span class='ocr_line' id='line_1_101' title="bbox 404 5386 1967 5459; baseline -0.004 -14"><span class='ocrx_word' id='word_1_756' title='bbox 404 5407 544 5447; x_wconf 86' lang='lat' dir='ltr'><strong>rum.</strong></span> <span class='ocrx_word' id='word_1_757' title='bbox 578 5389 984 5459; x_wconf 67' lang='lat' dir='ltr'><strong>Deindegloriaa</strong></span> <span class='ocrx_word' id='word_1_758' title='bbox 1031 5389 1290 5444; x_wconf 88' lang='lat' dir='ltr'><strong>thronum</strong></span> <span class='ocrx_word' id='word_1_759' title='bbox 1334 5396 1579 5443; x_wconf 90' lang='lat' dir='ltr'><strong>erectum</strong></span> <span class='ocrx_word' id='word_1_760' title='bbox 1626 5387 1679 5440; x_wconf 92' lang='lat' dir='ltr'><strong>in</strong></span> <span class='ocrx_word' id='word_1_761' title='bbox 1713 5386 1967 5450; x_wconf 89' lang='lat' dir='ltr'><strong>sublime,</strong></span> 
     </span>
    </p>
   </div>
   <div class='ocr_carea' id='block_1_102' title="bbox 402 5476 1968 5550">
    <p class='ocr_par' dir='ltr' id='par_1_102' title="bbox 402 5476 1968 5550">
     <span class='ocr_line' id='line_1_102' title="bbox 402 5476 1968 5550; baseline -0.003 -18"><span class='ocrx_word' id='word_1_762' title='bbox 402 5488 566 5550; x_wconf 87' lang='lat' dir='ltr'><strong>atque</strong></span> <span class='ocrx_word' id='word_1_763' title='bbox 597 5481 653 5534; x_wconf 89' lang='lat' dir='ltr'><strong>in</strong></span> <span class='ocrx_word' id='word_1_764' title='bbox 681 5495 747 5534; x_wconf 92' lang='lat' dir='ltr'><strong>eo</strong></span> <span class='ocrx_word' id='word_1_765' title='bbox 778 5479 1153 5535; x_wconf 85' lang='lat' dir='ltr'><strong>considentem</strong></span> <span class='ocrx_word' id='word_1_766' title='bbox 1196 5480 1415 5549; x_wconf 79' lang='lat' dir='ltr'><strong>Regem.</strong></span> <span class='ocrx_word' id='word_1_767' title='bbox 1450 5476 1605 5531; x_wconf 87' lang='lat' dir='ltr'><strong>Tunc</strong></span> <span class='ocrx_word' id='word_1_768' title='bbox 1659 5477 1836 5531; x_wconf 92' lang='lat' dir='ltr'><strong>omnis</strong></span> <span class='ocrx_word' id='word_1_769' title='bbox 1869 5476 1968 5529; x_wconf 91' lang='lat' dir='ltr'><strong>ho-</strong></span> 
     </span>
    </p>
   </div>
   <div class='ocr_carea' id='block_1_103' title="bbox 403 5570 1968 5641">
    <p class='ocr_par' dir='ltr' id='par_1_103' title="bbox 403 5570 1968 5641">
     <span class='ocr_line' id='line_1_103' title="bbox 403 5570 1968 5641; baseline -0.001 -18"><span class='ocrx_word' id='word_1_770' title='bbox 403 5571 611 5626; x_wconf 90' lang='lat' dir='ltr'><strong>minum</strong></span> <span class='ocrx_word' id='word_1_771' title='bbox 638 5570 838 5634; x_wconf 86' lang='lat' dir='ltr'><strong>tribus,</strong></span> <span class='ocrx_word' id='word_1_772' title='bbox 870 5585 1061 5625; x_wconf 89' lang='lat' dir='ltr'><strong>omnes</strong></span> <span class='ocrx_word' id='word_1_773' title='bbox 1084 5579 1292 5641; x_wconf 81' lang='lat' dir='ltr'><strong>gentes,</strong></span> <span class='ocrx_word' id='word_1_774' title='bbox 1324 5570 1578 5623; x_wconf 86' lang='lat' dir='ltr'><strong>nationes</strong></span> <span class='ocrx_word' id='word_1_775' title='bbox 1603 5582 1815 5634; x_wconf 89' lang='lat' dir='ltr'><strong>omnes,</strong></span> <span class='ocrx_word' id='word_1_776' title='bbox 1848 5582 1968 5635; x_wconf 65' lang='lat' dir='ltr'><strong>quae</strong></span> 
     </span>
    </p>
   </div>
   <div class='ocr_carea' id='block_1_104' title="bbox 476 5745 1728 5815">
    <p class='ocr_par' dir='ltr' id='par_1_104' title="bbox 476 5745 1728 5815">
     <span class='ocr_line' id='line_1_104' title="bbox 476 5745 1728 5815; baseline -0.002 -15"><span class='ocrx_word' id='word_1_777' title='bbox 476 5748 501 5782; x_wconf 68' lang='grc'>⁸</span> <span class='ocrx_word' id='word_1_778' title='bbox 525 5745 695 5802; x_wconf 84' lang='lat' dir='ltr'><strong>Exod.</strong></span> <span class='ocrx_word' id='word_1_779' title='bbox 731 5761 916 5808; x_wconf 76' lang='lat' dir='ltr'><strong>xxxvi,</strong></span> <span class='ocrx_word' id='word_1_780' title='bbox 958 5746 1075 5801; x_wconf 83' lang='lat'><strong>5-7.</strong></span> <span class='ocrx_word' id='word_1_781' title='bbox 1150 5747 1169 5777; x_wconf 86' lang='grc'><strong><em>³</em></strong></span> <span class='ocrx_word' id='word_1_782' title='bbox 1200 5747 1367 5801; x_wconf 78' lang='lat' dir='ltr'><strong>Marc.</strong></span> <span class='ocrx_word' id='word_1_783' title='bbox 1405 5764 1500 5815; x_wconf 70' lang='grc' dir='ltr'>χιι,</span> <span class='ocrx_word' id='word_1_784' title='bbox 1533 5748 1728 5803; x_wconf 62' lang='grc' dir='ltr'><strong>ίξὶοόὶ.</strong></span> 
     </span>
    </p>
   </div>
   <div class='ocr_carea' id='block_1_105' title="bbox 2074 5204 3662 5277">
    <p class='ocr_par' dir='ltr' id='par_1_105' title="bbox 2074 5204 3662 5277">
     <span class='ocr_line' id='line_1_105' title="bbox 2074 5204 3662 5277; baseline 0.006 -20"><span class='ocrx_word' id='word_1_785' title='bbox 2074 5204 2336 5275; x_wconf 78' lang='grc' dir='ltr'>οὐρανῶν,</span> <span class='ocrx_word' id='word_1_786' title='bbox 2371 5205 2465 5258; x_wconf 70' lang='grc' dir='ltr'><strong>καὶ</strong></span> <span class='ocrx_word' id='word_1_787' title='bbox 2491 5205 2582 5258; x_wconf 84' lang='grc' dir='ltr'><strong>τὸν</strong></span> <span class='ocrx_word' id='word_1_788' title='bbox 2608 5206 2749 5276; x_wconf 83' lang='grc' dir='ltr'>ἀέρα</span> <span class='ocrx_word' id='word_1_789' title='bbox 2777 5205 2850 5269; x_wconf 82' lang='grc' dir='ltr'>ὡς</span> <span class='ocrx_word' id='word_1_790' title='bbox 2880 5209 2982 5277; x_wconf 84' lang='grc' dir='ltr'><strong>γῆν</strong></span> <span class='ocrx_word' id='word_1_791' title='bbox 3018 5206 3311 5272; x_wconf 71' lang='grc' dir='ltr'>πεζεύοντα</span> <span class='ocrx_word' id='word_1_792' title='bbox 3330 5252 3343 5273; x_wconf 87' lang='grc'><strong>,</strong></span> <span class='ocrx_word' id='word_1_793' title='bbox 3398 5211 3490 5264; x_wconf 78' lang='grc' dir='ltr'><strong>καὶ</strong></span> <span class='ocrx_word' id='word_1_794' title='bbox 3533 5215 3662 5274; x_wconf 84' lang='grc' dir='ltr'>ταῖς</span> 
     </span>
    </p>
   </div>
   <div class='ocr_carea' id='block_1_106' title="bbox 2077 5296 3653 5373">
    <p class='ocr_par' dir='ltr' id='par_1_106' title="bbox 2077 5296 3653 5373">
     <span class='ocr_line' id='line_1_106' title="bbox 2077 5296 3653 5373; baseline 0.006 -25"><span class='ocrx_word' id='word_1_795' title='bbox 2077 5296 2295 5360; x_wconf 84' lang='grc' dir='ltr'>πολλαῖς</span> <span class='ocrx_word' id='word_1_796' title='bbox 2381 5298 2604 5367; x_wconf 83' lang='grc' dir='ltr'>μυριάσι</span> <span class='ocrx_word' id='word_1_797' title='bbox 2687 5297 2796 5350; x_wconf 82' lang='grc' dir='ltr'><strong>τῶν</strong></span> <span class='ocrx_word' id='word_1_798' title='bbox 2863 5299 3107 5366; x_wconf 78' lang='grc' dir='ltr'>ἀγγέλων</span> <span class='ocrx_word' id='word_1_799' title='bbox 3164 5302 3653 5373; x_wconf 63' lang='grc' dir='ltr'>δορυφορούμενον.</span> 
     </span>
    </p>
   </div>
   <div class='ocr_carea' id='block_1_107' title="bbox 2080 5387 3657 5462">
    <p class='ocr_par' dir='ltr' id='par_1_107' title="bbox 2080 5387 3657 5462">
     <span class='ocr_line' id='line_1_107' title="bbox 2080 5387 3657 5462; baseline 0.005 -21"><span class='ocrx_word' id='word_1_800' title='bbox 2080 5388 2309 5441; x_wconf 81' lang='grc' dir='ltr'>Ἔπειτα</span> <span class='ocrx_word' id='word_1_801' title='bbox 2357 5387 2541 5458; x_wconf 87' lang='grc' dir='ltr'>Ορόνον</span> <span class='ocrx_word' id='word_1_802' title='bbox 2572 5389 2727 5458; x_wconf 67' lang='grc' dir='ltr'>δόξης</span> <span class='ocrx_word' id='word_1_803' title='bbox 2757 5391 3144 5462; x_wconf 65' lang='grc' dir='ltr'>ἀνυζιούμενον,</span> <span class='ocrx_word' id='word_1_804' title='bbox 3198 5393 3291 5445; x_wconf 69' lang='grc' dir='ltr'><strong>καὶ</strong></span> <span class='ocrx_word' id='word_1_805' title='bbox 3328 5397 3435 5446; x_wconf 80' lang='grc' dir='ltr'>πᾶν</span> <span class='ocrx_word' id='word_1_806' title='bbox 3487 5396 3657 5462; x_wconf 68' lang='grc' dir='ltr'>φῦλον</span> 
     </span>
    </p>
   </div>
   <div class='ocr_carea' id='block_1_108' title="bbox 2075 5477 3659 5555">
    <p class='ocr_par' dir='ltr' id='par_1_108' title="bbox 2075 5477 3659 5555">
     <span class='ocr_line' id='line_1_108' title="bbox 2075 5477 3659 5555; baseline 0.006 -25"><span class='ocrx_word' id='word_1_807' title='bbox 2075 5477 2374 5548; x_wconf 69' lang='grc' dir='ltr'>ἀνθρώπων</span> <span class='ocrx_word' id='word_1_808' title='bbox 2405 5479 2525 5532; x_wconf 81' lang='grc' dir='ltr'>ὅσον</span> <span class='ocrx_word' id='word_1_809' title='bbox 2555 5480 2829 5551; x_wconf 73' lang='grc' dir='ltr'>παρῆλθεν</span> <span class='ocrx_word' id='word_1_810' title='bbox 2872 5483 2950 5543; x_wconf 85' lang='grc' dir='ltr'><strong>είς</strong></span> <span class='ocrx_word' id='word_1_811' title='bbox 2976 5481 3189 5551; x_wconf 81' lang='grc' dir='ltr'>γένεσιν</span> <span class='ocrx_word' id='word_1_812' title='bbox 3218 5483 3310 5535; x_wconf 79' lang='grc' dir='ltr'><strong>καὶ</strong></span> <span class='ocrx_word' id='word_1_813' title='bbox 3352 5485 3488 5555; x_wconf 74' lang='grc' dir='ltr'>ἡλίῳ</span> <span class='ocrx_word' id='word_1_814' title='bbox 3521 5503 3659 5539; x_wconf 82' lang='grc' dir='ltr'>κατ-</span> 
     </span>
    </p>
   </div>
   <div class='ocr_carea' id='block_1_109' title="bbox 2076 5566 3660 5641">
    <p class='ocr_par' dir='ltr' id='par_1_109' title="bbox 2076 5566 3660 5641">
     <span class='ocr_line' id='line_1_109' title="bbox 2076 5566 3660 5641; baseline 0.008 -23"><span class='ocrx_word' id='word_1_815' title='bbox 2076 5566 2350 5638; x_wconf 79' lang='grc' dir='ltr'>ελάμφϐη,</span> <span class='ocrx_word' id='word_1_816' title='bbox 2380 5569 2473 5621; x_wconf 77' lang='grc' dir='ltr'>καὶ</span> <span class='ocrx_word' id='word_1_817' title='bbox 2522 5568 2708 5621; x_wconf 81' lang='grc' dir='ltr'>τούτου</span> <span class='ocrx_word' id='word_1_818' title='bbox 2740 5569 2831 5622; x_wconf 76' lang='grc' dir='ltr'>τοῦ</span> <span class='ocrx_word' id='word_1_819' title='bbox 2874 5570 3030 5641; x_wconf 82' lang='grc' dir='ltr'>ἀέρος</span> <span class='ocrx_word' id='word_1_820' title='bbox 3064 5571 3365 5625; x_wconf 72' lang='grc' dir='ltr'>ἀνέσπασεν</span> <span class='ocrx_word' id='word_1_821' title='bbox 3389 5613 3401 5636; x_wconf 85' lang='grc'><strong>,</strong></span> <span class='ocrx_word' id='word_1_822' title='bbox 3458 5577 3517 5628; x_wconf 82' lang='grc' dir='ltr'><strong>ἐν</strong></span> <span class='ocrx_word' id='word_1_823' title='bbox 3560 5575 3660 5631; x_wconf 74' lang='grc' dir='ltr'><strong>δύο</strong></span> 
     </span>
    </p>
   </div>
  </div>
