4072 6156
423 415 513 469 δὸί
1586 416 1671 469 DE
1701 412 2141 472 PAUPEIIIBUS
2170 413 2493 469 AMANDIS.

3561 415 3666 470 4‘39.

425 532 642 601 μέρεσιν
675 527 1122 596 ἀποκεκριμένον,
1150 529 1241 580 καὶ
1268 529 1540 597 προεστὼς
1569 529 1657 582 τοῦ
1686 531 1987 601 κριτηρίου.

2100 529 2151 583 in
2186 525 2327 582 lianc
2363 531 2526 583 vitam
2560 528 2816 599 ingressa.-
2839 528 2971 593 sint,
3008 543 3127 598 quac
3150 527 3295 581 hunc
3320 527 3517 597 spiritu
3543 544 3667 584 acra

435 618 750 674 Ἑκαλοῦντο
781 617 837 669 δὲ
871 619 917 669 οἱ
956 618 1053 687 μὲν
1084 618 1309 689 ἀρνειοὶ,
1340 620 1451 673 ὅσοι
1498 622 1559 673 ἐκ
1602 621 1787 685 δεξιῶν
1814 640 1825 651 '
1878 624 1990 691 ἐρί-

421 727 551 778 φους
575 709 631 762 δὲ
662 708 787 771 τοὺς
816 709 908 761 ἐπὶ
953 708 1175 778 θάτερον
1208 709 1435 779 ἥκουσα,
1469 712 1530 763 ὲκ
1556 714 1651 781 τῆς
1679 712 1992 782 ὁμοιότητος

417 798 527 850 τῶν
554 800 792 867 τρόπων,
836 797 921 865 ἐφ’
956 799 1182 862 ἑαυτοὺς
1213 800 1312 862 τὰς
1344 802 1707 872 προσηγορίας
1736 802 1995 855 ἑλκύσανα

419 908 539 952 τας.
567 892 678 943 Καὶ
708 889 968 954 διαλέξεις
998 892 1114 943 ἐκεῖ
1136 889 1227 943 τοῦ
1261 891 1513 944 δικαστοῦ
1542 892 1675 962 πρὸς
1717 895 1841 955 τούς
1877 909 1993 962 κριη

418 981 692 1049 πιομένους,
742 981 834 1033 καὶ
861 981 1182 1051 ἀποκρίσεις
1204 982 1310 1035 τῶν
1344 983 1710 1053 εὐθυνομένων
1744 986 1877 1056 πρὸς
1905 985 1993 1038 τὸν

417 1070 664 1124 Βασιλέα.
728 1071 1127 1142 Ἀπεκληροῦτο
1174 1072 1231 1124 δὲ
1289 1073 1537 1138 ἑκάστοις
1579 1075 1643 1128 τὰ
1689 1077 1990 1147 πρόσφορα.

417 1163 544 1225 Τοῖς
575 1160 673 1232 μὲν
696 1161 786 1215 τὸν
817 1162 1036 1232 ἄριστον
1068 1162 1352 1232 βεϐιωκόσι
1381 1164 1518 1233 βίον,
1566 1165 1835 1234 βασιλείας
1864 1165 1998 1219 ἀπό·

416 1250 605 1314 λαυσις
630 1268 644 1283 ’
693 1256 805 1315 τοῖς
832 1252 888 1306 δὲ
920 1253 1325 1324 μισανθρώποις
1351 1256 1443 1308 καὶ
1478 1260 1732 1326 πονηροῖς
1760 1257 1999 1327 τιμωρία

420 1343 608 1412 πυρὸς,
637 1343 733 1396 καὶ
761 1342 899 1411 αῦτη
931 1343 1329 1407 διαιωνίζουσα.
1361 1345 1564 1417 Γράφει
1593 1347 1649 1399 δὲ
1671 1345 1848 1400 πάντα
1880 1348 1999 1399 ἐπι-

423 1432 620 1499 μελῶς,
666 1435 760 1487 καὶ
793 1434 1018 1505 ἀκριϐὲς
1063 1438 1195 1507 ἡμῖν
1226 1436 1287 1489 τὸ
1313 1436 1656 1508 δικαστήριον
1686 1437 1997 1508 άνεξωγρα-

418 1524 562 1593 φήθη
596 1524 748 1594 παρά
788 1523 880 1577 τοῦ
912 1524 1068 1592 λόγου
1090 1567 1103 1587 ,
1158 1527 1257 1578 οὐκ
1289 1526 1446 1580 ἄλλου
1480 1544 1574 1580 του
1623 1526 1798 1598 χάριν,
1833 1524 1866 1598 ἢ
1902 1527 1995 1581 τοῦ

423 1614 614 1682 μαθεῖν
640 1616 786 1685 ἡμᾶς
814 1614 1060 1680 εὐποιίας
1089 1617 1449 1688 χρηστότητα.
1496 1615 1644 1687 Αὕτη
1677 1617 1785 1689 γάρ
1828 1619 1993 1682 ἐστιν,

416 1708 451 1775 ἠ
484 1706 576 1759 τὸν
611 1707 722 1777 βίον
757 1707 1077 1779 συνέχουσα,
1129 1709 1312 1780 μήτηρ
1338 1708 1448 1763 τῶν
1476 1708 1807 1779 πενομένων,
1850 1707 1995 1763 διδά-

420 1796 613 1861 σκαλος
637 1798 746 1851 τῶν
775 1798 1061 1860 πλουσίων,
1106 1798 1283 1869 ἀγαθὴ
1330 1799 1713 1871 κουροτρόφος,
1762 1798 1998 1871 πρεσϐυ-

2094 619 2374 686 duxerint,
2409 634 2531 688 qua:
2564 618 2707 673 hanc
2752 620 2884 676 solis
2925 620 3101 674 lucem
3154 620 3491 689 aspexerint,
3529 619 3668 674 duas

2096 711 2151 764 in
2182 720 2368 780 partes
2401 719 2713 782 segregatas
2751 710 2820 765 ad
2866 710 3107 766 tribunal
3151 709 3354 779 judicis
3399 709 3660 765 astitissc.

2094 800 2273 854 Audio
2301 816 2417 865 eos,
2441 801 2533 872 qui
2558 815 2589 854 a
2620 802 2815 857 dextra
2844 808 2994 867 sunt,
3027 817 3197 873 agnos
3220 802 3402 856 vocari
3433 820 3445 853 :
3475 800 3670 858 IHPdOS

2095 892 2187 960 qui
2218 906 2246 944 a
2282 892 2527 948 sinistra.
2552 891 2687 946 Nam
2711 908 2776 948 ex
2810 908 3024 947 morum
3056 891 3422 948 similitudine
3445 901 3669 947 sumunt

2095 983 2532 1052 appellationem.
2565 985 2740 1041 Audio
2775 984 2887 1039 illic
2910 999 3007 1039 eos
3047 985 3473 1055 interrogantem
3525 982 3669 1056 pidi-

2096 1089 2233 1136 cem,
2266 1082 2319 1128 et
2355 1075 2591 1131 rationes
2614 1075 3014 1130 conﬁcientem.
3070 1074 3252 1128 Audio
3284 1073 3414 1143 quid
3447 1074 3546 1142 ipsi
3580 1088 3669 1125 rc-

2104 1164 2411 1234 spondeant
2434 1166 2589 1236 Regi.
2622 1164 2864 1235 Denique
2900 1179 3000 1235 pro
3027 1165 3142 1220 suis
3162 1179 3431 1234 quemque
3462 1162 3670 1217 meritis

2096 1263 2350 1309 ornatum
2387 1271 2576 1311 cerno.
2613 1255 2725 1312 Illis
2749 1256 2845 1326 qui
2876 1257 3005 1312 boni
3065 1253 3392 1326 beniguiqne
3442 1254 3665 1311 fuerint.

2098 1355 2261 1416 atque
2310 1347 2515 1416 optime
2563 1347 2731 1401 vitam
2777 1347 3007 1418 egerint,
3059 1358 3273 1401 summa
3322 1352 3377 1398 et
3409 1351 3668 1413 perpetua

2097 1438 2254 1507 quies
2290 1438 2554 1493 tribuitur
2585 1439 2639 1492 in
2676 1453 2842 1508 regno
2869 1437 3081 1493 ctelesti
3109 1454 3122 1489 :
3154 1434 3469 1490 inhumanis
3486 1442 3665 1487 autem

2095 1539 2151 1582 et
2182 1528 2451 1596 improbis
2481 1528 2625 1597 ignis
2656 1528 3008 1597 supplicium,
3052 1527 3216 1596 idque
3256 1524 3665 1593 sempiternum.

2100 1619 2227 1675 Haec
2258 1620 2445 1675 omnia
2474 1620 2548 1674 ibi
2576 1620 2886 1689 diligenter,
2922 1625 2979 1671 ut
3006 1617 3181 1679 scitis,
3225 1623 3354 1670 sunt
3382 1615 3668 1684 explicata.

2096 1708 2218 1765 Non
2247 1709 2354 1762 alia
2385 1717 2566 1764 autem
2605 1709 2674 1764 de
2699 1722 2865 1763 causa
2892 1705 3161 1776 judicium
3194 1703 3328 1759 illud
3375 1713 3482 1758 tam
3511 1717 3672 1758 accu-

2099 1809 2217 1854 rata
2252 1800 2502 1855 oratione
2559 1808 2819 1868 tanquam
2878 1796 3133 1867 penicillo
3188 1794 3458 1864 depictum
3512 1791 3671 1847 nobis

420 1888 589 1958 τέρων
618 1889 946 1960 γηροκόμος,
977 1892 1200 1959 ταμεῖον
1229 1867 1335 1943 τῶν
1361 1867 1648 1961 δεομένων,
1688 1867 1862 1954 κοινὸς
1886 1891 1994 1944 τῶν

2103 1897 2231 1945 ante
2261 1891 2455 1945 oculos
2499 1867 2737 1958 positum
2768 1902 2892 1942 esse
2931 1884 3279 1945 crediderim,
3316 1883 3418 1938 nisi
3455 1890 3514 1935 ut
3548 1896 3672 1951 per-

420 1976 758 2048 ἀτυχούντων
786 1979 969 2050 λιμὴν,
1025 1982 1228 2043 πάσαις
1272 1980 1507 2051 ἡλικίαις
1540 1982 1635 2034 καὶ
1691 1984 1993 2054 συμφοραῖς

421 2072 519 2140 τὴν
544 2074 635 2141 ἀφ’
662 2074 859 2144 ἑαυτῆς
889 2073 1184 2144 μερίζουσα
1218 2073 1494 2140 πρόνοιαν.

2099 1982 2380 2037 discamus
2419 1979 2868 2042 beneﬁcentiam,
2908 1984 2964 2033 et
2994 1975 3381 2045 benignitatem
3435 1971 3673 2041 comple-

2097 2082 2331 2127 ctamur.
2383 2070 2507 2125 Ilaec
2538 2071 2686 2124 enim
2733 2076 2815 2123 est
2862 2082 2983 2137 quae
3020 2065 3263 2120 continet
3309 2063 3498 2115 vitam.
3543 2061 3671 2114 Haec

420 2174 504 2220 est
522 2182 817 2237 pauperum
855 2182 1044 2231 mater,
1078 2168 1338 2237 magistra
1370 2168 1621 2232 divitum,
1645 2167 1783 2221 bona
1809 2167 2140 2239 pupillorum
2168 2167 2377 2233 nutrix,
2408 2164 2785 2219 conservatrix
2809 2174 3021 2222 senum,
3046 2160 3319 2229 egentium
3342 2168 3671 2226 penu,com-

421 2258 602 2313 munis
633 2259 955 2314 miserorum
992 2268 1206 2327 portus,
1254 2259 1496 2312 omnium
1526 2269 1745 2312 aetatum
1769 2273 1956 2313 curam
1991 2271 2207 2329 gerens,
2243 2256 2500 2311 omnibus
2531 2254 2793 2310 aerumnis
2819 2260 2874 2307 et
2902 2249 3311 2305 calamitatibus
3355 2246 3668 2300 consulens.

494 2351 589 2413 Ὠς
621 2349 729 2421 γὰρ
756 2350 803 2402 οἱ
833 2348 1161 2417 ἀγωνοθέται
1198 2349 1297 2418 τῆς
1325 2349 1698 2420 ματαιότητος,
1730 2350 1836 2403 ὑπὸ
1868 2348 1998 2404 σάλο

422 2457 614 2509 πιγγος
641 2441 738 2511 τὴν
765 2441 969 2494 ἑαυτῶν
1001 2439 1304 2510 φιλοτιμίαν
1333 2440 1703 2510 σημαίνοντες,
1727 2442 1860 2494 πᾶσι
1886 2443 1998 2504 τοῖς

420 2533 518 2603 τῆς
542 2531 878 2602 παλαίστρας
928 2532 1027 2600 τὴν
1057 2528 1152 2582 τοῦ
1183 2528 1412 2583 πλούτου
1445 2529 1703 2600 διανομὴν
1732 2530 1998 2600 ἐπαγγέλ-

419 2618 597 2673 λονται
625 2635 638 2648 ·
671 2618 842 2683 οὕτως
871 2622 904 2690 ἡ
931 2619 1167 2684 εὐποιία,
1195 2618 1436 2683 ἅπαντας
1459 2619 1595 2690 πρὸς
1624 2619 1821 2693 ἑαυτὴν
1842 2621 1999 2674 καλεῖ

417 2711 544 2772 τοὺς
572 2711 629 2761 ἐν
653 2709 958 2773 δυσκολίαις
989 2710 1083 2761 καὶ
1112 2709 1495 2779 περιστάσεσιν
1516 2751 1532 2776 ,
1576 2709 1636 2762 οὐ
1665 2709 1886 2779 πληγῶν
1918 2727 1999 2764 τι-

421 2799 527 2869 μάς
557 2802 667 2863 τοῖς
701 2799 1034 2869 προσιοῦσιν,
1065 2800 1200 2853 άλλά
1227 2799 1519 2871 συμφορῶν
1561 2799 1857 2871 θεραπείας
1903 2818 1998 2872 μει-

421 2889 663 2959 ρίζουσα.
694 2886 847 2941 Ἐστι
874 2887 930 2941 δὲ
954 2887 1114 2960 αὐτη,
1136 2888 1315 2959 πάσης
1336 2889 1727 2959 ἐπαινουμένης
1750 2888 1997 2961 πράξεως

418 2978 745 3050 ὑψηλοτέρα,
793 2978 929 3031 Θεοῦ
984 2979 1278 3050 πάρεδρος,
1329 2979 1423 3033 τοῦ
1468 2978 1669 3047 ἀγαθοῦ
1702 2980 1861 3050 φίλη,
1905 2982 2000 3034 καὶ

421 3071 620 3141 πολλὴν
650 3071 785 3142 πρὸς
812 3072 971 3124 αὐτὸν
1012 3071 1109 3142 τὴν
1142 3071 1412 3125 οίκείωσιν
1443 3070 1658 3141 ἔχουσα.
1711 3070 1865 3124 Οὕτω
1916 3089 1997 3124 τοι

2175 2345 2642 2414 Quemadmodum
2666 2345 2808 2400 enim
2838 2344 2935 2410 illi,
2966 2342 3058 2412 qui
3094 2342 3149 2395 in
3204 2338 3460 2394 vanitatis
3500 2348 3673 2393 certa-

2104 2439 2345 2495 minibus
2405 2438 2624 2508 praemia
2681 2441 3034 2505 proponunt,
3105 2431 3233 2486 tuba
3295 2424 3671 2485 liberalitatem

2105 2546 2261 2586 suam
2288 2529 2680 2600 signiﬁcantes.
2713 2527 2969 2582 omnibus
2999 2524 3054 2579 in
3089 2524 3341 2594 palatstra
3383 2521 3672 2576 decertan-

2102 2622 2251 2677 tibus
2284 2620 2532 2692 pecunia:
2557 2617 2899 2689 largitionem
2923 2614 3249 2686 pollicentur
3276 2620 3438 2683 atque
3464 2612 3674 2666 denun-

2102 2713 2280 2767 tiant:
2330 2713 2411 2767 sic
2448 2712 2566 2780 ipsa
2613 2706 2972 2763 beneficentia
3014 2718 3203 2760 omnes
3251 2705 3307 2757 in
3359 2702 3673 2757 miseriisct

2105 2801 2510 2859 calamitatibus
2538 2801 2746 2871 positos
2786 2798 2853 2852 ad
2886 2810 2948 2853 se
2994 2803 3175 2859 vocat,
3223 2810 3331 2849 non
3386 2794 3670 2848 vulnerum

2102 2905 2156 2951 et
2190 2896 2470 2967 plagarum
2496 2892 2738 2963 praemia,
2772 2889 2868 2946 sed
2888 2902 3256 2944 aerumnarum
3287 2892 3341 2940 et
3374 2882 3672 2940 incommo-

2101 2987 2295 3043 dorum
2326 2984 2567 3041 remedia
2596 2991 2651 3039 et
2680 2982 3017 3038 curationem
3051 2978 3438 3034 accedentibus
3471 2978 3674 3045 imper—

2101 3077 2265 3132 tiens.
2299 3074 2425 3130 ch
2456 3083 2540 3131 est
2568 3074 2812 3128 omnium
2843 3072 3185 3127 laudatarum
3218 3070 3496 3125 actionum
3537 3083 3674 3137 pta»

420 3163 531 3231 πρὸ
564 3160 777 3214 πάντων
805 3163 901 3224 τὰς
925 3162 1134 3229 ἀγαθὰς
1174 3162 1269 3213 καὶ
1303 3161 1714 3233 φιλανθρώπους
1749 3160 1993 3233 πράξεις,

2100 3168 2454 3223 stantissima.
2488 3166 2614 3221 Ilaec
2648 3165 2855 3221 assidet
2887 3162 3017 3229 Deo,
3073 3170 3127 3217 et
3167 3175 3361 3231 magna
3416 3167 3501 3214 est
3547 3173 3670 3212 cum

421 3254 584 3315 αὐτὸς
611 3255 639 3306 ό
665 3253 794 3316 Θεὸς
832 3257 963 3324 ἡμῖν
991 3252 1305 3325 αὐτουργῶν
1335 3253 1688 3321 ἀναφαίνεται
1716 3270 1730 3284 ’
1768 3252 1862 3324 τὴν
1890 3253 1995 3324 γὰρ

420 3343 597 3397 κτίσιν
643 3344 740 3413 τῆς
790 3345 909 3415 γῆς,
958 3346 1051 3398 καὶ
1078 3346 1176 3417 τὴν
1206 3344 1299 3397 τοῦ
1350 3344 1577 3415 οὐρανοῦ
1616 3344 1992 3415 διακόσμησιν,

421 3438 515 3489 καὶ
563 3437 660 3506 τὴν
713 3435 971 3492 εὐτακτον
1020 3438 1315 3508 ἐναλλαγὴν
1349 3437 1455 3491 τῶν
1492 3436 1667 3508 ὡρῶν,
1708 3435 1799 3490 καὶ
1844 3437 1994 3507 ἡλίου

421 3525 730 3597 θερμότητα
756 3568 769 3589 ,
827 3530 919 3581 καὶ
954 3527 1283 3598 κρυστάλλου
1319 3527 1529 3595 γένεσιν
1562 3528 1857 3598 ψύχουσαν,
1902 3527 1997 3581 καὶ

424 3620 597 3673 πάντα
644 3618 708 3672 τὰ
762 3620 882 3673 καθ’
915 3620 1162 3683 ἕκαστον,
1212 3621 1312 3673 οὐκ
1360 3620 1521 3680 αὐτὸς
1565 3619 1741 3688 ἐαυτῷ
1794 3622 1822 3672 ό
1866 3617 1996 3681 Θεὸς

422 3708 748 3780 (ἀπροσδεὴς
767 3707 875 3778 γὰρ
896 3707 1004 3761 τῶν
1018 3708 1270 3763 τοιούτων
1289 3711 1537 3774 ἐκεῖνος),
1557 3708 1667 3762 ἀλλ’
1691 3707 1997 3779 ὐπὲρήμῶν

419 3798 685 3870 διηνεκῶς
718 3801 961 3868 ἐνεργεῖ·
1000 3799 1244 3870 γεωργὸς
1272 3801 1498 3871 ἀόρατος
1526 3801 1624 3869 τῆς
1656 3801 1762 3853 τῶν
1788 3800 1997 3872 άνορώ-

423 3907 540 3943 πων
562 3890 791 3961 τροφῆς,
824 3890 1059 3961 σπορεύς
1082 3888 1331 3962 εὔκαιρος
1369 3892 1463 3945 καὶ
1491 3891 1748 3963 ὀχετηγὸς
1776 3894 2000 3961 ἐπιστή-

425 3998 562 4051 μων.
581 3974 749 4045 Οὗτος
775 3982 904 4053 γάρ,
924 3982 1063 4036 κατά
1092 3982 1180 4036 τὸν
1210 3984 1457 4049 Ἡσαΐαν,
1485 3983 1665 4037 δίδωσι
1684 3985 1901 4054 σπέρμα
1922 3984 1999 4055 τῷ

426 4073 736 4143 σπείροντι,
792 4076 886 4127 καὶ
930 4074 990 4126 τὸ
1021 4074 1163 4145 ὕδωρ
1194 4077 1257 4129 ἐκ
1301 4075 1557 4144 νεφελῶν,
1602 4075 1698 4130 νῦν
1732 4076 1830 4145 μὲν
1867 4078 1998 4147 ἡρε-

426 4164 583 4230 μαῖον
631 4162 939 4234 ὲπιρῤαίνει
975 4165 1040 4234 τῇ
1079 4165 1185 4232 γῇ,
1239 4162 1401 4216 πάλιν
1432 4164 1490 4216 δὲ
1538 4163 1735 4233 λάϐρον
1779 4167 2002 4233 καταχεί

422 4252 529 4305 τῶν
558 4251 832 4305 αὐλάκων.
864 4253 1032 4307 Ὅταν
1058 4253 1113 4306 δὲ
1146 4249 1351 4324 αὐξηθῇ
1382 4252 1452 4305 τὰ
1478 4253 1605 4324 λήῖα
1634 4254 1728 4306 καὶ
1757 4253 2000 4325 παρέλθῃ

424 4343 483 4395 τὸ
511 4343 888 4414 χλοαινόμενον
909 4384 922 4408 ,
974 4343 1075 4407 τὰς
1123 4344 1349 4413 νεφέλας
1381 4342 1765 4407 ἁποσκεδάζων
1790 4345 1884 4397 τοῦ
1913 4346 2002 4398 οὐ-

425 4434 591 4503 ρανοῦ
640 4434 869 4498 παντὸς,
923 4436 1043 4488 τότε
1089 4433 1546 4506 προκαλύμματπ
1585 4434 1789 4505 γυμνὸν
1822 4435 2002 4499 αὐτοῖς

2096 3266 2218 3331 ipso
2276 3260 2680 3315 necessitudine
2744 3258 3057 3325 conjuncta.
3116 3254 3209 3310 Sic
3267 3261 3448 3309 autem
3502 3252 3672 3307 Deum

2098 3352 2275 3420 ipsum
2306 3352 2467 3407 nobis
2495 3351 2762 3415 omnium,
2798 3365 2919 3419 quae
2962 3356 3111 3403 recte
3163 3347 3501 3416 benigneque
3536 3346 3671 3398 laci-

2098 3457 2240 3504 mus,
2261 3442 2529 3511 imprimis
2554 3451 2834 3496 auctorem
2857 3439 3277 3506 eﬂ'ectoremque
3296 3451 3417 3492 esse
3438 3444 3671 3491 constat.

2097 3530 2375 3600 Siquidem
2404 3541 2458 3585 et
2492 3540 2690 3586 terram
2723 3530 3031 3599 procreavit
3061 3537 3115 3584 et
3152 3534 3405 3581 ornatum
3433 3528 3556 3581 caeli
3589 3526 3674 3579 fa-

2098 3624 2345 3677 bricatus
2366 3632 2472 3686 est,
2506 3633 2559 3677 et
2584 3631 2889 3691 temporum
2916 3620 3326 3677 vicissitudines
3365 3618 3578 3682 statuit,
3620 3626 3675 3673 et
3726 3688 3740 3700 '

2098 3713 2231 3767 solis
2280 3714 2516 3767 calorem
2568 3720 2622 3768 et
2669 3712 2879 3783 glaciei.
2916 3712 3332 3782 refrigerantem
3390 3718 3666 3769 naturam,

2099 3802 2280 3857 omnia
2310 3803 2544 3873 denique
2582 3802 2728 3857 Deus
2782 3802 2921 3873 ipse,
2967 3816 3076 3856 non
3112 3800 3240 3863 sibi,
3296 3814 3420 3853 cum
3467 3798 3675 3852 nullius

2101 3895 2297 3949 horum
2329 3895 2589 3965 indigeat,
2622 3894 2718 3951 sed
2775 3894 2934 3949 nobis
2987 3892 3331 3947 continenter
3367 3897 3590 3961 praestat
3624 3898 3675 3943 et

2099 3994 2421 4041 conservat:
2448 4000 2572 4038 nam
2597 3984 2830 4039 mirabili
2851 3985 3086 4054 quadam
3113 3984 3326 4037 ratione
3355 3981 3671 4035 mortalium

2101 4076 2272 4131 aciem
2300 4074 2594 4145 eﬂ‘ugiente
2626 4075 2831 4145 praebet
2876 4075 3193 4129 hominibus
3245 4073 3525 4135 alimenta,
3587 4086 3675 4124 se-

2101 4167 2319 4221 minans
2348 4178 2676 4236 opportune,
2708 4176 2763 4222 et
2796 4168 3033 4223 scienter
3060 4167 3319 4237 irrigans.
3349 4162 3468 4235 Ipse
3499 4163 3672 4224 enim,

2106 4264 2167 4310 ut
2202 4256 2394 4312 scribit
2435 4258 2604 4314 Isaias
2626 4258 2669 4321 ‘,
2701 4259 2795 4313 dat
2823 4274 3009 4315 semen
3057 4259 3282 4319 serenti,
3314 4264 3367 4310 et
3406 4270 3469 4309 ex
3517 4252 3676 4305 nubi-

2102 4348 2206 4403 bus
2238 4364 2386 4404 nunc
2415 4350 2616 4405 sensim
2654 4350 2880 4405 imbrem
2913 4350 3114 4405 emittit
3155 4350 3211 4403 in
3251 4355 3475 4407 terram,
3516 4355 3664 4395 nunc

2105 4446 2285 4494 autem
2318 4441 2596 4495 sulcorum
2632 4442 2801 4496 latera
2853 4450 2907 4497 et
2931 4450 3083 4496 toros
3125 4438 3343 4494 abunde
3376 4431 3670 4505 perfundit.

425 4525 681 4596 ἐφίστησι
701 4524 795 4579 τὸν
826 4525 995 4596 ἥλιον,
1026 4525 1234 4596 θερμὴν
1262 4527 1356 4580 καὶ
1397 4525 1641 4597 ἔμπυρον
1673 4525 1997 4582 διατείνοντα

2102 4531 2170 4584 At
2202 4532 2295 4587 ubi
2338 4540 2549 4603 segetes
2595 4533 2893 4598 creverint,
2946 4541 3001 4587 et
3053 4530 3302 4585 viriditas
3354 4525 3672 4584 accesserit,

424 4614 524 4685 τὴν
553 4614 772 4678 ἀκτῖνα,
808 4613 896 4667 ἴνα
927 4612 1117 4684 ὡραῖοι
1145 4614 1407 4682 γένωνται
1429 4612 1563 4685 πρὸς
1590 4612 1761 4682 τομὴν
1794 4612 1843 4663 οἱ
1876 4611 2001 4665 στά-

425 4722 575 4775 χυες.

2093 4631 2224 4679 tunc
2251 4626 2501 4695 disjectis
2551 4627 2951 4698 dissipatisqne
3002 4624 3264 4688 nubibus,
3307 4621 3376 4676 ab
3414 4616 3675 4673 omnibus

2096 4713 2488 4787 integumentis
2523 4718 2729 4773 nudum
2778 4727 2833 4772 et
2864 4725 3108 4785 apertum
3159 4713 3293 4783 ipsis
3338 4714 3575 4765 ostentat
3622 4712 3676 4759 et

428 4800 676 4855 immittit
713 4801 907 4864 solem,
941 4806 999 4853 ut
1030 4799 1227 4853 calidis
1277 4808 1440 4869 atque
1510 4800 1830 4855 ardentibus
1894 4801 2065 4872 ipsius
2105 4811 2277 4868 radiis
2341 4812 2621 4882 tepefacta
2663 4811 2980 4881 perveniant
3036 4808 3101 4861 ad
3179 4806 3570 4861 maturitatem.
3624 4808 3678 4854 et

427 4905 764 4967 opportunas
793 4895 860 4949 ad
894 4893 1204 4951 metendum
1234 4894 1414 4962 spicas
1440 4893 1759 4949 exhibeant.

497 4988 700 5058 Τρέφει
731 4987 827 5041 καὶ
843 4986 1106 5057 ἄμπελον,
1136 4988 1254 5049 ταῖς
1277 4984 1446 5056 ὥραις
1474 4985 1549 5055 τῷ
1574 4986 1794 5055 διψῶντι
1823 4984 1883 5039 τὸ
1906 5004 2000 5040 πο-

434 5080 515 5132 τὸν
543 5077 912 5147 εὐτρεπίζωΨ
955 5078 1049 5130 καὶ
1095 5076 1293 5145 ἀγέλας
1331 5078 1466 5146 ἡμῖν
1504 5075 1694 5146 τρέφει
1732 5077 2002 5146 διαφόρων

425 5172 621 5239 γενῶν,
644 5171 733 5224 ἵνα
765 5171 987 5243 ὐπάρχῃ
1004 5171 1114 5232 τοῖς
1141 5166 1444 5238 ἀνθρώποις
1475 5167 1701 5238 ἄφθονον
1732 5168 1881 5238 ὄψον,
1905 5169 2001 5222 καὶ

425 5263 536 5315 τῶν
556 5264 655 5334 μὲν
683 5264 738 5317 αἱ
766 5263 939 5335 δοραὶ,
958 5262 1101 5336 ἔριον
1128 5259 1488 5330 γεωργοῦσαι,
1514 5258 1612 5330 τὴν
1636 5259 1841 5330 σκέπην
1866 5277 2001 5331 παρ-

428 5355 615 5425 έχωσι,
667 5356 776 5408 τῶν
822 5355 900 5420 δὲ,
943 5353 1010 5406 τὰ
1041 5351 1365 5422 ὑποδήματα
1401 5351 1530 5420 ἡμῖν
1565 5350 1999 5422 ἀπεργάζωνται.

438 5448 604 5519 Ὁρᾷς
632 5448 715 5501 ὅτι
755 5447 969 5520 πρῶτος
1014 5442 1247 5516 ἐραστὴς
1298 5438 1542 5504 εὐποιίας
1585 5441 1612 5492 ό
1654 5441 1785 5504 Θεὸς
1812 5484 1825 5502 ,
1864 5442 2005 5494 οὕτω

434 5541 648 5611 τρέφων
690 5540 783 5592 τὸν
823 5539 1111 5604 πεινῶντα,
1148 5537 1242 5590 καὶ
1268 5534 1500 5599 ποτίζων
1526 5536 1616 5588 τὸν
1633 5534 1884 5604 διψῶντα,
1915 5534 2007 5586 καὶ

429 5631 734 5701 ἀμφιεννὺς
762 5631 854 5684 τὸν
885 5630 1107 5702 γυμνὸν,
1140 5631 1216 5692 ὡς
1247 5627 1583 5699 προείρηται.

501 5834 522 5856 ⁸
555 5827 661 5882 lsa.
700 5842 787 5889 LV,
824 5828 908 5881 l0.

2178 4984 2361 5051 Quid?
2386 4987 2529 5055 quod
2554 4987 2715 5040 vitem
2748 4987 2911 5040 etiam
2937 4986 3160 5050 enutrit,
3190 4992 3353 5053 atque
3382 4983 3453 5036 ita
3480 4983 3674 5038 idoneo

2108 5084 2352 5146 tempore
2378 5077 2690 5131 sitientibus
2725 5086 2908 5146 potum
2944 5076 3150 5130 tribuit.
3189 5074 3375 5140 Quid?
3410 5075 3553 5143 quod
3583 5090 3675 5128 va-

2108 5166 2191 5220 ria
2227 5165 2352 5219 item
2393 5167 2491 5219 alit
2535 5167 2853 5220 animalium
2891 5182 3112 5235 genera,
3156 5174 3213 5218 ut
3261 5166 3572 5220 hominibus
3619 5169 3673 5219 et

2109 5270 2304 5310 carnes
2337 5256 2403 5310 ad
2431 5245 2792 5319 'vescendum,
2822 5265 2875 5311 et
2917 5257 3103 5326 pelles,
3138 5271 3261 5325 quae
3310 5256 3488 5309 lanam
3542 5270 3673 5323 sup.

2110 5346 2355 5417 pcditant
2380 5347 2445 5401 ad
2471 5346 2883 5416 protegendum,
2902 5354 2957 5401 et
2986 5347 3052 5401 ad
3083 5354 3263 5401 vestes
3285 5344 3672 5407 conﬁciendas.

2108 5445 2164 5493 et
2208 5438 2276 5493 ad
2312 5437 2658 5495 consuendos
2691 5438 2906 5493 calceos
2954 5438 3247 5509 praebeant.
3300 5438 3493 5492 Cernis
3536 5453 3675 5507 quo-

2106 5529 2266 5583 modo
2292 5529 2503 5599 primus
2539 5528 2905 5584 beneﬁcentiae
2934 5537 3123 5584 auctor
3154 5536 3209 5584 et
3231 5529 3385 5599 origo
3414 5528 3487 5583 sit
3508 5526 3670 5590 Deus,

2106 5620 2437 5675 esurientem
2486 5620 2774 5684 nutriens,
2829 5620 3037 5676 sitienti
3092 5620 3331 5692 largiens
3371 5627 3579 5690 potum,
3617 5622 3673 5671 et

2119 5711 2324 5766 nudum
2356 5715 2629 5785 operiens,
2664 5723 2721 5767 ut
2750 5723 2873 5769 ante
2901 5714 3156 5770 diximus.
