4072 6156
411 414 517 474 165

1631 407 1687 466 s.
1724 408 2045 465 cnaconn
2086 373 2373 468 ﬁssam

3546 408 3649 466 46'.

485 537 541 590 Si
576 536 657 592 vis
690 547 865 590 autem
901 532 1224 605 intelligere,
1279 531 1552 604 quomodo
1581 532 1774 588 morbo
1817 532 1969 588 labo-
2000 574 2007 593 ι

2142 540 2205 593 Εί
2225 539 2281 593 δὲ
2303 538 2475 602 θέλεις
2500 536 2750 601 ἀκοῦσαι,
2778 535 2893 599 πῶς
2919 536 3012 589 καὶ
3036 531 3328 605 θεραπεύει
3356 531 3446 586 τὸν
3482 547 3652 584 κεκα-

416 637 622 691 rantes,
648 629 785 682 male
830 625 1072 693 all‘eetos,
1127 633 1289 698 atque
1341 627 1569 683 amictos
1614 632 1790 691 curet,
1828 624 1975 679 audi.

417 720 552 785 Quis
581 734 734 788 apem
767 718 956 773 docuit
988 733 1143 774 ceras
1174 726 1229 774 et
1258 720 1418 774 mella
1448 717 1759 774 coniicere?
1786 715 1922 782 Quis
1950 729 1981 768 e

418 813 568 881 pinu,
599 816 723 880 quis
767 826 798 865 e
839 810 1161 883 terebintho,
1226 813 1348 884 1uis
1382 827 1413 867 e
1451 811 1747 866 mastiches
1788 808 1983 862 arbore

418 901 646 969 pingues
674 900 797 955 illos
844 901 1038 956 resinae
1084 915 1280 957 succos
1313 901 1591 977 destillare
1637 898 1807 955 fecit?
1847 897 1983 964 Quis

420 990 675 1044 ludorum
705 991 985 1061 regionem
1028 992 1312 1048 constituit
1360 993 1633 1046 siccorum
1685 997 1846 1059 atque
1874 988 1985 1043 fra-

419 1081 693 1149 grantium
723 1083 1025 1151 fructuum,
1061 1091 1115 1138 et
1147 1086 1376 1139 odorum
1417 1085 1664 1139 suavium
1708 1083 1986 1137 matrem?

420 1170 553 1236 Quis
577 1172 749 1226 oleam
781 1174 1030 1243 corporis
1056 1174 1338 1229 laboribus
1374 1183 1428 1228 et
1478 1172 1764 1229 doloribus
1797 1173 1983 1242 Opitu-

423 1261 621 1316 lantem
654 1263 1166 1330 procreavit?Quis
1207 1264 1365 1319 nobis
1400 1263 1646 1319 radicum
1693 1269 1749 1317 et
1795 1261 1989 1317 herba-

423 1363 542 1402 rum
583 1349 854 1415 notitiam,
886 1352 1010 1420 quis
1043 1351 1368 1421 qualitatum
1414 1358 1469 1405 et
1506 1349 1728 1416 virium,
1778 1362 1899 1417 quae
1933 1348 1988 1400 in

425 1440 561 1507 ipsis
592 1447 740 1506 sunt,
781 1442 1031 1511 peritiam
1068 1440 1304 1496 tribuit?
1329 1440 1464 1507 Quis
1497 1438 1827 1495 ell‘ectricem
1854 1452 1990 1492 con-

424 1533 889 1603 servatricemque
915 1534 1165 1605 sanitatis
1211 1534 1533 1590 medicinam
1579 1531 1824 1602 reperit?
1857 1530 1991 1597 Quis

426 1625 726 1680 calidarum
754 1641 1017 1696 aquarum
1047 1626 1224 1683 fontes
1252 1627 1443 1684 eduxit
1464 1633 1682 1689 eterra,
1712 1633 1771 1679 ut
1801 1639 1990 1680 earum

426 1715 479 1768 vi
532 1724 645 1769 tum
696 1716 906 1789 frigidis
938 1727 993 1773 et
1046 1717 1319 1783 humidis,
1354 1723 1469 1771 tum
1506 1715 1674 1771 aridis
1704 1722 1760 1771 et
1783 1712 1994 1769 adustis

429 1803 812 1864 affectionibus
840 1816 895 1864 et
921 1808 1129 1864 morbis
1157 1808 1512 1865 medeamur?
1531 1806 1720 1862 Merito
1750 1805 1914 1875 igitur
1941 1812 1995 1857 et

2081 633 2346 702 κωμένον,
2383 629 2618 701 μάνθανε
2642 645 2655 659 ο
2706 627 2802 692 Τίς
2843 626 3046 692 ἐδίδαξε
3070 626 3167 695 τὴν
3203 624 3460 695 μέλισσαν
3488 621 3656 692 ἐργά-

2082 723 2268 789 ζεσθαι
2299 724 2391 778 τὸν
2419 721 2607 794 κηρὸν,
2650 720 2746 774 καὶ
2781 719 2876 774 σὺν
2902 718 3092 788 ἐκείνῳ
3123 716 3183 770 τὸ
3209 715 3368 786 μέλι;
3415 714 3512 776 Τίς
3551 712 3652 783 τὴν

2083 816 2241 870 πίτυν
2273 815 2365 869 καὶ
2390 813 2719 885 τερέϐινθόν,
2772 811 2866 866 καὶ
2896 811 2992 882 τῆς
3036 809 3299 880 μαστίχης
3322 807 3385 860 τὸ
3416 805 3652 875 δένδρον,

2083 912 2173 965 τὸν
2210 909 2438 979 λιπαρὸν
2469 909 2673 961 ἐκεῖνον
2701 904 2872 977 χυμὸν
2909 902 3233 967 ἀποστάζειν
3261 900 3550 971 ἐποίησεν;
3584 894 3654 949 Ἦ

2084 1003 2166 1066 τίς
2210 1001 2308 1073 τὴν
2353 1000 2528 1054 Ἰνδῶν
2557 998 2739 1071 χώραν
2770 994 3168 1068 ἐδημιούργησε
3212 990 3391 1064 ξηρῶν
3430 988 3659 1061 καρπῶν

2064 1093 2179 1146 καὶ
2203 1090 2416 1145 εὐωδῶν
2442 1090 2651 1161 μητέρα
2674 1106 2689 1154 ;
2716 1088 2812 1151 Τίς
2829 1087 2927 1159 τὴν
2957 1085 3140 1139 ἐλαίαν
3168 1080 3536 1151 ἔφυσε,πόνων
3559 1096 3660 1131 σω·

2092 1184 2333 1256 ματικῶν
2383 1183 2475 1236 καὶ
2524 1181 2827 1253 ἀλγηδόνων
2896 1177 3224 1247 ἐπίκουρονς
3300 1172 3397 1236 Τίς
3459 1171 3661 1224 ἔδωκεν

2087 1280 2219 1350 ἡμῖν
2278 1275 2442 1349 ριζῶν
2486 1276 2580 1327 καὶ
2610 1270 2845 1343 βοτανῶν
2879 1268 3186 1338 διάγνωσιν,
3216 1264 3311 1317 καὶ
3340 1262 3449 1316 τῶν
3477 1263 3534 1313 ἐν
3560 1261 3661 1312 αὑ-

2089 1371 2208 1433 ταῖς
2241 1367 2537 1437 ποιοτήτων
2588 1363 2863 1436 μάθησιν;
2922 1361 3018 1423 Τίς
3071 1357 3168 1430 τὴν
3219 1353 3506 1426 ποιητικὴν
3566 1350 3664 1419 τῆς

2092 1459 2279 1529 ὑγείας
2311 1456 2557 1529 ἰατρικὴν
2580 1455 2944 1525 συνεστήσατο
2965 1468 2979 1517 ;
3015 1450 3112 1513 Τίς
3132 1448 3331 1517 ἀνῆκεν
3358 1447 3422 1499 ἐκ
3440 1444 3538 1513 τῆς
3559 1440 3665 1511 γῆς

2094 1552 2311 1623 θερμῶν
2338 1550 2543 1604 ὑδάτων
2573 1549 2774 1619 πηγὰς,
2803 1548 2900 1609 τὰς
2935 1545 3031 1615 μὲν
3053 1543 3114 1596 τὸ
3139 1540 3343 1611 ψυχρὸν
3366 1537 3458 1591 καὶ
3498 1534 3666 1606 ὑγρὸν

2094 1639 2250 1711 ἡμῶν
2297 1637 2568 1708 ίωμένας⁹
2612 1636 2711 1697 τὰς
2763 1634 2819 1687 δὲ
2868 1633 2929 1686 τὸ
2976 1631 3138 1701 ξηρὸν
3173 1629 3208 1699 ἦ
3243 1625 3667 1694 πεπυκνωμένον

2095 1729 2326 1793 λυούσας
2352 1746 2366 1796 ;
2412 1728 2523 1783 Καὶ
2556 1726 2828 1797 προσῆκεν
2861 1724 3129 1793 εὐκαίρως
3155 1721 3327 1773 εἰπεῖν
3364 1717 3460 1770 καὶ
3484 1715 3543 1769 τὸ
3568 1712 3665 1767 τοῦ

2096 1823 2310 1896 Βαρούχ
2341 1841 2354 1854 ο
2420 1818 2608 1886 Οὗτος
2638 1819 2842 1887 ἐξεῦρε
2874 1816 3079 1871 πᾶσαν
3116 1812 3262 1867 ὁδὸν
3305 1808 3666 1877 ἐπιστήμης.

429 1908 732 1968 opportune
787 1907 1029 1970 poteram
1071 1902 1233 1957 verba
1271 1900 1486 1955 Barucb
1535 1913 1840 1968 usurpare:
1893 1896 1995 1952 Hic

2104 1920 2195 1972 καὶ
2237 1916 2458 1970 ἔδωκεν
2495 1913 2688 1982 αὐτὴν
2735 1910 2943 1966 Ἰακὼϐ
2983 1906 3065 1973 τῷ
3110 1904 3275 1959 παιδὶ
3314 1901 3521 1965 αὐτοῦ,
3569 1897 3671 1952 καὶ

433 1989 697 2044 adinvenit
723 2006 927 2046 omnem
953 1992 1087 2045 viam
1124 1990 1440 2060 disciplinis,
1473 1999 1523 2045 et
1571 1988 1799 2042 tradidit
1843 1988 1995 2042 illam

428 2079 592 2133 Iacob
630 2095 790 2147 puero
819 2098 936 2145 suo,
962 2092 1011 2136 et
1039 2081 1211 2137 Israel
1239 2081 1429 2136 dilecto
1451 2097 1545 2135 suo
1568 2080 1609 2134 ⁵.

508 2172 609 2224 Per
657 2170 803 2226 hunc
839 2179 984 2227 artes
1023 2186 1245 2237 omnes,
1294 2187 1415 2241 qua:
1458 2170 1545 2226 vel
1583 2169 1706 2240 igne
1756 2168 1840 2223 vel
1880 2167 2001 2223 sine

431 2264 577 2332 igne,
604 2263 689 2318 vel
738 2265 795 2318 in
833 2264 991 2335 aquis
1036 2271 1392 2328 exercentur,
1426 2264 1662 2317 inventa;
1686 2277 1699 2326 ;
1726 2274 1821 2331 per
1849 2260 1997 2313 hunc

433 2352 677 2408 scientiae
716 2353 1148 2410 innumerabiles
1165 2353 1505 2425 excogitatae,
1533 2361 1591 2407 ut
1617 2351 1755 2406 nihil
1777 2351 2002 2406 omnino

431 2446 572 2500 desit
596 2443 934 2507 hominibus,
967 2445 1111 2515 quod
1144 2444 1214 2498 ad
1245 2443 1613 2514 transigenda:
1650 2444 1776 2499 vitae
1815 2457 2004 2497 neces-

434 2536 651 2591 sitatem
669 2543 732 2592 et
764 2537 1212 2592 commoditatem
1261 2537 1550 2606 pertineat.
1588 2535 1665 2590 Ae
1707 2534 1852 2590 Deus
1882 2535 2006 2602 qui-

433 2627 555 2682 dem
592 2629 696 2682 lioc
723 2628 889 2683 modo
934 2627 1310 2683 beneﬁcentiae
1349 2634 1404 2682 et
1437 2626 1781 2682 liberalitatis
1810 2627 2002 2680 inven-

436 2730 524 2772 tor
566 2725 622 2772 et
650 2716 773 2773 lous
802 2717 984 2772 omnia
1013 2733 1134 2786 quae
1169 2717 1328 2772 nobis
1364 2715 1677 2771 necessaria
1740 2722 1869 2770 sunt
1924 2713 2023 2785 di-.

437 2806 688 2861 tissimus
719 2807 843 2875 ipse
869 2805 1105 2876 benigne
1139 2804 1542 2860 subministrat.

505 2893 618 2950 Nos
644 2902 851 2961 autem,
881 2894 973 2964 qui
1005 2894 1239 2964 singulis
1261 2893 1462 2948 divinae
1498 2893 1795 2965 Scriptura:
1824 2891 2008 2947 verbis

443 2989 507 3043 ad
540 2987 826 3041 hominum
856 2994 910 3040 et
943 2993 1348 3055 procreatorem
1383 2995 1636 3041 nostrum
1681 2984 2007 3039 imitandum

442 3085 757 3150 (quatenus
791 3078 1040 3133 mortalis
1063 3077 1284 3132 beatum
1317 3085 1371 3132 et
1398 3077 1762 3132 immortalem
1804 3075 2008 3130 imitari

2111 2007 2355 2079 Ἰσραὴλ
2386 2005 2465 2071 τῷ
2493 2002 2852 2075 ἠγαπημένῳ
2878 2003 2978 2056 ὑπ’
3013 1998 3218 2054 αὑτοῦ.
3258 2037 3263 2041 ι

2170 2187 2267 2242 Διά
2297 2185 2452 2239 τοῦτο
2490 2183 2676 2255 τέχναι
2721 2181 2956 2252 ἕμπυροι
2976 2219 2990 2243 ,
3033 2178 3129 2232 καὶ
3162 2174 3332 2246 πυρὸς
3359 2173 3546 2244 χωρὶς,
3578 2169 3674 2222 καὶ

2101 2280 2256 2336 ἄλλαι
2300 2277 2506 2348 ἔνυδροι
2528 2315 2541 2341 ,
2579 2275 2672 2328 καὶ
2712 2273 2901 2345 μυρίαι
2932 2271 3039 2324 τῶν
3086 2264 3529 2337 ἐπιτηδευμάτων
3584 2260 3676 2313 εὑ-

2104 2372 2302 2445 ρέσεις,
2337 2370 2423 2424 ἵνα
2449 2369 2569 2431 ταῖς
2592 2365 2685 2420 τοῦ
2715 2364 2828 2436 βίου
2856 2362 3067 2436 χρείαις
3088 2357 3340 2426 ἀνενδεὴς
3372 2358 3406 2427 ἡ
3430 2351 3677 2445 διακονία

2102 2439 2342 2532 γένηται.
2391 2458 2501 2512 Καὶ
2530 2459 2558 2510 ὁ
2595 2455 2694 2526 μέν
2726 2454 2857 2516 Θεὸς
2889 2450 3080 2518 οὕτως,
3119 2448 3147 2501 ὁ
3186 2446 3399 2518 πρῶτος
3429 2442 3527 2512 τῆς
3581 2439 3673 2492 εὑ-

2105 2554 2286 2616 ποιίας
2324 2551 2549 2622 εὑρετὴς
2594 2548 2689 2603 καὶ
2727 2546 2833 2601 τῶν
2879 2546 3010 2616 ἡμῖν
3068 2539 3380 2610 ἀναγκαίων
3421 2535 3677 2596 πλούσιος

2104 2645 2238 2716 ὁμοῦ
2262 2646 2354 2699 καὶ
2385 2662 2447 2696 συ
2456 2640 2671 2713 μπαθὴς
2699 2637 2950 2711 χορηγός.

2189 2908 2379 2977 Ἡμεῖς
2418 2904 2476 2958 δέ
2524 2904 2573 2956 οἱ
2612 2901 2733 2956 καθ’
2773 2900 3002 2954 ’ἑκαστον
3048 2895 3283 2970 γράμμα
3323 2891 3423 2962 τῆς
3460 2888 3683 2963 Γραφῆς

2110 2999 2514 3068 παιδευόμενοι,
2559 2993 2752 3066 ζηλοῦν
2796 2992 2887 3046 τὸν
2941 2990 3145 3044 ἑαυτῶν
3193 2987 3395 3058 Κύριον
3440 2982 3534 3036 καὶ
3580 2983 3685 3053 Δη-

2115 3089 2392 3161 μιουργὸν,
2442 3086 2562 3140 καθ’
2590 3087 2711 3140 ὅσον
2735 3083 2813 3155 τῷ
2854 3081 3031 3153 θνητῷ
3068 3084 3102 3152 ἠ
3149 3079 3239 3133 τοῦ
3274 3075 3544 3148 μακαρίου
3589 3072 3687 3125 καὶ

443 3173 663 3242 potest)
694 3170 1055 3235 instituimur,
1087 3169 1155 3224 ad
1202 3169 1494 3224 utilitatem
1544 3175 1792 3224 nostram
1827 3167 2007 3222 omnia

2115 3181 2381 3237 ἀθανάτου
2411 3178 2639 3250 μίμησις
2669 3174 2883 3246 ἐφικτὴ,
2921 3174 3098 3227 πάντα
3131 3168 3521 3242 παρασύρομεν
3551 3162 3685 3233 πρὸς

445 3263 712 3334 rapimus,
745 3261 930 3317 omnia
968 3260 1342 3331 voluptatibus
1375 3259 1580 3316 nostris
1629 3258 1909 3325 metimur,
1959 3267 2014 3313 et

446 3357 553 3410 alia
596 3354 815 3425 quidem
844 3355 968 3409 vitae
1008 3361 1211 3409 nostra:
1262 3354 1478 3409 deliciis
1531 3353 1854 3424 elargimur,
1908 3352 2015 3406 alia

447 3446 794 3505 recondimus
844 3447 1119 3503 haeredum
1170 3446 1437 3503 aviditati.
1489 3445 1816 3503 Miserorum
1886 3459 2016 3500 vero

449 3541 597 3595 nulla
620 3540 855 3595 habetur
890 3540 1051 3604 ratio,
1094 3539 1244 3594 nulla
1273 3553 1571 3609 pauperum
1615 3536 1812 3592 idonea
1859 3551 2015 3601 cura,

446 3634 596 3687 nulla
625 3631 955 3688 sollicitudo.
984 3630 1028 3686 Ο
1059 3630 1308 3686 crudeles
1342 3631 1556 3687 animos
1583 3631 1597 3684 ἓ
1623 3628 1668 3685 Ο
1700 3636 1914 3684 mentes
1945 3628 2014 3683 ab

448 3723 597 3778 omni
620 3724 997 3780 misericordia
1028 3723 1270 3778 alienas!

524 3811 697 3865 Homo
731 3811 1008 3866 hominem
1031 3809 1178 3864 videt
1207 3817 1456 3879 egentem
1480 3823 1642 3879 pane,
1670 3824 1781 3864 non
1814 3808 2021 3865 haben-

453 3910 560 3954 trm
608 3901 866 3955 alimenta
914 3900 1037 3953 vitae
1073 3899 1427 3960 necessaria,
1478 3915 1654 3969 neque
1697 3911 1880 3956 tamen
1936 3900 2017 3954 illi

454 3996 708 4057 prompto
734 3988 1015 4056 alacrique
1039 3988 1221 4043 animo
1243 3989 1517 4054 subvenit,
1539 3998 1594 4045 et
1621 3991 1850 4046 salutem
1882 4007 2035 4060 βιαιο.

458 4079 577 4144 bet;
605 4077 698 4132 sed
719 4078 871 4131 illum
890 4077 1142 4146 despicit,
1159 4085 1213 4133 et
1229 4086 1488 4150 tanquam
1502 4080 1766 4137 virentem
1781 4082 2021 4153 plantam

458 4184 720 4238 aquarum
763 4170 986 4238 penuria
1018 4170 1148 4226 sinit
1194 4185 1486 4227 arescere:
1541 4174 1844 4243 praesertim
1895 4188 2022 4229 eum

2114 3275 2213 3345 τὴν
2245 3271 2450 3326 οἰκείαν
2491 3269 2819 3323 ἀπόλαυσιν·
2853 3266 2947 3320 καὶ
2973 3264 3041 3318 τά
3074 3263 3173 3335 μὲν
3210 3264 3275 3332 τῇ
3303 3257 3508 3313 ἑαυτῶν
3552 3256 3690 3345 ἀπο-

2116 3344 2317 3436 κληροῦ
2327 3381 2424 3435 μεν
2447 3361 2583 3432 ζωῇ,
2604 3360 2671 3413 τὰ
2693 3360 2749 3412 δὲ
2770 3357 3123 3429 κληρονόμοις
3151 3372 3215 3407 τα
3226 3348 3540 3424 μιευόμεθα.
3564 3344 3688 3397 Τῶν

2115 3460 2171 3514 δὲ
2204 3455 2656 3529 δυσπραγούντων
2691 3453 2845 3522 λόγος
2874 3451 3066 3513 οὐδεὶς,
3101 3447 3219 3501 οὑδὲ
3248 3445 3355 3498 τῶν
3378 3439 3689 3511 πενομένων

2117 3549 2294 3619 ἀγαθὴ
2320 3547 2577 3619 μέριμνα.
2612 3544 2675 3595 Ὢ
2701 3542 2798 3612 τῆς
2824 3537 3083 3611 ἀνηλεοῦς
3111 3534 3370 3607 γνώμηςί

2194 3807 2509 3879 ’Ἄνθρωπος
2553 3804 2835 3875 ἄνθρωπον
2874 3803 2995 3873 ὁρᾷ,
3039 3802 3203 3872 ἄρτου
3247 3799 3556 3869 πενόμενον,
3598 3795 3694 3849 καὶ

2120 3899 2218 3971 τὴν
2249 3896 2548 3966 ἀναγκαίαν
2592 3894 2905 3965 ζωπύρησιν
2943 3894 3041 3963 τῆς
3084 3892 3289 3962 τροφῆς
3332 3891 3434 3943 οὑκ
3480 3887 3690 3957 ἔχοντα’
3726 3920 3735 3926 -

2121 3992 2220 4044 οὑκ
2245 3990 2476 4059 ἐπαρκεῖ
2500 3986 2556 4040 δὲ
2589 3985 2901 4058 προθύμως,
2934 3983 3026 4037 καὶ
3055 3982 3232 4054 ὀρέγει
3261 3980 3360 4051 τὴν
3398 3978 3693 4049 σωτηρίαν,

2123 4080 2259 4136 ἀλλά
2291 4079 2541 4149 περιορᾷ,
2570 4071 2680 4130 οἷόν
2715 4094 2767 4130 τι
2794 4075 2959 4145 φυτὸν
2998 4074 3219 4137 εὐθαλὲς
3260 4072 3464 4125 ὑδάτων
3494 4069 3697 4138 ἀπορία

2124 4173 2370 4237 ἐλεεινῶς
2410 4170 2797 4243 ξηραινόμενον
2824 4185 2837 4198 ’
2889 4169 2983 4221 καὶ
3032 4165 3207 4221 ταῦτα
3261 4160 3697 4234 πλημμυροῦσαν

457 4261 708 4316 maximis
739 4260 967 4315 inundet
994 4261 1131 4331 ipse,
1159 4271 1323 4333 atque
1354 4263 1702 4318 circumﬂuat
1735 4264 1931 4335 copiis,
1964 4276 2007 4319 ut

2124 4266 2260 4337 ἔχων
2286 4265 2385 4336 τὴν
2428 4262 2708 4332 ἀφθονίαν,
2756 4260 2849 4314 καὶ
2887 4259 3099 4322 πολλοῖς
3143 4254 3486 4327 ἐποχετεύειν
3535 4250 3698 4304 δυνά-

456 4368 520 4408 ex
551 4368 647 4407 sua
673 4351 1005 4407 abundantia
1025 4352 1184 4408 facile
1207 4354 1501 4409 multarunt
1532 4355 1771 4425 inopiam
1800 4356 2007 4411 reﬁcere

2129 4374 2288 4428 μενος
2313 4356 2412 4427 τὴν
2441 4354 2549 4408 ἀπὸ
2569 4353 2674 4406 τῶν
2700 4351 3049 4422 ὑπαρχόντων
3073 4347 3442 4419 παραμυθίαν.
3477 4344 3565 4406 Ὠς
3592 4342 3702 4412 γὰρ

455 4452 510 4498 et
564 4459 810 4498 recreare
854 4446 1048 4513 possit.
1088 4444 1560 4510 Quemadmodum
1605 4446 1753 4501 enim
1802 4461 1865 4502 ex
1914 4461 2007 4505 unt

2134 4451 2261 4521 μιᾶς
2294 4448 2479 4517 πηγῆς
2513 4445 2767 4518 ἐπιρροὴ,
2794 4442 2993 4506 πολλὰς
3016 4440 3271 4521 πεδιάδας
3308 4436 3704 4507 ἀνηπλωμένα;

458 4534 605 4591 fonte
636 4535 912 4605 profluens
948 4551 1087 4607 aqua
1120 4537 1318 4593 multas
1348 4551 1667 4607 camporum
1699 4537 1857 4607 longe
1892 4538 2007 4594 late

2132 4516 2735 4601 πιαίνειέοὺτωςήκαὶ
2785 4536 2913 4606 μιᾶς
2965 4535 3141 4598 οίκίας
3170 4516 3449 4603 ἐὺπορία,
3499 4529 3705 4598 δήμους

455 4642 563 4695 que
601 4636 888 4696 protensas
921 4628 1171 4698 planities
1186 4626 1457 4684 ieeundas
1475 4635 1531 4682 et
1562 4629 1759 4685 uberes
1793 4629 1975 4686 reddit

2133 4632 2377 4702 πενήτων
2406 4628 2626 4699 ἐξαρκεῖ
2653 4624 3042 4690 διασώσασθαι,
3080 4624 3236 4694 μόνον
3275 4621 3370 4675 ἐὰν
3409 4621 3481 4690 μὴ
3511 4617 3706 4688 γνώμη

455 4718 537 4772 sic
563 4718 727 4774 unius
763 4717 959 4774 domus
974 4719 1254 4788 opulentia
1284 4720 1691 4776 multitudinem
1719 4736 2007 4793 pauperun

2133 4721 2388 4793 φειδωλὸς
2415 4718 2509 4772 καὶ
2549 4717 2931 4787 ἀκοινώνητος,
2976 4717 3052 4779 ὡς
3095 4715 3239 4779 λίθος
3287 4712 3602 4786 ἐμπεσοῦσα
3638 4713 3705 4782 τῇ

456 4825 519 4865 ex
548 4813 807 4880 egestatis
841 4811 1111 4881 angustiis
1142 4811 1355 4883 eripere
1394 4822 1573 4883 potest
1601 4821 1656 4869 et
1687 4825 2007 4881 sustentare,

2130 4810 2366 4884 διεξόδῳ,
2393 4811 2492 4883 τὴν
2529 4809 2791 4883 ἐπιρῤοὴν
2822 4807 3244 4879 ἀνακρούσηται.

458 4902 618 4958 modo
649 4920 717 4960 ne
754 4919 952 4973 parcus
987 4911 1040 4960 et
1069 4920 1266 4961 avarus
1292 4906 1507 4963 animus
1533 4908 1703 4964 veluti
1760 4910 2049 4981 prolapsus
2083 4910 2223 4981 lapis
2268 4918 2437 4962 venas
2481 4911 2536 4958 et
2611 4902 2816 4958 rivulos
2874 4916 2905 4957 e
2954 4900 3307 4973 benignitate,
3376 4904 3638 4965 tanquam
3678 4910 3712 4949 e

456 4996 611 5051 fonte
662 4999 878 5067 publice
942 4998 1261 5064 deﬂuentes,
1321 5007 1532 5056 avertat
1588 5012 1751 5072 atque
1789 5004 2122 5074 intercipiat.

529 5085 607 5142 Ne
638 5087 885 5143 vivamus
918 5088 1071 5143 carni
1102 5090 1159 5144 in
1192 5089 1356 5144 rebus
1381 5091 1636 5147 omnibus
1663 5113 1674 5146 :
1734 5094 1788 5147 in
1843 5095 2007 5163 aliqu:

2203 5090 2294 5162 Μὴ
2320 5091 2496 5145 πάντα
2516 5091 2581 5160 τῇ
2612 5088 2805 5158 σαρκί·
2831 5086 3083 5157 ζήσωμεν
3106 5102 3156 5138 τι
3185 5083 3276 5138 καὶ
3303 5082 3383 5153 τῷ
3410 5080 3548 5151 Θεῷ.
3577 5082 3714 5151 Τρο-

458 5178 706 5232 vivamus
744 5188 799 5234 et
835 5178 961 5235 Deo.
1002 5179 1217 5236 Deliciae
1257 5180 1405 5235 enim
1442 5182 1745 5251 epularum,
1793 5200 1913 5254 qum
1973 5185 2007 5239 it

2134 5184 2242 5253 φῆς
2292 5182 2389 5252 μὲν
2438 5180 2545 5250 γὰρ
2590 5178 2842 5250 αἴσθησις
2889 5178 2983 5231 καὶ
3037 5176 3354 5239 ἀπόλαυσις,
3382 5173 3565 5240 ὀλίγον
3612 5173 3714 5241 τῆς
3762 5222 3769 5227 ,

458 5276 705 5323 ventrem
749 5267 1155 5338 ingrediuntur,
1204 5270 1475 5325 tantulum
1533 5272 1829 5343 voluptatis
1875 5289 2005 5329 carn

2134 5273 2334 5343 σαρκός
2368 5272 2553 5342 μόριον
2603 5269 2910 5342 θεραπεύει,
2934 5271 3031 5340 τὴν
3082 5268 3357 5339 φάρυγγα·
3403 5268 3469 5336 τῇ
3514 5264 3716 5334 γαστρὶ

460 5359 729 5415 duntaxat
756 5358 953 5417 alierre
990 5369 1244 5431 possunt,
1280 5363 1601 5432 quantulum
1635 5372 1722 5420 est
1745 5365 1877 5419 illud
1907 5381 2032 5435 spa-

459 5449 621 5512 tium,
657 5464 766 5519 quo
793 5449 978 5506 fauces
1006 5452 1377 5508 continentur.
1414 5451 1548 5505 Nam
1580 5454 1743 5508 simul
1779 5468 1941 5522 atque
1970 5455 2026 5508 in

463 5546 707 5595 ventrem
736 5541 971 5610 delapsa:
994 5551 1142 5605 sunt,
1196 5551 1543 5611 putrescunt,
1577 5550 1631 5596 et
1669 5558 1765 5612 per
1800 5543 2030 5599 inferio‘

466 5646 556 5687 res
568 5637 749 5700 partes
776 5632 1058 5686 secedunt.
1078 5632 1453 5688 Misericordia
1479 5647 1606 5688 vero
1638 5643 1693 5689 et
1725 5632 2031 5689 beneﬁcen-

537 5811 557 5843 ⁸
587 5808 820 5864 Barucb.
862 5826 943 5876 ιιι,
974 5812 1061 5867 57.

2134 5363 2190 5416 δὲ
2228 5363 2327 5426 τὰς
2374 5363 2504 5425 ὕλας
2550 5364 2858 5434 ἐνσήψασα,
2899 5361 3048 5424 τέλος
3091 5361 3204 5431 ἔχει
3257 5359 3347 5412 τὸν
3400 5357 3712 5427 ἀφεδρῶνα.

2140 5455 2330 5517 Ἔλεος
2357 5455 2415 5507 δὲ
2454 5455 2549 5507 καὶ
2577 5454 2808 5518 εὐποιία,
2844 5453 2962 5523 Θεῷ
2995 5453 3053 5505 τέ
3082 5453 3187 5505 εἱσι
3222 5450 3523 5521 πράγματα
3559 5448 3711 5517 φίλα,

2140 5545 2234 5597 καὶ
2261 5538 2415 5615 ᾧπερ
2442 5545 2507 5599 ἂν
2536 5546 2883 5617 ἐνοικήσωσιν
2924 5543 3215 5613 ἀνθρώπῳ,
3264 5543 3477 5595 θεοῦσιν
3526 5540 3711 5599 αὑτὸν.

2142 5637 2237 5688 καὶ
2291 5636 2426 5706 πρὸς
2485 5637 2714 5708 μίμησιν
2774 5634 3115 5691 ἁποτυποῦσι
3173 5634 3266 5688 τοῦ
3324 5632 3568 5702 ἀγαθοῦ,
3623 5632 3710 5682 ἵνα
