4072 6156
456 210 558 268 485

1614 222 1703 279 DE
1738 222 2176 286 PAUPERIBUS
2208 230 2535 289 amamus.
2629 212 2633 217 ’

3592 232 3708 291 46!}

454 328 665 428 ὑπάρχῃ
710 330 874 428 εἰκὼν
912 332 1011 428 τῆς
1042 336 1264 409 πρώτης
1293 340 1387 393 καὶ
1417 341 1696 414 ἀκηράτου
1721 346 1815 399 καὶ
1844 346 2011 401 πάντα

2123 350 2197 403 tia
2228 351 2460 409 virtutes
2498 363 2629 410 sunt
2657 356 2768 412 Deo
2798 355 3148 428 gratissimae:
3171 332 3293 427 qua:
3319 356 3365 414 si
3388 340 3548 426 cujus
3579 357 3700 411 ani~

451 422 571 475 νοῦν
603 422 1034 496 ὐπερῦαινούσης
1053 428 1256 492 οὐσίας.
1283 431 1391 501 Τῆς
1416 432 1471 486 δὲ
1502 435 1737 506 σπουδῆς
1764 436 1822 490 τὸ
1850 437 2017 509 πέρας

452 516 628 566 ὁποῖον
663 515 967 582 ἐγγυῶνται
991 535 1007 584 ;

2128 456 2275 497 mum
2301 445 2648 513 incoluerint,
2678 464 2800 504 eum
2840 450 3084 505 divinum
3117 449 3377 516 efﬁciunt,
3401 457 3456 503 et
3483 463 3699 503 summo

2138 530 2215 583 illi
2250 531 2393 587 bono
2430 550 2592 604 quam
2642 537 2979 593 simillimum
3014 537 3269 604 reddunt,
3306 538 3444 593 adeo
3485 548 3547 591 ut
3585 536 3697 605 pri—

448 606 731 703 maeillius
758 618 922 677 atque
944 612 1272 669 immortalis
1305 623 1359 671 et
1395 626 1627 674 mentem
1662 636 1878 677 omnem
1921 624 2234 692 superantis
2292 634 2500 683 natura:
2532 629 2825 686 decoretur
2855 631 3115 703 imagine.
3172 631 3241 684 At
3300 631 3516 702 qualern
3583 636 3699 683 stu-

447 696 524 748 dii
559 696 872 769 laborisque
910 700 1068 757 finem
1102 705 1465 773 pollicentur?

530 788 792 844 Ἐνταῦθα
826 793 927 863 μὲν
970 795 1140 866 καλὴν
1175 797 1385 864 ἐλπίδα,
1437 804 1531 858 καὶ
1560 804 1886 875 προσδοκίαν
1926 807 2018 858 εὐ-

446 879 773 949 φραίνουσαν
798 897 811 911 ·
864 884 921 935 ἐν
967 884 1024 938 δὲ
1065 889 1176 950 τοῖς
1225 887 1442 957 ἔπειτα,
1494 892 1621 947 ὅταν
1662 894 1759 964 τὴν
1794 894 2022 966 ῥέουσαν

445 968 646 1040 ταύτην
671 971 1175 1044 ἀποσκευασάμενοι
1198 978 1396 1050 σάρκα,
1422 981 1520 1054 τὴν
1550 983 1854 1057 ἀφθαρσίαν
1892 1002 2021 1056 μετ-

446 1057 808 1129 ενδυσὼμεθα,
854 1065 1128 1135 μακαρίαν
1191 1067 1367 1139 ζωὴν,
1411 1071 1642 1144 ἄληκτον
1688 1076 1782 1129 καὶ
1824 1075 2022 1129 ἀνώλε-

445 1147 594 1219 θρον,
632 1151 689 1203 ἐν
734 1151 1073 1224 θαυμασταῖς
1102 1174 1211 1211 τισι
1244 1161 1338 1213 καὶ
1379 1161 1474 1217 νῦν
1505 1165 1565 1217 οὐ
1593 1166 2023 1237 γινωσκομέναις

444 1241 572 1310 ἡμῖν
602 1241 917 1308 εὐπαθείαις
949 1246 1410 1320 ηὐτρεπισμένην.

506 1409 722 1463 Οὐκοῦν
746 1412 795 1464 οί
828 1412 1033 1482 λογικοὶ
1064 1416 1392 1483 κτισθέντες,
1420 1421 1514 1475 καὶ
1540 1421 1631 1474 τὸν
1652 1421 1775 1476 νοῦν
1808 1422 2018 1493 ἔχοντες

440 1497 548 1551 τῶν
576 1498 734 1555 θείων
762 1503 1004 1575 ἑρμηνέα
1046 1507 1138 1560 καὶ
1164 1508 1475 1581 παιδευτὴν,
1512 1511 1584 1581 μὴ
1611 1515 1723 1576 τοῖς
1754 1514 2016 1585 προσκαί-

2195 801 2352 857 Nunc
2369 804 2590 874 quidem
2621 806 2938 876 praeclaram
2972 798 3147 877 spem,
3169 815 3224 863 et
3255 807 3456 862 laetitiae
3483 808 3695 877 plenam

2123 895 2619 964 exspectationem;
2655 907 2777 966 post
2809 904 2990 952 autem
3027 898 3247 968 quando
3284 897 3444 953 istius
3475 898 3698 952 assidue

2121 980 2342 1040 fluentis
2369 987 2555 1042 carnis
2593 988 2784 1057 spoliis
2812 988 2961 1044 exuti
2996 987 3462 1043 immortalitatem
3504 987 3697 1042 indue-

2122 1073 2318 1141 rimus,
2370 1076 2538 1130 vitam
2584 1076 2820 1142 beatam,
2879 1077 3088 1131 nullum
3147 1076 3309 1131 finem
3363 1076 3693 1141 habituram,

2122 1165 2290 1221 nullis
2326 1167 2487 1223 malis
2513 1166 2832 1233 obnoxiam,
2861 1168 2919 1222 in
2961 1166 3191 1222 summis
3232 1175 3286 1221 et
3335 1167 3693 1230 admirandis,

2121 1271 2352 1327 qumque
2384 1259 2473 1314 hic
2526 1275 2555 1313 a
2601 1261 2760 1315 nobis
2800 1259 3112 1330 cognitione
3147 1257 3533 1326 comprehendi
3584 1273 3694 1311 non

2116 1354 2370 1418 possunt,
2406 1359 2716 1406 versantem
2749 1351 2961 1421 gaudiis
2987 1356 3042 1406 et
3086 1339 3476 1419 voluptatibus.

2190 1438 2300 1496 Vos
2335 1440 2524 1510 igitur,
2551 1443 2645 1513 qui
2680 1442 2891 1498 ratione
2912 1440 3148 1513 praediti,
3185 1448 3241 1495 et
3272 1449 3454 1494 mente
3506 1456 3690 1495 rerum

2115 1527 2425 1584 divinarum
2456 1532 2754 1602 interprete
2772 1547 2844 1615 pc
2867 1533 3130 1602 magistra
3165 1531 3408 1585 decorati
3437 1531 3593 1593 estis,
3618 1546 3695 1583 ~ne

439 1606 558 1699 ραις
584 1590 923 1699 δελεασθῆτε.
970 1597 1255 1667 Κτήσασθε
1281 1599 1336 1653 δὲ
1361 1599 1429 1653 τά
1457 1602 1724 1671 μηδέποτε
1750 1604 2011 1674 καταλιμ-

2115 1618 2366 1691 (quaeso)
2393 1636 2488 1675 vos
2529 1636 2710 1699 rerum
2750 1590 3020 1689 ffuxarum
3067 1631 3121 1675 et
3160 1620 3495 1675 caducarum
3544 1618 3695 1671 blan-

438 1680 679 1736 πάνοντα
714 1681 804 1735 τὸν
850 1685 1189 1756 κτησάμενον
1213 1704 1225 1718 ·
1273 1689 1489 1760 ὁρίσατέ
1527 1690 1700 1764 μέτρα
1724 1696 1789 1765 τῇ
1821 1697 2012 1767 χρήσει

434 1769 530 1823 τοῦ
563 1771 698 1839 βίου.
733 1772 825 1845 Μὴ
868 1776 1050 1830 πάντα
1081 1778 1323 1852 ὑμέτερα
1350 1796 1364 1812 ο
1393 1780 1529 1835 ἀλλά
1559 1784 1720 1853 μέρος
1748 1784 1887 1839 έστω
1920 1787 2013 1840 καὶ

434 1864 545 1916 τῶν
591 1866 840 1936 πενήτων
892 1867 999 1920 τῶν
1029 1870 1328 1941 ἀγαπητῶν
1361 1871 1456 1926 τοῦ
1491 1874 1645 1929 Θεοῦ.
1695 1876 1881 1931 Πάντα
1905 1878 2012 1950 γὰρ

433 1955 529 2008 τοῦ
561 1956 696 2009 Θεοῦ
738 1956 830 2010 τοῦ
863 1960 1041 2014 κοινοῦ
1070 1961 1299 2034 Πατρός.
1354 1964 1543 2035 Ἡμεῖς
1576 1966 1632 2019 δὲ
1679 1966 1897 2037 ἀδελφοὶ
1937 1969 2012 2032 ὡς

430 2045 714 2115 ὁμόφυλοι·
732 2046 992 2117 ἀδελφοὺς
1012 2049 1086 2116 δὲ,
1104 2051 1163 2104 τὸ
1186 2055 1284 2122 μὲν
1306 2054 1522 2125 ἄριστον
1540 2056 1632 2110 καὶ
1656 2057 2011 2130 δικαιότερον,

432 2138 559 2189 κατ’
595 2137 895 2207 ἰσομοιρίαν
929 2139 1214 2210 λαγχάνειν
1260 2142 1353 2196 τοῦ
1388 2144 1607 2217 κλήρου.
1671 2148 1759 2200 Ἐν
1784 2147 1839 2200 δέ
1864 2147 2012 2213 τάξει

425 2225 685 2298 δευτέρᾳ,
731 2226 832 2281 κάν
859 2228 920 2281 τὸ
947 2230 1107 2283 πλέον
1139 2226 1275 2304 εἷςῆ
1307 2233 1556 2307 δεύτερος
1604 2238 2007 2308 σφετερίσηται,

423 2315 498 2366 τὸ
523 2314 654 2384 γοῦν
684 2316 848 2389 μέρος
874 2319 1280 2391 κερδανέτωσαν
1302 2325 1351 2377 οί
1384 2324 1713 2397 λειπόμενοι.
1744 2328 1809 2382 El
1838 2329 1895 2382 δέ
1925 2347 2010 2394 τις

423 2407 668 2461 καθόλου
711 2409 899 2481 κύριος
927 2406 1067 2466 εἶναι
1100 2414 1207 2467 τῶν
1242 2415 1458 2471 πάντων
1488 2418 1680 2484 ἐθέλοι,
1724 2421 1817 2474 καὶ
1839 2420 2008 2491 αὐτῆς

422 2498 533 2570 τῆς
576 2499 827 2571 τρίτηςῆ
866 2503 1122 2574 πέμπτης
1169 2507 1363 2577 μοίρας
1393 2508 1651 2580 ἐξείργων
1694 2512 1817 2573 τοὺς
1858 2511 2013 2564 ἀδελ-

422 2591 590 2660 ςροὺς,
614 2583 767 2656 οὗτος
797 2594 991 2665 πικρὸς
1019 2594 1300 2665 τύραννος,
1341 2599 1611 2672 βάρϐαρος
1641 2602 2018 2669 ἀδιάλλακτος,

421 2682 621 2753 θηρίον
650 2682 952 2755 ἄπληστον,
991 2688 1149 2757 μόνον
1180 2688 1352 2759 ἡδέως
1397 2694 1711 2763 περιχαίνον
1739 2696 1805 2764 τῇ
1839 2694 2010 2767 θοίνῃ,

425 2774 637 2844 μᾶλλον
663 2774 720 2829 δὲ
767 2777 859 2830 καὶ
905 2778 1084 2832 αὐτῶν
1114 2781 1446 2852 ἀγριώτερος
1469 2784 1578 2837 τῶν
1608 2784 1810 2856 θηρίων
1834 2804 1849 2819 ο
1897 2786 2012 2855 εἴγε

421 2865 596 2928 λύκος
621 2867 719 2937 μὲν
741 2868 831 2922 τὸν
855 2868 1017 2924 λύκον
1036 2873 1116 2935 εἰς
1139 2872 1304 2944 βορὰν
1332 2874 1714 2945 παραδέχεται,
1739 2878 1832 2930 καὶ
1853 2877 2012 2942 κύνες

2112 1709 2261 1767 ditiis
2286 1711 2527 1777 deliniri,
2554 1696 2609 1767 et.
2639 1719 2900 1783 tanquam
2934 1726 3060 1768 esca
3092 1711 3225 1765 illici
3256 1722 3311 1765 et
3356 1711 3478 1779 capi
3520 1711 3693 1779 patia-

2110 1798 2265 1854 mini.
2318 1797 2759 1870 Complectimini
2807 1816 2956 1869 eum,
3022 1802 3117 1870 qui
3196 1799 3569 1870 possidentem
3636 1815 3694 1854 se

2110 1903 2388 1958 nunquam
2418 1898 2500 1945 est
2543 1890 2943 1957 derelicturus;
2989 1891 3119 1945 usui
3154 1890 3282 1945 vita:
3320 1889 3540 1944 modum
3589 1890 3691 1942 im—

2112 1978 2316 2048 ponite.
2351 1978 2430 2035 Ne
2453 1981 2636 2034 omnia
2679 1989 2863 2036 vestra
2887 1981 3222 2036 existimate.
3262 1979 3345 2034 Sit
3375 1996 3504 2049 pars
3528 1981 3692 2035 etiam

2112 2085 2433 2141 pauperum,
2468 2079 2523 2125 et
2556 2072 2859 2126 amicorum
2897 2070 3015 2126 Dei.
3049 2069 3204 2127 Illius
3234 2073 3380 2126 enim
3406 2086 3534 2126 vere
3565 2077 3694 2126 sunt

2109 2162 2317 2228 omnia,
2351 2177 2515 2232 quem
2542 2162 2810 2219 habemus
2840 2161 3080 2220 Patrem.
3113 2161 3225 2217 Nos
3261 2169 3445 2217 autem
3491 2160 3694 2215 fratres

2111 2268 2321 2308 sumus.
2351 2251 2698 2324 Quapropter
2730 2261 2790 2309 ut
2820 2269 3019 2325 genere
3040 2254 3369 2324 coniunctos
3400 2268 3464 2307 ae
3493 2253 3695 2308 fratres

2110 2344 2310 2399 melius
2371 2344 2593 2415 quidem
2651 2359 2716 2401 ac
2769 2345 2976 2415 justins
3036 2353 3156 2402 erat
3212 2345 3385 2416 aequis
3442 2343 3695 2414 partibus

2110 2447 2335 2489 cernere
2387 2434 2799 2492 haereditatem:
2862 2450 3050 2491 verum
3116 2435 3339 2506 quando
3380 2435 3431 2489 id
3489 2434 3694 2489 factum

2112 2536 2225 2578 non
2257 2532 2362 2586 est.
2391 2525 2486 2580 sed
2520 2540 2663 2580 unus
2695 2532 2791 2580 aut
2821 2525 2959 2581 alter
2980 2525 3104 2595 plus
3131 2524 3462 2589 intervertit,
3495 2523 3694 2592 reliqui

2111 2624 2317 2684 partem
2357 2630 2521 2670 unam
2561 2616 2753 2671 saltem
2784 2615 3095 2686 accipiant:
3134 2615 3280 2686 quod
3324 2614 3368 2669 si
3405 2616 3529 2685 quis
3574 2629 3693 2667 om-

2124 2707 2278 2759 nium
2308 2720 2531 2775 prorsus
2559 2721 2682 2763 esse
2715 2706 2973 2764 dominus
3005 2714 3058 2762 et
3092 2706 3403 2762 universam
3433 2705 3545 2759 vult
3586 2710 3695 2758 th-

2111 2796 2400 2851 reditatem
2435 2804 2706 2863 avertere,
2737 2804 2791 2852 et
2832 2798 2997 2852 tertia
3035 2803 3129 2850 aut
3165 2796 3355 2866 quinta
3389 2802 3543 2865 parte
3584 2793 3694 2847 fra-

2112 2892 2224 2941 tres
2270 2886 2586 2951 excludere,
2638 2887 2729 2942 ille
2787 2886 2957 2941 frater
2988 2902 3095 2941 non
3127 2895 3233 2953 est,
3297 2885 3391 2941 sed
3453 2884 3688 2940 acerbus

421 2958 492 3009 ὲν
518 2956 700 3028 ταύτῷ
737 2960 920 3014 πολλοὶ
951 2961 1009 3016 ἐν
1041 2964 1407 3033 σπαράττουσι
1459 2965 1617 3036 σῶμα
1646 2984 1660 2998 ο
1696 2969 1724 3021 ὁ
1750 2967 1808 3021 δὲ
1837 2967 2009 3039 ἄπλη-

2115 2986 2404 3048 tyrannus,
2432 2978 2662 3033 immitis
2688 2978 2981 3044 barbarus,
3017 2979 3128 3033 imo
3164 2992 3295 3035 vero
3342 2976 3685 3046 inexplebilis

424 3064 561 3111 στος
588 3049 776 3105 οὐδένα
808 3052 915 3105 τῶν
938 3054 1221 3124 ὁμοφύλων
1279 3056 1360 3118 είς
1385 3057 1484 3126 τὴν
1518 3058 1807 3127 μετουσίαν
1835 3077 2013 3130 παρα-

420 3141 701 3212 λαμϐάνει
735 3143 827 3198 τοῦ
856 3145 1103 3199 πλούτου.
1151 3148 1337 3216 Ἀρκεῖ
1366 3164 1448 3200 σοι
1477 3148 1510 3218 ή
1544 3147 1853 3220 σύμμετρος
1879 3152 2012 3223 τρά-

423 3235 596 3300 πεζα.
631 3237 722 3308 Μὴ
760 3238 894 3309 πρὸς
920 3237 980 3291 τὸ
1025 3237 1259 3305 πέλαγος
1302 3238 1403 3306 τῆς
1453 3237 1753 3294 ἀκολάστου
1784 3241 2010 3295 πανδαι-

424 3328 558 3391 cria:
588 3330 843 3402 ἐκπέσῃς.
874 3330 1121 3384 Χαλεπὸν
1148 3330 1265 3400 γάρ’
1275 3329 1334 3383 τὸ
1359 3331 1702 3401 ἐπικείμενον
1724 3336 2002 3403 ναυάγιον,

422 3420 497 3473 οὐ
524 3420 749 3490 πέτραις
777 3420 1171 3492 περιῤῥηγνύον
1202 3420 1443 3489 ὑφάλοις,
1480 3421 1595 3475 ἀλλ’
1625 3425 1705 3486 είς
1736 3423 1796 3477 τὸ
1825 3426 2012 3491 σκότος

422 3508 668 3575 ἐξωθοῦν
713 3511 772 3563 τὸ
817 3510 1134 3580 βαθύτατον,
1170 3511 1290 3565 ὅθεν
1321 3510 1513 3565 οὔποτε
1563 3513 1591 3565 ὁ
1636 3514 1889 3584 ἐμπεσὼν
1921 3520 2013 3571 ἐκ·

422 3600 504 3671 δή
513 3619 685 3655 σεται.

2116 3067 2248 3134 fera,
2282 3083 2403 3138 qua:
2428 3068 2601 3123 hianti
2630 3084 2725 3125 ore
2759 3070 2876 3125 sola
2906 3082 3106 3125 suaves
3131 3067 3359 3124 devoret
3382 3066 3571 3137 dapes,
3596 3066 3686 3121 vel

2118 3161 2297 3231 potius
2322 3160 2457 3230 ipsis
2483 3162 2647 3216 etiam
2684 3159 2820 3216 feris
2851 3161 3046 3217 saevior
3075 3168 3130 3217 et
3174 3159 3483 3230 agrestior;
3517 3158 3693 3228 siqui-

2116 3252 2238 3307 dem
2266 3261 2322 3308 et
2361 3252 2525 3322 lupus
2560 3251 2627 3307 ad
2673 3251 3043 3307 devorandam
3087 3250 3327 3322 praedam
3361 3250 3549 3319 lupum
3588 3246 3693 3302 sibi

2118 3343 2328 3399 socium
2352 3343 2619 3414 adjungit,
2653 3351 2705 3398 et
2723 3358 2890 3398 canes
2912 3342 3070 3397 multi
3100 3355 3496 3410 nonnunquam
3529 3338 3695 3395 simul

2118 3432 2261 3489 idem
2296 3434 2563 3489 dilaniant
2594 3448 2816 3504 corpus.
2856 3434 2926 3487 At
2973 3434 3078 3488 iste
3111 3432 3428 3488 divitiarum
3469 3444 3693 3485 suarum

2117 3521 2327 3576 nullum
2357 3522 2605 3592 ejusdem
2625 3523 2844 3593 generis
2869 3523 3149 3577 hominem
3182 3520 3505 3592 participem
3541 3518 3692 3574 facit.

2119 3611 2393 3666 Moderata
2435 3628 2622 3667 mensa
2654 3612 2863 3668 sufﬁcit
2902 3612 3022 3669 tibi.
3056 3611 3137 3668 Ne
3175 3620 3229 3667 te
3258 3611 3315 3665 in
3363 3610 3496 3664 illud
3535 3609 3694 3663 luxu-

421 3695 530 3751 πίω
559 3698 784 3767 pelagus
836 3697 1128 3765 demittas,
1166 3705 1228 3753 ut
1279 3699 1527 3754 convivia
1582 3700 1731 3755 omni
1796 3716 1994 3770 genere
2029 3705 2279 3761 ciborum
2312 3709 2581 3763 instructa
2639 3707 2796 3762 velis.
2861 3705 2979 3761 Illic
3047 3705 3195 3760 enim
3249 3717 3414 3774 grave
3471 3701 3694 3757 naufra-

424 3786 580 3857 gium
614 3786 690 3850 fit,
724 3800 833 3856 quo
872 3799 979 3841 non
1007 3787 1243 3854 scopulis
1267 3787 1369 3843 sub
1406 3788 1523 3843 salo
1554 3789 1846 3847 latentibus
1875 3792 2175 3861 collideris,
2247 3797 2341 3852 sed
2406 3797 2463 3851 in
2516 3796 2842 3853 altissimam
2890 3803 2944 3853 et
3012 3793 3463 3852 obscurissimam
3534 3807 3692 3846 vora—

427 3878 613 3949 ginem
643 3876 972 3938 dctruderis,
1004 3877 1057 3930 in
1093 3892 1254 3947 quam
1281 3881 1371 3947 qui
1409 3880 1577 3934 semel
1612 3881 1823 3948 incidit,
1856 3900 2135 3954 nunquam
2164 3898 2426 3961 emerget.

502 3968 741 4039 Χρῆσαι,
776 3967 850 4039 μὴ
881 3970 1211 4043 παραχρήσῃ
1235 3989 1249 4002 ν
1297 3969 1453 4023 τοῦτο
1486 3971 1593 4043 γάρ
1623 3988 1681 4024 σε
1727 3974 1818 4025 καὶ
1854 3974 2006 4027 Παῦ-

2186 3980 2350 4037 Utere
2384 3982 2568 4053 igitur,
2595 3989 2769 4046 utere,
2802 3996 2871 4037 ne
2899 3980 3144 4037 abutaris
3175 3998 3189 4035 :
3216 3981 3297 4037 sic
3322 3980 3466 4036 enim
3490 3976 3692 4033 Paulus

428 4061 523 4121 λος
554 4057 811 4124 ἐδίδαξεν.
848 4058 1005 4120 Ἀνες
1048 4060 1238 4112 σαυτὸν
1268 4060 1563 4113 ἀπολαύσει
1600 4065 2006 4136 μεμετρημένῃ.

2115 4073 2276 4127 etiam
2326 4073 2547 4129 edocuit
2570 4074 2611 4127 ⁸.
2662 4072 2907 4129 Modesta
2956 4072 3321 4128 oblectatione
3369 4079 3425 4127 te
3478 4084 3687 4126 recrea.

430 4150 526 4220 Μὴ
558 4147 863 4220 βακχεύσῃς
891 4151 1009 4211 ταῖς
1036 4149 1263 4218 ἡδοναῖς.
1295 4150 1386 4220 Μὴ
1411 4152 1624 4205 πάντων
1652 4151 1835 4216 ἁπλῶς
1857 4153 2007 4218 ζώων

2115 4162 2503 4234 Temperanter
2553 4166 2795 4220 animum
2837 4165 3039 4221 relaxa.
3100 4164 3180 4223 Ne
3238 4174 3292 4221 te
3344 4165 3556 4220 delicia:
3611 4163 3690 4218 sic

431 4239 652 4310 ὖλεθρος
699 4237 811 4301 ἔσο,
858 4238 1225 4309 τετραπόδων,
1275 4239 1544 4309 μεγάλων.
1596 4241 1827 4312 μικρῶν,
1863 4244 2008 4315 ὀρνί-

433 4328 560 4393 θων,
592 4327 809 4399 ἰχθύων,
834 4328 941 4382 τῶν
969 4328 1326 4399 εὐπορίστων,
1357 4328 1463 4382 τῶν
1495 4331 1755 4396 σπανίων,
1785 4333 1893 4387 τῶν
1920 4335 2010 4387 εὐ-

432 4418 608 4484 ώνων,
640 4419 751 4473 τῶν
782 4419 1109 4489 πολυτίμων.
1146 4420 1237 4489 Μὴ
1273 4420 1483 4477 πολλῶν
1514 4420 1789 4493 θηρευτῶν
1834 4426 2014 4495 ἱδρῶτι

435 4510 565 4580 μίαν
598 4509 803 4580 πλήρου
846 4511 1084 4582 γαστέρα
1109 4551 1123 4575 ,
1172 4510 1362 4582 ὥσπερ
1412 4529 1465 4564 τι
1507 4513 1681 4584 φρέαρ
1718 4513 2013 4584 βαθύτατον

433 4601 749 4673 πολυχειρίᾳ
773 4601 881 4653 τῶν
904 4602 1213 4672 χωννύντων
1248 4602 1326 4674 μὴ
1351 4605 1729 4675 γεμιζόμενον.
1759 4606 1855 4661 Διά
1884 4609 2011 4673 τοὺς

431 4693 755 4763 τρυφῶντας
787 4694 907 4746 οὐδὲ
939 4696 969 4747 ὁ
1013 4694 1169 4763 βυθὸς
1201 4697 1297 4766 τῆς
1328 4694 1601 4767 θαλάσσης
1660 4698 2010 4769 ἀνενόχλητος

435 4785 607 4855 μένει.
625 4787 760 4840 Οὐδὲ
784 4787 861 4856 τῷ
886 4786 1039 4843 ὕδατι
1058 4787 1341 4857 νηχόμενοι
1362 4787 1560 4858 ἰχθύες,
1584 4788 1732 4859 μόνοι
1754 4790 2008 4861 ἀγρεύονρ

369 4928 381 4956 τ
433 4894 542 4941 ται,
591 4877 728 4932 ἀλλά
776 4880 867 4932 καὶ
907 4880 1007 4932 ὅσα
1047 4879 1206 4932 ἄθλια
1251 4878 1366 4943 ζῶα
1413 4883 1475 4951 τῇ
1534 4882 1859 4956 ὑποστάθμῃ
1901 4883 2009 4938 τῶν

376 4951 381 4973 τ
435 4969 640 5023 ὑδάτων
668 4971 988 5041 ἐμφέρεται,
1037 4972 1131 5025 καὶ
1175 4970 1346 5024 ταῦτα
1378 4971 1514 5042 πρὸς
1534 4972 1632 5045 τὴν
1664 4951 1888 5045 ἠπείρον
1917 4977 2010 5029 καὶ

432 5058 525 5112 τὸν
571 5059 709 5130 ἀέρα
757 5060 942 5114 τοῦτον
999 5059 1294 5124 ἐξέλκεται.
1356 5061 1540 5125 Οὕτως
1601 5062 1670 5116 τά
1721 5064 1852 5134 γένη
1898 5064 2008 5120 τῶν

434 5149 667 5220 ὀστρέων
716 5151 816 5204 οὐκ
861 5149 1038 5215 ἔλαθε,
1073 5151 1167 5204 καὶ
1197 5151 1225 5202 ὁ
1261 5152 1436 5220 ἐχῖνος
1494 5152 1810 5221 ἀγρεύεται,
1846 5155 1939 5207 καὶ
1971 5157 2004 5225 ἡ

439 5237 606 5307 σηπία
648 5238 890 5307 ἕρπουσα
935 5238 1310 5310 σαγηνεύεται,
1361 5240 1514 5294 καὶὸ
1560 5241 1833 5306 πολύπους
1880 5247 2000 5307 ταῖς

437 5328 658 5398 πέτραις
680 5329 1078 5400 προσπεφυκὼς
1100 5331 1429 5399 ἀποσπᾶται,
1466 5334 1558 5388 καὶ
1585 5335 1634 5387 οἱ
1663 5334 1870 5404 κοχλίαι
1891 5335 1999 5388 τῶν

438 5423 760 5475 κατωτάτων
810 5421 990 5491 βυθῶν
1033 5423 1394 5494 άποσύρονται
1416 5443 1430 5458 ⁸
1483 5428 1575 5481 καὶ
1642 5427 1817 5481 πάντα
1869 5429 1999 5498 γένη

516 5602 584 5657 ‘l
619 5603 744 5659 Cor.
789 5620 883 5668 vn,
918 5606 975 5659 5.

2112 4255 2368 4319 obruant,
2416 4263 2476 4310 ut
2511 4255 2679 4310 nimia
2710 4254 2894 4309 laetitia
2926 4254 3151 4326 gestias,
3202 4262 3255 4309 et
3299 4254 3509 4308 insanis
3536 4252 3689 4307 volu-

2117 4347 2361 4418 ptatibus
2420 4346 2817 4402 debaccheris.‘
2863 4344 2941 4402 Ne
2994 4347 3072 4401 sis
3143 4344 3461 4399 animalium
3530 4344 3689 4412 plane

2121 4440 2362 4494 omnium
2386 4440 2676 4510 pernicies,
2716 4439 3041 4510 ingentium,
3073 4436 3458 4500 mediocrium,
3508 4436 3690 4490 minue

2119 4539 2319 4598 torum,
2371 4528 2759 4600 gradientium,
2816 4528 3139 4589 volantium,
3190 4523 3523 4585 natantium,
3576 4522 3689 4576 sive

2116 4620 2339 4674 inventu
2378 4617 2582 4685 facilia,
2616 4619 2733 4674 sive
2770 4616 3009 4673 difficilia
3045 4618 3175 4681 sint,
3209 4628 3305 4670 seu
3358 4627 3556 4683 magno
3592 4628 3689 4667 seu

2119 4709 2211 4764 vili
2258 4709 2434 4779 pretio
2479 4716 2734 4763 veneant.
2782 4707 3076 4762 Multorum
3131 4703 3445 4760 venantium
3489 4702 3689 4759 sudore

2114 4806 2357 4854 ventrem
2389 4815 2557 4853 unum
2587 4813 2655 4853 ne
2694 4799 2926 4868 repleas.
2966 4796 3043 4853 Ne
3083 4798 3192 4852 sint
3224 4795 3414 4849 fauces
3441 4801 3548 4848 tua:
3588 4808 3681 4847 ve-

2109 4890 2210 4945 luti
2256 4903 2456 4958 vorago
2480 4929 2495 4955 ,
2536 4896 2629 4941 aut
2667 4903 2888 4959 gurges,
2940 4894 3034 4942 aut
3074 4885 3424 4942 vastissimus
3469 4898 3533 4937 ac
3559 4898 3687 4953 pro-

2106 4979 2471 5034 fundissimus
2519 4966 2740 5049 puteus,
2788 4978 2857 5032 ad
2904 4991 3065 5047 quem
3099 4973 3438 5031 obruendum
3486 4973 3686 5027 multo-

2102 5085 2225 5125 rum
2262 5069 2508 5124 laborent
2541 5084 2757 5125 manus.
2811 5068 3040 5138 Pr0pter
3081 5063 3361 5122 bOminum
3406 5062 3682 5119 luxuriam

2103 5170 2268 5232 atque
2296 5147 2549 5226 neiicias,
2585 5176 2696 5215 non
2738 5160 2901 5215 modo
2935 5174 3085 5214 mare
3125 5156 3458 5229 profundum
3490 5154 3680 5209 turba-

2107 5259 2230 5318 tur;
2263 5265 2375 5306 non
2397 5251 2558 5321 aquis
2587 5252 2764 5306 solum
2800 5251 3109 5305 innatantes
3136 5249 3430 5319 capiuntur
3454 5246 3633 5318 pisces
3659 5263 3676 5311 ;

2110 5344 2205 5397 sed
2258 5341 2385 5406 alia,
2442 5355 2785 5411 quaecunque
2833 5341 3087 5395 animalia
3134 5341 3192 5395 in
3243 5338 3402 5409 aquis
3454 5338 3685 5408 degunt,

2112 5432 2335 5497 indrin
2402 5440 2603 5488 terram
2666 5438 2720 5487 et
2755 5431 2955 5488 celum
2994 5430 3099 5488 hoc
3152 5428 3538 5489 extrahuntur.
3589 5426 3681 5484 Sic
