4072 6156
305 250 400 307 #7
1414 227 1420 233 ’
1540 264 1891 321 S.GREGOI

1995 267 2314 348 ,NXSSENI

3458 277 3558 331 ιιλε

305 385 614 434 ostreorum
651 396 846 451 genera
891 396 997 435 non
1034 383 1338 451 latuerunt;
1381 387 1460 441 sic
1499 395 1690 456 captus
1724 388 1872 442 echi-

1995 388 2149 450 ζώων,
2176 389 2277 442 ὅσα
2317 391 2428 452 τοῖς
2460 390 2556 458 τῆς
2602 389 2917 459 ἐπιφανείας
2945 387 3182 460 κύμασιν
3234 392 3565 461 ἐπινήχεται,

309 484 441 534 nuc;
478 471 557 524 sic
589 481 868 541 serpentes
902 472 1123 525 irretita:
1153 480 1281 525 sunt
1308 476 1504 543 sepiae;
1540 478 1619 528 sic
1645 477 1875 548 polypus

306 560 455 613 saxis
475 560 675 629 quibus
709 561 1004 616 inhaerebat
1032 562 1278 627 avulsus;
1303 564 1385 619 sic
1417 580 1480 619 ex
1505 566 1639 620 locis
1672 566 1877 622 altissi-

306 650 413 705 mis
446 660 689 705 extracta
718 652 1029 722 conchylia.
1056 651 1274 708 Nullum
1297 654 1532 725 denique
1561 664 1643 710 est
1670 658 1879 711 anima-

306 741 440 793 lium
486 757 680 811 genus,
704 741 853 795 σοιοά
906 742 989 795 vel
1025 757 1288 809 summas,
1322 747 1402 801 vel
1449 746 1665 801 inlimas
1698 756 1881 815 partes

1984 481 2076 531 καὶ
2101 482 2200 533 ὅσα
2226 482 2315 533 τὸν
2355 481 2603 551 πυθμένα
2647 483 2745 552 τῆς
2778 481 3054 552 Θαλάσσης
3084 482 3241 552 ἔλαχε
3272 489 3565 549 κατοικεῖν,

1985 573 2121 646 πρὸς
2146 572 2236 625 τὸν
2269 574 2405 644 ἀέρα
2435 573 2620 626 τοῦτον
2652 574 2965 643 ἐκφέρεται,
3001 576 3101 644 τῆς
3129 572 3238 626 τῶν
3272 574 3566 645 φιληδόνων

1989 662 2240 732 μηχανῆς
2292 663 2509 715 ποικίλα
2557 665 2675 715 κατ’
2709 662 2930 715 ἐκείνων
2963 662 3325 733 σοφιζομένης
3368 664 3436 716 τὰ
3470 664 3564 733 οή..

1991 769 2183 825 ρατρα.

306 833 476 887 maris
504 834 727 897 incotav,
793 836 939 904 quod
988 852 1094 890 non
1166 838 1402 893 humana
1449 841 1599 896 l'raus
1635 841 1946 911 deceptum,
1989 848 2053 899 ad
2104 848 2245 902 hanc
2278 850 2401 903 ειεΙί
2454 850 2629 902 lucem
2677 848 3049 918 aspiciendam
3094 848 3371 901 eduxerit.
3421 849 3568 900 Adeo

306 924 588 978 hominum
633 927 942 998 voluptates
994 930 1235 1000 undique
1281 933 1620 1001 captantium
1670 934 1886 1003 ingenia
1922 937 1987 991 ad
2016 941 2196 996 varias
2220 941 2450 996 insidias
2478 950 2531 995 et
2561 940 2716 996 dolos
2778 940 3133 1009 reperiendus
3192 939 3564 993 elaborarunt.

379 1013 483 1068 Sed
510 1016 824 1085 qualianam
867 1019 1092 1076 delicias
1124 1022 1391 1087 ejusmodi
1428 1025 1880 1094 consequuntur?

306 1102 542 1161 Necesse
588 1114 672 1161 est
721 1118 778 1162 ut
824 1109 1060 1176 luxuria,
1100 1112 1188 1165 ubi
1219 1112 1385 1167 semel
1430 1113 1644 1170 radices
1682 1116 1876 1185 egerit,

2049 1026 2149 1084 Οἷα
2178 1031 2234 1085 δὲ
2276 1032 2363 1084 καὶ
2392 1031 2459 1084 τά
2508 1030 2633 1100 ἑξῆς
2667 1030 2774 1083 τῶν
2808 1028 3141 1099 τρυφώντων
3169 1046 3181 1093 ;
3232 1029 3567 1098 Ἑπάναγκες

1966 1123 2084 1197 ,γάρ
2110 1122 2210 1193 τὴν
2240 1122 2459 1181 κακίαν,
2488 1122 2621 1174 ὅπου
2656 1124 2773 1173 ποτ’
2810 1120 2874 1174 ἂν
2911 1122 2943 1191 ἡ
2986 1121 3138 1181 νόσος
3167 1120 3434 1191 ἐνσκήψῃ,
3470 1124 3567 1183 τάς

307 1204 362 1251 et
408 1197 693 1263 coaluerit,
746 1199 1015 1270 reliquam
1071 1217 1255 1257 secum
1301 1206 1557 1274 nequitiae
1593 1208 1878 1260 materiam

1995 1213 2301 1276 ικολούθους
2349 1213 2480 1277 ὕλας
2531 1212 2879 1282 ἐφέλκεσθαι.
2938 1212 3029 1264 Διὸ
3057 1214 3151 1265 καὶ
3180 1214 3229 1265 οί
3264 1211 3360 1283 τὴν
3401 1213 3566 1284 ἁδρο-

308 1288 509 1343 trahat.
536 1289 925 1356 Quamobrem,
961 1293 1053 1361 qui
1084 1293 1326 1347 molliter
1349 1301 1403 1348 et
1440 1295 1675 1351 delicate
1696 1295 1881 1351 vivere

1995 1303 2173 1357 ῑίαιτον
2228 1305 2320 1357 καὶ
2372 1302 2736 1372 Συϐαριτικὴν
2783 1301 3208 1373 παρατιθέμενοι
3260 1302 3565 1372 τράπεζαν,

309 1379 687 1443 instituerunt,
732 1385 1045 1438 necessario
1084 1384 1148 1437 ad
1190 1386 1582 1454 enegitandos
1627 1386 1878 1458 magniﬁ-

310 1484 405 1524 cos
435 1470 791 1525 aedificiorum
820 1481 1116 1542 apparatus
1151 1474 1491 1529 alliciuntur.
1523 1472 1579 1528 ln
1620 1475 1707 1529 his
1743 1491 1877 1529 eon-

1985 1396 2233 1447 ἒλκονται
2264 1395 2398 1464 πρὸς
2442 1394 2690 1461 ἀνάγκην
2720 1394 2798 1455 είς
2837 1392 3180 1455 κατασκευὰς
3217 1392 3568 1462 μεγαλοφυῶν

1984 1483 2448 1553 οἰκοδομημάτων,
2480 1483 2573 1534 καὶ
2608 1481 2705 1550 τὴν
2749 1481 2947 1550 πολλὴν
2974 1481 3232 1552 εὐπορίαν
3262 1480 3571 1536 δαπανῶσιν

310 1560 591 1616 struendis
640 1570 693 1616 et
739 1563 1070 1618 exornandis
1111 1564 1347 1633 maxime
1399 1565 1482 1618 vis
1521 1566 1875 1634 pecuniarum

1995 1574 2063 1636 είς
2097 1574 2321 1642 μέγεθος
2356 1576 2519 1626 οἴκων
2549 1573 2640 1626 καὶ
2680 1572 2882 1642 κόσμον
2926 1572 3238 1642 περίεργον.
3295 1573 3416 1625 Ἐπὶ
3449 1571 3570 1625 τού-

311 1649 686 1718 prol’unditur.
716 1651 798 1704 Ad
825 1653 938 1707 haec
970 1663 1144 1708 «σωιυε
1176 1655 1456 1709 hominum
1492 1656 1725 1711 libenter
1750 1671 1884 1711 con-

198 1786 223 1800 ,
311 1749 529 1804 vocant,
565 1751 619 1796 et
666 1743 917 1804 invitant.
968 1745 1305 1811 splendidam
1341 1754 1542 1800 vestem
1580 1758 1633 1801 et
1676 1748 1883 1802 variam

311 1831 700 1899 supellectilem
746 1834 991 1891 studiose
1030 1847 1371 1905 comparant.
1410 1835 1628 1891 Mensas
1674 1840 1880 1908 pretio-

312 1922 561 1977 sissimas
591 1939 655 1977 ex
688 1934 916 1995 argento
948 1927 1267 1981 conﬂandas
1301 1937 1517 1991 curant,
1561 1928 1694 1983 alias
1741 1929 1887 1982 laevi-

313 2018 422 2066 tate
474 2013 797 2083 politissime
862 2024 1193 2085 exmquatas,
1258 2018 1393 2073 alias
1457 2034 1587 2074 vero
1653 2018 1887 2074 artiﬁcio

312 2102 563 2171 scalptas
589 2112 643 2157 et
680 2103 1030 2170 l‘abret'actas,
1075 2115 1133 2160 ut
1161 2107 1320 2162 liceat
1350 2109 1598 2162 convivis
1629 2108 1793 2162 simul
1835 2115 1887 2162 et

312 2194 493 2260 gulam
523 2195 698 2263 epulis
729 2195 979 2263 delinire,
1011 2207 1065 2251 et
1095 2199 1286 2253 oculos
1314 2198 1588 2254 intuendis
1626 2207 1681 2253 et
1708 2199 1887 2268 legen-

311 2282 398 2338 dis
445 2284 690 2343 historiis
750 2288 1046 2343 oblectare.
1109 2288 1208 2343 llic
1268 2290 1402 2343 mihi
1462 2291 1722 2361 deinceps
1772 2298 1890 2346 tute

311 2374 521 2444 reliqua
566 2378 875 2440 considera,
911 2389 1176 2443 crateras,
1213 2380 1481 2449 tripodas,
1525 2381 1715 2443 cados,
1757 2391 1884 2451 gut-

313 2468 518 2532 turnia,
579 2470 785 2537 lances,
828 2472 1244 2527 innumerabilia
1297 2472 1619 2541 poculorum
1668 2489 1887 2542 genera,

313 2572 557 2623 scurras,
579 2562 795 2628 mimos,
812 2563 1148 2623 citharistas,
1170 2570 1381 2632 poetas,
1403 2573 1673 2629 oratores,
1701 2558 1891 2617 canto-

312 2665 423 2717 res,
446 2652 794 2717 cantatrices,
827 2654 1137 2715 saltatores,
1170 2653 1503 2716 saltatrices,
1532 2663 1704 2708 totum
1736 2653 1892 2708 deni-

314 2759 421 2813 que
464 2745 777 2814 petulantiae
811 2745 1033 2811 ludum;
1068 2761 1266 2814 pueros
1308 2747 1483 2801 comis
1524 2746 1888 2807 effeminatos.

315 2836 526 2907 puellas
543 2837 962 2900 inverecundus,
977 2852 1114 2907 quas
1130 2846 1349 2907 prepter
1363 2837 1765 2892 immodestiam
1786 2855 1893 2891 me-

1985 1681 2117 1730 τοις,
2151 1664 2244 1726 τὰς
2276 1663 2488 1725 κλισίας
2519 1662 2918 1731 φιλοκαλοῦσιν,
2966 1662 3195 1733 ἐσθῆτος
3224 1662 3442 1733 ἀνθινῆς
3478 1664 3571 1715 καὶ

1987 1753 2166 1823 πάσης
2210 1751 2634 1821 πεποικιλμένης
2677 1749 3026 1820 πληροῦντες.
3067 1750 3356 1822 Τραπέζας
3405 1750 3569 1803 πολυ-

1986 1845 2281 1907 ταλάντους
2327 1844 2565 1913 ἀργύρου
2613 1841 2988 1913 χαλκεύονται,
3038 1841 3139 1904 τὰς
3184 1842 3281 1911 μὲν
3311 1844 3390 1905 είς
3430 1842 3570 1893 λειό-

1987 1950 2155 2004 τητας
2208 1932 2581 2003 ἐληλαμένας·
2636 1932 2732 1994 τάς
2762 1931 2819 1984 δέ
2868 1930 3293 2000 πεποικιλμένας
3342 1934 3405 2000 τῇ
3437 1931 3570 1999 γλυ-

1990 2021 2179 2090 πτικῇ,
2227 2021 2302 2083 ὼς
2346 2018 2544 2083 ἐξεῖναι
2599 2019 2734 2087 ὁμοῦ
2778 2022 2843 2089 τῇ
2880 2019 3116 2089 φάρυγγι
3189 2020 3282 2072 καὶ
3314 2021 3409 2090 τὴν
3450 2020 3572 2089 ὄψιν

1989 2111 2308 2181 εὐωχεῖσθαι
2338 2113 2458 2173 ταῖς
2489 2111 2772 2180 ἱστορίαις.
2812 2111 3151 2179 Ἐπιλόγισαί
3198 2128 3288 2179 μοι
3328 2112 3395 2165 τά
3424 2112 3570 2182 ἑξῆς,

1991 2204 2297 2276 κρατῆρας,
2347 2202 2629 2274 τρίποδας,
2662 2204 2877 2269 κάδους,
2924 2204 2997 2257 τὰ
3031 2204 3236 2275 πρόχοα
3267 2204 3455 2274 σκεύη,
3502 2205 3571 2257 τὰ

1991 2294 2267 2364 ὀψοφόρα,
2325 2295 2669 2366 ἐκπωμάτων
2716 2293 2847 2365 γένη
2907 2294 3110 2365 μυρία,
3157 2295 3569 2362 γελωτοποιοὺς,

1996 2386 2214 2457 μίμους,
2243 2385 2582 2457 κιθαριστάς,
2612 2385 2805 2457 ᾠδοὺς,
2838 2383 3225 2455 κομψολόγους,
3257 2386 3569 2455 μουσικοὺς..

1964 2548 1967 2553 Ι
1997 2472 2280 2539 μουσικὰς,
2316 2473 2693 2544 ὀρχηστρίδας,
2724 2473 2903 2526 πάντα
2929 2472 3029 2540 τῆς
3059 2473 3344 2541 ἀσελγείας
3367 2475 3455 2526 τὸν
3480 2476 3571 2545 ὁρ-

1997 2562 2194 2632 μαθὸν,
2247 2564 2439 2628 παῖδας
2494 2564 2887 2635 θηλυνομένους
2949 2567 3067 2626 ταῖς
3124 2564 3350 2633 κόμαις,
3406 2566 3572 2636 κόρας

1994 2654 2260 2716 ἀναιδεῖς,
2319 2653 2552 2722 ἀδελφάς
2611 2655 2709 2724 τῆς
2771 2653 3094 2724 Ἡρωδιάδος
3148 2655 3227 2716 είς
3282 2654 3571 2724 ἀκοσμίαν,

1996 2744 2325 2815 ἀναιρούσας
2363 2745 2638 2814 Ἰωάννην,
2677 2744 2769 2797 τὸν
2804 2746 2861 2797 ἐν
2891 2745 3103 2815 ἑκάστῳ
3130 2743 3335 2814 θεοειδῆ
3365 2746 3459 2799 καὶ
3487 2763 3575 2815 φις

1994 2834 2221 2902 λόσοφον
2252 2834 2394 2889 νοῦν.
2716 2837 2729 2841 “

316 2931 423 2983 rito
461 2944 680 2984 sorores
723 2927 1047 2983 llerodiadis
1086 2930 1353 2999 appelles,
1387 2927 1678 2994 Joannem,
1753 2932 1803 2984 id
1872 2939 1957 2985 est
1996 2929 2244 2982 divinum
2296 2929 2351 2981 in
2397 2943 2762 3001 unoquoque,
2824 2928 3214 2998 sapientiaeque
3265 2927 3574 2985 studiosum

319 3028 559 3080 animum
602 3038 632 3078 e
662 3020 840 3076 medio
881 3020 1152 3089 tollentes.

388 3117 565 3185 Atque
601 3113 729 3168 dum
771 3111 886 3168 haec
915 3111 1061 3165 intus
1087 3119 1373 3180 geruntur,
1416 3110 1659 3166 assident
1694 3112 1759 3165 ad
1795 3127 1887 3165 ve-

2063 3105 2280 3159 Τούτων
2303 3107 2521 3160 πάντων
2564 3106 2660 3160 ἐπὶ
2696 3106 2791 3176 τῆς
2819 3109 2995 3171 οἰκίας
3022 3109 3376 3179 τελουμένων,
3418 3128 3591 3183 προσ-ς

319 3206 506 3262 stibuli
544 3204 686 3258 fores
727 3201 1159 3256 innumerabiles
1204 3200 1421 3264 Lazari,
1455 3202 1654 3272 partim
1692 3203 1893 3255 ulceri-

318 3295 423 3350 bus
471 3292 637 3361 pleni,
685 3290 881 3360 partim
935 3289 1114 3343 oculis
1164 3289 1365 3353 orbati,
1411 3291 1608 3357 partim
1665 3289 1893 3357 pedibus

321 3383 521 3438 mutili.
570 3380 805 3448 Quidam
860 3382 1127 3451 ipsorum,
1175 3381 1427 3451 quamvis
1485 3380 1598 3436 sint
1634 3380 1892 3434 omnibus

317 3473 434 3533 fere
488 3474 751 3531 membris
805 3472 1048 3543 spoliati,
1087 3486 1307 3543 serpere
1350 3481 1531 3526 tamen
1568 3470 1793 3536 audent,
1842 3480 1895 3525 et

318 3576 597 3638 utcunque
642 3566 1085 3638 progrediuntur.
1134 3563 1494 3619 Conclamant
1532 3570 1735 3629 autem,
1799 3578 1897 3619 nec

318 3668 501 3715 tamen
538 3657 924 3714 exaudiuntur.
958 3655 1189 3726 Impedit
1221 3656 1367 3710 enim
1398 3653 1659 3708 tibiarum
1697 3654 1896 3724 strepi-

321 3761 408 3805 tus
437 3759 490 3805 et
527 3750 799 3815 carmina,
830 3764 950 3820 quae
984 3748 1051 3804 ab
1082 3747 1218 3818 ipsis
1242 3746 1564 3801 cantoribus
1596 3747 1897 3801 concinun-

319 3851 431 3905 tur,
465 3850 519 3897 et
554 3843 730 3896 solute
762 3840 1056 3894 ridentium
1088 3839 1457 3893 cachinnatio.
1504 3837 1658 3901 Quod
1685 3838 1730 3891 si
1763 3853 1898 3906 pau-

320 3949 481 4004 peres
516 3933 679 4001 paulo
720 3929 1099 3985 vehementius
1140 3927 1286 3982 fores
1324 3927 1682 3996 pulsaverint,
1716 3929 1895 3982 immi-

323 4025 394 4079 tis
444 4038 508 4076 ac
561 4036 739 4075 saevus
787 4018 1043 4073 alicunde
1088 4010 1380 4088 presiliens
1423 4019 1632 4073 domini
1669 4019 1895 4087 janitor,

322 4113 647 4169 eos-baculo
676 4111 950 4181 propellit,
986 4119 1038 4165 et
1063 4126 1227 4166 canes
1256 4110 1557 4181 appellans,
1576 4110 1898 4166 verberibus

322 4206 513 4274 plagas
560 4201 752 4271 inﬂigit
803 4209 858 4256 et
919 4202 1164 4257 vulnera.
1222 4202 1436 4257 Abeunt
1486 4202 1651 4273 igitur
1694 4201 1898 4260 Christi

324 4296 509 4358 amici,
542 4296 597 4348 in
629 4295 826 4365 quibus
853 4296 956 4350 sita
989 4303 1074 4350 est
1099 4294 1479 4351 mandatorum
1504 4310 1739 4360 summa,
1774 4311 1896 4350 cum

323 4402 424 4442 nee
455 4387 613 4457 panis
646 4386 903 4452 frustum,
952 4402 1054 4440 nec
1087 4386 1308 4441 obsonii
1335 4387 1636 4456 quidquam
1680 4402 1901 4454 accepe-

323 4478 467 4544 rint;
523 4475 620 4531 sed
666 4477 849 4546 potius
903 4477 1269 4531 contumelias
1326 4483 1380 4530 et
1432 4476 1658 4530 verbera
1706 4476 1899 4529 lucrati

323 4566 455 4620 sint.
487 4565 635 4621 Intus
666 4576 849 4621 autem
896 4567 949 4621 in
986 4566 1200 4621 ofﬁcina
1236 4567 1578 4631 Mammonm,
1617 4568 1732 4631 alii,
1783 4576 1901 4620 tan-

323 4674 488 4730 quam
515 4660 679 4716 nimis
709 4667 910 4714 onusta
962 4661 1199 4731 navigia,
1232 4664 1522 4714 reveniunt
1550 4659 1754 4720 cibum,
1786 4659 1900 4721 alii,

322 4753 689 4821 prresentibus
739 4752 970 4821 poculis,
1028 4753 1370 4806 indormiunt
1418 4765 1637 4805 mensze.
1694 4749 1899 4821 Duplex

326 4853 506 4898 autem
551 4845 606 4898 in
637 4845 780 4915 turpi
826 4844 992 4899 domo
1035 4851 1321 4899 exercetur
1366 4852 1644 4913 peccatum
1680 4862 1691 4897 :
1734 4858 1900 4895 unum

326 4944 547 5005 propter
584 4938 863 4991 ebriorum
900 4936 1234 4999 satietatem,
1283 4936 1509 4989 alterum
1542 4944 1764 5004 propter
1805 4950 1900 4988 ex-

326 5028 610 5095 pulsorum
644 5043 942 5098 pauperum
975 5028 1195 5081 famem.

400 5115 454 5169 Si
506 5116 649 5173 Deus
696 5118 809 5171 haec
866 5117 1085 5186 aspicit,
1142 5116 1219 5170 uti
1256 5116 1418 5185 plane
1470 5116 1686 5187 aSpieit,
1736 5132 1897 5186 quam

330 5209 451 5261 vitae
497 5208 1005 5272 commutationem,
1040 5223 1201 5278 quem
1258 5207 1465 5260 exitum
1500 5207 1616 5261 lore
1649 5208 1901 5277 cegita'tis

326 5315 427 5354 vos
484 5315 788 5371 pauperum
846 5300 1101 5354 inimici?
1144 5297 1335 5363 Dicite,
1390 5314 1596 5368 quaeso,
1647 5315 1765 5363 vos,
1831 5314 1898 5352 an

332 5394 578 5456 nescitis,
610 5393 805 5446 horum
848 5406 1015 5447 causa
1060 5391 1114 5445 in
1160 5407 1320 5447 sacro
1354 5391 1645 5462 Evangelio
1674 5393 1800 5461 poni
1849 5403 1903 5447 et

330 5486 745 5536 commemorari
810 5485 1058 5552 exempla
1092 5483 1274 5537 omnia
1325 5484 1599 5537 horrenda
1646 5492 1699 5537 et
1734 5484 1897 5537 terri-

331 5574 502 5631 bilia?
556 5572 747 5629 Nonne
793 5590 987 5644 graves
1037 5575 1182 5630 illius
1227 5577 1508 5631 cruciatus
1553 5585 1604 5629 ct
1661 5577 1897 5644 gemitus

333 5674 714 5732 recensentur,
757 5666 851 5736 qui
884 5667 937 5719 in
990 5667 1156 5736 bysso
1205 5666 1380 5723 fuerat
1413 5668 1707 5734 enutritus,
1740 5676 1793 5721 ct
1845 5669 1895 5721 iu

1996 3198 2270 3268 εδρεύουσι
2301 3198 2378 3268 τῷ
2410 3198 2614 3252 πυλῶνι
2651 3201 2832 3271 μυρίοι
2866 3200 3104 3273 Λάζαροι
3135 3217 3147 3230 ·
3172 3203 3221 3254 οἱ
3257 3203 3356 3274 μὲν
3392 3204 3574 3274 ἡλκωο

1999 3290 2148 3360 μένοι
2198 3290 2465 3361 χαλεπῶς,
2500 3290 2647 3344 ἄλλοι
2691 3293 2783 3344 τὸν
2834 3291 3110 3362 ὀφθαλμὸν
3159 3296 3575 3367 ἐκκεκομμένοι,

1995 3382 2171 3451 ἐτεροι
2215 3380 2393 3451 λώϐην
2429 3382 2702 3446 στένοντες
2744 3383 2854 3437 τῶν
2905 3385 3099 3438 ποδῶνι
3146 3387 3289 3451 τινὲς
3317 3388 3373 3441 δὲ
3403 3390 3578 3444 αὐτῶν

1996 3471 2254 3540 ἐρποντες
2282 3471 2577 3535 παντελῶς,
2603 3474 2696 3526 καὶ
2728 3473 2942 3527 πάντων
2974 3474 3081 3529 τῶν
3115 3476 3291 3547 μελῶν
3326 3479 3577 3548 στέρησιν

1999 3561 2405 3628 ὑπομείναντες.
2433 3558 2670 3624 Βοῶντες
2694 3563 2749 3615 δὲ
2775 3562 2873 3614 οὐκ
2895 3563 3203 3620 ἀκούονται.
3231 3566 3444 3620 Κωλύει
3473 3569 3581 3637 γάρ

1998 3648 2175 3703 αὐλῶν
2200 3652 2233 3720 ή
2263 3651 2498 3721 ἡχὴ,καὶ
2522 3652 2591 3704 τά
2627 3653 2760 3721 μέλη
2788 3653 2897 3707 τῶν
2926 3655 3251 3725 αὐτομάτων
3280 3658 3453 3728 ᾠδῶν.
3482 3662 3577 3711 καὶ

1998 3743 2026 3793 ὁ
2052 3739 2149 3793 τοῦ
2181 3740 2414 3803 πλατέος
2448 3741 2679 3808 γέλωτος
2729 3744 3066 3813 καγχασμός.
3103 3746 3199 3797 Ἂν
3247 3746 3306 3798 δέ
3355 3763 3453 3799 που
3487 3748 3579 3799 καὶ

2000 3833 2254 3886 ἐπιπλέον
2281 3833 2600 3903 διοχλήσωσι
2646 3837 2742 3896 τὰς
2789 3834 2980 3906 θύρας.
3032 3837 3385 3907 ἀναπηδήσας
3419 3837 3581 3891 ποθὲν

2000 3923 2259 3995 ἁνηλεοῠς
2308 3923 2568 3976 δεσπότου
2619 3924 2821 3994 θρασὺς
2872 3927 3120 3996 πυλωρὸς
3161 3929 3451 3983 ἀπελαύνει
3481 3931 3579 4000 ρά-

2000 4016 2165 4079 6δοις,
2219 4015 2452 4079 ἀναιδεῖς
2485 4015 2652 4079 κύνας
2685 4017 3001 4081 ἀποκαλῶν,
3040 4021 3132 4072 καὶ
3169 4020 3415 4089 μάστιξιν
3459 4024 3579 4076 ἐπι-

2000 4106 2196 4172 ξαίνων
2221 4106 2290 4161 τά
2314 4107 2623 4179 τραύματα.
2672 4107 3026 4178 Ἀπέρχονται
3061 4110 3118 4161 δὲ
3143 4113 3192 4163 οἱ
3226 4111 3319 4163 τοῦ
3346 4113 3579 4184 Χριστοῦ

2001 4198 2174 4267 φίλοι,
2219 4198 2326 4252 τῶν
2357 4197 2583 4252 ἐντολῶν
2615 4199 2675 4252 τὸ
2704 4199 2996 4269 κεφάλαιον
3021 4239 3035 4263 ,
3089 4203 3190 4255 οὐκ
3236 4203 3402 4273 ἄρτου
3452 4204 3571 4275 βρα-

2002 4290 2141 4360 χέος,
2176 4291 2275 4343 οὐκ
2319 4290 2447 4359 ὄψου
2481 4291 2859 4360 μετασχόντες,
2897 4291 3083 4361 ὕϐρεις
3128 4292 3185 4345 δὲ
3230 4295 3323 4347 καὶ
3369 4296 3582 4366 πληγάς

2004 4382 2519 4452 προσκερδάναντες.
2560 4382 2745 4435 Ἐνδον
2787 4382 2843 4436 δὲ
2889 4384 2947 4435 ἐν
2972 4383 3047 4453 τῷ
3096 4385 3441 4457 ἐργαστηρίῳ
3487 4386 3581 4440 τοῦ

2004 4474 2299 4545 Μαμμωνᾶ
2326 4515 2339 4537 ,
2390 4475 2439 4528 οἱ
2479 4474 2576 4544 μὲν
2602 4474 2678 4537 ὡς
2709 4475 3019 4546 ὑπέραντλα
3053 4476 3213 4530 πλοῖα
3247 4478 3346 4549 τὴν
3376 4478 3579 4549 τροφὴν

2004 4564 2415 4630 ἀποϐλύζουσιψ
2454 4565 2603 4620 ἄλλοι
2628 4568 2694 4636 τῇ
2720 4566 2966 4637 τραπέζῃ
2998 4567 3410 4621 ἐπικαθεύδουσι
3436 4586 3578 4641 παρ-

2004 4659 2251 4714 εστώτων
2303 4659 2409 4713 τῶν
2455 4658 2817 4729 ἐκπωμάτων.
2865 4659 3035 4729 Διπλῆ
3065 4659 3122 4712 δὲ
3169 4660 3415 4733 ἁμαρτία
3444 4664 3583 4715 κατά

2003 4753 2102 4821 τὴν
2139 4752 2422 4822 ἀσχήμονα
2461 4752 2635 4805 οίκίαν
2667 4751 3080 4822 ὲμπολιτεύεται
3106 4768 3120 4782 ·
3169 4753 3201 4822 ή
3236 4753 3355 4818 μὲν,
3386 4754 3478 4807 ἐπὶ
3506 4754 3586 4823 τῷ

2008 4847 2153 4915 κόρῳ
2182 4844 2291 4896 τῶν
2323 4842 2648 4912 μεθυόντων,
2685 4844 2718 4915 ἡ
2746 4842 2802 4896 δὲ
2833 4842 3028 4914 ἐπὶ·τῷ
3058 4842 3199 4914 λιμῷ
3228 4843 3336 4897 τῶν
3365 4846 3583 4899 ἐλαθένο

2007 4954 2113 4991 των
2147 4936 2394 5006 πτωχῶν.

2078 5114 2265 5169 Ταῦτα
2307 5117 2353 5168 εί
2390 5113 2679 5168 ἐποπτεύει
2712 5114 2864 5177 Θεὸς,
2908 5114 3098 5186 ὥσπερ
3122 5110 3214 5168 οὖν
3243 5116 3433 5185 ἐφορᾷ.
3462 5115 3583 5167 τίκα

2006 5207 2101 5262 τοῦ
2150 5208 2263 5278 βίου
2292 5206 2672 5278 καταστροφὴν
2701 5208 2955 5271 ἐννοεῖτε,
2988 5207 3037 5259 οἱ
3074 5206 3444 5277 μισόπτωχοι;
3493 5205 3583 5257 Ef-

2009 5317 2166 5361 πατε,
2193 5294 2228 5369 ἦ
2253 5300 2353 5352 οὐκ
2380 5299 2513 5362 ἴστε,
2556 5299 2636 5351 ὅτι
2670 5298 2847 5352 πάντα
2875 5298 2943 5351 τά
2974 5296 3219 5367 φρικώδη
3250 5297 3344 5348 καὶ
3379 5294 3585 5365 φοϐερὰ

2010 5390 2377 5461 ὑποδείγματα
2417 5392 2523 5443 τῶν
2563 5391 2816 5443 τοιούτων
2861 5390 3022 5459 χάριν
3068 5388 3128 5441 τὸ
3165 5388 3304 5458 ἱερὸν
3340 5384 3583 5453 Εὐαγγέ-

2007 5484 2117 5535 λιον
2147 5483 2312 5553 ἐκϐοᾷ
2339 5483 2430 5536 καὶ
2463 5482 2833 5552 μαρτύρεται;
2866 5482 2972 5533 Καὶ
2997 5480 3407 5550 ἀναγέγραπται
3459 5475 3581 5547 μὲν,

2010 5576 2177 5645 βαρέα
2204 5574 2528 5644 βρυχὸμενος
2558 5575 2648 5624 καὶ
2671 5573 2868 5626 στένων
2893 5574 2921 5625 ὁ
2946 5573 3003 5624 ἐν
3031 5574 3095 5642 τῇ
3126 5571 3306 5640 βύσσῳ
3331 5567 3578 5640 τραφεὶς.

2008 5668 2097 5720 καί
2134 5668 2188 5719 ἐν
2234 5669 2298 5736 τῇ
2342 5665 2559 5737 ἀϐύσσῳ
2594 5666 2698 5718 τῶν
2751 5665 2932 5717 κακῶν
2984 5661 3372 5733 συνεχόμενος·
3420 5659 3581 5721 ἄλλος
