4072 6156
401 299 503 359 469

1568 291 1656 346 DE
1683 291 2119 349 PAUI’ERlBUS
2154 288 2478 363 AMANDIS.

3547 300 3659 357 ΠΟ

399 418 459 470 δὲ
511 414 671 469 πάλιν
715 414 1017 484 ὁμότροπος
1071 412 1289 479 τούτου,
1341 411 1703 483 κατεδικάσθη
1754 412 1977 466 θάνατον

2086 411 2351 465 malorum
2421 412 2621 483 abysso
2692 412 3024 469 describitur
3091 414 3422 469 coerceri’?
3481 415 3660 483 Quid?

403 508 844 579 ἀπροσδόκητον,
890 508 948 558 ὲν
992 509 1057 578 τῇ
1108 506 1316 577 ἑσπέρα
1363 507 1461 577 τὴν
1510 505 1737 578 ἑωθινὴν
1779 506 1982 577 τροφὴν

404 600 812 670 βουλευόμενος,
859 600 951 652 καὶ
993 598 1087 651 τοῦ
1136 597 1332 668 ὄρθρου
1390 598 1464 668 μὴ
1520 597 1839 652 καταλαϐὼν
1883 596 1983 668 τὴν

403 692 616 743 ἀκτῖνα.
669 689 762 759 Μὴ
807 688 991 758 θνητοὶ
1042 688 1139 758 τὴν
1179 688 1394 750 πίστιν,
1444 688 1539 740 καὶ
1587 688 1840 742 ἀθάνατοι
1883 689 1982 758 τὴν

401 780 721 834 ἀπόλαυσιν.
756 779 943 843 Οὕτως
973 780 1082 851 γὰρ
1114 779 1308 850 ἔχομεν
1338 779 1579 851 γνώμης,
1614 782 1663 832 oi
1706 780 1776 834 τὰ
1805 781 1981 835 πάντα

404 872 651 936 θέλοντες
692 875 771 943 τῇ,
804 873 902 942 τῆς
954 871 1152 943 σαρκὸς
1199 873 1455 943 κολακείᾳ
1506 871 1859 944 χαρίζεσθαι,
1906 873 1982 936 ὡς

403 964 671 1034 ὰδιάδοχοι
715 963 1107 1026 οίκοδεσπόται,
1152 963 1228 1027 ὡς
1270 964 1537 1034 διηνεκεῖς
1583 963 1691 1016 τῶν
1739 964 1832 1016 ἐπὶ
1877 964 1981 1032 γῆς

403 1057 602 1128 κύριοι,
641 1058 697 1107 ὲν
724 1054 802 1123 τῷ
827 1054 975 1125 θέρει
997 1054 1096 1123 τὴν
1132 1053 1338 1125 σπορὰν
1369 1053 1758 1125 μεριμνῶντες,
1803 1054 1895 1105 καὶ
1924 1056 1980 1106 ἐν

404 1149 468 1218 τῇ
521 1146 842 1218 σπορᾷστὴν
890 1144 984 1199 τοῦ
1035 1144 1297 1217 θερισμοῦ
1329 1145 1593 1215 θυμηδίαν
1627 1142 1936 1208 ἐλπίζοντες
1963 1162 1975 1174 ·

403 1235 727 1304 φυτεύοντες
770 1236 870 1304 τὴν
905 1234 1207 1299 πλάτανον,
1253 1234 1347 1287 καὶ
1388 1234 1482 1286 τοῦ
1527 1232 1730 1302 ὑψηλοῦ
1763 1232 1977 1303 δένδρου

403 1326 501 1398 τὴν
552 1327 708 1380 σκιὰν
769 1326 1093 1391 ἐλπίζοντες·
1144 1324 1591 1392 καταπηγνύντες
1631 1323 1722 1376 τὸν
1765 1322 1980 1393 πυρῆνα

402 1418 492 1472 τοῦ
524 1418 791 1486 φοίνικος,
842 1417 936 1470 καὶ
973 1416 1073 1488 τὴν
1101 1415 1415 1485 γλυκύτητα
1439 1414 1547 1468 τῶν
1590 1412 1816 1482 καρπῶν
1851 1413 1981 1465 ἁναο

406 1507 675 1576 μένοντες.
728 1505 839 1559 Καὶ
879 1505 1053 1558 ταῦτα
1086 1504 1343 1566 πολλάκις
1387 1505 1443 1556 ὲν
1475 1502 1656 1573 πολιᾷ,
1685 1501 1772 1555 ὅτε
1814 1501 1980 1569 ἐγγὺς

402 1595 491 1649 τοῦ
528 1596 760 1649 θανάτου
795 1594 1018 1666 χειμῶν’
1056 1595 1301 1648 λείπουσι
1340 1595 1396 1648 δὲ
1424 1597 1486 1664 τῇ
1518 1596 1651 1664 ζωῇ,
1686 1594 1746 1646 οὐ
1782 1592 1979 1656 κύκλος

398 1685 684 1751 ἐνιαυτῶν,
715 1685 850 1738 ἀλλὰ
876 1687 1024 1756 τρεῖς
1049 1685 1082 1754 ἢ
1116 1685 1372 1754 τέτταρες
1395 1684 1621 1754 ἡμέραι.

2089 499 2227 555 lluic
2259 502 2396 557 alter
2425 504 2516 559 ille
2557 504 2777 569 similis,
2811 520 2993 561 nonne
3022 520 3146 559 cum
3175 507 3389 576 vesperi
3439 506 3506 564 de
3543 525 3657 564 ma-

2087 590 2279 647 tutinis
2308 591 2521 648 deliciis
2566 593 2856 663 cogitaret,
2891 601 3003 649 tam
3034 594 3430 665 inexspectata,
3470 605 3523 653 et
3565 614 3653 654 rc-

2088 683 2315 752 pentiua
2357 683 2648 739 damnatus
2680 695 2764 740 est
2811 693 3009 749 morte,
3067 693 3126 741 ut
3164 701 3232 740 ne
3279 688 3508 745 orientis
3533 692 3649 759 qui-

2084 774 2208 828 dem
2247 774 2382 830 solis
2415 775 2629 830 radium
2672 779 2909 847 potuerit
2947 776 3220 832 intueri“?
3247 776 3485 836 Proinde
3530 797 3654 836 cum

2085 867 2347 922 mortales
2393 867 2589 934 simus,
2624 868 2780 924 fidem
2816 884 2886 925 ne
2934 870 3280 939 abjiciamus,
3331 887 3466 928 neve
3501 872 3654 929 fruat-

2085 970 2209 1010 mur
2253 957 2626 1027 voluptatibus
2673 966 2733 1014 ut
2785 960 3143 1017 immortales.
3201 961 3295 1018 Sic
3347 962 3492 1031 enim
3544 963 3656 1019 fere

2088 1045 2267 1101 atl‘ecti
2309 1063 2521 1114 sumus,
2559 1050 2869 1119 quicunque
2898 1051 3059 1121 genio
3086 1052 3392 1122 indulgere,
3421 1064 3475 1108 et
3501 1056 3651 1111 carni

2082 1134 2138 1191 iu
2169 1139 2427 1194 omnibus
2469 1140 2700 1209 obsequi
2745 1141 3016 1196 volumus.
3066 1140 3348 1212 Tanquam
3385 1145 3651 1214 patresfa—

2082 1228 2264 1283 milias
2305 1244 2682 1286 successorem
2714 1246 2996 1301 nunquam
3033 1232 3293 1299 habituri,
3328 1244 3383 1289 et
3410 1239 3652 1306 perpetui

2081 1335 2263 1374 rerum
2325 1321 2687 1377 humanarum
2739 1323 2969 1387 domini,
3022 1325 3218 1381 messis
3263 1332 3506 1396 tempore
3563 1343 3652 1384 se-

2080 1421 2320 1467 mentem
2380 1412 2632 1480 facimus,
2694 1421 2749 1471 et
2822 1414 3043 1484 quando
3105 1417 3487 1472 seminandum
3544 1425 3652 1485 est,

2082 1516 2371 1571 speramus
2416 1504 2661 1558 laetitiam
2697 1507 2916 1562 messis.
2955 1504 3239 1561 Platanum
3297 1509 3556 1572 serimus,
3599 1519 3655 1566 ct
3686 1564 3709 1577 .,

2081 1606 2326 1662 procera:
2363 1595 2576 1650 arboris
2612 1594 2860 1649 umbram
2889 1611 3195 1665 speramus.
3237 1597 3439 1655 Palmae
3469 1615 3655 1657 semen

2080 1692 2241 1741 terra:
2271 1686 2687 1752 committimus,
2717 1694 2770 1741 et
2792 1686 3071 1743 fructuum
3094 1689 3440 1746 dulcedinem
3463 1709 3657 1764 exspe-

399 1789 636 1832 ctamus.
668 1776 795 1832 Haec
832 1786 1013 1831 autem
1050 1776 1164 1831 fere
1204 1776 1260 1830 in
1301 1776 1418 1845 ipsa
1470 1781 1775 1836 senectute,
1826 1773 2049 1844 quando
2081 1776 2195 1845 jam
2236 1776 2389 1831 adest
2435 1777 2613 1832 aetatis
2663 1785 2980 1845 autumnus,
3020 1791 3074 1835 et
3118 1783 3311 1838 mortis
3353 1784 3528 1841 hiems
3559 1786 3656 1844 ad-

398 1876 605 1930 ventat,
640 1873 695 1921 et
742 1868 867 1922 vita:
913 1865 1194 1921 residuum
1250 1875 1467 1935 tempus
1514 1873 1597 1919 est
1649 1881 1756 1919 non
1804 1866 1975 1921 series
2012 1880 2305 1929 annorum,
2350 1866 2445 1922 sed
2485 1875 2597 1923 tres
2631 1876 2726 1922 aut
2757 1879 2995 1939 quatuor
3027 1870 3166 1925 dies.

466 1961 825 2031 Λογισώμεθα
873 1961 1050 2014 τοίνυν
1092 1961 1169 2024 ὡς
1198 1961 1439 2029 λογικοὶ,
1482 1962 1563 2014 ὅτι
1614 1961 1906 2033 παροδικδς
1951 1963 1977 2014 ὁ

2150 1959 2466 2032 Cogitemus
2489 1962 2654 2034 igitur
2687 1980 2811 2028 nos,
2842 1966 2936 2035 qui
2962 1967 3174 2023 ratione
3201 1970 3411 2038 praediti
3441 1985 3652 2038 sumus,

402 2055 512 2123 βίος
541 2053 719 2123 ἡμῶν,
757 2053 851 2107 καὶ
887 2053 1023 2124 ῥέων
1046 2055 1074 2106 ὁ
1104 2052 1315 2124 χρόνος,
1346 2053 1573 2116 ἄστατός
1602 2070 1661 2105 τε
1687 2052 1781 2107 καὶ
1813 2053 1974 2123 ἄσχε-

399 2163 505 2209 τος,
551 2144 740 2215 ὥσπερ
766 2161 820 2197 τι
851 2144 1028 2214 ῥεῦμα
1061 2143 1329 2214 ποταμοῦ,
1363 2145 1472 2197 πᾶν
1510 2143 1570 2196 τὸ
1596 2145 1652 2196 ἐν
1672 2143 1821 2213 αύτῷ
1846 2160 1975 2211 τυγ-

394 2238 553 2307 χάνον
586 2236 822 2289 ἐλαύνων
862 2236 999 2307 πρὸς
1021 2236 1081 2288 τὸ
1127 2237 1226 2307 τῆς
1255 2236 1459 2307 φθορᾶς
1485 2234 1636 2297 τέλος
1658 2250 1674 2266 ’
1722 2236 1813 2288 καὶ
1840 2234 1973 2300 εῐθε,

398 2331 601 2401 βραχὺς
629 2328 705 2382 ὢν
732 2329 827 2382 καὶ
854 2329 1137 2400 ὲπίκηρος,
1169 2330 1410 2398 ὑπῆρχεν
1440 2327 1759 2390 ἀνεύθυνοςί
1807 2327 1976 2380 Τοῦτο

396 2423 453 2476 δέ
482 2424 596 2475 ἐστι
633 2421 695 2475 τὸ
737 2421 1093 2485 ἐπικίνδυνον,
1142 2421 1202 2475 τὸ
1244 2421 1482 2489 ἑκάστης
1528 2420 1698 2490 ὥρας,
1751 2420 1811 2473 ού
1869 2419 1974 2490 μὴν

397 2513 529 2567 ἀλλὰ
556 2514 651 2567 καλ¹
681 2513 790 2566 τῶν
841 2512 1036 2580 λόγων,
1080 2506 1156 2565 ὧν
1186 2510 1559 2581 φθεγγόμεθα,
1592 2509 1670 2581 τῷ
1694 2509 1973 2580 ἀδεκάστῳ
2006 2510 2009 2513 ’

395 2605 727 2676 δικαστηρίῳ
756 2604 854 2675 τὴν
883 2603 1176 2672 ἀπολογίαν
1200 2602 1453 2670 ὀφείλειν.
1486 2602 1578 2655 Διὸ
1616 2602 1711 2655 καὶ
1738 2603 1764 2654 ὁ
1799 2601 1975 2671 μακά-

396 2712 510 2768 ριος
541 2695 874 2766 Ψαλμῳδὸς,
903 2694 1039 2766 πρὸς
1066 2694 1258 2764 ὁμοίαν
1284 2693 1393 2747 τῶν
1424 2692 1518 2746 νῦν
1545 2691 1851 2762 λεγομένων
1886 2689 1972 2742 ἔνο

397 2805 541 2842 νοιαν
573 2788 764 2842 ἑαυτὸν
810 2788 1119 2860 ἀναφέρων,
1160 2786 1424 2858 ἐπιθυμεῖ
1470 2784 1672 2854 γνῶναι
1697 2782 1789 2836 τοῦ
1844 2782 1972 2836 ἰδίου

394 2879 579 2942 τέλους
605 2878 703 2948 τὴν
738 2878 1093 2949 προθεσμίαν.
1141 2877 1455 2944 Ἐκλιπαρεί
1495 2876 1553 2930 δὲ
1585 2874 1673 2929 τὸν
1704 2874 1833 2928 Θεὸν
1866 2873 1973 2926 τῶν

396 2970 690 3024 ἐπιλοίπων
716 2969 936 3040 ἡμερῶν
958 2968 1272 3039 διδαχθῆναι
1297 2969 1387 3021 τὸν
1419 2967 1674 3038 αριθμὸν,
1717 2966 1805 3020 ἵνα
1838 2966 1974 3037 πρὸς

393 3061 461 3115 τὰ
489 3061 625 3133 ἔργα
654 3061 754 3131 τῆς
787 3060 966 3126 ἐξόδου
989 3059 1496 3131 παρασκευάσηται.
1528 3058 1619 3128 Μὴ
1648 3056 1892 3128 ταραχθῇ
1917 3056 1973 3108 δὲ

392 3153 604 3225 ἁθρόως
630 3154 707 3216 ὡς
729 3154 1010 3224 ἀνέτοιμος
1051 3152 1329 3225 δδοιπόρος
1364 3150 1568 3222 μεταξὺ
1598 3148 1851 3219 βαδίζων,
1880 3138 1974 3200 καὶ

391 3246 461 3299 τὰ
513 3247 787 3313 ἀναγκαῖα
832 3243 941 3296 τῶν
986 3244 1213 3311 ἐφοδίων
1263 3240 1595 3312 πριζητῶν.
1633 3242 1800 3312 Φησὶν
1845 3234 1971 3293 οὖν·

393 3309 704 3407 Γνὼρισόν
724 3354 846 3407 μοι,
871 3309 1065 3404 Κύριε,
1096 3337 1164 3389 τὸ
1192 3309 1378 3403 πέρας
1403 3309 1543 3404 μου,
1581 3334 1680 3389 καὶ
1701 3309 1819 3387 ’τὸν
1850 3333 1973 3401 ἀρι-
2000 3309 2044 3367 C

393 3429 542 3499 θμὸν
586 3427 705 3482 τῶν
747 3425 983 3496 ἡμερῶν
1003 3443 1140 3496 μου,
1180 3426 1274 3491 τίς
1310 3426 1482 3479 ἐστιν
1504 3441 1521 3458 ·
1569 3425 1669 3478 ἵνα
1716 3424 1873 3494 γνῶ,
1915 3425 1974 3477 τί

391 3518 621 3588 ὑστερῶ
655 3518 789 3589 ἐγώ.
837 3517 991 3572 Ἰδοὺ
1029 3519 1371 3583 παλαιστὰς
1406 3517 1549 3572 ἔθου
1600 3516 1708 3582 τὰς
1745 3514 1972 3585 ἡμέρας

390 3629 525 3680 μου,
575 3610 673 3664 καὶ
707 3611 745 3677 ἡ
781 3609 1119 3675 ὐπόστασίς
1152 3626 1273 3678 μου
1314 3607 1458 3662 ὡσεὶ
1493 3607 1674 3662 οὐδὲν
1715 3606 1973 3660 ἐνώπιόν

388 3718 526 3758 σου.
581 3702 752 3755 Βλέπε
788 3701 966 3771 ψυχῆς
999 3701 1222 3771 συνετῆς
1271 3701 1540 3772 μέριμναν
1585 3696 1827 3767 ἀγαθὴν,
1879 3698 1973 3751 καὶ

391 3788 652 3850 ταῦτα’ὲν
680 3793 943 3864 βασιλικῷ
972 3792 1260 3862 ἀξιώματι.
1303 3788 1709 3861 Ἐνοπτρίζεται
1748 3788 1859 3859 γὰρ
1883 3789 1974 3841 τὸν

391 3885 623 3940 Βασιλέα
656 3884 764 3937 τῶν
795 3883 1056 3956 βασιλέων
1090 3885 1182 3937 καὶ
1223 3882 1313 3936 τὸν
1359 3880 1563 3953 Κριτὴν
1610 3879 1717 3933 τῶν
1748 3879 1971 3952 κριτῶν·

390 3981 485 4033 καί¹
526 3980 702 4049 ζητεῖ,
747 3978 836 4031 τὸν
867 3977 1069 4030 τέλειον
1097 3976 1301 4046 κόσμον
1340 3975 1447 4029 τῶν
1485 3973 1714 4027 ὲντολῶν
1742 3971 1959 4041 κομισά-

395 4090 573 4142 μενος,
604 4070 860 4126 ἀπελθεῖν
882 4069 1065 4141 ἆρτιος
1097 4070 1196 4139 τῆς
1225 4068 1369 4137 ζωῆς
1388 4068 1487 4136 τῆς
1514 4068 1692 4120 ἐκεῖσε
1726 4064 1969 4134 πολίτης

389 4160 456 4234 ἧς
482 4163 695 4232 γένοιτο
723 4161 931 4224 πάντας
955 4161 1101 4230 ἡμᾶς
1132 4160 1409 4228 ἐπιτυχεῖν
1452 4155 1634 4226 χάριτι
1663 4154 1755 4209 καὶ
1783 4152 1970 4221 φιλαν-

390 4256 608 4328 θρωπίᾳ
631 4255 726 4309 τοῦ
752 4254 959 4325 Κυρίου
989 4251 1147 4325 ἡμῶν
1186 4249 1360 4320 Ἰησοῦ
1388 4247 1646 4320 Χριστοῦ,
1686 4240 1732 4314 ᾧ
1766 4248 1800 4316 ἠ
1839 4244 1966 4309 δόξα

390 4353 469 4414 εἰς
488 4350 616 4412 τοὺς
648 4347 852 4411 αἰῶνας
879 4347 988 4400 τῶν
1015 4345 1245 4399 αἰώνων.
1291 4343 1484 4413 Ἀμήν.

2075 2067 2238 2123 quam
2277 2052 2485 2124 fragilis
2527 2053 2783 2125 fluxaque
2825 2057 2896 2112 sit
2927 2058 3034 2111 vita
3074 2065 3284 2122 nostra,
3313 2076 3474 2130 quam
3510 2064 3658 2119 velo-

2077 2142 2214 2196 citer
2238 2142 2455 2196 labatur
2480 2151 2711 2212 tempus,
2752 2150 2811 2197 ut
2840 2144 2961 2200 sisti
3001 2144 3360 2216 cohiberique
3388 2163 3498 2202 non
3530 2164 3657 2219 pos-

2077 2234 2171 2294 sit,
2234 2243 2294 2288 ut
2348 2234 2589 2289 fluminis
2642 2250 2843 2292 cursus
2898 2236 3082 2291 omnia
3122 2251 3245 2305 qua:
3287 2238 3533 2302 metitur,
3588 2238 3656 2293 ad

2076 2328 2356 2382 interitum
2420 2328 2588 2382 ducat
2642 2334 2695 2383 et
2752 2328 2955 2381 trahat.
3002 2327 3181 2398 Atque
3225 2328 3434 2384 utinam
3491 2330 3657 2385 breve

2077 2426 2292 2473 tantum
2344 2426 2494 2475 esset
2543 2419 2779 2489 spatium
2824 2420 2967 2485 vitae,
3014 2418 3178 2473 modo
3223 2418 3513 2475 reddenda:
3563 2435 3658 2474 ra-

2078 2509 2211 2563 tioni
2268 2525 2377 2563 non
2446 2525 2695 2565 essemus
2749 2510 2992 2565 obnoxii.
3058 2509 3218 2565 Nunc
3282 2520 3466 2566 autem
3523 2513 3657 2568 illud

2078 2601 2273 2654 merito
2306 2610 2562 2670 torquere
2602 2616 2704 2656 nos
2734 2601 2913 2665 debet,
2955 2602 3103 2671 quod
3148 2609 3202 2658 et
3241 2603 3471 2673 singulis
3507 2604 3657 2659 horis

2077 2691 2249 2746 instat
2295 2691 2625 2761 periculum,
2687 2699 2742 2747 et
2804 2692 3159 2763 incorruptus
3214 2700 3378 2763 atque
3447 2695 3655 2764 integer

2076 2780 2363 2837 adeundus
2429 2792 2513 2837 est
2581 2781 2791 2851 judex,
2867 2782 3012 2854 apud
3074 2798 3238 2854 quem
3304 2799 3414 2839 non
3478 2786 3655 2841 solum

2084 2888 2295 2938 eorum,
2328 2890 2450 2943 quae
2482 2873 2732 2939 fecimus,
2771 2876 2865 2929 sed
2906 2875 3172 2940 omnium,
3226 2890 3349 2946 quae
3392 2877 3654 2941 diximus,

2077 2963 2353 3019 reddenda
2384 2966 2546 3021 nobis
2582 2966 2742 3020 ratio.
2778 2965 3144 3034 Quamobrem
3169 2967 3286 3023 haec
3315 2982 3501 3023 secum
3536 2969 3655 3039 ipse

2076 3062 2265 3116 animo
2310 3062 2532 3119 volvens
2579 3061 2774 3117 beatus
2835 3061 2927 3116 ille
2974 3068 3127 3117 vates
3183 3071 3304 3118 avet
3354 3062 3657 3132 intelligere

2077 3151 2406 3222 praefinitum
2437 3152 2734 3208 terminum
2764 3152 2909 3207 vitae.
2954 3149 3141 3222 Itaque
3171 3152 3340 3207 Deum
3377 3160 3653 3223 precatur,

2078 3252 2138 3299 ut
2186 3245 2291 3300 sibi
2342 3259 2634 3300 numerum
2684 3245 2922 3310 dierum,
2977 3246 3066 3314 qui
3119 3246 3313 3316 reliqui
3353 3254 3502 3311 sunt,
3558 3262 3658 3302 an-

2077 3337 2319 3400 nuntiet,
2350 3349 2460 3405 quo
2502 3336 2752 3407 accingat
2784 3351 2909 3393 sese
2954 3337 3019 3390 ad
3060 3351 3147 3402 ea,
3178 3351 3301 3406 quae
3350 3336 3419 3392 ad
3449 3338 3654 3392 exitum

2075 3428 2379 3499 pertinent,
2435 3442 2507 3483 ne
2565 3437 2823 3498 tanquam
2879 3427 3057 3481 viator
3112 3428 3475 3499 improvidus,
3525 3428 3653 3484 dum

2082 3522 2188 3575 iter
2235 3521 2386 3585 facit,
2436 3529 2491 3575 et
2545 3520 2805 3574 viaticum
2858 3521 3232 3576 necessarium
3290 3521 3505 3590 quierit,
3562 3536 3651 3576 re-

2073 3621 2238 3684 pente
2279 3614 2546 3667 turbetur.
2584 3612 2676 3665 Sic
2706 3611 2873 3680 igitur
2907 3612 3123 3681 inquit:
3153 3610 3357 3667 Notum
3382 3612 3470 3681 fac
3500 3612 3650 3675 mihi.

2075 3703 2319 3768 Domine,
2349 3703 2510 3771 ﬁnem
2540 3717 2732 3766 meum,
2760 3709 2811 3755 et
2838 3717 3111 3756 numerum
3155 3701 3361 3756 dierum
3394 3718 3650 3769 meorum,

2078 3793 2198 3864 quis
2221 3802 2321 3856 est,
2360 3800 2420 3846 ut
2459 3792 2626 3846 sciam
2649 3791 2780 3862 quid
2804 3794 2938 3847 desit
2970 3792 3115 3847 mihi.
3156 3792 3290 3847 Ecce
3327 3794 3655 3848 mensurabio

2076 3884 2151 3938 les
2186 3883 2414 3953 posuisti
2456 3882 2567 3936 dies
2603 3897 2767 3947 meos,
2814 3890 2866 3939 et
2896 3881 3198 3938 substantia
3247 3899 3363 3937 mea
3400 3891 3653 3953 tanquam

2076 3974 2301 4028 nihilum
2351 3982 2475 4028 ante
2505 3981 2553 4028 te
2574 3974 2619 4029 ’.
2655 3973 2853 4030 Cernis
2901 3974 3101 4029 animae
3132 3975 3286 4031 bonae
3325 3973 3649 4045 prudentem

2075 4065 2529 4129 sollicitudinem,
2564 4065 2728 4135 idque
2768 4069 2823 4120 in
2850 4065 3077 4123 homine
3121 4068 3176 4123 in
3204 4069 3354 4139 regia
3386 4068 3653 4140 dignitate

2076 4157 2401 4211 constituto.
2444 4154 2556 4211 Nec
2587 4157 2789 4211 mirum
2818 4175 2832 4212 :
2859 4157 3105 4213 intuetur
3147 4159 3293 4215 enim
3330 4159 3530 4232 Regem
3567 4157 3654 4215 reﬂ

2074 4261 2228 4316 gum.
2271 4256 2325 4301 et
2362 4246 2612 4317 judicum
2654 4244 2919 4303 Judicem.
2972 4248 3111 4306 Illud
3145 4259 3328 4306 autem
3375 4252 3647 4315 obsecrat,

2076 4346 2135 4393 ut
2194 4338 2446 4393 absoluta
2509 4338 2890 4394 mandatorum
2946 4341 3299 4399 observantia
3358 4341 3652 4399 decoratus

392 4442 637 4497 discedat
679 4442 889 4508 integer
921 4449 977 4493 et
1009 4438 1282 4508 perfectus
1319 4434 1560 4490 cmlestis
1623 4431 1772 4488 illius
1840 4433 2030 4503 patriae
2069 4429 2229 4494 civis,
2278 4444 2445 4500 quam
2502 4444 2606 4486 nos
2656 4429 2788 4486 item
2848 4445 3041 4490 omnes
3082 4440 3141 4488 ut
3188 4446 3551 4502 assequamur
3591 4442 3647 4490 et

388 4544 518 4605 opto
545 4542 601 4589 et
622 4548 806 4604 spero,
844 4546 939 4602 per
965 4530 1194 4602 gratiam
1226 4539 1281 4585 et
1310 4525 1953 4599 benignitatem‘Domini
1990 4524 2167 4579 nostri
2195 4520 2324 4579 Jesu
2351 4520 2582 4590 Christi,
2620 4523 2711 4578 cui
2752 4524 2929 4596 gloria
2996 4528 3054 4582 in
3091 4533 3378 4583 aeternum.
3446 4523 3647 4582 Amen.

456 4721 477 4752 '
519 4719 654 4774 Luc.
684 4735 806 4785 xvr,
844 4718 907 4773 19
954 4730 1075 4787 sqq.

1150 4714 1171 4747 ³
1200 4714 1335 4769 Luc.
1372 4726 1472 4775 ιιι,
1501 4710 1592 4765 2t).
1671 4709 1855 4765 ’Psal.
1898 4722 2126 4775 xxxvm,
2161 4705 2215 4769 5,
2249 4704 2302 4759 6.
