4072 6156
466 319 559 380 ﬁl
1657 300 1712 354 S.
1762 298 2084 354 GREGORII
2145 295 2433 351 NYSSENI
3572 287 3674 340 ιη

2519 455 3539 474 φ-ο-φυ-Μς--ι
3549 451 3672 463 ‘—

2197 467 2518 478 ._—.._.—-————.

467 477 592 492 ω--ι
598 479 1044 492 u———————-~-
1053 476 1396 484 —-————-——-—-—-—-—

1410 639 1632 728 ΤΟΥ
1671 637 2042 723 ΑΥΤΟΥ
2111 631 2722 720 ΓΡΗΓΟΡΙΟΥ

1191 853 1600 965 ΠΕΡΙ
1710 844 2941 962 ΦΙΔΟΠΤΩΧΙΑΣ

1888 1081 1927 1133 Δ
1935 1079 2102 1133 υΓΟΣ
2140 1079 2211 1128 B'.

1370 1426 1901 1517 EJUSDEM
2005 1429 2095 1515 S.
2185 1421 2761 1517 GREGORII

926 1663 1123 1776 DE
1266 1659 2308 1776 PAUPERIBUS
2445 1653 3185 1771 AMANDIS

1899 1893 2148 1951 ORATIO
2183 1891 2244 1947 11.

1698 2079 1959 2132 Francisco
1987 2083 2108 2131 lino
2150 2077 2420 2142 interprete.

446 2421 508 2484 In
533 2445 597 2484 ea
617 2424 892 2497 Evangelii
916 2425 1068 2480 verba
1092 2439 1108 2478 :
1128 2423 1408 2489 Quatenus
1441 2427 1534 2480 uni
1554 2441 1618 2482 ex
1646 2427 1727 2482 his
1742 2426 2019 2483 feetstis“.
2052 2458 2054 2466 η

2082 2424 2314 2494 ιΛόγος
2361 2424 2448 2499 εις
2482 2419 2548 2499 τὸ
2577 2419 2766 2499 putt)?
2816 2418 2924 2499 τοῦ
2973 2419 3375 2499 Edax-73410.23;
3425 2419 3536 2489 Ἐφ’
3564 2421 3690 2476 ὅσον

965 2506 1015 2549 et
1055 2511 1170 2565 qua:
1201 2505 1508 2565 sequuntur.
2217 2489 2227 2494 ⁷
2361 2492 2573 2560 ὲποιὴσι

2217 2489 2227 2494 ⁷
2361 2492 2652 2560 ἐποιήσατε
2679 2492 2758 2544 ένὶ
2789 2489 3011 2555 τούτων,
3041 2491 3140 2544 καὶ
3168 2490 3238 2544 τὰ
3267 2489 3430 2558 ἑξῆς.

511 2611 700 2665 Adhuc
727 2609 782 2662 in
812 2607 1150 2663 formidolosi
1180 2609 1358 2678 magni
1394 2608 1542 2664 illius
1576 2610 1718 2679 regis
1750 2609 2015 2667 adventus

2189 2609 2309 2662 Ἔτι
2350 2606 2487 2678 πρὸς
2521 2604 2600 2674 τῷ
2633 2603 2865 2676 θεάματι
2907 2602 3004 2673 τῆς
3034 2601 3269 2672 φοϐερᾶς
3293 2601 3386 2654 τοῦ
3428 2599 3691 2670 βασιλέως

446 2702 605 2756 nobis
641 2701 718 2756 'ab
752 2699 1042 2772 Evangelio
1073 2699 1332 2768 descripti
1387 2700 1846 2769 contemplatione
1876 2701 2014 2756 deti-

2117 2699 2435 2768 ὲπιφανείας
2462 2697 2599 2768 εἰμὶ,
2633 2697 2698 2767 ἢν
2744 2696 3046 2765 ὑπογράφει
3074 2693 3136 2746 τὸ
3178 2692 3528 2761 Εὖαγγέλιον.
3567 2691 3690 2745 Ἔτι

445 2807 598 2847 ncor.
639 2791 830 2845 Adhuc
859 2799 1066 2844 attente
1093 2790 1464 2844 consideranti
1497 2798 1900 2860 metum,quem
1933 2792 2016 2845 in-

2121 2791 2462 2861 κατέπτηχεν
2508 2791 2542 2859 ἡ
2587 2788 2753 2858 ψυχὴ,
2795 2787 2929 2857 πρὸς
2953 2787 3042 2838 τὸν
3067 2785 3226 2854 φόϐον
3253 2784 3362 2838 τῶν
3386 2785 3693 2855 εἰρημένων

446 2880 562 2951 )icit
602 2896 665 2935 ea
717 2880 1184 2943 commemoratio,
1213 2880 1407 2948 refugit
1456 2881 1749 2950 horretque
1779 2880 2012 2936 animus.

2118 2879 2527 2944 ένατενίζουσα·
2566 2879 2642 2941 ὡς
2687 2877 2974 2949 καθορῶσα
3011 2877 3212 2946 τρόπον
3260 2876 3383 2930 τινὰ
3431 2878 3588 2931 αὐτόν
3631 2892 3691 2931 τε

447 2973 578 3026 Nam
619 2971 894 3027 cmlestem
926 2973 1099 3040 ipsum
1133 2987 1314 3041 regem
1366 2973 1420 3024 in
1460 2972 1658 3026 throno
1690 2973 2013 3042 majestatis,

2115 2973 2208 3026 τὸν
2243 2971 2486 3042 οὐρανῶν
2531 2969 2775 3040 βασιλέα,
2807 2967 2986 3031 καθώς
3016 2983 3178 3038 φησιν
3207 2971 3236 3021 ὁ
3278 2967 3453 3036 λόγος,
3480 2968 3568 3020 ἐπὶ
3596 2969 3691 3022 τοῦ

447 3070 503 3114 ιιι
523 3062 595 3115 ibi
627 3059 980 3124 describitur,
1010 3059 1239 3113 terribili
1268 3059 1500 3128 quodam
1530 3061 1690 3115 modo
1724 3063 2016 3132 praesiden-

2119 3064 2308 3136 θρόνου
2348 3062 2449 3131 τῆς
2494 3061 2652 3132 δόξης
2688 3060 2932 3132 φοϐερῶς
2973 3059 3420 3131 προκαθήμενονο
3467 3061 3560 3114 καὶ
3601 3062 3693 3113 τὸν

447 3162 554 3206 teni
579 3150 710 3204 mihi
743 3149 927 3203 videor
954 3148 1172 3203 intueri.
1191 3149 1533 3219 Magniﬁcum
1557 3150 1707 3204 illum
1736 3153 2015 3218 thronum,

2123 3150 2515 3224 μεγαλοπρεπῆ
2545 3151 2733 3221 θρόνον
2767 3150 2968 3202 ἐκεῖνον
2991 3164 3005 3178 ⁸
3047 3148 3194 3210 ὅστις
3221 3147 3349 3201 ποτε
3386 3149 3481 3202 καὶ
3507 3150 3536 3201 ὁ
3565 3149 3692 3220 θρόο

447 3243 758 3312 quicunqne
783 3239 1012 3294 thronus
1045 3239 1134 3293 ille
1155 3241 1247 3304 sit,
1280 3254 1405 3294 eum
1432 3240 1523 3308 qui
1559 3241 1710 3295 nullo
1735 3251 2018 3297 coercetur

2119 3260 2207 3307 νος
2235 3244 2380 3297 ἐστὶν
2408 3243 2436 3296 ό
2482 3240 2674 3312 χωρῶν
2719 3240 2776 3293 έν
2820 3237 2996 3309 έαυτῷ
3037 3238 3128 3291 τὸν
3153 3239 3463 3310 ἀχώρητον·
3505 3240 3603 3304 τάς
3632 3258 3690 3293 τε

449 3338 591 3402 loco,
621 3333 991 3388 continentem
1027 3346 1210 3387 cerno.
1245 3332 1669 3387 Innumerabilia
1701 3334 2018 3404 angelorum

2120 3334 2377 3404 ἀπείρους
2403 3333 2514 3385 τῶν
2544 3330 2790 3400 ἀγγέλων
2823 3328 3088 3399 μυριάδας
3125 3328 3356 3394 ὲκείνας,
3402 3332 3460 3383 ὲν
3509 3331 3691 3400 κύκλῳ

450 3442 628 3497 regem
661 3423 1084 3494 constipantium
1138 3423 1305 3478 millia
1358 3425 1533 3480 video.
1586 3424 1839 3496 Magnum
1886 3429 2019 3499 quin

2119 3423 2210 3477 τὸν
2254 3424 2475 3494 βασιλέα
2521 3421 2916 3494 περιεστώσαςο
2960 3422 3119 3475 αὐτόν
3156 3438 3214 3475 τε
3253 3421 3344 3474 τὸν
3392 3422 3563 3492 μέγαν
3601 3425 3693 3475 καὶ

447 3518 611 3572 etiam
669 3516 844 3587 ipsum
892 3529 956 3568 ac
1007 3513 1405 3569 formidandum
1450 3532 1632 3587 regem
1679 3518 1905 3588 aspicio,
1953 3536 2020 3574 ex

2123 3515 2349 3586 φοϐερὸν
2397 3513 2640 3585 βασιλέα,
2696 3514 2761 3566 ὲκ
2811 3513 2910 3584 τῆς
2962 3513 3241 3584 ἀφράστου
3280 3512 3436 3578 δόξης
3472 3514 3564 3566 ἐπὶ
3597 3516 3693 3584 τὴν

451 3611 714 3663 immensa
739 3606 912 3678 gloria
933 3607 989 3660 in
1009 3614 1260 3660 naturam
1286 3606 1578 3661 humanam
1608 3609 2017 3680 despicientem,

2121 3606 2467 3679 ἀνθρωπίνην
2527 3604 2944 3660 κατακύπτοντα
2996 3605 3189 3674 φύσιν,
3234 3605 3327 3658 καὶ
3385 3607 3492 3658 πᾶν
3541 3606 3691 3674 γένος

450 3707 503 3750 et
531 3696 783 3751 universa
803 3710 1000 3766 genera
1037 3695 1337 3760 hominum,
1357 3699 1672 3770 quicunque
1706 3715 1769 3755 ex
1792 3715 1857 3756 eo
1883 3711 2020 3756 tem-
2053 3748 2058 3801 1

2083 3752 2094 3799 ι
2123 3698 2422 3770 ἀνθρώπων
2465 3698 2573 3750 τῶν
2611 3696 2704 3766 ἀφ’
2735 3689 2795 3750 οὗ
2828 3697 3110 3764 γεγόνασιν
3150 3695 3440 3766 ἄνθρωποι,
3474 3696 3568 3751 καὶ
3601 3697 3691 3766 μέ-

450 3799 601 3855 pore,
631 3799 740 3854 quo
798 3785 1032 3852 primum
1089 3786 1336 3853 generari
1403 3787 1651 3844 homines
1711 3785 2058 3860 cmperunt,‘

2084 3785 2216 3862 ’χρι
2245 3791 2343 3859 τῆς
2389 3788 2624 3860 φοϐερᾶς
2673 3789 2972 3858 ἐμφανείας
3016 3787 3226 3858 ἐκείνης
3272 3789 3692 3858 εὑρισκομένων,

451 3890 626 3944 uSque
671 3876 737 3929 ad
767 3877 1041 3943 metuendi
1070 3877 1216 3933 illius
1255 3877 1518 3934 adventus
1563 3879 1705 3934 diem
1749 3884 2024 3948 reperian-

2126 3881 2445 3953 ἀθροίζοντα
2472 3897 2530 3933 τε
2566 3879 2700 3950 πρὸς
2735 3879 2946 3944 ἑαυτὸν,
2976 3879 3070 3932 καὶ
3108 3878 3249 3931 κατὰ
3282 3879 3379 3950 τὴν
3409 3879 3564 3942 ἀξίαν
3587 3878 3693 3931 τῶν

453 3976 562 4028 tur,
589 3965 658 4018 ad
704 3980 763 4019 se
801 3977 1242 4034 congregantem,
1287 3969 1624 4040 singulisque
1658 3985 1725 4024 ex
1759 3972 2024 4028 instituta:

2129 3971 2471 4042 βεϐιωμένων
2519 3968 2733 4038 ἑκάστῳ
2759 3968 2856 4038 τὴν
2889 3967 3068 4038 κρίσιν
3117 3967 3410 4036 ἐπάγοντα,
3446 3971 3556 4031 τοῖς
3599 3968 3691 4038 μὲν

453 4067 506 4110 et
529 4063 790 4110 anteactae
818 4056 939 4109 vitae
964 4057 1172 4112 ratione
1201 4068 1254 4112 et
1289 4060 1516 4125 meritis,
1535 4062 1617 4116 vel
1644 4063 1861 4131 prmmia
1891 4063 2025 4118 dan-

2124 4060 2272 4133 δεξιᾷ
2302 4063 2366 4131 τῇ
2404 4060 2718 4131 προαιρέσει
2758 4059 3020 4130 συζήσασι
3051 4061 3121 4112 τὰ
3163 4059 3332 4124 δεξιὰ,
3379 4061 3564 4123 καθὼς
3623 4062 3691 4114 εἴ·

437 4147 586 4208 ‘tem,
622 4146 705 4201 vel
733 4147 1062 4217 irrogantem
1110 4148 1398 4218 supplicia,
1440 4151 1545 4206 illis
1578 4153 1670 4220 qui
1712 4164 1857 4207 recte
1894 4168 2024 4208 san-

2131 4170 2309 4224 ρηται,
2349 4150 2726 4222 χαριζόμενον,
2757 4153 2869 4214 τοῖς
2896 4149 2952 4204 δὲ
2986 4152 3193 4215 σκαιοῖς
3234 4167 3295 4203 τε
3333 4152 3427 4202 καὶ
3457 4151 3693 4221 ἀποϐλη-

457 4247 652 4307 elcque
705 4238 954 4303 vixerint,
999 4237 1065 4292 ad
1111 4238 1389 4294 dexteram
1439 4250 1668 4310 partem,
1709 4250 1766 4296 ut
1816 4244 2022 4299 dictum

2125 4259 2256 4305 τοις,
2291 4240 2387 4311 τὴν
2414 4240 2746 4310 κατάλληλον
2769 4241 2880 4302 τοῖς
2909 4239 3259 4310 βεϐιωμένοις
3284 4240 3693 4311 ἀποκληροῦντα

456 4339 556 4392 est,
585 4329 906 4384 collocatis:
936 4330 1029 4398 qui
1084 4345 1211 4384 vero
1249 4329 1514 4401 ﬂagitiose
1563 4341 1616 4386 et
1652 4333 1924 4403 improbe,
1956 4334 2024 4388 ad

2125 4331 2304 4401 ψῆφον
2326 4346 2338 4359 '
2374 4331 2692 4398 ἐπιλέγοντα
2725 4330 3026 4401 ἑκατέροις,
3054 4332 3166 4392 τοίς
3195 4329 3294 4399 μὲν
3323 4330 3420 4401 τὴν
3441 4331 3694 4399 γλυκεῖαν

457 4423 737 4476 sinistram
771 4422 982 4490 positis,
1015 4430 1067 4475 et
1099 4422 1493 4476 condemnatis.
1535 4421 1806 4492 Utrosque
1844 4435 2022 4478 autem

2127 4423 2222 4476 καὶ
2267 4421 2474 4493 ἀγαθὴν
2504 4423 2716 4492 εκείνην
2752 4422 2969 4491 φωνὴν,
3007 4421 3088 4474 ὅτι
3119 4422 3315 4485 Δεῦτε,
3352 4426 3406 4476 ot
3447 4426 3696 4492 εὐλογη-

458 4509 673 4564 diversa
732 4515 912 4562 tamen
969 4509 1180 4563 ratione
1224 4509 1582 4578 appellantem
1641 4510 1822 4566 audio.
1876 4511 2025 4567 Alios

2123 4509 2294 4578 μένοι
2336 4509 2443 4563 τοῦ
2496 4511 2724 4577 Πατρός
2747 4525 2897 4578 μου·
2942 4512 3053 4572 τοῖς
3097 4509 3152 4563 δὲ
3191 4509 3286 4581 τὴν
3325 4512 3567 4583 φρικώδη
3607 4516 3696 4567 καὶ

456 4602 598 4654 enim
639 4599 975 4654 dulcissimis
1008 4599 1116 4653 illis
1157 4614 1220 4653 ac
1267 4599 1620 4654 faustissimis
1669 4599 1851 4655 verbis
1890 4602 2025 4654 allo-

2129 4599 2367 4672 φοϐεράν
2417 4601 2664 4670 ἀπειλὴν,
2699 4601 2779 4652 ὃτι
2813 4601 3163 4668 Πορεύεσθε,
3196 4605 3248 4656 οἱ
3281 4604 3693 4673 κατηραμένοι.

459 4691 669 4762 quitur:
695 4687 895 4752 Venite,
931 4690 1184 4744 benedicti
1228 4689 1410 4743 Patris
1442 4691 1540 4742 mei
1569 4705 1588 4753 ;
1616 4691 1752 4746 alios
1779 4691 2024 4747 horribili

2129 4691 2283 4746 Οὖτω
2316 4692 2371 4745 δέ
2405 4708 2494 4762 μοι
2519 4691 2616 4762 τῆς
2643 4690 2819 4761 ψυχῆς
2848 4691 2984 4762 πρὸς
3015 4691 3107 4745 τὸν
3136 4691 3245 4746 τῶν
3275 4694 3697 4762 ἀνεγνωσμένων

455 4798 520 4835 ac
562 4781 849 4836 metuenda
883 4781 972 4834 illa
1001 4779 1421 4834 comminatione
1461 4799 1472 4832 :
1513 4778 1616 4843 Ite,
1651 4781 1938 4846 maledicti,
1971 4783 2026 4834 in

2129 4783 2288 4851 φόϐον
2319 4781 2674 4851 διατεθείσης,
2714 4783 2790 4844 ὼς
2812 4785 2829 4802 ¹
2855 4783 2872 4802 ⁶
2901 4786 2920 4806 ⁶
2971 4782 3109 4853 πρὸς
3145 4785 3328 4847 αὐτοῖς
3355 4784 3531 4838 δοκεῖν
3562 4783 3697 4839 εἶναι

458 4874 626 4940 ignem
657 4882 928 4928 (sternunt.
957 4870 1047 4924 Sic
1071 4879 1250 4924 autem
1282 4871 1410 4924 mihi
1445 4873 1559 4927 haec
1586 4873 1778 4942 legenti
1807 4880 1865 4940 ρι
1897 4887 2028 4926 con-

2127 4876 2239 4935 τοῖς
2275 4873 2582 4944 πράγμασι.
2634 4873 2744 4926 Καὶ
2798 4872 2905 4925 τῶν
2944 4874 3227 4944 παρόντων
3275 4876 3699 4930 ἐπαισθάνεσθαι

467 4964 724 5020 sideranti
771 4962 999 5018 affectus
1022 4969 1073 5017 et
1105 4963 1524 5032 perterrefactus
1573 4971 1656 5019 est
1690 4965 1924 5028 animus,
1969 4970 2026 5017 ut

2133 4965 2377 5034 μηδενὸς,
2413 4964 2667 5034 οὐδεμίαν
2715 4966 2744 5017 ὁ
2788 4964 2910 5028 νοῦς
2971 4965 3094 5032 ἄγει
3138 4965 3350 5036 σχολὴν,
3403 4967 3535 5038 πρὸς
3575 4968 3701 5020 ἄλλο

467 5060 480 5127 [
511 5071 572 5109 ea
621 5070 729 5108 non
762 5055 883 5125 legi,
918 5053 1014 5108 sed
1050 5053 1188 5117 ﬁeri,
1241 5069 1350 5108 non
1405 5055 1764 5123 pronuntiari,
1801 5055 1894 5110 sed
1941 5055 2026 5125 agi
2055 5095 2075 5152 ί

2092 5074 2182 5151 ἱτι
2235 5055 2451 5126 βλέπειν
2495 5056 2603 5110 τῶν
2652 5055 3024 5126 προκειμένων
3070 5058 3149 5119 εἰς
3205 5057 3448 5122 ἐξέτασίν
3495 5077 3554 5111 τε
3609 5063 3700 5113 καὶ

458 5147 857 5215 quodammodo
901 5146 1237 5212 existimem,
1264 5147 1484 5216 jamque
1515 5162 1622 5201 non
1652 5147 1856 5212 audire,
1894 5145 2025 5218 sed]
2064 5145 2066 5148 ’

2093 5145 2097 5151 ’
2131 5148 2363 5216 θεωρίαν
2391 5146 2468 5218 τῷ
2522 5147 2695 5218 λόγῳ·
2726 5147 2901 5200 καίτοι
2935 5165 2997 5215 γε
3032 5148 3091 5200 οὐ
3125 5149 3294 5218 μικρὰ
3326 5149 3498 5202 ταῦτά
3531 5152 3701 5212 ἐστιν,

461 5239 615 5305 plane
641 5237 804 5291 rebus
831 5237 964 5306 ipsis
988 5238 1250 5293 interesse
1279 5237 1412 5291 mihi
1445 5237 1651 5292 videor.
1675 5241 1862 5307 Itaque
1886 5253 2026 5308 pne-

2131 5239 2250 5293 οὑδὲ
2287 5239 2472 5309 ὀλίγης
2503 5239 2780 5309 ζητήσεως
2809 5239 2954 5304 ἀξια,
3002 5241 3062 5292 τὸ
3099 5239 3299 5307 γνῶναι
3331 5241 3446 5305 πῶς
3485 5241 3700 5311 ἔρχεται

461 5325 692 5380 sentium
721 5325 1108 5395 nihilamplius
1127 5329 1323 5391 sentio,
1357 5341 1456 5384 nec
1486 5327 1650 5382 menti
1679 5337 1835 5382 vacat
1857 5328 2028 5397 respi-

2130 5332 2157 5382 ό
2203 5332 2288 5384 ἀεὶ
2341 5331 2550 5403 παρών.
2634 5331 2778 5386 Ἰδοὺ
2826 5332 2952 5402 γὰρ,
2994 5332 3147 5402 φησὶ,
3192 5333 3322 5401 μεθ’
3365 5332 3532 5402 ὑμῶν
3586 5335 3700 5403 ειμι

460 5431 584 5470 cere
642 5415 708 5469 ad
761 5416 908 5470 aliud
967 5416 1262 5487 quidquam
1327 5434 1551 5484 eorum,
1595 5435 1713 5488 qua:
1775 5420 1907 5474 mihi
1957 5420 2022 5474 ad

2131 5421 2330 5486 πάσας
2376 5423 2482 5486 τὰς
2528 5422 2781 5491 ήμέρας’
2833 5423 2925 5476 καὶ
2960 5425 3006 5475 εξ
3055 5423 3172 5491 μεθ’
3221 5423 3376 5494 ἡμῶν
3413 5419 3550 5477 εἶναι
3607 5443 3701 5478 πε-

461 5504 850 5575 cxplorandum
892 5514 945 5561 ct
997 5508 1471 5578 contemplandum
1528 5510 1801 5580 proposita
1858 5519 2024 5572 sunt,

2139 5514 2435 5580 πίπτευτκι,
2476 5515 2587 5578 πῶς
2613 5516 2758 5585 ἥξειν
2781 5516 2852 5578 ὡς
2875 5516 2934 5568 οὐ
2973 5513 3159 5584 παρὼν
3191 5515 3619 5584 ὲπαγγέλλεταις
3653 5514 3697 5568 εἰ

539 5679 580 5706 ⁸³
620 5677 805 5733 Matth.
871 5695 993 5745 xxv,
1027 5681 1089 5732 40
1132 5698 1250 5751 sqq.
