4072 6156
327 242 429 306 ιτς),
1455 240 1545 327 ne
1584 234 2023 300 “premens
2049 240 2370 299 AMANDIS.
3460 247 3564 310 ιιι

324 360 433 430 γὰρ
468 357 538 411 ἐν
566 353 728 420 αὐτῷ
757 352 943 425 caper
969 370 1034 408 τε
1071 352 1169 408 καὶ
1204 353 1524 423 κινούμεθα
1554 355 1655 408 και
1681 354 1882 426 ἐσμὲν,

1992 355 2240 423 quamvis
2267 369 2328 409 ea
2359 354 2607 424 profecto
2644 368 2741 409 nec
2780 368 2946 424 parva
2980 354 3116 422 sint,
3162 370 3263 412 nec
3312 372 3562 429 esiguam

325 445 506 511 καθώς
552 461 714 515 φησιν
761 445 791 497 ό
853 444 1204 508 ’Λπόστολος,
1256 443 1482 515 οὐδεμία
1539 445 1754 517 μηχανὴ
1797 444 1892 498 τοῦ

323 534 818 615 περιδεδραγμένου
851 535 958 588 τῶν
1005 535 1221 589 πάντων
1251 535 1376 598 τοὺς
1408 536 1464 588 ἐν
1493 536 1641 607 αὐτῷ
1666 553 1893 607 κατεχο-

325 628 517 694 μένους
545 625 782 689 τοπικῶς
807 626 1137 697 ἀποστήσει·
1170 624 1310 679 ῶστε
1341 627 1374 697 ἢ
1402 625 1497 679 νῦν
1530 626 1604 697 μὴ
1640 630 1892 697 παρεῖναι

322 719 432 782 τοῖς
459 716 945 788 ὲμπεριεχομένοις
965 756 981 781 ,
1012 715 1045 786 ἢ
1075 716 1287 788 χρόνοις
1313 714 1539 789 ὕστερον
1560 717 1893 787 παρέσεσθαί

322 827 452 863 ποτε
480 809 870 883 προσδοκῆσαι.
905 807 1000 870 Τίς
1026 806 1081 860 δὲ
1121 809 1216 862 καὶ
1243 809 1277 879 ἡ
1307 805 1403 862 τοῦ
1431 808 1723 878 ἀσωμάτου
1757 807 1893 861 καθ-

322 900 485 972 689a;
531 899 627 953 καὶ
687 900 720 969 ἡ
769 896 863 951 τοῦ
925 897 1156 968 ἀοράτου
1220 898 1522 969 ὲμφάνεια;
1574 899 1668 951 καὶ
1719 899 1752 969 ἡ
1797 896 1892 951 τοῦ

321 989 726 1061 ἀσχηματίστου
778 991 992 1061 μορφή;
1048 991 1141 1044 καὶ
1186 992 1220 1061 ἠ
1268 990 1361 1044 τοῦ
1405 991 1688 1061 ἀχωρήτου
1726 992 1783 1043 ὲν
1815 988 1894 1062 τῷ

322 1081 496 1152 θρόνῳ
531 1081 882 1153 περιγραφή;
939 1080 1033 1132 καὶ⁵
1067 1079 1242 1133 πάντα
1281 1080 1347 1132 τὰ
1378 1079 1620 1146 τοιαῦτα,
1666 1078 1742 1143 ὡς
1775 1079 1892 1149 μεί-

322 1173 448 1238 ζονα
498 1171 532 1242 ἢ
580 1168 722 1225 κατὰ
772 1170 864 1223 τὸν
928 1170 1167 1242 παρόντα
1220 1170 1431 1238 καιρὸν,
1491 1168 1887 1242 ὑπερθήσομαι.

321 1263 511 1325 Ὅπως
532 1261 575 1313 δ’
605 1260 671 1314 ἂν
704 1259 778 1331 μὴ
807 1261 887 1323 είς
910 1259 1010 1330 τὴν
1032 1258 1140 1312 τῶν
1164 1243 1481 1331 ἀποϐλήτων
1506 1260 1785 1330 ἀπωσθείη
1794 1276 1893 1330 μεν

316 1354 490 1418 τάξιν,
527 1352 662 1423 πρὸς
706 1350 881 1415 τοῦτο,
932 1350 1114 1415 καθὼς
1159 1350 1225 1405 ἂν
1271 1345 1382 1415 οἷός
1432 1366 1492 1404 τε
1537 1345 1601 1418 ὧ,
1647 1352 1784 1420 πρὸς
1831 1351 1893 1404 τὸ

318 1445 495 1498 κοινὸν
518 1444 708 1515 κέρδος
731 1443 914 1515 τρέψω
941 1442 1034 1497 τὸν
1060 1442 1234 1511 λόγον.
1260 1441 1470 1515 Σφόδρα
1494 1442 1622 1514 γάρ,
1648 1442 1888 1512 ἀδελφοὶ,

319 1536 526 1606 σφόδρα
578 1533 716 1605 πρὸς
760 1534 860 1605 τὴν
908 1533 1134 1604 ἀπειλὴν
1186 1534 1598 1604 κατεπτόημαι·
1648 1533 1743 1587 καὶ
1792 1535 1891 1588 οὐκ

314 1624 586 1696 ἀρνοῦμαι
634 1625 734 1694 τῆς
783 1623 962 1696 ψυχῆς
1000 1640 1099 1694 μου
1134 1623 1194 1676 τὸ
1239 1624 1429 1686 πάθος,
1477 1622 1805 1695 Ἐϐουλόμην
1844 1625 1889 1678 δ’

1992 444 2393 514 indagationem
2426 445 2711 514 requirant
2739 463 2754 512 ;
2785 446 3061 516 quomodo
3090 446 3342 503 videlicet
3380 451 3563 506 venire

1992 534 2350 604 intelligatur,
2376 535 2469 604 qui
2499 551 2715 605 semper
2746 536 2921 601 adest,
2949 539 3250 607 praesertim
3280 540 3403 594 eum
3446 541 3563 610 ipse

1990 624 2135 680 dicat
2169 644 2182 679 :
2213 628 2347 679 Ecce
2374 625 2638 679 vobiscum
2664 642 2780 679 sum
2805 627 3044 681 omnibus
3067 627 3247 682 diebus
3278 626 3464 700 [usque
3494 632 3563 684 ad

1991 717 2491 771 consummationem
2524 716 2705 771 saeculi
2741 716 2813 788 ⁸⁸]
2846 734 2863 783 ;
2896 726 2951 772 et
2998 718 3044 772 si
3098 719 3380 775 nobiscum
3441 734 3561 775 csse

1992 807 2235 862 creditur
2257 845 2272 870 ,
2304 804 2578 876 quomodo
2610 816 2875 862 venturus
2897 847 2913 874 ,
2948 815 3206 878 tanquam
3254 825 3363 864 non
3397 811 3558 875 adsit,

1990 895 2383 951 existimetur?
2424 895 2479 949 Si
2518 896 2664 951 enim
2708 898 2763 950 in
2799 898 2912 965 ipso
2936 899 3019 963 (ut
3046 900 3222 968 inquit
3247 900 3560 971 Apostolus)

1990 984 2241 1047 vivimus,
2272 1000 2575 1049 movemur,
2609 995 2660 1039 et
2709 1002 2890 1049 sumus
2920 987 2986 1050 “,
3022 988 3173 1041 nullo
3226 991 3388 1044 modo
3444 990 3560 1045 fieri

1989 1084 2190 1145 potest,
2226 1084 2285 1130 ut
2324 1076 2393 1131 ab
2421 1076 2536 1139 illo,
2569 1078 2664 1146 qui
2694 1077 3076 1147 complectitur
3098 1081 3300 1144 omnia,
3328 1082 3387 1147 ii,
3419 1072 3562 1153 quos

1991 1165 2109 1235 ipse
2140 1166 2576 1237 comprehendit,
2625 1169 2748 1222 loco
2793 1168 3197 1235 discludantur,
3242 1172 3315 1226 ita
3356 1182 3414 1227 ut
3467 1184 3562 1229 aut

1990 1273 2138 1312 nunc
2182 1258 2408 1313 minime
2447 1258 2592 1314 adsit
2633 1258 2718 1314 bis
2770 1260 2863 1329 qui
2899 1260 2969 1314 ab
3015 1261 3136 1330 ipso
3191 1264 3559 1329 continentur,

1990 1358 2085 1403 aut
2131 1356 2254 1418 post
2308 1348 2528 1416 aliquod
2579 1356 2793 1420 tempus
2846 1350 3142 1407 adfuturus
3194 1362 3553 1421 exspectetur.

1990 1438 2277 1504 Praeterea,
2296 1456 2416 1511 quae
2440 1442 2616 1511 possit
2643 1458 2764 1498 esse
2793 1443 2940 1498 illius
2968 1453 3062 1498 aut
3088 1443 3266 1507 sedes,
3294 1455 3387 1498 aut
3422 1461 3562 1514 pra:-

1992 1530 2187 1594 sentia,
2222 1540 2315 1584 aut
2363 1530 2536 1585 forma
2562 1568 2577 1596 ,
2608 1540 2701 1586 aut
2744 1535 2798 1587 in
2854 1534 3056 1589 throno
3096 1536 3561 1606 circumscriptio,

1992 1621 2085 1690 qui
2114 1629 2168 1676 et
2193 1636 2424 1692 corpore
2451 1629 2626 1687 caret,-
2660 1633 2714 1678 et
2762 1624 2934 1678 videri
2975 1641 3083 1679 non
3127 1633 3324 1695 potest,
3359 1637 3414 1680 et
3457 1626 3567 1680 for-

314 1715 381 1769 ἃν
416 1715 507 1768 καὶ
548 1715 692 1785 ὑμᾶς
726 1714 800 1785 μὴ
828 1712 1310 1785 καταφρονητικῶς
1354 1712 1497 1783 ἔχειν
1532 1713 1641 1768 τῶν
1686 1714 1882 1782 φόϐων.

1991 1726 2132 1766 mam
2159 1713 2361 1767 nullam
2392 1714 2575 1780 habet,
2594 1725 2647 1770 et
2673 1716 2876 1785 ubique
2901 1717 2981 1771 sic
3011 1717 3184 1778 adest,
3211 1725 3270 1771 ut
3296 1732 3566 1787 nusquam

311 1807 601 1877 Μακάριος
632 1805 742 1876 γάρ
769 1803 828 1868 ὃς
870 1806 1239 1876 καταπτήσσει
1272 1792 1447 1858 πάντα
1479 1803 1545 1858 δι’
1585 1804 1887 1859 εὐλάϐειαν.

324 1898 385 1950 ’0
441 1896 496 1950 δὲ
554 1893 910 1965 καταφρονῶν
957 1895 1329 1965 πράγματος,-
1350 1897 1891 1967 καταφρονηθήσεται

310 1989 404 2042 ὕπ’
443 1988 627 2052 αὐτοῦ,
674 1986 805 2058 φησί
859 2002 961 2039 που
1004 1985 1104 2057 τῆς
1159 1987 1349 2055 σοφίας
1381 1989 1409 2039 ὁ
1451 1987 1624 2056 λόγος.
1684 1986 1891 2040 Οὐκοῦν

309 2079 417 2152 πρὸ
445 2081 546 2148 τῆς
578 2077 726 2149 ὧρας
756 2076 863 2130 τῶν
894 2077 1099 2142 κακῶν,
1133 2078 1194 2130 τὸ
1230 2078 1305 2147 μὴ
1331 2079 1388 2131 ὲν
1421 2077 1587 2150 πείρα
1619 2078 1726 2131 τῶν
1757 2095 1889 2131 σκυ-

308 2170 545 2241 θρωπῶν
572 2168 825 2238 γενέσθαι
866 2168 1257 2239 φροντίσωμεν.
1293 2169 1388 2232 Τίς
1414 2169 1471 2222 δὲ
1519 2171 1552 2239 ἡ
1593 2169 1879 2241 ἀπαλλαγὴ

306 2262 415 2316 τῶν
444 2260 722 2333 φοϐερῶν;
759 2260 832 2313 Τὸ
862 2259 1064 2329 ταύτην
1092 2260 1185 2313 τοῦ
1222 2260 1335 2331 βίου
1365 2259 1463 2332 τὴν
1494 2260 1611 2314 ὁδὸν
1643 2260 1877 2325 ἑλέσθαι,

1987 1804 2240 1859 concludi
2279 1806 2560 1861 secludive
2589 1807 2779 1883 possit.
2820 1805 2943 1862 llaec
2980 1807 3145 1878 igitur
3184 1820 3237 1864 et
3269 1817 3464 1863 caetera
3510 1808 3565 1862 id

1986 1910 2158 1966 genus
2191 1904 2449 1966 tanquam
2485 1898 2715 1967 majora,
2766 1913 2927 1967 quam
2961 1908 3017 1952 ut
3052 1915 3081 1953 a
3120 1900 3278 1956 nobis
3321 1901 3377 1954 in
3425 1914 3562 1970 prae.

1988 1988 2165 2043 sentia
2196 1990 2459 2059 explicari
2500 1991 2732 2054 valeant,
2766 1990 3103 2055 omittemus,
3142 1999 3198 2045 et
3254 1992 3564 2046 communis

1989 2079 2240 2135 utilitatis
2268 2082 2440 2151 gratia
2486 2082 2616 2135 illuc
2646 2081 2950 2136 orationem
3000 2091 3246 2139 nostram
3279 2092 3563 2140 converte-

1987 2184 2130 2231 mus.
2173 2180 2253 2235 ut,
2282 2187 2391 2241 quo
2447 2181 2605 2242 pacto
2654 2172 2770 2227 fieri
2816 2174 3008 2243 possit,
3048 2191 3115 2228 ne
3160 2176 3472 2246 redigamur
3508 2177 3563 2231 in

1984 2260 2345 2329 reproborum
2415 2262 2700 2326 ordinem,
2760 2277 2859 2333 pro
2915 2265 3126 2322 viribus
3185 2268 3561 2322 ostendamus.

303 2354 374 2424 ἢν
407 2353 503 2406 νῦν
532 2350 807 2416 ὑπέδειξεν
836 2353 971 2423 ἡμῖν
996 2353 1024 2405 ό
1052 2350 1228 2420 λόγος,
1257 2351 1355 2422 τὴν
1382 2350 1690 2421 πρόσφατον
1712 2349 1878 2413 ὅντως

1983 2349 2265 2421 Equidem,
2299 2361 2357 2407 ut
2390 2354 2622 2425 ingenue
2674 2354 2846 2410 fatear
2882 2357 3345 2427 perturbationem
3395 2357 3561 2411 animi

303 2444 401 2498 καὶ
424 2443 625 2508 ζῶσαν.
1980 2444 2109 2509 mei,
2153 2449 2523 2513 vehementer,
2558 2464 2592 2504 ο
2628 2449 2860 2516 fratres,
2895 2450 3242 2505 vehementer
3292 2449 3383 2503 illa
3413 2465 3562 2505 com-

302 2537 605 2593 minatione
666 2533 996 2591 conterritus
1042 2548 1186 2588 sum.
1231 2531 1346 2588 Hoc
1401 2540 1581 2589 autem
1634 2533 1828 2588 timore
1886 2547 1983 2590 vos
2037 2537 2162 2590 item
2214 2538 2350 2593 allici
2398 2541 2558 2595 velim
2618 2558 2795 2612 neque
2858 2557 2980 2596 eum
3040 2543 3149 2596 ulla
3199 2542 3409 2596 ratione
3465 2541 3563 2597 de-

300 2630 536 2701 spicere.
581 2628 780 2683 Beatus
830 2627 977 2682 enim
1028 2626 1114 2681 vir
1161 2626 1254 2696 qui
1304 2633 1524 2681 veretur
1573 2625 1756 2680 omnia
1794 2639 1891 2694 per
1944 2634 2188 2693 metum,
2229 2640 2289 2684 ut
2335 2631 2571 2700 quodam
2621 2633 2743 2688 loco
2798 2632 2972 2702 inquit
3020 2632 3247 2702 Sapiens
3312 2633 3389 2699 °';
3469 2633 3560 2702 qui

300 2732 485 2779 autem
512 2721 816 2777 contemnit
840 2735 981 2786 rem,
1012 2728 1393 2776 eontemnetur
1435 2721 1503 2775 ab
1552 2734 1636 2776 ea.
1687 2717 2014 2792 Priusquam
2040 2724 2206 2795 igitur
2227 2724 2443 2783 irruaut
2497 2728 2675 2795 mala,
2727 2727 2918 2785 demus
2975 2743 3193 2798 operam
3253 2726 3563 2798 diligenter,

299 2833 373 2874 ne
417 2818 577 2873 nobis
618 2817 735 2872 haec
788 2815 965 2871 tristia
1010 2829 1237 2871 necesse
1287 2815 1360 2871 sit
1388 2815 1645 2886 experiri.
1682 2814 1877 2870 Verum
1916 2833 2151 2887 quonam
2196 2821 2357 2877 modo
2390 2837 2454 2877 ea
2505 2822 2949 2877 deelinabimus?
2985 2823 3087 2876 hoc
3156 2822 3433 2886 nimirum,
3504 2828 3561 2875 ut

300 2922 422 2963 eam
450 2905 669 2963 vivendi
720 2904 992 2959 rationem
1027 2913 1083 2960 et
1110 2903 1276 2972 viam,
1306 2919 1470 2977 quam
1498 2905 1553 2959 in
1580 2905 1870 2974 praesentia
1914 2906 2204 2980 Scriptura
2250 2912 2412 2967 nobis
2440 2912 2701 2978 ostendit,
2733 2928 2854 2983 quae
2884 2929 3030 2967 nunc
3063 2913 3240 2984 viget,
3312 2921 3363 2968 et
3440 2927 3562 2969 vere

298 2999 457 3064 vivit,
483 2998 879 3070 ingrediamur.

371 3092 468 3155 Τίς
488 3092 544 3145 δὲ
571 3093 599 3162 ἡ
624 3091 739 3155 ὁδός
759 3108 773 3157 ;
792 3091 1095 3156 Ἐπείνων,
1117 3089 1362 3158 ἐδίψων,
1387 3086 1755 3157 ξένος-ἥμην,
1775 3087 1868 3142 καί

2047 3089 2305 3155 Quaenam
2334 3097 2419 3147 est
2458 3091 2574 3145 haec
2600 3091 2739 3147 ratio
2767 3091 2791 3145 τ
2816 3106 3064 3161 quaenam
3098 3090 3212 3146 haec
3255 3090 3341 3147 via
3368 3093 3392 3147 ?
3419 3088 3561 3148 Esu-

297 3184 528 3255 γυμνὸς
557 3182 655 3236 καί
700 3180 985 3249 ἀσθενὴς,
1027 3178 1124 3235 καί
1157 3180 1228 3233 ἐν
1258 3177 1525 3249 φυλακῇ.
1577 3177 1700 3247 Ἐφ’
1731 3177 1882 3232 ὅσον

1983 3181 2103 3245 rivi,
2134 3181 2296 3248 silici,
2328 3187 2511 3249 hospes
2532 3200 2700 3249 eram,
2727 3192 2776 3238 et
2801 3183 2996 3247 nudus,
3029 3193 3078 3238 et
3127 3184 3396 3254 inﬁrmus,
3420 3194 3471 3241 et
3506 3187 3560 3240 in

304 3274 632 3341 ἐποιήσατε
649 3273 736 3328 ἐνὶ
753 3274 980 3327 τούτων
1004 3270 1123 3325 τῶν
1149 3270 1506 3338 ἐλαχίστων,
1521 3269 1651 3339 ἐμοὶ
1678 3268 1882 3337 ἐποιή-

299 3379 472 3418 σατε.
509 3362 618 3416 Καὶ
653 3361 741 3415 διὰ
778 3360 955 3425 τοῦτο,
991 3359 1144 3429 φησι,
1175 3357 1378 3424 Δεῦτε,
1406 3360 1460 3412 οι
1488 3357 1881 3428 εὐλογημένοι

297 3455 410 3510 τοῦ
452 3456 683 3522 Πατρός
713 3471 852 3522 μου.
895 3451 1074 3528 Τίδιά
1110 3450 1312 3505 τούτοιν
1348 3451 1721 3522 μανθάνομενς
1756 3452 1879 3505 Ὅτι

298 3545 521 3613 εὐλογία
553 3544 651 3616 μέν
683 3545 849 3609 ἐστιν,
880 3543 913 3613 ἡ
959 3542 1066 3595 τῶν
1115 3542 1340 3597 ἐντολῶν
1375 3542 1691 3614 ἐπιμέλεια·
1749 3559 1879 3596 κατ-

292 3639 411 3709 άρα
444 3637 521 3698 δὲ,
554 3638 588 3707 ἡ
622 3635 750 3705 περὶ
791 3635 889 3698 τὰς
919 3633 1138 3698 ἐντολὰς
1175 3634 1437 3706 ῥᾳθυμία.
1481 3634 1879 3705 Ἀγαπήσωμεν

297 3722 703 3797 τὴνεὺλογίαν,
737 3725 832 3778 καὶ
864 3725 1122 3794 φύγωμεν
1162 3727 1260 3797 τὴν
1294 3725 1556 3796 κατάραν.
1604 3724 1718 3793 Ἐφ’
1748 3725 1878 3795 ἡμῖν

295 3817 410 3888 γάρ
439 3820 587 3870 ἐστιν
614 3815 889 3887 ἑλέσθαιῆ
924 3816 997 3888 μὴ
1045 3816 1255 3891 ἑλέσθαι
1300 3819 1418 3870 κατ’
1459 3815 1701 3881 ἐξουσίαν
1747 3816 1877 3869 ἑκά-

294 3925 456 3978 τερον
484 3907 650 3978 ·πρὸς
698 3907 727 3960 ὃ
761 3923 814 3960 τι
846 3909 953 3978 γὰρ
997 3905 1062 3961 ἂν
1105 3911 1171 3980 τῇ
1200 3908 1476 3979 προθυμίᾳ
1514 3907 1786 3978 ρέψωμεν,
1820 3909 1878 3961 ἐν

297 3999 495 4069 ἐκείνῳ
519 4000 770 4070 ἐσόμεθα.
805 3999 1012 4053 Οὐκοῦν
1037 3999 1445 4069 οίκειωσώμεθα
1472 4000 1561 4052 τὸν
1600 4000 1701 4069 τῆς
1727 3999 1878 4052 εὐλοο

295 4091 424 4156 γίας
467 4090 693 4162 Κύριον,
740 4092 831 4145 τὸν
882 4091 1058 4162 ἑαυτῷ
1098 4092 1196 4163 τὴν
1243 4091 1368 4161 περὶ
1419 4092 1543 4154 τοὺς
1590 4088 1877 4160 δεομένους

299 4181 538 4253 σπουδὴν
586 4180 929 4253 λογιζόμενον
950 4199 966 4214 ·
1023 4182 1116 4236 καὶ
1153 4182 1387 4252 μάλιστα
1415 4181 1528 4244 νῦν,
1560 4182 1647 4234 ὅτε
1679 4180 1878 4251 πολλὴν

296 4273 412 4342 ἔχει
463 4271 605 4326 κατά
645 4275 736 4327 τὸν
784 4268 1026 4344 παρόντᾶ
1078 4272 1191 4343 βίον
1240 4272 1372 4342 ὓλην
1422 4274 1455 4344 ή
1508 4273 1713 4344 ἐντολή.
1767 4274 1877 4327 Καὶ

296 4364 485 4417 πολλοὶ
519 4364 617 4434 μὲν
661 4366 709 4417 οί
741 4365 847 4420 τῶν
878 4364 1185 4434 ἀναγκαίων
1214 4363 1412 4427 ἐνδεεῖς
1431 4380 1445 4393 ο
1478 4362 1660 4416 πολλοὶ
1690 4363 1745 4417 δὲ
1784 4364 1877 4418 καὶ

1981 3286 2205 3325 carcere.
2226 3273 2495 3340 Quatenus
2517 3274 2610 3327 uni
2623 3287 2803 3328 eorum
2823 3270 3041 3341 fecistis,
3063 3273 3190 3328 mihi
3233 3275 3447 3343 fecistis.
3468 3274 3558 3330 Ide

1980 3361 2557 3432 eireo,Venite,inquit,
2588 3362 2839 3416 benedicti
2870 3362 3050 3417 Patris
3080 3364 3200 3418 mei.
3216 3363 3356 3431 Quid
3376 3380 3440 3420 ex
3474 3366 3560 3421 his

1979 3450 2735 3508 discimus?Benedietionem
2763 3469 2827 3506 ac
2857 3468 3131 3508 summum
3162 3456 3364 3511 bonum
3400 3459 3453 3511 in
3477 3459 3561 3512 di-

1978 3541 2198 3611 ligentia
2218 3581 2232 3603 ,
2256 3547 2312 3594 et
2334 3541 2682 3595 observantia
2711 3540 3089 3595 mandatorum
3119 3543 3354 3608 positum
3386 3559 3510 3599 esse
3534 3561 3548 3610 ;

1979 3629 2414 3684 maledictionem
2453 3638 2507 3684 et
2562 3631 2826 3683 malorum
2875 3639 3177 3685 extremum
3234 3647 3299 3686 ex
3351 3633 3557 3688 desidia

1979 3720 2470 3790 mandatorumque
2515 3719 2871 3790 despicientia
2906 3718 3203 3789 proficisci.
3266 3718 3416 3774 Illam
3453 3722 3556 3792 igi-

1978 3816 2070 3864 tur
2104 3811 2520 3880 amplectamur,
2546 3811 2684 3864 h‘anc
2714 3810 3001 3881 fugiamus,
3025 3809 3244 3880 quando
3279 3811 3332 3864 in
3371 3821 3555 3867 nostra

1978 3915 2139 3953 manu
2170 3900 2334 3955 situm
2377 3908 2481 3965 est,
2513 3908 2594 3966 ut,
2629 3910 2805 3955 utram
2856 3900 3126 3967 volumus,
3161 3901 3551 3971 adipiscamur.

1975 3991 2056 4045 Ad
2087 3992 2232 4061 quod
2274 3994 2419 4047 enim
2458 3993 2675 4063 egregia
2725 3991 2892 4045 animi
2930 3992 3211 4046 alacritate
3250 3995 3555 4065 propende~

1977 4082 2169 4148 rimus,
2223 4084 2277 4136 in
2330 4098 2401 4143 eo
2457 4082 2628 4137 futuri
2660 4097 2872 4137 sumus.
2928 4081 3107 4149 Quare
3151 4084 3550 4141 benedictionis

1978 4171 2289 4238 Dominum,
2326 4174 2417 4242 qui
2456 4174 2683 4243 perinde
2719 4173 2875 4229 nobis
2910 4185 3191 4245 acceptum
3223 4175 3435 4231 laturus
3468 4185 3551 4232 est

1978 4265 2241 4336 quidquid
2273 4266 2437 4321 studii
2465 4276 2519 4321 et
2550 4264 2711 4321 ofﬁcii
2749 4266 2804 4320 in
2827 4280 3095 4337 pauperes
3126 4269 3547 4332 contulerimus,

1981 4372 2044 4412 ac
2084 4359 2130 4413 si
2162 4357 2216 4411 in
2244 4356 2423 4428 ipsum
2447 4357 2895 4424 contulissemus,
2927 4357 3279 4412 conciliemus
3306 4356 3465 4411 nobis
3495 4356 3550 4411 et

294 4454 462 4508 αὐτοῦ
492 4428 584 4509 τοῦ
626 4454 874 4525 σώματος
917 4428 1128 4527 ἔχουσιν
1172 4453 1383 4518 ἐνδεῶς,
1415 4454 1479 4507 ἐκ
1503 4454 1604 4524 τῆς
1636 4455 1876 4526 πονηρᾶς

1982 4450 2753 4521 οὒειτίηςαωυε,,ρι·ιεεειίἰῐη
2788 4449 2891 4504 hoc
2930 4457 3191 4518 tempore,
3232 4462 3340 4517 quo
3367 4447 3545 4512 nobis,

296 4545 608 4617 ἀρρωστίας
636 4545 1050 4616 δαπανηθέντες.
1074 4544 1283 4599 Οὐκοῦν
1312 4545 1369 4598 ἐν
1406 4546 1471 4616 τῇ
1507 4545 1631 4615 περὶ
1656 4544 1876 4608 τούτους

298 4638 528 4708 σπουδῇ,
577 4618 694 4707 τὴν
719 4636 929 4707 ἀγαθὴν
969 4635 1296 4706 ἐπαγγελίαν
1342 4633 1551 4697 ἑαυτοῖς
1595 4632 1872 4705 κατορθώ-

298 4748 483 4800 σωμεν
504 4747 516 4758 ·
553 4729 698 4797 λέγω
737 4729 791 4782 δὲ
822 4728 1005 4797 σαφῶς
1032 4729 1229 4781 οὑτωσὶ
1253 4729 1381 4798 περ)⁹
1410 4726 1515 4780 τῶν
1547 4726 1612 4779 ὲκ
1643 4725 1744 4796 τῆς
1777 4742 1876 4795 χα-

296 4820 469 4893 λεπῆς
515 4822 670 4877 νόσου
711 4819 1168 4891 διαλωϐηθὲντων.
1202 4820 1351 4885 Ὅσῳ
1382 4818 1490 4889 γάρ
1522 4815 1722 4888 μείζων
1757 4816 1874 4870 ἐστὶ

294 4913 503 4978 τούτων
545 4913 580 4983 ἡ
606 4910 884 4982 άρῤωστία
908 4952 922 4977 ,
953 4909 1191 4981 τοσούτῳ
1220 4909 1458 4980 δηλονότι
1480 4909 1574 4962 καὶ
1610 4907 1808 4962 πλείων
1842 4908 1876 4979 ἠ

297 5002 516 5071 εὐλογία
548 5005 661 5067 τοῖς
685 5002 748 5056 τὸ
778 5003 1033 5056 ἐπίπονον
1072 5001 1171 5070 τῆς
1216 5001 1434 5072 ἐντολῆς
1476 4999 1872 5071 κατορθώσασι.

294 5096 361 5147 Τί
408 5092 503 5149 οὖν
551 5094 658 5167 χρὴ
703 5096 996 5166 πράττειν;
1049 5093 1140 5163 Μὴ
1179 5093 1506 5148 ἀντιϐαίνειν
1538 5095 1605 5164 τῇ
1636 5092 1876 5155 διατάξει

293 5183 388 5237 τοῦ
421 5183 757 5255 Πνεύματος.
806 5182 955 5254 Αὕτη
984 5183 1041 5237 δέ
1078 5184 1214 5247 ἐστι,
1263 5183 1324 5236 τὸ
1357 5183 1430 5254 μὴ
1463 5180 1875 5254 ἀλλοτριοῦσθαι

292 5275 405 5330 τῶν
436 5277 836 5332 κοινωνούντων
864 5277 961 5348 τῆς
996 5275 1238 5345 φύσεωςο
1266 5275 1400 5347 μηδὲ
1436 5275 1715 5345 μιμεῖσθαι
1747 5274 1874 5336 τοὺς

295 5368 354 5422 δν
401 5370 481 5438 τῷ
548 5369 867 5441 Εὐαγγελίῳ
933 5366 1408 5439 κατηγορηθέντας
1459 5364 1731 5428 ἐκείνους,
1783 5364 1874 5417 τὸν

305 5458 454 5533 ίερέα
523 5461 667 5530 λέγω
697 5459 789 5514 καὶ
822 5460 915 5514 τὸν
943 5459 1198 5529 Λευῖτην,
1232 5456 1570 5528 άσυμπαθῶς
1596 5454 1877 5528 παραδρα-

1978 4542 2107 4597 dum
2144 4541 2401 4607 vivimus,
2430 4556 2624 4611 magna
2652 4539 2987 4610 exsequendi
3032 4538 3273 4592 mandati
3314 4537 3548 4593 facultas

1978 4632 2267 4704 prwbetur,
2314 4634 2578 4703 multique
2627 4639 2776 4697 sunt,
2828 4631 2920 4700 qui
2971 4629 3135 4684 rebus
3181 4627 3545 4692 necessariis,

1977 4725 2154 4788 multi,
2206 4725 2297 4795 qui
2340 4732 2394 4779 et
2446 4725 2567 4794 ipso
2616 4737 2845 4793 corpore
2888 4720 3185 4790 indigeant,
3233 4719 3303 4774 ab
3326 4719 3451 4787 ipsa
3494 4720 3545 4772 vi
3620 4783 3624 4787 η

1978 4817 2155 4872 morbi
2189 4815 2423 4871 confecti
2462 4822 2626 4885 atque
2661 4811 2990 4881 consumpti.
3025 4809 3116 4864 Sic
3159 4810 3325 4878 igitur
3357 4823 3457 4863 nos
3488 4807 3543 4863 in

1974 4908 2078 4963 hac
2127 4923 2205 4972 re,
2262 4908 2365 4961 hoc
2408 4913 2513 4971 est,
2575 4912 2636 4959 ut
2685 4903 2902 4974 planius
2951 4902 3164 4969 loquat,
3228 4900 3283 4953 in
3338 4897 3404 4953 iis
3449 4897 3581 4968 qui,

1974 5000 2167 5053 morbo
2210 4997 2537 5067 gravissimo
2579 4993 2814 5048 mutilati
2860 4998 3010 5059 sunt,
3050 4988 3306 5066 fovendis
3342 4982 3542 5044 éuran-

1973 5090 2168 5160 disque
2197 5088 2445 5144 studiose
2473 5087 2872 5158 diligenterque
2905 5096 3178 5154 geramus,
3221 5088 3280 5133 ut
3309 5080 3536 5151 praecla-

1971 5197 2094 5236 rum
2131 5179 2265 5234 illud
2314 5179 2646 5249 promissum
2677 5176 2960 5246 praemium
3001 5186 3377 5243 assequamur.
3417 5169 3540 5238 Quo

1972 5272 2117 5327 enim
2167 5271 2384 5341 gravior
2435 5270 2489 5324 in
2539 5269 2627 5324 his
2664 5267 2889 5323 morbus
2935 5266 3228 5335 reperitur,
3267 5278 3332 5318 eo
3363 5260 3540 5333 majus

1973 5362 2254 5434 pramium
2282 5361 2622 5416 laboriosum
2664 5359 2796 5414 illud
2823 5356 3063 5414 mandati
3100 5370 3303 5412 munus
3329 5356 3540 5411 obeun-

1972 5463 2053 5510 tes
2087 5462 2290 5510 manet.
2325 5452 2467 5522 Quid
2490 5452 2659 5525 igitur
2692 5449 3001 5506 faciendum
3033 5447 3157 5505 est?
3188 5444 3325 5504 illud
3350 5447 3539 5517 utique

367 5641 413 5673 "
454 5639 641 5694 Matth.
688 5656 874 5704 xxvut,
913 5639 1000 5695 20.
1079 5639 1123 5671 "
1164 5639 1283 5694 Act.
1326 5653 1458 5704 xvn,
1497 5637 1586 5692 28.
1699 5638 1742 5669 ⁸⁷
1781 5634 1937 5691 Prov.
1965 5646 2156 5700 xxvm,
2186 5634 2271 5688 li.

4048 2904 4072 3028 ἓ

4046 3041 4072 3125 :

4046 3176 4072 3310 ἓ

4046 3400 4072 3578 Ξ

4048 3591 4072 3746 ξ

4042 4030 4072 4125 Ε

4041 4145 4072 4231 ζ
