4072 6156
418 232 521 287 L75

1637 221 1692 273 S.
1734 218 2059 275 GBEGORII
2119 220 2412 277 NYSSENI

3560 230 3662 283 475i

425 349 482 392 ut
506 340 678 395 sancti
713 338 950 409 Spiritus
980 337 1244 392 voluntati
1287 351 1353 392 ne
1394 337 1742 402 resistamus;
1781 350 1844 391 ea
1882 352 1980 389 au-

2111 335 2284 402 ιόντας
2314 339 2404 390 τὸν
2451 304 2600 392 ὲλξου
2634 338 2890 408 δεόμενον
2936 339 3162 403 ἐκεῖνον,
3203 339 3261 392 ὅν
3303 356 3437 409 φησι
3482 341 3543 394 τὸ
3585 342 3666 396 δι·-

425 444 531 486 lem
578 441 683 495 est,
720 444 779 487 ut
816 448 928 495 eos,
969 431 1059 499 qui
1110 431 1299 486 eadem
1346 428 1539 485 natura
1579 430 1790 500 pnediti
1834 438 1984 494 sunt,

424 538 679 594 tanquam
736 524 944 576 alienos
989 536 1098 575 non
1156 516 1446 587 evitemus,
1492 538 1669 592 neque
1717 523 1989 577 imitemur

424 616 783 684 reprehensos
817 613 938 667 illos
979 614 1033 666 in
1066 612 1378 684 Evangelio,
1413 615 1751 669 sacerdotem
1783 622 1836 668 et
1861 614 1991 669 levi-

423 713 531 759 tam
565 704 706 767 dico,
735 703 827 772 qni
854 703 1221 758 miserabilem
1279 705 1452 766 illum,
1493 721 1653 775 quem
1695 705 1922 759 historia
1961 720 1991 758 a

424 793 726 846 latronibus
788 792 1203 847 semimortuum
1262 796 1523 865 relictum
1581 795 1782 859 tradit,
1844 795 1992 848 nulla

422 884 681 938 commoti
730 885 1209 940 commiseratione
1260 886 1727 955 prmteh'ierunt“.
1777 886 1905 939 Nam
1946 888 1993 940 si

421 982 797 1043 eoarguuntur
834 975 911 1028 illi
952 976 1098 1045 quod
1149 975 1214 1037 ad
1268 977 1457 1047 plagas
1500 978 1552 1030 in
1588 978 1735 1031 nudo
1766 993 1995 1047 corpore

425 1066 853 1121 intumescentes
883 1082 990 1120 non
1036 1068 1412 1137 respexerint,
1443 1070 1716 1137 quomodo
1751 1085 1880 1137 nos,
1901 1070 1992 1140 qui

424 1171 548 1210 reos
591 1157 713 1212 illos
749 1156 1047 1218 imitamur,
1084 1174 1191 1211 non
1229 1159 1283 1211 in
1334 1161 1578 1214 eamdem
1613 1162 1997 1230 reprehensio-

423 1264 545 1302 nem
583 1247 966 1301 inenrremns?
1013 1264 1185 1318 neque
1217 1251 1361 1302 enim
1405 1250 1654 1319 profecto
1683 1259 1791 1305 tam
1834 1252 1997 1308 mise-

426 1340 658 1394 randum
695 1339 1065 1408 spectaculum
1109 1341 1339 1409 praebuit
1370 1343 1480 1403 ille,
1513 1343 1607 1412 qui
1650 1344 1705 1397 in
1754 1344 1998 1400 latrones

428 1432 713 1496 inciderat,
769 1440 827 1484 ut
875 1432 1114 1499 prmbent
1163 1432 1238 1496 hi,
1292 1433 1384 1501 qui
1425 1435 1694 1503 ejusmodi
1748 1437 1997 1506 oppressi

429 1530 555 1574 sunt
609 1522 936 1575 calamitate.
968 1520 1130 1575 Vides
1195 1524 1469 1579 hominem
1524 1541 1591 1579 ex
1654 1526 2000 1596 improbitate

429 1609 603 1663 morbi
669 1609 722 1662 in
774 1610 1147 1679 quadrupedis
1204 1612 1431 1665 formam
1482 1622 1894 1676 commutatmn,
1944 1621 1999 1669 et

2092 428 2281 497 ήγημα
2326 428 2430 481 ὑπὸ
2469 428 2577 482 τῶν
2604 428 2815 499 λῃστῶν
2860 427 3097 498 ἡμιθανῆ
3135 428 3402 494 γενέσθαι.
3457 430 3518 482 Εἰ
3559 432 3668 503 γὰρ

2097 521 2290 572 ἐκεῖνοι
2314 520 2569 583 ὑπαίτιοι,
2604 520 2678 590 μὴ
2706 519 3132 589 ἐπιστραφέντες
3161 518 3296 588 πρὸς
3322 519 3418 580 τὰς
3452 519 3669 590 πληγάς

2091 612 2148 663 ὲν
2180 609 2371 681 γυμνῷ
2401 611 2481 681 τῷ
2522 611 2738 681 σώματι
2786 610 3084 673 διοιδούσας
3108 627 3120 639 ⁸
3154 608 3270 671 πῶς
3312 610 3469 678 ἡμεῖς
3508 610 3670 663 ἀνεύο

2093 700 2259 763 ουνοι,
2290 702 2414 764 τοὺς
2451 702 2730 764 ὑπαιτίους
2767 699 3121 770 μιμούμενοι;
3159 698 3334 752 καίτοι
3372 698 3425 750 τί
3474 700 3667 752 τοσοῦ-

2092 808 2184 843 τον
2238 788 2305 861 ἦν
2340 792 2433 843 ἐπὶ
2474 792 2568 844 τοῦ
2611 794 2722 853 τοῖς
2750 790 2972 864 λῃσταῖς
3013 792 3509 861 παραπεπτωκότος
3542 791 3666 846 θεά-

2095 881 2313 946 σασθαι,
2359 877 2470 935 οἷόν
2520 883 2667 935 ἐστιν
2698 883 2790 945 ἐπὶ
2828 882 2936 935 τῶν
2963 882 3281 937 ἑαλωκότων
3304 883 3382 954 τῷ
3412 884 3571 938 πάθει
3605 886 3672 938 τὸ

2095 973 2307 1043 θέαμα;
2375 974 2534 1044 Ὁρᾷς
2580 972 2883 1043 ἄνθρωπον,
2922 972 3010 1025 διά
3052 973 3150 1042 τῆς
3205 975 3447 1044 πονηρᾶς
3483 975 3670 1047 ἀρρωο

2097 1063 2247 1126 στίας
2276 1064 2355 1126 είς
2398 1064 2726 1133 τετραπόδων
2759 1066 2943 1133 σχῆμα
2978 1063 3507 1135 μεταπλασσόμενον,
3550 1066 3672 1120 ἀντὶ

2095 1152 2266 1224 ὁπλῆς
2292 1154 2387 1207 καὶ
2413 1153 2640 1224 ὀνύχων,
2671 1153 2803 1220 ξύλα
2834 1155 2953 1216 ταῖς
2983 1154 3259 1224 παλάμαις
3293 1154 3671 1226 ὑπολαμϐανό-

2101 1261 2276 1314 μενον,
2327 1245 2510 1299 καινὸν
2547 1244 2688 1315 ἴχνος
2721 1247 2842 1306 ταῖς
2883 1243 3249 1314 ἀνθρωπίναις
3275 1245 3415 1308 ὁδοῖς
3449 1245 3672 1300 ἐπιϐάλ-

2098 1334 2255 1389 λοντα
2274 1352 2288 1365 ·
2322 1336 2406 1399 τίς
2433 1335 2499 1389 ἂν
2542 1338 2606 1388 ἐκ
2637 1334 2729 1388 τοῦ
2761 1334 2938 1405 ἴχνους
2969 1335 3239 1407 ὲπιγνοίη.
3268 1336 3350 1390 ὅτι
3385 1335 3672 1406 ἄνθρωπος

2097 1426 2222 1489 τοὺς
2251 1424 2521 1488 τοιούτους
2553 1424 2754 1487 τύπους
2781 1426 3150 1495 ἐνεσημήνατο
3177 1427 3243 1494 τῇ
3280 1425 3507 1495 πορείᾳ;
3541 1412 3672 1479 ’Ἄν-

2101 1516 2334 1587 θρωπος,
2358 1519 2386 1569 6
2413 1516 2490 1587 τῷ
2515 1517 2749 1586 σχήματι
2777 1516 2979 1588 ὄρθιος,
3011 1518 3039 1569 6
3071 1517 3150 1578 είς
3177 1516 3406 1587 οὐρανὸν
3433 1515 3670 1585 βλέπων,

2099 1609 2128 1659 6
2168 1607 2264 1670 τὰς
2299 1610 2483 1678 χεῖρας
2529 1608 2663 1677 πρὸς
2692 1607 2937 1683 τὴντῶν
2964 1606 3138 1680 ἔργων
3176 1606 3477 1678 ὑπηρεσίαν
3522 1604 3674 1675 παρά

430 1701 647 1769 ungula:
669 1709 828 1769 atque
852 1701 1111 1771 unguium
1139 1702 1256 1756 loco
1278 1703 1421 1771 ligna
1450 1703 1704 1757 manibus
1733 1704 1993 1770 induisse,

2111 1699 2198 1766 τῆς
2232 1676 2444 1767 φύσεως
2490 1676 2648 1768 ἔχων,
2696 1676 2850 1761 οὗτος
2883 1699 2962 1760 εἰς
2998 1676 3100 1768 τὴν
3131 1697 3234 1765 γῆν
3276 1676 3535 1759 κλίνεται,
3580 1696 3677 1748 καὶ

431 1798 592 1860 atque
638 1793 707 1844 ita
761 1806 958 1846 novum
1008 1793 1221 1861 vestigii
1275 1808 1446 1861 genus
1485 1793 1739 1850 humanis
1785 1794 1996 1849 semitis

431 1879 848 1947 imprimentcm.
895 1878 1028 1944 Quis
1059 1895 1123 1932 ex
1161 1897 1224 1934 ea
1257 1879 1431 1935 forma
1480 1890 1645 1951 queat
1682 1898 1995 1954 agnoscere,

431 1968 671 2023 hominis
701 1984 890 2038 gressu
916 1969 1186 2036 ejusmodi
1219 1985 1343 2024 esse
1364 1968 1507 2025 facta
1537 1972 1798 2042 vestigia?
1826 1972 1999 2027 llomo

428 2074 496 2112 eo
517 2058 765 2127 corporis
790 2059 981 2112 habitu
1015 2069 1068 2113 et
1098 2060 1266 2128 ligura
1300 2060 1590 2128 formatus,
1626 2073 1685 2117 ut
1724 2072 1908 2118 rectus
1944 2064 1998 2118 in

431 2151 629 2204 cmlum
659 2152 912 2221 aspiciat,
944 2152 1028 2205 cui
1064 2168 1321 2206 manuum
1357 2154 1781 2210 instrumentum
1817 2156 1882 2208 ad
1912 2171 2001 2210 res

433 2242 670 2310 agendas
718 2250 911 2299 natura
958 2244 1128 2306 dedit,
1191 2248 1509 2299 incurvatur
1562 2246 1618 2298 in
1670 2254 1894 2311 terram,
1947 2254 2002 2300 et

436 2330 747 2400 quadrupes
811 2330 916 2396 fit,
980 2343 1032 2386 et
1097 2349 1286 2402 parum
1355 2333 1508 2388 abest
1575 2333 1707 2402 quin
1773 2334 2001 2388 rationis

433 2438 633 2491 expers
661 2436 785 2475 esse
811 2422 1078 2477 videatur.
1113 2421 1248 2476 Cum
1278 2423 1591 2478 difﬁcultate
1618 2425 1867 2493 spiritum
1892 2433 2006 2477 tra-

436 2512 540 2577 hit,
584 2512 925 2577 irraucescit,
966 2520 1020 2566 et
1053 2528 1117 2566 ex
1158 2513 1368 2567 intimis
1400 2514 1707 2569 visceribus
1757 2514 2003 2569 fremitus

437 2603 605 2667 elicit,
652 2602 788 2672 ipsis
837 2604 999 2658 etiam
1048 2604 1281 2660 rationis
1325 2605 1639 2674 expertibus
1679 2605 2004 2661 animalibus

437 2690 662 2746 ell'ectus
703 2691 886 2762 (liceat
937 2693 1196 2748 audacter
1231 2695 1283 2747 id
1332 2694 1536 2763 dicere)
1583 2695 2001 2750 calamitosior:

443 2785 707 2853 siquidem
744 2786 854 2845 illa,
890 2801 1053 2854 quam
1097 2788 1164 2840 ab
1196 2787 1313 2857 ipso
1349 2795 1472 2840 ortu
1511 2786 1742 2840 formam
1782 2801 2005 2856 accepe-

443 2884 593 2938 runt,
631 2889 748 2927 eam
781 2875 845 2928 ad
885 2876 1042 2931 finem
1086 2892 1259 2946 usque
1291 2885 1652 2943 conservant;
1695 2892 1794 2932 nec
1835 2877 2003 2930 ullttm

443 2980 510 3020 ex
562 2965 630 3020 iis
671 2971 890 3034 propter
935 2966 1171 3035 aliquem
1212 2969 1466 3022 morbum
1512 2985 1578 3022 ex
1619 2985 1680 3024 ea
1736 2971 1906 3024 forma
1952 2970 2005 3022 in

446 3055 608 3108 aliam
657 3055 1014 3110 convertitur.
1073 3054 1174 3109 Hic
1219 3066 1426 3117 autem.
1474 3065 1728 3126 tanquam
1773 3074 2015 3113 commu-

446 3151 560 3197 tata
605 3152 823 3206 natura,
860 3158 966 3198 non
1011 3145 1061 3197 id
1102 3148 1357 3216 amplius,
1386 3149 1532 3217 quod
1559 3160 1700 3213 erat,
1737 3150 1831 3205 sed
1866 3151 2014 3204 aliud

446 3235 720 3305 quoddam
758 3236 957 3289 animal
1009 3237 1221 3291 videtur
1258 3254 1399 3293 esse.
1433 3239 1637 3294 Pedum
1682 3241 1757 3295 illi
1792 3256 2016 3297 munere

451 3325 752 3395 funguntur
775 3341 1004 3394 manus;
1034 3342 1205 3397 genua
1237 3329 1476 3397 prabent
1499 3331 1805 3401 plantarum
1831 3347 2012 3387 usum.

449 3418 583 3473 Nam
612 3417 739 3487 lpSZF
776 3419 974 3489 plantze
999 3421 1300 3484 naturales,
1328 3432 1381 3475 et
1411 3424 1525 3485 tali,
1560 3431 1654 3476 aut
1696 3425 1853 3493 plane
1884 3425 2019 3479 deli-

448 3508 618 3571 ciunt,
661 3519 755 3562 aut
787 3508 955 3562 veluti
997 3510 1214 3579 scapha:
1260 3512 1508 3581 quze'lam
1551 3515 1899 3570 extrinsecus
1935 3524 2015 3571 te-

450 3612 597 3652 mere
648 3597 876 3653 navibus
910 3599 1161 3665 admotae,
1221 3600 1445 3656 fortuito
1493 3605 1804 3660 trahuntur.
1837 3606 1895 3661 ln
1934 3608 2020 3662 his

448 3696 507 3743 tu
552 3690 822 3744 hominem
871 3693 1071 3757 cernis,
1107 3709 1207 3747 nec
1251 3695 1534 3764 sanguinis
1576 3698 2018 3767 conjunctionem

450 3782 758 3835 revereris?
797 3796 897 3836 nec
931 3784 1214 3838 miseraris
1264 3788 1674 3856 pr0pinquum?
1720 3792 1813 3845 sed
1866 3807 2022 3846 aver-

449 3870 594 3923 saris
624 3870 1009 3932 calamitatem,
1052 3880 1103 3923 et
1138 3871 1267 3923 odio
1297 3875 1597 3941 supplicem
1626 3880 2022 3946 prosequeris?

454 3959 702 4013 llominis
728 3974 1006 4012 accessura
1039 3968 1295 4029 tanquam
1335 3963 1461 4017 ferat
1490 3967 1723 4035 alicujus
1762 3969 2022 4038 impetum

452 4046 743 4102 declinas?
770 4048 959 4116 Atqui,
992 4065 1059 4102 ne
1094 4049 1145 4102 id
1188 4048 1419 4117 faceres,
1444 4053 1678 4112 debebas
1725 4057 1809 4110 vel
1840 4072 1902 4111 ea
1929 4072 2024 4111 co-

452 4137 719 4208 gitatione
776 4138 1053 4207 prohiberi
1094 4160 1106 4194 :
1145 4156 1336 4212 nempe
1391 4147 1642 4215 angelum
1703 4162 1733 4199 a
1795 4162 2025 4218 corpore

458 4227 794 4298 materiaque
829 4228 1083 4291 liberum,
1123 4238 1196 4288 te.
1238 4235 1488 4301 quamvis
1521 4236 1598 4291 sis
1629 4236 1812 4300 homo,
1845 4249 2024 4292 tamen

2103 1789 2426 1861 τετράποδον
2473 1784 2699 1857 γίνεται,
2748 1790 2842 1843 καὶ
2876 1789 3069 1860 μικρὸν
3112 1787 3300 1842 ἀποδεῖ
3340 1786 3433 1840 τοῦ
3481 1786 3676 1855 ἄλογος

2105 1876 2263 1936 εἶναι.
2309 1882 2396 1933 Ἐν
2426 1880 2577 1934 δασεῖ
2606 1881 2700 1934 καὶ
2735 1879 3039 1952 βραγχῶντι
3087 1878 3164 1949 τῷ
3195 1878 3451 1949 ἄσθματι,
3487 1878 3675 1948 βιαίως

2105 1972 2314 2026 ἔνδοθεν
2345 1973 2452 2026 ἀπὸ
2479 1973 2588 2026 τῶν
2618 1971 2936 2043 σπλάγχνων
2968 1970 3406 2041 ύποὸρυχόμενος
3427 1987 3440 2000 ’
3476 1969 3678 2039 μᾶλλον

2105 2065 2183 2126 δὲ,
2221 2066 2268 2119 εί
2296 2065 2400 2136 χρὴ
2433 2064 2775 2136 τολμήσαντα
2812 2065 3003 2125 εἰπεῖν,
3027 2064 3122 2117 καὶ
3150 2061 3256 2115 τῶν
3285 2062 3493 2130 ἀλόγων
3529 2061 3677 2130 γινό-

2111 2175 2267 2228 μενος
2314 2156 2659 2228 ἀθλιώτερος.
2708 2155 2789 2209 Τά
2844 2156 2942 2225 μὲν
2983 2154 3092 2226 γὰρ
3134 2154 3225 2207 τὸν
3272 2154 3379 2207 ἀπὸ
3410 2155 3678 2222 γενέσεως

2108 2250 2428 2321 χαρακτῆρα
2469 2248 2629 2320 μέχρι
2674 2248 2871 2310 παντὸς
2925 2248 3001 2310 ὡς
3041 2245 3111 2300 τά
3153 2245 3323 2299 πολλὰ
3348 2242 3676 2299 διεσώσατο·

2110 2341 2203 2392 καὶ
2231 2339 2382 2392 οὐδὲν
2411 2338 2613 2392 τούτων
2664 2337 2727 2391 ἐκ
2776 2354 2919 2401 τινος
2960 2338 3242 2407 συμφορᾶς
3287 2336 3560 2404 τοιαύτης,
3599 2336 3684 2399 είς

2109 2428 2294 2499 ἕτερον
2313 2445 2433 2481 τινα
2456 2428 2778 2497 χαρακτῆρα
2804 2426 3148 2497 μετεκινήθη.
3176 2427 3371 2480 Οὑτοσὶ
3393 2426 3468 2489 δὲ,
3494 2425 3683 2495 ὥσπερ

2109 2518 2465 2588 ἀλλαχθείσης
2495 2519 2591 2588 τῆς
2625 2517 2858 2586 φύσεως,
2894 2517 3021 2570 ἄλλο
3067 2535 3120 2570 τι
3170 2517 3438 2585 φαίνεται,
3484 2516 3578 2570 καὶ
3616 2517 3683 2569 οὗ

2110 2607 2171 2658 τὸ
2207 2604 2435 2675 σύνηθες
2486 2604 2656 2669 ζῶονο
2695 2607 2752 2658 αἱ
2803 2608 2979 2675 χεῖρες
3023 2602 3171 2674 αύτῷ
3215 2604 3314 2673 τὴν
3358 2603 3465 2657 τῶν
3507 2602 3685 2656 ποδῶν

2114 2697 2308 2767 χρῆσιν
2347 2695 2854 2766 καταλαμϐάνουσι·
2889 2694 2957 2748 τὰ
2988 2696 3188 2763 γόνατα
3232 2694 3387 2765 βάσις
3422 2694 3686 2763 γίνονται,

2113 2791 2169 2841 αἰ
2203 2788 2259 2841 δὲ
2291 2786 2434 2841 κατά
2459 2785 2616 2856 φύσιν
2639 2786 2840 2854 βάσεις,
2873 2786 2966 2841 καὶ
3008 2786 3078 2839 τὰ
3108 2786 3311 2858 σφυρά,
3348 2786 3380 2857 ἢ
3409 2785 3690 2849 παντελῶς

2116 2878 2497 2951 ἀπορρέουσιν,
2544 2878 2577 2949 ἢ
2633 2877 2709 2941 ὣς
2758 2896 2811 2931 τι
2862 2878 2967 2931 τῶν
3020 2878 3217 2943 ἔξωθεν
3255 2878 3517 2947 ὲφολκίων
3560 2876 3686 2945 εἰκῆ

2117 2966 2690 3040 παρηρτημένα,κατά
2716 2967 2776 3020 τὸ
2804 2966 3013 3038 συμύάν
3030 2966 3360 3038 ὲπισύρεται.
3397 2966 3484 3017 Ἐν
3510 2962 3654 3016 τοιού
3672 2994 3689 3004 -

2121 3078 2237 3125 τοις
2285 3061 2462 3113 τοίνυν
2509 3059 2719 3129 βλέπων
2769 3059 2858 3112 τὸν
2905 3058 3223 3129 ἄνθρωπον,
3274 3058 3374 3110 οὐκ
3418 3057 3539 3127 αἰδῇ
3589 3055 3692 3124 τὴν

2123 3152 2479 3221 συγγένειαν;
2524 3152 2623 3205 οὐκ
2669 3150 2838 3217 ἐλεεῖς
2882 3148 2974 3203 τὸν
3035 3148 3337 3219 ὁμόφυλον;
3390 3146 3525 3200 ἀλλά
3573 3145 3693 3216 βδε-

2120 3242 2292 3316 λύσσῃ
2320 3243 2419 3313 τὴν
2455 3242 2759 3312 συμφοράν,
2790 3240 2884 3292 καὶ
2925 3240 3099 3309 μισεῖς
3144 3238 3236 3292 τὸν
3266 3238 3469 3306 ἱκέτην,
3503 3234 3694 3305 ὥσπερ

2116 3336 2305 3406 θηρίου
2354 3336 2496 3399 τινὸς
2531 3336 2832 3406 προσϐολὴν
2875 3335 2965 3387 τὸν
3012 3333 3413 3405 προσεγγισμδν
3443 3334 3684 3400 ἀποφεύ-

2116 3444 2263 3495 γων;
2320 3427 2510 3480 Καίτοι
2564 3426 2670 3478 ἔδει
2716 3423 3071 3494 εὐγνωμόνως
3123 3422 3569 3490 ἀναλογίζεσθαι,
3608 3421 3695 3474 ὅτι

2121 3515 2214 3569 σοῦ
2244 3516 2337 3569 τοῦ
2383 3514 2664 3586 ἀνθρώπου
2695 3513 2921 3582 ἄγγελος
2967 3513 3218 3576 ἅπτεται,
3266 3511 3359 3565 καὶ
3404 3511 3695 3581 ἀσώματος

2121 3624 2180 3659 τε
2214 3608 2307 3659 καὶ
2348 3606 2507 3668 άῦλος
2556 3604 2649 3670 ὢν,
2682 3605 2772 3657 τὸν
2813 3604 2973 3675 σαρκὶ
3001 3606 3092 3658 καὶ
3130 3604 3322 3675 αἵματι
3355 3602 3698 3673 ἐγκεκραμέ-

2120 3714 2207 3751 νον
2236 3696 2335 3749 ούκ
2379 3695 2715 3760 ἐϐδελύξατο.
2756 3695 2820 3748 Τί
2862 3695 2917 3749 δὲ
2959 3694 3222 3763 ἀγγέλους
3246 3694 3421 3762 λέγω;
3466 3692 3626 3756 αὐτὸς
3668 3696 3699 3746 6

2119 3787 2226 3841 τῶν
2268 3786 2512 3854 ἀγγέλων
2546 3786 2765 3858 Κύριος.
2807 3788 2834 3838 6
2873 3787 2971 3857 τῆς
3003 3786 3259 3858 οὐρανίας
3300 3785 3699 3857 μακαριότητος

2122 3878 2371 3949 βασιλεὺς
2403 3878 2489 3930 διὰ
2536 3879 2594 3930 σὲ
2625 3878 2906 3948 ἅνθρωπος
2957 3877 3166 3946 γέγονε,
3215 3878 3310 3931 καὶ
3356 3877 3417 3929 τὸ
3465 3876 3699 3938 δυσῶδες

2120 3969 2277 4022 τοῦτο
2306 3968 2399 4022 καὶ
2431 3969 2673 4039 ῥυπαρὸν
2703 3968 2945 4040 σαρκίον,
2975 3968 3111 4039 μετά
3140 3968 3239 4038 τῆς
3268 3967 3613 4038 ὲνδεδεμένης
3638 3969 3699 4019 ὲν

2122 4058 2269 4130 αὐτῷ
2294 4057 2494 4130 ψυχῆς,
2527 4057 2704 4128 ἑαυτῷ
2734 4058 3082 4129 περιέθηκεν,
3116 4057 3204 4111 ἵνα
3232 4058 3299 4110 τὰ
3328 4056 3395 4110 σὰ
3422 4056 3565 4125 πάθη
3607 4055 3700 4108 διὰ

2122 4152 2220 4221 τῆς
2259 4151 2391 4213 ἰδίας
2425 4150 2638 4219 ἐπαφῆς
2674 4140 2989 4219 ὲξιάσηται;
3021 4148 3091 4201 Σὺ
3121 4147 3177 4201 δὲ
3205 4149 3233 4201 6
3266 4147 3427 4211 αὐτὸς
3454 4145 3528 4199 ὣν
3558 4145 3703 4199 κατὰ

2124 4246 2222 4315 τὴν
2241 4243 2397 4313 φύσιν
2414 4242 2491 4312 τῷ
2514 4242 2946 4313 ἀρρωστήσαντι,
2962 4238 3179 4307 φεύγεις
3195 4238 3284 4292 τὸν
3306 4239 3561 4308 ὁμογενῆ.
3583 4236 3698 4307 Μὴ,

459 4321 748 4390 attingere,
796 4335 900 4375 nec
954 4335 1118 4376 carne
1162 4331 1216 4378 et
1263 4326 1526 4396 sanguine
1585 4328 1803 4381 mistum
1861 4336 2007 4397 atqut

2126 4334 2337 4402 ἀδελφὲ,
2359 4333 2432 4404 μὴ
2453 4332 2703 4405 ἀρεσάτω
2719 4348 2799 4384 σοι
2824 4333 2857 4401 ἡ
2888 4327 3048 4399 βουλὴ
3073 4329 3105 4399 ἡ
3124 4328 3286 4398 κακή.
3307 4326 3478 4379 Γνῶθι
3502 4329 3584 4389 τίς
3600 4327 3698 4391 ὦν,

453 4420 770 4466 concretum
822 4414 1128 4481 aspernari.
1179 4415 1319 4479 Quid
1365 4424 1545 4471 autem
1598 4418 1820 4486 angelos
1865 4418 2023 4474 dico?

454 4518 583 4555 cum
614 4502 728 4571 ipse
761 4501 1026 4559 Dominus
1055 4507 1394 4576 angelorum,
1427 4509 1543 4577 ipse
1580 4510 1819 4564 ctelestis
1849 4511 2022 4565 beati-

456 4592 668 4647 tudinis
699 4608 792 4648 rex
817 4603 1038 4663 propter
1068 4603 1120 4650 te
1160 4595 1333 4652 factus
1361 4598 1428 4653 sit
1458 4599 1642 4665 homo,
1682 4611 1733 4655 et
1770 4601 2023 4657 sordidas

459 4682 596 4738 istas
632 4683 983 4761 abjectasque
1007 4687 1190 4742 carnis
1221 4689 1502 4744 exuviolas
1529 4706 1634 4744 una
1665 4706 1788 4744 cum
1819 4692 2020 4757 anima,

455 4788 580 4843 qute
619 4772 756 4843 ipsis
784 4782 903 4828 erat
938 4774 1148 4842 induta,
1177 4778 1280 4832 sibi
1315 4780 1760 4849 circumdederit,
1786 4792 1844 4837 ut
1878 4792 2020 4838 atta-

459 4872 552 4917 ctu
600 4878 700 4920 suo
745 4865 855 4920 tuis
897 4866 1314 4935 aegritudinibus
1364 4872 1710 4929 mederetur?
1752 4874 1830 4928 Tu
1871 4892 2023 4942 vero,

459 4954 554 5024 qui
587 4963 784 5010 natura
812 4957 955 5013 idem
987 4974 1046 5015 es
1093 4975 1214 5013 cum
1246 4972 1560 5030 aegrotante,
1600 4965 1741 5035 fugis
1779 4967 2025 5035 ejusdem

461 5048 681 5116 generis
711 5048 1005 5104 hominem.
1029 5050 1107 5105 Ne
1137 5052 1255 5117 tibi,
1287 5053 1473 5122 frater,
1508 5073 1599 5123 ne,
1635 5060 1886 5124 obsecro,
1913 5062 2028 5130 pla-

2126 4425 2253 4493 περὶ
2287 4423 2443 4475 τίνων
2480 4419 2734 4493 βουλεύῃ·
2775 4419 2857 4471 ὅτι
2895 4419 3022 4488 περὶ
3046 4414 3367 4486 ἀνθρώπων,
3393 4416 3703 4487 ἄνθρωπος,

2124 4513 2274 4566 οὐδὲν
2305 4510 2501 4577 ἰδιάζον
2530 4511 2588 4565 ὲν
2606 4508 2813 4580 σεαυτῷ
2845 4507 2996 4578 παρά
3023 4507 3121 4578 τὴν
3147 4506 3330 4578 κοινὴν
3361 4505 3698 4576 κεκτημένος

2126 4604 2306 4674 φύσιν.
2333 4603 2427 4674 Μὴ
2459 4601 2865 4674 προαποφαίνου
2910 4599 3004 4653 τοῦ
3055 4597 3361 4670 μέλλοντος.
3401 4598 3489 4651 Ἐν
3522 4591 3567 4665 ᾧ
3592 4597 3707 4667 γάρ

2124 4694 2477 4766 καταψηφίζῃ
2523 4692 2617 4747 τοῦ
2659 4692 2885 4757 πάθους,
2921 4691 3057 4754 τέως
3087 4693 3144 4744 ὲν
3184 4689 3448 4760 ἀλλοτρίῳ
3488 4687 3706 4758 σώματι

2130 4788 2492 4858 φαινομένου,
2526 4785 2771 4858 ἀόριστον
2813 4783 2952 4838 κατά
2998 4784 3178 4853 πάσης
3217 4782 3314 4852 τῆς
3361 4780 3574 4851 φύσεως
3622 4783 3711 4833 ὲκ-

2132 4880 2318 4951 φέρεις
2365 4878 2674 4947 ἀπόφασιν
2715 4876 2959 4947 μετέχεις
3005 4876 3062 4929 δὲ
3109 4875 3204 4929 καὶ
3252 4874 3316 4927 σὺ
3358 4873 3454 4942 τῆς
3491 4871 3711 4943 φύσεως

2133 4969 2528 5042 παραπλησίως
2552 4970 2665 5032 τοῖς
2696 4970 2880 5021 πᾶσιν.
2911 4964 3119 5022 Οὐκοῦν
3140 4965 3214 5030 ὡς
3236 4963 3375 5036 ὑπὲρ
3402 4963 3582 5017 κοινοῦ
3613 4964 3712 5017 τοῦ

2134 5063 2457 5135 πράγματος
2488 5064 2517 5114 6
2539 5061 2694 5130 λόγος
2720 5058 2876 5112 ἔστω.

464 5144 586 5193 ceat
615 5138 708 5192 tibi
744 5140 1032 5195 consilium
1083 5157 1330 5213 pravum.
1361 5143 1464 5210 Qui
1510 5146 1608 5211 sis,
1643 5155 1696 5202 et
1733 5149 1798 5203 de
1824 5151 2025 5220 quibus
2064 5152 2344 5212 consulas,
2400 5151 2686 5205 considera
2721 5167 2735 5204 :
2766 5149 2930 5202 homo
2999 5147 3279 5210 nimirum,
3357 5144 3424 5200 de
3472 5145 3716 5198 hemini-

464 5229 589 5293 bus,
634 5233 727 5301 qui
775 5234 909 5289 nihil
950 5236 1004 5290 in
1050 5244 1101 5291 te
1133 5238 1433 5308 proprium,
1470 5248 1522 5296 et
1572 5257 1599 5295 a
1649 5254 1840 5298 natura
1878 5250 2154 5303 communi
2183 5250 2493 5319 scjuuctum
2525 5245 2764 5300 obtines.
2802 5242 3025 5297 Futuris
3077 5240 3143 5298 de
3204 5240 3367 5296 rebus
3431 5256 3499 5293 ne
3567 5252 3710 5304 pra:-

462 5322 727 5398 judicium
773 5325 964 5383 facias.
1016 5328 1150 5385 Dum
1183 5332 1324 5386 enim
1363 5331 1704 5390 affectionem
1789 5337 1841 5391 in
1890 5339 2068 5395 alieno
2142 5356 2371 5411 corpore
2425 5338 2776 5408 conspicuam
2843 5334 3093 5396 damnas,
3149 5332 3413 5388 incertam
3477 5329 3544 5383 de
3598 5337 3715 5381 tota

468 5420 662 5465 natura
693 5417 1022 5471 sententiam
1051 5421 1394 5487 pronuntias.
1428 5422 1561 5493 Ejus
1602 5433 1782 5479 autem
1820 5434 2029 5483 natura:
2068 5436 2123 5482 tu
2158 5445 2377 5500 quoque
2402 5428 2675 5499 particeps
2710 5441 2791 5492 es,
2830 5434 2889 5479 ut
2916 5423 3110 5492 reliqui
3184 5437 3393 5478 omnes.
3461 5418 3717 5487 Quaer

470 5516 590 5574 pter
620 5515 875 5578 tanquam
912 5514 1185 5566 communi
1225 5515 1291 5569 de
1323 5531 1379 5571 re
1408 5520 1742 5575 consulatur.

537 5619 581 5649 ⁸⁸
622 5617 731 5672 Luc
776 5636 828 5679 ι.
854 5619 1062 5689 505qq.
