4072 6156
276 248 376 304 477

1431 249 1516 304 DE
1557 249 1988 306 l‘AUi’EiilBUS
2016 253 2338 308 AMANDIS.

3412 255 3442 306 -i-
3451 256 3478 304 7
3485 256 3514 305 8

335 364 434 415 Δ.ιά
474 363 525 415 τί
558 363 737 416 τοίνυν
783 363 956 427 οὐδείς
994 381 1074 417 σοι
1117 365 1223 418 τῶν
1272 369 1606 437 φαινομένων
1637 365 1814 430 οἶκτος

2012 372 2121 423 Cur
2150 373 2330 441 igitur,
2369 386 2488 440 qua:
2519 371 2570 423 in
2609 370 2727 423 aliis
2763 369 2912 424 vides
2943 369 3140 424 misera
3185 375 3238 421 et
3281 367 3508 422 calami-

266 457 604 524 εἰσέρχεταις
648 455 806 525 Ὁρᾷς
859 455 1172 524 ἀνθρώπους
1219 457 1454 525 νομάδας
1489 457 1726 529 ὡσπερεὶ
1771 458 1838 511 τὰ

266 548 586 616 βοσκήματα
627 547 762 616 πρὸς
803 548 900 616 τὴν
930 547 1027 615 τῆς
1053 547 1254 616 τροφῆς
1295 548 1480 617 χρείαν
1509 549 1836 618 ὲσκεδοῳμέ-

261 655 385 698 νους
410 637 601 708 ’ῥακία
626 638 1085 707 περικεκτημέναν
1106 638 1261 690 τοῦτο
1286 639 1318 706 ἡ
1347 638 1507 708 ἐσθής
1527 656 1540 670 ⁸
1574 640 1838 708 βακτηρία

263 731 320 780 ἐν
353 731 466 790 ταῖς
495 729 672 797 χερσὶ,
704 728 857 781 τοῦτο
887 727 1067 788 ὅπλον,
1099 727 1255 780 τοῦτο
1287 728 1500 798 ὄχημα·
1532 731 1652 783 οὐδὲ
1695 732 1834 800 αὑτὴ

261 818 544 881 δακτύλοις
593 819 946 888 κατεχομένη,
996 819 1130 872 ἀλλά
1159 837 1298 872 τισιν
1340 822 1550 889 ὀχάνοις
1579 822 1712 891 πρὸς
1737 823 1834 884 τάς

263 905 516 977 παλάμας
567 907 917 976 συνδεδεμένη
945 925 956 936 ·
1008 909 1156 978 πήρα
1203 910 1481 978 ῥωγαλέα,
1531 911 1622 962 καὶ
1667 910 1832 980 ἄρτου

259 999 490 1069 τρύφος·
528 999 723 1071 εὐρῶτι
755 1001 846 1053 καὶ
871 1000 1118 1070 σηπεδόνι
1153 1000 1540 1072 διεφθαρμένον
1561 1019 1573 1034 ·
1599 1004 1630 1072 ἡ
1659 1005 1830 1064 ἑστία,

258 1096 285 1144 6
321 1087 488 1156 οἶκος,
523 1095 554 1160 ὴ
607 1092 810 1153 στιϐὰς,
844 1091 876 1160 ἡ
909 1093 1081 1160 κλίνη,
1110 1092 1169 1144 τὸ
1200 1096 1459 1163 ταμιεῖον,
1490 1097 1521 1164 ἡ
1564 1094 1826 1163 τράπεζα,

258 1187 404 1236 πᾶσα
432 1186 464 1254 ὴ
492 1182 585 1235 τοῦ
618 1183 731 1253 βίου
767 1185 1106 1253 παρασκευὴ,
1139 1186 1172 1253 ἡ
1215 1186 1363 1254 πήρα
1392 1186 1555 1237 ἐστίν.
1589 1183 1742 1250 Εἶτα,
1768 1187 1828 1239 οὐ

255 1275 463 1346 λογίζῃ,
483 1276 565 1337 τίς
589 1276 617 1327 6
642 1277 698 1328 ὲν
725 1275 932 1337 τούτοις
967 1274 1075 1336 ῶν;
1104 1278 1222 1328 Ὅτι
1240 1277 1542 1346 ἄνθρωπος,
1568 1278 1596 1328 ό
1623 1279 1739 1331 κατ’
1762 1280 1830 1331 εί-

255 1366 386 1417 κόνα
410 1365 544 1418 Θεοῦ
573 1364 829 1433 γεγονὼς,
864 1365 891 1416 6
915 1364 1188 1435 κυριεύειν
1215 1367 1312 1434 τῆς
1337 1368 1437 1436 γῆς
1478 1368 1827 1436 τεταγμένος,

253 1455 606 1524 όύποχείριον
638 1456 735 1524 τὴν
772 1455 880 1507 τῶν
907 1455 1114 1521 ἀλόγων
1128 1455 1430 1524 ὑπηρεσίαν
1468 1456 1604 1525 ἔχων
1626 1473 1637 1485 ·
1676 1450 1831 1521 οὗτος

253 1548 330 1608 είς
365 1544 521 1597 τοῦτο
573 1545 851 1613 συμφορᾶς
893 1544 986 1596 καὶ
1028 1546 1325 1616 μεταϐολῆς
1360 1547 1650 1617 προῆλθεν,
1690 1547 1829 1601 ὥστε

255 1637 554 1706 ἀμφίϐολον
591 1635 653 1688 τὸ
691 1635 1011 1705 φαινόμενον
1063 1633 1224 1702 εἶναι,
1262 1638 1384 1691 οὔτε
1415 1639 1702 1711 ἀνθρώπου
1736 1658 1831 1694 κα-

256 1727 456 1798 θαρῶς,
492 1727 617 1781 οὔτε
665 1727 808 1790 τινὸς
847 1727 1004 1780 ἄλλου
1050 1729 1157 1781 τῶν
1205 1728 1360 1792 ζώων
1408 1733 1607 1802 ἐναργῆ
1653 1733 1831 1803 φέρων

183 1818 203 1836 ⁸
256 1821 338 1885 ἐφ’
390 1817 584 1871 ἑαυτοῦ
635 1817 703 1870 τά
749 1819 1122 1888 γνωρίσματα.
1196 1820 1321 1873 Ἑάν
1372 1821 1506 1892 πρὸς
1547 1823 1830 1893 ἄνθρωπον

257 1910 499 1979 εἰκάσῃς,
552 1909 796 1979 ἀρνεῖται
830 1909 928 1978 τὴν
961 1910 1236 1980 ἀμορφίαν
1283 1913 1312 1963 6
1351 1914 1637 1983 χαρακτὴρ
1681 1915 1708 1965 ὁ
1738 1915 1832 1967 ἀν-

256 1997 556 2068 θρώπινος·
612 1999 707 2052 ὲάν
758 1999 894 2069 πρὸς
946 2000 1014 2052 τά
1064 2001 1230 2068 ἄλογα
1281 2002 1486 2073 τρέψῃς
1537 2003 1636 2073 τὴν
1682 2006 1830 2056 είκα-

259 2089 410 2151 σίαν,
459 2088 581 2142 οὐδὲ
637 2091 820 2142 ἐκεῖνα
871 2089 970 2159 τὴν
1025 2090 1312 2160 ὁμοιότητα
1365 2091 1458 2146 τοῦ
1507 2093 1828 2162 φαινομένου

257 2179 560 2250 προσίεται.
592 2180 760 2233 Μόνοι
788 2180 1016 2234 τοιοῦτοι
1051 2183 1188 2254 πρὸς
1230 2183 1424 2252 μόνους
1457 2185 1679 2247 ἑαυτοὺς
1717 2184 1831 2253 βλέ-

255 2288 468 2335 ποντες,
527 2271 622 2324 καὶ
677 2273 794 2341 μετ’
846 2270 1090 2342 ἀλλήλων
1140 2272 1545 2344 ἀγελαζόμενοι,
1593 2274 1683 2328 διὰ
1732 2274 1830 2344 τὴν

253 2362 639 2434 ὁμοιοτροπίαν
681 2362 774 2416 τοῦ
821 2363 1056 2426 πάθους*
1098 2365 1148 2417 oi
1199 2366 1312 2428 τοῖς
1353 2365 1448 2434 μὲν
1493 2364 1673 2427 ἀλλοις
1720 2364 1832 2432 βδεο

254 2453 437 2505 λυκτοὶ
465 2452 762 2522 γινόμενοι,
816 2451 1075 2522 ἀλλήλους
1107 2452 1165 2506 δὲ
1198 2453 1288 2506 ὑπ’
1335 2453 1579 2522 ἀνάγκης
1611 2455 1671 2506 οὐ
1707 2453 1827 2522 βδε-

254 2544 594 2612 λυσσόμενοι.
671 2542 1012 2613 Πανταχόθεν
1080 2543 1187 2614 γὰρ
1242 2543 1643 2614 ἐξειργόμενοι,
1702 2543 1830 2607 ἴδιος

254 2636 461 2701 γίνεται
507 2633 712 2703 δῆμος,
770 2635 906 2704 πρὸς
954 2635 1213 2703 ἀλλήλους
1271 2634 1607 2706 συρρέοντες.
1667 2633 1830 2705 Ὁρᾷς

253 2727 376 2788 τοὺς
421 2727 681 2795 ἀτερπεῖς
727 2723 1008 2796 χορευτάς,
1053 2725 1142 2778 τὸν
1190 2724 1378 2795 γοερὸν
1426 2726 1517 2778 καὶ
1565 2742 1828 2778 κατεστυ-

253 2815 556 2885 γνασμένον
603 2815 790 2868 τοῦτον
839 2816 1034 2886 χορόν;
1092 2813 1217 2877 Πῶς
1257 2815 1672 2884 ὲμπομπεύουσι
1719 2816 1828 2877 τοῖς

254 2906 458 2959 ἑαυτῶν
501 2906 909 2977 δυστυχήμασι;
963 2905 1086 2969 Πῶς
1135 2905 1505 2978 θεατρίζουσιν
1543 2908 1602 2959 ὲν
1646 2907 1828 2968 αὐτοῖς

250 2998 664 3070 ἀσχημονοῦσαν
723 2997 820 3069 τὴν
856 2997 1053 3066 φύσιν,
1108 2997 1295 3068 ῶσπερ
1346 2997 1490 3060 τινὲς
1551 2998 1827 3068 θαυματο-

1945 471 2085 524 tosa,
2111 481 2216 517 non
2247 480 2308 517 ea
2336 472 2386 517 te
2407 479 2560 532 teque
2590 463 2654 516 ad
2679 463 3170 516 commiserandum
3201 462 3507 527 adducunt,

1945 569 2007 606 ac
2030 555 2074 609 si
2116 555 2168 607 in
2200 562 2253 607 te
2299 555 2417 623 ipso
2463 555 2848 622 conspiceres?
2896 553 3058 608 Vides
3111 555 3356 608 homines
3407 570 3507 606 no-

1944 645 2130 698 mades
2173 655 2226 698 et
2257 659 2442 714 vagos,
2494 651 2751 711 tanquam
2784 659 2980 714 pecora
3028 645 3092 697 ad
3138 645 3505 712 comparanda

1943 737 2146 792 cibaria
2193 738 2512 806 dissipatos.
2555 736 2650 788 llis
2697 737 3018 790 vestimenta
3072 743 3200 788 sunt
3245 736 3504 800 lacerata,

1943 845 2009 883 ex
2039 829 2244 882 attritis
2270 828 2600 881 centonibus
2624 836 2874 886 consula,
2903 827 2957 880 in
2981 826 3230 880 manibus
3259 827 3504 890 baculus,

1942 931 2050 971 non
2077 917 2146 970 ab
2181 916 2314 984 ipsis
2353 916 2537 986 digitis
2582 917 3032 986 comprehensus,
3077 915 3168 968 sed
3215 916 3346 970 loris
3374 918 3501 985 qui-

1940 1005 2170 1060 busdam
2210 1006 2277 1059 ad
2326 1007 2533 1074 palmas
2577 1007 2847 1076 alligatus.
2897 1005 3008 1060 lloc
3043 1007 3116 1058 illi
3154 1021 3252 1074 pro
3301 1008 3501 1076 gladio,

1939 1095 2043 1147 hoc
2080 1110 2178 1163 pro
2213 1095 2462 1148 vehiculo
2494 1103 2724 1147 utuntur
2757 1111 2770 1146 :
2807 1095 3058 1148 sacculus
3088 1096 3262 1155 adest,
3292 1106 3346 1148 et
3389 1097 3499 1150 fru-

1941 1194 2084 1240 stum
2121 1187 2277 1255 panis
2311 1186 2418 1240 situ
2458 1187 2710 1254 carieque
2742 1183 3073 1238 confectum.
3099 1185 3232 1240 Pera
3261 1188 3500 1252 rimosa;

1941 1275 1993 1326 in
2034 1275 2136 1326 hac
2185 1275 2292 1328 illis
2324 1285 2378 1328 et
2416 1274 2591 1335 focus,
2627 1281 2681 1328 et
2727 1273 2944 1337 domus,
2991 1284 3045 1328 et
3085 1275 3408 1343 stragulum,
3451 1286 3506 1330 et

1940 1365 2191 1430 lectulus,
2245 1374 2297 1420 et
2332 1381 2494 1434 penu,
2547 1375 2601 1419 et
2649 1377 2858 1430 mensa,
2895 1366 3073 1420 onmis
3102 1367 3335 1435 denique
3375 1383 3505 1435 snp-

1941 1457 2115 1525 pellex
2150 1457 2272 1510 vitae
2304 1459 2356 1509 in
2393 1458 2496 1511 hac
2537 1473 2662 1524 pera
2695 1459 2967 1512 consistit.
3007 1459 3076 1512 At
3110 1468 3162 1512 tn
3213 1460 3326 1512 haec
3363 1461 3504 1526 εειιὶ-

1939 1549 2041 1610 cis,
2077 1554 2130 1602 et
2159 1551 2282 1618 quis
2320 1550 2374 1603 in
2412 1551 2518 1606 illis
2548 1552 2641 1613 sit,
2678 1551 2899 1604 minime
2930 1551 3157 1619 cogitas.
3200 1549 3296 1602 llic
3336 1550 3502 1611 enim,

1939 1638 1985 1692 si
2011 1639 2210 1700 nescis,
2244 1646 2328 1692 est
2361 1639 2545 1701 homo,
2572 1641 2748 1694 factus
2781 1639 2848 1692 ad
2883 1640 3168 1708 imaginem
3205 1637 3320 1692 Dei.
3345 1637 3500 1702 Huic,

1863 1717 1908 1777 Β
1937 1737 1994 1783 ut
2020 1736 2182 1802 terrm
2220 1731 2536 1785 dominetur
2578 1744 2899 1784 concessum
2934 1739 3061 1790 est;
3101 1728 3227 1780 huic
3268 1729 3322 1780 in
3368 1729 3500 1783 reli-

1931 1835 2038 1890 qua
2074 1821 2330 1874 animalia
2376 1820 2560 1874 datum
2599 1821 2908 1890 imperium.
2944 1823 3020 1873 Eo
3051 1829 3227 1874 tamen
3277 1820 3504 1873 calami-

1933 1920 2042 1966 tate
2083 1911 2339 1967 redactus
2367 1920 2471 1976 est,
2503 1920 2667 1980 atque
2708 1911 2789 1964 sic
2815 1911 3066 1966 inversus
3095 1918 3199 1972 est,
3226 1919 3304 1971 ut,
3336 1912 3500 1980 quid-

1931 2019 2052 2058 nam
2107 2003 2200 2067 sit,
2255 2003 2581 2072 ambigatur.
2633 2000 2767 2054 Nam
2819 2017 2994 2070 neque
3037 1999 3274 2054 hominis
3319 2001 3499 2069 plane,

1932 2109 2109 2164 neque
2147 2094 2378 2148 aliorum
2415 2093 2774 2147 animantium
2806 2092 3130 2161 cujusquam
3167 2091 3367 2145 indicia
3391 2106 3500 2160 pra:

1931 2201 1989 2241 se
2021 2185 2145 2240 fert.
2189 2184 2246 2238 Si
2278 2199 2402 2238 eum
2439 2184 2657 2238 homine
2701 2182 2972 2246 conferas,
3009 2181 3211 2252 eiligies
3261 2181 3497 2235 humana

1929 2274 2137 2344 respuit
2165 2287 2284 2326 eam
2315 2271 2746 2337 deformitatem;
2779 2270 2824 2324 si
2873 2284 2997 2323 cum
3046 2266 3278 2322 rationis
3305 2281 3500 2336 exper—

1930 2367 2080 2420 tibus
2111 2364 2463 2425 animalibus,
2519 2379 2582 2418 ea
2629 2377 2847 2432 quoque
2877 2359 3288 2414 similitudinem
3344 2359 3498 2426 ejus-

1930 2456 2078 2510 modi
2121 2470 2227 2509 non
2262 2454 2579 2509 admittunt.
2613 2453 2728 2508 Soli
2771 2453 2938 2523 igitur
2971 2451 3037 2504 ad
3083 2466 3143 2504 se
3174 2451 3319 2518 ipsos
3351 2449 3499 2503 solos

1929 2547 2252 2617 respiciunt,
2305 2557 2358 2599 et
2407 2545 2640 2600 miseriae
2687 2542 3044 2598 similitudine
3087 2542 3228 2595 inter
3275 2556 3333 2596 se
3365 2556 3499 2592 eon-

1929 2644 2241 2708 gregantur.
2271 2636 2373 2700 Qui
2416 2635 2485 2689 ab
2521 2634 2643 2688 aliis
2694 2633 3092 2702 despiciuntur,
3144 2645 3204 2686 se
3255 2631 3355 2700 ipsi
3387 2645 3498 2700 pm

1929 2725 2259 2780 necessitate
2297 2739 2407 2778 non
2444 2722 2776 2793 despiciunt.
2820 2721 3072 2791 Undique
3115 2721 3328 2790 expulsi
3361 2735 3494 2775 con-

1928 2818 2102 2870 lluunt
2131 2832 2298 2870 unum
2343 2817 2398 2869 in
2427 2816 2630 2878 locum,
2675 2823 2729 2869 et
2772 2813 3048 2885 proprium
3080 2811 3364 2881 quemdam
3396 2825 3498 2880 po-

1927 2910 2113 2978 pulum
2153 2908 2468 2962 coniiciunt.
2516 2901 2681 2960 Vides
2730 2904 2979 2958 homines
3025 2901 3353 2971 injucundos
3403 2899 3498 2954 θοι

1929 3000 2092 3053 bilem
2145 2999 2468 3066 tristemque
2509 2996 2734 3050 chorum
2784 2993 3100 3049 ellieientes.
3143 2992 3214 3046 At
3261 3006 3390 3046 vero
3439 2999 3500 3045 ut

252 3093 393 3144 ποιοὶ
448 3090 547 3150 τὰς
603 3090 967 3162 πολυτρόπους
1019 3089 1328 3160 ἀρρωστίας
1383 3091 1494 3152 τοῖς
1554 3088 1826 3142 συνιοῦσιν

1931 3091 2066 3162 ipsis
2100 3104 2220 3144 sese
2249 3085 2928 3158 quodammodojactitant
2959 3083 3397 3142 calamitatibus?
3430 3081 3500 3139 Ut

249 3180 680 3250 ἐπιδεικνύμενοι
699 3199 712 3244 ;
734 3181 960 3249 Ποιηταὶ
981 3179 1187 3252 γοερῶν
1219 3179 1647 3248 μελῳδημάτων,
1676 3179 1828 3248 μελο-

250 3274 394 3326 ποιοὶ
415 3273 526 3325 τῶν
579 3273 826 3342 πονηρῶν
865 3271 1086 3324 ἐκείνων
1121 3271 1378 3341 ᾀσμάτων
1397 3287 1410 3300 ·
1435 3271 1702 3340 τραγῳδοὶ
1730 3271 1827 3341 τῆς

247 3364 409 3433 κενῆς
423 3362 627 3430 ταύτης
643 3365 734 3416 καὶ
748 3361 1042 3432 δυστυχοῦς
1073 3360 1396 3430 τραγῳδίας,
1411 3361 1509 3413 οὐκ
1524 3361 1825 3431 ἀλλοτρίοις

248 3453 645 3523 τραγῳδήμασι
675 3451 809 3522 πρὸς
835 3451 902 3503 τά
933 3451 1078 3519 πάθη
1105 3449 1373 3520 χρώμενοι
1393 3468 1408 3482 ο
1432 3451 1566 3503 ἀλλά
1593 3450 1683 3502 διὰ
1711 3450 1822 3502 τῶν

248 3542 465 3594 οἰκείων
489 3540 675 3592 κακῶν
711 3540 810 3610 τὴν
840 3537 1041 3609 σκηνὴν
1082 3538 1431 3610 πληροῦντες.
1465 3532 1566 3592 Οἴα
1599 3539 1667 3592 τά
1685 3540 1819 3609 σχή-

254 3633 428 3702 ματαῐ
461 3627 549 3685 οἷα
573 3631 641 3684 τά
672 3631 1015 3700 διηγήμαται
1050 3629 1114 3682 Τί
1139 3629 1193 3680 δὲ
1218 3629 1481 3697 λεγόντων
1516 3628 1819 3700 ἀκούομεν;

254 3724 375 3787 Πῶς
399 3722 552 3794 παρά
592 3721 700 3774 τῶν
721 3720 1135 3790 γεννησαμένων
1165 3719 1495 3788 ἀπώσθησαν
1525 3720 1612 3772 ἐπ’
1647 3720 1824 3773 οὐδενὶ

255 3815 584 3884 ἀδικήματις
610 3811 732 3873 Πῶς
753 3808 1144 3864 ἀπελαύνονται
1179 3809 1447 3878 συλλόγων
1479 3809 1826 3880 κοινῶν,ὲορ-

252 3906 358 3957 τῶν
390 3921 451 3956 τε
491 3902 584 3956 καὶ
610 3901 987 3972 πανηγύρεων,
1023 3900 1212 3971 ῶσπερ
1244 3901 1556 3972 ἀνδροφόνοι
1588 3903 1751 3967 τινὲς,
1789 3901 1822 3972 ἢ

253 3996 596 4066 πατραλοῖαι,
623 3996 688 4064 τῇ
719 3991 974 4062 ἀειφυγίᾳ
998 3993 1344 4061 κατάκριτοι,
1386 3993 1583 4062 μᾶλλον
1625 3993 1684 4045 δὲ
1732 3993 1826 4044 κά-

251 4088 446 4140 κείνων
478 4083 764 4154 παραπολὺ
797 4083 1205 4153 δυστυχέστεροι
1229 4100 1242 4113 ο
1278 4085 1391 4150 εἴγε
1425 4086 1538 4145 τοῖς
1569 4082 1825 4152 ἀνδροφό-

252 4197 360 4243 νοις
391 4179 492 4249 μὲν
524 4177 752 4243 ἔξεστιν,
801 4174 1032 4244 ἀλλαχοῦ
1068 4175 1396 4244 μεταστᾶσιν
1432 4175 1569 4244 μετά
1617 4173 1823 4242 ἀνθρώ-

255 4290 370 4325 πων
402 4271 531 4341 ζῇν·
568 4262 712 4322 οὗτοι
745 4268 801 4322 δὲ
853 4267 1001 4337 μόνοι
1039 4265 1148 4318 τῶν
1192 4267 1407 4318 πάντων
1454 4264 1824 4334 ἁπανταχόθεν

252 4362 637 4433 ἀπείργονται,
679 4359 754 4421 ὼς
800 4356 964 4409 κοινοί
1007 4373 1150 4418 τινες
1187 4354 1623 4424 ἀποδεδειγμένοι.
1666 4355 1823 4409 πολέ⁹

256 4465 402 4517 μιοι’
438 4447 499 4500 οὐ
541 4447 738 4515 στέγης
779 4446 926 4515 μιᾶς,
957 4446 1016 4498 ού
1044 4443 1321 4514 τραπέζης
1355 4444 1557 4512 κοινῆς,
1596 4443 1656 4496 οὐ
1702 4445 1826 4514 χρή-

254 4556 389 4600 σεως
429 4537 638 4590 σκευῶν
684 4535 1008 4606 ἀξιούμενοι.
1061 4537 1170 4588 Καὶ
1219 4534 1370 4588 οὔπω
1418 4535 1575 4587 τοῦτο
1621 4535 1820 4588 δεινόν·

251 4631 364 4686 ἀλλ’
403 4629 525 4682 οὐδὲ
556 4629 730 4699 πηγαὶ
760 4627 982 4698 βρύουσι
1015 4625 1222 4688 τούτοις
1267 4626 1401 4696 πρὸς
1450 4627 1576 4689 τοὺς
1618 4625 1826 4694 ἀνθρὼ-

252 4734 388 4780 πους
427 4717 623 4778 κοιναὶ,
659 4716 779 4768 οὐδὲ
832 4715 1065 4784 ποταμοὶ
1111 4716 1451 4768 πιστεύονται
1485 4715 1637 4768 οὐδὲν
1670 4717 1827 4785 ἐφέλ-

254 4808 448 4862 κεσθαι
484 4807 575 4860 τοῦ
609 4808 709 4877 τῆς
750 4806 1058 4878 ἀρρωστίας
1113 4807 1468 4876 μολύσματος.
1522 4807 1640 4860 Κάν
1681 4808 1826 4861 κύων

432 4898 525 4952 τοῦ
554 4897 743 4960 ὕδατος
776 4899 841 4968 τῇ
869 4896 1146 4968 αῐμοὸόρῳ
1176 4897 1412 4970 γλώσσῃ,
1441 4899 1538 4951 οὐκ
1568 4899 1823 4968 ἐνομίσθη

255 4989 538 5059 βδελυκτὸν
572 4988 658 5042 aut
703 4987 763 5040 τὸ
793 4987 979 5057 θηρίον
1029 4988 1089 5040 τὸ
1137 4986 1279 5058 ὕδωρ
1301 5005 1313 5016 ·
1343 4988 1436 5040 ἐὰν
1469 4989 1496 5040 6
1548 4989 1825 5058 ἄρρωστος

254 5078 594 5148 προσεγγίσῃ
644 5075 721 5146 τῷ
769 5074 960 5139 ὕδατι,
1013 5074 1174 5133 εὐθὺς
1218 5075 1574 5146 ἀπεκηρύχθη
1629 5079 1722 5130 καὶ
1768 5079 1827 5131 τὸ

255 5170 401 5240 ὕδωρ
429 5169 516 5222 διὰ
542 5169 633 5221 τὸν
677 5167 985 5239 ἄνθρωπον.
1019 5165 1201 5219 Ταῦτα
1223 5165 1606 5238 διεξέρχονται,
1655 5167 1828 5222 ταῦτα

252 5263 569 5332 ὀδύρονται·
610 5259 699 5312 διὰ
739 5257 896 5312 τοῦτο
929 5257 1206 5328 ῥίπτουσιν
1239 5259 1458 5321 ἑαυτοὺς
1514 5261 1635 5312 κατ’
1658 5261 1827 5328 ἀνάγ-

253 5372 357 5425 κην
387 5353 524 5424 πρὸς
567 5351 675 5404 τῶν
729 5348 1030 5420 ἀνθρώπων
1059 5349 1108 5400 οξ
1137 5348 1375 5411 δείλαιοι,
1423 5351 1597 5402 ἱκέται
1629 5351 1828 5414 παντὸς

252 5443 346 5496 τοῦ
398 5441 907 5514 παρατυγχάνοντος
968 5441 1260 5509 γινόμενοι.
1318 5439 1582 5504 Πολλάκις
1631 5443 1827 5495 ἐπεδά-

254 5553 432 5603 κρυσα
459 5534 538 5605 τῷ
564 5534 870 5605 σκυθρωπῷ
908 5533 1079 5602 τούτῳ
1114 5531 1366 5602 θεάματι,
1410 5533 1664 5595 πολλάκις
1695 5533 1830 5604 πρὸς

254 5627 422 5698 αὐτὴν
468 5627 566 5697 τὴν
613 5625 772 5693 φύσιν
822 5623 1272 5693 ἀπεδυσπέτησα·
1330 5623 1422 5676 καὶ
1463 5623 1554 5677 νῦν
1596 5625 1729 5694 πρὸς
1761 5627 1827 5694 τῇ

1930 3183 1986 3236 in
2052 3197 2112 3237 se
2165 3180 2300 3249 ipsis
2357 3188 2612 3232 naturam
2667 3184 2946 3231 ostentant
2990 3174 3374 3244 deturpatam?
3429 3173 3500 3230 Ut

1928 3275 2111 3330 varios
2144 3269 2596 3327 convenientibus
2625 3274 2884 3336 tanquam
2911 3267 3333 3335 praestigiatores
3372 3264 3500 3335 qui-

1927 3367 2051 3420 dam
2102 3363 2324 3417 morbos
2369 3357 2791 3415 demonstrant?
2829 3356 3011 3412 Poetae
3055 3357 3358 3410 carminum
3411 3356 3498 3411 lu-

1925 3464 2266 3517 ctuosorum,
2295 3451 2535 3505 tristium
2581 3448 2960 3501 narrationum
2996 3447 3331 3508 inventores,
3365 3459 3491 3510 gra-

1926 3545 2076 3600 vium
2140 3543 2357 3597 illarum
2415 3539 2782 3592 modulatores
2847 3535 3184 3598 cantionum,
3243 3545 3498 3590 auctores

1924 3650 2081 3690 novae
2117 3633 2276 3686 istius
2323 3628 2644 3696 miseraeque
2695 3625 2992 3695 tragmdiae,
3050 3625 3106 3677 in
3140 3638 3247 3693 qua
3285 3639 3394 3678 non
3428 3639 3496 3679 ex

1927 3726 2143 3787 alienis,
2170 3722 2264 3777 sed
2296 3735 2362 3774 ex
2396 3717 2636 3788 propriis
2665 3715 3070 3769 calamitatibus
3117 3713 3366 3781 exempla
3399 3729 3496 3770 su-

1927 3826 2081 3870 munt
2127 3814 2194 3868 ad
2229 3808 2624 3881 permovendos
2655 3806 2891 3868 animos,
2944 3813 3107 3874 atque
3143 3806 3218 3858 ita
3261 3804 3366 3860 sibi
3395 3819 3497 3859 au-

1926 3908 2186 3964 dientiam
2221 3904 2430 3958 faciunt
2468 3921 2478 3954 :
2508 3901 2553 3955 0
2597 3915 2718 3970 quae
2753 3899 2956 3970 ﬁgurat,
2986 3899 3127 3952 bone
3169 3897 3332 3959 Dens.
3375 3913 3498 3970 quae

1925 3998 2295 4056 narrationes!
2348 3994 2476 4065 quid
2529 3994 2679 4063 ipsos
2725 3991 2970 4046 dicentes
3014 3991 3309 4047 audimus?
3352 3990 3495 4056 Quo-

1927 4092 2087 4146 modo
2134 4090 2203 4143 ab
2251 4089 2376 4149 illis,
2422 4085 2514 4154 qui
2572 4085 2718 4151 ipsos
2763 4090 3143 4151 procrearunt,
3202 4080 3354 4136 nulla
3395 4096 3495 4137 sua

1925 4179 2082 4248 culpa
2134 4176 2322 4245 rejecti
2363 4173 2531 4229 sunt?
2587 4170 2872 4237 Quomodo
2920 4171 3268 4241 expelluntur
3299 4185 3330 4225 e
3356 4169 3497 4225 civi-

1925 4268 2165 4322 tatibus?
2217 4263 2501 4331 Quomodo
2559 4276 2626 4314 ex
2667 4259 2954 4328 colloquiis
3000 4260 3495 4325 commnnibus,ex

1928 4358 2164 4430 publicis
2209 4356 2469 4425 festisque
2522 4352 2881 4410 conventibus
2927 4350 3314 4413 extruduntur,
3367 4355 3494 4402 tan--

1927 4467 2089 4522 quam
2117 4449 2426 4510 homicidae,
2459 4455 2717 4517 tanquam
2749 4443 3039 4514 parricidae
3071 4442 3264 4497 exsilio
3302 4455 3495 4510 perpe-

1929 4553 2022 4598 tuo
2075 4539 2351 4604 mulctati,
2414 4539 2524 4592 imo
2577 4552 2740 4608 quam
2794 4537 2873 4590 illi
2928 4536 3083 4604 longe
3136 4533 3491 4588 infelicioresl

1929 4633 2210 4704 Siquidem
2252 4629 2544 4685 homicidis
2592 4630 2768 4684 solum
2805 4624 3146 4680 vertentibus
3188 4624 3318 4678 licet
3365 4623 3494 4678 alibi

1927 4739 2050 4778 eum
2089 4722 2404 4776 hominibus
2440 4719 2640 4774 vivere.
2699 4717 2769 4770 At
2823 4715 2912 4770 isti
2947 4714 3189 4768 omnium
3236 4713 3338 4768 soli
3381 4721 3496 4766 tan-

1928 4829 2087 4884 quam
2129 4826 2448 4867 communes
2485 4809 2750 4865 declarati
2799 4808 2986 4863 hostes
3031 4805 3271 4872 undique
3307 4811 3494 4858 extur-

1927 4907 2128 4961 bantur
2160 4912 2221 4958 ut
2246 4917 2432 4957 canes.
2461 4899 2644 4966 Quid?
2677 4898 2823 4970 quod
2863 4897 3052 4953 eodem
3101 4903 3267 4960 tecto,
3301 4895 3493 4950 eadem

1929 5011 2138 5059 mensa,
2193 4994 2381 5048 eodem
2431 5005 2689 5045 vasorum
2755 5007 2856 5047 usu
2893 4989 3214 5060 judicantur
3255 4987 3498 5058 indigni?

1928 5087 2106 5152 Quid?
2137 5085 2280 5155 quod
2303 5084 2464 5154 quasi
2495 5084 2609 5137 haec
2635 5084 2767 5136 satis
2795 5081 2981 5152 gravia
3015 5095 3120 5134 non
3151 5080 3281 5141 sint,
3307 5093 3495 5134 arcen-

1929 5186 2018 5232 tur
2053 5193 2082 5230 a
2114 5176 2376 5239 fontibus,
2412 5174 2504 5244 qui
2552 5172 2778 5242 reliquis
2821 5172 3132 5226 hominilms
3182 5179 3310 5225 sunt
3347 5187 3500 5226 com-

1928 5268 2147 5323 munes?
2178 5265 2295 5335 Ipsa
2328 5265 2458 5335 quin
2484 5264 2648 5318 etiam
2679 5263 2900 5315 ﬂumina
2931 5262 3226 5315 creduntur
3253 5263 3494 5332 ipsorum

1929 5357 2250 5428 mgritudine
2296 5352 2660 5423 coinquinari.
2709 5349 2768 5403 Si
2821 5349 3002 5418 lingua
3063 5357 3289 5403 cruenta
3343 5348 3499 5404 canis

1931 5466 2126 5520 aquam
2160 5445 2433 5511 lamberit,
2476 5458 2583 5498 non
2631 5456 2750 5497 eam
2791 5439 2998 5495 ideirco
3026 5448 3292 5507 respuunt
3325 5437 3500 5492 homi-

1931 5558 2028 5597 nes
2057 5561 2069 5595 :
2099 5549 2154 5594 at
2185 5541 2228 5594 si
2258 5539 2328 5594 ad
2363 5539 2510 5591 illam
2538 5549 2681 5605 aeger
2727 5529 3046 5594 accesserit,
3074 5530 3340 5584 continuo
3370 5545 3497 5597 pro-

1931 5641 2051 5694 nter
2083 5634 2356 5688 hominem
2391 5631 2508 5700 ipsa
2543 5641 2761 5699 quoque
2790 5639 2942 5703 aqua
2987 5621 3329 5695 detestabilis
3364 5636 3502 5692 ιιι-ως
