4072 6156
535 278 639 341 ιτθ

1770 279 1827 335 S.
1869 277 2197 334 GREGORII
2246 276 2544 333 NYSSENI

3666 271 3770 325 480

534 397 771 452 dicatur.
806 394 1234 461 llmcenarrant,
1267 392 1383 447 haec
1408 391 1693 462 deplorant
1721 411 1734 448 :
1767 394 1837 448 ob
1866 394 1983 449 haec
2006 410 2099 450 ne-

2221 394 2308 464 ινή
2319 410 2392 463 μῃ
2425 388 2747 460 συγχέομαι.
2779 381 2931 440 Εἶδον
2961 383 3130 449 πάθος
3156 381 3405 447 ἑλεεινδν,
3433 374 3568 434 εἶδον
3593 378 3770 449 θέαμα

452 544 455 547 .
536 489 780 544 cessario
810 502 870 542 se
896 486 961 540 ad
1004 482 1279 538 hominum
1319 483 1483 553 pedes
1512 483 1779 553 abjicinnt
1808 486 2015 549 miseri,
2047 495 2102 540 et

539 581 795 635 omnibus
818 576 1236 633 occurrentibus
1261 577 1588 647 supplicant.
1625 575 1776 647 Saepe
1801 577 1943 632 tristi
1980 592 2100 646 spe-

537 671 754 726 ctaculo
786 666 1157 738 illacrymavi;
1213 683 1355 736 saepe
1414 668 1481 722 de
1538 676 1732 722 natura
1771 677 2105 737 conquestus

540 776 684 824 sum,
714 769 764 814 et
792 774 856 814 ea
885 774 971 813 me
1005 758 1313 813 recordatio
1357 759 1725 829 memoriaque
1753 775 1900 814 nunc
1937 761 2102 814 etiam

540 860 720 906 movet
769 858 934 919 atque
982 850 1283 919 perturbat.
1337 849 1462 904 Vidi
1509 852 1887 921 aegritudinem
1940 850 2104 905 mise-

541 943 797 1009 randam;
852 943 960 997 vidi
1005 943 1376 1012 spectaculum
1438 942 1656 1011 plenum
1695 943 2102 1013 lacrymarum;

537 1029 693 1100 juxta
727 1029 847 1084 vias
877 1029 1142 1090 celebres,
1192 1036 1245 1083 et
1279 1043 1308 1081 a
1351 1027 1810 1097 praetereuntibus
1852 1029 2107 1097 frequen-

542 1128 687 1177 tatas
708 1121 895 1190 iacent
922 1120 1190 1183 homines,
1225 1120 1336 1174 imo
1370 1135 1438 1175 ne
1470 1120 1715 1175 homines
1740 1119 1982 1188 quidem,
2011 1119 2106 1174 sed

541 1209 793 1266 infelices
839 1211 1119 1265 hominum
1156 1210 1417 1279 reliquiae,
1459 1210 1631 1279 signis
1662 1218 1714 1264 et
1761 1209 1979 1264 indiciis
2008 1211 2103 1263 ali-

543 1300 746 1370 quibus
796 1298 1121 1369 indigentes,
1159 1308 1217 1353 ut
1267 1315 1326 1354 se
1372 1299 1621 1353 homines
1658 1314 1779 1353 esse
1820 1299 1977 1353 fidem
2030 1299 2109 1353 fa-

545 1392 712 1445 ciant.
757 1389 942 1461 Neque
970 1392 1114 1445 eni'm
1151 1406 1217 1445 ex
1262 1400 1473 1445 natura:
1521 1391 1665 1446 notis
1691 1389 1986 1460 quidquam
2026 1400 2111 1447 est.

546 1482 843 1549 reliquum,
876 1489 935 1534 ut
971 1481 1192 1551 agnosci
1224 1482 1457 1550 possint.
1504 1480 1568 1534 Hi
1611 1482 1711 1536 soli
1755 1497 1821 1537 ex
1858 1483 2110 1537 omnibus

549 1589 607 1628 se
648 1572 796 1641 ipsos
840 1571 1094 1635 oderunt,
1149 1572 1250 1626 soli
1305 1571 1448 1626 diem
1478 1586 1636 1627 suum
1684 1573 1917 1627 natalem
1959 1588 2107 1639 exsec

548 1670 792 1723 crantur,
846 1675 909 1715 ac
946 1661 1071 1730 jure
1108 1661 1327 1731 quidem
1369 1662 1712 1716 detestantur
1758 1663 1909 1716 illum
1944 1664 2107 1727 diem,

549 1753 643 1820 qui
699 1750 822 1805 talis
868 1750 993 1805 vitae
1053 1730 1378 1820 principium
1432 1749 1552 1803 fuit.
1605 1747 1862 1805 Homines
1916 1751 2010 1818 qui
2053 1764 2112 1804 se
2143 1730 2183 1784 Β

550 1841 825 1896 communi
857 1840 1218 1910 appellatione
1248 1841 1529 1895 nominare
1552 1840 1904 1906 erubescunt,
1941 1856 2010 1895 ne
2046 1855 2114 1895 ex

552 1935 670 2004 ipsa
734 1932 970 1988 nominis
1022 1933 1409 1987 communione
1472 1941 1723 1987 naturam
1771 1948 2114 1988 communem

549 2024 897 2079 dedecorent.
929 2021 1153 2093 Semper
1183 2024 1237 2078 in
1272 2023 1510 2079 miseriis
1535 2024 1697 2078 vitam
1725 2024 1961 2094 degunt;
1994 2038 2117 2093 per-

550 2122 768 2186 petuam
809 2116 989 2169 luctus
1021 2116 1304 2170 materiam
1336 2116 1556 2171 habent.
1592 2115 1843 2182 Quandiu
1878 2116 2022 2171 enim
2058 2129 2118 2172 se

550 2205 703 2273 ipsos
736 2205 1030 2274 aspiciunt,
1059 2205 1247 2260 tandiu
1279 2207 1495 2277 lugendi
1525 2207 1724 2262 habent
1750 2208 2113 2262 occasionem.

551 2296 810 2353 Dubitant
880 2307 1059 2352 autem
1110 2313 1248 2367 quas
1304 2299 1480 2369 magis
1535 2299 1818 2369 deplorent
1872 2299 2118 2368 corporis

552 2398 756 2460 partes,
787 2405 974 2452 easne,
1007 2406 1129 2459 qua:
1182 2405 1295 2445 non
1337 2390 1536 2445 adsunt
1573 2392 1829 2461 amplius,
1865 2406 1933 2445 an
1973 2393 2117 2459 illas,

553 2495 675 2550 quae
720 2489 1033 2551 supersunt.
1079 2479 1227 2547 Quas
1260 2483 1485 2537 morbus
1530 2482 1853 2552 absumpsit,
1902 2497 1969 2537 an
2000 2498 2120 2554 qua:

554 2574 746 2626 morbo
770 2572 973 2627 relicta:
996 2579 1125 2628 sunt
1154 2572 1524 2627 absumendee.
1555 2571 1924 2629 Dolendumne
1950 2575 2120 2644 magis

554 2662 646 2726 sit,
684 2661 828 2729 quod
859 2661 912 2715 in
951 2677 1009 2717 se
1033 2661 1170 2731 ipsis
1196 2676 1290 2717 eas
1313 2662 1564 2717 miserias
1603 2668 1850 2723 cernant,
1884 2677 1953 2715 an
1976 2661 2121 2731 quod

554 2767 651 2807 ras
694 2751 944 2820 adempta
994 2752 1158 2806 etiam
1211 2752 1401 2806 morbo
1438 2752 1655 2807 videndi
1706 2751 1984 2815 facultate,
2034 2753 2120 2804 in-

557 2843 694 2895 tueri
726 2858 833 2895 non
860 2844 1093 2911 possint.
1122 2842 1277 2908 Quod
1306 2843 1437 2898 talia
1461 2844 1529 2899 de
1560 2860 1618 2899 se
1647 2858 1873 2898 narrare
1897 2851 2119 2912 queant,

558 2946 624 2984 an
645 2931 790 2999 quod
824 2931 928 2986 sibi
960 2933 1028 2984 al)
1060 2931 1179 3002 ipso
1209 2933 1400 2987 morbo
1431 2943 1614 3002 erepta
1649 2935 1814 2988 etiam
1851 2951 2001 3000 voce,
2053 2949 2121 2990 ne

2201 482 2449 553 δακρύων
2489 480 2731 549 πλῆρεςο
2786 475 3100 545 πρόκεινται
3142 471 3283 527 κατὰ
3326 471 3423 534 τάς
3463 469 3614 532 ὁδοὺς
3662 467 3770 521 τῶν

2204 572 2505 642 παριόντων
2556 569 2831 638 ἄνθρωποι
2850 580 2864 596 ⁶
2914 564 3111 636 μᾶλλον
3146 563 3203 617 δὲ
3248 562 3429 616 οὐκέτι
3474 559 3769 630 ἄνθρωποι,

2204 662 2339 716 ἀλλὰ
2364 661 2472 714 τῶν
2499 676 2629 714 ποτε
2657 657 2956 729 ἀνθρώπων
2991 656 3150 712 ἄθλια
3181 654 3440 724 λείψανα,
3484 670 3550 705 συ
3560 652 3772 722 μὸόλων

2170 795 2173 798 ι
2203 754 2362 808 τινῶν
2393 754 2486 807 καὶ
2515 751 2908 821 γνωρισμάτων
2940 752 3019 813 εἰς
3044 749 3102 802 τὸ
3135 747 3487 814 πιστευθῆναι
3510 744 3770 814 δεόμενοι.

2205 848 2278 900 Οὐ
2324 845 2435 916 γὰρ
2465 846 2678 915 ἔχουσιν
2723 842 2831 896 ἀπὸ
2874 840 2982 894 τῶν
3019 840 3119 911 τῆς
3154 838 3367 907 φύσεως
3414 839 3773 911 χαρακτήρων

2206 935 2661 1006 ἐπιγινώσκεσθαι
2707 934 2982 1003 ἄνθρωποι
3007 972 3022 997 ,
3079 931 3229 1002 μόνοι
3253 931 3361 984 τῶν
3401 930 3616 984 πάντων
3645 931 3775 983 ἑαυ-

2205 1031 2331 1092 τοὺς
2389 1026 2705 1098 μισοῦντες,
2763 1024 2913 1095 μόνοι
2965 1023 3063 1093 τὴν
3108 1020 3380 1090 γενέθλιον
3433 1021 3644 1092 ἡμέραν
3689 1018 3779 1071 διὰ

2207 1118 2449 1189 κατάρας
2479 1117 2702 1184 ἄγοντες
2724 1154 2738 1179 ,
2777 1110 2991 1184 μισοῦσι
3023 1111 3130 1181 γὰρ
3168 1110 3392 1171 εἰκότως
3433 1108 3531 1178 τὴν
3561 1107 3777 1177 ἡμέραν

2209 1212 2443 1282 ἐκείνην,
2491 1208 2589 1280 τὴν
2633 1207 2873 1278 ἄρξασαν
2921 1205 3102 1267 αὐτοῖς
3143 1206 3244 1274 τῆς
3304 1200 3557 1272 τοιαύτης
3607 1200 3774 1268 ζωῆς.

2213 1302 2541 1374 Ἄνθρωποι,
2575 1300 2624 1354 οἳ
2659 1301 2754 1354 καὶ
2792 1296 3079 1369 ὀνομάζειν
3116 1295 3343 1356 ἑαυτοὺς
3375 1294 3482 1346 ἀπὸ
3525 1293 3624 1362 τῆς
3670 1308 3781 1345 κοι-

2210 1398 2305 1467 νῆς
2334 1392 2700 1467 προσηγορίας
2726 1389 3071 1460 αἰσχύνονται
3092 1404 3105 1418 ·
3134 1389 3209 1449 ὡς
3236 1384 3301 1439 ἂν
3329 1384 3403 1455 μὴ
3428 1386 3493 1454 τῇ
3524 1382 3781 1455 κοινωνίᾳ.

2209 1489 2304 1543 τοῦ
2346 1488 2606 1556 ὀνόματος
2643 1485 2742 1554 τὴν
2782 1481 2965 1553 κοινὴν
3003 1479 3164 1550 φύσιν
3196 1479 3260 1531 δι’
3287 1476 3494 1531 ἑαυτῶν
3527 1474 3781 1544 καθυϐρί-

2214 1596 2360 1633 σειαν
2381 1598 2393 1609 ·
2428 1578 2695 1649 οτμωγαῖς
2734 1574 2822 1629 ἀεὶ
2868 1574 3155 1638 συζῶντες,
3194 1572 3471 1626 ἄπαυστον
3502 1569 3610 1622 τῶν
3642 1567 3781 1639 θρή-

2212 1686 2316 1724 νων
2360 1667 2457 1738 τὴν
2507 1665 2763 1719 ὑπόθεσιν
2817 1663 3049 1735 ἔχοντες.
3108 1663 3253 1725 Ἕως
3288 1660 3397 1731 γὰρ
3442 1659 3508 1713 ἂν
3556 1658 3782 1722 ἑαυτοὺς

2215 1760 2503 1830 βλέπωσιν,
2553 1757 2638 1809 ἀεὶ
2680 1755 2779 1819 τὰς
2825 1753 2919 1808 τοῦ
2974 1753 3189 1823 θρηνεῖν
3241 1751 3451 1822 ἔχουσιν
3491 1749 3742 1821 ἀφορμάς
3766 1766 3784 1779 ⁸

2214 1848 2562 1921 ἀποροῦντες,
2603 1847 2702 1899 ὅτι
2737 1844 2829 1898 καὶ
2879 1843 3076 1914 μᾶλλον
3123 1842 3423 1912 ὀδύρονται,
3469 1840 3539 1894 τὰ
3586 1838 3787 1911 μηκέτι
3886 1838 3897 1849 ’

2213 1939 2342 1993 ὄντα
2369 1937 2458 1991 τοῦ
2487 1934 2756 2006 σώματος,
2789 1933 2823 2004 ἢ
2850 1931 2921 1986 τά
2951 1931 3247 2002 λειπόμενα
3265 1947 3279 1963 ο
3333 1932 3435 1983 ὅσα
3475 1928 3792 1999 προανήλω-

2216 2049 2306 2085 σεν
2340 2032 2372 2100 ἡ
2423 2031 2594 2091 νόσος,
2633 2026 2666 2097 ἢ
2703 2026 2802 2078 ὅσα
2851 2026 2917 2094 τῇ
2958 2023 3095 2091 νόσῳ
3131 2021 3406 2075 λείπεται·
3449 2019 3530 2072 ὅτι
3568 2017 3793 2087 βλέπου-

2217 2138 2299 2174 σιν
2329 2121 2414 2189 ἐφ’
2440 2117 2645 2172 ἑαυτῶν
2674 2115 2743 2168 τὰ
2760 2112 3001 2177 τοιαῦτα,
3029 2112 3062 2183 ἢ
3089 2113 3170 2164 ὅτι
3194 2110 3315 2163 οὐδὲ
3338 2110 3551 2180 βλέπειν
3582 2107 3793 2179 ἰσχύου-

2219 2227 2322 2273 σιν,
2360 2205 2777 2279 άμαυρωθείσης
2832 2206 2890 2256 ὲν
2938 2201 3016 2272 τῷ
3061 2199 3221 2255 πάθει
3287 2200 3386 2269 τῆς
3446 2198 3651 2268 ὅψεως
3697 2198 3786 2251 ὄτι

2217 2299 2441 2355 τοιαῦτα
2475 2298 2656 2368 έχουσι
2700 2295 2825 2366 περὶ
2859 2290 3068 2347 ἑαυτῶν
3106 2289 3429 2361 διηγεῖσθαι,
3478 2289 3512 2359 ἦ
3557 2290 3638 2342 ὅτι
3668 2287 3792 2341 οὐδὲ

2218 2393 2518 2466 διηγεῖσθαι
2542 2391 2611 2444 τὰ
2650 2388 2795 2459 πάθη
2838 2386 3110 2448 δύνανται,
3139 2383 3239 2455 τὴν
3268 2381 3451 2454 φωνὴν
3476 2385 3541 2435 ὲκ
3566 2380 3661 2434 τοῦ
3691 2381 3794 2434 πάν

2220 2486 2346 2547 θους
2378 2480 2744 2556 ἀφῃρημένοι·
2814 2478 2896 2530 ὅτι
2927 2474 3151 2547 τοιαύτῃ
3199 2473 3436 2542 χρῶνται
3493 2473 3702 2541 τροφῇ»
3740 2470 3792 2540 ἢ

2220 2577 2302 2630 ὅτι
2350 2575 2471 2635 οὐδὲ
2517 2572 2730 2642 ἑκείνην
2773 2567 3008 2629 εὐκόλως
3034 2567 3067 2637 ή
3096 2568 3251 2628 νόσος
3279 2566 3345 2635 τῇ
3391 2561 3655 2632 διαφθορᾷ
3681 2560 3797 2613 τῶν

2221 2669 2349 2739 περὶ
2383 2666 2447 2718 τὸ
2487 2664 2660 2734 στόμα
2703 2659 2903 2732 μορίων
2937 2654 3330 2728 ἐμποδιζούσης
3355 2654 3452 2724 τῆς
3475 2650 3790 2724 βρώσεως“’

2219 2761 2301 2814 ὃτι
2342 2761 2399 2811 ἑν
2443 2756 2690 2826 αἰσθήσει
2745 2752 2814 2806 τὰ
2856 2749 2964 2813 τῶν
2993 2746 3201 2818 νεκρῶν
3238 2744 3606 2816 δυστυχοῦσιν,
3641 2743 3675 2811 ἢ
3711 2742 3796 2796 ὅτι

2225 2851 2319 2903 καὶ⁹
2357 2847 2468 2900 τῶν
2498 2845 2800 2914 αἰσθήσεων
2825 2839 3003 2919 αὐτῶν
3035 2835 3503 2909 προσαφῄρηνται.
3548 2832 3659 2887 Ποῦ
3684 2831 3794 2904 γὰρ

2227 2940 2354 3010 παρ’
2396 2937 2623 2998 ἐκείνοις
2647 2937 2680 3004 ἡ
2720 2934 2936 3004 ὃρασις;
2979 2929 3089 2984 Ποῦ
3115 2930 3149 2998 ἡ
3176 2927 3477 2999 ὅσφρησις;
3528 2923 3639 2978 Ποῦ
3668 2924 3725 2977 δὲ
3756 2926 3792 2993 ἡ

558 3017 650 3071 illa
679 3018 897 3086 quidem
930 3020 1145 3073 valeant
1176 3021 1473 3090 explicare.
1508 3021 1663 3087 Quod
1691 3025 1785 3078 tali
1828 3033 2121 3079 vescantur

2227 3031 2371 3102 ἁφή;
2400 3027 2510 3082 Ποῦ
2536 3028 2591 3081 δὲ
2626 3026 2695 3078 τὰ.
2719 3024 2882 3078 λοιπὰ
2907 3022 3013 3076 τῶν
3044 3019 3434 3093 αἰσθητηρίων,
3465 3017 3502 3072 ὃ.
3533 3017 3651 3070 κατ’
3686 3015 3796 3068 ὀλί-

475 3148 483 3156 .
558 3110 703 3174 cibo,
735 3125 802 3164 an
831 3110 976 3180 quod
1011 3126 1079 3165 ne
1122 3110 1215 3165 illo
1242 3111 1460 3180 quidem
1493 3114 1777 3169 commode
1804 3115 1950 3170 vesci
1993 3130 2123 3185 pos-

559 3199 707 3260 sint,
762 3199 1019 3267 impedita
1070 3208 1291 3269 propter
1342 3201 1455 3255 oris
1508 3212 1795 3272 corruptas
1852 3220 1882 3258 a
1935 3206 2125 3261 morbo

560 3288 857 3359 particulas
881 3289 1076 3345 edendi
1099 3296 1395 3359 potestate.
1421 3289 1579 3360 Quod
1608 3293 1894 3350 sentiendo
1917 3310 1981 3350 ea
2006 3310 2127 3365 qua:

561 3385 902 3433 mortuorum
957 3386 1087 3433 sunt
1137 3381 1378 3450 propria,
1425 3381 1816 3452 perpetiantur,
1862 3400 1930 3438 an
1980 3386 2125 3454 quod

561 3469 698 3539 ipsis
747 3470 910 3541 etiam
966 3470 1224 3526 sensibus
1265 3472 1480 3542 spoliati
1525 3473 1653 3528 sint.
1686 3473 1787 3528 Ubi
1825 3475 1969 3530 enim
2022 3475 2127 3530 illis

561 3567 657 3614 aut
708 3559 944 3624 ridendi,
983 3568 1075 3613 aut
1108 3560 1394 3625 Odorandi,
1445 3571 1540 3617 aut
1585 3565 1836 3633 tangendi
1881 3565 1995 3620 vis?
2028 3564 2128 3620 Ubi

574 3653 906 3723 reliquorum
953 3668 1213 3709 sensuum
1259 3654 1439 3719 sedes,
1482 3670 1620 3724 quas
1665 3657 1927 3725 paulatim
1961 3657 2128 3728 depa-

564 3757 753 3801 scente
800 3745 993 3799 morbo
1030 3747 1188 3802 ulcus
1217 3747 1463 3801 arrodit?
1501 3746 1603 3801 Per
1637 3749 1816 3801 omnia
1841 3749 2005 3819 igitur
2040 3764 2132 3803 va-

562 3846 762 3907 gantur
804 3839 944 3903 loca,
1000 3838 1067 3890 ad
1120 3836 1429 3891 uberiorem
1482 3844 1720 3905 pastum,
1776 3847 1835 3891 ut
1874 3838 2130 3893 animalia

563 3929 791 3983 rationis
841 3927 1105 3996 expertia,
1147 3926 1441 3980 identidem
1483 3942 1542 3980 se
1572 3927 1984 4002 transferentes.
2020 3929 2128 3986 0c-

460 4056 471 4066 .
565 4016 842 4071 casionem
874 4015 941 4068 ad
987 4016 1372 4085 negotiandum
1404 4019 1881 4088 compar-undaque
1925 4021 2131 4077 cibaria

569 4105 964 4161 circumferunt
1005 4106 1394 4173 calamitatem,
1449 4116 1505 4163 et
1547 4110 1964 4178 snpplicationis
2009 4113 2134 4169 loco

547 4196 818 4265 .morbutn
847 4194 1101 4253 omnibus
1135 4198 1454 4254 ostendunt.
1495 4198 1724 4271 Propter
1755 4203 2132 4272 mgritudiuem

566 4295 748 4341 autem
792 4287 1056 4343 ministris
1101 4297 1279 4358 egent,
1331 4305 1361 4344 a
1402 4291 1601 4361 quibus
1644 4308 1805 4347 manu
1836 4292 2128 4360 ducantur,

2226 3140 2321 3193 γον
2349 3119 2647 3191 νεμομένου
2692 3116 2786 3170 τοῦ
2826 3114 3031 3180 πάθους
3064 3117 3098 3186 ή
3129 3111 3371 3183 σηπεδὼν
3414 3109 3796 3171 ἑπιὸόσκεταις

2227 3214 2325 3266 Διὰ
2351 3210 2523 3266 ταῦτα
2550 3208 2690 3264 κατὰ
2716 3208 2923 3271 πάντας
2952 3205 3185 3259 ἀλῶνται
3223 3205 3349 3266 τοὺς
3373 3201 3591 3267 τόπους,
3628 3198 3800 3253 καθάυ

2228 3320 2333 3374 περ
2358 3303 2425 3356 τὰ
2469 3300 2635 3369 ἄλογα
2656 3298 2813 3369 ’πρὸς
2870 3297 2967 3368 τὴν
3005 3294 3383 3365 ἀφθονωτέραν
3409 3291 3579 3363 νομὴν
3611 3288 3802 3361 μετεξ-

2228 3392 2572 3465 ανιστάμενοι
2595 3405 2611 3420 ’
2638 3387 2845 3458 ἑφόδιον
2865 3389 2964 3457 τῆς
2996 3384 3135 3439 κατὰ
3156 3384 3254 3453 τὴν
3280 3382 3486 3454 τροφὴν
3508 3378 3801 3450 ἐμπορίας.

2227 3484 2326 3554 τὴν
2357 3481 2640 3551 συμφορὰν
2669 3476 3183 3549 περιφέροντες,Μί
3212 3475 3346 3528 πᾶσι
3375 3473 3473 3542 τὴν
3503 3471 3657 3524 νόσον
3683 3467 3800 3521 ἀνθ’

2233 3571 2510 3643 ἱκετηρίας
2562 3568 2949 3640 προτείνοντες.
3010 3565 3119 3618 Καὶ
3163 3561 3273 3616 τῶν
3319 3556 3803 3632 χειραγωγούντων

2228 3662 2295 3715 δι’
2328 3659 2637 3733 ἀρρωστίαν
2685 3658 2946 3729 δεόμενοι,
2994 3657 3089 3708 καὶ
3120 3652 3381 3723 ἀλλήλους
3422 3649 3510 3703 διὰ
3541 3646 3639 3717 τὴν
3671 3647 3804 3700 ἀπο-

2236 3752 2355 3824 ρίαν
2384 3748 2853 3821 ὑποστηρίζοντες.
2887 3745 3021 3799 Καθ’
3048 3744 3239 3799 ἑαυτὸν
3261 3741 3368 3810 γὰρ
3387 3740 3613 3800 ἕκαστος
3646 3736 3802 3790 ἀσθε-

2231 3843 2477 3907 νοῦντες,
2533 3840 2764 3912 ἔρεισμα
2795 3837 2872 3907 τῷ
2914 3835 3085 3906 ἑτέρῳ
3127 3832 3366 3902 γίνονται
3412 3832 3523 3890 τοῖς
3565 3824 3809 3894 ἀλλήλων

2237 3932 2450 4006 μέλεσιν
2479 3931 2598 3984 ἀντὶ
2625 3929 2731 3982 τῶν
2763 3926 3057 3981 λειπόντων
3085 3921 3376 3995 χρώμενοι.
3439 3918 3514 3971 Οὐ
3539 3916 3648 3987 γὰρ
3686 3912 3804 4006 καθ’

2233 4004 2329 4080 ἑνα
2363 4022 2641 4092 φαίνονται
2666 4036 2679 4049 ·
2718 4019 2853 4073 ἀλλά
2872 4035 2923 4071 τι
2952 4016 3064 4086 ἕχει
3094 4014 3188 4069 καὶ
3215 4016 3247 4083 ἡ
3272 4009 3613 4078 ταλαιπωρία
3647 4004 3806 4075 σοφὸν

2233 4118 2313 4179 εἰς
2344 4114 2440 4186 τὴν
2478 4110 2571 4165 τοῦ
2619 4110 2730 4179 βίου
2772 4108 3034 4173 ἐπίνοιαν,
3087 4104 3147 4157 τὸ
3197 4103 3311 4175 μετ’
3339 4100 3582 4171 ἀλλήλων
3612 4095 3804 4157 αὐτοὺς

2235 4209 2405 4262 θέλειν
2425 4206 2669 4279 ὁρᾶσθαι.
2703 4206 2892 4265 Ὄντες
2918 4201 3028 4272 γὰρ
3057 4198 3151 4252 καὶ
3179 4196 3300 4250 καθ’
3332 4195 3557 4256 ἑαυτοὺς
3581 4193 3804 4252 ἕκαστος

2236 4298 2477 4360 ἑλεεινοί,
2507 4297 2582 4359 ὡς
2608 4295 2674 4349 ἂν
2702 4293 2900 4365 μᾶλλον
2932 4288 3412 4362 συμπαθεστέρους
3444 4286 3570 4347 τοὺς
3596 4280 3806 4353 ἀνθρώ-

570 4379 663 4435 sed
702 4379 772 4433 ob
801 4379 1040 4450 inopiam
1071 4396 1192 4436 sese
1221 4383 1461 4438 vicissnm
1494 4383 1842 4439 confirmant.
1872 4385 1962 4440 Sic
1990 4388 2121 4442 enim

2240 4407 2374 4452 πους
2407 4390 2707 4458 ποιήσειαν,
2751 4384 3038 4455 προσθήκη
3074 4381 3167 4434 τοῦ
3197 4379 3400 4442 πάθους
3430 4376 3684 4447 ἀλλήλοις
3722 4372 3807 4441 γί-

568 4472 707 4526 alter
737 4473 966 4529 alterius
999 4474 1173 4528 utitur
1217 4476 1478 4531 membris
1506 4491 1605 4545 pro
1646 4476 1715 4532 iis
1750 4492 1871 4545 qum
1900 4479 2002 4532 sibi
2037 4480 2133 4533 de-

567 4570 719 4628 sunt,
751 4571 831 4631 ut,
871 4565 962 4633 qui
1000 4581 1097 4634 per
1142 4582 1201 4621 se
1227 4566 1424 4638 singuli
1474 4576 1601 4623 sunt
1632 4569 1911 4635 imbecilli,
1946 4579 2134 4626 mutua

566 4656 660 4710 illa
690 4657 1007 4712 accessione
1035 4658 1351 4714 fulciantur.
1382 4660 1568 4730 Itaque
1598 4663 1651 4715 in
1682 4662 1963 4717 hominum
1995 4679 2133 4718 con-

567 4757 815 4818 spectum
850 4749 1128 4820 sigillatim
1161 4768 1271 4807 non
1318 4753 1564 4817 veniunt,
1603 4752 1698 4808 sed
1733 4752 1891 4816 (adeo
1919 4765 2137 4825 egestas

566 4840 731 4895 etiam
760 4840 827 4895 ad
875 4841 1175 4910 parandum
1210 4836 1411 4898 victum
1456 4843 1771 4913 ingeniosos
1804 4852 1859 4899 et
1901 4845 2132 4900 solertes

568 4929 724 5002 facit)
767 4932 1012 4987 universi
1059 4942 1221 5003 atque
1269 4934 1416 4989 inter
1446 4950 1507 4991 se
1535 4935 1850 5005 congregati
1889 4936 2134 5005 conspici

566 5019 777 5075 volunt.
812 5020 940 5077 Inde
985 5021 1059 5089 tit,
1104 5031 1183 5087 ut,
1209 5038 1333 5076 cum
1389 5022 1590 5094 singuli
1625 5023 1965 5080 miserabiles
1998 5025 2130 5088 sint,

2240 4495 2440 4543 νονται,
2470 4477 2561 4529 τὸν
2590 4474 2822 4546 πονηρὸν
2854 4472 2931 4543 τῷ
2954 4470 3116 4542 κοινῷ
3139 4469 3575 4538 συνεισφέροντες
3596 4464 3804 4535 ἔρανον,

2239 4569 2395 4631 ἄλλος
2426 4568 2492 4621 δι’
2523 4565 2683 4636 ἄλλης
2715 4565 2856 4627 τινὸς
2897 4565 3179 4634 συμφορᾶς
3226 4561 3372 4614 ἔλεον
3406 4559 3613 4618 ἑαυτοῖς
3640 4552 3809 4623 ἐρανί-

2239 4658 2444 4725 ζοντες.
2507 4658 2565 4710 '0
2592 4657 2688 4727 μὲν
2720 4658 2907 4726 χεῖρας
2937 4651 3464 4725 ἠκρωτηριασμένας
3488 4646 3805 4718 προτείνων.

2241 4751 2397 4814 ἄλλος
2419 4748 2659 4818 γαστέρα
2674 4744 3038 4817 προδεικνύων
3058 4742 3514 4813 φλεγμαίνουσαν,
3528 4738 3625 4791 καὶ
3644 4734 3809 4805 πρόσ-

2239 4856 2387 4895 ωπον
2408 4837 2773 4911 ηχρειωμένον
2801 4835 3004 4905 ἕτερος,
3045 4834 3137 4888 καὶ
3175 4833 3333 4896 ἄλλος
3360 4830 3420 4884 τὸ
3453 4828 3640 4891 σκέλος
3671 4826 3806 4879 ἀπο-

2241 4930 2543 5003 σηπὸμενον
2568 4945 2582 4958 ·
2618 4930 2648 4981 ὁ
2691 4927 2748 4980 δὲ
2774 4927 2803 4979 ὃ
2828 4926 2894 4980 ἂν
2917 4926 3068 4997 τύχοι
3093 4924 3185 4980 τοῦ
3217 4923 3465 4995 σώματος
3490 4913 3809 4986 ἀπογυμνώ-

2240 5040 2360 5088 σας,
2395 5023 2452 5075 ἑν
2481 5020 2673 5090 ἐκείνῳ
2710 5019 2773 5072 τὸ
2800 5018 2969 5083 πάθος
3000 5016 3217 5084 ἔδειξεν.

567 5109 880 5166 hominibus
926 5112 1000 5166 ita
1042 5112 1322 5182 conjuncti
1354 5113 1527 5182 magis
1573 5113 1869 5168 miserandi
1941 5112 2415 5183 coadjuvandique
2481 5109 2790 5165 videantur.
2857 5106 3079 5179 Aliquid
3132 5106 3277 5161 enim
3311 5101 3542 5174 quisque
3571 5100 3625 5154 in
3660 5111 3809 5153 com-

567 5219 731 5259 mune
775 5202 1011 5268 confert,
1053 5211 1107 5258 et
1140 5204 1282 5260 alius
1349 5220 1416 5258 ex
1463 5205 1567 5258 alia
1631 5206 1940 5261 calamitate
1979 5205 2412 5260 misericordiam
2463 5207 2767 5273 comparat.
2817 5198 2918 5255 Hic
2991 5196 3280 5270 praetendit
3326 5195 3609 5250 mutilatas

3689 5206 3805 5246 ma-

566 5313 718 5364 nus;
771 5297 861 5352 ille
891 5296 1159 5352 tumidum
1216 5304 1460 5352 ventrem
1516 5296 1777 5362 ostendit,
1808 5297 1949 5353 alius
1992 5296 2309 5351 dilaniatam
2340 5294 2569 5350 faciem:
2603 5309 2733 5351 crus
2791 5301 3111 5363 putrescens
3171 5288 3334 5342 alius.
3397 5283 3514 5350 Qua
3572 5282 3807 5352 denique

568 5386 800 5456 quisque
826 5392 1054 5454 aegrotat
1096 5386 1343 5455 corporis
1385 5392 1559 5455 parte,
1604 5401 1722 5442 eam
1756 5384 2018 5452 denudat,
2062 5392 2118 5440 et
2154 5400 2310 5442 suam
2347 5384 2630 5438 miseriam
2661 5388 2922 5438 ostentat.

638 5477 782 5543 Quid
812 5492 943 5549 ergo
978 5476 1285 5551 faciendum
1329 5484 1411 5532 est
1443 5477 1621 5543 nobis,
1653 5487 1713 5531 ut
1746 5478 1888 5532 nihil
1929 5478 1985 5531 in
2028 5490 2131 5531 na-

569 5579 704 5625 tnrze
742 5570 910 5639 legem
943 5583 1198 5639 peccasse
1234 5569 1553 5623 videamur?
1581 5569 1787 5624 satisne
1817 5570 1909 5633 sit,
1942 5582 2133 5623 eorum

571 5657 887 5714 aﬂectiones
910 5657 1193 5728 deplorare
1212 5697 1226 5725 ,
1252 5666 1303 5714 et
1326 5657 1572 5714 oratione
1596 5657 1844 5714 morbum
1876 5658 2136 5732 extollere

2305 5474 2371 5528 Τί
2386 5469 2476 5528 οὖν
2497 5490 2516 5542 ;
2550 5469 2660 5545 ἆρα
2684 5472 2904 5545 ἐξαρκεῖ
2923 5469 3174 5524 τοσοῦτον
3195 5468 3329 5540 πρὸς
3349 5466 3408 5519 τὸ
3428 5464 3592 5536 μηδὲν
3621 5464 3699 5527 εἰς
3718 5462 3807 5514 τὸν

2239 5566 2338 5637 τῆς
2358 5565 2570 5636 φύσεως
2582 5565 2741 5635 νόμον
2759 5565 3103 5636 ἐξαμαρτεῖν,
3118 5560 3253 5616 αὐτὸ
3267 5560 3418 5614 τοῦτο
3435 5558 3496 5612 τὺ
3515 5555 3809 5628 τραγῳδεῖν

2242 5658 2308 5713 τὰ
2332 5658 2475 5730 πάθη
2492 5657 2590 5729 τῆς
2610 5657 2841 5727 φύσεως,
2860 5655 2952 5710 καὶ
2972 5655 3114 5727 λόγῳ
3129 5651 3502 5716 διασκευάζειν
3520 5649 3618 5720 τὴν
3634 5647 3805 5710 νόσον,
