  <div class='ocr_page' id='page_1' title='image "/cluster/home/n/w/nwhite01/storage/ocr_20150623/46/mdp.39015011915447/248.png"; bbox 0 0 4072 6156; ppageno 0'>
   <div class='ocr_carea' id='block_1_1' title="bbox 261 314 3519 378">
    <p class='ocr_par' dir='ltr' id='par_1_1' title="bbox 261 314 3519 378">
     <span class='ocr_line' id='line_1_1' title="bbox 261 314 3519 378; baseline 0.003 -10"><span class='ocrx_word' id='word_1_1' title='bbox 261 314 354 369; x_wconf 68' lang='grc'><strong>481</strong></span> <span class='ocrx_word' id='word_1_2' title='bbox 1468 316 1557 373; x_wconf 86' lang='lat' dir='ltr'><strong>DE</strong></span> <span class='ocrx_word' id='word_1_3' title='bbox 1594 315 1982 374; x_wconf 76' lang='lat' dir='ltr'><strong>PAUPERIBU</strong></span> <span class='ocrx_word' id='word_1_4' title='bbox 1995 318 2031 369; x_wconf 90' lang='lat' dir='ltr'>S</span> <span class='ocrx_word' id='word_1_5' title='bbox 2069 316 2392 375; x_wconf 77' lang='lat' dir='ltr'><strong>AMANDIS.</strong></span> <span class='ocrx_word' id='word_1_6' title='bbox 3415 324 3519 378; x_wconf 70' lang='lat'><strong>682</strong></span> 
     </span>
    </p>
   </div>
   <div class='ocr_carea' id='block_1_2' title="bbox 264 420 1856 499">
    <p class='ocr_par' dir='ltr' id='par_1_2' title="bbox 264 420 1836 499">
     <span class='ocr_line' id='line_1_2' title="bbox 264 420 1836 499; baseline 0.001 -22"><span class='ocrx_word' id='word_1_7' title='bbox 264 422 363 477; x_wconf 77' lang='grc' dir='ltr'>καὶ</span> <span class='ocrx_word' id='word_1_8' title='bbox 385 420 519 493; x_wconf 79' lang='grc' dir='ltr'>πρὸς</span> <span class='ocrx_word' id='word_1_9' title='bbox 533 420 629 492; x_wconf 82' lang='grc' dir='ltr'><strong>τήν</strong></span> <span class='ocrx_word' id='word_1_10' title='bbox 654 423 874 495; x_wconf 80' lang='grc' dir='ltr'>μνήμην</span> <span class='ocrx_word' id='word_1_11' title='bbox 905 424 1288 492; x_wconf 86' lang='grc' dir='ltr'>παθαίνεσθαι;</span> <span class='ocrx_word' id='word_1_12' title='bbox 1314 426 1387 480; x_wconf 82' lang='grc' dir='ltr'><strong>Ἥ</strong></span> <span class='ocrx_word' id='word_1_13' title='bbox 1407 444 1550 492; x_wconf 89' lang='grc' dir='ltr'>τινος</span> <span class='ocrx_word' id='word_1_14' title='bbox 1582 431 1712 499; x_wconf 86' lang='grc' dir='ltr'>ήμῖν</span> <span class='ocrx_word' id='word_1_15' title='bbox 1745 426 1836 484; x_wconf 67' lang='grc' dir='ltr'>καὶ</span> 
     </span>
    </p>
   </div>
   <div class='ocr_carea' id='block_1_3' title="bbox 1958 420 3517 499">
    <p class='ocr_par' dir='ltr' id='par_1_3' title="bbox 1958 430 3517 498">
     <span class='ocr_line' id='line_1_3' title="bbox 1958 430 3517 498; baseline 0.005 -19"><span class='ocrx_word' id='word_1_16' title='bbox 1958 436 2101 497; x_wconf 78' lang='lat' dir='ltr'><strong>itque</strong></span> <span class='ocrx_word' id='word_1_17' title='bbox 2127 430 2242 498; x_wconf 91' lang='lat' dir='ltr'><strong>ipsa</strong></span> <span class='ocrx_word' id='word_1_18' title='bbox 2264 432 2782 486; x_wconf 76' lang='lat' dir='ltr'><strong>commemoratione</strong></span> <span class='ocrx_word' id='word_1_19' title='bbox 2804 431 3178 487; x_wconf 87' lang='lat' dir='ltr'><strong>commoveri?</strong></span> <span class='ocrx_word' id='word_1_20' title='bbox 3198 446 3266 487; x_wconf 87' lang='lat' dir='ltr'><strong>an</strong></span> <span class='ocrx_word' id='word_1_21' title='bbox 3289 446 3517 488; x_wconf 78' lang='lat' dir='ltr'><strong>necesse</strong></span> 
     </span>
    </p>
   </div>
   <div class='ocr_carea' id='block_1_4' title="bbox 264 513 1837 589">
    <p class='ocr_par' dir='ltr' id='par_1_4' title="bbox 264 513 1837 589">
     <span class='ocr_line' id='line_1_4' title="bbox 264 513 1837 589; baseline 0.004 -22"><span class='ocrx_word' id='word_1_22' title='bbox 264 514 429 586; x_wconf 75' lang='grc' dir='ltr'>ιργου</span> <span class='ocrx_word' id='word_1_23' title='bbox 461 513 615 583; x_wconf 81' lang='grc' dir='ltr'>χρεία</span> <span class='ocrx_word' id='word_1_24' title='bbox 649 514 744 567; x_wconf 91' lang='grc' dir='ltr'><strong>τοῦ</strong></span> <span class='ocrx_word' id='word_1_25' title='bbox 787 516 1227 587; x_wconf 77' lang='grc' dir='ltr'><strong>ἐπιδεικνυμένου</strong></span> <span class='ocrx_word' id='word_1_26' title='bbox 1258 518 1391 589; x_wconf 78' lang='grc' dir='ltr'>πρὸς</span> <span class='ocrx_word' id='word_1_27' title='bbox 1418 522 1544 584; x_wconf 80' lang='grc' dir='ltr'>τοὺς</span> <span class='ocrx_word' id='word_1_28' title='bbox 1564 520 1837 583; x_wconf 81' lang='grc' dir='ltr'><strong>τοιούτους</strong></span> 
     </span>
    </p>
   </div>
   <div class='ocr_carea' id='block_1_5' title="bbox 262 601 1838 687">
    <p class='ocr_par' dir='ltr' id='par_1_5' title="bbox 262 601 1838 687">
     <span class='ocr_line' id='line_1_5' title="bbox 262 601 1838 687; baseline 0.003 -31"><span class='ocrx_word' id='word_1_29' title='bbox 262 602 325 656; x_wconf 79' lang='grc' dir='ltr'><strong>τὸ</strong></span> <span class='ocrx_word' id='word_1_30' title='bbox 347 601 627 672; x_wconf 80' lang='grc' dir='ltr'>συμπαθὲς</span> <span class='ocrx_word' id='word_1_31' title='bbox 653 604 746 656; x_wconf 74' lang='grc' dir='ltr'><strong>καὶ</strong></span> <span class='ocrx_word' id='word_1_32' title='bbox 779 603 1095 687; x_wconf 73' lang='grc' dir='ltr'><strong>φιλάλληλον</strong></span> <span class='ocrx_word' id='word_1_33' title='bbox 1115 622 1129 671; x_wconf 87' lang='grc'><strong>;</strong></span> <span class='ocrx_word' id='word_1_34' title='bbox 1154 608 1217 659; x_wconf 87' lang='grc' dir='ltr'><strong>Ὅ</strong></span> <span class='ocrx_word' id='word_1_35' title='bbox 1230 608 1337 678; x_wconf 85' lang='grc' dir='ltr'><strong>γάρ</strong></span> <span class='ocrx_word' id='word_1_36' title='bbox 1356 610 1492 661; x_wconf 88' lang='grc' dir='ltr'>εἰσιν</span> <span class='ocrx_word' id='word_1_37' title='bbox 1508 609 1565 661; x_wconf 84' lang='grc' dir='ltr'><strong>αί</strong></span> <span class='ocrx_word' id='word_1_38' title='bbox 1583 623 1838 678; x_wconf 87' lang='grc' dir='ltr'>σκιογρα-</span> 
     </span>
    </p>
   </div>
   <div class='ocr_carea' id='block_1_6' title="bbox 265 692 1839 769">
    <p class='ocr_par' dir='ltr' id='par_1_6' title="bbox 265 692 1839 769">
     <span class='ocr_line' id='line_1_6' title="bbox 265 692 1839 769; baseline 0.004 -24"><span class='ocrx_word' id='word_1_39' title='bbox 265 692 384 763; x_wconf 87' lang='grc' dir='ltr'>φίαι</span> <span class='ocrx_word' id='word_1_40' title='bbox 411 693 549 762; x_wconf 85' lang='grc' dir='ltr'>πρὸς</span> <span class='ocrx_word' id='word_1_41' title='bbox 575 693 642 747; x_wconf 72' lang='grc' dir='ltr'>τὰ</span> <span class='ocrx_word' id='word_1_42' title='bbox 662 693 826 758; x_wconf 79' lang='grc' dir='ltr'>ὅντως</span> <span class='ocrx_word' id='word_1_43' title='bbox 855 696 1172 767; x_wconf 86' lang='grc' dir='ltr'>πράγματα.</span> <span class='ocrx_word' id='word_1_44' title='bbox 1201 699 1359 752; x_wconf 89' lang='grc' dir='ltr'>τοῦτο</span> <span class='ocrx_word' id='word_1_45' title='bbox 1381 702 1430 753; x_wconf 86' lang='grc' dir='ltr'><strong>οἰ</strong></span> <span class='ocrx_word' id='word_1_46' title='bbox 1462 700 1607 769; x_wconf 89' lang='grc' dir='ltr'>λόγοι</span> <span class='ocrx_word' id='word_1_47' title='bbox 1635 698 1839 764; x_wconf 73' lang='grc' dir='ltr'>διεζευ-</span> 
     </span>
    </p>
   </div>
   <div class='ocr_carea' id='block_1_7' title="bbox 264 783 1839 864">
    <p class='ocr_par' dir='ltr' id='par_1_7' title="bbox 264 783 1839 864">
     <span class='ocr_line' id='line_1_7' title="bbox 264 783 1839 864; baseline 0.007 -28"><span class='ocrx_word' id='word_1_48' title='bbox 264 783 456 854; x_wconf 85' lang='grc' dir='ltr'>γμένοι</span> <span class='ocrx_word' id='word_1_49' title='bbox 497 784 607 839; x_wconf 85' lang='grc' dir='ltr'>τῶν</span> <span class='ocrx_word' id='word_1_50' title='bbox 667 786 861 857; x_wconf 77' lang='grc' dir='ltr'>ἔργων.</span> <span class='ocrx_word' id='word_1_51' title='bbox 914 789 989 842; x_wconf 87' lang='grc' dir='ltr'><strong>υύ</strong></span> <span class='ocrx_word' id='word_1_52' title='bbox 1031 791 1138 861; x_wconf 80' lang='grc' dir='ltr'><strong>γὰρ</strong></span> <span class='ocrx_word' id='word_1_53' title='bbox 1171 793 1231 846; x_wconf 86' lang='grc' dir='ltr'>ὲν</span> <span class='ocrx_word' id='word_1_54' title='bbox 1278 791 1357 864; x_wconf 81' lang='grc' dir='ltr'><strong>τῷ</strong></span> <span class='ocrx_word' id='word_1_55' title='bbox 1407 792 1586 862; x_wconf 87' lang='grc' dir='ltr'>λέγειν</span> <span class='ocrx_word' id='word_1_56' title='bbox 1613 793 1779 864; x_wconf 77' lang='grc' dir='ltr'>φησὶν</span> <span class='ocrx_word' id='word_1_57' title='bbox 1811 796 1839 847; x_wconf 99' lang='lat'><strong>6</strong></span> 
     </span>
    </p>
   </div>
   <div class='ocr_carea' id='block_1_8' title="bbox 266 871 1839 953">
    <p class='ocr_par' dir='ltr' id='par_1_8' title="bbox 266 871 1839 953">
     <span class='ocr_line' id='line_1_8' title="bbox 266 871 1839 953; baseline 0.007 -26"><span class='ocrx_word' id='word_1_58' title='bbox 266 873 472 941; x_wconf 86' lang='grc' dir='ltr'>Κύριος</span> <span class='ocrx_word' id='word_1_59' title='bbox 516 871 657 928; x_wconf 73' lang='grc' dir='ltr'>εἶναι</span> <span class='ocrx_word' id='word_1_60' title='bbox 690 876 786 947; x_wconf 85' lang='grc' dir='ltr'>τὴν</span> <span class='ocrx_word' id='word_1_61' title='bbox 819 879 1093 950; x_wconf 81' lang='grc' dir='ltr'><strong>σωτηρίαν</strong></span> <span class='ocrx_word' id='word_1_62' title='bbox 1118 897 1132 913; x_wconf 86' lang='grc'><strong>·</strong></span> <span class='ocrx_word' id='word_1_63' title='bbox 1164 881 1282 934; x_wconf 86' lang='grc' dir='ltr'>ἀλλ’</span> <span class='ocrx_word' id='word_1_64' title='bbox 1304 883 1362 937; x_wconf 80' lang='grc' dir='ltr'>ὲν</span> <span class='ocrx_word' id='word_1_65' title='bbox 1411 884 1488 953; x_wconf 84' lang='grc' dir='ltr'><strong>τῷ</strong></span> <span class='ocrx_word' id='word_1_66' title='bbox 1547 887 1721 937; x_wconf 81' lang='grc' dir='ltr'>ποιεῖν</span> <span class='ocrx_word' id='word_1_67' title='bbox 1771 883 1839 937; x_wconf 86' lang='grc' dir='ltr'>τὰ</span> 
     </span>
    </p>
   </div>
   <div class='ocr_carea' id='block_1_9' title="bbox 265 960 1841 1044">
    <p class='ocr_par' dir='ltr' id='par_1_9' title="bbox 265 960 1841 1044">
     <span class='ocr_line' id='line_1_9' title="bbox 265 960 1841 1044; baseline 0.008 -31"><span class='ocrx_word' id='word_1_68' title='bbox 265 960 403 1031; x_wconf 74' lang='grc' dir='ltr'>ἔργα</span> <span class='ocrx_word' id='word_1_69' title='bbox 433 966 534 1032; x_wconf 82' lang='grc' dir='ltr'><strong>τῆς</strong></span> <span class='ocrx_word' id='word_1_70' title='bbox 569 964 858 1035; x_wconf 78' lang='grc' dir='ltr'>σωτηρίας.</span> <span class='ocrx_word' id='word_1_71' title='bbox 888 967 1095 1021; x_wconf 78' lang='grc' dir='ltr'>Οὐκοῦν</span> <span class='ocrx_word' id='word_1_72' title='bbox 1134 970 1485 1042; x_wconf 81' lang='grc' dir='ltr'><strong>ἀντιληπτέον</strong></span> <span class='ocrx_word' id='word_1_73' title='bbox 1508 974 1638 1044; x_wconf 82' lang='grc' dir='ltr'>ἡμῖν</span> <span class='ocrx_word' id='word_1_74' title='bbox 1659 975 1841 1037; x_wconf 76' lang='grc' dir='ltr'>αὐτοῖς</span> 
     </span>
    </p>
   </div>
   <div class='ocr_carea' id='block_1_10' title="bbox 266 1052 1842 1134">
    <p class='ocr_par' dir='ltr' id='par_1_10' title="bbox 266 1052 1842 1134">
     <span class='ocr_line' id='line_1_10' title="bbox 266 1052 1842 1134; baseline 0.009 -30"><span class='ocrx_word' id='word_1_75' title='bbox 266 1054 364 1122; x_wconf 74' lang='grc' dir='ltr'>τῆς</span> <span class='ocrx_word' id='word_1_76' title='bbox 412 1052 552 1125; x_wconf 86' lang='grc' dir='ltr'>ὑπὲρ</span> <span class='ocrx_word' id='word_1_77' title='bbox 580 1055 759 1109; x_wconf 81' lang='grc' dir='ltr'>αὐτῶν</span> <span class='ocrx_word' id='word_1_78' title='bbox 806 1057 1040 1130; x_wconf 78' lang='grc' dir='ltr'>ἐντολῆς.</span> <span class='ocrx_word' id='word_1_79' title='bbox 1090 1061 1181 1131; x_wconf 78' lang='grc' dir='ltr'>Μή</span> <span class='ocrx_word' id='word_1_80' title='bbox 1210 1064 1317 1131; x_wconf 88' lang='grc' dir='ltr'><strong>γάρ</strong></span> <span class='ocrx_word' id='word_1_81' title='bbox 1343 1063 1406 1134; x_wconf 83' lang='grc' dir='ltr'>δὴ</span> <span class='ocrx_word' id='word_1_82' title='bbox 1451 1062 1607 1117; x_wconf 88' lang='grc' dir='ltr'>τοῦτο</span> <span class='ocrx_word' id='word_1_83' title='bbox 1638 1064 1842 1133; x_wconf 78' lang='grc' dir='ltr'><strong>λεγέτω</strong></span> 
     </span>
    </p>
   </div>
   <div class='ocr_carea' id='block_1_11' title="bbox 266 1143 1839 1226">
    <p class='ocr_par' dir='ltr' id='par_1_11' title="bbox 266 1143 1839 1226">
     <span class='ocr_line' id='line_1_11' title="bbox 266 1143 1839 1226; baseline 0.008 -30"><span class='ocrx_word' id='word_1_84' title='bbox 266 1162 370 1207; x_wconf 89' lang='grc' dir='ltr'>τις,</span> <span class='ocrx_word' id='word_1_85' title='bbox 402 1143 479 1208; x_wconf 84' lang='grc' dir='ltr'>ὡς</span> <span class='ocrx_word' id='word_1_86' title='bbox 521 1146 703 1199; x_wconf 87' lang='grc' dir='ltr'>ἱκανόν</span> <span class='ocrx_word' id='word_1_87' title='bbox 735 1148 850 1202; x_wconf 80' lang='grc' dir='ltr'>ἐστι</span> <span class='ocrx_word' id='word_1_88' title='bbox 885 1151 1072 1222; x_wconf 78' lang='grc' dir='ltr'>πόρρω</span> <span class='ocrx_word' id='word_1_89' title='bbox 1104 1170 1206 1205; x_wconf 89' lang='grc' dir='ltr'><strong>που</strong></span> <span class='ocrx_word' id='word_1_90' title='bbox 1245 1156 1342 1224; x_wconf 81' lang='grc' dir='ltr'><strong>τῆς</strong></span> <span class='ocrx_word' id='word_1_91' title='bbox 1373 1154 1645 1226; x_wconf 82' lang='grc' dir='ltr'>ἡμετέρας</span> <span class='ocrx_word' id='word_1_92' title='bbox 1676 1154 1839 1224; x_wconf 81' lang='grc' dir='ltr'>ζωῆς,</span> 
     </span>
    </p>
   </div>
   <div class='ocr_carea' id='block_1_12' title="bbox 268 1234 1841 1314">
    <p class='ocr_par' dir='ltr' id='par_1_12' title="bbox 268 1234 1841 1314">
     <span class='ocr_line' id='line_1_12' title="bbox 268 1234 1841 1314; baseline 0.006 -29"><span class='ocrx_word' id='word_1_93' title='bbox 268 1234 361 1286; x_wconf 85' lang='grc' dir='ltr'>ὲπί</span> <span class='ocrx_word' id='word_1_94' title='bbox 386 1252 528 1298; x_wconf 89' lang='grc' dir='ltr'>τινος</span> <span class='ocrx_word' id='word_1_95' title='bbox 552 1235 805 1306; x_wconf 74' lang='grc' dir='ltr'>ἐσχατιᾶς</span> <span class='ocrx_word' id='word_1_96' title='bbox 833 1239 1196 1293; x_wconf 81' lang='grc' dir='ltr'>ἀποικισθεῖσι</span> <span class='ocrx_word' id='word_1_97' title='bbox 1219 1242 1316 1312; x_wconf 85' lang='grc' dir='ltr'>τὴν</span> <span class='ocrx_word' id='word_1_98' title='bbox 1334 1242 1540 1314; x_wconf 80' lang='grc' dir='ltr'>τροφὴν</span> <span class='ocrx_word' id='word_1_99' title='bbox 1568 1245 1841 1314; x_wconf 82' lang='grc' dir='ltr'>χορηγεῖν.</span> 
     </span>
    </p>
   </div>
   <div class='ocr_carea' id='block_1_13' title="bbox 282 1326 1846 1405">
    <p class='ocr_par' dir='ltr' id='par_1_13' title="bbox 282 1326 1846 1405">
     <span class='ocr_line' id='line_1_13' title="bbox 282 1326 1846 1405; baseline 0.007 -27"><span class='ocrx_word' id='word_1_100' title='bbox 282 1326 345 1378; x_wconf 80' lang='lat' dir='ltr'><strong>&#39;li</strong></span> <span class='ocrx_word' id='word_1_101' title='bbox 377 1327 487 1398; x_wconf 79' lang='grc' dir='ltr'><strong>γάρ</strong></span> <span class='ocrx_word' id='word_1_102' title='bbox 512 1328 733 1400; x_wconf 84' lang='grc' dir='ltr'>τοιαύτη</span> <span class='ocrx_word' id='word_1_103' title='bbox 767 1331 986 1402; x_wconf 66' lang='grc' dir='ltr'>γνώμη,</span> <span class='ocrx_word' id='word_1_104' title='bbox 1016 1334 1135 1403; x_wconf 80' lang='grc' dir='ltr'>οὐχὶ</span> <span class='ocrx_word' id='word_1_105' title='bbox 1165 1334 1316 1387; x_wconf 85' lang='grc' dir='ltr'>ὲλέου</span> <span class='ocrx_word' id='word_1_106' title='bbox 1339 1336 1484 1398; x_wconf 83' lang='grc' dir='ltr'>τινὸς</span> <span class='ocrx_word' id='word_1_107' title='bbox 1515 1335 1606 1389; x_wconf 72' lang='grc' dir='ltr'>καὶ</span> <span class='ocrx_word' id='word_1_108' title='bbox 1636 1352 1846 1405; x_wconf 89' lang='grc' dir='ltr'>συμπα-</span> 
     </span>
    </p>
   </div>
   <div class='ocr_carea' id='block_1_14' title="bbox 269 1417 1846 1495">
    <p class='ocr_par' dir='ltr' id='par_1_14' title="bbox 269 1417 1846 1495">
     <span class='ocr_line' id='line_1_14' title="bbox 269 1417 1846 1495; baseline 0.004 -25"><span class='ocrx_word' id='word_1_109' title='bbox 269 1417 419 1480; x_wconf 81' lang='grc' dir='ltr'>θείας</span> <span class='ocrx_word' id='word_1_110' title='bbox 440 1418 711 1484; x_wconf 78' lang='grc' dir='ltr'>ἀπόδειξιν</span> <span class='ocrx_word' id='word_1_111' title='bbox 734 1419 865 1490; x_wconf 79' lang='grc' dir='ltr'>ἔχει·</span> <span class='ocrx_word' id='word_1_112' title='bbox 899 1422 1035 1476; x_wconf 88' lang='grc' dir='ltr'><strong>ἀλλά</strong></span> <span class='ocrx_word' id='word_1_113' title='bbox 1054 1441 1134 1487; x_wconf 88' lang='grc' dir='ltr'><strong>τις</strong></span> <span class='ocrx_word' id='word_1_114' title='bbox 1166 1425 1522 1495; x_wconf 79' lang='grc' dir='ltr'>εὐπρόσωπός</span> <span class='ocrx_word' id='word_1_115' title='bbox 1550 1426 1698 1478; x_wconf 75' lang='grc' dir='ltr'>ἐστιν</span> <span class='ocrx_word' id='word_1_116' title='bbox 1727 1424 1846 1476; x_wconf 85' lang='grc' dir='ltr'>ὲπί-</span> 
     </span>
    </p>
   </div>
   <div class='ocr_carea' id='block_1_15' title="bbox 269 1499 1847 1587">
    <p class='ocr_par' dir='ltr' id='par_1_15' title="bbox 269 1499 1847 1587">
     <span class='ocr_line' id='line_1_15' title="bbox 269 1499 1847 1587; baseline 0.012 -29"><span class='ocrx_word' id='word_1_117' title='bbox 269 1525 416 1571; x_wconf 84' lang='grc' dir='ltr'>νοια,</span> <span class='ocrx_word' id='word_1_118' title='bbox 461 1507 556 1561; x_wconf 90' lang='grc' dir='ltr'><strong>τοῦ</strong></span> <span class='ocrx_word' id='word_1_119' title='bbox 600 1499 877 1576; x_wconf 73' lang='grc' dir='ltr'>παντελῶς</span> <span class='ocrx_word' id='word_1_120' title='bbox 920 1513 1044 1577; x_wconf 83' lang='grc' dir='ltr'>τοὺς</span> <span class='ocrx_word' id='word_1_121' title='bbox 1088 1514 1404 1586; x_wconf 81' lang='grc' dir='ltr'>ἀνθρώπους</span> <span class='ocrx_word' id='word_1_122' title='bbox 1430 1518 1527 1586; x_wconf 83' lang='grc' dir='ltr'>τῆς</span> <span class='ocrx_word' id='word_1_123' title='bbox 1575 1515 1847 1587; x_wconf 79' lang='grc' dir='ltr'>ἡμετέρας</span> 
     </span>
    </p>
   </div>
   <div class='ocr_carea' id='block_1_16' title="bbox 269 1598 1848 1677">
    <p class='ocr_par' dir='ltr' id='par_1_16' title="bbox 269 1598 1848 1677">
     <span class='ocr_line' id='line_1_16' title="bbox 269 1598 1848 1677; baseline 0.006 -28"><span class='ocrx_word' id='word_1_124' title='bbox 269 1598 610 1670; x_wconf 75' lang='grc' dir='ltr'>ἐξορισθῆναι</span> <span class='ocrx_word' id='word_1_125' title='bbox 656 1602 823 1672; x_wconf 78' lang='grc' dir='ltr'>ζωῆς.</span> <span class='ocrx_word' id='word_1_126' title='bbox 862 1599 994 1657; x_wconf 81' lang='grc' dir='ltr'>Εἶτα</span> <span class='ocrx_word' id='word_1_127' title='bbox 1031 1605 1131 1657; x_wconf 83' lang='grc' dir='ltr'><strong>οὐκ</strong></span> <span class='ocrx_word' id='word_1_128' title='bbox 1173 1606 1538 1677; x_wconf 80' lang='grc' dir='ltr'>αἰσχυνόμεθα</span> <span class='ocrx_word' id='word_1_129' title='bbox 1572 1606 1662 1660; x_wconf 80' lang='grc' dir='ltr'><strong>τὸν</strong></span> <span class='ocrx_word' id='word_1_130' title='bbox 1691 1605 1848 1676; x_wconf 85' lang='grc' dir='ltr'>ήμῶν</span> 
     </span>
    </p>
   </div>
   <div class='ocr_carea' id='block_1_17' title="bbox 269 1689 1845 1767">
    <p class='ocr_par' dir='ltr' id='par_1_17' title="bbox 269 1689 1845 1767">
     <span class='ocr_line' id='line_1_17' title="bbox 269 1689 1845 1767; baseline 0.005 -26"><span class='ocrx_word' id='word_1_131' title='bbox 269 1689 446 1744; x_wconf 60' lang='grc' dir='ltr'>αὑτῶν</span> <span class='ocrx_word' id='word_1_132' title='bbox 484 1691 616 1760; x_wconf 87' lang='grc' dir='ltr'>βίον,</span> <span class='ocrx_word' id='word_1_133' title='bbox 647 1693 694 1745; x_wconf 87' lang='grc' dir='ltr'><strong>εἰ</strong></span> <span class='ocrx_word' id='word_1_134' title='bbox 717 1693 951 1765; x_wconf 84' lang='grc' dir='ltr'>χοίρους,</span> <span class='ocrx_word' id='word_1_135' title='bbox 982 1698 1077 1750; x_wconf 80' lang='grc' dir='ltr'><strong>καί.</strong></span> <span class='ocrx_word' id='word_1_136' title='bbox 1106 1695 1268 1760; x_wconf 85' lang='grc' dir='ltr'>κύνας</span> <span class='ocrx_word' id='word_1_137' title='bbox 1292 1700 1633 1767; x_wconf 78' lang='grc' dir='ltr'>ὁμωροφίους</span> <span class='ocrx_word' id='word_1_138' title='bbox 1662 1697 1845 1753; x_wconf 87' lang='grc' dir='ltr'>ποιού-</span> 
     </span>
    </p>
   </div>
   <div class='ocr_carea' id='block_1_18' title="bbox 1938 519 3519 592">
    <p class='ocr_par' dir='ltr' id='par_1_18' title="bbox 1938 519 3519 592">
     <span class='ocr_line' id='line_1_18' title="bbox 1938 519 3519 592; baseline 0.003 -20"><span class='ocrx_word' id='word_1_139' title='bbox 1938 527 2043 582; x_wconf 88' lang='lat' dir='ltr'><strong>est,</strong></span> <span class='ocrx_word' id='word_1_140' title='bbox 2085 528 2143 573; x_wconf 91' lang='lat' dir='ltr'><strong>ut</strong></span> <span class='ocrx_word' id='word_1_141' title='bbox 2180 519 2319 575; x_wconf 88' lang='lat' dir='ltr'><strong>facto</strong></span> <span class='ocrx_word' id='word_1_142' title='bbox 2361 522 2524 575; x_wconf 87' lang='lat' dir='ltr'><strong>etiam</strong></span> <span class='ocrx_word' id='word_1_143' title='bbox 2565 523 2749 592; x_wconf 90' lang='lat' dir='ltr'><strong>aliquo</strong></span> <span class='ocrx_word' id='word_1_144' title='bbox 2787 523 3219 578; x_wconf 91' lang='lat' dir='ltr'><strong>misericordiam</strong></span> <span class='ocrx_word' id='word_1_145' title='bbox 3266 530 3319 577; x_wconf 88' lang='lat' dir='ltr'><strong>et</strong></span> <span class='ocrx_word' id='word_1_146' title='bbox 3352 524 3519 577; x_wconf 88' lang='lat' dir='ltr'><strong>bene-</strong></span> 
     </span>
    </p>
   </div>
   <div class='ocr_carea' id='block_1_19' title="bbox 1939 610 3518 683">
    <p class='ocr_par' dir='ltr' id='par_1_19' title="bbox 1939 610 3518 683">
     <span class='ocr_line' id='line_1_19' title="bbox 1939 610 3518 683; baseline 0.004 -20"><span class='ocrx_word' id='word_1_147' title='bbox 1939 610 2231 664; x_wconf 78' lang='lat' dir='ltr'><strong>volentiam</strong></span> <span class='ocrx_word' id='word_1_148' title='bbox 2274 626 2401 682; x_wconf 90' lang='lat' dir='ltr'><strong>erga</strong></span> <span class='ocrx_word' id='word_1_149' title='bbox 2438 611 2562 666; x_wconf 93' lang='lat' dir='ltr'><strong>illos</strong></span> <span class='ocrx_word' id='word_1_150' title='bbox 2607 620 2849 667; x_wconf 88' lang='lat' dir='ltr'><strong>nostram</strong></span> <span class='ocrx_word' id='word_1_151' title='bbox 2888 613 3269 683; x_wconf 76' lang='lat' dir='ltr'><strong>declaramus?</strong></span> <span class='ocrx_word' id='word_1_152' title='bbox 3301 612 3393 667; x_wconf 90' lang='lat' dir='ltr'><strong>Sic</strong></span> <span class='ocrx_word' id='word_1_153' title='bbox 3433 622 3518 669; x_wconf 88' lang='lat' dir='ltr'><strong>est</strong></span> 
     </span>
    </p>
   </div>
   <div class='ocr_carea' id='block_1_20' title="bbox 1940 700 3519 775">
    <p class='ocr_par' dir='ltr' id='par_1_20' title="bbox 1940 700 3519 775">
     <span class='ocr_line' id='line_1_20' title="bbox 1940 700 3519 775; baseline 0.003 -20"><span class='ocrx_word' id='word_1_154' title='bbox 1940 701 2207 771; x_wconf 90' lang='lat' dir='ltr'><strong>profecto.</strong></span> <span class='ocrx_word' id='word_1_155' title='bbox 2237 700 2371 756; x_wconf 87' lang='lat' dir='ltr'><strong>Nam</strong></span> <span class='ocrx_word' id='word_1_156' title='bbox 2404 718 2524 772; x_wconf 69' lang='lat' dir='ltr'><strong>qua:</strong></span> <span class='ocrx_word' id='word_1_157' title='bbox 2565 706 2844 775; x_wconf 86' lang='lat' dir='ltr'><strong>pr0portio</strong></span> <span class='ocrx_word' id='word_1_158' title='bbox 2872 714 2955 761; x_wconf 91' lang='lat' dir='ltr'><strong>est</strong></span> <span class='ocrx_word' id='word_1_159' title='bbox 2986 706 3129 761; x_wconf 88' lang='lat' dir='ltr'><strong>inter</strong></span> <span class='ocrx_word' id='word_1_160' title='bbox 3157 720 3245 761; x_wconf 87' lang='lat' dir='ltr'><strong>res</strong></span> <span class='ocrx_word' id='word_1_161' title='bbox 3283 720 3439 760; x_wconf 88' lang='lat' dir='ltr'><strong>veras</strong></span> <span class='ocrx_word' id='word_1_162' title='bbox 3465 718 3519 759; x_wconf 87' lang='lat' dir='ltr'><strong>et</strong></span> 
     </span>
    </p>
   </div>
   <div class='ocr_carea' id='block_1_21' title="bbox 1940 791 3513 862">
    <p class='ocr_par' dir='ltr' id='par_1_21' title="bbox 1940 791 3513 862">
     <span class='ocr_line' id='line_1_21' title="bbox 1940 791 3513 862; baseline 0.003 -17"><span class='ocrx_word' id='word_1_163' title='bbox 1940 791 2291 847; x_wconf 89' lang='lat' dir='ltr'><strong>adumbratas</strong></span> <span class='ocrx_word' id='word_1_164' title='bbox 2324 793 2603 862; x_wconf 88' lang='lat' dir='ltr'><strong>picturas,</strong></span> <span class='ocrx_word' id='word_1_165' title='bbox 2642 796 2888 850; x_wconf 81' lang='lat' dir='ltr'><strong>eamdem</strong></span> <span class='ocrx_word' id='word_1_166' title='bbox 2935 796 3183 852; x_wconf 91' lang='lat' dir='ltr'><strong>obtinent</strong></span> <span class='ocrx_word' id='word_1_167' title='bbox 3233 797 3430 859; x_wconf 87' lang='lat' dir='ltr'><strong>verba,</strong></span> <span class='ocrx_word' id='word_1_168' title='bbox 3467 797 3513 851; x_wconf 91' lang='lat' dir='ltr'><strong>si</strong></span> 
     </span>
    </p>
   </div>
   <div class='ocr_carea' id='block_1_22' title="bbox 1941 879 3519 952">
    <p class='ocr_par' dir='ltr' id='par_1_22' title="bbox 1941 879 3519 952">
     <span class='ocr_line' id='line_1_22' title="bbox 1941 879 3519 952; baseline 0.003 -19"><span class='ocrx_word' id='word_1_169' title='bbox 1941 880 2008 934; x_wconf 90' lang='lat' dir='ltr'><strong>ab</strong></span> <span class='ocrx_word' id='word_1_170' title='bbox 2058 879 2314 949; x_wconf 84' lang='lat' dir='ltr'><strong>operibus</strong></span> <span class='ocrx_word' id='word_1_171' title='bbox 2362 881 2739 952; x_wconf 88' lang='lat' dir='ltr'><strong>sejungantur.</strong></span> <span class='ocrx_word' id='word_1_172' title='bbox 2786 883 2902 938; x_wconf 88' lang='lat' dir='ltr'><strong>Non</strong></span> <span class='ocrx_word' id='word_1_173' title='bbox 2941 886 3085 939; x_wconf 90' lang='lat' dir='ltr'><strong>enim</strong></span> <span class='ocrx_word' id='word_1_174' title='bbox 3122 885 3175 939; x_wconf 92' lang='lat' dir='ltr'><strong>in</strong></span> <span class='ocrx_word' id='word_1_175' title='bbox 3224 885 3406 940; x_wconf 85' lang='lat' dir='ltr'><strong>verbis</strong></span> <span class='ocrx_word' id='word_1_176' title='bbox 3436 901 3519 940; x_wconf 88' lang='lat' dir='ltr'><strong>sa-</strong></span> 
     </span>
    </p>
   </div>
   <div class='ocr_carea' id='block_1_23' title="bbox 1940 970 3521 1039">
    <p class='ocr_par' dir='ltr' id='par_1_23' title="bbox 1940 970 3521 1039">
     <span class='ocr_line' id='line_1_23' title="bbox 1940 970 3521 1039; baseline 0.004 -17"><span class='ocrx_word' id='word_1_177' title='bbox 1940 970 2108 1023; x_wconf 89' lang='lat' dir='ltr'><strong>lutem</strong></span> <span class='ocrx_word' id='word_1_178' title='bbox 2161 971 2464 1027; x_wconf 88' lang='lat' dir='ltr'><strong>consistere</strong></span> <span class='ocrx_word' id='word_1_179' title='bbox 2518 973 2653 1027; x_wconf 88' lang='lat' dir='ltr'><strong>dicit</strong></span> <span class='ocrx_word' id='word_1_180' title='bbox 2718 971 3000 1039; x_wconf 90' lang='lat' dir='ltr'><strong>Dominus,</strong></span> <span class='ocrx_word' id='word_1_181' title='bbox 3061 974 3154 1029; x_wconf 88' lang='lat' dir='ltr'><strong>sed</strong></span> <span class='ocrx_word' id='word_1_182' title='bbox 3215 974 3268 1027; x_wconf 90' lang='lat' dir='ltr'><strong>in</strong></span> <span class='ocrx_word' id='word_1_183' title='bbox 3327 974 3521 1028; x_wconf 88' lang='lat' dir='ltr'><strong>salutis</strong></span> 
     </span>
    </p>
   </div>
   <div class='ocr_carea' id='block_1_24' title="bbox 1940 1061 3518 1134">
    <p class='ocr_par' dir='ltr' id='par_1_24' title="bbox 1940 1061 3518 1134">
     <span class='ocr_line' id='line_1_24' title="bbox 1940 1061 3518 1134; baseline 0.001 -18"><span class='ocrx_word' id='word_1_184' title='bbox 1940 1061 2200 1132; x_wconf 82' lang='lat' dir='ltr'><strong>operibus</strong></span> <span class='ocrx_word' id='word_1_185' title='bbox 2247 1062 2507 1118; x_wconf 80' lang='lat' dir='ltr'><strong>faciendis</strong></span> <span class='ocrx_word' id='word_1_186' title='bbox 2562 1067 2629 1117; x_wconf 67' lang='lat'><strong>‘9.</strong></span> <span class='ocrx_word' id='word_1_187' title='bbox 2695 1065 3101 1130; x_wconf 75' lang='lat' dir='ltr'><strong>Quamobrem,</strong></span> <span class='ocrx_word' id='word_1_188' title='bbox 3157 1064 3304 1134; x_wconf 89' lang='lat' dir='ltr'><strong>quod</strong></span> <span class='ocrx_word' id='word_1_189' title='bbox 3360 1063 3518 1117; x_wconf 86' lang='lat' dir='ltr'><strong>nobis</strong></span> 
     </span>
    </p>
   </div>
   <div class='ocr_carea' id='block_1_25' title="bbox 1943 1155 3520 1225">
    <p class='ocr_par' dir='ltr' id='par_1_25' title="bbox 1943 1155 3520 1225">
     <span class='ocr_line' id='line_1_25' title="bbox 1943 1155 3520 1225; baseline -0.001 -16"><span class='ocrx_word' id='word_1_190' title='bbox 1943 1155 2185 1225; x_wconf 85' lang='lat' dir='ltr'><strong>ipsorum</strong></span> <span class='ocrx_word' id='word_1_191' title='bbox 2218 1169 2386 1211; x_wconf 87' lang='lat' dir='ltr'><strong>causa</strong></span> <span class='ocrx_word' id='word_1_192' title='bbox 2415 1155 2728 1209; x_wconf 91' lang='lat' dir='ltr'><strong>mandatum</strong></span> <span class='ocrx_word' id='word_1_193' title='bbox 2757 1164 2860 1221; x_wconf 91' lang='lat' dir='ltr'><strong>est,</strong></span> <span class='ocrx_word' id='word_1_194' title='bbox 2889 1156 2942 1209; x_wconf 90' lang='lat' dir='ltr'><strong>id</strong></span> <span class='ocrx_word' id='word_1_195' title='bbox 2973 1162 3188 1225; x_wconf 88' lang='lat' dir='ltr'><strong>oportet</strong></span> <span class='ocrx_word' id='word_1_196' title='bbox 3213 1163 3270 1208; x_wconf 89' lang='lat' dir='ltr'><strong>ut</strong></span> <span class='ocrx_word' id='word_1_197' title='bbox 3298 1156 3520 1225; x_wconf 89' lang='lat' dir='ltr'><strong>ipsimet</strong></span> 
     </span>
    </p>
   </div>
   <div class='ocr_carea' id='block_1_26' title="bbox 1943 1245 3523 1316">
    <p class='ocr_par' dir='ltr' id='par_1_26' title="bbox 1943 1245 3523 1316">
     <span class='ocr_line' id='line_1_26' title="bbox 1943 1245 3523 1316; baseline -0.002 -16"><span class='ocrx_word' id='word_1_198' title='bbox 1943 1260 2331 1315; x_wconf 78' lang='lat' dir='ltr'><strong>exsequamur.</strong></span> <span class='ocrx_word' id='word_1_199' title='bbox 2368 1245 2553 1316; x_wconf 87' lang='lat' dir='ltr'><strong>Neque</strong></span> <span class='ocrx_word' id='word_1_200' title='bbox 2601 1245 2745 1302; x_wconf 92' lang='lat' dir='ltr'><strong>enim</strong></span> <span class='ocrx_word' id='word_1_201' title='bbox 2798 1246 2931 1300; x_wconf 90' lang='lat' dir='ltr'><strong>illud</strong></span> <span class='ocrx_word' id='word_1_202' title='bbox 2978 1245 3208 1300; x_wconf 90' lang='lat' dir='ltr'><strong>omnino</strong></span> <span class='ocrx_word' id='word_1_203' title='bbox 3248 1247 3523 1314; x_wconf 82' lang='lat' dir='ltr'><strong>quispiam</strong></span> 
     </span>
    </p>
   </div>
   <div class='ocr_carea' id='block_1_27' title="bbox 1943 1336 3522 1405">
    <p class='ocr_par' dir='ltr' id='par_1_27' title="bbox 1943 1336 3522 1405">
     <span class='ocr_line' id='line_1_27' title="bbox 1943 1336 3522 1405; baseline -0.003 -14"><span class='ocrx_word' id='word_1_204' title='bbox 1943 1337 2122 1400; x_wconf 88' lang='lat' dir='ltr'><strong>dicat,</strong></span> <span class='ocrx_word' id='word_1_205' title='bbox 2164 1351 2287 1392; x_wconf 87' lang='lat' dir='ltr'><strong>esse</strong></span> <span class='ocrx_word' id='word_1_206' title='bbox 2329 1338 2461 1392; x_wconf 86' lang='lat' dir='ltr'><strong>satis</strong></span> <span class='ocrx_word' id='word_1_207' title='bbox 2487 1375 2501 1400; x_wconf 86' lang='lat'><strong>,</strong></span> <span class='ocrx_word' id='word_1_208' title='bbox 2534 1338 2580 1393; x_wconf 88' lang='lat' dir='ltr'><strong>si</strong></span> <span class='ocrx_word' id='word_1_209' title='bbox 2622 1336 2808 1405; x_wconf 89' lang='lat' dir='ltr'><strong>procul</strong></span> <span class='ocrx_word' id='word_1_210' title='bbox 2846 1351 2874 1388; x_wconf 88' lang='lat' dir='ltr'><strong>a</strong></span> <span class='ocrx_word' id='word_1_211' title='bbox 2924 1337 3080 1391; x_wconf 83' lang='lat' dir='ltr'><strong>nobis</strong></span> <span class='ocrx_word' id='word_1_212' title='bbox 3127 1336 3182 1388; x_wconf 92' lang='lat' dir='ltr'><strong>in</strong></span> <span class='ocrx_word' id='word_1_213' title='bbox 3226 1341 3522 1388; x_wconf 80' lang='lat' dir='ltr'><strong>extremam</strong></span> 
     </span>
    </p>
   </div>
   <div class='ocr_carea' id='block_1_28' title="bbox 1946 1426 3523 1498">
    <p class='ocr_par' dir='ltr' id='par_1_28' title="bbox 1946 1426 3523 1498">
     <span class='ocr_line' id='line_1_28' title="bbox 1946 1426 3523 1498; baseline -0.002 -17"><span class='ocrx_word' id='word_1_214' title='bbox 1946 1427 2183 1497; x_wconf 83' lang='lat' dir='ltr'><strong>aliquam</strong></span> <span class='ocrx_word' id='word_1_215' title='bbox 2216 1436 2420 1481; x_wconf 66' lang='lat' dir='ltr'><strong>nostra!</strong></span> <span class='ocrx_word' id='word_1_216' title='bbox 2445 1427 2681 1498; x_wconf 78' lang='lat' dir='ltr'><strong>regionis</strong></span> <span class='ocrx_word' id='word_1_217' title='bbox 2709 1434 2953 1497; x_wconf 86' lang='lat' dir='ltr'><strong>partem,</strong></span> <span class='ocrx_word' id='word_1_218' title='bbox 2991 1434 3250 1496; x_wconf 81' lang='lat' dir='ltr'><strong>tanquam</strong></span> <span class='ocrx_word' id='word_1_219' title='bbox 3294 1426 3345 1479; x_wconf 94' lang='lat' dir='ltr'><strong>in</strong></span> <span class='ocrx_word' id='word_1_220' title='bbox 3374 1426 3523 1478; x_wconf 72' lang='lat' dir='ltr'><strong>colo-</strong></span> 
     </span>
    </p>
   </div>
   <div class='ocr_carea' id='block_1_29' title="bbox 1947 1514 3527 1586">
    <p class='ocr_par' dir='ltr' id='par_1_29' title="bbox 1947 1514 3527 1586">
     <span class='ocr_line' id='line_1_29' title="bbox 1947 1514 3527 1586; baseline -0.002 -15"><span class='ocrx_word' id='word_1_221' title='bbox 1947 1517 2093 1571; x_wconf 87' lang='lat' dir='ltr'><strong>niam</strong></span> <span class='ocrx_word' id='word_1_222' title='bbox 2125 1516 2376 1571; x_wconf 89' lang='lat' dir='ltr'><strong>deductis</strong></span> <span class='ocrx_word' id='word_1_223' title='bbox 2410 1517 2665 1571; x_wconf 91' lang='lat' dir='ltr'><strong>alimenta</strong></span> <span class='ocrx_word' id='word_1_224' title='bbox 2699 1516 3133 1586; x_wconf 86' lang='lat' dir='ltr'><strong>suppeditentur.</strong></span> <span class='ocrx_word' id='word_1_225' title='bbox 3179 1514 3251 1567; x_wconf 87' lang='lat' dir='ltr'><strong>Ea</strong></span> <span class='ocrx_word' id='word_1_226' title='bbox 3293 1528 3527 1581; x_wconf 84' lang='lat' dir='ltr'><strong>namque</strong></span> 
     </span>
    </p>
   </div>
   <div class='ocr_carea' id='block_1_30' title="bbox 1950 1606 3527 1663">
    <p class='ocr_par' dir='ltr' id='par_1_30' title="bbox 1950 1606 3527 1663">
     <span class='ocr_line' id='line_1_30' title="bbox 1950 1606 3527 1663; baseline -0.005 0"><span class='ocrx_word' id='word_1_227' title='bbox 1950 1606 2217 1663; x_wconf 79' lang='lat' dir='ltr'><strong>sententia</strong></span> <span class='ocrx_word' id='word_1_228' title='bbox 2250 1608 2452 1661; x_wconf 89' lang='lat' dir='ltr'><strong>nullam</strong></span> <span class='ocrx_word' id='word_1_229' title='bbox 2481 1623 2620 1662; x_wconf 74' lang='lat' dir='ltr'><strong>verae</strong></span> <span class='ocrx_word' id='word_1_230' title='bbox 2655 1606 2956 1662; x_wconf 67' lang='lat' dir='ltr'><strong>clementiae</strong></span> <span class='ocrx_word' id='word_1_231' title='bbox 2991 1617 3043 1661; x_wconf 90' lang='lat' dir='ltr'><strong>et</strong></span> <span class='ocrx_word' id='word_1_232' title='bbox 3088 1606 3527 1661; x_wconf 82' lang='lat' dir='ltr'><strong>commiseratio-</strong></span> 
     </span>
    </p>
   </div>
   <div class='ocr_carea' id='block_1_31' title="bbox 1953 1694 3529 1769">
    <p class='ocr_par' dir='ltr' id='par_1_31' title="bbox 1953 1694 3529 1769">
     <span class='ocr_line' id='line_1_31' title="bbox 1953 1694 3529 1769; baseline -0.003 -16"><span class='ocrx_word' id='word_1_233' title='bbox 1953 1699 2040 1754; x_wconf 89' lang='lat' dir='ltr'><strong>nis</strong></span> <span class='ocrx_word' id='word_1_234' title='bbox 2073 1697 2525 1769; x_wconf 84' lang='lat' dir='ltr'><strong>signiﬁcationem</strong></span> <span class='ocrx_word' id='word_1_235' title='bbox 2558 1698 2750 1762; x_wconf 89' lang='lat' dir='ltr'><strong>habet,</strong></span> <span class='ocrx_word' id='word_1_236' title='bbox 2785 1698 2881 1755; x_wconf 87' lang='lat' dir='ltr'><strong>sed</strong></span> <span class='ocrx_word' id='word_1_237' title='bbox 2911 1698 3013 1753; x_wconf 92' lang='lat' dir='ltr'><strong>sub</strong></span> <span class='ocrx_word' id='word_1_238' title='bbox 3043 1712 3105 1751; x_wconf 92' lang='lat' dir='ltr'><strong>ea</strong></span> <span class='ocrx_word' id='word_1_239' title='bbox 3136 1694 3529 1751; x_wconf 81' lang='lat' dir='ltr'><strong>misericordiae</strong></span> 
     </span>
    </p>
   </div>
   <div class='ocr_carea' id='block_1_32' title="bbox 274 1780 1856 1859">
    <p class='ocr_par' dir='ltr' id='par_1_32' title="bbox 274 1782 1854 1859">
     <span class='ocr_line' id='line_1_32' title="bbox 274 1782 1854 1859; baseline 0.005 -25"><span class='ocrx_word' id='word_1_240' title='bbox 274 1782 446 1851; x_wconf 85' lang='grc' dir='ltr'>μεθα;</span> <span class='ocrx_word' id='word_1_241' title='bbox 489 1783 623 1835; x_wconf 79' lang='grc' dir='ltr'>Οὐδὲ</span> <span class='ocrx_word' id='word_1_242' title='bbox 649 1784 749 1853; x_wconf 82' lang='grc' dir='ltr'><strong>τῆς</strong></span> <span class='ocrx_word' id='word_1_243' title='bbox 781 1786 967 1856; x_wconf 83' lang='grc' dir='ltr'>κοίτης</span> <span class='ocrx_word' id='word_1_244' title='bbox 1008 1786 1200 1841; x_wconf 81' lang='grc' dir='ltr'>ἑαυτοῦ</span> <span class='ocrx_word' id='word_1_245' title='bbox 1248 1788 1506 1852; x_wconf 76' lang='grc' dir='ltr'>πολλάκις</span> <span class='ocrx_word' id='word_1_246' title='bbox 1538 1790 1792 1859; x_wconf 86' lang='grc' dir='ltr'>ἀπείργει</span> <span class='ocrx_word' id='word_1_247' title='bbox 1824 1789 1854 1841; x_wconf 90' lang='grc' dir='ltr'><strong>ὁ</strong></span> 
     </span>
    </p>
   </div>
   <div class='ocr_carea' id='block_1_33' title="bbox 1958 1780 3530 1859">
    <p class='ocr_par' dir='ltr' id='par_1_33' title="bbox 1958 1786 3530 1859">
     <span class='ocr_line' id='line_1_33' title="bbox 1958 1786 3530 1859; baseline -0.004 -14"><span class='ocrx_word' id='word_1_248' title='bbox 1958 1790 2136 1859; x_wconf 86' lang='lat' dir='ltr'><strong>specie</strong></span> <span class='ocrx_word' id='word_1_249' title='bbox 2167 1788 2301 1842; x_wconf 90' lang='lat' dir='ltr'><strong>illud</strong></span> <span class='ocrx_word' id='word_1_250' title='bbox 2334 1788 2628 1843; x_wconf 85' lang='lat' dir='ltr'><strong>consilium</strong></span> <span class='ocrx_word' id='word_1_251' title='bbox 2661 1788 2812 1851; x_wconf 89' lang='lat' dir='ltr'><strong>latet,</strong></span> <span class='ocrx_word' id='word_1_252' title='bbox 2855 1797 2912 1841; x_wconf 93' lang='lat' dir='ltr'><strong>ut</strong></span> <span class='ocrx_word' id='word_1_253' title='bbox 2945 1786 3195 1841; x_wconf 88' lang='lat' dir='ltr'><strong>homines</strong></span> <span class='ocrx_word' id='word_1_254' title='bbox 3228 1802 3258 1840; x_wconf 92' lang='lat' dir='ltr'><strong>e</strong></span> <span class='ocrx_word' id='word_1_255' title='bbox 3296 1788 3403 1840; x_wconf 84' lang='lat' dir='ltr'><strong>vita</strong></span> <span class='ocrx_word' id='word_1_256' title='bbox 3438 1800 3530 1839; x_wconf 83' lang='lat' dir='ltr'><strong>no-</strong></span> 
     </span>
    </p>
   </div>
   <div class='ocr_carea' id='block_1_34' title="bbox 272 1873 1843 1951">
    <p class='ocr_par' dir='ltr' id='par_1_34' title="bbox 272 1873 1843 1951">
     <span class='ocr_line' id='line_1_34' title="bbox 272 1873 1843 1951; baseline 0.003 -25"><span class='ocrx_word' id='word_1_257' title='bbox 272 1873 576 1945; x_wconf 81' lang='grc' dir='ltr'>κυνηγέτης</span> <span class='ocrx_word' id='word_1_258' title='bbox 621 1874 711 1928; x_wconf 85' lang='grc' dir='ltr'><strong>τὸν</strong></span> <span class='ocrx_word' id='word_1_259' title='bbox 741 1876 1004 1932; x_wconf 83' lang='grc' dir='ltr'>σκύλακα.</span> <span class='ocrx_word' id='word_1_260' title='bbox 1039 1873 1161 1931; x_wconf 74' lang='grc' dir='ltr'>Οἵδε</span> <span class='ocrx_word' id='word_1_261' title='bbox 1200 1880 1293 1932; x_wconf 79' lang='grc' dir='ltr'>καὶ</span> <span class='ocrx_word' id='word_1_262' title='bbox 1328 1880 1589 1951; x_wconf 83' lang='grc' dir='ltr'>φιλήματι</span> <span class='ocrx_word' id='word_1_263' title='bbox 1618 1879 1708 1933; x_wconf 82' lang='grc' dir='ltr'><strong>τὸν</strong></span> <span class='ocrx_word' id='word_1_264' title='bbox 1750 1879 1843 1950; x_wconf 76' lang='lat' dir='ltr'><strong>p.6-</strong></span> 
     </span>
    </p>
   </div>
   <div class='ocr_carea' id='block_1_35' title="bbox 274 1965 1846 2036">
    <p class='ocr_par' dir='ltr' id='par_1_35' title="bbox 274 1965 1846 2036">
     <span class='ocr_line' id='line_1_35' title="bbox 274 1965 1846 2036; baseline 0.006 -21"><span class='ocrx_word' id='word_1_265' title='bbox 274 1980 399 2033; x_wconf 84' lang='grc' dir='ltr'>σχον</span> <span class='ocrx_word' id='word_1_266' title='bbox 425 1965 455 2015; x_wconf 93' lang='lat'><strong>6</strong></span> <span class='ocrx_word' id='word_1_267' title='bbox 491 1965 734 2036; x_wconf 81' lang='grc' dir='ltr'>γεωργὸς</span> <span class='ocrx_word' id='word_1_268' title='bbox 763 1966 1142 2033; x_wconf 81' lang='grc' dir='ltr'>δεξιώσασθαι.</span> <span class='ocrx_word' id='word_1_269' title='bbox 1173 1970 1282 2022; x_wconf 78' lang='grc' dir='ltr'>Καὶ</span> <span class='ocrx_word' id='word_1_270' title='bbox 1314 1969 1466 2023; x_wconf 77' lang='grc' dir='ltr'>οὔπω</span> <span class='ocrx_word' id='word_1_271' title='bbox 1496 1971 1655 2024; x_wconf 88' lang='grc' dir='ltr'>τοῦτο</span> <span class='ocrx_word' id='word_1_272' title='bbox 1690 1971 1846 2024; x_wconf 87' lang='grc' dir='ltr'>πολύ·</span> 
     </span>
    </p>
   </div>
   <div class='ocr_carea' id='block_1_36' title="bbox 271 2052 1851 2127">
    <p class='ocr_par' dir='ltr' id='par_1_36' title="bbox 271 2052 1851 2127">
     <span class='ocr_line' id='line_1_36' title="bbox 271 2052 1851 2127; baseline 0.004 -21"><span class='ocrx_word' id='word_1_273' title='bbox 271 2052 407 2106; x_wconf 81' lang='grc' dir='ltr'><strong>ἀλλά</strong></span> <span class='ocrx_word' id='word_1_274' title='bbox 438 2057 560 2117; x_wconf 89' lang='grc' dir='ltr'>ταῖς</span> <span class='ocrx_word' id='word_1_275' title='bbox 590 2055 747 2120; x_wconf 89' lang='grc' dir='ltr'>ἰδίαις</span> <span class='ocrx_word' id='word_1_276' title='bbox 771 2058 926 2127; x_wconf 80' lang='grc' dir='ltr'>χερσὶ</span> <span class='ocrx_word' id='word_1_277' title='bbox 969 2058 1148 2112; x_wconf 87' lang='grc' dir='ltr'>νίπτει</span> <span class='ocrx_word' id='word_1_278' title='bbox 1178 2060 1303 2123; x_wconf 81' lang='grc' dir='ltr'>τοὺς</span> <span class='ocrx_word' id='word_1_279' title='bbox 1348 2060 1515 2124; x_wconf 84' lang='grc' dir='ltr'>πόδας</span> <span class='ocrx_word' id='word_1_280' title='bbox 1544 2060 1638 2114; x_wconf 87' lang='grc' dir='ltr'><strong>τοῦ</strong></span> <span class='ocrx_word' id='word_1_281' title='bbox 1675 2060 1796 2113; x_wconf 82' lang='grc' dir='ltr'>δνου</span> <span class='ocrx_word' id='word_1_282' title='bbox 1822 2062 1851 2112; x_wconf 92' lang='lat'><strong>6</strong></span> 
     </span>
    </p>
   </div>
   <div class='ocr_carea' id='block_1_37' title="bbox 271 2145 1851 2222">
    <p class='ocr_par' dir='ltr' id='par_1_37' title="bbox 271 2145 1851 2222">
     <span class='ocr_line' id='line_1_37' title="bbox 271 2145 1851 2222; baseline 0.006 -25"><span class='ocrx_word' id='word_1_283' title='bbox 271 2145 568 2216; x_wconf 87' lang='grc' dir='ltr'>ὁδοιπόρος,</span> <span class='ocrx_word' id='word_1_284' title='bbox 594 2147 687 2199; x_wconf 82' lang='grc' dir='ltr'><strong>καὶ</strong></span> <span class='ocrx_word' id='word_1_285' title='bbox 713 2148 893 2216; x_wconf 82' lang='grc' dir='ltr'>βάλλει</span> <span class='ocrx_word' id='word_1_286' title='bbox 923 2149 1020 2219; x_wconf 79' lang='grc' dir='ltr'>τὴν</span> <span class='ocrx_word' id='word_1_287' title='bbox 1052 2152 1228 2220; x_wconf 76' lang='grc' dir='ltr'>χεῖρα,</span> <span class='ocrx_word' id='word_1_288' title='bbox 1257 2152 1352 2204; x_wconf 76' lang='grc' dir='ltr'>καὶ</span> <span class='ocrx_word' id='word_1_289' title='bbox 1373 2151 1727 2222; x_wconf 78' lang='grc' dir='ltr'>ὑποκαθαίρει</span> <span class='ocrx_word' id='word_1_290' title='bbox 1751 2152 1851 2222; x_wconf 84' lang='grc' dir='ltr'>τὴν</span> 
     </span>
    </p>
   </div>
   <div class='ocr_carea' id='block_1_38' title="bbox 271 2237 1850 2315">
    <p class='ocr_par' dir='ltr' id='par_1_38' title="bbox 271 2237 1850 2315">
     <span class='ocr_line' id='line_1_38' title="bbox 271 2237 1850 2315; baseline 0.004 -27"><span class='ocrx_word' id='word_1_291' title='bbox 271 2237 495 2307; x_wconf 88' lang='grc' dir='ltr'>κόπρον,</span> <span class='ocrx_word' id='word_1_292' title='bbox 530 2238 626 2290; x_wconf 81' lang='grc' dir='ltr'><strong>καὶ</strong></span> <span class='ocrx_word' id='word_1_293' title='bbox 670 2239 770 2309; x_wconf 85' lang='grc' dir='ltr'>τῆς</span> <span class='ocrx_word' id='word_1_294' title='bbox 814 2240 974 2309; x_wconf 80' lang='grc' dir='ltr'>εὐνῆς</span> <span class='ocrx_word' id='word_1_295' title='bbox 1008 2241 1365 2311; x_wconf 81' lang='grc' dir='ltr'>ἐπιμελεῖται·</span> <span class='ocrx_word' id='word_1_296' title='bbox 1406 2243 1497 2296; x_wconf 82' lang='grc' dir='ltr'><strong>τὸν</strong></span> <span class='ocrx_word' id='word_1_297' title='bbox 1528 2243 1585 2296; x_wconf 86' lang='grc' dir='ltr'>δὲ</span> <span class='ocrx_word' id='word_1_298' title='bbox 1617 2244 1850 2315; x_wconf 84' lang='grc' dir='ltr'>ὁμογενῆ</span> 
     </span>
    </p>
   </div>
   <div class='ocr_carea' id='block_1_39' title="bbox 273 2328 1852 2402">
    <p class='ocr_par' dir='ltr' id='par_1_39' title="bbox 273 2328 1852 2402">
     <span class='ocr_line' id='line_1_39' title="bbox 273 2328 1852 2402; baseline 0.006 -23"><span class='ocrx_word' id='word_1_299' title='bbox 273 2328 366 2379; x_wconf 76' lang='grc' dir='ltr'>καὶ</span> <span class='ocrx_word' id='word_1_300' title='bbox 405 2328 709 2398; x_wconf 87' lang='grc' dir='ltr'>ὁμόφυλον,</span> <span class='ocrx_word' id='word_1_301' title='bbox 765 2330 1084 2402; x_wconf 81' lang='grc' dir='ltr'>ἀτιμότερον</span> <span class='ocrx_word' id='word_1_302' title='bbox 1126 2334 1220 2387; x_wconf 80' lang='grc' dir='ltr'><strong>καὶ</strong></span> <span class='ocrx_word' id='word_1_303' title='bbox 1263 2333 1371 2387; x_wconf 87' lang='grc' dir='ltr'><strong>τῶν</strong></span> <span class='ocrx_word' id='word_1_304' title='bbox 1416 2334 1624 2401; x_wconf 83' lang='grc' dir='ltr'>ἀλόγων</span> <span class='ocrx_word' id='word_1_305' title='bbox 1673 2336 1852 2388; x_wconf 84' lang='grc' dir='ltr'>αὐτῶν</span> 
     </span>
    </p>
   </div>
   <div class='ocr_carea' id='block_1_40' title="bbox 272 2419 1852 2497">
    <p class='ocr_par' dir='ltr' id='par_1_40' title="bbox 272 2419 1852 2497">
     <span class='ocr_line' id='line_1_40' title="bbox 272 2419 1852 2497; baseline 0.006 -27"><span class='ocrx_word' id='word_1_306' title='bbox 272 2419 646 2489; x_wconf 80' lang='grc' dir='ltr'>ποιησόμεθα;</span> <span class='ocrx_word' id='word_1_307' title='bbox 675 2421 766 2491; x_wconf 82' lang='grc' dir='ltr'><strong>Μὴ</strong></span> <span class='ocrx_word' id='word_1_308' title='bbox 803 2419 992 2488; x_wconf 86' lang='grc' dir='ltr'>ταῦτα,</span> <span class='ocrx_word' id='word_1_309' title='bbox 1031 2424 1127 2494; x_wconf 80' lang='grc' dir='ltr'><strong>μὴ,</strong></span> <span class='ocrx_word' id='word_1_310' title='bbox 1159 2424 1408 2493; x_wconf 90' lang='grc' dir='ltr'>ἀδελφοί·</span> <span class='ocrx_word' id='word_1_311' title='bbox 1444 2425 1519 2496; x_wconf 86' lang='grc' dir='ltr'>μὴ</span> <span class='ocrx_word' id='word_1_312' title='bbox 1552 2426 1852 2497; x_wconf 86' lang='grc' dir='ltr'>κυρωθήτω</span> 
     </span>
    </p>
   </div>
   <div class='ocr_carea' id='block_1_41' title="bbox 273 2508 1853 2587">
    <p class='ocr_par' dir='ltr' id='par_1_41' title="bbox 273 2508 1853 2587">
     <span class='ocr_line' id='line_1_41' title="bbox 273 2508 1853 2587; baseline 0.006 -26"><span class='ocrx_word' id='word_1_313' title='bbox 273 2508 413 2579; x_wconf 76' lang='grc' dir='ltr'>αὕτη</span> <span class='ocrx_word' id='word_1_314' title='bbox 441 2510 582 2564; x_wconf 80' lang='grc' dir='ltr'>κατὰ</span> <span class='ocrx_word' id='word_1_315' title='bbox 603 2510 710 2563; x_wconf 87' lang='grc' dir='ltr'><strong>τῶν</strong></span> <span class='ocrx_word' id='word_1_316' title='bbox 737 2511 1035 2584; x_wconf 88' lang='grc' dir='ltr'>ἀνθρώπων</span> <span class='ocrx_word' id='word_1_317' title='bbox 1058 2517 1091 2585; x_wconf 92' lang='grc' dir='ltr'><strong>ή</strong></span> <span class='ocrx_word' id='word_1_318' title='bbox 1110 2515 1307 2585; x_wconf 81' lang='grc' dir='ltr'>ψῆφος.</span> <span class='ocrx_word' id='word_1_319' title='bbox 1339 2515 1654 2586; x_wconf 85' lang='grc' dir='ltr'>Μνησθῆναι</span> <span class='ocrx_word' id='word_1_320' title='bbox 1686 2534 1853 2587; x_wconf 89' lang='grc' dir='ltr'>προσ-</span> 
     </span>
    </p>
   </div>
   <div class='ocr_carea' id='block_1_42' title="bbox 225 2590 1850 2678">
    <p class='ocr_par' dir='ltr' id='par_1_42' title="bbox 225 2590 1850 2678">
     <span class='ocr_line' id='line_1_42' title="bbox 225 2590 1850 2678; baseline 0.004 -26"><span class='ocrx_word' id='word_1_321' title='bbox 225 2590 241 2601; x_wconf 75' lang='grc'><strong>’</strong></span> <span class='ocrx_word' id='word_1_322' title='bbox 272 2602 419 2672; x_wconf 83' lang='grc' dir='ltr'>ήκει,</span> <span class='ocrx_word' id='word_1_323' title='bbox 452 2601 596 2665; x_wconf 86' lang='grc' dir='ltr'>τίνες</span> <span class='ocrx_word' id='word_1_324' title='bbox 627 2601 776 2666; x_wconf 76' lang='grc' dir='ltr'>ὄντες</span> <span class='ocrx_word' id='word_1_325' title='bbox 804 2604 930 2674; x_wconf 79' lang='grc' dir='ltr'>περὶ</span> <span class='ocrx_word' id='word_1_326' title='bbox 965 2603 1125 2658; x_wconf 91' lang='grc' dir='ltr'>τίνων</span> <span class='ocrx_word' id='word_1_327' title='bbox 1170 2605 1568 2676; x_wconf 84' lang='grc' dir='ltr'>βουλευόμεθα·</span> <span class='ocrx_word' id='word_1_328' title='bbox 1605 2608 1688 2659; x_wconf 84' lang='grc' dir='ltr'><strong>ὅτι</strong></span> <span class='ocrx_word' id='word_1_329' title='bbox 1721 2607 1850 2678; x_wconf 74' lang='grc' dir='ltr'>περὶ</span> 
     </span>
    </p>
   </div>
   <div class='ocr_carea' id='block_1_43' title="bbox 273 2692 1852 2771">
    <p class='ocr_par' dir='ltr' id='par_1_43' title="bbox 273 2692 1852 2771">
     <span class='ocr_line' id='line_1_43' title="bbox 273 2692 1852 2771; baseline 0.003 -24"><span class='ocrx_word' id='word_1_330' title='bbox 273 2692 598 2764; x_wconf 84' lang='grc' dir='ltr'>ἀνθρώπων,</span> <span class='ocrx_word' id='word_1_331' title='bbox 629 2695 924 2766; x_wconf 80' lang='grc' dir='ltr'>ἄνθρωποι,</span> <span class='ocrx_word' id='word_1_332' title='bbox 955 2696 1103 2750; x_wconf 80' lang='grc' dir='ltr'>οὐδὲν</span> <span class='ocrx_word' id='word_1_333' title='bbox 1133 2698 1332 2762; x_wconf 75' lang='grc' dir='ltr'>ἰδιάζον</span> <span class='ocrx_word' id='word_1_334' title='bbox 1362 2698 1510 2771; x_wconf 89' lang='grc' dir='ltr'><strong>παρά</strong></span> <span class='ocrx_word' id='word_1_335' title='bbox 1542 2699 1639 2771; x_wconf 81' lang='grc' dir='ltr'>τὴν</span> <span class='ocrx_word' id='word_1_336' title='bbox 1669 2698 1852 2769; x_wconf 81' lang='grc' dir='ltr'>κοινὴν</span> 
     </span>
    </p>
   </div>
   <div class='ocr_carea' id='block_1_44' title="bbox 275 2787 1854 2858">
    <p class='ocr_par' dir='ltr' id='par_1_44' title="bbox 275 2787 1854 2858">
     <span class='ocr_line' id='line_1_44' title="bbox 275 2787 1854 2858; baseline 0.004 -20"><span class='ocrx_word' id='word_1_337' title='bbox 275 2788 437 2854; x_wconf 88' lang='grc' dir='ltr'>φύσιν</span> <span class='ocrx_word' id='word_1_338' title='bbox 468 2788 552 2854; x_wconf 74' lang='grc' dir='ltr'><strong>ἐφ’</strong></span> <span class='ocrx_word' id='word_1_339' title='bbox 581 2787 784 2840; x_wconf 79' lang='grc' dir='ltr'>ἑαυτῶν</span> <span class='ocrx_word' id='word_1_340' title='bbox 810 2787 1042 2858; x_wconf 77' lang='grc' dir='ltr'>ἔχοντες.</span> <span class='ocrx_word' id='word_1_341' title='bbox 1078 2790 1207 2844; x_wconf 76' lang='lat' dir='ltr'><strong>Mla’</strong></span> <span class='ocrx_word' id='word_1_342' title='bbox 1223 2787 1413 2844; x_wconf 80' lang='grc' dir='ltr'>πᾶσιν</span> <span class='ocrx_word' id='word_1_343' title='bbox 1433 2790 1533 2843; x_wconf 82' lang='grc' dir='ltr'><strong>ἐπὶ</strong></span> <span class='ocrx_word' id='word_1_344' title='bbox 1569 2790 1675 2843; x_wconf 75' lang='grc' dir='ltr'><strong>τὸν</strong></span> <span class='ocrx_word' id='word_1_345' title='bbox 1707 2791 1854 2855; x_wconf 80' lang='grc' dir='ltr'>βίον</span> 
     </span>
    </p>
   </div>
   <div class='ocr_carea' id='block_1_45' title="bbox 275 2874 1853 2952">
    <p class='ocr_par' dir='ltr' id='par_1_45' title="bbox 275 2874 1853 2952">
     <span class='ocr_line' id='line_1_45' title="bbox 275 2874 1853 2952; baseline 0 -18"><span class='ocrx_word' id='word_1_346' title='bbox 275 2881 316 2947; x_wconf 72' lang='grc' dir='ltr'>ἡ</span> <span class='ocrx_word' id='word_1_347' title='bbox 342 2879 601 2946; x_wconf 77' lang='grc' dir='ltr'>εἴσοδος·</span> <span class='ocrx_word' id='word_1_348' title='bbox 628 2874 709 2942; x_wconf 74' lang='grc' dir='ltr'>εἷς</span> <span class='ocrx_word' id='word_1_349' title='bbox 732 2882 760 2933; x_wconf 94' lang='grc' dir='ltr'><strong>ὁ</strong></span> <span class='ocrx_word' id='word_1_350' title='bbox 782 2881 879 2952; x_wconf 82' lang='grc' dir='ltr'>τῆς</span> <span class='ocrx_word' id='word_1_351' title='bbox 909 2880 1053 2950; x_wconf 76' lang='grc' dir='ltr'>ζωῆς</span> <span class='ocrx_word' id='word_1_352' title='bbox 1078 2881 1246 2934; x_wconf 78' lang='grc' dir='ltr'>ἆπασι</span> <span class='ocrx_word' id='word_1_353' title='bbox 1281 2881 1498 2951; x_wconf 85' lang='grc' dir='ltr'>τρόπος,</span> <span class='ocrx_word' id='word_1_354' title='bbox 1531 2881 1731 2951; x_wconf 82' lang='grc' dir='ltr'>βρῶσις</span> <span class='ocrx_word' id='word_1_355' title='bbox 1760 2882 1853 2934; x_wconf 84' lang='grc' dir='ltr'><strong>καὶ</strong></span> 
     </span>
    </p>
   </div>
   <div class='ocr_carea' id='block_1_46' title="bbox 277 2968 1852 3041">
    <p class='ocr_par' dir='ltr' id='par_1_46' title="bbox 277 2968 1852 3041">
     <span class='ocr_line' id='line_1_46' title="bbox 277 2968 1852 3041; baseline 0.001 -19"><span class='ocrx_word' id='word_1_356' title='bbox 277 2970 452 3033; x_wconf 78' lang='grc' dir='ltr'>πόσις·</span> <span class='ocrx_word' id='word_1_357' title='bbox 482 2972 514 3039; x_wconf 89' lang='grc' dir='ltr'><strong>ή</strong></span> <span class='ocrx_word' id='word_1_358' title='bbox 545 2968 639 3022; x_wconf 89' lang='grc' dir='ltr'><strong>τοῦ</strong></span> <span class='ocrx_word' id='word_1_359' title='bbox 664 2969 764 3040; x_wconf 80' lang='grc' dir='ltr'><strong>ζῇν</strong></span> <span class='ocrx_word' id='word_1_360' title='bbox 797 2969 1043 3040; x_wconf 75' lang='grc' dir='ltr'>ἐνέργεια</span> <span class='ocrx_word' id='word_1_361' title='bbox 1068 2970 1417 3041; x_wconf 82' lang='grc' dir='ltr'>ὁμοιότροπος</span> <span class='ocrx_word' id='word_1_362' title='bbox 1438 2985 1453 2999; x_wconf 87' lang='grc'><strong>·</strong></span> <span class='ocrx_word' id='word_1_363' title='bbox 1480 2972 1513 3040; x_wconf 89' lang='grc' dir='ltr'><strong>ή</strong></span> <span class='ocrx_word' id='word_1_364' title='bbox 1544 2970 1852 3041; x_wconf 84' lang='grc' dir='ltr'>κατασκευὴ</span> 
     </span>
    </p>
   </div>
   <div class='ocr_carea' id='block_1_47' title="bbox 276 3059 1853 3132">
    <p class='ocr_par' dir='ltr' id='par_1_47' title="bbox 276 3059 1853 3132">
     <span class='ocr_line' id='line_1_47' title="bbox 276 3059 1853 3132; baseline 0 -18"><span class='ocrx_word' id='word_1_365' title='bbox 276 3059 385 3114; x_wconf 84' lang='grc' dir='ltr'><strong>τῶν</strong></span> <span class='ocrx_word' id='word_1_366' title='bbox 412 3060 678 3129; x_wconf 89' lang='grc' dir='ltr'>σωμάτων</span> <span class='ocrx_word' id='word_1_367' title='bbox 713 3060 834 3130; x_wconf 87' lang='grc' dir='ltr'>μία,</span> <span class='ocrx_word' id='word_1_368' title='bbox 869 3060 1022 3131; x_wconf 78' lang='grc' dir='ltr'>καὶὴ</span> <span class='ocrx_word' id='word_1_369' title='bbox 1055 3060 1402 3132; x_wconf 84' lang='grc' dir='ltr'>καταστροφὴ</span> <span class='ocrx_word' id='word_1_370' title='bbox 1434 3059 1527 3113; x_wconf 92' lang='grc' dir='ltr'><strong>τοῦ</strong></span> <span class='ocrx_word' id='word_1_371' title='bbox 1560 3061 1674 3131; x_wconf 85' lang='grc' dir='ltr'>βίου</span> <span class='ocrx_word' id='word_1_372' title='bbox 1710 3061 1853 3114; x_wconf 83' lang='grc' dir='ltr'>ἀπαν</span> 
     </span>
    </p>
   </div>
   <div class='ocr_carea' id='block_1_48' title="bbox 275 3152 1854 3223">
    <p class='ocr_par' dir='ltr' id='par_1_48' title="bbox 275 3152 1854 3223">
     <span class='ocr_line' id='line_1_48' title="bbox 275 3152 1854 3223; baseline 0.001 -18"><span class='ocrx_word' id='word_1_373' title='bbox 275 3153 338 3205; x_wconf 83' lang='grc' dir='ltr'>τὸ</span> <span class='ocrx_word' id='word_1_374' title='bbox 367 3152 617 3206; x_wconf 88' lang='grc' dir='ltr'>σύνθετον</span> <span class='ocrx_word' id='word_1_375' title='bbox 637 3154 715 3216; x_wconf 86' lang='grc' dir='ltr'><strong>εἰς</strong></span> <span class='ocrx_word' id='word_1_376' title='bbox 738 3153 980 3206; x_wconf 88' lang='grc' dir='ltr'>διάλυσιν</span> <span class='ocrx_word' id='word_1_377' title='bbox 1006 3154 1242 3223; x_wconf 79' lang='grc' dir='ltr'>ἔρχεται.</span> <span class='ocrx_word' id='word_1_378' title='bbox 1270 3154 1433 3207; x_wconf 83' lang='grc' dir='ltr'>Οὐδὲν</span> <span class='ocrx_word' id='word_1_379' title='bbox 1454 3153 1561 3206; x_wconf 84' lang='grc' dir='ltr'><strong>τῶν</strong></span> <span class='ocrx_word' id='word_1_380' title='bbox 1589 3154 1854 3207; x_wconf 86' lang='grc' dir='ltr'>συνεστώ-</span> 
     </span>
    </p>
   </div>
   <div class='ocr_carea' id='block_1_49' title="bbox 275 3242 1856 3316">
    <p class='ocr_par' dir='ltr' id='par_1_49' title="bbox 275 3242 1856 3316">
     <span class='ocr_line' id='line_1_49' title="bbox 275 3242 1856 3316; baseline 0.001 -21"><span class='ocrx_word' id='word_1_381' title='bbox 275 3259 387 3296; x_wconf 89' lang='grc' dir='ltr'><strong>των</strong></span> <span class='ocrx_word' id='word_1_382' title='bbox 438 3243 638 3312; x_wconf 86' lang='grc' dir='ltr'>παγίαν</span> <span class='ocrx_word' id='word_1_383' title='bbox 667 3242 777 3313; x_wconf 74' lang='grc' dir='ltr'>ἔχει</span> <span class='ocrx_word' id='word_1_384' title='bbox 825 3243 922 3314; x_wconf 85' lang='grc' dir='ltr'><strong>τὴν</strong></span> <span class='ocrx_word' id='word_1_385' title='bbox 979 3242 1259 3296; x_wconf 85' lang='grc' dir='ltr'>σύστασιν·</span> <span class='ocrx_word' id='word_1_386' title='bbox 1309 3244 1657 3313; x_wconf 86' lang='grc' dir='ltr'>πομφόλυγος</span> <span class='ocrx_word' id='word_1_387' title='bbox 1702 3245 1856 3316; x_wconf 86' lang='grc' dir='ltr'>δίκην</span> 
     </span>
    </p>
   </div>
   <div class='ocr_carea' id='block_1_50' title="bbox 279 3334 1856 3407">
    <p class='ocr_par' dir='ltr' id='par_1_50' title="bbox 279 3334 1856 3407">
     <span class='ocr_line' id='line_1_50' title="bbox 279 3334 1856 3407; baseline 0.002 -20"><span class='ocrx_word' id='word_1_388' title='bbox 279 3335 365 3387; x_wconf 70' lang='grc' dir='ltr'><strong>ἐπ’</strong></span> <span class='ocrx_word' id='word_1_389' title='bbox 411 3334 591 3402; x_wconf 86' lang='grc' dir='ltr'>ὀλίγου</span> <span class='ocrx_word' id='word_1_390' title='bbox 625 3335 889 3407; x_wconf 61' lang='grc' dir='ltr'>ήμῶνατῷ</span> <span class='ocrx_word' id='word_1_391' title='bbox 923 3335 1191 3405; x_wconf 85' lang='grc' dir='ltr'>πνεύματι</span> <span class='ocrx_word' id='word_1_392' title='bbox 1229 3336 1600 3406; x_wconf 81' lang='grc' dir='ltr'>περιτεθέντος</span> <span class='ocrx_word' id='word_1_393' title='bbox 1627 3336 1721 3390; x_wconf 91' lang='grc' dir='ltr'><strong>τοῦ</strong></span> <span class='ocrx_word' id='word_1_394' title='bbox 1752 3336 1856 3390; x_wconf 79' lang='grc' dir='ltr'><strong>σώο</strong></span> 
     </span>
    </p>
   </div>
   <div class='ocr_carea' id='block_1_51' title="bbox 284 3424 1857 3500">
    <p class='ocr_par' dir='ltr' id='par_1_51' title="bbox 284 3424 1857 3500">
     <span class='ocr_line' id='line_1_51' title="bbox 284 3424 1857 3500; baseline 0 -19"><span class='ocrx_word' id='word_1_395' title='bbox 284 3446 472 3499; x_wconf 83' lang='grc' dir='ltr'>ματος·</span> <span class='ocrx_word' id='word_1_396' title='bbox 498 3424 615 3483; x_wconf 79' lang='grc' dir='ltr'>εἶτα</span> <span class='ocrx_word' id='word_1_397' title='bbox 650 3429 987 3500; x_wconf 81' lang='grc' dir='ltr'>ἀπέσὸημεν,</span> <span class='ocrx_word' id='word_1_398' title='bbox 1022 3429 1172 3482; x_wconf 76' lang='grc' dir='ltr'>οὐδὲν</span> <span class='ocrx_word' id='word_1_399' title='bbox 1223 3429 1367 3498; x_wconf 85' lang='grc' dir='ltr'>ῐχνος</span> <span class='ocrx_word' id='word_1_400' title='bbox 1397 3428 1488 3481; x_wconf 90' lang='grc' dir='ltr'><strong>τοῦ</strong></span> <span class='ocrx_word' id='word_1_401' title='bbox 1524 3428 1857 3499; x_wconf 88' lang='grc' dir='ltr'>προσκαίρου</span> 
     </span>
    </p>
   </div>
   <div class='ocr_carea' id='block_1_52' title="bbox 278 3514 1861 3588">
    <p class='ocr_par' dir='ltr' id='par_1_52' title="bbox 278 3514 1861 3588">
     <span class='ocr_line' id='line_1_52' title="bbox 278 3514 1861 3588; baseline 0 -19"><span class='ocrx_word' id='word_1_402' title='bbox 278 3516 471 3570; x_wconf 83' lang='grc' dir='ltr'>τούτου</span> <span class='ocrx_word' id='word_1_403' title='bbox 506 3518 822 3588; x_wconf 79' lang='grc' dir='ltr'>φυσήματος</span> <span class='ocrx_word' id='word_1_404' title='bbox 853 3516 1236 3579; x_wconf 85' lang='grc' dir='ltr'>καταλιπόντες</span> <span class='ocrx_word' id='word_1_405' title='bbox 1264 3515 1341 3584; x_wconf 85' lang='grc' dir='ltr'><strong>τῷ</strong></span> <span class='ocrx_word' id='word_1_406' title='bbox 1369 3514 1487 3586; x_wconf 86' lang='grc' dir='ltr'>βίῳ.</span> <span class='ocrx_word' id='word_1_407' title='bbox 1526 3517 1614 3569; x_wconf 86' lang='grc' dir='ltr'>Ἐν</span> <span class='ocrx_word' id='word_1_408' title='bbox 1640 3516 1861 3587; x_wconf 85' lang='grc' dir='ltr'>στήλαις</span> 
     </span>
    </p>
   </div>
   <div class='ocr_carea' id='block_1_53' title="bbox 282 3606 1862 3679">
    <p class='ocr_par' dir='ltr' id='par_1_53' title="bbox 282 3606 1862 3679">
     <span class='ocr_line' id='line_1_53' title="bbox 282 3606 1862 3679; baseline 0 -18"><span class='ocrx_word' id='word_1_409' title='bbox 282 3607 376 3661; x_wconf 76' lang='grc' dir='ltr'>καὶ</span> <span class='ocrx_word' id='word_1_410' title='bbox 407 3606 575 3670; x_wconf 86' lang='grc' dir='ltr'>λίθοις</span> <span class='ocrx_word' id='word_1_411' title='bbox 620 3608 712 3660; x_wconf 77' lang='grc' dir='ltr'>καὶ</span> <span class='ocrx_word' id='word_1_412' title='bbox 753 3608 1083 3679; x_wconf 73' lang='grc' dir='ltr'>ἐπιγραφαῖς</span> <span class='ocrx_word' id='word_1_413' title='bbox 1115 3608 1183 3661; x_wconf 80' lang='grc' dir='ltr'><strong>τά</strong></span> <span class='ocrx_word' id='word_1_414' title='bbox 1230 3607 1568 3678; x_wconf 85' lang='grc' dir='ltr'>μνημόσυνα·</span> <span class='ocrx_word' id='word_1_415' title='bbox 1611 3608 1703 3661; x_wconf 78' lang='grc' dir='ltr'>καὶ</span> <span class='ocrx_word' id='word_1_416' title='bbox 1741 3608 1862 3661; x_wconf 76' lang='grc' dir='ltr'>οὐδὲ</span> 
     </span>
    </p>
   </div>
   <div class='ocr_carea' id='block_1_54' title="bbox 281 3697 1860 3771">
    <p class='ocr_par' dir='ltr' id='par_1_54' title="bbox 281 3697 1860 3771">
     <span class='ocr_line' id='line_1_54' title="bbox 281 3697 1860 3771; baseline 0.002 -21"><span class='ocrx_word' id='word_1_417' title='bbox 281 3699 454 3751; x_wconf 87' lang='grc' dir='ltr'>ταῦτα</span> <span class='ocrx_word' id='word_1_418' title='bbox 484 3699 656 3751; x_wconf 83' lang='grc' dir='ltr'>εἰσαεὶ</span> <span class='ocrx_word' id='word_1_419' title='bbox 696 3697 1040 3771; x_wconf 83' lang='grc' dir='ltr'>διαρκοῦντα.</span> <span class='ocrx_word' id='word_1_420' title='bbox 1084 3699 1271 3753; x_wconf 84' lang='grc' dir='ltr'>Ταῦτα</span> <span class='ocrx_word' id='word_1_421' title='bbox 1300 3699 1480 3752; x_wconf 86' lang='grc' dir='ltr'>τοίνυν</span> <span class='ocrx_word' id='word_1_422' title='bbox 1514 3701 1606 3753; x_wconf 74' lang='grc' dir='ltr'><strong>ἐπὶ</strong></span> <span class='ocrx_word' id='word_1_423' title='bbox 1634 3700 1860 3753; x_wconf 83' lang='grc' dir='ltr'>σεαυτοῦ</span> 
     </span>
    </p>
   </div>
   <div class='ocr_carea' id='block_1_55' title="bbox 284 3787 1863 3862">
    <p class='ocr_par' dir='ltr' id='par_1_55' title="bbox 284 3787 1863 3862">
     <span class='ocr_line' id='line_1_55' title="bbox 284 3787 1863 3862; baseline 0.003 -22"><span class='ocrx_word' id='word_1_424' title='bbox 284 3787 648 3859; x_wconf 79' lang='grc' dir='ltr'>λογιζόμενος,</span> <span class='ocrx_word' id='word_1_425' title='bbox 679 3789 772 3857; x_wconf 78' lang='grc' dir='ltr'><strong>Μὴ</strong></span> <span class='ocrx_word' id='word_1_426' title='bbox 802 3792 1230 3859; x_wconf 66' lang='grc' dir='ltr'>ὑψηλορρόνει,</span> <span class='ocrx_word' id='word_1_427' title='bbox 1256 3790 1436 3853; x_wconf 78' lang='grc' dir='ltr'>καθώς</span> <span class='ocrx_word' id='word_1_428' title='bbox 1460 3808 1623 3862; x_wconf 86' lang='grc' dir='ltr'>φησιν</span> <span class='ocrx_word' id='word_1_429' title='bbox 1654 3793 1681 3844; x_wconf 90' lang='lat'><strong>6</strong></span> <span class='ocrx_word' id='word_1_430' title='bbox 1712 3792 1863 3845; x_wconf 83' lang='grc' dir='ltr'>Ἀπό-</span> 
     </span>
    </p>
   </div>
   <div class='ocr_carea' id='block_1_56' title="bbox 288 3878 1864 3952">
    <p class='ocr_par' dir='ltr' id='par_1_56' title="bbox 288 3878 1864 3952">
     <span class='ocr_line' id='line_1_56' title="bbox 288 3878 1864 3952; baseline 0.001 -20"><span class='ocrx_word' id='word_1_431' title='bbox 288 3878 493 3943; x_wconf 81' lang='grc' dir='ltr'>στόλος,</span> <span class='ocrx_word' id='word_1_432' title='bbox 519 3879 679 3935; x_wconf 77' lang='grc' dir='ltr'><strong>ἀλλὰ</strong></span> <span class='ocrx_word' id='word_1_433' title='bbox 701 3880 887 3948; x_wconf 62' lang='grc' dir='ltr'>φοϐοῦ</span> <span class='ocrx_word' id='word_1_434' title='bbox 907 3896 920 3909; x_wconf 73' lang='grc' dir='ltr'><strong>ο</strong></span> <span class='ocrx_word' id='word_1_435' title='bbox 951 3880 1140 3950; x_wconf 80' lang='grc' dir='ltr'>ἄδηλον</span> <span class='ocrx_word' id='word_1_436' title='bbox 1166 3882 1213 3933; x_wconf 82' lang='grc' dir='ltr'><strong>εἰ</strong></span> <span class='ocrx_word' id='word_1_437' title='bbox 1245 3880 1320 3952; x_wconf 87' lang='grc' dir='ltr'>μὴ</span> <span class='ocrx_word' id='word_1_438' title='bbox 1349 3882 1527 3951; x_wconf 84' lang='grc' dir='ltr'>σαυτῷ</span> <span class='ocrx_word' id='word_1_439' title='bbox 1556 3880 1864 3952; x_wconf 85' lang='grc' dir='ltr'>νομοθετεῖς</span> 
     </span>
    </p>
   </div>
   <div class='ocr_carea' id='block_1_57' title="bbox 286 3970 1859 4045">
    <p class='ocr_par' dir='ltr' id='par_1_57' title="bbox 286 3970 1859 4045">
     <span class='ocr_line' id='line_1_57' title="bbox 286 3970 1859 4045; baseline 0.003 -23"><span class='ocrx_word' id='word_1_440' title='bbox 286 3970 383 4041; x_wconf 82' lang='grc' dir='ltr'>τὴν</span> <span class='ocrx_word' id='word_1_441' title='bbox 411 3972 697 4040; x_wconf 85' lang='grc' dir='ltr'>ἀπήνειαν.</span> <span class='ocrx_word' id='word_1_442' title='bbox 723 3970 968 4039; x_wconf 80' lang='grc' dir='ltr'>Φεύγεις,</span> <span class='ocrx_word' id='word_1_443' title='bbox 1002 3972 1122 4025; x_wconf 82' lang='grc' dir='ltr'>εἰπέ</span> <span class='ocrx_word' id='word_1_444' title='bbox 1150 3990 1260 4042; x_wconf 86' lang='grc' dir='ltr'>μοι,</span> <span class='ocrx_word' id='word_1_445' title='bbox 1289 3972 1378 4025; x_wconf 79' lang='grc' dir='ltr'><strong>τὸν</strong></span> <span class='ocrx_word' id='word_1_446' title='bbox 1401 3972 1859 4045; x_wconf 74' lang='grc' dir='ltr'>ἀρῥωστήσαντας</span> 
     </span>
    </p>
   </div>
   <div class='ocr_carea' id='block_1_58' title="bbox 288 4061 1863 4135">
    <p class='ocr_par' dir='ltr' id='par_1_58' title="bbox 288 4061 1863 4135">
     <span class='ocr_line' id='line_1_58' title="bbox 288 4061 1863 4135; baseline 0 -18"><span class='ocrx_word' id='word_1_447' title='bbox 288 4061 352 4118; x_wconf 90' lang='grc' dir='ltr'>Τί</span> <span class='ocrx_word' id='word_1_448' title='bbox 374 4061 625 4129; x_wconf 80' lang='grc' dir='ltr'>ἐγκαλεῖν</span> <span class='ocrx_word' id='word_1_449' title='bbox 648 4061 805 4131; x_wconf 74' lang='grc' dir='ltr'>ἔχωνς</span> <span class='ocrx_word' id='word_1_450' title='bbox 834 4064 954 4116; x_wconf 84' lang='grc' dir='ltr'>Ὅτι</span> <span class='ocrx_word' id='word_1_451' title='bbox 973 4063 1288 4135; x_wconf 84' lang='grc' dir='ltr'>διέφθαρται</span> <span class='ocrx_word' id='word_1_452' title='bbox 1312 4064 1371 4116; x_wconf 75' lang='grc' dir='ltr'>τὸ</span> <span class='ocrx_word' id='word_1_453' title='bbox 1392 4065 1555 4135; x_wconf 80' lang='grc' dir='ltr'>ὑγρὸν</span> <span class='ocrx_word' id='word_1_454' title='bbox 1572 4067 1628 4117; x_wconf 87' lang='grc' dir='ltr'>ὲν</span> <span class='ocrx_word' id='word_1_455' title='bbox 1651 4065 1863 4135; x_wconf 79' lang='grc' dir='ltr'>ἐκεινῳ,</span> 
     </span>
    </p>
   </div>
   <div class='ocr_carea' id='block_1_59' title="bbox 289 4152 1863 4227">
    <p class='ocr_par' dir='ltr' id='par_1_59' title="bbox 289 4152 1863 4227">
     <span class='ocr_line' id='line_1_59' title="bbox 289 4152 1863 4227; baseline 0.002 -21"><span class='ocrx_word' id='word_1_456' title='bbox 289 4154 382 4207; x_wconf 88' lang='grc' dir='ltr'><strong>καί</strong></span> <span class='ocrx_word' id='word_1_457' title='bbox 407 4171 491 4216; x_wconf 87' lang='grc' dir='ltr'><strong>τις</strong></span> <span class='ocrx_word' id='word_1_458' title='bbox 523 4152 894 4224; x_wconf 84' lang='grc' dir='ltr'>σηπεδονώδης</span> <span class='ocrx_word' id='word_1_459' title='bbox 926 4156 1095 4224; x_wconf 78' lang='grc' dir='ltr'>χυμὸς</span> <span class='ocrx_word' id='word_1_460' title='bbox 1117 4155 1501 4226; x_wconf 80' lang='grc' dir='ltr'>ἐγκατεσπάρη</span> <span class='ocrx_word' id='word_1_461' title='bbox 1533 4155 1611 4227; x_wconf 84' lang='grc' dir='ltr'>τῷ</span> <span class='ocrx_word' id='word_1_462' title='bbox 1648 4157 1863 4227; x_wconf 79' lang='grc' dir='ltr'>αἵματι,</span> 
     </span>
    </p>
   </div>
   <div class='ocr_carea' id='block_1_60' title="bbox 288 4244 1865 4318">
    <p class='ocr_par' dir='ltr' id='par_1_60' title="bbox 288 4244 1865 4318">
     <span class='ocr_line' id='line_1_60' title="bbox 288 4244 1865 4318; baseline 0.001 -20"><span class='ocrx_word' id='word_1_463' title='bbox 288 4246 386 4309; x_wconf 76' lang='grc' dir='ltr'>τῆς</span> <span class='ocrx_word' id='word_1_464' title='bbox 428 4244 688 4315; x_wconf 85' lang='grc' dir='ltr'>μελαίνης</span> <span class='ocrx_word' id='word_1_465' title='bbox 722 4245 882 4315; x_wconf 82' lang='grc' dir='ltr'>χολῆς</span> <span class='ocrx_word' id='word_1_466' title='bbox 918 4244 996 4314; x_wconf 84' lang='grc' dir='ltr'><strong>τῷ</strong></span> <span class='ocrx_word' id='word_1_467' title='bbox 1019 4244 1170 4315; x_wconf 81' lang='grc' dir='ltr'>ὑγρῷ</span> <span class='ocrx_word' id='word_1_468' title='bbox 1201 4245 1865 4318; x_wconf 78' lang='grc' dir='ltr'>παρεγχεθείσηςςΤαῦτα</span> 
     </span>
    </p>
   </div>
   <div class='ocr_carea' id='block_1_61' title="bbox 289 4336 1861 4411">
    <p class='ocr_par' dir='ltr' id='par_1_61' title="bbox 289 4336 1861 4411">
     <span class='ocr_line' id='line_1_61' title="bbox 289 4336 1861 4411; baseline 0.001 -19"><span class='ocrx_word' id='word_1_469' title='bbox 289 4343 400 4407; x_wconf 84' lang='grc' dir='ltr'>γὰρ</span> <span class='ocrx_word' id='word_1_470' title='bbox 438 4338 580 4391; x_wconf 75' lang='grc' dir='ltr'>ἔστιν</span> <span class='ocrx_word' id='word_1_471' title='bbox 611 4336 807 4408; x_wconf 84' lang='grc' dir='ltr'>ἰατρῶν</span> <span class='ocrx_word' id='word_1_472' title='bbox 838 4336 1081 4403; x_wconf 83' lang='grc' dir='ltr'>ἀκούειν,</span> <span class='ocrx_word' id='word_1_473' title='bbox 1113 4337 1570 4407; x_wconf 85' lang='grc' dir='ltr'>φυσιολογούντων</span> <span class='ocrx_word' id='word_1_474' title='bbox 1599 4338 1669 4391; x_wconf 78' lang='grc' dir='ltr'>τὰ</span> <span class='ocrx_word' id='word_1_475' title='bbox 1695 4339 1861 4411; x_wconf 89' lang='grc' dir='ltr'>πάθη.</span> 
     </span>
    </p>
   </div>
   <div class='ocr_carea' id='block_1_62' title="bbox 1955 1878 3531 1948">
    <p class='ocr_par' dir='ltr' id='par_1_62' title="bbox 1955 1878 3531 1948">
     <span class='ocr_line' id='line_1_62' title="bbox 1955 1878 3531 1948; baseline -0.003 -13"><span class='ocrx_word' id='word_1_476' title='bbox 1955 1886 2067 1936; x_wconf 87' lang='lat' dir='ltr'><strong>stra</strong></span> <span class='ocrx_word' id='word_1_477' title='bbox 2102 1894 2330 1948; x_wconf 86' lang='lat' dir='ltr'><strong>prorsus</strong></span> <span class='ocrx_word' id='word_1_478' title='bbox 2356 1879 2805 1934; x_wconf 82' lang='lat' dir='ltr'><strong>exterminentur.</strong></span> <span class='ocrx_word' id='word_1_479' title='bbox 2842 1878 3043 1933; x_wconf 87' lang='lat' dir='ltr'><strong>Deinde</strong></span> <span class='ocrx_word' id='word_1_480' title='bbox 3093 1887 3295 1933; x_wconf 87' lang='lat' dir='ltr'><strong>nostrae</strong></span> <span class='ocrx_word' id='word_1_481' title='bbox 3324 1894 3421 1933; x_wconf 88' lang='lat' dir='ltr'><strong>nos</strong></span> <span class='ocrx_word' id='word_1_482' title='bbox 3450 1878 3531 1931; x_wconf 83' lang='lat' dir='ltr'><strong>vi-</strong></span> 
     </span>
    </p>
   </div>
   <div class='ocr_carea' id='block_1_63' title="bbox 1953 1967 3532 2038">
    <p class='ocr_par' dir='ltr' id='par_1_63' title="bbox 1953 1967 3532 2038">
     <span class='ocr_line' id='line_1_63' title="bbox 1953 1967 3532 2038; baseline -0.001 -14"><span class='ocrx_word' id='word_1_483' title='bbox 1953 1968 2114 2024; x_wconf 86' lang='lat' dir='ltr'><strong>vendi</strong></span> <span class='ocrx_word' id='word_1_484' title='bbox 2136 1967 2553 2022; x_wconf 87' lang='lat' dir='ltr'><strong>consuetudinis</strong></span> <span class='ocrx_word' id='word_1_485' title='bbox 2581 1982 2689 2021; x_wconf 89' lang='lat' dir='ltr'><strong>non</strong></span> <span class='ocrx_word' id='word_1_486' title='bbox 2718 1967 2921 2037; x_wconf 87' lang='lat' dir='ltr'><strong>pudet?</strong></span> <span class='ocrx_word' id='word_1_487' title='bbox 2953 1969 3047 2038; x_wconf 92' lang='lat' dir='ltr'><strong>qui</strong></span> <span class='ocrx_word' id='word_1_488' title='bbox 3081 1983 3208 2023; x_wconf 85' lang='lat' dir='ltr'><strong>sues</strong></span> <span class='ocrx_word' id='word_1_489' title='bbox 3228 2008 3243 2031; x_wconf 92' lang='lat'><strong>,</strong></span> <span class='ocrx_word' id='word_1_490' title='bbox 3275 1976 3328 2023; x_wconf 91' lang='lat' dir='ltr'><strong>et</strong></span> <span class='ocrx_word' id='word_1_491' title='bbox 3368 1982 3532 2022; x_wconf 87' lang='lat' dir='ltr'><strong>canes</strong></span> 
     </span>
    </p>
   </div>
   <div class='ocr_carea' id='block_1_64' title="bbox 1953 2058 3531 2128">
    <p class='ocr_par' dir='ltr' id='par_1_64' title="bbox 1953 2058 3531 2128">
     <span class='ocr_line' id='line_1_64' title="bbox 1953 2058 3531 2128; baseline -0.003 -13"><span class='ocrx_word' id='word_1_492' title='bbox 1953 2059 2373 2115; x_wconf 79' lang='lat' dir='ltr'><strong>contubernales</strong></span> <span class='ocrx_word' id='word_1_493' title='bbox 2421 2058 2756 2121; x_wconf 89' lang='lat' dir='ltr'><strong>habeamus,</strong></span> <span class='ocrx_word' id='word_1_494' title='bbox 2808 2058 2943 2114; x_wconf 88' lang='lat' dir='ltr'><strong>adeo</strong></span> <span class='ocrx_word' id='word_1_495' title='bbox 2983 2066 3041 2113; x_wconf 94' lang='lat' dir='ltr'><strong>ut</strong></span> <span class='ocrx_word' id='word_1_496' title='bbox 3077 2075 3144 2113; x_wconf 90' lang='lat' dir='ltr'><strong>ne</strong></span> <span class='ocrx_word' id='word_1_497' title='bbox 3179 2076 3279 2114; x_wconf 90' lang='lat' dir='ltr'><strong>suo</strong></span> <span class='ocrx_word' id='word_1_498' title='bbox 3313 2058 3531 2128; x_wconf 79' lang='lat' dir='ltr'><strong>quidem</strong></span> 
     </span>
    </p>
   </div>
   <div class='ocr_carea' id='block_1_65' title="bbox 1953 2146 3532 2218">
    <p class='ocr_par' dir='ltr' id='par_1_65' title="bbox 1953 2146 3532 2218">
     <span class='ocr_line' id='line_1_65' title="bbox 1953 2146 3532 2218; baseline -0.004 -15"><span class='ocrx_word' id='word_1_499' title='bbox 1953 2149 2152 2204; x_wconf 91' lang='lat' dir='ltr'><strong>lectulo</strong></span> <span class='ocrx_word' id='word_1_500' title='bbox 2183 2157 2409 2203; x_wconf 88' lang='lat' dir='ltr'><strong>venator</strong></span> <span class='ocrx_word' id='word_1_501' title='bbox 2441 2151 2683 2202; x_wconf 86' lang='lat' dir='ltr'><strong>catulum</strong></span> <span class='ocrx_word' id='word_1_502' title='bbox 2723 2155 2925 2214; x_wconf 87' lang='lat' dir='ltr'><strong>arceat,</strong></span> <span class='ocrx_word' id='word_1_503' title='bbox 2953 2156 3008 2202; x_wconf 90' lang='lat' dir='ltr'><strong>et</strong></span> <span class='ocrx_word' id='word_1_504' title='bbox 3034 2148 3269 2218; x_wconf 80' lang='lat' dir='ltr'><strong>agricola</strong></span> <span class='ocrx_word' id='word_1_505' title='bbox 3301 2146 3532 2201; x_wconf 89' lang='lat' dir='ltr'><strong>vitulum</strong></span> 
     </span>
    </p>
   </div>
   <div class='ocr_carea' id='block_1_66' title="bbox 1953 2226 3532 2310">
    <p class='ocr_par' dir='ltr' id='par_1_66' title="bbox 1953 2226 3532 2310">
     <span class='ocr_line' id='line_1_66' title="bbox 1953 2226 3532 2310; baseline -0.002 -15"><span class='ocrx_word' id='word_1_506' title='bbox 1953 2241 2301 2296; x_wconf 80' lang='lat' dir='ltr'><strong>exosculetur</strong></span> <span class='ocrx_word' id='word_1_507' title='bbox 2323 2258 2338 2295; x_wconf 92' lang='lat'><strong>:</strong></span> <span class='ocrx_word' id='word_1_508' title='bbox 2364 2250 2415 2295; x_wconf 91' lang='lat' dir='ltr'><strong>et</strong></span> <span class='ocrx_word' id='word_1_509' title='bbox 2442 2240 2675 2310; x_wconf 83' lang='lat' dir='ltr'><strong>propriis</strong></span> <span class='ocrx_word' id='word_1_510' title='bbox 2707 2240 2962 2295; x_wconf 90' lang='lat' dir='ltr'><strong>manibus</strong></span> <span class='ocrx_word' id='word_1_511' title='bbox 2992 2226 3170 2294; x_wconf 79' lang='lat' dir='ltr'><strong>viator</strong></span> <span class='ocrx_word' id='word_1_512' title='bbox 3193 2238 3333 2292; x_wconf 88' lang='lat' dir='ltr'><strong>asini</strong></span> <span class='ocrx_word' id='word_1_513' title='bbox 3366 2237 3532 2307; x_wconf 84' lang='lat' dir='ltr'><strong>pedes</strong></span> 
     </span>
    </p>
   </div>
   <div class='ocr_carea' id='block_1_67' title="bbox 1954 2328 3535 2398">
    <p class='ocr_par' dir='ltr' id='par_1_67' title="bbox 1954 2328 3535 2398">
     <span class='ocr_line' id='line_1_67' title="bbox 1954 2328 3535 2398; baseline -0.005 -10"><span class='ocrx_word' id='word_1_514' title='bbox 1954 2334 2116 2398; x_wconf 87' lang='lat' dir='ltr'><strong>lavet,</strong></span> <span class='ocrx_word' id='word_1_515' title='bbox 2155 2342 2209 2389; x_wconf 83' lang='lat' dir='ltr'><strong>et</strong></span> <span class='ocrx_word' id='word_1_516' title='bbox 2242 2333 2501 2388; x_wconf 83' lang='lat' dir='ltr'><strong>curandis</strong></span> <span class='ocrx_word' id='word_1_517' title='bbox 2528 2332 2844 2387; x_wconf 89' lang='lat' dir='ltr'><strong>vulneribus</strong></span> <span class='ocrx_word' id='word_1_518' title='bbox 2877 2331 3121 2387; x_wconf 84' lang='lat' dir='ltr'><strong>medicas</strong></span> <span class='ocrx_word' id='word_1_519' title='bbox 3152 2345 3347 2385; x_wconf 89' lang='lat' dir='ltr'><strong>manus</strong></span> <span class='ocrx_word' id='word_1_520' title='bbox 3377 2328 3535 2381; x_wconf 84' lang='lat' dir='ltr'><strong>adhi-</strong></span> 
     </span>
    </p>
   </div>
   <div class='ocr_carea' id='block_1_68' title="bbox 1953 2420 3535 2491">
    <p class='ocr_par' dir='ltr' id='par_1_68' title="bbox 1953 2420 3535 2491">
     <span class='ocr_line' id='line_1_68' title="bbox 1953 2420 3535 2491; baseline -0.003 -14"><span class='ocrx_word' id='word_1_521' title='bbox 1953 2422 2098 2485; x_wconf 87' lang='lat' dir='ltr'><strong>beat,</strong></span> <span class='ocrx_word' id='word_1_522' title='bbox 2134 2429 2452 2491; x_wconf 91' lang='lat' dir='ltr'><strong>stercusque</strong></span> <span class='ocrx_word' id='word_1_523' title='bbox 2487 2421 2722 2481; x_wconf 79' lang='lat' dir='ltr'><strong>auferat.</strong></span> <span class='ocrx_word' id='word_1_524' title='bbox 2762 2427 2817 2477; x_wconf 87' lang='lat' dir='ltr'><strong>et</strong></span> <span class='ocrx_word' id='word_1_525' title='bbox 2857 2421 3035 2475; x_wconf 89' lang='lat' dir='ltr'><strong>cubile</strong></span> <span class='ocrx_word' id='word_1_526' title='bbox 3064 2420 3409 2483; x_wconf 81' lang='lat' dir='ltr'><strong>substernat,</strong></span> <span class='ocrx_word' id='word_1_527' title='bbox 3440 2433 3535 2473; x_wconf 88' lang='lat' dir='ltr'><strong>eos</strong></span> 
     </span>
    </p>
   </div>
   <div class='ocr_carea' id='block_1_69' title="bbox 1954 2509 3531 2582">
    <p class='ocr_par' dir='ltr' id='par_1_69' title="bbox 1954 2509 3531 2582">
     <span class='ocr_line' id='line_1_69' title="bbox 1954 2509 3531 2582; baseline 0 -18"><span class='ocrx_word' id='word_1_528' title='bbox 1954 2523 2168 2570; x_wconf 89' lang='lat' dir='ltr'><strong>autem.</strong></span> <span class='ocrx_word' id='word_1_529' title='bbox 2209 2512 2301 2582; x_wconf 89' lang='lat' dir='ltr'><strong>qui</strong></span> <span class='ocrx_word' id='word_1_530' title='bbox 2336 2512 2550 2581; x_wconf 75' lang='lat' dir='ltr'><strong>generis</strong></span> <span class='ocrx_word' id='word_1_531' title='bbox 2590 2512 2998 2568; x_wconf 87' lang='lat' dir='ltr'><strong>necessitudine</strong></span> <span class='ocrx_word' id='word_1_532' title='bbox 3038 2512 3198 2567; x_wconf 86' lang='lat' dir='ltr'><strong>nobis</strong></span> <span class='ocrx_word' id='word_1_533' title='bbox 3246 2509 3531 2579; x_wconf 81' lang='lat' dir='ltr'><strong>conjuncti</strong></span> 
     </span>
    </p>
   </div>
   <div class='ocr_carea' id='block_1_70' title="bbox 1956 2601 3535 2673">
    <p class='ocr_par' dir='ltr' id='par_1_70' title="bbox 1956 2601 3535 2673">
     <span class='ocr_line' id='line_1_70' title="bbox 1956 2601 3535 2673; baseline -0.001 -14"><span class='ocrx_word' id='word_1_534' title='bbox 1956 2614 2116 2669; x_wconf 90' lang='lat' dir='ltr'><strong>sunt,</strong></span> <span class='ocrx_word' id='word_1_535' title='bbox 2169 2604 2302 2673; x_wconf 87' lang='lat' dir='ltr'><strong>ipsis</strong></span> <span class='ocrx_word' id='word_1_536' title='bbox 2351 2605 2515 2658; x_wconf 90' lang='lat' dir='ltr'><strong>etiam</strong></span> <span class='ocrx_word' id='word_1_537' title='bbox 2565 2605 2795 2659; x_wconf 86' lang='lat' dir='ltr'><strong>rationis</strong></span> <span class='ocrx_word' id='word_1_538' title='bbox 2833 2604 3149 2673; x_wconf 80' lang='lat' dir='ltr'><strong>expertibus</strong></span> <span class='ocrx_word' id='word_1_539' title='bbox 3204 2601 3535 2657; x_wconf 84' lang='lat' dir='ltr'><strong>animalibus</strong></span> 
     </span>
    </p>
   </div>
   <div class='ocr_carea' id='block_1_71' title="bbox 1956 2692 3538 2765">
    <p class='ocr_par' dir='ltr' id='par_1_71' title="bbox 1956 2692 3538 2765">
     <span class='ocr_line' id='line_1_71' title="bbox 1956 2692 3538 2765; baseline -0.001 -18"><span class='ocrx_word' id='word_1_540' title='bbox 1956 2694 2388 2765; x_wconf 85' lang='lat' dir='ltr'><strong>pnstponamus?</strong></span> <span class='ocrx_word' id='word_1_541' title='bbox 2444 2694 2520 2750; x_wconf 87' lang='lat' dir='ltr'><strong>Ne</strong></span> <span class='ocrx_word' id='word_1_542' title='bbox 2562 2695 2692 2748; x_wconf 84' lang='lat' dir='ltr'><strong>flant</strong></span> <span class='ocrx_word' id='word_1_543' title='bbox 2739 2695 2895 2759; x_wconf 85' lang='lat' dir='ltr'><strong>haec,</strong></span> <span class='ocrx_word' id='word_1_544' title='bbox 2951 2710 3159 2763; x_wconf 75' lang='lat' dir='ltr'><strong>qumso,</strong></span> <span class='ocrx_word' id='word_1_545' title='bbox 3202 2709 3269 2747; x_wconf 89' lang='lat' dir='ltr'><strong>ne</strong></span> <span class='ocrx_word' id='word_1_546' title='bbox 3308 2692 3468 2758; x_wconf 83' lang='lat' dir='ltr'><strong>ﬁant,</strong></span> <span class='ocrx_word' id='word_1_547' title='bbox 3502 2706 3538 2745; x_wconf 85' lang='grc' dir='ltr'>ο</span> 
     </span>
    </p>
   </div>
   <div class='ocr_carea' id='block_1_72' title="bbox 1956 2782 3527 2841">
    <p class='ocr_par' dir='ltr' id='par_1_72' title="bbox 1956 2782 3527 2841">
     <span class='ocr_line' id='line_1_72' title="bbox 1956 2782 3527 2841; baseline -0.003 -2"><span class='ocrx_word' id='word_1_548' title='bbox 1956 2786 2174 2841; x_wconf 80' lang='lat' dir='ltr'><strong>fratres.</strong></span> <span class='ocrx_word' id='word_1_549' title='bbox 2207 2785 2278 2838; x_wconf 89' lang='lat' dir='ltr'><strong>Ea</strong></span> <span class='ocrx_word' id='word_1_550' title='bbox 2308 2785 2576 2840; x_wconf 88' lang='lat' dir='ltr'><strong>sententia</strong></span> <span class='ocrx_word' id='word_1_551' title='bbox 2603 2786 2867 2841; x_wconf 87' lang='lat' dir='ltr'><strong>adversus</strong></span> <span class='ocrx_word' id='word_1_552' title='bbox 2901 2785 3150 2839; x_wconf 86' lang='lat' dir='ltr'><strong>homines</strong></span> <span class='ocrx_word' id='word_1_553' title='bbox 3182 2790 3300 2837; x_wconf 88' lang='lat' dir='ltr'><strong>rata</strong></span> <span class='ocrx_word' id='word_1_554' title='bbox 3332 2798 3401 2838; x_wconf 89' lang='lat' dir='ltr'><strong>ne</strong></span> <span class='ocrx_word' id='word_1_555' title='bbox 3427 2782 3527 2836; x_wconf 67' lang='grc' dir='ltr'><strong>ιω-</strong></span> 
     </span>
    </p>
   </div>
   <div class='ocr_carea' id='block_1_73' title="bbox 1954 2872 3537 2947">
    <p class='ocr_par' dir='ltr' id='par_1_73' title="bbox 1954 2872 3537 2947">
     <span class='ocr_line' id='line_1_73' title="bbox 1954 2872 3537 2947; baseline -0.003 -16"><span class='ocrx_word' id='word_1_556' title='bbox 1954 2877 2165 2931; x_wconf 90' lang='lat' dir='ltr'><strong>beatur.</strong></span> <span class='ocrx_word' id='word_1_557' title='bbox 2203 2874 2393 2945; x_wconf 69' lang='lat' dir='ltr'><strong>Opera:</strong></span> <span class='ocrx_word' id='word_1_558' title='bbox 2421 2876 2650 2947; x_wconf 89' lang='lat' dir='ltr'><strong>pretium</strong></span> <span class='ocrx_word' id='word_1_559' title='bbox 2683 2883 2767 2931; x_wconf 87' lang='lat' dir='ltr'><strong>est</strong></span> <span class='ocrx_word' id='word_1_560' title='bbox 2798 2874 3140 2938; x_wconf 87' lang='lat' dir='ltr'><strong>meminisse,</strong></span> <span class='ocrx_word' id='word_1_561' title='bbox 3173 2872 3267 2943; x_wconf 89' lang='lat' dir='ltr'><strong>qui</strong></span> <span class='ocrx_word' id='word_1_562' title='bbox 3303 2887 3495 2927; x_wconf 90' lang='lat' dir='ltr'><strong>sumus</strong></span> <span class='ocrx_word' id='word_1_563' title='bbox 3519 2909 3537 2938; x_wconf 89' lang='lat'><strong>,</strong></span> 
     </span>
    </p>
   </div>
   <div class='ocr_carea' id='block_1_74' title="bbox 1954 2961 3537 3043">
    <p class='ocr_par' dir='ltr' id='par_1_74' title="bbox 1954 2961 3537 3043">
     <span class='ocr_line' id='line_1_74' title="bbox 1954 2961 3537 3043; baseline -0.005 -20"><span class='ocrx_word' id='word_1_564' title='bbox 1954 2970 2023 3024; x_wconf 89' lang='lat' dir='ltr'><strong>de</strong></span> <span class='ocrx_word' id='word_1_565' title='bbox 2060 2970 2260 3039; x_wconf 88' lang='lat' dir='ltr'><strong>quibus</strong></span> <span class='ocrx_word' id='word_1_566' title='bbox 2298 2969 2587 3043; x_wconf 90' lang='lat' dir='ltr'><strong>consilium</strong></span> <span class='ocrx_word' id='word_1_567' title='bbox 2624 2968 2926 3036; x_wconf 85' lang='lat' dir='ltr'><strong>capiamus.</strong></span> <span class='ocrx_word' id='word_1_568' title='bbox 2970 2964 3171 3034; x_wconf 86' lang='lat' dir='ltr'><strong>Nempe</strong></span> <span class='ocrx_word' id='word_1_569' title='bbox 3204 2964 3271 3018; x_wconf 88' lang='lat' dir='ltr'><strong>de</strong></span> <span class='ocrx_word' id='word_1_570' title='bbox 3297 2961 3537 3017; x_wconf 80' lang='lat' dir='ltr'><strong>homini-</strong></span> 
     </span>
    </p>
   </div>
   <div class='ocr_carea' id='block_1_75' title="bbox 1956 3056 3538 3128">
    <p class='ocr_par' dir='ltr' id='par_1_75' title="bbox 1956 3056 3538 3128">
     <span class='ocr_line' id='line_1_75' title="bbox 1956 3056 3538 3128; baseline -0.007 -14"><span class='ocrx_word' id='word_1_571' title='bbox 1956 3060 2059 3114; x_wconf 87' lang='lat' dir='ltr'><strong>bus</strong></span> <span class='ocrx_word' id='word_1_572' title='bbox 2087 3059 2353 3121; x_wconf 87' lang='lat' dir='ltr'><strong>homines,</strong></span> <span class='ocrx_word' id='word_1_573' title='bbox 2387 3061 2481 3128; x_wconf 91' lang='lat' dir='ltr'><strong>qui</strong></span> <span class='ocrx_word' id='word_1_574' title='bbox 2508 3056 2641 3111; x_wconf 90' lang='lat' dir='ltr'><strong>nihil</strong></span> <span class='ocrx_word' id='word_1_575' title='bbox 2675 3057 2976 3126; x_wconf 81' lang='lat' dir='ltr'><strong>proprium,</strong></span> <span class='ocrx_word' id='word_1_576' title='bbox 3011 3060 3064 3109; x_wconf 91' lang='lat' dir='ltr'><strong>et</strong></span> <span class='ocrx_word' id='word_1_577' title='bbox 3095 3068 3125 3107; x_wconf 90' lang='lat' dir='ltr'><strong>a</strong></span> <span class='ocrx_word' id='word_1_578' title='bbox 3153 3061 3348 3107; x_wconf 88' lang='lat' dir='ltr'><strong>natura</strong></span> <span class='ocrx_word' id='word_1_579' title='bbox 3384 3065 3538 3105; x_wconf 84' lang='lat' dir='ltr'><strong>com-</strong></span> 
     </span>
    </p>
   </div>
   <div class='ocr_carea' id='block_1_76' title="bbox 1958 3142 3539 3220">
    <p class='ocr_par' dir='ltr' id='par_1_76' title="bbox 1958 3142 3539 3220">
     <span class='ocr_line' id='line_1_76' title="bbox 1958 3142 3539 3220; baseline -0.008 -14"><span class='ocrx_word' id='word_1_580' title='bbox 1958 3154 2107 3206; x_wconf 89' lang='lat' dir='ltr'><strong>muni</strong></span> <span class='ocrx_word' id='word_1_581' title='bbox 2140 3151 2447 3220; x_wconf 89' lang='lat' dir='ltr'><strong>sejunctnm</strong></span> <span class='ocrx_word' id='word_1_582' title='bbox 2477 3149 2841 3219; x_wconf 86' lang='lat' dir='ltr'><strong>possidemus.</strong></span> <span class='ocrx_word' id='word_1_583' title='bbox 2882 3144 3027 3201; x_wconf 83' lang='lat' dir='ltr'><strong>Unus</strong></span> <span class='ocrx_word' id='word_1_584' title='bbox 3054 3143 3373 3199; x_wconf 78' lang='lat' dir='ltr'><strong>omnibusin</strong></span> <span class='ocrx_word' id='word_1_585' title='bbox 3402 3142 3539 3195; x_wconf 83' lang='lat' dir='ltr'><strong>hanc</strong></span> 
     </span>
    </p>
   </div>
   <div class='ocr_carea' id='block_1_77' title="bbox 1959 3234 3537 3306">
    <p class='ocr_par' dir='ltr' id='par_1_77' title="bbox 1959 3234 3537 3306">
     <span class='ocr_line' id='line_1_77' title="bbox 1959 3234 3537 3306; baseline -0.006 -9"><span class='ocrx_word' id='word_1_586' title='bbox 1959 3244 2120 3298; x_wconf 80' lang='lat' dir='ltr'><strong>vitam</strong></span> <span class='ocrx_word' id='word_1_587' title='bbox 2165 3243 2431 3306; x_wconf 78' lang='lat' dir='ltr'><strong>introitus,</strong></span> <span class='ocrx_word' id='word_1_588' title='bbox 2466 3241 2606 3296; x_wconf 90' lang='lat' dir='ltr'><strong>idem</strong></span> <span class='ocrx_word' id='word_1_589' title='bbox 2644 3239 2899 3295; x_wconf 89' lang='lat' dir='ltr'><strong>omnibus</strong></span> <span class='ocrx_word' id='word_1_590' title='bbox 2944 3238 3066 3293; x_wconf 66' lang='lat' dir='ltr'><strong>vitae</strong></span> <span class='ocrx_word' id='word_1_591' title='bbox 3096 3236 3291 3291; x_wconf 88' lang='lat' dir='ltr'><strong>modus</strong></span> <span class='ocrx_word' id='word_1_592' title='bbox 3319 3234 3537 3299; x_wconf 88' lang='lat' dir='ltr'><strong>edendi,</strong></span> 
     </span>
    </p>
   </div>
   <div class='ocr_carea' id='block_1_78' title="bbox 1960 3331 3539 3401">
    <p class='ocr_par' dir='ltr' id='par_1_78' title="bbox 1960 3331 3539 3401">
     <span class='ocr_line' id='line_1_78' title="bbox 1960 3331 3539 3401; baseline -0.007 -9"><span class='ocrx_word' id='word_1_593' title='bbox 1960 3336 2213 3401; x_wconf 87' lang='lat' dir='ltr'><strong>bibendi,</strong></span> <span class='ocrx_word' id='word_1_594' title='bbox 2258 3334 2474 3391; x_wconf 89' lang='lat' dir='ltr'><strong>vivendi</strong></span> <span class='ocrx_word' id='word_1_595' title='bbox 2531 3333 2728 3389; x_wconf 90' lang='lat' dir='ltr'><strong>similis</strong></span> <span class='ocrx_word' id='word_1_596' title='bbox 2781 3333 2952 3399; x_wconf 88' lang='lat' dir='ltr'><strong>ratio,</strong></span> <span class='ocrx_word' id='word_1_597' title='bbox 3004 3331 3193 3387; x_wconf 89' lang='lat' dir='ltr'><strong>eadem</strong></span> <span class='ocrx_word' id='word_1_598' title='bbox 3244 3343 3539 3399; x_wconf 88' lang='lat' dir='ltr'><strong>corporum</strong></span> 
     </span>
    </p>
   </div>
   <div class='ocr_carea' id='block_1_79' title="bbox 1961 3419 3542 3489">
    <p class='ocr_par' dir='ltr' id='par_1_79' title="bbox 1961 3419 3542 3489">
     <span class='ocr_line' id='line_1_79' title="bbox 1961 3419 3542 3489; baseline -0.006 -7"><span class='ocrx_word' id='word_1_599' title='bbox 1961 3428 2321 3489; x_wconf 88' lang='lat' dir='ltr'><strong>constructio,</strong></span> <span class='ocrx_word' id='word_1_600' title='bbox 2350 3427 2487 3480; x_wconf 86' lang='lat' dir='ltr'><strong>idem</strong></span> <span class='ocrx_word' id='word_1_601' title='bbox 2509 3442 2536 3479; x_wconf 87' lang='lat' dir='ltr'><strong>e</strong></span> <span class='ocrx_word' id='word_1_602' title='bbox 2556 3426 2660 3479; x_wconf 80' lang='lat' dir='ltr'><strong>vita</strong></span> <span class='ocrx_word' id='word_1_603' title='bbox 2691 3426 2864 3478; x_wconf 70' lang='lat' dir='ltr'><strong>exitus</strong></span> <span class='ocrx_word' id='word_1_604' title='bbox 2888 3424 2956 3477; x_wconf 72' lang='lat'><strong>7°.</strong></span> <span class='ocrx_word' id='word_1_605' title='bbox 2981 3422 3175 3476; x_wconf 88' lang='lat' dir='ltr'><strong>Omnia</strong></span> <span class='ocrx_word' id='word_1_606' title='bbox 3212 3419 3359 3477; x_wconf 88' lang='lat' dir='ltr'><strong>enim</strong></span> <span class='ocrx_word' id='word_1_607' title='bbox 3390 3435 3542 3474; x_wconf 89' lang='lat' dir='ltr'><strong>com-</strong></span> 
     </span>
    </p>
   </div>
   <div class='ocr_carea' id='block_1_80' title="bbox 1962 3512 3531 3591">
    <p class='ocr_par' dir='ltr' id='par_1_80' title="bbox 1962 3512 3531 3591">
     <span class='ocr_line' id='line_1_80' title="bbox 1962 3512 3531 3591; baseline -0.007 -16"><span class='ocrx_word' id='word_1_608' title='bbox 1962 3520 2138 3591; x_wconf 83' lang='lat' dir='ltr'><strong>posita</strong></span> <span class='ocrx_word' id='word_1_609' title='bbox 2163 3520 2560 3582; x_wconf 89' lang='lat' dir='ltr'><strong>dissolvuntur,</strong></span> <span class='ocrx_word' id='word_1_610' title='bbox 2600 3525 2656 3572; x_wconf 89' lang='lat' dir='ltr'><strong>et</strong></span> <span class='ocrx_word' id='word_1_611' title='bbox 2688 3516 2753 3570; x_wconf 90' lang='lat' dir='ltr'><strong>ad</strong></span> <span class='ocrx_word' id='word_1_612' title='bbox 2788 3516 3064 3571; x_wconf 88' lang='lat' dir='ltr'><strong>interitum</strong></span> <span class='ocrx_word' id='word_1_613' title='bbox 3104 3514 3347 3568; x_wconf 89' lang='lat' dir='ltr'><strong>veniunt.</strong></span> <span class='ocrx_word' id='word_1_614' title='bbox 3385 3512 3531 3565; x_wconf 88' lang='lat' dir='ltr'><strong>Nihil</strong></span> 
     </span>
    </p>
   </div>
   <div class='ocr_carea' id='block_1_81' title="bbox 1962 3602 3541 3681">
    <p class='ocr_par' dir='ltr' id='par_1_81' title="bbox 1962 3602 3541 3681">
     <span class='ocr_line' id='line_1_81' title="bbox 1962 3602 3541 3681; baseline -0.008 -14"><span class='ocrx_word' id='word_1_615' title='bbox 1962 3627 2151 3668; x_wconf 88' lang='lat' dir='ltr'><strong>eorum</strong></span> <span class='ocrx_word' id='word_1_616' title='bbox 2177 3626 2298 3681; x_wconf 82' lang='lat' dir='ltr'><strong>quae</strong></span> <span class='ocrx_word' id='word_1_617' title='bbox 2331 3611 2493 3664; x_wconf 91' lang='lat' dir='ltr'><strong>mista</strong></span> <span class='ocrx_word' id='word_1_618' title='bbox 2525 3615 2889 3676; x_wconf 85' lang='lat' dir='ltr'><strong>concretaque</strong></span> <span class='ocrx_word' id='word_1_619' title='bbox 2923 3611 3071 3668; x_wconf 87' lang='lat' dir='ltr'><strong>sunt,</strong></span> <span class='ocrx_word' id='word_1_620' title='bbox 3109 3619 3322 3673; x_wconf 88' lang='lat' dir='ltr'><strong>semper</strong></span> <span class='ocrx_word' id='word_1_621' title='bbox 3352 3602 3541 3657; x_wconf 90' lang='lat' dir='ltr'><strong>eodem</strong></span> 
     </span>
    </p>
   </div>
   <div class='ocr_carea' id='block_1_82' title="bbox 1965 3695 3543 3769">
    <p class='ocr_par' dir='ltr' id='par_1_82' title="bbox 1965 3695 3543 3769">
     <span class='ocr_line' id='line_1_82' title="bbox 1965 3695 3543 3769; baseline -0.007 -11"><span class='ocrx_word' id='word_1_622' title='bbox 1965 3710 2112 3759; x_wconf 87' lang='lat' dir='ltr'><strong>statu</strong></span> <span class='ocrx_word' id='word_1_623' title='bbox 2163 3707 2364 3754; x_wconf 90' lang='lat' dir='ltr'><strong>manet.</strong></span> <span class='ocrx_word' id='word_1_624' title='bbox 2399 3698 2667 3769; x_wconf 78' lang='lat' dir='ltr'><strong>Exiguum</strong></span> <span class='ocrx_word' id='word_1_625' title='bbox 2706 3697 2773 3751; x_wconf 92' lang='lat' dir='ltr'><strong>ad</strong></span> <span class='ocrx_word' id='word_1_626' title='bbox 2814 3706 3029 3766; x_wconf 85' lang='lat' dir='ltr'><strong>tempus</strong></span> <span class='ocrx_word' id='word_1_627' title='bbox 3057 3695 3329 3750; x_wconf 90' lang='lat' dir='ltr'><strong>bullarum</strong></span> <span class='ocrx_word' id='word_1_628' title='bbox 3367 3695 3543 3748; x_wconf 86' lang='lat' dir='ltr'><strong>instar</strong></span> 
     </span>
    </p>
   </div>
   <div class='ocr_carea' id='block_1_83' title="bbox 1966 3783 3539 3863">
    <p class='ocr_par' dir='ltr' id='par_1_83' title="bbox 1966 3783 3539 3863">
     <span class='ocr_line' id='line_1_83' title="bbox 1966 3783 3539 3863; baseline -0.008 -16"><span class='ocrx_word' id='word_1_629' title='bbox 1966 3791 2178 3863; x_wconf 87' lang='lat' dir='ltr'><strong>spiritui</strong></span> <span class='ocrx_word' id='word_1_630' title='bbox 2207 3798 2398 3845; x_wconf 89' lang='lat' dir='ltr'><strong>nostro</strong></span> <span class='ocrx_word' id='word_1_631' title='bbox 2418 3788 2825 3858; x_wconf 87' lang='lat' dir='ltr'><strong>circumjectum</strong></span> <span class='ocrx_word' id='word_1_632' title='bbox 2856 3796 2939 3841; x_wconf 89' lang='lat' dir='ltr'><strong>est</strong></span> <span class='ocrx_word' id='word_1_633' title='bbox 2966 3800 3185 3855; x_wconf 88' lang='lat' dir='ltr'><strong>corpus.</strong></span> <span class='ocrx_word' id='word_1_634' title='bbox 3214 3783 3332 3838; x_wconf 77' lang='lat' dir='ltr'><strong>Mox</strong></span> <span class='ocrx_word' id='word_1_635' title='bbox 3360 3792 3539 3837; x_wconf 90' lang='lat' dir='ltr'><strong>autem</strong></span> 
     </span>
    </p>
   </div>
   <div class='ocr_carea' id='block_1_84' title="bbox 1966 3875 3543 3950">
    <p class='ocr_par' dir='ltr' id='par_1_84' title="bbox 1966 3875 3543 3950">
     <span class='ocr_line' id='line_1_84' title="bbox 1966 3875 3543 3950; baseline -0.007 -12"><span class='ocrx_word' id='word_1_636' title='bbox 1966 3881 2383 3950; x_wconf 79' lang='lat' dir='ltr'><strong>exstinguimur,</strong></span> <span class='ocrx_word' id='word_1_637' title='bbox 2419 3879 2571 3932; x_wconf 91' lang='lat' dir='ltr'><strong>nullo</strong></span> <span class='ocrx_word' id='word_1_638' title='bbox 2619 3877 2782 3946; x_wconf 88' lang='lat' dir='ltr'><strong>hujus</strong></span> <span class='ocrx_word' id='word_1_639' title='bbox 2823 3876 3053 3931; x_wconf 86' lang='lat' dir='ltr'><strong>tumoris</strong></span> <span class='ocrx_word' id='word_1_640' title='bbox 3094 3876 3148 3930; x_wconf 91' lang='lat' dir='ltr'><strong>in</strong></span> <span class='ocrx_word' id='word_1_641' title='bbox 3192 3875 3300 3928; x_wconf 89' lang='lat' dir='ltr'><strong>vita</strong></span> <span class='ocrx_word' id='word_1_642' title='bbox 3349 3876 3543 3929; x_wconf 88' lang='lat' dir='ltr'><strong>relicto</strong></span> 
     </span>
    </p>
   </div>
   <div class='ocr_carea' id='block_1_85' title="bbox 1964 3967 3541 4043">
    <p class='ocr_par' dir='ltr' id='par_1_85' title="bbox 1964 3967 3541 4043">
     <span class='ocr_line' id='line_1_85' title="bbox 1964 3967 3541 4043; baseline -0.005 -15"><span class='ocrx_word' id='word_1_643' title='bbox 1964 3972 2218 4043; x_wconf 81' lang='lat' dir='ltr'><strong>vestigio,</strong></span> <span class='ocrx_word' id='word_1_644' title='bbox 2258 3971 2314 4025; x_wconf 91' lang='lat' dir='ltr'><strong>in</strong></span> <span class='ocrx_word' id='word_1_645' title='bbox 2339 3970 2629 4033; x_wconf 87' lang='lat' dir='ltr'><strong>columnis,</strong></span> <span class='ocrx_word' id='word_1_646' title='bbox 2659 3978 2712 4023; x_wconf 86' lang='lat' dir='ltr'><strong>et</strong></span> <span class='ocrx_word' id='word_1_647' title='bbox 2737 3967 3032 4038; x_wconf 87' lang='lat' dir='ltr'><strong>lapidibus,</strong></span> <span class='ocrx_word' id='word_1_648' title='bbox 3059 3978 3112 4023; x_wconf 91' lang='lat' dir='ltr'><strong>et</strong></span> <span class='ocrx_word' id='word_1_649' title='bbox 3145 3968 3315 4022; x_wconf 91' lang='lat' dir='ltr'><strong>titulis</strong></span> <span class='ocrx_word' id='word_1_650' title='bbox 3349 3982 3541 4021; x_wconf 91' lang='lat' dir='ltr'><strong>monu-</strong></span> 
     </span>
    </p>
   </div>
   <div class='ocr_carea' id='block_1_86' title="bbox 1967 4058 3545 4129">
    <p class='ocr_par' dir='ltr' id='par_1_86' title="bbox 1967 4058 3545 4129">
     <span class='ocr_line' id='line_1_86' title="bbox 1967 4058 3545 4129; baseline -0.005 -10"><span class='ocrx_word' id='word_1_651' title='bbox 1967 4072 2183 4127; x_wconf 87' lang='lat' dir='ltr'><strong>menta,</strong></span> <span class='ocrx_word' id='word_1_652' title='bbox 2220 4077 2282 4115; x_wconf 86' lang='lat' dir='ltr'><strong>ac</strong></span> <span class='ocrx_word' id='word_1_653' title='bbox 2313 4078 2381 4117; x_wconf 90' lang='lat' dir='ltr'><strong>ne</strong></span> <span class='ocrx_word' id='word_1_654' title='bbox 2426 4062 2514 4116; x_wconf 88' lang='lat' dir='ltr'><strong>illa</strong></span> <span class='ocrx_word' id='word_1_655' title='bbox 2556 4061 2773 4129; x_wconf 89' lang='lat' dir='ltr'><strong>quidem</strong></span> <span class='ocrx_word' id='word_1_656' title='bbox 2815 4061 3166 4129; x_wconf 88' lang='lat' dir='ltr'><strong>sempiterna.</strong></span> <span class='ocrx_word' id='word_1_657' title='bbox 3219 4058 3343 4114; x_wconf 64' lang='lat' dir='ltr'><strong>llaec</strong></span> <span class='ocrx_word' id='word_1_658' title='bbox 3380 4061 3545 4129; x_wconf 76' lang='lat' dir='ltr'><strong>igitur</strong></span> 
     </span>
    </p>
   </div>
   <div class='ocr_carea' id='block_1_87' title="bbox 1969 4151 3545 4224">
    <p class='ocr_par' dir='ltr' id='par_1_87' title="bbox 1969 4151 3545 4224">
     <span class='ocr_line' id='line_1_87' title="bbox 1969 4151 3545 4224; baseline -0.004 -14"><span class='ocrx_word' id='word_1_659' title='bbox 1969 4166 2148 4211; x_wconf 90' lang='lat' dir='ltr'><strong>tecum</strong></span> <span class='ocrx_word' id='word_1_660' title='bbox 2199 4156 2314 4224; x_wconf 83' lang='lat' dir='ltr'><strong>ipse</strong></span> <span class='ocrx_word' id='word_1_661' title='bbox 2353 4160 2613 4223; x_wconf 88' lang='lat' dir='ltr'><strong>reputans</strong></span> <span class='ocrx_word' id='word_1_662' title='bbox 2637 4193 2652 4218; x_wconf 94' lang='lat'><strong>,</strong></span> <span class='ocrx_word' id='word_1_663' title='bbox 2695 4151 2824 4206; x_wconf 82' lang='lat' dir='ltr'><strong>Noli</strong></span> <span class='ocrx_word' id='word_1_664' title='bbox 2863 4154 3030 4206; x_wconf 81' lang='lat' dir='ltr'><strong>altum</strong></span> <span class='ocrx_word' id='word_1_665' title='bbox 3078 4167 3293 4219; x_wconf 80' lang='lat' dir='ltr'><strong>sapere,</strong></span> <span class='ocrx_word' id='word_1_666' title='bbox 3326 4151 3545 4219; x_wconf 87' lang='lat' dir='ltr'><strong>scripsit</strong></span> 
     </span>
    </p>
   </div>
   <div class='ocr_carea' id='block_1_88' title="bbox 1968 4241 3543 4317">
    <p class='ocr_par' dir='ltr' id='par_1_88' title="bbox 1968 4241 3543 4317">
     <span class='ocr_line' id='line_1_88' title="bbox 1968 4241 3543 4317; baseline -0.005 -16"><span class='ocrx_word' id='word_1_667' title='bbox 1968 4246 2281 4317; x_wconf 85' lang='lat' dir='ltr'><strong>Apostolus,</strong></span> <span class='ocrx_word' id='word_1_668' title='bbox 2313 4244 2401 4299; x_wconf 77' lang='lat' dir='ltr'><strong>sed</strong></span> <span class='ocrx_word' id='word_1_669' title='bbox 2439 4245 2561 4299; x_wconf 78' lang='lat' dir='ltr'><strong>time</strong></span> <span class='ocrx_word' id='word_1_670' title='bbox 2582 4243 2646 4296; x_wconf 71' lang='grc' dir='ltr'><strong>τ’.</strong></span> <span class='ocrx_word' id='word_1_671' title='bbox 2681 4241 2948 4297; x_wconf 85' lang='lat' dir='ltr'><strong>incertum</strong></span> <span class='ocrx_word' id='word_1_672' title='bbox 2970 4252 3082 4309; x_wconf 89' lang='lat' dir='ltr'><strong>est,</strong></span> <span class='ocrx_word' id='word_1_673' title='bbox 3110 4258 3177 4297; x_wconf 92' lang='lat' dir='ltr'><strong>an</strong></span> <span class='ocrx_word' id='word_1_674' title='bbox 3209 4244 3261 4296; x_wconf 90' lang='lat' dir='ltr'><strong>in</strong></span> <span class='ocrx_word' id='word_1_675' title='bbox 3286 4251 3336 4295; x_wconf 89' lang='lat' dir='ltr'><strong>te</strong></span> <span class='ocrx_word' id='word_1_676' title='bbox 3368 4244 3543 4311; x_wconf 87' lang='lat' dir='ltr'><strong>ipsum</strong></span> 
     </span>
    </p>
   </div>
   <div class='ocr_carea' id='block_1_89' title="bbox 1972 4333 3543 4407">
    <p class='ocr_par' dir='ltr' id='par_1_89' title="bbox 1972 4333 3543 4407">
     <span class='ocr_line' id='line_1_89' title="bbox 1972 4333 3543 4407; baseline -0.006 -12"><span class='ocrx_word' id='word_1_677' title='bbox 1972 4347 2181 4396; x_wconf 89' lang='lat' dir='ltr'><strong>statuas</strong></span> <span class='ocrx_word' id='word_1_678' title='bbox 2206 4338 2429 4394; x_wconf 60' lang='lat' dir='ltr'><strong>savitite</strong></span> <span class='ocrx_word' id='word_1_679' title='bbox 2468 4338 2660 4407; x_wconf 84' lang='lat' dir='ltr'><strong>legem.</strong></span> <span class='ocrx_word' id='word_1_680' title='bbox 2698 4334 3147 4404; x_wconf 74' lang='lat' dir='ltr'><strong>Egrotantemne</strong></span> <span class='ocrx_word' id='word_1_681' title='bbox 3213 4334 3388 4403; x_wconf 83' lang='lat' dir='ltr'><strong>fugis?</strong></span> <span class='ocrx_word' id='word_1_682' title='bbox 3427 4333 3543 4395; x_wconf 83' lang='lat' dir='ltr'><strong>Dic,</strong></span> 
     </span>
    </p>
   </div>
   <div class='ocr_carea' id='block_1_90' title="bbox 289 4420 1856 4500">
    <p class='ocr_par' dir='ltr' id='par_1_90' title="bbox 289 4421 1856 4498">
     <span class='ocr_line' id='line_1_90' title="bbox 289 4421 1856 4498; baseline 0.001 -19"><span class='ocrx_word' id='word_1_683' title='bbox 289 4427 354 4480; x_wconf 89' lang='grc' dir='ltr'>Τί</span> <span class='ocrx_word' id='word_1_684' title='bbox 385 4421 479 4480; x_wconf 83' lang='grc' dir='ltr'><strong>οῦν</strong></span> <span class='ocrx_word' id='word_1_685' title='bbox 528 4427 701 4480; x_wconf 88' lang='grc' dir='ltr'>ἀδικεῖ</span> <span class='ocrx_word' id='word_1_686' title='bbox 740 4429 768 4480; x_wconf 89' lang='lat'><strong>6</strong></span> <span class='ocrx_word' id='word_1_687' title='bbox 798 4427 1100 4498; x_wconf 80' lang='grc' dir='ltr'>ἅνθρωπος,</span> <span class='ocrx_word' id='word_1_688' title='bbox 1135 4429 1183 4479; x_wconf 90' lang='grc' dir='ltr'><strong>εἰ</strong></span> <span class='ocrx_word' id='word_1_689' title='bbox 1230 4428 1428 4498; x_wconf 82' lang='grc' dir='ltr'>ρευστὴ</span> <span class='ocrx_word' id='word_1_690' title='bbox 1468 4427 1625 4482; x_wconf 82' lang='grc' dir='ltr'>οὐσία</span> <span class='ocrx_word' id='word_1_691' title='bbox 1655 4424 1790 4483; x_wconf 81' lang='grc' dir='ltr'>οὖσα</span> <span class='ocrx_word' id='word_1_692' title='bbox 1833 4431 1856 4481; x_wconf 72' lang='grc' dir='ltr'><strong>’ἓ</strong></span> 
     </span>
    </p>
   </div>
   <div class='ocr_carea' id='block_1_91' title="bbox 1958 4420 3545 4500">
    <p class='ocr_par' dir='ltr' id='par_1_91' title="bbox 1973 4420 3545 4498">
     <span class='ocr_line' id='line_1_91' title="bbox 1973 4420 3545 4498; baseline -0.008 -14"><span class='ocrx_word' id='word_1_693' title='bbox 1973 4430 2188 4491; x_wconf 89' lang='lat' dir='ltr'><strong>amabo,</strong></span> <span class='ocrx_word' id='word_1_694' title='bbox 2219 4427 2412 4498; x_wconf 88' lang='lat' dir='ltr'><strong>ecquid</strong></span> <span class='ocrx_word' id='word_1_695' title='bbox 2442 4435 2767 4497; x_wconf 62' lang='lat' dir='ltr'><strong>praetexens,</strong></span> <span class='ocrx_word' id='word_1_696' title='bbox 2801 4425 2855 4479; x_wconf 89' lang='lat' dir='ltr'><strong>id</strong></span> <span class='ocrx_word' id='word_1_697' title='bbox 2904 4423 3076 4478; x_wconf 88' lang='lat' dir='ltr'><strong>facis?</strong></span> <span class='ocrx_word' id='word_1_698' title='bbox 3099 4423 3178 4475; x_wconf 85' lang='lat' dir='ltr'><strong>An</strong></span> <span class='ocrx_word' id='word_1_699' title='bbox 3213 4422 3339 4491; x_wconf 85' lang='lat' dir='ltr'><strong>quia</strong></span> <span class='ocrx_word' id='word_1_700' title='bbox 3372 4420 3424 4473; x_wconf 92' lang='lat' dir='ltr'><strong>in</strong></span> <span class='ocrx_word' id='word_1_701' title='bbox 3452 4420 3545 4473; x_wconf 79' lang='lat' dir='ltr'><strong>illo</strong></span> 
     </span>
    </p>
   </div>
   <div class='ocr_carea' id='block_1_92' title="bbox 291 4515 1867 4591">
    <p class='ocr_par' dir='ltr' id='par_1_92' title="bbox 291 4515 1867 4591">
     <span class='ocr_line' id='line_1_92' title="bbox 291 4515 1867 4591; baseline 0.002 -19"><span class='ocrx_word' id='word_1_702' title='bbox 291 4520 450 4588; x_wconf 84' lang='grc' dir='ltr'>φύσις</span> <span class='ocrx_word' id='word_1_703' title='bbox 476 4518 569 4571; x_wconf 70' lang='grc' dir='ltr'><strong>καὶ</strong></span> <span class='ocrx_word' id='word_1_704' title='bbox 602 4517 846 4582; x_wconf 80' lang='grc' dir='ltr'>ἀστατος,</span> <span class='ocrx_word' id='word_1_705' title='bbox 881 4520 971 4572; x_wconf 79' lang='grc' dir='ltr'><strong>ἐπὶ</strong></span> <span class='ocrx_word' id='word_1_706' title='bbox 994 4519 1055 4572; x_wconf 87' lang='grc' dir='ltr'><strong>τὸ</strong></span> <span class='ocrx_word' id='word_1_707' title='bbox 1082 4515 1219 4583; x_wconf 80' lang='grc' dir='ltr'>εἶδος</span> <span class='ocrx_word' id='word_1_708' title='bbox 1244 4518 1400 4573; x_wconf 92' lang='grc' dir='ltr'>τοῦτο</span> <span class='ocrx_word' id='word_1_709' title='bbox 1427 4520 1528 4589; x_wconf 82' lang='grc' dir='ltr'>τῆς</span> <span class='ocrx_word' id='word_1_710' title='bbox 1555 4522 1867 4591; x_wconf 75' lang='grc' dir='ltr'>ἀρρωστίας</span> 
     </span>
    </p>
   </div>
   <div class='ocr_carea' id='block_1_93' title="bbox 291 4607 1868 4680">
    <p class='ocr_par' dir='ltr' id='par_1_93' title="bbox 291 4607 1868 4680">
     <span class='ocr_line' id='line_1_93' title="bbox 291 4607 1868 4680; baseline 0.001 -21"><span class='ocrx_word' id='word_1_711' title='bbox 291 4607 739 4680; x_wconf 81' lang='grc' dir='ltr'>παρωλίσθησεν;</span> <span class='ocrx_word' id='word_1_712' title='bbox 772 4609 842 4661; x_wconf 81' lang='grc' dir='ltr'><strong>Σὺ</strong></span> <span class='ocrx_word' id='word_1_713' title='bbox 872 4607 926 4660; x_wconf 82' lang='grc' dir='ltr'><strong>δὲ</strong></span> <span class='ocrx_word' id='word_1_714' title='bbox 949 4608 1047 4678; x_wconf 79' lang='grc' dir='ltr'><strong>οὐχ</strong></span> <span class='ocrx_word' id='word_1_715' title='bbox 1074 4609 1204 4678; x_wconf 77' lang='grc' dir='ltr'>ὁρᾷς</span> <span class='ocrx_word' id='word_1_716' title='bbox 1231 4608 1323 4661; x_wconf 79' lang='grc' dir='ltr'><strong>καὶ</strong></span> <span class='ocrx_word' id='word_1_717' title='bbox 1344 4609 1435 4661; x_wconf 71' lang='grc' dir='ltr'><strong>ἐπὶ</strong></span> <span class='ocrx_word' id='word_1_718' title='bbox 1462 4609 1570 4662; x_wconf 83' lang='grc' dir='ltr'><strong>τῶν</strong></span> <span class='ocrx_word' id='word_1_719' title='bbox 1601 4610 1868 4676; x_wconf 77' lang='grc' dir='ltr'>ὑγιαινόν-</span> 
     </span>
    </p>
   </div>
   <div class='ocr_carea' id='block_1_94' title="bbox 288 4698 1868 4769">
    <p class='ocr_par' dir='ltr' id='par_1_94' title="bbox 288 4698 1868 4769">
     <span class='ocr_line' id='line_1_94' title="bbox 288 4698 1868 4769; baseline -0.001 -17"><span class='ocrx_word' id='word_1_720' title='bbox 288 4716 395 4753; x_wconf 92' lang='grc' dir='ltr'><strong>των</strong></span> <span class='ocrx_word' id='word_1_721' title='bbox 427 4699 717 4769; x_wconf 88' lang='grc' dir='ltr'>σωμάτων,</span> <span class='ocrx_word' id='word_1_722' title='bbox 752 4700 831 4752; x_wconf 79' lang='grc' dir='ltr'>ὅτι</span> <span class='ocrx_word' id='word_1_723' title='bbox 859 4699 1025 4752; x_wconf 79' lang='grc' dir='ltr'>τᾶλλα</span> <span class='ocrx_word' id='word_1_724' title='bbox 1055 4717 1138 4762; x_wconf 90' lang='grc' dir='ltr'><strong>τις</strong></span> <span class='ocrx_word' id='word_1_725' title='bbox 1162 4698 1434 4763; x_wconf 84' lang='grc' dir='ltr'>εύπαθῶν,</span> <span class='ocrx_word' id='word_1_726' title='bbox 1468 4700 1713 4769; x_wconf 84' lang='grc' dir='ltr'>φλυκτίδι</span> <span class='ocrx_word' id='word_1_727' title='bbox 1742 4700 1868 4753; x_wconf 87' lang='grc' dir='ltr'>πολ-</span> 
     </span>
    </p>
   </div>
   <div class='ocr_carea' id='block_1_95' title="bbox 287 4787 1862 4861">
    <p class='ocr_par' dir='ltr' id='par_1_95' title="bbox 287 4787 1862 4861">
     <span class='ocr_line' id='line_1_95' title="bbox 287 4787 1862 4861; baseline -0.002 -18"><span class='ocrx_word' id='word_1_728' title='bbox 287 4789 447 4852; x_wconf 70' lang='grc' dir='ltr'>λὰκις</span> <span class='ocrx_word' id='word_1_729' title='bbox 475 4789 508 4860; x_wconf 82' lang='grc' dir='ltr'>ἦ</span> <span class='ocrx_word' id='word_1_730' title='bbox 541 4787 845 4861; x_wconf 64' lang='grc' dir='ltr'>ἀνθρααίῳ,</span> <span class='ocrx_word' id='word_1_731' title='bbox 890 4789 925 4859; x_wconf 82' lang='grc' dir='ltr'><strong>ή</strong></span> <span class='ocrx_word' id='word_1_732' title='bbox 962 4805 1067 4840; x_wconf 90' lang='grc' dir='ltr'>τινι</span> <span class='ocrx_word' id='word_1_733' title='bbox 1094 4787 1316 4858; x_wconf 85' lang='grc' dir='ltr'>τοιούτῳ</span> <span class='ocrx_word' id='word_1_734' title='bbox 1348 4788 1646 4859; x_wconf 82' lang='grc' dir='ltr'>συνηνέχθη</span> <span class='ocrx_word' id='word_1_735' title='bbox 1683 4789 1862 4853; x_wconf 84' lang='grc' dir='ltr'>πάθει,</span> 
     </span>
    </p>
   </div>
   <div class='ocr_carea' id='block_1_96' title="bbox 291 4878 1867 4951">
    <p class='ocr_par' dir='ltr' id='par_1_96' title="bbox 291 4878 1867 4951">
     <span class='ocr_line' id='line_1_96' title="bbox 291 4878 1867 4951; baseline 0 -18"><span class='ocrx_word' id='word_1_736' title='bbox 291 4880 758 4951; x_wconf 82' lang='grc' dir='ltr'>ὲκθερμανθείσης</span> <span class='ocrx_word' id='word_1_737' title='bbox 788 4878 928 4950; x_wconf 83' lang='grc' dir='ltr'>πέρα</span> <span class='ocrx_word' id='word_1_738' title='bbox 954 4878 1045 4932; x_wconf 85' lang='grc' dir='ltr'><strong>τοῦ</strong></span> <span class='ocrx_word' id='word_1_739' title='bbox 1079 4880 1281 4942; x_wconf 79' lang='grc' dir='ltr'>δέοντος</span> <span class='ocrx_word' id='word_1_740' title='bbox 1314 4881 1443 4951; x_wconf 73' lang='grc' dir='ltr'>περὶ</span> <span class='ocrx_word' id='word_1_741' title='bbox 1482 4881 1540 4932; x_wconf 82' lang='grc' dir='ltr'><strong>τὸ</strong></span> <span class='ocrx_word' id='word_1_742' title='bbox 1576 4881 1740 4951; x_wconf 81' lang='grc' dir='ltr'>μέρος</span> <span class='ocrx_word' id='word_1_743' title='bbox 1768 4882 1867 4951; x_wconf 80' lang='grc' dir='ltr'>τῆς</span> 
     </span>
    </p>
   </div>
   <div class='ocr_carea' id='block_1_97' title="bbox 293 4973 1868 5046">
    <p class='ocr_par' dir='ltr' id='par_1_97' title="bbox 293 4973 1868 5046">
     <span class='ocr_line' id='line_1_97' title="bbox 293 4973 1868 5046; baseline 0.001 -19"><span class='ocrx_word' id='word_1_744' title='bbox 293 4975 581 5046; x_wconf 82' lang='grc' dir='ltr'>ὑγρασίας,</span> <span class='ocrx_word' id='word_1_745' title='bbox 627 4974 721 5029; x_wconf 82' lang='grc' dir='ltr'><strong>καί.</strong></span> <span class='ocrx_word' id='word_1_746' title='bbox 761 4974 851 5028; x_wconf 79' lang='grc' dir='ltr'>διὰ</span> <span class='ocrx_word' id='word_1_747' title='bbox 877 4973 1030 5027; x_wconf 87' lang='grc' dir='ltr'>τοῦτο</span> <span class='ocrx_word' id='word_1_748' title='bbox 1077 4973 1384 5045; x_wconf 76' lang='grc' dir='ltr'>φλεγμονὴν</span> <span class='ocrx_word' id='word_1_749' title='bbox 1422 4992 1480 5027; x_wconf 87' lang='grc' dir='ltr'><strong>τε</strong></span> <span class='ocrx_word' id='word_1_750' title='bbox 1522 4977 1614 5028; x_wconf 75' lang='grc' dir='ltr'><strong>καὶ</strong></span> <span class='ocrx_word' id='word_1_751' title='bbox 1651 4975 1868 5046; x_wconf 80' lang='grc' dir='ltr'>ἔρευθος</span> 
     </span>
    </p>
   </div>
   <div class='ocr_carea' id='block_1_98' title="bbox 293 5063 1868 5139">
    <p class='ocr_par' dir='ltr' id='par_1_98' title="bbox 293 5063 1868 5139">
     <span class='ocr_line' id='line_1_98' title="bbox 293 5063 1868 5139; baseline -0.001 -18"><span class='ocrx_word' id='word_1_752' title='bbox 293 5067 386 5121; x_wconf 85' lang='grc' dir='ltr'><strong>καί</strong></span> <span class='ocrx_word' id='word_1_753' title='bbox 413 5085 536 5121; x_wconf 86' lang='grc' dir='ltr'>τινα</span> <span class='ocrx_word' id='word_1_754' title='bbox 563 5067 816 5139; x_wconf 84' lang='grc' dir='ltr'>πυαλώδη</span> <span class='ocrx_word' id='word_1_755' title='bbox 850 5067 1143 5136; x_wconf 80' lang='grc' dir='ltr'>διαφθοράν</span> <span class='ocrx_word' id='word_1_756' title='bbox 1179 5066 1490 5137; x_wconf 76' lang='grc' dir='ltr'>παθούσηςς</span> <span class='ocrx_word' id='word_1_757' title='bbox 1522 5065 1586 5119; x_wconf 90' lang='grc' dir='ltr'><strong>Τί</strong></span> <span class='ocrx_word' id='word_1_758' title='bbox 1614 5063 1742 5131; x_wconf 78' lang='grc' dir='ltr'>οὖνς</span> <span class='ocrx_word' id='word_1_759' title='bbox 1777 5066 1868 5137; x_wconf 82' lang='grc' dir='ltr'><strong>Μὴ</strong></span> 
     </span>
    </p>
   </div>
   <div class='ocr_carea' id='block_1_99' title="bbox 296 5157 1870 5229">
    <p class='ocr_par' dir='ltr' id='par_1_99' title="bbox 296 5157 1870 5229">
     <span class='ocr_line' id='line_1_99' title="bbox 296 5157 1870 5229; baseline 0 -19"><span class='ocrx_word' id='word_1_760' title='bbox 296 5157 637 5229; x_wconf 77' lang='grc' dir='ltr'>πολεμοῦμεν</span> <span class='ocrx_word' id='word_1_761' title='bbox 662 5157 741 5229; x_wconf 83' lang='grc' dir='ltr'>τῷ</span> <span class='ocrx_word' id='word_1_762' title='bbox 770 5159 1181 5229; x_wconf 76' lang='grc' dir='ltr'>ἀρρωστήσαντι</span> <span class='ocrx_word' id='word_1_763' title='bbox 1200 5158 1301 5228; x_wconf 79' lang='grc' dir='ltr'>τῆς</span> <span class='ocrx_word' id='word_1_764' title='bbox 1335 5158 1535 5229; x_wconf 75' lang='grc' dir='ltr'>σαρκὸς</span> <span class='ocrx_word' id='word_1_765' title='bbox 1570 5159 1725 5229; x_wconf 87' lang='grc' dir='ltr'>μέρει</span> <span class='ocrx_word' id='word_1_766' title='bbox 1751 5175 1765 5223; x_wconf 90' lang='grc'><strong>;</strong></span> <span class='ocrx_word' id='word_1_767' title='bbox 1796 5158 1870 5210; x_wconf 85' lang='grc' dir='ltr'><strong>Τὸ</strong></span> 
     </span>
    </p>
   </div>
   <div class='ocr_carea' id='block_1_100' title="bbox 296 5244 1870 5321">
    <p class='ocr_par' dir='ltr' id='par_1_100' title="bbox 296 5244 1870 5321">
     <span class='ocr_line' id='line_1_100' title="bbox 296 5244 1870 5321; baseline 0.002 -22"><span class='ocrx_word' id='word_1_768' title='bbox 296 5246 537 5301; x_wconf 76' lang='grc' dir='ltr'>ἐναντίον</span> <span class='ocrx_word' id='word_1_769' title='bbox 567 5248 665 5318; x_wconf 83' lang='grc' dir='ltr'><strong>μὲν</strong></span> <span class='ocrx_word' id='word_1_770' title='bbox 693 5244 805 5310; x_wconf 87' lang='grc' dir='ltr'>οῦν,</span> <span class='ocrx_word' id='word_1_771' title='bbox 831 5248 974 5302; x_wconf 89' lang='grc' dir='ltr'>ἆπαν</span> <span class='ocrx_word' id='word_1_772' title='bbox 994 5248 1052 5301; x_wconf 77' lang='grc' dir='ltr'>τὸ</span> <span class='ocrx_word' id='word_1_773' title='bbox 1076 5249 1315 5316; x_wconf 87' lang='grc' dir='ltr'>ὑγιαῖνον</span> <span class='ocrx_word' id='word_1_774' title='bbox 1337 5249 1431 5302; x_wconf 86' lang='grc' dir='ltr'><strong>τοῦ</strong></span> <span class='ocrx_word' id='word_1_775' title='bbox 1456 5248 1707 5319; x_wconf 84' lang='grc' dir='ltr'>σώματος</span> <span class='ocrx_word' id='word_1_776' title='bbox 1734 5250 1870 5321; x_wconf 75' lang='grc' dir='ltr'>πρὸς</span> 
     </span>
    </p>
   </div>
   <div class='ocr_carea' id='block_1_101' title="bbox 295 5336 1871 5410">
    <p class='ocr_par' dir='ltr' id='par_1_101' title="bbox 295 5336 1871 5410">
     <span class='ocr_line' id='line_1_101' title="bbox 295 5336 1871 5410; baseline 0.005 -23"><span class='ocrx_word' id='word_1_777' title='bbox 295 5336 392 5405; x_wconf 80' lang='grc' dir='ltr'><strong>τὴν</strong></span> <span class='ocrx_word' id='word_1_778' title='bbox 423 5336 517 5390; x_wconf 91' lang='grc' dir='ltr'><strong>τοῦ</strong></span> <span class='ocrx_word' id='word_1_779' title='bbox 543 5340 888 5410; x_wconf 83' lang='grc' dir='ltr'>νενοσηκότος</span> <span class='ocrx_word' id='word_1_780' title='bbox 916 5340 1186 5409; x_wconf 86' lang='grc' dir='ltr'>τρέπομεν</span> <span class='ocrx_word' id='word_1_781' title='bbox 1226 5340 1536 5410; x_wconf 83' lang='grc' dir='ltr'>θεραπείαν.</span> <span class='ocrx_word' id='word_1_782' title='bbox 1565 5340 1773 5394; x_wconf 73' lang='grc' dir='ltr'>Οὐκοῦν</span> <span class='ocrx_word' id='word_1_783' title='bbox 1809 5343 1871 5395; x_wconf 84' lang='grc' dir='ltr'>οὐ</span> 
     </span>
    </p>
   </div>
   <div class='ocr_carea' id='block_1_102' title="bbox 296 5426 1869 5502">
    <p class='ocr_par' dir='ltr' id='par_1_102' title="bbox 296 5426 1869 5502">
     <span class='ocr_line' id='line_1_102' title="bbox 296 5426 1869 5502; baseline 0.002 -21"><span class='ocrx_word' id='word_1_784' title='bbox 296 5426 356 5481; x_wconf 84' lang='grc' dir='ltr'><strong>τὸ</strong></span> <span class='ocrx_word' id='word_1_785' title='bbox 383 5428 555 5493; x_wconf 85' lang='grc' dir='ltr'>πάθος</span> <span class='ocrx_word' id='word_1_786' title='bbox 586 5430 888 5500; x_wconf 85' lang='grc' dir='ltr'>βδελυκτόν.</span> <span class='ocrx_word' id='word_1_787' title='bbox 918 5426 992 5484; x_wconf 87' lang='grc' dir='ltr'><strong>Ἦ</strong></span> <span class='ocrx_word' id='word_1_788' title='bbox 1022 5431 1131 5501; x_wconf 84' lang='grc' dir='ltr'><strong>γάρ</strong></span> <span class='ocrx_word' id='word_1_789' title='bbox 1159 5429 1224 5483; x_wconf 85' lang='grc' dir='ltr'><strong>ἂν</strong></span> <span class='ocrx_word' id='word_1_790' title='bbox 1247 5430 1342 5483; x_wconf 75' lang='grc' dir='ltr'><strong>καὶ</strong></span> <span class='ocrx_word' id='word_1_791' title='bbox 1370 5433 1452 5499; x_wconf 81' lang='grc' dir='ltr'>ἐφ’</span> <span class='ocrx_word' id='word_1_792' title='bbox 1481 5431 1640 5502; x_wconf 86' lang='grc' dir='ltr'>ήμῶν</span> <span class='ocrx_word' id='word_1_793' title='bbox 1666 5432 1869 5494; x_wconf 79' lang='grc' dir='ltr'>αὐτῶν,</span> 
     </span>
    </p>
   </div>
   <div class='ocr_carea' id='block_1_103' title="bbox 298 5519 1870 5594">
    <p class='ocr_par' dir='ltr' id='par_1_103' title="bbox 298 5519 1870 5594">
     <span class='ocr_line' id='line_1_103' title="bbox 298 5519 1870 5594; baseline 0.001 -19"><span class='ocrx_word' id='word_1_794' title='bbox 298 5519 389 5575; x_wconf 82' lang='grc' dir='ltr'><strong>τοῦ</strong></span> <span class='ocrx_word' id='word_1_795' title='bbox 417 5520 615 5593; x_wconf 80' lang='grc' dir='ltr'>μέρους</span> <span class='ocrx_word' id='word_1_796' title='bbox 646 5523 987 5589; x_wconf 83' lang='grc' dir='ltr'>πονέσαντος,</span> <span class='ocrx_word' id='word_1_797' title='bbox 1021 5524 1082 5576; x_wconf 83' lang='grc' dir='ltr'><strong>τὸ</strong></span> <span class='ocrx_word' id='word_1_798' title='bbox 1116 5524 1353 5592; x_wconf 83' lang='grc' dir='ltr'>ὑγιαῖνον</span> <span class='ocrx_word' id='word_1_799' title='bbox 1390 5523 1737 5594; x_wconf 76' lang='grc' dir='ltr'>ἠλλοτριοῦτο</span> <span class='ocrx_word' id='word_1_800' title='bbox 1771 5524 1870 5594; x_wconf 83' lang='grc' dir='ltr'>τῆς</span> 
     </span>
    </p>
   </div>
   <div class='ocr_carea' id='block_1_104' title="bbox 368 5695 1954 5771">
    <p class='ocr_par' dir='ltr' id='par_1_104' title="bbox 368 5695 1954 5771">
     <span class='ocr_line' id='line_1_104' title="bbox 368 5695 1954 5771; baseline 0.003 -20"><span class='ocrx_word' id='word_1_801' title='bbox 368 5696 414 5730; x_wconf 81' lang='grc'><strong>⁶⁹</strong></span> <span class='ocrx_word' id='word_1_802' title='bbox 443 5695 702 5765; x_wconf 65' lang='grc' dir='ltr'>Μσιιιωι,</span> <span class='ocrx_word' id='word_1_803' title='bbox 736 5698 838 5766; x_wconf 73' lang='lat'><strong>2:2;</strong></span> <span class='ocrx_word' id='word_1_804' title='bbox 882 5698 1011 5755; x_wconf 87' lang='lat' dir='ltr'><strong>an.</strong></span> <span class='ocrx_word' id='word_1_805' title='bbox 1056 5716 1127 5768; x_wconf 77' lang='grc' dir='ltr'><strong>γι,</strong></span> <span class='ocrx_word' id='word_1_806' title='bbox 1166 5698 1256 5754; x_wconf 67' lang='grc'><strong>46.</strong></span> <span class='ocrx_word' id='word_1_807' title='bbox 1299 5715 1418 5770; x_wconf 82' lang='lat' dir='ltr'><strong>sqq.</strong></span> <span class='ocrx_word' id='word_1_808' title='bbox 1497 5705 1541 5735; x_wconf 74' lang='lat'><strong>7°</strong></span> <span class='ocrx_word' id='word_1_809' title='bbox 1585 5701 1714 5771; x_wconf 86' lang='lat' dir='ltr'><strong>Sap.</strong></span> <span class='ocrx_word' id='word_1_810' title='bbox 1758 5717 1851 5757; x_wconf 83' lang='lat' dir='ltr'><strong>vn.</strong></span> <span class='ocrx_word' id='word_1_811' title='bbox 1900 5703 1954 5757; x_wconf 76' lang='lat' dir='ltr'><strong>ti.</strong></span> 
     </span>
    </p>
   </div>
   <div class='ocr_carea' id='block_1_105' title="bbox 1970 4512 3544 4590">
    <p class='ocr_par' dir='ltr' id='par_1_105' title="bbox 1970 4512 3544 4590">
     <span class='ocr_line' id='line_1_105' title="bbox 1970 4512 3544 4590; baseline -0.01 -15"><span class='ocrx_word' id='word_1_812' title='bbox 1970 4529 2263 4590; x_wconf 91' lang='lat' dir='ltr'><strong>corruptus</strong></span> <span class='ocrx_word' id='word_1_813' title='bbox 2289 4526 2374 4574; x_wconf 90' lang='lat' dir='ltr'><strong>est</strong></span> <span class='ocrx_word' id='word_1_814' title='bbox 2402 4519 2617 4584; x_wconf 88' lang='lat' dir='ltr'><strong>humor,</strong></span> <span class='ocrx_word' id='word_1_815' title='bbox 2661 4524 2715 4573; x_wconf 89' lang='lat' dir='ltr'><strong>et</strong></span> <span class='ocrx_word' id='word_1_816' title='bbox 2754 4513 3009 4587; x_wconf 90' lang='lat' dir='ltr'><strong>putridus</strong></span> <span class='ocrx_word' id='word_1_817' title='bbox 3050 4512 3270 4582; x_wconf 88' lang='lat' dir='ltr'><strong>quidam</strong></span> <span class='ocrx_word' id='word_1_818' title='bbox 3314 4524 3544 4573; x_wconf 87' lang='lat' dir='ltr'><strong>succus,</strong></span> 
     </span>
    </p>
   </div>
   <div class='ocr_carea' id='block_1_106' title="bbox 1970 4600 3546 4679">
    <p class='ocr_par' dir='ltr' id='par_1_106' title="bbox 1970 4600 3546 4679">
     <span class='ocr_line' id='line_1_106' title="bbox 1970 4600 3546 4679; baseline -0.009 -12"><span class='ocrx_word' id='word_1_819' title='bbox 1970 4623 2084 4667; x_wconf 90' lang='lat' dir='ltr'><strong>atra</strong></span> <span class='ocrx_word' id='word_1_820' title='bbox 2112 4612 2218 4667; x_wconf 89' lang='lat' dir='ltr'><strong>bile</strong></span> <span class='ocrx_word' id='word_1_821' title='bbox 2241 4627 2366 4666; x_wconf 91' lang='lat' dir='ltr'><strong>cum</strong></span> <span class='ocrx_word' id='word_1_822' title='bbox 2396 4612 2514 4679; x_wconf 84' lang='lat' dir='ltr'><strong>ipso</strong></span> <span class='ocrx_word' id='word_1_823' title='bbox 2548 4610 2776 4663; x_wconf 87' lang='lat' dir='ltr'><strong>humore</strong></span> <span class='ocrx_word' id='word_1_824' title='bbox 2805 4605 3066 4670; x_wconf 88' lang='lat' dir='ltr'><strong>confusa,</strong></span> <span class='ocrx_word' id='word_1_825' title='bbox 3116 4602 3434 4671; x_wconf 79' lang='lat' dir='ltr'><strong>sanguinem</strong></span> <span class='ocrx_word' id='word_1_826' title='bbox 3464 4600 3546 4653; x_wconf 91' lang='lat' dir='ltr'><strong>in-</strong></span> 
     </span>
    </p>
   </div>
   <div class='ocr_carea' id='block_1_107' title="bbox 1970 4688 3544 4757">
    <p class='ocr_par' dir='ltr' id='par_1_107' title="bbox 1970 4688 3544 4757">
     <span class='ocr_line' id='line_1_107' title="bbox 1970 4688 3544 4757; baseline -0.01 -2"><span class='ocrx_word' id='word_1_827' title='bbox 1970 4701 2135 4757; x_wconf 88' lang='lat' dir='ltr'><strong>fecit?</strong></span> <span class='ocrx_word' id='word_1_828' title='bbox 2164 4700 2272 4756; x_wconf 83' lang='lat' dir='ltr'><strong>llas</strong></span> <span class='ocrx_word' id='word_1_829' title='bbox 2303 4701 2447 4755; x_wconf 89' lang='lat' dir='ltr'><strong>enim</strong></span> <span class='ocrx_word' id='word_1_830' title='bbox 2476 4712 2671 4753; x_wconf 87' lang='lat' dir='ltr'><strong>causas</strong></span> <span class='ocrx_word' id='word_1_831' title='bbox 2698 4694 2915 4757; x_wconf 86' lang='lat' dir='ltr'><strong>medici,</strong></span> <span class='ocrx_word' id='word_1_832' title='bbox 2951 4706 3074 4746; x_wconf 91' lang='lat' dir='ltr'><strong>cum</strong></span> <span class='ocrx_word' id='word_1_833' title='bbox 3107 4692 3172 4745; x_wconf 91' lang='lat' dir='ltr'><strong>de</strong></span> <span class='ocrx_word' id='word_1_834' title='bbox 3198 4690 3400 4742; x_wconf 88' lang='lat' dir='ltr'><strong>morbis</strong></span> <span class='ocrx_word' id='word_1_835' title='bbox 3431 4688 3544 4740; x_wconf 86' lang='lat' dir='ltr'><strong>dis-</strong></span> 
     </span>
    </p>
   </div>
   <div class='ocr_carea' id='block_1_108' title="bbox 1972 4778 3545 4855">
    <p class='ocr_par' dir='ltr' id='par_1_108' title="bbox 1972 4778 3545 4855">
     <span class='ocr_line' id='line_1_108' title="bbox 1972 4778 3545 4855; baseline -0.011 -6"><span class='ocrx_word' id='word_1_836' title='bbox 1972 4802 2180 4855; x_wconf 89' lang='lat' dir='ltr'><strong>serunt,</strong></span> <span class='ocrx_word' id='word_1_837' title='bbox 2227 4790 2427 4845; x_wconf 87' lang='lat' dir='ltr'><strong>afferre</strong></span> <span class='ocrx_word' id='word_1_838' title='bbox 2456 4790 2655 4843; x_wconf 89' lang='lat' dir='ltr'><strong>solent.</strong></span> <span class='ocrx_word' id='word_1_839' title='bbox 2684 4784 2970 4850; x_wconf 85' lang='lat' dir='ltr'><strong>Quodnam</strong></span> <span class='ocrx_word' id='word_1_840' title='bbox 3002 4781 3168 4852; x_wconf 82' lang='lat' dir='ltr'><strong>igitur</strong></span> <span class='ocrx_word' id='word_1_841' title='bbox 3197 4787 3282 4834; x_wconf 84' lang='lat' dir='ltr'><strong>est</strong></span> <span class='ocrx_word' id='word_1_842' title='bbox 3310 4778 3545 4832; x_wconf 88' lang='lat' dir='ltr'><strong>hominis</strong></span> 
     </span>
    </p>
   </div>
   <div class='ocr_carea' id='block_1_109' title="bbox 1973 4870 3533 4947">
    <p class='ocr_par' dir='ltr' id='par_1_109' title="bbox 1973 4870 3533 4947">
     <span class='ocr_line' id='line_1_109' title="bbox 1973 4870 3533 4947; baseline -0.011 -7"><span class='ocrx_word' id='word_1_843' title='bbox 1973 4887 2219 4947; x_wconf 87' lang='lat' dir='ltr'><strong>crimen,</strong></span> <span class='ocrx_word' id='word_1_844' title='bbox 2271 4882 2315 4936; x_wconf 89' lang='lat' dir='ltr'><strong>si</strong></span> <span class='ocrx_word' id='word_1_845' title='bbox 2356 4889 2564 4934; x_wconf 75' lang='lat' dir='ltr'><strong>natura:</strong></span> <span class='ocrx_word' id='word_1_846' title='bbox 2607 4877 2832 4930; x_wconf 87' lang='lat' dir='ltr'><strong>materia</strong></span> <span class='ocrx_word' id='word_1_847' title='bbox 2865 4872 3081 4928; x_wconf 89' lang='lat' dir='ltr'><strong>mobilis</strong></span> <span class='ocrx_word' id='word_1_848' title='bbox 3118 4880 3169 4925; x_wconf 92' lang='lat' dir='ltr'><strong>et</strong></span> <span class='ocrx_word' id='word_1_849' title='bbox 3215 4870 3533 4924; x_wconf 83' lang='lat' dir='ltr'><strong>inconstans</strong></span> 
     </span>
    </p>
   </div>
   <div class='ocr_carea' id='block_1_110' title="bbox 1975 4959 3544 5041">
    <p class='ocr_par' dir='ltr' id='par_1_110' title="bbox 1975 4959 3544 5041">
     <span class='ocr_line' id='line_1_110' title="bbox 1975 4959 3544 5041; baseline -0.012 -10"><span class='ocrx_word' id='word_1_850' title='bbox 1975 4976 2040 5031; x_wconf 89' lang='lat' dir='ltr'><strong>ad</strong></span> <span class='ocrx_word' id='word_1_851' title='bbox 2079 4973 2210 5029; x_wconf 88' lang='lat' dir='ltr'><strong>illud</strong></span> <span class='ocrx_word' id='word_1_852' title='bbox 2249 4969 2589 5041; x_wconf 57' lang='lat' dir='ltr'><strong>aegritudinis</strong></span> <span class='ocrx_word' id='word_1_853' title='bbox 2635 4982 2807 5038; x_wconf 85' lang='lat' dir='ltr'><strong>genus</strong></span> <span class='ocrx_word' id='word_1_854' title='bbox 2855 4961 3123 5019; x_wconf 82' lang='lat' dir='ltr'><strong>deﬂuxit?</strong></span> <span class='ocrx_word' id='word_1_855' title='bbox 3157 4959 3237 5013; x_wconf 88' lang='lat' dir='ltr'><strong>Tu</strong></span> <span class='ocrx_word' id='word_1_856' title='bbox 3269 4975 3397 5015; x_wconf 85' lang='lat' dir='ltr'><strong>vero</strong></span> <span class='ocrx_word' id='word_1_857' title='bbox 3437 4974 3544 5012; x_wconf 80' lang='lat' dir='ltr'><strong>non</strong></span> 
     </span>
    </p>
   </div>
   <div class='ocr_carea' id='block_1_111' title="bbox 1976 5052 3547 5132">
    <p class='ocr_par' dir='ltr' id='par_1_111' title="bbox 1976 5052 3547 5132">
     <span class='ocr_line' id='line_1_111' title="bbox 1976 5052 3547 5132; baseline -0.011 -10"><span class='ocrx_word' id='word_1_858' title='bbox 1976 5068 2156 5122; x_wconf 88' lang='lat' dir='ltr'><strong>cernis</strong></span> <span class='ocrx_word' id='word_1_859' title='bbox 2203 5066 2259 5117; x_wconf 89' lang='lat' dir='ltr'><strong>in</strong></span> <span class='ocrx_word' id='word_1_860' title='bbox 2305 5062 2439 5132; x_wconf 88' lang='lat' dir='ltr'><strong>ipsis</strong></span> <span class='ocrx_word' id='word_1_861' title='bbox 2481 5060 2643 5114; x_wconf 89' lang='lat' dir='ltr'><strong>etiam</strong></span> <span class='ocrx_word' id='word_1_862' title='bbox 2689 5056 2988 5113; x_wconf 87' lang='lat' dir='ltr'><strong>valentium</strong></span> <span class='ocrx_word' id='word_1_863' title='bbox 3036 5052 3360 5122; x_wconf 77' lang='lat' dir='ltr'><strong>corporibus</strong></span> <span class='ocrx_word' id='word_1_864' title='bbox 3406 5066 3547 5119; x_wconf 67' lang='lat' dir='ltr'><strong>saepe</strong></span> 
     </span>
    </p>
   </div>
   <div class='ocr_carea' id='block_1_112' title="bbox 1977 5142 3544 5224">
    <p class='ocr_par' dir='ltr' id='par_1_112' title="bbox 1977 5142 3544 5224">
     <span class='ocr_line' id='line_1_112' title="bbox 1977 5142 3544 5224; baseline -0.011 -13"><span class='ocrx_word' id='word_1_865' title='bbox 1977 5156 2310 5224; x_wconf 88' lang='lat' dir='ltr'><strong>contingere,</strong></span> <span class='ocrx_word' id='word_1_866' title='bbox 2337 5163 2393 5206; x_wconf 92' lang='lat' dir='ltr'><strong>ut</strong></span> <span class='ocrx_word' id='word_1_867' title='bbox 2421 5150 2512 5221; x_wconf 90' lang='lat' dir='ltr'><strong>qui</strong></span> <span class='ocrx_word' id='word_1_868' title='bbox 2539 5159 2732 5203; x_wconf 82' lang='lat' dir='ltr'><strong>caetera</strong></span> <span class='ocrx_word' id='word_1_869' title='bbox 2765 5162 2932 5202; x_wconf 89' lang='lat' dir='ltr'><strong>sanus</strong></span> <span class='ocrx_word' id='word_1_870' title='bbox 2957 5152 3061 5209; x_wconf 88' lang='lat' dir='ltr'><strong>est,</strong></span> <span class='ocrx_word' id='word_1_871' title='bbox 3095 5142 3544 5204; x_wconf 80' lang='lat' dir='ltr'><strong>inflammatione,</strong></span> 
     </span>
    </p>
   </div>
   <div class='ocr_carea' id='block_1_113' title="bbox 1976 5230 3547 5306">
    <p class='ocr_par' dir='ltr' id='par_1_113' title="bbox 1976 5230 3547 5306">
     <span class='ocr_line' id='line_1_113' title="bbox 1976 5230 3547 5306; baseline -0.011 -6"><span class='ocrx_word' id='word_1_872' title='bbox 1976 5254 2070 5299; x_wconf 86' lang='lat' dir='ltr'><strong>aut</strong></span> <span class='ocrx_word' id='word_1_873' title='bbox 2091 5243 2442 5305; x_wconf 87' lang='lat' dir='ltr'><strong>carbunculo,</strong></span> <span class='ocrx_word' id='word_1_874' title='bbox 2464 5249 2557 5292; x_wconf 90' lang='lat' dir='ltr'><strong>aut</strong></span> <span class='ocrx_word' id='word_1_875' title='bbox 2574 5237 2840 5306; x_wconf 91' lang='lat' dir='ltr'><strong>ejusmodi</strong></span> <span class='ocrx_word' id='word_1_876' title='bbox 2865 5236 3045 5303; x_wconf 89' lang='lat' dir='ltr'><strong>aliquo</strong></span> <span class='ocrx_word' id='word_1_877' title='bbox 3076 5235 3262 5287; x_wconf 88' lang='lat' dir='ltr'><strong>morbo</strong></span> <span class='ocrx_word' id='word_1_878' title='bbox 3281 5230 3547 5299; x_wconf 81' lang='lat' dir='ltr'><strong>corripia-</strong></span> 
     </span>
    </p>
   </div>
   <div class='ocr_carea' id='block_1_114' title="bbox 1980 5319 3546 5402">
    <p class='ocr_par' dir='ltr' id='par_1_114' title="bbox 1980 5319 3546 5402">
     <span class='ocr_line' id='line_1_114' title="bbox 1980 5319 3546 5402; baseline -0.011 -12"><span class='ocrx_word' id='word_1_879' title='bbox 1980 5348 2089 5402; x_wconf 86' lang='lat' dir='ltr'><strong>tur,</strong></span> <span class='ocrx_word' id='word_1_880' title='bbox 2112 5335 2335 5388; x_wconf 89' lang='lat' dir='ltr'><strong>incensa</strong></span> <span class='ocrx_word' id='word_1_881' title='bbox 2370 5343 2534 5393; x_wconf 87' lang='lat' dir='ltr'><strong>supra</strong></span> <span class='ocrx_word' id='word_1_882' title='bbox 2571 5341 2735 5396; x_wconf 90' lang='lat' dir='ltr'><strong>quam</strong></span> <span class='ocrx_word' id='word_1_883' title='bbox 2768 5340 2907 5394; x_wconf 89' lang='lat' dir='ltr'><strong>opus</strong></span> <span class='ocrx_word' id='word_1_884' title='bbox 2938 5325 3028 5389; x_wconf 87' lang='lat' dir='ltr'><strong>sit,</strong></span> <span class='ocrx_word' id='word_1_885' title='bbox 3057 5323 3203 5376; x_wconf 88' lang='lat' dir='ltr'><strong>circa</strong></span> <span class='ocrx_word' id='word_1_886' title='bbox 3243 5319 3546 5375; x_wconf 90' lang='lat' dir='ltr'><strong>membrum</strong></span> 
     </span>
    </p>
   </div>
   <div class='ocr_carea' id='block_1_115' title="bbox 1981 5411 3547 5496">
    <p class='ocr_par' dir='ltr' id='par_1_115' title="bbox 1981 5411 3547 5496">
     <span class='ocr_line' id='line_1_115' title="bbox 1981 5411 3547 5496; baseline -0.011 -14"><span class='ocrx_word' id='word_1_887' title='bbox 1981 5436 2075 5482; x_wconf 76' lang='lat' dir='ltr'><strong>aut</strong></span> <span class='ocrx_word' id='word_1_888' title='bbox 2109 5432 2314 5496; x_wconf 91' lang='lat' dir='ltr'><strong>partem</strong></span> <span class='ocrx_word' id='word_1_889' title='bbox 2359 5421 2594 5490; x_wconf 89' lang='lat' dir='ltr'><strong>aliquam</strong></span> <span class='ocrx_word' id='word_1_890' title='bbox 2630 5417 2853 5470; x_wconf 90' lang='lat' dir='ltr'><strong>materia</strong></span> <span class='ocrx_word' id='word_1_891' title='bbox 2896 5415 3115 5471; x_wconf 86' lang='lat' dir='ltr'><strong>humida</strong></span> <span class='ocrx_word' id='word_1_892' title='bbox 3161 5422 3214 5469; x_wconf 91' lang='lat' dir='ltr'><strong>et</strong></span> <span class='ocrx_word' id='word_1_893' title='bbox 3259 5412 3461 5468; x_wconf 91' lang='lat' dir='ltr'><strong>idcirco</strong></span> <span class='ocrx_word' id='word_1_894' title='bbox 3491 5411 3547 5465; x_wconf 88' lang='lat' dir='ltr'><strong>in</strong></span> 
     </span>
    </p>
   </div>
   <div class='ocr_carea' id='block_1_116' title="bbox 1982 5504 3544 5579">
    <p class='ocr_par' dir='ltr' id='par_1_116' title="bbox 1982 5504 3544 5579">
     <span class='ocr_line' id='line_1_116' title="bbox 1982 5504 3544 5579; baseline -0.013 -6"><span class='ocrx_word' id='word_1_895' title='bbox 1982 5527 2288 5579; x_wconf 90' lang='lat' dir='ltr'><strong>tumorem,</strong></span> <span class='ocrx_word' id='word_1_896' title='bbox 2330 5521 2384 5569; x_wconf 89' lang='lat' dir='ltr'><strong>et</strong></span> <span class='ocrx_word' id='word_1_897' title='bbox 2422 5510 2677 5565; x_wconf 84' lang='lat' dir='ltr'><strong>ruborem</strong></span> <span class='ocrx_word' id='word_1_898' title='bbox 2701 5546 2715 5571; x_wconf 93' lang='lat'><strong>,</strong></span> <span class='ocrx_word' id='word_1_899' title='bbox 2760 5514 2813 5563; x_wconf 89' lang='lat' dir='ltr'><strong>ct</strong></span> <span class='ocrx_word' id='word_1_900' title='bbox 2854 5506 3122 5576; x_wconf 83' lang='lat' dir='ltr'><strong>putridam</strong></span> <span class='ocrx_word' id='word_1_901' title='bbox 3173 5504 3380 5559; x_wconf 88' lang='lat' dir='ltr'><strong>saniem</strong></span> <span class='ocrx_word' id='word_1_902' title='bbox 3412 5516 3544 5554; x_wconf 38' lang='lat' dir='ltr'><strong>cons</strong></span> 
     </span>
    </p>
   </div>
   <div class='ocr_carea' id='block_1_117' title="bbox 2054 5692 2534 5757">
    <p class='ocr_par' dir='ltr' id='par_1_117' title="bbox 2054 5692 2534 5757">
     <span class='ocr_line' id='line_1_117' title="bbox 2054 5692 2534 5757; baseline -0.01 -5"><span class='ocrx_word' id='word_1_903' title='bbox 2054 5700 2096 5731; x_wconf 79' lang='grc'>⁷⁸</span> <span class='ocrx_word' id='word_1_904' title='bbox 2141 5696 2298 5751; x_wconf 78' lang='lat' dir='ltr'><strong>Rom.</strong></span> <span class='ocrx_word' id='word_1_905' title='bbox 2331 5710 2404 5757; x_wconf 69' lang='lat' dir='ltr'><strong>xv,</strong></span> <span class='ocrx_word' id='word_1_906' title='bbox 2445 5692 2534 5749; x_wconf 70' lang='lat'><strong>20.</strong></span> 
     </span>
    </p>
   </div>
   <div class='ocr_carea' id='block_1_118' title="bbox 4034 2028 4072 3129">
    <p class='ocr_par' dir='ltr' id='par_1_118' title="bbox 4034 2028 4072 3129">
     <span class='ocr_line' id='line_1_118' title="bbox 4046 2028 4066 2179; baseline 0 0"><span class='ocrx_word' id='word_1_907' title='bbox 4046 2028 4066 2179; x_wconf 78' lang='grc' dir='ltr'><strong><em>ἓ</em></strong></span> 
     </span>
     <span class='ocr_line' id='line_1_119' title="bbox 4043 2189 4066 2252; baseline 0 0"><span class='ocrx_word' id='word_1_908' title='bbox 4043 2189 4066 2252; x_wconf 86' lang='lat' dir='ltr'><strong>t</strong></span> 
     </span>
     <span class='ocr_line' id='line_1_120' title="bbox 4042 2274 4066 2307; baseline 0 0"><span class='ocrx_word' id='word_1_909' title='bbox 4042 2274 4066 2307; x_wconf 85' lang='lat' dir='ltr'><strong>I</strong></span> 
     </span>
     <span class='ocr_line' id='line_1_121' title="bbox 4037 2328 4068 2494; baseline 0 0"><span class='ocrx_word' id='word_1_910' title='bbox 4037 2328 4068 2494; x_wconf 79' lang='grc' dir='ltr'>ἒ</span> 
     </span>
     <span class='ocr_line' id='line_1_122' title="bbox 4039 2617 4070 2740; baseline 0 -4"><span class='ocrx_word' id='word_1_911' title='bbox 4039 2617 4070 2740; x_wconf 83' lang='grc' dir='ltr'>Ξ</span> 
     </span>
     <span class='ocr_line' id='line_1_123' title="bbox 4037 2757 4070 2851; baseline 0 0"><span class='ocrx_word' id='word_1_912' title='bbox 4037 2757 4070 2851; x_wconf 83' lang='grc' dir='ltr'>Ξ</span> 
     </span>
     <span class='ocr_line' id='line_1_124' title="bbox 4035 2908 4072 3033; baseline 0 -2"><span class='ocrx_word' id='word_1_913' title='bbox 4035 2908 4072 3033; x_wconf 80' lang='grc' dir='ltr'><strong>,ξ</strong></span> 
     </span>
     <span class='ocr_line' id='line_1_125' title="bbox 4034 3044 4072 3129; baseline 0 0"><span class='ocrx_word' id='word_1_914' title='bbox 4034 3044 4072 3129; x_wconf 82' lang='lat'><strong>:</strong></span> 
     </span>
    </p>
   </div>
   <div class='ocr_carea' id='block_1_119' title="bbox 4034 3180 4072 4235">
    <p class='ocr_par' dir='ltr' id='par_1_119' title="bbox 4034 3180 4072 4235">
     <span class='ocr_line' id='line_1_126' title="bbox 4034 3180 4072 3316; baseline 0 0"><span class='ocrx_word' id='word_1_915' title='bbox 4034 3180 4072 3316; x_wconf 75' lang='grc' dir='ltr'>ἓ</span> 
     </span>
     <span class='ocr_line' id='line_1_127' title="bbox 4036 3399 4072 3584; baseline 0 0"><span class='ocrx_word' id='word_1_916' title='bbox 4036 3399 4072 3584; x_wconf 73' lang='grc' dir='ltr'>ἓ</span> 
     </span>
     <span class='ocr_line' id='line_1_128' title="bbox 4037 3594 4072 3751; baseline 0 -2"><span class='ocrx_word' id='word_1_917' title='bbox 4037 3594 4072 3751; x_wconf 79' lang='grc' dir='ltr'><strong>ξ</strong></span> 
     </span>
     <span class='ocr_line' id='line_1_129' title="bbox 4034 3955 4072 4128; baseline 0 0"><span class='ocrx_word' id='word_1_918' title='bbox 4034 3955 4072 4128; x_wconf 74' lang='grc' dir='ltr'>ἑ</span> 
     </span>
     <span class='ocr_line' id='line_1_130' title="bbox 4034 4149 4072 4235; baseline 0 0"><span class='ocrx_word' id='word_1_919' title='bbox 4034 4149 4072 4235; x_wconf 76' lang='lat' dir='ltr'><strong>r.</strong></span> 
     </span>
    </p>
   </div>
  </div>
