4072 6156
491 292 591 347 485

1690 283 1748 340 S.
1786 282 2110 339 GREGORII
2177 280 2465 337 NYSSENI

3631 268 3729 330 ιιι

490 405 673 459 versa?
691 400 919 469 Quando
946 401 1108 469 igitur
1132 401 1210 455 sic
1228 398 1401 455 αἰτεοιὶ
1423 414 1633 459 sumus.
1662 414 1853 453 eamne
1876 397 2057 452 carnis

2194 397 2456 468 εραπείας
2485 394 2577 447 τοῦ
2623 392 2939 462 κάμνοντος.
3007 386 3167 439 Ἀλλὰ
3199 384 3282 448 τίς
3309 385 3456 436 ἐστιν
3487 382 3631 435 αἰτία
3656 423 3668 443 ,
3695 389 3726 455 ἡ

490 501 696 562 partem
735 499 1080 564 aegrotantem
1134 506 1469 557 aversamur,
1523 506 1592 545 an
1632 498 1825 544 contra
1878 490 2058 557 potius

491 583 727 651 reliquas
759 583 1005 652 corporis
1042 592 1222 651 partes
1256 598 1419 638 sanas
1451 597 1642 638 omnes
1678 582 1745 634 ad
1799 580 1944 634 illius
1978 580 2059 632 la—

490 673 737 728 borantis
771 674 1106 729 curationem
1152 675 1564 729 convertimus?
1609 673 1725 727 Non
1774 673 1939 743 igitur
1967 672 2063 725 de-

492 765 757 819 testabilis
784 774 867 819 est
896 766 1120 819 morbus
1148 784 1159 819 :
1192 766 1435 836 alioquin
1461 766 1514 819 in
1546 766 1705 820 nobis
1731 766 1894 818 etiam
1928 763 2062 832 ipsis

491 855 559 907 ab
592 870 655 908 ea
694 864 846 925 parte
878 856 1119 910 curanda
1144 896 1157 918 ,
1192 872 1313 924 qua:
1344 856 1535 909 morbo
1561 854 1754 909 aIIeCIa
1781 861 1885 917 est,
1916 869 2065 907 sanat

494 953 676 1014 partes
715 946 1090 1000 abhorrerent.
1132 946 1271 1012 Quid
1307 962 1437 1017 ergo
1483 960 1582 1000 nos
1613 946 1683 1000 ab
1713 945 1817 1000 illis
1852 942 2062 1013 disjun-

493 1036 604 1104 git?
632 1036 761 1104 quid
796 1038 1008 1090 tandem
1041 1039 1167 1092 est?
1194 1038 1325 1091 Illud
1363 1037 1628 1107 profecto,
1664 1037 1811 1106 quod
1843 1052 1951 1090 non
1988 1037 2061 1090 ti-

496 1141 705 1179 memus
742 1126 917 1180 minas
962 1127 1128 1185 illius.
1161 1128 1253 1197 qui
1303 1128 1433 1182 dicit
1470 1145 1483 1181 :
1532 1126 1792 1182 Discedite
1824 1144 1857 1181 a
1894 1144 1973 1181 me
2013 1130 2068 1180 in

494 1213 665 1280 ignem
690 1222 941 1266 (uernum
964 1229 983 1268 :
1018 1224 1274 1284 quatenus
1299 1218 1436 1270 enim
1483 1219 1573 1270 uni
1602 1232 1667 1269 ea:
1696 1216 1776 1270 his
1810 1233 1912 1270 non
1948 1217 2069 1285 feci-

494 1305 611 1365 stis,
650 1318 740 1357 nec
769 1304 895 1357 mihi
925 1306 1141 1374 fecistis.
1180 1307 1234 1360 Si
1264 1307 1407 1360 enim
1439 1307 1555 1362 [nec
1583 1308 1654 1361 ita
1690 1308 1891 1362 habere
1926 1308 2069 1362 arbi-

496 1400 791 1457 trarentur,
820 1410 1092 1465 nunquam
1127 1398 1322 1452 adduci
1344 1396 1397 1451 in
1428 1413 1546 1452 eam
1579 1401 1903 1453 sententiam
1944 1413 2069 1469 pos-

499 1490 639 1546 sent,
665 1494 721 1537 ut
755 1494 1078 1555 :egrotantes
1113 1503 1142 1542 a
1176 1504 1234 1543 se
1271 1490 1633 1559 repellerent,
1665 1504 1767 1545 nec
1792 1490 2067 1555 studium,

498 1575 641 1644 quod
704 1577 756 1631 in
808 1579 1156 1635 calamitosos
1211 1582 1639 1652 impenderetur,
1688 1585 1814 1639 vitae
1871 1592 2073 1640 nostrae

500 1669 810 1737 contagium
879 1671 1275 1726 existimarent.
1333 1675 1697 1740 Quamobrem
1756 1677 1803 1731 si
1859 1676 2070 1733 tidelem

2164 487 2271 541 τῶν
2303 486 2558 540 τοιούτων
2591 483 2736 553 ἡμᾶς
2757 476 3067 546 ἀφιστῶσαζ
3095 475 3191 538 Τίς
3228 472 3396 543 αὖτη;
3431 471 3505 523 Τδ
3535 469 3609 542 μὴ
3642 486 3734 538 φο·

2165 578 2376 631 δεῖσθαι
2418 575 2516 645 τὴν
2546 573 2773 642 ἀπειλὴν
2813 569 2908 623 τοῦ
2959 567 3199 629 εἰπόντος
3222 604 3237 629 ,
3289 565 3371 617 ὅτι
3404 564 3737 630 Πορεύεσθε

2166 670 2265 724 ἀπ’
2294 668 2439 737 ἐμοῦ
2464 669 2550 731 είς
2571 664 2639 718 τὸ
2672 663 2790 731 πῦρ
2817 660 2884 715 τὸ
2912 659 3167 713 αἰώνιον·
3201 656 3291 724 ἐφ’
3314 654 3464 708 ὅσον
3490 653 3601 723 γὰρ
3628 653 3739 705 οὐκ

2166 758 2491 825 ἐποιήσατε
2506 756 2596 810 ἐνὶ
2616 756 2862 815 τούτων,
2889 750 3070 820 φησιν,
3093 747 3234 802 οὐδὲ
3252 746 3377 815 ἐμοὶ
3396 742 3738 809 ἐποιήσατε.

2168 853 2232 905 Εἰ
2276 853 2383 922 γὰρ
2412 848 2586 904 ταῦτα
2622 845 2793 908 οὕτως
2830 844 2970 914 ἔχειν
3001 841 3195 911 ῷοντο,
3233 839 3331 891 οὐκ
3378 837 3442 890 ἂν
3485 834 3741 904 τοιαύτην

2170 943 2326 1012 ἔσχον
2361 941 2491 1013 περὶ
2536 938 2644 993 τῶν
2694 933 3116 1009 ἀρρωστούντων
3156 928 3401 1000 γνώμην,
3455 926 3592 979 ὥστε
3636 926 3740 978 ἁπ-

2169 1031 2425 1086 ωθεῖσθαι
2456 1029 2548 1099 ἀφ’
2574 1027 2800 1090 ἐαυτῶν,
2837 1025 2927 1078 καὶ
2954 1021 3225 1094 μολυσμὸν
3255 1019 3461 1072 οἴεσθαι
3479 1015 3570 1069 τοῦ
3602 1018 3740 1086 ἡμε-

2170 1125 2328 1196 τέρου
2365 1124 2500 1194 βίου,
2531 1121 2628 1192 τὴν
2668 1121 2795 1190 περὶ
2836 1119 2962 1180 τοὺς
2992 1104 3537 1182 ταλαιπωρουμένους
3573 1122 3741 1159 σπου-

2172 1215 2288 1287 δήν.
2313 1213 2519 1268 Οὐκοῦν
2538 1214 2587 1265 εί
2617 1209 2803 1265 πιστὸν
2833 1205 3114 1279 ἡγούμεθα
3144 1197 3741 1287 τὸνῌέπαγγειλᾲμενον,

2173 1284 2523 1374 ἀντιληπτέον
2565 1301 2631 1354 ἂν
2667 1300 2750 1368 εἴη
2782 1296 2891 1349 τῶν
2919 1293 3166 1355 ἐντολῶν,
3213 1284 3288 1344 ὧν
3325 1291 3451 1344 ἄνευ
3496 1286 3596 1340 οὐκ
3628 1286 3743 1337 ἐστι

2174 1401 2281 1454 τῶν
2313 1397 2677 1467 ἐλπιζομένων
2708 1393 3020 1463 ἀξιωθῆναι.
3052 1390 3232 1452 Ξένος,
3262 1388 3351 1441 καὶ
3384 1385 3586 1454 γυμνὸς
3607 1423 3620 1447 ,
3653 1383 3741 1434 καὶ

2175 1492 2379 1564 τροφῆς
2408 1489 2609 1559 ἐνδεὴς,
2635 1486 2872 1542 ἀσθενῶν
2898 1484 2992 1539 καὶ
3011 1481 3414 1542 κατάκλειστος,
3447 1477 3541 1529 καὶ
3570 1477 3747 1528 πάντα

2180 1596 2262 1632 σοι
2291 1570 2444 1639 οὗτός
2472 1579 2636 1640 ἐστιν,
2684 1575 2783 1628 ὃσα
2822 1573 2880 1625 ἐν
2924 1570 3004 1641 τῷ
3045 1566 3361 1637 Εὑαγγελίῳ
3402 1564 3743 1635 προείρηται·

2178 1669 2381 1739 ἀλήτης
2413 1666 2506 1720 καὶ
2545 1665 2747 1735 γυμνὸς
2798 1663 3160 1733 περιέρχεται,
3195 1659 3397 1730 γυμνὸς
3424 1659 3482 1711 δέ
3514 1658 3606 1710 καὶ
3641 1654 3748 1707 τῶν

500 1770 623 1809 eum
659 1755 750 1825 qui
777 1759 1057 1825 promisit,
1084 1760 1434 1828 arbitramur,
1465 1764 1735 1820 mandatis
1764 1765 1932 1833 illius,
1956 1766 2073 1821 sine

2189 1760 2485 1827 Ξιναγκαίων
2530 1754 2744 1827 ἐπιδεὴς
2763 1794 2777 1820 ,
2807 1754 2896 1807 διὰ
2921 1753 3020 1824 τὴν
3047 1748 3514 1806 ἐπακολουθοῦσαν
3542 1746 3619 1815 τῷ
3646 1747 3751 1799 πά-

503 1847 700 1915 quibus
742 1848 890 1915 digni
932 1851 1216 1918 promissis
1261 1853 1380 1921 ejus
1430 1870 1552 1909 esse
1604 1871 1712 1909 non
1756 1872 2070 1926 possumus,

503 1939 958 2007 obtemperemus.
991 1940 1218 2010 Hospes,
1247 1943 1448 2005 nudus,
1483 1943 1733 2014 indigens
1756 1947 1900 2011 cibo,
1925 1947 2075 2002 inﬁr—

507 2029 721 2095 mus,in
764 2045 987 2085 carcere
1016 2032 1259 2097 clausus,
1292 2045 1345 2087 et
1377 2035 1559 2087 omnia
1598 2051 1718 2104 qua:
1745 2051 2075 2093 commemo-

506 2126 698 2171 rantur
744 2119 796 2171 in
833 2118 1156 2189 Evangelio,
1192 2122 1250 2175 in
1287 2122 1390 2178 hoc
1424 2125 1626 2179 misero
1656 2125 1756 2179 tibi
1797 2127 2074 2196 proposita

506 2217 656 2264 sunt.
685 2208 863 2281 Vagus
903 2212 1120 2266 oberrat
1154 2222 1207 2268 et
1240 2213 1442 2280 nudus,
1474 2215 1744 2282 inﬁrmus,
1778 2226 1829 2270 et
1858 2226 2077 2287 propter

508 2300 766 2370 in0piam,
806 2318 925 2372 qua:
965 2304 1215 2358 morbum
1254 2304 1435 2375 ipsum
1482 2308 1859 2376 consequitur,
1892 2323 2073 2363 rerum

507 2406 673 2462 egens
735 2394 1189 2449 necessariarum.
1238 2396 1339 2462 Qui
1385 2398 1531 2452 enim
1579 2414 1678 2453 nec
1729 2398 1874 2453 domi
1917 2401 2078 2454 habet

515 2479 659 2533 unde
690 2479 884 2545 alatur,
922 2495 1021 2534 nec
1056 2482 1276 2537 aliunde
1307 2484 1491 2538 labore
1518 2493 1976 2556 potestquaastum
1998 2486 2078 2539 fa-

511 2581 653 2632 cere,
689 2567 817 2622 huic
848 2569 1035 2639 utique
1063 2570 1257 2626 desunt
1285 2587 1347 2626 ea
1374 2611 1389 2634 ,
1423 2587 1545 2643 quae
1572 2572 1695 2627 vitae
1733 2590 1866 2630 usus
1898 2574 2079 2645 requi-

511 2654 601 2708 rit.
655 2654 883 2710 Vinctus
924 2667 1101 2712 autem
1144 2667 1427 2730 propterea
1470 2672 1588 2725 est,
1619 2663 1874 2731 quoniam
1906 2666 2081 2721 morbi

512 2745 746 2800 vinculis
772 2749 1183 2818 constringitur.
1209 2748 1395 2820 Itaque
1424 2752 1809 2807 mandatorum
1838 2755 2078 2808 oumium

517 2851 783 2889 summam
808 2839 862 2891 in
886 2839 989 2892 hoc
1024 2841 1292 2909 expletam
1322 2843 1511 2905 habes,
1537 2851 1592 2897 et
1619 2843 1795 2911 ipsum
1836 2845 2081 2898 omnium

519 2925 804 2980 Dominum
828 2929 897 2982 ob
916 2944 976 2982 ea
999 2946 1119 2999 qua:
1146 2932 1376 3001 benigne
1395 2933 1496 3001 ipsi
1517 2935 1857 3002 praestiteris,
1883 2935 2083 2990 obstri~

518 3028 664 3072 ctum
682 3027 734 3072 et
749 3019 1044 3088 obligatum
1062 3021 1129 3075 ⁷².
1145 3020 1431 3092 Curigitur
1453 3023 1506 3076 in
1521 3033 1627 3077 tua:
1651 3026 1771 3078 vita}
1792 3025 2082 3088 perniciem

521 3106 710 3161 niteris
731 3107 753 3160 ’ἒ
771 3106 871 3172 Qui
903 3108 1046 3161 enim
1072 3123 1248 3161 rerum
1273 3109 1514 3163 omnium
1536 3108 1823 3164 Dominum
1846 3111 2078 3165 amicum

522 3196 721 3251 habere
754 3212 864 3251 non
900 3198 1036 3260 vult,
1076 3198 1123 3252 is
1170 3198 1268 3253 sibi
1323 3200 1438 3269 ipse
1481 3200 1662 3270 gravis
1689 3193 1773 3254 est
1807 3202 2082 3256 inimicus.

524 3285 987 3351 Quemadmodum
1032 3299 1209 3343 autem
1252 3291 1487 3357 mandati
1527 3291 1869 3345 observantia
1914 3293 2092 3345 conci-

526 3380 707 3442 liatur,
750 3379 832 3434 sic
882 3381 1224 3436 abalienatur
1256 3382 1598 3437 crudelitate.
1642 3384 1828 3437 Tollite
1858 3382 2089 3455 (inquit)

524 3472 706 3542 iugum
733 3489 898 3526 meum
918 3489 1071 3542 super
1094 3490 1180 3529 vos
1205 3473 1268 3526 ⁷³.
1295 3473 1667 3529 Mandatorum
1696 3475 2093 3530 observantium

524 3563 714 3634 jugum
746 3566 1016 3634 appellat;
1056 3565 1270 3635 jubcuti
1304 3580 1614 3635 pareamus.
1669 3563 1976 3619 Eﬂiciamur
2002 3565 2093 3633 ju-

530 3663 773 3709 mentum
806 3656 1034 3720 Christi,
1070 3657 1358 3713 induentes
1388 3658 1607 3711 vincula
1633 3656 1934 3712 charitatis.
1966 3656 2095 3712 Tale

525 3748 713 3819 jugum
755 3765 821 3804 ne
850 3749 1252 3813 detrectemus,
1288 3765 1357 3804 ne
1389 3751 1760 3816 excutiamus,
1790 3766 1956 3804 suave
1981 3758 2095 3814 est,

2176 1853 2257 1906 θει
2291 1852 2498 1905 πενίαν.
2548 1849 2607 1902 '0
2638 1849 2742 1918 γὰρ
2788 1849 2922 1918 μήτε
2957 1863 3008 1898 τι
3046 1844 3152 1898 τῶν
3183 1841 3391 1895 οἴκοθεν
3418 1839 3578 1910 ἔχων,
3613 1840 3750 1909 μήτε

2179 1943 2443 2014 μισθωτὸς
2477 1940 2727 2009 γενέσθαι
2770 1938 3085 2006 δυνάμενος,
3139 1933 3198 1999 ἐξ
3247 1933 3491 2001 ἀνάγκης
3534 1930 3751 1992 πάντως

2174 2033 2377 2105 ἄπορος
2412 2031 2520 2084 τῶν
2555 2029 2687 2101 πρὸς
2711 2027 2807 2099 τὴν
2838 2028 2982 2098 ζωὴν
3011 2023 3331 2094 ἐπιτηδείων
3355 2021 3521 2075 ἐστίν’
3549 2018 3753 2089 δεσμώ-

2176 2138 2274 2191 της
2328 2137 2389 2173 τε
2443 2118 2548 2172 ὑπὸ
2596 2118 2698 2188 τῆς
2745 2115 3058 2189 ἀρρωστίας
3097 2112 3488 2184 πεπεδημένος.
3540 2108 3750 2163 Οὐκοῦν

2174 2214 2294 2266 ὂλον
2329 2211 2390 2264 τὸ
2419 2210 2689 2282 πλήρωμα
2715 2210 2825 2264 τῶν
2857 2207 3088 2262 ἐντολῶν
3119 2208 3178 2259 ἐν
3202 2205 3407 2270 τούτοις
3438 2203 3581 2275 ἔχεις
3610 2202 3720 2271 πλη
3738 2232 3753 2241 -

2180 2302 2272 2373 ρού
2283 2317 2464 2373 μενον,
2484 2301 2576 2355 καὶ
2594 2300 2756 2352 αὑτὸν
2775 2299 2864 2352 τὸν
2881 2297 2992 2351 τῶν
3007 2297 3144 2351 ὃλων
3159 2291 3655 2367 Κύριοψύπόχρεὼν
3675 2308 3757 2343 σοι

2174 2395 2264 2449 διὰ
2306 2395 2404 2464 τῆς
2436 2394 2515 2456 είς
2542 2392 2727 2444 τοῦτον
2776 2387 3184 2458 φιλανθρωπίας
3227 2386 3528 2455 γινόμενον.
3560 2383 3627 2436 Τί
3664 2380 3760 2436 οὖν

2178 2486 2495 2555 φιλονεικεῖς
2510 2483 2652 2537 κατὰ
2664 2481 2763 2552 τῆς
2778 2480 2911 2565 ἰδίας
2934 2478 3099 2549 ζωῆς
3117 2477 3189 2530 Τὸ
3199 2476 3306 2549 γὰρ
3323 2475 3564 2529 σύνοικον
3577 2472 3755 2541 ἐαυτῷ

2177 2576 2269 2631 τὸν
2292 2575 2423 2629 Θεὸν
2444 2575 2551 2628 τῶν
2568 2573 2703 2627 ὅλων
2728 2572 2801 2644 μὴ
2818 2570 3069 2639 ἐθελῆσαι
3083 2569 3245 2639 ἔχειν,
3268 2568 3417 2621 οὐδὲν
3435 2566 3561 2620 ἄλλο
3585 2567 3757 2623 ἐστὶν,

2179 2668 2213 2737 ἢ
2244 2666 2363 2720 καθ’
2392 2664 2583 2718 ἐαυτοῦ
2607 2680 2728 2717 τινα
2753 2661 2971 2733 ἰσχυρὸν
2989 2659 3261 2730 γενέσθαι.
3302 2659 3391 2721 Ὠς
3416 2657 3522 2727 γὰρ
3544 2656 3631 2708 διὰ
3660 2655 3760 2724 τῆς

2182 2759 2400 2829 ἐντολῆς
2438 2754 2815 2819 εἰσοικίζεται,
2869 2752 3011 2806 οὕτω
3059 2752 3145 2804 διὰ
3191 2750 3289 2819 τῆς
3339 2748 3602 2817 ἀπηνείας
3630 2746 3762 2798 dm-

2182 2848 2488 2919 χωρίζεται.
2521 2847 2753 2915 Ἀρατε,
2788 2843 2939 2913 φησὶ,
2976 2843 3083 2895 τὸν
3122 2841 3296 2911 ζυγόν
3319 2857 3437 2910 μου
3463 2840 3554 2908 ἐφ’
3581 2836 3751 2904 ὑμᾶς·

2185 2940 2261 3005 ζυ·
2287 2940 2345 2992 ὸν
2373 2939 2430 2992 δὲ
2468 2938 2636 3004 λέγει,
2664 2937 2763 3006 τὴν
2786 2935 2894 2989 τῶν
2920 2934 3145 2988 ἐντολῶν
3169 2932 3446 3003 ἐργασίαν.
3485 2928 3752 2982 Ὑπακού·

2192 3043 2373 3096 σωμεν
2401 3026 2477 3095 τῷ
2507 3023 2809 3087 κελεύοντι,
2845 3021 3131 3092 γενώμεθα
3160 3021 3252 3074 τοῦ
3293 3017 3526 3090 Χριστοῦ
3558 3015 3759 3079 ὑποζύ-

2191 3137 2324 3187 γιον,
2352 3121 2469 3182 ταῖς
2499 3118 2750 3186 ζεύγλαις
2780 3117 2877 3186 τῆς
2910 3117 3129 3185 ἀγάπης
3165 3114 3389 3174 ἑαυτοὺς
3416 3111 3755 3179 ἐνδήσαντες.

2192 3210 2281 3278 Μὴ
2306 3206 2721 3277 ἁποσεισώμεθα
2743 3207 2832 3259 τὸν
2854 3204 3092 3259 τοιοῦτον
3123 3203 3303 3271 ζυγόν·
3330 3201 3563 3274 χρηστός
3594 3201 3762 3255 ἐστιν.

2194 3299 2424 3368 ἐλαφρός
2459 3301 2622 3350 ἐστιν’
2650 3298 2710 3350 ού
2738 3296 2913 3369 τρίϐει
2945 3296 3035 3349 τὸν
3067 3295 3266 3365 αύχένα
3295 3293 3387 3345 τοῦ
3426 3291 3763 3349 ύπελθόντος,

2197 3388 2331 3442 ἀλλὰ
2349 3388 2566 3441 λεαίνει.
2589 3388 2924 3455 Σπείρωμεν
2938 3387 3028 3440 ἐπ’
3055 3385 3375 3455 εὐλογίαις,
3401 3382 3562 3453 φησιν
3584 3383 3613 3433 ὁ
3627 3381 3765 3433 Παῦε

2199 3477 2322 3541 λος,
2364 3479 2464 3531 ἵνα
2496 3478 2595 3542 καὶ
2635 3478 2727 3530 ἐπ’
2765 3478 3067 3546 εὐλογίαις
3109 3478 3449 3544 θερίσωμεν.
3499 3472 3767 3539 Πολύχους

2197 3570 2392 3639 στάχυς
2426 3572 2487 3621 ἐκ
2518 3570 2617 3640 τῆς
2653 3569 2904 3639 τοιαύτης
2936 3569 3329 3639 ἀναϐλαστήσει
3365 3566 3591 3635 σπορᾶς.
3626 3561 3767 3615 Βαθῖι

2195 3660 2302 3713 τῶν
2336 3660 2566 3713 ἐντολῶν
2595 3660 2688 3712 τοῦ
2722 3661 2925 3731 Κυρίου
2971 3660 3030 3712 τὸ
3060 3659 3227 3730 λήϊον·
3263 3658 3440 3728 ὑψηλὰ
3466 3656 3531 3709 τὰ
3558 3655 3656 3723 τῆς
3686 3653 3770 3705 cbo

2204 3751 2389 3818 λογίας
2422 3753 2760 3821 γεννήματα.

530 3841 645 3895 leve
665 3850 765 3895 est.
791 3840 1082 3896 Subeuutis
1106 3842 1371 3895 cervicem
1398 3857 1508 3895 non
1532 3843 1734 3905 atterit,
1767 3842 1860 3898 sed
1885 3842 2173 3897 demulcet.
2219 3842 2543 3897 Seminemus
2599 3846 2653 3896 in
2699 3843 3160 3908 benedictionibus,
3222 3842 3396 3913 inquit
3457 3843 3767 3910 Apostolus.

531 3941 589 3985 ut
630 3934 791 3985 etiam
832 3933 884 3985 in
925 3933 1365 3986 benedictionibus
1414 3943 1670 3988 metamus
1693 3936 1760 3991 ⁷⁸.
1815 3934 2093 4007 Multiplex
2133 3939 2281 4008 spica
2308 3955 2374 3993 ex
2410 3939 2499 3992 tali
2532 3947 2773 3993 semente
2806 3939 3109 4009 pullulabit.
3141 3940 3331 4009 Ampla
3411 3947 3494 3992 est
3562 3935 3767 3991 Domini

536 4022 918 4076 mandatorum
953 4038 1129 4092 seges,
1164 4023 1426 4080 sublimes
1456 4026 1853 4082 benedictionis
1877 4028 2099 4098 stirpes.

610 4114 1041 4186 Visinlelligere,
1077 4119 1132 4172 in
1158 4127 1419 4189 quautam
1454 4121 1795 4177 altitudinem
1817 4123 2106 4177 extollatur

536 4208 731 4263 harum
765 4208 1016 4277 stirpium
1059 4209 1486 4267 incrementum?
1530 4214 1683 4283 Ipsos
1711 4215 1835 4269 ραιιί
1867 4215 2099 4270 vertices

538 4301 833 4370 attingunt.
865 4301 1138 4372 Quidquid
1168 4304 1310 4357 enim
1340 4304 1395 4357 in
1424 4304 1521 4361 hos
1553 4307 1868 4371 contuleris,
1898 4307 1949 4360 in
1981 4306 2104 4361 coeli

537 4391 812 4447 thesauris
846 4393 1122 4448 conditum
1172 4396 1437 4452 invenies.
1489 4395 1569 4452 Ne
1621 4397 1833 4452 diﬂidas
1868 4398 1936 4453 iis
1984 4411 2106 4466 quae

537 4483 685 4537 dicta
730 4492 878 4547 sunt,
921 4500 1054 4541 neve
1088 4485 1279 4541 horum
1319 4488 1611 4542 amicitiam
1655 4489 2104 4543 contemnendam

2281 4118 2466 4170 Βούλει
2498 4118 2688 4187 μαθεῖν
2718 4119 2793 4183 είς
2819 4118 2940 4170 ὅσον
2980 4119 3318 4172 ἀνατείνεται
3354 4121 3485 4191 ’ύιξιος
3523 4124 3630 4175 τῶν
3654 4141 3772 4191 γενε

2211 4208 2464 4278 νημάτων
2493 4210 2525 4276 ἡ
2544 4205 2803 4278 αὔξησις
2828 4207 3011 4258 Αὐτῶν
3039 4206 3145 4259 τῶν
3170 4208 3434 4279 οὐρανίων
3473 4210 3775 4282 ύψωμάτων

2211 4299 2529 4367 ἐφάπτεται.
2567 4298 2706 4350 Ὅσα
2732 4297 2837 4367 γὰρ
2863 4296 2927 4352 ἂν
2953 4296 3159 4361 τούτοις
3193 4301 3422 4374 ποιήσῃς
3442 4343 3455 4367 ,
3482 4306 3593 4365 τοῖς
3616 4306 3773 4372 ούρα-

2209 4389 2341 4451 νὶοις
2363 4387 2652 4458 θησαυροῖς
2676 4391 3057 4459 καρποφορεῖς.
3078 4390 3168 4459 Μὴ
3187 4391 3490 4464 ἀπελπίσῃς
3506 4393 3615 4446 τῶν
3635 4395 3779 4461 λεγοο

2215 4480 2408 4550 μένων*
2462 4479 2534 4549 μὴ
2578 4477 3049 4548 εὐκαταφρόνητον
3069 4478 3257 4553 λογίσῃ
3278 4481 3385 4535 τῶν
3411 4483 3663 4536 τοιούτων
3690 4483 3779 4551 τὴν

540 4581 719 4645 putes.
774 4574 964 4629 Manus
994 4577 1211 4645 quidem
1246 4578 1486 4647 ipsorum
1519 4589 1645 4634 sunt
1675 4579 1961 4642 mutilatae,
2009 4596 2085 4634 set

2213 4571 2406 4640 φιλίαν.
2453 4570 2517 4622 Ἠ
2561 4570 2679 4640 χεὶρ
2718 4571 3163 4641 ἠκροτηρίασται,
3205 4573 3320 4626 ἀλλ’
3357 4573 3418 4625 ού
3458 4575 3594 4646 πρὸς
3650 4592 3781 4645 συμ·

538 4665 607 4718 ad
640 4665 915 4720 ferendum
945 4668 1206 4721 auxilium
1236 4685 1341 4723 non
1365 4670 1663 4725 imbecillas.
1690 4669 1861 4724 Pedes
1889 4671 2107 4726 inutiles

539 4756 715 4812 eITecti
747 4767 895 4824 sunt,
925 4761 1019 4815 sed
1054 4775 1277 4815 currere
1303 4760 1370 4815 ad
1398 4760 1563 4817 Deum
1596 4777 1704 4816 non
1728 4762 2105 4831 prohibentur.

544 4844 720 4903 Είῐὶιιίι
752 4850 841 4902 lux
871 4850 1151 4904 oculorum
1174 4889 1189 4913 ,
1229 4852 1322 4907 sed
1352 4853 1534 4906 animo
1576 4862 1806 4907 cernunt
1843 4854 1931 4907 illa
1966 4854 2107 4909 bona

540 4956 664 5010 quae
689 4941 970 4996 oculorum
998 4943 1143 4997 acies
1165 4943 1363 4998 intueri
1386 4959 1492 4998 non
1521 4954 1717 5013 potest.
1747 4945 2110 5011 Quamobrem

541 5033 790 5101 corporis
819 5032 1216 5090 deformitatem
1248 5050 1315 5089 ne
1348 5035 1640 5105 despicias.
1686 5035 1985 5106 Parumper
2018 5053 2112 5092 ex-

542 5132 748 5191 specta,
782 5131 836 5177 et
872 5124 1016 5192 quod
1056 5132 1276 5193 superet
1318 5125 1499 5182 omnis
1528 5124 1777 5177 miraculi
1813 5124 1992 5186 Iidem,
2032 5125 2116 5178 in-

544 5212 808 5267 tueberis.
841 5212 961 5267 Non
988 5216 1131 5268 enim
1160 5228 1499 5285 qumcuuque
1532 5215 1769 5269 materiae
1796 5215 1952 5270 ﬂuxae
1981 5231 2115 5270 con-

543 5302 783 5372 tingunt,
809 5303 996 5358 eadem
1026 5306 1079 5359 iu
1112 5314 1429 5375 perpetuum
1467 5318 1719 5372 manent;
1758 5307 1849 5362 sed
1896 5307 2116 5376 quando

545 5395 727 5448 anima
753 5396 916 5465 hujus
944 5396 1133 5451 caduci
1167 5398 1476 5468 terrenique
1495 5398 1737 5453 carceris
1767 5415 1908 5454 nexu
1939 5399 2117 5453 soluta

545 5493 653 5551 est,
689 5495 820 5541 tunc
851 5490 1068 5558 propria
1113 5489 1359 5560 splendet
1402 5491 1827 5560 pulchritudine.
1880 5488 1993 5543 Hoc
2020 5505 2118 5542 au-

619 5672 666 5702 "
718 5670 882 5727 l‘rov.
927 5689 1042 5734 xix.
1071 5674 1155 5729 Π.
1233 5676 1278 5708 ⁷³
1314 5674 1500 5729 Matth.
1538 5692 1614 5742 ιιι,
1649 5676 1740 5729 ‘29.

2216 4663 2433 4733 μαχίαν.
2473 4661 2532 4714 Ὀ
2575 4661 2708 4724 ποῦς
2734 4661 3045 4732 ἡχρείωται,
3090 4662 3228 4717 ἀλλὰ
3271 4665 3405 4735 πρὸς
3436 4664 3525 4717 τὸν
3554 4665 3687 4718 Θεὸν
3723 4667 3779 4718 ού

2213 4754 2476 4807 κωλύεται
2503 4753 2736 4823 τρέχειν.
2780 4753 2839 4807 '0
2863 4754 3137 4824 ὀφθαλμὸς
3163 4755 3416 4827 ἐξερρύη,
3443 4757 3576 4809 ἀλλὰ
3600 4758 3784 4827 βλέπει

2212 4846 2298 4900 διὰ
2329 4846 2425 4914 τῆς
2448 4840 2626 4916 ψυχῆς
2651 4845 2719 4898 τὰ
2760 4846 2941 4913 ἀγαθὰ
2971 4845 3040 4899 τὰ
3061 4846 3286 4902 ἀθέατα.
3328 4850 3420 4919 Μὴ
3462 4849 3642 4902 τοίνυν
3690 4851 3788 4921 τὴν

2214 4939 2487 5009 ἀμορφίαν
2515 4937 2763 4991 κατανόει
2800 4936 2892 4991 τοῦ
2923 4937 3190 5008 σώματος.
3226 4938 3436 5011 Μικρὸν
3461 4940 3785 5011 ἀνάμεινον,

2217 5032 2311 5085 καὶ
2330 5032 2450 5100 ὄψει
2470 5031 2531 5084 τὸ
2551 5031 2748 5094 παντὸς
2773 5026 3047 5101 θαύματος
3065 5031 3438 5103 ἀπιστότερον.
3463 5034 3537 5087 υὺ
3560 5035 3670 5105 γέιρ
3691 5035 3788 5086 ὅσα

2220 5124 2346 5193 περὶ
2364 5121 2463 5190 τὴν
2485 5121 2712 5193 ῥευστὴν
2739 5123 2900 5192 φύσιν
2929 5123 3264 5194 συμϐέϐηκε,
3293 5124 3464 5178 ταῦτα
3494 5129 3585 5179 καὶ
3616 5127 3789 5179 εἰσαεὶ

2220 5214 2538 5284 παραμένει.
2586 5214 2723 5266 Ἀλλ’
2746 5215 2874 5268 ὅταν
2899 5214 3233 5287 ἐλευθερωθῇ
3257 5216 3358 5286 τῆς
3380 5218 3514 5286 πρὸς
3539 5219 3598 5271 τὸ
3624 5218 3789 5291 φθαρ-

2221 5305 2311 5357 τόν
2336 5322 2395 5357 τε
2439 5305 2533 5357 καὶ
2569 5305 2752 5375 γήϊνον
2783 5304 3100 5376 συμπλοκῆς
3140 5307 3172 5376 ἡ
3212 5306 3377 5378 ψυχὴ,
3404 5308 3523 5361 τότε
3558 5308 3635 5379 τῷ
3680 5310 3789 5380 ἰδίῳ

2224 5397 2407 5449 κάλλει
2450 5397 2823 5468 ἐνωραῖζεται.
2869 5398 3178 5468 Τεκμήριον
3214 5398 3301 5464 δὲ,
3337 5400 3437 5453 ούκ
3477 5400 3790 5465 ἐϐδελύξατο

2223 5489 2315 5544 τοῦ
2342 5488 2556 5560 πτωχοῦ
2584 5489 2682 5559 τὴν
2710 5493 2864 5562 χεῖρα
2890 5489 3029 5570 μετὰ
3058 5490 3148 5542 τὸν
3174 5489 3286 5560 βίον
3309 5491 3495 5545 τοῦτον
3526 5495 3551 5546 6
3587 5510 3789 5565 τρυφη·

1820 5676 1861 5707 ⁷⁵
1914 5675 1955 5729 II
1990 5674 2115 5731 Cor.
2159 5693 2235 5741 ιι,
2265 5673 2318 5728 6.
