4072 6156
310 322 412 379 483

1440 316 1526 393 ῡβ
1565 316 2000 375 PAUPERIBUS
2029 320 2348 377 AMANDIS.

3449 320 3554 375 43ίῖ

310 435 405 504 τὴς
444 435 650 497 ἐκεῖνος
692 435 961 500 πλούσιος·
993 436 1105 489 ἀλλ’
1132 436 1281 504 ἠξίου
1323 439 1571 506 γενέσθαι
1612 438 1761 509 αὐτῷ
1798 440 1888 492 τόν

1997 450 2097 495 tem
2130 442 2212 496 vel
2256 442 2381 497 inde
2423 443 2701 513 conjicilo,
2734 441 2877 512 quod
2926 454 3047 510 post
3078 440 3217 494 hanc
3252 439 3413 493 vitam
3445 455 3553 493 non

312 543 437 579 ποτε
462 523 777 597 διεφθορότα
801 526 894 580 τοῦ
919 526 1130 597 πτωχοῦ
1151 527 1432 590 δάκτυλον,
1454 531 1551 600 τῆς
1573 529 1663 582 τοῦ
1691 529 1879 592 ὓδατος

296 618 565 685 »σταγόνος
603 617 878 671 διάκονον·
921 618 1201 688 ἐπιθυμῶν
1234 620 1371 690 αὐτῇ
1417 622 1484 690 τῇ
1527 619 1748 693 γλώσσῃ
1785 620 1882 690 τὴν

310 708 434 777 περί⁵
477 708 568 761 τὸν
612 707 870 761 δάκτυλον
912 708 1111 777 ἰκμάδα
1158 709 1249 762 τοῦ
1284 710 1500 780 πτωχοῦ
1556 710 1874 782 περιλάψαι·

309 799 505 853 οὐκᾶν
547 798 705 853 τοῦτο
756 799 1130 871 ἐπιθυμήσας,
1176 802 1222 852 εί
1270 800 1367 871 τὴν
1394 805 1457 855 ἐκ
1502 801 1596 854 τοῦ
1634 801 1883 873 σώματος

310 890 499 962 ἀηδίαν
528 890 606 962 τῷ
636 895 939 963 χαρακτῆρι
975 892 1076 961 τῆς
1100 892 1278 963 ψυχῆς
1311 893 1536 964 ἐνεώρα.
1574 895 1709 947 Ὅσα
1741 893 1885 958 εἰκὸς

236 1046 241 1052 ,
311 980 374 1054 ῆν
409 985 584 1053 μάτην
620 983 1035 1052 παλινῳδεῖνιέν
1072 986 1137 1054 τῇ
1190 985 1465 1056 μεταϐολῇ.
1505 985 1596 1038 τοῦ
1648 985 1761 1055 βίου
1796 984 1884 1038 τὸν

311 1072 580 1125 πλούσιον·
619 1071 757 1124 πόσα
790 1072 1111 1143 μακαρίζειν
1132 1074 1225 1143 τῆς
1242 1076 1299 1126 ἐν
1324 1077 1388 1145 τῇ
1425 1074 1538 1146 ζωῇ
1569 1074 1740 1148 ταύτῃ
1762 1076 1884 1128 δυσ-

310 1164 536 1234 κληρίας
560 1164 650 1217 τὸν
678 1163 882 1231 πένητα
907 1181 921 1195 ·
954 1163 1094 1216 πόσα
1144 1166 1593 1235 καταμέμφεσθαι
1624 1166 1721 1238 τὴν
1763 1169 1886 1220 ἐαυ-

309 1253 402 1305 τοῦ
430 1253 604 1322 λῆξιν,
640 1254 715 1316 ὡς
744 1253 834 1305 ἐπὶ
874 1252 1028 1324 κακῷ
1056 1255 1151 1325 τῆς
1198 1254 1375 1325 ψυχῆς
1408 1256 1886 1328 ἀποκληρωθεῖσαν

307 1345 387 1423 τῷ
420 1344 632 1415 πλούτῳ
656 1363 670 1375 ·
699 1347 748 1398 εί
786 1346 842 1399 δέ
885 1347 947 1415 δὴ
978 1348 1071 1400 καὶ
1116 1347 1409 1401 ἀναϐιῶναι
1449 1350 1608 1402 πάλιν
1640 1349 1784 1421 ἐξῆν,
1830 1351 1886 1402 ἐν

309 1440 447 1492 τίσιν
482 1438 545 1491 ἂν
576 1436 792 1502 ἐδέξατο
820 1439 979 1492 πάλιν
1008 1440 1294 1508 γενέσθαι;
1336 1436 1460 1511 Ἆρ’
1502 1445 1560 1494 ἐν
1601 1444 1711 1505 τοῖς
1747 1442 1887 1496 κατὰ

308 1530 399 1581 τὸν
426 1528 537 1597 βίον
557 1526 743 1580 τοῦτον
768 1527 1193 1599 εὐδαιμονοῦσιν,
1221 1527 1253 1597 ἦ
1280 1527 1705 1598 δυσκληροῦσιν;
1747 1528 1886 1581 Ἀλλ’

310 1621 408 1673 οὐκ
442 1619 634 1691 ἄδηλον
663 1620 743 1672 ὅτι
783 1620 1117 1689 προετίμησε
1168 1618 1275 1671 τῶν
1317 1618 1763 1690 δυσημεροῦντων
1796 1619 1885 1672 τὸν

310 1712 526 1781 κλῆρον.
587 1710 753 1776 Ἀξιοί
796 1712 900 1783 γὰρ
934 1710 1180 1778 γενέσθαι
1218 1711 1457 1782 μηνυτὴν
1496 1714 1609 1775 τοῖς
1641 1711 1886 1780 ἀδελφοῖς

1985 532 2233 600 despexit
2279 535 2532 604 pauperis
2592 548 2810 587 manum
2857 533 3191 602 voluptarius
3244 532 3333 585 ille
3379 529 3553 591 dives,

1983 625 2116 694 quin
2164 625 2325 678 etiam
2374 625 2613 695 optavit,
2662 634 2740 687 ut,
2776 625 2867 694 qui
2902 625 3027 678 olim
3074 631 3364 692 corruptus
3414 630 3551 683 erat,

1986 715 2240 785 pauperis
2298 715 2533 786 digitus,
2587 716 2689 771 sibi
2738 731 2891 785 aquze
2937 724 3143 785 guttam
3198 717 3551 778 ministraret,

1988 807 2217 875 cupiens
2260 806 2375 875 ipsa
2413 806 2596 876 lingua
2642 806 2932 859 stillantem
2969 806 3158 874 ipsius,
3185 805 3401 874 iigitum
3447 804 3554 858 cir-

1990 894 2444 957 cumlambere",
2487 893 2540 947 id
2575 894 2889 963 neutiquam
2924 892 3352 956 desideraturus,
3397 892 3441 946 si
3487 908 3550 947 ex

1987 998 2218 1053 corpore
2258 983 2662 1053 provenientem
2706 984 2913 1036 tristem
2968 984 3112 1036 illam
3160 983 3552 1052 turpitudinem

1989 1077 2045 1130 in
2073 1076 2267 1131 anima:
2299 1091 2514 1145 quoque
2540 1076 2711 1129 forma
2747 1075 3139 1143 conspexisset.
3165 1073 3336 1139 Quam
3388 1074 3557 1129 multa

1987 1169 2042 1222 in
2073 1184 2134 1222 ea
2165 1168 2287 1222 vita:
2319 1168 2747 1221 connnutatione
2786 1165 3078 1221 verisimile
3103 1172 3184 1217 cst
3224 1166 3437 1220 divitem
3476 1182 3553 1221 τοι

1988 1260 2280 1313 cantasse?
2322 1258 2495 1323 Quam
2544 1257 2732 1311 multis
2775 1256 3084 1310 nominibus
3112 1255 3328 1309 beatum
3367 1257 3557 1312 existi-

1989 1366 2170 1405 masse
2202 1364 2491 1420 pauperem
2541 1349 2692 1401 illum
2729 1357 2948 1418 propter
3006 1348 3306 1417 angustias,
3357 1350 3552 1415 quibn.

1987 1455 2284 1511 oppressus
2314 1438 2485 1493 fuerat
2511 1438 2564 1492 in
2598 1439 2697 1492 hac
2734 1438 2881 1492 vita?
2902 1438 3046 1503 Quot
3075 1437 3252 1491 modis
3281 1436 3555 1491 fortunam

1987 1548 2162 1595 suam,
2201 1530 2290 1584 cui
2336 1530 2390 1584 in
2423 1529 2716 1600 perniciem
2752 1531 2946 1584 animae
2992 1530 3196 1584 divitiae
3256 1529 3395 1583 data;
3440 1529 3553 1583 fue-

1987 1631 2132 1684 rant,
2182 1622 2527 1677 incusasse?
2599 1620 2752 1686 Quod
2810 1622 2853 1675 si
2911 1621 3237 1676 reviviscere
3284 1622 3553 1684 licuisset,

1990 1716 2253 1789 quidnam
2279 1716 2400 1769 data
2433 1714 2652 1784 optione
2677 1712 2848 1768 fuisse
2871 1713 3096 1767 creditis
3120 1713 3460 1767 eiecturum?
3497 1712 3557 1766 In

310 1803 371 1854 ἐκ
406 1800 514 1854 τῶν
546 1801 755 1872 νεκρῶν
793 1802 931 1855 τινάο
966 1802 1040 1865 ὡς
1069 1800 1134 1854 ἂν
1181 1802 1255 1872 μὴ
1286 1798 1534 1856 κάκεῖνοι
1573 1805 1637 1873 τῇ
1683 1804 1886 1874 ὑπερη-

1997 1786 2253 1860 eorumne
2294 1819 2414 1859 esse
2454 1818 2703 1866 numero,
2747 1802 2836 1871 qui
2881 1802 2934 1855 in
2972 1802 3073 1856 hac
3116 1804 3221 1855 vita
3256 1802 3399 1856 beati
3430 1817 3560 1856 cen-

311 1894 476 1964 φανίᾳ.
512 1893 608 1947 τοῦ
646 1893 873 1946 πλούτου
905 1893 1206 1964 βλαϐέντες,
1250 1895 1307 1948 ἐν
1330 1897 1396 1965 τῇ
1424 1897 1599 1966 τρυφῇ
1631 1896 1727 1966 τῆς
1750 1914 1885 1967 σαρ-

311 1984 403 2046 κὸς
427 1984 517 2035 ἐπὶ
541 1983 599 2035 τὸ
624 1984 755 2036 αὐτὸ
774 1984 958 2053 χάσμα
984 1984 1074 2037 τοῦ
1105 1984 1230 2055 ᾆδου
1259 1984 1641 2055 κατενεχθῶσι,
1671 1985 1757 2038 διὰ
1789 1985 1885 2039 τοῦ

308 2074 450 2128 λείου
492 2076 590 2146 τῆς
623 2075 812 2145 ἡδονῆς
850 2075 1252 2146 ὀλισθήσαντες.
1295 2076 1360 2128 Τί
1406 2072 1498 2130 οὖν
1529 2077 1589 2130 οὐ
1623 2094 1890 2148 σωφρονι-

309 2166 515 2234 ζόμεθα
542 2169 653 2230 τοῖς
670 2166 930 2230 τοιούτοις
958 2167 1064 2220 τῶν
1085 2167 1434 2239 διηγημάτων
1458 2187 1472 2234 ;
1497 2170 1562 2221 Τί
1589 2169 1687 2222 οὐκ
1717 2171 1888 2240 ἐμπο-

312 2257 580 2329 ρευόμεθα
599 2258 695 2328 τὴν
711 2257 879 2327 καλὴν
903 2258 1190 2328 ἐμπορίαν,
1218 2260 1283 2330 ἣν
1313 2258 1666 2330 συμϐουλεύει
1693 2263 1721 2314 ό
1747 2261 1886 2326 θεῖος

322 2348 670 2411 Ἀπόστο).ος;
705 2347 773 2402 Τὸ
815 2347 981 2415 ὑμῶν
1017 2349 1426 2419 περίσσευμα,
1473 2352 1657 2421 φησὶν,
1685 2353 1772 2418 εἰς
1820 2352 1886 2406 τὸ

308 2440 558 2494 ἐκείνων
580 2440 923 2507 ὑστέρημα·
958 2439 1039 2505 ὡς
1071 2440 1146 2493 ἂν
1178 2439 1245 2493 τὸ
1281 2442 1578 2510 περισσὸν
1604 2442 1712 2511 τῆς
1738 2443 1890 2498 ἐκεί-

310 2548 433 2583 νων
482 2530 765 2595 ἀνέσεως,
818 2532 888 2583 ἐν
933 2530 1014 2596 τῷ
1054 2531 1202 2600 μετὰ
1227 2532 1414 2586 ταῦτα
1453 2534 1571 2598 ,βίῳ
1610 2536 1705 2588 καὶ
1747 2537 1890 2605 ὑμῖν

312 2621 460 2689 πρὸς
482 2621 784 2688 σωτηρίαν
815 2619 1145 2688 ἀρκέσειεν.
1178 2621 1241 2673 El
1271 2622 1447 2675 τοίνυν
1469 2623 1769 2695 βουλόμεθα
1788 2625 1887 2678 λα-

313 2711 426 2765 ϐεῖν
480 2729 534 2765 τι
576 2712 829 2782 χρηστὸν,
880 2710 1236 2781 προλαϐόντες
1276 2713 1667 2785 παράσχωμεν*
1702 2717 1749 2769 εί
1795 2716 1888 2769 άν-

312 2803 499 2874 εθῆναι
536 2803 674 2873 μετὰ
714 2803 918 2866 ταῦτα,
952 2805 1046 2858 νῦν
1076 2804 1506 2875 ἀναπαύσωμενο
1547 2808 1594 2861 εἰ
1631 2806 1888 2881 δεχθῆναι

314 2897 443 2965 παρ’
477 2895 657 2949 αὐτῶν
689 2898 768 2959 είς
806 2895 903 2959 τὰς
930 2896 1179 2960 αἰωνίους
1233 2898 1456 2969 σκηνὰς,
1487 2899 1582 2953 νῦν
1607 2900 1803 2965 αὐτοὺς
1831 2903 1890 2956 ἐν

312 2990 429 3050 ταῖς
462 2988 756 3059 ἡμετέραις
786 2987 1234 3057 καταδεξὼμεθα·
1268 2990 1317 3041 εί
1348 2990 1748 3060 θεραπευθῆναι
1784 2993 1891 3046 τῶν

316 3078 597 3149 ἁμαρτιῶν
630 3077 698 3132 τὰ
722 3078 1027 3150 τραύματα,
1056 3079 1212 3133 τοῦτο
1239 3081 1331 3134 καὶ
1357 3082 1508 3135 αὐτοὶ
1538 3086 1648 3146 τοῖς
1678 3083 1891 3154 σώμασι

314 3167 423 3220 τῶν
445 3168 843 3237 κεκακωμένων
866 3169 1197 3238 ποιήσωμεν.
1221 3170 1508 3239 Μακάριοι
1527 3172 1634 3244 γὰρ
1654 3176 1708 3227 ol
1733 3173 1896 3243 ἐλεή-

313 3274 496 3328 μονες
514 3300 529 3323 ,
570 3259 658 3311 ὅτι
683 3259 851 3312 αὐτοὶ
880 3259 1332 3327 ἐλεηθήσονται.

1988 1908 2195 1960 scntur,
2230 1912 2296 1950 an
2333 1896 2387 1949 in
2417 1910 2604 1949 eorum
2639 1896 2837 1965 potius,
2871 1894 2964 1964 qui
2997 1894 3180 1948 miseri
3212 1894 3563 1963 iudicantur?

1986 1989 2103 2043 Non
2141 1996 2222 2045 est
2256 1987 2504 2051 dubium,
2539 1988 2670 2056 quin
2700 1986 2998 2041 infelicium
3033 1986 3406 2040 conditionem
3449 1985 3563 2040 fue-

1987 2086 2059 2154 rit
2089 2087 2448 2150 accepturus;
2480 2088 2600 2132 orat
2628 2079 2794 2140 enim,
2822 2084 2879 2130 ut
2909 2077 2973 2130 ad
3013 2076 3211 2132 fratres
3240 2077 3465 2131 nuntius
3494 2092 3562 2131 ex

1989 2173 2221 2227 mortuis
2254 2172 2500 2224 mittatur
2519 2169 2740 2238 aliquis,
2777 2185 2843 2222 ne
2878 2169 2979 2238 ipsi
3015 2184 3231 2238 quoque
3250 2168 3564 2222 divitiarum

1989 2264 2278 2336 splendore
2312 2264 2438 2318 elati
2474 2278 2539 2317 ac
2570 2261 2786 2325 tumidi,
2825 2270 2877 2315 et
2909 2268 3132 2332 propter
3164 2260 3432 2314 lubricum
3473 2273 3567 2312 vo-

1988 2356 2212 2426 luptatis
2241 2355 2502 2425 prolapsi,
2535 2353 2598 2421 δη
2641 2353 2891 2407 eumdem
2928 2351 3124 2407 inferni
3158 2351 3366 2404 hiatqu
3401 2357 3566 2418 atque

1990 2446 2302 2515 voraginem
2330 2444 2710 2498 detrudantur.
2751 2442 2862 2498 Cur
2888 2442 3053 2512 igitur
3082 2439 3354 2509 ejusmodi
3387 2454 3566 2494 exemo

1988 2535 2095 2605 piis
2120 2534 2380 2588 admoniti
2412 2532 2651 2588 nondum
2679 2531 3092 2602 resipiscimus?
3115 2530 3224 2585 Cur
3246 2528 3566 2599 praeclarum

1990 2624 2123 2679 illud
2150 2624 2529 2694 negotiationis
2551 2638 2743 2693 genus,
2770 2630 2828 2676 ut
2852 2622 3091 2676 consulit
3117 2621 3432 2691 Apostolus,
3459 2634 3566 2671 non

1991 2716 2350 2772 exercemus?
2401 2713 2610 2780 Vestra,
2638 2713 2896 2783 inquit",
2930 2713 3081 2781 copia
3114 2727 3294 2765 eorum
3334 2710 3566 2777 inopiam

1991 2816 2261 2871 sustentet,
2284 2816 2341 2861 ut
2373 2823 2553 2861 eorum
2587 2821 2704 2873 opes
2740 2806 2793 2857 in
2817 2821 2879 2858 ea
2915 2820 3032 2874 qua:
3072 2814 3185 2872 post
3214 2810 3461 2855 secutura
3492 2809 3569 2853 est

1992 2905 2121 2969 vita,
2152 2901 2294 2957 vobis
2346 2898 2414 2953 ad
2466 2899 2691 2953 salutent
2744 2896 3083 2965 opitulentur.
3128 2893 3182 2947 Si
3232 2891 3361 2961 quid
3406 2891 3563 2960 igitur

1989 2994 2343 3066 benignitatis
2391 2990 2671 3061 percipere
2709 2987 2982 3047 volumus,
3014 2984 3152 3038 bene
3185 2981 3444 3037 merendo
3477 2995 3577 3034 au-

1922 3114 1964 3172 c
1997 3096 2367 3149 levet-lamus;
2400 3083 2444 3137 si
2473 3080 2713 3152 posthaec
2747 3078 2918 3140 relici,
2950 3091 3043 3131 eos
3079 3076 3133 3130 in
3164 3072 3452 3145 praesentia
3486 3086 3571 3126 rc-

2003 3194 2282 3242 creemus;
2318 3175 2362 3229 si
2392 3173 2586 3229 abillis
2617 3171 2670 3224 in
2711 3176 2912 3224 :rterna
2942 3167 3111 3237 recipi
3142 3162 3574 3219 tabernacula".

2001 3288 2146 3328 nunc
2168 3286 2262 3326 eos
2302 3271 2354 3322 in
2395 3273 2579 3321 nostra
2620 3261 2992 3331 recipiamus;
3034 3258 3079 3313 si
3112 3266 3456 3327 peccatorum
3485 3269 3574 3307 no-

316 3367 555 3410 strorum
583 3355 806 3409 vulnera
842 3356 1064 3421 curari,
1117 3357 1339 3410 illorum‘
1381 3374 1671 3430 corporum
1714 3365 1886 3438 plagis
1926 3371 2066 3425 idem
2098 3377 2438 3438 praestemus.
2471 3358 2625 3413 Beati
2692 3357 2837 3412 enim
2879 3349 3266 3413 misericordes,
3332 3347 3574 3418 quoniam

318 3447 420 3513 ipsi
450 3446 863 3499 miseriwrdiam
887 3448 1337 3516 consequentur".

402 3541 537 3594 Ἀλλ’
572 3541 701 3604 ἴσως
730 3543 846 3612 ἐρεῖ
875 3559 978 3605 τις,
1019 3543 1225 3615 ἀγαθὴν
1260 3545 1358 3614 μὲν
1391 3547 1471 3609 είς
1505 3547 1725 3619 ὕστερον
1758 3547 1897 3604 εἶναι

318 3634 420 3705 τὴν
447 3635 700 3705 ἐντολήνο
743 3634 861 3687 νυνὶ
891 3634 947 3686 δὲ
989 3635 1269 3706 μετάδοσιν
1313 3654 1435 3692 τινα
1478 3640 1571 3694 καὶ
1618 3643 1899 3697 κοινωνίαν

320 3721 414 3775 τοῦ
442 3722 644 3785 πάθους
667 3721 1021 3776 διευλαϐεἰται
1046 3741 1059 3754 ο
1092 3725 1186 3777 καὶ
1211 3726 1300 3779 διὰ
1325 3726 1386 3779 τὸ
1410 3729 1483 3799 μὴ
1512 3729 1704 3783 παθεῖν
1721 3750 1772 3785 τι
1793 3732 1900 3785 τῶν

323 3811 652 3881 ἀϐουλήτων,
693 3812 912 3882 φεύγειν
941 3814 1107 3867 οἴεται
1142 3815 1337 3885 χρῆναι
1379 3817 1468 3873 τὸν
1501 3823 1901 3892 προσεγγισμύν

321 3903 429 3956 τῶν
456 3902 729 3956 τοιούτων.
757 3904 919 3973 Λόγοι
950 3906 1140 3973 ταῦτα,
1170 3908 1263 3959 καὶ
1294 3910 1611 3979 προφάσεις,
1646 3914 1738 3966 καὶ
1768 3914 1906 3967 πλά-

327 4010 507 4063 σματα
525 4033 539 4057 ,
574 3995 666 4046 καὶ
692 3996 790 4064 τῆς
831 3995 957 4066 περὶ
989 3996 1086 4058 τὰς
1111 3996 1328 4060 ἐντολὰς
1353 3998 1445 4050 τοῦ
1473 4000 1606 4053 Θεοῦ
1637 4002 1902 4072 ῥᾳθυμίας

327 4084 654 4154 εὐπρόσωπά
694 4101 814 4137 τινα
854 4086 1312 4156 προκαλύμματα.
1350 4088 1424 4140 Τὸ
1471 4089 1515 4140 δ’
1548 4090 1778 4159 ἀληθὲς,
1808 4093 1904 4161 οὐχ

326 4175 496 4239 οὕτως
525 4176 654 4246 ἔχει.
688 4177 873 4240 Οὐδεὶς
905 4177 1011 4247 γὰρ
1044 4176 1235 4230 ὕπεστι
1264 4177 1425 4246 φόϐος
1465 4183 1531 4249 τῇ
1560 4181 1659 4248 τῆς
1688 4181 1907 4252 ἐντολῆς

329 4268 577 4339 ἐργασία.
608 4267 811 4338 Μηδεὶς
846 4267 999 4337 κακῷ
1021 4269 1079 4320 τὸ
1106 4268 1272 4321 κακὸν
1296 4268 1660 4338 θεραπευέτω.
1699 4271 1905 4334 Πόσους

329 4357 436 4428 γὰρ
462 4357 609 4411 ἐστιν
636 4359 762 4411 ἰδεῖν
789 4360 851 4410 ἐκ
877 4359 1126 4428 νεότητος
1149 4359 1241 4410 καὶ
1268 4359 1426 4430 μέχρι
1454 4360 1639 4430 γήρως
1666 4364 1784 4424 ταῖς
1817 4360 1904 4413 θε-

332 4450 583 4519 ραπείαις
632 4448 833 4502 τούτων
862 4448 1332 4518 ἀποσχολάζοντας
1358 4490 1372 4513 ,
1404 4451 1498 4503 καὶ
1537 4451 1688 4505 οὐδέν
1727 4470 1778 4505 τι
1806 4453 1902 4522 τῆς

2074 3546 2141 3596 At
2183 3538 2379 3609 aliquis
2418 3534 2653 3589 fortasse
2703 3530 2867 3591 dicet,
2906 3526 3037 3581 utile
3063 3524 3280 3594 quidem
3313 3527 3365 3578 in
3398 3534 3582 3594 postc-

2006 3649 2125 3690 rtun
2154 3646 2277 3685 esse
2309 3624 2621 3691 mandatum
2659 3639 2678 3676 ι
2710 3618 2805 3674 sed
2841 3617 2946 3670 hoc
2997 3622 3242 3683 tempore
3281 3614 3384 3668 sibi
3429 3615 3579 3667 adhi—

2007 3722 2237 3778 bendam
2271 3732 2393 3773 esse
2423 3713 2754 3775 cautionem,
2798 3723 2866 3763 ne
2908 3705 3152 3776 ejusdem
3187 3705 3361 3758 morbi
3394 3713 3582 3758 conta-

2009 3816 2169 3886 gione
2201 3809 2626 3865 contaminetur.
2648 3802 2825 3871 Atque
2846 3801 2920 3853 ita
2945 3812 3014 3851 ne
3043 3795 3364 3850 temeritatis
3394 3809 3582 3864 pmnas

2011 3908 2121 3970 det,
2155 3912 2208 3959 et
2231 3899 2437 3972 aliquid
2474 3911 2683 3960 eorum,
2720 3908 2838 3963 qua:
2861 3891 3051 3954 nollet,
3087 3888 3438 3958 perpetiatur,
3477 3887 3580 3941 sibi

2005 4011 2193 4052 eorum
2227 4003 2582 4060 congressum
2606 3999 2669 4039 ac
2697 3979 3149 4039 consuetudinem
3182 3977 3457 4031 vitandam
3482 3994 3582 4047 pu-

2006 4096 2104 4142 tat.
2136 4085 2302 4154 Nugae
2328 4086 2456 4137 sunt
2488 4079 2591 4141 hac,
2640 4085 2692 4130 et
2717 4074 3101 4129 excusationes
3144 4069 3280 4123 fictae
3326 4085 3388 4123 ac
3433 4084 3583 4122 com-

2008 4176 2309 4236 mentitiae,
2362 4170 2563 4242 quibus
2608 4167 2775 4221 veluti
2825 4163 3148 4234 quibusdam
3200 4162 3584 4231 integumentis

2006 4270 2202 4324 inertia
2233 4266 2298 4319 ad
2330 4258 2669 4318 conficienda
2700 4260 2956 4310 mandata
2991 4255 3082 4308 Dei
3121 4252 3439 4323 protegitur.
3468 4251 3587 4304 Non

2010 4369 2187 4414 autem
2221 4358 2295 4409 ita
2323 4370 2381 4409 se
2419 4367 2509 4407 res
2538 4350 2720 4403 habet.
2753 4346 2944 4399 Nullus
2969 4348 3114 4400 enim
3153 4344 3205 4396 in
3238 4341 3587 4409 exsequendo

2009 4448 2265 4504 mandato
2287 4444 2447 4498 timor
2470 4442 2634 4494 inest.
2662 4435 2830 4491 Nemo
2855 4430 2997 4490 malo
3022 4434 3222 4486 malum
3250 4438 3423 4483 curet.
3444 4428 3585 4493 Quot

332 4542 469 4594 κατὰ
515 4540 674 4609 φύσιν
719 4541 931 4605 εὐεξίας
974 4540 1068 4595 τοῦ
1106 4539 1358 4610 σώματος
1384 4542 1471 4595 διὰ
1510 4544 1608 4615 τῆς
1654 4545 1895 4614 τοιαύτης

2008 4540 2152 4595 enim
2179 4535 2429 4590 homines
2465 4531 2590 4584 licet
2612 4528 2818 4593 videre,
2850 4526 2945 4596 qui
2990 4525 3099 4592 jam
3132 4522 3257 4575 inde
3289 4536 3317 4572 a
3355 4519 3585 4581 pueritia

333 4631 570 4701 σπουδῆς
603 4629 1070 4701 ἀμαυρώσαντας;
1119 4630 1255 4683 Οὐδέ
1289 4629 1396 4700 γὰρ
1423 4631 1567 4694 εἰκός
1604 4634 1718 4685 ἐστι
1752 4632 1905 4699 γενέ-

334 4722 460 4775 σθαι
492 4720 685 4776 ταῦτα.
727 4721 863 4773 Ἀλλ’
902 4721 1087 4791 ἐπειδή
1123 4738 1244 4775 τινα
1284 4722 1391 4774 τῶν
1427 4724 1769 4793 νοσημάτων,
1799 4719 1908 4775 οἷον

333 4815 386 4867 ad
414 4812 698 4882 λοιμώδεις
748 4813 1024 4884 ἐπιφοραὶ,
1059 4814 1152 4864 καὶ
1180 4813 1281 4866 ὅσα
1312 4812 1535 4867 τοιαῦτα
1569 4814 1668 4884 τῆς
1714 4812 1911 4877 ἔξωθεν

335 4905 512 4968 αἰτίας
539 4904 842 4976 ἠρτημένα,
880 4905 1006 4957 ὃταν
1044 4905 1108 4956 ἐκ
1138 4904 1437 4975 διαφθορᾶς
1465 4906 1623 4975 ἀέρος
1655 4905 1686 4975 ἢ
1720 4904 1912 4969 ὓδατος

335 4990 573 5067 γίνηται,
601 4994 816 5048 ὕποπτα
844 4998 955 5058 τοῖς
995 4994 1206 5060 πολλοῖς
1243 4998 1409 5056 ἐστιν,
1444 4995 1519 5059 ὡς
1552 4998 1615 5047 ἐκ
1636 4995 1747 5048 τῶν
1780 5012 1913 5066 προ-

334 5087 653 5142 εαλωκότων
672 5087 765 5140 καὶ
787 5087 920 5157 πρὸς
934 5088 1056 5149 τοὺς
1077 5086 1532 5158 προτεγγίζοντας
1549 5086 1912 5152 διαϐαίνοντα,

337 5178 456 5231 οὐδὲ
495 5180 612 5231 ἐκεῖ
640 5177 735 5230 τοῦ
770 5177 994 5240 πάθους,
1027 5177 1102 5240 ὡς
1150 5173 1332 5247 οἶμαι,
1366 5177 1443 5247 τῷ
1483 5176 1778 5246 ὑγιαίνοντι
1815 5177 1914 5247 τὴν

338 5269 649 5343 ἀρρωστίαν
687 5273 750 5323 ἐκ
785 5269 1071 5331 διαδόσεως
1102 5267 1479 5338 ἐμποιοῦντος·
1510 5267 1642 5321 ἀλλὰ
1675 5269 1773 5338 τῆς
1802 5284 1915 5320 κοι-

340 5362 433 5432 νῆς
471 5363 738 5432 ἐπιφορᾶς
765 5361 862 5430 τὴν
890 5361 1179 5431 ὁμοιότητα
1219 5359 1310 5412 τοῦ
1349 5360 1780 5431 ἁρρωστήματος
1818 5360 1914 5410 ἐπ-

341 5451 600 5523 αγούσης,
632 5451 789 5522 ἔσχεν
814 5452 989 5506 αἰτίαν
1034 5451 1067 5520 ἡ
1100 5450 1252 5513 νόσος
1281 5451 1346 5502 ἐκ
1367 5449 1474 5501 τῶν
1498 5449 1915 5519 προεαλωκότων

342 5544 432 5597 καὶ
472 5546 553 5606 είς
579 5543 705 5607 τοὺς
738 5543 952 5606 λοιποὺς
977 5540 1344 5596 διαϐαίνουσα.
1390 5540 1652 5594 Ἐνταῦθα
1686 5541 1742 5594 δέ
1776 5540 1919 5592 ἐνδο-

414 5722 461 5753 "
521 5720 655 5777 Luc.
718 5736 827 5783 xvn,
889 5720 950 5773 l9
987 5734 1107 5791 sqq.

1184 5719 1229 5750 ⁷⁵
1275 5718 1309 5769 ll
1361 5717 1485 5772 Cor.
1537 5731 1654 5782 vm,
1717 5716 1800 5770 l4.
1855 5717 1898 5748 "
1975 5714 2107 5768 Luc.
2163 5730 2273 5775 ut,
2312 5716 2365 5768 9.
2444 5713 2488 5744 ⁷⁸
2548 5710 2736 5765 Matth.
2804 5725 2857 5769 v.
2912 5710 2938 5758 ἲ

2007 4631 2073 4686 ad
2098 4633 2271 4700 ipsam
2305 4641 2483 4696 usque
2530 4627 2868 4678 senectutem
2900 4631 3055 4671 suam
3099 4615 3151 4666 in
3194 4610 3458 4680 ejusmodi
3493 4624 3588 4661 cu-

2006 4723 2216 4777 ratione
2241 4733 2461 4788 operam
2493 4714 2853 4771 collocarunt,
2884 4723 3059 4776 ncque
3093 4713 3271 4757 tamen
3305 4701 3372 4755 ob
3406 4701 3459 4753 id
3481 4710 3594 4754 stu;

2010 4812 2158 4866 dium
2199 4810 2339 4864 bona
2381 4808 2625 4876 ipsorum
2677 4798 2939 4855 habitudo
2981 4810 3270 4866 corporum
3317 4791 3583 4845 naturalis

2011 4913 2095 4958 est
2127 4903 2239 4955 ullo
2267 4899 2425 4956 modo
2454 4896 2597 4950 facta
2632 4889 2911 4948 deterior?
2952 4887 3139 4956 Neque
3168 4899 3298 4938 vero
3326 4884 3433 4936 ulla
3466 4897 3592 4951 pro-

2015 4995 2181 5050 babili
2229 4988 2537 5051 rationejd
2597 4986 2711 5039 fieri
2756 4993 2951 5054 potest.
3008 4979 3272 5034 Caeterum
3331 4974 3588 5044 quoniam

2017 5079 2310 5151 aliquando
2341 5078 2568 5132 saeviunt
2607 5074 2855 5145 quaedam
2910 5069 3225 5124 morborum
3270 5078 3488 5135 genera,
3534 5069 3590 5114 ut

2017 5166 2361 5237 pestilentiae,
2393 5172 2447 5219 et
2476 5163 2580 5216 alia
2620 5159 2911 5230 ejusmodi,
2947 5172 3068 5228 quae
3100 5172 3165 5210 ex
3196 5152 3377 5207 causis
3407 5158 3579 5205 exter-

2019 5263 2106 5317 nis
2147 5259 2400 5331 pendent,
2436 5272 2557 5327 quze
2599 5255 2855 5310 videlicet
2898 5267 3024 5305 aere
3074 5263 3282 5319 aquave
3335 5252 3597 5312 corrupta.

2020 5358 2382 5424 generantur;
2427 5349 2541 5403 haec
2565 5354 2744 5401 autem
2778 5353 3037 5413 tanquam
3060 5344 3129 5398 ab
3163 5341 3290 5405 illis,
3323 5337 3413 5408 qui
3444 5336 3594 5406 prius

2025 5442 2258 5512 correpti
2293 5449 2440 5503 sunt.
2467 5455 2560 5495 eos
2594 5438 2685 5509 qui
2725 5435 3184 5515 ajipi'opitiqtiellt,
3213 5430 3475 5485 invadant
3507 5437 3595 5481 at-

2027 5551 2132 5606 que
2160 5534 2538 5605 coinquinent,
2572 5529 2758 5585 multis
2796 5536 3053 5597 suspecta
3094 5532 3220 5580 sunt
3245 5540 3259 5578 :
3282 5533 3596 5593 quanquam
