4072 6156
471 230 571 285 487

1651 236 1711 292 5.
1763 233 2087 290 GREGORII
2143 233 2434 290 NYSSENI
2494 301 2509 317 .

3602 239 3703 297 £88

468 349 592 402 meo
617 344 836 417 quidem
866 345 1074 418 judicio
1123 362 1295 417 neque
1324 345 1538 405 alfectio
1579 348 1669 404 illa
1710 365 1777 403 ex
1819 364 2040 404 succes-

2155 346 2235 400 iav
2284 347 2676 417 συνισταμένης
2722 345 2819 418 τῆς
2860 344 2953 399 τοῦ
2999 343 3238 398 τοιούτου
3281 345 3485 408 πάθους
3540 365 3707 402 κατα-

469 438 625 493 sione
679 439 830 493 sanis
880 439 1130 493 morbum
1185 439 1534 510 dispertitur,
1594 440 1687 495 sed
1734 438 2042 493 communis

2146 438 2367 508 σκευῆς,
2401 438 2492 492 καί
2520 456 2639 491 τινα
2678 438 2772 491 τοῦ
2802 439 3034 508 αἵματος
3074 440 3137 490 ἐκ
3182 437 3279 507 τῆς
3323 439 3711 511 παρεγχύσεως

471 528 791 597 pestilentiae
837 528 1041 581 saevitia
1100 530 1276 582 morbi
1325 529 1736 583 similitudinem
1786 526 2045 581 atl‘erente

2155 529 2248 583 τῶν
2282 529 2616 601 φθοροποιῶν
2657 528 2845 599 χυμῶν
2889 528 3183 599 διαφθορὰν
3227 529 3615 598 ὑπομένοντος,
3653 533 3711 584 ἐν

470 621 692 674 morbus
723 619 848 672 inde
887 629 1180 689 generatus
1224 629 1330 684 est,
1364 630 1418 674 et
1469 621 1536 675 ab
1581 620 1689 674 illis
1737 617 1829 688 qui
1881 616 2041 687 primi

469 709 701 776 correpti
742 716 872 762 sunt
903 707 969 761 ad
1006 710 1248 781 reliquos
1286 710 1507 779 serpsit.
1553 708 1623 762 At
1659 707 1746 761 hic
1785 706 2043 776 quoniam

474 798 776 854 affectionis
808 801 890 854 vis
932 801 1079 854 intus
1116 802 1457 856 contrahitur
1488 809 1543 856 et
1578 799 1856 862 consistit,
1894 806 1948 853 et
1979 813 2044 854 ex

470 888 807 944 tabiﬁcoruut
865 892 1152 946 bumorum
1230 893 1585 962 permistione
1643 889 2046 961 quodammodo

476 979 700 1046 sanguis
740 984 1127 1052 corrumpitur,
1159 983 1211 1036 in
1254 990 1552 1053 mgrotante
1594 983 1768 1038 solum
1796 980 1963 1035 haeret
1993 986 2049 1035 et

478 1072 946 1127 circumscribitur
975 1074 1205 1128 allectio.
1268 1074 1383 1127 Hoc
1411 1082 1589 1129 autem
1619 1075 1699 1129 sic
1729 1073 1950 1134 habere,
1980 1071 2046 1125 il-

476 1158 571 1212 lud
607 1159 869 1215 indicium
921 1164 1011 1217 sit.
1075 1163 1179 1229 Qui
1227 1165 1419 1219 morbo
1466 1163 1737 1227 laborant,
1772 1160 2050 1231 aliquidne

478 1253 721 1308 melioris
757 1254 1091 1310 babitudinis
1126 1255 1415 1325 acquirunt
1462 1270 1526 1310 ex
1569 1252 1970 1309 consuetudine
1995 1259 2049 1307 et

480 1343 847 1400 familiaritate
885 1362 1098 1409 eorum,
1134 1348 1225 1416 qui
1260 1346 1541 1402 commoda
1569 1345 1821 1401 feruntur
1849 1344 2052 1397 valetu-

476 1435 624 1497 dine,
659 1439 908 1504 quamvis
939 1446 1200 1494 curentur
1231 1439 1300 1493 ab
1321 1440 1401 1493 eis
1424 1435 1878 1507 diligentissime?
1905 1433 2050 1488 Nihil

477 1527 723 1581 omnino.
781 1525 873 1581 Sic
920 1528 1084 1598 igitur
1116 1544 1147 1585 e
1195 1529 1474 1583 contrario
1525 1525 1640 1581 tieri
1682 1540 1780 1595 par
1832 1534 1950 1585 est,
1992 1531 2051 1577 ut

482 1617 615 1670 nihil
646 1632 708 1672 ex
739 1620 1131 1689 :rgrotantibus
1165 1619 1230 1674 ad
1262 1626 1412 1674 recte
1448 1618 1691 1671 valentes
1718 1612 2052 1669 incommodi

2144 619 2221 690 τῷ
2249 620 2506 691 κάμνοντι
2548 620 2608 672 τὸ
2640 608 2807 683 πάθος
2857 617 3256 690 περιορίζεται·
3299 619 3392 672 καὶ
3431 622 3513 675 ὅτι
3544 621 3716 676 ταῦτα

2145 711 2318 774 οὕτως
2351 710 2487 780 ἔχει,
2518 710 2749 781 πάρεστι
2791 710 2884 764 καὶ
2919 712 3026 765 ἀπὸ
3055 712 3243 766 τούτου
3276 713 3485 784 μαθεῖν.
3510 715 3600 784 Μή
3631 730 3716 776 τις

2146 802 2254 857 ἀπὸ
2284 803 2391 856 τῶν
2431 801 2789 856 εὐεκτούντων
2824 802 2936 865 τοῖς
2967 802 3305 875 ἀρρωστοῦσι
3342 804 3594 858 κοινωνία
3616 804 3717 874 τῆς

2148 892 2454 963 κρείττονος
2491 891 2657 956 ἕξεως
2700 890 2938 960 γίνεται,
2981 891 3083 946 κᾶν
3131 894 3336 966 σφόδρα
3375 895 3619 966 λιπαρῶς
3646 898 3715 966 τῇ

2148 982 2412 1054 θεραπείᾳ
2440 981 2849 1052 προσμένωσιν;
2885 984 2998 1036 Οὐκ
3029 982 3143 1038 ἔστι
3183 986 3374 1040 ταῦτα.
3411 987 3594 1050 Οὕτως
3621 982 3718 1040 οὖν

2148 1072 2294 1134 εἰκὸς
2322 1072 2417 1125 καὶ
2461 1070 2522 1123 τὸ
2570 1072 2821 1141 ἔμπαλιν,
2872 1073 3006 1143 μηδέ
3050 1074 3156 1141 ἀπὸ
3200 1075 3309 1128 τῶν
3352 1074 3719 1131 ἀσθενούντων

2149 1161 2284 1233 πρὸς
2336 1162 2462 1226 τοὺς
2509 1163 2861 1226 εύεκτοῦντας
2909 1165 3248 1233 μεταϐαίνειν
3298 1167 3361 1220 τδ
3411 1166 3600 1232 πάθος.
3654 1168 3721 1220 Ei.

2147 1252 2325 1305 τοίνυν
2372 1253 2433 1305 τὸ
2483 1253 2583 1324 μὲν
2622 1253 2810 1325 κέρδος
2852 1254 2949 1324 τῆς
2995 1255 3214 1327 ἐντολῆς
3256 1258 3525 1322 τοσοῦτον,
3577 1257 3719 1310 ὥστε

2153 1343 2428 1412 βασιλείαν
2459 1344 2701 1415 οὐρανῶν
2727 1345 2793 1398 δι’
2822 1347 2991 1418 αὐτῆς
3022 1347 3400 1419 ἑτοιμάζεσθαι
3424 1389 3439 1415 ,
3470 1348 3641 1420 ζημία
3662 1347 3721 1401 δὲ

2153 1432 2439 1500 πρόσεστιν
2468 1434 2649 1498 αὐτοῖς
2669 1435 2894 1506 οὐδεμία
2927 1438 3003 1509 τῷ
3030 1438 3240 1509 σώματι
3263 1440 3354 1492 τοῦ
3387 1438 3719 1509 θεραπεύονο

2150 1539 2242 1585 τος
2261 1537 2272 1549 °
2305 1522 2357 1576 τί
2382 1522 2441 1575 τὸ
2471 1523 2677 1578 κωλύον
2705 1525 2822 1578 ἐστὶ
2851 1526 3054 1592 λοιπὸν,
3084 1528 3305 1599 ἐνεργὸν
3331 1525 3469 1582 εἷναι
3500 1529 3599 1601 τὴν
3638 1532 3723 1584 ἐν·

2151 1614 2310 1684 τολὴν
2336 1614 2437 1684 τῆς
2462 1615 2711 1687 ἀγάπης;

482 1710 779 1777 perveniat.
827 1708 1026 1776 Quare,
1064 1726 1188 1779 cum
1228 1717 1379 1763 tanta
1407 1707 1649 1764 mandati
1702 1707 1912 1761 utilitas
1954 1703 2043 1767 sit,
2086 1711 2146 1757 ut
2179 1706 2305 1760 inde
2324 1721 2551 1774 regnum
2586 1707 2850 1762 caelorum
2881 1718 3264 1779 comparetur;
3298 1709 3354 1763 in
3412 1724 3479 1765 eo
3541 1719 3725 1765 autem

480 1802 786 1856 exercendo
808 1803 1016 1856 nullum
1050 1778 1378 1873 periculum,
1411 1812 1469 1855 ttt
1496 1815 1697 1870 corpus
1730 1796 2042 1854 detrimenti
2081 1796 2378 1868 quidquam
2410 1797 2663 1868 accipiat,
2706 1799 2839 1869 quid
2898 1778 3291 1870 impedimento
3333 1807 3438 1864 est,
3508 1800 3726 1871 quomi-

482 1906 586 1946 nus
628 1892 802 1961 ipsum
833 1893 1115 1948 cbaritatis
1155 1893 1468 1947 mandatum
1492 1890 1808 1947 excolatur?

551 1981 796 2047 Diﬂicile,
830 1993 883 2039 et
916 1988 1094 2057 magni
1132 1987 1336 2042 laboris
1363 1993 1466 2050 est,
1510 1984 1747 2054 inquies,
1779 1990 1838 2038 ut
1871 1980 2046 2037 homi-

2155 1966 2163 1976 ’
2236 1977 2374 2031 Ἀλλ’
2405 1976 2657 2031 ἐπίπονον
2688 1978 2863 2047 λέγεις
2900 1972 3037 2032 εἶναι
3067 1980 3127 2032 τὸ
3154 1978 3443 2049 βιάσασθαι
3482 1986 3724 2051 φυσικῶς

480 2086 578 2126 nes
618 2072 685 2126 ad
732 2072 865 2137 haec,
915 2089 945 2127 a
984 2075 1183 2144 quibus
1239 2075 1561 2129 naturaliter
1606 2082 1661 2129 et
1700 2071 2049 2128 instinctione

481 2164 712 2231 quadam
759 2166 927 2219 animi
966 2167 1278 2230 abhorrent,
1308 2163 1682 2235 amplectenda
1726 2162 2051 2234 pertrahan-

480 2262 591 2307 tur.
624 2252 791 2317 Belle,
841 2255 1104 2311 rationem
1154 2256 1406 2320 admitto,
1441 2263 1495 2310 et
1546 2256 1885 2312 laboriosum
1926 2268 2052 2309 esse

482 2346 766 2401 conﬁteor.
800 2344 1002 2402 Verum
1054 2347 1312 2418 quidnam
1343 2362 1532 2403 eorum
1566 2362 1687 2417 quae
1741 2362 1808 2402 ex
1844 2346 2049 2401 virtute

484 2437 863 2509 perﬁciuntur,
915 2453 946 2493 a
980 2439 1166 2494 labore
1202 2452 1436 2493 vacuum
1470 2436 1767 2493 ostendes?
1810 2434 2050 2491 Sudores

481 2535 537 2582 et
562 2529 777 2584 labores
810 2530 1010 2585 multos
1039 2544 1220 2585 rerum
1255 2529 1559 2584 caelestium
1596 2528 1711 2598 spei
1753 2528 1839 2582 lex
1870 2525 2053 2581 divina

486 2621 812 2689 proposuit,
861 2620 1198 2692 arduamque
1243 2619 1312 2675 ad
1367 2620 1532 2675 vitam
1571 2619 1862 2674 ducentem
1909 2617 2053 2671 viam

488 2710 799 2764 hominibus
827 2710 1244 2777 demonstravit,
1269 2726 1497 2781 eamque
1520 2708 1969 2764 laboriosissimis
1987 2721 2051 2761 ac

487 2795 819 2852 diﬂicillimis
860 2800 1167 2869 quibusque
1209 2799 1554 2855 documentis
1585 2802 1915 2869 peranguste
1966 2810 2053 2850 re-

488 2880 722 2938 ferciens
748 2884 987 2954 undique
1014 2887 1330 2941 coarctavit.
1353 2889 1593 2956 Angusta
1615 2886 1754 2940 enim
1772 2895 1851 2940 est
1876 2894 2050 2954 porta,

487 2982 541 3027 et
565 2983 736 3040 arcta,
771 2974 945 3044 inquit
970 3015 984 3039 ,
1013 2985 1089 3030 est
1123 2977 1209 3030 via
1240 2994 1354 3047 qua:
1381 2976 1524 3031 ducit
1547 2977 1615 3030 ad
1638 2977 1875 3030 vitam".
1912 2974 2055 3043 Quid

486 3065 652 3136 ergo?
682 3065 906 3121 Illamne
934 3069 1130 3122 summi
1163 3068 1288 3122 boni
1317 3083 1468 3139 spem
1511 3068 1714 3123 idcirco
1739 3075 2055 3123 contemne-

490 3173 634 3223 mus,
665 3157 810 3228 quod
839 3159 905 3212 ad
929 3158 1060 3212 illud
1093 3159 1303 3228 ignavis
1323 3172 1377 3216 et
1396 3159 1664 3215 inertibus
1685 3160 1927 3229 aspirare
1948 3173 2056 3213 non

490 3249 651 3304 licet?
680 3251 1081 3319 lnterrogemus
1105 3250 1501 3317 adolescentes,
1526 3258 1706 3305 utrum
1727 3249 2055 3307 laboriosius

491 3340 585 3404 sit,
627 3340 830 3405 sobrie,
870 3348 1020 3396 caste
1062 3352 1118 3398 et
1186 3343 1529 3399 continenter
1585 3342 1787 3409 vivere,
1839 3356 1910 3398 an
1965 3358 2055 3399 re-

492 3429 675 3485 laxare
704 3429 942 3487 habenas
989 3431 1296 3502 cupiditati,
1323 3442 1378 3488 et
1410 3433 1590 3489 solute
1629 3448 1693 3488 ac
1724 3433 1894 3489 libere
1923 3447 2058 3488 con-

490 3523 709 3593 quisitis
737 3524 977 3595 undique
1014 3525 1391 3595 voluptatibus
1422 3524 1566 3593 frui;
1610 3532 1666 3581 et
1711 3526 1826 3580 haec
1857 3540 1928 3579 an
1964 3525 2058 3579 illa

489 3615 704 3669 vivendi
743 3616 883 3670 ratio
927 3616 1168 3680 suavior,
1205 3625 1260 3671 et
1298 3617 1472 3688 magis
1511 3616 1751 3686 optanda
1790 3615 2055 3672 videatur.

491 3702 630 3770 Quid
662 3706 762 3775 ipsi
802 3708 912 3761 sint
941 3706 1262 3776 responsuri
1306 3706 1512 3760 nemini
1555 3705 1779 3761 dubium
1810 3713 1913 3761 est.
1947 3704 2058 3762 Nos

491 3809 619 3863 ergo
663 3806 945 3864 pr0pterea
987 3797 1038 3849 id
1064 3834 1079 3858 ,
1127 3795 1274 3865 quod
1321 3794 1624 3863 jucundum
1675 3803 1730 3850 et
1777 3795 1936 3851 facile
1975 3805 2058 3851 est

492 3886 954 3951 complectemur;
1005 3887 1205 3938 virtute
1229 3893 1432 3947 autem,
1466 3884 1611 3953 quod
1638 3884 1869 3940 diﬂicilis
1908 3886 2061 3941 labo-

496 3973 752 4041 riosaquc
786 3975 851 4027 sit
873 4014 886 4035 ,
933 3990 1029 4044 per
1070 3974 1338 4045 ignaviam
1374 3975 1740 4031 deliciemus?
1784 3975 1950 4047 Atqui
1985 3976 2062 4031 illi

494 4063 588 4133 qui
629 4064 753 4117 vita:
783 4065 927 4134 leges
977 4066 1118 4130 tulit,
1164 4066 1265 4121 ista
1315 4080 1423 4120 non
1465 4066 1785 4136 probantur.
1829 4066 2062 4125 Proinde

497 4156 741 4224 spatiosa‘
781 4157 870 4210 illa
902 4157 1156 4213 deorsum
1193 4160 1259 4214 ad
1290 4161 1582 4230 perniciem
1617 4162 1874 4217 tendente
1903 4162 2060 4218 nobis

498 4245 783 4301 interdicta
819 4249 924 4301 via.
978 4248 1200 4314 Intrate,
1239 4251 1433 4322 inquit,
1463 4269 1554 4322 per
1584 4264 1862 4323 angustam
1897 4263 1946 4308 et
1971 4270 2062 4307 ar-

501 4346 635 4391 ctam
661 4348 888 4407 portam.
936 4341 1113 4395 Unum
1158 4342 1322 4411 igitur
1363 4359 1427 4398 ex
1477 4344 1582 4398 illis
1621 4344 1908 4411 institutis,
1942 4360 2063 4415 qua;

495 4438 645 4483 reete
676 4446 772 4499 per
815 4430 1054 4486 laborem
1078 4442 1421 4498 exercentur,
1449 4441 1502 4486 et
1539 4433 1642 4488 hoc
1664 4433 2059 4500 existimemus,

496 4528 555 4574 ut
589 4520 850 4590 rejectum
899 4524 1065 4577 evita
1109 4532 1271 4592 atque
1321 4525 1591 4578 exoletum
1641 4525 1952 4579 mandatum
2005 4527 2061 4581 in

494 4611 944 4667 consuetudinem
987 4615 1325 4676 inducamus,
1370 4623 1424 4670 et
1468 4615 1771 4670 naturalem
1806 4617 2061 4673 oﬂ'ensio—

494 4716 640 4765 nem,
679 4710 841 4772 atque
874 4702 1150 4759 fastidium
1189 4706 1377 4771 animi,
1423 4720 1530 4775 quo
1566 4705 1632 4760 ab
1674 4705 1766 4762 illo
1793 4707 2061 4764 abhorrea

494 4808 637 4859 mus,
670 4795 1075 4851 exercitationis
1109 4797 1426 4853 assiduitate
1469 4800 1759 4863 leniamus,
1790 4808 1843 4855 et.
1871 4815 2059 4857 cmeno

494 4883 707 4939 demus.
745 4885 934 4954 Magna
960 4888 1104 4941 enim
1137 4896 1220 4942 est
1241 4890 1653 4945 consuetudinis
1686 4891 1786 4955 vis,
1814 4900 1866 4946 et
1898 4894 2061 4948 rebus

492 4976 655 5030 etiam
707 4976 1103 5033 dillicilioribus
1173 4979 1310 5033 solet
1371 4980 1704 5049 voluptatem
1767 4983 2059 5051 quamdam

494 5082 801 5139 aspergere.
835 5068 1195 5134 Quamobrem
1227 5086 1294 5124 ne
1324 5072 1447 5141 quis
1478 5073 1712 5141 amplius
1746 5074 2057 5129 mandatum

492 5175 615 5217 esse
644 5159 857 5214 diﬂicile
906 5175 971 5214 ac
1024 5161 1356 5216 laboriosum
1409 5162 1676 5232 objieiat;
1736 5178 1828 5218 seu
1880 5166 2059 5235 potius

493 5265 683 5306 omnes
719 5254 851 5305 utile
886 5268 950 5306 ac
988 5250 1327 5308 fructuosum
1372 5254 1503 5309 illud
1552 5263 1700 5309 recte
1729 5256 2058 5313 oleuntibus

495 5338 786 5423 fateantur.
834 5340 898 5394 Et
948 5344 1204 5411 quoniam
1259 5354 1481 5414 apparet
1529 5345 1664 5399 lucri
1716 5345 2056 5413 magnitudo,

496 5430 651 5487 labor
673 5433 850 5488 omnis
878 5433 1130 5490 alacriter
1161 5437 1511 5506 suscipiatur.
1553 5436 1684 5490 Nam
1715 5434 1856 5503 qu.)d
1905 5437 2056 5506 prin-

568 5606 611 5637 "
657 5608 849 5664 Matth.
885 5626 978 5676 vtt,
1024 5580 1089 5665 ξεί
1133 5628 1252 5681 sqq.

2149 2069 2218 2123 τά
2250 2067 2474 2123 τοιαῦτα
2503 2069 2911 2140 μυσαττομένην
2935 2070 3042 2123 τῶν
3075 2067 3282 2124 πολλῶν
3312 2072 3409 2142 τὴν
3439 2072 3582 2138 ἐξιν;
3620 2077 3728 2130 Κα-

2149 2161 2287 2223 λῶς·
2323 2159 2640 2231 συντίθεμαι
2681 2160 2759 2231 τῷ
2789 2160 2950 2232 λόγῳ,
2982 2162 3064 2215 ὅτι
3099 2162 3373 2216 ἐπίπονον.
3419 2165 3483 2217 Τί
3510 2165 3568 2218 δέ
3597 2167 3729 2221 ἄλλο

2149 2250 2258 2303 τῶν
2286 2250 2405 2302 κατ’
2437 2250 2637 2321 ἀρετὴν
2662 2249 2993 2321 τελουμένων
3017 2251 3214 2304 ἄπονον
3239 2250 3432 2317 δείξεις
3454 2269 3468 2318 ;
3500 2253 3730 2318 πολλοὺς

2152 2340 2381 2414 ἱδρῶτας
2399 2341 2489 2395 καὶ
2506 2341 2697 2405 πόνους
2730 2340 2840 2395 τῶν
2867 2342 3132 2413 οὐρανίων
3165 2343 3392 2397 ἐλπίδων
3428 2345 3729 2415 προσέταξε

2152 2433 2334 2505 νόμος,
2364 2433 2459 2485 καὶ
2489 2424 2854 2503 δυσπόρευτον
2893 2431 2990 2502 τὴν
3027 2432 3120 2486 ἐπὶ
3156 2433 3254 2502 τὴν
3289 2431 3433 2505 ζωὴν
3466 2433 3583 2487 ὁδὸν
3613 2438 3729 2498 τοῖς
3751 2498 3765 2511 θ

2150 2523 2459 2596 ἀνθρώποις
2499 2522 2766 2589 ὑπέδειξε,
2807 2523 2919 2586 τοῖς
2951 2523 3226 2586 ἐπιπόνοις
3255 2524 3348 2577 καὶ
3372 2524 3728 2596 τραχυτέροις

2151 2614 2256 2671 τῶν
2271 2612 2712 2685 ἐπιτηδευμάτων
2727 2612 3097 2683 ἁπανταχόθεν
3115 2612 3516 2678 ἀποστενώσας.
3534 2615 3727 2684 Στενὴ

2150 2705 2263 2774 γὰρ
2279 2705 2379 2759 καὶ
2401 2701 2777 2772 τεθλιμμένη,
2819 2702 3000 2772 φησὶν,
3022 2702 3061 2771 ἠ
3086 2702 3223 2768 ὁδὸς
3245 2706 3283 2773 ἠ
3304 2704 3624 2776 ἀπάγουσα
3641 2709 3729 2773 είς

2151 2795 2268 2863 τὴν
2313 2794 2483 2863 ζωήν.
2529 2794 2595 2848 Τί
2635 2789 2756 2860 οῦν;
2790 2794 2890 2849 Διὰ
2928 2794 3084 2849 τοῦτο
3128 2797 3225 2869 τῆς
3263 2797 3473 2859 ἐλπίδος
3512 2798 3727 2868 ἐκείνης

2152 2885 2261 2940 τῶν
2301 2885 2523 2955 ἀγαθῶν
2567 2885 2949 2957 ἀμελήσωμεν,
2992 2886 3075 2941 ὅτι
3124 2888 3199 2960 μὴ
3253 2888 3392 2959 μετά
3448 2891 3731 2962 ῥᾳστώνης

2156 2976 2329 3042 ἔξεστι
2352 2977 2652 3049 κτήσασθαι
2678 2993 2693 3042 ;
2740 2976 3133 3049 Ἑρωτήσωμεν
3163 2978 3260 3050 τὴν
3303 2979 3548 3049 νεότητα,
3577 2980 3626 3033 εί
3654 2979 3729 3050 μὴ

2153 3072 2407 3138 ἐπίπονος
2432 3073 2466 3144 ὴ
2509 3071 2825 3145 σωφροσύνη
2854 3072 3021 3136 δοκεῖ,
3054 3070 3086 3141 ἢ
3115 3069 3175 3123 τὸ
3201 3070 3423 3141 ἀναίδην
3459 3073 3579 3132 ταῖς
3608 3071 3730 3123 ἐπι-

2156 3162 2375 3233 θυμίαις
2403 3163 2722 3234 κεχρῆσθαι,
2744 3161 2844 3232 τῆς
2865 3159 3164 3232 ἐγκρατοῦς
3188 3158 3464 3228 διαγωγῆς
3490 3158 3563 3229 μὴ
3593 3157 3726 3213 πολὺ

2156 3251 2547 3322 ποθεινότερον.
2590 3246 2716 3322 Ἀρῖ
2749 3247 2841 3304 οὖν
2877 3248 2967 3305 διὰ
2997 3247 3155 3302 τοῦτο
3184 3246 3245 3300 τὸ
3294 3247 3391 3318 μὲν
3421 3246 3517 3317 ἡδύ
3546 3263 3605 3299 τε
3636 3245 3732 3300 καὶ

2157 3343 2381 3406 εὐπετὲς
2411 3341 2776 3412 ἀνθεξόμεθα,
2805 3340 2943 3412 πρὸς
2974 3340 3030 3394 δέ
3076 3340 3137 3393 τὸ
3181 3340 3354 3411 τραχὺ
3399 3339 3496 3408 τῆς
3530 3335 3733 3408 ἀρετῆς

2158 3435 2574 3505 ἀποκνήσομεν;
2607 3434 2680 3487 Οὐ
2705 3433 2875 3489 ταῦτα
2887 3433 3036 3489 δοκεῖ
3052 3430 3131 3502 τῷ
3151 3431 3250 3501 τῆς
3278 3429 3422 3501 ζωῆς
3442 3427 3729 3500 νομοθέτῃ,

2157 3525 2235 3598 τῷ
2264 3526 2364 3597 τὴν
2394 3525 2650 3580 πλατεῖαν
2680 3527 2774 3580 καὶ
2804 3525 3095 3596 κατωφερῆ
3140 3523 3233 3577 καὶ
3266 3520 3577 3593 εὐρύχωρον
3616 3519 3733 3573 όδδν

2159 3618 2298 3672 κατά
2334 3619 2424 3672 τὸν
2457 3617 2568 3688 βίον
2595 3617 2917 3672 κωλύσαντι.
2948 3617 3264 3671 Εὶσέλθετε
3287 3613 3415 3683 γὰρ,
3448 3612 3600 3682 φησὶ,
3637 3609 3733 3664 διὰ

2159 3711 2270 3782 τῆς
2293 3710 2515 3781 στενῆς
2548 3711 2643 3765 καί
2683 3708 3094 3778 τεθλιμμένης.
3131 3705 3340 3761 Οὐκοῦν
3373 3703 3467 3757 καὶ
3498 3698 3735 3755 ἐνταῦθα

2160 3804 2217 3859 ἐν
2243 3804 2352 3860 τῶν
2386 3804 2471 3857 διὰ
2510 3804 2670 3857 πόνου
2710 3798 3157 3872 κατορθουμένων
3182 3796 3278 3851 καὶ
3309 3794 3467 3849 τοῦτο
3501 3792 3736 3864 νομίσωο

2164 3913 2284 3967 μεν,
2334 3895 2394 3949 τὸ
2434 3896 2662 3963 ἀγαγεῖν
2714 3894 2793 3957 είς
2837 3890 3126 3961 συνήθειαν
3164 3884 3602 3956 ἀποξενουμένην
3637 3876 3732 3936 τοῦ

2164 3987 2278 4058 βίου
2309 3986 2406 4057 τὴν
2435 3983 2673 4055 ἐντολὴν,
2716 3982 2811 4036 καὶ
2837 3981 2936 4053 τὴν
2970 3980 3204 4052 φυσικὴν
3240 3978 3349 4032 τῶν
3381 3976 3732 4047 ὑγιαινόντων

2161 4075 2505 4147 ἀποστροφὴν
2532 4077 2599 4145 τῇ
2630 4075 2863 4144 ἐπιμονῇ
2908 4070 3002 4125 τοῦ
3031 4071 3354 4143 πράγματος
3379 4063 3731 4136 θεραπεύσω-

2165 4184 2285 4238 μεν.
2319 4165 2475 4237 Δεινὴ
2507 4165 2616 4236 γάρ
2649 4165 2795 4217 ἐστιν
2840 4163 2873 4232 ἡ
2908 4161 3163 4232 συνήθεια
3194 4158 3287 4211 καὶ
3316 4159 3429 4220 τοῖς
3462 4153 3730 4207 δυσκολω-

2161 4257 2338 4328 τέροις
2367 4249 2504 4308 εἶναι
2545 4252 2789 4307 δοκοῦσιν
2814 4250 3005 4322 ἡδονήν
3052 4265 3172 4302 τινα
3216 4246 3306 4300 διὰ
3329 4248 3428 4316 τῆς
3469 4244 3731 4312 ἐπιμονῆς

2164 4343 2578 4417 ἐνεργάσασθαι.
2613 4342 2704 4412 Μὴ
2743 4341 2920 4394 τοίνυν
2964 4338 3170 4407 λεγέτω
3202 4353 3304 4399 τις,
3345 4334 3420 4397 ὡς
3452 4333 3728 4392 ἐπίπονον,

2164 4435 2277 4490 ἀλλ’
2311 4437 2390 4488 ὅτι
2432 4432 2706 4502 ἐπωφελές
2737 4432 2846 4494 τοῖς
2888 4428 3130 4501 μετιοῦσι
3176 4428 3237 4481 τὸ
3278 4423 3730 4496 κατορθούμενον.

2163 4525 2274 4578 Καὶ
2312 4523 2496 4593 ἐπειδὴ
2530 4522 2669 4592 μέγα
2712 4520 2772 4573 τὸ
2801 4519 3018 4591 κέρδος,
3060 4517 3391 4589 ὑπεροπτέω
3414 4514 3511 4567 τοῦ
3539 4512 3730 4573 πόνου,

2163 4614 2250 4668 διὰ
2311 4615 2372 4667 τὸ
2421 4612 2629 4681 κέρδος.
2678 4610 2804 4665 Ἦδύ
2855 4608 2913 4663 δέ
2973 4608 3052 4679 τῷ
3112 4607 3285 4680 χρόνῳ
3322 4605 3383 4658 τὸ
3435 4602 3569 4665 τέως
3612 4600 3732 4653 ἐπί-

2163 4723 2324 4761 πονον
2360 4702 2448 4756 διὰ
2478 4703 2575 4773 τῆς
2625 4699 2908 4771 συνηθείας
2946 4700 3255 4769 γενήσεται.
3304 4698 3367 4749 Εἰ
3414 4695 3472 4748 δέ
3519 4695 3601 4747 δεῖ
3644 4693 3734 4746 καὶ

2164 4797 2321 4850 τοῦτο
2351 4793 2665 4866 προσθεῖναι
2691 4794 2800 4855 τοῖς
2827 4789 3153 4861 εἰρημένοις,
3178 4789 3261 4842 ὅτι
3291 4789 3385 4842 καὶ
3413 4788 3543 4856 παρ’
3574 4784 3733 4837 αὐτὸν

2162 4887 2349 4943 τοῦτον
2395 4886 2485 4940 τὸν
2536 4885 2646 4957 βίον
2679 4883 2962 4954 ἐπωφελής
3012 4883 3127 4937 ἐστι
3171 4881 3284 4943 τοῖς
3332 4876 3663 4946 ὑγιαίνουσιν
3698 4875 3731 4943 ἡ

2165 4977 2301 5051 πρὸς
2348 4976 2679 5047 ἀτυχοῦντας
2724 4973 3036 5045 συμπάθεια
3061 4991 3072 5003 ·
3108 4971 3271 5034 καλὸς
3304 4970 3412 5040 γάρ
3455 4968 3574 5020 ἐστι
3621 4966 3732 5027 τοῖς

2164 5073 2286 5127 νοῦν
2327 5071 2537 5142 ἔχουσιν
2577 5069 2767 5139 ἔρανος
2795 5067 2941 5120 ἐλέου
2960 5107 2975 5130 ,
3005 5067 3062 5119 ἐν
3104 5067 3222 5125 ταῖς
3255 5062 3456 5134 ἐτέρων
3487 5059 3728 5127 δυσπρα-

2164 5165 2310 5232 γίαις
2351 5158 2832 5231 προαποκείμενος.
2877 5155 3094 5223 Ἐπειδὴ
3135 5155 3243 5222 γὰρ
3274 5153 3371 5224 μιᾷ
3404 5150 3561 5219 φύσει
3597 5146 3729 5199 διοι-

2165 5257 2339 5309 κεῖται
2372 5254 2479 5306 πᾶν
2504 5252 2564 5304 τὸ
2600 5248 2955 5319 ἀνθρώπινον,
2989 5248 3081 5300 καὶ
3113 5244 3261 5299 οὐδὲν
3292 5244 3405 5315 ἔχει
3429 5240 3606 5302 οὐδεὶς
3634 5238 3730 5305 τῆς

2164 5341 2443 5415 διηνεκοῦς
2477 5339 2782 5411 εὐπραγίας
2815 5335 3031 5407 βέϐαιόν
3066 5353 3119 5388 τι
3149 5334 3277 5406 παρ’
3308 5332 3485 5401 ἐαυτῷ
3527 5330 3588 5384 τὸ
3619 5325 3730 5381 ἐνιέ-

2165 5449 2350 5506 χυρον·
2382 5430 2468 5485 διὰ
2512 5429 2709 5493 παντὸς
2738 5428 3001 5497 προσήκει
3030 5424 3336 5499 μεμνῆσθαι
3377 5420 3472 5479 τοῦ
3501 5422 3726 5489 εὐαγγε-
