  <div class='ocr_page' id='page_1' title='image "/cluster/home/n/w/nwhite01/storage/ocr_20150623/46/mdp.39015011915447/253.png"; bbox 0 0 4072 6156; ppageno 0'>
   <div class='ocr_carea' id='block_1_1' title="bbox 465 361 562 417">
    <p class='ocr_par' dir='ltr' id='par_1_1' title="bbox 465 361 562 417">
     <span class='ocr_line' id='line_1_1' title="bbox 465 361 562 417; baseline -0.021 0"><span class='ocrx_word' id='word_1_1' title='bbox 465 361 562 417; x_wconf 72' lang='lat'><strong>49!</strong></span> 
     </span>
    </p>
   </div>
   <div class='ocr_carea' id='block_1_2' title="bbox 1664 337 2415 397">
    <p class='ocr_par' dir='ltr' id='par_1_2' title="bbox 1664 337 2415 397">
     <span class='ocr_line' id='line_1_2' title="bbox 1664 337 2415 397; baseline -0.013 0"><span class='ocrx_word' id='word_1_2' title='bbox 1664 344 1720 397; x_wconf 81' lang='lat' dir='ltr'><strong>S.</strong></span> <span class='ocrx_word' id='word_1_3' title='bbox 1755 340 2083 396; x_wconf 73' lang='lat' dir='ltr'><strong>GllEGOBll</strong></span> <span class='ocrx_word' id='word_1_4' title='bbox 2121 337 2415 391; x_wconf 62' lang='lat' dir='ltr'><strong>NXSSEM</strong></span> 
     </span>
    </p>
   </div>
   <div class='ocr_carea' id='block_1_3' title="bbox 3610 337 3718 394">
    <p class='ocr_par' dir='ltr' id='par_1_3' title="bbox 3610 337 3718 394">
     <span class='ocr_line' id='line_1_3' title="bbox 3610 337 3718 394; baseline 0 -1"><span class='ocrx_word' id='word_1_5' title='bbox 3610 337 3718 394; x_wconf 71' lang='grc'><strong>492</strong></span> 
     </span>
    </p>
   </div>
   <div class='ocr_carea' id='block_1_4' title="bbox 467 444 2041 535">
    <p class='ocr_par' dir='ltr' id='par_1_4' title="bbox 467 457 2032 535">
     <span class='ocr_line' id='line_1_4' title="bbox 467 457 2032 535; baseline -0.015 -3"><span class='ocrx_word' id='word_1_6' title='bbox 467 479 524 533; x_wconf 89' lang='lat' dir='ltr'><strong>in</strong></span> <span class='ocrx_word' id='word_1_7' title='bbox 585 481 688 531; x_wconf 84' lang='lat' dir='ltr'><strong>huc</strong></span> <span class='ocrx_word' id='word_1_8' title='bbox 715 475 877 529; x_wconf 85' lang='lat' dir='ltr'><strong>etiam</strong></span> <span class='ocrx_word' id='word_1_9' title='bbox 913 469 1116 524; x_wconf 68' lang='lat' dir='ltr'><strong>addens</strong></span> <span class='ocrx_word' id='word_1_10' title='bbox 1143 467 1378 521; x_wconf 72' lang='lat' dir='ltr'><strong>militare</strong></span> <span class='ocrx_word' id='word_1_11' title='bbox 1407 469 1733 535; x_wconf 73' lang='lat' dir='ltr'><strong>praeceptum</strong></span> <span class='ocrx_word' id='word_1_12' title='bbox 1770 475 1782 513; x_wconf 89' lang='lat'>:</span> <span class='ocrx_word' id='word_1_13' title='bbox 1816 457 2032 528; x_wconf 84' lang='lat' dir='ltr'><strong>Fugite,</strong></span> 
     </span>
    </p>
   </div>
   <div class='ocr_carea' id='block_1_5' title="bbox 2143 444 3714 535">
    <p class='ocr_par' dir='ltr' id='par_1_5' title="bbox 2143 444 3714 523">
     <span class='ocr_line' id='line_1_5' title="bbox 2143 444 3714 523; baseline -0.003 -16"><span class='ocrx_word' id='word_1_14' title='bbox 2143 444 2457 515; x_wconf 72' lang='grc' dir='ltr'>έλαύνουσα,</span> <span class='ocrx_word' id='word_1_15' title='bbox 2484 448 2575 504; x_wconf 72' lang='grc' dir='ltr'><strong>καὶ</strong></span> <span class='ocrx_word' id='word_1_16' title='bbox 2594 449 2659 523; x_wconf 77' lang='grc' dir='ltr'>δὴ</span> <span class='ocrx_word' id='word_1_17' title='bbox 2686 449 2779 504; x_wconf 72' lang='grc' dir='ltr'><strong>καὶ</strong></span> <span class='ocrx_word' id='word_1_18' title='bbox 2811 447 3198 518; x_wconf 82' lang='grc' dir='ltr'>στρατιωτικὸν</span> <span class='ocrx_word' id='word_1_19' title='bbox 3225 451 3282 502; x_wconf 79' lang='grc' dir='ltr'>ὲν</span> <span class='ocrx_word' id='word_1_20' title='bbox 3309 446 3385 520; x_wconf 82' lang='grc' dir='ltr'>τῷ</span> <span class='ocrx_word' id='word_1_21' title='bbox 3412 448 3558 502; x_wconf 87' lang='grc' dir='ltr'>τέλει</span> <span class='ocrx_word' id='word_1_22' title='bbox 3580 467 3714 520; x_wconf 73' lang='grc' dir='ltr'>παρα</span> 
     </span>
    </p>
   </div>
   <div class='ocr_carea' id='block_1_6' title="bbox 468 548 2038 638">
    <p class='ocr_par' dir='ltr' id='par_1_6' title="bbox 468 548 2038 638">
     <span class='ocr_line' id='line_1_6' title="bbox 468 548 2038 638; baseline -0.011 -16"><span class='ocrx_word' id='word_1_23' title='bbox 468 568 666 638; x_wconf 86' lang='lat' dir='ltr'><strong>inquit,</strong></span> <span class='ocrx_word' id='word_1_24' title='bbox 715 563 1135 634; x_wconf 76' lang='lat' dir='ltr'><strong>fornicationem.</strong></span> <span class='ocrx_word' id='word_1_25' title='bbox 1179 557 1346 614; x_wconf 83' lang='lat' dir='ltr'><strong>Omne</strong></span> <span class='ocrx_word' id='word_1_26' title='bbox 1375 563 1677 625; x_wconf 88' lang='lat' dir='ltr'><strong>peccatum,</strong></span> <span class='ocrx_word' id='word_1_27' title='bbox 1716 548 1854 621; x_wconf 87' lang='lat' dir='ltr'><strong>quod</strong></span> <span class='ocrx_word' id='word_1_28' title='bbox 1909 549 2038 618; x_wconf 83' lang='lat' dir='ltr'><strong>fece-</strong></span> 
     </span>
    </p>
   </div>
   <div class='ocr_carea' id='block_1_7' title="bbox 465 640 2036 719">
    <p class='ocr_par' dir='ltr' id='par_1_7' title="bbox 465 640 2036 719">
     <span class='ocr_line' id='line_1_7' title="bbox 465 640 2036 719; baseline -0.014 -4"><span class='ocrx_word' id='word_1_29' title='bbox 465 664 535 715; x_wconf 87' lang='lat' dir='ltr'><strong>rit</strong></span> <span class='ocrx_word' id='word_1_30' title='bbox 587 659 777 718; x_wconf 80' lang='lat' dir='ltr'><strong>homo,</strong></span> <span class='ocrx_word' id='word_1_31' title='bbox 843 662 922 709; x_wconf 83' lang='lat' dir='ltr'><strong>est</strong></span> <span class='ocrx_word' id='word_1_32' title='bbox 970 662 1124 707; x_wconf 76' lang='lat' dir='ltr'><strong>extra</strong></span> <span class='ocrx_word' id='word_1_33' title='bbox 1176 666 1365 719; x_wconf 79' lang='lat' dir='ltr'><strong>corpus</strong></span> <span class='ocrx_word' id='word_1_34' title='bbox 1395 650 1434 705; x_wconf 77' lang='grc' dir='ltr'><strong>ί.</strong></span> <span class='ocrx_word' id='word_1_35' title='bbox 1485 645 1839 703; x_wconf 89' lang='lat' dir='ltr'><strong>Sensibilium</strong></span> <span class='ocrx_word' id='word_1_36' title='bbox 1892 640 2036 696; x_wconf 89' lang='lat' dir='ltr'><strong>enim</strong></span> 
     </span>
    </p>
   </div>
   <div class='ocr_carea' id='block_1_8' title="bbox 466 733 2038 813">
    <p class='ocr_par' dir='ltr' id='par_1_8' title="bbox 466 733 2038 813">
     <span class='ocr_line' id='line_1_8' title="bbox 466 733 2038 813; baseline -0.013 -6"><span class='ocrx_word' id='word_1_37' title='bbox 466 753 730 808; x_wconf 89' lang='lat' dir='ltr'><strong>bellorum</strong></span> <span class='ocrx_word' id='word_1_38' title='bbox 770 747 994 812; x_wconf 78' lang='lat' dir='ltr'><strong>milites,</strong></span> <span class='ocrx_word' id='word_1_39' title='bbox 1041 759 1185 800; x_wconf 90' lang='lat' dir='ltr'><strong>nunc</strong></span> <span class='ocrx_word' id='word_1_40' title='bbox 1219 743 1438 813; x_wconf 83' lang='lat' dir='ltr'><strong>quidem</strong></span> <span class='ocrx_word' id='word_1_41' title='bbox 1467 739 1715 795; x_wconf 83' lang='lat' dir='ltr'><strong>adversis</strong></span> <span class='ocrx_word' id='word_1_42' title='bbox 1763 733 2038 790; x_wconf 75' lang='lat' dir='ltr'><strong>frontibus</strong></span> 
     </span>
    </p>
   </div>
   <div class='ocr_carea' id='block_1_9' title="bbox 465 829 2035 914">
    <p class='ocr_par' dir='ltr' id='par_1_9' title="bbox 465 829 2035 914">
     <span class='ocr_line' id='line_1_9' title="bbox 465 829 2035 914; baseline -0.01 -17"><span class='ocrx_word' id='word_1_43' title='bbox 465 856 702 914; x_wconf 80' lang='lat' dir='ltr'><strong>pugnam</strong></span> <span class='ocrx_word' id='word_1_44' title='bbox 756 847 1102 906; x_wconf 71' lang='lat' dir='ltr'><strong>capessentes</strong></span> <span class='ocrx_word' id='word_1_45' title='bbox 1131 877 1144 900; x_wconf 89' lang='lat'><strong>,</strong></span> <span class='ocrx_word' id='word_1_46' title='bbox 1178 850 1326 889; x_wconf 87' lang='lat' dir='ltr'><strong>nunc</strong></span> <span class='ocrx_word' id='word_1_47' title='bbox 1372 840 1554 886; x_wconf 87' lang='lat' dir='ltr'><strong>autem</strong></span> <span class='ocrx_word' id='word_1_48' title='bbox 1594 829 1720 900; x_wconf 79' lang='lat' dir='ltr'><strong>iuga</strong></span> <span class='ocrx_word' id='word_1_49' title='bbox 1778 835 1994 882; x_wconf 86' lang='lat' dir='ltr'><strong>utentes</strong></span> <span class='ocrx_word' id='word_1_50' title='bbox 2019 866 2035 893; x_wconf 92' lang='lat'><strong>,</strong></span> 
     </span>
    </p>
   </div>
   <div class='ocr_carea' id='block_1_10' title="bbox 465 917 2039 990">
    <p class='ocr_par' dir='ltr' id='par_1_10' title="bbox 465 917 2039 990">
     <span class='ocr_line' id='line_1_10' title="bbox 465 917 2039 990; baseline -0.011 0"><span class='ocrx_word' id='word_1_51' title='bbox 465 937 611 990; x_wconf 85' lang='lat' dir='ltr'><strong>acies</strong></span> <span class='ocrx_word' id='word_1_52' title='bbox 644 935 940 987; x_wconf 86' lang='lat' dir='ltr'><strong>instruunt.</strong></span> <span class='ocrx_word' id='word_1_53' title='bbox 978 929 1074 984; x_wconf 86' lang='lat' dir='ltr'><strong>Est</strong></span> <span class='ocrx_word' id='word_1_54' title='bbox 1102 930 1264 982; x_wconf 90' lang='lat' dir='ltr'><strong>etiam</strong></span> <span class='ocrx_word' id='word_1_55' title='bbox 1297 925 1601 980; x_wconf 90' lang='lat' dir='ltr'><strong>animarum</strong></span> <span class='ocrx_word' id='word_1_56' title='bbox 1642 922 1863 984; x_wconf 90' lang='lat' dir='ltr'><strong>bellum,</strong></span> <span class='ocrx_word' id='word_1_57' title='bbox 1892 917 2039 990; x_wconf 88' lang='lat' dir='ltr'><strong>quod</strong></span> 
     </span>
    </p>
   </div>
   <div class='ocr_carea' id='block_1_11' title="bbox 463 1011 2039 1091">
    <p class='ocr_par' dir='ltr' id='par_1_11' title="bbox 463 1011 2039 1091">
     <span class='ocr_line' id='line_1_11' title="bbox 463 1011 2039 1091; baseline -0.011 -8"><span class='ocrx_word' id='word_1_58' title='bbox 463 1037 517 1083; x_wconf 89' lang='lat' dir='ltr'><strong>et</strong></span> <span class='ocrx_word' id='word_1_59' title='bbox 558 1025 864 1082; x_wconf 88' lang='lat' dir='ltr'><strong>resistendo</strong></span> <span class='ocrx_word' id='word_1_60' title='bbox 922 1032 976 1078; x_wconf 92' lang='lat' dir='ltr'><strong>et</strong></span> <span class='ocrx_word' id='word_1_61' title='bbox 1020 1019 1276 1091; x_wconf 79' lang='lat' dir='ltr'><strong>fugiendo</strong></span> <span class='ocrx_word' id='word_1_62' title='bbox 1333 1017 1629 1086; x_wconf 85' lang='lat' dir='ltr'><strong>prudenter</strong></span> <span class='ocrx_word' id='word_1_63' title='bbox 1665 1016 1893 1086; x_wconf 75' lang='lat' dir='ltr'><strong>geritur.</strong></span> <span class='ocrx_word' id='word_1_64' title='bbox 1924 1011 2039 1066; x_wconf 86' lang='lat' dir='ltr'><strong>Hoc</strong></span> 
     </span>
    </p>
   </div>
   <div class='ocr_carea' id='block_1_12' title="bbox 463 1103 2122 1184">
    <p class='ocr_par' dir='ltr' id='par_1_12' title="bbox 463 1103 2122 1184">
     <span class='ocr_line' id='line_1_12' title="bbox 463 1103 2122 1184; baseline -0.008 -9"><span class='ocrx_word' id='word_1_65' title='bbox 463 1120 642 1176; x_wconf 87' lang='lat' dir='ltr'><strong>sciens</strong></span> <span class='ocrx_word' id='word_1_66' title='bbox 674 1118 898 1180; x_wconf 85' lang='lat' dir='ltr'><strong>Paulus,</strong></span> <span class='ocrx_word' id='word_1_67' title='bbox 925 1115 1018 1184; x_wconf 88' lang='lat' dir='ltr'><strong>qui</strong></span> <span class='ocrx_word' id='word_1_68' title='bbox 1056 1129 1154 1183; x_wconf 89' lang='lat' dir='ltr'><strong>per</strong></span> <span class='ocrx_word' id='word_1_69' title='bbox 1183 1119 1472 1178; x_wconf 89' lang='lat' dir='ltr'><strong>utramque</strong></span> <span class='ocrx_word' id='word_1_70' title='bbox 1517 1105 1856 1164; x_wconf 64' lang='lat' dir='ltr'><strong>instruendae</strong></span> <span class='ocrx_word' id='word_1_71' title='bbox 1899 1103 2038 1161; x_wconf 84' lang='lat' dir='ltr'><strong>aciei</strong></span> <span class='ocrx_word' id='word_1_72' title='bbox 2117 1159 2122 1162; x_wconf 86' lang='lat'><strong>.</strong></span> 
     </span>
    </p>
   </div>
   <div class='ocr_carea' id='block_1_13' title="bbox 463 1197 2038 1268">
    <p class='ocr_par' dir='ltr' id='par_1_13' title="bbox 463 1197 2038 1268">
     <span class='ocr_line' id='line_1_13' title="bbox 463 1197 2038 1268; baseline -0.01 -1"><span class='ocrx_word' id='word_1_73' title='bbox 463 1213 814 1267; x_wconf 87' lang='lat' dir='ltr'><strong>artiticiosam</strong></span> <span class='ocrx_word' id='word_1_74' title='bbox 850 1208 1118 1263; x_wconf 88' lang='lat' dir='ltr'><strong>rationem</strong></span> <span class='ocrx_word' id='word_1_75' title='bbox 1165 1203 1318 1258; x_wconf 84' lang='lat' dir='ltr'><strong>ducit</strong></span> <span class='ocrx_word' id='word_1_76' title='bbox 1363 1201 1665 1258; x_wconf 77' lang='lat' dir='ltr'><strong>exercitum</strong></span> <span class='ocrx_word' id='word_1_77' title='bbox 1687 1242 1703 1266; x_wconf 93' lang='lat'><strong>,</strong></span> <span class='ocrx_word' id='word_1_78' title='bbox 1734 1213 1884 1255; x_wconf 90' lang='lat' dir='ltr'><strong>nunc</strong></span> <span class='ocrx_word' id='word_1_79' title='bbox 1912 1197 2038 1268; x_wconf 81' lang='lat' dir='ltr'><strong>qui-</strong></span> 
     </span>
    </p>
   </div>
   <div class='ocr_carea' id='block_1_14' title="bbox 463 1290 2040 1369">
    <p class='ocr_par' dir='ltr' id='par_1_14' title="bbox 463 1290 2040 1369">
     <span class='ocr_line' id='line_1_14' title="bbox 463 1290 2040 1369; baseline -0.009 -13"><span class='ocrx_word' id='word_1_80' title='bbox 463 1304 585 1357; x_wconf 89' lang='lat' dir='ltr'><strong>dem</strong></span> <span class='ocrx_word' id='word_1_81' title='bbox 629 1298 873 1369; x_wconf 69' lang='lat' dir='ltr'><strong>praecipit</strong></span> <span class='ocrx_word' id='word_1_82' title='bbox 912 1305 972 1352; x_wconf 92' lang='lat' dir='ltr'><strong>ut</strong></span> <span class='ocrx_word' id='word_1_83' title='bbox 1017 1297 1084 1350; x_wconf 85' lang='lat' dir='ltr'><strong>ad</strong></span> <span class='ocrx_word' id='word_1_84' title='bbox 1122 1309 1356 1365; x_wconf 89' lang='lat' dir='ltr'><strong>pugnam</strong></span> <span class='ocrx_word' id='word_1_85' title='bbox 1397 1290 1842 1348; x_wconf 87' lang='lat' dir='ltr'><strong>committendam</strong></span> <span class='ocrx_word' id='word_1_86' title='bbox 1895 1295 2040 1345; x_wconf 84' lang='lat' dir='ltr'><strong>stent</strong></span> 
     </span>
    </p>
   </div>
   <div class='ocr_carea' id='block_1_15' title="bbox 466 1381 2036 1448">
    <p class='ocr_par' dir='ltr' id='par_1_15' title="bbox 466 1381 2036 1448">
     <span class='ocr_line' id='line_1_15' title="bbox 466 1381 2036 1448; baseline -0.008 0"><span class='ocrx_word' id='word_1_87' title='bbox 466 1393 701 1448; x_wconf 82' lang='lat' dir='ltr'><strong>fortiter.</strong></span> <span class='ocrx_word' id='word_1_88' title='bbox 738 1387 886 1443; x_wconf 85' lang='lat' dir='ltr'><strong>State</strong></span> <span class='ocrx_word' id='word_1_89' title='bbox 914 1387 1137 1440; x_wconf 77' lang='lat' dir='ltr'><strong>accincti</strong></span> <span class='ocrx_word' id='word_1_90' title='bbox 1179 1384 1380 1438; x_wconf 81' lang='lat' dir='ltr'><strong>lumbos</strong></span> <span class='ocrx_word' id='word_1_91' title='bbox 1431 1391 1627 1438; x_wconf 79' lang='lat' dir='ltr'><strong>vestros</strong></span> <span class='ocrx_word' id='word_1_92' title='bbox 1656 1383 1710 1435; x_wconf 91' lang='lat' dir='ltr'><strong>in</strong></span> <span class='ocrx_word' id='word_1_93' title='bbox 1743 1381 2036 1446; x_wconf 44' lang='lat' dir='ltr'><strong>veritatei;</strong></span> 
     </span>
    </p>
   </div>
   <div class='ocr_carea' id='block_1_16' title="bbox 466 1468 2040 1548">
    <p class='ocr_par' dir='ltr' id='par_1_16' title="bbox 466 1468 2040 1548">
     <span class='ocr_line' id='line_1_16' title="bbox 466 1468 2040 1548; baseline -0.01 -9"><span class='ocrx_word' id='word_1_94' title='bbox 466 1497 615 1539; x_wconf 88' lang='lat' dir='ltr'><strong>nunc</strong></span> <span class='ocrx_word' id='word_1_95' title='bbox 663 1491 840 1535; x_wconf 86' lang='lat' dir='ltr'><strong>autem</strong></span> <span class='ocrx_word' id='word_1_96' title='bbox 879 1477 1005 1548; x_wconf 79' lang='lat' dir='ltr'><strong>fuga</strong></span> <span class='ocrx_word' id='word_1_97' title='bbox 1043 1475 1285 1532; x_wconf 87' lang='lat' dir='ltr'><strong>consulit</strong></span> <span class='ocrx_word' id='word_1_98' title='bbox 1314 1474 1565 1544; x_wconf 88' lang='lat' dir='ltr'><strong>decipere</strong></span> <span class='ocrx_word' id='word_1_99' title='bbox 1609 1471 1893 1535; x_wconf 88' lang='lat' dir='ltr'><strong>inimicos,</strong></span> <span class='ocrx_word' id='word_1_100' title='bbox 1925 1468 2040 1524; x_wconf 84' lang='lat' dir='ltr'><strong>Fu-</strong></span> 
     </span>
    </p>
   </div>
   <div class='ocr_carea' id='block_1_17' title="bbox 466 1556 2038 1642">
    <p class='ocr_par' dir='ltr' id='par_1_17' title="bbox 466 1556 2038 1642">
     <span class='ocr_line' id='line_1_17' title="bbox 466 1556 2038 1642; baseline -0.01 -18"><span class='ocrx_word' id='word_1_101' title='bbox 466 1574 612 1642; x_wconf 84' lang='lat' dir='ltr'><strong>gite,</strong></span> <span class='ocrx_word' id='word_1_102' title='bbox 669 1567 942 1638; x_wconf 84' lang='lat' dir='ltr'><strong>inquiens,</strong></span> <span class='ocrx_word' id='word_1_103' title='bbox 998 1564 1424 1634; x_wconf 75' lang='lat' dir='ltr'><strong>fornicationem.</strong></span> <span class='ocrx_word' id='word_1_104' title='bbox 1482 1559 1540 1614; x_wconf 89' lang='lat' dir='ltr'><strong>Si</strong></span> <span class='ocrx_word' id='word_1_105' title='bbox 1599 1561 1775 1614; x_wconf 85' lang='lat' dir='ltr'><strong>irruat</strong></span> <span class='ocrx_word' id='word_1_106' title='bbox 1835 1556 2038 1612; x_wconf 88' lang='lat' dir='ltr'><strong>bellum</strong></span> 
     </span>
    </p>
   </div>
   <div class='ocr_carea' id='block_1_18' title="bbox 466 1647 2040 1722">
    <p class='ocr_par' dir='ltr' id='par_1_18' title="bbox 466 1647 2040 1722">
     <span class='ocr_line' id='line_1_18' title="bbox 466 1647 2040 1722; baseline -0.01 -5"><span class='ocrx_word' id='word_1_107' title='bbox 466 1661 900 1722; x_wconf 83' lang='lat' dir='ltr'><strong>incredulitatis,</strong></span> <span class='ocrx_word' id='word_1_108' title='bbox 953 1659 1089 1712; x_wconf 90' lang='lat' dir='ltr'><strong>utile</strong></span> <span class='ocrx_word' id='word_1_109' title='bbox 1139 1665 1222 1712; x_wconf 89' lang='lat' dir='ltr'><strong>est</strong></span> <span class='ocrx_word' id='word_1_110' title='bbox 1269 1655 1344 1709; x_wconf 89' lang='lat' dir='ltr'><strong>illi</strong></span> <span class='ocrx_word' id='word_1_111' title='bbox 1389 1653 1662 1711; x_wconf 89' lang='lat' dir='ltr'><strong>resistere.</strong></span> <span class='ocrx_word' id='word_1_112' title='bbox 1695 1649 1804 1710; x_wconf 88' lang='lat' dir='ltr'><strong>Sed</strong></span> <span class='ocrx_word' id='word_1_113' title='bbox 1838 1649 1884 1705; x_wconf 88' lang='lat' dir='ltr'><strong>si</strong></span> <span class='ocrx_word' id='word_1_114' title='bbox 1911 1647 2040 1703; x_wconf 88' lang='lat' dir='ltr'><strong>dolo</strong></span> 
     </span>
    </p>
   </div>
   <div class='ocr_carea' id='block_1_19' title="bbox 466 1739 2039 1811">
    <p class='ocr_par' dir='ltr' id='par_1_19' title="bbox 466 1739 2039 1811">
     <span class='ocr_line' id='line_1_19' title="bbox 466 1739 2039 1811; baseline -0.009 -3"><span class='ocrx_word' id='word_1_115' title='bbox 466 1754 625 1808; x_wconf 86' lang='lat' dir='ltr'><strong>nobis</strong></span> <span class='ocrx_word' id='word_1_116' title='bbox 681 1752 920 1806; x_wconf 81' lang='lat' dir='ltr'><strong>minetur</strong></span> <span class='ocrx_word' id='word_1_117' title='bbox 957 1748 1142 1810; x_wconf 89' lang='lat' dir='ltr'><strong>acies,</strong></span> <span class='ocrx_word' id='word_1_118' title='bbox 1177 1754 1370 1802; x_wconf 88' lang='lat' dir='ltr'><strong>contra</strong></span> <span class='ocrx_word' id='word_1_119' title='bbox 1399 1746 1500 1802; x_wconf 89' lang='lat' dir='ltr'><strong>bos</strong></span> <span class='ocrx_word' id='word_1_120' title='bbox 1537 1742 1883 1801; x_wconf 79' lang='lat' dir='ltr'><strong>adversarios</strong></span> <span class='ocrx_word' id='word_1_121' title='bbox 1921 1739 2039 1811; x_wconf 91' lang='lat' dir='ltr'><strong>pul-</strong></span> 
     </span>
    </p>
   </div>
   <div class='ocr_carea' id='block_1_20' title="bbox 465 1839 1334 1900">
    <p class='ocr_par' dir='ltr' id='par_1_20' title="bbox 465 1839 1334 1900">
     <span class='ocr_line' id='line_1_20' title="bbox 465 1839 1334 1900; baseline -0.009 0"><span class='ocrx_word' id='word_1_122' title='bbox 465 1845 658 1900; x_wconf 83' lang='lat' dir='ltr'><strong>chrum</strong></span> <span class='ocrx_word' id='word_1_123' title='bbox 683 1854 764 1900; x_wconf 86' lang='lat' dir='ltr'><strong>est</strong></span> <span class='ocrx_word' id='word_1_124' title='bbox 793 1843 971 1898; x_wconf 87' lang='lat' dir='ltr'><strong>locare</strong></span> <span class='ocrx_word' id='word_1_125' title='bbox 995 1839 1242 1896; x_wconf 82' lang='lat' dir='ltr'><strong>insidias.</strong></span> <span class='ocrx_word' id='word_1_126' title='bbox 1332 1866 1334 1868; x_wconf 62' lang='grc' dir='ltr'><strong>τ</strong></span> 
     </span>
    </p>
   </div>
   <div class='ocr_carea' id='block_1_21' title="bbox 536 2093 2042 2158">
    <p class='ocr_par' dir='ltr' id='par_1_21' title="bbox 536 2093 2042 2158">
     <span class='ocr_line' id='line_1_21' title="bbox 536 2093 2042 2158; baseline -0.005 -3"><span class='ocrx_word' id='word_1_127' title='bbox 536 2101 801 2158; x_wconf 74' lang='grc' dir='ltr'>Τεηᾱηιιι·</span> <span class='ocrx_word' id='word_1_128' title='bbox 821 2116 984 2156; x_wconf 87' lang='lat' dir='ltr'><strong>arcus</strong></span> <span class='ocrx_word' id='word_1_129' title='bbox 1005 2101 1322 2156; x_wconf 66' lang='lat' dir='ltr'><strong>calumniae:</strong></span> <span class='ocrx_word' id='word_1_130' title='bbox 1350 2099 1480 2154; x_wconf 91' lang='lat' dir='ltr'><strong>utile</strong></span> <span class='ocrx_word' id='word_1_131' title='bbox 1503 2107 1588 2153; x_wconf 89' lang='lat' dir='ltr'><strong>est</strong></span> <span class='ocrx_word' id='word_1_132' title='bbox 1609 2095 1839 2150; x_wconf 87' lang='lat' dir='ltr'><strong>adversa</strong></span> <span class='ocrx_word' id='word_1_133' title='bbox 1863 2093 1886 2148; x_wconf 80' lang='lat' dir='ltr'><strong>t&#39;</strong></span> <span class='ocrx_word' id='word_1_134' title='bbox 1889 2103 2042 2149; x_wconf 89' lang='lat' dir='ltr'><strong>route</strong></span> 
     </span>
    </p>
   </div>
   <div class='ocr_carea' id='block_1_22' title="bbox 464 2185 2040 2266">
    <p class='ocr_par' dir='ltr' id='par_1_22' title="bbox 464 2185 2040 2266">
     <span class='ocr_line' id='line_1_22' title="bbox 464 2185 2040 2266; baseline -0.006 -14"><span class='ocrx_word' id='word_1_135' title='bbox 464 2196 719 2266; x_wconf 72' lang='lat' dir='ltr'><strong>congredi</strong></span> <span class='ocrx_word' id='word_1_136' title='bbox 749 2210 871 2250; x_wconf 88' lang='lat' dir='ltr'><strong>cum</strong></span> <span class='ocrx_word' id='word_1_137' title='bbox 907 2193 1210 2249; x_wconf 74' lang='lat' dir='ltr'><strong>mendacio.</strong></span> <span class='ocrx_word' id='word_1_138' title='bbox 1243 2191 1472 2259; x_wconf 86' lang='lat' dir='ltr'><strong>Quando</strong></span> <span class='ocrx_word' id='word_1_139' title='bbox 1501 2185 1688 2246; x_wconf 70' lang='lat' dir='ltr'><strong>autem</strong></span> <span class='ocrx_word' id='word_1_140' title='bbox 1709 2189 1842 2260; x_wconf 88' lang='lat' dir='ltr'><strong>jacit</strong></span> <span class='ocrx_word' id='word_1_141' title='bbox 1876 2188 2040 2244; x_wconf 91' lang='lat' dir='ltr'><strong>telum</strong></span> 
     </span>
    </p>
   </div>
   <div class='ocr_carea' id='block_1_23' title="bbox 465 2286 2042 2354">
    <p class='ocr_par' dir='ltr' id='par_1_23' title="bbox 465 2286 2042 2354">
     <span class='ocr_line' id='line_1_23' title="bbox 465 2286 2042 2354; baseline -0.004 -13"><span class='ocrx_word' id='word_1_142' title='bbox 465 2287 640 2342; x_wconf 81' lang='lat' dir='ltr'><strong>forma</strong></span> <span class='ocrx_word' id='word_1_143' title='bbox 675 2287 1003 2349; x_wconf 88' lang='lat' dir='ltr'><strong>meretricia,</strong></span> <span class='ocrx_word' id='word_1_144' title='bbox 1048 2286 1333 2341; x_wconf 87' lang='lat' dir='ltr'><strong>honestum</strong></span> <span class='ocrx_word' id='word_1_145' title='bbox 1373 2291 1458 2342; x_wconf 87' lang='lat' dir='ltr'><strong>est</strong></span> <span class='ocrx_word' id='word_1_146' title='bbox 1485 2291 1696 2354; x_wconf 86' lang='lat' dir='ltr'><strong>tergum</strong></span> <span class='ocrx_word' id='word_1_147' title='bbox 1727 2290 1957 2346; x_wconf 83' lang='lat' dir='ltr'><strong>vertere,</strong></span> <span class='ocrx_word' id='word_1_148' title='bbox 1986 2288 2042 2336; x_wconf 88' lang='lat' dir='ltr'><strong>et</strong></span> 
     </span>
    </p>
   </div>
   <div class='ocr_carea' id='block_1_24' title="bbox 463 2375 2042 2449">
    <p class='ocr_par' dir='ltr' id='par_1_24' title="bbox 463 2375 2042 2449">
     <span class='ocr_line' id='line_1_24' title="bbox 463 2375 2042 2449; baseline -0.007 -10"><span class='ocrx_word' id='word_1_149' title='bbox 463 2383 750 2439; x_wconf 75' lang='lat' dir='ltr'><strong>adversum</strong></span> <span class='ocrx_word' id='word_1_150' title='bbox 777 2381 980 2433; x_wconf 85' lang='lat' dir='ltr'><strong>vultum</strong></span> <span class='ocrx_word' id='word_1_151' title='bbox 1009 2378 1217 2449; x_wconf 78' lang='lat' dir='ltr'><strong>iugere.</strong></span> <span class='ocrx_word' id='word_1_152' title='bbox 1245 2375 1304 2431; x_wconf 80' lang='lat' dir='ltr'><strong>In</strong></span> <span class='ocrx_word' id='word_1_153' title='bbox 1327 2377 1518 2432; x_wconf 88' lang='lat' dir='ltr'><strong>oculos</strong></span> <span class='ocrx_word' id='word_1_154' title='bbox 1537 2377 1682 2432; x_wconf 87' lang='lat' dir='ltr'><strong>enim</strong></span> <span class='ocrx_word' id='word_1_155' title='bbox 1715 2377 1880 2444; x_wconf 83' lang='lat' dir='ltr'><strong>telum</strong></span> <span class='ocrx_word' id='word_1_156' title='bbox 1908 2375 2042 2430; x_wconf 88' lang='lat' dir='ltr'><strong>diri-</strong></span> 
     </span>
    </p>
   </div>
   <div class='ocr_carea' id='block_1_25' title="bbox 463 2467 2040 2547">
    <p class='ocr_par' dir='ltr' id='par_1_25' title="bbox 463 2467 2040 2547">
     <span class='ocr_line' id='line_1_25' title="bbox 463 2467 2040 2547; baseline -0.004 -18"><span class='ocrx_word' id='word_1_157' title='bbox 463 2477 541 2547; x_wconf 87' lang='lat' dir='ltr'><strong>git</strong></span> <span class='ocrx_word' id='word_1_158' title='bbox 567 2473 854 2529; x_wconf 85' lang='lat' dir='ltr'><strong>fornicatio</strong></span> <span class='ocrx_word' id='word_1_159' title='bbox 879 2489 892 2525; x_wconf 88' lang='lat'><strong>:</strong></span> <span class='ocrx_word' id='word_1_160' title='bbox 920 2478 974 2524; x_wconf 89' lang='lat' dir='ltr'><strong>ct</strong></span> <span class='ocrx_word' id='word_1_161' title='bbox 995 2476 1210 2540; x_wconf 79' lang='lat' dir='ltr'><strong>Oportet</strong></span> <span class='ocrx_word' id='word_1_162' title='bbox 1243 2469 1556 2525; x_wconf 90' lang='lat' dir='ltr'><strong>meminisse</strong></span> <span class='ocrx_word' id='word_1_163' title='bbox 1588 2470 1842 2540; x_wconf 59' lang='lat' dir='ltr'><strong>praecepti</strong></span> <span class='ocrx_word' id='word_1_164' title='bbox 1867 2467 2040 2536; x_wconf 87' lang='lat' dir='ltr'><strong>impe-</strong></span> 
     </span>
    </p>
   </div>
   <div class='ocr_carea' id='block_1_26' title="bbox 461 2551 2040 2633">
    <p class='ocr_par' dir='ltr' id='par_1_26' title="bbox 461 2551 2040 2633">
     <span class='ocr_line' id='line_1_26' title="bbox 461 2551 2040 2633; baseline -0.003 -12"><span class='ocrx_word' id='word_1_165' title='bbox 461 2551 702 2621; x_wconf 84' lang='lat' dir='ltr'><strong>ratoris:</strong></span> <span class='ocrx_word' id='word_1_166' title='bbox 743 2563 933 2633; x_wconf 81' lang='lat' dir='ltr'><strong>Fugite</strong></span> <span class='ocrx_word' id='word_1_167' title='bbox 964 2562 1389 2631; x_wconf 79' lang='lat' dir='ltr'><strong>fornicationem.</strong></span> <span class='ocrx_word' id='word_1_168' title='bbox 1436 2559 1610 2616; x_wconf 82' lang='lat' dir='ltr'><strong>liabet</strong></span> <span class='ocrx_word' id='word_1_169' title='bbox 1647 2560 1792 2625; x_wconf 75' lang='lat' dir='ltr'><strong>enim</strong></span> <span class='ocrx_word' id='word_1_170' title='bbox 1835 2560 2040 2631; x_wconf 88' lang='lat' dir='ltr'><strong>aliquid</strong></span> 
     </span>
    </p>
   </div>
   <div class='ocr_carea' id='block_1_27' title="bbox 464 2651 2041 2728">
    <p class='ocr_par' dir='ltr' id='par_1_27' title="bbox 464 2651 2041 2728">
     <span class='ocr_line' id='line_1_27' title="bbox 464 2651 2041 2728; baseline -0.003 -16"><span class='ocrx_word' id='word_1_171' title='bbox 464 2657 638 2728; x_wconf 85' lang='lat' dir='ltr'><strong>magis</strong></span> <span class='ocrx_word' id='word_1_172' title='bbox 659 2655 977 2718; x_wconf 85' lang='lat' dir='ltr'><strong>timendum,</strong></span> <span class='ocrx_word' id='word_1_173' title='bbox 996 2669 1158 2724; x_wconf 90' lang='lat' dir='ltr'><strong>quam</strong></span> <span class='ocrx_word' id='word_1_174' title='bbox 1178 2654 1282 2708; x_wconf 88' lang='lat' dir='ltr'><strong>alia</strong></span> <span class='ocrx_word' id='word_1_175' title='bbox 1298 2653 1524 2710; x_wconf 88' lang='lat' dir='ltr'><strong>scelera.</strong></span> <span class='ocrx_word' id='word_1_176' title='bbox 1543 2651 1677 2707; x_wconf 87' lang='lat' dir='ltr'><strong>Nam</strong></span> <span class='ocrx_word' id='word_1_177' title='bbox 1694 2651 1799 2708; x_wconf 89' lang='lat' dir='ltr'><strong>alia</strong></span> <span class='ocrx_word' id='word_1_178' title='bbox 1819 2653 2041 2723; x_wconf 86' lang='lat' dir='ltr'><strong>quidem</strong></span> 
     </span>
    </p>
   </div>
   <div class='ocr_carea' id='block_1_28' title="bbox 463 2745 2041 2818">
    <p class='ocr_par' dir='ltr' id='par_1_28' title="bbox 463 2745 2041 2818">
     <span class='ocr_line' id='line_1_28' title="bbox 463 2745 2041 2818; baseline -0.003 -16"><span class='ocrx_word' id='word_1_179' title='bbox 463 2756 684 2818; x_wconf 84' lang='lat' dir='ltr'><strong>peCcata</strong></span> <span class='ocrx_word' id='word_1_180' title='bbox 724 2745 976 2800; x_wconf 88' lang='lat' dir='ltr'><strong>videntur</strong></span> <span class='ocrx_word' id='word_1_181' title='bbox 1003 2746 1278 2802; x_wconf 89' lang='lat' dir='ltr'><strong>abstinere</strong></span> <span class='ocrx_word' id='word_1_182' title='bbox 1307 2761 1336 2797; x_wconf 87' lang='lat' dir='ltr'><strong>a</strong></span> <span class='ocrx_word' id='word_1_183' title='bbox 1373 2759 1538 2801; x_wconf 85' lang='lat' dir='ltr'><strong>carne</strong></span> <span class='ocrx_word' id='word_1_184' title='bbox 1570 2758 1760 2802; x_wconf 78' lang='lat' dir='ltr'><strong>eorum</strong></span> <span class='ocrx_word' id='word_1_185' title='bbox 1795 2745 1891 2814; x_wconf 88' lang='lat' dir='ltr'><strong>qui</strong></span> <span class='ocrx_word' id='word_1_186' title='bbox 1925 2746 2041 2813; x_wconf 88' lang='lat' dir='ltr'><strong>ipsa</strong></span> 
     </span>
    </p>
   </div>
   <div class='ocr_carea' id='block_1_29' title="bbox 398 2836 2040 2904">
    <p class='ocr_par' dir='ltr' id='par_1_29' title="bbox 398 2836 2040 2904">
     <span class='ocr_line' id='line_1_29' title="bbox 398 2836 2040 2904; baseline -0.003 -10"><span class='ocrx_word' id='word_1_187' title='bbox 398 2839 402 2844; x_wconf 76' lang='grc'>’</span> <span class='ocrx_word' id='word_1_188' title='bbox 465 2838 798 2897; x_wconf 84' lang='lat' dir='ltr'><strong>admittunt;</strong></span> <span class='ocrx_word' id='word_1_189' title='bbox 843 2846 898 2892; x_wconf 85' lang='lat' dir='ltr'><strong>et</strong></span> <span class='ocrx_word' id='word_1_190' title='bbox 925 2839 1072 2904; x_wconf 85' lang='lat' dir='ltr'><strong>quod</strong></span> <span class='ocrx_word' id='word_1_191' title='bbox 1105 2844 1284 2891; x_wconf 85' lang='lat' dir='ltr'><strong>actum</strong></span> <span class='ocrx_word' id='word_1_192' title='bbox 1315 2843 1420 2900; x_wconf 89' lang='lat' dir='ltr'><strong>est,</strong></span> <span class='ocrx_word' id='word_1_193' title='bbox 1455 2836 1512 2890; x_wconf 91' lang='lat' dir='ltr'><strong>in</strong></span> <span class='ocrx_word' id='word_1_194' title='bbox 1541 2851 1608 2891; x_wconf 90' lang='lat' dir='ltr'><strong>eo</strong></span> <span class='ocrx_word' id='word_1_195' title='bbox 1640 2836 1758 2891; x_wconf 92' lang='lat' dir='ltr'><strong>solo</strong></span> <span class='ocrx_word' id='word_1_196' title='bbox 1791 2851 1849 2890; x_wconf 86' lang='lat' dir='ltr'><strong>se</strong></span> <span class='ocrx_word' id='word_1_197' title='bbox 1871 2836 2040 2900; x_wconf 88' lang='lat' dir='ltr'><strong>sistit,</strong></span> 
     </span>
    </p>
   </div>
   <div class='ocr_carea' id='block_1_30' title="bbox 465 2927 2042 3000">
    <p class='ocr_par' dir='ltr' id='par_1_30' title="bbox 465 2927 2042 3000">
     <span class='ocr_line' id='line_1_30' title="bbox 465 2927 2042 3000; baseline -0.003 -16"><span class='ocrx_word' id='word_1_198' title='bbox 465 2929 614 3000; x_wconf 89' lang='lat' dir='ltr'><strong>quod</strong></span> <span class='ocrx_word' id='word_1_199' title='bbox 663 2927 894 2997; x_wconf 88' lang='lat' dir='ltr'><strong>suscipit</strong></span> <span class='ocrx_word' id='word_1_200' title='bbox 921 2927 1190 2996; x_wconf 82' lang='lat' dir='ltr'><strong>actionem</strong></span> <span class='ocrx_word' id='word_1_201' title='bbox 1233 2945 1247 2980; x_wconf 92' lang='lat'>:</span> <span class='ocrx_word' id='word_1_202' title='bbox 1282 2934 1342 2980; x_wconf 88' lang='lat' dir='ltr'><strong>ut</strong></span> <span class='ocrx_word' id='word_1_203' title='bbox 1376 2927 1429 2980; x_wconf 90' lang='lat' dir='ltr'><strong>in</strong></span> <span class='ocrx_word' id='word_1_204' title='bbox 1471 2927 1698 2996; x_wconf 87' lang='lat' dir='ltr'><strong>rapinis,</strong></span> <span class='ocrx_word' id='word_1_205' title='bbox 1735 2939 1924 2982; x_wconf 88' lang='lat' dir='ltr'><strong>eorum</strong></span> <span class='ocrx_word' id='word_1_206' title='bbox 1957 2933 2042 2982; x_wconf 88' lang='lat' dir='ltr'><strong>est</strong></span> 
     </span>
    </p>
   </div>
   <div class='ocr_carea' id='block_1_31' title="bbox 469 3017 2040 3090">
    <p class='ocr_par' dir='ltr' id='par_1_31' title="bbox 469 3017 2040 3090">
     <span class='ocr_line' id='line_1_31' title="bbox 469 3017 2040 3090; baseline -0.004 -12"><span class='ocrx_word' id='word_1_207' title='bbox 469 3025 645 3078; x_wconf 87' lang='lat' dir='ltr'><strong>solum</strong></span> <span class='ocrx_word' id='word_1_208' title='bbox 702 3021 960 3075; x_wconf 88' lang='lat' dir='ltr'><strong>damnum</strong></span> <span class='ocrx_word' id='word_1_209' title='bbox 985 3057 1001 3084; x_wconf 94' lang='lat'><strong>,</strong></span> <span class='ocrx_word' id='word_1_210' title='bbox 1056 3019 1256 3090; x_wconf 85' lang='lat' dir='ltr'><strong>quibus</strong></span> <span class='ocrx_word' id='word_1_211' title='bbox 1291 3027 1375 3074; x_wconf 88' lang='lat' dir='ltr'><strong>est</strong></span> <span class='ocrx_word' id='word_1_212' title='bbox 1411 3028 1642 3088; x_wconf 87' lang='lat' dir='ltr'><strong>raptum.</strong></span> <span class='ocrx_word' id='word_1_213' title='bbox 1677 3017 1734 3073; x_wconf 80' lang='lat' dir='ltr'><strong>In</strong></span> <span class='ocrx_word' id='word_1_214' title='bbox 1780 3018 1913 3074; x_wconf 87' lang='lat' dir='ltr'><strong>vitio</strong></span> <span class='ocrx_word' id='word_1_215' title='bbox 1950 3018 2040 3072; x_wconf 85' lang='lat' dir='ltr'><strong>in-</strong></span> 
     </span>
    </p>
   </div>
   <div class='ocr_carea' id='block_1_32' title="bbox 467 3109 2038 3182">
    <p class='ocr_par' dir='ltr' id='par_1_32' title="bbox 467 3109 2038 3182">
     <span class='ocr_line' id='line_1_32' title="bbox 467 3109 2038 3182; baseline -0.003 -13"><span class='ocrx_word' id='word_1_216' title='bbox 467 3117 644 3180; x_wconf 67' lang='lat' dir='ltr'><strong>vidiae,</strong></span> <span class='ocrx_word' id='word_1_217' title='bbox 687 3113 740 3168; x_wconf 90' lang='lat' dir='ltr'><strong>id</strong></span> <span class='ocrx_word' id='word_1_218' title='bbox 778 3113 1014 3182; x_wconf 89' lang='lat' dir='ltr'><strong>erumpit</strong></span> <span class='ocrx_word' id='word_1_219' title='bbox 1045 3110 1101 3164; x_wconf 93' lang='lat' dir='ltr'><strong>in</strong></span> <span class='ocrx_word' id='word_1_220' title='bbox 1151 3125 1247 3165; x_wconf 88' lang='lat' dir='ltr'><strong>eos</strong></span> <span class='ocrx_word' id='word_1_221' title='bbox 1295 3109 1472 3164; x_wconf 87' lang='lat' dir='ltr'><strong>solum</strong></span> <span class='ocrx_word' id='word_1_222' title='bbox 1512 3109 1710 3179; x_wconf 91' lang='lat' dir='ltr'><strong>quibus</strong></span> <span class='ocrx_word' id='word_1_223' title='bbox 1745 3109 2038 3164; x_wconf 83' lang='lat' dir='ltr'><strong>invidetur.</strong></span> 
     </span>
    </p>
   </div>
   <div class='ocr_carea' id='block_1_33' title="bbox 467 3198 2038 3275">
    <p class='ocr_par' dir='ltr' id='par_1_33' title="bbox 467 3198 2038 3275">
     <span class='ocr_line' id='line_1_33' title="bbox 467 3198 2038 3275; baseline -0.005 -15"><span class='ocrx_word' id='word_1_224' title='bbox 467 3205 526 3259; x_wconf 91' lang='lat' dir='ltr'><strong>ln</strong></span> <span class='ocrx_word' id='word_1_225' title='bbox 566 3202 936 3275; x_wconf 81' lang='lat' dir='ltr'><strong>schphantiis</strong></span> <span class='ocrx_word' id='word_1_226' title='bbox 973 3208 1028 3256; x_wconf 91' lang='lat' dir='ltr'><strong>et</strong></span> <span class='ocrx_word' id='word_1_227' title='bbox 1079 3199 1394 3265; x_wconf 89' lang='lat' dir='ltr'><strong>calumniis,</strong></span> <span class='ocrx_word' id='word_1_228' title='bbox 1443 3199 1490 3255; x_wconf 89' lang='lat' dir='ltr'><strong>si</strong></span> <span class='ocrx_word' id='word_1_229' title='bbox 1538 3200 1621 3255; x_wconf 88' lang='lat' dir='ltr'><strong>eis</strong></span> <span class='ocrx_word' id='word_1_230' title='bbox 1657 3199 1789 3254; x_wconf 86' lang='lat' dir='ltr'><strong>ﬁdes</strong></span> <span class='ocrx_word' id='word_1_231' title='bbox 1832 3198 2038 3254; x_wconf 85' lang='lat' dir='ltr'><strong>habea-</strong></span> 
     </span>
    </p>
   </div>
   <div class='ocr_carea' id='block_1_34' title="bbox 468 3290 2040 3365">
    <p class='ocr_par' dir='ltr' id='par_1_34' title="bbox 468 3290 2040 3365">
     <span class='ocr_line' id='line_1_34' title="bbox 468 3290 2040 3365; baseline -0.003 -14"><span class='ocrx_word' id='word_1_232' title='bbox 468 3307 576 3365; x_wconf 87' lang='lat' dir='ltr'><strong>tur,</strong></span> <span class='ocrx_word' id='word_1_233' title='bbox 628 3295 676 3352; x_wconf 90' lang='lat' dir='ltr'><strong>is</strong></span> <span class='ocrx_word' id='word_1_234' title='bbox 714 3297 864 3352; x_wconf 92' lang='lat' dir='ltr'><strong>solus</strong></span> <span class='ocrx_word' id='word_1_235' title='bbox 898 3302 1127 3349; x_wconf 90' lang='lat' dir='ltr'><strong>vocatur</strong></span> <span class='ocrx_word' id='word_1_236' title='bbox 1174 3292 1226 3346; x_wconf 91' lang='lat' dir='ltr'><strong>in</strong></span> <span class='ocrx_word' id='word_1_237' title='bbox 1269 3291 1567 3361; x_wconf 89' lang='lat' dir='ltr'><strong>periculum</strong></span> <span class='ocrx_word' id='word_1_238' title='bbox 1591 3331 1606 3356; x_wconf 94' lang='lat'><strong>,</strong></span> <span class='ocrx_word' id='word_1_239' title='bbox 1639 3291 1732 3361; x_wconf 88' lang='lat' dir='ltr'><strong>qui</strong></span> <span class='ocrx_word' id='word_1_240' title='bbox 1765 3290 1844 3345; x_wconf 90' lang='lat' dir='ltr'><strong>eis</strong></span> <span class='ocrx_word' id='word_1_241' title='bbox 1877 3305 2040 3360; x_wconf 89' lang='lat' dir='ltr'><strong>appe-</strong></span> 
     </span>
    </p>
   </div>
   <div class='ocr_carea' id='block_1_35' title="bbox 468 3381 2044 3456">
    <p class='ocr_par' dir='ltr' id='par_1_35' title="bbox 468 3381 2044 3456">
     <span class='ocr_line' id='line_1_35' title="bbox 468 3381 2044 3456; baseline -0.004 -13"><span class='ocrx_word' id='word_1_242' title='bbox 468 3389 619 3443; x_wconf 89' lang='lat' dir='ltr'><strong>titur.</strong></span> <span class='ocrx_word' id='word_1_243' title='bbox 681 3388 740 3442; x_wconf 91' lang='lat' dir='ltr'><strong>ln</strong></span> <span class='ocrx_word' id='word_1_244' title='bbox 794 3388 861 3442; x_wconf 90' lang='lat' dir='ltr'><strong>iis</strong></span> <span class='ocrx_word' id='word_1_245' title='bbox 895 3400 1113 3456; x_wconf 74' lang='lat' dir='ltr'><strong>quoque</strong></span> <span class='ocrx_word' id='word_1_246' title='bbox 1169 3384 1421 3439; x_wconf 90' lang='lat' dir='ltr'><strong>similiter</strong></span> <span class='ocrx_word' id='word_1_247' title='bbox 1448 3421 1465 3447; x_wconf 90' lang='lat'><strong>,</strong></span> <span class='ocrx_word' id='word_1_248' title='bbox 1515 3381 1612 3452; x_wconf 91' lang='lat' dir='ltr'><strong>qui</strong></span> <span class='ocrx_word' id='word_1_249' title='bbox 1641 3381 1862 3447; x_wconf 59' lang='lat' dir='ltr'><strong>caedem</strong></span> <span class='ocrx_word' id='word_1_250' title='bbox 1901 3382 2044 3437; x_wconf 81' lang='lat' dir='ltr'><strong>fece-</strong></span> 
     </span>
    </p>
   </div>
   <div class='ocr_carea' id='block_1_36' title="bbox 464 3469 2042 3548">
    <p class='ocr_par' dir='ltr' id='par_1_36' title="bbox 464 3469 2042 3548">
     <span class='ocr_line' id='line_1_36' title="bbox 464 3469 2042 3548; baseline -0.006 -12"><span class='ocrx_word' id='word_1_251' title='bbox 464 3487 613 3544; x_wconf 85' lang='lat' dir='ltr'><strong>runt,</strong></span> <span class='ocrx_word' id='word_1_252' title='bbox 662 3479 781 3548; x_wconf 85' lang='lat' dir='ltr'><strong>ejus</strong></span> <span class='ocrx_word' id='word_1_253' title='bbox 821 3487 923 3540; x_wconf 90' lang='lat' dir='ltr'><strong>est,</strong></span> <span class='ocrx_word' id='word_1_254' title='bbox 957 3475 1012 3530; x_wconf 91' lang='lat' dir='ltr'><strong>in</strong></span> <span class='ocrx_word' id='word_1_255' title='bbox 1041 3490 1199 3545; x_wconf 90' lang='lat' dir='ltr'><strong>quem</strong></span> <span class='ocrx_word' id='word_1_256' title='bbox 1225 3474 1368 3528; x_wconf 83' lang='lat' dir='ltr'><strong>facta</strong></span> <span class='ocrx_word' id='word_1_257' title='bbox 1407 3480 1512 3537; x_wconf 92' lang='lat' dir='ltr'><strong>est,</strong></span> <span class='ocrx_word' id='word_1_258' title='bbox 1550 3469 1931 3527; x_wconf 84' lang='lat' dir='ltr'><strong>infortunium.</strong></span> <span class='ocrx_word' id='word_1_259' title='bbox 1984 3470 2042 3528; x_wconf 91' lang='lat' dir='ltr'><strong>Si</strong></span> 
     </span>
    </p>
   </div>
   <div class='ocr_carea' id='block_1_37' title="bbox 463 3564 2038 3642">
    <p class='ocr_par' dir='ltr' id='par_1_37' title="bbox 463 3564 2038 3642">
     <span class='ocr_line' id='line_1_37' title="bbox 463 3564 2038 3642; baseline -0.006 -15"><span class='ocrx_word' id='word_1_260' title='bbox 463 3574 590 3642; x_wconf 90' lang='lat' dir='ltr'><strong>quis</strong></span> <span class='ocrx_word' id='word_1_261' title='bbox 653 3571 988 3625; x_wconf 82' lang='lat' dir='ltr'><strong>nefariorum</strong></span> <span class='ocrx_word' id='word_1_262' title='bbox 1027 3567 1302 3622; x_wconf 81' lang='lat' dir='ltr'><strong>factorum</strong></span> <span class='ocrx_word' id='word_1_263' title='bbox 1343 3573 1705 3636; x_wconf 84' lang='lat' dir='ltr'><strong>persequatur</strong></span> <span class='ocrx_word' id='word_1_264' title='bbox 1753 3564 2038 3631; x_wconf 86' lang='lat' dir='ltr'><strong>actiones,</strong></span> 
     </span>
    </p>
   </div>
   <div class='ocr_carea' id='block_1_38' title="bbox 463 3655 2042 3730">
    <p class='ocr_par' dir='ltr' id='par_1_38' title="bbox 463 3655 2042 3730">
     <span class='ocr_line' id='line_1_38' title="bbox 463 3655 2042 3730; baseline -0.008 -9"><span class='ocrx_word' id='word_1_265' title='bbox 463 3664 702 3721; x_wconf 86' lang='lat' dir='ltr'><strong>inveniet</strong></span> <span class='ocrx_word' id='word_1_266' title='bbox 743 3677 930 3717; x_wconf 88' lang='lat' dir='ltr'><strong>eorum</strong></span> <span class='ocrx_word' id='word_1_267' title='bbox 963 3658 1205 3730; x_wconf 93' lang='lat' dir='ltr'><strong>quidem,</strong></span> <span class='ocrx_word' id='word_1_268' title='bbox 1235 3658 1328 3730; x_wconf 91' lang='lat' dir='ltr'><strong>qui</strong></span> <span class='ocrx_word' id='word_1_269' title='bbox 1357 3657 1564 3712; x_wconf 84' lang='lat' dir='ltr'><strong>faciunt</strong></span> <span class='ocrx_word' id='word_1_270' title='bbox 1610 3655 1888 3727; x_wconf 87' lang='lat' dir='ltr'><strong>injuriam,</strong></span> <span class='ocrx_word' id='word_1_271' title='bbox 1914 3671 2042 3728; x_wconf 85' lang='lat' dir='ltr'><strong>par-</strong></span> 
     </span>
    </p>
   </div>
   <div class='ocr_carea' id='block_1_39' title="bbox 465 3748 2040 3820">
    <p class='ocr_par' dir='ltr' id='par_1_39' title="bbox 465 3748 2040 3820">
     <span class='ocr_line' id='line_1_39' title="bbox 465 3748 2040 3820; baseline -0.005 -10"><span class='ocrx_word' id='word_1_272' title='bbox 465 3765 572 3812; x_wconf 83' lang='lat' dir='ltr'><strong>tem</strong></span> <span class='ocrx_word' id='word_1_273' title='bbox 609 3754 847 3819; x_wconf 87' lang='lat' dir='ltr'><strong>lucrari;</strong></span> <span class='ocrx_word' id='word_1_274' title='bbox 877 3767 1067 3808; x_wconf 89' lang='lat' dir='ltr'><strong>eorum</strong></span> <span class='ocrx_word' id='word_1_275' title='bbox 1110 3758 1313 3814; x_wconf 88' lang='lat' dir='ltr'><strong>autem,</strong></span> <span class='ocrx_word' id='word_1_276' title='bbox 1348 3750 1550 3818; x_wconf 90' lang='lat' dir='ltr'><strong>quibus</strong></span> <span class='ocrx_word' id='word_1_277' title='bbox 1588 3748 1648 3802; x_wconf 83' lang='lat' dir='ltr'><strong>iit</strong></span> <span class='ocrx_word' id='word_1_278' title='bbox 1679 3749 1903 3820; x_wconf 89' lang='lat' dir='ltr'><strong>injuria,</strong></span> <span class='ocrx_word' id='word_1_279' title='bbox 1939 3752 2040 3803; x_wconf 79' lang='lat' dir='ltr'><strong>da-</strong></span> 
     </span>
    </p>
   </div>
   <div class='ocr_carea' id='block_1_40' title="bbox 463 3839 2042 3912">
    <p class='ocr_par' dir='ltr' id='par_1_40' title="bbox 463 3839 2042 3912">
     <span class='ocr_line' id='line_1_40' title="bbox 463 3839 2042 3912; baseline -0.004 -14"><span class='ocrx_word' id='word_1_280' title='bbox 463 3859 650 3899; x_wconf 88' lang='lat' dir='ltr'><strong>mnum</strong></span> <span class='ocrx_word' id='word_1_281' title='bbox 703 3843 972 3912; x_wconf 88' lang='lat' dir='ltr'><strong>accipere.</strong></span> <span class='ocrx_word' id='word_1_282' title='bbox 1010 3839 1328 3894; x_wconf 88' lang='lat' dir='ltr'><strong>Fornicatio</strong></span> <span class='ocrx_word' id='word_1_283' title='bbox 1383 3847 1563 3894; x_wconf 84' lang='lat' dir='ltr'><strong>autem</strong></span> <span class='ocrx_word' id='word_1_284' title='bbox 1623 3853 1734 3893; x_wconf 92' lang='lat' dir='ltr'><strong>non</strong></span> <span class='ocrx_word' id='word_1_285' title='bbox 1809 3839 2042 3908; x_wconf 89' lang='lat' dir='ltr'><strong>suscipit</strong></span> 
     </span>
    </p>
   </div>
   <div class='ocr_carea' id='block_1_41' title="bbox 465 3928 2039 4004">
    <p class='ocr_par' dir='ltr' id='par_1_41' title="bbox 465 3928 2039 4004">
     <span class='ocr_line' id='line_1_41' title="bbox 465 3928 2039 4004; baseline -0.003 -15"><span class='ocrx_word' id='word_1_286' title='bbox 465 3932 734 4004; x_wconf 79' lang='lat' dir='ltr'><strong>ejusmodi</strong></span> <span class='ocrx_word' id='word_1_287' title='bbox 784 3931 1108 3986; x_wconf 86' lang='lat' dir='ltr'><strong>divisionem</strong></span> <span class='ocrx_word' id='word_1_288' title='bbox 1136 3947 1156 3984; x_wconf 74' lang='grc' dir='ltr'><strong>ι</strong></span> <span class='ocrx_word' id='word_1_289' title='bbox 1183 3944 1284 3984; x_wconf 86' lang='lat' dir='ltr'><strong>nec</strong></span> <span class='ocrx_word' id='word_1_290' title='bbox 1324 3929 1480 3996; x_wconf 86' lang='lat' dir='ltr'><strong>ejus,</strong></span> <span class='ocrx_word' id='word_1_291' title='bbox 1515 3928 1609 3999; x_wconf 90' lang='lat' dir='ltr'><strong>qui</strong></span> <span class='ocrx_word' id='word_1_292' title='bbox 1663 3944 1864 3999; x_wconf 86' lang='lat' dir='ltr'><strong>passus</strong></span> <span class='ocrx_word' id='word_1_293' title='bbox 1907 3938 2039 3996; x_wconf 90' lang='lat' dir='ltr'><strong>est,</strong></span> 
     </span>
    </p>
   </div>
   <div class='ocr_carea' id='block_1_42' title="bbox 467 4020 2042 4092">
    <p class='ocr_par' dir='ltr' id='par_1_42' title="bbox 467 4020 2042 4092">
     <span class='ocr_line' id='line_1_42' title="bbox 467 4020 2042 4092; baseline -0.003 -11"><span class='ocrx_word' id='word_1_294' title='bbox 467 4026 737 4081; x_wconf 75' lang='lat' dir='ltr'><strong>actionem</strong></span> <span class='ocrx_word' id='word_1_295' title='bbox 773 4030 991 4092; x_wconf 90' lang='lat' dir='ltr'><strong>separat</strong></span> <span class='ocrx_word' id='word_1_296' title='bbox 1039 4021 1107 4074; x_wconf 88' lang='lat' dir='ltr'><strong>ab</strong></span> <span class='ocrx_word' id='word_1_297' title='bbox 1157 4035 1222 4074; x_wconf 87' lang='lat' dir='ltr'><strong>eo</strong></span> <span class='ocrx_word' id='word_1_298' title='bbox 1272 4020 1364 4089; x_wconf 91' lang='lat' dir='ltr'><strong>qui</strong></span> <span class='ocrx_word' id='word_1_299' title='bbox 1405 4021 1550 4090; x_wconf 87' lang='lat' dir='ltr'><strong>egit,</strong></span> <span class='ocrx_word' id='word_1_300' title='bbox 1607 4021 1703 4076; x_wconf 89' lang='lat' dir='ltr'><strong>sed</strong></span> <span class='ocrx_word' id='word_1_301' title='bbox 1747 4033 2042 4092; x_wconf 90' lang='lat' dir='ltr'><strong>utrumque</strong></span> 
     </span>
    </p>
   </div>
   <div class='ocr_carea' id='block_1_43' title="bbox 467 4115 2040 4186">
    <p class='ocr_par' dir='ltr' id='par_1_43' title="bbox 467 4115 2040 4186">
     <span class='ocr_line' id='line_1_43' title="bbox 467 4115 2040 4186; baseline -0.003 -12"><span class='ocrx_word' id='word_1_302' title='bbox 467 4119 632 4175; x_wconf 87' lang='lat' dir='ltr'><strong>simul</strong></span> <span class='ocrx_word' id='word_1_303' title='bbox 660 4117 874 4180; x_wconf 78' lang='lat' dir='ltr'><strong>evertit,</strong></span> <span class='ocrx_word' id='word_1_304' title='bbox 928 4121 982 4170; x_wconf 90' lang='lat' dir='ltr'><strong>et</strong></span> <span class='ocrx_word' id='word_1_305' title='bbox 1024 4115 1243 4186; x_wconf 81' lang='lat' dir='ltr'><strong>colligat</strong></span> <span class='ocrx_word' id='word_1_306' title='bbox 1281 4116 1560 4169; x_wconf 88' lang='lat' dir='ltr'><strong>communi</strong></span> <span class='ocrx_word' id='word_1_307' title='bbox 1608 4115 1831 4171; x_wconf 84' lang='lat' dir='ltr'><strong>vinculo</strong></span> <span class='ocrx_word' id='word_1_308' title='bbox 1864 4117 2040 4186; x_wconf 88' lang='lat' dir='ltr'><strong>pollu-</strong></span> 
     </span>
    </p>
   </div>
   <div class='ocr_carea' id='block_1_44' title="bbox 465 4209 2043 4274">
    <p class='ocr_par' dir='ltr' id='par_1_44' title="bbox 465 4209 2043 4274">
     <span class='ocr_line' id='line_1_44' title="bbox 465 4209 2043 4274; baseline -0.004 -6"><span class='ocrx_word' id='word_1_309' title='bbox 465 4211 649 4268; x_wconf 91' lang='lat' dir='ltr'><strong>tionis.</strong></span> <span class='ocrx_word' id='word_1_310' title='bbox 693 4209 941 4266; x_wconf 68' lang='lat' dir='ltr'><strong>Possunt</strong></span> <span class='ocrx_word' id='word_1_311' title='bbox 1002 4209 1187 4274; x_wconf 86' lang='lat' dir='ltr'><strong>avari,</strong></span> <span class='ocrx_word' id='word_1_312' title='bbox 1248 4223 1372 4262; x_wconf 89' lang='lat' dir='ltr'><strong>cum</strong></span> <span class='ocrx_word' id='word_1_313' title='bbox 1428 4209 1595 4261; x_wconf 91' lang='lat' dir='ltr'><strong>alium</strong></span> <span class='ocrx_word' id='word_1_314' title='bbox 1657 4209 1858 4264; x_wconf 89' lang='lat' dir='ltr'><strong>damno</strong></span> <span class='ocrx_word' id='word_1_315' title='bbox 1914 4209 2043 4264; x_wconf 56' lang='lat' dir='ltr'><strong>ams-</strong></span> 
     </span>
    </p>
   </div>
   <div class='ocr_carea' id='block_1_45' title="bbox 463 4299 2041 4374">
    <p class='ocr_par' dir='ltr' id='par_1_45' title="bbox 463 4299 2041 4374">
     <span class='ocr_line' id='line_1_45' title="bbox 463 4299 2041 4374; baseline -0.001 -15"><span class='ocrx_word' id='word_1_316' title='bbox 463 4305 659 4368; x_wconf 88' lang='lat' dir='ltr'><strong>ccrint,</strong></span> <span class='ocrx_word' id='word_1_317' title='bbox 730 4301 835 4374; x_wconf 89' lang='lat' dir='ltr'><strong>ipsi</strong></span> <span class='ocrx_word' id='word_1_318' title='bbox 930 4300 1080 4355; x_wconf 90' lang='lat' dir='ltr'><strong>nullo</strong></span> <span class='ocrx_word' id='word_1_319' title='bbox 1149 4301 1354 4356; x_wconf 82' lang='lat' dir='ltr'><strong>damno</strong></span> <span class='ocrx_word' id='word_1_320' title='bbox 1437 4299 1594 4356; x_wconf 70' lang='lat' dir='ltr'><strong>atiici.</strong></span> <span class='ocrx_word' id='word_1_321' title='bbox 1657 4299 2041 4357; x_wconf 88' lang='lat' dir='ltr'><strong>Fornicatores</strong></span> 
     </span>
    </p>
   </div>
   <div class='ocr_carea' id='block_1_46' title="bbox 463 4391 2042 4462">
    <p class='ocr_par' dir='ltr' id='par_1_46' title="bbox 463 4391 2042 4462">
     <span class='ocr_line' id='line_1_46' title="bbox 463 4391 2042 4462; baseline -0.004 -11"><span class='ocrx_word' id='word_1_322' title='bbox 463 4403 643 4452; x_wconf 78' lang='lat' dir='ltr'><strong>autem</strong></span> <span class='ocrx_word' id='word_1_323' title='bbox 677 4409 786 4449; x_wconf 89' lang='lat' dir='ltr'><strong>non</strong></span> <span class='ocrx_word' id='word_1_324' title='bbox 817 4401 1048 4462; x_wconf 88' lang='lat' dir='ltr'><strong>possunt</strong></span> <span class='ocrx_word' id='word_1_325' title='bbox 1091 4405 1290 4460; x_wconf 92' lang='lat' dir='ltr'><strong>corpus</strong></span> <span class='ocrx_word' id='word_1_326' title='bbox 1325 4391 1524 4460; x_wconf 90' lang='lat' dir='ltr'><strong>probro</strong></span> <span class='ocrx_word' id='word_1_327' title='bbox 1561 4401 1614 4446; x_wconf 89' lang='lat' dir='ltr'><strong>et</strong></span> <span class='ocrx_word' id='word_1_328' title='bbox 1640 4391 1907 4454; x_wconf 87' lang='lat' dir='ltr'><strong>dedecore</strong></span> <span class='ocrx_word' id='word_1_329' title='bbox 1928 4392 2042 4446; x_wconf 79' lang='lat' dir='ltr'><strong>atii-</strong></span> 
     </span>
    </p>
   </div>
   <div class='ocr_carea' id='block_1_47' title="bbox 2139 539 3718 615">
    <p class='ocr_par' dir='ltr' id='par_1_47' title="bbox 2139 539 3718 615">
     <span class='ocr_line' id='line_1_47' title="bbox 2139 539 3718 615; baseline -0.004 -16"><span class='ocrx_word' id='word_1_330' title='bbox 2139 545 2388 615; x_wconf 85' lang='grc' dir='ltr'>άγγελμα</span> <span class='ocrx_word' id='word_1_331' title='bbox 2426 541 2847 615; x_wconf 77' lang='grc' dir='ltr'>[στρατιωτικὴν</span> <span class='ocrx_word' id='word_1_332' title='bbox 2881 539 3016 612; x_wconf 80' lang='grc' dir='ltr'>πρὸς</span> <span class='ocrx_word' id='word_1_333' title='bbox 3049 539 3126 610; x_wconf 79' lang='grc' dir='ltr'>τῷ</span> <span class='ocrx_word' id='word_1_334' title='bbox 3148 539 3291 592; x_wconf 87' lang='grc' dir='ltr'>τέλει</span> <span class='ocrx_word' id='word_1_335' title='bbox 3323 540 3718 614; x_wconf 80' lang='grc' dir='ltr'><strong>παραγγελίαν]</strong></span> 
     </span>
    </p>
   </div>
   <div class='ocr_carea' id='block_1_48' title="bbox 2140 632 3719 707">
    <p class='ocr_par' dir='ltr' id='par_1_48' title="bbox 2140 632 3719 707">
     <span class='ocr_line' id='line_1_48' title="bbox 2140 632 3719 707; baseline -0.003 -18"><span class='ocrx_word' id='word_1_336' title='bbox 2140 637 2509 707; x_wconf 82' lang='grc' dir='ltr'>προστιθεῖσα.</span> <span class='ocrx_word' id='word_1_337' title='bbox 2545 636 2798 704; x_wconf 75' lang='grc' dir='ltr'>Φεύγετοε</span> <span class='ocrx_word' id='word_1_338' title='bbox 2851 632 2983 704; x_wconf 86' lang='grc' dir='ltr'>γὰρ,</span> <span class='ocrx_word' id='word_1_339' title='bbox 3035 633 3207 703; x_wconf 74' lang='grc' dir='ltr'>φησὶ,</span> <span class='ocrx_word' id='word_1_340' title='bbox 3253 632 3370 700; x_wconf 78' lang='grc' dir='ltr'><strong>τὴν</strong></span> <span class='ocrx_word' id='word_1_341' title='bbox 3413 635 3719 701; x_wconf 77' lang='grc' dir='ltr'><strong>πορνείαν.</strong></span> 
     </span>
    </p>
   </div>
   <div class='ocr_carea' id='block_1_49' title="bbox 2137 724 3727 799">
    <p class='ocr_par' dir='ltr' id='par_1_49' title="bbox 2137 724 3727 799">
     <span class='ocr_line' id='line_1_49' title="bbox 2137 724 3727 799; baseline -0.003 -15"><span class='ocrx_word' id='word_1_342' title='bbox 2137 729 2268 784; x_wconf 79' lang='grc' dir='ltr'><strong>Πᾶν</strong></span> <span class='ocrx_word' id='word_1_343' title='bbox 2286 729 2616 799; x_wconf 75' lang='grc' dir='ltr'>ἁμάρτημα,</span> <span class='ocrx_word' id='word_1_344' title='bbox 2641 727 2672 780; x_wconf 86' lang='grc' dir='ltr'><strong>ὃ</strong></span> <span class='ocrx_word' id='word_1_345' title='bbox 2693 726 2800 779; x_wconf 77' lang='grc' dir='ltr'><strong>ἐὰν</strong></span> <span class='ocrx_word' id='word_1_346' title='bbox 2817 724 3042 794; x_wconf 79' lang='grc' dir='ltr'>ποιήσῃ</span> <span class='ocrx_word' id='word_1_347' title='bbox 3059 725 3392 794; x_wconf 77' lang='grc' dir='ltr'>ἄνθρωπος,</span> <span class='ocrx_word' id='word_1_348' title='bbox 3421 725 3592 791; x_wconf 81' lang='grc' dir='ltr'>ἐκτὸς</span> <span class='ocrx_word' id='word_1_349' title='bbox 3615 725 3727 779; x_wconf 82' lang='grc' dir='ltr'><strong>τοῦ</strong></span> 
     </span>
    </p>
   </div>
   <div class='ocr_carea' id='block_1_50' title="bbox 2137 814 3724 889">
    <p class='ocr_par' dir='ltr' id='par_1_50' title="bbox 2137 814 3724 889">
     <span class='ocr_line' id='line_1_50' title="bbox 2137 814 3724 889; baseline -0.003 -16"><span class='ocrx_word' id='word_1_350' title='bbox 2137 819 2410 889; x_wconf 78' lang='grc' dir='ltr'>σώματός</span> <span class='ocrx_word' id='word_1_351' title='bbox 2433 820 2620 874; x_wconf 78' lang='grc' dir='ltr'>ἐστιν.</span> <span class='ocrx_word' id='word_1_352' title='bbox 2649 818 2713 870; x_wconf 78' lang='grc' dir='ltr'><strong>Οἱ</strong></span> <span class='ocrx_word' id='word_1_353' title='bbox 2735 816 2828 869; x_wconf 80' lang='grc' dir='ltr'>καὶ</span> <span class='ocrx_word' id='word_1_354' title='bbox 2849 814 3004 887; x_wconf 80' lang='grc' dir='ltr'>[γὰρ]</span> <span class='ocrx_word' id='word_1_355' title='bbox 3019 815 3125 869; x_wconf 89' lang='grc' dir='ltr'><strong>τῶν</strong></span> <span class='ocrx_word' id='word_1_356' title='bbox 3147 814 3419 886; x_wconf 74' lang='grc' dir='ltr'><strong>αἰσθητῶν</strong></span> <span class='ocrx_word' id='word_1_357' title='bbox 3455 814 3724 887; x_wconf 85' lang='grc' dir='ltr'>στρατιῶ-</span> 
     </span>
    </p>
   </div>
   <div class='ocr_carea' id='block_1_51' title="bbox 2137 905 3725 981">
    <p class='ocr_par' dir='ltr' id='par_1_51' title="bbox 2137 905 3725 981">
     <span class='ocr_line' id='line_1_51' title="bbox 2137 905 3725 981; baseline -0.004 -15"><span class='ocrx_word' id='word_1_358' title='bbox 2137 929 2228 966; x_wconf 90' lang='grc' dir='ltr'><strong>ται</strong></span> <span class='ocrx_word' id='word_1_359' title='bbox 2265 911 2553 981; x_wconf 86' lang='grc' dir='ltr'>πολέμων,</span> <span class='ocrx_word' id='word_1_360' title='bbox 2584 908 2678 963; x_wconf 87' lang='grc' dir='ltr'><strong>νῦν</strong></span> <span class='ocrx_word' id='word_1_361' title='bbox 2729 909 2825 980; x_wconf 80' lang='grc' dir='ltr'><strong>μὲν</strong></span> <span class='ocrx_word' id='word_1_362' title='bbox 2876 905 3275 978; x_wconf 83' lang='grc' dir='ltr'>ἀντιπροσώπῳ</span> <span class='ocrx_word' id='word_1_363' title='bbox 3312 907 3576 978; x_wconf 77' lang='grc' dir='ltr'>συμϐολῇ,</span> <span class='ocrx_word' id='word_1_364' title='bbox 3629 907 3725 962; x_wconf 88' lang='grc' dir='ltr'><strong>νῦν</strong></span> 
     </span>
    </p>
   </div>
   <div class='ocr_carea' id='block_1_52' title="bbox 2138 999 3721 1074">
    <p class='ocr_par' dir='ltr' id='par_1_52' title="bbox 2138 999 3721 1074">
     <span class='ocr_line' id='line_1_52' title="bbox 2138 999 3721 1074; baseline -0.002 -17"><span class='ocrx_word' id='word_1_365' title='bbox 2138 1004 2196 1057; x_wconf 79' lang='grc' dir='ltr'>δὲ</span> <span class='ocrx_word' id='word_1_366' title='bbox 2259 1005 2406 1074; x_wconf 88' lang='grc' dir='ltr'>φυγῇ</span> <span class='ocrx_word' id='word_1_367' title='bbox 2457 1001 2807 1074; x_wconf 81' lang='grc' dir='ltr'><strong>κεχρημένοι,</strong></span> <span class='ocrx_word' id='word_1_368' title='bbox 2863 1001 2963 1065; x_wconf 90' lang='grc' dir='ltr'><strong>τάς</strong></span> <span class='ocrx_word' id='word_1_369' title='bbox 3013 999 3348 1072; x_wconf 81' lang='grc' dir='ltr'><strong>παρατάξεις</strong></span> <span class='ocrx_word' id='word_1_370' title='bbox 3389 1001 3721 1070; x_wconf 80' lang='grc' dir='ltr'><strong>σοφίζονται.</strong></span> 
     </span>
    </p>
   </div>
   <div class='ocr_carea' id='block_1_53' title="bbox 2143 1090 3714 1164">
    <p class='ocr_par' dir='ltr' id='par_1_53' title="bbox 2143 1090 3714 1164">
     <span class='ocr_line' id='line_1_53' title="bbox 2143 1090 3714 1164; baseline -0.003 -15"><span class='ocrx_word' id='word_1_371' title='bbox 2143 1097 2298 1150; x_wconf 88' lang='grc' dir='ltr'>Ἔστι</span> <span class='ocrx_word' id='word_1_372' title='bbox 2320 1096 2413 1148; x_wconf 70' lang='grc' dir='ltr'>καὶ</span> <span class='ocrx_word' id='word_1_373' title='bbox 2439 1094 2673 1164; x_wconf 87' lang='grc' dir='ltr'>πόλεμος</span> <span class='ocrx_word' id='word_1_374' title='bbox 2705 1092 2906 1164; x_wconf 78' lang='grc' dir='ltr'>ψυχῆς,</span> <span class='ocrx_word' id='word_1_375' title='bbox 2939 1092 3251 1146; x_wconf 85' lang='grc' dir='ltr'>ἁντιστάσει</span> <span class='ocrx_word' id='word_1_376' title='bbox 3277 1090 3372 1145; x_wconf 74' lang='grc' dir='ltr'>καὶ</span> <span class='ocrx_word' id='word_1_377' title='bbox 3401 1095 3544 1162; x_wconf 82' lang='grc' dir='ltr'>φυγῇ</span> <span class='ocrx_word' id='word_1_378' title='bbox 3576 1108 3714 1160; x_wconf 74' lang='grc' dir='ltr'><strong>σοφι⁹</strong></span> 
     </span>
    </p>
   </div>
   <div class='ocr_carea' id='block_1_54' title="bbox 2139 1187 3728 1264">
    <p class='ocr_par' dir='ltr' id='par_1_54' title="bbox 2139 1187 3728 1264">
     <span class='ocr_line' id='line_1_54' title="bbox 2139 1187 3728 1264; baseline -0.004 -18"><span class='ocrx_word' id='word_1_379' title='bbox 2139 1192 2384 1264; x_wconf 77' lang='grc' dir='ltr'>ζόμενος.</span> <span class='ocrx_word' id='word_1_380' title='bbox 2422 1191 2592 1244; x_wconf 86' lang='grc' dir='ltr'>Τοῦτο</span> <span class='ocrx_word' id='word_1_381' title='bbox 2615 1192 2644 1243; x_wconf 99' lang='lat'><strong>6</strong></span> <span class='ocrx_word' id='word_1_382' title='bbox 2670 1188 2882 1251; x_wconf 88' lang='grc' dir='ltr'>Παῦλος</span> <span class='ocrx_word' id='word_1_383' title='bbox 2911 1187 3088 1253; x_wconf 85' lang='grc' dir='ltr'>εἰδὼς,</span> <span class='ocrx_word' id='word_1_384' title='bbox 3116 1190 3146 1241; x_wconf 93' lang='lat'><strong>6</strong></span> <span class='ocrx_word' id='word_1_385' title='bbox 3169 1187 3270 1258; x_wconf 86' lang='grc' dir='ltr'>τῆς</span> <span class='ocrx_word' id='word_1_386' title='bbox 3313 1187 3594 1252; x_wconf 72' lang='grc' dir='ltr'>εὐσεϐείας</span> <span class='ocrx_word' id='word_1_387' title='bbox 3636 1203 3728 1240; x_wconf 84' lang='grc' dir='ltr'>τα-</span> 
     </span>
    </p>
   </div>
   <div class='ocr_carea' id='block_1_55' title="bbox 2139 1278 3728 1354">
    <p class='ocr_par' dir='ltr' id='par_1_55' title="bbox 2139 1278 3728 1354">
     <span class='ocr_line' id='line_1_55' title="bbox 2139 1278 3728 1354; baseline -0.005 -14"><span class='ocrx_word' id='word_1_388' title='bbox 2139 1283 2340 1342; x_wconf 86' lang='grc' dir='ltr'>κτικῶν</span> <span class='ocrx_word' id='word_1_389' title='bbox 2370 1283 2451 1338; x_wconf 84' lang='grc' dir='ltr'>δι’</span> <span class='ocrx_word' id='word_1_390' title='bbox 2495 1281 2809 1354; x_wconf 74' lang='grc' dir='ltr'>ἀμφοτέρας</span> <span class='ocrx_word' id='word_1_391' title='bbox 2845 1281 2994 1349; x_wconf 86' lang='grc' dir='ltr'>ἄγων</span> <span class='ocrx_word' id='word_1_392' title='bbox 3025 1279 3116 1333; x_wconf 85' lang='grc' dir='ltr'><strong>τὸν</strong></span> <span class='ocrx_word' id='word_1_393' title='bbox 3159 1278 3388 1352; x_wconf 79' lang='grc' dir='ltr'>στρατὸν</span> <span class='ocrx_word' id='word_1_394' title='bbox 3452 1279 3728 1349; x_wconf 72' lang='grc' dir='ltr'>ἔντεχνίας</span> 
     </span>
    </p>
   </div>
   <div class='ocr_carea' id='block_1_56' title="bbox 2140 1370 3728 1449">
    <p class='ocr_par' dir='ltr' id='par_1_56' title="bbox 2140 1370 3728 1449">
     <span class='ocr_line' id='line_1_56' title="bbox 2140 1370 3728 1449; baseline -0.005 -18"><span class='ocrx_word' id='word_1_395' title='bbox 2140 1373 2490 1449; x_wconf 78' lang='grc' dir='ltr'>[εύτεχνίας],</span> <span class='ocrx_word' id='word_1_396' title='bbox 2521 1373 2615 1428; x_wconf 85' lang='grc' dir='ltr'><strong>νῦν</strong></span> <span class='ocrx_word' id='word_1_397' title='bbox 2643 1372 2740 1444; x_wconf 80' lang='grc' dir='ltr'>μὲν</span> <span class='ocrx_word' id='word_1_398' title='bbox 2768 1373 2866 1443; x_wconf 79' lang='grc' dir='ltr'>τὴν</span> <span class='ocrx_word' id='word_1_399' title='bbox 2887 1371 3048 1444; x_wconf 81' lang='grc' dir='ltr'>[πρὸς</span> <span class='ocrx_word' id='word_1_400' title='bbox 3084 1370 3205 1442; x_wconf 79' lang='grc' dir='ltr'><strong>τὴνῖ</strong></span> <span class='ocrx_word' id='word_1_401' title='bbox 3242 1372 3424 1441; x_wconf 78' lang='grc' dir='ltr'>μάχην</span> <span class='ocrx_word' id='word_1_402' title='bbox 3461 1370 3728 1440; x_wconf 72' lang='grc' dir='ltr'>ἐπιμονὴν</span> 
     </span>
    </p>
   </div>
   <div class='ocr_carea' id='block_1_57' title="bbox 2140 1461 3729 1539">
    <p class='ocr_par' dir='ltr' id='par_1_57' title="bbox 2140 1461 3729 1539">
     <span class='ocr_line' id='line_1_57' title="bbox 2140 1461 3729 1539; baseline -0.006 -16"><span class='ocrx_word' id='word_1_403' title='bbox 2140 1466 2542 1539; x_wconf 84' lang='grc' dir='ltr'>παραγγέλλει’</span> <span class='ocrx_word' id='word_1_404' title='bbox 2576 1463 2787 1534; x_wconf 79' lang='grc' dir='ltr'>Στιῆτε,</span> <span class='ocrx_word' id='word_1_405' title='bbox 2822 1461 3284 1533; x_wconf 80' lang='grc' dir='ltr'><strong>περιζωσάμενοι</strong></span> <span class='ocrx_word' id='word_1_406' title='bbox 3341 1462 3458 1530; x_wconf 76' lang='grc' dir='ltr'><strong>τὴν</strong></span> <span class='ocrx_word' id='word_1_407' title='bbox 3525 1461 3729 1530; x_wconf 69' lang='grc' dir='ltr'>ὀσφὺν</span> 
     </span>
    </p>
   </div>
   <div class='ocr_carea' id='block_1_58' title="bbox 2139 1551 3731 1631">
    <p class='ocr_par' dir='ltr' id='par_1_58' title="bbox 2139 1551 3731 1631">
     <span class='ocr_line' id='line_1_58' title="bbox 2139 1551 3731 1631; baseline -0.006 -17"><span class='ocrx_word' id='word_1_408' title='bbox 2139 1559 2306 1631; x_wconf 80' lang='grc' dir='ltr'>ὑμῶν</span> <span class='ocrx_word' id='word_1_409' title='bbox 2329 1559 2400 1612; x_wconf 80' lang='grc' dir='ltr'>ἐν</span> <span class='ocrx_word' id='word_1_410' title='bbox 2419 1557 2669 1624; x_wconf 77' lang='grc' dir='ltr'>ἀληθείᾳ</span> <span class='ocrx_word' id='word_1_411' title='bbox 2692 1571 2705 1584; x_wconf 74' lang='grc' dir='ltr'><strong>ο</strong></span> <span class='ocrx_word' id='word_1_412' title='bbox 2747 1555 2841 1609; x_wconf 89' lang='grc' dir='ltr'><strong>νῦν</strong></span> <span class='ocrx_word' id='word_1_413' title='bbox 2867 1554 2924 1609; x_wconf 84' lang='grc' dir='ltr'>δὲ</span> <span class='ocrx_word' id='word_1_414' title='bbox 2957 1557 3105 1624; x_wconf 85' lang='grc' dir='ltr'>φυγῇ</span> <span class='ocrx_word' id='word_1_415' title='bbox 3136 1552 3450 1622; x_wconf 78' lang='grc' dir='ltr'>σοφίζεσθαι</span> <span class='ocrx_word' id='word_1_416' title='bbox 3475 1553 3537 1606; x_wconf 81' lang='grc' dir='ltr'><strong>τὸ</strong></span> <span class='ocrx_word' id='word_1_417' title='bbox 3567 1551 3731 1605; x_wconf 83' lang='grc' dir='ltr'>πολε-</span> 
     </span>
    </p>
   </div>
   <div class='ocr_carea' id='block_1_59' title="bbox 2143 1646 3730 1724">
    <p class='ocr_par' dir='ltr' id='par_1_59' title="bbox 2143 1646 3730 1724">
     <span class='ocr_line' id='line_1_59' title="bbox 2143 1646 3730 1724; baseline -0.004 -18"><span class='ocrx_word' id='word_1_418' title='bbox 2143 1653 2277 1724; x_wconf 87' lang='grc' dir='ltr'>μοῦν</span> <span class='ocrx_word' id='word_1_419' title='bbox 2311 1650 2690 1722; x_wconf 76' lang='grc' dir='ltr'>συμϐουλεύειο</span> <span class='ocrx_word' id='word_1_420' title='bbox 2714 1649 2970 1719; x_wconf 78' lang='grc' dir='ltr'>Φεύτετε</span> <span class='ocrx_word' id='word_1_421' title='bbox 2991 1647 3106 1716; x_wconf 75' lang='grc' dir='ltr'><strong>τὴν</strong></span> <span class='ocrx_word' id='word_1_422' title='bbox 3126 1647 3434 1718; x_wconf 78' lang='grc' dir='ltr'>πορνείαν.</span> <span class='ocrx_word' id='word_1_423' title='bbox 3468 1646 3532 1700; x_wconf 77' lang='lat' dir='ltr'><strong>Et</strong></span> <span class='ocrx_word' id='word_1_424' title='bbox 3566 1646 3730 1700; x_wconf 84' lang='grc' dir='ltr'>πόλε-</span> 
     </span>
    </p>
   </div>
   <div class='ocr_carea' id='block_1_60' title="bbox 2147 1740 3734 1815">
    <p class='ocr_par' dir='ltr' id='par_1_60' title="bbox 2147 1740 3734 1815">
     <span class='ocr_line' id='line_1_60' title="bbox 2147 1740 3734 1815; baseline -0.001 -17"><span class='ocrx_word' id='word_1_425' title='bbox 2147 1762 2246 1815; x_wconf 88' lang='grc' dir='ltr'><strong>μος</strong></span> <span class='ocrx_word' id='word_1_426' title='bbox 2274 1743 2534 1806; x_wconf 79' lang='grc' dir='ltr'>ἀπιστίας</span> <span class='ocrx_word' id='word_1_427' title='bbox 2576 1741 2859 1813; x_wconf 76' lang='grc' dir='ltr'>προσϐάλῃ</span> <span class='ocrx_word' id='word_1_428' title='bbox 2877 1781 2892 1804; x_wconf 92' lang='grc'><strong>,</strong></span> <span class='ocrx_word' id='word_1_429' title='bbox 2929 1741 3199 1812; x_wconf 88' lang='grc' dir='ltr'>χρήσιμος</span> <span class='ocrx_word' id='word_1_430' title='bbox 3232 1740 3369 1810; x_wconf 70' lang='grc' dir='ltr'>πρὸς</span> <span class='ocrx_word' id='word_1_431' title='bbox 3396 1741 3602 1793; x_wconf 78' lang='grc' dir='ltr'>ἐκεῖνον</span> <span class='ocrx_word' id='word_1_432' title='bbox 3627 1740 3734 1796; x_wconf 87' lang='grc' dir='ltr'>ἀν-</span> 
     </span>
    </p>
   </div>
   <div class='ocr_carea' id='block_1_61' title="bbox 2143 1830 3733 1905">
    <p class='ocr_par' dir='ltr' id='par_1_61' title="bbox 2143 1830 3733 1905">
     <span class='ocr_line' id='line_1_61' title="bbox 2143 1830 3733 1905; baseline -0.003 -16"><span class='ocrx_word' id='word_1_433' title='bbox 2143 1836 2406 1898; x_wconf 87' lang='grc' dir='ltr'>τίστασις.</span> <span class='ocrx_word' id='word_1_434' title='bbox 2434 1836 2496 1888; x_wconf 81' lang='grc' dir='ltr'><strong>Εἰ</strong></span> <span class='ocrx_word' id='word_1_435' title='bbox 2539 1835 2594 1888; x_wconf 85' lang='grc' dir='ltr'>δὲ</span> <span class='ocrx_word' id='word_1_436' title='bbox 2622 1832 2814 1904; x_wconf 79' lang='grc' dir='ltr'>δολερὰ</span> <span class='ocrx_word' id='word_1_437' title='bbox 2847 1830 2936 1905; x_wconf 81' lang='grc' dir='ltr'><strong>[ἂν</strong></span> <span class='ocrx_word' id='word_1_438' title='bbox 2976 1830 3164 1904; x_wconf 83' lang='grc' dir='ltr'><strong>δόλων]</strong></span> <span class='ocrx_word' id='word_1_439' title='bbox 3197 1831 3520 1885; x_wconf 80' lang='grc' dir='ltr'>ἀπειλεῖται</span> <span class='ocrx_word' id='word_1_440' title='bbox 3542 1832 3733 1901; x_wconf 81' lang='grc' dir='ltr'>παρά-</span> 
     </span>
    </p>
   </div>
   <div class='ocr_carea' id='block_1_62' title="bbox 2129 1921 3735 1996">
    <p class='ocr_par' dir='ltr' id='par_1_62' title="bbox 2129 1921 3735 1996">
     <span class='ocr_line' id='line_1_62' title="bbox 2129 1921 3735 1996; baseline -0.001 -16"><span class='ocrx_word' id='word_1_441' title='bbox 2129 1927 2316 1992; x_wconf 66' lang='grc' dir='ltr'>ταξις,</span> <span class='ocrx_word' id='word_1_442' title='bbox 2353 1926 2492 1996; x_wconf 85' lang='grc' dir='ltr'>καλὴ</span> <span class='ocrx_word' id='word_1_443' title='bbox 2529 1927 2562 1996; x_wconf 85' lang='grc' dir='ltr'><strong>ή</strong></span> <span class='ocrx_word' id='word_1_444' title='bbox 2593 1925 2729 1995; x_wconf 85' lang='grc' dir='ltr'>πρὸς</span> <span class='ocrx_word' id='word_1_445' title='bbox 2765 1923 2990 1987; x_wconf 78' lang='grc' dir='ltr'>τούτους</span> <span class='ocrx_word' id='word_1_446' title='bbox 3017 1921 3426 1992; x_wconf 77' lang='grc' dir='ltr'>ἀνταγωνιστὰς</span> <span class='ocrx_word' id='word_1_447' title='bbox 3452 1921 3735 1994; x_wconf 77' lang='grc' dir='ltr'>προσέδρα</span> 
     </span>
    </p>
   </div>
   <div class='ocr_carea' id='block_1_63' title="bbox 2145 2013 2542 2089">
    <p class='ocr_par' dir='ltr' id='par_1_63' title="bbox 2145 2013 2542 2089">
     <span class='ocr_line' id='line_1_63' title="bbox 2145 2013 2542 2089; baseline 0.003 -20"><span class='ocrx_word' id='word_1_448' title='bbox 2145 2013 2513 2089; x_wconf 84' lang='grc' dir='ltr'>[προσεδρεία]</span> <span class='ocrx_word' id='word_1_449' title='bbox 2527 2062 2542 2076; x_wconf 91' lang='grc'><strong>,</strong></span> 
     </span>
    </p>
   </div>
   <div class='ocr_carea' id='block_1_64' title="bbox 2220 2104 3736 2179">
    <p class='ocr_par' dir='ltr' id='par_1_64' title="bbox 2220 2104 3736 2179">
     <span class='ocr_line' id='line_1_64' title="bbox 2220 2104 3736 2179; baseline -0.004 -15"><span class='ocrx_word' id='word_1_450' title='bbox 2220 2111 2316 2164; x_wconf 80' lang='grc' dir='ltr'>Ἂν</span> <span class='ocrx_word' id='word_1_451' title='bbox 2359 2104 2450 2164; x_wconf 86' lang='grc' dir='ltr'><strong>οῦν</strong></span> <span class='ocrx_word' id='word_1_452' title='bbox 2498 2106 2866 2176; x_wconf 77' lang='grc' dir='ltr'>συκοφαντιῶν</span> <span class='ocrx_word' id='word_1_453' title='bbox 2917 2105 3241 2179; x_wconf 77' lang='grc' dir='ltr'>ἐπιφέρεται</span> <span class='ocrx_word' id='word_1_454' title='bbox 3287 2104 3471 2170; x_wconf 83' lang='grc' dir='ltr'>τόξον,</span> <span class='ocrx_word' id='word_1_455' title='bbox 3511 2105 3736 2159; x_wconf 87' lang='grc' dir='ltr'>λυσιτε-</span> 
     </span>
    </p>
   </div>
   <div class='ocr_carea' id='block_1_65' title="bbox 2141 2195 3734 2273">
    <p class='ocr_par' dir='ltr' id='par_1_65' title="bbox 2141 2195 3734 2273">
     <span class='ocr_line' id='line_1_65' title="bbox 2141 2195 3734 2273; baseline -0.003 -20"><span class='ocrx_word' id='word_1_456' title='bbox 2141 2201 2225 2256; x_wconf 86' lang='grc' dir='ltr'><strong>λεῖ</strong></span> <span class='ocrx_word' id='word_1_457' title='bbox 2285 2204 2320 2273; x_wconf 87' lang='grc' dir='ltr'><strong>ἡ</strong></span> <span class='ocrx_word' id='word_1_458' title='bbox 2389 2200 2800 2273; x_wconf 84' lang='grc' dir='ltr'>ἀντιπρόσωπος</span> <span class='ocrx_word' id='word_1_459' title='bbox 2870 2198 3112 2269; x_wconf 76' lang='grc' dir='ltr'>συμϐολὴ</span> <span class='ocrx_word' id='word_1_460' title='bbox 3178 2196 3314 2267; x_wconf 78' lang='grc' dir='ltr'>πρὸς</span> <span class='ocrx_word' id='word_1_461' title='bbox 3382 2196 3445 2250; x_wconf 78' lang='grc' dir='ltr'><strong>τὸ</strong></span> <span class='ocrx_word' id='word_1_462' title='bbox 3509 2195 3734 2266; x_wconf 76' lang='grc' dir='ltr'>ψεῦδος.</span> 
     </span>
    </p>
   </div>
   <div class='ocr_carea' id='block_1_66' title="bbox 2145 2288 3738 2364">
    <p class='ocr_par' dir='ltr' id='par_1_66' title="bbox 2145 2288 3738 2364">
     <span class='ocr_line' id='line_1_66' title="bbox 2145 2288 3738 2364; baseline -0.003 -17"><span class='ocrx_word' id='word_1_463' title='bbox 2145 2294 2313 2347; x_wconf 87' lang='grc' dir='ltr'>Ὅταν</span> <span class='ocrx_word' id='word_1_464' title='bbox 2345 2292 2403 2346; x_wconf 83' lang='grc' dir='ltr'>δὲ</span> <span class='ocrx_word' id='word_1_465' title='bbox 2445 2291 2625 2364; x_wconf 81' lang='grc' dir='ltr'>μορφὴ</span> <span class='ocrx_word' id='word_1_466' title='bbox 2653 2289 2883 2363; x_wconf 83' lang='grc' dir='ltr'>πορνικὴ</span> <span class='ocrx_word' id='word_1_467' title='bbox 2917 2289 3150 2361; x_wconf 76' lang='grc' dir='ltr'>τοξεύῃ,</span> <span class='ocrx_word' id='word_1_468' title='bbox 3202 2288 3350 2343; x_wconf 83' lang='grc' dir='ltr'>νῶτα</span> <span class='ocrx_word' id='word_1_469' title='bbox 3394 2288 3593 2342; x_wconf 84' lang='grc' dir='ltr'>διδόναι</span> <span class='ocrx_word' id='word_1_470' title='bbox 3630 2288 3738 2343; x_wconf 75' lang='grc' dir='ltr'>καὶ</span> 
     </span>
    </p>
   </div>
   <div class='ocr_carea' id='block_1_67' title="bbox 2140 2379 3736 2457">
    <p class='ocr_par' dir='ltr' id='par_1_67' title="bbox 2140 2379 3736 2457">
     <span class='ocr_line' id='line_1_67' title="bbox 2140 2379 3736 2457; baseline -0.003 -18"><span class='ocrx_word' id='word_1_471' title='bbox 2140 2385 2240 2457; x_wconf 81' lang='grc' dir='ltr'><strong>τὴν</strong></span> <span class='ocrx_word' id='word_1_472' title='bbox 2287 2384 2700 2455; x_wconf 83' lang='grc' dir='ltr'>ἀντιπρόσωπον</span> <span class='ocrx_word' id='word_1_473' title='bbox 2741 2382 2982 2452; x_wconf 84' lang='grc' dir='ltr'>φεύγειν.</span> <span class='ocrx_word' id='word_1_474' title='bbox 3041 2379 3405 2446; x_wconf 82' lang='grc' dir='ltr'>Κατατοξεύει</span> <span class='ocrx_word' id='word_1_475' title='bbox 3453 2381 3562 2452; x_wconf 81' lang='grc' dir='ltr'>γὰρ</span> <span class='ocrx_word' id='word_1_476' title='bbox 3603 2381 3736 2435; x_wconf 82' lang='grc' dir='ltr'>κατ’</span> 
     </span>
    </p>
   </div>
   <div class='ocr_carea' id='block_1_68' title="bbox 2142 2470 3742 2547">
    <p class='ocr_par' dir='ltr' id='par_1_68' title="bbox 2142 2470 3742 2547">
     <span class='ocr_line' id='line_1_68' title="bbox 2142 2470 3742 2547; baseline -0.003 -19"><span class='ocrx_word' id='word_1_477' title='bbox 2142 2476 2436 2547; x_wconf 84' lang='grc' dir='ltr'>ὀφθαλμῶν</span> <span class='ocrx_word' id='word_1_478' title='bbox 2465 2478 2498 2546; x_wconf 83' lang='grc' dir='ltr'><strong>ἡ</strong></span> <span class='ocrx_word' id='word_1_479' title='bbox 2521 2474 2746 2546; x_wconf 87' lang='grc' dir='ltr'>πορνεία</span> <span class='ocrx_word' id='word_1_480' title='bbox 2769 2490 2782 2503; x_wconf 73' lang='grc' dir='ltr'><strong>ο</strong></span> <span class='ocrx_word' id='word_1_481' title='bbox 2807 2474 2886 2527; x_wconf 73' lang='grc' dir='ltr'><strong>διὸ</strong></span> <span class='ocrx_word' id='word_1_482' title='bbox 2921 2470 3227 2543; x_wconf 81' lang='grc' dir='ltr'>μεμνῆσθαι</span> <span class='ocrx_word' id='word_1_483' title='bbox 3255 2472 3337 2525; x_wconf 84' lang='grc' dir='ltr'><strong>δεῖ</strong></span> <span class='ocrx_word' id='word_1_484' title='bbox 3363 2471 3472 2525; x_wconf 84' lang='grc' dir='ltr'><strong>τοῦ</strong></span> <span class='ocrx_word' id='word_1_485' title='bbox 3491 2487 3742 2543; x_wconf 79' lang='grc' dir='ltr'>στρατη-</span> 
     </span>
    </p>
   </div>
   <div class='ocr_carea' id='block_1_69' title="bbox 2139 2563 3742 2638">
    <p class='ocr_par' dir='ltr' id='par_1_69' title="bbox 2139 2563 3742 2638">
     <span class='ocr_line' id='line_1_69' title="bbox 2139 2563 3742 2638; baseline -0.002 -17"><span class='ocrx_word' id='word_1_486' title='bbox 2139 2566 2240 2636; x_wconf 84' lang='grc' dir='ltr'><strong>γοῦ</strong></span> <span class='ocrx_word' id='word_1_487' title='bbox 2281 2566 2744 2638; x_wconf 84' lang='grc' dir='ltr'>παραγγέλλοντος</span> <span class='ocrx_word' id='word_1_488' title='bbox 2767 2582 2781 2598; x_wconf 79' lang='grc' dir='ltr'><strong>ο</strong></span> <span class='ocrx_word' id='word_1_489' title='bbox 2811 2566 3062 2634; x_wconf 73' lang='grc' dir='ltr'>Φεύγετε</span> <span class='ocrx_word' id='word_1_490' title='bbox 3094 2565 3398 2632; x_wconf 79' lang='grc' dir='ltr'>πορνείαν.</span> <span class='ocrx_word' id='word_1_491' title='bbox 3432 2563 3585 2617; x_wconf 87' lang='grc' dir='ltr'>Ἔστι</span> <span class='ocrx_word' id='word_1_492' title='bbox 3617 2566 3742 2637; x_wconf 84' lang='grc' dir='ltr'><strong>γάρ</strong></span> 
     </span>
    </p>
   </div>
   <div class='ocr_carea' id='block_1_70' title="bbox 2141 2653 3745 2731">
    <p class='ocr_par' dir='ltr' id='par_1_70' title="bbox 2141 2653 3745 2731">
     <span class='ocr_line' id='line_1_70' title="bbox 2141 2653 3745 2731; baseline -0.003 -16"><span class='ocrx_word' id='word_1_493' title='bbox 2141 2679 2194 2715; x_wconf 84' lang='grc' dir='ltr'><strong>τι</strong></span> <span class='ocrx_word' id='word_1_494' title='bbox 2231 2659 2342 2714; x_wconf 86' lang='grc' dir='ltr'><strong>τῶν</strong></span> <span class='ocrx_word' id='word_1_495' title='bbox 2381 2658 2555 2714; x_wconf 73' lang='grc' dir='ltr'>ἄλλων</span> <span class='ocrx_word' id='word_1_496' title='bbox 2603 2657 3036 2731; x_wconf 81' lang='grc' dir='ltr'>πονηρευμάτων</span> <span class='ocrx_word' id='word_1_497' title='bbox 3069 2653 3443 2727; x_wconf 80' lang='grc' dir='ltr'>φοϐερώτερον</span> <span class='ocrx_word' id='word_1_498' title='bbox 3474 2654 3745 2726; x_wconf 83' lang='grc' dir='ltr'>[φευκτό-</span> 
     </span>
    </p>
   </div>
   <div class='ocr_carea' id='block_1_71' title="bbox 2133 2747 3744 2825">
    <p class='ocr_par' dir='ltr' id='par_1_71' title="bbox 2133 2747 3744 2825">
     <span class='ocr_line' id='line_1_71' title="bbox 2133 2747 3744 2825; baseline -0.002 -20"><span class='ocrx_word' id='word_1_499' title='bbox 2133 2751 2345 2825; x_wconf 84' lang='grc' dir='ltr'>.τερον].</span> <span class='ocrx_word' id='word_1_500' title='bbox 2375 2751 2455 2806; x_wconf 87' lang='grc' dir='ltr'><strong>Τά</strong></span> <span class='ocrx_word' id='word_1_501' title='bbox 2488 2752 2587 2824; x_wconf 85' lang='grc' dir='ltr'>μὲν</span> <span class='ocrx_word' id='word_1_502' title='bbox 2617 2750 2728 2822; x_wconf 87' lang='grc' dir='ltr'>γὰρ</span> <span class='ocrx_word' id='word_1_503' title='bbox 2760 2750 2895 2805; x_wconf 83' lang='grc' dir='ltr'>ἄλλα</span> <span class='ocrx_word' id='word_1_504' title='bbox 2926 2749 3028 2821; x_wconf 81' lang='grc' dir='ltr'><strong>τῆς</strong></span> <span class='ocrx_word' id='word_1_505' title='bbox 3057 2748 3330 2821; x_wconf 79' lang='grc' dir='ltr'>ἁμαρτίας</span> <span class='ocrx_word' id='word_1_506' title='bbox 3373 2747 3520 2802; x_wconf 83' lang='grc' dir='ltr'>κακὰ</span> <span class='ocrx_word' id='word_1_507' title='bbox 3551 2748 3744 2817; x_wconf 79' lang='grc' dir='ltr'>φείδε-</span> 
     </span>
    </p>
   </div>
   <div class='ocr_carea' id='block_1_72' title="bbox 2144 2840 3743 2915">
    <p class='ocr_par' dir='ltr' id='par_1_72' title="bbox 2144 2840 3743 2915">
     <span class='ocr_line' id='line_1_72' title="bbox 2144 2840 3743 2915; baseline -0.003 -16"><span class='ocrx_word' id='word_1_508' title='bbox 2144 2845 2270 2899; x_wconf 89' lang='grc' dir='ltr'>σθαι</span> <span class='ocrx_word' id='word_1_509' title='bbox 2330 2844 2477 2898; x_wconf 83' lang='grc' dir='ltr'>δοκεῖ</span> <span class='ocrx_word' id='word_1_510' title='bbox 2517 2846 2616 2915; x_wconf 79' lang='grc' dir='ltr'>τῆς</span> <span class='ocrx_word' id='word_1_511' title='bbox 2669 2842 2780 2896; x_wconf 89' lang='grc' dir='ltr'><strong>τῶν</strong></span> <span class='ocrx_word' id='word_1_512' title='bbox 2850 2841 3200 2914; x_wconf 83' lang='grc' dir='ltr'>πραττόντων</span> <span class='ocrx_word' id='word_1_513' title='bbox 3244 2840 3447 2912; x_wconf 81' lang='grc' dir='ltr'>σαρκὸς</span> <span class='ocrx_word' id='word_1_514' title='bbox 3471 2879 3486 2904; x_wconf 88' lang='grc'><strong>,</strong></span> <span class='ocrx_word' id='word_1_515' title='bbox 3522 2841 3618 2894; x_wconf 77' lang='grc' dir='ltr'>καὶ</span> <span class='ocrx_word' id='word_1_516' title='bbox 3680 2841 3743 2894; x_wconf 88' lang='grc' dir='ltr'><strong>τδ</strong></span> 
     </span>
    </p>
   </div>
   <div class='ocr_carea' id='block_1_73' title="bbox 2141 2930 3746 3008">
    <p class='ocr_par' dir='ltr' id='par_1_73' title="bbox 2141 2930 3746 3008">
     <span class='ocr_line' id='line_1_73' title="bbox 2141 2930 3746 3008; baseline -0.005 -19"><span class='ocrx_word' id='word_1_517' title='bbox 2141 2935 2385 3008; x_wconf 83' lang='grc' dir='ltr'>πραχθὲν</span> <span class='ocrx_word' id='word_1_518' title='bbox 2418 2937 2498 2998; x_wconf 75' lang='grc' dir='ltr'><strong>εἰς</strong></span> <span class='ocrx_word' id='word_1_519' title='bbox 2529 2933 2689 3004; x_wconf 87' lang='grc' dir='ltr'>μόνον</span> <span class='ocrx_word' id='word_1_520' title='bbox 2710 2933 2804 2987; x_wconf 83' lang='grc' dir='ltr'><strong>τὸν</strong></span> <span class='ocrx_word' id='word_1_521' title='bbox 2832 2932 2933 3004; x_wconf 79' lang='grc' dir='ltr'>τὴν</span> <span class='ocrx_word' id='word_1_522' title='bbox 2970 2933 3167 3004; x_wconf 78' lang='grc' dir='ltr'>πρᾶξιν</span> <span class='ocrx_word' id='word_1_523' title='bbox 3202 2930 3548 3001; x_wconf 70' lang='grc' dir='ltr'>ἐνδεχόμενον</span> <span class='ocrx_word' id='word_1_524' title='bbox 3577 2930 3746 3003; x_wconf 69' lang='grc' dir='ltr'>ἵστη-</span> 
     </span>
    </p>
   </div>
   <div class='ocr_carea' id='block_1_74' title="bbox 2143 3020 3743 3098">
    <p class='ocr_par' dir='ltr' id='par_1_74' title="bbox 2143 3020 3743 3098">
     <span class='ocr_line' id='line_1_74' title="bbox 2143 3020 3743 3098; baseline -0.007 -14"><span class='ocrx_word' id='word_1_525' title='bbox 2143 3044 2247 3084; x_wconf 75' lang='grc' dir='ltr'>σινο</span> <span class='ocrx_word' id='word_1_526' title='bbox 2276 3022 2387 3082; x_wconf 76' lang='grc' dir='ltr'>οἷον</span> <span class='ocrx_word' id='word_1_527' title='bbox 2407 3029 2466 3081; x_wconf 81' lang='grc' dir='ltr'>ὲν</span> <span class='ocrx_word' id='word_1_528' title='bbox 2490 3027 2784 3098; x_wconf 85' lang='grc' dir='ltr'>ἁρπαγαῖς,</span> <span class='ocrx_word' id='word_1_529' title='bbox 2812 3025 2922 3078; x_wconf 90' lang='grc' dir='ltr'><strong>τῶν</strong></span> <span class='ocrx_word' id='word_1_530' title='bbox 2951 3022 3338 3096; x_wconf 81' lang='grc' dir='ltr'>ἁρπασθέντων</span> <span class='ocrx_word' id='word_1_531' title='bbox 3371 3021 3435 3076; x_wconf 82' lang='grc' dir='ltr'>τὸ</span> <span class='ocrx_word' id='word_1_532' title='bbox 3463 3020 3743 3094; x_wconf 77' lang='grc' dir='ltr'>ζημίωμα</span> 
     </span>
    </p>
   </div>
   <div class='ocr_carea' id='block_1_75' title="bbox 2149 3113 3740 3191">
    <p class='ocr_par' dir='ltr' id='par_1_75' title="bbox 2149 3113 3740 3191">
     <span class='ocr_line' id='line_1_75' title="bbox 2149 3113 3740 3191; baseline -0.004 -17"><span class='ocrx_word' id='word_1_533' title='bbox 2149 3120 2341 3191; x_wconf 85' lang='grc' dir='ltr'>μόνον·</span> <span class='ocrx_word' id='word_1_534' title='bbox 2386 3122 2444 3173; x_wconf 83' lang='grc' dir='ltr'>ὲν</span> <span class='ocrx_word' id='word_1_535' title='bbox 2495 3121 2562 3190; x_wconf 79' lang='grc' dir='ltr'>τῇ</span> <span class='ocrx_word' id='word_1_536' title='bbox 2614 3117 2723 3172; x_wconf 92' lang='grc' dir='ltr'><strong>τῶν</strong></span> <span class='ocrx_word' id='word_1_537' title='bbox 2771 3115 3151 3188; x_wconf 78' lang='grc' dir='ltr'>φθονουμένων</span> <span class='ocrx_word' id='word_1_538' title='bbox 3207 3113 3372 3185; x_wconf 79' lang='grc' dir='ltr'>ἰσχύϊ,</span> <span class='ocrx_word' id='word_1_539' title='bbox 3414 3115 3543 3184; x_wconf 81' lang='grc' dir='ltr'>περὶ</span> <span class='ocrx_word' id='word_1_540' title='bbox 3601 3117 3740 3177; x_wconf 85' lang='grc' dir='ltr'>τοὺς</span> 
     </span>
    </p>
   </div>
   <div class='ocr_carea' id='block_1_76' title="bbox 2145 3205 3742 3280">
    <p class='ocr_par' dir='ltr' id='par_1_76' title="bbox 2145 3205 3742 3280">
     <span class='ocr_line' id='line_1_76' title="bbox 2145 3205 3742 3280; baseline -0.004 -17"><span class='ocrx_word' id='word_1_541' title='bbox 2145 3208 2540 3280; x_wconf 86' lang='grc' dir='ltr'>φθονουμένους</span> <span class='ocrx_word' id='word_1_542' title='bbox 2579 3207 2643 3260; x_wconf 84' lang='grc' dir='ltr'><strong>τὸ</strong></span> <span class='ocrx_word' id='word_1_543' title='bbox 2687 3206 2859 3270; x_wconf 86' lang='grc' dir='ltr'>πάθος</span> <span class='ocrx_word' id='word_1_544' title='bbox 2889 3205 3224 3277; x_wconf 79' lang='grc' dir='ltr'>ἐκρήγνυται</span> <span class='ocrx_word' id='word_1_545' title='bbox 3246 3219 3259 3233; x_wconf 90' lang='grc'><strong>·</strong></span> <span class='ocrx_word' id='word_1_546' title='bbox 3303 3206 3360 3257; x_wconf 84' lang='grc' dir='ltr'>ὲν</span> <span class='ocrx_word' id='word_1_547' title='bbox 3401 3205 3522 3267; x_wconf 83' lang='grc' dir='ltr'>ταῖς</span> <span class='ocrx_word' id='word_1_548' title='bbox 3573 3219 3742 3256; x_wconf 85' lang='grc' dir='ltr'>συκο-</span> 
     </span>
    </p>
   </div>
   <div class='ocr_carea' id='block_1_77' title="bbox 2125 3289 3740 3366">
    <p class='ocr_par' dir='ltr' id='par_1_77' title="bbox 2125 3289 3740 3366">
     <span class='ocr_line' id='line_1_77' title="bbox 2125 3289 3740 3366; baseline -0.004 -16"><span class='ocrx_word' id='word_1_549' title='bbox 2125 3295 2414 3366; x_wconf 80' lang='grc' dir='ltr'>φαντίαις,</span> <span class='ocrx_word' id='word_1_550' title='bbox 2450 3297 2581 3350; x_wconf 85' lang='grc' dir='ltr'>ὅταν</span> <span class='ocrx_word' id='word_1_551' title='bbox 2602 3294 2807 3366; x_wconf 89' lang='grc' dir='ltr'>τύχωσι</span> <span class='ocrx_word' id='word_1_552' title='bbox 2831 3294 3088 3357; x_wconf 79' lang='grc' dir='ltr'>πίστεως,</span> <span class='ocrx_word' id='word_1_553' title='bbox 3123 3293 3281 3364; x_wconf 87' lang='grc' dir='ltr'>μόνος</span> <span class='ocrx_word' id='word_1_554' title='bbox 3315 3291 3543 3365; x_wconf 79' lang='grc' dir='ltr'>[μόνων]</span> <span class='ocrx_word' id='word_1_555' title='bbox 3568 3289 3740 3358; x_wconf 83' lang='grc' dir='ltr'>αὖθις</span> 
     </span>
    </p>
   </div>
   <div class='ocr_carea' id='block_1_78' title="bbox 2141 3382 3743 3458">
    <p class='ocr_par' dir='ltr' id='par_1_78' title="bbox 2141 3382 3743 3458">
     <span class='ocr_line' id='line_1_78' title="bbox 2141 3382 3743 3458; baseline -0.002 -18"><span class='ocrx_word' id='word_1_556' title='bbox 2141 3388 2237 3441; x_wconf 89' lang='grc' dir='ltr'><strong>τοῦ</strong></span> <span class='ocrx_word' id='word_1_557' title='bbox 2270 3387 2773 3458; x_wconf 88' lang='grc' dir='ltr'>συκοφαντουμένου</span> <span class='ocrx_word' id='word_1_558' title='bbox 2807 3386 2938 3458; x_wconf 81' lang='grc' dir='ltr'>[τῶν</span> <span class='ocrx_word' id='word_1_559' title='bbox 2968 3382 3518 3456; x_wconf 80' lang='grc' dir='ltr'>συκοφαντουμένων]</span> <span class='ocrx_word' id='word_1_560' title='bbox 3555 3386 3587 3437; x_wconf 90' lang='lat'><strong>6</strong></span> <span class='ocrx_word' id='word_1_561' title='bbox 3621 3385 3743 3438; x_wconf 86' lang='grc' dir='ltr'>κίν-</span> 
     </span>
    </p>
   </div>
   <div class='ocr_carea' id='block_1_79' title="bbox 2142 3475 3744 3550">
    <p class='ocr_par' dir='ltr' id='par_1_79' title="bbox 2142 3475 3744 3550">
     <span class='ocr_line' id='line_1_79' title="bbox 2142 3475 3744 3550; baseline -0.002 -17"><span class='ocrx_word' id='word_1_562' title='bbox 2142 3478 2297 3546; x_wconf 91' lang='grc' dir='ltr'>δυνος</span> <span class='ocrx_word' id='word_1_563' title='bbox 2316 3498 2332 3536; x_wconf 71' lang='grc'>·,</span> <span class='ocrx_word' id='word_1_564' title='bbox 2378 3481 2437 3533; x_wconf 82' lang='grc' dir='ltr'>ὲν</span> <span class='ocrx_word' id='word_1_565' title='bbox 2481 3479 2538 3534; x_wconf 82' lang='grc' dir='ltr'><strong>δὲ</strong></span> <span class='ocrx_word' id='word_1_566' title='bbox 2585 3476 2840 3550; x_wconf 80' lang='grc' dir='ltr'>φονεῦσι,</span> <span class='ocrx_word' id='word_1_567' title='bbox 2882 3476 2976 3530; x_wconf 89' lang='grc' dir='ltr'><strong>τοῦ</strong></span> <span class='ocrx_word' id='word_1_568' title='bbox 3025 3475 3370 3545; x_wconf 81' lang='grc' dir='ltr'>φονευθέντος</span> <span class='ocrx_word' id='word_1_569' title='bbox 3399 3475 3460 3528; x_wconf 87' lang='grc' dir='ltr'><strong>τὸ</strong></span> <span class='ocrx_word' id='word_1_570' title='bbox 3492 3475 3744 3548; x_wconf 80' lang='grc' dir='ltr'>δυσπρά-</span> 
     </span>
    </p>
   </div>
   <div class='ocr_carea' id='block_1_80' title="bbox 2142 3567 3743 3647">
    <p class='ocr_par' dir='ltr' id='par_1_80' title="bbox 2142 3567 3743 3647">
     <span class='ocr_line' id='line_1_80' title="bbox 2142 3567 3743 3647; baseline -0.004 -21"><span class='ocrx_word' id='word_1_571' title='bbox 2142 3587 2346 3647; x_wconf 52' lang='grc' dir='ltr'>γημας</span> <span class='ocrx_word' id='word_1_572' title='bbox 2377 3570 2472 3624; x_wconf 79' lang='grc' dir='ltr'>καὶ</span> <span class='ocrx_word' id='word_1_573' title='bbox 2515 3573 2698 3625; x_wconf 83' lang='grc' dir='ltr'>πᾶσαν</span> <span class='ocrx_word' id='word_1_574' title='bbox 2744 3569 2852 3624; x_wconf 91' lang='grc' dir='ltr'><strong>τῶν</strong></span> <span class='ocrx_word' id='word_1_575' title='bbox 2896 3567 3074 3638; x_wconf 74' lang='grc' dir='ltr'>ἔργων</span> <span class='ocrx_word' id='word_1_576' title='bbox 3115 3567 3314 3621; x_wconf 87' lang='grc' dir='ltr'>ἀδίκων</span> <span class='ocrx_word' id='word_1_577' title='bbox 3363 3567 3743 3636; x_wconf 74' lang='grc' dir='ltr'>ἐπερχόμενος</span> 
     </span>
    </p>
   </div>
   <div class='ocr_carea' id='block_1_81' title="bbox 2143 3658 3740 3738">
    <p class='ocr_par' dir='ltr' id='par_1_81' title="bbox 2143 3658 3740 3738">
     <span class='ocr_line' id='line_1_81' title="bbox 2143 3658 3740 3738; baseline -0.004 -18"><span class='ocrx_word' id='word_1_578' title='bbox 2143 3663 2375 3738; x_wconf 78' lang='grc' dir='ltr'>πρᾶξιν,</span> <span class='ocrx_word' id='word_1_579' title='bbox 2417 3664 2637 3736; x_wconf 82' lang='grc' dir='ltr'>εὑρήσει</span> <span class='ocrx_word' id='word_1_580' title='bbox 2661 3680 2746 3726; x_wconf 91' lang='grc' dir='ltr'><strong>τις</strong></span> <span class='ocrx_word' id='word_1_581' title='bbox 2777 3661 2864 3734; x_wconf 80' lang='grc' dir='ltr'><strong>[ἄν</strong></span> <span class='ocrx_word' id='word_1_582' title='bbox 2894 3660 3001 3732; x_wconf 83' lang='grc' dir='ltr'>τις]</span> <span class='ocrx_word' id='word_1_583' title='bbox 3046 3661 3173 3724; x_wconf 78' lang='grc' dir='ltr'>τοὺς</span> <span class='ocrx_word' id='word_1_584' title='bbox 3232 3659 3331 3730; x_wconf 78' lang='grc' dir='ltr'>μὲν</span> <span class='ocrx_word' id='word_1_585' title='bbox 3383 3658 3740 3726; x_wconf 84' lang='grc' dir='ltr'>ἀδικοῦντας,</span> 
     </span>
    </p>
   </div>
   <div class='ocr_carea' id='block_1_82' title="bbox 2143 3750 3741 3830">
    <p class='ocr_par' dir='ltr' id='par_1_82' title="bbox 2143 3750 3741 3830">
     <span class='ocr_line' id='line_1_82' title="bbox 2143 3750 3741 3830; baseline -0.004 -19"><span class='ocrx_word' id='word_1_586' title='bbox 2143 3756 2538 3830; x_wconf 78' lang='grc' dir='ltr'>κερδαίνοντας,</span> <span class='ocrx_word' id='word_1_587' title='bbox 2587 3753 2984 3825; x_wconf 74' lang='grc' dir='ltr'>ζημιουμένους</span> <span class='ocrx_word' id='word_1_588' title='bbox 3038 3751 3094 3805; x_wconf 80' lang='grc' dir='ltr'>δὲ</span> <span class='ocrx_word' id='word_1_589' title='bbox 3146 3750 3272 3814; x_wconf 81' lang='grc' dir='ltr'>τοὺς</span> <span class='ocrx_word' id='word_1_590' title='bbox 3319 3750 3741 3820; x_wconf 83' lang='grc' dir='ltr'>ἀδικουμένους.</span> 
     </span>
    </p>
   </div>
   <div class='ocr_carea' id='block_1_83' title="bbox 2143 3839 3742 3920">
    <p class='ocr_par' dir='ltr' id='par_1_83' title="bbox 2143 3839 3742 3920">
     <span class='ocr_line' id='line_1_83' title="bbox 2143 3839 3742 3920; baseline -0.004 -19"><span class='ocrx_word' id='word_1_591' title='bbox 2143 3848 2377 3920; x_wconf 84' lang='grc' dir='ltr'>Πορνεία</span> <span class='ocrx_word' id='word_1_592' title='bbox 2423 3847 2481 3899; x_wconf 83' lang='grc' dir='ltr'>δὲ</span> <span class='ocrx_word' id='word_1_593' title='bbox 2536 3845 2636 3916; x_wconf 81' lang='grc' dir='ltr'><strong>τὴν</strong></span> <span class='ocrx_word' id='word_1_594' title='bbox 2673 3844 2927 3914; x_wconf 87' lang='grc' dir='ltr'>τοιαύτην</span> <span class='ocrx_word' id='word_1_595' title='bbox 2970 3843 3071 3896; x_wconf 88' lang='grc' dir='ltr'><strong>ούκ</strong></span> <span class='ocrx_word' id='word_1_596' title='bbox 3119 3839 3226 3896; x_wconf 71' lang='grc' dir='ltr'>οἵδε</span> <span class='ocrx_word' id='word_1_597' title='bbox 3277 3841 3540 3913; x_wconf 85' lang='grc' dir='ltr'>διαίρεσιν</span> <span class='ocrx_word' id='word_1_598' title='bbox 3564 3857 3578 3870; x_wconf 90' lang='grc'><strong>·</strong></span> <span class='ocrx_word' id='word_1_599' title='bbox 3611 3842 3742 3895; x_wconf 75' lang='grc' dir='ltr'>οὐδὲ</span> 
     </span>
    </p>
   </div>
   <div class='ocr_carea' id='block_1_84' title="bbox 2143 3933 3740 4009">
    <p class='ocr_par' dir='ltr' id='par_1_84' title="bbox 2143 3933 3740 4009">
     <span class='ocr_line' id='line_1_84' title="bbox 2143 3933 3740 4009; baseline -0.004 -17"><span class='ocrx_word' id='word_1_600' title='bbox 2143 3938 2366 4009; x_wconf 77' lang='grc' dir='ltr'>χωρίζει</span> <span class='ocrx_word' id='word_1_601' title='bbox 2400 3937 2501 4008; x_wconf 76' lang='grc' dir='ltr'><strong>τὴν</strong></span> <span class='ocrx_word' id='word_1_602' title='bbox 2545 3936 2641 3990; x_wconf 88' lang='grc' dir='ltr'><strong>τοῦ</strong></span> <span class='ocrx_word' id='word_1_603' title='bbox 2671 3935 2934 3998; x_wconf 83' lang='grc' dir='ltr'>παθόντος</span> <span class='ocrx_word' id='word_1_604' title='bbox 2959 3936 3023 3988; x_wconf 74' lang='grc' dir='ltr'>ὲκ</span> <span class='ocrx_word' id='word_1_605' title='bbox 3053 3934 3145 3988; x_wconf 89' lang='grc' dir='ltr'><strong>τοῦ</strong></span> <span class='ocrx_word' id='word_1_606' title='bbox 3167 3935 3465 4005; x_wconf 84' lang='grc' dir='ltr'>δράσαντος</span> <span class='ocrx_word' id='word_1_607' title='bbox 3501 3933 3740 4005; x_wconf 78' lang='grc' dir='ltr'>πρᾶξιν,</span> 
     </span>
    </p>
   </div>
   <div class='ocr_carea' id='block_1_85' title="bbox 2141 4024 3744 4098">
    <p class='ocr_par' dir='ltr' id='par_1_85' title="bbox 2141 4024 3744 4098">
     <span class='ocr_line' id='line_1_85' title="bbox 2141 4024 3744 4098; baseline -0.002 -15"><span class='ocrx_word' id='word_1_608' title='bbox 2141 4029 2276 4084; x_wconf 85' lang='grc' dir='ltr'><strong>ἀλλὰ</strong></span> <span class='ocrx_word' id='word_1_609' title='bbox 2330 4028 2800 4098; x_wconf 85' lang='grc' dir='ltr'>συγκαταστρέφει</span> <span class='ocrx_word' id='word_1_610' title='bbox 2857 4027 2955 4098; x_wconf 81' lang='grc' dir='ltr'>μὲν</span> <span class='ocrx_word' id='word_1_611' title='bbox 3010 4025 3147 4098; x_wconf 77' lang='grc' dir='ltr'>πρὸς</span> <span class='ocrx_word' id='word_1_612' title='bbox 3192 4024 3393 4097; x_wconf 79' lang='grc' dir='ltr'>ζημίαν</span> <span class='ocrx_word' id='word_1_613' title='bbox 3464 4027 3744 4097; x_wconf 82' lang='grc' dir='ltr'>ἐπικοίνῳ</span> 
     </span>
    </p>
   </div>
   <div class='ocr_carea' id='block_1_86' title="bbox 2143 4117 3739 4194">
    <p class='ocr_par' dir='ltr' id='par_1_86' title="bbox 2143 4117 3739 4194">
     <span class='ocr_line' id='line_1_86' title="bbox 2143 4117 3739 4194; baseline -0.004 -18"><span class='ocrx_word' id='word_1_614' title='bbox 2143 4121 2487 4176; x_wconf 86' lang='grc' dir='ltr'>συνάπτουσα</span> <span class='ocrx_word' id='word_1_615' title='bbox 2510 4120 2819 4194; x_wconf 61' lang='grc' dir='ltr'>[ἐπίκοινον</span> <span class='ocrx_word' id='word_1_616' title='bbox 2853 4119 3109 4173; x_wconf 81' lang='grc' dir='ltr'>συνάπτει</span> <span class='ocrx_word' id='word_1_617' title='bbox 3129 4117 3209 4190; x_wconf 82' lang='grc' dir='ltr'><strong>δὲ]</strong></span> <span class='ocrx_word' id='word_1_618' title='bbox 3239 4117 3420 4188; x_wconf 82' lang='grc' dir='ltr'>δεσμῷ</span> <span class='ocrx_word' id='word_1_619' title='bbox 3448 4117 3739 4189; x_wconf 77' lang='grc' dir='ltr'>μολυσμοῦ</span> 
     </span>
    </p>
   </div>
   <div class='ocr_carea' id='block_1_87' title="bbox 2140 4209 3740 4286">
    <p class='ocr_par' dir='ltr' id='par_1_87' title="bbox 2140 4209 3740 4286">
     <span class='ocr_line' id='line_1_87' title="bbox 2140 4209 3740 4286; baseline -0.003 -19"><span class='ocrx_word' id='word_1_620' title='bbox 2140 4215 2232 4268; x_wconf 84' lang='grc' dir='ltr'><strong>τὸν</strong></span> <span class='ocrx_word' id='word_1_621' title='bbox 2248 4215 2444 4286; x_wconf 87' lang='grc' dir='ltr'>πόρνον</span> <span class='ocrx_word' id='word_1_622' title='bbox 2465 4215 2559 4268; x_wconf 75' lang='grc' dir='ltr'><strong>καὶ</strong></span> <span class='ocrx_word' id='word_1_623' title='bbox 2583 4213 2680 4284; x_wconf 80' lang='grc' dir='ltr'><strong>τὴν</strong></span> <span class='ocrx_word' id='word_1_624' title='bbox 2706 4210 3041 4284; x_wconf 78' lang='grc' dir='ltr'>πόρνην,κα“ι</span> <span class='ocrx_word' id='word_1_625' title='bbox 3059 4209 3427 4280; x_wconf 84' lang='grc' dir='ltr'>καταισχύνας</span> <span class='ocrx_word' id='word_1_626' title='bbox 3455 4209 3517 4262; x_wconf 80' lang='grc' dir='ltr'><strong>τὸ</strong></span> <span class='ocrx_word' id='word_1_627' title='bbox 3542 4210 3740 4280; x_wconf 85' lang='grc' dir='ltr'>σῶμα,</span> 
     </span>
    </p>
   </div>
   <div class='ocr_carea' id='block_1_88' title="bbox 2141 4303 3745 4382">
    <p class='ocr_par' dir='ltr' id='par_1_88' title="bbox 2141 4303 3745 4382">
     <span class='ocr_line' id='line_1_88' title="bbox 2141 4303 3745 4382; baseline -0.001 -24"><span class='ocrx_word' id='word_1_628' title='bbox 2141 4303 2220 4375; x_wconf 83' lang='grc' dir='ltr'>τῷ</span> <span class='ocrx_word' id='word_1_629' title='bbox 2246 4304 2693 4382; x_wconf 80' lang='grc' dir='ltr'>καταισχυνθέντι</span> <span class='ocrx_word' id='word_1_630' title='bbox 2720 4304 3246 4376; x_wconf 84' lang='grc' dir='ltr'>συγκαταισχύνεται</span> <span class='ocrx_word' id='word_1_631' title='bbox 3265 4319 3278 4333; x_wconf 81' lang='grc'><strong><em>⁸</em></strong></span> <span class='ocrx_word' id='word_1_632' title='bbox 3314 4306 3439 4366; x_wconf 79' lang='grc' dir='ltr'>τοὺς</span> <span class='ocrx_word' id='word_1_633' title='bbox 3471 4304 3745 4374; x_wconf 86' lang='grc' dir='ltr'>φονεύον-</span> 
     </span>
    </p>
   </div>
   <div class='ocr_carea' id='block_1_89' title="bbox 2141 4395 3748 4468">
    <p class='ocr_par' dir='ltr' id='par_1_89' title="bbox 2141 4395 3748 4468">
     <span class='ocr_line' id='line_1_89' title="bbox 2141 4395 3748 4468; baseline 0 -20"><span class='ocrx_word' id='word_1_634' title='bbox 2141 4413 2238 4459; x_wconf 89' lang='grc' dir='ltr'><strong>τας</strong></span> <span class='ocrx_word' id='word_1_635' title='bbox 2260 4435 2275 4460; x_wconf 93' lang='grc'><strong>,</strong></span> <span class='ocrx_word' id='word_1_636' title='bbox 2297 4397 2364 4450; x_wconf 70' lang='grc' dir='ltr'>,ἐν</span> <span class='ocrx_word' id='word_1_637' title='bbox 2417 4395 2795 4466; x_wconf 52' lang='grc' dir='ltr'>τῷνκτείνειν,</span> <span class='ocrx_word' id='word_1_638' title='bbox 2828 4396 3101 4466; x_wconf 80' lang='grc' dir='ltr'>ἐνδέχεται</span> <span class='ocrx_word' id='word_1_639' title='bbox 3147 4395 3221 4468; x_wconf 86' lang='grc' dir='ltr'>μὴ</span> <span class='ocrx_word' id='word_1_640' title='bbox 3263 4395 3748 4468; x_wconf 84' lang='grc' dir='ltr'>συναποθνήσκειν</span> 
     </span>
    </p>
   </div>
   <div class='ocr_carea' id='block_1_90' title="bbox 463 4480 2041 4564">
    <p class='ocr_par' dir='ltr' id='par_1_90' title="bbox 463 4480 2041 4553">
     <span class='ocr_line' id='line_1_90' title="bbox 463 4480 2041 4553; baseline 0 -13"><span class='ocrx_word' id='word_1_641' title='bbox 463 4501 586 4540; x_wconf 91' lang='lat' dir='ltr'><strong>cere</strong></span> <span class='ocrx_word' id='word_1_642' title='bbox 615 4525 629 4547; x_wconf 89' lang='lat'><strong>,</strong></span> <span class='ocrx_word' id='word_1_643' title='bbox 674 4482 804 4553; x_wconf 91' lang='lat' dir='ltr'><strong>quin</strong></span> <span class='ocrx_word' id='word_1_644' title='bbox 841 4482 1003 4536; x_wconf 88' lang='lat' dir='ltr'><strong>etiam</strong></span> <span class='ocrx_word' id='word_1_645' title='bbox 1059 4480 1220 4535; x_wconf 86' lang='lat' dir='ltr'><strong>simul</strong></span> <span class='ocrx_word' id='word_1_646' title='bbox 1280 4495 1403 4533; x_wconf 91' lang='lat' dir='ltr'><strong>cum</strong></span> <span class='ocrx_word' id='word_1_647' title='bbox 1449 4496 1515 4535; x_wconf 91' lang='lat' dir='ltr'><strong>eo</strong></span> <span class='ocrx_word' id='word_1_648' title='bbox 1580 4482 1674 4552; x_wconf 91' lang='lat' dir='ltr'><strong>qui</strong></span> <span class='ocrx_word' id='word_1_649' title='bbox 1719 4483 1920 4550; x_wconf 93' lang='lat' dir='ltr'><strong>probro</strong></span> <span class='ocrx_word' id='word_1_650' title='bbox 1954 4494 2041 4544; x_wconf 85' lang='lat' dir='ltr'><strong>est</strong></span> 
     </span>
    </p>
   </div>
   <div class='ocr_carea' id='block_1_91' title="bbox 2143 4480 3745 4564">
    <p class='ocr_par' dir='ltr' id='par_1_91' title="bbox 2144 4486 3745 4559">
     <span class='ocr_line' id='line_1_91' title="bbox 2144 4486 3745 4559; baseline 0.001 -19"><span class='ocrx_word' id='word_1_651' title='bbox 2144 4489 2258 4551; x_wconf 88' lang='grc' dir='ltr'>τοῖς</span> <span class='ocrx_word' id='word_1_652' title='bbox 2312 4487 2679 4556; x_wconf 77' lang='grc' dir='ltr'>φονευθεῖσινο</span> <span class='ocrx_word' id='word_1_653' title='bbox 2721 4488 2749 4538; x_wconf 88' lang='grc' dir='ltr'><strong>ὁ</strong></span> <span class='ocrx_word' id='word_1_654' title='bbox 2779 4487 2834 4540; x_wconf 83' lang='grc' dir='ltr'>δὲ</span> <span class='ocrx_word' id='word_1_655' title='bbox 2867 4486 3098 4557; x_wconf 88' lang='grc' dir='ltr'>μολύνας</span> <span class='ocrx_word' id='word_1_656' title='bbox 3127 4487 3225 4559; x_wconf 86' lang='grc' dir='ltr'><strong>τὴν</strong></span> <span class='ocrx_word' id='word_1_657' title='bbox 3259 4487 3459 4559; x_wconf 87' lang='grc' dir='ltr'>σάρκα,</span> <span class='ocrx_word' id='word_1_658' title='bbox 3503 4505 3745 4550; x_wconf 79' lang='grc' dir='ltr'>συναπο-</span> 
     </span>
    </p>
   </div>
   <div class='ocr_carea' id='block_1_92' title="bbox 462 4569 2036 4644">
    <p class='ocr_par' dir='ltr' id='par_1_92' title="bbox 462 4569 2036 4644">
     <span class='ocr_line' id='line_1_92' title="bbox 462 4569 2036 4644; baseline -0.007 -14"><span class='ocrx_word' id='word_1_659' title='bbox 462 4574 708 4637; x_wconf 80' lang='lat' dir='ltr'><strong>aiIectus,</strong></span> <span class='ocrx_word' id='word_1_660' title='bbox 752 4569 855 4641; x_wconf 89' lang='lat' dir='ltr'><strong>ipsi</strong></span> <span class='ocrx_word' id='word_1_661' title='bbox 889 4583 1106 4640; x_wconf 89' lang='lat' dir='ltr'><strong>quoque</strong></span> <span class='ocrx_word' id='word_1_662' title='bbox 1136 4569 1336 4638; x_wconf 86' lang='lat' dir='ltr'><strong>probro</strong></span> <span class='ocrx_word' id='word_1_663' title='bbox 1361 4569 1683 4625; x_wconf 79' lang='lat' dir='ltr'><strong>aﬂiciantur.</strong></span> <span class='ocrx_word' id='word_1_664' title='bbox 1718 4570 1779 4643; x_wconf 78' lang='lat' dir='ltr'><strong>[li</strong></span> <span class='ocrx_word' id='word_1_665' title='bbox 1811 4575 1903 4644; x_wconf 86' lang='lat' dir='ltr'><strong>qui</strong></span> <span class='ocrx_word' id='word_1_666' title='bbox 1937 4590 2036 4631; x_wconf 83' lang='lat' dir='ltr'><strong>oc.</strong></span> 
     </span>
    </p>
   </div>
   <div class='ocr_carea' id='block_1_93' title="bbox 2145 4575 2741 4648">
    <p class='ocr_par' dir='ltr' id='par_1_93' title="bbox 2145 4575 2741 4648">
     <span class='ocr_line' id='line_1_93' title="bbox 2145 4575 2741 4648; baseline 0.002 -16"><span class='ocrx_word' id='word_1_667' title='bbox 2145 4578 2297 4632; x_wconf 81' lang='grc' dir='ltr'>λαύει</span> <span class='ocrx_word' id='word_1_668' title='bbox 2318 4577 2413 4631; x_wconf 92' lang='grc' dir='ltr'><strong>τοῦ</strong></span> <span class='ocrx_word' id='word_1_669' title='bbox 2443 4575 2741 4648; x_wconf 87' lang='grc' dir='ltr'>μολυσμοῦ.</span> 
     </span>
    </p>
   </div>
   <div class='ocr_carea' id='block_1_94' title="bbox 459 4664 3748 4742">
    <p class='ocr_par' dir='ltr' id='par_1_94' title="bbox 459 4664 3748 4742">
     <span class='ocr_line' id='line_1_94' title="bbox 459 4664 3748 4742; baseline -0.001 -10"><span class='ocrx_word' id='word_1_670' title='bbox 459 4671 670 4732; x_wconf 66' lang='lat' dir='ltr'><strong>citium.</strong></span> <span class='ocrx_word' id='word_1_671' title='bbox 705 4667 907 4721; x_wconf 71' lang='lat' dir='ltr'><strong>€39de</strong></span> <span class='ocrx_word' id='word_1_672' title='bbox 941 4666 1224 4729; x_wconf 67' lang='lat' dir='ltr'><strong>faCienles.</strong></span> <span class='ocrx_word' id='word_1_673' title='bbox 1254 4664 1367 4719; x_wconf 71' lang='lat' dir='ltr'><strong>ﬁeri</strong></span> <span class='ocrx_word' id='word_1_674' title='bbox 1396 4672 1594 4734; x_wconf 77' lang='grc' dir='ltr'>Ροιθει,</span> <span class='ocrx_word' id='word_1_675' title='bbox 1619 4673 1678 4719; x_wconf 85' lang='lat' dir='ltr'><strong>ut</strong></span> <span class='ocrx_word' id='word_1_676' title='bbox 1711 4682 1818 4722; x_wconf 91' lang='lat' dir='ltr'><strong>non</strong></span> <span class='ocrx_word' id='word_1_677' title='bbox 1859 4671 2024 4728; x_wconf 91' lang='lat' dir='ltr'><strong>simul</strong></span> <span class='ocrx_word' id='word_1_678' title='bbox 2064 4674 2386 4729; x_wconf 86' lang='lat' dir='ltr'><strong>occidantur</strong></span> <span class='ocrx_word' id='word_1_679' title='bbox 2415 4687 2537 4726; x_wconf 92' lang='lat' dir='ltr'><strong>cum</strong></span> <span class='ocrx_word' id='word_1_680' title='bbox 2571 4672 2637 4726; x_wconf 89' lang='lat' dir='ltr'><strong>iis</strong></span> <span class='ocrx_word' id='word_1_681' title='bbox 2660 4673 2750 4742; x_wconf 91' lang='lat' dir='ltr'><strong>qui</strong></span> <span class='ocrx_word' id='word_1_682' title='bbox 2781 4679 2909 4728; x_wconf 89' lang='lat' dir='ltr'><strong>sunt</strong></span> <span class='ocrx_word' id='word_1_683' title='bbox 2933 4671 3248 4738; x_wconf 58' lang='lat' dir='ltr'><strong>interiecti]</strong></span> <span class='ocrx_word' id='word_1_684' title='bbox 3276 4669 3748 4730; x_wconf 86' lang='lat' dir='ltr'><strong>Fornicatoribus</strong></span> 
     </span>
    </p>
   </div>
   <div class='ocr_carea' id='block_1_95' title="bbox 460 4761 2671 4838">
    <p class='ocr_par' dir='ltr' id='par_1_95' title="bbox 460 4761 2671 4838">
     <span class='ocr_line' id='line_1_95' title="bbox 460 4761 2671 4838; baseline -0 -18"><span class='ocrx_word' id='word_1_685' title='bbox 460 4777 664 4828; x_wconf 83' lang='lat' dir='ltr'><strong>autem,</strong></span> <span class='ocrx_word' id='word_1_686' title='bbox 700 4766 745 4822; x_wconf 88' lang='lat' dir='ltr'><strong>si</strong></span> <span class='ocrx_word' id='word_1_687' title='bbox 778 4777 996 4818; x_wconf 91' lang='lat' dir='ltr'><strong>carnem</strong></span> <span class='ocrx_word' id='word_1_688' title='bbox 1025 4761 1451 4832; x_wconf 82' lang='lat' dir='ltr'><strong>inquinaverint,</strong></span> <span class='ocrx_word' id='word_1_689' title='bbox 1474 4776 1578 4816; x_wconf 91' lang='lat' dir='ltr'><strong>non</strong></span> <span class='ocrx_word' id='word_1_690' title='bbox 1596 4762 1721 4818; x_wconf 85' lang='lat' dir='ltr'><strong>licet</strong></span> <span class='ocrx_word' id='word_1_691' title='bbox 1749 4779 1872 4823; x_wconf 84' lang='lat' dir='ltr'><strong>esse</strong></span> <span class='ocrx_word' id='word_1_692' title='bbox 1899 4769 2123 4826; x_wconf 77' lang='lat' dir='ltr'><strong>mundis</strong></span> <span class='ocrx_word' id='word_1_693' title='bbox 2145 4769 2214 4826; x_wconf 89' lang='lat' dir='ltr'><strong>ab</strong></span> <span class='ocrx_word' id='word_1_694' title='bbox 2241 4767 2671 4838; x_wconf 87' lang='lat' dir='ltr'><strong>inquinamento.</strong></span> 
     </span>
    </p>
   </div>
   <div class='ocr_carea' id='block_1_96' title="bbox 531 4951 2035 5014">
    <p class='ocr_par' dir='ltr' id='par_1_96' title="bbox 531 4951 2035 5014">
     <span class='ocr_line' id='line_1_96' title="bbox 531 4951 2035 5014; baseline -0.007 -2"><span class='ocrx_word' id='word_1_695' title='bbox 531 4955 828 5013; x_wconf 87' lang='lat' dir='ltr'><strong>Considera</strong></span> <span class='ocrx_word' id='word_1_696' title='bbox 864 4966 1042 5009; x_wconf 91' lang='lat' dir='ltr'><strong>autem</strong></span> <span class='ocrx_word' id='word_1_697' title='bbox 1079 4951 1210 5006; x_wconf 87' lang='lat' dir='ltr'><strong>mihi</strong></span> <span class='ocrx_word' id='word_1_698' title='bbox 1259 4951 1362 5005; x_wconf 87' lang='lat' dir='ltr'><strong>hac.</strong></span> <span class='ocrx_word' id='word_1_699' title='bbox 1407 4951 1463 5005; x_wconf 92' lang='lat' dir='ltr'><strong>in</strong></span> <span class='ocrx_word' id='word_1_700' title='bbox 1513 4967 1573 5008; x_wconf 90' lang='lat' dir='ltr'><strong>re</strong></span> <span class='ocrx_word' id='word_1_701' title='bbox 1610 4952 1765 5009; x_wconf 88' lang='lat' dir='ltr'><strong>Pauli</strong></span> <span class='ocrx_word' id='word_1_702' title='bbox 1816 4959 2035 5014; x_wconf 89' lang='lat' dir='ltr'><strong>subtili-</strong></span> 
     </span>
    </p>
   </div>
   <div class='ocr_carea' id='block_1_97' title="bbox 458 5042 2034 5118">
    <p class='ocr_par' dir='ltr' id='par_1_97' title="bbox 458 5042 2034 5118">
     <span class='ocr_line' id='line_1_97' title="bbox 458 5042 2034 5118; baseline -0.001 -16"><span class='ocrx_word' id='word_1_703' title='bbox 458 5055 647 5102; x_wconf 85' lang='lat' dir='ltr'><strong>tatem.</strong></span> <span class='ocrx_word' id='word_1_704' title='bbox 708 5045 920 5116; x_wconf 81' lang='lat' dir='ltr'><strong>Fugite,</strong></span> <span class='ocrx_word' id='word_1_705' title='bbox 965 5043 1161 5112; x_wconf 85' lang='lat' dir='ltr'><strong>inquit,</strong></span> <span class='ocrx_word' id='word_1_706' title='bbox 1218 5042 1641 5111; x_wconf 78' lang='lat' dir='ltr'><strong>fornicationem.</strong></span> <span class='ocrx_word' id='word_1_707' title='bbox 1691 5045 1804 5100; x_wconf 79' lang='lat' dir='ltr'><strong>Cur</strong></span> <span class='ocrx_word' id='word_1_708' title='bbox 1845 5048 2034 5118; x_wconf 83' lang='lat' dir='ltr'><strong>?quo-</strong></span> 
     </span>
    </p>
   </div>
   <div class='ocr_carea' id='block_1_98' title="bbox 458 5133 2033 5205">
    <p class='ocr_par' dir='ltr' id='par_1_98' title="bbox 458 5133 2033 5205">
     <span class='ocr_line' id='line_1_98' title="bbox 458 5133 2033 5205; baseline -0.004 -11"><span class='ocrx_word' id='word_1_709' title='bbox 458 5142 605 5194; x_wconf 89' lang='lat' dir='ltr'><strong>niam</strong></span> <span class='ocrx_word' id='word_1_710' title='bbox 645 5155 800 5192; x_wconf 83' lang='lat' dir='ltr'><strong>omne</strong></span> <span class='ocrx_word' id='word_1_711' title='bbox 831 5147 1122 5204; x_wconf 83' lang='lat' dir='ltr'><strong>peccatum,</strong></span> <span class='ocrx_word' id='word_1_712' title='bbox 1167 5133 1304 5204; x_wconf 85' lang='lat' dir='ltr'><strong>quod</strong></span> <span class='ocrx_word' id='word_1_713' title='bbox 1339 5133 1518 5202; x_wconf 74' lang='lat' dir='ltr'><strong>fecerit</strong></span> <span class='ocrx_word' id='word_1_714' title='bbox 1568 5133 1742 5205; x_wconf 86' lang='lat' dir='ltr'><strong>homo,</strong></span> <span class='ocrx_word' id='word_1_715' title='bbox 1773 5148 1849 5192; x_wconf 77' lang='lat' dir='ltr'><strong>est</strong></span> <span class='ocrx_word' id='word_1_716' title='bbox 1878 5152 2033 5195; x_wconf 75' lang='lat' dir='ltr'><strong>extra</strong></span> 
     </span>
    </p>
   </div>
   <div class='ocr_carea' id='block_1_99' title="bbox 457 5226 2032 5301">
    <p class='ocr_par' dir='ltr' id='par_1_99' title="bbox 457 5226 2032 5301">
     <span class='ocr_line' id='line_1_99' title="bbox 457 5226 2032 5301; baseline 0.001 -17"><span class='ocrx_word' id='word_1_717' title='bbox 457 5247 647 5301; x_wconf 82' lang='lat' dir='ltr'><strong>corpus</strong></span> <span class='ocrx_word' id='word_1_718' title='bbox 673 5230 691 5300; x_wconf 92' lang='lat'>(</span> <span class='ocrx_word' id='word_1_719' title='bbox 718 5243 908 5298; x_wconf 90' lang='lat' dir='ltr'><strong>nempe</strong></span> <span class='ocrx_word' id='word_1_720' title='bbox 941 5226 1186 5295; x_wconf 90' lang='lat' dir='ltr'><strong>corporis</strong></span> <span class='ocrx_word' id='word_1_721' title='bbox 1214 5239 1320 5279; x_wconf 90' lang='lat' dir='ltr'><strong>non</strong></span> <span class='ocrx_word' id='word_1_722' title='bbox 1357 5239 1714 5296; x_wconf 87' lang='lat' dir='ltr'><strong>corrumpens</strong></span> <span class='ocrx_word' id='word_1_723' title='bbox 1755 5239 2032 5298; x_wconf 85' lang='lat' dir='ltr'><strong>naturam,</strong></span> 
     </span>
    </p>
   </div>
   <div class='ocr_carea' id='block_1_100' title="bbox 457 5318 2041 5388">
    <p class='ocr_par' dir='ltr' id='par_1_100' title="bbox 457 5318 2041 5388">
     <span class='ocr_line' id='line_1_100' title="bbox 457 5318 2041 5388; baseline -0.002 -10"><span class='ocrx_word' id='word_1_724' title='bbox 457 5334 512 5378; x_wconf 83' lang='lat' dir='ltr'><strong>et</strong></span> <span class='ocrx_word' id='word_1_725' title='bbox 550 5339 657 5377; x_wconf 86' lang='lat' dir='ltr'><strong>non</strong></span> <span class='ocrx_word' id='word_1_726' title='bbox 713 5321 1020 5376; x_wconf 87' lang='lat' dir='ltr'><strong>consistens</strong></span> <span class='ocrx_word' id='word_1_727' title='bbox 1053 5318 1120 5374; x_wconf 86' lang='lat' dir='ltr'><strong>ad</strong></span> <span class='ocrx_word' id='word_1_728' title='bbox 1154 5318 1522 5374; x_wconf 86' lang='lat' dir='ltr'><strong>membrorum</strong></span> <span class='ocrx_word' id='word_1_729' title='bbox 1571 5318 1948 5388; x_wconf 85' lang='lat' dir='ltr'><strong>ignominiam,</strong></span> <span class='ocrx_word' id='word_1_730' title='bbox 1981 5332 2041 5378; x_wconf 83' lang='lat' dir='ltr'><strong>et</strong></span> 
     </span>
    </p>
   </div>
   <div class='ocr_carea' id='block_1_101' title="bbox 458 5410 2042 5482">
    <p class='ocr_par' dir='ltr' id='par_1_101' title="bbox 458 5410 2042 5482">
     <span class='ocr_line' id='line_1_101' title="bbox 458 5410 2042 5482; baseline 0 -14"><span class='ocrx_word' id='word_1_731' title='bbox 458 5429 566 5468; x_wconf 85' lang='lat' dir='ltr'><strong>non</strong></span> <span class='ocrx_word' id='word_1_732' title='bbox 603 5413 934 5482; x_wconf 71' lang='lat' dir='ltr'><strong>tompletum</strong></span> <span class='ocrx_word' id='word_1_733' title='bbox 984 5410 1394 5480; x_wconf 87' lang='lat' dir='ltr'><strong>inquinamento</strong></span> <span class='ocrx_word' id='word_1_734' title='bbox 1439 5412 1706 5480; x_wconf 88' lang='lat' dir='ltr'><strong>corporis,</strong></span> <span class='ocrx_word' id='word_1_735' title='bbox 1769 5413 1866 5468; x_wconf 87' lang='lat' dir='ltr'><strong>sed</strong></span> <span class='ocrx_word' id='word_1_736' title='bbox 1914 5414 2042 5472; x_wconf 69' lang='grc' dir='ltr'>οπο-</span> 
     </span>
    </p>
   </div>
   <div class='ocr_carea' id='block_1_102' title="bbox 457 5502 2042 5578">
    <p class='ocr_par' dir='ltr' id='par_1_102' title="bbox 457 5502 2042 5578">
     <span class='ocr_line' id='line_1_102' title="bbox 457 5502 2042 5578; baseline 0.002 -20"><span class='ocrx_word' id='word_1_737' title='bbox 457 5513 606 5558; x_wconf 89' lang='lat' dir='ltr'><strong>ctum</strong></span> <span class='ocrx_word' id='word_1_738' title='bbox 637 5513 788 5558; x_wconf 82' lang='lat' dir='ltr'><strong>extra</strong></span> <span class='ocrx_word' id='word_1_739' title='bbox 833 5502 1092 5558; x_wconf 87' lang='lat' dir='ltr'><strong>damnum</strong></span> <span class='ocrx_word' id='word_1_740' title='bbox 1134 5503 1406 5572; x_wconf 86' lang='lat' dir='ltr'><strong>corporis,</strong></span> <span class='ocrx_word' id='word_1_741' title='bbox 1443 5503 1587 5573; x_wconf 85' lang='lat' dir='ltr'><strong>quod</strong></span> <span class='ocrx_word' id='word_1_742' title='bbox 1638 5503 1689 5556; x_wconf 93' lang='lat' dir='ltr'><strong>id</strong></span> <span class='ocrx_word' id='word_1_743' title='bbox 1720 5506 1831 5574; x_wconf 83' lang='lat' dir='ltr'><strong>egit</strong></span> <span class='ocrx_word' id='word_1_744' title='bbox 1862 5507 1910 5573; x_wconf 90' lang='lat'><strong>);</strong></span> <span class='ocrx_word' id='word_1_745' title='bbox 1940 5507 2042 5578; x_wconf 85' lang='lat' dir='ltr'><strong>qui</strong></span> 
     </span>
    </p>
   </div>
   <div class='ocr_carea' id='block_1_103' title="bbox 459 5595 2038 5672">
    <p class='ocr_par' dir='ltr' id='par_1_103' title="bbox 459 5595 2038 5672">
     <span class='ocr_line' id='line_1_103' title="bbox 459 5595 2038 5672; baseline 0.005 -24"><span class='ocrx_word' id='word_1_746' title='bbox 459 5605 642 5650; x_wconf 82' lang='lat' dir='ltr'><strong>autem</strong></span> <span class='ocrx_word' id='word_1_747' title='bbox 671 5595 997 5661; x_wconf 80' lang='lat' dir='ltr'><strong>fornicatur,</strong></span> <span class='ocrx_word' id='word_1_748' title='bbox 1042 5595 1096 5648; x_wconf 88' lang='lat' dir='ltr'><strong>in</strong></span> <span class='ocrx_word' id='word_1_749' title='bbox 1132 5595 1412 5666; x_wconf 87' lang='lat' dir='ltr'><strong>proprium</strong></span> <span class='ocrx_word' id='word_1_750' title='bbox 1449 5611 1651 5665; x_wconf 87' lang='lat' dir='ltr'><strong>corpus</strong></span> <span class='ocrx_word' id='word_1_751' title='bbox 1684 5611 1893 5667; x_wconf 86' lang='lat' dir='ltr'><strong>peccat,</strong></span> <span class='ocrx_word' id='word_1_752' title='bbox 1922 5611 2038 5672; x_wconf 44' lang='lat' dir='ltr'><strong>nam</strong></span> 
     </span>
    </p>
   </div>
   <div class='ocr_carea' id='block_1_104' title="bbox 527 5774 1536 5846">
    <p class='ocr_par' dir='ltr' id='par_1_104' title="bbox 527 5774 1536 5846">
     <span class='ocr_line' id='line_1_104' title="bbox 527 5774 1536 5846; baseline 0 -15"><span class='ocrx_word' id='word_1_753' title='bbox 527 5775 547 5810; x_wconf 91' lang='grc'>¹</span> <span class='ocrx_word' id='word_1_754' title='bbox 578 5774 751 5831; x_wconf 83' lang='lat' dir='ltr'><strong>lCor.</strong></span> <span class='ocrx_word' id='word_1_755' title='bbox 783 5791 854 5841; x_wconf 79' lang='lat' dir='ltr'><strong>vr,</strong></span> <span class='ocrx_word' id='word_1_756' title='bbox 901 5776 983 5829; x_wconf 87' lang='lat' dir='ltr'><strong>l8.</strong></span> <span class='ocrx_word' id='word_1_757' title='bbox 1060 5778 1079 5807; x_wconf 83' lang='grc'>²</span> <span class='ocrx_word' id='word_1_758' title='bbox 1110 5774 1307 5846; x_wconf 85' lang='lat' dir='ltr'><strong>Ephes.</strong></span> <span class='ocrx_word' id='word_1_759' title='bbox 1350 5793 1426 5841; x_wconf 77' lang='lat' dir='ltr'><strong>vi,</strong></span> <span class='ocrx_word' id='word_1_760' title='bbox 1453 5778 1536 5831; x_wconf 78' lang='grc'><strong>14.</strong></span> 
     </span>
    </p>
   </div>
   <div class='ocr_carea' id='block_1_105' title="bbox 2213 4953 3753 5027">
    <p class='ocr_par' dir='ltr' id='par_1_105' title="bbox 2213 4953 3753 5027">
     <span class='ocr_line' id='line_1_105' title="bbox 2213 4953 3753 5027; baseline -0.004 -12"><span class='ocrx_word' id='word_1_761' title='bbox 2213 4961 2328 5016; x_wconf 75' lang='grc' dir='ltr'><strong>Καὶ</strong></span> <span class='ocrx_word' id='word_1_762' title='bbox 2358 4959 2548 5014; x_wconf 88' lang='grc' dir='ltr'>σκόπει</span> <span class='ocrx_word' id='word_1_763' title='bbox 2599 4975 2688 5025; x_wconf 87' lang='grc' dir='ltr'><strong>μοι</strong></span> <span class='ocrx_word' id='word_1_764' title='bbox 2726 4957 2824 5027; x_wconf 86' lang='grc' dir='ltr'>τὴν</span> <span class='ocrx_word' id='word_1_765' title='bbox 2853 4958 2932 5019; x_wconf 72' lang='grc' dir='ltr'>εἰς</span> <span class='ocrx_word' id='word_1_766' title='bbox 2974 4954 3131 5008; x_wconf 87' lang='grc' dir='ltr'>τοῦτο</span> <span class='ocrx_word' id='word_1_767' title='bbox 3166 4954 3259 5009; x_wconf 89' lang='grc' dir='ltr'><strong>τοῦ</strong></span> <span class='ocrx_word' id='word_1_768' title='bbox 3288 4953 3500 5007; x_wconf 86' lang='grc' dir='ltr'>Παύλου</span> <span class='ocrx_word' id='word_1_769' title='bbox 3532 4954 3753 5009; x_wconf 83' lang='grc' dir='ltr'>λεπτο-</span> 
     </span>
    </p>
   </div>
   <div class='ocr_carea' id='block_1_106' title="bbox 2146 5045 3754 5122">
    <p class='ocr_par' dir='ltr' id='par_1_106' title="bbox 2146 5045 3754 5122">
     <span class='ocr_line' id='line_1_106' title="bbox 2146 5045 3754 5122; baseline -0.004 -16"><span class='ocrx_word' id='word_1_770' title='bbox 2146 5053 2348 5122; x_wconf 87' lang='grc' dir='ltr'>λογίαν.</span> <span class='ocrx_word' id='word_1_771' title='bbox 2383 5053 2634 5122; x_wconf 78' lang='grc' dir='ltr'>Φεύγετε</span> <span class='ocrx_word' id='word_1_772' title='bbox 2654 5089 2668 5113; x_wconf 92' lang='grc'><strong>,</strong></span> <span class='ocrx_word' id='word_1_773' title='bbox 2699 5049 2852 5118; x_wconf 69' lang='grc' dir='ltr'>φησι,</span> <span class='ocrx_word' id='word_1_774' title='bbox 2893 5047 3010 5115; x_wconf 79' lang='grc' dir='ltr'>τὴν</span> <span class='ocrx_word' id='word_1_775' title='bbox 3038 5046 3342 5115; x_wconf 81' lang='grc' dir='ltr'>πορνείαν.</span> <span class='ocrx_word' id='word_1_776' title='bbox 3373 5045 3472 5099; x_wconf 86' lang='grc' dir='ltr'>Διά</span> <span class='ocrx_word' id='word_1_777' title='bbox 3522 5046 3577 5099; x_wconf 90' lang='grc' dir='ltr'><strong>τί</strong></span> <span class='ocrx_word' id='word_1_778' title='bbox 3606 5063 3622 5111; x_wconf 90' lang='lat'>;</span> <span class='ocrx_word' id='word_1_779' title='bbox 3662 5048 3754 5100; x_wconf 83' lang='grc' dir='ltr'>ὃτι</span> 
     </span>
    </p>
   </div>
   <div class='ocr_carea' id='block_1_107' title="bbox 2147 5137 3754 5216">
    <p class='ocr_par' dir='ltr' id='par_1_107' title="bbox 2147 5137 3754 5216">
     <span class='ocr_line' id='line_1_107' title="bbox 2147 5137 3754 5216; baseline -0.004 -17"><span class='ocrx_word' id='word_1_780' title='bbox 2147 5145 2278 5200; x_wconf 78' lang='grc' dir='ltr'>Πᾶν</span> <span class='ocrx_word' id='word_1_781' title='bbox 2290 5143 2622 5216; x_wconf 79' lang='grc' dir='ltr'>ἁμάρτημα,</span> <span class='ocrx_word' id='word_1_782' title='bbox 2647 5143 2801 5197; x_wconf 83' lang='grc' dir='ltr'><strong>ὃέὰν</strong></span> <span class='ocrx_word' id='word_1_783' title='bbox 2827 5141 3052 5208; x_wconf 78' lang='grc' dir='ltr'>ποιήσῃ</span> <span class='ocrx_word' id='word_1_784' title='bbox 3080 5137 3608 5206; x_wconf 75' lang='grc' dir='ltr'>ἄνθρωπος,ὲκτὸς</span> <span class='ocrx_word' id='word_1_785' title='bbox 3634 5139 3754 5193; x_wconf 84' lang='grc' dir='ltr'><strong>τοῦ</strong></span> 
     </span>
    </p>
   </div>
   <div class='ocr_carea' id='block_1_108' title="bbox 2147 5227 3754 5305">
    <p class='ocr_par' dir='ltr' id='par_1_108' title="bbox 2147 5227 3754 5305">
     <span class='ocr_line' id='line_1_108' title="bbox 2147 5227 3754 5305; baseline -0.004 -16"><span class='ocrx_word' id='word_1_786' title='bbox 2147 5235 2420 5301; x_wconf 78' lang='grc' dir='ltr'>σώματός</span> <span class='ocrx_word' id='word_1_787' title='bbox 2458 5233 2588 5286; x_wconf 83' lang='grc' dir='ltr'>ἐστι</span> <span class='ocrx_word' id='word_1_788' title='bbox 2631 5236 2717 5305; x_wconf 80' lang='grc' dir='ltr'><strong>(τῇ</strong></span> <span class='ocrx_word' id='word_1_789' title='bbox 2767 5233 2863 5286; x_wconf 89' lang='grc' dir='ltr'><strong>τοῦ</strong></span> <span class='ocrx_word' id='word_1_790' title='bbox 2910 5233 3160 5302; x_wconf 84' lang='grc' dir='ltr'>σώματος</span> <span class='ocrx_word' id='word_1_791' title='bbox 3210 5227 3284 5300; x_wconf 86' lang='grc' dir='ltr'>μὴ</span> <span class='ocrx_word' id='word_1_792' title='bbox 3333 5227 3754 5298; x_wconf 82' lang='grc' dir='ltr'>λυμαινόμενον</span> 
     </span>
    </p>
   </div>
   <div class='ocr_carea' id='block_1_109' title="bbox 2151 5319 3751 5397">
    <p class='ocr_par' dir='ltr' id='par_1_109' title="bbox 2151 5319 3751 5397">
     <span class='ocr_line' id='line_1_109' title="bbox 2151 5319 3751 5397; baseline -0.004 -17"><span class='ocrx_word' id='word_1_793' title='bbox 2151 5328 2308 5397; x_wconf 61' lang='grc' dir='ltr'>φύσει</span> <span class='ocrx_word' id='word_1_794' title='bbox 2326 5346 2340 5360; x_wconf 90' lang='grc'><strong>·</strong></span> <span class='ocrx_word' id='word_1_795' title='bbox 2373 5326 2487 5380; x_wconf 84' lang='grc' dir='ltr'>ἀλλ’</span> <span class='ocrx_word' id='word_1_796' title='bbox 2511 5329 2614 5394; x_wconf 61' lang='lat' dir='ltr'><strong>tam</strong></span> <span class='ocrx_word' id='word_1_797' title='bbox 2651 5325 2746 5380; x_wconf 88' lang='grc' dir='ltr'><strong>τοῦ</strong></span> <span class='ocrx_word' id='word_1_798' title='bbox 2771 5326 2871 5397; x_wconf 80' lang='grc' dir='ltr'>τὴν</span> <span class='ocrx_word' id='word_1_799' title='bbox 2907 5323 3110 5395; x_wconf 78' lang='grc' dir='ltr'>βλάϐην</span> <span class='ocrx_word' id='word_1_800' title='bbox 3130 5319 3431 5392; x_wconf 84' lang='grc' dir='ltr'>πράξαντος</span> <span class='ocrx_word' id='word_1_801' title='bbox 3475 5319 3751 5388; x_wconf 81' lang='grc' dir='ltr'>σώματος</span> 
     </span>
    </p>
   </div>
   <div class='ocr_carea' id='block_1_110' title="bbox 2148 5412 3753 5493">
    <p class='ocr_par' dir='ltr' id='par_1_110' title="bbox 2148 5412 3753 5493">
     <span class='ocr_line' id='line_1_110' title="bbox 2148 5412 3753 5493; baseline -0.006 -19"><span class='ocrx_word' id='word_1_802' title='bbox 2148 5419 2496 5492; x_wconf 55' lang='grc' dir='ltr'><strong>ὲνεργεῐταιδ⁵</strong></span> <span class='ocrx_word' id='word_1_803' title='bbox 2527 5420 2557 5470; x_wconf 92' lang='grc' dir='ltr'><strong>ό</strong></span> <span class='ocrx_word' id='word_1_804' title='bbox 2579 5417 2636 5470; x_wconf 83' lang='grc' dir='ltr'>δὲ</span> <span class='ocrx_word' id='word_1_805' title='bbox 2666 5418 2967 5493; x_wconf 79' lang='grc' dir='ltr'>πορνεύων,</span> <span class='ocrx_word' id='word_1_806' title='bbox 2991 5418 3069 5478; x_wconf 84' lang='grc' dir='ltr'><strong>είς</strong></span> <span class='ocrx_word' id='word_1_807' title='bbox 3098 5415 3159 5467; x_wconf 86' lang='grc' dir='ltr'>τὸ</span> <span class='ocrx_word' id='word_1_808' title='bbox 3196 5413 3323 5465; x_wconf 71' lang='grc' dir='ltr'>ἴδιον</span> <span class='ocrx_word' id='word_1_809' title='bbox 3353 5412 3511 5481; x_wconf 86' lang='grc' dir='ltr'>σῶμα</span> <span class='ocrx_word' id='word_1_810' title='bbox 3542 5412 3753 5483; x_wconf 81' lang='grc' dir='ltr'>ἁμαρ-</span> 
     </span>
    </p>
   </div>
   <div class='ocr_carea' id='block_1_111' title="bbox 2147 5498 3752 5580">
    <p class='ocr_par' dir='ltr' id='par_1_111' title="bbox 2147 5498 3752 5580">
     <span class='ocr_line' id='line_1_111' title="bbox 2147 5498 3752 5580; baseline -0.003 -19"><span class='ocrx_word' id='word_1_811' title='bbox 2147 5509 2296 5562; x_wconf 84' lang='grc' dir='ltr'>τάνει</span> <span class='ocrx_word' id='word_1_812' title='bbox 2333 5526 2346 5539; x_wconf 88' lang='grc'><strong>·</strong></span> <span class='ocrx_word' id='word_1_813' title='bbox 2381 5507 2478 5578; x_wconf 84' lang='grc' dir='ltr'><strong>οὐχ</strong></span> <span class='ocrx_word' id='word_1_814' title='bbox 2523 5506 2710 5580; x_wconf 84' lang='grc' dir='ltr'>ῶσπερ</span> <span class='ocrx_word' id='word_1_815' title='bbox 2738 5510 2766 5561; x_wconf 93' lang='lat'><strong>6</strong></span> <span class='ocrx_word' id='word_1_816' title='bbox 2799 5507 2990 5578; x_wconf 79' lang='grc' dir='ltr'>φονεὺς</span> <span class='ocrx_word' id='word_1_817' title='bbox 3022 5507 3100 5569; x_wconf 80' lang='grc' dir='ltr'><strong>εἰς</strong></span> <span class='ocrx_word' id='word_1_818' title='bbox 3145 5502 3448 5565; x_wconf 88' lang='grc' dir='ltr'>ἀλλότριον,</span> <span class='ocrx_word' id='word_1_819' title='bbox 3479 5498 3752 5570; x_wconf 74' lang='grc' dir='ltr'>ἄτρωτον</span> 
     </span>
    </p>
   </div>
   <div class='ocr_carea' id='block_1_112' title="bbox 2148 5591 3751 5672">
    <p class='ocr_par' dir='ltr' id='par_1_112' title="bbox 2148 5591 3751 5672">
     <span class='ocr_line' id='line_1_112' title="bbox 2148 5591 3751 5672; baseline -0.007 -17"><span class='ocrx_word' id='word_1_820' title='bbox 2148 5601 2341 5656; x_wconf 79' lang='grc' dir='ltr'>ἑαυτοῦ</span> <span class='ocrx_word' id='word_1_821' title='bbox 2377 5601 2534 5672; x_wconf 89' lang='grc' dir='ltr'>σῶμα</span> <span class='ocrx_word' id='word_1_822' title='bbox 2557 5601 2838 5672; x_wconf 87' lang='grc' dir='ltr'>συντηρῶν</span> <span class='ocrx_word' id='word_1_823' title='bbox 2855 5618 2866 5632; x_wconf 78' lang='grc'><em>’</em></span> <span class='ocrx_word' id='word_1_824' title='bbox 2901 5601 2997 5670; x_wconf 68' lang='grc' dir='ltr'><strong>οὐχ</strong></span> <span class='ocrx_word' id='word_1_825' title='bbox 3023 5598 3214 5668; x_wconf 86' lang='grc' dir='ltr'>ῶσπερ</span> <span class='ocrx_word' id='word_1_826' title='bbox 3241 5596 3270 5648; x_wconf 90' lang='grc' dir='ltr'><strong>ό</strong></span> <span class='ocrx_word' id='word_1_827' title='bbox 3298 5591 3636 5664; x_wconf 76' lang='grc' dir='ltr'>πλεονέκτης</span> <span class='ocrx_word' id='word_1_828' title='bbox 3661 5595 3751 5661; x_wconf 82' lang='grc' dir='ltr'><strong>είς</strong></span> 
     </span>
    </p>
   </div>
  </div>
