4072 6156
362 350 464 406 ιεδδ

1603 353 1880 411 CONTRA
1909 355 2388 414 FOBNICARIOS.

3527 365 3632 423 494

361 474 567 542 ἕτερον,
597 467 696 541 τὴν
731 466 831 540 τῆς
867 467 1004 533 ιδίας
1030 469 1232 541 σαρκὸς
1268 469 1672 541 φυλαττόμενος
1709 469 1943 543 βλόισην⁹

2050 471 2193 528 sicnt
2218 471 2490 527 homicida
2526 473 2582 529 in
2614 475 2873 542 alienum,
2903 476 3303 533 invulneratum
3331 492 3491 533 suum
3514 494 3633 537 cor-

362 564 477 620 ἀλλ⁸
501 562 663 626 αὐτὸς
696 560 890 616 ἑαυτοῦ
933 561 1256 635 διαφθορεὺς
1280 565 1309 617 ό
1336 563 1563 637 πόρνος,
1588 564 1748 629 αὐτὸς
1771 564 1948 636 ἑαυτῷ

360 656 421 710 τὸ
466 654 565 725 τῆς
607 652 830 724 ἀτιμίας
881 652 1194 725 περιπείρει
1248 653 1420 725 βέλος.
1470 656 1529 710 '0
1587 656 1824 727 κλέπτης
1863 657 1949 710 ἵνα

360 747 537 821 θρέψῃ
568 747 629 801 τὸ
665 746 847 817 σῶμα,
880 744 1056 817 τολμᾷ
1090 744 1191 819 τὴν
1230 748 1467 819 κλοπήν·
1500 748 1530 802 ό
1562 748 1758 821 πόρνος
1790 748 1846 803 δὲ
1880 752 1946 822 τῇ

360 843 459 913 τῆς
499 841 636 904 ίδίας
683 839 888 912 σαρκὸς
930 838 1285 911 προσεδρεύει
1332 838 1575 914 λῃστείᾳ,
1616 841 1721 895 Τὸν
1760 840 1947 896 πλεον-

360 934 545 1006 έκτην,
566 933 702 1005 πρὸς
718 930 970 1005 ἁρπαγὴν
985 929 1217 1002 ἔρεθίζει
1239 932 1654 1007 φιλοκερδ[ε]ίας
1670 933 1948 1008 [φιλοκερ-

359 1026 475 1100 δὴς]
505 1026 763 1098 λογισμός
783 1045 797 1060 ο
840 1023 1067 1098 πορνεία
1089 1023 1168 1089 δὲ,
1211 1025 1383 1096 ζημία
1408 1028 1536 1098 περὶ
1559 1026 1654 1080 τοῦ
1675 1025 1800 1099 [καὶ
1827 1026 1946 1101 τοῦ]

363 1124 614 1195 σώματος
646 1124 996 1196 σεμνότητος.
1039 1122 1131 1196 Τῷ
1165 1123 1421 1195 βασκάνῳ
1449 1121 1848 1186 κατασκευάζει
1884 1120 1947 1174 τὸ

360 1217 529 1281 πάθος
549 1216 902 1288 δοξαζόμενος
929 1216 1134 1287 ἔτερος-ο
1154 1218 1184 1271 ό
1212 1216 1407 1289 πόρνος
1440 1214 1497 1268 δὲ
1518 1214 1616 1283 τὴν
1644 1212 1781 1267 ἰδίαν
1809 1213 1944 1267 αύτ-

358 1310 549 1380 ουργεῐ
583 1306 796 1373 ἀδοξίαν
828 1306 950 1380 [τῆς
1005 1308 1138 1373 ιδίας
1173 1308 1321 1362 ἐστὶν
1349 1306 1649 1378 αὐτουργὸς
1678 1303 1940 1377 ἀδοξίας].

359 1401 404 1455 '1‘
409 1401 426 1454 ί
451 1401 561 1471 γάρ
587 1400 907 1472 ἀτιμότερον
959 1400 1291 1472 σκευοφόρον
1337 1398 1624 1471 πορνείας;
1654 1399 1812 1453 Πᾶσα
1841 1397 1943 1468 μὲν

360 1494 545 1560 ἄδοξος
576 1495 676 1567 τῆς
717 1494 993 1564 ἁμαρτίας
1023 1493 1238 1549 δουλεία
1268 1510 1281 1523 ·
1306 1494 1498 1563 ἀτιμοῖ
1523 1490 1634 1563 γὰρ
1664 1488 1810 1563 ιτῆς]
1835 1489 1941 1559 ψυ-

357 1591 460 1659 χῆς
497 1586 596 1656 τὴν
629 1585 925 1655 εὐγένειαν.
971 1585 1030 1639 '0
1079 1584 1137 1639 δὲ
1176 1584 1371 1657 πόρνος
1396 1582 1672 1655 ἁμαρτίας
1701 1581 1945 1649 ἀδοξότε-

361 1697 451 1751 ρος
497 1679 704 1742 δοῦλος.
731 1676 1001 1751 Βόρϐορον
1044 1678 1155 1750 γὰρ
1182 1677 1395 1733 ἀντλεῖν
1418 1678 1549 1748 παρ’
1579 1676 1749 1747 αὐτῆς
1787 1689 1944 1729 τετα-

357 1772 592 1841 γμὲνος,
625 1769 902 1842 μολυσμοῦ
954 1769 1177 1839 συνάγει
1228 1769 1402 1841 σωρὸν
1424 1808 1440 1832 ,
1488 1769 1582 1829 καὶ
1631 1767 1942 1840 ἀκάθαρτον

357 1864 660 1935 λειτουργεϊ
686 1864 968 1935 ἐργασίαν.
998 1865 1069 1918 Ἢ
1095 1865 1157 1918 οὐ
1178 1863 1351 1919 δεινὸν
1383 1860 1732 1933 ὲγκυλίεσθαι
1763 1861 1940 1932 πηλῷ,

355 1955 676 2028 αίσχρότητι
702 1954 1007 2029 τρίδεσθαι,
1047 1956 1249 2030 ῥάκους
1281 1954 1427 2026 ἔχειν
1441 1953 1504 2008 τὸ
1532 1954 1694 2024 σῶμα
1715 1953 1777 2008 οὐ
1803 1953 1946 2008 διαλ-

355 2045 579 2113 λάττονς
609 2045 747 2099 Ποία
785 2045 895 2119 γάρ
924 2046 1126 2116 ῥάκους
1174 2044 1270 2099 καὶ
1301 2044 1503 2116 πόρνου
1532 2043 1766 2116 διαφορά
1795 2061 1811 2110 ;
1836 2041 1943 2098 Τοῦ

353 2137 453 2206 τῆς
511 2135 839 2208 Ἐκκλησίας
889 2134 1244 2207 ἀποσχίζεται
1302 2133 1588 2206 σώματος’
1660 2134 1943 2206 φθείρεται

353 2227 700 2300 καθημερινῇ
736 2227 1133 2298 σηπεδόνιταῖς
1161 2226 1264 2299 τῆς
1300 2225 1573 2298 ἁμαρτίας
1605 2225 1838 2296 ἡδοναῖς,
1865 2225 1942 2288 ὡς

352 2321 627 2393 ἄχρηστον
667 2320 1123 2392 ὲναπορῤίπτεται
1166 2320 1352 2390 ῥάκος,
1379 2320 1557 2371 κεῖται
1598 2318 1734 2372 πᾶσι
1768 2334 1940 2371 κατα·

352 2416 584 2486 πάτημα
601 2417 716 2479 τοῖς
748 2413 1017 2485 δαίμοσιν.
1042 2413 1140 2477 Είς
1167 2412 1332 2467 αὐτὸν
1357 2413 1387 2466 ό
1403 2409 1649 2475 διάϐολος
1678 2411 1780 2481 τὴν
1803 2410 1941 2465 ἰδίαν

350 2507 742 2580 ἀπομάσσεται
760 2507 944 2578 σῆψιν.

2051 579 2154 635 pus
2182 580 2557 622 conservans:
2590 582 2698 623 non
2732 569 2877 624 sicut
2903 585 3101 627 avarus
3132 571 3185 624 in
3229 571 3483 637 alterum,
3516 590 3630 630 suze

2050 656 2235 715 carnis
2271 672 2472 714 cavens
2518 657 2872 716 offensionem
2910 681 2923 718 :
2970 663 3063 719 sed
3111 663 3228 735 ipse
3277 665 3361 719 sui
3432 681 3629 721 corru-

2048 760 2191 820 ptor,
2226 751 2527 808 fornicator
2561 755 2854 827 configitur
2891 755 3008 827 ipse
3047 758 3156 813 telo
3208 773 3323 813 suae
3366 759 3626 818 infamize.

2047 839 2159 896 Fur
2186 850 2245 897 ut
2294 843 2404 898 alat
2444 859 2665 915 corpus,
2717 845 2882 901 audet
2930 846 3150 918 aggredi
3206 847 3442 905 facinus.
3483 834 3625 904 For-

2046 933 2262 989 nicator
2312 941 2494 990 autem
2532 951 2648 992 sua:
2693 936 2843 992 carni
2899 943 3058 1008 parat
3105 939 3336 998 insidias
3362 983 3377 1005 ,
3410 947 3468 996 ut
3507 957 3628 996 eam

2047 1024 2411 1096 depraedetur.
2454 1027 2694 1085 Avarum
2749 1029 2816 1085 ad
2846 1031 3092 1098 rapinam
3124 1031 3320 1087 incitat
3364 1033 3502 1089 lucri
3530 1050 3630 1105 ap-

2032 1127 2240 1190 petens
2288 1119 2593 1192 cogitatio:
2634 1120 2929 1178 fornicatio
2977 1132 3157 1179 autem
3207 1124 3468 1182 damnum
3526 1127 3627 1181 lio-

2047 1214 2280 1270 nestatis
2322 1214 2596 1285 corporis.
2662 1212 2872 1270 Invidia
2934 1215 3098 1272 struit
3128 1215 3344 1274 facinus
3369 1258 3385 1283 ,
3421 1225 3475 1274 et
3507 1220 3627 1290 glo-

2046 1305 2185 1359 riam
2217 1305 2377 1361 alteri
2409 1306 2567 1362 affert
2598 1306 2934 1363 :fornicator
2962 1314 3141 1363 autem
3183 1308 3291 1364 sibi
3318 1324 3478 1364 suam
3498 1326 3628 1380 ope-

2047 1402 2203 1449 ratur
2251 1395 2628 1466 ignominiam.
2682 1394 2829 1463 Quid
2880 1405 2966 1454 est
3016 1397 3162 1452 enim
3221 1399 3625 1461 fornicatione.

2043 1501 2166 1554 quae
2193 1496 2453 1556 tanquam
2486 1486 2595 1543 lixa
2645 1485 2752 1543 fert
2806 1488 3196 1558 impedimenta
3228 1528 3245 1556 ,
3309 1491 3527 1560 turpius
3573 1499 3629 1547 et

2043 1572 2512 1649 ignominiosius?
2559 1576 2752 1636 Omnis
2805 1582 2954 1637 enim
2989 1583 3226 1639 servitus
3275 1584 3486 1653 peccati
3512 1593 3627 1638 tur-

2041 1671 2129 1742 pis
2156 1680 2241 1727 est
2268 1678 2324 1727 et
2358 1670 2767 1742 ignominiosa:
2803 1671 2969 1728 allicit
2998 1675 3145 1729 enim
3180 1676 3481 1744 ignominia
3513 1677 3628 1731 ani-

2043 1776 2147 1818 mae
2188 1761 2559 1819 nobilitatem.
2600 1761 2926 1820 Fornicator
2959 1772 3143 1822 autem
3190 1769 3401 1837 peccati
3433 1783 3626 1824 servus

2043 1853 2255 1925 turpior
2291 1864 2347 1911 et
2373 1854 2792 1925 ignominiosior
2828 1857 2918 1912 cui
2951 1857 3142 1913 datum
3176 1867 3265 1915 est
3306 1859 3378 1913 ab
3421 1873 3488 1914 eo
3532 1876 3628 1914 ne-

2042 1948 2250 2018 gotium
2278 1988 2295 2014 ,
2320 1955 2383 2002 ut
2417 1962 2636 2003 caenum
2678 1948 2891 2005 hauriat
2920 1989 2936 2015 ,
2965 1958 3021 2006 et
3078 1939 3324 2006 sordium
3377 1952 3628 2023 congerit

2040 2039 2344 2105 cumulum,
2369 2047 2535 2110 atque
2560 2040 2844 2097 immundo
2872 2056 3096 2099 munere
3115 2041 3379 2113 fungitur.
3410 2043 3494 2097 An
3517 2060 3626 2098 non

2040 2139 2127 2187 est
2156 2147 2244 2187 res
2273 2131 2478 2202 gravis,
2527 2140 2582 2189 et
2628 2141 2786 2200 tetra,
2827 2135 3060 2189 volutari
3089 2136 3145 2190 in
3175 2150 3355 2200 emno,
3396 2137 3632 2203 turpitu-

2039 2222 2168 2279 dine
2200 2224 2384 2286 atteri.
2415 2224 2616 2279 habere
2657 2239 2863 2296 corpus
2892 2241 3004 2280 non
3049 2226 3309 2281 diﬂ‘erens
3342 2241 3372 2280 a
3403 2226 3629 2297 panno?

2046 2313 2306 2382 Quaenam
2340 2316 2486 2370 enim
2513 2324 2598 2373 cst
2622 2316 2785 2385 panni
2811 2323 2866 2371 et
2895 2317 3245 2373 foruicatoris
3282 2318 3632 2373 differentia!

2048 2406 2127 2463 Eo
2163 2407 2312 2480 quod
2345 2409 2414 2463 ab
2439 2407 2702 2465 Ecclesia:
2742 2408 2816 2464 sit
2848 2409 3130 2466 abscissus
3171 2424 3422 2482 corpore,
3450 2411 3631 2481 quoti-

2038 2488 2209 2558 diana
2244 2500 2619 2572 corrumpitur
2648 2500 2981 2570 putredine;
3016 2503 3294 2573 projectus
3320 2503 3468 2573 jacet
3502 2509 3629 2557 tan-

350 2616 514 2674 quam
550 2614 767 2670 pannus
795 2596 1026 2664 inutilis,
1057 2606 1115 2655 et
1141 2598 1214 2656 ab
1240 2599 1497 2655 omnibus
1537 2599 1893 2654 conculcatur
1930 2596 2295 2655 daemonibus.
2332 2597 2393 2650 lu
2431 2610 2499 2652 eo
2521 2594 2793 2652 'diabolus
2836 2609 2993 2652 suam
3035 2596 3240 2668 subigit
3275 2604 3333 2654 et
3364 2596 3631 2668 imprimit

351 2693 834 2768 putrefactionem.

420 2834 603 2907 Τῆςδὲ
629 2832 828 2904 νοητῆς
846 2828 938 2886 τοῦ
970 2831 1169 2904 πόρνου
1195 2828 1581 2904 κακοπραγίας
1608 2830 1644 2901 ή
1675 2828 1939 2917 πρόδηλος

348 2929 450 2983 οὒκ
481 2927 740 2982 ἐλάττων.
777 2923 935 2977 Ἔστι
966 2923 1075 2997 γὰρ
1101 2921 1362 2994 φευκτέος
1381 2920 1557 2985 οἰκίας
1587 2919 1843 2994 [φευκτὸς
1870 2920 1942 2973 ol-

352 3006 542 3090 κίαις],
560 3014 833 3078 ἀπευκτδς
858 3011 1187 3083 συντυχίαις,
1203 3012 1315 3076 τοῖς
1346 3008 1737 3080 πλησιάζουσιν
1762 3005 1939 3080 ὕϐρις,
1968 3033 2012 3093 c

347 3113 466 3174 τοῖς
494 3107 870 3181 ὲχθραίνουσιν
901 3103 1123 3168 ὄνειδος,
1143 3105 1462 3172 συγγενέσιν
1495 3100 1746 3173 αἰσχύνη,
1770 3098 1945 3153 συνοί-

347 3220 466 3267 κοις
485 3202 776 3273 ἐπάρατος,
791 3196 994 3270 ἀθυμία
1039 3193 1566 3265 γονεῦσιν,οίκέταις
1591 3190 1942 3265 θεατρισμὺς,

345 3295 524 3367 γέλως
576 3294 672 3348 καὶ
711 3292 955 3364 διήγημα
988 3287 1332 3363 [γελώμενον
1370 3283 1653 3359 διήγημα]
1682 3284 1940 3355 γείτοσιν,

342 3388 527 3460 γῆμαι
565 3384 881 3450 σπουδάζων
919 3379 1245 3454 ἀπόϐλητος,
1292 3379 1535 3444 ὕποπτος
1567 3377 1707 3452 μετά
1762 3378 1943 3450 γάμον

343 3478 601 3550 νυμφίος.
635 3476 904 3531 Τοσούτου
938 3473 1176 3546 πλήθους
1203 3473 1304 3546 τὴν
1352 3471 1609 3544 πορνείαν
1654 3471 1868 3543 μητέρα
1903 3470 1933 3524 δ

344 3569 563 3635 Παῦλος
597 3568 891 3641 θεώμενος,
912 3567 1012 3639 τὴν
1033 3566 1348 3640 νικητήριον
1368 3565 1546 3636 φυγὴν
1565 3562 1932 3633 ἐγκελεύεταιο

343 3665 604 3735 Φεύγετε
629 3663 745 3733 τὴν
781 3661 1087 3731 πορνείαν.

2116 2822 2194 2878 Ea
2232 2832 2437 2888 autem,
2488 2838 2612 2893 quae
2643 2822 2791 2878 cadit
2838 2825 2943 2881 sub
2999 2824 3414 2898 intelligentiam
3455 2828 3629 2889 forni-

2047 2911 2252 2969 catoris
2284 2911 2505 2967 miseria
2553 2920 2609 2967 et
2659 2910 3015 2979 infelicitate,
3063 2932 3174 2972 non
3215 2928 3300 2973 est
3354 2920 3531 2990 major
3560 2938 3625 2979 ea

2047 3017 2171 3075 quae
2210 3010 2297 3058 est
2328 3005 2519 3073 'aperta
2549 3010 2602 3057 et
2652 3003 2965 3062 manifesta.
3004 3000 3102 3064 Est
3147 3011 3292 3064 enim
3331 3009 3385 3065 in
3413 3013 3627 3070 aedibus

2044 3094 2358 3166 fugiendus,
2408 3095 2464 3151 in
2507 3097 2895 3169 congressibus
2941 3098 3342 3158 abominandus
3372 3143 3389 3170 ,
3426 3115 3622 3161 contu-

2043 3186 2204 3243 melia
2258 3189 2824 3261 appropinquantibus
2849 3234 2865 3258 ,
2907 3191 3149 3253 inimicis
3213 3199 3570 3268 opprobrium
3600 3241 3621 3267 ,

2042 3280 2294 3351 cognatis
2336 3280 2621 3350 probrum,
2664 3297 2727 3336 ac
2759 3281 3000 3340 dedecus
3038 3285 3108 3343 iis
3156 3288 3249 3357 qui
3277 3291 3442 3345 simul
3473 3293 3626 3349 habi-

2041 3378 2193 3437 tant,
2225 3371 2654 3438 exsecrandum,
2697 3374 2854 3430 dolor
2891 3378 3230 3445 parentibus,
3267 3379 3489 3452 famulis
3524 3399 3627 3455 pu-

2038 3460 2243 3518 blicum
2275 3463 2595 3534 ludibrium,
2617 3465 2813 3520 vicinis
2842 3466 3074 3523 ridicula
3104 3473 3371 3528 narratio.
3412 3472 3469 3530 Si
3497 3477 3628 3531 velit

2043 3578 2270 3619 uxorem
2298 3562 2501 3618 ducere
2529 3602 2545 3626 ,
2587 3562 2943 3635 rejiciendus.
2988 3562 3048 3618 In
3083 3567 3439 3624 matrimonio
3500 3585 3629 3628 sus-

2045 3664 2239 3725 pectus
2273 3666 2535 3724 Sponsus.
2567 3653 2740 3712 Pater
2764 3655 2904 3712 filiis
2953 3658 3182 3714 odiosus
3210 3697 3227 3722 ,
3274 3659 3628 3730 despicabilis

343 3758 722 3827 consiliarius,
774 3757 1015 3829 largiens
1066 3756 1352 3827 ingratus,
1399 3758 1592 3824 petens
1645 3749 1933 3821 ingratior,
1972 3757 2228 3805 mortuus
2258 3754 2436 3821 magis
2466 3749 2725 3807 laborans
2790 3750 3038 3809 infamia.
3110 3752 3300 3810 Tantae
3359 3757 3627 3842 malorum

345 3851 721 3908 multitudinis
752 3856 984 3905 matrem
1024 3847 1220 3904 videns
1256 3846 1462 3903 Paulus
1491 3843 1938 3907 fornicationem,
1977 3842 2262 3900 victricem
2306 3844 2466 3900 nobis
2519 3845 2683 3900 modo
2758 3845 3084 3916 pmoipiens
3141 3848 3349 3919 fugam,
3422 3851 3629 3907 clama-

341 3944 477 4002 bat:
510 3942 705 4015 Fugite
731 3941 1156 4014 fornicationem.

420 4082 573 4154 Αὐτὴ
596 4082 632 4152 ή
655 4078 808 4150 φωνὴ
822 4075 1108 4132 νεανίσκου
1134 4091 1201 4142 με
1226 4072 1323 4128 νῦν
1342 4073 1616 4145 ἀνέμνησε
1642 4072 1936 4145 σώφρονος,

345 4177 474 4234 κατ’
501 4169 885 4241 Αἰγυπτιακῆς
932 4167 1190 4240 πορνείας
1230 4166 1318 4221 διά
1371 4168 1549 4237 φυγῆς
1589 4165 1940 4236 ἀριστεύσαν-

344 4287 461 4334 ¹τος.
521 4264 719 4320 Καίτοι
768 4260 940 4315 πολλὰ
986 4258 1068 4330 τῷ
1119 4259 1387 4329 νεανίσκῳ
1429 4259 1530 4329 τὴν
1584 4257 1755 4311 πειθὼ
1803 4274 1935 4314 κατ-

2118 4071 2237 4129 Vox
2287 4074 2440 4129 Pauli
2489 4090 2638 4131 nunc
2667 4068 2829 4132 nobis
2876 4080 3155 4134 revocavit
3208 4078 3261 4137 in
3292 4068 3626 4146 memoriam

2044 4167 2301 4238 pudicum
2329 4167 2729 4225 adolescentem
2770 4170 2863 4240 qui
2905 4186 2965 4227 se
2995 4171 3213 4229 fortiter
3234 4177 3403 4265 gessit
3433 4181 3629 4238 adver-

2045 4274 2140 4316 sus
2169 4258 2551 4330 Egyptiacam
2577 4261 3021 4318 fornicationem.
3064 4265 3227 4337 Atqui
3260 4258 3432 4323 multa
3475 4283 3631 4329 erant

345 4359 667 4425 εσκεύαζεν,
700 4355 886 4429 ἡλικία
912 4353 1213 4425 φιλήδονος,
1247 4349 1491 4452 δουλείας
1519 4349 1701 4419 ζυγὸς,
1722 4350 1934 4404 δεσποί-

2043 4365 2165 4423 quae
2195 4351 2598 4406 adolescentem
2633 4350 2794 4409 facile
2826 4346 3043 4410 movere
3083 4367 3356 4426 poterant,
3401 4371 3461 4416 ut
3506 4346 3631 4435 per-

343 4473 447 4527 νης
495 4450 736 4527 ἐρωτικὴ
777 4446 1056 4503 κολακεία.
1101 4443 1374 4515 Ἐγένετο
1407 4442 1515 4513 γάρ
1552 4443 1797 4511 τοιαύτη
1846 4461 1937 4511 τις

2045 4443 2410 4500 suaderetur:
2436 4451 2570 4500 mtas
2588 4444 2798 4501 libidini
2817 4447 3077 4514 obnoxia,
3095 4451 3288 4522 iugum
3323 4455 3627 4521 servitutis,

343 4546 564 4618 ἡμέρα,
600 4543 754 4615 φησι,
780 4541 880 4595 καὶ
907 4536 1194 4608 εἰσῆλθεν
1230 4537 1453 4606 Ἰωσὴφ
1486 4541 1575 4603 εις
1602 4536 1719 4605 τὴν
1741 4537 1939 4591 οὶκίαν

344 4638 543 4695 ποιεῖν
580 4640 653 4692 τὰ
686 4637 833 4706 ἔργα
868 4632 1053 4689 αὐτοῦ
1073 4670 1088 4697 ,
1127 4629 1225 4685 καὶ
1262 4628 1459 4697 οὐδεὶς
1489 4626 1570 4701 ἦν
1615 4629 1735 4684 τῶν
1758 4629 1829 4683 ἐν
1862 4627 1940 4701 τῇ

344 4734 509 4800 οἰκίᾳ
537 4729 679 4793 ἔσω,
713 4726 811 4783 καὶ
842 4723 1233 4779 ἐπεσπάσατο
1266 4723 1307 4791 ἡ
1344 4720 1522 4789 κυρία
1550 4719 1670 4775 τῶν
1694 4721 1942 4790 ἱματίων

343 4820 558 4885 αὑτοῦ,
594 4820 865 4890 λέγουσα
893 4833 909 4849 ο
952 4816 1273 4887 Κοιμήθητι
1311 4816 1440 4885 μετ’
1472 4812 1639 4884 ἐμοῦ.
1670 4813 1832 4883 Μέγα
1877 4813 1939 4868 τδ

342 4916 449 4987 τῆς
491 4912 847 4984 σωφροσύνης
882 4909 1099 4979 ἀξίωμα
1131 4924 1145 4941 ⁸
1167 4907 1262 4962 τοῦ
1289 4907 1475 4962 δούλου
1526 4906 1627 4977 τὴν
1653 4905 1941 4961 δέσποιναν

342 5003 723 5059 κατεσκεύασε
756 4999 969 5072 δούλην.
1020 4998 1424 5071 Πεπυρωμένον
1466 4997 1569 5069 τῆς
1600 4997 1856 5070 πορνείας
1880 4999 1941 5053 τὸ

348 5095 540 5167 βέλος,
590 5095 704 5151 ἀλλ’
753 5094 887 5166 ὓλην
937 5090 1117 5164 ψυχῆς
1162 5093 1460 5163 καιομένης
1508 5092 1607 5163 οὐχ
1657 5082 1818 5163 εὗρε,
1860 5093 1942 5158 εἰς

344 5187 555 5258 ὲσθῆτα
600 5185 658 5240 δὲ
703 5185 804 5257 τὴν
839 5184 1083 5239 διάλυσιν
1127 5181 1287 5253 ἔσχεν
1319 5172 1687 5256 [καιομένην].
1727 5183 1801 5236 'H‘
1841 5182 1940 5254 μὲν

344 5278 503 5350 ἔλεγε
536 5296 551 5308 ο
599 5276 928 5349 Κοιμήθηνι
978 5276 1108 5344 μετ’
1156 5272 1303 5344 ἐμοῦ
1328 5290 1343 5305 ·
1388 5276 1754 5349 ἀντεκήρυττε
1800 5275 1857 5330 δὲ

345 5367 679 5440 σωφροσύνη
700 5365 782 5439 τῷ
809 5366 944 5436 νέῳ·
968 5365 1322 5437 Γρηγόρησον
1355 5363 1472 5434 μετ’
1498 5363 1634 5436 ἐμοῦ
1655 5381 1671 5396 ο
1708 5364 1801 5419 καὶ
1827 5365 1941 5427 τοῖς

341 5461 532 5532 ἔργοις
557 5461 767 5525 ὲκεῖνος
800 5457 989 5531 ἐδήλου
1017 5457 1080 5511 τὸ
1106 5455 1401 5526 ἄγρυπνον.
1435 5455 1510 5508 Ού
1544 5455 1652 5528 γὰρ
1676 5454 1938 5522 ὲνύσταξε

342 5555 469 5615 “cui;
492 5551 807 5615 κολακείαις
831 5553 861 5605 ό
889 5549 1060 5615 τόνος.
1109 5549 1220 5619 Οὐχ
1247 5546 1498 5601 ὕπνωσεν
1532 5549 1567 5616 ή
1596 5547 1789 5620 γνώμη
1819 5551 1939 5610 ταῖς

307 5640 620 5711 .ὲπῳδαῖς·
670 5638 809 5695 ἀλλά
858 5635 927 5712 ἦν
974 5637 1124 5710 αύτῷ
1177 5638 1481 5711 πικροτέρα
1525 5636 1790 5709 λοιδορίας
1834 5638 1933 5709 τῆς

419 5818 468 5853 ⁸*
492 5814 630 5875 Gen.
656 5833 845 5887 ιιιιι,
879 5817 966 5883 ll,
1000 5817 1066 5872 12
1098 5831 1219 5888 sqq.

2038 4535 2274 4590 dominae
2303 4536 2584 4592 amatoriae
2634 4537 2935 4609 blanditiae,
2990 4537 3058 4596 de
3107 4540 3387 4612 impudico
3446 4561 3631 4604 amore

2038 4637 2332 4697 perpetuus
2367 4644 2568 4695 sermo,
2602 4627 2669 4683 ad
2721 4631 3075 4685 concubitum
3140 4634 3281 4688 clam
3312 4620 3315 4623 ’
3344 4634 3486 4690 facta
3535 4640 3631 4692 ad-

2038 4719 2299 4775 hortatio.
2339 4717 2468 4775 Fuit
2495 4724 2643 4778 enim
2684 4723 2880 4793 inquit,
2922 4723 3136 4794 quidam
3165 4725 3297 4792 dies,
3332 4737 3381 4782 et
3413 4729 3625 4799 ingrese

2038 4826 2129 4865 sus
2163 4820 2241 4865 est
2274 4811 2471 4882 Ioseph
2498 4816 2551 4868 in
2608 4813 2847 4879 domum,
2894 4818 2952 4869 ιιι
3008 4816 3205 4882 facere!
3242 4835 3401 4885 opera
3426 4839 3546 4883 sua,
3579 4833 3629 4878 et

2039 4919 2190 4958 nemo
2222 4913 2336 4959 erat
2368 4921 2432 4959 ea:
2472 4906 2540 4959 iis
2585 4910 2676 4977 qui
2715 4907 2859 4962 domi
2905 4919 3093 4975 erant,
3143 4911 3324 4978 intus;
3363 4923 3413 4967 et
3465 4924 3628 4971 vestes

2038 4994 2153 5064 ejus
2185 4997 2411 5049 attraxit
2472 4996 2711 5063 domina,
2775 4999 2993 5057 dicens:
3057 5000 3241 5056 Dormi
3297 5021 3498 5059 mecum
3557 5006 3623 5060 ".

2041 5085 2234 5158 Magna
2267 5096 2353 5167 est
2391 5087 2634 5160 dignitas
2674 5093 3054 5162 temperantiae
3087 5090 3406 5150 :dominam
3448 5095 3631 5151 reddi-

2039 5180 2118 5235 dit
2152 5184 2363 5236 servam
2400 5182 2564 5237 Servi.
2608 5180 2780 5254 [Nam
2824 5184 2902 5239 illi
2942 5185 3160 5256 quidem
3193 5188 3626 5258 supplicabatur,

2041 5273 2159 5329 lmc'
2189 5288 2320 5330 vero
2344 5274 2731 5346 supplicabat:
2767 5273 2958 5330 Πονηιὶ
2991 5277 3241 5351 mecum]
3278 5277 3508 5350 Ignitum
3545 5287 3630 5335 est

2037 5366 2205 5420 telum
2242 5364 2670 5433 fornicationis;
2714 5367 2809 5424 sed
2849 5385 2972 5440 qua:
3009 5381 3366 5437 cremaretur,
3399 5387 3508 5426 non
3544 5371 3629 5426 in-

2037 5457 2187 5511 venit
2225 5458 2533 5523 materiam,
2571 5458 2682 5513 imo
2715 5473 2849 5515 vero
2882 5460 2937 5514 in
2969 5468 3121 5516 veste
3157 5460 3392 5516 fractmn
3440 5460 3538 5514 fuit
3578 5471 3629 5517 et

2039 5548 2393 5609 dissolutum.
2433 5550 2588 5625 [Quae
2638 5550 3019 5615 fornicationis
3073 5552 3415 5629 circumdata
3450 5552 3629 5621 impn-

2041 5638 2249 5710 dentia,
2282 5643 2556 5699 clamabat
2585 5664 2599 5700 :
2635 5643 2821 5701 Dormi
2842 5662 3065 5702 mecum.
3093 5642 3458 5702 Fornicatorii
3488 5642 3629 5698 desi-
