4072 6156
441 323 549 382 495
1679 317 1734 371 s.
1769 311 2098 372 cnnconu
2131 309 2414 368 NYSSENI
2621 328 2629 334 -
3592 313 3702 370 tas

439 443 578 498 derii
615 441 807 512 mugiit
842 441 1071 505 famem;
1116 439 1211 495 sed
1252 438 1433 511 pudici
1472 436 1646 509 magis
1690 435 2003 492 obstruebal

2113 433 2402 504 δεσποίνης
2451 434 2484 503 ἡ
2544 432 2694 504 φωνὴ
2759 431 3085 504 κελευούσης
3129 450 3144 466 ο
3191 432 3514 504 [tamenn
3567 435 3698 500 μετ’

438 547 599 588 aures
617 529 742 604 (ΞΜ
771 531 902 584 Nam
932 530 1021 582 illa
1050 529 1269 600 quidem
1301 529 1537 592 dicebat,
1573 527 1756 580 Dormi
1775 539 2014 589 mecum;
2121 525 2287 594 ἐμοῦ.

439 625 764 683 adolescenti
804 635 982 680 autem
1014 636 1204 680 contra
1245 624 1619 696 proclamabat
1653 619 2050 691 temperantia:
2075 618 2250 690 Vigila
2289 635 2541 676 mecum:
2577 629 2632 676 et
2684 620 2864 691 reipsa
2905 620 3147 696 ostendit
3175 620 3534 692 vigilantiam.
3577 621 3698 677 Non

436 719 580 774 enim
629 715 909 769 blanditiis
960 715 1186 784 cedens,
1219 693 1534 770 dormitavit
1569 711 1738 766 robur
1772 710 2121 766 constantiae.
2168 709 2286 765 Non
2317 711 2420 765 fuit
2455 727 2611 768 mens
2655 713 2829 783 sopita
2868 693 3369 777 incantationibus;
3429 729 3539 768 non
3593 713 3698 768 fuit

437 825 630 869 somno
665 823 926 881 oppressa
955 811 1330 878 temperantia:
1362 807 1662 871 sobrietas;
1696 819 1805 859 non
1836 803 1904 858 iis
1934 817 2056 872 quae
2081 803 2420 875 implicatum
2453 803 2713 860 tenebant
2737 805 3104 863 incommodis
3135 804 3239 862 fuit
3267 805 3555 872 dissoluta,
3586 823 3695 862 non

433 899 699 970 elegantis
745 897 933 952 forma:
977 903 1134 966 capta
1168 903 1252 952 est
1293 895 1596 962 illecebris;
1631 907 1742 948 non
1773 893 2168 948 amatoriorum
2193 893 2484 950 verborum
2525 893 2698 950 fracta
2732 893 2834 950 fuit
2873 896 3194 955 blanditiis:
3231 899 3328 955 sed
3353 901 3502 955 omni
3542 905 3696 958 cale--

434 997 579 1052 mnia
611 993 713 1065 ipsi
740 1000 859 1048 erat
893 991 1146 1046 acerbior
1175 1007 1278 1046 vos
1315 990 1554 1048 dominae
1576 977 1910 1044 blandientis
1943 996 1998 1044 et
2025 988 2293 1045 dicentis:
2316 989 2504 1044 Dormi
2534 1005 2755 1045 mecum.

500 1135 740 1190 Paratus
770 1134 952 1189 stabat
1003 1131 1253 1187 diabolus
1283 1128 1537 1186 adulterii
1591 1129 1894 1201 pronubns,
1958 1137 2012 1183 et

369 1284 374 1289 ,
431 1228 594 1283 simul
631 1241 758 1282 cum
799 1223 1470 1290 fornicatricestringebat
1488 1231 1714 1287 vestem,
1750 1228 1804 1279 et
1822 1221 2010 1277 socius

429 1325 550 1372 erat
590 1331 852 1372 ansarum
899 1330 1039 1385 quas
1072 1313 1190 1384 ipsa
1239 1309 1718 1384 apprehendebat;
1761 1311 1858 1368 sed
1909 1327 2008 1368 ne-

435 1408 662 1472 sciebat,
686 1423 744 1464 se
775 1406 968 1462 luctari
1008 1421 1135 1460 cum
1165 1413 1424 1462 veterano
1455 1405 1661 1459 athleta
1713 1404 2009 1475 pudicitiae,

431 1507 488 1554 et
519 1497 613 1568 qui
666 1499 736 1552 ab
779 1498 925 1552 illius
963 1497 1116 1552 ansis
1168 1511 1229 1552 se
1276 1495 1435 1550 facile
1475 1495 1731 1552 exuebat.
1785 1493 2000 1549 Relictis

430 1592 599 1657 enim,
626 1589 823 1660 inquit,
857 1590 968 1643 suis
1008 1588 1229 1643 vestibus
1250 1590 1305 1642 in
1329 1587 1569 1642 manibus
1590 1586 1728 1658 ejus,
1759 1586 1914 1656 fugit,
1950 1594 2002 1641 et

2181 1128 2437 1199 Ἕτοιμος
2471 1131 2716 1200 εἱστήκει
2748 1131 2845 1202 τῆς
2876 1131 3121 1202 μοιχείας
3144 1130 3510 1202 νυμφαγωγὸς
3531 1132 3561 1184 ὁ
3587 1131 3696 1186 διά-

2109 1219 2298 1284 ϐολος,
2339 1221 2436 1274 καὶ
2486 1223 2814 1291 συνέσφιγγε
2846 1224 2946 1293 τὴν
2996 1223 3199 1294 ἐσθῆτα
3247 1226 3317 1294 τῇ
3371 1222 3567 1294 πόρνῃ,
3599 1224 3694 1276 καὶ

2107 1311 2218 1365 τῶν
2269 1313 2400 1383 παρ’
2433 1313 2649 1385 ἐκείνης
2700 1312 3072 1369 συνεκοινώνει
3101 1313 3311 1367 λαϐὧνο
3362 1312 3463 1366 οὐκ
3491 1313 3608 1384 ᾔδει
3635 1313 3692 1366 δὲ

2107 1405 2327 1478 τεχνίτῃ
2356 1405 2603 1461 παλαίων
2631 1407 2835 1480 ἀθλητῇ
2859 1406 3244 1480 σωφροσύνης,
3263 1407 3357 1460 καὶ
3388 1405 3570 1468 καλῶς
3594 1406 3694 1469 τὰς

2109 1497 2325 1570 ἐκείνης
2355 1498 2746 1570 ἀπεκδυομένῳ
2780 1499 2970 1563 λαϐάς.
2991 1498 3348 1553 Καταλιπὼν
3374 1495 3504 1569 γάρ,
3535 1498 3690 1568 φησι,

2107 1587 2182 1641 τὰ
2207 1588 2403 1658 ἱμάτια
2431 1592 2617 1646 αὐτοῦ
2643 1593 2734 1656 εἰς
2761 1591 2869 1658 τὰς
2897 1590 3098 1660 χεῖρας
3119 1589 3329 1659 αὐτῆς,
3359 1590 3564 1660 ἔφυγε,
3590 1589 3692 1643 και

431 1685 581 1752 {oras
612 1683 792 1738 exivit.
838 1680 884 1736 0
912 1681 1132 1736 nudatis
1167 1681 1412 1736 sanctior
1443 1677 1812 1734 indumentis!
1861 1676 2003 1743 Quid

2106 1677 2366 1746 ἐξῆλθεν
2396 1679 2534 1745 ἕξω.
2578 1681 2644 1734 Ὠ
2683 1683 2957 1752 γυμνότης
3009 1678 3346 1752 [ἁγιωτέρα]
3379 1680 3692 1751 δικαιοτέρα

427 1773 600 1844 igitur
627 1769 968 1842 Egyptiacae
1012 1769 1368 1841 impudicitia:
1421 1767 1647 1825 rabies?
1697 1782 1795 1823 sua
1826 1767 2002 1838 ipsius

2108 1769 2414 1834 ἐνδύσεωςί
2446 1773 2512 1825 Τί
2558 1771 2691 1841 γοῦν
2739 1773 2840 1843 τῆς
2893 1773 3270 1842 Αἰγυπτιακῆς
3317 1770 3612 1834 ἀκολασίας
3654 1772 3692 1841 ἡ

423 1863 571 1918 mala
607 1863 661 1917 in
691 1861 982 1932 Josepbum
1025 1860 1260 1915 confert.
1295 1861 1361 1914 Et
1391 1859 1458 1912 ad
1499 1857 1758 1912 maritum
1813 1871 2003 1912 accur-

2106 1859 2278 1915 λύσσα
2298 1879 2314 1930 ;
2337 1862 2418 1915 Τὰ
2452 1862 2648 1930 ἑαυτῆς
2679 1862 2824 1917 κακὰ
2859 1862 2936 1934 τῷ
2975 1863 3172 1933 Ἰωσὴφ
3206 1861 3539 1933 παρατίθησι
3559 1876 3573 1890 ’
3593 1862 3690 1915 καὶ

425 1967 582 2017 rens,
609 1952 821 2022 inquit:
857 1950 1146 2006 Adduxisti
1188 1951 1336 2005 nobis
1365 1965 1586 2019 puerum
1619 1948 1922 2015 Hebraeum,
1947 1955 2006 2003 ut

426 2041 862 2108 uobisilluderet,
907 2051 965 2098 et
1015 2042 1154 2098 dixit
1193 2044 1352 2097 uxori
1400 2053 1527 2106 tum,
1574 2058 1691 2114 qua:
1741 2042 2006 2114 hucusque

419 2136 615 2205 pudice
670 2136 998 2191 conservavit
1040 2145 1189 2189 tuum
1224 2135 1397 2190 cubile
1434 2151 1452 2189 .'
1489 2135 1764 2190 Dormiam
1813 2145 2004 2190 tecum.

433 2227 724 2298 Postquam
747 2236 923 2283 autem
948 2227 1144 2282 sustuli
1166 2242 1360 2291 uocem,
1387 2235 1436 2281 et
1458 2227 1778 2286 exclamavi.
1803 2229 2006 2284 dimisit

430 2321 570 2387 apud
601 2335 682 2373 me
710 2328 874 2374 uestes
906 2335 1056 2384 suas,
1090 2318 1322 2388 fugitque
1349 2325 1398 2372 et
1424 2333 1663 2388 egressus
1694 2327 1773 2374 est
1802 2317 1973 2389 foras.

500 2410 712 2467 Rursus
737 2410 936 2481 iloseph
987 2425 1086 2480 per
1143 2417 1352 2466 vestem
1391 2409 1668 2480 appetitur
1703 2413 2000 2469 calumnia.

430 2501 653 2558 Fratres
681 2501 836 2572 prius
869 2509 1092 2570 accepta
1119 2499 1243 2570 ejus
1266 2508 1438 2565 veste,
1461 2515 1560 2571 per
1586 2500 1736 2556 illam
1761 2501 2006 2572 improbe

429 2591 1118 2660 calumniabantur,jfuisse
1135 2607 1258 2648 eum
1282 2606 1313 2646 a
1345 2589 1460 2646 fera
1483 2590 1801 2648 devoratum
1823 2610 1837 2646 :
1858 2606 2006 2648 nunc

429 2696 610 2742 autem
640 2686 758 2756 ipsa
797 2685 981 2740 tunica
1019 2683 1142 2755 ejus
1192 2691 1414 2752 acccpta
1465 2691 1692 2738 accusat
1743 2692 2004 2754 tanquam

429 2779 837 2833 fornicatorem.
866 2776 1107 2848 Josepho
1139 2774 1398 2830 convenit
1425 2788 1527 2829 vox
1570 2773 1807 2842 Domini,
1852 2774 2003 2829 Divi-

429 2879 610 2921 serunt
643 2866 744 2920 sibi
776 2867 1085 2921 vestimenta
1123 2881 1261 2928 mea,
1299 2874 1350 2919 et
1394 2881 1559 2936 supra
1587 2874 1778 2920 uestem
1830 2883 2003 2921 meam

429 2959 684 3012 miserunt
724 2955 1066 3011 mendacium
1097 2955 1140 3008 ³.
1177 2953 1506 3010 Pndicorum
1543 2957 1808 3013 exercitui
1844 2957 2004 3014 dulce

2105 1951 2387 2022 δραμοῦσα
2423 1953 2560 2024 πρὸς
2595 1953 2688 2006 τὸν
2726 1952 2915 2024 ἄνδρα,
2961 1953 3128 2024 φησί·
3163 1952 3498 2023 Είσήταγες
3544 1951 3691 2021 ἡμῖν

2107 2043 2292 2098 παῖδα
2338 2043 2610 2113 Ἐϐραῖυν
2653 2042 2954 2113 ἐμπαίζειν
2990 2043 3135 2113 ἡμῖν
3160 2061 3174 2075 ·
3201 2043 3334 2098 εἶπέ
3386 2061 3488 2113 μοι
3529 2042 3642 2113 γάρ
3670 2060 3684 2072 ⁸

2107 2135 2554 2203 Κοιμηθήσομαι
2595 2134 2746 2204 μετὰ
2775 2134 2913 2188 σοῦ.
2965 2134 3062 2200 Ὠς
3087 2133 3156 2187 δὲ
3184 2134 3403 2202 ὕψωσα
3433 2133 3548 2201 τὴν
3571 2150 3692 2202 φω-

2105 2225 2226 2293 νὴν
2258 2225 2358 2279 καί
2389 2226 2692 2294 ἁνεϐόησα
2712 2264 2727 2286 ,
2764 2223 2957 2295 ἀφῆκε
3006 2227 3081 2280 τὰ
3121 2226 3319 2296 ἱμάτια
3370 2227 3508 2294 παρ’
3531 2225 3684 2295 ἐμοὶ,

2105 2315 2204 2369 καὶ
2222 2315 2428 2387 ἔφυγε.

2179 2404 2349 2459 Πάλιν
2387 2405 2583 2477 Ἰωσὴφ
2615 2405 2683 2459 δι’
2711 2407 2936 2480 ἐσθῆτος
2968 2408 3402 2477 συκοφαντεῖται.
3441 2407 3687 2476 ’Δδελφοὶ

2106 2497 2371 2570 πρότερον
2409 2498 2576 2553 αὐτοῦ
2604 2499 2696 2553 τὸν
2746 2500 2949 2570 χιτῶνα
2993 2499 3248 2564 λαϐόντες
3273 2499 3350 2563 ὡς
3381 2498 3685 2571 θηριόϐρω-

2104 2605 2196 2642 τον
2227 2589 2390 2644 αὐτὸν
2430 2589 2499 2644 δι’
2529 2590 2738 2644 ἐκείνου
2769 2590 3166 2660 ἐσυκοφάντουν
3192 2589 3516 2663 κακούργως
3538 2605 3551 2618 ο
3587 2589 3686 2643 νῦν

2105 2679 2268 2734 αὐτὸν
2298 2680 2390 2735 τὸν
2423 2681 2624 2752 χιτῶνα
2659 2680 2896 2735 λαϐοῦσα
2926 2681 3200 2735 διαϐάλλει
3232 2679 3505 2752 πορνείας.
3539 2679 3687 2750 [Ips-

2105 2788 2283 2827 πουσα
2303 2771 2381 2844 τῷ
2405 2773 2600 2844 Ἰωσὴφ
2623 2774 2658 2846 ἡ
2675 2772 2769 2825 τοῦ
2792 2773 3059 2827 Δεσπότου
3083 2771 3689 2846 φωνὴ,Διεμερίσαντο

2106 2863 2179 2918 τὰ
2224 2862 2422 2933 ἱμάτιά
2441 2880 2562 2932 μου
2606 2862 2828 2932 ἑαυτῆς
2857 2862 3166 2936 [ἑαυτοῖς-1.
3225 2863 3366 2917 Ἀλλ’
3393 2863 3439 2916 ὣ
3469 2862 3571 2933 τῆς
3605 2861 3686 2914 δι-

2105 2954 2268 3019 καίας
2295 2954 2387 3008 ἐπὶ
2419 2953 2496 3026 τῷ
2550 2955 2746 3026 Ἰωσὴφ
2789 2956 2940 3027 παρὰ
2989 2955 3123 3010 Θεοῦ
3174 2955 3536 3028 προστασίαςῐ
3576 2953 3688 3026 Πρὸ

427 3058 514 3106 est
541 3049 594 3105 id
631 3049 778 3120 quod
810 3047 1013 3103 dicitur
1041 3063 1071 3102 a
1107 3047 1406 3118 pudicitia;
1443 3049 1538 3104 sed
1567 3049 1619 3104 id
1643 3047 2002 3106 imbecillitati

2108 3043 2216 3116 γὰρ
2250 3018 2378 3098 τῶν
2419 3018 2738 3114 πειρασμιῖιν
2773 3018 2885 3097 τὸν·
2906 3046 3102 3117 Ἰωσὴφ
3130 3018 3232 3099 οὐκ
3263 3045 3539 3117 ἐτίμησεν,
3569 3018 3686 3097 ἀλλ’

427 3142 614 3198 carnis
642 3141 840 3196 durum
873 3147 959 3194 est
987 3147 1041 3194 et
1086 3138 1444 3194 laboriosum.
1477 3136 1522 3194 Ο
1575 3138 1805 3209 justam,
1839 3156 2003 3212 quam

430 3231 576 3286 Deus
607 3228 833 3301 Iosephi
863 3243 1053 3284 curam
1086 3226 1258 3299 gessit
1283 3229 1297 3282 l
1326 3229 1470 3283 Ante
1495 3230 1823 3285 tentationes
1849 3229 2006 3286 Iose-

427 3322 596 3392 phum
627 3334 736 3374 non
778 3317 1091 3384 honoravit,
1133 3317 1230 3373 sed
1255 3331 1352 3387 per
1374 3316 1589 3372 somnia
1634 3315 1874 3373 ostendit
1917 3318 2006 3374 fu-

429 3422 637 3480 turum,
670 3411 876 3468 docens
931 3410 1076 3482 quod
1123 3412 1288 3480 longo
1347 3415 1474 3466 ante
1539 3415 1783 3480 tempore
1836 3409 2004 3480 justis

426 3505 641 3578 paravit
666 3503 930 3576 gloriam:
959 3501 1208 3573 permisit
1245 3509 1427 3556 autem
1463 3500 1863 3557 tentationibus
1885 3516 2007 3571 pro-

426 3597 563 3653 bare
589 3594 1012 3658 adolescentem,
1042 3607 1205 3648 aures
1237 3591 1532 3646 occludens
1581 3591 1649 3646 iis
1693 3590 1789 3661 qui
1851 3589 2004 3647 dele-

427 3696 649 3745 ctantur
677 3686 897 3759 probris
924 3700 986 3740 ac
1011 3683 1337 3740 maledictis.
1362 3681 1419 3737 Si
1446 3684 1590 3740 enim
1623 3697 1735 3739 non
1765 3683 2007 3740 dedisset

426 3777 665 3848 Josepho
709 3775 1113 3846 probationem,
1163 3771 1436 3827 dixissent
1467 3772 1743 3839 maledici,
1778 3787 1811 3827 a
1859 3788 2004 3830 caeca

431 3871 546 3924 haec
579 3869 693 3922 lleri
721 3867 962 3921 fortuna.
1009 3863 1154 3918 Inter
1197 3861 1485 3933 Egyptios
1531 3870 1725 3934 regnat
1775 3862 2001 3937 Josepb,

429 3957 683 4014 barbaris
763 3954 1079 4011 dominatur
1139 3951 1606 4008 adolescentulus.
1698 3953 2004 4020 Quamnam

428 4047 672 4106 ostendit
743 4043 1058 4100 virtutem?
1142 4040 1251 4098 Pro
1326 4057 1562 4113 quanam
1631 4052 1719 4100 est
1801 4047 2006 4106 virtute

424 4140 535 4196 hoc
587 4135 912 4194 assecutus?
965 4132 1045 4189 Ne
1104 4149 1235 4206 ergo
1298 4135 1412 4190 haec
1450 4135 1519 4191 de
1569 4133 1811 4210 Joseplio
1851 4139 2003 4196 dice-

428 4237 642 4295 rentur,
688 4228 746 4282 in
795 4241 919 4280 eum
963 4224 1228 4295 permittit
1281 4223 1630 4292 tentationes,
1660 4235 1818 4282 utea:
1850 4226 2005 4298 justo

2109 3134 2276 3202 ἔδειξε
2305 3134 2371 3188 δι’
2393 3137 2686 3207 ὀνειράτων
2717 3137 2778 3190 τὸ
2815 3138 3024 3209 μέλλον,
3047 3139 3312 3193 διδάσκων
3344 3139 3425 3192 ὅτι
3465 3138 3686 3211 πόρρω-

2109 3223 2202 3280 θεν
2243 3225 2469 3292 δικαίοις
2503 3227 2604 3298 τὴν
2647 3228 2802 3293 δόξαν
2838 3229 3136 3302 ηὐτρέπισε
3179 3247 3194 3262 ο
3245 3228 3584 3301 συνεχώρησε
3625 3225 3687 3281 δὲ

2106 3316 2203 3370 τοῦ
2243 3318 2550 3390 πειρασμοῦ
2589 3319 2879 3392 δοκιμάσαι
2907 3321 2997 3376 τὸν
3036 3323 3175 3386 νέον,
3206 3322 3306 3387 τὰς
3330 3321 3439 3375 τῶν
3462 3318 3684 3391 φιλοψό-

2108 3425 2221 3478 γων
2270 3410 2574 3465 ἀποκλείων
2617 3413 2820 3482 φωνάς.
2861 3413 3098 3486 Δοκιμὴν
3139 3413 3246 3485 γάρ
3292 3416 3368 3487 μὴ
3387 3405 3688 3483 ’δεδωκότος

2105 3497 2201 3552 τοῦ
2241 3500 2460 3572 Ἰωσὴφ,
2496 3503 2547 3556 οἱ
2579 3501 2858 3574 φιλόψογοι
2884 3505 2951 3559 ἂν
2980 3503 3186 3575 ἔλεγον,
3220 3507 3508 3578 συντυχίας
3545 3503 3687 3561 εἶναι

2107 3591 2311 3662 τυφλῆς
2330 3592 2401 3646 τὰ
2428 3594 2730 3665 πράγματα
2765 3596 3098 3665 Αἰγυπτίων.
3146 3597 3341 3668 Ἰωσὴφ
3387 3597 3683 3668 βασιλεύει,

2107 3683 2202 3736 καὶ
2233 3682 2524 3757 βαρϐάρων
2569 3686 2817 3751 δεσπόζει
2848 3686 3151 3756 παιδάριον.
3184 3688 3351 3744 Ποίαν
3372 3689 3571 3761 ἀρετὴν
3599 3690 3686 3743 ὲν-

2104 3774 2457 3847 δειξάμενον;
2520 3777 2660 3848 ὑπὲρ
2720 3779 2878 3842 ποίας
2946 3778 3134 3832 τούτου
3197 3779 3389 3852 ἔτυχεν
3444 3781 3684 3852 άρετῆς;

2109 3864 2225 3918 Ἵνα
2261 3859 2354 3918 οὖν
2383 3865 2553 3920 ταῦτα
2599 3867 2726 3938 περὶ
2773 3867 2867 3921 τοῦ
2914 3868 3122 3922 δικαίου
3157 3870 3232 3940 μὴ
3265 3869 3524 3940 λέγηται,
3550 3887 3688 3942 προ-

2107 3953 2402 4024 λαμϐάνων
2429 3957 2458 4008 ὁ
2489 3955 2623 4020 Θεὸς
2653 3957 2781 4022 τοὺς
2829 3957 2920 4011 ἐπ’
2957 3957 3120 4013 αὑτὸν
3173 3961 3515 4031 πειρασμοὺς
3551 3977 3687 4028 συγ-

2106 4047 2294 4116 χωρεῖ,
2319 4045 2462 4100 ὤστε
2502 4045 2600 4118 τὴν
2632 4046 2720 4100 ἐπ’
2766 4033 2962 4117 ἐκείνῳ
3006 4047 3086 4119 τῷ
3136 4047 3330 4120 δικαίῳ
3378 4049 3687 4122 μαρτυρίαν

2105 4136 2358 4205 γενέσθαι
2389 4179 2406 4205 ,
2437 4137 2531 4192 καὶ
2578 4137 2746 4209 ῥάψαι
2795 4137 2904 4192 τῶν
2938 4138 3243 4209 φιλοψόγων
3295 4141 3366 4196 τὰ
3413 4141 3680 4212 στόματα.

2116 4228 2614 4303 Ἀποστρεψὼμεθα
2666 4231 2846 4286 τοίνυν
2889 4233 2988 4298 τάς
3043 4234 3112 4286 ὲκ
3151 4233 3365 4304 μορφῆς
3417 4233 3684 4304 πορνικῆς

423 4324 545 4379 viro
575 4320 780 4376 ferrent
811 4315 1208 4384 testiinonium,
1235 4325 1292 4372 et
1311 4317 1661 4374 obstruerent
1691 4333 1790 4374 ora
1832 4319 2003 4375 male-

2107 4318 2476 4391 ἐπερχομένας
2499 4320 2679 4391 βολάς.
2699 4321 2981 4395 Κλείωμεν
2999 4323 3342 4394 άσελγήμασι
3360 4322 3421 4376 τὺ
3440 4322 3682 4394 βλέμμα.

426 4413 702 4470 dicorum.
742 4409 1074 4465 Aversemur
1102 4420 1253 4475 ergo,
1295 4421 1419 4477 quae
1450 4421 1481 4462 a
1530 4406 1708 4462 forma
1749 4409 2002 4464 meretri-

426 4507 512 4560 cia
547 4505 603 4558 in
633 4517 737 4557 nos
764 4500 1050 4572 iaciuntur
1068 4497 1276 4567 iacula.
1323 4497 1659 4554 Claudamus
1686 4499 1881 4556 oculos
1933 4500 2008 4556 la.

427 4594 632 4658 sciviae,
664 4607 694 4646 a
727 4591 887 4646 nobis
947 4589 1234 4644 rideantur
1284 4586 1598 4658 voluptates
1651 4587 2003 4658 inordinata,

426 4701 654 4742 carnem
681 4682 956 4740 custodiat
980 4680 1362 4753 temperantia,
1388 4681 1442 4734 in
1477 4677 1740 4736 membris
1786 4679 2004 4736 inhabi-

427 4786 506 4835 tet
535 4779 768 4850 puritas.
823 4773 1121 4831 Versemur
1159 4773 1214 4828 in
1244 4770 1671 4844 cogitationibus
1727 4771 1998 4841 honestis,

425 4869 692 4924 bonorum
715 4881 942 4938 operum
971 4863 1358 4936 splendeamus
1387 4861 1730 4933 fulgoribus:
1783 4879 2002 4935 expur-

2107 4412 2520 4484 φρουραρχείτω
2570 4412 2671 4478 τὴν
2720 4413 2898 4486 σάρκα
2953 4414 3275 4487 σωφροσύνη
3301 4453 3318 4480 ,
3375 4413 3685 4485 καθαρότης

2102 4501 2381 4555 ἐνοικείτω
2418 4505 2530 4566 τοῖς
2566 4501 2806 4572 μέλεσιν,
2839 4504 2928 4558 ἴνα
2968 4503 3142 4568 οὕτως
3187 4506 3273 4577 εἴη
3297 4505 3358 4558 τὺ
3403 4504 3559 4576 σῶμα
3587 4502 3683 4556 τοῦ

2102 4591 2415 4663 Πνεύματος
2445 4594 2788 4665 οἰκητήριον·
2824 4594 3218 4667 ἐπιγράψωμεν
3255 4595 3387 4649 αὐτὸ
3411 4595 3685 4666 ἐπίγραμ-

2102 4701 2180 4754 μα
2200 4684 2652 4757 [ὲπιγράμματι],
2677 4685 2775 4756 τὴν
2803 4685 3038 4756 φοϐερὰν
3062 4689 3173 4751 τοῖς
3202 4685 3520 4748 ἀκολάστοις
3538 4701 3680 4755 παρα

2103 4775 2362 4846 αγγελίαν
2389 4776 2526 4848 βοιῖιν
2558 4777 2800 4850 [βοῶντι]
2821 4794 2834 4807 ο
2862 4778 2938 4832 EI
2961 4796 3052 4846 τις
3077 4780 3186 4834 τὸν
3213 4778 3365 4834 ναὸν
3389 4778 3497 4833 τοῦ
3532 4777 3682 4832 Θεοῦ

2104 4867 2352 4936 φθείρει,
2377 4869 2586 4938 φθερεῖ
2619 4869 2838 4925 τοῦτον
2886 4873 2920 4925 ό
2961 4871 3126 4937 Θεός.

423 4973 549 5036 gata
579 4962 689 5017 vita
719 4959 1064 5024 eniteamus;
1099 4971 1486 5013 conservemus
1520 4957 1781 5012 mundum
1817 4972 2019 5028 corpus
2055 4959 2379 5016 habitationi
2417 4963 2595 5019 sancti
2628 4963 2889 5034 Spiritus,
2918 4964 2970 5021 ei
3006 4965 3354 5022 ascribamus
3395 4965 3502 5020 hoc
3555 4980 3678 5037 pra:-

423 5067 640 5129 ceptum
683 5051 1031 5108 formidabile
1067 5049 1137 5106 iis
1169 5048 1264 5120 qui
1312 5056 1440 5105 sunt
1481 5048 1784 5119 impudici:
1817 5046 1878 5104 Si
1913 5053 2032 5122 quis
2073 5053 2322 5122 templum
2368 5054 2464 5109 Dei
2504 5055 2698 5126 perdit,
2736 5055 2916 5125 perdet
2972 5073 3094 5113 eum
3126 5057 3266 5113 Deus
3289 5057 3331 5112 ⁸.
3373 5056 3606 5130 [Verum
3655 5075 3686 5112 a

424 5152 584 5206 nobis
623 5164 689 5203 ne
721 5147 991 5202 tantillum
1022 5143 1240 5216 quidem
1268 5143 1480 5216 scjungi
1512 5146 1648 5201 vult.
1693 5144 1836 5211 Quid
1891 5147 2040 5202 enim
2116 5152 2258 5222 patri
2316 5159 2402 5210 est
2449 5151 2774 5223 jucundius,
2829 5168 2994 5225 quam
3052 5156 3258 5211 versari
3310 5168 3434 5209 cum
3501 5155 3688 5212 charis

426 5239 584 5297 filiis!
613 5237 724 5293 Sed
756 5238 1017 5308 quoniam
1082 5251 1184 5291 nos
1251 5243 1411 5290 vocat
1467 5234 1705 5292 Verbum
1761 5240 1827 5294 ad
1887 5241 2189 5298 certamina
2249 5245 2490 5315 pietatis,
2554 5256 2767 5317 oportet
2807 5263 2908 5303 nos
2940 5261 3164 5302 currere
3195 5245 3263 5302 ad
3302 5254 3454 5316 septa
3509 5247 3688 5302 Eccle-

426 5338 543 5401 siae,
565 5335 761 5391 ascitis
786 5346 1012 5404 precum
1047 5330 1285 5386 auxiliis.
1314 5329 1583 5384 Caeterum
1615 5332 1747 5388 illud
1782 5341 2019 5390 vestram
2055 5337 2318 5394 adhortor
2358 5340 2704 5405 charitatem,
2778 5339 3212 5396 ecclesiasticum
3273 5337 3520 5394 ordinem
3565 5353 3686 5392 con-

425 5439 658 5494 servate,
695 5434 745 5482 et
780 5426 826 5483 si
853 5425 1020 5497 aliqui
1052 5425 1263 5480 irruant
1307 5425 1592 5490 tumultus,
1621 5442 1716 5483 eos
1778 5430 2036 5499 patientia
2079 5432 2298 5501 vincite,
2331 5443 2384 5490 et
2421 5436 2661 5493 lenitate.
2732 5432 2998 5492 Futurum
3067 5434 3214 5490 cnim
3281 5442 3390 5499 est,
3457 5443 3513 5488 ut
3562 5449 3686 5506 pro-

1042 5579 1065 5610 ⁶
1099 5577 1120 5632 l
1153 5578 1282 5634 Cor.
1314 5596 1392 5645 ιιι,
1427 5580 1512 5636 l7.

496 5715 576 5782 (2)
607 5712 787 5772 Uncis
816 5711 1026 5769 inclusa
1060 5727 1170 5769 non
1202 5723 1330 5771 sunt
1359 5715 1410 5770 iu
1437 5715 1625 5772 Graeco
1651 5714 1774 5771 cod.
1809 5713 2002 5774 Vienn.

495 5581 519 5613 ³
545 5579 704 5636 Joan.
737 5595 857 5646 ιιι,
877 5578 970 5636 24.
