4072 6156
1796 330 1886 386 DE
1930 332 2256 397 MORTUIS.

388 424 987 539 νέίξίσξξξιηεοτξῖααξιιυτ
1052 434 1170 539 ista
1239 439 1433 497 turbae.
1487 441 1669 502 Nolite
1731 451 2041 519 perturbari
2079 457 2417 529 rumoribus,
2476 464 2636 537 nugis
2685 484 2752 524 ne
2803 472 3151 539 morcamini,

3551 366 3659 425 ινδ

3204 473 3299 530 sed
3344 474 3655 544 nobiscum,

471 520 483 531 '
742 524 754 536 -
861 527 874 538 -
1063 530 1076 544 .
2403 520 2416 529 -
2554 520 2630 537 νυ
2686 520 2748 524 vv
2805 520 3151 539 ~——---w—------,
3204 520 3299 530 --ι-
3344 520 3655 544 "manu"...

388 536 796 633 ‘jf'ffﬁ'f‘ésfn
936 538 1190 633 (ξοηξιξξδει
1232 550 1425 633 Preces
1448 539 1515 595 ad
1543 539 1712 597 Deum
1744 546 1997 613 emittite,
2040 557 2100 605 ut
2134 554 2333 612 vestris
2379 558 2683 616 conﬁrmati
2725 565 3013 633 precibus,
3052 566 3302 624 dicamus
3339 570 3487 625 omni
3524 580 3656 627 tem-

388 613 769 729 ?ﬁreldw‘inis
799 619 973 729 apud
1003 625 1213 686 Viribus
1250 647 1266 686 ³
1302 629 1497 688 omnia
1523 649 1743 703 Ροηαηι
1780 640 1833 693 in
1869 639 2102 713 Christo,
2142 648 2235 718 qui
2278 665 2360 705 me
2390 613 2765 711 corroborat-2
2802 656 2902 713 Cui
2928 613 3099 729 gloria
3137 658 3192 714 in
3234 662 3434 717 sarcula
3483 613 3658 720 saecu-

390 704 592 762 lorum.
632 709 859 785 Amen]

456 889 479 919 ι
507 887 711 961 Philip.
749 863 844 961 ιν,’
862 894 952 952 r5.

413 1078 3644 1154 mm

1476 1252 1708 1345 ΤΟΥ
1794 1253 2171 1352 ΑΥΤΟΥ
2223 1264 2589 1357 ΛΟΓΟΣ

496 1426 696 1482 ΠΡΟΣ
744 1427 931 1483 ΤΟΥΣ
970 1430 1454 1491 ΠΕΝΘΟΥΝΤΔΣ
1507 1435 1635 1494 tam
1676 1441 1842 1496 T012
1876 1444 2026 1497 A110
2078 1442 2223 1501 ΤΟΥ
2258 1449 2636 1505 ΠΔΡΟΝΤΟΣ
2675 1452 2838 1509 ΒιοΥ
2873 1457 3067 1511 ΠΡΟΣ
3124 1458 3268 1513 ΤΟΝ
3306 1458 3552 1514 ΔΙΔΙΟΝ
3662 1430 3669 1439 ⁸

1707 1558 2326 1618 ΜΕΘῙΣΤΔΜΕΝΟΙΣ.

1482 1892 2022 1987 EJUSDEM
2067 1895 2529 1992 ORATIO

456 2075 602 2146 ροΔ
656 2074 918 2145 DOCET,
990 2075 1156 2136 NON
1208 2076 1396 2137 ESSE
1444 2078 1868 2141 DOLENDUM
1916 2085 2013 2144 OB
2060 2086 2320 2146 EORUM
2376 2088 2664 2148 OBITUM
2724 2088 2860 2161 QUI
2910 2087 3001 2148 ΙΝ
3067 2090 3256 2148 FIDE
3297 2093 3573 2155 OBDOR-

1821 2199 2198 2263 MIERUNT.

1579 2355 1733 2408 Petro
1755 2353 2021 2410 Francisco
2040 2359 2081 2409 Ζ
2085 2355 2163 2410 ina
2184 2357 2456 2424 interprete.

452 2652 517 2707 οι
540 2651 639 2723 τὴν
658 2648 961 2721 ἀναγκαίαν
994 2650 1093 2723 τῆς
1125 2650 1339 2721 φύσεως
1366 2653 1399 2723 ἡ
1409 2650 1527 2724 μῶν
1552 2651 1875 2709 ἀκολουθίαν
1907 2652 1962 2708 ὲν

2139 2650 2244 2720 Qui
2275 2651 2649 2708 necessarium
2695 2658 2905 2707 naturae
2933 2657 3138 2707 nostra
3193 2649 3447 2708 ordinem
3482 2652 3538 2707 in
3571 2651 3645 2709 iis

382 2746 496 2809 τοῖς
523 2743 757 2809 ἐξιοῦσιν
790 2742 896 2797 ἀπὸ
915 2741 1008 2797 τοῦ
1040 2742 1156 2814 βίου
1188 2744 1477 2816 συμφορὰν
1499 2742 1833 2814 ποιούμενοι,
1865 2743 1960 2798 καὶ

384 2832 848 2903 βαρυπενθυῦντες
872 2833 964 2886 ἐπὶ
986 2834 1100 2895 τοῖς
1128 2831 1543 2904 μεθισταμένοις
1576 2833 1686 2888 ἀπὸ
1711 2832 1805 2887 τοῦ
1831 2834 1960 2905 τῇδε

386 2925 502 2996 βίου
529 2922 669 2997 πρὸς
694 2924 787 2978 τὸν
818 2922 1002 2994 νοερὸν
1026 2924 1123 2978 καὶ
1154 2923 1465 2995 ἀσώματον,
1490 2923 1552 2978 ού
1593 2942 1686 2997 μοι
1713 2925 1960 2981 δοκοῦσιν

385 3014 721 3086 ἐπεσκέφθαι
751 3013 851 3087 τὴν
878 3013 1023 3086 ζωὴν
1052 3015 1208 3086 ἡμῶν
1232 3016 1355 3086 ητις
1382 3016 1548 3083 ἐστὶν,
1581 3016 1717 3070 ἀλλά
1751 3016 1814 3071 τὸ
1849 3016 1960 3071 τῶν

381 3107 595 3162 πολλῶν
640 3107 892 3179 πάσχειν,
916 3108 967 3161 οἳ
1017 3106 1107 3161 διά
1140 3124 1284 3171 τινος
1329 3108 1523 3178 ἀλόγου
1575 3109 1857 3180 συνηθείας
1898 3109 1961 3163 τὸ

384 3199 559 3272 παρὸν
583 3198 764 3264 αὐτοῖς
791 3198 867 3263 ὡς
882 3198 1047 3253 καλὸν
1062 3198 1369 3269 ἀγαπῶσιν,
1403 3194 1515 3252 οἷον
1538 3199 1583 3252 δ’
1607 3199 1673 3253 ἀν
1692 3199 1798 3269 εἴη.
1826 3200 1960 3254 Καί-

380 3309 465 3347 τοι
494 3310 558 3363 γε
578 3293 670 3348 τὸν
696 3292 837 3362 λόγῳ
865 3293 960 3347 καὶ⁸
990 3291 1198 3364 διανοίᾳ
1229 3292 1330 3362 τῆς
1355 3291 1550 3360 ἀλόγου
1592 3291 1804 3361 φύσεως
1827 3310 1959 3365 προ-

382 3384 734 3456 τεταγμένον,
767 3384 904 3455 πρὸς
924 3383 1079 3438 τοῦτο
1103 3383 1260 3452 μόνον
1285 3382 1387 3455 τὴν
1416 3383 1587 3455 ῥοπὴν
1615 3383 1758 3454 ἔχειν
1786 3400 1957 3455 προσ-

382 3475 548 3547 ῆκεν,
573 3476 641 3529 ἵν’
667 3476 695 3530 ὃ
719 3478 786 3547 τῇ
814 3475 908 3529 τοῦ
947 3474 1105 3544 λόγου
1131 3474 1309 3546 κρίσει
1349 3473 1515 3528 καλόν
1534 3491 1595 3528 τε
1624 3476 1716 3528 καὶ⁵
1743 3474 1959 3547 αἱρετὸν

382 3568 759 3639 ἀναφαίνεται,
794 3568 890 3623 καὶ
936 3567 1013 3639 μὴ
1041 3566 1198 3621 τοῦτο
1240 3566 1458 3630 πάντως
1501 3567 1790 3638 αἱρεῖσθαι,
1821 3568 1959 3639 ὅπερ

382 3663 450 3717 ἀν
488 3663 673 3726 αὐτοῖς
705 3662 771 3714 ὲκ
808 3659 1094 3731 συνηθείας
1135 3658 1278 3723 τινὸς
1324 3658 1420 3713 καὶ
1454 3658 1677 3732 ἀκρίτου
1706 3675 1958 3731 προσπα-

384 3753 536 3818 θείας
563 3754 660 3825 ἡδύ
693 3769 754 3807 τε
787 3751 881 3806 καὶ
915 3750 1254 3821 καταθύμιον
1281 3750 1550 3819 φαίνεται.
1582 3750 1672 3804 Διό
1704 3767 1794 3822 μοι
1814 3750 1961 3804 δοκεῖ

382 3844 563 3910 καλῶς
588 3845 734 3915 ἔχειν
765 3842 976 3914 ἐπινοίᾳ
1011 3842 1116 3897 τινὶ
1135 3842 1240 3912 τῆς
1264 3841 1399 3912 πρὸς
1422 3841 1483 3895 τὸ
1509 3840 1737 3913 σύνηθες
1761 3842 1960 3906 αὐτοὺς

382 3936 675 4000 διαθέσεως
704 3935 1135 4006 ἀποστήσαντας,
1169 3935 1520 4005 μεταγαγεῖν,
1547 3933 1624 3998 ὡς
1656 3933 1770 3987 ἐστι
1798 3933 1959 3989 δυνα-

2067 2744 2161 2816 qui
2189 2760 2222 2801 e
2282 2745 2396 2800 vita
2423 2743 2734 2807 discedunt,
2784 2743 3148 2801 calamitatem
3200 2744 3541 2809 existimant,
3588 2752 3645 2800 et

2064 2852 2160 2893 eos
2180 2836 2273 2907 qui
2297 2851 2362 2891 ex
2386 2834 2490 2891 boc
2520 2834 2727 2891 mundo
2746 2835 2980 2905 migrant
3001 2834 3068 2891 ad
3091 2834 3368 2891 caelestem
3387 2834 3642 2905 patriam,

2065 2926 2256 2983 dolore
2310 2935 2367 2981 et
2418 2926 2678 2998 lacrymis
2735 2935 3143 2998 prosequuntur
3166 2966 3183 2993 ,
3224 2940 3337 2982 non
3388 2923 3646 2981 videntur

2065 3019 2200 3074 mihi
2230 3018 2461 3089 hujusce
2502 3018 2627 3074 vitae
2652 3018 3021 3075 conditionem
3073 3017 3461 3075 considerasse
3486 3057 3502 3083 ,
3547 3018 3645 3075 sed

2065 3109 2143 3165 ita
2172 3109 2351 3167 δισσειὶ
2385 3124 2532 3177 esse,
2564 3117 2626 3163 ut
2644 3110 2892 3180 plerique
2915 3123 2948 3164 e
2992 3107 3178 3180 vulgo,
3211 3108 3307 3179 qui
3349 3120 3646 3165 consuetu-

2066 3202 2195 3260 dine
2235 3203 2473 3275 quadam
2531 3202 2754 3259 homine
2815 3201 3075 3274 indigna,
3121 3217 3463 3273 quaecunque
3535 3201 3645 3258 illis

2066 3295 2287 3364 adsunt,
2322 3302 2384 3350 ut
2414 3295 2559 3350 bona
2581 3294 2838 3366 diligunt,
2879 3294 3283 3366 qualiacunque
3327 3295 3459 3351 sint.
3493 3294 3645 3362 Quos

2066 3394 2251 3442 tamen
2277 3394 2338 3441 ut
2365 3387 2582 3444 ratione
2609 3386 3054 3458 cogitationeque
3095 3386 3312 3442 caeteris
3346 3386 3643 3443 animanti-

2063 3475 2169 3534 bus
2196 3487 2540 3550 praestantes,
2569 3477 2638 3533 ad
2674 3493 2739 3533 ea
2769 3484 2982 3533 tantum
3010 3491 3316 3548 pmpensos
3334 3494 3456 3535 esse
3479 3494 3645 3550 opor-

2064 3575 2226 3632 teret,
2246 3582 2370 3638 quae
2406 3566 2636 3622 rationis
2666 3565 2937 3636 judicium
2967 3565 3200 3623 honesta
3225 3567 3644 3638 expetendaque

2066 3666 2423 3730 proponeret,
2461 3673 2563 3714 nec
2598 3658 2693 3713 illa
2749 3671 2980 3727 prorsus
3028 3666 3301 3729 appetere,
3353 3674 3477 3730 qua:
3503 3672 3641 3714 con-

2066 3749 2383 3816 suetudine,
2413 3758 2468 3806 et
2494 3748 2903 3805 inconsiderata
2953 3747 3190 3819 quadam
3223 3747 3513 3805 ati‘ectione
3550 3748 3644 3819 ju-

2064 3842 2246 3897 cunda
2272 3855 2337 3897 ac
2368 3840 2560 3898 suavia
2599 3840 2877 3897 videntur.
2917 3839 3284 3908 Quamobrem
3312 3855 3492 3912 operae
3517 3856 3645 3912 pre-

2065 3936 2204 3992 tium
2234 3934 2368 3991 mihi
2424 3934 2615 3992 videor
2641 3949 2765 3992 esse
2808 3934 3079 4002 facturus,
3135 3933 3184 3991 si
3212 3947 3435 4005 operam
3475 3934 3640 4001 dabo,

384 4031 501 4098 τὸν,
542 4031 635 4085 ἐπὶ
663 4031 763 4102 τὴν
788 4028 995 4100 ἀμείνω
1020 4046 1081 4082 τε
1124 4028 1218 4083 καὶ
1260 4027 1575 4099 πρέπουσαν
1605 4030 1716 4092 τοῖς
1756 4027 1961 4097 λελογι-

2066 4035 2125 4082 υι
2161 4042 2258 4083 eos
2286 4027 2513 4083 liberem
2547 4026 2618 4081 ab
2675 4029 2780 4082 hoc
2811 4026 3091 4097 opinionis
3134 4040 3348 4093 errore,
3388 4040 3500 4101 quo
3546 4041 3642 4083 so-

389 4124 607 4196 σμένοις
625 4122 880 4176 διάνοιαν.
904 4119 1059 4175 Οὕτω
1080 4118 1188 4190 γὰρ
1213 4120 1279 4173 ἂν
1301 4118 1602 4190 ἐξορισθείη
1624 4119 1727 4188 τῆς
1755 4119 1964 4191 ἀνθρω-

385 4214 546 4285 πίνης
568 4211 715 4280 ζωῆς
734 4213 768 4283 ὴ
791 4208 1197 4281 σπουδαζομένη
1215 4207 1343 4279 περὶ
1357 4206 1425 4260 τά
1446 4207 1592 4277 πάθη
1614 4208 1726 4269 τοῖς
1751 4207 1963 4271 πολλοῖς

381 4306 599 4375 ἀλογία.
646 4305 686 4357 Γ
689 4305 857 4357 ἐνοιτο
884 4302 929 4356 δ’
968 4303 1035 4357 ἂν
1080 4303 1211 4374 ἡμῖν
1256 4299 1547 4364 ἀκόλουθος
1587 4302 1622 4373 ἡ
1669 4300 1764 4354 τοῦ
1802 4300 1961 4369 λόγου

387 4396 591 4469 σπουδὴ
639 4396 775 4467 πρὸς
804 4394 901 4467 τὴν
942 4391 1314 4464 προκειμένην
1359 4391 1637 4457 ὑπόθεσιν,
1672 4394 1722 4447 εί
1747 4392 1963 4464 πρῶτον

388 4488 489 4559 μὲν
508 4488 569 4541 τὸ
592 4484 805 4558 ἀληθῶς
824 4482 1046 4553 ἀγαθὸν,
1070 4476 1183 4535 οἶόν
1200 4484 1370 4545 ἐστιν,
1394 4480 1706 4551 ἐξετασθείη
1730 4497 1747 4514 ⁸
1772 4482 1964 4536 ἔπειτα

381 4581 442 4634 δὲ
465 4580 526 4632 τὸ
557 4578 687 4632 ῐδιον
716 4577 817 4648 τῆς
858 4577 920 4630 ὲν
957 4574 1170 4645 σώματι
1202 4573 1346 4645 ζωῆς
1379 4563 1757 4646 θεωρήσαιμεν
1777 4591 1791 4608 ·
1827 4574 1964 4645 πρὸς

382 4672 598 4735 ¹ιτούτοις
644 4670 703 4725 δὲ
751 4671 800 4722 εί
834 4668 923 4723 διὰ
973 4667 1309 4739 συγκρίσεως
1346 4666 1801 4737 ἀντιπαρατεθείη
1852 4668 1964 4729 τοῖς

385 4761 623 4833 παροῦσι
637 4759 708 4815 τὰ
738 4760 804 4813 δι’
835 4759 1048 4823 ἐλπίδος
1071 4761 1202 4830 ἡμῖν
1224 4757 1578 4828 ἀποκείμενα.
1596 4757 1751 4812 Οὕτω
1769 4757 1878 4829 γὰρ
1898 4757 1965 4812 ἂν

384 4847 642 4918 προέλθοι
666 4846 803 4917 πρὸς
831 4844 923 4899 τὸν
951 4846 1151 4899 σκοπὸν
1179 4845 1274 4899 τοῦ
1310 4846 1466 4914 λόγου
1502 4848 1536 4917 ἡ
1573 4846 1795 4918 θεωρία,
1821 4846 1965 4901 ὥστε

388 4936 753 5008 μετατεθῆναι
794 4935 905 4990 τῶν
934 4935 1144 4989 πολλῶν
1187 4936 1295 4989 ἀπὸ
1349 4936 1442 4990 τοῦ
1474 4929 1734 5008 συνήθους
1769 4937 1861 4992 ἐπὶ
1904 4937 1966 4991 τὸ

388 5027 554 5083 καλὸν
586 5027 685 5100 τὴν
728 5027 983 5081 διάνοιαν.
1025 5027 1241 5098 Ἐπειδὴ
1293 5028 1402 5098 γὰρ
1443 5030 1608 5083 πᾶσιν
1660 5028 1965 5100 ἀνθρώποις

387 5120 595 5191 φυσική
626 5136 711 5183 τις
742 5119 878 5191 πρὸς
910 5118 969 5173 τὸ
998 5118 1161 5173 καλὸν
1198 5120 1439 5187 ἔγκειται
1475 5120 1676 5190 σχέσις,
1710 5122 1801 5174 καὶ
1829 5121 1965 5191 πρὸς

389 5213 551 5268 τοῦτο
574 5214 804 5268 κινεῖται
842 5214 993 5266 πᾶσα
1032 5212 1368 5284 προαίρεσις,
1394 5212 1485 5267 τὸν
1506 5212 1601 5267 τοῦ
1640 5214 1807 5268 καλοῦ
1838 5231 1966 5269 σκο·ο

391 5305 493 5359 πὸν
520 5305 704 5376 πάσης
724 5307 822 5376 τῆς
844 5304 986 5359 κατὰ
1011 5304 1102 5358 τὸν
1128 5303 1241 5375 βίον
1267 5305 1500 5375 σπουδῆς
1528 5306 1963 5378 προϐαλλομένη·

388 5396 579 5451 τούτου
637 5396 796 5468 χάριν
826 5399 860 5468 ἡ
907 5395 1035 5467 περὶ
1065 5395 1127 5448 τὸ
1174 5394 1343 5459 ὅντως
1398 5397 1559 5451 καλὸν
1598 5398 1842 5470 ἀκρισία,
1896 5399 1966 5453 τὰ

308 5554 313 5564 ί
390 5488 566 5542 πολλά
594 5488 702 5542 τῶν
728 5486 1189 5560 ἁμαρτανομένων
1217 5486 1403 5540 εἴωθεν
1429 5487 1835 5560 ἐξεργάζεσθαι.
1880 5490 1966 5556 Ὦς

303 5579 351 5631 εί
388 5582 443 5635 εῑ
472 5597 537 5649 γε
573 5579 837 5654 πρόδηλον
865 5582 1027 5634 πᾶσιν
1053 5577 1122 5651 ἦν
1155 5578 1215 5633 τὸ
1246 5578 1459 5649 ἀληθῶς
1500 5581 1725 5650 ἀγαθὸν,
1764 5582 1865 5636 οὐκ
1899 5582 1966 5637 ἂν

391 5670 604 5723 ἐκείνου
631 5669 760 5722 ποτὲ
780 5669 1170 5742 διημάρτομεν,
1191 5660 1237 5737 ᾦ
1262 5668 1421 5739 φύσις
1440 5672 1472 5740 ἡ
1494 5670 1765 5741 ἀγαθότης
1794 5674 1960 5727 ἐστίν’

390 5761 499 5818 οὐδ’
530 5762 598 5817 ἀν
628 5761 889 5827 ἑκουσίως
918 5764 983 5833 τῇ
1012 5761 1119 5817 τῶν
1141 5760 1325 5817 κακῶν
1352 5763 1756 5838 συνηνέχθημεν
1779 5766 1963 5841 πείρᾳ,

2063 4120 2146 4174 Ιίιί
2179 4126 2309 4175 sunt
2334 4118 2665 4190 perturbari,
2693 4125 2749 4174 et
2776 4118 2845 4174 ad
2870 4118 3150 4175 meliorem
3183 4118 3512 4191 homineque
3558 4118 3642 4173 di-
3684 4134 3685 4137 η

2062 4210 2308 4282 gniorem
2339 4208 2725 4281 cogitationem
2752 4222 2853 4278 pro
2899 4208 3112 4263 viribus
3142 4208 3451 4264 traducam.
3485 4207 3642 4275 Quod

2063 4302 2285 4374 quidem
2313 4301 2363 4359 si
2391 4300 2601 4357 erimus
2643 4300 2911 4365 assecuti,
2973 4300 3327 4356 temerarium
3386 4299 3520 4355 illud
3545 4299 3638 4355 do-

2064 4395 2209 4452 lendi
2244 4393 2623 4463 manendique
2650 4391 2930 4457 studium,
2992 4407 3106 4463 quo
3172 4392 3327 4448 multi
3363 4399 3639 4460 tenentur,

2064 4502 2133 4541 ex
2168 4485 2454 4541 hominum
2504 4483 2617 4539 vita
2649 4482 2979 4555 depelletur.
3029 4484 3203 4540 Recte
3252 4490 3436 4538 autem
3480 4493 3642 4553 atque

2063 4576 2255 4633 ordine
2273 4575 2419 4647 quod
2434 4574 2844 4646 proposuimus,
2864 4589 3278 4645 persequemur,
3304 4574 3351 4629 si
3382 4573 3640 4644 primum,

2064 4668 2197 4740 quid
2226 4683 2355 4725 vere
2377 4668 2449 4724 sit
2467 4668 2695 4734 bonum,
2725 4667 3117 4738 exquiremus;
3146 4665 3342 4722 deinde
3364 4666 3640 4737 propriam

2063 4760 2208 4827 vitae,
2239 4775 2405 4831 quam
2432 4759 2488 4814 in
2516 4773 2746 4829 corpore
2781 4757 3017 4827 agimus,
3051 4756 3422 4813 conditionem
3457 4758 3643 4814 consi-

2064 4851 2414 4920 derabimus;
2471 4859 2749 4922 postremo
2808 4864 2898 4905 res
2933 4856 3237 4921 praesentes
3292 4845 3643 4905 conferemus

2063 4960 2190 4999 cum
2236 4944 2307 5001 iis
2358 4958 2497 5017 quas
2542 4958 2639 5013 per
2692 4957 2844 5014 spem
2898 4943 3057 4999 nobis
3087 4940 3399 4998 reconditas
3451 4955 3644 5012 exspe-

2065 5042 2301 5090 ctamus.
2326 5033 2420 5088 Sic
2447 5032 2593 5088 enim
2624 5032 2922 5102 disputatio
2975 5033 3140 5089 linem
3184 5032 3526 5104 propositum
3552 5046 3642 5088 as-

2067 5134 2346 5194 sequetur,
2376 5130 2437 5177 ut
2463 5122 2758 5177 multorum
2800 5122 2971 5177 animi
3020 5123 3092 5179 ab
3132 5122 3387 5193 opinione
3427 5122 3641 5191 vulgari

2066 5215 2137 5270 ad
2194 5222 2402 5270 rectam
2452 5211 2522 5269 de
2563 5227 2694 5268 vero
2743 5212 2890 5267 bono
2944 5212 3271 5268 sententiam
3338 5212 3641 5267 traducan.

2068 5317 2178 5363 tur.
2246 5304 2385 5359 Nam
2453 5318 2581 5359 cum
2646 5302 2904 5357 omnibus
2964 5302 3281 5358 hominibus
3334 5303 3499 5359 insita
3570 5304 3643 5359 sit

2066 5396 2334 5453 naturalis
2382 5394 2630 5466 quaedam
2688 5391 2757 5447 ad
2823 5391 3026 5447 bonum
3084 5394 3403 5463 pr0pensio,
3462 5394 3530 5451 ad
3575 5396 3640 5450 il-

2065 5490 2269 5559 ludque
2312 5486 2756 5558 consequendum
2816 5499 3031 5555 semper
3082 5484 3233 5539 omni
3280 5484 3462 5541 studio
3509 5502 3638 5543 con-

2068 5583 2314 5648 tendant,
2348 5581 2409 5636 lit
2450 5586 2512 5635 ut
2546 5594 2612 5634 ex
2662 5579 2777 5633 veri
2804 5576 2934 5632 boni
2977 5576 3286 5647 ignorantia
3313 5576 3496 5632 omnia
3529 5576 3642 5633 fere

2050 5650 2293 5745 .peccata
2320 5674 2686 5730 committant.
2715 5670 2870 5739 Quod
2912 5669 2960 5726 si
2986 5670 3173 5725 cuncti
3206 5685 3395 5725 verum
3437 5670 3640 5724 bonum

2068 5775 2416 5841 perspectum
2436 5774 2493 5825 ct
2533 5766 2810 5837 cognitum
2848 5764 3128 5834 baberent,
3159 5775 3438 5835 nunquam
3463 5759 3533 5814 ab
3553 5772 3640 5820 eo,
