4072 6156
410 323 515 379 499
1628 316 1687 372 S.
1729 311 2060 371 GREGORII
2093 309 2393 368 NYSSENI
3569 308 3672 365 500

411 443 468 497 in
507 453 617 510 quo
644 446 842 495 natura
889 437 1191 494 bonitatem
1234 436 1395 493 sitam
1422 450 1546 492 esse
1576 435 1808 499 scirent,
1836 435 1986 490 aber‘

2099 432 2256 503 εῐπερ
2309 430 2384 502 μὴ
2426 427 2812 501 ὲπεκέχρωστο
2852 427 2922 482 τά
2943 433 2948 438 ’
2972 428 3276 513 πράγματα
3319 428 3680 505 διεψευσμένῃ

410 541 622 598 rantes,
646 532 825 596 malis,
865 545 986 601 quae
1017 529 1213 586 falsam
1240 529 1373 585 boni
1405 529 1644 600 speciem
1678 542 1791 599 prae
1817 542 1878 583 se
1916 526 1986 582 i‘e-

2093 523 2202 578 τινὶ
2224 521 2316 576 τοῦ
2344 520 2510 576 καλοῦ
2541 520 2832 593 φαντασίᾳ.
2857 519 3068 576 Οὐκοῦν
3093 520 3201 591 πρὸ
3227 521 3444 576 πάντων
3475 520 3680 578 τούτων

411 634 567 693 runt,
612 623 940 695 experiendo
974 622 1121 678 ultro
1150 637 1273 679 sese
1300 623 1671 692 implicarent.
1716 619 1776 674 ιιι
1803 617 1986 691 primis

2095 613 2174 684 τῷ
2195 613 2341 685 λόγῳ
2364 615 2810 684 κατανοήσωμεν,
2842 612 2894 668 τί
2919 613 2981 666 τὸ
3005 611 3223 684 ἀληθῶς
3251 613 3476 683 ἀγαθὸν,
3511 615 3590 680 ὡς
3615 617 3682 672 ἂν

411 720 579 791 igitur
609 717 709 771 hac
740 715 1010 780 oratione,
1042 714 1173 785 quid
1200 729 1326 770 vere
1363 714 1568 769 bonum
1607 712 1700 778 sit,
1757 711 1996 781 explice-

410 823 566 874 mus;
601 822 668 861 ne
727 805 879 860 illius
906 805 1126 860 inscitia
1158 805 1362 859 malum
1395 817 1640 874 unquam
1691 817 1793 872 pro
1849 801 1994 856 bono

410 897 859 968 complectamur.
898 896 1122 967 Oportet
1153 895 1298 951 enim
1356 895 1542 962 illius,
1601 892 1746 963 quod
1789 891 1993 962 quaeri-

410 1003 554 1053 mus,
590 987 961 1042 deﬁnitionem
995 1001 1060 1040 ac
1080 985 1507 1055 descriptionem
1545 983 1834 1054 quamdam
1863 997 1992 1052 pro-

410 1079 562 1150 poni,
591 1079 751 1148 cujus
787 1085 1046 1148 tanquam
1089 1076 1297 1131 indicio
1341 1085 1456 1130 tuta
1488 1075 1603 1131 veri
1638 1074 1768 1129 boni
1795 1073 1868 1129 sit
1891 1087 1991 1128 no-

2098 703 2174 776 μὴ
2196 707 2262 776 τῇ
2311 704 2440 775 περὶ
2468 704 2656 758 τούτου
2699 703 2874 775 πλάνῃ
2916 704 3276 778 σπουδασθείη
3305 708 3437 760 ποτὲ
3462 706 3525 760 τὸ
3564 711 3680 778 χεῖ-

2097 816 2190 870 ρον
2212 799 2334 853 ἀντὶ
2356 797 2451 854 τοῦ
2480 798 2806 870 κρείττονος.
2835 799 2982 869 Φημὶ
3002 801 3180 854 τοίνυν
3203 800 3401 872 χρῆναι
3428 801 3679 875 καθάπερ

2092 889 2322 960 ὁρισμόν
2351 907 2470 944 τινα
2497 890 2590 943 καὶ
2613 890 2935 960 χαρακτῆρα
2959 889 3052 943 τοῦ
3081 884 3412 961 ζητουμένου
3440 896 3678 963 προϋπο-

2094 980 2284 1034 θέσθαι
2314 980 2392 1051 τῷ
2412 981 2574 1052 λόγῳ,
2593 980 2660 1034 δι’
2691 973 2752 1034 οὗ
2774 980 2969 1048 γένοιτ’
3004 981 3070 1034 ἂν
3099 982 3229 1051 ἡμῖν
3246 982 3492 1053 ἀσφαλὴς
3525 985 3558 1054 ὴ
3584 985 3678 1038 τοῦ

2092 1072 2260 1127 καλοῦ
2290 1074 2637 1144 κατανόησις.
2668 1074 2766 1136 Τίς
2791 1069 2884 1127 οὖν
2910 1075 2939 1127 ὁ
2967 1073 3250 1145 χαρακτὴρ
3282 1076 3380 1146 τῆς
3420 1075 3678 1148 ἀληθινῆς

409 1171 498 1227 bis
526 1169 901 1240 investigatio.
927 1167 1152 1238 Ecquod
1189 1176 1369 1223 autem
1425 1167 1529 1223 erit
1579 1166 1844 1220 indicium
1877 1165 1986 1219 veri

2092 1165 2466 1248 ἀγαθότητοςς
2504 1166 2577 1218 Τὸ
2603 1166 2677 1238 μὴ
2704 1165 2863 1236 μόνον
2890 1166 3028 1238 πρός
3051 1183 3103 1219 τι
3128 1166 3189 1220 τὸ
3209 1166 3487 1238 ὠφέλιμον
3515 1167 3678 1239 ἔχειν,

407 1262 572 1319 boni?
596 1262 732 1317 Illud
759 1260 1036 1324 nimirum,
1058 1275 1176 1314 mca
1199 1258 1416 1329 quidem
1443 1257 1742 1324 sententia,
1764 1263 1822 1313 ut
1843 1251 1986 1327 quOd

2093 1256 2227 1328 μηδὲ
2253 1257 2392 1312 κατὰ
2415 1256 2637 1327 καιρούς
2656 1275 2829 1322 τινας,
2854 1257 2887 1328 ἢ
2911 1257 3188 1326 ἐπωφελὲς
3211 1258 3243 1328 ἦ
3264 1258 3536 1329 ἄχρηστον
3558 1261 3677 1329 φαί-

411 1369 519 1408 non
546 1351 612 1406 ad
640 1365 802 1405 unam
828 1357 1039 1403 tantum
1100 1349 1341 1421 aliquam
1395 1364 1510 1403 rem
1563 1349 1776 1412 utilem,
1814 1363 1986 1418 neque

2095 1346 2303 1400 νεσθαι·
2342 1347 2476 1418 μηδὲ
2502 1348 2608 1401 τινὶ
2641 1347 2737 1418 μὲν
2761 1343 2899 1401 εἶναι
2937 1348 3122 1415 καλὸν,
3148 1349 3318 1420 ἑτέρῳ
3351 1349 3408 1403 δὲ
3432 1351 3491 1403 οὑ
3513 1351 3676 1405 τοιοῦ-

410 1443 554 1515 quod
586 1442 698 1498 alio
730 1451 970 1512 tempore
999 1441 1368 1504 commodum,
1402 1439 1509 1495 alio
1557 1437 1986 1505 incommodum,

2087 1453 2198 1491 τον’
2227 1437 2344 1490 ἀλλ’
2383 1438 2519 1507 ὅπερ
2559 1439 2652 1492 καὶ
2692 1439 2780 1506 ἐφ’
2811 1438 3006 1492 ἑαυτοῦ
3046 1439 3189 1493 κατὰ
3221 1439 3318 1511 τὴν
3360 1440 3495 1494 ἰδίαν
3517 1442 3677 1508 φύσιν

409 1551 590 1606 neque
627 1534 776 1605 quod
827 1534 902 1588 ita
950 1533 1185 1602 cuipiam
1217 1531 1410 1602 prosit,
1466 1541 1527 1586 ut
1559 1531 1649 1585 alii
1697 1531 1862 1598 obsit,
1890 1530 1986 1587 sed

2087 1527 2206 1581 ἐστὶ
2245 1528 2439 1595 καλὸν,
2486 1529 2578 1582 καὶ
2609 1530 2804 1595 παντὶ,
2834 1530 2927 1584 καὶ
2969 1530 3200 1584 πάντοτε
3239 1531 3500 1597 ὡσαύτως
3538 1533 3674 1603 ἔχει,

411 1629 556 1700 quod
587 1636 640 1684 et
667 1642 765 1698 per
799 1642 858 1682 se
884 1641 947 1680 ac
979 1627 1198 1696 propria
1241 1632 1437 1679 natura
1477 1638 1596 1688 sua,
1639 1630 1693 1677 et
1732 1623 1986 1678 omnibus

2087 1611 2238 1680 οὗτός
2265 1619 2380 1671 ἐστι
2399 1659 2413 1686 ,
2444 1619 2586 1672 κατά
2618 1635 2683 1686 γε
2716 1618 2815 1690 τὴν
2843 1618 2982 1690 ἐμὴν
3009 1620 3212 1690 κρίσιν,
3251 1622 3351 1691 τῆς
3378 1621 3472 1674 τοῦ
3507 1623 3675 1676 καλοῦ

409 1729 466 1777 et
521 1735 738 1791 semper
797 1719 1000 1774 bonum
1045 1718 1136 1784 sit,
1170 1716 1224 1771 id
1293 1715 1411 1771 sine
1473 1716 1580 1769 ulla
1645 1715 1986 1770 dubitatione

2087 1708 2320 1778 κρίσεως
2342 1709 2370 1760 ὁ
2396 1707 2682 1779 χαρακτὴρ
2701 1707 2942 1781 ἀπλανὴς
2969 1726 3028 1762 τε
3050 1709 3145 1762 καὶ
3171 1709 3455 1779 ἀψευστος.
3479 1713 3543 1765 Ὃ
3564 1713 3676 1785 γὰρ

407 1825 597 1867 verum
646 1811 848 1865 bonum
905 1824 1029 1864 esse
1075 1808 1405 1878 judicemus.
1463 1805 1618 1872 Quod
1679 1806 1824 1861 enim
1887 1821 1986 1862 nec

2093 1797 2227 1867 μήτε
2252 1798 2407 1860 πᾶσι,
2441 1799 2581 1868 μήτε
2623 1798 2875 1866 πάντοτε,
2910 1800 3045 1869 μήτε
3085 1800 3168 1869 ἐφ’
3205 1800 3399 1854 ἑαυτοῦ
3425 1801 3546 1873 δίχα
3575 1803 3678 1874 τῆς

408 1903 683 1967 omnibus,
716 1917 818 1958 nec
856 1915 1089 1970 semper,
1126 1914 1226 1953 nec
1251 1915 1346 1968 per
1376 1913 1434 1953 se
1473 1898 1590 1954 sine
1626 1898 1734 1952 ulla
1765 1903 1990 1954 externa

410 1993 635 2047 alterius
658 1991 1008 2060 adjunctione
1034 1991 1236 2045 bonum
1273 1997 1377 2055 est,
1412 1990 1632 2059 proprie
1673 1989 1800 2044 boni
1830 1996 1988 2044 natu-

407 2099 524 2139 ram
556 2099 662 2138 non
694 2083 879 2137 habet.
913 2081 1278 2148 Quamobrem
1307 2082 1463 2136 multi
1516 2081 1698 2137 minus
1734 2080 1990 2136 conside-

411 2185 529 2231 rate
579 2189 666 2229 res
710 2173 1086 2243 explorantes,
1125 2172 1181 2226 itt
1212 2171 1510 2227 elementis
1542 2171 1729 2226 mundi
1785 2172 1987 2227 bonum

409 2265 551 2321 falso
573 2279 694 2321 esse
728 2273 856 2320 sunt
916 2263 1210 2333 suspicati;
1247 2263 1295 2318 si
1340 2261 1467 2332 quis
1509 2262 1652 2318 enim
1697 2261 1991 2333 diligenter

410 2342 742 2416 consideret,
770 2354 981 2409 nullum
1013 2368 1204 2409 eorum
1240 2368 1338 2408 nec
1369 2369 1465 2424 per
1503 2368 1583 2420 se,
1615 2368 1718 2409 nec
1748 2369 1984 2424 semper,

409 2465 514 2505 nec
543 2449 798 2504 omnibus
851 2448 1056 2501 bonum
1103 2446 1362 2501 inveniet.
1393 2445 1528 2500 Nam
1561 2446 1711 2514 quod
1764 2447 1819 2502 in
1845 2463 1987 2502 uno-

409 2556 628 2612 quoque
655 2554 846 2595 eorum
875 2538 1009 2592 utile
1035 2544 1158 2616 eest,
1209 2538 1546 2592 contrarium
1573 2539 1780 2610 aliquid
1815 2540 1988 2594 admi-

408 2641 552 2687 stum
588 2632 772 2687 habet.
799 2630 868 2686 Ut
897 2644 1036 2699 aqua
1060 2629 1318 2686 salutaris
1347 2630 1569 2700 quidem
1601 2641 1688 2687 est
1741 2634 1988 2689 animan-

410 2723 556 2776 tibus
587 2722 640 2775 in
673 2720 792 2790 ipsa
819 2721 1164 2790 degentibus,
1215 2720 1528 2789 perniciosa
1579 2730 1762 2778 autem
1813 2724 1988 2780 rnedi-

408 2810 697 2874 terraneis,
723 2809 770 2865 si
796 2809 1203 2879 demergantur.
1226 2809 1336 2865 Aer
1359 2822 1550 2866 contra
1569 2811 1624 2866 in
1645 2812 1766 2882 ipso
1793 2824 1990 2870 natura

408 2902 724 2957 viventibus
778 2899 1043 2970 prodest,
1089 2899 1427 2969 aquatilibus
1481 2911 1661 2958 autem
1710 2904 1766 2958 in
1793 2919 1860 2961 eo
1887 2921 1986 2961 ex-

409 2994 607 3066 positis
641 2991 872 3047 exitium
903 2991 1080 3046 aﬂert.
1113 2991 1206 3046 Sic
1249 2992 1413 3046 etiam
1449 2993 1595 3063 ignis
1621 2996 1858 3066 aliquem
1889 3013 1990 3055 no-

409 3085 497 3140 bis
533 3098 692 3138 usum
740 3081 967 3152 prabet,
995 3081 1092 3136 sed
1150 3081 1311 3152 longe
1345 3082 1503 3152 plura
1550 3084 1759 3141 invehit
1809 3087 1985 3145 detri-

2091 1883 2288 1950 ἔξωθεν
2317 1888 2689 1960 περιστάσεως
2715 1890 2830 1942 ἐστι
2863 1889 3046 1956 καλὸν,
3069 1891 3170 1944 οὑκ
3195 1891 3261 1945 ἂν
3291 1894 3494 1964 κυρίως
3517 1897 3574 1948 ὲν
3606 1899 3674 1968 τῇ

2089 1976 2182 2030 τοῦ
2214 1977 2380 2031 καλοῦ
2422 1979 2658 2050 κρίνοιτο
2695 1980 2875 2049 φύσει.
2907 1981 3109 2055 Διόπερ
3150 1983 3336 2037 πολλοὶ
3367 1985 3476 2040 τῶν
3520 1986 3677 2053 ἀνεξ-

2089 2069 2330 2133 ετάστως
2354 2072 2726 2142 προσεχόντων
2753 2075 2866 2137 τοῖς
2893 2069 3064 2138 οὖσιν,
3101 2077 3158 2131 ὲν
3189 2079 3303 2142 τοῖς
3346 2079 3437 2132 τοῦ
3466 2081 3674 2151 κόσμου

2092 2163 2378 2234 στοιχείοις
2429 2161 2659 2219 εἶναιτὸ
2707 2166 2870 2220 καλὸν
2917 2168 3366 2241 ὲφαντάσθησαψ
3413 2165 3488 2226 ὧν
3519 2173 3676 2228 οὐδὲν

2089 2253 2239 2324 εὖροι
2271 2274 2352 2320 τις
2371 2255 2436 2309 ἂν
2458 2256 2779 2323 διεξετάζων
2805 2262 2897 2313 καὶ¹
2925 2261 3010 2330 ἐφ’
3041 2262 3258 2328 ἑαυτοῦ,
3287 2265 3380 2318 καὶ
3419 2266 3670 2330 πάντοτε,

2089 2343 2184 2397 καὶ
2213 2346 2374 2397 παντὶ
2397 2345 2560 2399 καλὸν
2595 2348 3000 2421 εὑρισκόμενον.
3037 2351 3312 2424 Μέμικται
3343 2354 3455 2428 γάρ
3485 2355 3563 2427 τῷ
3584 2356 3671 2427 ἐφ’

2090 2435 2323 2488 ἑκάστου
2371 2435 2575 2490 τούτων
2609 2440 2887 2512 χρησίμῳ,
2921 2442 3014 2496 καὶ
3059 2445 3091 2515 ἠ
3140 2443 3277 2516 πρὸς
3321 2446 3383 2500 τὸ
3428 2447 3674 2502 ἐναντίον

2089 2527 2355 2596 ἐνέργεια.
2400 2524 2548 2594 Οἷον,
2583 2531 2644 2584 τὸ
2665 2531 2810 2602 ὕδωρ
2853 2535 3115 2606 σωτήριον
3150 2535 3248 2608 μὲν
3277 2541 3391 2603 τοῖς
3425 2541 3482 2594 ὲν
3522 2540 3674 2612 αὑτῷ

2087 2622 2440 2692 τρεφομένοις
2471 2624 2638 2683 ἐστὶν.
2663 2625 2904 2696 ὀλέθριον
2924 2627 2982 2681 δὲ
3010 2631 3124 2692 τοῖς
3155 2631 3453 2701 χερσαίοις,
3482 2635 3530 2686 εί
3553 2634 3674 2688 ἑπι-

2088 2711 2355 2799 κλύσειεν.
2398 2715 2671 2780 Ὡσαύτως
2709 2716 2768 2771 δὲ
2799 2719 2894 2772 καὶ
2931 2720 2959 2772 ὁ
2985 2719 3114 2791 ἀὴρ,
3156 2724 3268 2786 τοῖς
3303 2723 3404 2793 μὲν
3431 2724 3489 2778 ὲν
3521 2725 3673 2799 αὑτῷ

2090 2798 2191 2872 ζῇν
2238 2803 2559 2872 πεφυκόσιν,
2593 2806 2710 2860 ἐστὶ
2761 2807 3049 2878 σωτήριος,
3088 2811 3202 2873 τοῖς
3246 2809 3304 2863 δὲ
3333 2810 3422 2865 τὸν
3453 2798 3673 2885 ἔνυδρον

2088 2893 2327 2965 είληχόσι
2367 2894 2504 2966 βίον,
2559 2895 2858 2968 φθαρτικδς
2906 2899 3221 2971 εὑρίσκεται
3269 2903 3363 2957 καὶ
3410 2903 3669 2974 ὀλέθριος,

2087 2985 2214 3041 ὅταν
2243 2989 2300 3041 ὲν
2321 2987 2467 3059 αὐτῷ
2495 3005 2579 3053 τις
2606 2989 2831 3062 γένηται
2860 2991 2970 3047 τῶν
2991 2993 3358 3068 ὑποϐρυχίων.
3394 2994 3551 3049 Οὕτω
3576 2996 3671 3050 καὶ

2087 3078 2149 3131 τὸ
2176 3077 2289 3149 πῦρ
2323 3079 2460 3149 πρός
2493 3097 2547 3134 τι
2581 3083 2850 3154 χρήσιμον
2879 3085 3011 3154 ἡμῖν
3039 3085 3342 3157 γινόμενον,
3374 3087 3671 3158 φθαρτικόν

407 3184 614 3231 menta.
642 3136 986 3243 Quid?quod
1017 3187 1084 3228 ne
1111 3171 1228 3242 ipse
1275 3173 1510 3243 quidem,
1546 3177 1627 3232 sol
1669 3180 1978 3247 utentibus,

2090 3172 2208 3224 ἐστι
2236 3136 2348 3236 τοῖς
2369 3136 2630 3251 ’πλείοσῖί
2665 3136 2777 3230 ίίαλ.
2805 3136 3062 3232 *δέ

409 3268 610 3338 ubique
669 3273 764 3321 aut
809 3281 1070 3335 semper,
1125 3275 1217 3321 aut
1286 3267 1344 3322 in
1403 3269 1658 3326 omnibus
1710 3272 1980 3341 prodest:

408 3359 610 3430 quippe
638 3358 806 3429 quiet
837 3358 1006 3412 nimio
1040 3374 1436 3430 nonnunquam
1465 3360 1665 3417 ardore
1699 3364 1986 3420 vehemen-

409 3455 492 3502 ter
522 3455 740 3513 noceat,
772 3457 848 3512 et,
885 3462 1006 3518 quae
1061 3447 1168 3503 sibi
1203 3449 1420 3519 objecta
1472 3459 1621 3517 sunt,
1664 3452 1990 3510 immodera-

410 3539 517 3595 tius
545 3540 806 3606 exsiccet,
831 3546 885 3595 et
915 3539 1231 3594 morborum
1285 3556 1530 3611 persmpe
1590 3557 1757 3600 causa
1811 3545 1901 3607 sit,
1935 3554 1990 3600 et

407 3632 783 3704 lippientibus,
826 3641 990 3703 atque
1028 3633 1205 3688 oculis
1233 3633 1695 3693 imbecillioribus
1757 3636 1987 3706 ofﬁciat,

406 3733 460 3779 et
492 3740 556 3779 ex
581 3724 928 3780 humidorum
960 3726 1316 3796 corruptione
1338 3727 1538 3784 damna
1565 3730 1988 3804 molestiamque

407 3817 716 3872 viventibus
751 3818 1034 3887 importet.

483 4075 739 4143 Proinde,
791 4080 1250 4150 quemadmodum
1285 4083 1548 4151 diximus,
1602 4087 1658 4143 id
1712 4089 1888 4145 solum
1918 4105 1986 4147 ex

410 4174 666 4230 omnibus
688 4173 894 4228 bonum
929 4183 1143 4243 oportet
1198 4175 1540 4242 existimare,
1567 4179 1714 4250 quod
1771 4197 1990 4253 semper

409 4275 462 4322 et
513 4265 772 4322 omnibus
822 4281 976 4336 atque
999 4267 1219 4324 exhibet
1269 4275 1522 4328 naturam
1551 4271 1701 4338 boni,
1751 4289 1853 4330 nec
1887 4289 1987 4345 pro

407 4360 620 4414 ratione
652 4373 840 4441 eorum
872 4374 992 4430 quas
1023 4361 1378 4418 extrinsecus
1399 4363 1757 4432 objiciuntur,
1788 4365 1988 4421 immu-

2089 3261 2176 3327 ἂν,
2208 3261 2330 3317 οὔτε
2359 3248 2540 3332 παντί,
2565 3266 2691 3322 οὔτε
2720 3269 2971 3334 πάντοτε,
2995 3269 3117 3324 οὔτε
3141 3248 3284 3325 κατὰ
3310 3248 3486 3326 πάντα
3509 3271 3670 3326 καλὸν

2088 3358 2199 3419 τοῖς
2229 3356 2567 3428 μετέχουσιν.
2595 3359 2751 3412 Ἔστι
2777 3358 2887 3432 γὰρ
2907 3361 2964 3413 ὲν
2990 3355 3070 3425 οἷς
3100 3362 3197 3416 καὶ
3228 3362 3436 3435 σφόδρα
3463 3362 3670 3434 γίνεται

2090 3445 2406 3516 βλαπτικδς,
2438 3449 2718 3520 ὑπερζέων
2742 3468 2800 3504 τε
2829 3450 2925 3505 τοῦ
2958 3453 3291 3523 καθήκοντος
3328 3455 3549 3528 μέτρου,
3575 3454 3670 3509 καὶ

2091 3538 2360 3609 ξηραίνων
2392 3541 2450 3594 ὲν
2479 3541 2720 3614 ἀμετρίᾳ
2764 3542 2825 3596 τὸ
2868 3543 3249 3616 ὑποκείμενον,
3278 3547 3372 3600 καὶ
3416 3545 3669 3611 νοσώδεις

2087 3630 2266 3694 αίτίας
2300 3631 2562 3696 πολλάκις
2593 3631 3042 3704 ἐξεργαζόμενος,
3077 3636 3302 3700 καὶτοῖς
3333 3636 3668 3707 ἐμπαθεστέ-

2090 3740 2206 3794 ροις
2236 3723 2344 3778 τῶν
2393 3724 2690 3796 ὀφθαλμῶν
2745 3728 3183 3800 προσεπιτρίᾶυν
3223 3729 3321 3802 τὴν
3366 3731 3538 3796 νόσον,
3574 3732 3669 3786 καὶ

2086 3817 2173 3871 διὰ
2195 3817 2293 3886 τῆς
2323 3817 2538 3888 σήψεως
2567 3818 2674 3872 τῶν
2699 3818 2902 3890 ὑγρῶν,
2931 3820 3172 3892 βλαϐερά
3190 3839 3248 3876 τε
3271 3823 3364 3876 καὶ
3387 3823 3525 3894 ἀηδῆ
3549 3842 3668 3878 τινα

2087 3907 2370 3978 ζωογονῶν
2419 3910 2477 3963 ὲν
2514 3912 2581 3982 τῇ
2632 3911 3056 3989 κατεφθαρμένῃ
3107 3913 3217 3968 τῶν
3257 3915 3442 3988 ὑγρῶν
3493 3933 3667 3988 σηπε-

2087 4000 2219 4056 δόνι.

2158 4093 2385 4159 Οὑκοῦν,
2412 4095 2594 4160 καθὼς
2615 4096 2847 4167 εἴρηται,
2888 4099 3046 4169 μόνον
3068 4101 3134 4155 ἐκ
3161 4102 3378 4156 πάντων
3403 4102 3480 4166 ὡς
3503 4101 3667 4157 καλὸν

2087 4185 2466 4254 προαιρεῖσθαι
2504 4184 2630 4258 χρὴ,
2668 4186 2696 4239 ὃ
2724 4187 2953 4242 πάντοτε
2986 4191 3079 4243 καὶ
3106 4191 3272 4245 πᾶσιν
3297 4193 3495 4264 ὁμοίως
3515 4195 3572 4246 ὲν
3595 4195 3662 4263 τῇ

2085 4274 2181 4328 τοῦ
2215 4274 2381 4330 καλοῦ
2414 4276 2712 4348 καθορᾶται
2742 4279 2933 4350 φύσει,
2968 4282 3054 4336 ἀεὶ
3092 4282 3332 4339 τοιοῦτον
3369 4283 3450 4352 δν,
3481 4287 3571 4340 καὶ
3601 4285 3662 4339 οὑ

2089 4369 2225 4440 πρὸς
2249 4368 2348 4432 τὰς
2386 4367 2582 4434 ἔξωθεν
2618 4373 2968 4443 περιστάσεις
3005 4375 3488 4448 μεταϐαλλόμενον.
3530 4378 3664 4448 Περὶ

408 4462 578 4507 tatur.
610 4450 746 4507 Nam
797 4466 921 4522 quae
962 4467 1028 4508 ex
1054 4467 1219 4522 prava
1249 4453 1484 4524 quadam
1512 4456 1769 4525 opinione
1792 4459 1982 4515 viden-

2089 4461 2198 4531 γὰρ
2228 4461 2339 4515 τῶν
2363 4461 2537 4516 ἀλλων
2569 4463 2668 4516 ὅσα
2696 4466 2834 4519 κατά
2869 4483 2992 4519 τινα
3022 4467 3289 4538 πρόληψιν
3321 4469 3663 4540 ἀλογωτέραν
3687 4534 3694 4539 _

406 4544 832 4599 tnrhominihus
859 4543 1022 4608 bona,
1066 4552 1126 4599 ut
1150 4561 1270 4616 quae
1307 4546 1373 4601 ad
1403 4562 1626 4618 corpus,
1661 4549 1729 4603 ad
1765 4566 1854 4608 res
1885 4568 1984 4607 ex.

407 4642 615 4697 ternas,
648 4633 714 4690 ad
744 4636 934 4701 robur,
968 4635 1035 4690 ad
1099 4626 1588 4707 pulchritudinem,
1616 4641 1682 4697 ad
1728 4642 1986 4713 splendo-

405 4743 544 4793 rem,
576 4726 644 4782 ad
683 4742 837 4798 opes,
878 4727 945 4783 ad
989 4729 1289 4798 potentiam
1325 4738 1380 4785 et
1423 4731 1653 4803 gloriam
1685 4735 1980 4804 pertinent,

404 4828 459 4874 et
479 4819 583 4874 alia
605 4819 848 4888 ejusdem
873 4820 1108 4890 generis,
1137 4838 1262 4877 cum
1303 4838 1401 4892 per
1425 4839 1486 4879 se
1513 4825 1805 4896 perspicua
1844 4827 1978 4894 sint,

404 4911 624 4967 silentio
669 4913 1047 4982 praetereunda
1101 4930 1326 4982 censeo,
1368 4933 1437 4974 ne
1483 4926 1564 4974 tot
1609 4920 1776 4976 rebus
1813 4937 1880 4977 ex
1923 4937 1983 4980 se

403 5005 569 5060 claris
597 5007 988 5062 enumerandis
1016 5008 1218 5062 frustra
1245 5009 1484 5065 laborem
1521 5011 1814 5068 insumam.
1845 5014 1982 5081 Quis

401 5096 548 5151 enim
586 5097 821 5166 ignorat.
856 5112 1020 5166 quam
1063 5097 1315 5153 celeriter
1348 5098 1538 5155 forma:
1591 5100 1831 5172 dignitas
1885 5103 1982 5159 de-

401 5187 680 5255 ﬂorescat,
712 5204 876 5260 quam
911 5190 1061 5245 brevi
1090 5191 1341 5261 corporis
1365 5194 1536 5246 robur
1577 5194 1977 5265 exsﬁnguatur,

402 5297 567 5352 quam
593 5279 752 5338 facile
799 5283 1145 5354 principatus
1210 5283 1494 5340 dominum
1536 5293 1770 5354 mutent,
1816 5301 1979 5356 quam

403 5373 644 5431 caducus
666 5383 720 5430 et
742 5374 956 5448 fragilis
996 5377 1068 5432 sit
1097 5377 1286 5448 gloriae
1329 5375 1610 5446 splendor,
1639 5392 1806 5447 quam
1843 5378 1980 5433 stul-

402 5477 519 5522 tum
569 5483 632 5524 ac
673 5483 875 5524 vanum
935 5469 1218 5526 hominum
1266 5470 1317 5524 in
1370 5470 1699 5525 cumulanda
1750 5471 1978 5540 pecunia

404 5558 669 5623 studium,
703 5560 798 5630 qui
843 5560 914 5616 ob
944 5560 1160 5615 inanem
1195 5559 1488 5653 quamdam
1523 5574 1816 5630 raramque
1853 5575 1997 5653 spe;

404 5650 568 5716 ciem,
593 5650 650 5704 in
678 5658 788 5705 tam
821 5651 1054 5719 abiectis
1101 5653 1266 5707 rebus
1311 5652 1516 5706 bonum
1563 5666 1688 5708 esse
1737 5653 1974 5722 positum

406 5740 781 5799 arbitrentur?
839 5743 937 5800 His
990 5744 1066 5799 ita
1117 5743 1454 5812 constitutis,
1513 5742 1974 5804 considerandum

2087 4553 2228 4608 καλά
2254 4556 2367 4616 τοῖς
2394 4553 2701 4626 ἀνθρώποις
2741 4557 2904 4622 δοκεῖ,
2942 4559 3071 4629 περὶ
3107 4559 3268 4630 σῶμά
3298 4562 3359 4614 τέ
3399 4579 3538 4631 φημι
3568 4561 3664 4615 καὶ
3693 4569 3698 4584 ³

2084 4643 2155 4698 τά
2183 4642 2400 4709 ἔξωθεν,
2430 4641 2540 4698 οἷον
2574 4646 2725 4718 ίσχύς
2755 4665 2814 4702 τε
2845 4649 2938 4702 καὶ
2959 4650 3156 4714 κάλλος
3188 4653 3282 4706 καὶ
3303 4654 3495 4722 γένους
3521 4653 3662 4724 λαμ-

2085 4735 2310 4807 πρότης,
2339 4737 2598 4808 χρήματά
2633 4755 2692 4790 τε
2719 4739 2814 4793 καὶ
2835 4739 3143 4796 δυναστεῖαι
3166 4745 3258 4798 καὶ
3289 4747 3656 4815 περιφάνειαι,

2085 4825 2177 4880 καὶ
2201 4827 2376 4881 πάντα
2397 4826 2465 4880 τὰ
2483 4827 2728 4892 τοιαῦτα,
2746 4830 2822 4894 ὡς
2841 4831 3070 4886 αὐτόθεν
3089 4835 3254 4889 πᾶσιν
3280 4834 3411 4890 ὄντα
3430 4837 3659 4907 φανερὰ,

2085 4919 2294 4990 σιωπᾷν
2323 4913 2476 4990 οἶμαι
2510 4920 2724 4991 χρῆναι,
2768 4922 2859 4976 καὶ
2899 4923 2974 4994 μὴ
3007 4923 3184 4993 μάτην
3211 4925 3299 4979 διά
3329 4924 3437 4979 τῶν
3466 4924 3660 4996 ὁμολο-

2081 5010 2366 5081 γουμένων
2408 5010 2563 5081 δχλον
2603 5013 2919 5083 ἐπεισάγειν
2957 5015 3032 5086 τῷ
3079 5015 3241 5086 λόγῳ.
3282 5017 3378 5080 Τίς
3421 5015 3530 5088 γὰρ
3558 5018 3660 5071 οὑκ

2081 5097 2190 5156 οἶδε
2221 5101 2315 5155 τοῦ
2349 5103 2576 5168 κάλλους
2607 5121 2665 5157 τε
2690 5107 2785 5160 καὶ
2819 5110 2919 5178 τῆς
2943 5107 3222 5178 δυνάμεως
3257 5108 3317 5162 τὸ
3343 5107 3655 5179 ὠκύμορον.

2081 5193 2116 5265 ἢ
2146 5194 2242 5266 τῆς
2276 5193 2594 5258 δυναστείας
2635 5196 2697 5250 τὸ
2727 5185 3164 5269 εὑμετάπτωτον,
3196 5199 3228 5270 ἢ
3262 5200 3360 5271 τῆς
3401 5201 3555 5272 δόξης
3598 5201 3660 5254 τὺ

2082 5284 2471 5350 ἀνυπόστατον,
2503 5285 2535 5357 ἢ
2569 5285 2670 5356 τὴν
2721 5289 2958 5358 ματαίαν
2988 5290 3126 5361 πρὸς
3167 5289 3238 5344 τά
3263 5291 3521 5361 χρήματα
3552 5289 3657 5344 τῶν

2081 5378 2382 5449 ἀνθρώπων
2427 5379 2822 5450 προσπάθειαν,
2851 5385 2979 5453 παρ’
3010 5377 3086 5437 ὧν
3119 5383 3208 5436 διὰ
3234 5383 3294 5436 τὸ
3338 5383 3566 5454 εὑχρουν
3596 5399 3655 5436 τε

2081 5472 2173 5524 καὶ
2202 5471 2262 5525 τὸ
2297 5471 2541 5537 σπάνιον,
2582 5473 2640 5525 ἐν
2676 5477 2856 5538 ποιαϊς
2885 5474 3036 5538 ὕλαις
3061 5475 3124 5529 τὸ
3150 5475 3314 5530 καλὸν
3359 5473 3652 5545 ἐνομίσθης

2079 5565 2295 5619 Τούτων
2317 5566 2372 5618 δὲ
2392 5565 2560 5628 οὕτως
2583 5567 2712 5636 ἡμῖν
2737 5567 3178 5638 διηρθρωμένων,
3202 5568 3462 5632 σκεπτέον
3485 5567 3548 5621 ἂν
3568 5567 3653 5637 εἴη

2081 5655 2207 5726 περὶ
2231 5655 2330 5724 τῆς
2357 5654 2636 5725 παρούσης
2662 5653 2826 5727 ζωῆς,
2852 5655 3052 5726 ταύτης
3082 5675 3154 5728 φη
3165 5658 3226 5728 μὶ
3247 5657 3311 5728 δὴ
3337 5657 3424 5710 διὰ
3452 5656 3656 5726 σαρκὸς

2079 5746 2494 5816 ἐνεργουμένης,
2537 5747 2645 5802 εἴτε
2679 5747 2914 5803 τοιοῦτόν
2959 5749 3106 5804 ἐστιν
3153 5751 3227 5814 ὼς
3275 5751 3332 5804 ἐν
3375 5747 3452 5814 τῷ
3479 5765 3648 5816 χαρα-
