4072 6156
416 263 517 321 501

1803 275 1893 330 DE
1935 275 2272 333 MORTUIS.

3561 283 3668 338 502

416 383 580 455 κτῆρι
615 383 710 438 τοῦ
754 384 921 440 καλοῦ
955 387 1298 462 θεωρεῖσθαι,
1333 393 1443 449 εἴτε
1491 397 1585 450 καὶ
1617 395 1818 468 ἑτέρως
1848 395 1959 467 ἔχει
1980 412 1993 426 ο

2103 394 2342 463 videtur,
2373 408 2443 447 an
2475 407 2714 463 praesens
2741 391 2855 446 hate
2881 390 3013 457 vita,
3041 405 3204 465 quam
3242 390 3294 446 in
3330 407 3494 448 carne
3518 394 3671 466 degi-

417 478 482 530 τδ
521 475 628 557 γάρ
675 475 1062 550 εὑρισκόμενον
1115 485 1245 555 περὶ
1294 487 1466 557 αὐτῆς
1513 487 1617 540 ὑπὸ
1658 487 1754 542 106
1797 488 1988 558 λόγου,

419 567 671 639 ὁδηγήσει
713 570 930 636 πάντως
955 572 1052 645 τὴν
1097 576 1209 630 τῶν
1259 579 1684 650 ἐπεσκεμμένων
1733 579 1988 646 διάνοιαν,

417 660 561 724 ὅπως
589 661 696 733 χρὴ
716 661 844 734 περὶ
865 664 963 736 τὴν
985 667 1194 721 ἐνθένδε
1223 671 1617 739 μετανάστασιν
1639 671 1801 743 ἐχειν.
1835 674 1992 727 Ἔστι

417 753 593 806 τοίνυν
632 756 665 825 ἡ
697 755 792 808 106
836 757 1086 829 σώματος
1122 762 1280 832 ἡμῶν
1329 764 1463 835 ζωὴ,
1499 765 1779 837 πλήρωσίς
1809 784 1870 821 τε
1898 767 1994 822 καὶ

416 844 644 908 κένωσις
664 847 873 917 διχόθεν
904 852 1269 924 ἐνεργουμένη
1292 871 1305 885 ·
1337 857 1368 925 ἡ
1403 856 1500 926 μὲν
1523 857 1612 910 διὰ
1639 856 1893 930 βρώσεώς
1930 875 1991 913 τε

415 935 512 989 καὶ
553 936 787 1002 πόσεως,
817 940 850 1010 ἠ
887 938 943 993 δέ
975 941 1066 995 διά
1107 944 1207 1014 τῆς
1257 946 1349 999 τοῦ
1372 947 1556 1019 ,ἀέρος
1588 949 1756 1020 όλκῆς
1785 968 1844 1004 τε
1897 952 1994 1005 καὶ

414 1027 815 1099 ἀποποιήσεως,
855 1025 930 1085 ὧν
962 1033 1091 1088 ἄνευ
1124 1036 1156 1106 η
1191 1038 1332 1092 κατὰ
1372 1041 1549 1111 σάρκα
1577 1041 1688 1113 ζωὴ
1731 1044 1992 1114 συστῆναι

415 1119 578 1189 φύσιν
602 1122 702 1176 οὐκ
729 1121 860 1194 ἔχει.
893 1125 1025 1178 Τότε
1053 1127 1160 1200 γὰρ
1197 1129 1290 1183 τοῦ
1321 1131 1419 1203 ζῇν
1446 1135 1474 1186 ὁ
1504 1133 1788 1206 ἄνθρωπος
1825 1137 1994 1191 παύε-

395 1227 526 1275 ται,
559 1212 687 1266 ὅταν
730 1217 763 1285 ἡ
796 1215 906 1270 τῶν
954 1218 1214 1275 ἐναντίων
1263 1222 1472 1276 τούτων
1521 1224 1739 1298 διαδοχὴ
1795 1229 1992 1298 μηκέτι

414 1302 594 1374 διοχλῇ
622 1304 720 1376 τὴν
759 1308 940 1375 φύσιν.
973 1310 1221 1375 δ’ῐσταται
1252 1313 1360 1384 γάρ
1391 1315 1528 1384 μετὰ
1555 1317 1714 1372 10610
1760 1319 1990 1374 καθόλου

413 1393 448 1464 ἡ
471 1395 690 1466 τοιαύτη
713 1397 976 1469 ἐνέργεια,
1001 1402 1211 1466 ούδενδς
1226 1405 1334 1458 τῶν
1353 1406 1552 1472 ἔξωθεν
1575 1409 1633 1460 ἐν
1654 1411 1764 1472 τοῖς
1784 1427 1988 1481 νεκρω-

414 1483 583 1574 θείσιν
610 1486 734 1540 οὔτε
765 1491 1086 1561 εἰσρέοντος,
1109 1493 1234 1548 οὗτε
1255 1496 1670 1567 ἀπογινομένου,
1697 1501 1830 1555 ἀλλά
1854 1503 1986 1574 πρὸς

414 1572 482 1626 τὰ
514 1577 750 1648 συγγενῆ
786 1583 1022 1651 στοιχεῖα
1051 1582 1143 1636 τοῦ
1165 1586 1228 1636 ἐκ
1251 1586 1454 1641 τούτων
1481 1593 1868 1663 συνεστηκότος
1891 1572 1994 1647 σώ-

416 1684 586 1737 ματος
622 1669 989 1741 διακριθέντες
1025 1676 1121 1730 καὶ⁸
1149 1678 1534 1746 ἀναλύσαντος,
1563 1684 1764 1756 ἠρεμεῖ
1790 1685 1849 1739 τὸ
1883 1687 1992 1740 λοι-

2091 498 2237 550 mus,
2271 481 2400 537 talis
2428 482 2522 548 sit,
2548 489 2608 536 ut
2631 481 2681 536 ei
2731 489 2858 536 nota
2910 480 3040 536 boni
3085 481 3393 548 conveniat,
3437 497 3504 536 an
3535 498 3674 538 con-

2094 583 2224 631 tra:
2263 575 2409 646 quod
2465 576 2611 630 enim
2669 574 2739 629 de
2792 575 2909 645 ipsa
2953 574 3282 646 disputando
3343 577 3666 646 reperietur,

2091 668 2558 725 considerantium
2611 668 2824 722 animos
2867 668 3081 724 erudiet
3135 668 3412 739 quomodo
3464 671 3517 724 in
3574 685 3670 725 eo-

2090 777 2214 817 rum
2262 760 2508 816 discessu
2531 759 2631 829 qui
2661 774 2728 813 ex
2771 758 2862 812 illa
2898 760 3157 829 migrant,
3204 759 3346 815 allici
3400 767 3670 831 oporteat.

2098 853 2197 910 Est
2247 853 2412 924 igitur
2433 853 2607 908 nostri
2652 853 2904 924 corporis
2937 853 3068 916 vita,
3107 852 3340 923 repletio
3393 860 3556 924 atque
3586 870 3672 909 ex-

2080 945 2352 1009 'inanitio,
2381 961 2503 1015 quae
2557 945 2778 1016 quidem
2845 945 3135 1014 dupliciter
3191 945 3348 1011 ﬁunt,
3396 953 3512 1000 tum
3568 962 3664 1016 per

2093 1036 2276 1090 cibum
2297 1043 2351 1091 et
2379 1045 2589 1106 potum,
2615 1045 2730 1090 tum
2753 1050 2849 1105 per
2876 1036 3018 1090 aeris
3034 1036 3411 1091 attractionem
3435 1043 3489 1091 et
3507 1037 3672 1091 emis-

2091 1127 2326 1183 sionem.
2360 1125 2453 1182 Sic
2483 1127 2629 1182 enim
2662 1135 2862 1181 natura
2891 1134 3266 1196 comparatum
3302 1135 3409 1192 est,
3445 1137 3504 1181 ut
3553 1127 3672 1182 sine

2091 1219 2178 1274 his
2213 1219 2268 1273 in
2295 1233 2461 1274 carne
2489 1219 2674 1274 vivere
2703 1216 3210 1288 nequeamus.Nam
3235 1225 3367 1272 tunc
3397 1219 3673 1274 hominem

2090 1311 2202 1365 vita
2228 1310 2451 1376 deserit,
2508 1309 2732 1381 quando
2779 1310 2974 1364 horum
3010 1310 3414 1364 contrariorum
3445 1325 3673 1366 succes-

2092 1403 2178 1458 sio
2205 1410 2457 1456 naturam
2515 1417 2623 1456 non
2658 1409 2860 1456 movet.
2916 1400 3067 1458 Talis
3116 1401 3261 1456 enim
3308 1402 3454 1456 actio
3489 1407 3672 1457 cessat

2093 1494 2374 1556 universa,
2411 1506 2535 1546 cum
2561 1491 2696 1546 nihil
2748 1491 3096 1547 extrinsecus
3147 1491 3204 1545 in
3263 1490 3541 1547 defunctis
3571 1505 3673 1546 nec

2092 1584 2306 1651 inﬂuat,
2331 1598 2433 1638 nec
2457 1583 2668 1652 emunt;
2704 1599 2941 1655 cumque
2968 1583 3194 1655 singulae
3232 1583 3517 1638 cadaveris
3548 1598 3674 1653 par-

2093 1687 2176 1734 tes
2206 1679 2261 1732 in
2287 1685 2518 1749 cognata
2543 1677 2648 1732 sibi
2679 1677 2945 1733 elementa
2975 1677 3238 1731 recedant
3270 1690 3334 1730 ac
3359 1674 3668 1732 dissolvan-

411 1760 514 1813 πον
545 1761 614 1814 δι’
645 1763 872 1833 ἡσυχίας
900 1768 933 1837 ἠ
969 1767 1148 1835 φύσις,
1194 1771 1272 1841 τῷ
1303 1773 1487 1844 οἰκείῳ
1528 1745 1776 1849 στόιχείῳ
1825 1796 1992 1850 προσ-

2094 1778 2204 1833 tur,
2239 1777 2438 1824 natura
2469 1768 2732 1840 deinceps
2764 1768 3125 1838 conquiescit,
3157 1782 3288 1824 suas
3321 1770 3521 1838 cuique
3569 1767 3674 1822 elc-

411 1852 772 1906 αναπαύσασα
807 1855 870 1908 τὸ
923 1859 1184 1926 συγγενὲς
1226 1861 1322 1914 καὶ
1362 1863 1652 1934 ὁμόφυλον,
1702 1869 1768 1939 τῇ
1817 1871 1886 1940 γῇ
1931 1868 1991 1923 τὸ

321 1966 324 1972 ι
412 1943 632 2010 γεῶδες,
659 1946 754 1998 καὶ
779 1947 858 2016 τῷ
882 1949 1004 2020 ἀέρι
1029 1951 1091 2004 τὸ
1113 1952 1262 2017 ἴδιον,
1286 1956 1380 2009 καὶ
1407 1956 1486 2027 τῷ
1516 1957 1666 2030 ὑγρῷ
1689 1960 1748 2012 τὸ
1771 1962 1988 2029 οἰκεῖον,

411 2035 506 2088 καὶ
535 2035 613 2106 τῷ
642 2036 830 2109 θερμῷ
848 2040 910 2092 τὸ
937 2041 1294 2115 κατάλληλον.
1326 2047 1540 2116 Μηκέτι
1569 2049 1677 2120 γὰρ
1702 2049 1796 2104 106
1825 2051 1990 2121 ὄγκου

411 2122 506 2176 τοῦ
532 2127 596 2178 ἐκ
628 2125 739 2180 τῶν
779 2129 1110 2201 ἑτερογενῶν
1139 2137 1546 2208 συνεστηκότος,
1580 2141 1771 2211 βιαίως
1796 2160 1857 2196 τε
1896 2141 1993 2198 καὶ

412 2221 953 2290 κατηναγκασμένως
985 2227 1499 2298 συμπεπλεγμένου,
1534 2231 1668 2286 ἀλλά
1695 2234 1817 2287 κατ’
1846 2235 1993 2302 ἐξου-

415 2309 536 2363 σίαν
570 2311 951 2369 ἑκάστου-’τῶν
986 2316 1044 2369 ἐν
1089 2320 1220 2389 ἡμῖν
1257 2321 1394 2393 πρὸς
1424 2322 1524 2394 τὴν
1570 2325 1776 2381 οἰκείαν
1806 2328 1992 2384 ἑστίαν

412 2403 818 2469 ἐπανελθόντος,
866 2407 1099 2463 παύεται
1146 2411 1253 2465 ἀπὸ
1309 2414 1502 2468 τούτου
1543 2417 1576 2487 ἡ
1627 2416 1807 2486 φύσις,
1868 2437 1992 2474 συν-

415 2492 616 2562 έχουσα
638 2494 828 2564 βιαίως
857 2498 914 2550 ἐν
940 2499 1076 2571 αὐτῇ
1099 2500 1207 2554 τῶν
1222 2502 1533 2571 ἀλλοφύλων
1558 2505 1657 2577 τὴν
1689 2524 1752 2561 συ
1762 2511 1986 2579 μφυΐαν.

411 2580 475 2635 Εἰ
512 2580 568 2634 δέ
592 2599 674 2646 τις
706 2583 798 2637 καὶ
832 2584 922 2639 τὸν
952 2586 1137 2653 ὕπνον,
1171 2589 1263 2642 καὶ
1293 2591 1390 2662 τὴν
1420 2594 1748 2666 ἐγρήγορσιν
1777 2597 1914 2668 πρὸς
1933 2599 1994 2653 τὸ

407 2673 508 2744 τῆς
541 2673 685 2744 ζωῆς
722 2675 926 2745 ταύτης
974 2673 1114 2742 εἶδος
1151 2680 1287 2750 μετὰ
1315 2681 1428 2736 τῶν
1465 2684 1773 2755 εἰρημένων
1813 2705 1992 2759 παρα-

409 2763 699 2835 λαμϐάνει,
729 2765 830 2819 οὐκ
879 2765 982 2832 ἔξω
1011 2769 1114 2838 τῆς
1151 2769 1408 2842 ἀληθείας
1439 2774 1532 2827 τὸν
1568 2775 1724 2844 λόγον
1765 2780 1992 2850 ποιήσε-

407 2873 518 2912 ται.
553 2858 768 2930 Κάμνει
803 2860 912 2933 γὰρ
953 2864 1047 2916 καὶ
1075 2864 1162 2919 διὰ
1204 2865 1410 2923 τούτων
1439 2871 1472 2941 ἡ
1513 2869 1693 2938 φύσις,
1738 2873 1828 2927 ἀεὶ
1857 2875 1995 2946 πρὸς

407 2948 477 3002 τὰ
508 2949 727 3004 ἐναντία
776 2950 1167 3026 μεθελκομένη,
1215 2958 1309 3011 καὶ
1336 2957 1432 3012 νῦν
1484 2959 1584 3030 μὲν
1629 2960 1865 3037 λυομένη
1916 2963 1994 3036 τῷ

410 3037 584 3139 limo),
618 3041 780 3139 πάλιν
817 3042 872 3095 δὲ
908 3046 1204 3139 τονουμένη
1237 3047 1330 3139 διὰ
1361 3050 1460 3120 τῆς
1491 3052 1891 3122 ἐγρηγόρσεως,
1924 3056 1991 3110 δι’
2019 3082 2062 3139 C

408 3123 486 3184 ὧν
508 3133 834 3205 ἀμφοτέρων
862 3137 998 3207 πρὸς
1020 3137 1076 3190 τὲ
1103 3136 1390 3193 κενοῦσθαι
1415 3142 1506 3194 καὶ
1532 3143 1870 3214 πληροῦσθαι
1898 3164 1996 3200 πα·

412 3226 828 3296 ρασκευάζεται.
861 3229 923 3281 Εἰ
945 3229 1122 3282 τοίνυν
1146 3229 1425 3301 πλήρωσίς
1445 3250 1505 3285 τε
1533 3235 1625 3287 καὶ
1653 3236 1878 3300 κένωσις
1897 3241 1994 3310 τῆς

409 3315 558 3388 ζωῆς
585 3319 742 3389 ήμῶν
773 3323 889 3374 ἐστι
919 3321 979 3374 τὸ
1008 3322 1221 3393 ἰδίωμα,
1248 3323 1430 3388 καλῶς
1463 3325 1531 3379 ἂν
1561 3325 1675 3397 ἔχοι
1701 3329 1796 3382 τὸν
1823 3331 1994 3402 προρ-

412 3405 645 3476 ρηθέντα
680 3410 809 3480 περὶ
832 3410 933 3480 τῆς
961 3411 1053 3464 106
1086 3411 1251 3466 καλοῦ
1279 3412 1514 3484 κρίσεως
1547 3421 1870 3489 χαρακτῆρα
1897 3420 1994 3474 νῦν

407 3499 761 3565 ἀντεξετάσαι
787 3505 900 3566 τοῖς
924 3504 1023 3575 τῆς
1061 3503 1206 3576 ζωῆς
1250 3507 1552 3579 ἰδιώμασιν,
1584 3509 1726 3564 ὥστε
1754 3513 1993 3568 κατιδεῖν

407 3588 519 3642 εἴτε
551 3590 614 3644 τὸ
640 3591 894 3662 ἀληθινόν
924 3595 1072 3647 ἐστιν
1102 3595 1308 3664 ἀγαθὸν
1342 3599 1374 3668 η
1402 3596 1515 3669 ζωὴ
1560 3599 1722 3672 αὕτη,
1747 3601 1857 3655 εῖτε
1899 3603 1994 3656 καὶ

408 3677 537 3733 ἄλλο
559 3697 610 3733 τι
639 3683 788 3753 παρά
808 3683 982 3738 τοῦτο.
1016 3685 1138 3740 Ὅτι
1170 3688 1268 3757 μὲν
1289 3684 1382 3742 οὖν
1416 3690 1540 3744 καθ’
1567 3691 1766 3762 ἑαυτὴν
1795 3696 1829 3764 ὴ
1857 3693 1993 3766 πλή-

411 3789 576 3843 ρωσις
596 3775 699 3828 οὐκ
729 3775 795 3829 ἂν
817 3778 1042 3842 εἰκότως
1063 3781 1121 3834 ἐν
1144 3783 1208 3852 τῇ
1243 3781 1338 3836 τοῦ
1372 3783 1539 3838 καλοῦ
1564 3785 1724 3854 φύσει
1752 3786 1991 3859 κριθείη,

407 3864 545 3916 πᾶσι
573 3864 732 3935 δῆλον
765 3866 827 3920 τὸ
853 3868 1089 3922 τοιοῦτόν
1128 3872 1298 3934 ἐστιν,
1329 3875 1393 3928 ἐκ
1414 3873 1507 3928 106
1534 3877 1627 3929 καὶ
1658 3877 1720 3930 τὸ
1753 3879 1993 3936 ἐναντίον

408 3953 568 4024 αὐτῇ,
605 3954 748 4024 λέγω
778 3956 835 4010 δέ
861 3958 923 4010 τὸ
951 3959 1255 4027 κενοῦσθαι,
1286 3963 1450 4017 καλὸν
1476 3961 1615 4020 εἶναι
1651 3969 1989 4039 νομίζεσθαι.

421 4045 545 4099 Ἐπὶ
569 4047 679 4120 γὰρ
703 4049 812 4103 τῶν
835 4051 1080 4120 ἀλλήλων
1107 4055 1172 4108 ἐκ
1201 4054 1295 4108 106
1329 4057 1572 4110 ἐναντίου
1607 4059 1994 4135 ἀντικαθεστη-

408 4139 606 4205 κότων,
643 4143 743 4196 οὐκ
773 4142 888 4197 ἐστι
916 4145 1139 4201 δυνατὸν
1162 4147 1254 4200 τὸν
1282 4150 1376 4203 106
1411 4149 1576 4204 καλοῦ
1606 4151 1762 4220 λόγον
1796 4153 1993 4226 ἐπίσης

407 4234 519 4296 τοῖς
549 4233 1008 4290 ἀντικαθεστῶσιν
1040 4238 1378 4308 ἁρμόζεσθαι
1405 4258 1419 4272 °
1460 4241 1577 4296 ἀλλ’
1613 4246 1662 4298 εί
1700 4245 1859 4299 τοῦτο
1887 4265 1992 4302 κα-

407 4319 500 4376 λὸν
527 4323 612 4396 εἴη
639 4325 779 4378 κατὰ
804 4326 904 4398 τὴν
928 4328 1121 4382 ἐαυτοῦ
1148 4330 1332 4398 φύσιν,
1357 4333 1416 4386 τὸ
1449 4334 1824 4406 ἀντικείμενον
1843 4339 1991 4410 αὐτῷ

2091 1867 2277 1916 mento
2296 1867 2556 1931 cognatas
2589 1874 2654 1914 ac
2688 1859 2897 1916 similes
2925 1868 3110 1930 partes
3132 1858 3453 1925 restituens,
3490 1867 3671 1923 terrae,

2091 1952 2238 2024 quod
2290 1962 2568 2008 terrenum
2609 1959 2724 2017 est;
2780 1951 2926 2023 quod
2993 1966 3235 2015 aereum,
3293 1950 3446 2018 aeri;
3495 1965 3669 2021 aquae,

2090 2046 2240 2118 quod
2263 2060 2332 2102 ex
2365 2060 2506 2116 aqua
2541 2051 2792 2111 constat;
2819 2053 2874 2099 et
2908 2043 3039 2114 igni,
3071 2042 3218 2113 quod
3266 2042 3412 2097 illius
3439 2053 3524 2098 est
3545 2057 3672 2113 pro-

2091 2137 2293 2207 prium.
2337 2134 2550 2190 Etenim
2581 2149 2708 2188 cum
2764 2132 2856 2187 illa
2893 2133 3144 2202 corporis
3184 2131 3378 2194 moles,
3415 2146 3533 2202 qua:
3578 2147 3673 2202 per

2089 2227 2202 2282 vim
2229 2243 2295 2284 ex
2315 2226 2553 2282 diversis
2590 2224 2884 2295 generibus
2917 2230 3107 2279 coacta
3137 2229 3505 2290 concretaque
3529 2228 3667 2284 erat,

2091 2334 2204 2374 non
2226 2318 2464 2388 amplius
2485 2317 2775 2379 consistat,
2805 2314 2903 2372 sed
2956 2329 3152 2370 omnes
3175 2312 3323 2368 illius
3380 2320 3566 2382 partes
3602 2312 3672 2367 ad

2093 2424 2224 2466 suas
2246 2423 2476 2479 quaeque
2501 2408 2663 2463 sedes
2694 2421 2929 2463 reversae
2985 2407 3117 2473 sint,
3167 2414 3392 2472 natura,
3435 2419 3558 2474 quae
3605 2419 3671 2458 ex

2093 2500 2184 2555 illa
2219 2499 2543 2564 constabat,
2583 2499 2990 2569 violentamque
3023 2497 3369 2552 diversorum
3411 2510 3671 2566 generum

2087 2593 2538 2660 coniunctionem
2556 2591 2893 2656 continebat,
2925 2589 3084 2644 ﬁnem
3124 2588 3309 2643 habet.
3333 2588 3392 2644 Si
3419 2588 3544 2657 quis
3575 2601 3673 2641 au-

2093 2693 2202 2740 tem
2239 2694 2363 2753 post
2397 2685 2489 2738 illa
2521 2698 2645 2754 quae
2684 2685 2833 2738 dicta
2855 2690 3006 2748 sunt,
3041 2683 3171 2737 huic
3203 2680 3391 2752 generi
3422 2680 3548 2734 vitae
3583 2694 3673 2735 so-

2093 2790 2282 2830 mnum
2311 2783 2367 2830 et
2388 2776 2632 2847 vigiliam
2657 2775 2994 2846 adjunxerit,
3016 2790 3044 2829 a
3071 2773 3302 2829 veritate
3320 2786 3428 2827 non
3453 2773 3673 2827 aberra-

2096 2869 2194 2923 bit.
2237 2866 2369 2922 Nam
2409 2868 2494 2924 his
2535 2881 2757 2938 quoque
2803 2876 3000 2921 natura
3057 2866 3290 2931 laborat,
3337 2861 3676 2933 assidueque

2095 2958 2152 3013 in
2182 2959 2457 3013 contraria
2483 2957 2830 3022 distrahitur,
2863 2957 2993 3012 dum
3024 2956 3112 3012 vel
3163 2971 3361 3012 somno
3413 2954 3670 3018 solvitur,

2095 3050 2180 3104 vel
2208 3049 2391 3120 vigilia
2424 3065 2644 3105 rursum
2686 3046 3095 3103 confirmatur:
3144 3049 3250 3103 hac
3305 3048 3452 3103 enim
3507 3047 3674 3102 vicis-

2093 3137 2335 3195 situdine
2405 3138 2475 3194 ad
2537 3138 2995 3205 exinaniendum,
3067 3138 3500 3210 replendumque
3561 3138 3674 3193 dis-
3757 3136 3762 3141 ’

2092 3232 2338 3302 ponitur.
2409 3230 2780 3297 Quamobrem
2849 3230 2898 3287 si
2949 3231 3076 3286 vitae
3133 3239 3338 3286 nostrae
3390 3230 3675 3301 proprium

2093 3323 2228 3378 illud
2251 3332 2356 3389 est,
2386 3331 2446 3378 ut
2481 3337 2512 3378 a
2542 3323 2863 3394 repletione,
2899 3322 3387 3393 exinanitioneque
3419 3323 3672 3393 pendeat,

2093 3431 2205 3471 non
2249 3417 2486 3472 alienum
2518 3418 2622 3470 erit
2675 3423 2736 3469 ut
2774 3415 2903 3470 boni
2932 3420 3118 3469 notam
3180 3423 3235 3470 et
3263 3415 3524 3469 indicium
3547 3428 3677 3468 cum

2093 3508 2179 3563 his
2209 3524 2331 3579 quae
2363 3509 2522 3564 istius
2557 3509 2681 3563 vitae
2711 3508 2931 3577 propria
2955 3513 3126 3570 'sunt,‘
3164 3507 3534 3571 conferamus,
3565 3507 3676 3561 dis-

2090 3600 2470 3670 piciamusque
2535 3606 2722 3653 utrum
2784 3600 2904 3669 ipsa
2956 3599 3068 3653 sint
3109 3613 3299 3652 verum
3349 3598 3577 3660 bonum.
3607 3612 3676 3651 an

2093 3691 2243 3745 aliud
2272 3690 2554 3761 quidpiam
2579 3689 2648 3743 ab
2678 3688 2787 3743 illis
2809 3689 3107 3744 diversum.
3158 3687 3315 3754 Quod
3344 3695 3525 3742 autem
3561 3687 3678 3757 ipsa

2092 3797 2192 3854 per
2223 3797 2286 3838 se
2327 3781 2557 3852 repletio
2600 3780 2727 3836 boni
2757 3790 2971 3836 naturae
3000 3795 3107 3836 non
3131 3778 3385 3850 quadret,
3422 3779 3679 3835 omnibus

2091 3873 2177 3929 vel
2217 3888 2282 3928 ex
2314 3873 2532 3929 actione
2572 3873 2652 3928 illi
2684 3873 2965 3928 contraria
3000 3872 3350 3943 perspicuum
3385 3872 3460 3938 ﬁt,
3485 3873 3679 3928 exina-

2093 3969 2358 4024 nitionem
2419 3967 2562 4030 dico,
2621 3981 2795 4037 'qnam
2856 3981 3012 4036 aeque
3073 3966 3266 4021 bonam
3317 3965 3677 4020 arbitrantur.

2092 4059 2227 4114 Nam
2260 4059 2388 4114 boni
2426 4059 2568 4112 ratio
2597 4071 2661 4112 ac
2693 4057 2939 4112 deﬁnitio
2965 4058 3090 4112 talis
3119 4067 3224 4122 est,
3258 4065 3320 4112 ut
3347 4057 3560 4112 duobus
3595 4055 3678 4109 in-

2090 4160 2175 4207 ter
2215 4166 2275 4206 se
2332 4149 2626 4204 contrariis
2681 4157 2916 4218 nequeat
2963 4150 3281 4215 convenire,
3342 4149 3440 4204 sed
3476 4148 3524 4205 si
3584 4147 3677 4202 uni

2091 4243 2326 4315 quadret
2357 4249 2417 4297 ut
2444 4242 2608 4306 bono,
2637 4241 2706 4295 ab
2736 4242 2907 4297 altero
2958 4249 3218 4312 tanquam
3255 4243 3400 4295 man
3451 4256 3678 4310 prorsus

2093 4337 2406 4392 abhorreat.
2432 4332 2531 4389 Hic
2561 4341 2744 4389 autem
2791 4334 2846 4388 in
2879 4341 3110 4405 utroque
3141 4343 3336 4387 natura
3383 4348 3540 4388 suam
3578 4333 3678 4388 uti-

409 4416 628 4479 πάντως
655 4417 806 4472 ἔσται
835 4422 1027 4476 κακόν.
1066 4423 1224 4477 Ἀλλά
1249 4425 1358 4495 μὴν
1386 4427 1618 4480 ἐνταῦθα
1639 4429 1835 4500 ἐπίσης
1858 4433 1991 4504 παρ’

2096 4429 2305 4483 Iitatem
2341 4427 2526 4482 habet.
2564 4425 2744 4493 Quare
2795 4425 2928 4482 boni
2962 4426 3334 4481 delinitionem
3372 4439 3473 4478 nec
3504 4423 3679 4493 reple-

410 4507 674 4580 ἐκατέρου
706 4510 912 4565 τούτων
937 4513 996 4566 τὸ
1029 4515 1300 4586 χρήσιμον
1325 4517 1359 4586 η
1390 4517 1552 4586 φύσις
1581 4518 1712 4590 ἔχει.
1741 4521 1856 4576 Οὐκ
1884 4524 1992 4594 ἄρα

408 4599 500 4653 τὸν
527 4600 621 4655 106
666 4603 831 4657 καλοῦ
864 4607 1090 4676 ὁρισμὸν
1121 4606 1379 4673 δέξασθαι
1410 4610 1655 4674 δυνατῶς
1699 4612 1834 4684 ἔχει,
1868 4614 1992 4670 οὒτε

407 4694 441 4762 η
479 4693 782 4764 πλήρωσις,
813 4694 937 4748 οὔτε
966 4698 1000 4768 ἡ
1039 4697 1288 4763 κένωσις.
1336 4701 1545 4754 Οὐκοῦν
1582 4702 1710 4756 ἄλλο
1756 4721 1808 4757 τι
1841 4705 1992 4778 παρὰ

407 4782 470 4835 τὸ
502 4782 707 4851 ἀγαθὸν
727 4785 1100 4840 ἀποδέδεικται
1131 4783 1268 4842 εἶναι
1301 4789 1333 4859 ἡ
1373 4789 1672 4860 πλήρωσις.
1705 4790 1842 4845 Οὔτε
1885 4793 1994 4864 γὰρ

412 4875 595 4948 παντὶ,
630 4873 754 4928 οὔτε
802 4875 1053 4942 πάντοτε,
1085 4876 1207 4931 οὔτε
1242 4880 1385 4935 κατὰ
1430 4882 1539 4934 πᾶν
1590 4877 1732 4946 εἶδος
1777 4885 1994 4955 αἱρετὸν

409 4960 551 5018 εἶναι
573 4964 637 5018 τὸ
660 4965 902 5020 τοιοῦτον
925 4968 1075 5039 παρά
1098 4969 1312 5024 πάντων
1335 4970 1704 5043 ὡμολόγηται.
1729 4974 1806 5027 Οὐ
1834 4975 1995 5046 μόνον

411 5055 521 5127 γὰρ
547 5057 607 5110 ἐν
633 5060 746 5121 τοῖς
771 5058 1083 5127 βλαπτικοῖς
1115 5046 1380 5129 γενέσθαι
1394 5062 1486 5116 τὸν
1516 5063 1678 5136 κόρον
1707 5066 1854 5119 ἐστὶν
1879 5065 1996 5120 ὀλέο

412 5146 583 5219 θριον,
612 5149 748 5205 ἀλλά
777 5152 872 5206 καὶ
895 5153 957 5206 τὸ
989 5153 1047 5206 ἐν
1072 5155 1186 5218 τοῖς
1218 5153 1573 5226 καταλλήλοις
1611 5158 1900 5230 παρελθεῖν
1927 5162 1992 5231 τῇ

413 5240 651 5312 ἀμετρίᾳ
684 5242 746 5296 τὸ
770 5243 1062 5314 χρήσιμον,
1087 5244 1348 5299 κινδύνων
1373 5247 1635 5312 πολλάκις
1661 5250 1755 5303 καὶ
1784 5250 1998 5321 διαφθο-

416 5333 516 5402 ρᾶς
545 5332 719 5387 αἴτιον
758 5335 987 5404 γίνεται.
1019 5337 1130 5389 Καὶ
1174 5337 1227 5390 εἰ
1257 5355 1386 5391 ποτε
1437 5339 1790 5412 πληθωρικῆς
1821 5359 1995 5395 κατα-

414 5423 658 5490 στάσεως
684 5427 1045 5501 ἐπιζητούσης
1066 5428 1164 5501 τὴν
1187 5429 1435 5499 κένωσιν,
1464 5431 1597 5504 ἄλλη
1625 5451 1710 5496 τις
1731 5433 1996 5506 πληθώρα

359 5575 365 5580 _
415 5517 514 5589 τὴν
556 5515 725 5574 οὖσαν
755 5523 1176 5595 ἐπιφορτίσειεν,
1216 5524 1418 5595 σωρεία
1468 5526 1677 5595 γίνεται
1723 5528 1908 5582 κακῶν
1937 5529 1998 5582 τὸ

413 5611 678 5676 τοιοῦτον,
710 5615 790 5679 εἰς
820 5616 1093 5686 ἀνήκεστα
1125 5615 1391 5688 προϊοῦσα
1433 5616 1600 5688 πάθη.
1639 5617 1848 5674 Οὐκοῦν
1874 5618 1996 5674 οὔτε

418 5707 602 5770 παντὶ,
641 5705 765 5760 οὔτε
808 5709 1023 5772 πάντως
1071 5707 1275 5775 ἀγαθόν
1319 5707 1372 5760 τί
1419 5709 1568 5762 ἐστιν
1611 5710 1644 5778 ἡ
1695 5709 1995 5781 πλήρωσις,

2095 4519 2169 4573 ιὶο
2201 4519 2451 4590 suscipit,
2475 4533 2576 4573 nec
2599 4517 2919 4571 exinanitio.
2945 4515 3214 4582 Quocirca
3243 4513 3388 4568 aliud
3419 4513 3678 4583 quiddam

2092 4621 2258 4677 quam
2308 4607 2487 4676 ipsum
2541 4607 2769 4669 bonum,
2832 4612 2916 4660 est
2951 4604 3068 4675 ipsa
3116 4603 3378 4672 repletio;
3429 4617 3553 4655 cum
3581 4617 3679 4656 nec

2091 4697 2318 4768 ubique,
2350 4713 2452 4752 nec
2508 4711 2744 4766 semper,
2792 4710 2894 4750 nec
2940 4695 2997 4749 in
3036 4694 3294 4750 omnibus
3325 4707 3486 4746 omne
3506 4707 3678 4762 genus

2093 4791 2270 4862 ipsius
2298 4805 2329 4843 a
2357 4790 2576 4846 cunctis
2619 4786 2981 4857 expetendum
3026 4787 3322 4855 jndicetur.
3356 4782 3475 4839 Non
3502 4785 3678 4838 solum

2093 4884 2238 4940 enim
2269 4883 2451 4938 noxiis
2485 4880 2626 4936 cibis
2651 4879 2857 4949 expleri
2879 4878 3247 4949 perniciosum
3269 4885 3372 4941 est,
3399 4876 3494 4932 sed
3514 4876 3678 4930 etiam

2094 4975 2152 5030 in
2213 4973 2374 5029 bonis
2433 4981 2489 5028 et
2555 4970 3008 5026 convenientibus
3063 4967 3460 5025 mediocritatis
3519 4983 3678 5022 usum

2096 5067 2391 5132 transilire,
2414 5065 2733 5135 plerumque
2765 5064 3064 5135 periculum
3104 5071 3159 5117 et
3191 5060 3451 5116 damnum
3503 5058 3678 5114 affert.

2095 5156 2251 5224 Quod
2277 5156 2325 5212 si
2359 5171 2484 5211 cum
2513 5171 2714 5225 corpus
2752 5156 3017 5226 repletum
3057 5161 3163 5218 est,
3197 5152 3478 5222 levarique
3532 5149 3679 5205 desi-

2095 5248 2271 5312 derat,
2305 5248 2413 5302 alio
2446 5248 2624 5302 adhuc
2648 5257 2906 5303 oneretur
2921 5247 3066 5309 cibo,
3097 5251 3213 5298 tum
3239 5258 3368 5299 vero
3395 5249 3678 5296 contracto

2095 5341 2364 5396 malorum
2413 5339 2635 5393 cumulo
2672 5339 2727 5393 in
2764 5339 2986 5392 morbos
3024 5335 3218 5392 incidit
3271 5336 3593 5404 desperatos
3626 5339 3678 5387 et

2096 5429 2450 5487 insanabiles.
2489 5429 2680 5499 Itaque
2717 5443 2818 5482 nec
2872 5442 3108 5498 semper,
3145 5442 3245 5482 nec
3270 5427 3432 5496 plane
3475 5426 3678 5480 bonum

2095 5531 2186 5580 est
2212 5523 2458 5594 repletio,
2496 5520 2594 5577 sed
2642 5518 2710 5574 ad
2743 5519 2971 5597 aliquid,
3002 5529 3056 5575 et
3094 5517 3388 5589 aliquando
3417 5517 3541 5573 usui
3575 5527 3677 5582 est,

2097 5625 2147 5672 et
2204 5617 2256 5670 in
2317 5615 2623 5687 quantitate
2683 5613 3054 5687 qualitateque
3105 5611 3359 5667 consistit
3406 5609 3526 5679 ejus
3578 5607 3677 5662 uti-

2098 5711 2241 5765 litas.

419 5799 554 5856 ἀλλὰ
584 5799 677 5854 καὶ
704 5798 840 5868 πρός
876 5817 948 5866 τι,
980 5801 1073 5856 καί
1099 5816 1250 5868 ποτε,
1284 5800 1374 5856 καὶ
1406 5802 1549 5858 κατά
1576 5804 1634 5857 τὸ
1670 5804 1834 5858 ποσόν
1865 5822 1923 5860 τε
1967 5804 2058 5860 καὶ
2090 5803 2150 5857 τὸ
2192 5803 2362 5870 ποιὸν,
2397 5803 2457 5857 τὸ
2496 5801 2554 5869 ἐξ
2588 5801 2751 5856 αὑτοῦ
2777 5800 2982 5868 γίνεται
3009 5798 3296 5869 χρήσιμον.
