4072 6156
405 210 513 265 505

1661 211 1720 268 S.
1758 210 2086 273 GREGORII
2120 213 2412 278 NYSSENI

3569 225 3667 283 ὅθί

473 321 676 386 Eodem
727 334 888 396 pacto
925 334 980 383 et
1007 325 1338 390 contrariam
1395 325 1525 392 huic
1561 327 1988 391 exinanitionem

2164 333 2322 390 οὕτω
2342 335 2388 390 δ’
2419 336 2487 393 ἄν
2516 354 2602 402 τις
2625 336 2775 411 εὖροι
2803 340 2896 392 καὶ
2920 337 2983 392 τὸ
3010 337 3072 404 ἑξ
3095 337 3338 394 ἐναντίου
3361 325 3669 410 νοούμενον,

403 417 646 488 reperies
703 419 1069 489 periculosam
1119 418 1188 482 iis
1217 419 1311 492 qui
1343 434 1376 475 a
1402 421 1693 481 moderato
1739 423 1864 493 ejus
1885 439 1992 480 usu

405 508 755 574 recesserint,
784 524 895 565 non
929 508 1179 573 inutilem
1203 517 1408 579 tamen,
1439 511 1486 569 si
1511 512 1813 584 prudenter
1843 514 1996 574 adhi-

405 599 619 665 beatur,
657 606 714 657 et
739 609 966 667 eatenus
1016 600 1130 668 ﬁat,
1163 610 1438 674 quatenus
1469 604 1612 660 ratio
1642 607 1990 675 quantitatis,

403 697 460 755 et
488 691 791 760 qualitatis,
826 700 882 748 et
925 693 1191 764 temporis
1226 694 1543 765 postulabit.
1571 696 1801 762 Constat
1829 697 1994 768 igitur

402 797 472 843 ex
499 782 569 843 iis
598 797 718 853 quae
755 783 905 838 dicta
931 794 1080 852 sunt,
1100 800 1224 842 cum
1253 786 1383 842 boni
1405 795 1534 843 nota
1555 803 1667 843 non
1691 803 1994 859 congruere

403 872 571 941 vitam
594 872 777 942 istam,
798 890 962 946 quam
983 876 1220 934 vivimus
1243 895 1259 936 :
1281 893 1347 935 ex
1365 894 1475 950 quo
1494 880 1766 951 sequitur,
1784 881 1993 942 disces-

404 979 526 1027 sum
551 965 622 1030 ab
643 980 708 1022 ea
734 981 844 1022 non
862 982 986 1024 esse
1007 968 1403 1038 sejunctiunem
1437 971 1506 1028 ab
1533 971 1644 1027 ullo
1666 972 1832 1028 bono.
1853 970 1991 1030 Nam

403 1053 480 1122 id,
505 1056 653 1126 quod
681 1074 828 1124 vere,
861 1068 919 1126 et
954 1061 1191 1132 proprie,
1226 1073 1281 1118 et
1307 1063 1484 1132 primo
1508 1063 1710 1126 bonum
1733 1065 1988 1132 dicimus,

402 1160 506 1214 nec
533 1149 760 1217 repletio
784 1157 892 1216 est,
926 1165 1026 1205 nec
1041 1151 1294 1221 inanitiq,
1318 1167 1456 1223 quas
1480 1153 1796 1224 aliquando,
1827 1162 1881 1210 et
1919 1153 1990 1210 ad

403 1238 633 1309 aliquid,
673 1247 728 1295 et
749 1240 807 1308 in
842 1241 1172 1312 quibusdam
1205 1250 1416 1308 tantum
1443 1245 1605 1310 utiles
1643 1243 1990 1305 demonstra-

403 1329 604 1394 vimus,
638 1330 840 1402 quibus
862 1348 986 1398 vere
1009 1333 1138 1402 boni
1165 1343 1294 1390 nota
1321 1350 1431 1390 non
1457 1336 1737 1402 convenit.

2086 425 2150 484 τδ
2182 427 2326 484 κατά
2355 426 2454 501 τὴν
2486 428 2717 484 κένωσιν
2739 429 2904 499 λέγω,
2931 429 3028 484 καὶ
3054 430 3376 495 κινδυνῶδες
3404 432 3520 511 τοῖς
3551 431 3688 484 ὐπο-

2091 518 2364 590 μένουσιν,
2393 520 2443 583 εί
2488 519 2752 591 παρέλθοι
2775 523 2843 592 τῇ
2872 519 3110 592 ἀμετρίᾳ
3145 521 3209 574 τὸ
3253 522 3547 593 χρήσιμον,
3579 521 3676 574 καὶ

2089 607 2253 667 πάλιν
2282 609 2384 674 οὐκ
2413 610 2686 681 άνονήτως
2723 611 3031 682 γινόμενον,
3061 612 3112 665 εί
3146 611 3281 682 πρός
3307 629 3359 665 τι
3389 610 3497 667 τῶν
3522 610 3676 681 ὠφε-

2088 695 2327 751 λούντων
2355 697 2662 770 συμϐαίνει,
2686 697 2780 761 τοῦ
2806 716 2866 763 τε
2887 699 3081 772 καιροῦ
3114 701 3209 753 καὶ
3240 700 3335 754 τοῦ
3379 700 3545 754 ποσοῦ
3579 698 3677 764 καὶ

2092 786 2188 842 τοῦ
2216 788 2372 853 ποιοῦ
2403 788 3082 863 συμπαραλαμϐανομένου
3111 791 3247 864 πρὸς
3278 791 3341 844 τὸ
3373 791 3474 863 τῆς
3499 789 3672 845 κενώ-

2095 896 2234 948 σεως
2261 882 2548 952 χρήσιμον.
2578 881 2796 954 Ἐπειδὴ
2819 881 2998 948 τοίνυν
3022 883 3083 945 οὐ
3112 881 3398 954 συμϐαίνει
3426 882 3564 956 πρὸς
3583 881 3675 936 τὸν

2091 970 2187 1026 τοῦ
2214 971 2380 1027 καλοῦ
2424 974 2747 1046 χαρακτῆρα
2778 974 2840 1028 τὸ
2874 975 2973 1046 τῆς
3001 975 3147 1046 ζωῆς
3187 976 3389 1047 ταύτης
3424 972 3594 1041 εἶδος,
3627 968 3674 1042 ᾧ

2093 1059 2409 1132 βιοτεύομεν
2429 1079 2443 1093 ο
2475 1061 2906 1135 ὁμολογούμενον
2939 1064 3008 1119 ἂν
3034 1064 3120 1134 εἴη
3144 1063 3232 1118 διὰ
3255 1065 3354 1134 τῆς
3381 1063 3490 1117 τῶν
3520 1066 3671 1135 εἰρηο

2095 1149 2272 1231 μένων
2299 1149 2640 1225 ἀκολουθίας,
2659 1151 2741 1206 ὅτι
2765 1151 2976 1224 οὐδενος
2996 1152 3204 1222 ἀγαθοῦ
3233 1153 3510 1225 χωρισμός
3529 1154 3677 1206 ἐστιν

2093 1244 2132 1317 ἡ
2163 1244 2230 1302 ὲκ
2267 1249 2362 1308 τοῦ
2396 1243 2637 1309 τοιούτου
2669 1243 2784 1315 βίου
2813 1244 3161 1316 μετάστασις.
3191 1245 3429 1317 Φανερὸν
3453 1245 3563 1315 γὰρ
3588 1245 3676 1298 ὅτι

2086 1335 2149 1393 τὸ
2175 1335 2446 1408 ἀληθινῶς
2493 1337 2586 1402 καὶ
2633 1335 2839 1405 κυρίως
2878 1336 2974 1390 καὶ
3013 1335 3249 1408 πρώτως
3285 1335 3510 1405 ἀγαθὸν,
3546 1333 3674 1390 οὔτε

401 1423 636 1490 κένωσις
678 1427 848 1494 ἐστιν,
886 1425 1011 1490 οὔτε
1060 1426 1374 1499 πλήρωσιςο
1407 1428 1553 1500 ᾇπερ
1580 1428 1675 1492 καί
1705 1445 1859 1496 ποτε,
1893 1427 1989 1484 καὶ
2025 1428 2162 1501 πρός
2186 1445 2261 1495 τι,
2286 1428 2382 1483 καὶ
2409 1428 2501 1483 ὲπί
2523 1444 2687 1484 τινων
2712 1427 3090 1493 ἀποδέδεικται
3111 1429 3378 1501 χρήσιμα,
3431 1423 3513 1493 οἷς
3569 1431 3676 1488 οὐκ

402 1514 624 1576 ἔπεστιν
654 1518 682 1570 ὁ
712 1515 810 1585 τοῦ
833 1516 1102 1589 ἀληθινῶς
1129 1518 1281 1583 Euro;
1303 1518 1510 1590 ἀγαθοῦ
1533 1521 1839 1594 χαρακτήρ.

473 1609 842 1679 Quamobrem
867 1627 992 1671 cum
1036 1628 1168 1671 vere
1197 1614 1399 1670 bonum
1440 1615 1492 1672 ei
1533 1616 1680 1687 quod
1730 1633 1842 1672 non
1898 1625 1984 1672 est
2012 1624 2061 1686 Β

405 1718 534 1758 vere
565 1703 769 1771 bonum
789 1743 808 1771 ,
849 1704 924 1764 ita
949 1706 1289 1762 contrarium
1319 1706 1432 1774 sit,
1487 1714 1549 1762 ut
1576 1707 1786 1762 nullum
1845 1706 1990 1764 inter

405 1812 472 1862 ea
521 1796 763 1857 medium
812 1795 1011 1864 detur,
1045 1805 1477 1856 consentaneum
1525 1807 1610 1856 est
1657 1813 1756 1854 eos
1806 1798 1902 1869 qui
1956 1813 1989 1855 a

405 1903 516 1953 non
547 1903 682 1956 vero
734 1887 1028 1950 discedunt
1057 1889 1236 1959 bono,
1292 1890 1361 1946 ad
1389 1905 1581 1946 verum
1615 1889 1751 1946 illud
1784 1889 1989 1947 bonum

406 1980 669 2038 accedere
693 2019 709 2046 ,
743 1980 893 2052 quod
921 1995 1140 2054 semper
1161 2021 1178 2046 ,
1216 1989 1272 2038 et
1316 1982 1578 2045 omnibus
1604 2022 1622 2050 ,
1648 1991 1705 2041 et
1758 1984 1990 2046 omnino

404 2071 479 2128 sit
505 2071 744 2137 bonum,
777 2086 881 2128 nec
908 2088 1010 2144 pro
1040 2081 1320 2144 tempore,
1348 2084 1445 2132 aut
1476 2074 1663 2146 aliqua
1692 2092 1759 2132 ex
1791 2083 1985 2148 parte,

405 2170 501 2224 aut
528 2164 585 2220 in
629 2165 955 2236 quibusdam
977 2206 993 2234 ,
1030 2177 1126 2225 aut
1153 2176 1377 2240 propter
1405 2168 1652 2240 aliquid,
1684 2169 1782 2228 sed
1842 2185 1990 2228 sem-

403 2268 539 2324 per,
574 2255 628 2310 in
672 2255 880 2313 eisdem
902 2295 920 2324 ,
953 2264 1010 2313 et
1037 2258 1231 2318 eodem
1267 2259 1432 2317 modo
1459 2275 1584 2320 sese
1635 2260 1854 2319 habeat.
1903 2260 1988 2321 Ad

404 2346 514 2409 hoc
553 2347 720 2422 igitur
757 2349 941 2406 anima
967 2350 1209 2407 humana
1249 2366 1281 2407 a
1319 2352 1431 2408 vita
1474 2367 1742 2424 corporea
1764 2351 1988 2424 proiici-

405 2439 616 2509 scitur,
645 2446 700 2502 et
728 2455 760 2496 a
798 2442 1055 2512 praesenti
1091 2443 1369 2504 diversum
1418 2444 1544 2502 vita:
1595 2451 1802 2500 statum
1831 2460 1987 2503 asse.-

403 2533 598 2603 quitur
626 2551 642 2588 :
665 2547 832 2604 quem
858 2549 982 2600 nos,
1011 2537 1250 2606 quicum
1274 2549 1442 2592 carne
1462 2535 1741 2607 conjuncti
1773 2551 1987 2601 sumus,

407 2627 572 2696 plane
599 2626 805 2682 intueri
842 2642 954 2683 non
980 2643 1309 2699 possumus,
1338 2642 1407 2684 ex
1453 2627 1867 2699 comparatione
1902 2633 1990 2684 ιον

405 2731 531 2772 men
566 2715 730 2772 istius
757 2716 909 2784 vitae,
938 2717 1258 2788 conjectura
1285 2717 1538 2788 quaedam
1567 2718 1718 2780 illius
1745 2717 1861 2774 ﬁeri
1893 2732 1988 2788 po.-

407 2813 536 2862 tcst.
584 2803 774 2877 Neque
833 2806 982 2862 enim
1033 2809 1142 2863 erit
1188 2815 1448 2871 concreta
1501 2808 1683 2878 aliqua
1737 2806 1986 2878 corporis

405 2893 757 2961 crassitudo,
823 2909 928 2955 nec
998 2897 1111 2960 ulla
1169 2899 1577 2961 contrariorum
1645 2913 1985 2959 concurrens

404 2987 693 3057 aequalitas
741 2986 1144 3050 elementorum
1169 3027 1186 3054 ,
1219 3005 1456 3060 quorum
1487 2992 1714 3062 aequalis
1743 3007 1808 3051 ac
1862 3008 1987 3051 mu-
2014 2970 2061 3034 (δ

407 3088 503 3133 tua
543 3093 723 3150 pugna
755 3079 1213 3142 constitutionem
1247 3089 1492 3137 nostram
1520 3121 1537 3147 ,
1584 3083 1990 3140 valetudinem-.-

405 3185 516 3240 que
545 3178 862 3226 conservat.
895 3169 1033 3233 Nam
1062 3172 1110 3229 si
1142 3187 1334 3228 eorum
1381 3173 1602 3244 aliquod
1661 3176 1748 3231 vel
1787 3176 1992 3233 redun—

406 3258 538 3324 det,
583 3258 670 3315 vel
709 3257 960 3328 deﬁciat,
1009 3267 1213 3315 natura
1250 3259 1638 3332 perturbatur,
1669 3275 1735 3325 ac
1781 3261 1991 3316 morbis

405 3350 669 3410 afﬁcitur.
701 3351 796 3408 llla
841 3359 1023 3409 autem
1043 3351 1158 3408 vita
1205 3367 1308 3408 nec
1362 3351 1542 3411 inedia
1587 3352 1836 3417 laborat,
1890 3366 1992 3408 nec

405 3442 724 3512 cruditate,
777 3457 882 3500 nec
912 3441 1155 3515 frigore,
1185 3443 1471 3499 caloresve
1519 3451 1613 3500 aut
1663 3443 1800 3511 alias
1846 3444 1990 3503 aeris

405 3535 642 3606 injurias
693 3537 899 3603 sentit,
947 3543 1004 3592 et
1049 3534 1165 3591 illic
1211 3535 1428 3606 agitur,
1489 3536 1582 3590 ubi
1623 3535 1694 3590 ab
1729 3537 1990 3604 unmibus

404 3627 531 3690 istis
585 3626 872 3685 laboribus
924 3626 1256 3683 necessariis
1312 3625 1471 3690 liberi
1523 3626 1754 3683 erimus.
1802 3626 1991 3698 Neque

404 3719 552 3782 enim
580 3727 673 3774 aut
696 3733 830 3791 agro
856 3718 1131 3787 colendo,
1163 3727 1260 3772 aut
1305 3718 1616 3790 navigando
1661 3717 1990 3790 defatigabi-

404 3826 571 3878 mur;
625 3826 739 3872 non
790 3817 1140 3876 mercatura,
1169 3824 1280 3864 non
1313 3810 1427 3864 ullo
1476 3817 1691 3880 quaestu
1737 3812 1990 3882 coinqui-

405 3902 710 3956 nabimur:
766 3901 865 3957 sed
921 3901 992 3956 ab
1043 3893 1392 3967 aediﬁcandi,
1436 3901 1691 3966 texendi,
1731 3903 1991 3975 omnique

407 3990 761 4050 sordidarum
810 3990 1013 4046 artium
1052 3991 1277 4048 miseria
1304 3991 1464 4047 vacui
1508 3988 1894 4064 tranquillam,
1931 4004 1992 4050 ut

407 4081 616 4150 Paulus
647 4081 758 4146 ait,
799 4095 866 4136 ac
892 4081 1134 4152 quietam
1165 4095 1392 4152 agemus
1425 4082 1592 4138 vitam
1620 4101 1637 4153 ;
1665 4099 1775 4139 non
1806 4092 1952 4141 terra
1971 4125 1988 4152 ,

407 4187 524 4238 non
553 4172 696 4228 mari
720 4173 1128 4243 pugnabimus;
1171 4189 1282 4229 non
1310 4173 1555 4244 equitatu
1585 4215 1601 4240 ,
1664 4191 1776 4231 non
1837 4177 1991 4248 pedi-

408 4270 530 4328 tatu
579 4276 780 4320 manus
814 4277 1210 4334 conseremus;
1261 4263 1319 4318 in
1381 4265 1724 4335 apparitibus
1776 4266 1988 4325 bellicis

408 4368 520 4412 non
577 4353 980 4425 Occupabimur
1013 4391 1030 4420 ,
1093 4367 1205 4421 non
1248 4355 1530 4424 exigemus
1583 4357 1822 4425 tributa;
1879 4372 1989 4413 non

409 4443 594 4510 fossa,
627 4459 738 4499 non
770 4459 930 4500 muro
957 4459 1061 4505 nus
1095 4445 1444 4513 muniemus;
1478 4445 1574 4502 sed
1621 4448 1693 4507 ab
1732 4450 1990 4506 omnibus

407 4536 683 4611 ejusmodi
735 4537 1021 4604 laboribus
1059 4547 1113 4604 et
1143 4538 1414 4601 molestiis
1451 4541 1805 4596 remotissimi
1829 4583 1845 4608 ,
1885 4557 1990 4599 nec

409 4630 736 4686 habebimus
777 4629 946 4686 ullum
986 4629 1092 4700 ipsi
1121 4630 1434 4701 negotium,
1472 4645 1574 4695 nec
1609 4632 1990 4695 exhibebimus

409 4721 587 4786 alteri.
631 4720 750 4776 Illic
801 4720 949 4784 enim
1001 4735 1104 4776 nec
1157 4721 1430 4788 servitus,
1487 4739 1591 4780 nec
1633 4723 1987 4793 dominatus,

407 4827 514 4875 nec
542 4821 838 4884 paupertas
857 4850 874 4878 ,
906 4827 1009 4876 nec
1031 4812 1238 4869 divitiae
1256 4850 1273 4877 ,
1318 4829 1420 4881 nec
1446 4817 1663 4886 generis
1687 4815 1948 4888 splendor
1969 4857 1987 4885 ,

408 4911 506 4961 aut
536 4904 852 4966 obscuritas
873 4944 888 4969 ,
927 4919 1032 4967 nec
1067 4905 1407 4974 privatorum
1438 4906 1720 4965 humilitas
1740 4949 1756 4973 ,
1780 4923 1882 4964 nec
1903 4909 1989 4966 di-

409 4997 593 5066 gnitas
631 4995 1052 5066 magistratuum
1077 5035 1092 5057 ,
1128 5010 1230 5050 nec
1260 4995 1368 5068 ulla
1397 4998 1522 5054 talis
1553 4999 1816 5068 fortunas,
1853 5016 1989 5056 con-

411 5088 678 5154 ditionis,
729 5098 786 5143 et
828 5089 1039 5150 ordinis
1082 5088 1388 5146 ditierentia
1437 5090 1619 5155 locum
1659 5092 1841 5150 habet.
1896 5093 1992 5158 Et-

408 5182 554 5236 enim
581 5180 829 5243 omnium
854 5180 1128 5251 ejusmodi
1159 5196 1346 5238 rerum
1373 5183 1758 5248 necessitatem
1799 5187 1988 5251 exclu-

407 5269 491 5325 dit
521 5271 612 5326 illa
645 5272 793 5337 vita,
829 5288 952 5343 quae
982 5274 1228 5330 materiae
1279 5289 1478 5346 expers
1535 5276 1688 5337 nulla
1735 5293 1795 5334 re
1831 5286 1986 5350 eget,

412 5362 470 5416 in
517 5377 626 5431 qua
677 5368 932 5428 naturam
978 5363 1148 5429 animi
1189 5378 1297 5420 non
1339 5381 1407 5420 ex
1449 5365 1598 5430 sicco
1651 5367 1989 5439 humidoque

411 5461 709 5518 constare,
761 5454 857 5515 sed
913 5469 981 5510 ex
1031 5454 1233 5520 divina:
1281 5464 1492 5522 natura:
1541 5460 1887 5530 cognitione,
1932 5470 1988 5517 et

411 5543 644 5614 hujusce
697 5545 926 5627 spiritus
979 5547 1114 5601 aerii
1161 5547 1319 5611 loco,
1377 5565 1507 5605 vero
1539 5550 1632 5604 illo
1687 5561 1988 5622 sanctoque

411 5633 620 5722 spiritu
647 5633 756 5692 l'rui
791 5646 900 5707 non
925 5634 1266 5710 ambigimus.
1290 5638 1423 5718 Quae
1446 5640 1666 5713 quidem
1699 5641 1843 5700 bona
1874 5659 1985 5714 non

2171 1612 2322 1668 Ἐπεὶ
2365 1607 2459 1668 οὖν
2486 1612 2563 1684 τῷ
2603 1611 2822 1685 ἀληθῶς
2853 1611 3044 1684 ἀγαθῷ
3076 1614 3214 1684 πρὸς
3253 1611 3317 1667 τὸ
3340 1610 3418 1685 μὴ
3455 1611 3674 1682 ἀληθῶς

2090 1705 2295 1774 ἀγαθόν
2326 1706 2474 1760 ἐστιν
2501 1707 2535 1776 ή
2567 1704 2837 1770 ἀντίθεσις
2858 1745 2874 1771 ,
2901 1705 3106 1777 ἄμεσος
3125 1704 3181 1758 δὲ
3207 1705 3318 1758 τῶν
3347 1705 3440 1759 δύο
3465 1705 3676 1760 τούτων

2091 1798 2128 1871 η
2153 1797 2488 1862 ἐναντίωσις*
2511 1797 2802 1852 ἀκόλουθον
2827 1797 2894 1853 ἂν
2922 1797 3008 1868 εἴη
3030 1799 3141 1861 τοῖς
3161 1797 3551 1870 χωριζομένοις
3574 1797 3675 1852 τοῦ

2093 1888 2170 1962 μὴ
2203 1888 2418 1961 ἀληθῶς
2451 1888 2603 1954 ὄντος
2631 1888 2820 1957 καλοῦ,
2851 1889 2987 1961 πρὸς
3012 1888 3074 1942 τὸ
3099 1890 3167 1959 τῇ
3200 1887 3359 1958 φύσει
3397 1887 3560 1943 καλὸν
3586 1890 3679 1942 ὲν·

2091 1981 2241 2038 θένδε
2271 1980 2546 2048 πιστεύειν
2578 1979 2676 2052 τὴν
2717 1981 3046 2051 μετάστασιν
3083 1977 3352 2047 γίνεσθαι,
3379 1977 3408 2032 ὃ
3441 1979 3674 2033 πάντοτε

2089 2071 2186 2138 καὶ
2223 2072 2390 2135 παντὶ
2430 2071 2526 2126 καὶ
2549 2070 2639 2136 διὰ
2663 2071 2881 2126 πάντων
2919 2070 3065 2122 ἐστὶν
3093 2068 3314 2138 ἀγαθὸν,
3361 2066 3485 2122 οὗτε
3532 2071 3677 2123 κατὰ

2088 2165 2335 2237 καιροὺς,
2370 2161 2494 2224 οὔτε
2524 2162 2618 2222 ὲπί
2648 2180 2841 2229 τινων,
2869 2160 2993 2216 οὕτε
3023 2159 3114 2222 διά
3135 2177 3212 2227 τι,
3255 2160 3372 2214 ἀλλ’
3394 2162 3484 2216 ἀεὶ
3527 2163 3675 2218 κατά

2085 2255 2158 2311 τά
2193 2255 2332 2310 αὐτὰ
2356 2255 2450 2309 καὶ
2473 2253 2735 2319 ὡσαύτως
2762 2253 2904 2324 ἔχον.
2934 2252 3079 2324 Πρὸς
3107 2251 3264 2306 τοῦτο
3287 2252 3467 2310 τοίνυν
3499 2252 3678 2324 μέτει-

2089 2363 2174 2412 σιν
2196 2345 2304 2402 ἀπὸ
2328 2348 2428 2417 τῆς
2451 2345 2764 2417 σαρκώδους
2797 2343 2942 2416 ζωῆς
2971 2344 3008 2417 ἡ
3032 2341 3348 2414 ἀνθρωπίνη
3375 2341 3545 2414 ψυχὴ,
3573 2342 3673 2398 ἁλ-

2083 2438 2184 2508 λην
2219 2435 2344 2501 τινὰ
2370 2435 2484 2507 βίου
2525 2435 2862 2502 κατάστασιν
2900 2435 3023 2494 ἀντὶ
3050 2434 3148 2504 τῆς
3187 2432 3468 2506 παρούσης
3499 2451 3674 2505 μετα-

2087 2526 2466 2600 λαμϐάνουσα,
2499 2527 2566 2600 ἢν
2603 2526 2672 2593 δι’
2711 2525 2997 2598 ἀκριᾰείας
3037 2525 3135 2597 μὲν
3187 2525 3337 2590 ιδεῖν,
3365 2525 3487 2596 ἥτις
3533 2526 3672 2591 ἐστὶ,

2084 2621 2150 2690 τῇ
2185 2618 2351 2690 σαρκὶ
2385 2617 2850 2689 συγκεκραμένοις
2877 2617 3156 2689 ἀμήχανον
3176 2633 3191 2649 ·
3217 2619 3283 2670 ὲκ
3320 2615 3378 2670 δὲ
3401 2617 3502 2688 τῆς
3530 2617 3677 2672 κατὰ

2083 2712 2176 2766 τὸν
2210 2711 2326 2783 βίον
2355 2711 2546 2765 τοῦτον
2572 2711 2992 2784 γνωριζομένων
3023 2709 3422 2782 ὑπεξαιρέσεως
3447 2711 3675 2766 δυνατόν

2085 2803 2202 2869 ἐστι
2225 2803 2528 2874 στοχασμὸν
2560 2819 2682 2856 τινα
2709 2802 2777 2857 δι’
2805 2802 3098 2873 ἀναλογίας
3126 2802 3434 2858 ἀναλαϐεῖν.
3473 2803 3673 2859 Οὐκέτι

2087 2894 2198 2967 γὰρ
2219 2893 2372 2962 ἔσται
2404 2897 2690 2967 σωματικῇ
2727 2893 2999 2966 παχύτητι
3027 2894 3517 2966 συμπεπλεγμένη,
3541 2893 3670 2950 οὔτε

2088 2989 2157 3058 τῇ
2213 2985 2527 3058 ἰσοκρατεία
2565 2984 2675 3040 τῶν
2722 2986 3206 3058 άντιστοιχούντων
3256 2986 3671 3058 ἐμᾶιοτεύουσα,

2089 3071 2166 3134 ὧν
2199 3079 2235 3151 ὴ
2260 3078 2546 3151 ἰσόρροπος
2583 3078 2721 3150 πρὸς
2753 3077 2960 3150 ἄλληλα
2995 3079 3165 3149 μάχη,
3196 3077 3299 3151 τὴν
3324 3077 3584 3132 σύστασίν
3610 3095 3672 3137 τε

2088 3171 2246 3242 ἡμῶν
2268 3172 2362 3226 καὶ
2381 3172 2479 3243 τὴν
2517 3171 2730 3242 ὑγίειαν
2757 3173 2921 3224 ποιεῖ.
2956 3169 3015 3224 '0
3048 3170 3159 3241 γὰρ
3199 3169 3539 3241 πλεονασμὸς
3563 3170 3674 3225 τῶν

2087 3262 2346 3317 ἐναντίων
2371 3262 2518 3328 τινὸς
2543 3263 2638 3317 καὶ
2664 3263 2699 3334 ὴ
2723 3261 2980 3332 ἔλλειψις,
3003 3261 3174 3326 πάθος
3205 3261 3302 3316 καὶ
3329 3260 3673 3338 ἀρρώστημα

2088 3354 2187 3426 τῆς
2216 3353 2432 3424 φύσεως
2459 3355 2668 3424 γίνεται
2693 3370 2708 3386 ο
2739 3349 2849 3428 ἐςνῇ
2877 3353 3028 3407 οὐδὲν
3049 3351 3172 3406 οὔτε
3200 3352 3546 3408 συστέλλεται
3575 3369 3671 3407 κε-

2088 3446 2367 3517 νούμενον,
2390 3444 2515 3513 abte
2536 3445 2795 3516 δυσφορεζ
2819 3443 3206 3517 φορτιζόμενον
3224 3455 3240 3471 ⁸
3270 3442 3409 3498 ἀλλά
3439 3442 3535 3498 καὶ
3560 3443 3676 3497 τῶν

2087 3536 2156 3602 ἐκ
2180 3534 2274 3597 τοῦ
2301 3535 2463 3608 ἀέρος
2503 3534 2684 3607 ἀηδῶν
2715 3532 2821 3600 ἔξω
2853 3532 3171 3597 παντάπασι
3197 3531 3425 3602 γίνεται,
3474 3531 3674 3604 κρύους

2087 3643 2148 3694 τε
2182 3626 2328 3697 λέγω
2357 3627 2451 3691 καὶ
2475 3625 2733 3690 θάλπους,
2757 3625 2852 3679 καὶ
2877 3624 3096 3691 πάντων
3123 3623 3235 3679 τῶν
3255 3623 3396 3684 κατά
3427 3623 3492 3684 τὸ
3510 3625 3674 3678 ἐναν-

2086 3718 2203 3773 τίον
2234 3718 2537 3789 νοουμένων
2585 3717 3013 3789 ἀπηλλαγμένηο
3064 3717 3126 3770 ὲν
3153 3715 3380 3781 ἐκείνοις
3421 3715 3478 3768 δὲ
3521 3732 3674 3785 γινο-

2091 3809 2250 3882 μένη,
2292 3811 2427 3876 ὅπου
2478 3809 2694 3875 πάντων
2736 3807 2847 3864 τῶν
2881 3809 3197 3878 ἀναγκαίων
3232 3809 3496 3880 καμάτων
3519 3807 3676 3863 ἐλευ-

2090 3900 2224 3972 θέρα
2263 3917 2324 3954 τε
2363 3901 2460 3958 καὶ
2487 3900 2675 3968 ᾷνετός
2718 3899 2929 3971 ἐστινὴ
2984 3898 3132 3972 ζωή·
3177 3899 3237 3952 οὐ
3270 3898 3359 3953 διὰ
3397 3899 3674 3970 γεωργίας

2089 3991 2502 4057 κακοπαθοῦσα,
2533 3993 2595 4046 οὐ
2627 3993 2755 4056 τοὺς
2803 3991 3146 4056 διαποντίους
3191 3990 3540 4063 ὑπομένουσα
3573 3992 3676 4046 1rd-

2090 4101 2235 4148 νους,
2255 4085 2316 4137 οὐ
2347 4083 2438 4138 διὰ
2461 4084 2561 4156 τῆς
2592 4085 2898 4156 ὲμπορικῆς
2922 4082 3222 4155 καπηλείοις
3250 4083 3669 4156 ἀσχημονοῦσαο

2089 4176 2433 4249 οἰκοδομικῆς
2450 4194 2510 4231 τε
2535 4178 2630 4232 καὶ
2665 4177 2987 4249 ὑφαντικῆς,
3019 4176 3113 4230 καὶ
3131 4175 3232 4248 τῆς
3254 4175 3366 4232 τῶν
3387 4177 3672 4246 βαναύσων

2090 4269 2294 4340 τεχνῶν
2321 4269 2696 4342 ταλαιπωρίας
2744 4269 3146 4340 κεχωρισμένη,
3174 4267 3382 4341 ῆρεμόν
3419 4286 3539 4322 τινα
3574 4269 3672 4323 καὶ

2092 4361 2317 4432 ἡσύχιον
2364 4361 2540 4432 διάγει
2581 4361 2716 4432 βίον,
2771 4360 2956 4424 καθὼς
3000 4363 3029 4415 ὁ
3073 4359 3284 4424 Παῦλός
3336 4377 3521 4431 φησιν,
3571 4362 3671 4431 οὐχ

2093 4409 2500 4524 ἱππόμαχοῦσοί,
2537 4409 2608 4506 ού
2634 4409 3009 4523 ναῦμαχοῦσα,
3055 4451 3118 4505 ού
3153 4409 3422 4522 συστάδῖην
3447 4409 3536 4506 διά
3568 4409 3710 4521 τῆὲί

2091 4542 2322 4614 πεζικῆς
2353 4540 2711 4614 παρατάξεως
2752 4540 3197 4615 συμπλεκομένη,
3225 4542 3288 4594 οὐ
3325 4541 3462 4612 πρὸς
3502 4558 3669 4595 κατα-

2093 4612 2292 4706 σκευὴν
2319 4612 2499 4688 ὅπλων
2541 4612 2935 4707 ἀσχολουμένη,
2990 4612 3050 4697 ού
3090 4612 3290 4706 φόρους
3347 4612 3707 4701 ὲκλέγουσα,⁸

2088 4727 2150 4782 ού
2177 4727 2418 4800 τάφρους
2441 4728 2537 4782 καὶ
2558 4727 2713 4799 τείχη
2752 4727 3258 4793 κατασκευάζουσα,
3287 4725 3423 4780 ἀλλὰ
3453 4725 3672 4779 πάντων

2089 4821 2202 4875 τῶν
2233 4820 2490 4886 τοιούτων
2531 4821 2728 4892 ἀτελής
2764 4821 2848 4884 τίς
2885 4823 3001 4875 ἐστι
3051 4819 3146 4878 καὶ
3192 4817 3468 4891 ἐλευθέρα.
3512 4819 3668 4889 Μήτε

2091 4913 2290 4985 ἔχουσα
2327 4914 2580 4986 πρᾶγμα,
2631 4913 2770 4984 μήτε
2802 4911 3142 4984 παρέχουσα,
3186 4911 3245 4970 ὲν
3357 4907 3570 4962 δουλεία
3608 4924 3669 4964 τι

2090 5005 2187 5060 καὶ
2222 5006 2488 5079 ’κυριότης
2513 5006 2608 5060 καὶ
2649 5004 2829 5070 πενία,
2877 5003 3126 5072 εὐγένειά
3149 5019 3209 5055 τε
3239 5002 3332 5056 καὶ
3363 5000 3667 5069 δυσγένεια,
3718 4997 3733 5009 ⁴

2090 5098 2186 5150 καὶ
2221 5095 2459 5168 ἰδιωτικὴ
2483 5095 2826 5166 ταπεινότης,
2851 5094 2946 5148 καὶ
2979 5092 3320 5165 ἀξιωματικὴ
3355 5090 3665 5157 δυναστεία,

2088 5187 2186 5253 καὶ
2217 5189 2367 5241 πᾶσα
2409 5186 2632 5257 τοιαύτη
2671 5185 2956 5257 ἀνωμαλία
2990 5183 3174 5255 χώραν
3205 5183 3306 5236 οὑκ
3341 5181 3474 5252 ἔχει.
3520 5182 3668 5254 Παρ-

2089 5281 2328 5351 αιρεῖται
2358 5277 2464 5350 γάρ
2501 5279 2718 5333 πάντων
2757 5277 2964 5330 τούτων
3003 5277 3097 5329 καὶ
3129 5273 3237 5328 τῶν
3268 5272 3525 5328 τοιούτων
3568 5273 3668 5344 τὴν

2089 5369 2354 5439 ἀνάγκην,
2380 5370 2441 5423 τὸ
2470 5368 2713 5432 ἀνενδεὲς
2737 5368 2836 5439 τῆς
2867 5367 3014 5437 ζωῆς
3036 5365 3249 5437 ἐκείνης
3281 5364 3375 5418 καὶ
3403 5363 3588 5428 ἄῦλον,
3609 5367 3668 5418 ὲν

2089 5455 2206 5534 ᾔτδ
2240 5460 2566 5532 διακρατοῦν
2593 5461 2689 5532 τῆς
2714 5460 2891 5530 ψυχῆς
2921 5458 3018 5531 τὴν
3052 5457 3368 5522 ὑπόστασιν,
3402 5459 3465 5511 οὺ
3499 5454 3665 5528 ξηροῦ

2089 5570 2147 5607 τε
2175 5552 2269 5607 καὶ
2305 5552 2474 5625 ὑγροῦ
2511 5553 2656 5620 τινός
2684 5554 2800 5607 ἐστι
2837 5551 3118 5623 μετουσία,
3159 5550 3277 5604 ἀλλ’
3316 5553 3350 5622 ἡ
3389 5551 3490 5622 τῆς
3516 5549 3664 5613 θείας

2090 5643 2302 5727 φύσεως
2333 5644 2678 5715 κατανόησις,
2704 5645 2822 5707 ἀντὶ
2849 5643 3020 5698 δὲτοῦ
3059 5641 3306 5712 ὲναερίου
3331 5642 3659 5712 πνεύματος,
