4072 6156
313 277 419 338 805

1721 301 1811 357 DE
1844 302 2175 363 MORTUIS.

3478 314 3582 368 506

316 399 410 453 τοῦ
435 398 701 491 ἀληθινοῦ
728 417 788 455 τε
816 403 912 458 καὶ
942 403 1099 475 ἁγίου
1138 407 1456 481 Πνεύματος
1495 409 1634 469 εἶναι
1661 416 1763 487 τὴν
1785 435 1890 472 κοι-

2006 418 2371 471 immutantur
2402 417 2471 474 ad
2499 417 2914 475 similitudinem
2953 433 3144 475 eorum
3191 432 3312 491 quae
3363 431 3489 475 sunt
3526 423 3580 476 in

314 489 516 544 νωνίαν
569 490 669 546 ούκ
724 492 1157 567 ἀμφιϐάλλομεν.
1204 494 1306 553 Ὦν
1359 502 1393 574 ὴ
1450 503 1746 571 ἀπόλαυσις
1794 508 1896 562 οὐκ

316 581 692 655 ἐνηλλαγμένη
727 584 851 638 καθ’
894 587 1187 660 ὁμοιότητα
1226 591 1322 644 τοῦ
1352 593 1478 664 τῇδε
1527 594 1644 665 βίου
1677 597 1765 651 διὰ
1794 598 1896 669 τῆς

317 672 483 738 Ξξεως
514 675 612 729 καὶ
665 678 973 748 στερήσεως
1015 681 1242 750 γίνεται,
1285 685 1664 760 εἰσκρινομένη
1708 707 1769 744 τε
1802 692 1897 745 καὶ

320 763 755 838 ἀποποιουμένη,
803 768 918 821 ἀλλ’
955 770 1043 824 ἀεὶ
1095 772 1445 847 πληρουμένη
1497 778 1594 836 καὶ
1642 780 1896 836 οὐδέποτε

320 855 738 947 περιγράφουσα
782 859 928 931 κόρῳ
964 860 1062 932 τὴν
1108 862 1407 936 πλήρωσιν.
1452 868 1689 941 ’Δϐαρὴς
1723 870 1832 947 γάρ
1860 873 1897 944 η

318 945 481 1017 νοσρά
520 947 724 1020 τρυφὴ,
770 950 866 1003 καὶ
902 951 1225 1025 ἀπλήρωτος
1272 957 1504 1012 πάντοτε
1538 962 1659 1025 ταῖς
1706 962 1897 1020 ἐπιθυ-

322 1036 472 1106 μίαις
486 1036 597 1092 τῶν
627 1041 962 1115 μετεχόντων
993 1045 1305 1116 ἀκορέστως
1324 1048 1896 1124 ἐπιπλημμυρίζουσα.

319 1127 417 1180 Διά
448 1127 607 1183 τοῦτο
637 1133 884 1204 μακαρία
910 1134 994 1198 τίς
1025 1136 1174 1197 ἐστιν
1203 1138 1385 1211 ἐκείνη
1410 1143 1443 1211 ή
1483 1123 1596 1215 ζωὴ
1639 1123 1732 1198 καὶ
1759 1146 1899 1217 ἀκήο

322 1235 504 1309 ρατος,
544 1223 742 1293 μηκέτι
769 1227 887 1290 ταῖς
935 1226 1047 1281 τῶν
1082 1229 1451 1303 αἰσθητηρίων
1498 1233 1713 1305 ἡδοναῖς
1758 1236 1899 1309 πρὸς

316 1308 418 1379 τὴν
450 1310 546 1367 τοῦ
591 1313 756 1381 καλοῦ
785 1316 967 1387 κρίσιν
1008 1318 1429 1394 ἐμπλανωμένη.
1467 1325 1534 1378 Τί
1568 1327 1749 1385 τοίνυν
1776 1308 1895 1383 ἐστὶ

319 1400 645 1472 σκυθρωπὸν
670 1406 728 1459 ἐν
756 1405 836 1477 τῷ
862 1408 1168 1480 πράγματι,
1190 1411 1258 1465 δι’
1287 1412 1316 1465 ὃ
1340 1416 1405 1486 τῇ
1437 1416 1767 1485 μεταστάσει
1790 1418 1899 1473 τῶν

317 1489 641 1564 ἐπιτηδείων
669 1495 1171 1571 ἐπιστυγνάζομεν;
1205 1502 1255 1555 εἰ
1288 1502 1363 1573 μὴ
1392 1504 1551 1561 τοῦτό
1571 1523 1657 1571 τις
1675 1507 1784 1578 ἄρα
1807 1507 1901 1563 λυ-

319 1579 494 1653 πηρὸν
524 1585 765 1654 ήγεῖται,
802 1587 888 1640 ὅτι
915 1588 1054 1660 πρὸς
1074 1589 1167 1653 τὸν
1194 1590 1381 1662 ἀπαθῆ
1404 1609 1465 1645 τε
1490 1595 1586 1647 καὶ
1607 1595 1899 1669 ἀνενόχλη-

320 1691 412 1730 τον
435 1674 550 1745 βίον
571 1676 753 1739 αὐτοῖς
774 1678 806 1748 ἡ
840 1677 1169 1749 μετάστασις
1189 1680 1417 1750 γίνεται,
1447 1684 1506 1747 ὃς
1524 1684 1645 1746 οὔτε
1674 1686 1898 1757 πληγῶν

1996 508 2099 562 hac
2139 508 2249 564 vita
2271 548 2287 573 ,
2320 509 2450 564 dum
2476 525 2541 565 ea
2574 512 2661 566 vel
2702 512 3085 583 assequimur,
3119 514 3205 568 vel
3238 513 3540 570 amittimus
3562 556 3579 581 ,

1996 598 2125 654 dum
2157 598 2457 668 injicimus,
2479 600 2566 654 vel
2585 599 2839 670 ejicimus
2863 618 2879 663 ;
2911 602 3006 658 sed
3032 617 3311 673 nunquam
3334 602 3577 673 explent,

1996 702 2279 758 nunquam
2318 690 2542 745 satiant.
2587 690 2767 745 Animi
2795 704 3031 761 namque
3061 691 3271 748 deliciae
3301 707 3410 747 non
3451 702 3581 748 sunt

1996 792 2212 849 graves,
2236 792 2337 833 nec
2370 778 2666 835 fruentium
2699 780 2972 836 desiderio
2992 781 3156 836 ullam
3185 798 3425 853 unquam
3449 783 3579 839 aﬂe-
3613 833 3625 865 ,ι

1997 878 2127 924 runt
2154 868 2488 926 satietatem.
2526 869 2763 941 Ideoque
2797 870 2953 926 beata
2979 879 3064 927 est
3101 871 3192 925 illa
3222 872 3333 926 vita
3359 909 3375 937 ,
3408 880 3575 944 atque

1996 959 2363 1025 immortalis,
2419 961 2622 1032 quippe
2680 976 2805 1032 quae
2857 977 3121 1017 sensuum
3170 963 3401 1019 libidine
3461 979 3574 1019 non

1996 1049 2205 1107 fallitur
2235 1053 2292 1107 in
2316 1052 2480 1109 bonis
2537 1052 2931 1124 dijudicandis.
2993 1052 3137 1119 Quid
3182 1054 3349 1124 igitur
3395 1062 3482 1111 est
3518 1055 3574 1110 in

1995 1140 2117 1212 ipsa
2147 1156 2208 1198 re
2243 1142 2393 1205 mali,
2428 1143 2782 1213 quamobrem
2812 1144 3111 1199 amicorum
3143 1152 3199 1200 et
3228 1145 3579 1203 familiarium

1997 1231 2152 1287 obitu
2215 1231 2537 1289 doleamus?
2566 1232 2674 1289 nisi
2724 1233 2849 1305 quis
2905 1233 3203 1290 dolendum
3251 1237 3573 1305 existimat,

1998 1324 2146 1393 quod
2161 1324 2229 1380 ad
2258 1325 2425 1380 vitam
2453 1324 2928 1396 perturbationum
2946 1340 3010 1381 ac
3032 1324 3374 1383 miseriarum
3391 1344 3579 1400 exper-

1998 1421 2109 1470 tem
2150 1416 2579 1486 proliciscuntur
2600 1457 2617 1485 ,
2651 1416 2706 1472 in
2746 1431 2855 1489 qua
2882 1417 3166 1489 plagarum
3223 1417 3439 1474 dolores
3470 1435 3580 1476 non

1997 1514 2253 1564 metuunt
2278 1548 2296 1573 ,
2327 1522 2438 1563 non
2468 1508 2613 1579 ignis
2640 1508 2819 1565 minas
2840 1548 2855 1570 ,
2887 1523 2999 1565 non
3026 1508 3160 1564 ferri
3185 1509 3410 1566 vulnera
3431 1552 3446 1577 ,
3468 1526 3579 1568 non

1997 1601 2159 1652 terra:
2184 1604 2401 1664 motus,
2438 1605 2534 1653 aut
2555 1597 2831 1667 naufragii
2854 1638 2869 1666 ,
2907 1607 3003 1655 aut
3034 1599 3321 1657 servitutis
3355 1600 3582 1655 calami-

1998 1695 2174 1756 tates,
2208 1704 2319 1746 non
2358 1690 2677 1746 immanium
2702 1689 2942 1746 ferarum
2972 1692 3243 1762 impetus,
3275 1707 3387 1748 non
3417 1708 3580 1750 vene-

315 1763 510 1855 δδύνως
543 1766 853 1838 προσίεται,
884 1768 945 1824 οὐ
979 1770 1150 1841 πυρὸς
1183 1771 1421 1827 δέδοικεν
1452 1775 1705 1849 ἀπειλὴν,
1735 1778 1797 1837 οὐ
1828 1778 1890 1835 τὰ

1998 1793 2160 1838 natos
2192 1797 2257 1838 ac
2277 1782 2571 1854 pestiferos
2616 1784 2958 1855 serpentium
2992 1785 3217 1840 aculeos
3252 1798 3582 1855 morsusque

315 1853 402 1908 διά
432 1854 651 1927 σιδήρου
681 1857 993 1928 τραύματα,
1046 1861 1146 1914 οὐκ
1179 1862 1287 1917 ἀπὸ
1319 1864 1559 1936 σεισμῶν
1601 1868 1697 1931 καὶ
1734 1886 1900 1926 ναυα-

314 1943 450 2012 γίων
491 1945 587 1999 καὶ
615 1946 1001 2018 αἰχμαλωσιῶν
1037 1953 1345 2025 συμφορὰς,
1380 1956 1441 2011 οὐ
1471 1956 1573 2021 τὰς
1608 1957 1717 2014 τῶν
1748 1959 1898 2030 ὡμοι-

314 2034 492 2106 ϐὀρων
518 2035 723 2108 θηρίων
762 2039 1088 2110 προσϐολὰς,
1122 2043 1183 2096 οὐ
1212 2043 1283 2097 τὰ
1312 2044 1421 2100 τῶν
1459 2047 1808 2118 ἐρπυστικῶν
1834 2066 1895 2104 τε

315 2126 411 2179 καὶ
443 2126 663 2182 ἰοϐόλων
711 2129 915 2203 κέντρα
939 2133 1033 2186 καί⁵
1057 2133 1331 2206 δήγματα.
1370 2138 1459 2194 Ἐν
1489 2132 1534 2209 ᾧ
1572 2139 1746 2204 οὐδεὶς
1771 2140 1894 2196 οὔτε

315 2216 636 2286 ἐξογκοῦται
671 2221 751 2293 τῷ
778 2222 955 2296 τύφῳ,
993 2224 1119 2280 οὔτε
1159 2231 1409 2285 πατεῖται
1434 2232 1493 2286 ἐν
1524 2234 1892 2306 ταπεινότητι,

314 2307 441 2368 οὗτε
469 2310 575 2365 ὑπὸ
596 2311 832 2383 θράσους
859 2316 1230 2388 ἐκθηριοῦται,
1263 2319 1386 2375 οὔτε
1436 2322 1543 2384 ὑπὸ
1570 2324 1774 2388 δειλίας
1794 2341 1895 2380 κα-

311 2404 652 2469 ταπτοείται,
676 2403 801 2464 οὗτε
820 2409 886 2478 τῇ
905 2409 1041 2481 ὀργῇ
1073 2411 1444 2482 περιοιδαίνει,
1472 2414 1609 2478 ζέων
1629 2415 1707 2489 τῷ
1737 2416 1894 2490 θυμῷ

313 2492 411 2547 καὶ
442 2495 785 2565 μαινόμενος,
812 2497 941 2553 ὀὔτε
987 2499 1257 2561 κλονεῖται
1291 2503 1396 2563 ὑπὸ
1429 2505 1523 2560 τοῦ
1562 2507 1749 2577 φόϐου,
1800 2511 1895 2565 ἀν-

310 2591 520 2659 τισχεῖν
547 2592 682 2663 πρὸς
705 2593 804 2664 τὴν
824 2592 916 2647 τοῦ
937 2595 1264 2665 κρατοῦντος
1290 2598 1465 2671 ὁρμὴν
1487 2599 1548 2653 οὐ
1575 2601 1889 2673 δυνάμενος.

326 2683 416 2737 Ἐν
443 2680 488 2754 ᾧ
515 2686 737 2756 φροντὶς
776 2687 876 2740 ούκ
908 2687 1054 2743 ἔστιν
1086 2688 1174 2748 οἷα
1202 2689 1309 2744 τῶν
1341 2690 1607 2761 βασιλέων
1645 2694 1714 2749 τά
1742 2694 1847 2767 ῆθη
1872 2711 1890 2730 ο

308 2777 456 2841 τίνες
493 2778 552 2831 αἰ
599 2777 933 2850 νομοθεσίᾳι,
984 2776 1083 2835 οἷοι
1137 2781 1244 2836 τῶν
1286 2783 1503 2853 τρόπων
1556 2785 1605 2838 οἰ
1653 2785 1747 2839 ἐπὶ
1784 2786 1892 2843 τῶν

309 2867 498 2939 ἀρχῶν
546 2868 892 2939 τεταγμένοι,
935 2866 1024 2923 οἷα
1069 2870 1139 2924 τά
1190 2870 1609 2942 διαγράμματα,
1669 2873 1833 2937 πόσος
1860 2874 1890 2927 ό

310 2960 530 3030 ἐτήσιος
561 2960 759 3031 φόρος·
789 2959 913 3014 οὔτε
947 2962 995 3014 εἰ
1024 2961 1192 3034 πολλὴ
1219 2962 1440 3031 γέγονεν
1468 2962 1765 3035 ἐπομϐρία,
1791 2980 1893 3018 κα·-

307 3051 655 3115 τακλύζουσα
700 3055 765 3123 τῇ
805 3053 1042 3125 ἀμετρίᾳ
1082 3053 1145 3106 τὸ
1190 3053 1625 3126 γεωργούμενον,
1676 3053 1803 3109 οὕτε
1840 3056 1890 3109 εἰ

1996 1870 2378 1927 reformidant.
2410 1870 2470 1927 In
2495 1886 2605 1944 qua
2628 1886 2791 1930 nemo
2831 1871 3056 1927 inﬂatur
3085 1873 3343 1942 superbia
3371 1912 3387 1939 ,
3417 1889 3581 1929 nemo

1995 1963 2308 2021 humilitate
2364 1964 2735 2039 deprimitur,
2795 1979 2962 2020 nemo
3005 1962 3237 2020 effertur
3302 1965 3578 2032 audacia,

1994 2072 2159 2114 nemo
2220 2058 2426 2114 timore
2490 2059 2846 2122 concutitur,
2909 2071 3076 2113 nemo
3140 2071 3242 2112 nec
3292 2056 3580 2114 iracundia

1993 2156 2243 2233 aestuans,
2273 2158 2329 2207 et
2373 2150 2660 2207 insaniens
2694 2148 3084 2216 excandescit,
3136 2164 3239 2206 nec
3265 2150 3580 2220 superantis

1994 2237 2260 2311 impetuin
2303 2241 2583 2298 sustinere
2616 2255 2728 2297 non
2764 2241 2957 2297 valens
2989 2248 3137 2297 metu
3176 2241 3577 2297 contremiscit.

1990 2326 2052 2384 In
2081 2344 2191 2401 qua
2233 2329 2385 2385 nulla
2419 2329 2742 2386 sollicitudo
2796 2338 2921 2397 est,
2965 2329 3158 2400 quales
3221 2329 3334 2384 sint
3383 2342 3579 2399 regum

1990 2434 2175 2476 mores
2200 2460 2216 2485 ,
2246 2434 2278 2474 a
2308 2434 2549 2492 quonam
2595 2419 2846 2476 ferantur
2882 2420 3030 2493 leges
3053 2460 3068 2487 ,
3102 2420 3373 2491 quibusve
3402 2418 3579 2489 magi-

1991 2514 2198 2566 stratus
2246 2508 2709 2574 committantur,
2772 2523 2894 2578 quae
2945 2509 3165 2565 decreta
3211 2508 3387 2571 ﬁant,
3447 2523 3572 2579 quae

1991 2597 2295 2666 quotannis
2323 2598 2676 2667 imponantur
2703 2596 2910 2653 tributa
2930 2640 2945 2664 ,
2992 2606 3086 2653 aut
3114 2612 3183 2653 ne
3208 2596 3575 2653 immoderata

1990 2687 2254 2744 imbrium
2287 2688 2585 2744 multitudo
2626 2697 2745 2744 sata
2776 2689 3080 2759 deprimat,
3112 2688 3391 2760 grandove
3422 2688 3578 2743 labo-

1989 2796 2112 2836 rum
2146 2791 2530 2854 susceptorum
2570 2798 2725 2854 spem
2772 2783 3008 2849 auferat,
3040 2790 3135 2839 aut
3161 2783 3428 2847 siccitate,
3458 2797 3581 2853 qua:

1989 2879 2121 2926 nata
2163 2880 2334 2939 sunt,
2391 2883 2737 2929 exarescant.
2791 2872 3041 2928 Aliorum
3082 2876 3213 2929 item
3264 2873 3578 2938 malorum,

1988 2976 2110 3032 quae
2136 2960 2227 3017 hic
2263 2972 2393 3019 sunt
2416 3004 2430 3029 ,
2464 2964 2607 3033 apud
2641 2978 2737 3021 eos
2764 2963 2955 3019 nullus
3007 2972 3091 3019 est
3140 2964 3329 3018 timor.
3378 2960 3573 3032 Neque

1989 3061 2086 3109 aut
2133 3054 2391 3111 orbitatis
2422 3055 2650 3111 tristitia
2674 3094 2691 3121 ,
2731 3062 2827 3110 aut
2856 3055 3143 3112 viduitatis
3172 3055 3426 3113 molestia
3457 3069 3575 3124 per-

308 3142 525 3214 χάλαζα
558 3144 657 3209 τάς
699 3144 918 3209 ἐλπίδας
943 3145 1051 3200 τῶν
1084 3146 1374 3215 γεωπόνων
1404 3146 1727 3218 ὴχρείωσεν,
1764 3146 1889 3201 οὕτε

1992 3147 2307 3204 turbantur.
2338 3148 2458 3202 Illic
2477 3162 2544 3203 ex
2572 3156 2684 3202 tam
2706 3147 2896 3204 multis
2924 3149 3240 3205 morborum
3280 3152 3578 3220 generibus

306 3234 361 3287 εἰ
391 3234 602 3305 αὐχμὸς
649 3236 1024 3308 ἐπικρατήσας
1056 3236 1410 3307 ἀποξηραίνει
1450 3238 1558 3291 πᾶν
1599 3236 1661 3291 τὸ
1686 3237 1894 3308 φυόμε-

306 3342 421 3380 νον.
464 3325 625 3380 Ἀλλά
677 3327 773 3380 καὶ
809 3326 916 3380 τῶν
959 3327 1161 3380 λοιπῶν
1206 3327 1301 3381 τοῦ
1333 3326 1449 3396 βίου
1494 3327 1681 3383 κακῶν
1713 3330 1895 3384 πᾶσαν

304 3417 495 3474 ἄδειαν
526 3416 659 3488 ἔχει.
697 3403 985 3490 Ὀρφανίας
1010 3436 1071 3472 τε
1108 3418 1216 3491 γὰρ
1251 3418 1313 3472 τὸ
1356 3417 1679 3490 σκυθρωπὸν
1706 3419 1769 3472 οὐ
1799 3419 1893 3472 λυ-

304 3513 403 3567 πεῖ
432 3511 533 3581 τὴν
577 3510 719 3583 ζωὴν
765 3512 1002 3583 ἐκείνην,
1034 3510 1105 3569 τὰ
1149 3514 1214 3569 ἐκ
1254 3509 1482 3582 χηρείας
1524 3512 1672 3566 κακά
1706 3509 1892 3584 χώραν

302 3602 408 3656 οὐκ
435 3601 578 3673 ἔχει’
615 3599 844 3672 ἀργοῦσι
863 3603 921 3657 δὲ
949 3603 1043 3658 καὶ
1066 3604 1125 3656 αἰ
1156 3601 1486 3675 πολύτροποι
1514 3602 1606 3657 τοῦ
1640 3602 1893 3674 σώματος

300 3696 631 3767 ἀρρωστίαι,
669 3696 812 3755 οἵτε
867 3695 1011 3750 κατὰ
1051 3695 1159 3749 τῶν
1213 3694 1627 3767 εὐημερούντων
1677 3694 1884 3765 φθόνοι,

302 3789 403 3843 καί⁸
466 3790 522 3841 αἰ
571 3789 713 3842 κατά
763 3787 872 3846 τῶν
930 3787 1389 3859 δυσπραγούντων
1424 3786 1738 3858 ὑπεροψίαι,
1790 3787 1888 3843 καὶ

300 3880 487 3934 πάντα
512 3878 583 3934 τὰ
622 3879 847 3935 τοιαῦτα
888 3878 991 3949 τῆς
1019 3877 1166 3949 ζωῆς
1205 3879 1422 3948 ἐκείνης
1467 3878 1776 3951 ἐξώρισταιο
1806 3880 1888 3935 ἰσ-

1984 3239 2189 3310 quibus
2247 3253 2480 3310 corpora
2539 3248 2732 3295 nostra
2787 3248 3094 3304 vexantur,
3160 3240 3346 3297 nullus
3397 3242 3573 3299 adest.

1985 3325 2104 3383 Illic
2134 3343 2237 3384 nec
2272 3327 2527 3386 felicibus
2554 3326 2871 3391 invidetur,
2926 3342 3029 3384 nec
3064 3327 3447 3399 despiciuntur
3479 3345 3579 3386 ca-

1985 3419 2251 3478 lamitosi.
2305 3419 2510 3476 Omnes
2553 3419 2639 3475 bat
2696 3418 2972 3489 denique,
3029 3428 3086 3476 et
3131 3419 3185 3475 id
3225 3435 3398 3491 genus
3456 3421 3579 3477 alia:

1986 3510 2228 3567 miseria:
2285 3510 2492 3566 absunt
2556 3510 2626 3565 ab
2687 3510 2781 3564 illa
2838 3510 2948 3564 vita
3002 3525 3167 3580 quam
3226 3511 3570 3583 longissime.

1985 3602 2194 3661 Contra
2230 3618 2358 3658 vero
2375 3602 2520 3673 juris
2540 3609 2596 3658 et
2620 3602 2800 3672 legum
2826 3602 3173 3671 aequabilitas
3195 3615 3320 3656 cum
3357 3618 3574 3657 summa

1988 3694 2330 3757 libertateet
2359 3708 2495 3763 pace
2523 3693 2582 3748 in
2611 3708 2678 3748 eo
2713 3694 3024 3748 animorum
3061 3686 3261 3763 populo
3288 3700 3573 3759 versatur,

1990 3799 2117 3842 cum
2146 3784 2282 3841 illud
2313 3785 2549 3857 quisque
2575 3783 2776 3841 habeat
2794 3824 2809 3851 ,
2838 3783 2987 3855 quod
3011 3783 3282 3857 cujusque
3312 3784 3575 3842 voluntas

1991 3885 2239 3949 exoptat.

296 3972 505 4045 ηγορία
526 3973 585 4027 δέ
620 3991 705 4038 τις
743 3974 838 4028 καὶ
883 3972 1128 4044 ἰσονομία
1166 3972 1255 4027 διὰ
1290 3974 1473 4043 πάσης
1508 3971 1824 4045 ἐλευθερίας
1863 3971 2170 4044 εἰρηνικῆς,
2201 3969 2282 4039 τῷ
2327 3970 2435 4026 τῶν
2475 3967 2665 4041 ψυχῶν
2701 3967 2861 4041 δήμῳ
2894 3965 3368 4041 συμπολιτεύεται·
3399 3966 3575 4023 ἐκεῖνο

298 4068 538 4123 ἑκάστου
563 4066 796 4137 ἔχοντος,
822 4068 959 4139 ὅπερ
996 4068 1062 4122 ἂν
1077 4066 1256 4139 ἑαυτῷ
1293 4067 1558 4138 ἐτοιμάσῃ
1591 4068 1658 4121 ἐκ
1691 4066 2085 4138 προαιρέσεως.

374 4162 442 4219 Εἰ
471 4163 528 4218 δέ
556 4181 607 4217 τι
633 4166 812 4235 χεῖρον
845 4164 909 4219 ἐκ
933 4181 1079 4227 τινος
1106 4163 1363 4227 ἀϐουλίας
1394 4163 1884 4236 τινὶ-παρασκευα-

298 4254 408 4327 σθῇ
432 4255 554 4309 ἀντὶ¹
572 4254 664 4309 τοῦ
686 4254 1011 4325 κρείττονος,
1037 4255 1278 4318 ἀναίτιος
1306 4252 1416 4308 τῶν
1443 4252 1700 4307 τοιούτων
1729 4255 1759 4308 ό
1789 4251 1886 4307 θά-

298 4364 489 4411 νατος,
522 4346 644 4401 κατ’
677 4346 925 4412 ἐξουσίαν
953 4346 1013 4400 τὸ
1049 4345 1242 4401 δοκοῦν
1268 4345 1521 4417 ἐλόμενος
1550 4345 1651 4415 τῆς
1688 4361 1884 4416 προαι-

300 4440 535 4511 ρέσεως.
578 4429 750 4509 Ὑπὲρ
781 4439 924 4503 τίνος
957 4435 1051 4492 οὖν
1076 4436 1519 4507 δυσχεραίνουσιν
1545 4437 1596 4489 οἰ
1630 4435 1886 4507 θρηνοῦν-

2052 4158 2211 4226 Quod
2245 4158 2291 4215 si
2321 4158 2447 4229 quis
2483 4158 2555 4214 ob
2607 4155 2851 4230 inopiam
2897 4154 3137 4223 consilii,
3177 4168 3244 4210 ac
3281 4154 3570 4212 stultitiam

1979 4267 2136 4309 suam
2171 4266 2272 4322 pro
2315 4252 2463 4306 bono
2504 4250 2708 4305 malum
2751 4249 3040 4321 amplexus
3078 4249 3173 4317 sit,
3208 4248 3414 4303 nullam
3447 4247 3572 4318 ejus

1978 4345 2062 4401 rei
2105 4360 2254 4400 mors
2299 4344 2517 4414 culpam
2559 4342 2857 4411 sustineat,
2907 4357 3031 4398 cum
3078 4341 3310 4397 liberum
3368 4339 3571 4408 cuique

1979 4433 2172 4503 fuerit,
2204 4435 2353 4507 quod
2395 4434 2561 4491 vellet
2588 4432 2810 4504 eligere.
2842 4431 2955 4487 Cur
2985 4432 3154 4504 igitur
3187 4436 3440 4492 mcerent,
3474 4428 3568 4498 qui

294 4547 396 4593 τες
426 4528 520 4581 τὸν
547 4528 935 4599 ἀποιχόμενον;
958 4529 1068 4582 Καὶ
1099 4528 1205 4601 μὴν
1236 4530 1286 4583 εἰ
1316 4527 1660 4583 παντάπασιν
1687 4524 1885 4580 ἐκαθά-

1989 4527 2259 4582 obeuntes
2288 4524 2778 4581 lamentationibus
2806 4520 3259 4595 prosequuntur?
3278 4520 3438 4574 Certe
3461 4518 3569 4574 nisi

298 4638 465 4695 ρευεν
495 4621 678 4691 πάσης
709 4620 987 4691 ἐμπαθοῦς
1015 4621 1302 4684 διαθέσεως
1322 4622 1352 4677 ό
1379 4617 1884 4690 συναποδυσάμενος

295 4713 403 4783 τὴν
446 4712 641 4783 ἡδονήν
676 4728 736 4764 τε
781 4711 875 4765 καὶ
916 4713 1014 4783 τὴν
1058 4712 1235 4784 λύπην
1285 4710 1425 4782 μετὰ
1464 4710 1560 4784 τοῦ
1609 4708 1878 4781 σώματος’

295 4781 513 4865 ἐκεῖνος
545 4781 612 4854 ἂν
638 4781 980 4872 δικαιότερον
1011 4803 1139 4866 τοὺς
1168 4781 1457 4872 περιόντας
1489 4781 1808 4871 ἐθρήνησεν,
1832 4798 1883 4852 οἳ

293 4891 500 4945 ταύτὸν
534 4890 804 4961 πάσχουσι
832 4893 944 4954 τοῖς
976 4890 1034 4944 ἐν
1064 4890 1421 4962 δεσμωτηρίῳ
1449 4889 1753 4958 διάγουσινο
1786 4886 1883 4952 οὒς

295 4988 331 5057 ἡ
356 4983 506 5061 »πρὸς
530 4983 601 5037 τά
629 4982 930 5055 σκυθρωπά
956 4983 1212 5054 συνήθεια
1230 5023 1245 5049 ,
1269 4985 1364 5041 καὶ
1390 4984 1424 5054 ἡ
1459 4982 1755 5053 συντροφία
1786 4980 1879 5036 τοῦ

296 5073 493 5141 ζόφου,
537 5073 808 5144 προσηνές
856 5087 916 5126 τε
948 5073 1044 5126 καί
1087 5072 1288 5129 ἄλυπον
1323 5073 1384 5127 τὸ
1416 5073 1591 5145 παρὸν
1641 5072 1883 5142 νομίζειν

296 5163 580 5233 ἐποίησεν.
600 5165 711 5218 Καὶ
728 5162 889 5235 τυχὸν
909 5164 1150 5217 κάκεῖνοι
1172 5166 1281 5227 τοῖς
1304 5164 1401 5234 τῆς
1424 5145 1668 5233 φυλακῆς
1691 5162 1884 5217 ἑκϐαλο

295 5253 553 5324 λομένοις
598 5252 1118 5324 ἐπιστυγνάζουσιν,
1153 5254 1346 5325 ἀγνοίᾳ
1385 5254 1484 5324 τῆς
1530 5252 1883 5323 φαιδρότητος

296 5343 404 5413 τῆς
447 5343 807 5415 ἐκδεχομένης
846 5345 972 5408 τοὺς
1015 5342 1426 5411 ἀπαλλαγέντας
1465 5342 1558 5395 τοῦ
1589 5341 1773 5412 ζόφου.
1817 5342 1881 5395 Εἰ

297 5435 408 5507 γὰρ
428 5436 625 5506 ᾔδεσαν
649 5436 719 5489 τὰ
740 5438 798 5488 ἐν
826 5436 902 5507 τῷ
923 5436 1174 5507 ὑπαίθρῳ
1202 5432 1471 5505 θεάματα,
1503 5436 1564 5488 τό
1588 5452 1647 5488 τε
1667 5434 1876 5503 αἴθριον

299 5527 517 5593 κάλλος,
546 5528 642 5587 καί
666 5526 727 5579 τὸ
745 5528 994 5599 οὐράνιον
1025 5528 1180 5599 ὕψος,
1209 5527 1301 5581 καὶ
1324 5527 1420 5591 τὰς
1441 5527 1549 5581 τῶν
1577 5528 1877 5597 φωστήρων

299 5619 496 5687 αὐγὰς,
533 5619 632 5690 τήν
660 5634 719 5670 τε
751 5619 858 5673 τῶν
905 5621 1148 5691 ἀστέρων
1184 5619 1438 5691 χορείαν,
1477 5620 1569 5672 καὶ
1597 5618 1874 5690 περιόδους

302 5708 554 5776 ἡλιακὰς,
585 5708 678 5765 καὶ
704 5707 795 5763 τὸν
825 5709 1101 5781 σεληναῖον
1132 5711 1351 5783 δρόμον,
1379 5711 1472 5765 καὶ
1502 5708 1599 5780 τὴν
1626 5708 1874 5779 πολυειδῆ

1990 4618 2061 4673 ab
2089 4616 2237 4673 omni
2268 4617 2675 4688 perturbatione
2715 4614 2874 4670 liberi
2907 4619 3117 4676 essent,
3157 4610 3250 4682 qui
3279 4624 3386 4664 una
3439 4622 3566 4664 cum

1990 4725 2224 4781 corpore
2257 4710 2590 4780 voluptatem
2630 4715 2686 4763 et
2718 4706 2965 4762 dolorem
3030 4709 3321 4768 exuerunt,
3356 4700 3568 4770 aequius

1989 4800 2069 4855 illi
2098 4801 2426 4871 superstites
2456 4799 2873 4861 miserarentur,
2902 4809 3028 4850 cum
3060 4808 3171 4848 non
3202 4793 3360 4846 aliter
3386 4788 3565 4845 allecti

1988 4893 2118 4961 sint,
2150 4907 2316 4963 quam
2351 4892 2389 4946 ii
2431 4890 2527 4961 qui
2557 4890 2614 4944 in
2647 4903 2870 4944 carcere
2910 4886 3155 4943 conclusi
3190 4887 3401 4939 vivunt.
3447 4881 3564 4937 Mu-

1986 4990 2080 5037 tua
2108 4984 2256 5038 enim
2286 4997 2377 5037 res
2406 4994 2631 5050 asperas
2686 4977 3063 5050 perpetiendi,
3109 4975 3163 5029 in
3216 4972 3563 5042 tenebrisque

1977 5072 2198 5127 vivendi
2231 5070 2633 5126 consuetudine
2658 5068 2919 5133 devincti,
2955 5064 3299 5135 deceptique,
3330 5063 3559 5118 molesta

1978 5170 2035 5218 et
2067 5162 2368 5232 injucunda
2404 5177 2516 5219 non
2551 5170 2770 5234 putant,
2801 5175 2924 5231 quae
2950 5159 3257 5230 perferunt.
3293 5156 3483 5226 Itaque
3510 5156 3558 5211 si

1979 5255 2072 5327 qui
2138 5255 2435 5324 ejiciantur
2481 5271 2513 5311 e
2570 5268 2812 5320 carcere,
2860 5266 3049 5307 eorum
3106 5250 3283 5305 vicem
3325 5248 3559 5304 fortasse

1980 5346 2174 5415 reliqui
2202 5345 2411 5412 dolent,
2432 5344 2743 5417 ignorantia
2770 5341 3077 5412 splendoris
3110 5341 3256 5396 illius
3298 5339 3365 5394 ad
3395 5352 3557 5409 quem

1984 5438 2233 5503 veniunt,
2266 5437 2362 5507 qui
2401 5437 2472 5492 ab
2499 5451 2691 5492 eorum
2716 5433 2960 5490 tenebris
2991 5431 3302 5488 discedunt.
3342 5428 3556 5485 Etenim

1985 5524 2031 5580 si
2059 5541 2182 5596 quae
2215 5526 2318 5581 sub
2345 5526 2434 5582 die
2465 5524 2779 5596 spectacula
2798 5530 3122 5587 cernuntur,
3146 5520 3553 5592 cognovissent,

1984 5616 2028 5672 si
2061 5617 2519 5688 pulchritudinem
2553 5619 2797 5682 aetheris,
2830 5616 2877 5672 si
2919 5615 3043 5671 cmli
3065 5613 3479 5674 sublimitatem,
3507 5609 3555 5666 si

1985 5708 2216 5767 nitorem
2260 5710 2523 5781 siderum,
2572 5711 2857 5770 stellarum
2906 5708 3159 5775 choreas,
3202 5704 3339 5764 solis
3383 5699 3556 5758 ambi-
