4072 6156
515 269 623 326 807

1768 287 1823 344 S.
1866 289 2195 348 GREGOBII
2225 294 2269 350 Ν
2277 295 2524 356 YSSENI

3667 305 3776 366 508

515 397 652 454 tum,
689 387 939 462 lunaeque
969 407 1224 462 cursum;
1250 398 1296 452 si
1327 413 1540 466 eorum,
1573 417 1695 474 qua:
1721 415 1862 462 terra
1892 410 2086 481 gignit,

2210 415 2290 485 πῆς
2328 418 2433 487 γῆς
2467 418 2526 470 ὲν
2555 418 2668 482 τοῖς
2700 417 3072 492 βλαστήμασιν
3109 418 3277 492 ὥραν,
3314 419 3412 474 καὶ
3441 419 3542 493 τὴν
3591 420 3775 492 ἡδεῖαν

517 489 631 534 tam
667 484 814 538 varia
844 487 1180 558 pulchraque
1215 505 1449 560 genera,
1495 496 1542 550 si
1580 497 1886 566 jucundum
1921 507 2089 563 maris

521 584 824 644 aspectum,
855 592 978 632 cum
1029 581 1194 637 nullis
1230 593 1516 642 ventorum
1549 589 1768 649 [latibus
1814 597 2087 664 turbatur,

520 666 617 721 sed
646 668 842 723 leniter
873 672 1169 741 crispatur,
1197 685 1252 730 et
1281 684 1537 749 tanquam
1563 684 1790 752 pulchre
1813 686 2090 757 depictum

520 759 804 828 splendet:
829 761 875 816 si
908 764 1135 831 pulchra
1163 775 1274 821 tum
1303 770 1512 838 privata
1541 779 1658 828 tum
1686 776 1904 846 publica
1925 779 2093 836 aedili-

526 851 635 914 cia,
669 852 870 921 quibus
919 857 1223 928 magniﬁcae
1270 877 1336 918 ac
1377 867 1678 936 splendida:
1711 869 1964 928 civitates
1996 888 2094 928 ex-

525 950 832 999 ornantur:
869 945 1007 1015 haec,
1044 949 1288 1020 inquam,
1330 962 1384 1010 et
1426 957 1512 1014 his
1555 959 1756 1016 similia
1797 963 1844 1018 si
1890 977 2096 1033 cogno-

520 1035 754 1100 vissent,
797 1039 892 1107 qui
929 1040 985 1094 in
1023 1056 1240 1100 carcere
1271 1047 1643 1115 continentur,
1691 1067 1802 1108 non
1846 1054 2096 1112 dolerent

521 1125 698 1181 vicem
731 1143 943 1195 eorum,
978 1134 1073 1202 qui
1101 1137 1313 1204 priores
1336 1157 1367 1194 e
1390 1143 1641 1197 custodia
1679 1145 1892 1200 dimissi
1943 1154 2094 1214 sunt,

524 1225 786 1289 tanquam
810 1235 838 1274 a
859 1221 1003 1278 bono
1023 1225 1206 1296 aliquo
1224 1228 1616 1289 discessissent
1636 1253 1650 1288 :
1677 1243 1869 1290 contra
1889 1237 2094 1307 potius,

526 1309 618 1377 qui
653 1313 860 1381 egressi
892 1325 1098 1379 essent,
1133 1317 1388 1374 miseram
1418 1321 1722 1379 infelicium
1753 1325 2095 1385 inclusorum

524 1400 692 1454 vitam
740 1405 1287 1486 commiserarentur.
1331 1409 1534 1467 Eodem
1597 1416 1759 1471 modo
1805 1418 1898 1488 qui
1936 1419 2098 1476 istius

526 1492 651 1546 vitae
679 1507 900 1551 carcere
927 1497 1140 1554 liberati
1171 1508 1322 1567 sunt,
1353 1504 1399 1559 si
1424 1506 1538 1560 ﬁeri
1565 1514 1838 1578 potest,ut
1862 1511 2099 1568 dolendo

528 1582 996 1658 lacrymandoque
1025 1606 1181 1646 suam
1210 1608 1338 1666 erga
1381 1597 1737 1656 calamitosos
1782 1603 2101 1659 misericor-

528 1671 673 1727 diam
701 1678 1012 1743 ostendant,
1049 1683 1305 1738 videntur
1343 1687 1476 1741 mihi
1515 1689 2002 1750 lamentationibus
2044 1701 2101 1752 et

528 1763 786 1835 lacrymis
830 1770 1207 1827 commiserari
1239 1776 1610 1834 conditionem
1644 1779 1885 1850 illorum,
1917 1785 2014 1854 qui
2044 1785 2103 1839 in

529 1854 691 1911 istius
729 1858 855 1913 vita;
881 1861 1150 1918 molestiis
1183 1878 1246 1920 ac
1277 1865 1564 1926 doloribus
1597 1870 1930 1940 detinentur,
1957 1875 2104 1946 quod

529 1961 620 2001 res
658 1949 780 2004 illas
806 1951 1224 2022 pulcherrimas,
1256 1967 1312 2012 et
1345 1973 1376 2012 a
1406 1962 1634 2017 materia
1669 1965 2103 2035 remotissimas,

528 2053 650 2129 quae
681 2054 848 2110 supra
880 2045 1142 2100 mundum
1180 2048 1329 2106 hunc
1367 2059 1521 2118 sunt,
1571 2068 1692 2110 non
1735 2059 2102 2129 conspiciant,

529 2127 725 2200 nempe
765 2131 1013 2200 thronos,
1061 2138 1427 2210 principatus,
1471 2127 1894 2216 dominationes,
1940 2166 2108 2222 ange-

529 2224 707 2280 lorum
733 2229 1032 2295 exercitus,
1061 2232 1390 2306 piorumque
1429 2245 1630 2305 cintus,
1683 2254 1748 2296 ac
1791 2257 2106 2313 supremam

534 2316 682 2371 illam
729 2319 1047 2386 civitatem,
1113 2325 1640 2400 celeberrimumque
1688 2347 1854 2403 supra
1907 2335 2107 2390 coelum

532 2407 863 2466 conventum
898 2414 1140 2478 illorum,
1171 2417 1267 2487 qui
1301 2418 1354 2474 in
1385 2435 1451 2475 ea
1486 2421 1748 2492 descripti
1785 2432 1936 2480 sunt.
1970 2424 2108 2479 Nam

528 2501 645 2568 illa,
677 2518 798 2572 quae
831 2503 918 2560 his
947 2507 1205 2563 omnibus
1241 2519 1482 2579 praestat,
1521 2513 1898 2582 pulchritudo,
1943 2530 2109 2586 quam

529 2593 600 2648 ab
633 2593 723 2659 iis,
763 2597 858 2666 qui
898 2599 1104 2654 mundo
1142 2609 1272 2655 sunt
1317 2602 1486 2657 corde
1522 2603 1561 2668 ',
1603 2605 1841 2675 perspici
1875 2610 2111 2664 asseruit

528 2686 624 2754 qui
649 2701 760 2742 non
793 2691 1079 2757 mentitur,
1126 2691 1304 2762 major
1338 2703 1447 2762 est,
1496 2711 1661 2766 quam
1697 2699 1805 2752 ulla
1848 2713 1946 2769 spe
1977 2715 2111 2755 con-

527 2776 810 2845 jecturave
841 2781 1057 2850 concipi
1102 2783 1299 2838 valeat.
1342 2783 1529 2855 Neque
1572 2803 1703 2844 vero
1736 2787 1792 2843 id
1837 2790 2016 2844 solum
2054 2791 2110 2845 in

531 2863 694 2918 nobis
723 2866 951 2934 gemitu,
989 2867 1291 2940 doloreque
1325 2872 1548 2944 dignum
1591 2883 1805 2945 putant,
1854 2877 1949 2947 qui
1984 2879 2113 2934 hinc

532 2953 909 3025 decesserunt,
931 2959 1027 3014 sed
1046 2961 1219 3016 multo
1243 2964 1439 3034 magis,
1465 2967 1611 3034 quod
1635 2982 1758 3022 cum
1786 2975 1896 3022 tam
1924 2969 2112 3025 multis

2189 508 2289 577 τῆς
2321 506 2596 577 θαλάσσης
2621 507 2762 578 ὄψιν,
2783 510 2842 562 ὲν
2866 510 3116 564 λειοειδεῖ
3141 511 3208 580 τῇ
3233 509 3374 580 αὐγῇ
3403 508 3470 562 δι’
3497 509 3768 579 ἠρεμαίω

2190 595 2284 649 τοῦ
2341 596 2650 667 πνεύματος
2693 598 2990 670 γλαφυρῶς
3039 598 3505 671 ὲπιφρίσσουσαν,
3558 598 3670 651 τῶν
3713 615 3773 650 τε

2192 687 2333 742 κατά
2356 687 2456 751 τάς
2479 687 2662 752 πόλεις
2691 689 3136 760 οἰκοδομημάτων
3165 688 3235 742 τὰ
3261 687 3455 759 κάλλη,
3480 688 3548 743 τά
3579 705 3636 742 τε
3666 688 3775 742 ίδια

2193 779 2288 833 καὶ
2318 779 2388 832 τά
2408 780 2661 850 δημόσια,
2688 781 2756 834 δι’
2786 774 2860 836 ὧν
2885 783 2941 834 αἱ
2968 781 3217 852 λαμπραί
3247 797 3306 834 τε
3330 782 3424 834 καὶ
3458 781 3775 845 πολυτελεῖς

2193 871 2301 926 τῶν
2332 872 2540 926 πόλεων
2577 857 3042 938 καλλωπίζονται·
3077 875 3125 926 εί
3153 871 3328 926 ταῦτα
3358 873 3535 926 τοίνυν
3575 872 3770 944 ᾔδεσαν

2175 966 2291 1018 καὶ
2327 964 2396 1018 τά
2423 965 2645 1020 τοιαῦτα
2685 966 2734 1019 οἱ
2766 964 3110 1036 ὲνταχθέντες
3143 962 3220 1035 τῷ
3248 963 3642 1034 δεσμωτηρίῳ,
3675 965 3777 1057 οὐκ
3883 1046 3896 1057 θ

2175 1057 2264 1111 ηᾶν
2303 1057 2428 1120 τοὺς
2463 1059 2526 1110 ὲκ
2566 1057 2665 1128 τῆς
2703 1055 2952 1126 φυλακῆς
2997 1056 3407 1128 προαγομένους
3449 1055 3525 1118 ὡς
3569 1056 3776 1123 ἀγαθοῦ

2195 1167 2340 1213 τινος
2380 1148 2782 1221 χωριζομένους
2818 1148 3269 1219 ἀπωλοφύροντο·
3316 1147 3455 1219 ’ὅπερ
3501 1143 3594 1201 οὖν
3631 1146 3779 1210 είκδς

2196 1239 2322 1302 τοὺς
2347 1236 2452 1304 ἔξω
2481 1238 2576 1292 τοῦ
2617 1237 2989 1309 δεσμωτηρίου
3021 1237 3149 1308 περὶ
3185 1236 3294 1290 τῶν
3325 1237 3405 1289 ἔτι
3447 1236 3781 1308 καθειργμέ-

2197 1347 2303 1385 νων
2326 1329 2669 1394 διανοεῖσθαι,
2703 1329 2779 1392 ὡς
2808 1329 3013 1400 ὲλεεινῇ
3048 1323 3678 1401 προσταλαιπωρούντων
3708 1329 3778 1397 τῇ

2199 1417 2334 1490 ζωῇ.
2383 1417 2541 1473 Οὕτω
2575 1437 2664 1490 μοι
2698 1419 2915 1473 δοκοῦσι
2954 1419 3049 1473 καὶ
3097 1420 3148 1473 οἱ
3177 1420 3278 1490 τῆς
3308 1417 3399 1472 τοῦ
3433 1418 3549 1489 βίου
3586 1417 3780 1470 τούτου

2200 1508 2448 1580 φυλακῆς
2474 1507 2578 1574 ἔξω
2609 1509 2920 1580 γινόμενοι,
2949 1509 3110 1580 εῐπερ
3138 1509 3274 1574 ὅλως
3315 1509 3539 1562 δυνατὸν
3571 1504 3640 1580 ἦν
3683 1509 3784 1561 αύ-

2198 1603 2313 1665 τοῖς
2349 1600 2437 1656 διὰ
2471 1600 2718 1670 δακρύων
2750 1600 3087 1665 ἐνδείξασθαι
3125 1600 3222 1671 τὴν
3272 1599 3406 1671 πρὸς
3444 1599 3572 1662 τοὺς
3613 1617 3784 1653 κακο-

2203 1690 2509 1756 παθοῦντας
2542 1690 2887 1762 συμπάθειαν
2906 1731 2920 1757 ,
2953 1690 3172 1763 θρηνεῖν
3199 1690 3294 1744 καὶ
3320 1687 3576 1761 δακρύειν
3604 1690 3695 1742 τὸν
3724 1689 3785 1742 ὲν

2205 1787 2324 1849 ταῖς
2347 1784 2561 1849 ὀδύναις
2591 1785 2685 1838 τοῦ
2715 1785 2830 1856 βίου
2859 1786 3050 1840 τούτου
3073 1785 3562 1858 παρατεινόμενον,
3592 1785 3673 1838 ὅτι
3709 1785 3786 1856 μὴ

2203 1877 2374 1950 ὁρῶσι
2403 1877 2473 1931 τὰ
2495 1877 2843 1949 ύπερκόσμιά
2863 1895 2920 1933 τε
2949 1879 3043 1932 καὶ
3070 1878 3207 1934 ἀῦλα
3240 1876 3433 1947 κάλλη,
3462 1875 3686 1947 θρόνους
3725 1892 3789 1929 τε

2205 1970 2301 2023 καὶ
2338 1969 2532 2041 ἀρχὰς,
2577 1969 2845 2034 ἐξουσίας,
2888 1970 2983 2023 καὶ
3017 1969 3364 2040 κυριότητας,
3400 1968 3492 2021 καὶ
3528 1965 3791 2036 στρατιάς

2205 2056 2502 2124 ἀΠελικάς
2523 2057 2619 2110 καλ⁵
2641 2057 2955 2129 ἐκκλησίας,
2986 2058 3082 2112 καὶ
3105 2058 3204 2128 τὴν
3235 2058 3346 2112 ἀνω
3372 2057 3548 2121 πόλιν,
3573 2056 3669 2109 καὶ¹
3688 2053 3791 2127 τὴν

2209 2147 2601 2219 ὑπερουράνιον
2627 2148 2738 2202 τῶν
2772 2147 3284 2221 ἀπογεγραμμένων
3329 2148 3659 2220 πανήγυριν.
3716 2145 3796 2200 re

2207 2239 2317 2311 γάρ
2349 2241 2740 2312 ὑπερκείμενον
2783 2241 2988 2295 τούτων
3041 2241 3256 2307 κάλλος,
3291 2241 3320 2294 ὃ
3353 2242 3478 2304 τοὺς
3517 2240 3795 2311 καθαροὺς

2207 2333 2274 2402 τῇ
2299 2333 2494 2404 καρδίᾳ
2521 2331 2738 2402 βλέπειν
2763 2337 2791 2386 ὁ
2811 2333 3046 2404 ἀψευδὴς
3068 2334 3385 2404 ἀπεφήνατο
3408 2332 3586 2402 λόγος.
3608 2333 3790 2402 κρεῖτ-

2207 2425 2299 2479 τόν
2335 2442 2396 2478 τε
2440 2425 2620 2496 πάσης
2663 2425 2876 2489 ἐλπίδος
2911 2425 3048 2490 ἐστὶ,
3083 2427 3184 2478 καὶ
3217 2425 3318 2495 τῆς
3362 2426 3426 2478 ὲκ
3469 2422 3798 2494 στοχασμῶν

2209 2516 2459 2580 είκασίας
2485 2516 2774 2588 ἀνώτερον.
2811 2517 2885 2570 Ού
2912 2515 3070 2569 τοῦτο
3102 2515 3160 2570 δὲ
3197 2516 3356 2587 μόνον
3391 2507 3711 2585 στεναγμῶν
3735 2531 3798 2567 τε

2209 2609 2306 2663 καὶ
2347 2608 2527 2677 λύπης
2562 2608 2712 2674 ἀξιον
2756 2610 2842 2678 ἐφ’
2880 2610 3014 2680 ἡμῖν
3052 2609 3164 2671 τοῖς
3196 2609 3526 2678 μεταστᾶσιν
3571 2605 3639 2660 ἂν
3675 2607 3799 2659 ὲνο-

2214 2699 2404 2771 μίσθη,
2433 2700 2548 2754 ἀλλ’
2571 2701 2654 2754 ὅτι
2692 2699 2961 2754 τοσούτων
2995 2697 3261 2767 ἀλγεινῶν
3286 2698 3688 2770 περικειμένων
3717 2695 3799 2766 τῷ

2213 2790 2333 2861 βίῳ,
2364 2788 2601 2860 τοσαύτη
2622 2806 2706 2852 τις
2728 2787 3016 2858 ἐντέτηκεν
3042 2787 3275 2857 αὐτοῖςὴ
3303 2787 3429 2857 περὶ
3453 2786 3521 2840 τά
3546 2785 3800 2858 μοχθηρά

2214 2880 2572 2943 συνδιάθεσις,
2601 2881 2684 2934 ὅτι
2721 2881 2820 2950 οὐχ
2855 2880 2932 2943 ὡς
2965 2878 3272 2948 ἀναγκαίαν
3300 2877 3420 2931 τινὰ
3449 2877 3800 2948 λειτουργίαν

2211 2970 2308 3042 τὴν
2349 2969 2654 3042 προσϐολὴν
2683 2969 2860 3023 αὐτῶν
2888 2967 3163 3038 φέρουσιν,
3205 2966 3318 3020 ἀλλ’
3343 2967 3490 3029 ὅπως
3528 2963 3593 3018 ἂν
3622 2966 3700 3026 εἰς
3737 2962 3800 3015 τὸ

540 3047 802 3104 aerumnis
858 3050 1206 3121 miseriisque
1243 3053 1446 3110 referta
1487 3056 1560 3110 sit
1608 3059 1922 3114 mortalium
1975 3062 2108 3128 vita,

2213 3062 2460 3133 διηνεκὲς
2487 3061 2795 3134 παραμένοι
2819 3059 3010 3122 ταῦτα,
3039 3059 3139 3130 τὴν
3179 3056 3414 3128 σπουδὴν
3448 3053 3800 3128 περιποιοῦν-

537 3149 721 3196 tamen
751 3157 846 3198 eas
877 3143 1187 3213 perferendi
1208 3150 1608 3205 consuetudine
1638 3152 1720 3207 sic
1743 3152 1923 3208 ali‘ecti
1957 3162 2108 3222 sunt,

534 3239 595 3286 ut
625 3231 840 3286 vivendi
895 3249 1106 3289 moram
1164 3250 1278 3291 non
1301 3235 1415 3307 jam
1474 3237 1587 3292 sibi
1635 3246 1696 3292 ut
1743 3240 2111 3295 necessariam

534 3324 874 3379 tolerandam
909 3326 1264 3395 existiment,
1316 3329 1412 3385 sed
1463 3329 1610 3384 omni
1659 3331 1845 3386 studio
1887 3339 2114 3387 conten-

534 3413 694 3479 dunt,
729 3425 783 3470 et
814 3425 1096 3488 exoptant,
1132 3431 1192 3475 ut
1216 3429 1476 3490 perpetua
1520 3423 1615 3478 sit.
1656 3423 1794 3478 Nam
1839 3426 2114 3496 cupiditas

534 3507 898 3579 principatus,
930 3517 986 3564 et
1015 3525 1205 3582 opum,
1262 3519 1317 3567 et
1373 3513 1743 3585 voluptatum,
1777 3525 1832 3572 et
1874 3518 1921 3572 si
1981 3517 2114 3588 quid

535 3599 684 3654 aliud
714 3608 980 3670 praeterea
1027 3611 1147 3669 est,
1195 3604 1557 3674 quamobrem
1601 3621 1754 3662 arma
1798 3609 2111 3680 capiantur,

535 3699 799 3760 gerantur
831 3691 994 3758 bella,
1026 3693 1204 3752 caedes
1241 3695 1391 3762 ﬁant,
1419 3712 1724 3768 omnesque
1751 3699 1990 3757 miseria
2017 3716 2116 3757 vo-

535 3787 787 3844 luntariae
822 3791 1167 3861 contingant,
1208 3799 1264 3847 et
1300 3791 1519 3849 fraudes
1559 3794 1942 3862 admittantur,
1982 3797 2116 3867 quid

538 3880 685 3933 aliud
733 3888 885 3945 sunt,
947 3882 1055 3936 nisi
1107 3883 1365 3937 cumulus
1419 3883 1641 3953 quidam
1714 3887 2113 3954 calamitatum,

539 3984 700 4039 quem
746 3970 868 4024 vitae
899 3985 998 4040 per
1046 3986 1106 4027 se
1156 3972 1375 4028 miserae
1423 3973 1725 4040 voluntate,
1781 3979 1993 4043 studio,
2051 3993 2118 4033 ac

540 4061 769 4117 libidine
799 4077 899 4116 sua
931 4063 1184 4120 infelices
1215 4064 1556 4137 adiungunt?
1584 4066 1849 4123 Caeterum
1885 4083 1985 4124 nec
2035 4069 2117 4123 la-

525 4151 824 4222 erymandi
855 4153 958 4217 vis,
995 4169 1096 4210 nec
1125 4155 1232 4210 ulla
1256 4155 1529 4226 ejusmodi
1560 4156 1776 4214 aﬂectio
1827 4160 1985 4216 adest
2046 4160 2115 4216 iis

539 4245 634 4316 qui
666 4261 735 4301 ex
766 4245 871 4302 hac
902 4232 1016 4302 vita
1043 4249 1353 4320 migrarunt
1378 4268 1393 4306 :
1421 4260 1476 4307 et
1503 4253 1598 4322 qui
1625 4267 1656 4306 a
1689 4268 1857 4309 carne
1895 4263 1952 4310 et
1989 4269 2118 4309 san-

541 4337 706 4408 guine
740 4338 978 4408 sejuncti
1017 4348 1172 4407 sunt,
1203 4357 1320 4398 non,
1350 4344 1514 4408 mole,
1560 4344 1658 4399 sed
1706 4353 1890 4401 mente
1927 4346 2117 4402 consi-

2213 3173 2323 3209 ται.
2359 3155 2424 3208 Ἦ
2451 3153 2562 3226 γάρ
2592 3153 2720 3226 περὶ
2751 3152 2852 3215 τὰς
2888 3151 3206 3213 δυναστείας
3236 3167 3297 3203 τε
3334 3149 3433 3202 καὶ⁸
3465 3146 3797 3212 πλεονεξίας,

2212 3249 2309 3304 καὶ
2345 3251 2442 3312 τάς
2474 3244 2882 3307 ἀπολαυπικάς
2909 3243 3113 3307 ταύτας
3138 3240 3473 3312 λαιμαργίας
3499 3237 3761 3309 ἐπιθυμία
3784 3275 3798 3299 ,

2213 3341 2310 3394 καὶ
2347 3340 2402 3392 εί
2424 3357 2477 3393 τι
2515 3339 2642 3394 ἄλλο
2687 3335 2929 3390 τοιοῦτον
2964 3334 3358 3399 σπουδάζεται,
3391 3326 3468 3386 ὧν
3501 3330 3661 3402 χάριν
3706 3328 3802 3382 καὶ

2214 3432 2382 3497 ὅπλα,
2425 3429 2522 3484 καὶ
2565 3429 2822 3495 πόλεμοι,
2862 3428 2959 3482 καὶ
3001 3425 3399 3497 ἀλληλοφονίαι,
3440 3422 3537 3476 καὶ
3575 3423 3726 3475 πᾶσα
3764 3422 3799 3492 ἡ

2215 3523 2478 3586 ἑκουσίως
2506 3519 2877 3592 ἐνεργουμένη
2905 3518 3246 3589 ταλαιπωρία
3280 3516 3372 3570 καὶ
3402 3513 3674 3581 δολιότης,
3711 3512 3803 3565 ού-

2213 3615 2302 3669 δὲν
2334 3612 2482 3676 ἀλλο,
2516 3612 2550 3683 ἢ
2593 3610 2795 3681 σωρεία
2826 3609 2912 3672 τίς
2941 3609 3055 3662 ἐστι
3087 3606 3405 3678 συμφορῶν,
3446 3607 3512 3658 ὲκ
3544 3602 3804 3676 προαιρέ-

2218 3723 2355 3770 σεως
2378 3705 2515 3775 μετὰ
2535 3703 2771 3773 σπουδῆς
2793 3719 2853 3755 τε
2867 3702 2960 3755 καὶ
2977 3700 3282 3773 προθυμίας
3302 3696 3706 3767 ὲπεισαγομένη
3725 3694 3806 3765 τῷ

2218 3800 2340 3870 βίῳ.
2378 3796 2540 3851 Ἀλλά
2564 3795 2816 3868 δακρύων
2849 3795 2948 3863 μὲν
2977 3795 3034 3847 ὲν
3057 3795 3169 3856 τοῖς
3195 3789 3604 3861 κατοιχομένοις
3633 3787 3806 3854 πάθος

2200 3892 2316 3945 ὀὐκ
2339 3890 2505 3954 ἐστιν,
2535 3889 2617 3942 ὅτι
2641 3888 2762 3960 μηδ’
2793 3887 2921 3941 ἄλλο
2939 3904 2993 3941 τι
3021 3886 3210 3948 πάθος,
3234 3883 3358 3946 νοῦς
3379 3884 3435 3937 δὲ
3455 3882 3551 3936 καὶ
3585 3879 3806 3950 πνεῦμα

2215 3981 2594 4053 τυγχάνοντες,
2621 3975 2708 4032 οἷα
2745 3979 2948 4050 σαρκὸς
2980 3975 3391 4049 ἀπηλλαγμένοι
3420 3974 3512 4028 καὶ
3545 3973 3800 4042 αἵματος,

2215 4075 2327 4136 τοῖς
2366 4075 2434 4142 τῇ
2465 4069 2736 4142 παχύτητι
2763 4068 2858 4122 τοῦ
2888 4067 3137 4139 σώματος
3175 4064 3610 4136 ὲγκεχωσμένοις
3637 4061 3807 4131 ὀφθῆ-

2217 4183 2304 4221 ναι
2345 4164 2506 4234 φύσιν
2534 4164 2633 4217 ούκ
2665 4162 2912 4233 ἔχουσιν,
2960 4161 3082 4214 οὐδὲ
3113 4159 3439 4228 νουθετῆσαι
3483 4157 3550 4210 δι’
3592 4154 3806 4210 ἑαυτῶν

2215 4257 2342 4321 τοὺς
2376 4253 2696 4328 ἀνθρώπους
2742 4250 3188 4323 ἀποστῆναι·τῆς
3220 4246 3643 4319 πεπλανημένης
3674 4245 3804 4315 περὶ

2220 4348 2330 4401 τῶν
2358 4347 2526 4400 ὄντων
2555 4345 2809 4416 κρίσεως.
2841 4341 3051 4398 Οὐκοῦν
3089 4344 3118 4396 ὁ
3159 4340 3283 4404 νοῦς
3314 4341 3444 4410 ἡμῖν
3481 4339 3510 4390 ὁ
3541 4337 3807 4408 ἡμέτερος

540 4437 714 4486 stunt.
749 4429 938 4502 Itaque
965 4447 1074 4487 non
1114 4446 1178 4488 ea
1204 4431 1317 4502 jam
1347 4442 1434 4490 est
1496 4435 1746 4504 ipsorum
1799 4446 2019 4503 natura,
2059 4446 2109 4493 ut

2226 4440 2339 4493 ἀντ’
2372 4439 2592 4493 ἐκείνων
2614 4436 2966 4506 διαλεχθήτω,
3001 4435 3096 4489 καὶ
3125 4432 3367 4504 εἴπωμεν
3392 4432 3469 4494 ὡς
3499 4430 3614 4483 ἔστι
3644 4429 3806 4482 δυνα-

541 4534 643 4574 nos
675 4520 853 4576 oculis
893 4536 1158 4586 cernere,
1204 4529 1300 4578 aut
1351 4539 1448 4594 per
1490 4540 1550 4580 se
1594 4540 1816 4581 monere
1863 4529 2121 4585 mortales

540 4619 770 4680 queant,
801 4625 911 4680 quo
942 4625 974 4665 a
999 4610 1161 4677 falsa,
1195 4627 1365 4683 quam
1410 4613 1479 4670 de
1513 4615 1678 4672 rebus
1717 4617 1940 4684 habent,
2003 4621 2124 4690 opi-

541 4703 709 4759 nione
730 4703 1023 4758 desistant.
1054 4701 1426 4771 Quamobrem
1459 4721 1650 4762 eorum
1694 4725 1924 4765 munere
1965 4726 2122 4768 mens

543 4806 732 4852 nostra
765 4795 1046 4868 fungatur,
1071 4812 1284 4869 nosque
1313 4811 1682 4855 commoneat.
1713 4801 1795 4857 Ab
1826 4801 1962 4872 ipsis
1995 4819 2121 4857 cor-

543 4891 794 4962 poribus,
821 4890 1006 4960 quoad
1036 4889 1152 4945 ﬁeri
1181 4899 1382 4962 potest,
1422 4893 1757 4963 cogitatione
1797 4906 1962 4966 atque
1999 4898 2119 4950 ani~

545 4997 634 5037 Ino
671 4981 1018 5046 recedamus,
1047 4991 1422 5055 exuentesque
1445 5000 1546 5040 nos
1577 5001 1643 5041 ea
1674 4985 1981 5054 aﬂ'cctione,
2013 5003 2122 5059 qua

543 5089 766 5129 carnem
791 5075 1231 5146 complectimur,
1283 5076 1361 5131 ita
1395 5091 1499 5132 nos
1539 5077 1643 5148 ipsi
1689 5080 2120 5150 compellemus:

543 5165 590 5221 0
621 5168 806 5232 homo,
843 5169 938 5239 qui
973 5181 1188 5225 natura:
1223 5169 1499 5241 particeps
1537 5187 1620 5239 es,
1652 5173 2119 5243 quemadmodum

545 5261 727 5319 Moses
751 5265 1036 5335 praecepit,
1069 5265 1293 5321 attende
1316 5265 1436 5333 tibi,
1468 5281 1636 5321 nosce
1659 5273 1714 5322 te
1756 5266 1960 5338 ipsum,
1997 5267 2121 5321 ani-

547 5371 748 5426 meque
770 5356 1062 5428 diligenter
1107 5358 1420 5425 considera,
1452 5360 1676 5429 quinam
1711 5376 1841 5416 vere
1903 5360 1982 5416 sis
2041 5371 2121 5424 tu,

547 5451 603 5499 et
645 5461 768 5515 qua:
803 5448 950 5502 circa
977 5455 1032 5504 te
1065 5449 1385 5514 videantur,
1416 5463 1488 5505 ne
1519 5448 1742 5520 quando
1763 5489 1778 5514 ,
1819 5465 1941 5521 quae
1968 5458 2124 5505 extra

553 5540 605 5586 te
624 5542 775 5601 sunt,
818 5535 1111 5606 aspiciens,
1140 5547 1299 5608 putes
1337 5546 1392 5596 te
1430 5537 1609 5609 ipsum
1645 5540 1864 5596 intueri.
1904 5538 2062 5596 Disce
2095 5553 2122 5593 a

633 5712 647 5742 ⁸
676 5710 869 5767 Matth.
906 5728 960 5778 v,
993 5714 1047 5768 8.

2220 4529 2314 4582 τὸν
2347 4527 2452 4594 ἔξω
2481 4527 2589 4581 τῶν
2620 4525 2889 4596 σωμάτων
2917 4525 2983 4595 τῇ
3015 4523 3224 4594 διανοίᾳ
3246 4521 3546 4591 γενόμενοι,
3585 4517 3680 4571 καὶ
3708 4519 3808 4586 τῆς

2223 4619 2362 4691 πρὸς
2393 4617 2491 4689 τὴν
2535 4615 2668 4686 ὓλην
2699 4614 3072 4686 προσπαθείας
3113 4612 3210 4684 τὴν
3239 4611 3418 4683 ψυχὴν
3445 4610 3808 4679 ἀποστήσαν-

2222 4729 2348 4778 τες,
2381 4711 2464 4764 ὅτι
2495 4706 2567 4762 Ὦ
2592 4707 2874 4780 ἄνθρωπε,
2921 4707 3030 4770 πᾶς
3073 4706 3102 4758 ὁ
3145 4704 3389 4775 μετέχων
3422 4702 3522 4771 τῆς
3569 4699 3804 4769 φύσεως,

2225 4803 2458 4875 πρόσεχε
2487 4798 2720 4870 σεαυτῷ,
2753 4798 2895 4852 κατά
2916 4797 2979 4850 τὸ
3005 4794 3278 4858 Μωῡσέως
3303 4790 3688 4864 παράγγελμα,
3715 4789 3809 4842 καὶ

2225 4896 2394 4966 γνῶθι
2429 4893 2656 4947 σεαυτὸν
2697 4890 2963 4962 ἀκριὸῶς,
2995 4889 3078 4952 τίς
3106 4884 3178 4951 εἷ,
3208 4884 3514 4947 διαστείλας
3546 4883 3624 4953 τῷ
3660 4882 3808 4950 λογιε-

2226 4987 2370 5060 σμῴ,
2396 4988 2450 5040 τί
2483 4987 2578 5057 μὲν
2606 4983 2820 5055 ἀληθῶς
2843 4977 2895 5035 εἶ
2933 4982 2998 5036 σὺ
3017 5019 3033 5046 ,
3065 4981 3117 5035 τί
3145 4980 3201 5034 δὲ
3232 4978 3360 5050 περὶ
3395 4977 3455 5030 σὲ
3484 4975 3806 5045 καθορᾶται·

2228 5083 2441 5154 μήποτε
2481 5079 2549 5133 τὰ
2583 5076 2688 5142 ἔξω
2733 5076 2827 5129 σοῦ
2869 5074 3101 5146 βλέπων,
3134 5071 3356 5126 σεαυτὸν
3385 5068 3625 5139 καθορᾷν
3663 5066 3808 5136 νομί-

2228 5190 2360 5249 σῃςο
2411 5171 2547 5245 μάθε
2586 5168 2737 5239 παρὰ
2768 5166 2863 5221 τοῦ
2901 5164 3136 5237 μεγάλου
3173 5163 3386 5217 Παύλου
3423 5159 3519 5215 τοῦ
3547 5158 3616 5212 δι’
3646 5160 3806 5227 ἀκρι-

2226 5269 2380 5334 ϐείας
2426 5262 2835 5334 ἐπεσκεμμένον
2880 5259 2978 5332 τὴν
3022 5259 3202 5329 φύσιν,
3239 5258 3299 5320 ὅς
3355 5272 3522 5326 φησι,
3576 5253 3668 5306 τὸν
3708 5250 3803 5320 μὲν

2227 5357 2424 5426 ἔξωθεν
2443 5353 2601 5428 ἡμῶν
2620 5349 2756 5405 εἷναι
2782 5350 2877 5405 άνθ
2887 5366 3086 5422 ρωπον,
3105 5348 3195 5400 τὸν
3223 5347 3279 5400 δὲ
3303 5344 3528 5405 ἔσωθεν,
3549 5341 3799 5396 κάκείνου

2228 5447 2581 5519 φθειρομένου
2628 5443 2816 5497 τοῦτον
2862 5437 3325 5504 ἀνακαινίζεσθαι.
3375 5435 3468 5507 Μὴ
3503 5433 3682 5488 τοίνυν
3713 5429 3801 5483 τὸν

2230 5537 2586 5609 φθειρόμενον
2618 5534 2848 5604 βλέπων,
2875 5530 3098 5586 σεαυτὸν
3125 5527 3314 5600 οἰηθῇς
3339 5526 3577 5600 βλέπειν.
3614 5523 3799 5578 Ἔσται
