4072 6156
325 307 435 366 509
1724 307 1816 362 DE

1877 304 2210 364 MORTUIS.

3505 303 3611 364 510

329 427 430 499 μὲν
454 421 564 494 7&9
593 437 726 474 ποτε
754 419 976 476 κάκεῖνο
1005 419 1213 493 φθορᾶς
1242 421 1527 495 ἐλεύθερον
1549 461 1566 489 ,
1589 395 1724 478 ὅταν
1762 423 1822 478 ὲν
1849 424 1916 495 ’τῇ

2023 435 2223 492 magno
2278 418 2468 486 Paulo,
2487 418 2582 490 qui
2620 425 2876 474 naturam
2909 416 3150 475 hominis
3181 417 3344 489 plane
3388 434 3614 490 perspe-

328 509 718 582 παλιγγενεσίᾳ
743 511 806 565 τὸ
831 512 1020 584 θνητόν
1036 530 1097 566 τε
1119 515 1213 568 καὶ
1232 513 1544 568 εὐδιάλυτον
1576 530 1921 584 μετασκευα-

330 604 433 676 σθῇ
461 603 599 674 πρὸς
625 602 688 656 τὺ
718 602 987 656 ἀθάνατόν
1015 621 1074 656 τε
1106 607 1201 658 καὶ
1227 605 1530 660 ἀδιάλυτον.
1571 605 1736 658 Ἀλλά
1757 605 1818 658 τό
1854 621 1920 673 γε

329 693 423 748 νῦν
450 692 566 764 ῥέει
591 691 688 745 καὶ
715 691 997 745 διαπίπτει
1026 693 1120 745 καὶ
1146 692 1432 765 φθείρεται
1455 694 1516 747 τὸ
1539 692 1738 760 ἔξωθεν
1765 694 1923 764 ἡμῶν

327 784 778 856 προφαινόμενον.
819 783 1028 838 Οὐκοῦν
1059 786 1121 838 ού
1156 786 1294 856 πρὸς
1325 784 1483 838 τοῦτο
1514 784 1622 856 χρὴ
1664 784 1881 856 βλέπειν
1901 824 1918 850 ,

326 877 406 930 δτι
432 875 569 946 μηδὲ
592 874 728 946 πρὸς
754 873 881 927 ἄλλο
903 891 956 927 τι
979 875 1248 946 προσήκει
1267 876 1377 930 τῶν
1399 875 1742 947 βλεπομένων
1765 876 1920 947 ὁρᾷν.

327 967 516 1030 Οὕτως
567 967 814 1030 εἰπόντος
863 965 956 1020 τοῦ
1003 967 1216 1021 Παύλου
1244 1007 1258 1032 ,
1311 969 1394 1022 ὅτι
1452 968 1527 1040 μὴ
1577 966 1922 1022 σκοπούντων

327 1057 486 1128 ἡμῶν
525 1055 593 1111 τά
629 1055 938 1127 βλεπόμενα
960 1073 973 1087 ·
1005 1057 1074 1111 τά
1108 1057 1219 1128 7&9
1253 1057 1563 1131 βλεπόμενα
1588 1059 1918 1131 πρόσκαιρα,

325 1149 395 1202 τὰ
424 1149 481 1202 δὲ
525 1147 601 1219 μὴ
643 1147 948 1220 βλεπόμενα
988 1149 1210 1204 αἰώνια·
1256 1151 1371 1206 ἀλλ’
1401 1152 1496 1206 ἐπὶ
1531 1151 1642 1207 τῶν
1673 1153 1921 1227 ἀοράτων

325 1241 386 1292 ἑν
432 1241 564 1310 ἡμῖν
612 1238 922 1309 τρέψαντας
963 1240 1061 1312 τὴν
1110 1240 1365 1313 Θεωρίαν,
1420 1244 1597 1296 ἐκεῖνο
1645 1242 1920 1298 πιστεύειν

327 1329 547 1400 ἀληθῶς
575 1323 716 1384 εἶναι
743 1331 912 1402 ἡμᾶς,
934 1330 1262 1402 ὃδιαφεύγει
1275 1333 1374 1406 τὴν
1399 1333 1721 1406 αἰσθητικὴν
1745 1351 1914 1389 κατα-

327 1420 536 1492 νόησιν.

2016 520 2160 566 ctam
2190 519 2245 567 et
2269 510 2546 580 cognitam
2574 509 2831 566 habebat.
2897 509 2989 563 Ait
3027 507 3199 574 enim,
3227 524 3396 563 unum
3428 509 3613 564 homi-

2015 618 2141 658 nem
2161 603 2517 665 exteriorem,
2561 602 2797 657 alterum
2835 599 3176 664 interiorem,
3219 615 3456 670 eumque
3487 613 3614 655 cor-

2017 696 2217 764 rumpi,
2241 696 2389 750 hunc
2413 694 2668 750 renovari
2688 696 2731 747 '.
2767 692 2949 759 Quare
2977 708 3104 749 cum
3139 694 3314 761 illum,
3357 695 3452 765 qui
3482 710 3609 750 cor-

2017 786 2314 857 rumpitur,
2344 785 2562 851 cernis,
2597 787 2835 858 teipsum
2886 786 3135 858 aspicere
3182 802 3253 843 ne
3295 788 3606 843 arbitreris.

2022 876 2090 933 Et
2125 877 2216 934 ille
2243 878 2480 949 quidem
2506 878 2804 949 aliquando
2829 879 2938 935 erit
2977 894 3008 934 a
3048 879 3400 950 corruptione
3450 880 3608 944 liber,

2021 981 2148 1022 cum
2193 968 2252 1023 in
2304 969 2720 1041 regeneratione
2757 969 3004 1024 mortalis
3037 977 3092 1025 et
3138 970 3230 1041 qui
3287 969 3610 1025 dissolvitur

2019 1060 2211 1127 homo,
2265 1077 2393 1117 cum
2467 1063 2784 1126 immortali,
2844 1069 2900 1117 et
2937 1061 3032 1132 qui
3093 1077 3205 1117 non
3263 1063 3610 1128 dissolvitur,

2021 1152 2408 1223 conjungetur.
2449 1151 2608 1208 Nunc
2653 1163 2835 1208 autem
2875 1154 2972 1223 qui
3022 1161 3178 1208 extra
3219 1167 3322 1208 nos
3362 1153 3603 1217 videtur,

2019 1242 2162 1304 ﬂuit,
2195 1242 2458 1308 concidit,
2512 1250 2676 1314 atque
2717 1242 3114 1312 corrumpitur.
3166 1239 3266 1296 Hic
3309 1232 3438 1312 ergo
3484 1256 3612 1312 spe-

1997 1334 2260 1414 .ctandus
2300 1349 2410 1390 non
2449 1342 2555 1400 est,
2586 1333 2810 1405 quando
2852 1350 2923 1390 ne
2975 1334 3182 1405 reliqua
3211 1334 3452 1405 quidem,
3485 1349 3609 1405 qum

2017 1435 2342 1490 cernuntur,
2374 1428 2670 1496 spectanda
2705 1437 2854 1483 sunt.
2879 1426 3172 1494 Quoniam,
3204 1435 3262 1481 ut
3297 1426 3496 1482 Paulus
3527 1427 3611 1480 in-

323 1511 465 1578 quit,
511 1526 689 1582 neque
736 1521 951 1583 oportet
985 1515 1338 1572 considerare
1389 1529 1511 1586 qua:
1545 1516 1837 1589 videntur;
1876 1533 2001 1590 quae
2053 1518 2199 1575 enim
2245 1515 2499 1573 videntur
2543 1517 2877 1588 temporaria
2911 1527 3061 1580 sunt,
3108 1531 3232 1588 qua;
3273 1524 3454 1570 autem
3499 1528 3610 1570 non

323 1602 600 1668 videntur,
639 1603 898 1659 aeterna‘.
940 1606 1162 1676 Oportet
1202 1615 1405 1674 autem,
1430 1614 1490 1662 ut
1527 1607 1912 1678 cogitationem
1940 1609 2005 1664 ad
2028 1623 2116 1672 ea,
2147 1623 2270 1678 quae
2299 1609 2356 1664 in
2383 1608 2544 1664 nobis
2573 1623 2685 1663 non
2715 1607 2988 1676 videntur,
3017 1615 3423 1671 convertamus,
3449 1605 3611 1676 idque

322 1707 424 1750 nos
460 1709 590 1752 vero
623 1712 745 1753 esse
775 1697 1085 1764 credamus,
1118 1698 1263 1770 quod
1293 1714 1490 1755 sensus
1520 1700 1889 1770 cognitionem
1914 1701 2124 1774 eﬁ‘ugit.

391 1788 687 1860 Γενὼμεθα
709 1793 910 1856 τοίνυν,
937 1793 1078 1846 κατά
1102 1793 1194 1847 τὸν
1220 1793 1562 1866 παροιμιώδη
1585 1793 1763 1864 λόγον,
1785 1797 1913 1849 ἑαυ-

2091 1794 2204 1852 Nos
2253 1795 2422 1867 igitur
2481 1794 2654 1865 ipsos,
2720 1800 2782 1848 ut
2808 1792 3158 1863 proverbium
3193 1793 3372 1862 jubet,
3405 1808 3610 1864 cogno-

322 1880 431 1935 τῶν
465 1881 764 1954 γνώμονες.
791 1884 865 1937 Τὸ
889 1884 998 1956 γὰρ
1022 1885 1214 1938 ἑαυτὸν
1235 1885 1459 1954 γνῶναι,
1489 1888 1787 1958 καθάρσιον
1808 1887 1916 1944 τῶν

323 1973 390 2025 ἐκ
417 1973 520 2044 τῆς
567 1973 790 2043 ἀγνοίας
826 1975 1316 2048 πλημμελημάτων
1347 1977 1578 2046 γίνεται.
1629 1978 1769 2032 Ἀλλ’
1816 1979 1917 2033 οὐκ

322 2062 438 2116 ἔστι
459 2063 640 2136 ῥᾴδιον
673 2066 864 2121 ἑαυτὸν
889 2067 1122 2121 κατιδεῖν
1153 2067 1493 2139 βουλόμενον,
1523 2070 1596 2142 μή
1621 2086 1767 2134 τινος
1794 2071 1917 2124 ἐπι-

323 2154 472 2218 νοίας
501 2156 725 2210 δυνατὸν
751 2157 1014 2230 ποιούσης
1038 2161 1170 2230 ἡμῖν
1202 2159 1262 2213 τδ
1289 2159 1570 2214 ἀδύνατον.
1598 2161 1779 2233 Ὅπερ
1807 2161 1917 2234 7&9

321 2248 417 2301 ἐπὶ
447 2248 557 2301 τῶν
593 2251 922 2320 σωματικῶν
951 2250 1244 2321 ὀφθαλμῶν
1287 2254 1320 2323 ή
1362 2252 1524 2322 φύσις
1559 2254 1836 2325 ἐποίησεν,
1865 2256 1916 2312 οἳ

321 2340 502 2395 πάντα
531 2341 598 2394 τὰ
628 2341 764 2396 ἀλλα
800 2341 1114 2413 βλέποντες,
1147 2344 1357 2398 ἑαυτῶν
1387 2345 1607 2401 ἀθέατοι
1639 2345 1914 2418 μένουσινο

321 2433 414 2485 τὸν
440 2431 602 2486 αὑτὸν
630 2433 829 2504 τρόπον
859 2433 953 2488 καὶ
982 2435 1014 2505 ἠ
1043 2433 1210 2507 ψυχὴ,
1245 2435 1422 2490 πάντα
1449 2436 1516 2491 τὰ
1543 2436 1678 2491 ἀλλα
1706 2437 1918 2509 διερευ-

323 2523 581 2595 νωμένη,
613 2524 709 2578 καὶ
741 2524 812 2579 τά
860 2525 965 2590 ἔξω
1003 2526 1204 2595 ἑαυτῆς
1242 2526 1773 2599 πολυπραγμονοῦσα
1822 2527 1918 2581 καὶ

319 2616 716 2686 ἀνιχνεύουσα,
767 2617 968 2687 ἑαυτὴν
1023 2618 1150 2672 ἰδεῖν
1194 2617 1473 2682 ἀδυνάτως
1522 2618 1659 2690 ἔχει.
1707 2617 1918 2673 υύκοῦν

320 2709 461 2778 ὅπερ
488 2709 582 2762 ἐπὶ
619 2708 730 2761 τῶν
770 2707 1064 2780 ὀφθαλμῶν
1093 2707 1300 2778 γίνεται
1323 2750 1338 2776 ,
1368 2709 1528 2763 τοῦτο
1558 2710 1654 2763 καὶ
1698 2711 1732 2781 η
1769 2708 1916 2780 ψυχὴ

326 2799 683 2871 μιμησάσθω.
717 2801 828 2852 Καὶ
861 2799 970 2870 γὰρ
995 2801 1262 2868 κάκεῖνοι,
1292 2801 1479 2873 ἐπειδὴ
1507 2801 1610 2858 οὐκ
1637 2800 1785 2856 ἐστιν
1828 2801 1917 2855 αύ-

323 2889 438 2954 τοῖς
488 2893 554 2944 ὲκ
592 2891 807 2962 φύσεως
839 2891 1070 2964 δύναμις
1116 2893 1252 2964 πρὸς
1296 2894 1397 2965 τὴν
1431 2893 1641 2948 ἑαυτῶν
1678 2893 1915 2965 θεωρίαν

321 2983 423 3054 τὴν
446 2982 674 3052 όπτικὴν
703 2983 982 3056 ἐνέργειαν
1011 2985 1344 3055 ἀναστρέψαι
1367 3026 1381 3052 ,
1407 2985 1502 3038 καὶ
1531 2986 1758 3051 ἑαυτοὺς
1786 3003 1919 3041 κατ-

326 3074 482 3139 ιδεῖν,
509 3074 798 3146 κατόπτρῳ
845 3074 906 3149 τὸ
946 3069 1087 3140 εἷδὸς
1114 3093 1174 3129 τε
1208 3075 1304 3130 καὶ
1335 3076 1398 3130 τὸ
1433 3077 1622 3148 σχῆμα
1657 3078 1752 3130 τοῦ
1787 3077 1916 3132 ἰδίου

2016 1899 2261 1942 scamus.
2323 1884 2440 1940 Hac
2466 1885 2612 1940 enim
2647 1883 2962 1956 cognitione
3025 1884 3319 1954 expiantur
3360 1894 3609 1954 peccata,

2017 1993 2140 2050 quae
2177 1978 2246 2033 ab
2267 1976 2580 2048 ignorantia
2609 1975 3057 2048 proﬁciscuntur.
3080 1977 3149 2028 At
3173 1989 3284 2030 non
3310 1983 3397 2031 est
3421 1975 3606 2042 facile,

2015 2070 2270 2128 utetiam
2298 2070 2366 2135 is,
2397 2068 2493 2139 qui
2521 2082 2649 2124 vere
2679 2077 2846 2138 atque
2875 2081 2941 2122 ex
2977 2066 3163 2122 animo
3185 2068 3338 2136 cupit
3361 2068 3606 2137 seipsum

2018 2145 2376 2236 cognoscere,
2403 2161 2459 2216 id
2486 2172 2837 2229 assequatur.
2866 2158 3026 2212 Nulla
3048 2159 3195 2214 enim
3217 2159 3361 2214 ratio
3391 2159 3607 2227 tribuit,

2017 2263 2100 2324 ut,
2131 2254 2280 2326 quod
2311 2253 2431 2310 ﬁeri
2465 2251 2681 2322 nequit,
2723 2251 2863 2307 ellici
2897 2251 3097 2322 possit.
3142 2249 3280 2306 Nam
3309 2251 3458 2322 quod
3507 2266 3608 2306 na-

2015 2354 2140 2402 tura
2173 2345 2457 2416 corporeis
2491 2344 2670 2400 oculis
2721 2342 2911 2397 datum
2956 2349 3063 2406 est,
3124 2351 3183 2396 ut
3215 2356 3343 2396 cum
3397 2343 3609 2412 reliqua

2015 2438 2260 2503 videant,
2289 2437 2455 2509 seipsi
2487 2445 2764 2507 nequeant
2794 2435 3020 2500 intueri,
3061 2433 3208 2491 idem
3248 2434 3434 2489 animo
3474 2449 3610 2489 con-

2017 2529 2202 2602 tingit,
2229 2538 2311 2595 ut,
2342 2543 2467 2586 cum
2502 2537 2700 2584 caetera
2730 2527 2918 2583 omnia
2957 2526 3226 2596 exploret,
3257 2532 3313 2581 et
3357 2541 3482 2596 quas
3509 2539 3608 2580 ex-

2018 2628 2104 2676 tra
2131 2636 2192 2678 se
2218 2627 2369 2684 sunt,
2399 2619 2692 2688 diligenter
2730 2617 2996 2688 inquirat,
3048 2624 3104 2673 et
3147 2617 3500 2688 pervestiget,
3548 2631 3609 2673 se

2017 2714 2138 2785 ipse
2184 2711 2376 2768 videre
2408 2726 2520 2766 non
2579 2709 2775 2781 possit.
2816 2708 3004 2780 Itaque
3053 2708 3158 2765 hac
3192 2707 3249 2764 in
3305 2723 3366 2763 re
3392 2709 3608 2764 animus

2017 2803 2209 2862 oculos
2240 2803 2505 2867 imitetur,
2541 2816 2606 2857 ac
2649 2800 3112 2872 quemadmodum
3143 2800 3245 2865 illi,
3269 2814 3394 2854 cum
3425 2814 3457 2854 a
3505 2814 3608 2854 na-

2017 2905 2142 2953 tura
2177 2910 2287 2952 non
2318 2895 2558 2950 habeant
2596 2908 2719 2951 eam
2778 2892 3122 2958 facultatem,
3158 2899 3220 2946 ut
3279 2891 3606 2963 semetipsos

2018 2987 2074 3043 in
2123 3001 2183 3043 se
2214 2993 2600 3042 convertentes
2647 2984 2942 3054 aspiciant,
2979 2983 3217 3054 speciem
3251 2997 3317 3039 ac
3369 2982 3606 3042 formam

2019 3079 2229 3151 proprii
2255 3079 2405 3135 orbis
2457 3077 2514 3133 in
2549 3076 2778 3148 Speculo
2810 3075 3146 3146 conspicati,
3179 3091 3278 3147 per
3311 3075 3604 3147 imaginem

324 3165 654 3237 θεασάμενοι
695 3163 934 3231 κύκλου,
978 3166 1068 3220 διὰ
1099 3167 1200 3237 τῆς
1245 3166 1453 3231 εἰκόνος
1503 3167 1732 3231 ἑαυτοὺς
1783 3166 1916 3221 καθ-

2019 3168 2168 3224 illam
2197 3184 2320 3225 sese
2349 3167 2738 3238 conspiciunt:
2773 3167 2856 3224 sic
2887 3169 3054 3222 etiam
3081 3166 3198 3237 ipse
3227 3166 3294 3222 ad
3327 3167 3606 3237 propriam

321 3257 548 3330 ορῶσιν.
597 3257 756 3311 Οὖτω
795 3257 901 3330 χρὴ
945 3257 1040 3312 καὶ
1081 3258 1179 3328 τὴν
1228 3256 1405 3329 ψυχὴν
1451 3257 1588 3328 πρὸς
1635 3257 1736 3329 τὴν
1778 3257 1914 3312 ἰδίαν

322 3349 537 3405 ἀπιδεῖν
568 3349 770 3415 εἰκόνα,
802 3349 896 3403 καὶ
927 3351 1064 3420 ὅπερ
1095 3349 1162 3402 ἂν
1192 3348 1278 3422 ἴδῃ
1311 3350 1370 3402 ἐν
1396 3349 1473 3420 τῷ
1511 3349 1842 3422 χαρακτῆρι,
1870 3342 1916 3419 ᾧ

324 3441 708 3511 ἀφωμοίωται,
732 3441 808 3506 ὼς
832 3441 962 3495 ίδιον
985 3440 1184 3512 ἑαυτῆς
1205 3439 1362 3494 τοῦτο
1383 3439 1705 3496 θεάσασθαι.
1749 3439 1914 3494 Ἀλλά

325 3531 526 3604 μικρὸν
557 3532 860 3598 ὑπαλλάξαι
889 3549 940 3585 τι
975 3533 1239 3603 προσήκει
1267 3531 1360 3585 τοῦ
1385 3531 1804 3603 ύποδείγματος,
1828 3531 1915 3585 ἵνα

319 3623 579 3693 οἰκειωθῇ
611 3621 690 3693 τῷ
715 3621 858 3692 λόγῳ
882 3621 943 3675 τὸ
972 3621 1168 3692 νόημα.
1214 3620 1336 3674 Ἐπί
1369 3621 1468 3692 μὲν
1493 3620 1601 3693 γὰρ
1631 3621 1731 3693 τῆς
1757 3622 1816 3674 ὲν
1837 3618 1915 3692 τῷ

323 3713 620 3785 κατόπτρῳ
651 3715 862 3785 μορφῆς
880 3754 895 3778 ,
922 3713 956 3784 ἡ
993 3712 1156 3767 εἰκὼν
1183 3713 1320 3783 πρὸς
1352 3713 1414 3766 τὸ
1443 3713 1752 3784 ἀρχέτυπον
1783 3730 1916 3784 σχη-

328 3807 648 3879 ματίζεται·
705 3808 797 3860 ἐπὶ
845 3807 901 3861 δὲ
946 3807 1040 3861 τοῦ
1076 3810 1177 3880 τῆς
1227 3806 1404 3880 ψυχῆς
1443 3807 1810 3879 χαρακτῆρος,
1853 3805 1915 3860 τὸ

323 3897 566 3970 ἔμπαλιν
600 3899 969 3970 νενοήκαμενο
1009 3899 1150 3952 κατά
1194 3898 1303 3970 γὰρ
1329 3898 1390 3952 τὸ
1429 3897 1571 3952 θεῖον
1610 3897 1824 3963 κάλλος,
1853 3896 1915 3952 τὸ

321 3990 425 4060 τῆς
457 3989 634 4060 ψυχῆς
662 3985 800 4054 εἶδος
827 3989 1249 4054 ἀπεικονίζεται.
1285 3989 1496 4044 Οὐκοῦν
1524 3990 1652 4044 ὅταν
1683 3989 1822 4062 πρὸς
1854 3987 1914 4042 τὸ

325 4079 634 4150 ἀρχέτυπον
678 4079 878 4149 ἑαυτῆς
908 4077 1081 4150 βλέπῃ
1111 4079 1145 4148 ἡ
1180 4078 1347 4150 ψυχὴ,
1378 4079 1501 4132 τότε
1530 4078 1596 4132 διε
1627 4077 1914 4148 ἀκριὸείας

325 4170 532 4244 ἑαυτὴν
567 4172 796 4244 καθορᾷ.
829 4171 895 4225 Τί
941 4171 1121 4226 τοίνυν
1157 4172 1274 4224 ἐστὶ
1305 4171 1366 4224 τὸ
1408 4171 1592 4235 Θεῖον,
1622 4162 1667 4238 ᾧ
1702 4171 1736 4240 ἡ
1767 4169 1915 4240 ψυχὴ

325 4265 784 4336 προσωμοίωται;
826 4265 902 4320 Ού
941 4263 1122 4335 σῶμα,
1154 4264 1214 4317 ού
1252 4263 1462 4334 σχῆμα,
1502 4263 1603 4317 ούκ
1653 4259 1812 4327 εἶδος,
1853 4262 1914 4315 οὐ

326 4357 654 4428 πηλικότης,
701 4358 802 4412 οὐκ
841 4357 1156 4423 ἀντιτυπία,
1204 4357 1266 4410 ού
1310 4355 1504 4429 βάρος,
1534 4355 1594 4409 οὐ
1637 4355 1822 4420 τόπος,
1853 4354 1912 4408 οὐ

325 4449 545 4522 χρόνος,
585 4450 686 4503 οὐκ
732 4449 860 4503 ἀλλο
886 4467 940 4502 τι
987 4446 1229 4503 τοιοῦτον
1265 4447 1439 4513 οὐδὲν,
1467 4446 1534 4500 δι’
1571 4441 1647 4501 ὧν
1671 4449 1705 4518 ἡ
1756 4445 1916 4518 ὑλικὴ

2017 3262 2309 3330 imaginem
2341 3277 2402 3318 se
2435 3267 2830 3325 convertat,-et
2859 3260 3004 3332 quod
3061 3259 3120 3315 in
3167 3260 3488 3331 exemplari,
3537 3259 3606 3314 ad

2017 3355 2178 3426 cujus
2204 3354 2631 3411 similitudinem
2665 3355 2847 3410 factus
2880 3361 2988 3420 est,
3012 3353 3234 3418 viderit,
3273 3352 3511 3424 idipsum
3538 3359 3600 3408 ut

2015 3445 2298 3515 pr0prium
2325 3444 2748 3513 contempletur,
2781 3449 2836 3498 et
2871 3457 3056 3498 suum.
3110 3441 3193 3498 Ab
3221 3443 3474 3512 exemplo
3522 3449 3607 3496 ta-

2016 3550 2142 3590 men
2185 3536 2290 3590 hoc
2335 3535 2622 3605 paululum
2659 3540 2746 3590 est
2797 3533 3219 3599 discedendum,
3258 3541 3316 3588 ut
3361 3550 3450 3590 res
3485 3535 3602 3602 ipsa

2015 3625 2302 3696 proposito
2341 3632 2630 3695 congruat.
2674 3621 2809 3676 Nam
2862 3623 3065 3694 imago,
3114 3638 3238 3692 quae
3278 3626 3334 3682 in
3387 3623 3600 3694 speculi

2015 3715 2193 3771 forma
2223 3715 2584 3786 conspicitur,
2622 3713 2692 3770 ad
2753 3714 2898 3770 oculi
2945 3715 3228 3785 exemplar
3277 3715 3602 3786 efﬁngitur;

2015 3806 2073 3864 in
2095 3808 2266 3864 animi
2287 3823 2418 3865 vero
2439 3808 2678 3880 imagine
2701 3817 2894 3864 contra
2919 3805 2997 3861 ﬁt.
3024 3805 3202 3877 Ipsius
3225 3808 3371 3864 enim
3394 3807 3604 3878 species

2017 3901 2085 3956 ad
2115 3901 2314 3957 divina:
2340 3901 2772 3970 pulchritudinis
2802 3901 3037 3958 formam
3075 3901 3281 3969 efﬁcta,
3309 3915 3603 3972 expressa-

2015 4006 2124 4062 que
2157 3999 2260 4047 εει.
2292 3992 2484 4062 Itaque
2531 3998 2647 4048 tum
2678 4007 2806 4048 vere
2859 3993 3040 4062 seipse
3071 3992 3330 4062 perspicit
3361 3993 3601 4058 animus,

2015 4098 2141 4139 eum
2171 4085 2451 4153 exemplar
2477 4084 2725 4138 intuetur
2763 4084 2870 4139 sui.
2907 4082 3050 4150 Quid
3096 4084 3264 4154 igitur
3294 4083 3442 4140 Deus
3493 4091 3600 4153 est,

2015 4174 2174 4244 cuius
2206 4173 2617 4229 similitudinem
2671 4173 2889 4230 animus
2940 4173 3152 4229 refert?
3196 4191 3306 4230 non
3360 4189 3591 4246 corpus,

2017 4281 2129 4322 non
2168 4263 2364 4334 ﬁgura,
2394 4278 2508 4320 non
2543 4263 2779 4334 species,
2818 4277 2928 4319 non
2958 4265 3219 4336 qualitas,
3269 4280 3379 4320 non
3429 4267 3604 4323 moles

2015 4373 2234 4428 aspera,
2275 4372 2384 4412 non
2417 4355 2660 4428 pondus,
2691 4370 2801 4412 non
2834 4356 3013 4422 locus,
3047 4371 3168 4435 non
3209 4363 3446 4426 tempus,
3488 4372 3597 4412 non

2017 4450 2165 4505 aliud
2201 4449 2484 4520 quidpiam
2501 4463 2716 4514 eorum,
2748 4463 2812 4506 ex
2845 4448 3050 4519 quibus
3076 4464 3139 4504 ea
3178 4463 3300 4518 quae
3322 4463 3389 4502 ex
3419 4455 3598 4501 mate-

329 4521 511 4607 κτίσις
556 4541 915 4613 γνωρίζεται·
972 4541 1107 4596 ἀλλά
1160 4541 1378 4595 πάντων
1425 4538 1629 4594 τούτων
1677 4539 1772 4594 καὶ
1807 4538 1914 4592 τῶν

2018 4543 2099 4596 ria
2128 4548 2260 4596 sunt
2291 4549 2602 4610 procreata,
2636 4546 3069 4610 cognoscuntur.
3096 4537 3202 4593 Sed
3232 4537 3320 4594 his
3342 4537 3598 4593 omnibus

331 4634 592 4689 τοιούτων
636 4633 1070 4705 ὑφαιρεθὲντων,
1119 4633 1306 4704 νοερόν
1350 4649 1403 4686 τι
1455 4631 1551 4686 καὶ
1600 4631 1781 4695 ἀῦλον,
1823 4631 1917 4684 καί⁵

340 4727 566 4798 ἀναφὲς,
596 4727 691 4780 καὶ
729 4724 1018 4797 ἀσώματον
1037 4767 1052 4790 ,
1087 4726 1179 4780 καὶ
1211 4723 1534 4778 ἀδιάστατον
1563 4722 1668 4794 χρὴ
1700 4721 1916 4785 πάντως

333 4821 478 4874 νοεῖν
508 4819 568 4872 τὸ
601 4818 939 4889 λειπόμενον.
971 4818 1037 4872 Εἰ
1064 4817 1242 4870 τοίνυν
1280 4813 1522 4878 τοιοῦτος
1561 4817 1590 4867 ό
1630 4810 1914 4885 χαρακτὴρ

327 4911 428 4966 τοῦ
470 4910 778 4982 ἀρχετύπου
817 4907 1332 4980 καταλαμϐάνεται,
1367 4905 1658 4961 ἀκόλουθον
1697 4904 1915 4967 πάντως

330 5003 477 5058 κοιτά
515 5001 575 5055 τὸ
608 4998 746 5066 εἶδος
776 5003 952 5055 ἐκεῖνο
987 4997 1425 5072 μεμορφωμένην
1467 4997 1568 5068 τὴν
1607 4995 1784 5068 ψυχὴν
1826 4995 1915 5049 διά

329 5094 443 5148 τῶν
499 5093 680 5147 αὐτῶν
731 5093 1096 5165 χαρακτήρων
1144 5090 1580 5161 ἐπιγνωσθῆναι·
1630 5087 1770 5142 ὥστε
1823 5087 1916 5141 καὶ

329 5184 541 5256 ταύτην
568 5183 730 5239 ἀῦλόν
760 5200 820 5237 τε
850 5178 988 5237 εἶναι
1016 5181 1109 5236 καὶ
1136 5181 1293 5251 ἀειδῆ
1316 5181 1411 5234 καὶ
1434 5178 1627 5251 νοεράν
1653 5179 1748 5232 καὶ
1774 5177 1919 5232 ass.

335 5296 526 5351 ματον.
549 5275 909 5348 Λογισώμεθα
930 5274 1110 5332 τοίνυν
1136 5274 1266 5328 πότε
1297 5272 1498 5345 μᾶλλον
1523 5271 1603 5343 τῷ
1626 5271 1918 5345 ἀρχετύπῳ

331 5370 522 5425 κάλλει
560 5368 911 5441 προσεγγίζει
953 5370 986 5438 ἡ
1028 5365 1343 5438 ἀνθρωπίνη
1393 5364 1588 5433 φύσις,
1629 5364 1687 5418 ὲν
1723 5363 1801 5433 τῷ
1831 5363 1918 5417 διά

334 5461 540 5528 σαρκὸς
589 5461 779 5533 ζῇν,ἢ
835 5461 964 5515 ὅταν
1015 5457 1120 5525 ἔξω
1153 5456 1355 5526 ταύτης
1401 5453 1705 5525 γενώμεθα.
1758 5454 1918 5509 Ἀλλά

335 5555 498 5611 παντὶ
537 5552 696 5624 δῆλον
737 5553 797 5608 τὸ
841 5551 1079 5606 τοιοῦτόν
1122 5551 1307 5615 ἐστιν,
1352 5549 1432 5603 ὅτι
1475 5546 1662 5619 ὥσπερ
1711 5549 1742 5618 ἡ
1779 5545 1915 5618 σὰρξ

403 5737 424 5769 ³
464 5731 506 5790 ΙΙ
535 5733 659 5788 Cor.
694 5749 764 5794 Iv,
807 5733 888 5788 16.
967 5734 986 5765 ³
1015 5734 1145 5790 ibid.
1188 5732 1269 5788 18.

2013 4647 2315 4704 earumque
2349 4631 2625 4688 similibus
2665 4631 2830 4687 rebus
2863 4630 3152 4694 submotis,
3191 4636 3275 4684 est
3315 4627 3598 4698 quiddam,

2012 4725 2159 4798 quod
2183 4733 2367 4780 mente
2397 4729 2640 4787 constat,
2702 4720 3055 4791 materiaeque
3111 4727 3198 4776 est
3239 4733 3455 4791 expers,
3497 4733 3599 4775 nec

2011 4817 2160 4888 tangi
2193 4822 2399 4887 potest,
2437 4821 2494 4870 et
2525 4826 2762 4882 corpore
2792 4818 2974 4880 vacat,
3003 4820 3059 4868 et
3090 4810 3237 4866 omni
3261 4810 3600 4867 dimensione

2011 4921 2179 4966 caret.
2206 4907 2478 4975 Quocirca
2506 4919 2634 4960 cum
2672 4905 2953 4978 exemplar
3004 4905 3077 4960 sit
3116 4902 3410 4973 ejusmodi,
3459 4917 3597 4958 con-

2014 5016 2253 5072 sequens
2283 5007 2390 5064 est,
2431 5003 2516 5062 ut,
2556 4996 2650 5066 qui
2689 4997 2755 5052 ad
2789 4996 2911 5066 ejus
2944 4993 3358 5052 similitudinem
3391 4993 3597 5049 forma-

2015 5098 2105 5144 tus
2129 5096 2214 5144 est
2244 5085 2482 5151 animus,
2527 5083 2737 5140 eisdem
2781 5090 3148 5154 cognoscatur
3183 5083 3349 5139 notis.
3387 5082 3594 5154 Expers

2015 5181 2180 5254 igitur
2216 5176 2458 5233 materia:
2481 5182 2585 5242 est,
2613 5175 2766 5230 cerni
2798 5190 2908 5231 non
2962 5183 3180 5247 potest,
3235 5183 3416 5232 mente
3473 5175 3588 5231 sola

2015 5270 2340 5347 percipitur,
2365 5276 2628 5339 caretque
2666 5282 2922 5338 corpore.
2976 5267 3110 5334 Quae
3138 5283 3266 5324 cum
3320 5269 3395 5323 ita
3455 5267 3587 5333 sint,

2020 5379 2140 5436 age,
2185 5359 2607 5416 consideremus
2640 5357 2866 5427 quando
2897 5359 3125 5430 propius
3168 5359 3236 5414 ad
3266 5358 3596 5429 exemplaris

2019 5450 2483 5528 pulchritudinem
2532 5446 2761 5504 accedat
2802 5449 3043 5504 humana
3085 5457 3306 5514 natura,
3355 5464 3482 5505 cum
3538 5449 3597 5505 in

2021 5560 2186 5603 carne
2217 5543 2473 5608 vivimus,
2509 5556 2578 5597 an
2601 5553 2724 5596 cum
2753 5539 2820 5597 ab
2855 5541 2946 5598 illa
2974 5542 3210 5614 separati
3240 5556 3452 5600 sumus.
3490 5538 3597 5599 Ne-
