4072 6156
483 308 583 364 5H

1716 312 1775 372 S.
1816 314 2145 374 οιιΕοοιιιι
2181 314 2476 371 NYSSENI

3645 310 3752 371 Si!

485 423 619 477 mini
650 423 876 481 dubium
914 431 1015 492 est,
1048 425 1181 497 quin
1216 434 1275 483 ut
1305 441 1434 484 caro
1479 443 1548 485 ex
1582 432 1809 485 materia
1861 437 2053 486 coacta

2163 431 2367 503 ὑλώδης
2415 426 2549 484 οὖσα
2599 432 2665 501 τῇ
2726 430 2886 502 ύλικῇ
2923 428 3099 501 ταύτῃ
3143 427 3257 501 ζωῇ
3309 428 3748 501 προσῳκείωται,

483 523 853 586 concretaque
895 520 1020 573 vitae
1073 519 1163 574 isti
1193 534 1394 576 crassa:
1427 520 1773 592 coniunctior
1821 530 1928 592 est,
1978 526 2061 580 sic

486 607 705 663 animus
732 615 861 663 tunc
895 625 1020 665 vere
1052 610 1203 665 vivat
1230 613 1398 667 vitam
1433 613 1579 667 illam
1610 629 1640 667 a
1697 616 1927 670 materia
1968 631 2057 671 re-

487 706 714 764 motam,
754 713 877 768 qua:
909 707 1091 758 mente
1130 703 1248 758 sola
1278 704 1784 776 comprehenditur,
1839 708 2061 779 quando

485 791 770 847 materiam
793 791 899 848 sibi
915 794 1326 869 circumiectam
1350 799 1683 865 excusserit,
1702 809 1757 856 et
1774 800 2056 871 abjeccrit.

484 884 639 952 Quod
658 883 703 939 si
739 886 795 939 in
826 899 1060 957 corpore
1087 903 1275 944 verum
1310 890 1490 960 ipsum
1533 890 1738 947 bonum
1787 894 2061 949 consiste-

483 986 588 1041 ret,
621 977 784 1033 nobis
817 978 1066 1047 proiecto
1093 979 1388 1037 dolendum
1435 990 1605 1050 esset,
1650 997 1775 1040 cum
1809 999 1840 1039 a
1894 999 2061 1042 carne

483 1070 869 1136 distrahimur,
909 1072 1171 1141 quoniam
1223 1073 1574 1132 discedentes
1610 1091 1641 1130 a
1684 1091 1935 1147 corpore,
1991 1078 2061 1133 ab

483 1162 601 1231 ipsa
623 1161 753 1217 boni
786 1161 1178 1233 conjunctione
1214 1164 1649 1223 discederemus.
1671 1166 1830 1223 Nunc
1874 1176 2059 1224 autem

482 1253 743 1322 quoniam
775 1254 980 1309 bonum
1013 1255 1171 1324 illud,
1213 1272 1377 1327 quam
1408 1259 1638 1330 cogitari
1670 1259 1866 1330 possit,
1900 1261 2061 1334 longe

483 1345 853 1417 praestantius,
888 1345 955 1401 ad
985 1347 1146 1418 cujus
1181 1348 1597 1407 similitudinem
1646 1349 1777 1407 facti
1823 1366 2016 1409 sumus
2040 1394 2057 1420 ,

481 1438 730 1507 corporis
766 1452 963 1509 expers
1000 1447 1107 1505 est,
1169 1448 1459 1512 menteque
1509 1442 1628 1498 sola
1680 1444 2055 1514 perspicitur:

482 1532 642 1588 nobis
672 1538 853 1587 autem
904 1545 1230 1602 persuasum
1275 1547 1400 1589 esse
1441 1531 1631 1600 debet,
1684 1533 1907 1604 quando
1960 1552 2061 1607 per

480 1631 711 1681 mortem
759 1639 964 1694 corpus
1012 1624 1407 1695 relinquimus,
1466 1624 1535 1679 ad
1588 1632 1844 1680 naturam
1885 1626 2057 1697 illam,

479 1716 702 1787 quaa'ab
765 1714 914 1771 omni
958 1729 1223 1785 corporea
1281 1714 1651 1771 crassitudine
1689 1724 1902 1772 remota
1948 1723 2055 1786 est,

2166 522 2308 577 οὕτω
2341 524 2432 577 καὶ
2458 525 2490 595 ἠ
2517 524 2663 595 ψυχὴ
2694 523 2816 577 τότε
2851 523 3069 594 μετέχει
3101 523 3199 593 τῆς
3233 523 3428 593 νοερᾶς
3457 520 3553 574 καὶ
3583 510 3751 576 ἀύλου

2168 612 2332 685 ζωῆς,
2366 615 2496 667 ὅταν
2533 614 2631 685 τὴν
2668 613 3030 685 περιέχουσαν
3059 612 3226 683 αὐτὴν
3262 612 3396 684 ὓλην
3424 610 3753 685 ἀποτινάξη-

2166 720 2274 757 ται.
2300 703 2365 755 Τί
2392 699 2487 757 οὖν
2521 705 2579 758 ὲν
2602 702 2816 768 τούτοις
2846 705 3132 776 συμφορᾶς
3166 705 3314 756 ἐστιν
3342 702 3522 770 άξιονς
3568 704 3618 756 εἰ
3651 702 3755 774 μὲν

2166 795 2276 866 γὰρ
2320 796 2480 867 σῶμα
2507 791 2576 869 ἢν
2604 796 2668 850 τὸ
2704 795 2920 869 ἀληθῶς
2948 795 3170 865 ἀγαθὸν,
3198 795 3571 867 δυσχεραίνειν
3600 797 3753 867 ἡμᾶς

2166 886 2272 940 ἔδει
2298 886 2434 957 πρδς
2464 887 2564 958 τὴν
2586 888 2687 958 τῆς
2716 885 2918 958 σαρκὸς
2939 885 3314 956 ἀλλοτρίωσιν,
3356 884 3431 947 ὡς
3456 883 3753 937 ἐκπιπτόν-

2163 991 2274 1031 των
2307 978 2464 1049 ἡμῶν
2494 978 2705 1033 ἐκείνου
2725 1020 2738 1043 ,
2772 976 3320 1048 συναποδαλλομένης
3357 976 3577 1040 πάντως
3610 976 3752 1047 μετά

2165 1065 2260 1121 τοῦ
2300 1064 2551 1137 σώματος
2592 1069 2689 1123 καὶ
2725 1068 2827 1140 τῆς
2870 1068 3007 1140 πρὸς
3054 1067 3116 1121 τὸ
3148 1067 3353 1136 ἀγαθὸν
3395 1066 3747 1138 οἰκειότητος.

2178 1158 2395 1231 Ἐπειδὴ
2423 1160 2479 1213 δὲ
2515 1160 2700 1231 νοερόν
2728 1176 2786 1214 τε
2810 1159 2926 1213 καὶ
2968 1157 3258 1230 ἀσώματον
3289 1158 3351 1212 τὸ
3386 1158 3528 1231 ὑπὲρ
3567 1160 3750 1213 πᾶσαν

2165 1248 2373 1305 ἔννοιαν
2399 1251 2624 1322 ἀγαθὸν,
2654 1247 2716 1309 οῦ
2739 1253 2862 1306 κατ’
2886 1252 3071 1307 εἰκόνα
3091 1252 3397 1323 γεγόναμεν
3415 1268 3431 1284 ο
3454 1250 3751 1307 ἀκόλουθον

2166 1340 2234 1396 ἂν
2258 1341 2342 1413 εἴη
2372 1341 2687 1406 πεπεῖσθαι,
2719 1342 2849 1396 ὅταν
2871 1342 2959 1397 διά
2982 1341 3074 1396 τοῦ
3100 1340 3330 1396 θανάτου
3353 1340 3490 1412 πρὸς
3518 1341 3581 1394 τὸ
3604 1338 3751 1394 ἀσώ-

2167 1450 2339 1505 ματον
2372 1433 2807 1506 μεταδαίνωμεν,
2840 1434 3222 1506 προσεγγίζειν
3252 1433 3437 1505 ἐκείνῃ
3464 1434 3531 1506 τῇ
3562 1432 3747 1504 φύσει,

2162 1524 2199 1596 ἢ
2242 1525 2424 1596 πάσης
2472 1524 2795 1597 σωματικῆς
2821 1524 3201 1596 παχυμερείας
3245 1523 3605 1596 κεχώρισται,
3652 1523 3752 1577 καὶ

2163 1613 2275 1673 οἷόν
2301 1636 2355 1673 τι
2396 1620 2739 1690 προσωπεῖον
2773 1618 3009 1689 εἰδεχθὲς
3046 1618 3146 1690 τὴν
3173 1616 3423 1689 σαρκώδη
3456 1616 3752 1687 περιϐολὴν

2164 1710 2520 1782 ὲκδυομένους
2541 1753 2557 1777 ,
2585 1712 2665 1777 εἰς
2711 1711 2772 1764 τὸ
2805 1712 3004 1765 οἰκεῖον
3034 1710 3314 1766 ἐπανιέναι
3341 1708 3537 1774 κάλλος
3555 1749 3571 1775 ,
3612 1710 3672 1763 ἐν
3703 1702 3751 1779 ᾧ

481 1806 923 1877 appropinquare
944 1844 960 1871 ,
996 1811 1051 1860 et
1082 1804 1268 1861 carnis
1291 1805 1518 1861 exuvias
1559 1812 1820 1877 tanquam
1865 1821 2059 1879 perso-

2163 1802 2281 1856 κατ’
2316 1802 2493 1875 ἀρχὰς
2525 1801 2949 1876 έμορφώθημεν,
2988 1802 3111 1856 κατ’
3151 1801 3335 1855 εἰκόνα
3382 1800 3477 1856 τοῦ
3517 1799 3752 1872 ἀρχετύ-

478 1913 607 1954 nam
639 1897 933 1968 quamdam
965 1898 1123 1954 nobis
1146 1897 1455 1968 impositam
1473 1898 1825 1968 deponentes,
1849 1901 1917 1956 ad
1936 1916 2058 1957 eam

478 1990 663 2045 redire
699 1987 1184 2060 pulchritudinem,
1222 2004 1383 2059 quam
1416 1990 1595 2056 initio,
1630 2007 1753 2047 cum
1782 1993 1848 2047 ad
1874 2008 2062 2049 exem-

480 2080 648 2151 plaris
687 2080 977 2150 imaginem
1018 2080 1190 2136 creati
1230 2096 1446 2145 sumus,
1484 2081 1804 2145 habuimus.
1850 2082 1926 2138 Ea
1965 2099 2060 2141 co-

479 2172 671 2244 gitatio
692 2172 933 2227 laetitiam
960 2172 1143 2236 nobis,
1180 2188 1287 2228 non
1319 2174 1601 2229 tristitiam
1631 2174 1855 2231 deberet
1893 2176 2060 2231 an‘er-

480 2280 559 2332 re,
582 2279 707 2319 cum
744 2263 1107 2335 intelligimus
1143 2265 1422 2321 hominem
1465 2268 1783 2324 necessarie
1814 2269 2061 2341 peregri-

481 2353 723 2410 nationis
754 2353 1109 2424 perl'unctum
1138 2370 1387 2420 munere,
1420 2370 1533 2411 non
1562 2357 1799 2427 amplius
1826 2359 1883 2414 in
1926 2359 2061 2416 alie-

480 2449 567 2505 nis
600 2446 919 2520 regionibus
948 2448 1156 2513 vivere,
1182 2448 1279 2505 sed
1306 2449 1540 2521 singulis
1577 2450 1882 2516 elementis,
1913 2452 2060 2524 quod

480 2539 549 2594 ab
578 2546 815 2610 utroque
846 2537 1092 2609 ipsorum
1127 2544 1497 2603 mutuaverat,
1553 2538 1795 2607 reddito,
1828 2540 1895 2595 ad
1928 2555 2059 2612 pro-

480 2632 652 2703 priam
688 2631 793 2687 sibi
824 2629 1244 2699 naturalemque
1282 2628 1527 2696 domum,
1556 2644 1773 2700 puram,
1809 2645 1873 2688 ac
1896 2632 2061 2688 cale-

480 2714 795 2780 stem'lllam
826 2721 1007 2778 sedem
1032 2721 1343 2777 revertisse.
1376 2718 1683 2792 Hospitium
1714 2723 1859 2778 enim
1882 2723 2062 2792 profe-

480 2823 591 2882 cto,
616 2815 963 2883 alienumque
993 2813 1328 2878 domicilium
1361 2819 1446 2867 est
1475 2820 1686 2869 natura;
1720 2814 1796 2869 illi
1834 2815 2059 2871 materia

480 2907 693 2963 carenti
714 2920 916 2975 corpus
948 2904 1073 2968 hoc,
1105 2903 1197 2958 cui
1231 2917 1387 2958 mens
1417 2903 1471 2958 in
1510 2904 1617 2961 ista
1647 2906 1758 2961 vita
1803 2921 1835 2961 a
1869 2906 2062 2963 condi-

481 3000 629 3053 tione
658 2997 833 3067 ipsius
865 3008 1096 3065 prorsus
1128 2993 1447 3049 abhorrenti
1481 2997 1798 3052 necessario
1830 2997 2062 3069 conjun-

480 3096 589 3151 cta,
632 3083 999 3141 conﬂictatur.
1049 3081 1184 3136 Nam
1239 3090 1429 3139 mutua
1494 3084 1611 3140 haec
1663 3086 2060 3143 elementorum

2160 1913 2264 1950 που
2295 1896 2597 1968 γενόμενοι.
2634 1896 2700 1950 Ἦ
2718 1896 2776 1951 δὲ
2796 1895 3021 1967 τοιαύτη
3041 1895 3269 1961 διάνοια,
3298 1894 3658 1966 εὐφροσύνης,
3686 1894 3753 1948 ού

2161 1986 2464 2059 κατηφείας
2492 1988 2690 2057 γένοιτ’
2731 1987 2798 2043 ἀν
2833 1990 2947 2053 τοῖς
2981 1987 3296 2059 λεγομένοις
3334 1985 3623 2050 ὑπόθεσις,
3667 1986 3753 2040 ὅτι

2159 2078 2260 2151 τὴν
2300 2079 2608 2148 ἀναγκαίαν
2646 2079 2851 2151 ταύτην
2892 2077 3238 2151 λειτουργίαν
3283 2076 3688 2149 ἀποπληρώσας
3721 2078 3753 2130 6

2160 2170 2482 2243 ἄνθρωπος,
2518 2171 2700 2225 οὐκέτι
2745 2171 2804 2226 ὲν
2852 2171 3154 2243 ἀλλοτρίοις
3207 2169 3309 2242 ζῇ,
3364 2169 3596 2233 ἀποδοὺς
3648 2167 3752 2239 μὲν

2160 2262 2378 2334 ἑκάστῳ
2412 2262 2520 2316 τῶν
2563 2262 2842 2334 στοιχείων
2874 2262 2939 2316 τὸ
2975 2262 3126 2329 ἴδιον,
3164 2260 3195 2314 δ
3239 2261 3368 2332 παρ’
3400 2258 3579 2314 αὐτῶν
3610 2260 3755 2331 ἠρα-

2160 2354 2365 2420 νίσατο,
2396 2358 2476 2420 εἰς
2506 2356 2563 2410 δὲ
2590 2355 2687 2427 τὴν
2729 2356 2933 2410 οἰκείαν
2962 2354 3110 2427 αὐτῷ
3142 2356 3236 2411 καὶ
3280 2354 3423 2409 κατὰ
3460 2353 3622 2424 φύσιν
3649 2353 3753 2406 έπ-

2164 2445 2403 2501 ανελθὼν
2448 2445 2664 2512 ἑστίαν,
2701 2446 2801 2518 τὴν
2842 2446 3089 2518 καθαρὰν
3118 2446 3215 2500 καὶ
3245 2444 3560 2515 ἀσώματον.
3608 2436 3787 2516 Ξένη’

2160 2536 2270 2611 γάρ
2300 2539 2384 2603 τίς
2411 2540 2556 2593 ἐστιν
2583 2540 2751 2602 ὅντως
2783 2539 2875 2593 καὶ⁸
2908 2540 3215 2610 ἀλλοδαπῆς
3242 2541 3309 2611 τῇ
3335 2537 3613 2609 ἀσωμάτῳ
3640 2536 3750 2607 φύ-

2164 2649 2246 2685 σει
2275 2632 2309 2702 ἠ
2346 2630 2439 2685 τοῦ
2471 2629 2722 2703 σώματος
2751 2631 2873 2704 ὕλη,
2910 2626 3086 2707 ᾖκατ’
3116 2632 3362 2703 ἀνάγκην
3388 2633 3417 2685 6
3444 2629 3568 2695 νοῦς
3599 2633 3659 2684 ὲν
3682 2631 3751 2703 τῇ

2163 2720 2276 2793 ζωῇ
2306 2720 2477 2792 ταύτῃ
2507 2720 3025 2792 συμπεπλεγμένος,
3062 2719 3458 2791 ὲνταλαιπωρεϊ
3481 2716 3560 2789 τῷ
3588 2716 3751 2772 ἀλλο-

2164 2810 2317 2881 φύλῳ
2361 2811 2461 2883 βίῳ
2516 2809 2986 2881 συνδιαιτώμενος.
3021 2810 3132 2882 Τῆς
3167 2809 3277 2881 γὰρ
3320 2809 3430 2863 τῶν
3469 2806 3753 2879 στοιχείων

2162 2901 2300 2972 πρὸς
2328 2900 2535 2973 ἄλληλα
2567 2901 2888 2972 συμπλοκῆς
2908 2942 2922 2965 ,
2957 2900 3147 2972 ῶσπερ
3176 2899 3341 2954 τινῶν
3373 2897 3754 2970 ἀλληλογλώσ-

2166 3009 2273 3046 σων
2296 3010 2356 3046 τε
2385 2994 2479 3047 καὶ
2507 2991 2936 3063 ἀπεξενωμένων
2959 2993 3074 3056 τοῖς
3110 2991 3299 3063 ῆθεσιν
3325 2989 3650 3062 ἀνθρώπων,
3685 2991 3752 3043 ἐκ

2162 3084 2435 3157 διαφόρων
2473 3083 2645 3139 ἐθνῶν
2684 3084 2781 3139 ἕνα
2816 3084 2989 3156 δῆμον
3023 3083 3514 3156 ἀναπληρούντων,
3562 3082 3751 3153 βεϐια-

480 3173 799 3243 conjunctio
836 3180 921 3227 est
950 3170 1121 3226 veluti
1163 3171 1449 3228 hominum
1474 3164 1647 3230 variis
1676 3184 1730 3230 et
1763 3177 1966 3248 linguis
2003 3184 2060 3234 et

2163 3178 2337 3250 σμένη
2368 3195 2427 3231 τε
2453 3178 2548 3232 καὶ
2567 3177 2895 3249 ἀσύμφωνος
2921 3177 3129 3247 γίνεται
3155 3177 3188 3249 ή
3215 3175 3489 3241 κοινωνία,
3514 3174 3749 3229 ἑκάστου

481 3265 728 3320 moribus
772 3264 1066 3330 utentium,
1124 3264 1218 3336 qui
1276 3280 1344 3320 ex
1397 3264 1631 3323 diversis
1694 3270 1951 3339 gentibus
2003 3271 2060 3327 in

2163 3270 2295 3341 πρὸς
2331 3270 2391 3325 τὸ
2422 3270 2682 3339 συγγενὲς
2710 3271 2806 3326 καὶ
2845 3271 3045 3323 οἰκεῖον
3079 3268 3185 3323 ὑπὸ
3229 3268 3329 3339 τῆς
3366 3266 3502 3331 ἰδίας
3532 3266 3753 3337 φύσεως

482 3373 652 3412 unum
684 3356 1077 3423 conﬂuxerint,
1123 3358 1365 3413 violenta
1400 3358 1649 3429 quaedam
1690 3363 1928 3417 societas
1978 3369 2060 3416 at-

2163 3364 2551 3435 ἀφελκομένου.
2608 3362 2670 3421 Ὀ
2714 3364 2772 3418 δὲ
2823 3365 2947 3428 νοῦς
2993 3366 3021 3418 ό
3063 3364 3275 3428 τούτοις
3319 3362 3750 3434 ἐγκεκραμένος,

479 3462 588 3519 que
624 3447 980 3515 dissentiens,
1012 3464 1137 3503 cum
1170 3463 1200 3502 a
1228 3464 1327 3505 sua
1368 3451 1814 3523 [unumquodque
1863 3462 2060 3510 natura

2163 3455 2449 3522 ἀσύνθετος
2474 3457 2550 3511 ὢν
2581 3460 2639 3512 ὲν
2684 3456 2827 3529 ἀπλῇ
2861 3474 2919 3510 τε
2949 3456 3041 3511 καὶ
3077 3456 3337 3528 μονοειδεῖ
3372 3459 3439 3529 τῇ
3475 3456 3656 3527 φύσει,
3690 3456 3752 3509 ὲν

479 3540 550 3595 ad
580 3541 862 3612 proprium
892 3549 1496 3612 cognatumque'genus
1530 3543 1898 3599 distrahatur.
1924 3547 2060 3601 Ani-

2163 3546 2332 3612 ξένοις
2355 3549 2450 3603 καὶ
2471 3549 2774 3620 ἀλλοτρίοις
2793 3547 2882 3620 ζῇ,
2907 3547 3225 3619 ἀσύμφυλος
3246 3546 3321 3602 ῶν
3340 3548 3418 3619 τῷ
3440 3548 3751 3620 περιέχοντι

480 3650 605 3689 mus
631 3642 837 3701 autem,
868 3635 961 3705 qui
998 3650 1107 3690 non
1138 3643 1224 3691 est
1267 3636 1631 3706 compositus,
1674 3637 1768 3692 sed
1824 3637 2060 3708 simplici

2165 3638 2327 3692 αὐτὸν
2362 3642 2425 3694 ὲκ
2456 3640 2564 3694 τῶν
2612 3638 2889 3711 στοιχείων
2923 3639 3100 3710 δήμῳ,
3128 3638 3189 3702 ὃς
3219 3642 3284 3711 τῇ
3316 3639 3651 3711 πολυμερείᾳ
3678 3641 3749 3711 τῇ

479 3735 647 3798 atque
698 3729 864 3784 unius
913 3729 1132 3800 generis
1184 3737 1383 3784 natura
1450 3736 1690 3795 constat,
1750 3729 1894 3787 inter
1946 3731 2060 3787 haec

2169 3734 2454 3804 σωματικῇ
2481 3732 2549 3786 δι’
2591 3732 2838 3802 ἀνάγκης
2864 3731 3008 3795 τινὸς
3040 3731 3469 3803 ὲνσπειράμενος
3506 3732 3606 3804 τὴν
3629 3733 3753 3785 ἑαυ-

481 3825 745 3889 tanQuam
780 3821 982 3889 hospes
1009 3835 1074 3875 ac
1100 3822 1422 3890 peregrinus
1449 3820 1605 3885 vivit,
1646 3835 1748 3875 nec
1789 3836 1912 3877 cum
1945 3822 2060 3879 ele-

2166 3822 2262 3876 τοῦ
2288 3822 2449 3893 φύσιν
2468 3822 2739 3894 βιάζεται,
2778 3824 2892 3887 τοῖς
2922 3821 3241 3891 ἀλλοφύλοις
3272 3821 3583 3895 ένοῦμενος.

481 3919 815 3977 mentorum,
856 3920 917 3977 ιιι
972 3912 1047 3963 ita
1090 3910 1303 3976 dicam,
1362 3911 1565 3981 populo
1610 3919 1791 3981 potest
1848 3929 2169 3982 congruere.
2232 3913 2284 3970 ls
2340 3916 2488 3971 enim
2552 3916 2885 3972 necessitate
2944 3914 3181 3987 quadam
3229 3932 3296 3973 ex
3351 3916 3751 3988 multiplicibus

480 4002 876 4070 corporeisque
917 4000 1202 4070 particulis
1240 4011 1465 4058 coactus
1515 4010 1768 4059 naturam
1834 4020 1991 4061 suam
2053 4006 2219 4079 cogit,
2280 4014 2336 4064 et
2374 4025 2442 4066 ex
2506 4010 2804 4069 contrariis
2862 4011 3158 4084 generibus
3212 4009 3537 4080 capulatur,
3582 4018 3749 4082 atque

482 4105 654 4145 unum
679 4088 931 4144 ellicitur.

555 4178 760 4236 Verum
826 4196 951 4235 cum
1009 4181 1282 4238 elementa
1313 4185 1640 4241 naturaliter
1691 4188 1833 4244 inter
1860 4205 1921 4246 se
1947 4190 2063 4248 dis-

485 4272 764 4339 sentiant,
793 4288 859 4329 ac
900 4272 1388 4339 dissolvantur,‘et
1422 4276 1489 4331 ad
1523 4293 1687 4333 suum
1743 4282 2062 4352 proprium-

485 4379 596 4434 que
634 4379 808 4443 genus
855 4364 1072 4435 singula
1107 4366 1474 4432 contendant,
1526 4367 1583 4422 in
1635 4385 1700 4425 ea
1755 4380 2060 4428 concentus

2238 4191 2359 4247 Τῶν
2383 4191 2439 4245 δὲ
2464 4191 2740 4263 στοιχείων
2763 4191 2897 4264 πρὸς
2919 4190 3017 4263 τὴν
3044 4189 3153 4255 τῶν
3181 4190 3533 4262 ἀπ’ἀλλήλων
3560 4191 3744 4245 διάλυ-

2168 4301 2256 4339 σιν
2289 4283 2534 4354 φυσικῶς
2566 4283 2660 4338 ἐπὶ
2689 4283 2751 4337 τὸ
2789 4283 3049 4353 συγγενές
3075 4300 3133 4337 τε
3172 4284 3267 4337 καὶ
3292 4283 3491 4337 οἰκεῖον
3516 4285 3749 4352 ἀφελκο-

2139 4438 2142 4440 ν
2171 4376 2366 4446 μένων,
2396 4376 2631 4442 ἀνιᾶται,
2681 4375 2801 4429 κατ’
2830 4376 3075 4446 ἀνάγκην
3108 4375 3375 4448 λυομένης
3400 4392 3461 4429 τε
3505 4378 3599 4430 καὶ
3632 4394 3748 4447 σχι-

480 4456 849 4512 dissolutione
898 4470 1094 4511 sensus
1148 4456 1367 4528 angitur
1427 4460 1771 4529 necessario,
1824 4470 1881 4518 et
1951 4479 2060 4520 una

2166 4464 2400 4537 ζομένης
2447 4465 2547 4535 τῆς
2592 4466 2884 4536 συμφυΐας,
2928 4467 2961 4537 ἡ
2998 4466 3281 4536 αίσθησις’
3336 4467 3648 4522 συνίσταται
3690 4468 3747 4520 δὲ

481 4563 608 4602 cum
658 4548 780 4617 ipso
833 4560 997 4602 sensu
1052 4547 1334 4601 cruciatur
1378 4549 1642 4606 animus:
1695 4552 1791 4621 qui
1839 4553 1965 4611 licet
1993 4556 2062 4612 ab

481 4639 603 4709 ipso
654 4653 888 4708 corpore
953 4652 1170 4708 semper
1220 4637 1486 4694 adiciatur
1550 4642 1836 4709 molestia,
1902 4646 1961 4702 in
1996 4648 2064 4702 il-

480 4731 576 4786 lud
631 4740 811 4787 tamen
863 4729 934 4785 ob
982 4731 1403 4788 consuetudinis
1440 4736 1904 4792 necessitudinem
1934 4754 2062 4809 pro-

482 4838 688 4893 pensus
708 4830 811 4878 est.
844 4822 1214 4889 Quamobrem
1260 4833 1392 4880 tunc
1421 4825 1642 4882 animus
1688 4828 1813 4899 angi
1845 4831 2064 4885 crucia-

480 4918 636 4987 rique
669 4916 873 4972 desinit
898 4959 912 4984 ,
940 4932 1065 4972 cum
1101 4933 1130 4972 a
1156 4934 1337 4989 pugna
1364 4958 1380 4985 ,
1408 4935 1531 4990 quae
1560 4936 1627 4975 ex
1655 4922 2061 4979 contrariorum

481 5010 879 5064 elementorum
946 5009 1339 5080 conjunctione
1415 5014 1741 5083 consurgit,
1800 4998 2085 5071 evaserit.

482 5098 695 5155 Etenim
728 5115 851 5156 cum
895 5101 981 5156 vel
1042 5100 1301 5172 frigidum
1359 5103 1430 5158 ab
1478 5113 1845 5174 exsuperante
1883 5106 2062 5163 calido

480 5192 686 5247 victum
722 5192 922 5259 fuerit,
970 5192 1056 5248 vel
1099 5192 1338 5248 calidum
1383 5193 1435 5246 vi
1472 5192 1651 5265 frigidi
1703 5204 2059 5267 superatum,

483 5286 566 5339 vel
596 5285 731 5341 sicci
757 5286 1015 5355 potentia:
1054 5285 1341 5341 humidum
1373 5286 1727 5343 succubuerit
1753 5330 1768 5353 ,
1802 5297 2064 5345 contrave

482 5377 690 5432 siccum
758 5378 973 5446 ipsum,
1044 5377 1389 5436 humiditatis
1456 5381 1613 5451 copia
1686 5382 2059 5446 dissolutum,

485 5470 731 5533 cesserit,
768 5476 900 5523 tunc
930 5469 1074 5525 bello
1101 5485 1197 5540 per
1229 5478 1459 5526 mortem
1500 5472 1787 5539 confecto,
1819 5474 2059 5538 animus,

486 5560 677 5616 relicto
703 5559 1079 5617 dimicationis
1112 5577 1307 5634 campo
1328 5603 1342 5625 ,
1398 5564 1451 5618 id
1492 5574 1575 5619 cst
1598 5604 1612 5623 .
1644 5568 1765 5633 ipso
1791 5580 2021 5636 corpore
2044 5606 2058 5629 ,

484 5666 621 5723 pace
647 5651 842 5715 utitur,
867 5661 923 5705 et
953 5658 1109 5707 extra
1143 5652 1291 5708 acies
1324 5654 1625 5711 instructas
1654 5670 1937 5726 egressus,
1976 5656 2060 5711 vi-

485 5744 751 5815 ribusque
775 5741 891 5801 suis
911 5781 926 5808 ,
953 5757 1073 5814 quae.
1102 5745 1386 5816 complexu
1430 5746 1679 5818 corporis
1730 5746 1940 5805 aﬂlictze
1979 5749 2059 5806 la-

2161 4558 2229 4628 τῇ
2277 4556 2528 4627 αἰσθήσει
2563 4554 2624 4609 τὸ
2654 4554 2992 4625 διανοητικδν
3022 4553 3124 4625 τῆς
3172 4553 3352 4624 ψυχῆς
3389 4554 3525 4624 πρὸς
3557 4555 3619 4608 τὸ
3660 4554 3750 4609 ἀεὶ

2162 4646 2366 4701 λυποῦν
2396 4648 2460 4700 ἐκ
2495 4645 2780 4717 συνηθείας
2808 4645 3238 4716 ὲπικλινόμενον.
3276 4646 3409 4699 Τότε
3439 4641 3532 4700 οὖν
3565 4649 3593 4700 6
3623 4646 3750 4711 νοῦς

2161 4738 2446 4810 δυσφορῶν
2482 4755 2541 4793 τε
2590 4738 2685 4792 καὶ
2728 4737 3026 4808 ἀνιώμενος
3058 4737 3312 4813 παύεται,
3347 4739 3477 4793 ὅταν
3522 4738 3627 4803 ἔξω
3657 4739 3751 4807 γέ-

2162 4847 2319 4899 νηται
2347 4829 2447 4899 τῆς
2482 4829 2661 4900 μάχης
2697 4828 2793 4899 τῆς
2825 4831 2884 4882 ὲν
2918 4831 2983 4900 τῇ
3015 4828 3300 4899 συμπλοκῇ
3329 4828 3437 4881 τῶν
3480 4831 3751 4885 ἀντιστοι-

2162 4919 2401 4991 χούντων
2434 4922 2847 4992 συνισταμένης.
2909 4922 3158 4977 Ἐπειδὰν
3200 4922 3310 4995 γὰρ
3358 4923 3390 4994 ἢ
3436 4923 3496 4976 τὸ
3538 4925 3751 4996 ψυχρὸν

2161 5010 2368 5082 ἡττηθῇ
2426 5010 2522 5064 τοῦ
2573 5012 2776 5084 θερμοῦ
2828 5013 3272 5084 κατισχύσαντος,
3318 5014 3352 5084 ἢ
3402 5014 3465 5067 τὸ
3511 5014 3751 5085 ἔμπαλιν

2163 5104 2340 5174 φεύγῃ
2379 5103 2471 5157 τὸν
2501 5104 2838 5177 πλεονασμὸν
2879 5106 2978 5178 τῆς
3006 5106 3218 5177 ψύξεως
3251 5110 3285 5180 η
3330 5106 3624 5179 θερμότης,
3671 5110 3751 5180 τῷ

2162 5212 2221 5249 τε
2249 5197 2398 5268 ξηρῷ
2420 5196 2509 5251 διὰ
2536 5198 2634 5269 τῆς
2664 5200 3080 5271 ὲπικρατήσεως
3107 5200 3168 5253 τὸ
3201 5201 3366 5273 ὑγρὸν
3389 5201 3746 5275 ύποχωρὴσῃ,

2162 5289 2195 5360 ἢ
2232 5290 2454 5362 διαλυθῇ
2497 5289 2590 5344 τοῦ
2647 5290 2811 5362 ξηροῦ
2862 5292 2923 5347 τὸ
2974 5294 3170 5362 πάγιον
3201 5296 3260 5348 ἐν
3308 5293 3387 5365 τῷ
3420 5294 3748 5365 πλεονασμῷ

2163 5383 2262 5453 τῆς
2293 5383 2611 5454 ὑγρότητος,
2660 5384 2781 5437 τότε
2816 5383 2908 5438 τοῦ
2957 5386 3014 5438 ἐν
3062 5387 3201 5456 ἡμῖν
3239 5384 3476 5456 πολέμου
3522 5387 3611 5442 διὰ
3653 5385 3745 5441 τοῦ

2164 5474 2391 5528 θανάτου
2424 5475 2695 5541 λυθέντος,
2732 5478 2955 5549 εἰρήνην
3004 5477 3033 5529 6
3081 5479 3205 5544 νοῦς
3254 5479 3396 5548 ἄγει,
3432 5479 3745 5535 καταλιπὼν

2162 5568 2222 5621 τὸ
2250 5570 2347 5639 τῆς
2382 5570 2563 5640 μάχης
2612 5570 2954 5641 μεταίχμιον,
3009 5571 3068 5625 τὸ
3102 5572 3259 5642 σῶμα
3308 5572 3471 5640 λέγω⁹
3506 5574 3599 5627 καὶ
3646 5573 3741 5640 τῆς

2162 5658 2271 5711 τῶν
2313 5657 2589 5728 στοιχείων
2624 5658 2759 5729 πρὸς
2790 5658 2992 5730 ἄλληλα
3031 5662 3392 5731 παρατάξεως
3440 5662 3565 5729 ἔξω
3592 5663 3740 5732 γενόο

2168 5768 2344 5823 μενος,
2397 5750 2519 5807 καθ’
2559 5749 2749 5805 ἑαυτὸν
2783 5749 2869 5823 ζῇ,
2908 5755 3278 5825 πεπονηκυῖαν
3314 5754 3372 5806 ὲν
3412 5751 3474 5820 τῇ
3509 5753 3604 5808 τοῦ
3637 5752 3739 5808 σώ-
