4072 6156
321 291 430 350 M3

1709 296 1798 349 DE
1850 294 2183 354 MORTUIS.

3481 299 3584 354 5M

323 423 492 478 ματος
520 407 807 480 συμπλοκῇ
845 410 946 483 τὴν
977 410 1132 482 ίσχὺν
1166 412 1360 466 ἑαυτοῦ
1402 414 1468 467 δι’
1511 414 1740 487 ησυχίας
1773 416 1892 469 ἀναι

2012 414 2313 478 borabant,
2348 426 2444 482 per
2475 411 2649 466 otium
2697 409 3072 482 recuperatis,
3106 425 3293 467 secum
3351 410 3468 481 ipsc
3500 411 3582 468 vi-

321 498 633 569 λαμϐἀνων.
674 498 861 554 Ταῦτα
892 501 1073 554 τοίνυν
1120 502 1215 555 καὶ¹
1243 502 1311 555 τά
1341 501 1563 555 τοιαῦτα
1595 505 1709 567 τοῖς
1739 505 1796 557 ὲν
1830 503 1908 575 τῷ

323 588 535 657 σώματι
571 586 736 651 ζῶσιν
785 590 814 641 6
871 589 993 652 νοῦς
1037 589 1340 659 διαλέγεται
1361 629 1376 653 ,
1413 591 1695 661 μονονουχὶ
1723 590 1906 662 φωνὴν

319 679 521 747 ἀφιεὶς,
553 679 636 732 ὅτι
673 676 744 731 Ὦ
776 679 1069 751 ἄνθρωποι,
1114 680 1237 735 οὔτε
1267 683 1325 734 ὲν
1353 678 1436 745 οἷς
1463 683 1613 747 ἐστε,
1663 679 1906 752 ἀκριϐῶς

320 770 519 835 οἴδατε,
551 772 648 825 καὶ
679 773 759 835 είς
780 773 809 825 ὅ
836 789 889 824 τι
930 774 1379 844 μεταχωρήσετε,
1413 773 1565 826 οὔπω
1590 773 1901 829 ἐπίστασθε.

318 862 391 914 Τὸ
418 864 520 932 μὲν
548 863 658 934 γὰρ
685 862 857 934 παρὸν
878 858 989 917 οἷον
1015 867 1081 935 τῇ
1107 866 1265 933 φύσει
1286 866 1451 929 ἐστὶν,
1485 864 1636 919 οῠπω
1664 864 1905 937 ἐξευρεῖν

314 955 344 1007 6
382 953 541 1023 λόγος
591 954 893 1026 δεδύνηται,
940 955 1077 1011 ἀλλά
1125 956 1261 1028 πρὸς
1311 957 1477 1028 μόνην
1523 957 1621 1029 τὴν
1664 958 1757 1011 τοῦ
1804 957 1905 1029 ζῇν

315 1044 605 1117 συνήθειαν
641 1045 849 1115 βλέπει,
902 1045 977 1118 μὴ
1022 1046 1319 1117 δυνάμενος
1360 1048 1582 1115 γνῶναι,
1629 1046 1714 1109 τίς
1746 1048 1778 1116 ἡ
1811 1044 1902 1099 τοῦ

317 1136 570 1208 σώματος
603 1137 766 1207 φύσις
788 1153 801 1167 °
832 1136 917 1201 τίς
962 1140 997 1208 ἡ
1046 1139 1157 1193 τῶν
1187 1139 1493 1209 αἰσθήσεων
1529 1137 1755 1208 δύναμις
1775 1153 1789 1168 ·
1820 1137 1903 1202 τίς

312 1229 346 1299 ἡ
374 1228 488 1281 τῶν
513 1228 819 1298 ὀργανικῶν
860 1227 1038 1296 μελῶν
1064 1231 1347 1301 διασκευή·
1379 1230 1464 1294 τίς
1490 1231 1524 1302 ἠ
1556 1229 1665 1283 τῶν
1694 1228 1902 1297 σπλάγ-

311 1335 457 1389 χνων
521 1320 835 1389 οἰκονομία·
896 1320 982 1384 τίς
1029 1322 1063 1392 ἡ
1118 1321 1468 1391 αύτοκίνητος
1528 1321 1638 1375 τῶν
1694 1320 1900 1392 νεύρων

310 1411 565 1482 ἐνέργεια
585 1427 598 1441 ·
626 1412 741 1475 πῶς
764 1413 873 1466 τῶν
921 1413 979 1466 ὲν
1020 1414 1171 1484 ἡμῖν,
1204 1413 1275 1467 τὸ
1308 1414 1405 1484 μὲν
1437 1414 1517 1477 είς
1553 1411 1742 1467 ὀστέου
1790 1412 1898 1481 πή-

310 1521 509 1573 γνυται
544 1504 727 1573 φύσιν,
750 1503 813 1556 τὸ
845 1504 902 1557 δὲ
948 1506 1028 1569 είς
1054 1503 1152 1575 τὴν
1184 1504 1445 1574 φωτοειδῆ
1486 1503 1580 1557 τοῦ
1619 1502 1897 1574 ὀφθαλμοῦ

309 1598 485 1666 αὐγὴν
518 1596 813 1663 οὐσιούται,
844 1596 960 1660 πῶς
998 1598 1066 1650 ὲκ
1094 1597 1194 1668 τῆς
1228 1597 1398 1667 αὐτῆς
1435 1596 1642 1667 τροφῆς
1678 1595 1773 1649 καὶ
1802 1594 1896 1647 τοῦ

309 1686 477 1741 αὑτοῦ
510 1687 772 1757 πόματος,
807 1686 871 1741 τὸ
909 1687 1008 1757 μὲν
1037 1686 1118 1750 είς
1148 1686 1343 1759 τρίχας
1370 1686 1714 1750 λεπτύνεται,
1743 1685 1804 1737 τὸ
1839 1684 1896 1737 δὲ

2009 505 2105 559 vit.
2135 502 2232 558 His
2264 503 2431 573 igitur
2465 518 2621 559 mens
2644 517 2708 557 ac
2736 503 3013 558 similibus
3046 502 3228 557 verbis
3263 503 3316 556 in
3350 517 3584 573 corpore

2008 597 2256 649 viventes
2285 593 2583 662 alloquitur
2602 633 2618 659 ,
2661 593 2935 662 talemque
2959 592 3356 663 propemodum
3391 607 3581 648 vocem

2006 685 2263 742 emittens
2289 703 2303 741 :
2340 683 2454 739 Vos
2479 723 2495 748 ,
2524 684 2731 755 inquit,
2769 685 3019 740 homines
3039 725 3055 751 ,
3088 699 3190 739 nec
3214 684 3375 753 plane
3404 686 3581 739 nostis

2006 778 2229 833 ubinam
2265 777 2432 843 sitis;
2469 786 2557 841 et,
2613 791 2725 847 quo
2766 776 3222 847 proﬁciscendum
3275 776 3349 830 sit
3384 775 3581 840 vobis,

2006 868 2253 923 nondum
2286 867 2629 937 intelligitis:
2673 881 2798 921 nam
2826 872 3116 930 eteorum,
3151 880 3272 935 qua:
3311 864 3399 919 hic
3426 873 3577 926 sunt.

2003 967 2259 1015 naturam
2300 958 2452 1013 nulla
2500 957 2681 1013 adhuc
2737 956 2878 1012 ratio
2912 956 3089 1026 potuit
3140 956 3442 1027 indagare:
3478 957 3582 1009 ita-

2002 1066 2109 1122 que
2158 1051 2330 1107 solam
2384 1050 2598 1105 vivendi
2657 1047 3111 1105 consuetudinem
3148 1045 3441 1117 spectatis,
3480 1058 3581 1099 nec

2003 1142 2310 1212 intelligere
2341 1141 2607 1212 potestis,
2643 1154 2764 1210 quae
2799 1138 2872 1193 sit
2913 1138 3162 1208 corporis
3196 1146 3394 1192 natura
3420 1155 3434 1191 :
3459 1153 3581 1206 quae

2002 1248 2263 1289 sensuum
2294 1232 2413 1288 vis:
2448 1247 2571 1302 quae
2607 1230 3012 1293 membrorum,
3048 1228 3249 1297 quibus
3285 1235 3345 1282 ut
3372 1228 3580 1283 instru-

1999 1327 2199 1381 mentis
2229 1324 2479 1391 utimini,
2538 1332 2817 1381 structura
2848 1340 2861 1376 :
2896 1336 3020 1391 quae
3051 1333 3344 1376 nervorum
3384 1334 3481 1389 per
3519 1333 3579 1373 se

1999 1418 2335 1473 moventium
2372 1417 2548 1480 actio,
2594 1430 2705 1486 quo
2733 1414 2895 1468 modo
2937 1427 3150 1477 eorum,
3188 1427 3309 1480 quae
3332 1410 3386 1463 in
3416 1409 3575 1463 nobis

1998 1515 2148 1571 sunt,
2178 1505 2325 1561 aliud
2351 1506 2405 1560 in
2431 1506 2576 1561 ossis
2599 1512 2876 1569 naturam,
2900 1501 3046 1557 aliud
3073 1502 3130 1556 in
3162 1499 3402 1555 lucidum
3429 1500 3575 1554 oculi

1996 1594 2342 1665 splendorem
2406 1595 2716 1660 coalescat;
2772 1607 2882 1663 quo
2928 1591 3092 1646 modo
3136 1590 3383 1661 ejusdem
3430 1590 3578 1655 cibi,

1995 1695 2277 1759 potusque
2309 1701 2439 1758 pars
2464 1685 2873 1741 extenueturin
2903 1685 3129 1753 capillos
3152 1724 3168 1750 ,
3207 1699 3337 1754 pars
3380 1683 3436 1737 in
3476 1698 3578 1736 un-

310 1781 389 1842 είς
418 1779 618 1848 ὄνυχας
646 1781 757 1843 τοῖς
783 1780 975 1850 ἄκροις
1004 1778 1114 1833 τῶν
1137 1778 1414 1833 δακτύλων
1438 1776 1857 1831 ὲπιπλατύνεται
1876 1815 1891 1841 ,

1995 1796 2132 1852 gues
2170 1782 2236 1833 ad
2293 1792 2542 1833 summos
2597 1776 2799 1847 digitos
2846 1776 3146 1841 dilatetur;
3203 1789 3313 1844 quo
3364 1774 3571 1838 modo,

309 1868 343 1937 ἦ
386 1868 506 1931 πῶς
548 1869 636 1922 ἀεὶ
667 1868 729 1921 τὸ
776 1868 1063 1941 ἐγκάρδιον
1102 1868 1465 1938 ἀναφλέγεται
1495 1868 1627 1939 πῦρ,
1662 1868 1751 1923 διά
1782 1866 1892 1920 τῶν

308 1958 586 2031 ἀρτηριῶν
647 1960 735 2027 ἐφ’
794 1959 940 2013 ἀπαν
1010 1959 1073 2012 τὸ
1143 1958 1303 2030 σῶμα
1362 1958 1751 2030 διαφερόμενον
1780 1972 1793 1985 ·
1853 1957 1888 2029 ἢ

309 2052 428 2115 πῶς
467 2051 530 2105 τὸ
562 2051 870 2121 πινόμενον,
916 2050 1135 2105 ὲπειδάν
1180 2050 1239 2103 ὲν
1293 2047 1371 2120 τῷ
1415 2049 1589 2119 ἦπατι
1639 2048 1889 2119 γένηταιο

310 2140 637 2211 μεταϐάλλει
670 2141 847 2195 καὶτὸ
881 2136 1019 2205 εἶδος
1049 2141 1144 2194 καὶ
1186 2140 1288 2210 τὴν
1330 2139 1589 2210 ποιότητα
1623 2138 1711 2193 διά
1747 2156 1891 2203 τινος

306 2231 649 2295 ἀλλοιώσεως
694 2231 1021 2303 αὐτομάτως
1063 2230 1544 2302 ὲξαιματούμενον.
1577 2225 1676 2286 Ὧν
1721 2232 1892 2286 ἀπάνε-

308 2340 416 2377 των
444 2327 477 2395 ἡ
504 2324 723 2393 γνῶσις,
761 2325 924 2396 μέχρι
955 2323 1049 2378 τοῦ
1078 2324 1341 2397 παρόντος
1369 2324 1516 2378 ἐστὶν
1554 2306 1886 2397 ἀπόρρητος·

304 2417 383 2480 ὠς
407 2418 623 2486 ἀγνοεῖν
658 2419 806 2489 ἡμᾶς
823 2419 923 2489 τὴν
967 2417 1111 2489 ζωὴν
1152 2420 1211 2472 ἐν
1328 2417 1660 2489 βιοτεύομεν.
1693 2418 1797 2472 Τὸν
1833 2418 1889 2471 δὲ

304 2508 406 2577 τῆς
452 2506 757 2579 αίσθήσεως
809 2507 1213 2579 κεχωρισμένον
1260 2507 1469 2578 βίον,οἰ
1520 2510 1587 2579 τῇ
1638 2506 1890 2579 αἰσθήσει

306 2597 599 2664 συζῶντες,
633 2592 953 2653 ἀδυνατοῦσι
986 2599 1213 2653 καθόλου
1265 2598 1581 2654 θεάσασθαιο
1625 2599 1742 2663 πῶς
1780 2598 1888 2670 γάρ

302 2692 373 2747 ἄν
398 2708 482 2756 τις
501 2692 569 2745 δι’
587 2692 893 2762 αἰσθήσεως
920 2693 1019 2746 ἴδοι
1039 2693 1100 2746 τὸ
1123 2692 1227 2758 ἔξω
1255 2693 1354 2764 τῆς
1384 2693 1717 2765 αἱσθήσεως;
1751 2694 1886 2761 Ἀμ-

304 2781 554 2853 φοτέρων
572 2781 751 2836 τοίνυν
770 2782 878 2835 τῶν
901 2781 1032 2852 βίων
1051 2782 1249 2853 ὁμοίως
1270 2782 1670 2853 ἀγνοουμένων,
1694 2781 1885 2835 τούτου

307 2874 410 2943 μὲν
440 2873 526 2928 διὰ
551 2873 615 2928 τὸ
642 2874 778 2946 πρὸς
805 2874 963 2944 μόνον
1003 2875 1065 2928 τὸ
1093 2874 1415 2945 φαινόμενον
1458 2873 1674 2944 βλέπειν
1705 2874 1848 2943 ὑμᾶς
1867 2889 1882 2907 ·

305 2964 519 3017 ἐκείνου
546 2964 624 3029 δὲ,
663 2965 753 3019 διὰ
785 2966 847 3019 τὸ
881 2965 957 3037 μὴ
984 2966 1355 3020 καθικνεῖσθαι
1388 2965 1487 3037 τὴν
1511 2966 1781 3037 αἴσθησιν.
1821 2964 1887 3019 Τί

304 3056 635 3123 πεπόνθατε,
655 3056 950 3129 ἄνθρωποι,
970 3057 1161 3112 τούτου
1194 3059 1291 3129 μὲν
1314 3059 1389 3122 ὡς
1412 3058 1619 3127 ἀγαθοῦ
1640 3058 1889 3129 περιεχό-

2000 1873 2095 1943 qui
2136 1886 2349 1941 semper
2384 1872 2437 1925 in
2476 1869 2793 1941 praecordiis
2828 1868 2983 1923 ardet
3014 1868 3156 1937 ignis
3189 1882 3286 1937 per
3344 1868 3578 1921 arterias

2002 1963 2059 2019 in
2090 1970 2267 2018 totum
2298 1976 2501 2031 corpus
2527 1968 2779 2027 emanet;
2812 1958 3090 2029 quomodo
3122 1957 3208 2022 id,
3260 1956 3405 2028 quod
3435 1956 3578 2012 bibi-

1999 2056 2111 2123 tis,
2146 2070 2271 2110 cum
2316 2052 2385 2107 ad
2442 2053 2610 2122 hepar
2653 2050 2948 2105 accesserit
2974 2087 2989 2112 ,
3018 2082 3021 2085 -
3048 2049 3284 2119 speciem
3341 2047 3578 2119 qualita-

1999 2158 2220 2220 temque
2280 2156 2617 2210 commutet,
2645 2154 2697 2200 et
2732 2144 2786 2197 in
2831 2142 3163 2213 ‘sanguinem
3194 2148 3570 2196 convertatur.

1998 2242 2205 2297 Horum
2237 2254 2336 2295 vos
2358 2238 2603 2293 omnium
2646 2237 2712 2292 ad
2751 2237 2854 2290 hoc
2889 2250 3064 2306 usque
3088 2242 3306 2304 tempus
3333 2232 3577 2302 cognitio

1999 2334 2200 2397 latuit,
2248 2338 2307 2387 ut
2332 2345 2452 2387 eam
2485 2330 2702 2401 ipsam,
2759 2328 2947 2396 inqua
3007 2323 3349 2388 versamini,
3408 2323 3574 2377 vitam

1996 2426 2299 2498 ignoretis,
2334 2424 2537 2481 nedum
2586 2422 2734 2477 illam
2767 2460 2782 2486 ,
2818 2433 2939 2491 quae
2993 2432 3023 2471 a
3058 2416 3315 2473 sensibus
3365 2422 3451 2471 est
3486 2430 3576 2469 ro-

1997 2519 2305 2588 motissima
2324 2558 2340 2582 ,
2375 2531 2499 2573 cum
2530 2513 2786 2570 sensibus
2810 2509 3096 2580 conjuncti
3123 2523 3351 2563 cernere
3384 2507 3572 2561 valea-

1995 2610 2089 2665 tis.
2157 2608 2451 2675 Quomodo
2502 2607 2649 2662 enim
2707 2606 2978 2675 quispiam
3044 2618 3141 2673 per
3200 2617 3460 2667 sensum,
3519 2601 3574 2655 id

1994 2700 2146 2773 quod
2176 2717 2344 2758 sensu
2380 2700 2636 2770 superius
2664 2706 2747 2754 est
2769 2738 2783 2761 ,
2817 2697 3163 2753 intuebitur?
3195 2695 3441 2765 Utraque
3478 2694 3576 2765 igi-

1996 2802 2087 2849 tur
2119 2794 2229 2848 vita
2257 2788 2287 2848 a
2328 2794 2483 2848 vobis
2514 2792 2721 2862 pariter
2755 2794 3058 2861 ignoratur,
3088 2798 3142 2845 et
3173 2804 3413 2858 praesens
3435 2788 3573 2849 haec,

1994 2884 2253 2954 quoniam
2289 2882 2344 2938 id
2367 2883 2544 2939 solum
2570 2924 2587 2949 ,
2642 2882 2789 2953 quod
2823 2890 3047 2952 apparet
3078 2921 3094 2945 ,
3155 2879 3464 2950 inspicitis:
3521 2889 3575 2933 et

1995 2976 2169 3031 altera
2194 2976 2286 3033 illa
2312 3014 2329 3042 ,
2360 2976 2489 3046 quia
2528 2990 2726 3031 sensus
2765 2975 2833 3029 ad
2872 2989 2990 3029 eam
3025 2972 3352 3043 vestigando
3382 2985 3575 3042 perve-

1994 3071 2117 3126 nire
2139 3082 2250 3124 non
2282 3075 2481 3139 potest.
2512 3066 2645 3134 Quae
2673 3081 2798 3122 cum
2848 3066 2926 3121 ita
2985 3081 3043 3122 se
3100 3064 3378 3130 habeant,
3434 3077 3573 3128 cur,

307 3165 485 3218 μενοι,
530 3148 707 3205 καίτοι
772 3150 1133 3222 ἀγνοουμένου
1151 3168 1166 3183 ’
1232 3152 1435 3206 ἐκεῖνον
1486 3151 1543 3205 δὲ
1594 3150 1890 3214 δεδοικότες

1995 3177 2027 3218 o
2055 3161 2315 3218 mortales
2336 3200 2351 3228 ,
2384 3161 2468 3217 sic
2517 3158 2700 3215 allecti
2732 3158 2900 3215 estis?
2955 3172 3056 3213 cur
3102 3156 3248 3211 hanc
3272 3195 3289 3221 ,
3329 3155 3457 3212 licet
3491 3155 3577 3209 in-

305 3240 404 3295 καὶ
448 3239 777 3310 φρίττοντες,
824 3241 900 3306 ὡς
944 3242 1178 3313 χαλεπὸν
1230 3242 1323 3296 καὶ
1378 3241 1542 3311 φόϐου
1588 3240 1769 3306 ἀξιον·
1820 3241 1887 3295 δι’

303 3329 460 3383 οὐδὲν
485 3329 630 3393 ἀλλο,
656 3330 688 3401 ἢ
717 3330 805 3383 διά
831 3331 986 3385 τοῦτο
1017 3330 1196 3402 μόνον,
1230 3332 1310 3385 ὅτι
1333 3332 1577 3400 ἀγνοεῖτε
1607 3327 1719 3385 οἷόν
1746 3332 1886 3398 ἐστι;

304 3422 499 3476 Καίτοι
542 3422 713 3476 πολλά
753 3425 847 3476 καὶ
886 3423 1023 3478 ἄλλα
1063 3425 1157 3478 καὶ
1185 3425 1292 3477 τῶν
1322 3424 1443 3477 κατ’
1471 3423 1723 3496 αἴσθησιν
1753 3425 1888 3495 ἡμῖν

304 3514 757 3584 προφαινομένων
788 3513 881 3568 καὶ
912 3514 1291 3585 ἀγνοουμένων
1328 3516 1390 3568 οὐ
1416 3514 1749 3587 δεδοίκαμεν.
1791 3516 1889 3579 Τίς

303 3603 414 3675 γὰρ
438 3606 473 3676 ἡ
512 3604 673 3675 φύσις
700 3605 809 3659 τῶν
840 3608 961 3661 κατ’
996 3606 1226 3678 οὐρανὸν
1259 3607 1617 3678 φαινομένων,
1657 3606 1691 3678 ἢ
1726 3607 1779 3660 τί
1827 3605 1889 3660 τὺ

303 3696 570 3767 περιάγον
597 3698 687 3752 τὸν
712 3698 874 3752 πόλον
897 3696 957 3764 ἐξ
984 3699 1225 3754 ἐναντίου
1248 3699 1348 3772 τὴν
1382 3699 1617 3771 κίνησιν,
1646 3699 1681 3771 ἢ
1734 3698 1788 3752 τί
1828 3698 1890 3752 τὸ

301 3790 508 3863 ὲρεῖδον
556 3791 655 3862 τὴν
687 3791 790 3863 τῆς
828 3794 933 3863 γῆς
960 3792 1277 3865 νπαγιότητα
1300 3808 1314 3823 ·
1367 3790 1488 3855 πῶς
1530 3790 1588 3844 δὲ
1619 3793 1654 3861 ή
1689 3788 1889 3861 ρευστὴ

301 3882 411 3935 τῶν
460 3883 669 3938 ὑδάτων
702 3883 864 3955 φύσις
911 3884 1001 3938 ἀεὶ
1040 3885 1248 3953 γίνεται
1295 3886 1360 3939 ὲκ
1402 3885 1502 3957 τῆς
1530 3887 1656 3956 γῆς,
1698 3881 1794 3938 κα)⁸
1826 3881 1888 3936 οὐ

301 3972 610 4027 δαπανᾶται
641 3974 677 4044 ὴ
701 3972 776 4045 γῆ
797 3991 809 4003 ·
826 3975 929 4028 καὶ
954 3974 1089 4030 ἀλλα
1113 3975 1337 4030 τοιαῦτα
1369 3974 1539 4029 πολλά
1567 3974 1691 4028 οὔτε
1719 3972 1889 4042 ἐγνώ-

302 4079 517 4134 καμεν,
563 4062 689 4118 οὔτε
743 4065 924 4135 φόϐων
978 4066 1137 4134 ἀξίαν
1186 4067 1285 4138 τὴν
1333 4066 1557 4136 ἄγνοιαν
1606 4066 1884 4137 κρίνομεν.

315 4152 481 4207 ’Δλλά
530 4154 626 4207 καὶ
678 4154 847 4227 αὐτὴν
900 4155 999 4228 τὴν
1050 4157 1229 4211 πάντα
1284 4156 1408 4212 νοῦν
1459 4154 1888 4227 ύπερϐαίνουσαν

303 4244 493 4315 φύσιν,
526 4245 625 4317 τὴν
657 4246 806 4301 θείαν
838 4265 897 4302 τε
929 4249 1023 4302 καὶ
1063 4249 1340 4321 μακαρίαν
1364 4249 1459 4302 καὶ
1484 4248 1886 4319 ἀκατάληπτον,

301 4339 389 4392 ὅτι
442 4339 542 4410 μὲν
590 4338 728 4404 ἔστι,
776 4341 1242 4412 πεπιστεύκαμεν,
1288 4342 1348 4397 ὲν
1389 4339 1496 4394 τίνι
1527 4339 1585 4394 δὲ
1631 4339 1804 4411 αὐτῆς
1827 4339 1891 4394 τὸ

302 4426 447 4483 εἶναι
478 4431 977 4503 καταλαμϐάνεται,
1023 4432 1178 4487 οὔπω
1203 4449 1288 4497 τις
1321 4431 1517 4506 εὑρέθη
1564 4432 1654 4487 διά
1696 4449 1890 4503 στοχα-

1990 3255 2305 3327 cognitam,
2340 3262 2402 3310 ut
2443 3254 2642 3310 bonam
2669 3249 3134 3323 complactimini,
3181 3249 3330 3303 illam
3392 3256 3576 3303 autem

1990 3357 2051 3403 ut
2069 3346 2391 3403 horribilem
2418 3359 2483 3401 ac
2509 3342 2855 3400 metuendam
2877 3339 3229 3397 formidatis?
3253 3354 3365 3394 non
3412 3338 3575 3393 aliam

1990 3439 2183 3510 utique
2211 3438 2283 3495 ob
2312 3452 2537 3494 causam
2567 3436 2624 3492 id
2669 3435 2863 3506 agitis,
2917 3433 3025 3489 nisi
3055 3432 3219 3504 quia,
3245 3432 3427 3503 qualis
3456 3431 3576 3500 ipsa

1990 3532 2093 3598 sit,
2126 3543 2241 3586 non
2272 3528 2629 3599 cognoscitis.
2687 3525 2821 3592 Quae
2876 3533 3062 3580 tamen
3121 3539 3232 3580 non
3284 3532 3370 3580 est
3422 3523 3575 3592 justa

1990 3636 2158 3677 causa
2221 3619 2537 3685 metuendi,
2588 3631 2714 3673 cnm
2771 3617 2945 3670 multa
3015 3616 3128 3671 sint
3175 3616 3262 3671 vel
3316 3613 3576 3671 sensibus

1989 3712 2240 3785 exposita
2261 3752 2277 3777 ,
2310 3710 2394 3765 vel
2417 3710 2487 3765 ab
2514 3710 2596 3764 eis
2627 3716 2841 3764 remota
2863 3745 2880 3773 ,
2912 3722 3039 3779 qua:
3082 3706 3213 3762 licet
3264 3705 3570 3776 ignoretis,

1989 3819 2103 3861 non
2130 3800 2547 3875 pertimescitis.
2573 3798 2711 3854 Nam
2760 3805 2816 3855 et
2849 3814 2973 3871 quae
3000 3799 3072 3856 sit
3100 3813 3296 3854 eorum
3334 3804 3531 3852 natura
3551 3836 3569 3861 ,

1991 3908 2113 3966 quas
2168 3893 2225 3946 in
2279 3890 2423 3946 caelo
2481 3888 2846 3960 conspicitis,
2904 3899 2957 3945 et
3004 3887 3136 3959 quid
3193 3887 3344 3943 circa
3387 3886 3573 3957 polum

1989 4002 2158 4044 cursu
2190 3983 2471 4040 contrario
2507 3991 2719 4039 motum
2753 3982 2931 4045 cieat,
2994 3979 3197 4051 quidve
3248 3987 3410 4036 terras
3442 3979 3575 4034 soli-

1990 4080 2218 4135 ditatem
2256 4082 2563 4141 sustentet,
2624 4083 2719 4129 ant
2762 4089 2872 4145 quo
2905 4073 3070 4128 modo
3102 4070 3248 4127 ﬂuxa
3306 4086 3574 4142 aquarum

1990 4177 2189 4225 natura
2220 4167 2443 4224 assidue
2484 4167 2741 4238 gignatur
2787 4181 2820 4221 e
2858 4174 3045 4229 terra,
3098 4179 3205 4221 nec
3257 4165 3379 4235 ipsa
3428 4171 3574 4219 terra

1991 4258 2246 4324 deﬁciat,
2294 4258 2596 4329 ignoratis,
2629 4271 2732 4312 nec
2763 4263 2947 4311 tamen
2977 4255 3051 4310 ob
3098 4254 3377 4311 inscitiam
3431 4252 3575 4306 hanc

1989 4347 2408 4405 exhorrescitis.
2443 4345 2630 4412 Quid?
2665 4346 2814 4417 quod
2873 4345 3116 4401 divinam
3163 4358 3229 4399 ac
3258 4344 3474 4399 beatam
3509 4342 3575 4396 il-

1990 4442 2098 4497 lam
2154 4448 2410 4495 naturam
2467 4452 2652 4493 rerum
2729 4438 2977 4493 omnium
3023 4434 3530 4508 praestantissima":
3556 4474 3573 4498 ,

304 4521 450 4593 σμοῦ
489 4524 834 4597 κατανόησις,
867 4528 962 4581 καὶ
983 4527 1133 4598 ὅμως
1164 4524 1467 4597 ἀγαπῶμεν
1498 4526 1559 4579 τὸ
1590 4525 1887 4598 ἀγνοούμε-

1995 4548 2113 4605 qua:
2138 4545 2239 4588 nec
2268 4529 2602 4602 cogitatione
2622 4567 2639 4596 ,
2667 4543 2770 4585 nec
2799 4528 2986 4583 animo
3009 4564 3025 4591 ,
3060 4534 3156 4581 aut
3206 4532 3388 4581 mente
3418 4524 3575 4595 plene

302 4630 395 4667 vov
446 4612 509 4679 ἐξ
553 4614 681 4684 ὅλης
727 4616 953 4687 καρδίας
989 4633 1049 4671 τε
1083 4618 1178 4673 καὶ
1204 4616 1383 4689 ψυχῆς
1406 4617 1502 4672 καὶ
1525 4616 1809 4689 δυνάμεως
1832 4617 1895 4672 τὸ

302 4704 721 4777 καταληφθῆναι
763 4709 877 4771 τοῖς
909 4707 1186 4779 λογισμοῖς
1225 4710 1286 4762 ού
1332 4709 1652 4781 δυνάμενον.
1697 4708 1796 4763 Διά
1838 4708 1893 4763 τί

301 4796 487 4852 τοίνυν
523 4798 779 4853 ἐπιπόνου
822 4799 918 4853 τοῦ
964 4801 1103 4871 μετά
1149 4801 1248 4874 τὴν
1275 4801 1421 4875 ζωὴν
1448 4802 1654 4876 ταύτην
1682 4802 1893 4873 ἐκδεχο-

308 4889 473 4961 μένου
501 4892 647 4963 ἡμᾶς
675 4890 813 4962 βίου,
851 4893 881 4947 6
922 4893 1115 4963 ἄλογος
1156 4888 1310 4959 οὗτος
1360 4895 1671 4951 συνίσταται
1706 4896 1890 4965 φόϐος,

304 4980 397 5035 διὰ
425 4980 596 5054 μόνην
634 4982 737 5055 τὴν
761 4983 983 5052 ἄγνοιαν
1024 4984 1335 5040 δεδοικότων
1364 4986 1521 5058 ήμῶν
1550 4987 1579 5041 δ
1617 4987 1717 5041 οὐκ
1742 4986 1889 5041 οἴδα·

311 5090 434 5143 μεν,
465 5074 717 5146 καθάπερ
745 5076 838 5128 ἐπὶ
863 5074 970 5129 τῶν
997 5077 1206 5148 νηπίων
1243 5080 1451 5149 γίνεται
1477 5079 1586 5133 τῶν
1614 5080 1749 5150 πρὸς
1792 5079 1892 5143 τάς

307 5165 711 5231 ἀνυποστάτους
737 5168 994 5232 ὑπονοίας
1017 5168 1487 5241 δειματουμένων;
1527 5172 1586 5224 '0
1615 5173 1724 5242 γάρ
1755 5170 1893 5242 πρὸς

307 5256 408 5327 τὴν
449 5257 705 5328 ἀληθειαν
742 5247 853 5313 τῶν
880 5259 1052 5315 ὄντων
1076 5261 1271 5319 ἐθέλων
1308 5262 1546 5334 βλέπειν,
1593 5263 1808 5335 πρῶτον
1836 5264 1893 5316 ἐν

308 5348 562 5421 περινοίᾳ
590 5351 686 5403 τοῦ
713 5352 1036 5423 πράγματος
1055 5353 1263 5423 γίνεται
1289 5370 1304 5385 ·
1334 5351 1451 5409 εἶτα
1478 5351 1588 5409 οἷόν
1614 5357 1729 5408 ἐστι
1755 5355 1895 5409 κατὰ

306 5442 407 5529 τῂν
444 5441 610 5511 φύσιν
653 5442 1043 5514 ἐπιλογίζεται,
1101 5447 1215 5501 εἴτε
1261 5465 1314 5502 τι
1356 5449 1626 5521 χρήσιμον
1672 5449 1766 5502 καὶ
1806 5449 1896 5501 εύο

307 5536 591 5607 πρόσιτον,
626 5537 738 5591 εἴτε
781 5538 1015 5610 χαλεπόν
1060 5556 1113 5593 τι
1163 5538 1260 5592 καὶ
1305 5539 1694 5611 ἀποτρόπαιον.
1739 5539 1813 5593 Τὸ
1838 5539 1895 5593 δὲ

309 5625 505 5697 ἄδηλον
550 5625 781 5682 καθόλου
829 5629 924 5684 καὶ
971 5628 1365 5700 ἀγνοούμενον,
1413 5628 1533 5694 πῶς
1572 5628 1637 5685 ἀν
1675 5646 1758 5692 τις
1788 5627 1896 5682 τῶν

284 5754 285 5757 η
313 5720 433 5773 νοῦν
457 5720 693 5790 ἐχόντων
724 5720 958 5791 χαλεπὸν
976 5722 1113 5778 εἶναι
1138 5722 1335 5794 κρίνοι,
1369 5722 1467 5792 τὴν
1487 5720 1583 5791 τῆς
1609 5720 1896 5789 συνηθείας

1988 4623 2380 4697 comprehendi
2408 4630 2628 4695 potest,
2659 4636 2788 4679 esse
2816 4618 3046 4691 quidem
3069 4616 3330 4681 creditis,
3361 4617 3417 4671 in
3464 4631 3575 4686 quo

1990 4726 2174 4774 autem
2199 4718 2506 4783 consistat,
2549 4715 2751 4786 quidve
2779 4713 2901 4784 ipsa
2931 4712 3037 4775 sit,
3077 4710 3227 4765 nulla
3256 4707 3435 4762 adhuc
3480 4722 3573 4760 ra-

1988 4808 2141 4865 tione
2169 4808 2447 4879 conjicere
2468 4804 2729 4877 potuistis
2749 4842 2765 4871 ,
2798 4811 2963 4873 atque
2993 4815 3116 4858 eam
3149 4809 3335 4857 tamen
3360 4838 3376 4863 ,
3407 4813 3573 4869 quam

1990 4900 2159 4956 nullis
2191 4898 2505 4955 rationibus
2538 4896 2730 4951 valetis
2776 4894 3083 4967 intelligere
3105 4933 3122 4959 ,
3183 4898 3302 4945 toto
3358 4889 3531 4944 corde
3556 4928 3574 4952 ,

1994 4992 2180 5047 animo
2203 5029 2219 5056 ,
2243 4989 2557 5058 virtuteqne
2580 4985 2853 5057 diligitis?
2888 4984 3001 5040 Cur
3031 4984 3201 5055 igitur
3256 4981 3373 5036 haec
3409 4980 3574 5036 stulta

1997 5082 2214 5137 timoris
2258 5080 2400 5134 ratio
2452 5078 2597 5134 valet
2630 5078 2687 5133 in
2748 5077 2842 5132 illa
2897 5076 3055 5141 sola,
3106 5088 3229 5146 quae
3288 5087 3390 5128 nos
3451 5080 3575 5142 post

1997 5174 2140 5228 hanc
2192 5176 2490 5239 exceptura
2530 5176 2652 5235 est,
2682 5168 2831 5234 vita,
2863 5174 2961 5232 ut,
2996 5180 3118 5237 qua:
3165 5179 3276 5219 non
3322 5163 3576 5218 novimus
3644 5220 3646 5223 ,

1996 5278 2294 5337 puerorum
2322 5262 2500 5318 instar
2522 5303 2538 5327 ,
2578 5262 2675 5333 qui
2705 5259 2968 5316 inanibus
2993 5257 3318 5335 Opinionum
3346 5256 3576 5327 ﬁgmen-

1999 5356 2071 5410 tis
2099 5353 2480 5417 deterrentnr,
2516 5350 2878 5405 formidemus
2902 5349 2927 5402 ?
2955 5347 3062 5414 Qui
3103 5347 3250 5404 enim
3302 5360 3420 5400 rem
3477 5344 3576 5397 ali-

1995 5460 2161 5516 quam
2188 5443 2393 5499 habere
2422 5445 2575 5513 cupit
2616 5447 2957 5513 perspectam
2987 5448 3043 5495 et
3096 5438 3370 5510 cognitam
3393 5475 3409 5501 ,
3464 5437 3576 5507 pri-

1996 5553 2146 5593 mum
2180 5553 2404 5609 operam
2436 5537 2529 5592 dat
2557 5575 2570 5601 ,
2616 5544 2673 5591 ut
2697 5577 2711 5601 ,
2743 5550 2866 5607 quae
2898 5535 2973 5590 sit
2997 5534 3123 5603 ejus
3158 5542 3357 5587 natura
3378 5568 3395 5596 ,
3450 5529 3575 5583 dili-

1996 5638 2185 5699 genter
2223 5627 2575 5690 consideret,
2638 5634 2801 5696 atque
2852 5625 2957 5691 ita,
3009 5631 3197 5688 utrum
3247 5618 3573 5679 commoda.

1997 5728 2051 5777 et
2080 5718 2545 5791 admittenda,an
2578 5718 2761 5787 gravis
2797 5715 3201 5785 avertendaque
3235 5715 3346 5781 sit,
3375 5709 3576 5769 intelli-
