4072 6156
521 295 624 350 515

1749 290 1806 344 S.
1848 288 2176 344 GREGORII
2208 290 2496 347 ΝγςδΕΝι

3671 299 3775 357 516

516 416 630 481 gat.
676 405 832 474 Quod
869 411 1050 459 autem
1114 403 1387 456 incertum
1440 401 1701 465 omnino,
1753 410 1809 457 et
1843 402 2082 472 incogni-

2195 403 2542 475 ἀναχώρησιν
2583 403 2770 476 μόνην,
2807 403 2882 468 ὡς
2924 403 3094 474 πυρός
3127 422 3288 472 τινος,
3322 407 3354 479 ἢ
3385 406 3573 480 θηρίου
3604 427 3774 480 προσ-

519 513 633 556 ιιιηι
664 509 769 565 est,
803 499 927 568 quis
953 509 1139 551 eorum
1162 533 1178 559 ,
1216 493 1329 563 qui'
1360 495 1615 565 sapiunt,
1679 495 1751 549 ob
1809 494 1864 550 id
1910 496 2088 549 solum

517 594 662 664 quod
691 593 760 646 ab
788 603 891 643 usu
921 595 975 642 et
1005 584 1403 640 consuetudine
1436 595 1701 640 remotum
1733 587 1807 642 sit
1835 626 1850 651 ,
1879 585 2092 656 fugien-

517 681 645 738 dum
674 687 858 752 putet,
889 687 944 732 et
975 685 1033 731 ut
1063 677 1206 746 ignis
1228 717 1244 744 ,
1280 685 1374 731 aut
1407 675 1535 732 ferae
1580 675 1888 747 cuiuspiam
1920 678 2091 748 impe-

517 785 631 830 tum
675 769 1036 840 suspicetur?
1072 784 1198 824 cum
1265 769 1383 838 ipsa
1437 783 1540 823 nos
1583 770 1693 822 vita
1747 768 1972 834 doceat,
2023 784 2092 824 ne

516 879 732 934 semper
769 877 929 917 usum
974 869 1029 915 et
1075 859 1528 916 consuetudinem
1575 861 1944 924 attendamus,
1993 860 2089 914 sed

516 956 584 1011 ad
615 971 719 1021 ea,
763 969 886 1024 quae
915 960 1072 1008 recta
1123 953 1464 1022 honesteque
1519 961 1685 1019 sunt,
1748 953 1967 1008 animos
2026 967 2091 1008 ac

516 1046 699 1104 studia
749 1055 938 1100 nostra
993 1054 1402 1100 convertamus.
1447 1043 1632 1114 Neque
1683 1045 1830 1099 enim
1894 1044 2087 1099 eadem

516 1153 734 1207 semper
767 1134 1087 1189 hominibus
1115 1145 1199 1190 est
1237 1137 1349 1188 vita
1377 1175 1392 1200 ,
1445 1136 1538 1191 sed
1561 1175 1576 1198 ,
1619 1136 1747 1190 dum
1779 1137 1832 1190 in
1863 1137 2090 1192 visceri-

516 1228 618 1282 bus
643 1228 785 1282 fetus
817 1225 1125 1281 formantur
1151 1268 1165 1294 ,
1199 1229 1475 1297 propriam
1522 1227 1629 1283 illis
1672 1235 1727 1282 et
1755 1229 2089 1282 convenien-

517 1326 625 1374 tem
679 1319 733 1372 in
767 1326 925 1371 utero
955 1318 1125 1371 vitam
1156 1327 1356 1373 natura
1397 1319 1614 1373 tribuit.
1675 1317 1786 1373 Nec
1841 1333 1966 1373 cum
2022 1334 2088 1374 ex

513 1419 672 1464 utero
701 1411 908 1480 egressi
939 1409 1180 1473 fuerint,
1234 1424 1452 1479 semper
1506 1410 1773 1463 inhaerent
1805 1424 2087 1471 mammae,

513 1503 608 1558 sed
659 1503 901 1570 quandiu
936 1500 1266 1571 imperfectae
1310 1501 1526 1554 illorum
1577 1500 1812 1554 aetatulae
1867 1499 1920 1554 id
1958 1515 2090 1554 conr-

510 1595 660 1665 gruit
688 1604 740 1648 et
767 1593 1020 1664 prodest;
1053 1600 1178 1662 post
1205 1601 1383 1646 autem
1421 1591 1486 1644 ad
1523 1591 1626 1644 alia
1654 1597 2051 1645 convertuntur
2070 1631 2085 1655 ,

511 1703 612 1743 nec
647 1687 813 1742 ubera
838 1701 1052 1754 semper
1075 1685 1145 1738 ob
1172 1683 1623 1738 consuetudinem
1652 1689 1934 1751 appetunt.
1959 1680 2088 1736 Post

2196 495 2356 566 ϐολὴν
2385 495 2742 562 ὑποπτεύων;
2775 495 2968 549 Καίτοι
3000 495 3362 569 παιδευόμεθα
3400 499 3487 552 διὰ
3519 499 3613 553 τοῦ
3658 501 3775 571 βίου

2196 587 2404 657 σαφῶς,
2455 587 2529 660 μὴ
2584 587 2816 642 πάντοτε
2867 587 3003 658 πρὸς
3041 587 3140 659 τὴν
3185 591 3472 662 συνήθειαν
3533 593 3772 664 βλέπειν,

2192 675 2328 730 ἀλλά
2356 675 2492 747 πρὸς
2533 676 2595 729 τὸ
2641 675 2803 730 καλὸν
2846 679 2964 740 ταῖς
2995 677 3312 747 ἐπιθυμίαις
3355 680 3441 734 ἀεὶ⁷
3487 683 3776 750 μετατίθε-

2195 766 2336 822 σθαι.
2383 764 2520 820 Οὔτε
2553 765 2662 837 γάρ
2693 765 2781 819 διά
2809 767 3009 829 παντὸς
3048 768 3104 819 ἐν
3135 767 3360 838 ἐμϐρύῳ
3387 771 3500 831 τοῖς
3539 771 3776 824 πλασσο-

2195 859 2378 928 μένοις
2409 859 2556 911 ἐστὶν
2592 859 2624 929 ἡ
2656 858 2792 928 ζωὴ,
2826 857 2940 912 ἀλλ’
2968 858 3072 921 ἓως
3101 857 3166 912 ἂν
3201 861 3257 911 ἐν
3284 863 3397 925 τοῖς
3445 861 3774 931 σπλάγχνοις

2191 944 2349 1017 ὦσιν,
2391 949 2574 1020 ἡδεῖαν
2619 949 2801 1012 αὑτοῖς
2844 949 2938 1002 καὶ
2987 950 3380 1022 κατάλληλονή
3425 950 3588 1020 φύσις
3632 955 3774 1006 ποιει

2189 1041 2290 1114 τὴν
2323 1043 2384 1095 ἐν
2415 1044 2480 1112 τῇ
2524 1040 2675 1112 νηδύῖ
2723 1041 2868 1112 ζωήν
2889 1057 2904 1072 ·
2952 1041 3075 1094 οὔτε
3106 1043 3321 1096 ἐπειδὰν
3351 1041 3455 1108 ἔξω
3486 1044 3769 1111 γένωνται,

2189 1137 2254 1205 τῇ
2287 1133 2420 1205 θηλῇ
2451 1133 2538 1187 διά
2577 1133 2778 1196 παντὸς
2822 1133 3249 1203 παραμένουσιν,
3278 1133 3392 1187 ἀλλ’
3422 1135 3506 1204 ἐφ’
3533 1137 3656 1188 ὅσον
3693 1134 3772 1205 τῷ

2201 1225 2385 1279 ἀτελεῖ
2416 1226 2514 1295 τῆς
2557 1224 2768 1296 ἡλικίας
2792 1224 2955 1279 καλὸν
2973 1226 3034 1278 τὸ
3057 1225 3294 1279 τοιοῦτόν
3320 1228 3434 1280 ἐστι
3459 1228 3551 1280 καὶ
3574 1228 3770 1280 κατάλ-

2189 1317 2368 1388 ληλον.
2414 1316 2560 1370 Μετά
2605 1316 2761 1370 τοῦτο
2799 1317 2876 1381 δὲ,
2908 1318 3044 1388 πρὸς
3090 1317 3256 1389 ἀλλην
3297 1320 3617 1376 ἀκολουθίαν
3655 1320 3767 1390 βίου

2193 1410 2562 1480 μετέρχονται,
2595 1409 2746 1462 οὐδὲν
2776 1409 2880 1462 om
2906 1409 3006 1479 τῆς
3036 1409 3322 1481 συνηθείας
3356 1411 3495 1483 πρὸς
3516 1412 3578 1464 τὸ
3612 1411 3769 1482 μαζῷ

2191 1499 2639 1570 συμπαραμένειν
2688 1500 3124 1570 ἀναπειθόμενοι.
3177 1497 3311 1555 Εἶτα
3361 1501 3496 1573 μετά
3531 1503 3627 1574 τὴν
3676 1520 3768 1575 νη-

2189 1591 2362 1662 πιώδη
2395 1592 2746 1652 κατάστασιν,
2795 1592 2929 1645 άλλα
2966 1592 3077 1646 τῶν
3114 1595 3435 1665 μειρακίων,
3483 1597 3577 1648 καὶ
3632 1597 3769 1651 ἄλλα

2187 1683 2296 1737 τῶν
2325 1681 2808 1753 παρηλικεστέρων
2848 1683 3255 1754 ἐπιτηδεύματα
3287 1687 3515 1754 γίνεται,
3551 1688 3687 1758 πρὸς
3729 1687 3768 1742 ἃ.

510 1787 715 1841 autem,
752 1792 876 1832 cum
917 1775 1202 1831 infantiam
1231 1775 1501 1837 exuerint,
1531 1774 1637 1827 alia
1670 1773 2082 1838 adolescentuli,

2196 1773 2508 1846 μεταϐαίνει
2545 1773 2613 1827 δι’
2647 1773 2938 1827 ἀκολούθου
2967 1777 2996 1827 ό
3027 1775 3328 1847 ἄνθρωπος,
3360 1777 3582 1844 ἀλύπως
3627 1795 3768 1850 συμο

510 1872 618 1925 alia
647 1871 759 1939 jam
789 1877 948 1925 aetate
968 1868 1312 1938 provectiore
1341 1874 1647 1936 sequuntur
1669 1867 1870 1932 studia,
1895 1875 1947 1920 et
1971 1867 2082 1921 sine

2197 1861 2548 1929 μεταϐάλλων
2571 1865 2690 1926 ταῖς
2723 1863 2958 1932 ἡλικίαις
2988 1865 3083 1917 καὶ
3119 1865 3218 1936 τὴν
3247 1866 3554 1938 συνήθειαν.

509 1965 758 2020 molestia
794 1964 958 2018 simul
999 1977 1123 2017 cum
1157 1969 1318 2016 aetate
1348 1960 1800 2016 consuetudinem
1836 1968 2067 2015 mutant.

581 2051 1049 2121 Quemadmodum
1076 2050 1243 2120 igitur
1273 2052 1364 2121 qui
1398 2053 1454 2105 in
1484 2058 1732 2106 materno
1764 2058 1955 2105 ventre
1981 2065 2086 2103 nu-

508 2147 673 2202 tritur
726 2145 890 2209 fetus,
930 2145 973 2200 si
1010 2145 1162 2199 vocis
1191 2159 1353 2199 usum
1389 2145 1616 2200 haberet
1664 2146 1928 2216 aliquem,
1953 2147 2082 2200 dum

507 2239 563 2293 in
601 2239 720 2308 ipso
767 2244 891 2290 ortu
935 2250 966 2290 e
1020 2235 1326 2289 visceribus
1405 2237 1696 2305 expellitur
1723 2275 1738 2300 ,
1781 2250 2087 2306 conquere-

506 2340 659 2384 retur
685 2371 699 2395 ,
727 2344 894 2399 seque
923 2329 1107 2399 gravia
1134 2329 1246 2399 pati
1285 2327 1570 2390 clamaret,
1607 2327 1750 2396 quod
1784 2342 1814 2381 a
1841 2328 2085 2397 jucunda

506 2425 908 2480 distraheretur
987 2421 1203 2477 vivendi
1297 2419 1745 2484 consuetudine,
1807 2419 1860 2475 id
1933 2419 2081 2492 quod

507 2516 670 2572 etiam
705 2516 832 2570 facit
867 2555 881 2579 ,
932 2513 1061 2567 dum
1119 2513 1282 2568 simul
1335 2527 1399 2566 ac
1457 2513 1694 2582 primum
1746 2512 1982 2582 respirat
2026 2514 2080 2566 in

507 2607 647 2662 hanc
681 2607 844 2661 vitam
882 2606 1166 2675 ingressus
1195 2643 1210 2668 ,
1280 2603 1551 2672 lacrymas
1595 2601 1794 2665 fundit,
1833 2609 1886 2656 et
1943 2615 2081 2671 quo-

506 2698 632 2752 dam
667 2697 826 2752 modo
858 2695 1195 2766 indignatur.
1230 2703 1284 2748 et
1323 2695 1502 2754 dolet,
1543 2691 1690 2762 quod
1724 2707 1754 2745 a
1785 2692 1944 2747 solita
1973 2692 2080 2744 vita

505 2788 850 2844 discesserit:
889 2786 969 2841 sic
1015 2786 1147 2839 mihi
1171 2783 1424 2838 videntur
1466 2781 1670 2847 facere,
1705 2782 1800 2852 qui
1849 2789 2082 2836 mcerent

508 2880 564 2933 in
615 2879 774 2934 istius
816 2878 937 2932 vita:
973 2875 1402 2930 commutatione
1429 2913 1444 2937 ,
1488 2874 1619 2928 dum
1665 2874 1838 2928 instar
1865 2888 2079 2938 eorum,

507 2970 602 3040 qui
637 2971 691 3023 in
742 2978 899 3022 utero
949 2975 1100 3031 sunt,
1142 2966 1333 3020 volunt
1379 2980 1593 3034 semper
1631 2966 1687 3019 in
1740 2965 1985 3034 angustis
2018 2956 2098 3019 ac

2264 2047 2476 2116 Ὠσπερ
2509 2046 2684 2098 τοίνυν
2713 2047 2760 2099 εἰ
2790 2047 2940 2117 φωνή
2973 2063 3057 2112 τις
3077 2043 3146 2117 ἦν
3171 2047 3248 2118 τῷ
3275 2048 3594 2119 τρεφομένῳ
3616 2051 3674 2104 ἐν
3696 2053 3765 2123 τῇ

2190 2140 2418 2211 μητρῴᾳ
2462 2138 2637 2209 νηδύϊ,
2683 2137 3062 2208 ἠγανάκτησεν
3100 2138 3166 2192 ἂν
3209 2140 3297 2193 διὰ,
3329 2142 3632 2211 γεννήσεως
3656 2142 3769 2197 τῶν

2188 2232 2510 2300 σπλάγχνων
2557 2228 2974 2299 ἐξοικιζόμενος,
3025 2230 3119 2282 καὶ
3162 2230 3310 2285 δεινά
3355 2231 3587 2301 πάσχειν
3637 2232 3768 2286 ἐϐόα

2185 2326 2284 2394 τῆς
2335 2320 2671 2391 καταθυμίου
2729 2320 3004 2389 διαγωγῆς
3048 2320 3463 2392 ἀποσπώμενος,
3516 2323 3654 2393 ὅπερ
3699 2323 3766 2395 δὴ

2187 2416 2282 2468 καὶ
2313 2417 2472 2478 ποιεῖ,
2504 2415 2568 2484 τῇ
2613 2409 2802 2482 πρώτῃ
2849 2413 3091 2482 ἀναπνοῇ
3143 2414 3512 2468 συνεκϐάλλων
3538 2414 3655 2484 ἅμα
3695 2418 3763 2486 τῇ

2187 2507 2436 2575 γεννήσει
2461 2503 2520 2558 τὸ
2541 2504 2790 2575 δάκρυον,
2822 2503 3011 2572 ὥσπερ
3040 2505 3362 2572 ἀγανακτῶν
3400 2523 3457 2558 τε
3505 2507 3600 2559 καὶ
3641 2506 3767 2559 ὀδυ-

2187 2597 2414 2666 ρόμενος
2446 2596 2537 2648 ἐπὶ
2563 2595 2641 2665 τῷ
2668 2595 2933 2666 χωρισμῷ
2980 2597 3078 2665 τῆς
3119 2595 3380 2664 συνήθους
3411 2594 3557 2667 ζωῆς
3578 2614 3592 2626 ο
3620 2596 3766 2651 οὕτω

2187 2703 2276 2757 μοι
2321 2686 2565 2739 δοκοῦσιν
2611 2688 2660 2738 οἱ
2709 2686 2845 2756 πρὸς
2881 2685 2982 2756 τὴν
3032 2685 3330 2758 μεταϐολὴν
3365 2685 3462 2740 τοῦ
3499 2689 3766 2758 παρόντος

2181 2778 2624 2849 δυσχεραίνοντες
2675 2777 2811 2846 βίου,
2843 2777 2904 2830 τὸ
2945 2776 3053 2832 τῶν
3103 2777 3358 2849 ἐμϐρύων
3403 2779 3656 2849 πάσχειν,
3705 2781 3764 2833 ἐν

2180 2869 2259 2940 τῷ
2281 2870 2367 2924 διὰ
2393 2871 2592 2932 παντὸς
2623 2869 2824 2922 ἐθέλειν
2840 2869 2917 2940 τῷ
2936 2869 3201 2941 χωρισμῷ
3222 2873 3319 2941 τῆς
3345 2870 3531 2942 ὑλικῆς
3559 2871 3766 2940 ταύτης

2182 2959 2372 3029 ἀηδίας
2393 2959 2748 3030 ἐμϐιοτεύειν.
2789 2960 3036 3013 Ἐπειδὰν
3065 2963 3223 3032 γάρὴ
3257 2962 3383 3025 eat;
3403 2962 3498 3016 τοῦ
3528 2963 3762 3016 θανάτου

507 3059 666 3114 tetris
695 3057 868 3128 ipsius
907 3056 962 3110 in
1001 3056 1227 3111 materia
1251 3055 1515 3110 demersa:
1546 3055 1671 3110 vitae
1722 3056 1861 3112 locis
1891 3071 2078 3111 versa-

2182 3051 2317 3121 πρὸς
2345 3051 2529 3121 ἕτερον
2578 3050 2688 3121 βίον
2716 3053 2843 3115 τοὺς
2873 3051 3190 3124 ἀνθρώπους
3247 3052 3556 3124 μαιεύηται,
3608 3055 3762 3109 αὑτοὶ

510 3149 579 3203 ri.
628 3147 992 3216 Posteaquam
1042 3145 1188 3199 enim
1232 3144 1426 3199 mortis
1461 3153 1722 3213 tanquam
1755 3153 1948 3214 partus
1976 3144 2077 3198 do-

508 3239 656 3293 lores
700 3237 859 3308 quasi
902 3233 1253 3291 obstetricem
1286 3233 1608 3298 acciverint,
1641 3241 1702 3286 ut
1750 3233 1808 3287 in
1849 3233 2078 3287 alteram

507 3327 673 3381 vitam
721 3326 968 3380 homines
1017 3323 1322 3379 educantur
1351 3365 1368 3390 ,
1402 3321 1506 3391 ipsi
1542 3319 1762 3391 quidem
1789 3359 1804 3385 ,
1836 3335 1960 3376 cum
2011 3319 2076 3374 ad

507 3416 652 3469 illam
705 3415 882 3470 lucem
929 3415 1322 3486 processerint,
1375 3420 1430 3467 et
1487 3427 1686 3482 purum
1723 3413 1875 3467 illum
1908 3411 2077 3482 spiri-

504 3515 621 3562 tum
653 3507 959 3571 hauserint,
1000 3507 1377 3576 experimento
1411 3512 1773 3576 cognoscunt,
1807 3513 2075 3574 quantum

503 3601 594 3655 illa
631 3603 740 3656 vita
789 3601 857 3654 ab
909 3600 1015 3654 ista
1065 3599 1299 3654 differat.
1350 3600 1419 3653 At
1460 3599 1561 3662 illi,
1612 3597 1704 3668 qui
1764 3599 1818 3652 in
1853 3597 2076 3652 humida

504 3694 832 3764 putridaque
877 3693 1038 3749 istius
1068 3693 1194 3746 vitae
1245 3691 1490 3747 foeditate
1558 3689 1962 3760 relinquuntur,
2017 3699 2077 3744 ut

504 3789 665 3856 plane
701 3785 844 3839 fetus
875 3784 1100 3852 quidam
1139 3785 1194 3838 in
1232 3791 1410 3845 utero,
1435 3796 1545 3836 non
1581 3789 1762 3836 autem
1797 3781 2072 3846 homines,

503 3878 691 3930 dolent
724 3878 898 3928 vicem
957 3875 1105 3928 illius
1137 3912 1153 3937 ,
1183 3873 1276 3942 qui
1314 3873 1464 3942 prior
1493 3887 1558 3926 ex
1613 3872 1758 3937 istis,
1791 3887 1912 3941 qua:
1972 3888 2075 3929 nos

503 3962 786 4024 ambiunt,
841 3962 1110 4030 angustiis
1139 3963 1437 4032 egreditur,
1484 3969 1742 4030 tanquam
1792 3963 1860 4015 ab
1892 3963 2076 4033 aliquo

501 4050 648 4103 bono
697 4048 962 4114 discedat,
1035 4052 1348 4107 nescientes
1399 4051 1502 4115 ei,
1551 4053 1617 4106 ad
1661 4053 2072 4108 similitudinem

502 4139 751 4204 infantis,
798 4142 890 4209 qui
941 4157 1035 4212 per
1075 4150 1289 4212 partum
1330 4143 1385 4197 in
1441 4143 1615 4198 lucem
1663 4143 1804 4199 hanc
1849 4144 2071 4208 editur,

501 4230 694 4284 oculos
719 4230 942 4298 aperiri.
974 4233 1185 4293 oculos,
1221 4231 1465 4301 inquam,
1502 4233 1692 4296 animi,
1734 4231 1935 4301 quibus
1982 4246 2074 4286 ve-

503 4323 717 4375 ritatem
761 4337 940 4375 rerum
974 4322 1253 4388 intuetur;
1285 4323 1500 4376 aurimn
1539 4338 1762 4378 sensum
1797 4323 2070 4392 patefieri,

2186 3141 2283 3209 μὲν
2310 3139 2437 3192 ὅταν
2464 3141 2544 3202 είς
2566 3139 2626 3192 τὸ
2647 3140 2761 3208 φῶς
2784 3141 2956 3195 ἐκεῖνο
2980 3143 3328 3212 μετέλθωσιν,
3353 3145 3445 3197 καὶ
3465 3143 3559 3197 τοῦ
3581 3145 3728 3197 καθα
3744 3173 3757 3184 ο

2183 3229 2276 3300 ροῦ
2309 3231 2554 3284 σπάσωσι
2593 3230 2919 3299 πνεύματος,
2946 3235 3013 3302 τῇ
3043 3234 3211 3305 πείρᾳ
3245 3232 3606 3300 γινώσκουσιν
3630 3237 3759 3288 ὅσον

2181 3323 2297 3375 ἐστὶ
2321 3324 2419 3392 τῆς
2456 3324 2600 3392 ζωῆς
2633 3323 2846 3394 ἐκείνης
2877 3325 3012 3396 πρὸς
3035 3327 3134 3396 τὴν
3159 3327 3254 3380 νῦν
3281 3326 3340 3379 τὸ
3369 3327 3643 3398 διάφορον.
3689 3326 3756 3383 Ol

2179 3413 2237 3466 δέ
2265 3414 2679 3482 ὑπολειφθέντες
2718 3415 2794 3485 τῷ
2826 3416 2978 3487 ὑγρῷ
3007 3417 3180 3488 τούτῳ
3213 3417 3308 3471 καὶ
3341 3417 3608 3472 πλαδῶντι
3636 3419 3757 3490 βίῳ,

2178 3505 2393 3577 ἔμϐρυα
2411 3507 2560 3570 ὄντες
2583 3507 2844 3577 ἀτεχνῶς,
2869 3510 2962 3561 καὶ
2983 3511 3083 3562 οὑκ
3099 3508 3398 3580 ἄνθρωποι,
3415 3510 3760 3575 ταλανίζουσι

2179 3598 2268 3652 τὸν
2299 3597 2689 3670 προεξελθόντα
2715 3600 2812 3670 τῆς
2839 3599 3198 3671 περιεχούσης
3222 3601 3369 3671 ἡμᾶς
3406 3604 3656 3673 συνοχῆς.
3682 3603 3760 3667 ὡς

2178 3690 2380 3758 ἀγαθοῦ
2429 3708 2572 3754 τινος
2619 3689 2725 3755 ἔξω
2764 3691 3076 3762 γενόμενον·
3125 3692 3226 3746 οὑκ
3265 3692 3468 3757 εἰδότες
3507 3694 3588 3747 ὃτι
3636 3694 3758 3748 καθ’

2179 3781 2471 3852 ὁμοιότητα
2501 3781 2597 3835 τοῦ
2633 3781 2916 3852 τεχθέντος
2954 3782 3206 3854 βρέφους,
3259 3783 3531 3853 ἀνοίγεται
3589 3784 3688 3856 μὲν
3729 3785 3761 3838 ό

2176 3871 2481 3941 ὀφθαλμὸς,
2535 3874 2662 3926 ὃταν
2711 3871 2816 3938 ἐξω
2877 3873 2971 3927 τοῦ
3020 3877 3116 3929 νῦν
3176 3873 3490 3944 συνέχοντος
3530 3875 3758 3947 γένηται

2177 3961 2336 4031 (νοεῖν
2382 3962 2439 4014 δέ
2484 3964 2589 4035 χρὴ
2623 3964 2840 4027 πάντως
2879 3967 2969 4020 τὸν
3013 3966 3286 4038 ὀφθαλμὸν
3338 3970 3437 4038 τῆς
3482 3967 3680 4038 ψυχῆς,
3709 3961 3758 4036 ᾧ

2174 4053 2326 4124 διορᾷ
2364 4054 2462 4126 τὴν
2502 4054 2610 4108 τῶν
2659 4056 2826 4111 ὅντων
2879 4058 3157 4129 ἀλήθειαν)
3182 4075 3197 4089 ’
3249 4059 3525 4126 ἀνοίγεται
3585 4059 3642 4112 δέ
3693 4059 3757 4112 τὸ

2173 4145 2491 4198 ἀκουστικὸν
2537 4147 2924 4219 αἰσθητήριον,
2983 4149 3051 4202 δι’
3092 4143 3154 4204 οὗ
3202 4149 3310 4202 τῶν
3352 4149 3609 4222 ἀῤῥήτων
3657 4151 3754 4202 ἐπ-

2173 4234 2360 4290 ακούει
2391 4235 2670 4307 ῥημάτων,
2692 4237 2728 4291 ἃ
2753 4239 2854 4291 οὑκ
2878 4237 2996 4304 ἐξὸν
3013 4238 3282 4310 ἀνθρώπῳ
3297 4238 3550 4309 λαλῆσαι,
3570 4238 3756 4303 καθώς

2174 4342 2337 4397 φησιν
2365 4327 2395 4379 ό
2427 4327 2767 4390 Ἀπόστολοςο
2799 4328 3069 4396 ἀνοίγεται
3091 4329 3147 4382 δὲ
3177 4329 3237 4382 τὸ
3270 4329 3463 4398 στόμα,
3489 4329 3581 4382 xui.
3608 4330 3757 4382 ἐλκει

501 4428 611 4484 quo
639 4414 862 4466 exaudit
909 4428 1114 4467 arcana
1145 4415 1309 4468 verba
1333 4455 1347 4478 ,
1387 4429 1511 4484 qua:
1551 4429 1660 4467 non
1693 4414 1858 4477 licet,
1895 4423 1952 4467 ut
1993 4415 2069 4468 ait

2182 4417 2232 4468 τὸ
2285 4417 2524 4489 καθαρόν
2571 4435 2630 4470 τε
2681 4419 2774 4471 καὶ
2815 4419 2975 4472 ἀῦλον
3032 4419 3270 4490 πνεῦμα,
3319 4420 3385 4472 δι’
3422 4421 3450 4474 ὃ
3499 4419 3753 4474 τονοῦται

499 4505 835 4576 Apostolus,
887 4505 1092 4558 homini
1149 4505 1370 4574 loqui‘;
1407 4520 1470 4559 os
1518 4505 1932 4575 patefieri,quo
1981 4523 2072 4576 pu-

2170 4506 2306 4578 πρὸς
2345 4508 2444 4577 τὴν
2497 4508 2689 4579 νοητὴν
2735 4509 2916 4579 φωνὴν
2970 4510 3064 4564 καὶ
3110 4512 3202 4564 τὸν
3266 4511 3517 4582 ἀληθινὸν
3575 4511 3754 4579 λόγοι,

499 4612 645 4659 rum,
681 4610 709 4649 a
741 4597 1078 4665 materiaque
1115 4597 1352 4649 alienum
1388 4597 1573 4650 haurit
1631 4597 1907 4665 spiritum,
1977 4613 2072 4668 per

2182 4600 2296 4652 Βταν
2346 4597 2656 4669 καταμιχθῇ
2707 4599 2784 4670 τῷ
2835 4600 2952 4670 ἤχῳ
3004 4601 3109 4654 τῶν
3156 4601 3520 4672 ἑορταζόντων
3567 4604 3625 4655 ἐν
3677 4601 3757 4672 τῷ

500 4704 659 4757 quem
711 4687 778 4741 ad
835 4688 998 4741 verba
1051 4687 1297 4741 cmlestia
1329 4729 1343 4753 ,
1407 4702 1707 4757 verumque
1763 4703 2070 4744 sermonem
2111 4729 2127 4746 .

496 4778 767 4832 edendum
794 4775 1172 4839 confirmatur,
1206 4792 1329 4830 cum
1361 4786 1679 4833 sanctorum
1729 4779 2071 4842 canentium,

497 4879 554 4922 et
590 4868 788 4922 choros
839 4867 1234 4922 celebrantium
1285 4883 1515 4923 numero
1546 4867 1816 4923 admistus
1866 4867 2071 4924 fuerit:

495 4957 744 5011 divinum
775 4960 903 5011 item
936 4956 1192 5026 gustandi
1227 4971 1450 5012 sensum
1483 4956 1676 5021 tribui,
1729 4970 1859 5025 quo,
1889 4997 1898 5002 .
1923 4963 1983 5008 ut
2019 4954 2072 5009 in

493 5049 730 5106 Psnlmis
753 5047 1028 5118 proditum
1058 5051 1200 5114 est“,
1233 5049 1479 5119 percipit,
1510 5050 1711 5103 bonum
1746 5064 1868 5105 esse
1889 5046 2074 5102 Domi-

493 5157 625 5196 num
660 5161 673 5195 :
709 5143 998 5198 odoratum
1035 5151 1296 5212 praeterea
1329 5141 1490 5195 talem
1524 5140 1667 5204 dari,
1721 5154 1834 5208 quo
1861 5138 2071 5194 Christi

497 5233 716 5287 fruatur
749 5233 1063 5287 suavitate:
1106 5246 1332 5300 eamque
1378 5230 1635 5300 tangendi
1675 5230 1805 5296 vim,
1847 5246 1954 5300 qua
1982 5244 2071 5284 ve-

493 5327 714 5380 ritatcm
766 5325 1012 5379 animus'
1051 5323 1446 5393 apprehendit,
1488 5331 1542 5377 et
1588 5320 1828 5377 Verbum
1887 5323 2066 5391 ipsum

493 5423 838 5479 contrectat,
895 5420 958 5469 ut
1001 5411 1239 5469 Joannes
1285 5414 1579 5469 testatur“.
1639 5413 1794 5479 Quod
1842 5413 1887 5467 si
1931 5411 2067 5476 haec,

491 5513 549 5561 et
579 5507 686 5560 alia
731 5505 1005 5575 ejusmodi
1056 5517 1180 5578 post
1235 5508 1429 5564 mortis
1474 5515 1689 5576 partum
1751 5504 2067 5559 hominibus

2173 4689 2285 4742 τῶν
2333 4688 2503 4756 ἁγίων
2554 4689 2734 4760 χορῷ·
2787 4687 2935 4744 οὕτω
2979 4691 3036 4744 δὲ
3087 4692 3181 4744 καὶ
3225 4693 3464 4760 γεύσεως
3509 4691 3756 4756 ἀξιοῦται

2171 4778 2343 4844 θείας,
2393 4779 2460 4832 δι’
2508 4774 2574 4850 ἦς
2627 4777 2886 4846 γινώσκει
2949 4781 3090 4834 κατὰ
3143 4781 3242 4851 τὴν
3284 4781 3623 4852 ψαλμῳδίαν,
3674 4784 3757 4836 ὅτι

2171 4870 2404 4942 χρηστὸς
2431 4872 2462 4924 ὁ
2485 4871 2710 4940 Κύριος·
2743 4872 2837 4924 καὶ
2857 4871 2944 4925 διά
2963 4871 3059 4942 τῆς
3080 4873 3446 4944 ὀσφραντικῆς
3475 4873 3758 4943 ἐνεργείας

2171 4961 2268 5033 τῆς
2299 4960 2393 5014 τοῦ
2436 4960 2673 5030 Χριστοῦ
2717 4961 2942 5024 εὐωδίας
2985 4961 3438 5030 ἀντιλαμϐάνεται
3464 4978 3478 4992 ·
3532 4961 3626 5015 καὶ
3660 4959 3758 5031 τὴν

2171 5052 2406 5122 άπτικὴν
2431 5052 2837 5123 προσλαμϐάνει
2866 5052 3114 5123 δύναμιν,
3135 5052 3485 5123 ἐφαπτομένη
3505 5052 3603 5121 τῆς
3633 5050 3756 5120 ἀλη·

2173 5141 2324 5205 θείας
2358 5145 2391 5211 ἠ
2423 5142 2590 5212 ψυχὴ,
2628 5144 2722 5198 καὶ
2765 5143 3069 5212 ψηλαφῶσα
3123 5143 3213 5198 τὸν
3254 5142 3446 5212 Λόγον,
3471 5142 3612 5195 κατὰ
3658 5141 3756 5212 τὴν

2183 5233 2428 5287 Ἰωάννου
2459 5235 2784 5306 μαρτυρίαν.
2818 5236 2882 5288 Ei.
2906 5233 3078 5290 ταῦτα
3111 5235 3288 5288 τοίνυν
3319 5233 3412 5286 καὶ
3433 5231 3505 5286 τὰ
3529 5232 3754 5285 τοιαῦτα

2175 5323 2310 5392 μετά
2347 5323 2440 5376 τὸν
2471 5323 2560 5377 διά
2589 5323 2680 5376 τοῦ
2709 5324 2935 5378 θανάτου
2977 5322 3126 5376 τέκον
3153 5326 3266 5386 τοῖς
3289 5320 3595 5392 ἀνθρώποις
3621 5321 3748 5374 ἀπόο

2171 5431 2370 5481 κειται,
2407 5415 2460 5468 τί
2508 5415 2755 5486 βούλεται
2780 5415 2841 5469 τὸ
2870 5415 3086 5478 πένθος,
3123 5415 3220 5468 καὶ
3260 5415 3294 5483 ἡ
3337 5411 3751 5482 σκυθρωπότης,

2173 5507 2266 5562 καὶ
2298 5508 2332 5578 ἡ
2373 5507 2680 5579 κατήφεια;
2713 5506 2827 5561 Νῦν
2849 5509 2980 5579 ἡμῖν
3006 5509 3034 5561 ό
3069 5505 3201 5577 πρὸς
3228 5504 3325 5574 τὴν
3354 5504 3463 5557 τῶν
3495 5501 3748 5575 πραγμάν-

562 5685 587 5718 δ
611 5683 652 5740 ll
683 5682 811 5741 Cor.
845 5699 946 5752 xu,
984 5684 1038 5741 ι.
1081 5686 1100 5717 ⁸
1135 5683 1281 5739 Psal.
1317 5697 1485 5754 cxvn,
1520 5683 1574 5751 2,
1609 5684 1663 5737 5.
1741 5683 1761 5715 ⁸
1796 5681 1816 5737 ι
1855 5680 2013 5740 Joan.
2050 5699 2090 5748 ι,
2123 5681 2176 5739 ι.
