4072 6156
267 302 371 358 5i"!
1660 301 1748 355 DE
1787 297 2117 356 MOBTUIS.
3425 301 3529 360 5l8

267 435 380 473 των
433 416 594 488 φύσιν
640 416 856 488 βλέπων
900 417 1308 490 ἀποκρινέσθω,
1358 421 1409 473 εί
1456 419 1845 491 προτιμότερον

1948 414 2189 484 reposita
2239 421 2388 476 sunt,
2437 412 2569 482 quid
2604 411 2706 467 sibi
2737 413 2854 466 vnlt
2887 412 3066 469 luctus
3089 453 3103 476 ,
3133 419 3188 468 et
3211 427 3416 470 mmror
3435 456 3450 480 ,
3477 427 3534 471 et

267 511 443 565 οἴεται
467 509 528 562 τὸ
557 510 672 573 τοῖς
705 513 1035 579 σωματικοῖς
1057 509 1431 583 αἰσθητηρίοις
1467 511 1596 582 περὶ
1631 509 1732 580 τὴν
1755 507 1848 562 τοῦ

270 601 438 658 καλοῦ
465 602 648 672 κρίσιν
671 599 1087 666 διαπλανᾶσθαι,
1113 600 1207 655 τοῦ
1232 599 1423 672 γυμνῷ
1445 601 1525 671 τῷ
1551 601 1649 672 τῆς
1674 599 1852 669 ψυχῆς

268 692 533 764 ὀφθαλμῷ
571 691 709 764 πρὸς
751 692 922 764 αὐτὴν
962 696 1062 764 τὴν
1092 693 1201 747 τῶν
1251 693 1591 764 πραγμάτων
1637 691 1852 762 βλέπειν

267 783 549 855 ἀλήθειαν.
599 781 860 836 Ἐνταῦθα
893 783 1001 853 γὰρ
1038 785 1250 854 ἀνάγκη
1279 800 1364 847 τις
1402 783 1590 837 ἔπεστι
1615 787 1678 854 τῇ
1705 783 1849 854 ψυχῇ

269 873 528 944 ἀλλοτρίᾳ
554 872 736 943 κρίσει
764 872 1035 926 δουλεύειν
1065 875 1122 926 έν
1146 876 1210 944 τῇ
1241 873 1368 944 περὶ
1399 872 1492 927 τοῦ
1526 873 1689 926 καλοῦ
1717 873 1851 925 ὑπο-

268 963 409 1033 νοίᾳ.
451 961 671 1032 Ἐπειδὴ
697 962 807 1032 γάρ
831 962 864 1032 ή
899 961 1081 1017 τελεία
1114 962 1214 1032 τῆς
1235 962 1413 1033 ψυχῆς
1441 961 1666 1034 δύναμις
1704 960 1850 1031 ἀχώ-

270 1051 436 1122 ρητός
475 1052 624 1104 ἐστιν
671 1051 766 1105 ἰπὶ
797 1051 876 1122 τῷ
921 1054 1240 1122 νηπιάζοντι
1283 1052 1518 1124 σώματι,
1550 1055 1585 1124 ἡ
1643 1053 1701 1106 δὲ
1741 1052 1850 1107 τῶν

266 1141 639 1212 αἰσθητηρίων
681 1141 933 1211 ἐνέργεια
973 1142 1134 1207 εὐθὺς
1168 1143 1350 1198 τελεία
1382 1143 1460 1214 τῷ
1490 1143 1680 1216 βρέφει
1725 1161 1847 1198 συνδ

265 1230 652 1286 αποτίκτεταιο
705 1231 892 1285 τούτου
931 1232 1092 1305 χάριν
1139 1234 1580 1305 προλαμϐάνεται
1611 1235 1714 1290 ὑπὸ
1750 1236 1849 1308 τῆς

264 1323 576 1394 αίσθήσεως
599 1325 630 1392 ἡ
656 1323 861 1377 διάνοια
893 1325 952 1378 ἐν
990 1328 1056 1396 τῇ
1084 1325 1180 1378 τοῦ
1224 1325 1391 1379 καλοῦ
1422 1328 1618 1398 κρίσει,
1653 1328 1746 1380 καὶ
1785 1327 1849 1382 rb

263 1417 380 1478 τοῖς
402 1415 776 1486 αἰσθητηρίοις
797 1415 963 1483 φανὲν
987 1417 1085 1487 ἤδη
1107 1416 1202 1470 καὶ
1222 1416 1474 1488 νομισθὲν
1495 1413 1633 1471 εἶναι
1660 1418 1846 1484 καλὸν,

265 1505 362 1560 καὶ
405 1504 492 1558 διὰ
527 1503 814 1576 συνηθείας
845 1506 1301 1578 προειλημμένον,
1349 1507 1726 1572 ἀϐασανίστως
1763 1510 1848 1564 δέ·

265 1613 424 1666 χεται
451 1597 484 1665 ἡ
512 1595 658 1666 ψυχὴ
687 1596 882 1660 ἐκεῖνο,
917 1597 1078 1650 καλὸν
1109 1593 1247 1652 εἶναι
1276 1600 1577 1668 πεισθεῖσα,
1612 1601 1750 1673 ὅπερ
1779 1600 1846 1656 ἂν

267 1688 614 1759 προλαϐοῦσα
643 1689 1162 1762 προσμαρτυρήσῃή
1198 1689 1468 1762 αἴσθησις,
1503 1694 1562 1746 ὲν
1589 1693 1844 1764 χρώμασί

266 1753 376 1833 τίσι
419 1780 515 1834 καὶ
551 1753 747 1850 χυμοῖς
911 1753 1034 1845 τοὶς.
1068 1753 1554 1856 τοιούτοιςλήήροις
1679 1753 1843 1840 καλὸν
1874 1753 1922 1814 Β

267 1871 549 1942 θεωροῦσα
572 1886 586 1900 ·
635 1865 711 1926 ὧν
755 1874 953 1944 μηκέτι
983 1875 1428 1946 προφαινομένων
1463 1878 1601 1947 μετά
1637 1879 1737 1950 τὴν
1781 1881 1846 1935 ὲκ

268 1962 362 2016 τοῦ
390 1960 641 2032 σώματος
667 1963 866 2030 ἔξοδον,
893 1965 1105 2039 ἀνάγκη
1140 1970 1290 2022 πᾶσα
1315 1968 1376 2022 τὸ
1399 1969 1616 2042 ἀληθῶς
1642 1972 1845 2042 ἀγαθὸν

267 2058 335 2126 τῇ
394 2055 539 2127 ψυχῇ
587 2060 840 2128 φανῆναι,
885 2058 1022 2129 πρὸς
1067 2059 1096 2113 δ
1155 2060 1298 2114 κατὰ
1337 2062 1498 2132 φύσιν
1549 2063 1842 2134 ᾠκείωται.

269 2143 407 2199 Οὔτε
434 2143 542 2217 γὰρ
570 2144 706 2216 πρὸς
735 2145 794 2200 τὸ
827 2145 1056 2220 εὖχρουν
1094 2148 1174 2202 ἔτι
1198 2152 1230 2220 ἡ
1263 2150 1384 2221 ὄψις
1404 2151 1842 2225 δελεασθήσεται,

268 2233 364 2309 τοῦ
390 2234 666 2306 ὀφθαλμοῦ
704 2236 894 2292 τούτου
925 2239 1122 2310 μηκέτι
1159 2239 1310 2305 ὄντος
1329 2258 1344 2272 ο
1387 2241 1512 2296 οὕτε
1553 2244 1689 2316 πρὸς
1719 2245 1847 2301 ἀλλο

269 2341 324 2379 τι
351 2325 460 2380 τῶν
489 2327 1030 2396 καταγλυκαινόντων
1053 2329 1122 2385 τά
1163 2331 1490 2405 αἰσθητήρια
1521 2337 1555 2406 ἡ
1582 2337 1844 2410 ίσοῤῥοπὴ

267 2418 368 2490 τῆς
387 2419 758 2490 προαιρέσεως
786 2420 961 2489 ἔσται,
995 2423 1174 2495 πάσης
1197 2427 1518 2498 σωματικῆς
1542 2429 1846 2500 αἰσθήσεως

169 2509 172 2511 “
267 2509 730 2582 ἀποσϐεσθείσηςο
761 2513 928 2586 μόνης
951 2515 1008 2568 δὲ
1029 2515 1128 2585 τῆς
1149 2519 1338 2588 νοερᾶς
1371 2519 1648 2588 ἐνεργείας
1667 2520 1846 2585 ἀΰλως

269 2617 328 2654 τε
355 2603 450 2656 καὶ
485 2603 794 2674 ἀσωμάτοις
819 2605 912 2659 τοῦ
941 2605 1134 2678 νοητοῦ
1181 2607 1411 2672 κάλλους
1440 2611 1844 2682 ὲφαπτομένης,

267 2692 563 2755 ἀκωλύτως
604 2695 638 2764 ή
677 2694 838 2764 φύσις
877 2696 938 2750 τὸ
985 2698 1113 2752 ίδιον
1152 2699 1490 2770 ἀπολήψεται
1541 2701 1766 2768 ἀγαθὸν,
1816 2703 1846 2756 6

270 2784 412 2855 μήτε
455 2785 674 2856 χρῶμα,
738 2787 876 2858 μήτε
923 2787 1130 2858 σχῆμα,
1169 2789 1308 2860 μήτε
1354 2790 1657 2858 διάστασις,
1712 2794 1848 2865 μήτε

267 2877 573 2947 πηλικότης
600 2879 768 2943 ἐστὶν,
796 2878 910 2932 ἀλλ’
937 2879 968 2932 ὃ
999 2881 1177 2934 πᾶσαν
1205 2885 1561 2955 στοχαστικὴν
1602 2885 1847 2939 είκασίαν

270 2968 627 3040 παρέρχεται.
659 2969 725 3024 Ti
749 2965 864 3036 οὖν,
895 2971 1025 3035 ἴσως
1050 2975 1172 3043 ὲρεϊ
1192 2991 1276 3036 τις
1312 2973 1674 3045 δυσχεραίνων
1712 2978 1850 3047 πρὸς

1950 503 2228 574 squalor?
2265 502 2650 573 Respondeant
2693 504 2782 558 hic
2813 504 2973 560 nobis
3009 504 3103 574 qui
3145 519 3326 559 rerum
3373 517 3535 561 natu-

1950 610 2070 651 ram
2129 595 2458 665 explorant,
2507 603 2692 650 utrum
2766 597 2964 652 melius
3019 604 3248 666 putent,
3285 597 3342 652 in
3386 598 3534 654 bono

1950 686 2305 756 dijudicando
2339 687 2622 756 corporeis
2669 688 2923 743 sensibus
2977 689 3190 759 decipi,
3235 703 3304 742 an
3356 690 3533 744 oculis

1951 779 2119 833 animi
2151 778 2436 833 veritatem
2462 779 2639 848 ipsam
2672 780 2937 847 aspicere.
2986 777 3085 833 Hic
3122 779 3291 846 enim,
3328 780 3382 834 ni
3431 781 3532 836 bo-

1951 885 2083 924 num
2113 869 2294 939 ipsum
2339 867 2558 924 animus
2600 869 2923 938 discernat,
2976 873 3153 926 alieno
3196 872 3404 940 judicio
3434 888 3532 928 co-

1918 961 2102 1033 gitur
2160 961 2452 1016 inservire.
2519 960 2730 1016 Etenim
2790 977 2913 1016 cum
2987 963 3284 1032 perfectam
3355 965 3532 1033 ipsius

1948 1053 2060 1110 vim
2123 1067 2327 1124 corpus
2410 1068 2605 1108 recens
2674 1063 3018 1123 compactum
3053 1091 3069 1118 ,
3131 1069 3194 1107 ac
3251 1058 3534 1125 pueriliter

1949 1158 2121 1216 agens
2173 1159 2370 1214 capere
2423 1152 2680 1213 nequeat,
2730 1143 2971 1213 perfecta
3033 1153 3210 1200 autem
3271 1162 3531 1200 sensuum

1949 1239 2096 1292 actio
2139 1237 2304 1292 simul
2337 1252 2459 1292 cum
2496 1235 2706 1291 infante
2765 1247 3056 1301 nascatur,
3102 1237 3161 1290 ﬁt
3205 1245 3265 1290 ut
3301 1239 3352 1292 in
3385 1239 3534 1307 judi-

1948 1329 2127 1384 cando
2166 1329 2310 1384 bono
2348 1344 2548 1384 sensus
2587 1329 2826 1382 animum
2866 1337 3214 1397 praevertam,
3257 1337 3332 1394 et,
3381 1332 3527 1400 quod

1946 1420 2205 1476 sensibus
2237 1419 2823 1488 bonutu’apparuerit,
2859 1418 3041 1472 animo
3089 1433 3306 1488 quoque
3350 1421 3532 1474 videa-

1946 1518 2058 1566 tur.
2140 1505 2329 1580 itaque
2407 1519 2630 1580 propter
2689 1509 2996 1564 institutam
3077 1508 3531 1564 consuetudinem

1947 1603 2164 1657 animus
2206 1602 2611 1657 inconsiderate
2658 1609 2718 1655 ut
2776 1603 2980 1657 bonum
3033 1603 3381 1670 amplectitur
3426 1601 3479 1655 id
3514 1641 3530 1663 ,

1947 1693 2094 1764 quod
2148 1708 2345 1748 sensus
2390 1694 2612 1754 colore,
2649 1703 2701 1746 et
2741 1707 2930 1759 succo,
2981 1704 3034 1746 et
3088 1693 3214 1746 aliis
3259 1691 3530 1760 ejusmodi

1951 1784 2226 1840 illecebris
2267 1784 2467 1838 bonum
2521 1783 2815 1839 dimetiens
2865 1783 3179 1838 testimonio
3232 1799 3334 1838 suo
3379 1799 3533 1839 com-

1949 1877 2215 1946 probarit.
2246 1875 2460 1942 Quibus
2498 1883 2621 1946 post
2666 1875 2972 1932 discessum
3014 1891 3044 1929 a
3089 1889 3319 1942 corpore
3347 1875 3532 1930 subla-

1948 1967 2048 2032 tis,
2094 1981 2321 2022 necesse
2363 1973 2476 2028 est,
2520 1974 2579 2020 ut
2627 1966 2844 2020 animus
2887 1965 2940 2018 id
2985 1979 3112 2020 vere
3163 1966 3363 2020 bonum
3413 1965 3531 2020 exi~

1948 2059 2173 2122 stimet,
2223 2057 2368 2128 quod
2428 2057 2710 2127 proprium
2765 2055 2872 2126 ipsi
2939 2062 2994 2111 et
3050 2065 3245 2110 natura
3297 2055 3530 2123 conjun-

1947 2153 2096 2200 ctum
2130 2152 2237 2200 est.
2294 2144 2482 2214 Neque
2532 2145 2676 2198 enim
2729 2145 2965 2214 amplius
3019 2145 3248 2214 pulchra
3327 2147 3530 2202 coloris

1947 2237 2130 2306 specie
2160 2236 2422 2290 illicietur
2450 2235 2699 2301 obtutus,
2727 2235 2996 2306 ademptis
3023 2235 3136 2306 jam
3184 2236 3398 2291 oculis:
3427 2251 3530 2292 nec

1949 2326 2102 2382 aliud
2146 2327 2448 2398 quidquam
2478 2343 2693 2393 eorum,
2726 2344 2849 2399 quae
2897 2344 3118 2385 sensum
3157 2330 3480 2384 demulccnt
3506 2369 3524 2396 ,

1947 2419 2208 2491 eligetur,
2241 2419 2500 2474 omnibus
2531 2423 2810 2489 corporeis
2852 2421 3108 2478 sensibus
3156 2421 3357 2476 ablatis
3385 2461 3400 2486 ,
3436 2437 3528 2475 re-

1948 2512 2190 2584 lictaque
2237 2513 2354 2568 sola
2400 2515 2600 2569 mentis
2633 2515 2849 2570 actione
2898 2517 3139 2570 materim
3175 2526 3229 2570 et
3275 2514 3528 2586 corporis

1949 2611 2198 2674 experte,
2244 2604 2489 2660 divinam
2528 2605 2987 2675 pulchritudinem
3012 2606 3524 2675 comprehendente,

1949 2698 2068 2754 sine
2120 2697 2232 2750 ullo
2276 2696 2670 2767 impedimento
2721 2705 2919 2752 natura
2969 2699 3247 2768 proprium
3316 2699 3523 2753 bonum

1948 2789 2231 2860 percipiet,
2267 2789 2413 2859 quod
2447 2803 2547 2843 nec
2573 2789 2725 2842 color
2749 2799 2833 2843 est
2866 2827 2882 2853 ,
2928 2804 3029 2844 nec
3058 2790 3228 2859 ﬁgura
3262 2829 3276 2852 ,
3313 2803 3415 2844 nec
3444 2790 3530 2842 in-

1947 2881 2260 2943 tervallum,
2321 2895 2423 2935 nec
2452 2881 2734 2950 quantitas
2757 2919 2770 2941 ,
2802 2879 2896 2935 sed
2931 2894 3147 2934 omnem
3196 2879 3529 2947 conjecturae

1949 2970 2362 3026 similitudinem
2397 2981 2641 3041 superat.
2694 2971 2808 3024 Cur
2852 2971 3039 3040 igitur,
3082 2971 3292 3040 inquiet
3320 2972 3527 3042 aliquis

269 3057 370 3128 τὴν
396 3059 674 3129 παροῦσαν
701 3060 881 3133 ζωήν;
915 3061 1000 3114 ἵνα
1041 3067 1094 3115 τί
1133 3063 1196 3116 τὸ
1220 3064 1400 3135 σῶμα,
1429 3065 1524 3118 καὶ
1550 3066 1670 3120 ἀντὶ
1703 3065 1844 3130 τίνος

1951 3061 2244 3130 praesentis
2278 3062 2402 3115 vita:
2429 3062 2651 3116 miseria
2680 3061 2895 3128 dolens,
2930 3061 3134 3115 factum
3183 3071 3269 3117 est
3297 3077 3522 3132 corpus,

272 3153 423 3220 ἡμῖν,
452 3150 612 3222 εἴπερ
659 3152 881 3222 ἄμεινον
919 3155 947 3207 6
975 3155 1144 3225 χωρὶς
1179 3153 1366 3209 τούτου
1400 3155 1515 3226 βίος
1551 3157 1844 3228 ἀπεδείχθη

1948 3161 2041 3206 aut
2079 3167 2183 3208 cur
2225 3154 2385 3210 nobis
2417 3153 2627 3216 datum,
2662 3153 2932 3226 siquidem
2958 3191 2974 3218 ,
3020 3162 3079 3209 ut
3123 3155 3364 3210 ostendit
3403 3170 3528 3210 ora.

268 3242 350 3313 τῷ
379 3243 556 3314 λόγῳ;
586 3246 728 3315 Πρὸς
750 3245 809 3300 ὃν
835 3245 1100 3317 ἐροῦμεν,
1127 3247 1208 3301 ὃτι
1237 3249 1298 3301 οὐ
1329 3249 1524 3320 μικρόν
1546 3250 1662 3303 ἐστι
1698 3252 1759 3304 τὸ
1783 3253 1848 3304 ὲκ

268 3333 476 3389 τούτων
507 3335 694 3407 κέρδος
715 3339 826 3400 τοῖς
853 3336 1169 3408 δυναμένοις
1195 3339 1274 3402 εἰς
1298 3341 1480 3392 πᾶσαν
1507 3338 1721 3410 βλέπειν
1749 3342 1847 3411 τὴν

267 3425 582 3496 οἰκονομίαν
627 3427 730 3495 τῆς
775 3427 1010 3498 φύσεως.
1050 3429 1337 3501 Μακάριος
1383 3431 1482 3501 μὲν
1531 3431 1641 3503 γὰρ
1679 3433 1847 3496 ὅντως

267 3519 478 3580 ἐκεῖνος
515 3517 624 3571 τῶν
652 3518 900 3588 ἀγγέλων
925 3521 953 3573 6
976 3519 1108 3590 βίος,
1137 3523 1166 3574 6
1210 3522 1375 3593 μηδὲν
1411 3521 1507 3576 τοῦ
1533 3524 1846 3594 σωματικοῦ

268 3608 664 3680 προσδεόμενος
689 3610 905 3682 βάρους.
949 3612 1024 3666 Οὐ
1075 3613 1182 3683 μὴν
1211 3613 1332 3666 οὐδὲ
1367 3605 1517 3677 οὗτος
1552 3615 1848 3685 ἀσυντελὴς

267 3698 348 3762 ὡς
386 3699 522 3771 πρὸς
551 3702 756 3756 ἐκεῖνόν
784 3704 952 3758 ἐστιν.
997 3702 1145 3768 Ὁδὸς
1171 3703 1278 3775 γὰρ
1303 3705 1441 3776 πρὸς
1470 3705 1530 3759 τὸ
1555 3705 1847 3776 ἐλπιζόμε-

267 3807 362 3845 νον
402 3794 432 3846 6
472 3791 666 3845 παοὼν
699 3792 906 3862 γίνεται
953 3793 1086 3865 βίος.
1123 3795 1391 3868 Καθάπερ
1433 3797 1528 3851 ἐπὶ
1568 3797 1676 3852 τῶν
1719 3797 1848 3867 βλα-

269 3898 566 3954 στηματων
610 3884 758 3938 ἔστιν
807 3885 964 3937 ίδεϊνο
1010 3886 1096 3955 ἐφ’
1143 3880 1220 3941 ὧν
1257 3889 1287 3941 6
1329 3888 1540 3960 καρπὸς
1592 3890 1699 3944 ἀπὸ
1751 3890 1846 3944 τοῦ

268 3971 464 4036 ἄνθους
496 3973 816 4044 ἀρξάμενος,
849 3976 918 4029 δι’
943 3978 1108 4032 αὐτοῦ
1138 3978 1385 4050 πρόεισιν
1415 3982 1497 4044 είς
1514 3979 1576 4035 τὸ
1594 3981 1848 4050 γενέσθαι

269 4066 505 4136 καρπὸς,
546 4067 650 4120 κᾶν
695 4067 770 4140 μὴ
815 4069 1028 4140 καρπὸς
1136 4071 1198 4125 τὸ
1235 4069 1416 4134 ἄνθος.
1463 4072 1625 4126 Ἀλλά
1659 4073 1850 4127 καὶτὰ

269 4157 402 4228 λήῖα
447 4157 559 4212 τῶν
604 4161 934 4231 σπερμάτων
964 4161 1301 4232 ὲκφυόμενα,
1341 4163 1442 4216 οὐκ
1480 4162 1640 4226 εὐθὺς
1672 4164 1731 4216 ὲν
1771 4162 1849 4234 τῷ

272 4253 470 4319 στάχυῖ
521 4252 804 4318 φαίνεται,
855 4253 990 4306 ἀλλά
1025 4253 1216 4322 χόρτος
1263 4253 1324 4307 τὸ
1379 4252 1597 4325 πρῶτον
1635 4254 1848 4322 γίνεται

271 4338 599 4411 βλάστημα,
647 4339 766 4396 εἶτα
822 4344 929 4397 ἀπὸ
989 4343 1180 4397 τούτου
1238 4344 1457 4415 καλάμη
1512 4344 1845 4410 συνίσταται,

1950 3245 2029 3299 ιὶο
2058 3253 2173 3312 tua,
2206 3245 2318 3301 vita
2341 3245 2413 3301 ab
2442 3246 2536 3301 illo
2563 3245 2810 3314 sejuncta
2857 3248 3200 3317 prastantior
3229 3254 3312 3302 est
3339 3247 3363 3300 τ
3389 3245 3530 3302 Huic

1946 3338 2424 3406 respondebimus,
2472 3351 2583 3392 non
2628 3351 2854 3407 parvum
2895 3353 2959 3393 ex
3002 3338 3094 3391 illo
3124 3338 3334 3391 lucrum
3372 3351 3529 3392 acce-

1945 3428 2097 3492 dere,
2149 3430 2194 3484 si
2234 3432 2358 3500 quis
2390 3446 2609 3487 omnem
2653 3442 2865 3486 naturae
2911 3430 3158 3486 ordinem
3187 3429 3518 3485 consideret.

1948 3523 2116 3578 Beata
2150 3524 2370 3594 quidem
2399 3533 2485 3580 est
2531 3525 2623 3579 illa
2678 3525 2997 3595 angelorum
3031 3524 3142 3577 vita
3163 3562 3179 3586 ,
3222 3537 3344 3592 quae
3373 3523 3526 3577 nullo

1947 3622 2070 3685 eget
2123 3616 2369 3684 corporis
2405 3617 2661 3684 pondere.
2704 3616 2958 3670 Attamen
2989 3625 3166 3684 neqae
3215 3615 3361 3680 haec,
3393 3629 3531 3681 qua-

1946 3711 2110 3759 tenus
2137 3704 2207 3758 ad
2236 3705 2385 3758 illam
2411 3705 2686 3775 dirigitur,
2727 3711 2814 3760 est
2860 3703 3199 3774 imperfecta.
3230 3703 3326 3759 Est
3375 3704 3524 3758 enim

1949 3809 2195 3867 prasens
2252 3795 2363 3849 vita
2407 3803 2671 3866 tanquam
2723 3795 2812 3850 via
2861 3793 3110 3866 quzedam
3159 3809 3259 3850 nos
3312 3795 3524 3851 ducens

1949 3888 2017 3942 ad
2050 3887 2102 3942 id
2149 3885 2295 3957 quod
2339 3901 2640 3958 speramus.
2687 3886 2759 3942 Ut
2803 3886 2860 3942 in
2907 3885 3194 3964 arboribus
3237 3886 3522 3942 videmus:

1947 3977 2006 4033 in
2035 3978 2238 4047 quibus
2297 3992 2422 4031 cum
2469 3976 2684 4033 fructus
2714 3993 2745 4032 a
2779 3977 2913 4033 ﬂore
2945 3976 3276 4048 principium
3325 3977 3524 4043 ducat,

1949 4084 2048 4140 per
2075 4071 2254 4139 ipsum
2293 4067 2482 4124 ﬂorem
2512 4085 2579 4124 eo
2623 4069 2992 4140 progreditur,
3031 4075 3092 4123 ut
3139 4068 3352 4124 fructus
3389 4068 3482 4124 [lat
3506 4112 3521 4136 ,

1950 4163 2076 4218 licet
2099 4161 2200 4218 llos
2239 4176 2348 4216 non
2377 4161 2449 4215 sit
2480 4160 2712 4216 fructus.
2751 4161 2819 4214 Et
2865 4161 2995 4230 ipse
3025 4167 3235 4228 segetes
3256 4201 3272 4224 ,
3304 4176 3426 4230 quae
3453 4175 3520 4216 ex

1949 4254 2252 4310 seminibus
2297 4253 2658 4322 proveniunt,
2695 4267 2803 4306 non
2844 4252 3026 4306 statim
3083 4253 3290 4322 spicam
3339 4259 3527 4308 osten-

1952 4354 2111 4412 tant,
2150 4345 2245 4402 sed
2289 4343 2457 4399 herba
2493 4345 2727 4415 primum
2777 4344 3094 4409 enascitur,
3144 4343 3340 4398 deinde
3403 4345 3524 4398 cul-

266 4432 703 4504 περιφθαρέντος
727 4433 820 4488 τοῦ
847 4435 1041 4507 χόρτου
1061 4451 1076 4466 ·
1113 4435 1207 4488 καὶ
1248 4433 1390 4489 οὕτω
1414 4438 1478 4507 τῇ
1505 4435 1711 4508 κεφαλῇ
1752 4436 1847 4490 τοῦ

1952 4453 2077 4494 mus
2125 4438 2296 4493 herba
2355 4447 2609 4506 corrupta
2661 4437 2988 4508 consurgit,
3025 4443 3139 4490 tum
3198 4435 3253 4489 in
3310 4448 3527 4490 summa

267 4523 542 4594 ἁστάχυος
571 4527 600 4579 6
627 4525 834 4596 καρπὸς
859 4526 1278 4596 ὲμπεπαίνεται.

341 4615 493 4686 Πλὴν
520 4617 623 4670 οὐκ
646 4618 886 4672 αἰτιᾶται
908 4617 1003 4688 τὴν
1031 4618 1338 4687 ἀναγκαίαν
1362 4619 1566 4691 ταύτην
1599 4619 1848 4691 περίοδον

267 4724 332 4762 τε
358 4708 456 4762 καὶ
481 4708 800 4762 ἀκολουθίαν
828 4711 856 4761 6
885 4710 1170 4779 γεηπόνος,
1188 4709 1288 4764 Διὰ
1305 4711 1381 4775 τί,
1403 4711 1597 4780 λέγων,
1620 4712 1727 4783 πρὸ
1753 4710 1847 4765 τοῦ

269 4799 490 4872 καρποῦ
521 4803 618 4854 καὶ
652 4799 810 4863 ἄνθος
833 4817 850 4866 ;
888 4800 921 4869 ἢ
957 4800 1100 4872 ὑπὲρ
1120 4800 1260 4866 τινος
1281 4805 1309 4856 6
1331 4804 1395 4856 ὲκ
1412 4802 1507 4857 τοῦ
1536 4803 1853 4875 σπέρματος

270 4893 687 4963 προανατέλλων
714 4892 936 4963 χόρτος,
969 4892 1023 4945 εί
1045 4909 1110 4961 γε
1145 4893 1238 4948 καὶ
1293 4893 1356 4947 τὸ
1379 4891 1540 4959 ἄνθος
1570 4893 1852 4965 ἀπορρέει,

270 4985 370 5038 καὶ
400 4987 430 5038 6
459 4987 650 5056 χόρτος
681 4985 856 5056 μάτην
884 4985 1220 5056 ξηραίνεται,
1249 4986 1387 5057 πρὸς
1407 4986 1558 5040 οὐδὲν
1587 4985 1854 5040 συντελῶν

271 5076 342 5143 τῇ
372 5075 687 5146 ἀνθρωπίνῃ
715 5077 888 5146 τροφῇ
911 5092 928 5141 ;
967 5071 1122 5129 Οἶδεν
1151 5077 1259 5147 γὰρ
1298 5078 1327 5130 6
1355 5076 1490 5146 πρὸς
1516 5075 1616 5147 τὴν
1642 5075 1854 5146 θαυμα-

271 5165 520 5220 τοποιίαν
559 5165 774 5235 βλέπων
805 5167 907 5236 τῆς
938 5167 1180 5235 φύσεως,
1208 5168 1289 5222 ὃτι
1325 5168 1427 5221 οὐκ
1462 5167 1529 5220 ἂν
1573 5167 1746 5228 ἄλλως
1788 5168 1853 5220 ὲκ

272 5256 386 5312 τῶν
419 5257 750 5329 σπερμάτων
795 5274 856 5311 τε
905 5257 1002 5312 καὶ
1042 5258 1432 5329 βλαστημάτων
1467 5258 1494 5309 6
1528 5257 1739 5328 καρπὺς
1764 5273 1854 5308 τε-

274 5347 548 5418 λειωθείη,
585 5349 658 5418 μὴ
711 5350 812 5420 τῆς
852 5349 1104 5420 τεχνικῆς
1149 5347 1352 5419 ταύτης
1397 5348 1717 5411 ἀκολουθίας
1745 5347 1858 5401 ὁδοί

275 5439 537 5511 ποιούσης
573 5441 738 5494 αὐτοῦ
777 5441 874 5512 τὴν
905 5439 1201 5493 τελείωσιν.
1232 5440 1308 5493 Οὐ
1336 5439 1444 5509 γὰρ
1487 5438 1676 5510 ἐπειδὴ
1723 5438 1858 5508 πρὸς

275 5533 578 5586 ἀπόλαυσιν
606 5534 881 5603 ἡμετέραν
903 5535 932 5587 6
963 5530 1458 5602 προεκϐαλλόμενος
1485 5531 1548 5584 ἐκ
1573 5531 1680 5584 τῶν
1703 5547 1860 5602 σπερι

281 5625 468 5692 μάτων
500 5626 694 5694 χόρτος
729 5627 1017 5696 ἀχρήστως
1049 5624 1183 5694 ἔχει,
1215 5621 1305 5676 διὰ
1329 5621 1485 5676 τοῦτο
1513 5623 1766 5694 περιττόν
1793 5641 1852 5678 τε

280 5715 370 5767 καὶ
397 5714 675 5786 παρέλκον
700 5714 815 5768 ἐστὶ
834 5714 896 5768 τὸ
918 5713 1222 5785 γινόμενον.
1256 5713 1317 5768 '0
1346 5712 1444 5784 μὲν
1469 5712 1578 5783 γὰρ
1599 5713 1701 5784 τῆς
1727 5727 1854 5784 τρο-

1954 4531 2107 4603 spica
2139 4547 2366 4602 granum
2409 4532 2711 4602 perﬁcitur.

2026 4623 2158 4690 Quae
2191 4638 2316 4678 cum
2353 4624 2489 4678 liunt
2515 4662 2530 4688 ,
2567 4621 2940 4678 necessarium
2977 4619 3120 4674 hunc
3157 4617 3402 4673 ordinem
3425 4659 3438 4684 ,
3475 4624 3530 4671 ct

1955 4717 2154 4770 seriem
2203 4731 2316 4770 non
2353 4723 2578 4770 accusat
2627 4713 2900 4783 agricola,
2956 4725 3058 4766 nec
3106 4709 3202 4773 ait,
3253 4713 3529 4774 Quorsum
3610 4738 3616 4745 -

1953 4803 2054 4858 llos
2091 4814 2217 4860 ante
2256 4803 2541 4859 fructum?
2581 4811 2675 4856 aut
2707 4815 2809 4855 cur
2847 4798 3016 4854 herba
3049 4798 3298 4853 nascitur
3334 4796 3490 4866 prius
3512 4838 3528 4859 ,

1949 4909 2112 4966 quam
2143 4895 2320 4964 ipsum
2349 4909 2580 4965 granum
2607 4932 2622 4958 ,
2653 4907 2778 4948 cum
2810 4900 2864 4946 et
2893 4891 2994 4946 llos
3021 4888 3259 4950 deﬂuat,
3286 4896 3340 4943 ct
3364 4887 3530 4941 herba

1949 4987 2188 5041 inaniter
2212 4993 2531 5049 exarescat,
2575 4983 2926 5052 humanoque
2959 4979 3124 5036 victui
3154 4979 3289 5033 nihil
3317 4977 3532 5048 prosit?

1947 5077 2111 5132 Novit
2143 5078 2290 5131 enim
2313 5117 2327 5141 ,
2360 5075 2456 5146 qui
2487 5075 2736 5131 mirabile
2771 5083 2983 5128 natura
3020 5069 3311 5126 artiﬁcium
3352 5071 3532 5123 intue-

1949 5177 2061 5235 tur,
2100 5168 2257 5222 aliter
2295 5167 2413 5222 iieri
2445 5182 2556 5222 non
2596 5181 2790 5238 posse,
2829 5173 2886 5219 ut
2922 5179 2990 5220 ex
3029 5162 3338 5218 seminibus
3369 5161 3530 5230 plan-

1953 5261 2138 5329 tisque
2178 5257 2392 5313 ﬂuctus
2429 5259 2702 5328 gignatur,
2735 5255 2846 5310 nisi
2881 5254 2947 5308 ad
2982 5253 3104 5323 ejus
3139 5251 3528 5323 perfectionem

1954 5351 2259 5407 artiﬁcioso
2291 5351 2397 5406 hoc
2429 5349 2624 5403 ordine
2655 5358 2848 5401 natura
2888 5347 3031 5400 viam
3071 5345 3302 5398 muniat.
3339 5341 3532 5412 Neque

1955 5443 2140 5511 enim,
2179 5443 2442 5513 quoniam
2499 5441 2704 5500 herba,
2740 5451 2862 5507 qttae
2914 5437 3070 5506 prius
3111 5435 3403 5500 emittitur,
3445 5435 3532 5489 in-

1957 5537 2109 5592 utilis
2141 5544 2246 5599 est,
2289 5549 2461 5604 eaque
2498 5547 2605 5587 non
2637 5530 2930 5594 vescimur,
2970 5530 3174 5584 idcirco
3207 5528 3259 5583 id
3295 5527 3439 5598 quod
3473 5528 3532 5580 tit

1957 5639 2044 5682 est
2089 5630 2251 5683 inane
2283 5643 2347 5683 ac
2382 5623 2802 5698 supervacuum.
2845 5621 2978 5677 Nam
3011 5622 3105 5693 qui
3147 5621 3352 5693 indiget
3383 5620 3528 5682 cibo,

1959 5718 2095 5776 nihil
2128 5719 2276 5774 aliud
2308 5719 2413 5774 nisi
2447 5717 2736 5774 utilitatem
2765 5715 3076 5773 considerat
3106 5729 3261 5772 suam
3285 5731 3302 5776 ;
3323 5720 3532 5766 natura:

4048 2040 4072 2198 ἔ

4047 2208 4072 2308 ξ

4047 2313 4072 2514 ἓ

4046 2637 4072 2702 Ξ

4043 2853 4072 2975 ἓ

4038 3209 4072 3287 ἑ

4036 3395 4072 3441 ›

4035 3519 4072 3602 ὗ

4034 3614 4072 3677 3

4033 3696 4072 3774 ἑ

4031 3783 4072 3841 ε

4030 3852 4072 3954 Ξ

4029 3975 4072 4001 ..

4029 4064 4072 4112 .t

4028 4123 4072 4243 Ξ
