4072 6156
474 237 579 294 519

1729 223 1788 279 S.
1828 216 2157 278 GREGORII
2193 214 2488 275 NYSSENI

3614 216 3722 274 520

476 360 608 403 vero
653 358 822 401 unum
863 343 993 399 illud
1038 339 1377 413 propositum
1416 347 1536 407 est,
1572 346 1633 394 ut
1670 338 1923 395 instituto
1957 351 2050 392 or-

2174 335 2257 404 ρῆς
2286 334 2531 407 χρῄζων,
2567 333 2704 405 πρὸς
2730 331 2827 404 τὴν
2853 329 3048 389 ἑαυτοῦ
3077 329 3265 402 χρείαν
3302 330 3407 402 ὁρᾷ
3430 345 3443 360 ·
3479 329 3509 382 6
3539 330 3594 383 δὲ
3623 336 3722 402 τῆς

477 441 606 494 dine
633 428 870 493 fructum
914 435 983 490 ad
1021 433 1422 490 absolutionem
1450 432 1736 502 perducat.
1763 428 1842 483 lta
1864 427 2051 483 multi-

2150 426 2365 495 φύσεως
2400 425 2558 494 λόγος
2588 425 2654 478 οὐ
2680 424 2817 495 πρὸς
2848 423 2976 479 ἀλλο
3010 440 3064 475 τι
3105 420 3292 491 βλέπει
3310 462 3325 485 ,
3348 420 3461 475 ἀλλ’
3484 421 3630 483 ὅπως
3656 421 3724 474 ἂν

479 533 601 603 plex
632 531 867 601 primum
901 543 932 583 e
964 527 1116 596 jacto
1154 524 1365 581 semine
1401 524 1556 579 radix
1607 523 1899 587 emittitur,
1940 533 2050 591 qua

2174 517 2493 587 προσαγάγοι
2539 515 2638 587 τὴν
2690 516 3057 587 καρπογονίαν
3109 513 3199 569 διά
3252 512 3353 583 τῆς
3387 511 3727 583 τεταγμένης

478 602 548 680 ex
599 624 830 676 humore
871 619 1273 673 nutrimentum
1317 616 1648 672 attrahatur.
1693 614 1833 669 Tum
1882 612 2051 668 herba

2174 606 2470 671 ικολουθίας
2522 607 2616 660 ἐπὶ
2645 607 2707 660 τὸ
2749 606 2970 660 τέλειον.
3003 604 3095 658 Διὸ
3140 604 3353 675 πρῶτον
3404 602 3729 673 πολυμερῶς

479 714 745 785 pullulat,
777 724 901 782 qua:
935 708 1174 764 radicem
1225 707 1436 779 operit,
1491 721 1562 762 ne
1605 707 1675 761 ab
1711 720 1838 761 aere
1882 703 2050 759 detri-

480 811 726 860 mentum
777 801 1053 870 accipiat;
1103 815 1167 855 ac
1217 799 1373 869 licet,
1396 798 1516 869 ipsa
1559 797 1773 852 fructus
1808 810 1916 850 non
1947 795 2050 858 sit,

482 894 630 948 viam
681 899 866 943 tamen
905 888 1112 958 praebet
1144 885 1581 957 quodammodo,
1620 892 1670 939 et
1710 882 1868 937 affert
1899 884 2079 936 auxi-'

481 983 615 1037 lium
651 996 761 1051 quo
798 979 1012 1033 fructus
1048 977 1389 1048 perﬁciatur.
1426 975 1641 1031 Etenim
1671 989 1797 1029 cum
1833 972 2051 1030 insitam

481 1071 680 1127 semini
719 1071 824 1122 vim
856 1069 937 1123 sic
969 1076 1238 1138 expurgat
1267 1075 1499 1128 natura,
1532 1065 1757 1121 herbam
1793 1070 2053 1133 tanquam

483 1164 698 1219 fructus
740 1166 1150 1217 excrementum
1196 1158 1490 1229 projiciens
1513 1197 1528 1221 ,
1566 1164 1680 1211 tum
1713 1171 1778 1211 ea
1813 1156 2054 1211 radicem

481 1254 722 1326 protegit
758 1249 1111 1320 defenditque
1141 1250 1211 1305 ab
1248 1250 1393 1304 aeris
1428 1248 1677 1317 injuriis,
1718 1261 1840 1317 quae
1871 1246 1955 1301 vel
1990 1260 2057 1300 ex

483 1347 722 1417 frigore.
759 1344 842 1398 vel
884 1358 950 1398 ex
1001 1343 1187 1397 calore
1223 1341 1572 1411 proveniunt.
1622 1340 1693 1394 At
1735 1354 1860 1395 cum
1913 1337 2059 1393 radi-

483 1438 639 1492 cibus
670 1436 727 1490 in
759 1436 869 1489 imo
896 1433 1110 1489 ﬁrmius
1139 1434 1410 1488 munitum
1443 1440 1527 1488 est
1556 1447 1741 1488 semen
1763 1470 1779 1495 ,
1813 1430 2059 1502 neglecta

484 1529 746 1599 deinceps
798 1527 1001 1591 herba,
1059 1526 1205 1595 quod
1256 1525 1414 1579 radix
1468 1539 1577 1578 non
1625 1531 1780 1594 egeat
1823 1522 2059 1593 amplius

2150 699 2241 753 διὰ
2286 699 2452 771 ῥιζῶν
2496 698 2589 752 τοῦ
2623 698 2981 769 ὑποκειμένου
3013 697 3320 767 ἐμφύεται,
3361 694 3428 748 δι’
3459 688 3535 749 ὧν
3579 696 3731 748 ἕλκει

2151 793 2251 865 τὴν
2277 792 2609 862 κατάλληλον
2633 790 2812 861 ἑαυτῷ
2836 790 2925 844 διὰ
2950 789 3048 860 τῆς
3073 788 3295 860 ίκμάδος
3319 787 3557 857 τροφήνο
3583 784 3728 853 εἶτα,

2154 886 2346 957 χόρτον
2377 884 2662 957 βλαστάνει
2685 923 2703 950 ,
2752 883 2840 937 διὰ
2871 882 2970 953 τὴν
3017 882 3083 935 ἐκ
3134 880 3228 934 τοῦ
3285 880 3445 951 ἀέρος
3503 878 3730 949 βλάϐην,

2154 977 2526 1051 προκάλυμμα
2556 975 2657 1045 τῆς
2692 973 2847 1045 ῥίζης
2884 974 2983 1044 τὴν
3016 972 3154 1025 πόαν
3208 970 3561 1040 ποιούμενος·
3596 969 3733 1043 ὅπερ

2155 1068 2370 1139 καρπὸς
2397 1067 2495 1138 μὲν
2520 1066 2619 1119 ούκ
2646 1066 2761 1119 ἔστι
2778 1104 2794 1129 ,
2828 1064 3085 1134 συνεργία
3125 1063 3182 1118 δέ
3211 1080 3295 1126 τις
3325 1064 3421 1116 καὶ
3444 1062 3562 1126 όδὸς
3588 1063 3736 1132 γίνε-

2155 1178 2245 1216 ται
2291 1161 2388 1228 τῆς
2421 1158 2516 1212 τοῦ
2551 1156 2764 1229 καρποῦ
2793 1155 3141 1219 τελειώσεως.
3178 1150 3401 1227 Πρῶτον
3439 1154 3536 1225 μὲν
3571 1156 3734 1208 ἐκκα-

2158 1253 2361 1323 θαίρων
2392 1252 2458 1306 δι’
2489 1249 2680 1304 ἑαυτοῦ
2730 1250 2829 1320 τὴν
2859 1247 3185 1317 ἐγκειμένην
3229 1245 3306 1315 τῷ
3344 1245 3618 1316 σπέρματι
3644 1244 3736 1297 δύ-

2159 1359 2325 1413 ναμιν
2349 1382 2364 1406 ,
2394 1335 2506 1395 οἷόν
2557 1358 2609 1394 τι
2645 1340 2963 1409 περίττωμα
3013 1337 3108 1389 τοῦ
3143 1335 3356 1405 καρποῦ
3403 1335 3493 1388 τὸν
3544 1335 3737 1406 χόρτον

2159 1430 2786 1504 προαποσκευαζομένης
2812 1427 2911 1498 τῆς
2934 1426 3148 1497 φύσεως
3172 1466 3187 1490 ,
3214 1426 3508 1496 σκέπασμα
3528 1421 3738 1494 γίνεται

2159 1526 2226 1594 τῇ
2277 1522 2401 1595 ῥίζῃ
2455 1521 2592 1593 πρὸς
2635 1521 2735 1584 τὰς
2768 1522 2833 1573 ἐκ
2871 1520 2965 1573 τοῦ
3016 1521 3175 1591 ἀέρος
3218 1518 3457 1589 βλάϐας,
3504 1518 3601 1581 τὰς
3648 1517 3739 1571 διὰ

484 1621 838 1685 defensione,
887 1627 1003 1674 tota
1053 1618 1139 1674 vis
1179 1618 1244 1672 ad
1285 1619 1526 1671 culmum
1572 1615 1945 1672 extollendum
1995 1629 2059 1669 ac

2174 1614 2363 1688 κρύους
2384 1632 2445 1668 τε
2474 1613 2569 1667 καὶ
2609 1612 2844 1674 θάλπους
2875 1611 3250 1681 ἐγγινομένας.
3278 1608 3652 1679 Εύτονὼτερον
3679 1608 3741 1662 δὲ

485 1683 878 1783 perﬁciendum
936 1709 1223 1765 incumbit.
1278 1706 1490 1763 Natura
1549 1707 1698 1762 enim
1756 1706 2059 1761 artiﬁciosa

2174 1683 2266 1778 ήδη
2303 1705 2393 1761 διά
2421 1704 2618 1777 βάθους
2648 1706 2705 1757 ἐν
2752 1705 2870 1768 ταῖς
2901 1703 3079 1773 ῥίζαις
3126 1701 3619 1765 ύποσκευασθέντος
3645 1700 3739 1754 τοῦ

487 1801 725 1874 quadam
761 1800 1032 1871 sapientia
1067 1800 1359 1855 sublimem
1391 1798 1654 1854 fabricam
1690 1799 2057 1863 machinatur,

486 1908 594 1964 qua
627 1906 850 1963 germen
878 1890 1145 1944 directum
1168 1889 1373 1944 mutuis
1403 1889 1459 1943 in
1494 1889 1729 1944 circuitu
1766 1889 2060 1960 distingui-

488 1994 579 2040 tur
606 1982 813 2038 tunicis
846 2001 859 2037 :
890 1981 945 2035 in
977 1980 1180 2051 quibus
1212 1981 1484 2050 principio
1519 1980 1737 2035 culmus
1768 1981 2059 2046 humidus,

488 2091 554 2130 ac
582 2083 740 2129 tener
770 2072 1076 2128 indolescat
1105 2086 1334 2128 necesse
1356 2079 1443 2127 est
1461 2111 1478 2138 ,
1505 2079 1591 2136 et,
1618 2086 1728 2142 quo
1755 2072 1926 2127 tutior
1953 2072 2061 2137 sit,

488 2165 756 2238 geniculis
782 2179 880 2234 per
912 2163 1151 2218 medium
1184 2172 1442 2234 tanquam
1472 2163 1709 2218 vinculis
1742 2164 2058 2219 muniatur:

490 2258 583 2313 ubi
626 2266 806 2312 autem
845 2256 910 2311 ad
950 2263 1341 2324 congruentem
1383 2254 1726 2311 altitudinem
1770 2256 2066 2324 ascendit,

490 2354 568 2403 ita
600 2348 806 2419 frugem
833 2348 1070 2413 emittit,
1101 2355 1160 2401 ut
1187 2356 1431 2402 extrema
1459 2348 1645 2402 tunica
1673 2364 1739 2403 ex
1769 2363 1829 2402 se
1854 2348 2065 2417 spicam

490 2440 657 2506 edat,
692 2453 815 2509 qua:
848 2439 1142 2493 aristarum
1174 2437 1526 2493 multitudine
1554 2445 1811 2506 tanquam
1843 2440 2071 2508 capillo-

491 2547 615 2586 rum
646 2532 787 2585 vallo
819 2530 1076 2586 distincta
1104 2527 1312 2599 frugem
1341 2530 1506 2599 tegit,
1542 2537 1596 2584 et
1621 2530 1745 2585 imis
1774 2530 2066 2584 aristarum

496 2621 860 2692 receptaculis
892 2620 1212 2675 inuutritur.
1248 2621 1381 2675 Cum
1417 2620 1582 2691 igitur
1613 2636 1719 2674 non
1756 2619 2072 2690 indignetur

500 2712 743 2782 agricola
778 2726 881 2767 nec
910 2711 982 2766 ob
1014 2711 1270 2780 stirpium
1307 2710 1507 2773 ﬁbras,
1542 2724 1645 2765 nec
1686 2717 1911 2780 propter
1942 2710 2071 2765 her—

495 2803 621 2858 bam
649 2842 664 2865 ,
701 2816 804 2857 nec
842 2810 1063 2871 propter
1097 2800 1374 2870 spicarum
1414 2801 1652 2867 aristas,
1688 2810 1811 2870 quae
1847 2800 2068 2871 quidem

496 2892 679 2949 omnia
717 2892 1047 2961 proveniunt
1083 2906 1151 2946 ex
1191 2892 1435 2956 semine,
1476 2892 1572 2949 sed
1613 2893 1667 2947 in
1709 2893 1797 2947 his
1838 2892 2072 2963 singulis

499 2999 660 3039 usum
693 2981 984 3053 quemdam
1013 2981 1276 3052 perspicit
1300 2982 1673 3038 necessarium
1693 3023 1710 3049 ,
1738 2996 1848 3053 quo
1874 2990 2072 3038 natura

500 3080 801 3135 artiﬁciose
833 3076 1226 3149 progrediens,
1256 3084 1312 3133 et
1351 3077 1620 3145 abjiciens
1650 3093 1773 3148 quae
1814 3085 1945 3133 sunt
1983 3077 2070 3132 in-

500 3170 689 3233 utilia,
727 3168 937 3240 frugem
970 3166 1182 3238 perﬁcit
1214 3175 1268 3222 et
1307 3166 1584 3233 absolvit;
1616 3181 1685 3222 ne
1715 3167 1813 3221 tibi
1848 3168 2070 3238 quidem

499 3261 692 3332 iniquo
736 3260 1018 3316 ferendum
1066 3267 1153 3318 est
1201 3258 1418 3324 animo,
1454 3258 1604 3329 quod
1650 3268 1849 3314 natura
1885 3269 2072 3316 nostra

500 3352 845 3408 necessarias
896 3365 1236 3422 persequens
1287 3350 1406 3405 vias
1458 3349 1528 3403 ad
1580 3351 1864 3420 proprium
1914 3351 2074 3405 ﬁnem

501 3444 807 3517 perveniat.
843 3443 951 3499 Sed
982 3452 1043 3500 ut
1071 3443 1126 3498 in
1155 3443 1407 3513 exemplo
1437 3442 1707 3498 seminum
1738 3442 1919 3498 cernis
1938 3482 1953 3507 ,
1985 3442 2080 3497 de-

500 3538 599 3594 bes
631 3536 986 3604 existimare,
1018 3535 1167 3609 quod
1202 3550 1449 3608 praesens
1480 3541 1602 3600 est,
1636 3532 1706 3589 ad
1739 3534 1873 3589 utile
1900 3540 1954 3587 et
1983 3549 2079 3588 ne-

503 3629 812 3685 cessarium
840 3627 1047 3700 aliquid
1077 3627 1305 3683 omnino
1338 3627 1537 3684 referri
1566 3639 1632 3682 ac
1659 3625 1861 3697 dirigi,
1886 3638 2079 3695 neque

501 3718 639 3774 illud
670 3734 793 3776 esse
824 3719 985 3788 cujus
1013 3720 1190 3790 gratia
1229 3719 1401 3788 geniti
1435 3734 1653 3775 sumus.
1696 3718 1886 3789 Neque
1929 3717 2077 3772 enim

506 3810 681 3866 fetum
713 3819 930 3867 creator
957 3820 1147 3865 noster
1176 3809 1469 3874 formavit,
1503 3817 1563 3863 ut
1593 3810 1649 3863 in
1692 3809 1888 3864 matris
1920 3817 2079 3864 utero

504 3915 963 3972 permaneremus
993 3916 1008 3966 ;
1038 3894 1218 3970 neque
1251 3899 1377 3955 inde
1406 3914 1509 3954 nos
1541 3899 1767 3964 educit,
1796 3907 1857 3954 ut
1898 3900 1952 3954 in
1987 3901 2075 3954 in-

505 3989 718 4055 fantia,
754 3994 849 4041 aut
893 3987 961 4042 iis
983 4024 1000 4051 ,
1038 4001 1161 4059 quae
1201 3986 1459 4056 deinceps
1499 3986 1915 4055 subsequuntur
1945 3972 2078 4040 aita-

508 4078 661 4133 tibus
682 4115 699 4141 ,
746 4085 945 4131 natura
992 4091 1207 4146 semper
1239 4076 1402 4131 aliam
1437 4085 1561 4146 post
1590 4077 1755 4130 aliam
1786 4076 2076 4143 indue-te,

505 4176 561 4225 et
599 4167 831 4223 formam
859 4168 1107 4238 corporis
1139 4176 1547 4235 commutante,
1587 4167 1953 4239 degeremus;
1984 4183 2079 4226 ne-

506 4275 615 4331 que
663 4265 723 4313 ut
773 4272 979 4328 corpus
1026 4257 1206 4328 ipsum
1254 4258 1548 4314 accedente
1590 4270 1769 4315 morte
1810 4258 2079 4316 dissolve-

2167 1800 2509 1870 σπέρματος,
2534 1797 2653 1850 τότε
2678 1795 2771 1849 τοῦ
2801 1796 2994 1866 χόρτου
3026 1793 3211 1847 λοιπὸν
3234 1786 3597 1863 ἀμεληθέντος
3615 1836 3628 1857 ,
3651 1792 3742 1845 διά

2165 1891 2228 1944 τὸ
2283 1889 2477 1962 μηκέτι
2513 1888 2719 1941 δεῖσθαι
2767 1888 2866 1958 τὴν
2920 1885 3075 1959 ῥίζαν
3122 1883 3217 1938 τοῦ
3258 1884 3742 1954 προκαλύμματος,

2168 1983 2305 2054 πρὸς
2343 1982 2443 2054 τὴν
2474 1982 2573 2053 τῆς
2607 1981 2858 2052 καλάμης
2910 1977 3220 2050 ἀναδρομὴν
3251 1980 3401 2030 πᾶσα
3447 1976 3745 2030 συνδίδοται

2168 2076 2396 2147 δύναμις
2417 2114 2434 2139 ,
2480 2075 2753 2146 μηχανικῇ
2796 2088 2904 2125 τινι
2938 2071 3099 2142 σοφίᾳ
3143 2070 3241 2141 τὴν
3291 2068 3539 2138 αὑλοειδῆ
3575 2084 3747 2120 καται-

2170 2168 2371 2238 σκευὴν
2398 2166 2813 2236 φιλοτεχνούσης
2831 2163 2932 2232 τῆς
2960 2147 3202 2232 φύσεως,
3228 2156 3297 2235 ἧς
3319 2156 3607 2233 εύθυτενὴς
3644 2158 3747 2230 μὲν

2171 2260 2206 2330 ὴ
2232 2259 2456 2329 βλάστη,
2479 2257 2701 2329 χιτῶσιν
2730 2255 3053 2326 ἐπαλλήλοις
3085 2256 3144 2307 ἐν
3165 2254 3348 2325 κύκλῳ
3366 2252 3743 2323 διειλημμένη.

2172 2351 2293 2422 Χρὴ
2327 2350 2436 2420 γὰρ
2464 2350 2674 2413 τούτοις
2705 2347 2877 2419 ὑγρὰν
2906 2343 3071 2402 οὖσαν
3097 2346 3191 2399 καὶ
3223 2346 3409 2401 ἀτονον
3449 2344 3547 2417 τὴν
3578 2344 3749 2399 καλά-
3840 2414 3852 2426 ⁸

2176 2458 2284 2513 μην
2322 2438 2476 2512 παρὰ
2506 2440 2603 2511 τὴν
2634 2439 2857 2511 πρώτην
2890 2439 3271 2511 ἐντρέφεσθαι,
3314 2440 3426 2501 τοῖς
3456 2436 3544 2490 διά
3579 2437 3748 2507 μέσου

2175 2530 2490 2600 συνδέσμοις
2504 2529 2800 2597 ἀσφαλείας
2824 2529 2983 2601 χάριν
3005 2526 3411 2597 ύπεζωσμένην.
3441 2527 3503 2579 Ei
3527 2526 3583 2579 δὲ
3609 2526 3748 2597 πρὸς

2172 2622 2236 2678 τὸ
2268 2622 2578 2695 σύμμετρον
2603 2622 2901 2693 ἀναδράμοι
2933 2623 3110 2694 μῆκος
3133 2663 3148 2687 ,
3176 2619 3294 2672 τότε
3328 2620 3475 2689 κομᾷ
3515 2620 3548 2689 ἡ
3582 2617 3751 2671 καλά-

2176 2731 2255 2789 μη
2273 2752 2294 2784 ,
2319 2713 2415 2768 τοῦ
2442 2714 2752 2767 τελευταίου
2799 2711 3026 2783 χιτῶνος
3072 2711 3165 2782 ἀφ’
3194 2708 3387 2765 ἐαυτοῦ
3418 2711 3509 2763 τὸν
3550 2709 3751 2779 στάχυν

2176 2807 2560 2880 προδείξαντος
2597 2847 2613 2871 ,
2662 2807 2720 2871 ὃς
2774 2809 2852 2870 εἰς
2904 2803 3132 2868 πολλοὺς
3186 2803 3392 2873 ἀθέρας
3441 2802 3753 2875 τριχοειδῶς

2176 2898 2568 2971 διαιρούμενος,
2620 2897 2853 2968 κρύπτει
2895 2896 2994 2967 τὴν
3045 2896 3223 2967 κόμην
3256 2894 3397 2949 κατά
3440 2895 3539 2964 τὴν
3595 2893 3752 2965 βάσιν

2177 2992 2287 3044 τῶν
2319 2990 2529 3059 ἀθέρων
2559 2990 2671 3051 τοῖς
2705 2986 2950 3060 ἐλύτροις
2987 2986 3442 3057 ύποτρεφόμενος.
3473 2985 3535 3039 Εἰ
3573 2983 3752 3039 τοίνυν

2178 3081 2303 3137 οὔτε
2334 3082 2471 3153 πρὸς
2495 3081 2595 3145 τάς
2631 3080 2787 3151 ῥίζας
2814 3078 2924 3132 τῶν
2949 3078 3276 3149 σπερμάτων
3305 3080 3334 3131 6
3363 3076 3605 3147 γεωργὸς
3627 3075 3754 3129 δυσν

2179 3177 2417 3247 χεραίνει
2440 3214 2456 3241 ,
2503 3172 2626 3227 οὔτε
2661 3173 2798 3244 πρὸς
2843 3171 2934 3226 τὸν
2993 3168 3495 3242 προεκὸαλλόμενον
3549 3171 3613 3223 ἐκ
3657 3168 3755 3223 τοῦ

2182 3267 2493 3336 σπέρματος
2513 3264 2723 3335 χόρτον,
2747 3261 2874 3316 οὔτε
2898 3264 2978 3327 είς
3001 3262 3127 3325 τοὺς
3154 3260 3354 3332 ἀθέρας
3382 3260 3475 3314 τοῦ
3502 3260 3754 3331 στάχυος,

2181 3356 2295 3410 ἀλλ’
2330 3357 2387 3408 ἐν
2418 3354 2634 3424 ἐκάστῳ
2676 3351 2881 3407 τούτων
2929 3351 3186 3419 ἐνθεωρεϊ
3211 3368 3333 3405 τινα
3366 3350 3553 3422 χρείαν
3587 3351 3755 3415 ἀναγ-

2180 3446 2363 3509 καίαν,
2383 3445 2450 3499 δι’
2478 3440 2548 3518 ἦς
2569 3444 2830 3515 τεχνικῶς
2858 3444 2891 3515 ἡ
2918 3442 3077 3513 φύσις
3094 3442 3375 3505 ὁδεύουσα,
3410 3442 3640 3514 προάγει
3664 3443 3756 3495 τὸν

2181 3537 2394 3607 καρπὸν
2416 3536 2494 3600 εις
2519 3536 2813 3598 τελείωσιν,
2852 3534 2939 3588 διὰ
2958 3537 3057 3606 τῆς
3084 3534 3192 3587 τῶν
3231 3533 3463 3605 ἀχρείων
3490 3535 3756 3603 ἀποποιή-

2181 3645 2321 3692 σεως
2350 3628 2450 3700 τὴν
2490 3627 2711 3699 γόνιμον
2761 3626 3165 3697 ἐκκαθαίρουσα
3209 3625 3467 3697 δύναμιν·
3508 3624 3629 3697 ὥρα
3663 3625 3753 3679 καὶ
3802 3630 3819 3647 ’

2184 3718 2269 3773 σοὶ
2297 3718 2373 3790 μὴ
2399 3717 2768 3789 δυσχεραίνειν
2798 3717 2885 3771 διά
2905 3718 3011 3772 τῶν
3040 3715 3352 3787 ἀναγκαίων
3364 3714 3506 3790 Δὁδῶν
3538 3717 3758 3788 προϊού-

2185 3824 2284 3876 σης
2300 3785 2461 3878 ἡμῶν
2612 3808 2826 3877 φύσεως
2860 3807 2953 3861 ἐπὶ
2980 3807 3039 3861 τὸ
3086 3785 3214 3862 ἴδιον
3252 3785 3428 3875 τέλός,
3455 3785 3758 3879 ἀλλ”ήγετ-

2186 3898 2311 3953 σθαι
2350 3900 2491 3953 κατά
2522 3899 2620 3969 τὴν
2644 3900 2702 3952 ἐν
2731 3902 2841 3964 τοῖς
2880 3900 3187 3970 σπέρμασιν
3228 3898 3518 3968 ἀναλογίαν
3537 3941 3552 3966 ,
3580 3899 3642 3953 τὸ
3669 3901 3758 3953 ἀεὶ

2185 3987 2362 4059 παρὸν
2385 3988 2520 4058 πρός
2556 4004 2611 4040 τι
2643 3987 2860 4051 πάντως
2885 3987 3172 4060 χρησίμως
3200 4004 3260 4041 τε
3306 3988 3401 4041 καὶ
3445 3987 3758 4055 ἀναγκαίως

2184 4076 2349 4148 ἔχειν,
2378 4077 2438 4131 ού
2465 4077 2573 4148 μὴν
2608 4076 2767 4131 τοῦτο
2797 4073 2934 4131 εἶναι
2962 4072 3023 4132 οὗ
3054 4078 3214 4148 χάριν
3244 4078 3323 4141 εἰς
3349 4077 3566 4146 γένεσιν
3602 4076 3759 4147 ἦλθο-

2187 4184 2310 4240 μεν.
2340 4168 2417 4221 Ού
2443 4168 2553 4239 γὰρ
2597 4168 2689 4221 ἐπὶ
2719 4168 2781 4222 τὸ
2806 4168 3041 4239 ἔμϐρυον
3071 4168 3323 4236 γενέσθαι
3354 4168 3506 4239 παρά
3535 4167 3630 4220 τοῦ
3660 4168 3754 4237 δη·

2188 4259 2618 4330 μιουργήσαντος
2639 4261 2785 4330 ἡμᾶς
2813 4259 3126 4331 ὑπέστημεν
3146 4300 3163 4326 ,
3192 4259 3312 4313 οὐδὲ
3344 4258 3480 4334 πρὸς
3500 4258 3595 4312 τὸν
3638 4258 3760 4328 βρε-

505 4360 681 4414 retur,
719 4348 815 4404 sed
848 4355 908 4402 ut
937 4363 1032 4418 per
1071 4348 1185 4403 haec
1222 4355 1277 4403 et
1312 4348 1419 4403 alia
1449 4348 1760 4418 ejusmodi,
1801 4364 1924 4419 quae
1949 4359 2070 4406 sunt

2188 4350 2337 4423 φώδη
2368 4352 2481 4422 βίον
2510 4353 2540 4406 6
2583 4351 2782 4415 σκοπὸς
2817 4351 2920 4420 τῆς
2965 4351 3180 4421 φύσεως
3222 4352 3439 4422 βλέπει,
3473 4350 3593 4405 οὐδὲ
3624 4349 3760 4421 πρὸς

509 4450 771 4510 tanquam
804 4443 991 4510 partes
1031 4439 1178 4493 illius
1206 4440 1343 4504 vite,
1390 4454 1487 4509 per
1519 4454 1687 4509 quam
1735 4439 2077 4505 incedimus,

509 4531 579 4584 ad
608 4538 809 4584 statum
840 4540 1087 4586 nostrum
1120 4528 1413 4599 pristinum
1435 4568 1451 4595 ,
1485 4528 1592 4584 hoc
1633 4537 1750 4595 est,
1780 4530 1847 4586 ad
1878 4531 2077 4588 simili-

509 4620 757 4676 tudinem
811 4619 907 4675 Dei
958 4620 1359 4690 perveniamus.
1399 4621 1478 4675 Ac
1519 4620 1978 4691 quemadmodum
2012 4622 2079 4677 ad

508 4711 899 4781 perﬁciendum
937 4711 1144 4782 spicam
1182 4726 1250 4766 ex
1290 4717 1501 4767 naturae
1544 4712 1800 4769 instituto
1854 4713 2079 4777 herbam

510 4805 858 4860 ostendimus
891 4820 1015 4860 esse
1049 4805 1465 4873 necessariam;
1510 4820 1613 4861 nec
1644 4812 1829 4862 tamen
1858 4815 2082 4878 propter

509 4897 685 4965 ipsam
715 4895 941 4952 herbam
965 4934 981 4960 ,
1019 4910 1121 4951 nec
1147 4903 1375 4967 propter
1405 4897 1661 4964 tunicas',
1707 4907 1804 4953 aut
1849 4899 2080 4965 aristas,

510 4995 605 5041 aut
651 4989 896 5042 culmum
945 4989 1253 5045 instituitur
1304 4990 1679 5061 agricultura,
1710 4990 1809 5047 sed
1857 5000 2083 5062 propter

509 5077 721 5149 frugem
750 5080 922 5135 victui
957 5080 1425 5153 accommodatam
1447 5120 1463 5145 ,
1497 5081 1566 5136 ad
1599 5062 1759 5151 cujus
1788 5082 2084 5153 perfectio-

510 5184 635 5223 nem
667 5178 866 5224 natura
915 5187 1011 5241 per
1061 5172 1152 5225 illa
1186 5172 1579 5243 progreditur:
1612 5173 1695 5229 sic
1724 5183 2081 5246 exspectatus

510 5258 677 5328 hujus
711 5260 833 5315 vitae
864 5258 988 5316 ﬁnis
1014 5269 1097 5316 est
1130 5261 1429 5318 beatitudo.
1460 5263 1591 5330 Quae
1620 5279 1752 5320 vero
1783 5280 1931 5321 nunc
1958 5281 2083 5321 cor-

510 5350 629 5417 pori
658 5351 948 5415 eveniunt,
976 5361 1036 5406 ut
1065 5368 1212 5409 mors
1230 5394 1245 5418 ,
1273 5361 1528 5410 senectus
1548 5393 1563 5417 ,
1583 5354 1873 5425 juventus,
1901 5356 2083 5411 infan-

513 5438 587 5490 tia
609 5478 624 5501 ,
662 5438 916 5495 formatio
947 5441 1092 5497 fetus
1125 5446 1180 5497 in
1214 5452 1403 5509 utero,
1442 5453 1502 5500 ut
1532 5445 1750 5512 herbae,
1782 5454 1836 5501 et
1863 5446 2081 5513 arista,

510 5535 566 5581 et
602 5529 768 5583 culmi
792 5568 807 5593 ,
844 5541 971 5588 sunt
1010 5532 1177 5588 veluti
1208 5534 1344 5600 viae,
1383 5551 1481 5607 pcr
1512 5552 1650 5607 quas
1683 5535 1750 5591 ad
1784 5535 2080 5607 perfectio-

510 5631 634 5673 nem
670 5630 947 5689 speratam
982 5625 1387 5683 contendimus.
1437 5627 1609 5694 Quam
1657 5628 1755 5683 tibi
1798 5627 1916 5701 ipse
1955 5645 2082 5701 pro-

2184 4443 2283 4508 τάς
2323 4443 2521 4515 ἐφεξῆς
2550 4444 2766 4514 ἡλικίας
2804 4445 2926 4515 ὁρᾷ,
2962 4444 3027 4507 ἃς
3057 4445 3145 4500 ἀεὶ
3167 4444 3254 4498 διά
3282 4448 3381 4516 τῆς
3423 4443 3760 4506 ἀλλοιώσεως

2186 4535 2529 4607 μετενδύεται
2546 4534 2624 4606 τῷ
2647 4536 2824 4607 χρόνῳ
2844 4536 2905 4589 τὸ
2924 4530 3064 4599 εἶδος
3090 4534 3610 4599 συνεξαλλάσσουσα,
3638 4533 3761 4587 οὐδὲ

2184 4627 2326 4698 πρὸς
2375 4627 2474 4697 τὴν
2505 4627 2890 4697 ἐπιγινομένην
2937 4626 3029 4680 διὰ
3073 4626 3166 4679 τοῦ
3222 4625 3450 4680 θανάτου
3484 4624 3639 4679 λύσιν
3681 4624 3759 4694 τῷ

2185 4718 2397 4789 σώματι
2420 4734 2433 4748 ·
2474 4717 2610 4772 ἀλλά
2637 4717 2812 4773 πάντα
2842 4717 3015 4772 ταῦτα
3047 4719 3143 4773 καὶ
3170 4719 3237 4773 τά
3262 4718 3483 4773 τοιαῦτα
3512 4718 3613 4789 τῆς
3639 4718 3760 4773 όδού

2182 4809 2250 4863 δι’
2280 4805 2349 4884 ἦς
2384 4808 2729 4880 πορευόμεθα
2784 4809 2923 4881 μέρη
2959 4809 3106 4864 ἐστίν
3127 4826 3143 4841 ’
3195 4814 3224 4864 6
3252 4811 3311 4865 δὲ
3350 4811 3550 4875 σκοπὸς
3580 4813 3673 4866 καὶ
3699 4811 3762 4864 τὸ

2183 4902 2357 4973 πέρας
2391 4902 2490 4971 τῆς
2531 4901 2618 4955 διὰ
2662 4899 2865 4955 τούτων
2911 4901 3138 4973 πορείας
3159 4904 3234 4973 ,ἡ
3267 4902 3404 4973 πρὸς
3428 4901 3488 4955 τὸ
3533 4903 3760 4975 ἀρχαῖον

2183 4994 2643 5058 ἀποκατάστασις,
2666 4995 2803 5066 ὅπερ
2826 4993 2978 5048 οὐδὲν
3010 4995 3215 5067 ἕτερον,
3239 4995 3272 5066 ἢ
3300 4998 3333 5065 ὴ
3362 4997 3498 5066 πρὸς
3523 4996 3586 5049 τὸ
3605 4996 3760 5050 Θεῖόν

2183 5086 2332 5139 ἐστιν
2360 5085 2636 5155 ὁμοίωσις.
2665 5087 2775 5140 Καὶ
2802 5085 2990 5157 ὥσπερ
3018 5088 3110 5140 ἐπὶ
3136 5086 3235 5158 τῆς
3265 5086 3407 5140 κατά
3437 5087 3527 5140 τὸν
3556 5087 3758 5158 στάχυν

2182 5178 2422 5243 εἰκόνος,
2462 5177 2757 5245 ἀναγκαῖος
2792 5178 2889 5249 μὲν
2922 5178 3091 5249 ἐφάνη
3122 5178 3202 5249 τῷ
3246 5177 3389 5248 λόγῳ
3419 5179 3517 5250 τῆς
3545 5180 3759 5248 φύσεως

2182 5268 2277 5321 καὶ
2302 5268 2331 5320 6
2362 5268 2863 5338 προεκὸαλλόμενος
2890 5269 3082 5341 χόρτος
3106 5288 3119 5302 ·
3152 5270 3211 5323 ού
3241 5270 3348 5341 μὴν
3378 5269 3435 5322 δὲ
3462 5270 3528 5324 δι’
3555 5272 3756 5325 ἐκεῖνόν

2183 5356 2332 5409 ἐστιν
2368 5357 2400 5427 ἡ
2422 5357 2687 5427 γεωργία,
2716 5358 2835 5412 οὐδὲ
2859 5359 3084 5428 χιτῶνες
3108 5399 3123 5426 ,
3159 5360 3251 5414 καὶ
3281 5358 3476 5431 ἀθέρες
3496 5402 3513 5426 ,
3545 5362 3637 5415 καὶ
3662 5378 3755 5413 κα-

2183 5448 2329 5520 λάμη
2355 5490 2369 5515 ,
2400 5450 2495 5502 καὶ
2529 5448 2861 5519 ὑποζώματα
2913 5452 3228 5522 πρόκεινται
3260 5454 3325 5524 τῇ
3360 5452 3462 5519 τῆς
3488 5452 3755 5523 γεωργίας

2186 5541 2410 5611 σπουδῇ,
2439 5540 2551 5593 ἀλλ’
2574 5543 2602 5594 ὁ
2625 5542 2888 5612 τρόφιμος
2916 5543 3126 5610 καρπὸς
3153 5547 3182 5597 ὁ
3211 5544 3300 5598 διά
3327 5542 3533 5597 τούτων
3555 5542 3753 5615 προῖὼν

2185 5633 2265 5696 είς
2296 5632 2573 5687 τελείωσιν
2598 5651 2609 5663 ο
2651 5634 2791 5688 οὓτω
2821 5637 2913 5689 καὶ
2936 5635 3034 5706 τῆς
3054 5636 3199 5708 ζωῆς
3226 5639 3288 5692 τὸ
3316 5639 3416 5709 μὲν
3444 5634 3749 5709 προσδοκὼ-
