4072 6156
401 311 502 367 5⁷21
1798 306 1883 365 DE
1912 304 2245 367 MORTUIS.

405 440 563 496 μενον
610 424 781 496 πέρας
816 426 1152 500 μακαριότης
1185 427 1350 482 ἐστίν.
1375 424 1454 483 Τὰ
1494 425 1550 482 δὲ
1607 427 1706 483 ὅσα
1758 428 1885 499 περὶ
1914 426 1968 479 τὸ

2078 439 2323 492 ponens.
2356 424 2404 479 si
2435 422 2619 493 sapis,
2666 437 2769 479 nec
2817 430 3042 494 propter
3080 424 3196 480 haec
3239 424 3649 498 indignaberis,

405 516 561 587 σῶμα
585 515 678 570 νῦν
708 519 1025 590 καθορᾶται,
1060 518 1286 583 θάνατος
1308 560 1323 584 ,
1356 521 1448 573 καὶ
1474 520 1652 590 γῆρας
1676 560 1690 581 ,
1733 520 1830 572 καὶ⁹
1857 519 1973 572 νεό-

399 624 533 678 της,
570 608 665 660 καὶ
719 608 983 679 νηπιότης
1005 650 1019 675 ,
1051 609 1145 662 καὶ
1197 611 1231 680 ή
1282 611 1340 663 ὲν
1393 610 1618 681 ἐμϐρύῳ
1648 608 1934 673 διάπλασις
1957 651 1971 674 ,

398 699 577 753 πάντα
607 697 776 752 ταῦτα
806 695 915 752 οἷόν
946 716 1089 763 τινες
1121 701 1300 771 χόρτοι
1330 702 1421 755 καὶ
1450 701 1643 772 ἀθέρες
1676 702 1770 755 καὶ
1807 701 1975 755 κάλα-

401 808 512 862 μοι,
546 790 661 853 ὁδὸς
688 791 781 844 καὶ
806 791 1093 846 ἀκολουθία
1123 792 1217 845 καὶ
1238 792 1465 863 δύναμις
1488 792 1588 863 τῆς
1616 792 1975 863 ἐλπιζομένης

398 883 516 936 ἐστὶ
548 881 902 945 τελειώσεωςο
943 882 1080 953 πρὸς
1113 884 1178 955 ἢν
1227 883 1440 953 βλέπων
1464 923 1478 945 ,
1526 882 1621 936 ἐὰν
1665 883 1932 954 εὐφρονῇς
1957 920 1971 946 ,

396 972 521 1027 οὔτε
551 971 804 1043 ἀπεχθῶς
847 973 988 1039 ἕξεις
1020 973 1156 1043 πρὸς
1192 973 1364 1028 ταῦτα
1405 973 1527 1027 οὔτε
1570 975 1674 1045 μὴν
1712 968 1975 1044 ἐμπαθῶς

397 1081 457 1117 τε
501 1064 597 1117 καὶ
634 1061 1041 1133 ἐπιθυμητικῶς
1074 1063 1392 1138 διατεθήσῃ,
1429 1064 1505 1128 ὡς
1537 1065 1570 1136 ἢ
1605 1065 1975 1136 χωριζόμενος

398 1150 578 1206 αὐτῶν
607 1152 894 1219 ἀνιᾶσθαι,
926 1150 959 1223 ἢ
1011 1153 1328 1223 αὐτομολεῖν
1355 1154 1490 1223 πρὸς
1520 1154 1610 1208 τὸν
1636 1155 1884 1210 θάνατον.
1909 1156 1973 1209 El

396 1242 454 1296 δὲ
476 1243 581 1314 χρὴ
611 1242 926 1313 προσθεῖναι
955 1244 1051 1298 καὶ
1075 1243 1232 1299 τοῦτο
1256 1244 1335 1316 τῷ
1362 1246 1536 1317 λόγῳ,
1562 1247 1663 1301 οὐκ
1702 1248 1972 1319 ἄχρηστον

398 1330 529 1401 ἴσως
570 1332 724 1397 ἐστὶ,
759 1332 864 1388 κᾶν
890 1333 996 1400 ἔξω
1027 1334 1129 1405 τῆς
1160 1334 1479 1399 ἀκολουθίας
1510 1335 1645 1391 εἶναι
1693 1338 1860 1410 δοκῇ,
1893 1340 1973 1394 δτι

398 1422 673 1494 ἐμμελετᾷ
699 1423 777 1495 τῷ
805 1423 1018 1497 θανάτῳ
1045 1426 1134 1481 διὰ
1176 1425 1377 1492 παντὸς
1407 1430 1441 1498 ή
1469 1427 1630 1497 φύσις
1648 1470 1662 1495 ,
1708 1428 1802 1483 καὶ
1832 1447 1974 1500 συμ-

398 1514 607 1582 πέφυκε
637 1514 724 1569 διά
755 1515 849 1569 τοῦ
900 1517 1093 1588 χρόνου
1143 1519 1406 1593 προῖούσῃ
1435 1523 1500 1591 τῇ
1546 1521 1658 1592 ζωῇ
1695 1520 1914 1585 πάντως
1944 1523 1973 1574 ὁ

398 1604 645 1670 θάνατος.
700 1607 843 1678 Πρὸς
880 1609 988 1680 γὰρ
1015 1608 1076 1662 τὸ
1111 1609 1301 1680 μέλλον
1325 1610 1418 1665 τοῦ
1447 1611 1837 1683 παρῳχηκότος
1873 1613 1972 1683 τῆς

397 1693 541 1763 ζωῆς
588 1697 819 1751 πάντοτε
878 1699 1234 1771 κινουμένης,
1288 1702 1383 1756 καὶ
1430 1702 1681 1757 οὐδέποτε
1728 1703 1862 1775 πρὸς
1910 1702 1971 1758 τὸ

2076 529 2178 569 nec
2208 513 2320 568 ullo
2351 514 2512 568 modo
2543 510 2625 570 sic
2672 514 2854 569 animo
2900 516 3149 571 allicieris
3169 556 3183 581 ,
3215 525 3275 572 ut
3304 520 3389 573 vel
3430 520 3499 576 ab
3542 522 3647 578 bac

2074 605 2187 658 vita
2217 604 2488 660 decedens
2518 606 2739 675 angaris
2760 643 2774 669 ,
2810 609 2897 662 vel
2930 616 3125 677 sponte
3175 620 3404 666 mortem
3453 616 3652 683 praeri-

2077 698 2218 767 pias.
2255 695 2377 750 Jam
2414 696 2549 751 illud
2575 734 2590 760 ,
2628 697 2759 757 licet
2792 713 2822 752 a
2855 702 3137 770 proposito
3180 709 3369 757 nostro
3405 705 3643 762 alienum
3702 740 3707 743 ς

2074 803 2198 844 esse
2222 787 2493 854 videatur,
2523 788 2765 845 fortasse
2791 806 2901 845 non
2929 795 3034 847 erit
3061 794 3256 850 inutile
3272 802 3344 849 ait
3373 797 3645 868 adjungao

2074 895 2230 943 mus,
2272 893 2469 947 nempe
2512 889 2767 937 naturam
2803 884 3029 940 assidue
3067 886 3123 940 in
3168 895 3398 942 mortem
3435 890 3646 945 incum-

2075 969 2238 1033 bere,
2276 969 2511 1041 vitaeque
2540 980 2788 1042 tempore
2826 975 3173 1030 antecedenti
3217 985 3449 1033 mortem
3489 995 3647 1050 pror-

2077 1076 2173 1115 sus
2210 1062 2420 1117 instare
2450 1071 2614 1132 atque
2645 1064 2929 1120 inbaarere.
2963 1064 3174 1120 Etenim
3205 1082 3330 1123 cum
3364 1070 3475 1124 vita
3506 1087 3647 1140 prae-

2077 1152 2279 1206 teriens
2308 1141 2523 1222 semper
2549 1153 2617 1208 ad
2649 1154 2893 1209 futurum
2920 1156 3248 1222 contendat,
3273 1173 3377 1222 nec
3408 1160 3477 1215 ad
3505 1178 3646 1231 prae-

2076 1242 2295 1296 teritum
2329 1258 2568 1313 unquam
2604 1253 2934 1306 revertatur,
2970 1245 3103 1315 quid
3145 1246 3294 1301 aliud
3326 1258 3446 1315 est,
3477 1268 3645 1322 quam

2076 1347 2227 1387 mors
2248 1372 2263 1395 ,
2295 1332 2347 1386 id
2371 1372 2387 1396 ,
2420 1334 2569 1403 quod
2596 1334 2812 1389 vitalem
2843 1335 3115 1390 actionem
3144 1351 3318 1406 usque
3351 1341 3645 1411 subsequi-

2076 1422 2209 1476 tur?
2235 1421 2417 1489 Quare
2448 1438 2571 1479 cum
2592 1425 2649 1479 in
2684 1432 2948 1495 tempore,
2975 1426 3119 1496 quod
3139 1434 3265 1483 ante
3297 1427 3469 1495 fluxit,
3494 1432 3644 1489 desi-

2075 1522 2170 1568 nat
2200 1522 2380 1572 motus
2408 1517 2589 1573 omnis
2635 1526 2690 1572 et
2729 1520 2875 1574 actio
2917 1519 3100 1575 vitalis
3123 1559 3138 1584 ,
3172 1523 3478 1593 mortisque
3513 1541 3645 1594 pro-

2076 1607 2256 1676 prium
2284 1608 2391 1676 sit,
2416 1624 2505 1663 res
2536 1609 2602 1663 ad
2633 1610 2917 1665 interitum
2940 1648 2955 1674 ,
2986 1612 3330 1683 nihilumque
3357 1614 3645 1685 redigere;

2073 1697 2220 1767 quod
2269 1698 2491 1767 quidem
2549 1713 2766 1767 semper
2817 1700 3022 1755 actioni
3073 1703 3368 1772 praeteritae
3419 1707 3646 1762 omnino

315 1855 321 1861 _
398 1788 626 1842 κατόπιν
665 1790 1039 1863 ἀναλυούσης,
1073 1793 1299 1857 θάνατός
1352 1796 1467 1848 ἐστι
1514 1793 1575 1848 τὸ
1629 1794 1855 1849 πάντοτε
1901 1798 1966 1867 τῇ

2071 1790 2368 1861 contingit,
2414 1806 2527 1845 non
2580 1794 2864 1861 mentitur,
2914 1794 3010 1865 qui
3061 1795 3195 1851 huic
3239 1796 3367 1852 vitae
3411 1807 3645 1854 mortem

397 1873 598 1950 ζωτικῇ
648 1881 896 1952 ἐνεργείᾳ
932 1885 1287 1955 συνημμένως
1314 1887 1597 1956 ἑπόμενον.
1637 1888 1727 1942 Ἐν
1754 1890 1861 1960 γὰρ
1892 1888 1970 1959 τῷ

396 1971 875 2053 mpq)qudrt.105
897 1974 1110 2043 χρόνου,
1138 1976 1369 2031 παύεται
1394 1978 1609 2043 πάντως
1635 1982 1782 2034 πᾶσα
1814 1981 1972 2050 κίνη-

398 2076 482 2123 σις
525 2061 727 2134 ζωτικὴ
761 2064 851 2117 καὶ
879 2065 1144 2137 ἐνέργεια.
1192 2068 1344 2121 Ἐπεὶ
1390 2065 1483 2123 οὖν
1539 2070 1671 2125 ἴδιόν
1725 2072 1842 2123 ἐστι
1877 2070 1971 2123 τοῦ

395 2148 625 2205 θανάτου
657 2151 717 2205 τὸ
764 2153 1043 2224 ἄπρακτόν
1081 2174 1139 2210 τε
1171 2158 1266 2212 καὶ
1303 2160 1688 2231 ἀνενέργητον·
1723 2160 1880 2213 τοῦτο
1911 2161 1969 2214 δὲ

395 2240 627 2295 κατόπιν
670 2243 755 2296 ἀεὶ
796 2246 862 2315 τῇ
899 2245 1099 2318 ζωτικῇ
1131 2249 1379 2321 ἐνεργείᾳ
1412 2249 1628 2313 πάντως
1667 2251 1926 2320 ἐφέπεται
1951 2268 1964 2282 ·

394 2330 494 2383 οὐκ
522 2331 628 2396 ἔξω
653 2333 751 2403 τῆς
784 2335 1036 2404 ἀληθείας
1067 2339 1185 2391 earl.
1230 2340 1289 2393 τὸ
1321 2341 1731 2413 συμπεπλέχθαι
1753 2345 1818 2413 τῇ
1856 2342 1966 2413 ζωῇ

394 2421 564 2492 ταύτῃ
594 2423 685 2477 τὸν
714 2424 941 2478 θάνατον
969 2427 1163 2495 λέγειν.
1193 2430 1302 2483 Καὶ
1338 2431 1511 2494 ἄλλως
1538 2432 1581 2484 δ’
1623 2432 1689 2486 ἄν
1711 2449 1795 2495 τις
1823 2431 1971 2501 εὕροι

394 2509 457 2562 τὺ
487 2507 722 2565 τοιοῦτον
751 2513 924 2584 νόημα
953 2515 1038 2569 διὰ
1077 2516 1177 2587 τῆς
1203 2517 1458 2588 ἀληθείας
1485 2522 1614 2590 ἡμῖν
1638 2519 1974 2590 κρατυνόμε-

2066 1878 2199 1934 dicit
2228 1895 2351 1936 esse
2374 1881 2751 1950 coniunctam.
2783 1883 2899 1939 Hoc
2929 1894 3113 1940 autem
3154 1902 3244 1941 res
3291 1887 3406 1957 ipsa
3448 1904 3641 1944 verum

2067 1984 2191 2024 esse
2239 1969 2561 2034 conﬁrmat,
2600 1971 3081 2042 quandoquidem,
3125 1976 3276 2045 quod
3327 1978 3397 2031 ad
3451 1978 3642 2048 subje-

2068 2070 2213 2117 ctam
2261 2064 2552 2118 materiam
2586 2065 2862 2134 pertinet,
2899 2064 3065 2120 homo
3101 2080 3211 2119 non
3244 2075 3328 2122 est
3362 2066 3508 2122 idem
3541 2068 3642 2123 lio-

2072 2154 2192 2217 die,
2221 2154 2316 2223 qui
2354 2153 2468 2208 beri
2508 2153 2629 2208 fuit.
2663 2154 2885 2224 Aliquid
2928 2153 3073 2209 enim
3119 2168 3186 2210 ex
3232 2170 3298 2209 eo
3344 2157 3642 2212 momentis

2076 2243 2308 2312 singulis
2337 2243 2673 2308 moritur,,et
2700 2242 2860 2309 fetet,
2894 2252 2949 2298 et
2977 2246 3375 2315 corrumpitur,
3411 2253 3467 2300 et
3497 2245 3640 2316 abji-

2076 2336 2219 2389 citur
2262 2352 2275 2389 :
2329 2350 2452 2389 cum
2504 2344 2705 2390 tetrum
2739 2345 2938 2390 natura
2986 2334 3214 2390 fetorem
3258 2352 3325 2391 ex
3374 2352 3638 2408 corpore,

2080 2437 2336 2494 tanquam
2371 2408 2536 2479 funus
2563 2441 2629 2480 ex
2667 2425 2851 2495 aliqua
2886 2425 3081 2489 domo,
3128 2425 3354 2490 efferat,
3405 2433 3460 2481 et
3490 2428 3661 2498 quod-

2080 2517 2297 2593 vitaletn
2332 2515 2645 2570 facultatem
2678 2517 2788 2585 jam
2823 2517 3009 2581 exuit,
3038 2522 3199 2571 terra:
3229 2516 3427 2571 tradat.

394 2616 505 2662 νον,
533 2602 701 2674 αὐτῆς
721 2608 819 2674 τῆς
842 2607 1036 2677 πείρας
1071 2609 1449 2680 μαρτυρούσης
1476 2611 1552 2681 τῷ
1579 2610 1807 2680 δόγματι
1832 2648 1847 2672 ,
1883 2611 1965 2663 ὅτι
2001 2607 2098 2678 οὐχ
2128 2609 2156 2658 ὁ
2186 2604 2345 2670 αὐτός
2378 2608 2495 2659 ἐστι
2518 2606 2597 2677 τῷ
2617 2606 2787 2677 χθιζῷ
2809 2610 2837 2660 ὁ
2861 2608 3098 2678 σήμερον
3160 2606 3442 2678 ἄνθρωπος
3501 2609 3641 2663 κατά

394 2694 455 2746 τὺ
496 2694 694 2758 ὑλικῶς
728 2696 1081 2768 ὑποκείμενον
1108 2742 1122 2766 ,
1158 2700 1291 2755 ἀλλά
1332 2719 1384 2755 τι
1435 2702 1648 2765 πάντως
1727 2700 1892 2755 αὑτοῦ
1950 2698 2036 2752 διὰ
2071 2698 2271 2761 παντὸς
2306 2696 2592 2768 νεκροῦται
2617 2736 2631 2761 ,
2678 2697 2770 2750 καὶ
2810 2697 2920 2761 ὄζει
2947 2736 2963 2761 ,
2994 2698 3087 2751 καὶ
3122 2697 3510 2768 διαφθείρεται,
3544 2701 3639 2754 καὶ

335 2798 344 2805 ·
394 2784 712 2840 ἐκϐάλλεται
736 2826 751 2850 ,
787 2788 1036 2859 καθάπερ
1064 2789 1240 2853 οἰκίας
1276 2791 1419 2853 τινὸς
1454 2793 1551 2862 τῆς
1592 2790 1686 2845 τοῦ
1713 2790 1961 2862 σώματος
1998 2786 2142 2857 λέγω
2185 2787 2527 2856 κατασκευῆς
2570 2785 2665 2856 τὴν
2688 2786 2928 2858 νεκρώδη
2974 2786 3233 2841 δυσωδίαν
3303 2791 3639 2865 ἐκφερούσης

393 2878 493 2948 τῆς
536 2878 784 2948 φύσεως,
820 2882 912 2935 καὶ
964 2885 1030 2953 τῇ
1084 2886 1151 2955 γῇ
1190 2883 1582 2954 παραδιδούσης
1616 2885 1677 2937 τὸ
1717 2884 1818 2955 ήδη
1866 2884 1965 2955 τῆς
2000 2879 2237 2949 ζωτικῆς
2262 2879 2541 2949 δυνάμεως
2569 2875 2673 2941 ἔξω
2701 2878 3004 2949 γενόμενον.

465 2973 557 3026 Διὸ
604 2975 747 3028 κατά
793 2975 890 3047 τὴν
922 2977 1017 3031 τοῦ
1069 2979 1302 3048 μεγάλου
1361 2981 1545 3050 φωνὴν
1586 2980 1796 3034 Παύλου
1850 2979 1970 3033 καθ’

396 3065 606 3137 ἡμέραν
637 3067 1049 3140 ἀποθνήσκομεν
1074 3112 1089 3136 ,
1119 3072 1218 3142 οὐχ
1265 3074 1313 3124 οἱ
1364 3073 1516 3125 αὐτοὶ
1544 3071 1634 3125 διὰ
1665 3071 1859 3134 παντὸς
1906 3072 1966 3123 ἐν

2069 3066 2268 3136 quippe
2292 3065 2385 3134 qui
2416 3079 2526 3119 non
2558 3064 2720 3119 iidem
2749 3080 2966 3134 semper
2986 3081 3271 3123 manemus
3297 3068 3353 3122 in
3378 3070 3499 3139 ipso
3526 3086 3649 3126 cor-

395 3156 475 3229 τῷ
504 3156 661 3229 αὐτῷ.
681 3157 1023 3229 διαμένοντες
1071 3160 1205 3232 οἴκῳ
1257 3160 1352 3215 τοῦ
1385 3161 1665 3234 σώματος,
1701 3162 1818 3216 ἀλλ’
1844 3163 1972 3217 ἑκά-

397 3265 550 3303 στοτε
583 3249 730 3303 ἄλλοι
760 3249 819 3315 ἐξ
849 3250 1009 3304 ἀλλου
1039 3252 1312 3322 γινόμενοι
1335 3251 1422 3305 διὰ
1447 3252 1762 3324 προσθήκης
1793 3269 1852 3305 τε
1876 3254 1971 3306 καὶ

396 3341 776 3411 ἀποποιήσεως
799 3379 814 3403 ,
852 3340 928 3404 ὡς
976 3341 1110 3412 πρὸς
1138 3342 1324 3396 καινὸν
1350 3341 1509 3413 σῶμα
1533 3342 1621 3396 διὰ
1649 3342 1849 3405 παντὸς
1876 3343 1971 3396 ἀλα

2137 2974 2503 3040 Quamobrem
2521 3012 2536 3039 ,
2570 2981 2629 3027 ut
2652 2972 2859 3029 Paulus
2886 2976 2995 3039 ait,
3027 2974 3270 3045 quotidie
3296 2979 3559 3035 mbrimur
3580 2980 3633 3036 τε

2067 3157 2219 3227 poris
2245 3155 2528 3211 domicilio
2548 3195 2563 3222 ,
2590 3154 2685 3211 sed
2712 3157 3029 3212 accessione
3055 3158 3484 3230 deccssioneque
3507 3176 3637 3216 cono

2065 3250 2216 3303 tinua
2257 3248 2351 3302 alii
2395 3263 2462 3303 ex
2510 3247 2617 3302 alio
2650 3248 2952 3314 reddimur,
2991 3255 3046 3303 et
3077 3249 3134 3304 in
3180 3265 3379 3304 novum
3415 3252 3637 3308 assidue

2063 3354 2263 3409 corpus
2295 3339 2672 3393 immutamur.
2701 3338 2842 3404 Quid
2877 3339 3042 3410 igitur
3070 3355 3193 3394 cum
3228 3348 3403 3397 morte
3435 3358 3538 3399 nos
3577 3352 3637 3397 ut

393 3428 713 3501 λοιούμενοι.
740 3430 804 3483 Τί
836 3427 929 3485 οὗν
961 3432 1276 3503 ξενιζόμεθα
1325 3433 1461 3503 πρὸς
1492 3433 1582 3487 τὸν
1618 3433 1877 3497 θάνατον,
1903 3427 1967 3486 οὗ

2069 3434 2290 3503 ιοερὶιεε
2305 3429 2731 3499 peregrinosque
2756 3429 3019 3498 gerimus,
3046 3446 3172 3485 cum
3194 3431 3635 3489 demonstratum

394 3523 685 3594 ἀπεδείχθη
716 3523 910 3594 μελέτη
929 3525 1208 3596 διηνεκὴς,
1231 3527 1323 3579 καὶ
1350 3526 1647 3595 γυμνάσιον
1671 3527 1704 3597 ἡ
1728 3525 1815 3579 διά
1836 3540 1967 3597 σαρ-

395 3614 489 3678 κὸς
520 3610 654 3670 οὖσα
688 3615 837 3687 ζωῆς
868 3615 990 3669 Κᾶν
1016 3616 1108 3669 τὸν
1154 3615 1320 3671 ὕπνον
1350 3616 1508 3688 εἴπῃς
1542 3617 1636 3671 καὶ
1677 3616 1775 3687 τὴν
1802 3616 1970 3687 ὲγρή-

394 3689 584 3775 γορσὶν
609 3748 623 3772 ,
656 3705 820 3778 ἄλλην
850 3706 1078 3762 θανάτου
1124 3707 1303 3777 λέγεις
1346 3707 1483 3778 πρὸς
1522 3707 1621 3777 τὴν
1654 3707 1800 3778 ζωὴν
1833 3723 1967 3776 cup.»

395 3797 600 3868 πλοκὴν
623 3839 638 3861 ,
687 3798 1194 3869 κατασϐεννυμένης
1243 3799 1302 3853 ἐν
1346 3801 1460 3862 τοῖς
1496 3798 1815 3852 καθεύδουσι
1866 3798 1968 3869 τῆς

392 3889 694 3957 αἰσθήσεως
714 3928 727 3951 ,
762 3888 857 3942 καὶ
903 3888 1063 3942 πάλιν
1090 3889 1190 3959 τῆς
1222 3889 1601 3960 ἐγρηγόρσεως
1635 3886 1965 3959 ἐνεργούσης

393 3981 524 4052 ἡμῖν
546 3981 602 4033 ἐν
628 3980 763 4051 αὐτῇ
794 3980 890 4052 τὴν
917 3980 1273 4052 ἐλπιζομένην
1295 3981 1616 4045 ἀνάστασινς
1650 3979 1789 4033 Ἀλλ’
1811 3978 1963 4033 οὔπω

391 4071 454 4125 τὸ
494 4072 847 4142 προκείμενον
895 4074 1026 4143 ἡμῖν
1069 4073 1436 4144 εὐσαφηνίσθη
1470 4072 1559 4127 διὰ
1585 4071 1694 4126 τῶν
1738 4071 1965 4143 εἰρημέ-

392 4176 518 4223 νων,
542 4160 636 4213 τοῦ
668 4160 966 4214 ἐπεισοδίου
1015 4163 1282 4232 νοήματος
1311 4160 1446 4232 πρὸς
1489 4160 1682 4232 ἑτέραν
1727 4160 1962 4235 θεωρίαν

395 4251 805 4321 παραγαγόντος
823 4252 914 4305 τὸν
943 4251 1118 4319 λόγον.

2066 3522 2171 3585 sit,
2200 3522 2364 3575 vitam
2396 3522 2539 3575 banc
2567 3534 2728 3589 quam
2764 3520 2816 3573 in
2844 3534 3009 3574 carne
3037 3520 3303 3590 degimus,
3330 3524 3465 3577 nihil
3490 3524 3636 3579 aliud

2064 3627 2221 3675 esse,
2270 3611 2379 3666 nisi
2418 3617 2739 3679 perpetuam
2787 3611 2980 3664 mortis
3024 3614 3537 3668 commentationem
3572 3629 3636 3670 ac

2065 3700 2354 3758 studium?
2399 3700 2584 3767 Quid?
2617 3700 2735 3770 ipse
2764 3714 2991 3756 somnus
3026 3711 3190 3770 atque
3243 3703 3430 3770 vigilia
3451 3742 3467 3768 ,
3502 3706 3632 3775 quid

2063 3791 2212 3847 aliud
2248 3800 2410 3857 sunt,
2458 3791 2566 3846 nisi
2614 3792 2806 3848 mortis
2842 3793 3072 3863 vitasque
3115 3793 3433 3864 complexus
3473 3804 3635 3868 atque

2063 3881 2414 3952 conjunctio?
2437 3896 2563 3936 cum
2602 3889 2657 3937 et
2686 3881 3025 3938 dormientes
3059 3891 3312 3953 tanquam
3339 3886 3635 3944 exstinctos

2065 3987 2260 4029 sensus
2306 3960 2420 4027 nos
2450 3973 2701 4038 deserat,
2747 3981 2802 4027 et
2850 3973 3120 4028 excitatos
3177 3974 3359 4045 vigilia
3408 3987 3634 4046 speratae

2067 4065 2495 4120 resurrectionis
2533 4064 2862 4119 admoneat?
2906 4062 3107 4120 Verum
3146 4064 3489 4136 digressione
3529 4069 3634 4125 hac
3715 4110 3719 4114 .

2067 4155 2135 4210 ad
2172 4155 2276 4208 alia
2309 4154 2710 4210 consideranda
2739 4170 2842 4210 nos
2876 4155 3216 4219 adducente,
3250 4157 3394 4227 quod
3427 4174 3630 4229 propo-

2068 4246 2282 4302 suimus
2313 4245 2555 4300 nondum
2590 4243 3003 4313 explicavimus.

464 4302 1248 4413 ἱιάᾷιέῖὲδῖιὲῥᾷὲεθὲν
1299 4302 1692 4411 ἀναλάϐωμεν,
1740 4342 1821 4395 ὅτι
1861 4341 1962 4395 οὐκ

2136 4337 2321 4405 Quare
2358 4337 2424 4392 ad
2463 4337 2805 4407 propositum
2842 4345 3204 4405 revertamur,
3243 4339 3633 4395 ostendamus-

390 4429 678 4500 ἀχρήστως
719 4433 854 4504 πρὸς
873 4434 971 4505 τὴν
1009 4433 1462 4504 προσδοκωμένην
1492 4432 1601 4486 τῶν
1634 4432 1855 4502 ἀγαθῶν
1879 4433 1964 4487 ἐλ-

391 4521 521 4575 πίδα
546 4562 561 4586 ,
592 4524 714 4577 οὐδὲ
743 4527 776 4596 ἡ
816 4526 908 4579 τοῦ
958 4523 1208 4596 σώματος
1234 4526 1395 4595 φύσις
1437 4525 1569 4596 ἔχει.
1616 4526 1679 4578 Εἰ
1711 4525 1808 4595 μὲν
1856 4524 1964 4597 γὰρ

387 4605 530 4680 ἦμεν
570 4613 706 4680 ὅπερ
740 4612 800 4678 ἐξ
830 4614 1003 4685 ἀρχῆς
1033 4613 1356 4683 ἐγενόμεθα,
1396 4613 1495 4666 οὐκ
1524 4610 1590 4679 ἀν
1629 4611 1842 4674 πάντως
1871 4611 1963 4664 τοῦ

388 4701 713 4772 δερματίνου
759 4704 982 4773 χιτῶνος
1027 4705 1502 4775 προσεδεήθημεν,
1554 4701 1965 4773 ἐπιλαμπούσης

390 4793 522 4863 ἡμῖν
560 4784 662 4864 τῆς
695 4795 833 4865 πρὸς
864 4796 924 4848 τὸ
950 4796 1103 4848 Θεῑον
1141 4794 1474 4865 ὁμοιώσεως.
1519 4795 1576 4847 ’0
1614 4794 1672 4847 δὲ
1705 4792 1846 4856 θεῖος
1873 4811 1969 4864 χα-

393 4884 603 4957 ρακτὴρ
623 4889 650 4940 ὁ
672 4886 1088 4956 ἐπιφαινόμενος
1115 4888 1244 4956 ἡμῖν
1269 4887 1330 4939 τὸ
1359 4887 1478 4940 κατ’
1507 4884 1700 4957 ἀρχὰς,
1733 4886 1792 4938 οὐ
1814 4884 1964 4938 ποιοῦ

391 4974 672 5045 σχήματός
712 4992 857 5038 τινος
900 4975 931 5046 ἦ
966 4974 1251 5046 χρώματος
1280 4976 1346 5046 ἦν
1387 4974 1585 5044 ἰδιότης
1608 5013 1623 5038 ,
1655 4973 1769 5027 ἀλλ’
1798 4971 1878 5036 οἷς
1906 4973 1967 5025 τὸ

389 5067 532 5120 θεῖον
569 5067 852 5139 θεωρεῖται
894 5068 1084 5131 κάλλος
1108 5107 1124 5133 ,
1161 5070 1422 5131 τοιούτοις
1455 5064 1852 5130 ἐκαλλωπίζετο
1873 5064 1967 5117 καὶ

388 5159 417 5210 ὁ
441 5157 747 5228 ἄνθρωπος,
788 5159 857 5212 δι’
902 5159 1169 5222 ἀπαθείας
1194 5176 1254 5212 τε
1306 5160 1398 5213 καὶ
1441 5159 1835 5231 μακαριότητος
1873 5156 1966 5210 καὶ

387 5244 727 5315 ἀφθαρσίας,
781 5248 878 5319 τὴν
921 5240 1227 5318 ἀρχέτυπον
1280 5249 1439 5319 χάριν
1497 5245 1961 5317 ἀπομιμούμενος.

398 5337 617 5410 Ἐπειδὴ
655 5340 712 5393 δὲ
759 5340 826 5393 δι’
856 5340 1074 5410 ἀπάτης
1103 5340 1196 5394 τοῦ
1228 5341 1420 5411 ἐχθροῦ
1468 5342 1567 5411 τῆς
1603 5339 1748 5418 ζωῆς
1787 5338 1964 5407 ήμῶν,

386 5427 524 5501 πρὸς
568 5430 629 5482 τὸ
677 5431 949 5502 κτηνῶδες
982 5432 1075 5485 καὶ
1132 5432 1324 5500 ἄλογον
1358 5432 1618 5494 ἑκουσίως
1660 5430 1757 5499 τὴν
1794 5427 1966 5500 ῥοπὴν

388 5520 543 5592 ἔσχεν
591 5522 622 5574 ὀ
651 5522 933 5594 ἄνθρωπος
957 5564 971 5589 ,
1022 5524 1083 5576 τὸ
1120 5523 1217 5584 μὲν
1264 5525 1492 5586 ἄκοντας
1536 5524 1837 5596 ἀποστῆναι
1871 5518 1964 5575 τοῦ

462 5690 482 5721 ⁷
506 5690 539 5761 Ιρ
562 5692 691 5750 Cor.
721 5710 810 5758 xv,
844 5696 930 5749 ⁵51.

707 5783 977 5846 ΡΑτιιοι.
1009 5787 1128 5845 Gtt.
1176 5782 1395 5846 XLVI.

2069 4446 2175 4500 que
2208 4446 2278 4484 ne
2311 4429 2562 4500 corporis
2592 4427 2812 4500 quidem
2845 4437 3100 4484 naturam
3136 4429 3385 4485 inutilem
3416 4445 3538 4485 esse
3565 4430 3633 4486 ad

2068 4536 2219 4591 spem
2250 4521 2550 4583 bonorum,
2582 4534 2703 4590 quae
2728 4535 2758 4574 a
2784 4520 2944 4575 nobis
2974 4528 3385 4589 exspectantur.
3421 4519 3633 4577 Etenim

2067 4614 2113 4667 si
2145 4614 2282 4669 tales
2311 4613 2730 4677 mansissemus,
2769 4613 2959 4681 quales
2982 4611 3138 4666 initio
3169 4610 3371 4666 fuimus
3406 4627 3631 4681 procre-

2068 4709 2178 4774 ati,
2231 4708 2323 4764 Del
2372 4708 2733 4764 similitudine
2772 4709 2828 4761 in
2876 4707 3034 4762 nobis
3074 4708 3358 4773 elucente,
3404 4710 3632 4778 pellicea

2067 4800 2251 4854 tunica
2286 4800 2599 4868 neutiquam
2633 4796 3085 4866 indiguissemus.
3121 4798 3308 4851 Divina
3342 4800 3486 4852 enim
3513 4815 3633 4869 qua:

2066 4891 2336 4961 principio
2380 4890 2437 4944 in
2484 4889 2641 4944 nobis
2680 4891 3009 4946 cernebatur
3057 4897 3215 4953 nota,
3257 4904 3365 4942 non
3407 4889 3462 4943 in
3495 4905 3632 4957 qua-

2062 4982 2323 5050 licunque
2356 4982 2542 5050 ﬁgurae
2571 4981 2844 5037 colorisve
2885 4983 3215 5052 proprietate
3259 4981 3629 5045 consistebat,

2064 5073 2159 5127 sed
2187 5071 2386 5140 quibus
2415 5071 2725 5141 insignibus
2750 5069 2843 5126 Dei
2875 5071 3225 5141 pulchritudo
3271 5072 3629 5140 conspicit-cr,

2062 5163 2258 5218 iisdem
2316 5162 2478 5215 homo
2539 5161 2837 5216 decoratus
2885 5177 2983 5231 per
3031 5162 3423 5217 beatitudinem
3482 5164 3632 5232 aegrio

2052 5252 2272 5329 _tudinis
2319 5258 2373 5307 et
2415 5253 2785 5322 corruptionis
2816 5262 3092 5322 expertem
3137 5255 3466 5321 exemplaris
3503 5270 3631 5324 gra-

2064 5345 2195 5399 tiam
2239 5343 2598 5412 exprimebat.
2645 5341 2751 5396 SCtl
2794 5352 3151 5412 posteaquam
3194 5359 3224 5397 a
3266 5344 3390 5398 vita:
3428 5353 3632 5399 nostra:

2066 5434 2293 5490 inimico
2332 5433 2471 5490 dolis
2519 5434 2777 5504 deceptus
2838 5434 2904 5488 ad
2969 5434 3269 5490 bestiarum
3320 5438 3631 5507 rationique

2064 5527 2399 5583 contrariam
2458 5524 2624 5580 vitam
2697 5525 3132 5603 amplectendam
3190 5529 3472 5586 voluntate
3530 5534 3630 5584 sua

3266 5789 3386 5853 '17

3545 320 3652 377 5‘22

4040 2026 4072 2089 υ

4041 2103 4072 2185 ἑ

4042 2195 4072 2257 Ξ

4043 2270 4072 2324 a

4043 2334 4072 2395 ι

4043 2404 4072 2500 ε

4041 2621 4072 2689 Ξ

4042 2703 4072 2829 ἓ

4041 2836 4072 2955 ἰ

4036 3194 4072 3274 ἑ

4037 3300 4072 3325 α

4036 3382 4072 3426 ³

4036 3504 4072 3589 '7

4035 3599 4072 3663 ἓ

4035 3681 4072 3731 J

4034 3736 4072 3829 Ξ

4034 3837 4072 3941 Ξ

4033 3961 4072 3988 υ

4035 4049 4072 4097 ul

4031 4108 4072 4230 Ξ
