4072 6156
371 310 475 367 5‘23
554 332 567 346 ⁸
1601 304 1658 360 S.
1684 304 2012 362 GREGORII
2043 303 2338 362 NYSSENI
3515 303 3621 361 5%

375 420 699 493 propensior
756 418 966 486 evasit,
1021 412 1486 470 inconsideratius
1534 411 1771 471 fortasse
1822 430 1934 471 rem

2041 417 2282 487 χείρονος
2301 455 2315 480 ,
2349 415 2442 468 καὶ
2480 414 2615 486 πρὸς
2640 414 2703 467 τὸ
2742 414 2986 485 κρεῖττον
3012 413 3425 484 ἀναγκαστικῶς
3457 435 3621 489 μετα-

373 511 808 583 expendentibus
836 509 1114 563 videretur
1149 506 1314 573 utile,
1348 514 1409 560 ut
1446 520 1477 560 a
1521 507 1665 561 malo
1698 506 1934 562 discede-

2040 507 2249 571 θεῖναι,
2283 509 2394 571 τοίς
2434 508 2529 578 μὲν
2572 507 2947 574 ἀνεξετάστοις
2983 500 3252 579 χρήᾶιμον
3283 503 3423 561 εἶναι
3449 508 3616 563 δοκεῖ’

375 620 559 660 remus
595 603 785 665 inviti,
822 599 1110 668 coactique
1143 597 1211 651 ad
1248 598 1451 653 bonum
1485 605 1842 654 revertemur.
1871 596 1938 653 At

370 698 626 751 humanae
673 701 881 747 naturae
926 689 1167 745 clfeetori
1200 689 1393 743 inutile
1437 690 1614 743 visum
1653 695 1738 744 est
1778 695 1942 758 atque

371 791 619 858 iniquum
644 828 659 853 ,
693 794 751 839 ut
776 785 856 838 ob
888 797 1008 837 eam
1041 782 1459 853 dispositionem
1487 790 1684 836 natura
1715 780 1939 834 maximi

372 879 499 933 boni
530 878 805 948 jacturam
842 875 1062 928 iaceret.
1100 872 1235 926 Nam
1269 887 1392 927 cum
1430 871 1537 926 Deo
1568 872 1786 936 similis,
1810 872 1940 924 bea-

371 980 567 1039 tusque
612 981 674 1021 ea
722 981 781 1020 re
816 972 963 1019 esset
1013 964 1211 1029 homo,
1260 963 1405 1033 quod
1458 964 1629 1017 libera
1680 962 1940 1033 praeditus

368 1069 487 1114 erat
513 1060 791 1113 voluntate
818 1055 997 1127 (juris
1025 1057 1169 1109 enim
1196 1071 1319 1110 esse
1350 1056 1465 1120 sui,
1491 1064 1545 1110 et
1571 1055 1777 1110 nullius
1812 1055 1939 1109 sub-

364 1155 566 1219 jectum
598 1149 850 1219 imperio,
880 1148 1078 1202 divinae
1101 1156 1186 1203 est
1218 1146 1581 1202 beatitudinis
1607 1145 1936 1217 proprium),

369 1245 412 1298 si
453 1242 781 1297 necessitate
823 1240 1011 1301 illum,
1049 1247 1103 1293 et
1141 1240 1191 1291 vi
1234 1237 1302 1291 ad
1340 1237 1546 1307 aliquid
1597 1238 1937 1308 impulisset,

366 1349 429 1388 ea
483 1333 777 1404 spoliasset
828 1331 1005 1399 ipsum
1058 1329 1341 1398 dignitate.
1396 1328 1498 1392 Qui
1549 1327 1693 1382 enim
1747 1334 1941 1397 sponte

368 1437 629 1498 motuque
688 1425 998 1480 voluntario
1054 1430 1305 1476 naturam
1380 1437 1536 1477 suam
1596 1421 1664 1475 ad
1733 1419 1940 1491 aliquid

367 1537 593 1583 eorum,
643 1534 764 1589 quae
820 1532 930 1571 non
985 1515 1354 1578 conveniunt,
1409 1520 1840 1575 converterunt,
1894 1514 1939 1566 si

366 1610 464 1683 per
488 1610 597 1663 vim
626 1609 692 1661 ab
722 1608 790 1660 iis
812 1646 825 1668 ,
856 1620 978 1675 qua:
1010 1605 1110 1658 sibi
1147 1604 1250 1674 ipsi
1288 1603 1645 1673 delegerunt,
1674 1603 1941 1656 desistere

366 1707 655 1771 cogantur,
704 1698 910 1752 bonum
961 1695 1071 1750 illis
1123 1694 1402 1757 adimitur,
1462 1693 1609 1762 quod
1657 1691 1935 1746 habebant

2039 599 2115 670 τῷ
2170 600 2225 653 δὲ
2274 600 2484 672 πλάστῃ
2539 601 2637 671 τῆς
2688 599 2901 669 φύσεως
2950 578 3260 662 ἀλυσιτελὲς
3302 599 3473 671 ἐφάνη
3525 578 3657 653 καὶ¹

2040 692 2259 757 ἄδικον,
2295 691 2393 763 τὴν
2439 690 2533 744 τοῦ
2586 690 2842 761 μεγίστου
2890 689 2997 745 τῶν
3045 689 3265 759 ἀγαθῶν
3299 690 3500 761 ζημίαν
3530 690 3620 745 διὰ

2040 783 2138 854 τῆς
2169 782 2421 853 τοιαύτης
2450 781 2759 852 οἰκονομίας
2785 781 3169 852 ἐμποιῆσαιτῇ
3205 780 3382 851 φύσει.
3402 778 3621 852 Ἐπειδὴ

2040 875 2147 945 γὰρ
2177 873 2416 944 θεοειδὴς
2447 874 2476 927 ό
2511 873 2796 944 ἄνθρωπος
2824 874 3039 943 ἐγένετο
3063 914 3079 939 ,
3110 876 3203 927 καὶ
3249 873 3517 945 μακάριος
3538 872 3618 944 τῷ

2040 966 2373 1037 αύτεξουσίῳ
2393 965 2750 1037 τετιμημένος
2784 966 2879 1028 (τὸ
2921 966 3029 1036 γὰρ
3065 966 3400 1035 αὐτοκρατές
3438 981 3496 1018 τε
3524 964 3619 1021 καὶ

2039 1058 2331 1112 ἀδέσποτον
2366 1059 2496 1111 ίδιόν
2554 1058 2669 1110 ἐστι
2723 1058 2820 1127 τῆς
2870 1058 3017 1120 Θείας
3050 1054 3526 1127 μακαριότητος),
3557 1054 3619 1108 τὸ

2039 1148 2106 1200 δι’
2139 1148 2382 1219 ἀνάγκης
2416 1148 2579 1201 αὑτὸν
2607 1149 2695 1199 ἐπί
2743 1166 2795 1199 τι
2838 1147 3167 1217 μεταχθῆναι
3198 1133 3418 1216 βιαίωξ.
3457 1145 3620 1215 ἀφαί-

2045 1256 2191 1310 ρεσις
2237 1238 2330 1291 τοῦ
2370 1238 2678 1309 ἀξιώματος
2715 1234 2801 1310 ἦν.
2843 1240 2903 1292 Εἰ
2950 1239 3057 1308 γάρ
3098 1237 3354 1301 ἑκουσίως
3385 1237 3482 1309 τὴν
3524 1239 3618 1291 ἀν-

2042 1331 2319 1401 θρωπίνην
2372 1331 2531 1400 φύσιν
2566 1330 2705 1384 κατά
2736 1331 2834 1399 τὴν
2875 1330 3218 1394 αὐτεξούσιον
3262 1329 3475 1400 κίνησιν
3523 1327 3616 1381 ἐπί

2041 1437 2093 1473 τι
2125 1420 2232 1473 τῶν
2263 1422 2324 1473 οὐ
2373 1422 2600 1474 δεόντων
2642 1422 2997 1491 ὁρμήσασαν,
3041 1421 3227 1490 βιαίως
3263 1438 3321 1473 τε
3358 1422 3451 1473 καὶ
3482 1436 3616 1473 κατ‹

2040 1515 2468 1584 ηναγκασμένως
2485 1513 2591 1568 τῶν
2624 1515 2955 1585 αἱρεσάντων
2984 1516 3308 1587 ἀπέστησεν,
3331 1513 3617 1586 ἀφαίρεσις

2040 1605 2106 1660 ἂν
2135 1604 2202 1678 ἧν
2235 1606 2328 1660 τοῦ
2381 1610 2701 1679 προέχοντος
2735 1606 2939 1675 ἀγαθοῦ
2968 1607 3028 1660 τὸ
3050 1608 3328 1677 γινόμενον
3347 1647 3363 1672 ,
3393 1607 3487 1659 καὶ
3517 1606 3617 1677 τῆς

2046 1699 2249 1753 ἰσοθέου
2272 1701 2436 1770 τιμῆς
2465 1699 2850 1770 ἀποστέρησις.
2892 1700 3117 1752 ’ἰσόθεον
3138 1700 3245 1769 γάρ
3274 1701 3391 1754 ἐστι
3406 1698 3465 1752 τὸ
3495 1697 3623 1751 αύτ-

365 1797 560 1866 prius:
595 1807 767 1861 eaque
798 1806 889 1845 res
921 1801 1001 1843 est
1042 1787 1278 1857 privatio
1328 1785 1503 1841 divini
1548 1783 1796 1839 honoris.
1846 1782 1934 1836 Li-

2036 1788 2295 1853 εξούσιον.
2339 1790 2423 1852 Ὡς
2460 1788 2524 1842 ἂν
2562 1784 2653 1842 οὖν
2691 1790 2840 1859 καὶή
2872 1789 3089 1856 ἐξουσία
3132 1791 3281 1859 μένοι
3309 1792 3377 1862 τῇ
3430 1789 3613 1859 φύσει,

368 1893 555 1944 berum
600 1888 743 1942 enim
786 1882 1085 1939 voluntatis
1128 1879 1417 1934 arbitrium
1478 1885 1563 1933 est
1619 1877 1797 1930 honor
1852 1875 1937 1929 di-

364 1982 493 2035 vino
534 1977 781 2047 aqualis.
827 1973 1198 2040 Quamobrem
1253 1979 1313 2025 ut
1360 1970 1524 2025 simul
1582 1977 1636 2023 et
1686 1968 1937 2021 humana:

365 2081 572 2126 naturae
619 2068 1028 2136 relinqueretur
1078 2062 1320 2131 dignitas
1367 2061 1552 2115 liberae
1601 2059 1933 2125 voluntatis,

364 2173 417 2217 et
456 2164 633 2231 ipsum
678 2157 990 2212 auferretur
1032 2154 1266 2214 malum,
1315 2153 1455 2206 hanc
1494 2151 1679 2205 divina
1720 2151 1938 2219 sapien-

368 2257 440 2307 tia
486 2254 752 2307 rationem
786 2239 1148 2316 excogitavit,
1181 2254 1241 2299 ut
1278 2245 1334 2299 in
1380 2244 1447 2298 iis
1495 2242 1768 2297 hominem
1817 2255 1939 2296 esse

367 2348 599 2408 sineret,
636 2357 757 2413 qua:
791 2340 892 2395 sibi
928 2338 1046 2406 ipse
1088 2337 1376 2406 elegisset,
1411 2349 1521 2403 quo
1554 2332 1787 2403 gustatis
1823 2346 1937 2385 ma-

367 2443 467 2505 lis,
516 2453 637 2508 quae
689 2434 1117 2503 concupiverat,
1173 2430 1617 2499 cxperiendoque
1669 2426 1935 2487 discens,

366 2544 487 2598 mue
528 2526 726 2597 quibus
767 2527 1201 2585 commutassct,
1249 2535 1312 2573 ea
1366 2518 1665 2587 cupiditate
1717 2530 1937 2587 rursum

364 2623 768 2682 incenderetur,
797 2624 855 2669 ut
883 2616 1135 2669 vitiorum
1170 2610 1753 2683 perturbationumque
1772 2650 1786 2673 ,
1818 2624 1940 2678 qua:

365 2709 561 2763 rationi
621 2707 855 2760 inimica:
907 2712 1071 2769 sunt,
1128 2717 1295 2756 onere
1325 2700 1611 2770 deposito,
1671 2706 1726 2753 et
1756 2699 1840 2753 vel
1883 2700 1938 2753 in

366 2799 622 2869 praesenti
652 2797 763 2852 vita
791 2796 1048 2865 precibus
1083 2794 1477 2862 sapientizeque
1524 2792 1707 2846 studio
1740 2806 1940 2862 purga.

363 2901 489 2957 tus,
520 2890 598 2943 vel
632 2897 753 2960 post
782 2886 993 2940 obitum
1034 2901 1127 2953 per
1162 2883 1522 2953 expurgantis
1566 2883 1708 2953 ignis
1750 2879 1941 2934 forna-

361 2956 482 3036 cem,
511 2956 796 3049 expiatus,
844 2976 910 3030 ad
959 2976 1250 3046 pristinam
1284 2975 1443 3029 vellet
1488 2974 1669 3029 redire
1716 2973 1942 3029 felicita-

2040 1882 2133 1934 xui.
2165 1882 2226 1934 τὸ
2251 1882 2417 1936 κακὸν
2445 1884 2765 1951 ἀπογένοιτο
2789 1921 2804 1944 ,
2842 1881 3043 1953 ταύτην
3072 1876 3228 1952 εὗρεν
3261 1884 3295 1952 ἡ
3338 1881 3499 1950 σοφία
3520 1877 3618 1934 τοῦ

2039 1972 2176 2027 Θεοῦ
2214 1973 2311 2044 τὴν
2337 1975 2617 2038 ἐπίνοιαν,
2648 1973 2711 2027 τὸ
2760 1976 2918 2028 ἐᾶσαι
2957 1975 3046 2027 τὸν
3099 1974 3381 2046 ἄνθρωπον
3431 1976 3489 2027 ἐν
3535 1969 3616 2038 οἷς

2040 2064 2302 2135 ἐϐουλήθη
2334 2064 2582 2133 γενέσθαι
2606 2106 2621 2131 ,
2655 2066 2742 2119 ἵνα
2770 2066 3105 2137 γευσάμενος
3144 2066 3250 2119 τῶν
3290 2066 3474 2121 κακῶν
3498 2107 3513 2132 ,
3540 2059 3615 2121 ὧν

2040 2155 2405 2225 ἐπεθύμησεν,
2435 2157 2527 2209 καὶ
2546 2159 2611 2227 τῇ
2646 2157 2812 2228 πείρᾳ
2850 2156 3037 2226 μαθὼν
3058 2197 3071 2220 ,
3107 2151 3192 2209 οἷα
3220 2157 3335 2210 ἀνθ’
3364 2157 3491 2210 οἴων
3523 2156 3618 2227 ὴλ-

2038 2246 2234 2311 λάξατο
2259 2284 2273 2308 ,
2322 2244 2731 2318 παλινδρομήσῃ
2767 2246 2856 2299 διὰ
2900 2246 3000 2317 τῆς
3039 2246 3329 2316 ἐπιθυμίας
3354 2246 3615 2310 ἑκουσίως

2041 2339 2176 2408 πρὸς
2199 2337 2297 2409 τὴν
2326 2338 2548 2410 πρώτην
2575 2339 2952 2410 μακαριότητα
2970 2379 2985 2404 ,
3022 2340 3165 2393 ἅπαν
3190 2341 3250 2392 τὸ
3278 2337 3521 2408 ἐμπαθές
3552 2354 3613 2390 τε

2040 2427 2134 2481 καὶ
2162 2428 2353 2496 ἄλογον
2377 2468 2391 2492 ,
2440 2428 2627 2498 ὥσπερ
2658 2446 2708 2481 τι
2751 2428 2914 2497 ἄχθος
2958 2428 3336 2492 ἀποσκευάσας
3378 2427 3475 2497 τῆς
3512 2424 3615 2495 φύ-

2041 2535 2177 2581 σεως
2200 2560 2213 2584 ,
2249 2519 2367 2587 ῆτοι
2399 2518 2538 2571 κατὰ
2568 2519 2664 2589 τὴν
2693 2517 2972 2588 παροῦσαν
2998 2517 3158 2588 ζωὴν,
3191 2518 3277 2569 διὰ
3308 2515 3616 2587 προσευχῆς

2039 2627 2097 2663 τε
2126 2610 2219 2661 καὶ
2252 2608 2566 2677 φιλοσοφίας
2597 2608 2959 2676 ἐκκαθαρθεὶς
2979 2647 2993 2673 ,
3029 2606 3061 2675 ἢ
3095 2607 3230 2676 μετά
3264 2605 3360 2677 τὴν
3406 2604 3615 2658 ἐνθένδε

2042 2700 2456 2771 μετανάστασιν,
2482 2698 2570 2752 διὰ
2596 2698 2699 2768 τῆς
2722 2698 2814 2750 τοῦ
2842 2698 3139 2769 καθαρσίου
3176 2697 3342 2769 πυρὸς
3367 2695 3612 2766 χωνείας.

2041 2792 2253 2862 Ὥσπερ
2281 2792 2389 2861 γὰρ
2420 2791 2472 2843 εί
2489 2807 2571 2853 τις
2609 2790 2847 2861 ἰατρικὸς
2880 2788 2954 2842 ὢν
2979 2831 2993 2853 ,
3035 2791 3131 2843 καὶ
3180 2791 3360 2843 πᾶσαν
3392 2788 3618 2859 ἐπιστή-
3686 2830 3691 2835 .

2045 2897 2150 2952 μην
2174 2881 2281 2934 τῶν
2309 2897 2371 2933 τε
2402 2881 2702 2950 σωτηρίων,
2731 2881 2824 2933 καὶ
2846 2880 2951 2934 τῶν
2975 2881 3313 2953 δηλητηρίων
3336 2882 3402 2934 ἐκ
3422 2881 3617 2950 τέχνης

2041 2976 2179 3046 ἔχων
2198 3016 2214 3041 ,
2253 2975 2634 3046 συμϐουλεύων
2661 2974 2739 3045 τῷ
2778 2973 3045 3045 μειρακίῳ
3072 2974 3137 3026 τὰ
3169 2973 3353 3026 δέοντα
3372 3013 3388 3037 ,
3418 2970 3494 3042 μὴ
3528 2970 3616 3023 δυ-

362 3084 493 3127 tent.
528 3070 597 3125 Ut
632 3070 777 3124 cnim
821 3068 866 3123 si
900 3069 1025 3137 quis
1057 3067 1282 3120 medica:
1315 3065 1594 3121 facultatis
1616 3108 1631 3133 ,
1664 3074 1718 3120 et
1746 3081 1934 3120 eorum

2042 3067 2228 3138 νηθείη
2263 3066 2352 3121 διὰ
2400 3067 2709 3138 συμϐουλῆς
2740 3066 2980 3123 κωλῦσαι
3018 3066 3111 3119 τὸν
3140 3065 3304 3136 ἀτελῆ
3349 3064 3489 3118 κατά
3518 3061 3616 3134 τὴν

362 3183 483 3237 quae
509 3162 805 3218 valetudini
832 3162 913 3216 vel
945 3160 1159 3229 prosint
1187 3159 1268 3211 vel
1300 3158 1516 3220 obsint,
1547 3158 1935 3226 peritissimus,

373 3256 784 3310 adolescentulo
814 3250 1033 3321 quidem
1078 3248 1397 3303 consuleret
1435 3247 1718 3312 salutaria,
1763 3248 1858 3303 sed
1887 3248 1937 3303 ei

364 3358 545 3399 tamen
578 3350 800 3414 propter
836 3341 1015 3395 :etatis
1052 3338 1464 3409 prudentiaeque
1506 3338 1936 3393 imbecillitatem

361 3437 597 3492 consilio
641 3450 741 3489 suo
787 3432 1122 3504 persuadere
1167 3445 1277 3484 non
1318 3437 1534 3499 posset,
1576 3429 1873 3499 quominus
1907 3443 1935 3481 a

362 3528 540 3581 fructu
561 3566 576 3590 ,
612 3534 706 3578 aut
737 3525 904 3580 herba
932 3524 1115 3593 aliqua
1140 3521 1451 3592 perniciosa
1489 3528 1855 3591 temperaret,
1888 3521 1936 3576 is

362 3636 483 3675 cum
517 3633 677 3673 omne
708 3616 1072 3672 remediorum
1104 3629 1277 3683 genus
1309 3614 1361 3667 in
1395 3621 1648 3684 promptu
1683 3613 1933 3677 haberet,

363 3711 702 3782 permitteret
734 3709 865 3772 lilio,
889 3715 945 3762 ut
975 3723 1035 3762 re
1060 3707 1222 3762 noxia
1252 3715 1591 3772 vesceretur,
1616 3721 1727 3776 quo
1758 3706 1935 3760 morbi

360 3802 614 3857 molestia
664 3810 759 3855 aut
807 3800 996 3854 dolore
1031 3799 1215 3867 aliquo
1262 3796 1550 3862 all‘eetum,
1602 3813 1769 3867 reque
1816 3798 1935 3867 ipsa

362 3891 573 3963 paterni
612 3891 827 3946 consilii
873 3890 1164 3942 utilitatem
1212 3895 1633 3957 agnoscentem,
1670 3888 1936 3943 valetudi-

362 3985 557 4053 nisque
587 3981 928 4052 cupidiorem
959 3979 1379 4034 medicamentis
1406 3980 1522 4035 suis
1552 3981 1605 4033 in
1639 3981 1932 4049 pristinum

360 4075 647 4129 reduceret
686 4078 922 4132 statum,
952 4067 1096 4123 unde
1125 4076 1347 4138 propter
1373 4069 1595 4124 stultam
1625 4069 1734 4123 cibi
1775 4069 1937 4139 pesti-

358 4166 460 4220 feri
508 4163 861 4234 cupiditatem
899 4161 1195 4216 excidisset
1233 4181 1246 4216 :
1298 4162 1377 4216 sic
1424 4161 1676 4216 humana:
1724 4169 1934 4217 naturae

356 4256 711 4313 dulcissimus
756 4261 919 4324 atque
957 4253 1198 4325 optimus
1242 4263 1415 4323 pater,
1457 4269 1580 4324 quae
1627 4253 1927 4319 salutaria,

355 4362 543 4420 quaeve
579 4346 886 4418 perniciosa
934 4353 1119 4400 essent
1169 4346 1413 4409 homini,
1449 4345 1611 4414 plane
1658 4353 1927 4399 noverat:

354 4441 539 4509 itaque
572 4439 724 4492 illum
760 4436 1079 4502 admonuit,
1110 4452 1177 4490 ne
1215 4436 1529 4505 perniciosa
1562 4437 1926 4506 contingeret.

354 4529 557 4585 Verum
600 4543 723 4584 cum
763 4529 837 4583 rei
870 4526 1161 4581 deterioris
1191 4526 1491 4596 cupiditate
1532 4524 1714 4580 victus
1742 4532 1927 4593 esset,

355 4618 770 4675 medicamentis
801 4633 910 4672 non
943 4616 1179 4688 lndiguit
1201 4657 1214 4681 ,
1251 4615 1459 4686 quibus
1486 4630 1610 4669 eum
1644 4615 1711 4670 ad
1746 4614 1931 4685 pristi-

354 4727 481 4766 nam
516 4713 804 4766 sanitatem
847 4717 1155 4764 revocaret.
1208 4707 1418 4761 Etenim
1455 4721 1579 4760 eum
1607 4720 1929 4776 corpoream

354 4805 514 4858 istam
545 4804 882 4874 voluptatem
935 4801 1103 4855 animi
1141 4799 1736 4870 laetitiaa‘prtetulisset,
1780 4799 1929 4854 visus

349 4905 434 4947 est
459 4890 864 4963 quodammodo
891 4891 1036 4945 Deus
1058 4891 1396 4960 permittere,
1434 4890 1707 4944 hominem
1738 4903 1804 4944 eo
1829 4889 1930 4943 im-

351 4992 479 5054 petu
514 4983 674 5049 ferri,
708 4992 930 5054 propter
955 4981 1196 5037 tunicam
1226 4983 1375 5036 illam
1412 4983 1693 5052 pelliceam
1717 5021 1731 5044 ,
1761 4997 1926 5052 quam

352 5076 422 5129 ob
452 5074 575 5144 ejus
601 5075 1029 5145 propensionem
1061 5074 1126 5126 ad
1160 5075 1360 5127 malum
1395 5074 1569 5127 induit
1599 5075 1785 5140 illum,
1819 5089 1927 5144 qua

353 5166 576 5237 quidem
606 5166 792 5221 tunica
823 5175 1033 5220 naturae
1058 5166 1271 5220 ratione
1293 5167 1537 5219 vacantis
1566 5166 1928 5236 proprietates

354 5257 561 5311 homini
598 5255 846 5311 admistze
880 5265 1030 5311 sunt.
1069 5254 1348 5327 Sapientia
1379 5255 1526 5309 enim
1555 5255 1647 5308 illa
1677 5270 1799 5325 quae
1832 5271 1930 5329 per

352 5347 632 5402 contraria
657 5388 671 5410 ,
700 5348 844 5417 quod
876 5348 1073 5403 melius
1101 5356 1220 5407 est,
1256 5345 1500 5414 disponit
1528 5387 1542 5410 ,
1587 5353 1796 5399 natura;
1840 5359 1927 5399 ra-

353 5441 502 5493 tione
556 5440 797 5510 praedita:
853 5439 1154 5493 bestiarum
1217 5437 1602 5491 indumentum
1660 5436 1922 5492 confecit.

353 5526 487 5581 Nam
519 5528 702 5582 tunica
735 5528 824 5581 illa
856 5528 1079 5598 pellicea
1116 5542 1301 5580 secum
1336 5523 1518 5581 ferens
1560 5540 1752 5580 omnes
1802 5541 1929 5595 pro-

353 5619 651 5688 prietates,
715 5633 856 5687 quas
914 5634 979 5672 ex
1034 5618 1335 5685 bestiarum
1392 5626 1589 5671 natura
1646 5618 1923 5686 continet,

353 5723 552 5781 nempe
612 5708 977 5778 voluptatem,
1042 5707 1417 5776 iracundiam,
1483 5708 1726 5779 gutturis
1789 5724 1924 5765 ven-

2040 3159 2254 3231 ήλικίαν
2304 3176 2364 3212 τε
2411 3159 2505 3212 καὶ
2559 3157 2657 3230 τὴν
2693 3157 2975 3228 φρόνησιν,
3031 3155 3440 3225 ἐπιθυμητικῶς
3482 3153 3617 3224 πρός

2037 3268 2157 3304 τινα
2190 3250 2509 3321 φθοροποιὸν
2546 3248 2813 3321 καρπὺνῆ
2855 3248 2990 3302 πόαν
3028 3246 3360 3311 διατεθέντα,
3393 3246 3531 3316 ἔχων
3558 3244 3617 3298 δὲ

2038 3343 2297 3396 παντοίαν
2323 3342 2434 3396 τῶν
2475 3341 2935 3413 ἀλεξιφαρμάκων
2981 3340 3329 3412 παρασκευὴν
3355 3378 3370 3403 ,
3402 3335 3619 3408 ἐπιτρέ-

2035 3431 2156 3500 ψειε
2193 3430 2270 3501 τῷ
2300 3430 2451 3484 παιδὶ
2486 3433 2777 3500 μετασχεῖν
2818 3431 2926 3485 τῶν
2957 3430 3301 3501 βλαπτόντων
3320 3471 3335 3496 ,
3367 3429 3450 3499 ἐφ’
3486 3422 3530 3498 ᾧ
3555 3444 3615 3482 τε

2035 3521 2123 3575 διὰ
2165 3521 2263 3591 τῆς
2294 3520 2402 3573 τῶν
2440 3521 2703 3589 ἀλγεινῶν
2749 3523 2945 3592 πείρας
2984 3523 3045 3576 τὸ
3069 3523 3337 3594 χρήσιμον
3370 3521 3469 3592 τῆς
3510 3538 3617 3575 πα-

2035 3612 2217 3684 τρῴας
2251 3611 2562 3683 συμϐουλῆς
2610 3612 2848 3682 μαθόντα
2878 3654 2891 3678 ,
2948 3615 3040 3669 καὶ
3091 3618 3149 3669 ἐν
3202 3614 3467 3684 ἐπιθυμία
3517 3612 3617 3684 τῆς

2038 3704 2248 3773 ὑγιείας
2280 3703 2591 3774 γενόμενον,
2632 3706 2793 3759 πάλιν
2843 3706 2932 3760 διά
2958 3706 3065 3759 τῶν
3096 3706 3466 3779 ἀλεξητηρίων
3517 3706 3616 3759 ἐπ-

2035 3795 2285 3865 αναγάγῃ
2315 3794 2452 3864 πρὸς
2481 3794 2692 3859 εὐεξίαν
2722 3797 2812 3850 τὸν
2854 3797 3037 3862 παῖδα,
3064 3792 3132 3869 ἦς
3163 3798 3248 3852 διὰ
3275 3796 3376 3868 τῆς
3409 3796 3611 3850 ἀτόπου

2034 3886 2142 3940 τῶν
2163 3885 2500 3956 δηλητηρίων
2528 3887 2821 3959 ἐπιθυμίας
2843 3889 3098 3954 ἐξέπεσεν
3116 3909 3129 3921 ·
3153 3890 3323 3953 οὕτως
3355 3892 3384 3943 ό
3412 3887 3616 3958 γλυκύς

2033 3997 2093 4034 τε
2122 3979 2216 4033 καὶ
2243 3977 2444 4047 ἀγαθὸς
2469 3980 2569 4050 τῆς
2597 3980 2811 4049 φύσεως
2841 3982 2996 4053 ἡμῶν
3027 3982 3241 4054 πατὴρ,
3274 3986 3303 4037 ὁ
3332 3983 3486 4046 εἰδὼς
3519 3980 3614 4038 καὶ

2034 4074 2103 4126 δι’
2133 4066 2208 4126 ὧν
2234 4070 2540 4141 σωζόμεθα,
2571 4072 2833 4145 ἐγνώρισε
2889 4075 2986 4145 μὲν
3024 4075 3101 4145 τῷ
3132 4074 3403 4145 ἀνθρώπῳ
3427 4075 3487 4128 τὸ
3517 4075 3612 4146 δη-

2034 4163 2311 4234 λητήριον,
2342 4161 2437 4215 καὶ
2466 4165 2528 4217 τὸ
2563 4162 2639 4235 μὴ
2672 4169 2960 4235 μετασχεῖν
2995 4164 3408 4220 συνεϐούλευσεν
3431 4184 3443 4197 ·
3474 4184 3612 4237 κρα-

2034 4256 2277 4325 τησάσης
2297 4253 2361 4322 δέ
2381 4254 2482 4323 τῆς
2504 4255 2801 4327 ἐπιθυμίας
2825 4255 2918 4309 τοῦ
2942 4257 3183 4328 χείρονος
3198 4299 3212 4323 ,
3244 4257 3342 4310 οὐκ
3366 4258 3610 4328 ἠπόρησε

2035 4348 2143 4401 τῶν
2179 4349 2399 4417 ἀγαθῶν
2426 4349 2873 4423 ἀντιφαρμάκων,
2904 4348 2973 4402 δι’
3004 4344 3080 4402 ὧν
3107 4349 3431 4422 ἐπαναγάγῃ
3451 4348 3610 4403 πάλιν

1964 4473 2008 4528 D
2040 4439 2177 4509 πρὸς
2212 4438 2309 4510 τὴν
2348 4440 2449 4511 τῆς
2482 4440 2657 4511 ἀρχῆς
2681 4438 2893 4506 εὐεξίαν
2915 4440 3009 4492 τὸν
3035 4439 3339 4510 ἄνθρωπον.
3366 4437 3476 4511 Τὴν
3504 4438 3611 4510 γὰρ

2038 4529 2228 4602 ὑλικὴν
2254 4530 2457 4601 ταύτην
2507 4530 2698 4601 ἡδονὴν
2744 4530 2849 4602 πρὸ
2890 4531 2989 4601 τῆς
3013 4529 3251 4602 ψυχικῆς
3276 4530 3612 4602 εὐφροσύνης

2032 4618 2126 4672 τοῦ
2156 4621 2445 4691 ἀνθρώπου
2472 4622 2859 4693 προελομένου,
2888 4622 3199 4693 συντρέχειν
3222 4624 3322 4694 μέν
3352 4640 3466 4686 πως
3495 4623 3610 4676 ἐδο-

2036 4708 2123 4772 ξεν
2172 4710 2321 4780 αὑτῷ
2358 4713 2423 4781 τῇ
2466 4713 2610 4781 ὁρμῇ
2657 4710 2745 4764 διὰ
2778 4712 2873 4764 τοῦ
2909 4711 3232 4783 δερματίνου
3266 4714 3523 4784 χιτῶνος,
3552 4714 3611 4768 ὃν

2031 4801 2119 4854 διὰ
2148 4800 2247 4870 τὴν
2274 4800 2409 4872 πρὸς
2446 4800 2507 4853 τὸ
2539 4803 2722 4871 χεῖρον
2749 4801 2899 4872 αὐτῷ
2940 4802 3111 4874 ῥοπὴν
3160 4804 3484 4875 περιέθηκεν
3502 4842 3517 4870 ,
3544 4804 3610 4857 δι’

2031 4889 2092 4948 οὗ
2137 4894 2235 4964 τῆς
2271 4894 2464 4963 ἀλόγου
2522 4894 2736 4963 φύσεως
2785 4896 3053 4968 ἐπεμίχθη
3109 4896 3186 4967 τῷ
3237 4896 3509 4969 ἀνθρώπῳ
3546 4898 3612 4951 τά

2036 4984 2320 5056 ίδιώματα,
2349 4979 2426 5041 ὧν
2448 4986 2556 5041 τῶν
2578 4987 2786 5057 ἀλόγων
2816 4988 2970 5053 ζώων
3011 4990 3109 5060 τῆς
3144 4989 3368 5061 λογικῆς
3398 4990 3613 5059 φύσεως

2033 5078 2237 5148 ἔνδυμα
2267 5079 2676 5150 κατεσκευάσθη
2701 5082 2767 5152 τῇ
2800 5082 2961 5158 σοφίᾳ
2990 5082 3083 5136 τοῦ
3117 5082 3205 5136 διὰ
3219 5082 3327 5134 τῶν
3355 5082 3612 5136 ἐναντίων

2030 5170 2440 5241 οίκονομοῦντος
2480 5171 2550 5225 τὰ
2599 5173 2902 5243 κρείττονα.
2953 5174 3138 5227 Πάντα
3190 5174 3298 5246 γὰρ
3341 5174 3522 5244 φέρων
3555 5176 3611 5226 ὲν

2030 5261 2206 5332 ἑαυτῷ
2250 5262 2317 5316 τὰ
2370 5262 2634 5333 ἰδιώματα
2684 5265 2713 5316 ό
2742 5264 3064 5336 δερμάτινος
3105 5265 3270 5335 χιτὼν
3297 5306 3309 5328 ,
3346 5268 3445 5319 ὅσα
3500 5260 3613 5335 εἶχε

2031 5353 2299 5425 περιέχων
2330 5355 2430 5425 τὴν
2459 5355 2650 5424 ἀλογον
2679 5354 2862 5425 φύσιν,
2892 5357 3082 5429 ἡδονήν
3111 5375 3169 5411 τε
3204 5359 3298 5412 καὶ
3324 5359 3494 5429 θυμὸν
3522 5360 3613 5413 καὶ

2028 5446 2506 5517 γαστριμαργίαν,
2538 5446 2630 5500 καὶ
2671 5447 2977 5518 ἀπληστίαν
2997 5490 3011 5512 ,
3043 5451 3137 5503 καὶ
3166 5450 3236 5504 τὰ
3262 5452 3424 5521 ὃμοια
3446 5489 3461 5514 ,
3496 5451 3612 5504 όδδν

2028 5531 2211 5587 δίδωσι
2241 5537 2308 5604 τῇ
2340 5534 2655 5606 ἀνθρωπίνῃ
2691 5538 3007 5608 προαιρέσει
3054 5540 3155 5609 τῆς
3195 5540 3318 5593 καθ’
3353 5542 3609 5611 ἑκάτερον

2033 5624 2207 5694 ῥοπῆς
2229 5668 2242 5690 ,
2271 5626 2349 5687 εἰς
2376 5625 2575 5695 ἀρετήν
2601 5643 2659 5678 τε
2682 5628 2775 5679 καὶ
2803 5628 3000 5684 κακίαν
3023 5628 3123 5701 ὕλη
3152 5631 3458 5702 γινόμενος.
3479 5630 3610 5685 T05-

2030 5730 2143 5777 τοις
2176 5713 2284 5785 γὰρ
2312 5714 2644 5785 ὲμϐιοτεύων
2675 5716 2817 5771 κατά
2856 5717 2947 5773 τὸν
2976 5720 3101 5791 τῇδε
3134 5719 3247 5791 βίον
3274 5724 3302 5776 ό
3328 5721 3608 5793 ἄνθρωπος
