4072 6156
486 281 589 337 525

1874 285 1961 341 DE
2029 286 2359 357 MORTUlS.

3524 336 3536 346 .
3630 300 3734 355 526

482 402 550 471 τῇ
583 396 910 469 αὐτεξουσίῳ
950 401 1177 472 κινήσει,
1212 402 1260 454 εί
1300 401 1398 472 μὲν
1444 401 1771 472 διακρίνοιτο
1809 401 1901 455 τοῦ
1941 403 2060 456 ἀλό-

2190 407 2374 475 risque
2424 406 2701 473 vitia,'et
2748 409 2855 464 alia
2898 409 3143 478 ejusdem
3197 409 3449 480 generis,
3500 412 3738 472 hominis

486 509 583 560 γου
610 490 669 543 τὸ
695 490 845 553 ίδιον,
882 491 974 543 καὶ
1002 491 1136 562 πρὸς
1168 492 1359 544 ἐαυτὸν
1395 491 1581 561 βλέποι
1614 492 1699 546 διὰ
1723 493 1821 562 τῆς
1861 494 2067 545 ἀστειο-

484 584 650 654 τέρας
681 582 828 652 ζωῆς
848 623 863 647 ,
895 582 1187 653 καθάρσιον
1219 584 1318 654 τῆς
1354 584 1718 656 ἐμμιχθείσης
1748 585 1940 648 κακίας
1977 584 2068 637 τὸν

483 675 729 745 παρόντα
760 673 873 743 βίον
919 675 1201 745 ποιήσεται
1226 717 1239 735 ,
1283 674 1499 745 κρατῶν
1528 675 1616 729 διὰ
1647 674 1741 729 τοῦ
1784 676 1942 743 λόγου
1967 675 2068 746 τῆς

483 765 724 834 ἀλογίαςο
765 766 813 817 εί
846 764 902 818 δὲ
937 766 1071 836 πρὸς
1100 765 1196 836 τὴν
1219 766 1410 834 ἄλογον
1446 766 1554 819 τῶν
1603 767 1939 837 παθημάτων
1975 768 2066 837 ῥο-

483 856 590 927 πὴν
639 856 943 927 ἐπικλιθείη
974 896 986 916 .
1021 855 1097 927 τῷ
1148 857 1255 910 τῶν
1302 857 1513 924 ἀλόγων
1547 857 1775 928 δέρματι
1821 855 2066 926 συνεργῷ

483 948 826 1018 χρησάμενος
871 948 1006 1018 πρὸς
1037 948 1104 1001 τὰ
1137 949 1302 1018 πάθη,
1340 947 1514 1011 ἄλλως
1565 950 1703 1019 μετὰ
1747 947 1921 1001 ταῦτα
1947 947 2067 1018 βου-

482 1039 731 1123 λεύσεται
777 1039 911 1108 πρὸς
939 1037 999 1089 τὸ
1030 1040 1277 1108 κρεῖττον
1300 1077 1313 1102 ,
1353 1038 1490 1109 μετά
1522 1039 1618 1110 τὴν
1651 1040 1715 1092 ἐκ
1745 1039 1839 1093 τοῦ
1880 1038 2066 1110 σώμα-

482 1148 572 1192 τος
604 1125 779 1196 ἔξοδον
803 1129 962 1197 γνοὺς
992 1129 1091 1198 τῆς
1123 1131 1322 1202 ἀρετῆς
1348 1131 1410 1184 τὸ
1439 1131 1573 1202 πρὸς
1607 1132 1703 1201 τὴν
1728 1131 1921 1185 κακίαν
1947 1132 2065 1186 διά-

484 1238 646 1289 φορον
673 1262 686 1285 ,
727 1221 783 1272 ἐν
808 1219 885 1289 τῷ
918 1219 991 1290 μὴ
1023 1219 1281 1274 δύνασθαι
1314 1224 1599 1292 μετασχεῖν
1628 1222 1725 1291 τῆς
1762 1221 2055 1293 θειότητος,

487 1312 560 1382 μὴ
587 1311 681 1364 τοῦ
730 1312 1025 1381 καθαρσίου
1075 1314 1244 1384 πυρὸς
1296 1314 1386 1366 τὸν
1442 1314 1775 1385 ὲμμιχθὲντα
1821 1319 1883 1386 τῇ
1914 1314 2057 1386 ψυχῇ

486 1402 654 1472 ῥύπον
689 1403 1152 1474 ἀποκαθήραντος.

2165 498 2449 566 proposito
2478 500 2683 569 praebet
2714 501 3060 556 occasionem
3085 540 3099 566 ,
3126 510 3183 555 ut
3210 544 3224 568 ,
3256 502 3324 557 ad
3356 509 3540 559 utrum
3567 506 3737 574 velit,

2166 602 2288 642 sese
2315 597 2631 655 convertat,
2677 607 2800 647 cum
2851 593 3071 648 virtutis
3115 600 3170 645 et
3212 594 3329 647 vitii
3374 596 3600 650 materia
3630 599 3738 660 sit,

2166 678 2220 730 in
2248 678 2451 748 quibus
2473 720 2485 742 ,
2519 680 2648 734 dum
2679 682 2770 736 hic
2795 682 2963 746 vivit,
3008 697 3109 752 pro
3156 685 3425 740 arbitratu
3473 701 3575 741 suo
3618 702 3742 742 ver-

2166 777 2341 824 satur.
2375 769 2435 824 Si
2467 773 2745 843 neglecto,
2776 773 2922 843 quod
2966 774 3268 828 bestiarum
3312 782 3431 840 est,
3472 777 3743 833 urbanius

2164 860 2379 919 vivendi
2415 878 2588 931 genus
2620 866 3039 936 complectetur,
3069 868 3279 923 ratione
3303 870 3559 935 vincens,
3592 870 3740 940 quod

2164 953 2367 1007 rationi
2398 957 2739 1011 contrarium
2783 966 2906 1022 est,
2947 961 3205 1027 praesenti
3246 961 3349 1015 hac
3394 961 3502 1015 vita
3547 961 3744 1015 vitium
3808 1005 3818 1019 ς

2164 1043 2270 1098 sibi
2310 1045 2604 1100 admistum
2656 1047 2921 1116 expiabit.
2978 1048 3074 1101 Sin
3121 1064 3230 1118 quo
3267 1052 3742 1119 perturbationum

2165 1134 2400 1203 impetus
2431 1134 2623 1202 ducet,
2658 1137 2977 1202 inclinabit,
3009 1139 3419 1210 bestiarumque
3449 1141 3642 1209 pellem
3674 1139 3745 1195 ad

2163 1227 2297 1281 vitia
2334 1230 2646 1284 ministram
2679 1237 2734 1286 et
2783 1231 3110 1299 adjutricem
3139 1231 3455 1298 adhibebit,
3498 1233 3650 1288 aliud
3689 1234 3743 1288 ei

2167 1318 2367 1374 deinde
2394 1320 2691 1374 ineundum
2720 1322 2826 1375 erit
2854 1322 3145 1375 consilium
3170 1361 3184 1386 ,
3218 1328 3278 1375 ut
3306 1322 3372 1376 ad
3402 1324 3605 1378 bonum
3630 1338 3747 1394 per-

2167 1410 2351 1463 veniat
2396 1426 2519 1465 cum
2557 1428 2586 1466 e
2614 1428 2845 1482 corpore
2876 1429 3134 1483 egressus
3157 1454 3171 1476 ,
3218 1416 3435 1482 cognita
3458 1458 3472 1481 ,
3505 1431 3627 1486 quae
3658 1417 3748 1471 in-

485 1504 567 1547 ter
597 1493 854 1548 virtutem
897 1502 952 1549 ct
987 1495 1179 1549 vitium
1223 1494 1532 1549 diil‘crentia
1578 1505 1683 1556 est.
1738 1512 1845 1551 non
1879 1501 2081 1567 poterit
2117 1498 2424 1556 divinitatis
2480 1505 2754 1574 particeps
2801 1503 2949 1569 ﬁeri,
2983 1505 3089 1560 nisi
3120 1506 3365 1561 maculas
3429 1508 3611 1563 animo
3646 1508 3748 1563 im—

484 1590 678 1645 mistas
712 1593 1061 1660 purgatorius
1095 1591 1237 1661 ignis
1269 1592 1578 1645 abstulerit.

554 1681 738 1735 Ταῦτά
775 1683 921 1735 ἐστιν
958 1681 996 1735 ἃ
1018 1683 1114 1751 τὴν
1138 1683 1229 1735 τοῦ
1262 1682 1515 1752 σώματος
1549 1683 1736 1754 χρείαν
1762 1684 2063 1753 ἀναγκαίαν

2238 1682 2336 1739 llis
2387 1685 2455 1739 de
2511 1682 2696 1738 causis
2748 1683 2999 1752 corporis
3041 1688 3179 1741 usus
3227 1686 3388 1742 nobis
3428 1695 3513 1741 est
3558 1703 3750 1744 neces-

483 1773 615 1843 ἡμῖν
644 1773 916 1843 ἐποίησεν,
949 1774 1014 1826 δι’
1044 1765 1104 1825 οὗ
1143 1773 1202 1825 τό
1228 1790 1286 1826 τε
1314 1774 1656 1842 αὐτεξούσιον
1683 1775 1944 1840 σώζεται,
1972 1776 2065 1828 καὶ

483 1864 519 1933 ἡ
546 1862 679 1933 πρὸς
714 1864 772 1916 τὸ
797 1864 997 1932 ἀγαθὸν
1028 1865 1188 1919 πάλιν
1224 1865 1479 1929 ἐπάνοδος
1505 1867 1567 1920 οὐ
1596 1866 1862 1920 κωλύεται
1888 1884 1900 1896 ·
1931 1866 2067 1920 ἀλλά

484 1956 550 2024 τῇ
590 1956 865 2027 περιοδικῇ
893 1955 1062 2028 ταύτῃ
1088 1956 1376 2028 ἀκολουθίᾳ
1398 1999 1410 2019 ,
1435 1958 1522 2011 διὰ
1563 1958 1655 2012 τοῦ
1694 1961 1944 2013 ἑκουσίου
1982 1961 2067 2027 γίο

462 2043 632 2101 Nemi
654 2049 784 2119 ἡμῖν
822 2050 854 2119 ή
886 2048 1019 2120 πρὸς
1045 2049 1104 2101 τὸ
1132 2051 1376 2120 κρεῖττον
1409 2049 1587 2120 ῥοπὴ,
1618 2051 1726 2105 τῶν
1757 2052 1855 2122 μὲν
1888 2052 2069 2106 ἐντεῦ-

483 2138 576 2192 θεν
604 2140 700 2210 ἤδη
737 2140 824 2193 διά
871 2140 971 2209 τῆς
1000 2143 1059 2193 ἐν
1094 2143 1258 2214 σαρκὶ
1300 2142 1445 2212 ζωῆς
1474 2147 1563 2195 τὸν
1613 2145 1979 2215 πνευματικὸν
2011 2147 2067 2198 ἐν

487 2230 723 2301 ἀπαθείᾳ
757 2231 1165 2302 κατορθούντων
1202 2232 1314 2302 βίον
1342 2275 1358 2300 ,
1411 2235 1556 2298 οἵους
1587 2237 1913 2306 γεγενῆσθαι
1943 2238 2068 2298 τοὺς

486 2324 831 2393 πατριάρχας
878 2339 938 2375 τε
973 2324 1066 2376 καὶ
1117 2323 1243 2389 τοὺς
1290 2327 1574 2397 προφήτας
1625 2325 1896 2395 ἀκούομεν
1921 2366 1937 2390 ,
1976 2326 2069 2377 καὶ

488 2414 614 2476 τοὺς
656 2416 752 2467 σὺν
789 2415 972 2481 αὐτοῖς
1014 2432 1071 2468 τε
1106 2417 1199 2470 καὶ
1242 2416 1358 2486 μετ’
1388 2418 1625 2480 ἐκείνους
1662 2418 1728 2470 δι’
1765 2417 1964 2487 ἀρετῆς
2009 2433 2067 2469 τε

488 2507 582 2560 καί
607 2507 924 2577 φιλοσοφίας
953 2507 1360 2578 ἀναδραμόντας
1395 2508 1487 2560 ἐπὶ
1516 2508 1576 2560 τὸ
1620 2507 1825 2561 τέλειον
1845 2547 1859 2571 ,
1892 2506 2070 2579 μαθη-

488 2593 586 2656 τὰς
618 2593 763 2661 λέγω
788 2595 880 2647 καὶ
907 2594 1236 2658 ἀποστόλους
1271 2597 1363 2648 καὶ
1389 2597 1691 2666 μάρτυρας,
1732 2596 1826 2649 καὶ
1861 2594 2071 2658 πάντας

486 2685 614 2747 τοὺς
642 2685 740 2756 τὴν
765 2685 1017 2756 ἐνάρετον
1056 2685 1201 2755 ζωὴν
1229 2686 1334 2756 πρὸ
1358 2686 1450 2740 τοῦ
1487 2686 1671 2739 ὑλικοῦ
1710 2686 2070 2756 τετιμηκότας

490 2775 606 2847 βίου
630 2819 646 2843 ,
674 2777 723 2830 οἶ
758 2776 858 2831 κᾶν
903 2777 1153 2842 ἐλάττους
1195 2776 1295 2834 ὦσι
1333 2778 1409 2849 τῷ
1450 2778 1666 2850 ἀριθμῷ
1697 2779 1790 2832 τοῦ
1837 2779 2071 2849 πλήθους

488 2869 598 2923 τῶν
640 2870 774 2941 πρὸς
829 2871 889 2924 τὸ
934 2873 1114 2943 χεῖρον
1159 2872 1536 2945 ἀπορρεόντων
1562 2914 1576 2937 ,
1627 2873 1776 2927 οὐδὲν
1807 2867 1968 2943 ἦττον
2010 2872 2071 2926 τὸ

490 2959 709 3014 δυνατὸν
764 2957 903 3016 εἶναι
951 2961 1039 3016 διὰ
1092 2963 1292 3034 σαρκὸς
1322 2963 1420 3033 τὴν
1471 2963 1669 3035 ἀρετὴν
1727 2961 2070 3033 κατορθῶσαι

2174 1777 2379 1833 sarius.
2426 1773 2503 1829 Eo
2545 1790 2782 1843 namque
2833 1784 2887 1831 et
2934 1775 3169 1831 liberum
3208 1777 3366 1833 nobis
3401 1777 3557 1834 adest
3601 1780 3750 1835 arbi-

2174 1870 2364 1932 trium,
2406 1875 2461 1921 ct
2495 1868 2704 1923 reditus
2749 1883 2857 1921 non
2894 1870 3301 1934 intercluditur,
3335 1870 3432 1925 sed
3474 1870 3668 1926 ordine
3696 1878 3753 1926 et

2173 1974 2335 2012 versu
2382 1958 2626 2013 volentes
2685 1958 2752 2011 ad
2792 1958 2994 2011 bonum
3031 1959 3406 2027 provehimur,
3469 1960 3592 2014 aliis
3630 1961 3754 2029 qui-

2174 2050 2295 2104 dem
2321 2050 2435 2119 jam
2481 2050 2609 2105 inde
2648 2051 2716 2105 ab
2739 2066 2803 2103 eo
2835 2057 3102 2119 tempore,
3154 2067 3264 2119 quo
3297 2052 3486 2105 vivunt
3514 2052 3602 2106 hic
3635 2053 3753 2122 spi-

2174 2138 2407 2202 ritalem,
2468 2147 2522 2193 et
2589 2155 2618 2193 a
2655 2140 2800 2195 vitiis
2853 2155 2916 2193 ac
2968 2142 3471 2210 perturbationibus
3517 2144 3751 2199 alienam

2176 2231 2342 2285 vitam
2391 2231 2843 2293 instituentibus,
2880 2234 3069 2301 quales
3112 2233 3472 2304 intelligimus
3514 2235 3755 2304 patriar—

2175 2323 2307 2377 chas
2331 2334 2382 2378 et
2410 2323 2708 2393 prephetas
2757 2325 3061 2387 exstitisse,
3094 2336 3149 2379 et
3171 2325 3264 2394 qui
3296 2340 3401 2378 una
3435 2340 3558 2379 cum
3592 2326 3751 2397 ipsis.

2175 2426 2229 2473 et
2262 2426 2385 2485 post
2418 2416 2565 2484 ipsos
2596 2430 2694 2485 per
2727 2416 2984 2470 virtutem
3025 2425 3079 2469 et
3108 2416 3390 2486 sapientiae
3414 2417 3658 2471 studium
3683 2418 3754 2473 ad

2179 2508 2572 2578 perfectionem
2610 2514 2976 2570 rcVerterunt,
3010 2508 3336 2576 discipulos,
3366 2516 3421 2562 et
3450 2511 3751 2578 apostolos,

2176 2598 2691 2668 etrnartyresdico,
2742 2607 2797 2652 et
2827 2598 3140 2667 quicunque
3172 2613 3439 2668 corporeo
3483 2599 3538 2653 in
3579 2607 3756 2655 matec

2178 2691 2369 2759 riaque
2397 2689 2649 2743 demerso
2682 2688 3001 2752 honestum,
3034 2698 3088 2743 et
3124 2703 3249 2743 cum
3280 2689 3486 2743 virtute
3521 2690 3757 2760 conjun‘

2177 2790 2325 2836 ctum
2361 2781 2580 2835 vivendi
2610 2796 2784 2851 genus
2836 2788 3273 2851 anteposucrunt
3307 2801 3320 2836 :
3354 2782 3448 2851 qui
3493 2782 3624 2838 licet
3654 2798 3758 2837 nu-

2176 2890 2330 2930 mero
2353 2873 2644 2945 pauciores
2678 2871 2902 2935 iuerint,
2938 2887 3102 2942 quam
3132 2872 3233 2937 illi,
3264 2874 3359 2942 qui
3391 2874 3459 2928 ad
3482 2874 3758 2930 deteriora

2175 2965 2536 3028 deﬂuxerunt,
2567 2964 2820 3033 exemplo
2855 2973 3035 3017 tamen
3074 2978 3139 3018 ac
3168 2964 3484 3019 testimonio
3521 2980 3624 3020 suo
3647 2965 3758 3020 viro

497 3052 932 3124 μαρτυροῦνται·
982 3053 1091 3106 τῶν
1141 3054 1197 3107 δὲ
1231 3054 1431 3108 λοιπῶν
1462 3055 1550 3108 διὰ
1580 3056 1678 3126 τῆς
1723 3057 1803 3119 είς
1850 3055 2076 3127 ὕστερον

2180 3063 2352 3108 tutem
2402 3054 2459 3108 in
2515 3068 2681 3110 carne
2717 3053 2824 3106 coli
2872 3052 3296 3123 compararique
3336 3068 3501 3123 posse
3545 3060 3758 3109 testan—

493 3144 716 3215 ἀγωγῆς
743 3146 798 3197 ἐν
820 3144 898 3214 τῷ
929 3145 1213 3216 καθαρσίῳ
1246 3147 1381 3216 πυρὶ
1405 3146 1784 3201 ἀποϐαλόντων
1812 3148 1907 3219 τὴν
1942 3149 2077 3219 πρὸς

493 3234 592 3303 τὴν
621 3233 752 3304 ὓλην
781 3235 1152 3305 προσπάθειαν
1178 3274 1192 3298 ,
1223 3237 1316 3289 καὶ
1344 3236 1481 3307 πρὸς
1527 3236 1623 3307 τὴν
1654 3238 1713 3304 ἐξ
1741 3238 1914 3310 ἀρχῆς
1943 3241 2078 3292 ἀπο-

495 3326 867 3398 κληρωθεῖσαν
898 3331 965 3399 τῇ
1016 3327 1174 3397 φύσει
1209 3328 1368 3399 χάριν
1393 3371 1408 3393 ,
1439 3329 1529 3382 διὰ
1571 3330 1669 3400 τῆς
1703 3330 1808 3384 τῶν
1858 3331 2078 3399 ἀγαθῶν

497 3418 790 3488 ἐπιθυμίας
820 3420 1079 3482 ἑκουσίως
1111 3420 1459 3474 ἐπανιόντων.
1488 3420 1563 3473 Οὐ
1592 3420 1701 3491 γὰρ
1735 3422 1814 3485 είς
1845 3421 1933 3475 ἀεὶ
1966 3440 2071 3475 πα-

500 3513 723 3583 ραμένει
761 3511 871 3565 τῶν
914 3511 1210 3583 ἀλλοτρίων
1254 3514 1287 3582 ἡ
1323 3511 1589 3583 ἐπιθυμία
1616 3515 1681 3583 τῇ
1718 3512 1910 3582 φύσει’
1945 3513 2077 3566 διότι

498 3603 770 3674 πλήσμιον
798 3604 1010 3673 ἑκάστῳ
1043 3604 1136 3656 καὶ
1166 3603 1468 3674 προσκορές
1501 3605 1616 3657 ἐστι
1643 3604 1704 3659 τὸ
1730 3603 1805 3675 μὴ
1839 3604 1988 3667 ἴδιον,
2018 3598 2079 3658 οὗ

502 3693 577 3765 μὴ
618 3694 735 3747 κατ’
758 3694 933 3766 ἀρχὰς
967 3693 1123 3765 ἔσχεν
1166 3696 1225 3748 ἐν
1259 3695 1426 3764 ἑαυτῇ
1467 3695 1564 3765 τὴν
1594 3694 1877 3749 κοινωνίαν
1909 3697 1943 3767 ἡ
1981 3695 2081 3764 φύ-

500 3804 619 3849 σις·
665 3786 824 3857 μόνον
857 3786 913 3840 δὲ
967 3786 1028 3840 τὸ
1062 3787 1323 3855 συγγενὲς
1373 3786 1468 3839 καὶ
1510 3786 1781 3856 ὁμόφυλον
1832 3786 2082 3841 ποθεινὸν

500 3879 593 3932 καὶ
621 3878 883 3948 ἐράσμιον
917 3878 998 3941 είς
1043 3878 1130 3931 ἀεὶ
1165 3878 1429 3948 διαμένει,
1461 3878 1565 3941 ἓως
1596 3878 1663 3932 ἂν
1692 3877 1777 3947 ἐφ’
1812 3878 2006 3949 ἑαυτῆς
2048 3881 2081 3949 ή

502 3968 664 4037 φύσις
698 3969 1121 4038 ἀπαράτρεπτος
1155 3969 1311 4042 μένῃ·
1354 3971 1403 4022 εί
1445 3968 1503 4022 δέ
1532 3986 1651 4023 τινα
1678 3970 1950 4041 ἐκτροπὴν
1980 3972 2083 4024 πά-

504 4060 586 4114 θοι
613 4059 702 4114 διὰ
746 4060 1024 4130 μοχθηρᾶς
1054 4060 1424 4131 προαιρέσεως
1443 4100 1458 4124 ,
1487 4061 1608 4113 τότε
1636 4061 1774 4131 αὐτῇ
1799 4060 1908 4115 τῶν
1936 4062 2086 4115 ἀλλο-

501 4154 668 4224 τρίων
692 4155 726 4223 ἡ
758 4153 1022 4224 ἐπιθυμία
1048 4152 1321 4220 ἐγγίνεται
1347 4192 1362 4216 ,
1393 4145 1468 4206 ὧν
1493 4153 1526 4222 ἡ
1561 4151 1856 4215 ἀπόλαυσις
1881 4138 2082 4221 ήδύνειέ

504 4242 624 4313 οὐχὶ
665 4243 764 4314 τὴν
797 4242 955 4311 φύσιν
978 4283 992 4307 ,
1029 4241 1164 4295 ἀλλά
1193 4240 1254 4294 τὸ
1296 4240 1470 4304 πάθος
1499 4241 1598 4310 τῆς
1632 4240 1873 4310 φύσεως⁶
1910 4242 2085 4310 ἐκχω-

510 4335 773 4406 ρήσαντος
802 4333 857 4388 δὲ
885 4333 977 4388 τοῦ
1005 4332 1211 4396 πάθους
1232 4371 1247 4397 ,
1281 4332 1375 4386 καὶ⁸
1399 4332 1432 4402 ἡ
1458 4330 1565 4384 τῶν
1596 4333 1744 4402 παρά
1780 4333 1939 4401 φύσιν
1962 4334 2084 4384 ἐπι-

2179 3153 2297 3213 tur;
2335 3146 2457 3201 aliis
2492 3154 2673 3201 autem
2723 3152 2847 3216 post
2891 3143 3035 3198 hanc
3084 3144 3252 3198 vitam
3286 3145 3606 3216 purgatorio
3635 3145 3760 3217 igne

2178 3241 2423 3294 materiae
2459 3238 2611 3293 labes
2640 3244 2694 3293 et
2729 3238 3156 3307 propensionem
3193 3236 3261 3291 ad
3304 3237 3508 3291 malum
3541 3237 3759 3292 abster-

2177 3327 2457 3397 gentibus,
2492 3335 2546 3381 et
2578 3326 2647 3381 ad
2689 3327 2923 3397 gratiam
2971 3326 3130 3379 initio
3175 3333 3388 3380 naturae
3433 3339 3755 3382 concessam

2180 3419 2489 3474 voluntaria
2533 3420 2808 3473 bonorum
2846 3418 3147 3488 cupiditate
3191 3419 3575 3473 redeuntibus.
3612 3417 3760 3472 Alie-

2180 3525 2375 3563 norum
2437 3509 2584 3563 enim
2630 3508 2902 3577 cupiditas
2964 3508 3017 3560 in
3080 3516 3278 3561 natura
3330 3515 3596 3578 perpetuo
3645 3521 3759 3561 non

2181 3601 2426 3654 inhaeret.
2468 3597 2737 3663 Quoniam
2771 3597 2914 3665 quod
2947 3604 3160 3650 naturae
3190 3612 3300 3651 non
3341 3606 3426 3651 est
3453 3597 3758 3666 proprium,

2182 3687 2437 3757 quodque
2487 3686 2691 3741 nullam
2752 3687 3025 3756 principio
3072 3701 3197 3741 cum
3248 3686 3368 3755 ipso
3431 3686 3753 3741 societatem

2182 3778 2439 3842 habebat,
2478 3778 2778 3848 unicuique
2808 3778 3116 3832 satietatem
3161 3784 3216 3831 et
3265 3776 3547 3833 fastidium
3575 3775 3756 3841 aﬂ‘ert,

2184 3873 2471 3941 solumque
2522 3869 2600 3933 id,
2636 3870 2781 3940 quod
2828 3868 2907 3922 illi
2942 3876 3240 3937 cognatum
3288 3882 3354 3923 ac
3419 3868 3598 3924 simile
3651 3874 3757 3930 est,

2183 3963 2481 4033 cptandum
2542 3962 2646 4033 ipsi
2693 3976 2907 4032 semper
2956 3961 3363 4031 amandumque
3410 3959 3758 4031 relinquitur.

2185 4053 2342 4120 Quod
2392 4054 2440 4109 si
2480 4054 2613 4108 vitio
2659 4053 2967 4123 depravatae
2999 4054 3302 4108 voluntatis
3360 4054 3546 4123 aliquo
3598 4049 3763 4107 modo

2186 4146 2553 4214 degeneravit,
2594 4153 2727 4199 tunc
2755 4147 2898 4199 inest
2947 4145 3026 4199 illi
3066 4144 3337 4215 cupiditas
3365 4160 3548 4199 rerum
3580 4153 3763 4198 exter-

2188 4251 2407 4302 narum,
2464 4237 2667 4304 quibus
2724 4234 2974 4290 fruendis
3049 4250 3162 4290 non
3218 4236 3338 4305 ipsa
3397 4245 3608 4299 natura,
3662 4232 3763 4289 sed

2187 4340 2401 4383 naturae
2444 4325 2659 4383 atl‘ectio
2690 4326 2993 4382 delectatur
3025 4345 3039 4382 :
3069 4341 3177 4397 qua
3217 4325 3437 4396 quidem
3476 4324 3764 4381 aﬂ'ectione

508 4425 677 4496 θυμία
714 4424 1155 4497 συνανεχώρησεν
1181 4464 1197 4489 ,
1246 4425 1340 4478 καὶ
1390 4424 1596 4492 γίνεται
1635 4423 1792 4478 πάλιν
1839 4425 1974 4495 αὐτῇ
2024 4424 2077 4477 τέ

2194 4420 2445 4489 depulsa,
2473 4433 2657 4475 rerum
2701 4418 2864 4472 etiam
2889 4425 3240 4473 externarum
3274 4414 3549 4483 cupiditas
3580 4412 3764 4469 disce-

512 4519 704 4571 οίκεῖον
752 4516 998 4571 ποθεινὸν
1033 4517 1126 4570 καὶ
1161 4515 1511 4586 κατάλληλον.
1557 4514 1727 4568 Τοῦτο
1771 4516 1828 4569 δέ
1872 4518 1987 4569 ἐστι
2028 4516 2089 4569 τὺ

508 4607 748 4679 καθαρόν
779 4624 839 4660 τε
875 4607 967 4661 καὶ
994 4607 1154 4662 ᾶῦλον
1181 4608 1274 4660 καὶ
1300 4604 1588 4676 ἀσώματον
1608 4646 1623 4672 ,
1668 4607 1804 4675 ὅπερ
1833 4607 1963 4659 ῐδιον
1991 4606 2089 4675 τῆς

516 4700 915 4773 ὑπερκειμένης
957 4699 1066 4752 τῶν
1116 4701 1332 4753 πάντων
1368 4698 1619 4768 θεότητος
1666 4697 1834 4752 εἰπών
1872 4715 1955 4762 τις
1993 4698 2091 4769 οὐχ

512 4792 910 4861 ἁμαρτήσεται.
959 4791 1047 4854 Ὧς
1097 4791 1206 4862 γὰρ
1248 4793 1364 4854 τοῖς
1420 4794 1750 4860 σωματικοῖς
1794 4790 2091 4861 ὀφθαλμοῖς

516 4882 784 4953 ῥεύματός
816 4898 961 4945 τινος
985 4882 1312 4953 δριμυτέρου
1345 4882 1406 4935 τὸ
1432 4881 1653 4935 ὀπτικὸν
1677 4881 1892 4951 πνεῦμα
1927 4880 2094 4935 θολώ-

514 4989 704 5035 σαντος
722 5014 736 5036 ,
770 4973 934 5042 ἡδίων
965 4975 993 5026 ὁ
1019 4972 1179 5041 ζόφος
1206 4973 1435 5042 γίνεται,
1462 4973 1550 5026 διὰ
1580 4974 1678 5043 τὴν
1716 4974 1817 5043 τῆς
1856 4973 2092 5044 ’παχύτη⁶

513 5080 605 5127 τος
631 5064 767 5135 πρὸς
789 5064 850 5116 τὸ
874 5062 1064 5126 σκότος
1097 5064 1436 5131 συγγένειαν.
1460 5065 1523 5118 Εί
1552 5063 1607 5116 δὲ
1646 5062 1979 5135 δαπανηθείη
2006 5063 2095 5117 διά

513 5171 657 5216 τινος
691 5153 989 5224 θεραπείας
1029 5152 1090 5205 τὸ
1147 5153 1432 5224 διοχλῆσαν
1460 5152 1538 5224 τῷ
1588 5152 1890 5224 πνεύματι,
1934 5153 2093 5207 πάλιν

516 5245 576 5300 τὸ
593 5247 709 5315 φῶς
733 5248 930 5299 οίκεῖον
960 5246 1052 5299 καὶ¹
1073 5245 1404 5316 κατάλληλον
1430 5246 1658 5314 γίνεται,
1685 5244 1763 5315 τῷ
1786 5243 2011 5316 καθαρῷ
2036 5260 2095 5297 τε

516 5339 610 5392 καὶ
637 5338 908 5406 αὐγοειδεϊ
950 5338 1049 5407 τῆς
1075 5337 1242 5408 κόρης
1290 5337 1781 5408 καταμιγνύμενον·
1817 5337 1907 5389 τὸν
1936 5336 2097 5388 αὐτὸν

515 5429 715 5499 τρόπον
746 5428 932 5498 ἐπειδὴ
987 5427 1255 5499 ῥεύματός
1294 5444 1437 5490 τινος
1466 5427 1621 5497 δίκην
1650 5426 1717 5478 δι’
1752 5425 1967 5495 ἀπάτης
2003 5424 2095 5478 τοῦ

531 5520 928 5589 Ἀντικειμὲνου
947 5521 1042 5572 ἐπε
1050 5519 1188 5591 ῤῥύη
1211 5518 1289 5587 τῷ
1310 5518 1517 5588 ὀπτικῷ
1537 5519 1634 5588 τῆς
1651 5517 1826 5587 ψυχῆς
1855 5517 1888 5586 ἠ
1910 5516 2095 5582 κακία,

519 5611 780 5675 ἑκουσίως
830 5613 967 5682 πρὸς
1028 5611 1119 5668 τὸν
1166 5609 1436 5665 σκοτεινὸν
1485 5609 1599 5680 βίον
1635 5611 1663 5662 ὁ
1703 5607 1961 5679 λογισμὸς
2002 5608 2101 5659 ἐπι

519 5703 731 5775 εκλίθη,
759 5701 843 5756 διὰ
869 5701 962 5758 τοῦ
995 5702 1199 5770 πάθους
1223 5701 1519 5766 οίκειωθεὶς
1544 5701 1620 5773 τῷ
1646 5701 1815 5772 ζόφῳ.
1844 5701 1959 5764 Πᾶς
1991 5699 2099 5770 γὰρ

2190 4512 2312 4577 dit;
2341 4519 2399 4565 et
2436 4511 2581 4579 quod
2632 4510 2711 4563 illi
2744 4524 2903 4565 suum
2952 4523 3016 4562 ac
3059 4508 3338 4577 proprium
3387 4513 3493 4567 est,
3543 4519 3765 4560 rursum

2192 4600 2428 4655 amabile
2478 4607 2664 4654 manet
2741 4605 2794 4653 et
2847 4594 3210 4668 expetendum
3255 4612 3271 4649 :
3330 4593 3385 4649 id
3434 4602 3615 4649 autem
3679 4602 3767 4649 est

2191 4707 2391 4762 purum
2439 4699 2491 4745 et
2534 4706 2563 4745 a
2598 4691 2828 4747 materia
2871 4703 3209 4759 corporeque
3244 4687 3590 4756 sejunctum,
3620 4685 3768 4754 quod

2193 4784 2238 4840 si
2272 4783 2397 4853 quis
2431 4781 2903 4852 praestantissimae
2946 4795 3131 4833 rerum
3179 4778 3424 4833 omnium
3463 4775 3770 4831 divinitatis

2193 4875 2479 4945 proprium
2507 4873 2677 4939 dicat,
2709 4889 2820 4927 non
2852 4871 3081 4927 errabit.
3111 4868 3582 4937 Quemadmodum
3621 4869 3768 4922 enim

2193 4965 2442 5035 corporis
2478 4965 2674 5027 oculis,
2722 4965 2767 5019 si
2822 4965 3038 5018 acutior
3078 4964 3258 5031 aliqua
3306 4959 3594 5015 distillatio
3644 4972 3773 5012 ner-

2193 5072 2315 5118 vos,
2350 5054 2569 5109 videndi
2612 5056 2867 5124 spiritum
2925 5055 3434 5115 subministrantes,
3486 5049 3775 5122 perturba-

2194 5149 2357 5207 verit,
2394 5146 2582 5200 amicae
2612 5155 2742 5200 sunt
2776 5148 3040 5207 tenebrae.
3072 5154 3293 5217 propter
3332 5143 3772 5202 similitudinem,

2197 5252 2358 5307 quam
2395 5238 2578 5291 obtusi
2606 5237 2718 5305 jam
2760 5246 2924 5307 atque
2959 5237 3179 5293 hebetes
3208 5253 3331 5291 cum
3368 5236 3478 5290 illis
3520 5234 3727 5288 habent
3756 5252 3771 5288 :

2198 5335 2253 5382 at
2289 5329 2334 5383 si
2375 5329 2664 5383 curatione
2711 5328 2895 5397 aliqua
2926 5330 3275 5395 conﬁciatur,
3320 5345 3384 5384 ac
3416 5329 3668 5384 deleatur
3696 5326 3771 5387 id,

2199 5421 2345 5491 quod
2387 5420 2574 5474 nervis
2608 5419 2720 5473 illis
2748 5418 3037 5482 ofﬁciebat,
3075 5421 3251 5474 lucem
3283 5421 3427 5474 oculi
3464 5433 3682 5473 rursum
3713 5422 3776 5470 ut

2199 5512 2475 5583 prOpriam
2505 5510 2724 5579 sibique
2753 5517 3141 5577 congruentem
3172 5518 3376 5575 amant,
3410 5522 3530 5579 qua:
3559 5508 3776 5578 pupillae

2201 5618 2393 5674 purae,
2446 5608 2501 5657 et
2548 5616 2646 5671 per
2712 5614 2772 5656 se
2818 5598 3025 5653 videnti
3089 5600 3483 5654 commiscetur
3526 5617 3539 5653 :
3583 5597 3774 5651 eodem

2203 5694 2401 5759 modo,
2457 5701 2811 5766 posteaquam
2866 5687 3073 5746 inimici
3126 5687 3317 5746 fraude
3362 5689 3554 5744 vitium
3602 5689 3777 5741 instar
