4072 6156
312 287 424 342 5’27

1524 278 1542 289 °
1584 289 1640 345 s.
1682 257 2010 345 enecenu
2046 292 2341 353 urssem

3467 305 3571 363 528

290 403 600 474 cujusdam
641 406 1016 463 distillationis
1065 408 1291 463 deﬂuxit
1340 409 1393 463 in
1448 412 1639 466 oculos
1684 412 1887 479 animi,

1993 418 2019 468 ό
2048 416 2115 470 τὰ
2144 420 2320 486 φαῦλα
2347 419 2626 489 πράσσων,
2659 422 2808 490 μισεῖ
2839 420 2898 473 τὸ
2939 418 3054 489 φῶς
3078 459 3093 482 ,
3141 418 3320 481 καθώς
3351 424 3570 492 φησινή

317 495 484 553 vitam
530 500 928 556 tenebricosam
994 508 1052 556 ut
1100 503 1203 557 sibi
1240 513 1460 575 propter
1509 504 1885 575 aegritudinem

318 590 734 646 convenientem
804 591 1149 649 adamarunt.
1215 594 1476 668 Quisquis
1534 597 1679 663 enim
1747 597 1889 652 male

320 682 450 750 agit,
497 683 613 738 odit
659 685 857 749 lucem,
909 695 969 740 ut
1016 703 1120 742 vox
1169 688 1355 743 divina
1400 690 1692 744 testatur'.
1748 688 1888 744 Malo

321 774 501 829 autem
539 786 890 847 consumpto,
922 766 995 835 et
1024 796 1218 838 rursus
1248 783 1315 838 ad
1366 784 1593 837 nihilum
1644 784 1884 850 redacto,

319 874 515 919 natura
551 881 616 921 eo
648 868 898 938 depulso,
943 871 1089 940 quod
1132 871 1297 927 animi
1343 872 1532 929 oculos
1573 874 1884 940 hebetabat,

320 970 443 1011 cum
491 957 765 1027 voluptate
798 961 973 1015 lucem
1007 962 1202 1017 iterum
1241 965 1504 1021 intuetur.
1543 965 1619 1021 Ex
1659 967 1745 1022 his
1783 968 1886 1038 igi-

322 1054 410 1099 tur
461 1062 581 1116 qua:
622 1047 766 1105 dicta
797 1058 946 1114 sunt,
977 1062 1146 1122 patet,
1183 1056 1370 1113 carnis
1413 1066 1664 1112 naturam
1696 1059 1888 1130 iniquo

320 1138 504 1191 animo
553 1142 835 1211 prosequi,
900 1146 1127 1199 stultum
1183 1154 1324 1203 esse.
1378 1148 1563 1218 Neque
1616 1152 1761 1205 enim
1817 1152 1887 1207 ab

318 1231 409 1285 illa
468 1233 665 1301 pendet
721 1235 989 1315 malorum
1051 1252 1238 1294 causa.
1290 1238 1425 1295 Nam
1477 1245 1523 1298 si
1582 1244 1664 1300 sic
1702 1251 1883 1308 esset,

319 1323 563 1378 eamdem
616 1325 840 1381 haberet
893 1327 949 1381 in
1002 1343 1191 1386 omnes
1236 1332 1369 1398 vim,
1419 1334 1511 1404 qui
1566 1349 1885 1405 corpoream

318 1416 499 1469 sortiti
539 1424 668 1471 sunt
690 1417 880 1473 vitam.

392 1505 590 1562 Verum
630 1523 754 1561 cum
803 1508 863 1574 ii,
912 1525 1050 1580 quos
1078 1516 1646 1582 commemoravimus,
1696 1516 1775 1572 sic
1821 1531 1885 1572 ex

318 1596 525 1651 virtute
554 1598 812 1662 vixerint,
861 1609 921 1655 ut
967 1617 1090 1656 cum
1138 1604 1194 1658 iu
1239 1619 1405 1659 carne
1454 1615 1659 1670 essent,
1720 1608 1886 1663 nullis

319 1696 501 1744 tamen
563 1705 624 1745 se
677 1691 825 1746 vitiis
875 1693 1315 1766 obstringerent,
1379 1700 1732 1769 perspiruum
1797 1709 1885 1755 est

1995 508 2113 563 θεία
2155 511 2338 582 φωνή·
2377 511 2837 581 ἐκδαπανηθέντος
2891 510 2947 565 δὲ
2989 509 3083 564 τοῦ
3129 510 3301 565 κακοῦ
3346 512 3409 564 ἐκ
3465 494 3609 565 τῶνῖ

1991 600 2180 665 ὄντων,
2209 603 2303 655 καὶ
2324 604 2404 666 είς
2435 602 2496 656 τὸ
2531 601 2604 673 μὴ
2637 600 2696 656 ὃν
2725 597 2881 665 αὖθις
2911 601 3396 673 μεταχωρήσαντος
3421 643 3435 667 ,
3466 602 3570 656 πά-

1990 691 2074 745 λιν
2105 690 2223 761 μεθ’
2252 692 2444 763 ἡδονῆς
2467 691 2762 746 ἀναϐλέπει
2784 692 2921 763 πρὸς
2947 690 3008 743 τὸ
3038 690 3153 759 φῶς
3177 692 3211 761 ή
3246 690 3407 759 φύσις
3429 731 3443 754 ,
3480 689 3571 744 τοῦ

1991 782 2363 846 ἐπιθολοῢντος
2394 783 2453 836 τὸ
2502 782 2737 854 καθαρὸν
2785 783 2883 853 τῆς
2919 781 3096 852 ψυχῆς
3137 782 3569 852 ἐκχωρήσαντος.

1990 872 2234 926 Μάταιον
2263 874 2442 927 τοίνυν
2470 873 2735 927 δέδεικται
2769 872 2856 926 διὰ
2894 873 3000 926 τῶν
3030 872 3331 942 εἰρημένων
3365 871 3426 923 τὸ
3449 870 3570 924 δυσ-

1992 962 2168 1034 μενῶς
2206 963 2343 1034 πρὸς
2386 963 2485 1035 τὴν
2534 966 2630 1033 τῆς
2680 964 2879 1033 σαρκὸς
2930 962 3075 1032 ἔχειν
3128 961 3306 1030 φύσιν.
3349 962 3423 1015 Ού
3464 960 3571 1032 γὰρ

1989 1054 2191 1124 ταύτης
2219 1056 2452 1127 ἤρτηται
2486 1055 2593 1109 τῶν
2615 1055 2802 1110 κακῶν
2830 1057 2863 1125 ἡ
2895 1055 3064 1109 αἰτία.
3099 1050 3178 1107 Ἦ
3205 1053 3313 1125 γὰρ
3337 1052 3402 1107 ἂν
3433 1055 3574 1109 κατά

1991 1147 2206 1200 πάντων
2252 1148 2451 1220 ἐπίσης
2489 1147 2617 1220 ἔσχε
2654 1149 2716 1203 τὺ
2754 1148 2954 1218 κράτος
2993 1147 3102 1201 τῶν
3146 1145 3237 1201 τὸν
3268 1146 3573 1218 σωματικὸν

1989 1237 2280 1310 εἰληχότων
2308 1238 2443 1309 βίον.

2078 1499 2218 1554 Ἀλλ’
2245 1498 2435 1571 ἐπειδὴ
2460 1500 2570 1555 τῶν
2596 1501 2683 1553 ἐπ’
2705 1501 2906 1571 ἀρετῆς
2941 1499 3423 1571 μνημονευομένων
3441 1498 3572 1551 ἐκα-

1989 1607 2113 1655 στος
2150 1592 2244 1645 καὶ
2272 1592 2330 1644 ἐν
2360 1592 2524 1662 σαρκὶ¹
2558 1586 2648 1662 ἦν,
2676 1591 2771 1645 καὶ
2800 1593 2857 1645 ἐν
2890 1591 3060 1661 κακίᾳ
3090 1590 3191 1643 οὐκ
3213 1585 3303 1661 ἦν,
3340 1589 3572 1660 φανερὸν

1986 1679 2076 1733 διὰ
2097 1680 2301 1733 τούτων
2330 1680 2496 1742 ἐστὶν,
2514 1681 2595 1733 ὄτι
2623 1680 2683 1733 ού
2712 1679 2774 1733 τὸ
2804 1680 2963 1751 σῶμα
2987 1679 3094 1733 τῶν
3121 1677 3461 1750 παθημάτων
3487 1678 3570 1731 ατ-

319 1794 519 1849 corpus
550 1796 660 1837 non
695 1798 817 1838 esse
860 1785 1118 1840 vitiorum
1168 1802 1412 1852 causam,
1467 1790 1560 1846 sed
1608 1792 1886 1861 propriam

1991 1784 2122 1833 τιον,
2147 1768 2261 1821 ἀλλ’
2292 1770 2326 1840 ἡ
2359 1768 2677 1841 προαίρεσις
2704 1770 2737 1840 ἡ
2769 1768 3178 1841 δημιουργοῦσα
3215 1768 3284 1822 τὰ
3307 1767 3474 1837 πάθη.
3499 1766 3573 1861 'l‘b

318 1873 591 1941 cujusque
631 1874 995 1941 voldntatem,
1049 1893 1171 1946 qum
1223 1894 1283 1934 se
1326 1881 1476 1937 vitiis
1521 1884 1886 1937 contaminat.

319 1960 533 2032 Corpus
583 1964 729 2018 enim
776 1973 987 2020 natura:
1033 1983 1147 2023 sua:
1175 1971 1564 2026 convenienter
1612 1982 1887 2039 movetur,

319 2050 385 2105 ad
421 2067 614 2115 eaque,
645 2054 846 2122 quibus
890 2064 1096 2111 statum
1139 2074 1298 2113 suum
1337 2067 1519 2115 tuetur
1557 2070 1721 2133 atque
1760 2080 1889 2119 con-

320 2150 520 2207 servat,
560 2143 793 2213 impulsu
828 2146 1051 2216 proprio
1087 2146 1264 2202 fertur
1318 2159 1372 2204 ct
1410 2151 1665 2208 trahitur.
1699 2151 1891 2208 Exem-

317 2230 392 2299 pli
440 2230 635 2299 gratia,
696 2232 820 2287 cibo
884 2234 1216 2304 potioneque
1292 2237 1527 2309 indiget,
1598 2249 1676 2305 ut,
1741 2241 1889 2311 quod

317 2313 638 2384 deperalitur
674 2318 890 2381 vitium.
945 2320 1286 2378 instauretur
1328 2325 1514 2396 itaque
1565 2329 1746 2383 cibum
1802 2347 1891 2400 po-

320 2404 634 2476 tionemque
683 2410 913 2479 appetit.
952 2409 1168 2469 Rursus
1214 2423 1408 2470 natura
1462 2420 1730 2488 corporis,
1769 2436 1891 2491 quae

317 2493 567 2550 mortalis
615 2503 736 2562 est,
791 2502 1186 2568 procreationis
1236 2506 1376 2560 serie
1411 2507 1480 2577 lit
1519 2508 1885 2567 immortalis:

320 2586 527 2642 idcirco
556 2595 885 2648 conveniens
920 2594 995 2648 illi
1031 2598 1357 2665 procreandi
1387 2602 1659 2671 appetitus
1691 2604 1888 2661 insitus

318 2688 422 2734 est.
455 2679 536 2734 Ad
569 2681 683 2736 haec
709 2698 832 2738 cum
865 2685 1063 2741 idoneo
1096 2688 1331 2756 pilorum
1362 2692 1617 2761 praesidio
1658 2709 1889 2766 corpora

323 2776 511 2825 nostra
549 2772 760 2826 munita
810 2789 919 2828 non
978 2777 1111 2841 sint,
1156 2780 1504 2837 vestimentis
1542 2786 1889 2842 extrinsecus

319 2860 554 2917 admotis
584 2863 922 2933 indigemus;
952 2881 1188 2938 cumque
1218 2870 1439 2935 caloris,
1465 2881 1520 2927 et
1551 2874 1792 2946 frigoris,
1835 2887 1890 2934 et

319 2953 579 3008 imbrium
643 2956 754 3010 vim
825 2958 1069 3028 perferre
1139 2977 1508 3031 nequeamus,
1573 2968 1767 3026 domos
1835 2980 1890 3027 et

320 3052 460 3100 tecta
492 3046 651 3101 nobis
685 3049 1079 3106 construimus.
1119 3050 1223 3118 Qui
1257 3056 1550 3124 prudenter
1585 3064 1888 3117 necessita-

318 3142 429 3191 tem
472 3138 805 3205 considerat,
850 3141 969 3210 ejus
1010 3143 1198 3199 habita
1245 3147 1480 3211 ratione,
1536 3149 1648 3205 haec
1685 3161 1734 3206 et
1781 3155 1886 3208 alia

319 3229 593 3297 ejusmodi
633 3231 753 3286 sine
793 3232 1167 3291 sollicitudine
1204 3249 1505 3309 comparat,
1541 3245 1891 3312 appetitioni-

232 3390 241 3396 Ι
322 3336 428 3389 que
467 3323 757 3377 terminum
796 3326 1107 3392 constituit,
1144 3345 1300 3386 usum
1350 3336 1722 3390 necessarium
1755 3357 1766 3390 :
1795 3338 1893 3392 do-

320 3428 468 3465 mum
519 3414 715 3484 igitur,
774 3420 1194 3487 vestimentum,
1247 3423 1560 3495 conjugium
1603 3428 1892 3498 cibumque

319 3514 533 3561 natura:
563 3510 895 3579 suppeditat,
933 3523 993 3567 ut
1037 3515 1203 3571 rebus
1248 3518 1581 3574 necessariis
1625 3528 1893 3577 sustente-

319 3604 430 3652 tur.
484 3598 586 3665 Qui
622 3617 755 3656 vero
792 3603 1130 3673 voluptatum
1180 3616 1264 3662 est
1317 3622 1532 3671 servus.
1570 3626 1668 3680 per
1700 3627 1890 3668 neces-

320 3693 495 3746 sarios
528 3708 661 3749 usus
702 3695 852 3750 vitiis
899 3696 1107 3751 aditum
1143 3699 1337 3769 aperit,
1370 3701 1725 3773 alimentique
1768 3704 1891 3759 loco

320 3780 547 3838 delicias
588 3786 817 3853 quaerit;
868 3803 966 3855 pro
1016 3791 1344 3844 vestimento
1394 3800 1636 3847 sectatur
1676 3796 1892 3865 elegan-

320 3871 451 3925 tiam
489 3883 939 3930 ornamentorum
967 3893 982 3942 ;
1015 3894 1113 3947 pro
1139 3881 1335 3934 mdium
1371 3897 1474 3938 usu
1500 3885 1632 3939 colit
1663 3889 1891 3956 amplis-

320 3964 459 4016 sima
504 3965 1159 4039 magniﬁcentissimaque
1211 3971 1450 4041 palatia;
1500 3990 1599 4044 pro
1650 3976 1890 4046 legitima

321 4054 621 4108 liberorum
674 4060 1041 4127 susceptione,
1097 4063 1306 4132 legibus
1351 4068 1659 4124 contrarias
1726 4077 1892 4140 atque

320 4143 562 4201 nefarias
612 4146 869 4204 libidines
933 4163 1261 4222 aucupatur.
1320 4155 1533 4223 Quibus
1590 4160 1656 4215 de
1706 4162 1892 4220 causis

320 4237 445 4291 latis
480 4240 652 4307 portis
685 4241 934 4311 ingressa
967 4252 1051 4299 est
1084 4245 1139 4298 in
1185 4247 1465 4304 hominum
1496 4253 1661 4306 vitam
1708 4257 1891 4310 avari-

319 4327 416 4391 tia,
453 4329 734 4392 mollities.
769 4340 824 4385 et
867 4333 1058 4397 otium,
1089 4344 1145 4391 et
1191 4340 1467 4407 superbia,
1508 4348 1563 4397 et
1597 4346 1890 4401 ostentatio

1994 1859 2091 1929 μὲν
2113 1861 2221 1930 γὰρ
2243 1860 2403 1931 σῶμα
2428 1860 2778 1932 καταλλήλως
2800 1863 2866 1933 τῇ
2906 1860 3013 1932 ἰδίᾳ
3033 1863 3264 1914 κινεῖται
3290 1859 3470 1928 φύσει,
3502 1858 3570 1912 δι’

1988 1945 2062 2004 ὧν
2111 1955 2455 2020 συντηρείται
2489 1952 2626 2023 πρὸς
2660 1951 2769 2023 τὴν
2792 1951 2985 2005 ἑαυτοῦ
3019 1950 3278 2004 σύστασιν
3307 1952 3403 2004 καὶ
3452 1949 3570 2003 δια-

1993 2046 2160 2116 μονήν
2181 2062 2193 2075 '
2236 2045 2373 2117 πρὸς
2401 2045 2571 2101 ταῦτα
2610 2047 2732 2110 ταῖς
2768 2046 2928 2109 ἰδίαις
2960 2047 3157 2116 ὁρμαῖς
3183 2043 3568 2113 διοικούμενον.

1989 2132 2113 2191 Οῗόν
2128 2154 2179 2190 τι
2199 2137 2361 2206 λέγω·
2392 2137 2657 2210 Βρὼσεώς
2678 2142 2824 2193 ἐστιν
2852 2138 3000 2208 αὐτῷ
3027 2139 3182 2210 χρεία
3205 2138 3299 2191 καὶ
3338 2137 3570 2203 πόσεως,
3645 2189 3663 2198 μ

1989 2228 2130 2283 ὥστε
2164 2229 2225 2281 τὸ
2244 2229 2593 2285 διαπνευσθὲν
2613 2234 2711 2301 τῆς
2727 2231 3006 2301 δυνάμεως
3036 2229 3197 2283 πάλιν
3213 2228 3572 2299 ἀντεισαχθῆ-

1990 2337 2077 2374 ναι
2101 2318 2183 2390 τῷ
2209 2318 2448 2373 λείποντι
2466 2336 2479 2351 ·
2513 2320 2649 2392 πρὸς
2677 2320 2834 2374 τοῦτο
2882 2322 3109 2373 κινεῖται
3138 2319 3381 2390 ήῦρεξις.
3405 2319 3573 2373 Πάλιν

1988 2409 2077 2463 διὰ
2131 2411 2230 2481 τῆς
2282 2410 2390 2463 τῶν
2421 2412 2719 2480 γινομένων
2750 2411 3019 2481 διαδοχῆς,
3048 2411 3214 2482 θνητὴ
3260 2407 3393 2464 οὖσα
3419 2413 3451 2482 ἡ
3476 2409 3573 2464 τοῦ

1992 2500 2240 2573 σώματος
2264 2501 2423 2570 φύσις
2449 2501 2830 2565 ἀθανατίζεται
2854 2519 2867 2533 ο
2893 2501 2982 2554 διὰ
3004 2501 3157 2555 τοῦτο
3179 2499 3422 2573 καὶπρὸς
3443 2501 3573 2557 ταύ-

1988 2611 2088 2664 την
2133 2594 2231 2665 τὴν
2279 2593 2455 2666 ὁρμὴν
2504 2593 2824 2665 ἐπιτηδείως
2875 2593 3006 2665 ἔχει.
3041 2595 3162 2646 Ἔτι
3194 2594 3330 2665 πρὸς
3362 2594 3571 2658 τούτοις

1989 2688 2193 2758 γυμνὸν
2224 2686 2317 2741 τοῦ
2352 2688 2418 2740 ἐκ
2450 2685 2559 2740 τῶν
2587 2686 2788 2759 τριχῶν
2816 2685 3198 2756 σκεπάσματος
3217 2687 3279 2739 τὸ
3292 2686 3452 2757 σῶμα
3478 2703 3575 2739 πε-

1989 2780 2229 2850 ποίηται,
2256 2773 2316 2834 οὗ
2350 2779 2507 2850 χάριν
2551 2779 2649 2849 τῆς
2681 2777 2879 2843 ἔξωθεν
2923 2778 3214 2850 περιϐολῆς
3251 2778 3569 2849 ἐδεήθημεν.

2002 2871 2159 2924 Ἀλλὰ
2188 2870 2283 2923 καὶ
2309 2869 2444 2941 πρὸς
2467 2870 2709 2939 φλογμόν
2729 2886 2788 2922 τε
2819 2870 2913 2923 καὶ
2940 2869 3104 2941 κρύος
3144 2870 3238 2923 καὶ
3272 2869 3573 2941 ἐπομϐρίαν

1990 2964 2259 3032 ἀντισχεῖν
2307 2962 2367 3015 οὐ
2414 2960 2723 3031 δυνάμενοι,
2768 2960 2869 3031 τὴν
2902 2961 3097 3015 ἐκτῶν
3138 2960 3324 3013 οἰκιῶν
3365 2960 3574 3030 σκέπην

1988 3052 2422 3126 ἐπεζητήσαμεν.
2451 3053 2635 3107 Ταῦτα
2664 3052 2757 3106 καὶ
2787 3053 2869 3107 τὰ·
2890 3052 3113 3106 τοιαῦτα
3156 3053 3184 3105 ὁ
3230 3052 3329 3122 μὲν
3368 3051 3573 3119 λελογι-

1990 3147 2204 3217 σμένως
2230 3145 2365 3219 πρὸς
2399 3146 2496 3217 τὴν
2522 3145 2711 3216 χρείαν
2734 3144 2964 3216 βλέπων,
2985 3144 3196 3214 δέχεται
3218 3144 3420 3197 τούτων
3440 3144 3573 3197 ἕκα-

1992 3254 2115 3291 στον
2148 3238 2518 3308 ἀπραγμόνως
2550 3235 2712 3307 ὁρῶν,
2741 3236 2840 3306 τῆς
2860 3235 3089 3306 ὀρέξεως
3116 3235 3207 3288 τὸν
3242 3234 3443 3288 σκοπὸν
3474 3233 3572 3305 τῆς

1989 3331 2177 3401 χρείας
2202 3328 2542 3398 ποιούμενος,
2569 3323 2736 3393 οἷκον,
2766 3326 3002 3395 ἱμάτιον,
3040 3325 3316 3392 συζυγίαν,
3342 3323 3569 3395 τροφὴν,

1989 3423 2057 3477 δι’
2086 3423 2315 3476 ἑκάστου
2343 3421 2546 3474 τούτων
2574 3419 2892 3491 θεραπεύων
2913 3419 2973 3472 τδ
3002 3418 3179 3473 ἐνδέον
3206 3421 3304 3489 τῆς
3333 3417 3568 3485 φύσεως.

2002 3516 2061 3567 '0
2088 3514 2145 3567 δὲ
2194 3511 2300 3566 τῶν
2347 3511 2548 3582 ἡδονῶν
2585 3510 2885 3580 ὑπηρέτης,
2913 3507 3066 3571 ὁδοὺς
3104 3506 3443 3578 παθημάτων
3470 3503 3572 3567 τὰς

1991 3606 2290 3676 ἀναγκαίας
2311 3604 2501 3675 χρείας
2530 3602 2814 3672 ἐποίησεν·
2842 3600 2966 3655 ἀντὶ
2992 3601 3089 3671 μὲν
3108 3600 3206 3669 τῆς
3221 3598 3445 3670 τροφῆς,
3470 3595 3570 3668 τὴν

1989 3695 2196 3767 τρυφὴν
2227 3693 2497 3764 ἐπιζητῶν
2517 3706 2531 3723 ο
2584 3691 2703 3744 ἀντὶ
2739 3690 2797 3743 δὲ
2843 3690 2941 3759 τῆς
2969 3688 3282 3760 περιϐολῆς,
3311 3687 3402 3740 τὸν
3439 3685 3571 3739 καλ-

1990 3787 2268 3858 λωπισμὸν
2316 3783 2748 3856 προαιρούμενος
2775 3797 2789 3812 ·
2849 3780 2971 3835 ἀντὶ
3022 3781 3079 3834 δὲ
3123 3780 3223 3849 τῆς
3246 3780 3354 3833 τῶν
3383 3777 3572 3831 οἰκιῶν

1991 3879 2180 3952 χρείας
2236 3878 2335 3948 τὴν
2367 3875 2715 3930 πολυτέλειαν
2741 3892 2754 3904 ·
2812 3873 2931 3927 ἀντὶ
2971 3872 3027 3926 δὲ
3059 3872 3157 3942 τῆς
3202 3870 3567 3935 παιδοποιίας,

1993 3972 2128 4042 πρὸς
2160 3970 2258 4034 τὰς
2296 3968 2643 4040 παρανόμους
2675 3984 2736 4020 τε
2773 3966 2871 4020 καὶ
2898 3965 3348 4036 ἀπηγορευμένας
3379 3961 3572 4034 ἡδονὰς

1994 4063 2224 4133 βλέπων.
2259 4059 2357 4114 Διά
2384 4058 2542 4113 τοῦτο
2566 4058 2601 4129 ἢ
2624 4075 2683 4112 τε
2702 4055 2984 4120 πλεονεξία
3010 4055 3288 4119 πλατείαις
3313 4057 3435 4117 ταῖς
3468 4052 3573 4106 πύ-

1990 4155 2109 4218 λαις
2142 4156 2206 4225 τῇ
2228 4152 2540 4224 ἀνθρωπίνῃ
2571 4150 2683 4222 ζωῇ
2706 4140 3101 4220 είσεκώμασεν,
3129 4148 3224 4201 καὶ
3255 4150 3288 4217 ἡ
3308 4146 3569 4216 μαλακία,

1993 4246 2086 4300 καὶ
2117 4247 2145 4298 ὁ
2177 4244 2364 4313 τῦφος,
2416 4243 2511 4298 καὶ
2546 4244 2580 4313 ἡ
2609 4241 2896 4312 χαυνότης,
2928 4240 3078 4311 καὶή
3108 4238 3392 4310 πολυειδὴς
3424 4239 3571 4292 ἀσωο

1992 4337 2098 4391 τία.
2138 4335 2322 4390 Ταῦτα
2350 4334 2444 4388 καὶ
2469 4332 2538 4386 τὰ
2558 4330 2800 4398 τοιαῦτα,
2835 4330 3023 4401 ὥσπερ
3048 4330 3193 4394 τινές
3221 4329 3334 4394 ϐξοι
3356 4331 3451 4384 καὶ
3479 4328 3571 4398 ξη-

319 4420 712 4491 multiplexque
754 4423 994 4479 luxuria.
1030 4425 1156 4481 Hmc
1183 4435 1238 4481 et
1270 4428 1464 4485 horum
1507 4432 1707 4487 similia
1733 4435 1886 4499 vitia,

1998 4429 2153 4501 ράδες
2180 4427 2288 4480 τῶν
2325 4424 2636 4493 ἀναγκαίων
2665 4421 2862 4494 χρειῶν
2896 4421 3371 4492 παρεϐλάστησαν,
3394 4421 3483 4475 διὰ
3509 4420 3571 4473 τὸ

319 4514 381 4561 ut
411 4510 673 4577 stolones,
706 4521 801 4566 aut
825 4514 962 4568 rami
993 4516 1213 4586 quidam
1250 4518 1494 4585 inutiles,
1530 4532 1729 4593 praeter
1767 4527 1891 4582 vitae

319 4610 455 4651 usus
514 4602 855 4656 necessarios
906 4617 1312 4674 provenerunt,
1366 4611 1493 4665 dum
1547 4615 1892 4674 necessitatis

318 4688 586 4744 terminos
632 4692 873 4745 transilit
924 4698 1222 4764 appetitus,
1261 4698 1617 4773 hominesque
1649 4720 1758 4758 non
1794 4720 1893 4761 cu-

316 4789 442 4833 rant
481 4780 728 4838 honestis
775 4785 974 4841 studiis
1018 4787 1260 4846 dilatari.
1310 4790 1453 4859 Quid
1501 4796 1646 4850 enim
1695 4798 1892 4853 alendo

317 4869 540 4937 corpori
590 4880 823 4940 prosunt
871 4886 1127 4947 argentea
1175 4896 1338 4949 vasa,
1375 4898 1511 4939 auro
1550 4889 1892 4958 gemmisque

314 4966 577 5030 tanquam
628 4963 852 5021 ﬂoribus
901 4968 1158 5024 distincta
1189 4980 1353 5044 atque
1381 4980 1686 5033 exornata?
1715 4979 1889 5048 Quem

318 5065 481 5105 usum
546 5053 780 5110 allerunt
847 5066 1026 5114 vestes
1080 5063 1263 5118 aureis
1318 5071 1720 5140 purpureisque
1788 5071 1893 5130 litis

318 5151 608 5209 contextze,
643 5154 696 5202 et
727 5149 874 5204 varia
913 5153 1207 5211 elaboratae
1242 5157 1475 5226 pictura,
1524 5178 1632 5231 qua
1669 5172 1723 5217 et
1751 5181 1892 5235 prce-

318 5234 413 5298 lia,
443 5247 495 5292 et
538 5241 876 5310 venationes,
913 5255 965 5300 et
1013 5247 1132 5302 alia:
1164 5264 1253 5304 res
1284 5250 1551 5320 ejusmodi
1589 5255 1643 5309 in
1691 5234 1891 5315 tunicis

319 5333 374 5380 et
412 5326 750 5389 indumentis
802 5333 870 5389 ab
924 5337 1227 5396 artiﬁcibus
1284 5342 1715 5400 describuntur?
1760 5346 1892 5413 Quae

322 5417 543 5487 quidem
583 5420 798 5477 luxuria
830 5440 1046 5497 semper
1078 5432 1363 5487 avaritiam
1403 5436 1657 5491 comitem
1706 5439 1888 5495 habet.

320 5506 455 5563 Nam
502 5519 562 5565 ut
594 5513 739 5569 vires
791 5517 895 5572 sibi
931 5520 996 5575 ad
1037 5521 1150 5578 hare
1185 5536 1398 5595 parent,
1445 5544 1626 5584 rerum
1676 5531 1890 5600 cupita-

392 5688 415 5721 ⁸
440 5687 599 5745 Joan.
631 5706 714 5757 Ill,
749 5693 837 5747 50.

1990 4520 2281 4593 παρελθεῖν
2305 4517 2434 4580 τοὺς
2455 4519 2555 4587 τῆς
2578 4515 2766 4585 χρείας
2803 4515 2963 4586 ὅρους
2989 4513 3087 4583 τὴν
3119 4513 3315 4584 ὄρεξιν,
3337 4512 3432 4567 καὶ
3460 4515 3570 4577 τοῖς

1991 4615 2078 4668 ἐπ’
2100 4611 2273 4667 οὐδενὶ
2297 4609 2554 4681 χρησίμῳ
2597 4604 3054 4676 σπουδαζομένας
3088 4604 3566 4658 ἐπιπλατύνεσθαι.

1990 4703 2055 4757 Τί
2105 4702 2215 4774 γὰρ
2246 4700 2422 4755 κοινὸν
2454 4698 2564 4770 ἔχει
2598 4697 2734 4768 πρὸς
2763 4695 2823 4749 τὺ
2863 4696 2961 4766 τῆς
3005 4695 3212 4766 τροφῆς
3237 4696 3505 4766 χρήσιμον
3543 4695 3572 4747 ὁ

1990 4793 2280 4862 διάγλυφος
2295 4792 2551 4862 ἄργυρος,
2571 4786 2776 4859 χρυσῷ,
2802 4785 2897 4840 καὶ
2925 4785 3095 4850 λίθοις
3117 4784 3569 4855 ἐπανθιζόμενος;

1995 4885 2062 4938 "ll
2095 4884 2238 4946 τίνος
2267 4882 2424 4952 χάριν
2463 4878 2728 4950 ἐπεδεήθη
2778 4878 2840 4932 τὸ
2874 4877 3089 4947 ἱμάτιον
3109 4876 3202 4930 τοῦ
3240 4875 3446 4947 χρυσοῦ
3474 4876 3572 4944 νή-

1995 4994 2183 5049 ματος,
2206 4977 2301 5028 xui.
2320 4976 2418 5044 τῆς
2436 4972 2765 5047 εύανθούσης
2787 4970 3133 5042 πορφυρίδος,
3159 4969 3254 5023 καὶ
3278 4969 3377 5039 τῆς
3400 4969 3571 5037 ὑφαν-

1990 5069 2148 5138 τικῆς
2192 5065 2527 5137 ζωγραφίας,
2564 5063 2638 5116 δι’
2666 5058 2735 5135 ἦς
2767 5062 3012 5132 πόλεμοι,
3049 5062 3143 5114 καὶ
3170 5061 3352 5131 θῆρες,
3385 5061 3480 5114 καὶ
3506 5061 3572 5114 τὰ

1990 5160 2216 5214 τοιαῦτα
2251 5160 2362 5221 τοῖς
2410 5155 2600 5226 χιτῶσί
2627 5170 2686 5206 τε
2712 5154 2805 5208 καὶ
2852 5155 2964 5214 τοῖς
2999 5153 3257 5222 ἐνδύμασι
3294 5151 3441 5220 παρά
3464 5151 3572 5205 τῶν

1998 5253 2329 5323 ὑφαινόντων
2364 5247 2869 5319 ἐνζωγραφοῦνταις
2896 5242 2991 5309 Οἷς
3014 5244 3375 5315 συμμαχοῦσα
3404 5244 3436 5314 ἡ
3475 5243 3573 5312 τῆς

2000 5342 2312 5406 πλεονεξίας
2361 5339 2561 5409 ἐνεφύη
2595 5338 2768 5400 νόσος.
2806 5337 2925 5389 Ἵνα
2978 5334 3084 5405 γὰρ
3109 5332 3405 5403 ἐπιτύχωσι
3442 5331 3574 5402 πρὸς

1998 5436 2170 5489 ταῦτα
2191 5432 2545 5504 παρασκευῆς
2565 5430 2658 5483 καὶ
2694 5428 2993 5498 δυνάμεως,
3022 5424 3120 5488 τὰς
3143 5425 3248 5477 τῶν
3280 5424 3574 5492 ἐπιθυμού-

2004 5528 2177 5600 μένων
2211 5527 2340 5589 ὔλας
2376 5523 2525 5596 παρὰ
2576 5522 2674 5594 τῆς
2704 5518 3013 5592 πλεονεξίας
3048 5516 3378 5588 πορίζονται.
3432 5511 3573 5569 Ἡδέ
