4072 6156
401 325 505 380 529
921 316 926 320 ’
1791 336 1881 392 DE
1918 337 2246 394 MORTUIS.
3055 317 3060 321 ’

399 443 678 509 πλεονεξία
705 448 769 516 τῇ
797 448 1022 521 ἀπιστίᾳ
1060 451 1156 522 τὴν
1185 451 1387 507 εἴσοδον
1425 455 1652 525 ἤνοιξεν,
1699 460 1818 530 ἥτις
1852 462 1966 514 ἐστὶ

2086 476 2189 513 -υω
2252 463 2534 516 materiam
2593 445 2823 516 avaritia
2869 461 3254 518 subministrat
3297 481 3310 517 :
3354 464 3655 536 eademque

400 541 539 594 κατὰ
576 540 668 592 τὸν
705 542 1041 613 Σολομῶντα,
1091 547 1119 598 ὁ
1154 549 1485 618 τετρημένος
1529 551 1700 616 πίθος,
1735 553 1820 606 ἀεὶ
1864 547 1976 618 τοῖς

398 631 728 685 ἀπαντλοῠσι
764 633 985 697 λείπων,
1029 638 1122 690 καί¹
1149 639 1304 702 κενὸς
1335 641 1740 713 εὑρισκόμενος.
1770 646 1979 701 Οὑκοῦν

397 722 458 774 οὑ
488 722 548 774 τὸ
589 723 747 794 σῶμα
775 725 873 788 τὰς
903 727 1009 780 τῶν
1043 730 1226 784 κακῶν
1267 733 1540 805 ἀφορμὰς,
1574 738 1688 791 ἀλλ’
1713 741 1746 809 ἡ
1783 741 1978 812 προαί‹

401 829 551 882 ρεσις
585 815 823 884 ἐμποιεῖ,
870 817 960 870 τὸν
1013 820 1215 875 σκοπὸν
1271 824 1370 892 τῆς
1411 827 1599 896 χρείας
1628 829 1708 892 είς
1734 828 1831 900 τὴν
1870 829 1979 883 τῶν

400 903 618 957 ἀτόπων
640 906 936 978 ἐπιθυμίαν
954 911 1317 983 ἐκτρέπουσα.
1348 917 1440 988 Μὴ
1468 920 1647 974 τοίνυν
1670 922 1980 987 κακιζέσθω

401 997 551 1068 παρὰ
579 999 689 1051 τῶν
721 1001 1140 1072 ἀπερισκέπτων
1165 1005 1227 1059 τὸ
1267 1008 1444 1079 σῶμα,
1467 1004 1511 1078 ᾧ
1541 1013 1676 1080 μετά
1700 1013 1872 1068 ταῦτα
1893 1014 1980 1068 διὰ

399 1090 497 1161 τῆς
528 1091 946 1161 παλιγγενεσίας
971 1102 1504 1171 μεταττοιχειωθέντι
1534 1107 1668 1176 πρὸς
1693 1107 1751 1159 τὸ
1784 1107 1981 1174 θειότε-

402 1200 494 1254 ρον
520 1185 553 1254 ἡ
604 1183 749 1257 ψυχὴ
779 1187 1200 1256 καλλωπίσεται,
1231 1193 1298 1246 τά
1335 1197 1564 1266 περιττά
1592 1214 1650 1250 τε
1681 1199 1774 1253 καὶ
1807 1200 1980 1270 ἄχρη-

403 1292 522 1338 στα,
548 1275 622 1340 ώς
647 1277 781 1348 πρὸς
809 1279 907 1350 τὴν
934 1281 1230 1337 ἀπόλαυσιν
1253 1286 1353 1357 τῆς
1379 1288 1676 1361 μελλούσης
1693 1292 1858 1362 ζωῆς,
1883 1292 1977 1346 τοῦ

402 1363 628 1418 Θανάτου
674 1367 1144 1440 ἀποκαθάραντος.
1174 1374 1248 1426 Οὑ
1279 1376 1386 1446 γὰρ
1416 1377 1550 1447 πρὸς
1599 1376 1636 1432 ἃ
1670 1379 1762 1434 νῦν
1792 1381 1980 1450 ἐπιτη-

400 1454 554 1520 δείως
579 1457 711 1528 ἕχει,
743 1459 813 1513 τὰ
841 1460 981 1514 αὑτὰ
1019 1464 1113 1517 καὶ
1135 1467 1193 1519 ἐν
1226 1466 1301 1538 τῷ
1329 1469 1465 1538 μετά
1490 1470 1660 1524 ταῦτα
1679 1473 1981 1543 χρησιμεύ-

402 1565 482 1602 σει
513 1550 632 1619 βίῳ,
668 1552 783 1606 ἀλλ’
810 1555 984 1609 οἰκεία
1019 1559 1111 1611 καὶ
1135 1560 1469 1633 κατάλληλος
1486 1563 1637 1619 ἔσται
1658 1569 1722 1638 τῇ
1751 1567 1983 1621 ἀπολαύ-

400 1657 483 1693 σει
510 1643 608 1712 τῆς
641 1641 787 1714 ζωῆς
825 1645 1040 1719 ἐκείνης
1086 1652 1119 1720 ἡ
1169 1650 1263 1704 τοῦ
1307 1654 1558 1724 σώματος
1604 1658 1760 1728 ήμῶν
1803 1677 1982 1731 παρα-

402 1732 590 1803 σκευὴ,
614 1735 886 1806 ἁρμοδίως
921 1739 1052 1810 πρὸς
1071 1741 1168 1812 τὴν
1198 1743 1306 1797 τῶν
1319 1745 1536 1814 ἀγαθῶν
1555 1749 1842 1818 μετουσίαν
1868 1751 1984 1804 δια--

2080 551 2308 605 avaritia
2356 552 2660 607 iulidelitati
2695 553 2898 607 aditum
2933 553 3344 623 patefacitzest
3386 557 3556 621 enim,
3600 568 3656 612 ut

2080 641 2155 696 ait
2184 640 2506 706 Solomon’,
2550 643 2759 698 dolium
2795 653 3103 714 pertusum,
3137 646 3283 716 quod
3318 648 3412 718 qui
3449 663 3657 703 conan-

2080 739 2170 786 tur
2215 733 2460 803 implere,
2497 734 2704 790 frustra
2749 735 3021 804 laborant,
3066 745 3120 792 et
3164 753 3396 792 vacuum
3438 755 3655 809 semper

2081 823 2384 881 inveniunt.
2410 825 2624 896 Corpus
2650 842 2783 898 ergo
2811 843 2920 882 non
2950 828 3106 884 affert
3125 814 3398 885 inalorum
3431 846 3652 892 causas,

2081 915 2176 970 sed
2241 916 2359 987 ipsa
2414 920 2699 986 voluntas,
2757 935 2880 990 quae
2935 922 3310 976 necessarium
3360 938 3522 978 usum
3584 922 3653 976 ad

2080 1007 2348 1064 absurdus
2394 1020 2448 1065 et
2492 1011 2716 1066 inutiles
2765 1011 3092 1082 cupiditates
3128 1014 3438 1083 detorquet.
3484 1012 3655 1068 Nemo

2079 1098 2249 1170 igitur
2305 1108 2511 1157 temere
2556 1111 2612 1157 et
2661 1102 3068 1158 inconsiderate
3123 1112 3372 1160 nostrum
3434 1109 3656 1158 accuset

2079 1205 2300 1261 corpus,
2344 1207 2453 1262 quo
2484 1200 2675 1264 postea
2706 1209 2804 1264 per
2845 1195 3314 1265 regenerationem
3364 1195 3419 1249 in
3450 1204 3652 1250 statum

2081 1280 2409 1338 diviniorem
2433 1291 2766 1338 commutato
2789 1284 3004 1340 animus
3030 1283 3404 1348 decorabitur,
3437 1299 3562 1339 cum
3586 1285 3655 1340 ab

2081 1373 2371 1430 inutilibus
2417 1375 2550 1431 illud
2588 1383 2643 1432 et
2692 1373 3118 1446 supervacaneis
3166 1375 3422 1432 sordibus
3467 1383 3522 1431 et
3559 1377 3656 1430 in-

2082 1465 2392 1521 commodis
2442 1482 2590 1522 mors
2630 1469 3035 1537 expurgaverit,
3069 1474 3129 1519 ut
3161 1465 3275 1519 vita
3321 1465 3504 1521 futura
3533 1481 3656 1536 per-

2084 1555 2316 1610 fruatur.
2360 1557 2494 1612 Nam
2533 1574 2653 1629 qua;
2685 1559 2764 1614 illi
2810 1576 2958 1616 nunc
2989 1562 3346 1631 congruentia
3401 1566 3551 1626 sunt,
3585 1559 3655 1616 iis

2083 1662 2194 1701 non
2227 1654 2412 1702 utetur
2453 1650 2509 1703 in
2545 1650 2718 1704 altera
2747 1652 2876 1716 vita,
2933 1651 3000 1706 ad
3047 1652 3206 1721 cujus
3240 1651 3469 1706 fruenda
3512 1651 3656 1704 bona

2085 1737 2176 1793 lict
2209 1746 2336 1808 apta
2382 1741 2905 1812 accommodataque
2935 1743 3183 1812 corporis
3230 1743 3402 1797 nOStri
3445 1743 3656 1796 consti-

400 1824 633 1878 τεθεῖσα.
661 1823 785 1881 Οἷόν
803 1846 854 1882 τι
873 1829 1015 1899 λέγω
1055 1836 1328 1904 (κρεῖττον
1359 1836 1467 1908 γὰρ
1495 1816 1848 1911 ὑποδείγματι
1871 1841 1978 1896 τῶν

2086 1829 2243 1884 ιιιιίο.
2283 1829 2402 1886 Νοη
2449 1833 2685 1887 alienum
2737 1842 2919 1889 autem
2965 1835 3093 1899 erit,
3142 1841 3201 1888 ut
3241 1833 3385 1904 quod
3420 1833 3658 1888 dicimus

399 1917 691 1988 γνωρίμων
717 1921 822 1973 τινὶ
844 1921 1226 1995 διασαφηνίσαι
1243 1928 1303 1981 ea
1325 1928 1542 2000 νόημα)’
1563 1930 1625 1983 Ἦ
1639 1931 1731 1986 τοῦ
1761 1934 1979 2004 σιδήρου

403 2007 572 2077 βῶλος
612 2013 936 2081 χρησιμεύει
979 2017 1044 2086 τῇ
1079 2015 1406 2089 χαλκευτικῇ
1451 2020 1647 2091 τέχνῃ,
1675 2022 1980 2095 ἀκατέργα-

404 2117 524 2164 στος
552 2101 745 2172 ἄκμων
779 2107 1044 2176 γενομένη
1078 2108 1171 2161 τοῦ
1216 2110 1631 2180 τεχνιτεύοντος.
1677 2114 1816 2168 Ἀλλ’
1854 2118 1982 2170 ὅταν

399 2188 479 2242 δεῖ
511 2191 646 2260 πρός
685 2209 735 2244 τι
780 2193 1102 2264 λεπτότερον
1139 2197 1572 2269 μετεργασθῆναι
1619 2199 1710 2253 τὸν
1744 2200 1978 2271 σίδηρον,

400 2281 521 2335 τότε
543 2283 609 2335 δι’
633 2285 950 2354 ἐπιμελείας
977 2285 1076 2357 τὴν
1110 2287 1277 2357 βῶλον
1310 2287 1402 2341 τοῦ
1436 2291 1607 2360 πυρὸς
1635 2292 1981 2364 ἐκκαθήραν-

399 2391 512 2440 τος,
540 2373 686 2428 ἆπαν
717 2371 1034 2431 ἀποτίθεται
1073 2379 1134 2431 τὸ
1173 2380 1370 2448 γεῶδες
1403 2383 1497 2435 καὶ
1538 2384 1829 2454 ἄχρηστον,
1866 2385 1979 2455 ὃδὴ

405 2467 646 2546 σκωρίαν
667 2470 718 2520 οἱ
749 2471 992 2539 τεχνῖται
1022 2473 1117 2541 τῆς
1154 2472 1415 2542 ἐργασίας
1443 2472 1648 2544 ταύτης
1679 2475 1980 2545 κατονομά-

404 2558 590 2624 ζουσι·
641 2564 734 2615 καὶ
766 2561 938 2626 οὑτως
983 2565 1011 2616 ὁ
1064 2565 1194 2617 ποτὲ
1237 2563 1428 2636 ἄκμων
1465 2553 1907 2637 λεπτουργηθεὶς,
1947 2567 1980 2638 ἢ

405 2654 608 2725 θώραξ,
639 2655 672 2724 ἢ
702 2655 829 2709 ἄλλο
861 2673 913 2708 τι
933 2655 1040 2709 τῶν
1070 2656 1280 2710 λεπτῶν
1301 2658 1838 2728 κατασκευασμάτων
1863 2659 1981 2727 ἐγέ-

405 2764 544 2813 νετο,
575 2746 670 2799 τοῦ
695 2745 935 2800 τοιούτου
964 2746 1376 2818 περιττώματος
1400 2748 1757 2820 ἐκκαθαρθεὶς
1778 2750 1862 2804 διὰ
1885 2755 1984 2823 τῆς

405 2839 655 2910 χωνείας,
710 2839 846 2910 ὅπερ
902 2838 1007 2902 ἕως
1043 2839 1172 2892 ποτὲ
1218 2839 1412 2910 ἄκμων
1438 2835 1526 2912 ἦν,
1571 2842 1671 2894 οὑκ
1709 2843 1984 2913 ἐνομίζετο

406 2930 542 3001 πρὸς
557 2929 654 2999 τὴν
676 2929 798 2982 τότε
830 2929 1017 3000 χρείαν
1047 2926 1183 2984 εἶναι
1214 2930 1552 3001 περίττωμα.
1578 2933 1853 2988 Συνετέλει
1879 2936 1984 3008 γάρ

405 3036 458 3073 τι
482 3021 573 3072 καὶ
612 3021 644 3090 ἡ
671 3021 875 3089 σκωρία
896 3019 1030 3091 πρὸς
1062 3019 1152 3073 τὸν
1185 3019 1346 3088 ὄγκον
1379 3019 1471 3074 τοῦ
1502 3024 1720 3094 σιδήρου
1751 3027 1987 3093 ἐγκατα-

410 3110 722 3181 μεμιγμένη
755 3111 820 3180 τῇ
882 3108 1058 3178 βώλῳ.
1090 3107 1229 3179 ’Ἤδη
1281 3109 1550 3181 νενόηται,
1582 3113 1714 3182 ἡμῖν
1755 3111 1817 3164 τὸ
1853 3112 1985 3165 ὑπό-

405 3202 634 3272 δειγμα·
694 3200 987 3272 μετακτέον
1029 3200 1128 3271 ἤδη
1161 3200 1296 3270 πρὸς
1329 3200 1390 3253 τὸ
1419 3202 1776 3272 προκείμενον
1807 3203 1985 3274 νόημα

405 3292 505 3362 τὴν
530 3295 587 3344 ἐν
612 3291 691 3361 τῷ
720 3291 1077 3361 ὑποδείγματι
1120 3290 1486 3362 θεωρηθεῖσαν
1519 3291 1772 3348 διάνοιαν.
1808 3293 1872 3346 Τί
1894 3290 1986 3347 οὖν

407 3384 523 3437 ἐστι
569 3383 755 3446 τοῦτο;
795 3383 1002 3446 Πολλὰς
1047 3383 1159 3453 ἔχει
1191 3382 1288 3437 νῦν
1318 3381 1657 3454 σκωρεώδεις
1697 3385 1987 3457 ποιότητας

407 3475 442 3546 ή
499 3472 592 3527 τοῦ
633 3474 881 3546 σώματος
928 3474 1110 3545 φύσις,
1152 3476 1207 3529 αἶ
1251 3475 1394 3529 κατά
1443 3477 1540 3546 μὲν
1578 3475 1674 3546 τὴν
1707 3476 1986 3548 παροῦσαν

303 3600 307 3603 ι
409 3565 574 3638 ζωὴν,
611 3566 746 3637 πρός
789 3584 842 3619 τι
895 3568 1163 3638 χρήσιμον
1198 3566 1561 3632 συντελοῦσιν,
1598 3569 1887 3639 ἀχρήστως
1929 3569 1986 3622 δὲ

409 3660 722 3715 παντάπασι
751 3659 844 3712 καὶ
861 3659 1155 3730 ἀλλοτρίως
1172 3659 1293 3730 ἔχου
1303 3677 1354 3713 σι
1383 3661 1520 3732 πρὸς
1545 3661 1642 3731 τὴν
1661 3660 1800 3731 μετὰ
1815 3660 1986 3716 ταῦτα

410 3753 866 3826 προσδοκωμένην
893 3754 1288 3826 μακαριότητα.
1321 3753 1498 3824 Ὅπερ
1528 3748 1620 3806 οὖν
1663 3755 1719 3806 ἐν
1746 3752 1823 3828 τῷ
1856 3753 1988 3824 πυρὶ

410 3849 538 3920 περὶ
564 3848 655 3903 τὸν
687 3847 903 3918 σίδηρον
928 3845 1154 3916 γίνεται,
1184 3846 1243 3898 τὸ
1280 3845 1548 3916 ἄχρηστον
1575 3844 1720 3901 ἅπαν
1751 3849 1848 3917 τῆς
1877 3863 1986 3917 χω-

409 3941 556 4004 νείας
582 3938 971 4009 ἀποποιοὺσης,
1006 3936 1162 3990 τοῦτο
1189 3937 1277 3991 διὰ
1302 3937 1394 3991 τοῦ
1434 3937 1664 3992 θανάτου
1695 3936 1989 4008 κατορθοῦ-

410 4048 498 4084 ται
525 4031 602 4102 τῷ
634 4031 866 4102 σώματι,
892 4029 1091 4094 παντὸς
1109 4028 1520 4100 περιττώματος
1551 4029 1985 4100 ἀποποιουμένου

411 4121 608 4193 διὰτῆς
637 4125 694 4176 ἐν
720 4125 785 4193 τῇ
812 4122 1096 4193 νεκρότητι
1124 4120 1351 4184 λύσεως.
1373 4120 1587 4190 Φανερά
1619 4119 1716 4190 μὲν
1748 4118 1841 4174 οὖν
1871 4123 1987 4174 ἐστι

413 4213 628 4276 πάντως
640 4215 752 4277 τοῖς
767 4211 1196 4282 ἐπεσκεμμένοις
1227 4212 1356 4264 ποῖα
1374 4209 1546 4263 ταῦτά
1560 4211 1728 4276 ἐστιν,
1759 4204 1834 4264 ὧν
1853 4211 1988 4264 ἀπο-

414 4304 731 4375 καθαίρεται
753 4305 812 4357 τὸ
835 4303 992 4373 σῶμα
1025 4304 1104 4367 είς
1131 4301 1353 4374 ὕστερον
1372 4319 1385 4332 ·
1422 4303 1566 4373 ἆπερ
1597 4305 1644 4356 εί
1690 4302 1765 4374 μὴ
1785 4303 1985 4374 παρείη

415 4395 554 4450 κατά
595 4396 692 4467 τὴν
745 4394 1028 4466 παροῦσαν
1077 4395 1242 4468 ζωὴν,
1285 4393 1457 4465 ζημία
1500 4394 1708 4461 γίνεται
1738 4393 1830 4447 τοῦ
1868 4393 1984 4463 βίου

2082 1929 2225 1976 nota:
2261 1923 2702 1994 pervulgatmque
2736 1927 2814 1980 rei
2847 1925 3153 1996 cujuspiam
3187 1925 3433 1994 exemplo
3473 1925 3657 1980 decla-

2082 2027 2290 2068 remus.
2329 2014 2450 2068 Arti
2500 2016 2708 2070 aeraria:
2742 2017 2893 2084 utilis
2931 2025 3016 2072 est
3058 2016 3190 2072 ferri
3222 2016 3412 2072 infecti
3463 2017 3657 2071 illabo-

2082 2104 2299 2174 ratique
2339 2119 2542 2171 massa,
2587 2106 2715 2161 dum
2772 2123 2837 2163 ea
2878 2122 2978 2177 pro
3034 2107 3232 2162 incude
3265 2105 3417 2161 faber
3456 2107 3651 2160 utitur.

2081 2193 2153 2248 At
2179 2209 2304 2251 cum
2339 2211 2479 2266 opus
2512 2205 2595 2252 est
2629 2198 2775 2252 ferro
2825 2198 2892 2252 ad
2937 2205 3078 2267 opus
3129 2197 3349 2266 aliquod
3399 2196 3658 2251 subtilius

2082 2294 2137 2341 et
2172 2286 2349 2357 magis
2381 2288 2723 2343 elaboratum
2751 2288 3175 2353 conficiendum,
3213 2297 3346 2343 tunc
3375 2288 3500 2357 igne
3535 2287 3658 2341 dili-
3757 2345 3760 2348 ,

2084 2386 2277 2448 genter
2336 2387 2712 2450 expurgantur
2775 2394 2974 2434 massae
3039 2379 3186 2434 illius
3245 2387 3440 2433 terrea:
3494 2384 3658 2447 atque

2083 2468 2308 2525 inutiles
2347 2468 2532 2534 faeces,
2585 2485 2743 2540 quas,
2789 2471 2883 2540 qui
2939 2470 3074 2524 artis
3127 2470 3248 2539 ejus
3303 2471 3464 2539 periti
3507 2477 3656 2535 sunt,

2084 2562 2325 2617 scoriam
2360 2561 2659 2633 appellant.
2703 2563 2880 2632 Atque
2932 2563 3006 2616 ita
3043 2562 3190 2631 quod
3230 2562 3360 2615 olim
3397 2568 3514 2615 erat
3571 2561 3657 2614 in-

2085 2667 2183 2708 cus
2237 2651 2460 2708 rudisve
2518 2651 2646 2707 ferri
2696 2668 2915 2718 massa,
2979 2654 3254 2709 subtiliter
3319 2654 3658 2709 elaboratum

2085 2741 2256 2798 lorica
2289 2741 2370 2806 fit,
2415 2751 2510 2798 aut
2549 2742 2770 2812 aliquod
2808 2742 2956 2796 aliud
2992 2758 3132 2813 opus
3163 2745 3439 2814 egregium
3483 2752 3538 2799 et
3567 2760 3662 2799 ex-

2085 2832 2338 2902 politum,
2389 2833 2812 2903 supervacaneis
2866 2833 2919 2887 in
2953 2832 3177 2889 fornace
3223 2834 3466 2888 excoctis
3515 2834 3665 2903 abje-

2087 2924 2300 2994 etisque
2343 2923 2621 2988 sordibus,
2673 2939 2793 2994 qua:
2825 2933 3008 2979 tamen
3063 2925 3117 2978 in
3153 2925 3272 2995 ipsa
3327 2925 3523 2979 incude
3569 2934 3664 2978 aut

2087 3031 2272 3073 massa
2322 3016 2689 3073 considerata;
2738 3030 3094 3086 supervacuae
3145 3031 3254 3070 non
3301 3017 3660 3086 putabantur.

2087 3107 2316 3163 Confert
2357 3107 2503 3164 enim
2536 3107 2744 3177 aliquid
2777 3107 2846 3161 ad
2878 3106 3007 3162 ferri
3045 3107 3242 3162 molem
3279 3109 3445 3162 etiam
3483 3109 3664 3163 scoria

2087 3201 2143 3254 in
2201 3215 2381 3255 massa
2439 3199 2725 3270 permista.
2786 3198 3143 3268 Perspicuum
3212 3197 3316 3252 hoc
3364 3198 3522 3254 nobis
3581 3209 3706 3254 est-

2087 3291 2395 3361 exemplum
2432 3308 2446 3346 :
2477 3290 2956 3346 accommodemus
2980 3304 3126 3344 nunc
3167 3299 3487 3359 praesentem
3533 3303 3665 3344 con-

2078 3381 2483 3437 siderationem
2531 3381 2600 3436 ad
2644 3395 2765 3436 eam
2799 3396 2920 3451 quae
2953 3381 3007 3434 in
3037 3382 3288 3450 exemplo
3329 3381 3668 3452 conspicitur

2091 3471 2550 3542 intelligentiam:
2584 3470 2844 3540 quidnam
2891 3470 3057 3540 igitur
3091 3471 3237 3524 istud
3289 3472 3407 3525 est?
3442 3472 3545 3524 hoc
3579 3472 3666 3525 ni-

2088 3561 2310 3616 mirum.
2343 3561 2540 3615 lllultas
2567 3575 2713 3615 nunc
2739 3560 2902 3614 habet
2926 3569 3122 3613 natura
3162 3563 3410 3630 corporis
3449 3565 3663 3628 sordes,

2087 3665 2153 3705 ac
2195 3651 2362 3706 veluti
2409 3652 2678 3715 scoriam,
2727 3651 3022 3720 quamdam
3071 3653 3326 3720 praesenti
3384 3654 3506 3708 vita:
3555 3670 3666 3709 non

2087 3742 2336 3796 inutilem
2384 3741 2533 3796 illam
2594 3741 2815 3811 quidem
2872 3742 3056 3810 aliquo
3102 3743 3284 3807 modo,
3339 3745 3432 3798 sed
3483 3730 3684 3800 tamen.

2089 3831 2320 3885 alienam
2363 3845 2594 3902 prorsus
2629 3834 2698 3885 ab
2728 3845 2790 3886 ea
2839 3829 3124 3895 felicitate,
3163 3847 3324 3900 quam
3377 3843 3664 3903 exspecta-

2088 3937 2230 3978 mus.
2256 3921 2723 3988 Quemadmodum
2758 3922 2923 3993 igitur
2965 3923 3020 3977 in
3053 3923 3274 3979 fornace
3315 3924 3457 3996 ignis
3488 3926 3666 3981 aufert

2088 4021 2141 4069 et
2183 4014 2421 4069 absumit
2465 4013 2732 4085 quidquid
2788 4015 2845 4067 in
2900 4013 3048 4070 ferro
3102 4024 3186 4070 est
3215 4016 3434 4083 inutile,
3483 4018 3562 4072 sic
3609 4019 3664 4072 in

2089 4105 2210 4175 ipsa
2239 4113 2413 4159 morte
2442 4118 2642 4174 corpus
2673 4105 2741 4158 ab
2769 4105 2920 4159 omni
2952 4121 3011 4160 re
3049 4121 3458 4176 supervacanea
3499 4117 3667 4179 atque

2089 4195 2272 4250 inutili
2316 4210 2416 4266 per
2456 4194 2809 4250 mortalitatis
2839 4196 3170 4253 solutionem
3203 4199 3493 4253 liberatur.
3534 4201 3667 4266 Quae

2090 4295 2271 4341 autem
2307 4287 2419 4342 sint
2462 4301 2549 4353 ea,
2584 4300 2615 4339 a
2657 4286 2861 4356 quibus
2900 4302 3102 4358 corpus
3150 4289 3205 4342 in
3236 4299 3514 4359 posterum
3566 4307 3664 4346 ex-

2089 4379 2434 4450 purgabitur,
2476 4394 2600 4450 quae
2641 4380 2751 4436 nisi
2806 4381 2896 4435 hic
2949 4382 3226 4445 adessent,
3263 4397 3505 4451 praesens
3551 4384 3666 4440 hare

411 4488 622 4542 τούτου.
659 4487 802 4558 Πλὴν
829 4487 965 4542 ἀλλὰ
1013 4489 1107 4542 καὶ
1155 4487 1287 4559 παρ’
1317 4485 1473 4558 ἡμῶν
1503 4486 1800 4558 σαφηνείας
1828 4485 1983 4556 χάριν

2094 4472 2202 4525 vita
2231 4472 2492 4527 damnum
2523 4471 2748 4538 faceret,
2787 4473 2915 4529 licet
2936 4475 3113 4529 cuivis
3135 4473 3379 4530 studiose
3409 4475 3668 4530 conside-

411 4579 478 4632 δι’
507 4578 704 4649 ὀλίγων
731 4581 1030 4651 εἰρήσεται.

485 4841 687 4907 Ἔστω,
712 4840 833 4894 καθ’
857 4839 1132 4904 ὑπόθεσιν,
1152 4840 1269 4894 ἀντὶ
1293 4841 1390 4911 μὲν
1403 4841 1500 4912 τῆς
1530 4840 1721 4911 βώλου,
1753 4842 1786 4912 ἡ
1812 4840 1987 4912 ὄρεξις

410 4936 444 5005 ἡ
468 4933 712 5003 φυσικῶς
733 4934 826 4986 ἐπὶ
855 4934 1070 4988 πάντων
1086 4934 1447 5004 ἐνεργουμένη
1469 4950 1481 4963 ⁸
1505 4935 1624 4988 ἀντὶ
1643 4933 1698 4986 δὲ
1727 4936 1824 5004 τῆς
1850 4951 1990 4987 σκω-

415 5025 535 5096 ρίας
554 5024 746 5087 ταῦτα,
774 5023 912 5095 πρὸς
937 5023 973 5077 ἃ
1004 5022 1099 5077 νῦν
1127 5025 1224 5086 τὰς
1247 5024 1422 5095 ὁρμάς
1445 5024 1558 5095 ἔχει
1587 5025 1620 5094 ἡ
1645 5023 1842 5096 ὄρεξις,
1864 5023 1988 5094 ἡδο-

412 5117 520 5181 ναὶ,
549 5117 644 5169 καὶ
683 5115 926 5181 πλοῦτοι,
958 5115 1052 5168 καὶ
1080 5114 1394 5184 φιλοδοξίαι,
1418 5116 1509 5169 καὶ
1537 5116 1864 5178 δυναστεῖαι,
1896 5116 1990 5169 καὶ

414 5206 596 5279 θυμοὶ,
641 5209 735 5262 καὶ
764 5207 942 5276 τῦφοι,
975 5209 1066 5261 καὶ
1101 5208 1170 5261 τὰ
1208 5209 1452 5263 τοιαῦτα.
1488 5207 1704 5263 Τούτων
1737 5209 1989 5263 ἁπάντων

413 5301 508 5356 καὶ
523 5299 632 5352 τῶν
654 5299 931 5361 τοιούτων,
973 5300 1266 5372 καθάρσιον
1298 5300 1522 5370 ἀκριϐὲς
1541 5301 1568 5352 ό
1591 5301 1817 5363 Θάνατος
1847 5301 1990 5368 γίνε-

412 5407 503 5444 ται
527 5407 540 5421 ⁸
567 5383 642 5444 ὧν
688 5389 1039 5461 γυμνωθεῖσά
1077 5407 1138 5442 τε
1183 5389 1277 5442 καὶ
1324 5389 1657 5461 καθαρθεῖσα
1693 5389 1910 5444 πάντων
1955 5392 1988 5460 ή

413 5481 616 5555 ὄρεξις,
649 5482 785 5554 πρὸς
812 5482 872 5536 τὸ
902 5482 1059 5554 μόνον
1081 5481 1303 5554 ὀρεκτόν
1339 5499 1398 5534 τε
1422 5482 1515 5535 καὶ
1539 5480 1872 5553 ἐπιθυμητὸν
1897 5481 1990 5534 καὶ

414 5574 676 5648 ἐράσμιον
723 5575 789 5645 τῇ
835 5573 1083 5647 ἐνεργείᾳ
1121 5574 1478 5647 τραπήσεται,
1505 5574 1606 5629 οὐκ
1642 5573 1993 5630 ἀποσϐέσασα

490 5753 510 5784 ⁹
565 5751 737 5810 Ecclt.
769 5769 882 5822 ut,
914 5756 998 5810 l7.

2097 4563 2241 4617 ranti
2288 4563 2448 4618 facile
2496 4563 2838 4638 intelligere:
2867 4573 3047 4620 tamen
3085 4581 3194 4635 quo
3242 4566 3458 4636 planius
3502 4567 3666 4620 etiam

2097 4663 2331 4720 conSLet,
2365 4665 2487 4710 uta
2536 4658 2818 4727 proposito
2869 4657 3118 4725 exemplo
3157 4671 3267 4711 non
3321 4657 3666 4722 recedamus,

2097 4745 2335 4802 breviter
2359 4763 2389 4802 a
2422 4749 2580 4803 nobis
2603 4748 2768 4802 etiam
2801 4748 3258 4804 recensebuntur.

2169 4838 2348 4895 Massa
2379 4841 2545 4911 igitur
2592 4841 2663 4896 sit
2694 4840 2974 4910 appetitio,
3027 4856 3148 4912 quae
3203 4843 3531 4896 naturaliter
3585 4851 3669 4899 est

2097 4934 2352 4988 omnibus
2404 4933 2590 4998 insita,
2652 4932 2832 4988 scoria
2868 4940 3074 4996 autem,
3125 4942 3179 4987 et
3238 4932 3420 4998 faeces,
3463 4949 3546 4999 ea,
3600 4935 3668 4989 ad

2087 5043 2211 5102 quae
2238 5041 2382 5080 nunc
2408 5027 2610 5096 impetu
2635 5027 2859 5082 ducitur
2875 5034 2928 5080 et
2955 5025 3190 5080 trahitur
3207 5025 3489 5095 appetitio,
3516 5041 3669 5080 nem-

2087 5135 2154 5188 pe
2183 5118 2512 5188 voluptates,
2538 5118 2762 5183 divitia',
2799 5118 2992 5189 gloria,
3037 5117 3399 5188 principatus,
3451 5113 3670 5173 iracun-

2088 5210 2203 5271 dia,
2236 5217 2442 5274 tumor,
2475 5210 2804 5279 arrogantia,
2832 5217 2889 5263 et
2918 5209 2972 5262 id
3002 5223 3176 5279 genus
3215 5209 3344 5271 alia,
3392 5223 3422 5262 a
3466 5209 3669 5279 quibus

2089 5300 2346 5354 omnibus
2378 5315 2482 5356 nos
2511 5300 2760 5370 expiatos
2794 5315 2939 5355 mors
2969 5315 3031 5354 ac
3054 5301 3211 5370 plane
3232 5301 3436 5358 liberos
3467 5302 3666 5357 reddit.

2095 5391 2193 5448 His
2215 5393 2359 5448 enim
2386 5400 2548 5448 exuta
2564 5407 2842 5462 vacuaque
2864 5393 3124 5464 appetitio
3147 5393 3215 5448 ad
3245 5394 3299 5448 id
3323 5394 3469 5465 quod
3493 5395 3666 5450 solum

2096 5485 2480 5556 expetendum,
2537 5484 2858 5558 optandum,
2930 5487 3332 5556 amandumque
3395 5497 3496 5550 est,
3561 5487 3666 5539 vim

2101 5578 2364 5635 transfert
2402 5593 2582 5643 suam,
2646 5593 2753 5632 non
2788 5576 3143 5648 exstinguens
3199 5579 3415 5648 penitus
3471 5577 3666 5633 insitos
