4072 6156
335 405 437 460 851

1560 397 1618 452 S.
1656 391 1982 451 GREGORII
2020 388 2300 445 NYSSENI

3474 373 3575 428 53')

338 514 408 570 ad
441 514 556 571 hac
593 514 833 586 impetus
864 529 895 569 a
934 520 1150 575 natura,
1193 511 1289 569 sed
1325 525 1422 568 eos
1460 519 1786 568 convertens
1833 509 1940 572 ad,

2043 504 2231 558 αθόλου
2257 500 2361 564 τὰς
2386 499 2707 571 ἐγκειμὲνας
2723 496 2963 568 φυσικῶς
2989 496 3119 566 ἡμῖν
3148 492 3239 545 ἐπὶ
3269 488 3340 543 τά
3357 488 3578 543 τοιαῦτα

340 608 432 662 illa
464 607 607 663 bona
633 605 979 677 perfruenda,
1010 620 1130 675 quae
1165 619 1195 660 a
1226 605 1456 661 materia
1481 606 1728 675 sejuncta
1752 611 1900 660 sunt.

339 695 476 751 Nam
503 697 616 751 illic
648 696 794 766 viget
815 710 955 752 verae
976 697 1400 767 pulchritudinis
1423 711 1596 762 amor,
1631 695 1725 766 qui
1764 710 1906 749 nun-

343 803 509 858 quam
556 787 941 858 exstinguitur.
995 786 1111 843 Illic
1164 788 1460 845 laudabilis
1507 788 1662 844 adest
1693 788 1909 859 sapien-

340 881 432 935 tiae
463 879 777 933 divitiarum
823 880 1114 950 cupiditas,
1148 889 1201 936 et
1231 882 1551 951 praeclarum
1599 894 1665 934 ac
1706 878 1909 933 bonum

340 968 532 1036 gloriae
568 968 834 1031 studium,
879 966 1026 1038 quod
1057 969 1110 1021 in
1161 966 1256 1023 Dei
1289 968 1442 1037 regni
1480 967 1740 1021 societate
1777 979 1912 1019 con-

341 1060 603 1124 sumitur,
656 1059 1053 1128 honestumque
1079 1059 1388 1114 divinarum
1419 1058 1707 1129 epularum
1764 1055 1912 1112 desi-

343 1151 582 1216 derium,
624 1166 746 1221 qum
791 1152 1090 1222 degustatae
1127 1150 1333 1205 nullam
1394 1165 1635 1221 unquam
1682 1147 1915 1204 atl‘erunt

348 1244 677 1301 satietatem.
716 1243 1081 1310 Quamobrem
1112 1244 1206 1313 qui
1234 1243 1385 1299 novit
1420 1245 1591 1299 totius
1625 1242 1775 1297 orbis
1812 1256 1914 1294 au-

350 1343 557 1389 ctorem
586 1340 641 1389 et
671 1332 916 1403 Opiﬁcem
946 1331 1114 1387 Deum
1138 1342 1443 1404 Opportuna
1457 1340 1696 1401 tempore
1717 1346 1916 1401 corpo-

352 1425 433 1481 ris
465 1425 665 1479 molem
696 1439 761 1478 ac
780 1438 1017 1480 massam
1052 1425 1105 1478 in
1138 1438 1289 1478 arma
1317 1424 1472 1480 bonae
1510 1423 1774 1478 voluntati
1806 1436 1920 1478 suae

354 1522 508 1586 grata
539 1521 869 1583 acceptaque
894 1512 1279 1579 ronﬂaturum,
1318 1522 1374 1569 et
1417 1515 1642 1569 loricam
1669 1512 1917 1584 iustitiae,

357 1611 419 1657 ut
447 1602 627 1673 inquit
649 1602 949 1673 Apostolus
976 1605 1043 1667 ¹⁰,
1072 1603 1421 1675 gladiumque
1450 1604 1697 1673 spiritus,
1735 1613 1789 1659 et
1828 1618 1922 1675 ga-

357 1695 501 1751 leam
532 1694 670 1764 spei,
703 1702 866 1765 atque
908 1709 1124 1750 omnem
1155 1695 1396 1750 divinam
1430 1703 1765 1749 armaturam
1804 1710 1924 1764 per-

359 1783 654 1850 fecturum,
687 1784 865 1855 diligit
902 1799 1104 1854 corpus
1138 1798 1298 1839 suum
1327 1800 1392 1841 ex
1425 1786 1744 1855 praescripto
1766 1786 1920 1855 legis,

2005 595 2202 666 όρμάς,
2236 592 2370 647 ἀλλά
2404 592 2538 663 πρὸς
2578 590 2674 660 τὴν
2708 590 2869 644 ἀῦλον
2902 587 3010 640 τῶν
3046 583 3265 653 ἀγαθῶν
3295 581 3580 653 μετουσίαν

2011 685 2446 756 μεταποιήσασα.
2495 683 2643 736 Ἐκεῖ
2684 680 2793 750 γὰρ
2821 682 2850 733 6
2878 677 3017 749 ἔρως
3040 673 3135 728 τοῦ
3173 670 3425 743 ἀληθινοῦ
3455 669 3575 723 κάλ·

2007 778 2152 841 λους,
2187 778 2215 830 6
2255 776 2529 837 ἄπαυστος
2550 787 2565 802 ⁶
2613 773 2732 825 ἐκεῖ
2767 772 2802 841 ἡ
2843 765 3100 837 ἐπαινετὴ
3118 764 3225 816 τῶν
3250 762 3351 831 τῆς
3394 759 3582 827 σοφίας

2010 865 2297 938 θησαυρῶν
2331 862 2629 929 πλεονεξία,
2652 862 2748 915 καὶ
2770 863 2803 932 ή
2835 859 2972 929 καλή
3001 873 3060 910 τε
3076 855 3169 909 καὶ⁵
3186 851 3367 922 ἀγαθὴ
3381 849 3571 919 φιλοδο-

2011 958 2100 1025 ξία
2127 959 2162 1028 ἡ
2196 958 2263 1027 τῇ
2296 952 2551 1024 κοινωνίᾳ
2572 954 2671 1021 τῆς
2695 950 2791 1004 τοῦ
2817 947 2951 1002 Θεοῦ
2984 945 3257 1018 βασιλείας
3286 941 3585 1011 κατορθου-

2016 1048 2173 1119 μὲνη,
2211 1048 2303 1101 καὶ
2328 1045 2390 1099 :6
2418 1044 2581 1098 καλὸν
2610 1041 2781 1105 πάθος
2824 1040 2923 1110 τῆς
2961 1036 3286 1103 ἀπληστίας,
3334 1033 3586 1086 οὐδέποτε

2014 1142 2160 1211 κόρῳ
2185 1138 2294 1192 τῶν
2317 1135 2726 1209 ὑπερκειμένων
2760 1131 2895 1202 πρὸς
2924 1130 3015 1182 τὸν
3056 1127 3259 1196 ἀγαθὸν
3286 1124 3448 1178 πόθον
3469 1125 3587 1176 ἐπι--

2016 1231 2364 1301 κοπτόμενον.
2380 1226 2586 1282 Οὐκοῦν
2606 1223 2812 1296 μαθὼν,
2834 1223 2915 1276 ὅτι
2940 1222 3050 1282 τοῖς
3067 1217 3365 1287 καθήκουσι
3381 1214 3589 1286 χρόνοις

2015 1326 2046 1376 6
2085 1321 2179 1375 τοῦ
2221 1319 2422 1382 παντὸς
2462 1316 2711 1388 τεχνίτης
2753 1314 2851 1386 τὴν
2901 1310 2997 1367 τοῦ
3037 1309 3286 1379 σώματος
3318 1306 3486 1377 βῶλον
3513 1306 3590 1369 είς

2018 1413 2179 1468 ὅπλον
2196 1411 2505 1480 εὑδοκιμίας
2525 1404 2969 1479 μεταχαλκεύσει,
2982 1401 3208 1473 θώρακα
3227 1395 3592 1464 δικαιοσύνης,

2022 1504 2200 1568 καθώς
2225 1520 2388 1576 φησιν
2418 1506 2446 1556 6
2473 1499 2815 1562 Ἀπόστολος,
2842 1495 2935 1550 καὶ
2969 1494 3238 1566 μάχαιραν
3266 1487 3593 1559 πνεύματος,

2022 1599 2115 1651 καὶ
2148 1594 2576 1668 περικεφαλαίαν
2611 1591 2842 1656 ἐλπίδος,
2883 1588 2978 1641 καὶ
3018 1587 3195 1639 πᾶσαν
3222 1582 3320 1653 τὴν
3347 1581 3438 1635 τοῦ
3461 1578 3596 1635 Θεοῦ

2024 1688 2321 1742 πανοπλίαν
2382 1683 2883 1757 κατεργασάμενος,
2938 1677 3129 1747 ἀγαπᾷ
3177 1675 3239 1728 :6
3270 1673 3401 1727 ῐδιον
3440 1671 3597 1741 σῶμα

2026 1778 2164 1834 κατά
2178 1777 2268 1831 τὸν
2291 1777 2385 1830 τοῦ
2419 1774 2741 1828 Ἀποστὸλου
2765 1773 2948 1843 νόμον,
2973 1770 3033 1833 ὃς
3053 1784 3236 1839 φησιν,
3277 1767 3357 1820 ὅτι
3394 1763 3597 1829 Οὐδείς

361 1887 527 1943 quam
570 1848 699 1927 tulit
747 1848 1064 1943 Apostolus,
1107 1889 1284 1938 nemo,
1334 1848 1612 1943 inquiens,
1652 1848 1927 1942 proprium

2041 1872 2093 1927 πὸ
2122 1870 2338 1925 ἑαυτοῦ
2362 1867 2533 1937 σῶμα
2553 1867 2866 1935 ἐμίσησεν.
2885 1863 2959 1916 T6
2980 1860 3140 1932 σῶμα
3167 1859 3226 1913 δὲ
3254 1857 3315 1911 :6
3338 1855 3611 1927 κεκαθαρ-

362 1979 553 2033 corpus
581 1964 691 2019 odit
728 1964 792 2017 υ.
841 1962 1044 2019 Purum
1080 1964 1247 2034 igitur
1282 1979 1347 2020 ac
1404 1965 1666 2020 mundum
1724 1981 1928 2036 corpus

361 2061 579 2125 oportet
605 2054 850 2131 diligere,
879 2069 989 2110 non
1013 2065 1191 2111 autem
1223 2056 1499 2111 sordidam
1522 2057 1640 2125 ejus
1669 2056 1927 2119 scoriam,

366 2160 488 2215 quae
515 2145 839 2215 repudiatur
864 2153 918 2200 et
948 2145 1223 2215 abjicitur.
1258 2144 1455 2200 Verum
1492 2154 1576 2201 est
1599 2146 1766 2209 enim,
1785 2145 1928 2216 quod

366 2234 613 2289 cont-inet
636 2234 822 2291 divina
855 2234 1141 2306 Scriptura
1169 2237 1236 2302 “,
1265 2250 1387 2302 nos,
1423 2237 1469 2291 si
1504 2236 1784 2291 terrestris
1830 2235 1933 2289 do-

366 2338 492 2379 mus
549 2336 737 2380 nostra
797 2325 962 2396 hujus
1010 2326 1350 2380 tabernaculi
1404 2326 1741 2389 destruatur,
1802 2334 1934 2380 tunc

367 2414 545 2484 ipsam
576 2416 894 2471 inventuros
927 2416 1341 2472 aediﬁcationem
1377 2432 1408 2469 a
1444 2415 1553 2471 Deo
1581 2415 1803 2481 factam,
1840 2416 1937 2491 do-

371 2521 520 2562 mum
559 2521 667 2561 non
710 2521 873 2561 manu
912 2515 1310 2573 constructam,
1362 2514 1623 2563 aeternam
1671 2509 1728 2561 in
1778 2507 1936 2561 caelis

371 2597 590 2668 dignam
621 2614 743 2670 qua
801 2598 895 2654 Dei
929 2601 999 2654 sit
1042 2599 1375 2656 domicilium
1404 2600 1458 2653 in
1484 2600 1697 2670 spiritu.
1733 2599 1811 2653 Ac
1849 2599 1938 2653 do-

373 2704 496 2746 mus
530 2690 747 2760 quidem
779 2690 925 2746 illius
948 2703 1057 2746 non
1082 2691 1411 2745 manufactae
1440 2690 1690 2761 ﬁguram,
1720 2698 1774 2746 et
1836 2690 1936 2746 for-

371 2793 541 2844 mam,
571 2787 626 2834 et
653 2780 959 2849 exemplum
990 2780 1123 2834 mihi
1163 2796 1324 2836 nemo
1357 2781 1629 2836 describat
1679 2781 1746 2835 ad
1790 2782 1941 2836 simi-

377 2867 661 2923 litudinem
694 2884 905 2936 earum,
935 2870 1137 2939 quibus
1175 2871 1509 2940 proprietate
1527 2870 1937 2940 distinguimur.

377 2953 592 3009 Etenim
622 2969 745 3009 cum
778 2954 980 3012 divinis
1005 2959 1245 3013 oraculis
1277 2973 1383 3012 non
1414 2960 1588 3013 solum
1623 2959 1941 3029 praedictum

379 3046 453 3099 sit
475 3044 657 3110 nobis,
690 3061 791 3102 nos
822 3045 876 3101 in
910 3047 1072 3101 vitam
1119 3064 1243 3105 esse
1280 3050 1635 3113 revocandos,
1668 3061 1724 3106 et
1770 3066 1945 3107 resur-

2032 1960 2191 2031 μένον
2217 1957 2532 2027 ἀγαπᾶσθαι
2579 1954 2705 2026 χρὴ,
2746 1955 2806 2006 οὑ
2850 1952 2949 2023 τὴν
2990 1947 3428 2018 ἀποποιουμένην
3463 1961 3600 1997 σκωσ

2034 2048 2171 2117 ρίαν.
2222 2045 2444 2115 Ἀληθές
2470 2045 2580 2116 γάρ
2613 2060 2798 2114 φησιν,
2824 2040 2898 2105 ὥς
2928 2056 3092 2111 φησιν
3112 2040 3146 2109 ἡ
3179 2036 3298 2091 θεία
3327 2034 3498 2103 φωνὴ,
3522 2033 3602 2086 δτι

2032 2137 2187 2206 ἐάνή
2237 2136 2475 2203 ἐπίγειος
2512 2132 2669 2203 ἡμῶν
2710 2132 2859 2186 οἰκία
2912 2129 3004 2183 τοῦ
3050 2128 3281 2196 σκήνους
3308 2121 3604 2193 καταλυθῇ,

2032 2226 2153 2278 τότε
2186 2223 2356 2293 αὑτὴν
2386 2221 2692 2292 εὑρήσομεν
2713 2218 3000 2289 οἰκοδομὴν
3028 2217 3093 2269 ἐκ
3120 2212 3255 2268 Θεοῦ
3299 2210 3600 2282 γενομένην

2032 2319 2207 2371 οἰκίαν
2228 2314 2658 2386 ἀχειροποίητον,
2687 2309 2904 2365 αίώνιον
2928 2310 2985 2363 ἐν
3015 2310 3127 2371 τοῖς
3154 2306 3422 2377 οὐρανοῖς,
3452 2302 3610 2368 ἀξίαν

2033 2408 2128 2461 τοῦ
2162 2403 2299 2460 εἶναι
2318 2404 2485 2474 αὐτὴν
2504 2402 2638 2456 Θεοῦ
2661 2402 3074 2472 κατοικητήριον
3105 2400 3162 2452 ἐν
3184 2397 3474 2467 πνεύματι.
3497 2394 3608 2448 Καί

2040 2515 2128 2568 μοι
2158 2496 2343 2567 μηδεὶς
2376 2492 2827 2566 χαρακτῆρα,κα“ι
2845 2490 3051 2560 σχῆμα,
3082 2488 3174 2542 καὶ
3197 2483 3336 2550 εἶδος
3368 2487 3611 2555 ὑπογρα-

2038 2588 2186 2657 φέτω
2211 2589 2308 2658 τῆς
2339 2586 2751 2658 ἀχειροποιήτου
2794 2583 3006 2654 ἐκείνης
3036 2580 3231 2643 οἰκίας,
3282 2578 3404 2632 καθ’
3436 2575 3611 2648 ὁμοιό·

2037 2696 2175 2750 τητα
2215 2679 2322 2732 τῶν
2374 2678 2469 2731 νῦν
2527 2677 2958 2746 ἐπιφαινομένων
3022 2675 3151 2744 ἡμῖν
3202 2669 3568 2742 χαρακτήρων
3598 2707 3613 2727 ,

2041 2774 2135 2827 καὶ
2163 2771 2545 2842 διακρινόντων
2589 2770 2737 2840 ἡμᾶς
2762 2767 2856 2820 ἀπ’
2884 2765 3127 2837 ἀλλήλων
3152 2765 3266 2827 τοῖς
3310 2759 3614 2832 ίδιώμασιν.

2043 2863 2118 2916 Οὑ
2140 2861 2250 2932 γάρ
2282 2862 2448 2932 μόνης
2477 2861 2575 2931 τῆς
2603 2858 2951 2920 ἀναστάσεως
2991 2858 3122 2926 ἡμῖν
3153 2854 3301 2925 παρά
3333 2853 3440 2906 τῶν
3461 2853 3618 2906 θείων

2043 2955 2238 3025 λογίων
2283 2952 2722 3025 κεκηρυγμένης,
2766 2950 2899 3003 ἀλλά
2948 2950 3042 3002 καὶ
3084 2947 3145 3000 :6
3185 2947 3295 3000 δεῖν
3324 2945 3617 3014 ἀλλαγῆναι

2044 3049 2170 3110 τοὺς
2202 3043 2679 3105 ἀνακαινισθέντας
2714 3039 2803 3094 διὰ
2828 3040 2928 3109 τῆς
2956 3036 3323 3104 ἀναστάσεως,
3350 3034 3447 3104 τῆς
3476 3032 3619 3093 θείας

379 3142 865 3215 νεοῑιιιόελνθτυω
911 3139 1072 3194 etiam
1100 3140 1447 3210 promittatur
1497 3143 1552 3196 in
1613 3143 1729 3212 ipsa
1760 3144 1940 3198 divina

2046 3136 2449 3209 διεγγυωμὲνης
2466 3132 2710 3204 Γραφῆς,
2748 3131 2961 3200 ἀνάγκη
2983 3130 3133 3183 πᾶσα
3151 3125 3455 3199 κεκρύφθαι
3483 3140 3620 3227 παν;

383 3226 666 3299 Scriptura
694 3245 794 3300 per
820 3231 995 3301 ipsam
1023 3233 1503 3296 resurrectionem,
1540 3233 1814 3289 immutari
1858 3243 1944 3289 at-

382 3337 489 3389 que
528 3324 778 3378 renovari
807 3339 909 3378 nos
931 3330 1203 3395 oportere,
1235 3326 1460 3381 omnino
1483 3342 1707 3382 necesse
1738 3334 1843 3390 est,
1863 3336 1943 3391 ut,

381 3413 438 3466 in
459 3413 591 3483 quid
620 3413 941 3471 immutandi
970 3431 1183 3483 sumus,
1216 3417 1337 3471 ideo
1365 3433 1589 3487 prorsus
1612 3421 1946 3490 ignoremus,

384 3503 530 3572 quod
561 3504 769 3560 nullum
806 3521 996 3562 eorum
1027 3524 1147 3579 quae
1194 3524 1501 3580 speramus,
1534 3511 1841 3582 exemplum
1892 3514 1946 3565 in

383 3594 487 3650 hac
506 3598 617 3650 vita
647 3597 827 3654 simile
854 3611 1199 3658 contuemur.
1230 3601 1384 3657 Nunc
1406 3605 1575 3665 enim,
1622 3618 1742 3673 qum
1761 3618 1948 3659 crassa

383 3695 441 3742 et
467 3687 637 3743 solida
658 3697 804 3755 sunt,
836 3699 1032 3745 natura
1061 3692 1319 3747 deorsum
1347 3692 1612 3748 feruntur.
1658 3676 1813 3749 Tunc
1852 3709 1951 3748 au—

385 3785 495 3832 tem
542 3780 622 3834 sic
668 3780 1120 3847 immutabuntur,
1154 3793 1214 3838 ut
1261 3801 1481 3840 sursum
1535 3785 1779 3839 tendant.
1841 3784 1951 3840 Nos

387 3871 554 3936 enim,
582 3879 643 3927 ut
665 3873 928 3943 scriptum
973 3883 1078 3935 est,
1109 3883 1464 3945 posteaquam
1520 3884 1715 3929 natura
1747 3889 1844 3945 per
1876 3892 1953 3931 re-

388 3962 786 4017 surrectionem
810 3963 865 4016 in
893 3963 1148 4018 omnibus
1173 3964 1228 4018 in
1265 3964 1430 4018 vitam
1465 3966 1732 4022 revocatis
1791 3965 1955 4023 fuerit

390 4060 755 4108 commutata:
796 4055 1084 4122 Rapiemur
1123 4056 1177 4109 in
1218 4056 1441 4110 nubibus
1472 4057 1676 4111 obviam
1720 4059 1946 4113 Domino

390 4146 448 4199 in
484 4160 612 4198 aera
644 4152 801 4214 atque
855 4147 931 4199 ita
982 4162 1181 4214 semper
1233 4163 1348 4201 eum
1395 4147 1621 4201 Domino
1670 4150 1949 4203 erimus".

393 4234 453 4289 Si
491 4235 659 4306 igitur
684 4236 778 4306 qui
817 4237 1194 4305 immutantur,
1218 4240 1468 4309 corporis
1497 4240 1709 4308 pondus
1733 4256 1840 4294 non
1865 4255 1955 4295 re--

394 4328 594 4394 tinent,
613 4327 1042 4384 scddiviniorem
1066 4330 1119 4383 in
1149 4337 1349 4384 statum
1381 4331 1633 4385 translati
1658 4330 1954 4385 simulcum

394 4429 591 4478 natura
620 4422 939 4492 incorporea
972 4422 1026 4476 in
1053 4421 1274 4477 sublimi
1309 4431 1629 4488 versantur;
1658 4422 1817 4492 plane
1834 4437 1959 4477 con-

2046 3230 2250 3284 τάπασι
2296 3229 2391 3281 καλ⁴
2432 3223 2742 3295 ἀγνοεῖσθαι
2775 3221 2910 3293 πρὸς
2938 3221 2966 3273 6
2997 3238 3050 3272 τι
3078 3216 3516 3288 ἀλλαγησόμεθα,
3545 3214 3622 3284 τῷ

2053 3322 2218 3393 μηδὲν
2239 3321 2539 3390 ὑπόδειγμα
2553 3317 2661 3370 τῶν
2691 3313 3057 3384 ἐλπιζομένων
3086 3313 3142 3366 ἐν
3162 3310 3237 3382 τῷ
3266 3309 3362 3363 νῦν
3389 3308 3617 3378 καθοράο

2052 3416 2174 3470 σθαι
2199 3414 2317 3484 βίῳ.
2353 3410 2466 3465 Νῦν
2502 3411 2598 3481 μέν
2626 3408 2736 3480 γὰρ
2764 3409 2871 3460 πᾶν
2900 3407 2960 3460 :6
2986 3405 3133 3476 παχὺ
3158 3404 3252 3457 καὶ
3282 3402 3624 3473 στερέμνιον,

2050 3510 2114 3562 ἐκ
2146 3508 2359 3576 φύσεως
2385 3502 2497 3574 ἔχει
2530 3502 2627 3573 τὴν
2652 3500 2744 3553 ἐπὶ
2768 3500 2828 3552 τὸ
2848 3500 2996 3554 κάτω
3025 3496 3216 3567 φοράν.
3248 3494 3380 3547 Τότε
3409 3494 3465 3547 δέ
3491 3493 3624 3559 πρὸς

2016 3600 2109 3653 ’τὸ
2145 3595 2421 3668 ἀνωφερὲς
2471 3595 2505 3664 ἡ
2555 3591 2908 3663 μεταποίησις
2956 3589 3051 3643 τοῦ
3104 3587 3352 3657 σώματος
3396 3585 3627 3654 γίνεται,

2051 3690 2221 3753 οὑτως
2242 3687 2483 3749 εἰπόντος
2513 3685 2607 3738 τοῦ
2640 3684 2821 3753 λόγου,
2851 3684 2933 3736 6::
2973 3678 3111 3752 μετὰ
3136 3680 3197 3733 τὸ
3216 3678 3513 3749 ἀλλαγῆναι
3531 3676 3629 3746 τήν

2053 3783 2233 3853 φύσιν,
2277 3782 2336 3834 ἐν
2369 3781 2503 3834 πᾶσι
2552 3780 2662 3839 τοῖς
2731 3773 3125 3829 ἀναϐεϐιωκόσι
3147 3771 3235 3825 διὰ
3259 3770 3360 3840 τῆς
3393 3768 3629 3824 ἀναστά-

2055 3892 2209 3939 σεως,
2237 3863 2246 3871 ’
2286 3870 2765 3940 Ἀρπαγησόμεθα
2793 3869 2861 3921 ἐν
2882 3858 3160 3935 νὲφέλαις
3182 3866 3268 3930 εὶς
3290 3861 3630 3929 ἀπάντησιν

2053 3967 2158 4021 τοῦ
2190 3964 2411 4033 Κυρίου
2439 3965 2524 4028 εὶς
2552 3961 2715 4030 ἀέρα·
2750 3959 2847 4014 καὶ
2882 3958 3034 4011 οὕτω
3063 3956 3319 4010 πάντοτε
3349 3955 3471 4010 σὺν
3519 3956 3630 4007 Κυ·

2046 4058 2158 4126 ρίῳ
2180 4056 2456 4125 ἐσόμεθα.
2490 4053 2555 4107 Et
2587 4052 2767 4105 τοίνυν
2821 4051 2913 4102 ἐπὶ
2942 4048 3049 4101 τῶν
3080 4047 3422 4115 ἀλλαγέντων
3452 4046 3511 4098 :6
3538 4044 3631 4115 ﬁd-

2057 4165 2148 4218 ρος
2183 4147 2244 4200 οὑ
2274 4145 2573 4217 παραμένει
2606 4143 2682 4213 τῷ
2739 4142 2969 4212 σώματι,
2999 4138 3132 4193 ἀλλά
3173 4151 3631 4209 συμμετεωροποο

2060 4239 2209 4310 ροῦσι
2261 4241 2329 4309 τῇ
2378 4236 2654 4305 ἀσωμάτῳ
2708 4234 2865 4304 φύσει
2904 4232 2953 4284 οἱ
3015 4229 3149 4301 πρὸς
3214 4228 3310 4298 τὴν
3354 4226 3629 4295 θειοτέραν

2061 4328 2630 4401 μεταστοιχειωθέντες
2689 4326 3039 4378 κατάστασιν·
3072 4321 3288 4383 πάντως
3325 4320 3408 4373 ὅτι
3444 4319 3534 4371 καὶ
3562 4317 3630 4370 τὰ

2056 4420 2215 4474 λοιπά
2238 4420 2344 4472 τῶν
2370 4420 2670 4489 ἰδιωμάτων
2699 4416 2791 4470 τοῦ
2822 4416 3090 4484 σώματος,
3119 4412 3255 4482 πρός
3283 4429 3335 4464 τι
3362 4410 3470 4464 τῶν
3494 4409 3631 4462 θειο-

396 4519 719 4569 sentaneum
748 4521 854 4578 est,
889 4521 950 4567 ut
977 4513 1147 4577 color,
1177 4513 1371 4583 ﬁgura,
1407 4512 1869 4582 circumscriptio,
1906 4528 1935 4567 e

2062 4510 2234 4580 τέρων
2265 4507 2739 4579 συμμετατίθεται,
2771 4505 2831 4556 :6
2858 4503 3074 4574 χρῶμα,
3107 4501 3168 4554 :6
3199 4501 3401 4571 σχῆμα,
3423 4501 3456 4567 ἡ
3482 4516 3633 4570 περι·

394 4606 621 4677 reliquae
662 4605 913 4675 corporis
942 4604 1302 4674 proprietates
1340 4603 1522 4667 aliqua
1570 4596 1783 4657 ratione
1826 4602 1964 4656 divi—

395 4698 546 4754 nitus
593 4704 1018 4753 commutentur.
1070 4695 1278 4750 Idcirco
1309 4694 1523 4748 tametsi
1574 4694 1823 4749 videmus
1854 4709 1961 4748 non

396 4804 519 4846 esse
544 4788 938 4852 necessarium,
977 4794 1035 4841 ut
1064 4787 1120 4840 in
1172 4786 1260 4851 iis,
1290 4786 1385 4856 qui
1417 4786 1823 4840 resurrectione
1856 4785 1959 4838 im-

395 4880 776 4947 mutabuntur,
831 4879 940 4934 ulla
997 4879 1296 4949 ejusmodi
1325 4885 1583 4948 appareat
1637 4876 1961 4943 diﬂ‘erentia,

398 4973 614 5044 qualem
658 4980 879 5044 propter
915 4987 1127 5037 eorum,
1172 4971 1266 5039 qui
1313 4970 1637 5036 succedunt,
1692 4968 1958 5035 ordinem,

334 5056 338 5062 ’
398 5066 715 5122 necessario
747 5072 944 5121 natura
983 5079 1130 5119 nunc
1162 5063 1344 5130 habet,
1376 5078 1485 5117 non
1542 5069 1723 5116 tamen
1767 5075 1965 5130 possu-

400 5173 525 5215 mus
550 5156 825 5229 explicare
852 5157 1040 5228 quales
1070 5155 1239 5210 futuri
1268 5154 1377 5209 sint
1402 5155 1456 5207 in
1513 5153 1606 5207 illa
1662 5160 1962 5207 commuta-

399 5249 567 5304 tione.
601 5247 781 5304 Unum
811 5247 1030 5318 quidem
1058 5245 1174 5301 fore
1200 5244 1443 5300 omnium
1469 5257 1663 5313 genus,
1688 5255 1963 5310 unumque

401 5337 608 5394 Christi
658 5352 859 5407 corpus
886 5336 1103 5391 futuros
1133 5349 1345 5399 omnes,
1401 5340 1563 5402 atque
1596 5346 1759 5385 unam
1792 5333 1968 5385 omni—

403 5426 509 5487 bus
577 5427 809 5483 formam
873 5425 1311 5497 imprimendam,
1386 5423 1569 5478 divina
1635 5423 1693 5477 in
1751 5420 1970 5475 cunctis

406 5519 947 5591 imagineIaequaliter
983 5519 1249 5587 elucente,
1278 5532 1385 5572 non
1418 5513 1762 5585 ambigimus.
1784 5513 1970 5583 quue,

405 5611 556 5683 quod
586 5612 774 5668 talium
804 5611 1194 5684 proprietatum
1230 5610 1351 5667 loco
1409 5609 1466 5663 in
1516 5613 1726 5662 naturae
1786 5606 1976 5660 immu-

2061 4601 2268 4671 γραφὴ,
2334 4600 2428 4652 καὶ
2478 4599 2545 4652 τὰ
2592 4598 2712 4651 καθ’
2746 4597 2975 4650 ἕκαστον
3014 4595 3213 4648 πάντα.
3243 4591 3446 4645 Τούτου
3475 4590 3634 4660 χάριν

2060 4691 2315 4762 οὐδεμίαν
2345 4691 2589 4760 ἀνάγκην
2606 4687 2820 4760 ὁρῶμεν
2852 4688 2962 4750 τοῖς
2983 4686 3260 4753 ἀλλαγεῖσι
3282 4682 3368 4736 διά
3386 4681 3483 4752 τῆς
3506 4681 3637 4733 ἀνα-

2062 4784 2299 4846 στάσεως
2330 4781 2710 4853 ἐνθεωρεῖσθαι
2733 4779 2830 4849 τὴν
2861 4778 3114 4847 τοιαύτην
3135 4773 3419 4845 διαφορὰν,
3438 4774 3505 4842 ἦν
3542 4770 3636 4825 νῦν

2060 4874 2147 4928 διὰ
2207 4875 2305 4945 τὴν
2347 4872 2455 4925 τῶν
2519 4871 2912 4940 ἐπιγινομένων
2963 4866 3279 4921 ἀκολουθίαν
3325 4860 3637 4931 ἀναγκαίως

2067 4966 2224 5037 ἔσχεν
2257 4967 2290 5036 ἡ
2313 4963 2493 5033 φύσις.
2528 4961 2664 5016 Οὔτε
2701 4964 2825 5033 μὴν,
2853 4962 2936 5014 6::
2959 4960 3057 5014 οὑκ
3082 4958 3250 5021 ἔσται,
3284 4954 3466 5022 σαφῶς
3494 4951 3636 5004 ἔστιν

2068 5055 2464 5128 ἀποφήνασθαι,
2495 5052 2831 5122 ἀγνοούντων
2871 5050 3030 5121 ἡμῶν
3058 5052 3136 5113 εἰς
3184 5049 3211 5100 6
3258 5065 3309 5098 τι
3346 5043 3514 5098 ταῦτα
3551 5040 3639 5095 διά

2066 5150 2165 5218 τῆς
2186 5147 2424 5217 ἀλλαγῆς
2449 5145 2835 5216 μεταϐήσεται.
2895 5142 3036 5195 Ἀλλ’
3069 5143 3149 5195 ὅτι
3180 5140 3274 5210 μὲν
3301 5137 3456 5205 γένος
3487 5133 3637 5187 ἔσται

2066 5241 2174 5294 τῶν
2212 5240 2429 5295 πάντων
2469 5239 2546 5303 ἓν,
2602 5239 2727 5291 ὃταν
2796 5236 2853 5289 ἐν
2906 5234 3062 5306 σῶμα
3103 5229 3337 5304 Χριστοῦ
3367 5231 3413 5283 οἱ
3444 5228 3639 5288 πάντες

2065 5331 2371 5403 γενώμεθα.
2394 5331 2472 5402 τῷ
2499 5331 2579 5383 ἐνὶ
2606 5329 2915 5400 χαρακτῆρι
2943 5323 3383 5397 μεμορφωμένοι,
3409 5319 3507 5372 οὑκ
3535 5319 3638 5388 ἀμ-

2068 5422 2417 5493 φιῦάλλομεν,
2445 5423 2579 5475 πᾶσι
2601 5420 2743 5474 κατά
2773 5419 2835 5471 :6
2850 5418 2963 5471 ίσον
2980 5418 3079 5486 τῆς
3109 5412 3256 5474 θείας
3286 5409 3494 5471 εἰκόνος
3522 5407 3637 5459 sm-

2068 5514 2410 5586 λαμπούσης.
2436 5513 2502 5566 Τί
2527 5514 2583 5566 δὲ
2601 5514 2735 5583 ἡμῖν
2772 5511 2894 5566 ἀντὶ
2923 5508 3030 5562 τῶν
3055 5503 3310 5559 τοιούτων
3337 5498 3638 5570 ἰδιωμάτων

2072 5609 2130 5660 ἐν
2156 5608 2223 5678 τῇ
2254 5605 2462 5675 ἀλλαγῇ
2508 5603 2609 5674 τῆς
2636 5603 2851 5672 φύσεως
2892 5597 3339 5673 προσγενήσεται,
3401 5593 3642 5663 κρεῖττον

483 5799 527 5834 ⁸⁸
559 5797 758 5870 Ephes.
800 5813 874 5864 vr,
906 5796 973 5852 l3
1001 5812 1122 5867 sqq.
1198 5796 1240 5829 ¹¹
1270 5795 1469 5866 Ephes.
1500 5814 1553 5864 ν,
1579 5796 1667 5853 29.
1749 5798 1792 5829 ²²
1820 5794 1863 5850 ll
1889 5796 1940 5853 Ct

2041 5811 2092 5865 ν,
2126 5796 2177 5849 Ι.
2257 5793 2300 5825 ¹³
2329 5791 2347 5845 1
2376 5788 2577 5845 .Thess.
2609 5800 2683 5854 Iv,
2745 5781 2832 5838 16.

3605 248 3646 279 δ
