4072 6156
419 346 547 405 533-

1827 343 1916 400 DE
1966 345 2295 404 HORTUIS.

3570 354 3676 411 554

420 457 561 516 εἶναι
593 460 776 533 πάσης
812 460 1169 534 στοχαστικῆς
1191 460 1399 525 ἐννοίας
1439 459 1877 531 ἀποφαινόμεθα.
1921 458 2008 521 Ὠς

2120 463 2315 517 tatione
2347 477 2538 518 sumus
2568 462 2832 528 habituri,
2856 462 3205 535 praestantius
3247 478 3370 520 esse
3415 463 3671 535 dicimus,

422 552 468 606 δ’
489 552 553 607 ἂν
584 553 659 625 μὴ
692 552 817 607 καθ’
871 554 993 607 ὃλου
1049 553 1394 624 ἀγύμναστος
1433 555 1566 624 ἡμῖν
1606 554 1634 606 6
1661 552 1788 624 περὶ
1810 550 1999 604 τούτου

420 643 576 713 λόγος
609 645 1019 717 καταλειφθείη,
1069 645 1226 699 τοῦτό
1254 664 1454 717 φαμεν,
1484 647 1564 700 ὅτι
1587 647 1665 709 είς
1701 644 1855 698 οὐδὲν
1886 643 2003 696 ἑτε-

423 754 515 809 ρον
534 738 634 809 τῆς
655 738 871 793 κατὰτὸ
892 740 1059 810 ἄρρεν
1084 739 1178 793 καὶ
1198 738 1333 809 θῆλυ
1352 740 1615 811 διαφορᾶς
1639 735 2003 808 συνεργούσης

421 830 489 901 τῇ
506 829 688 898 φύσει,
710 829 848 901 πλὴν
867 830 970 900 τῆς
1003 831 1360 898 παιδοποιίας,
1391 831 1531 902 τάχα
1549 828 1673 884 τινὰ
1699 827 2004 899 στοχασμὸν

425 917 574 971 ἐστιν
606 918 893 974 ἀναλαϐεῖν
912 921 1009 991 τῆς
1030 920 1445 992 ἐπηγγελμένης
1463 921 1555 975 τοῦ
1575 919 1711 973 Θεοῦ
1732 918 1840 972 τῶν
1867 919 2002 986 ἀγα·

425 1006 534 1061 θῶν
586 1009 833 1079 εὐλογίας
885 1012 1106 1079 ἐπάξιον
1137 1012 1196 1067 ἐν
1231 1012 1311 1085 τῷ
1339 1013 1468 1085 περὶ
1492 1010 1684 1065 τούτου
1734 1010 1897 1080 λόγῳ,
1922 1008 2003 1061 δτι

425 1099 505 1162 είς
526 1099 627 1169 τὴν
646 1100 855 1155 ἐκείνου
912 1101 1009 1155 τοῦ
1050 1102 1212 1155 τόκου
1239 1103 1542 1175 ὑπηρεσίαν
1581 1098 2002 1173 μεταϐήσεταιὴ

425 1191 718 1263 γεννητική
738 1194 840 1263 τῆς
858 1192 1072 1261 φύσεως
1119 1193 1367 1264 δύναμις,
1401 1186 1462 1248 οῦ
1496 1194 1754 1266 μετέσχεν
1779 1194 1806 1245 6
1833 1191 2006 1263 μέγας

436 1281 665 1345 Ἡσαΐας
685 1281 872 1348 είπὼν,
899 1284 978 1338 ὅτι
1011 1285 1145 1339 Ἀπὸ
1181 1286 1287 1340 τοῦ
1316 1287 1504 1354 φόϐου
1543 1298 1681 1349 σου,
1715 1285 1907 1351 Κύριε,
1937 1282 2008 1335 ἐν

427 1372 640 1444 γαστρί
673 1372 985 1444 ἐλάϐομεν,
1019 1376 1116 1429 καὶ
1165 1376 1546 1445 ἀκεινήοναμεν
1581 1375 1678 1429 καί
1703 1373 2002 1443 ἐτέκομεν·

428 1465 664 1534 πνεῦμα
693 1467 987 1534 σωτηρίας
1026 1482 1142 1522 σου
1170 1468 1541 1536 ἐποιήσαμεν
1557 1467 1654 1520 ἐπὶ
1670 1464 1781 1535 τῆς
1796 1464 1921 1535 γῆς.
1944 1463 2008 1518 Et

427 1554 537 1628 γὰρ
556 1556 758 1624 ἀγαθὸς
772 1557 800 1609 6
823 1557 1062 1621 τοιοῦτος
1081 1558 1258 1625 τόκος,
1278 1560 1375 1612 καὶ
1403 1558 1674 1630 σωτηρίας
1693 1558 1842 1611 αἰτία
1864 1557 2008 1626 γίνε-

428 1664 519 1701 ται
541 1648 575 1718 ἡ
590 1649 924 1716 τεκνογονία,
943 1648 1124 1712 καθώς
1144 1666 1307 1720 φησιν
1325 1651 1353 1703 6
1379 1648 1721 1714 Ἀπόστολος,
1752 1647 2007 1701 οὐδέποτε

427 1737 490 1791 τὺ
504 1737 719 1808 πνεῦμα
738 1738 836 1809 τῆς
850 1739 1121 1809 σωτηρίας
1137 1740 1341 1808 γεννῶν
1354 1756 1435 1802 τις
1449 1739 1734 1803 παύεταιρ
1754 1737 1899 1804 ἅπαξ
1918 1735 2007 1791 διὰ

2107 557 2353 620 quarunt
2382 550 2493 603 ulla
2530 549 2864 622 cogitatione
2915 552 3189 621 conjicere
3234 552 3538 609 valeamus.
3599 554 3676 607 Αιτ

2107 654 2178 694 ne
2204 639 2299 694 tali
2339 640 2394 694 in
2421 656 2480 696 re
2510 649 2697 695 nostra
2732 642 2891 711 plane
2922 643 3076 698 rudis
3096 642 3273 698 oratio
3300 644 3671 714 deprehenda-

2107 735 2218 795 tur,
2253 730 2509 796 dicimus,
2541 732 2710 788 maris
2733 742 2787 787 et
2833 732 3047 789 feminae
3074 732 3437 789 differentiam
3467 735 3674 790 nullum

2109 829 2321 876 naturas
2384 837 2541 878 usum
2582 823 2970 893 praebituram;
3021 826 3129 882 nisi
3185 826 3477 897 quamdam
3510 828 3677 882 veluti

2112 910 2345 966 ﬁliorum
2375 914 2743 984 susceptionis
2792 915 3207 972 similitudinem
3265 919 3538 988 promissa
3587 918 3678 971 illa

2110 1018 2142 1057 a
2202 1001 2314 1057 Deo
2366 1004 2634 1059 bonorum
2689 1008 2846 1075 copia
2901 1006 3120 1077 dignam
3176 1009 3564 1081 intelligamus,
3621 1018 3681 1064 ut

2110 1093 2384 1163 ejusmodi
2418 1096 2599 1163 partui
2632 1097 2888 1166 gignendi
2937 1099 3022 1155 vis
3071 1102 3335 1156 naturalis
3388 1103 3676 1169 inserviat,

2112 1184 2330 1254 qualem
2361 1186 2634 1243 sentiebat
2682 1187 2873 1253 Isaias,
2899 1203 3023 1244 cum
3059 1191 3305 1248 diceret:
3359 1193 3444 1248 Ea:
3493 1196 3680 1250 timore

2116 1283 2227 1342 tuo,
2250 1274 2491 1342 Domine,
2524 1280 2874 1348 concepimus,
2901 1290 2949 1334 et
2976 1283 3373 1349 parturivimus,
3397 1295 3446 1339 et
3474 1288 3681 1357 peperi-

2111 1379 2252 1427 mus,
2280 1365 2629 1437 spiritumque
2650 1369 2841 1424 salutis
2860 1377 2965 1425 tua:
2988 1370 3207 1440 fecimus
3229 1374 3283 1426 in
3307 1376 3520 1431 terra".
3542 1374 3681 1431 Nam

2114 1451 2160 1505 si
2184 1451 2362 1508 bonus
2392 1462 2476 1509 est
2522 1464 2714 1524 partus
2774 1458 3110 1528 hujusmodi,
3163 1461 3469 1533 salutisque
3515 1479 3683 1523 causa

2113 1550 2198 1597 est
2231 1546 2539 1611 procreatio
2570 1545 2830 1615 ﬁliorum,
2867 1558 2927 1604 ut
2956 1552 3032 1606 ait
3055 1552 3352 1622 Apostolus
3392 1556 3456 1621 ³⁸,
3498 1558 3685 1617 nullus

2114 1647 2352 1702 unquam
2374 1635 2488 1690 illic
2516 1638 2765 1707 gignendi
2794 1643 2985 1700 salutis
3015 1645 3269 1716 spiritum
3304 1647 3465 1704 finem
3502 1650 3684 1717 faciet,

2113 1722 2206 1792 qui
2237 1724 2330 1778 tali
2358 1734 2515 1794 partu
2540 1728 2642 1782 sibi
2673 1731 2886 1800 copiam
2917 1732 3184 1788 bonorum
3206 1739 3373 1792 semel
3390 1742 3684 1809 pepererit.

428 1827 523 1882 τοῦ
546 1828 791 1882 τοιούτου
821 1829 980 1884 τόκου
997 1829 1087 1883 τὸν
1116 1830 1433 1901 πληθυσμδν
1457 1830 1564 1883 τῶν
1588 1829 1809 1899 ἀγαθῶν
1834 1827 2011 1899 ἑαυτῷ

2120 1813 2211 1869 Sin
2237 1816 2435 1887 aliquis
2465 1820 2712 1875 eamdem
2746 1821 2974 1879 formam
3018 1827 3176 1885 nobis
3228 1832 3687 1907 reviviscentibus

427 1920 857 1990 τεκνωσάμενος.
875 1921 1035 1975 Ἀλλά
1065 1921 1168 1975 κᾶν
1198 1922 1289 1975 τὸν
1320 1922 1643 1994 χαρακτῆρα
1675 1921 1808 1995 λέγῃ
1829 1938 1941 1986 τις,

433 2010 864 2082 μεμορφωμεθα,
894 2012 1055 2066 πάλιν
1086 2015 1216 2083 ἡμῖν
1243 2013 1301 2066 ἐν
1319 2016 1389 2084 τῇ
1414 2012 1707 2066 ἀναϐιώσει
1731 2013 1820 2065 τὸν
1848 2011 2011 2065 αὑτὸν

432 2103 901 2174 συμπαρέσεσθαι,
918 2105 1039 2159 οὐδὲ
1052 2106 1188 2178 πρὸς
1211 2104 1369 2159 τοῦτο
1382 2106 1672 2177 πρόχειρος
1687 2107 1719 2177 ἡ
1731 2105 1845 2176 μῶν
1866 2106 2011 2158 ἐστιν

430 2197 467 2268 ἡ
496 2195 721 2259 διάνοια,
750 2195 921 2261 οὕτως
945 2198 977 2268 ἢ
1000 2199 1201 2269 ἑτέρως
1224 2196 1366 2267 ἔχειν
1412 2196 1728 2266 ὑπονοῆσαι.
1754 2194 1877 2249 Είτε
1904 2196 2011 2267 γὰρ

431 2284 525 2338 ἐπὶ
546 2283 640 2337 τοῦ
670 2284 834 2339 αὑτοῦ
862 2285 1010 2354 λέγοι
1033 2303 1117 2350 τις
1144 2286 1319 2351 εἴδους
1343 2285 1440 2357 τὴν
1461 2285 1757 2339 ἀναϐίωσιν
1773 2284 2010 2350 ἔσεσθαι,

433 2380 514 2442 είς
542 2376 741 2448 πολλὴν
785 2378 1096 2449 ἀμηχανίαν
1130 2380 1441 2432 ἐκπεσεῖται
1479 2380 1507 2431 6
1532 2378 1708 2446 λόγος,
1738 2376 1825 2430 διὰ
1853 2376 1912 2429 τὸ
1941 2375 2014 2446 μὴ

433 2469 526 2525 τὸν
547 2470 709 2523 αὐτὸν
735 2469 913 2541 ἐαυτῷ
943 2470 1083 2525 κατὰ
1116 2471 1177 2525 τὸ
1221 2466 1358 2533 εἶδος
1385 2468 1479 2523 τοῦ
1503 2470 1853 2541 χαρακτῆρος
1882 2468 2017 2520 πάν-

432 2578 554 2616 τοτε
581 2561 853 2631 διαμένειν
876 2560 970 2614 τὸν
998 2561 1302 2632 ἄνθρωπον,
1327 2560 1430 2613 ὑπό
1450 2578 1511 2614 τε
1532 2560 1640 2613 τῶν
1670 2558 1896 2630 ἡλικιῶν
1924 2559 2017 2612 καὶ

435 2652 545 2707 τῶν
578 2652 916 2723 παθημάτων
949 2652 1136 2707 ἄλλοτε
1166 2653 1303 2723 πρὸς
1326 2651 1452 2707 ἀλλο
1474 2647 1613 2715 εἶδος
1642 2650 2017 2721 μεταπλασσό-

440 2761 618 2817 μενον.
650 2743 860 2807 ’Ἄλλως
884 2743 991 2815 γὰρ
1026 2742 1324 2815 μορφοῦται
1362 2742 1423 2796 τὸ
1468 2744 1660 2813 νήπιον
1698 2743 1789 2795 καὶ
1813 2741 1873 2794 τὸ
1901 2757 2019 2811 μει-

441 2836 630 2908 ράκιον
653 2848 667 2861 ⁸
692 2833 869 2897 ἄλλως
896 2835 925 2886 6
966 2836 1114 2896 παῖς,
1142 2833 1171 2884 6
1196 2832 1355 2903 ἀνὴρ,
1381 2833 1410 2885 6
1443 2828 1690 2901 μεσῆλιξ,
1714 2831 1742 2882 6
1771 2827 2015 2898 γηραιὸς,

436 2924 468 2978 6
502 2922 763 2995 πρέσϐυς.
806 2922 971 2976 Οὐδὲν
992 2920 1198 2975 τούτων
1219 2920 1480 2985 ὡσαύτως
1501 2919 1614 2991 έχει
1644 2919 1780 2991 πρὸς
1813 2918 1874 2971 τὸ
1904 2918 2020 2971 ἐτε-

446 3031 532 3086 ρον
550 3032 564 3047 ⁶
588 3014 724 3069 ἀλλὰ
748 3015 841 3069 καὶ¹
888 3017 917 3066 6
944 3012 1021 3083 τῷ
1048 3013 1245 3085 ίκτέρῳ
1274 3011 1582 3076 κατιωθεὶς,
1612 3012 1706 3065 καὶ
1733 3007 2021 3080 ἐξῳδηκὼς

437 3109 516 3182 τῷ
537 3109 730 3181 ὑδέρῳ,
778 3109 807 3162 ὃ
853 3126 911 3161 τε
960 3106 1249 3178 ξηρανθεὶς
1273 3107 1332 3159 ἑν
1356 3104 1603 3174 τηκεδόνι
1626 3104 1763 3204 ,ικαὶ
1862 3102 2020 3204 πολυ-
2046 3145 2089 3204 c

441 3200 720 3272 σαρκήσας
749 3197 812 3253 ἐκ
849 3216 992 3262 τινος
1014 3196 1417 3268 δυσκρασίαςώ
1444 3195 1765 3265 κατάχολος,
1794 3195 1822 3247 6
1852 3195 2020 3263 αἱμα-

436 3292 631 3362 τώδης,
664 3294 693 3345 6
717 3289 1058 3360 φλεγματίας
1082 3304 1097 3321 ·
1134 3286 1367 3341 ἑκάστου
1396 3284 1598 3338 τούτων
1628 3283 1763 3354 πρὸς
1791 3284 1888 3355 τὴν
1908 3283 2027 3335 ἐπι-

439 3382 745 3456 κρατοῦσαν
776 3381 1111 3453 δυσκρασίαν
1144 3377 1670 3451 συμμορφουμένου,
1705 3374 1827 3428 οὗτε
1857 3390 2029 3445 παρα-

443 3475 624 3548 μένειν
645 3473 818 3529 ταῦτα
854 3472 993 3545 μετὰ
1035 3473 1097 3525 τὸ
1126 3470 1424 3526 ἀναϐιῶναι
1468 3466 1648 3530 καλῶς
1680 3467 1791 3537 ἔχει
1819 3465 2029 3532 λογίσα-

441 3567 587 3632 σθαι,
615 3568 718 3637 τῆς
746 3564 986 3633 ἀλλαγῆς
1022 3563 1199 3617 πάντα
1244 3558 1614 3630 σκευαζούσης
1644 3557 1780 3628 πρὸς
1804 3557 1865 3608 τὸ
1895 3554 2027 3607 θειό-

438 3672 615 3728 τερον,
639 3653 764 3710 οὔτε
793 3649 905 3709 οἷον
932 3656 1065 3724 ἡμῖν
1091 3651 1384 3723 ἑπανθήσει
1400 3649 1461 3703 τὸ
1486 3645 1620 3711 εἶδος
1642 3646 1859 3700 εὑκολόν
1883 3648 2027 3698 ἐστιν

437 3745 884 3816 ἀναλογίσασθαι,
937 3744 1047 3798 τῶν
1097 3744 1218 3797 κατ’
1265 3741 1457 3795 ἐλπίδα
1490 3743 1620 3811 ἡμῖν
1655 3736 2027 3808 προκειμένων

440 3837 683 3908 ἀγαθῶν,
706 3837 848 3909 ὑπὲρ
868 3835 1166 3906 ὀφθαλμὸν,
1193 3834 1285 3887 καὶ
1305 3832 1496 3903 ἀκοὴν,
1521 3831 1613 3884 καλ⁹
1634 3830 1871 3883 διάνοιαν
1891 3822 2025 3880 εἶναι

440 3930 911 4000 πεπιστευμένων.
942 3928 1013 3980 Ἦ
1065 3926 1205 3997 τάχα
1238 3922 1595 3996 γνωριστικὸν
1627 3917 1766 3985 εἶδος
1796 3919 2025 3973 ἑκάστου

440 4024 543 4097 τὴν
576 4022 737 4077 ποιὰν
777 4021 1012 4092 ἰδιότητα
1036 4019 1144 4072 τῶν
1181 4016 1326 4087 ἠθῶν
1352 4014 1520 4069 εἰπών
1552 4032 1656 4077 τις,
1686 4013 1745 4065 οὐ
1770 4010 1863 4064 τοῦ
1889 4027 2025 4064 παν-

441 4116 536 4179 τὸς
567 4114 963 4186 ἁμαρτήσεται.
1000 4110 1268 4180 Καθάπερ
1304 4106 1413 4178 γὰρ
1447 4107 1540 4159 νῦν
1570 4108 1602 4175 ή
1634 4104 1774 4157 κατά
1804 4121 1854 4156 τι
1887 4119 2026 4172 παρ⁹

442 4207 649 4278 ἀλλαγὴ
677 4206 784 4261 τῶν
830 4206 888 4258 ἐν
921 4205 1053 4274 ἡμῖν
1093 4200 1369 4270 στοιχείων
1400 4197 1500 4259 τὰς
1526 4195 1634 4248 τῶν
1665 4194 2025 4265 χαρακτήρων

444 4301 503 4353 ἐν
522 4299 737 4368 ἑκάστῳ
773 4295 1033 4366 διαφορὰς
1081 4290 1455 4363 ἐξεργάζεται,
1501 4286 1641 4341 κατὰ
1688 4284 2024 4354 πλεονασμὸν

445 4388 482 4462 ἢ
504 4388 798 4443 ἐλάττωσιν
844 4385 954 4438 τῶν
1004 4379 1484 4450 ἀντιστοιχούντων
1520 4377 1662 4439 τινὸς
1694 4375 2023 4446 σχηματιζο-

2112 1904 2350 1961 futuram
2385 1908 2550 1974 dicat,
2584 1925 2710 1980 ego,
2756 1928 2859 1969 nec
2889 1922 2948 1970 ut
2978 1916 3098 1986 ejus
3131 1925 3412 1979 sententiae
3438 1904 3688 1982 subscri-

2111 1998 2259 2065 bam,
2290 1997 2450 2056 facile
2474 2001 2669 2057 adduci
2702 2020 2918 2074 queam,
2955 2024 3057 2064 nec
3085 2020 3267 2068 utrum
3298 2031 3387 2072 res
3411 2019 3571 2074 aliter
3588 2020 3690 2074 ha-

2112 2091 2256 2155 beat,
2293 2095 2553 2165 cogitare.
2580 2096 2748 2152 Multa
2774 2100 2920 2154 enim
2965 2103 3203 2160 absurda
3243 2106 3413 2173 illius,
3468 2111 3563 2182 qui
3612 2114 3689 2168 ita

2115 2184 2301 2249 sentit,
2332 2187 2645 2256 opinionem
2676 2202 3106 2263 consequuntur,
3135 2212 3261 2253 cum
3322 2214 3434 2255 non
3498 2203 3687 2258 eadem

2116 2292 2330 2348 semper
2359 2280 2414 2334 in
2438 2280 2629 2336 eodem
2657 2282 2876 2341 homine
2914 2290 3124 2357 species
3148 2289 3431 2363 formaque
3451 2305 3687 2359 maneat,

2118 2368 2210 2423 sed
2246 2384 2346 2439 pro
2381 2378 2603 2426 aetatum
2661 2374 3120 2450 aﬂ‘ectionumque
3174 2384 3440 2440 varietate
3473 2387 3691 2442 assidue
3762 2424 3763 2427 η

2118 2468 2501 2517 commutetur.
2536 2461 2746 2519 Etenim
2761 2466 2852 2533 qui
2878 2482 3024 2523 nunc
3047 2476 3129 2525 est
3147 2470 3490 2538 adolescens,
3509 2475 3691 2531 infans

2119 2563 2362 2620 puerque
2393 2550 2512 2618 fuit,
2547 2567 2672 2608 mox
2698 2556 2800 2610 erit
2829 2558 2932 2623 vir,
2960 2558 3155 2615 deinde
3177 2561 3245 2615 ad
3278 2563 3401 2617 vitae
3453 2563 3691 2619 medium

2119 2638 2416 2693 terminum
2440 2641 2639 2707 veniet,
2670 2651 2792 2712 post
2824 2645 2978 2700 illum
3008 2650 3282 2716 transibit,
3327 2652 3524 2723 fietque
3577 2654 3691 2723 jam

2119 2735 2277 2785 aetate
2314 2740 2607 2800 provectus
2658 2743 2711 2790 et
2743 2752 2931 2793 senex.
2973 2738 3040 2794 Et
3068 2743 3161 2812 qui
3195 2743 3390 2799 horum
3423 2746 3480 2800 in
3510 2747 3695 2817 aliquo

2122 2831 2252 2878 sunt
2279 2824 2455 2880 attatis
2484 2826 2675 2895 gradu,
2717 2843 2828 2882 non
2861 2838 2988 2884 sunt
3018 2832 3164 2888 inter
3195 2849 3254 2889 se
3300 2835 3535 2902 similes,
3598 2839 3695 2894 sed

2123 2914 2262 2969 alius
2294 2916 2445 2985 regio
2474 2916 2666 2972 morbo
2702 2920 2988 2988 squalidus
3022 2933 3127 2987 est,
3164 2925 3309 2980 alius
3337 2941 3485 2997 aqua
3526 2928 3697 2984 inter-

2123 3008 2247 3058 cute
2276 3003 2512 3071 inflatus,
2542 3006 2682 3063 alius
2707 3008 2992 3067 confectus
3031 3013 3175 3078 tabe,
3211 3015 3354 3072 alius
3388 3032 3555 3086 prava
3573 3033 3696 3073 car-

2123 3094 2210 3150 nis
2244 3096 2610 3151 redundantia
2639 3102 3015 3170 corpulentus,
3050 3105 3191 3161 alius
3227 3106 3373 3173 bilis,
3406 3111 3548 3165 alius
3565 3127 3696 3167 san-

2129 3186 2332 3254 guinis,
2389 3187 2532 3243 alius
2593 3189 2801 3259 pituita:
2848 3193 3017 3249 nimia
3082 3195 3295 3251 laborat
3349 3200 3543 3269 copia:
3603 3205 3695 3274 qui

2127 3275 2346 3345 quidem
2378 3291 2591 3345 omnes,
2623 3288 2681 3333 ut
2710 3281 2848 3337 tales
2882 3283 3233 3353 reviviscant,
3264 3295 3318 3343 et
3346 3289 3537 3345 iisdem
3569 3308 3693 3349 cum

2127 3368 2336 3425 morbis
2364 3379 2640 3437 maneant,
2673 3373 2896 3430 minime
2922 3378 3227 3445 putandum
3256 3390 3341 3436 est
3368 3400 3384 3449 ;
3420 3399 3544 3439 cum
3583 3401 3698 3440 om-

2127 3459 2217 3511 nia
2247 3467 2377 3515 tunc
2405 3462 2460 3514 in
2487 3464 2767 3519 meliorem
2793 3465 3231 3541 divinioremque
3263 3482 3466 3528 statum
3498 3476 3696 3530 immu-

2127 3550 2334 3605 tatione
2382 3552 2492 3606 sint
2541 3557 2929 3624 convertenda,
2971 3575 3073 3615 nec
3132 3562 3290 3617 facile
3338 3580 3558 3621 rursum
3614 3576 3700 3623 est

2126 3643 2419 3710 explicare,
2446 3643 2626 3712 qualis
2659 3644 2840 3701 futura
2876 3649 2948 3702 sit
2976 3651 3234 3719 prasclara
3264 3654 3567 3721 illaforma,
3590 3673 3698 3728 qua

2127 3732 2534 3799 decorabimur,
2562 3751 2684 3790 cum
2701 3753 2797 3807 spe
2827 3739 2988 3806 nobis
3002 3744 3281 3814 proposita
3298 3748 3409 3801 sint
3432 3763 3496 3803 ea
3530 3749 3697 3819 bona,

2128 3842 2249 3897 quae
2270 3841 2371 3883 nec
2395 3828 2594 3895 oculis,
2627 3844 2729 3884 nec
2754 3832 3004 3899 auribus,
3035 3850 3138 3890 nec
3186 3838 3514 3908 cogitatione
3572 3857 3701 3912 pos~

2128 3934 2318 3975 sumus
2349 3922 2834 3991 comprehendere.
2867 3924 3023 3990 Quod
3053 3928 3098 3983 si
3128 3929 3252 3998 quis
3283 3929 3538 4000 formam,
3590 3950 3698 4006 qua

2127 4012 2373 4084 dignosci
2403 4016 2704 4082 valeamus,
2740 4018 2795 4073 in
2831 4026 2980 4074 certa
3029 4037 3241 4077 morum
3298 4028 3560 4095 qualitate
3614 4028 3702 4084 di-

2127 4111 2273 4157 ceret
2299 4104 2461 4158 sitam
2489 4105 2923 4177 collocatamque
2947 4109 3084 4174 fore,
3111 4112 3157 4166 is
3184 4128 3292 4167 non
3334 4132 3564 4185 prorsus
3589 4117 3699 4173 for—

2128 4193 2268 4248 sitan
2302 4194 2597 4251 aherrarel.
2634 4197 2701 4252 Ut
2749 4201 3207 4268 quemadmodum
3258 4222 3404 4261 nunc
3463 4210 3695 4278 quadam

2127 4283 2520 4339 elementorum
2547 4286 2602 4340 in
2634 4288 2795 4344 nobis
2818 4293 3117 4348 mutatione
3141 4294 3453 4353 differentes
3480 4300 3532 4352 in
3558 4317 3698 4355 uno-

2128 4388 2344 4444 quoque
2376 4382 2535 4432 notas
2567 4377 2861 4447 impressas
2894 4384 3193 4453 cernimus,
3243 4396 3405 4455 prout
3464 4388 3698 4459 alicujus

447 4480 612 4552 μένου
631 4494 692 4530 τε
712 4477 807 4530 καὶ
826 4493 1035 4548 χρωννυ
1044 4474 1205 4545 μένου
1231 4469 1323 4525 τοῦ
1341 4469 1481 4524 κατά
1505 4468 1603 4539 τὴν
1636 4468 1848 4553 μορφήν
1877 4465 2017 4518 ἰδιώ-

2126 4482 2315 4522 eorum
2344 4468 2551 4538 majore
2573 4471 2855 4528 minoreve
2912 4476 3089 4545 c0pia,
3143 4478 3364 4547 prOpria
3431 4481 3697 4551 cujusque

447 4588 616 4644 ματος
635 4587 650 4603 ·
676 4568 819 4624 οὕτω
844 4585 933 4639 μοι
965 4568 1112 4621 δοκεῖ
1136 4565 1202 4619 τὰ
1241 4562 1604 4617 εἰδοποιοῦντα
1629 4560 1749 4613 τότε
1774 4559 1871 4630 τὴν
1898 4560 2027 4613 ἑκά-

444 4680 570 4718 στου
610 4660 823 4734 μορφὴν
848 4660 909 4711 οὐ
937 4658 1110 4712 ταῦτα
1134 4658 1202 4710 τὰ
1236 4656 1471 4726 στοιχεῖα
1500 4651 1768 4722 γίνεσθαι,
1789 4650 1923 4704 ἀλλά
1955 4650 2025 4703 τὰ

442 4754 543 4826 τῆς
580 4753 779 4815 κακίας
799 4752 833 4822 ἢ
865 4750 967 4821 τῆς
1017 4749 1217 4820 ἀρετῆς
1258 4745 1540 4816 ίδιώματα,
1571 4737 1646 4798 ὧν
1677 4741 1863 4814 ήποιὰ
1889 4741 2024 4812 πρὸς

444 4846 648 4918 ἄλληλα
677 4845 843 4917 μίξις,
874 4843 909 4913 ἢ
944 4840 1114 4905 οὕτως
1137 4842 1170 4911 ἢ
1191 4840 1390 4911 ἑτέρως
1423 4837 1483 4891 τὸ
1511 4833 1649 4899 εἶδος
1680 4834 2022 4905 παρασκευά-

446 4938 530 5003 ζει
581 4932 1099 5009 χαρακτηρίζεσθαι.
1143 4927 1267 4985 Οἷον
1295 4930 1358 5001 δή
1381 4947 1434 4983 τι
1465 4927 1651 4999 σχεδὸν
1682 4927 1775 4979 καὶ
1811 4925 1904 4978 ἐπὶ
1926 4924 2018 4978 τοῦ

445 5030 713 5102 παρόντος
744 5027 952 5098 γίνεται
989 5024 1102 5095 βίου
1128 5063 1142 5087 ,
1177 5024 1303 5077 ὅταν
1330 5024 1365 5092 ἡ
1384 5019 1579 5085 ἔξωθεν
1606 5018 1699 5071 τοῦ
1728 5016 2018 5087 προσώπου

445 5120 684 5183 διάθεσις
720 5119 820 5190 τὴν
857 5118 917 5169 ἐν
960 5113 1039 5184 τῷ
1084 5111 1311 5183 κρυπτῷ
1349 5110 1447 5180 τῆς
1469 5108 1646 5180 ψυχῆς
1694 5105 2019 5178 καταμηνύῃ

445 5209 706 5265 διάθεσιν⁹
726 5208 851 5261 ὅθεν
891 5204 1091 5277 ῥᾳδίως
1129 5201 1560 5271 ἑπιγινὼσκομεν
1580 5200 1671 5253 τόν
1703 5217 1763 5252 τε
1787 5202 1852 5270 τῇ
1875 5196 2021 5271 λύπῃ

447 5297 838 5371 κρατούμενον,
867 5296 963 5349 καὶ
981 5294 1072 5346 τὸν
1087 5291 1165 5363 τῷ
1197 5290 1353 5362 θυμῷ
1380 5290 1782 5362 διανεστηκότα,
1809 5290 1901 5344 καὶ
1933 5290 2024 5341 τὸν

447 5391 508 5444 ἐν
533 5388 799 5461 ἐπιθυμίᾳ
846 5386 1124 5458 λυόμενον·
1154 5384 1247 5438 καὶ
1275 5384 1339 5437 ἐκ
1363 5382 1456 5436 τοῦ
1500 5382 1761 5449 ἐναντίου,
1795 5382 1887 5435 τὸν
1907 5399 2024 5451 φαι·

446 5482 595 5554 δρὸν,
618 5482 710 5535 τὸν
739 5481 1027 5553 ἀόργητον,
1055 5477 1148 5531 τὸν
1160 5475 1238 5547 τῷ
1258 5473 1441 5545 σεμνῷ
1466 5474 1773 5546 χαρακτῆρι
1798 5474 1898 5544 τῆς
1927 5490 2023 5528 σω-

450 5572 724 5647 φροσύνης
753 5570 1245 5640 καλλωπιζόμενον.

525 5754 569 5787 ιι
608 5751 711 5807 lsa.
752 5764 902 5815 nrt,
936 5747 1024 5805 l8.
1103 5747 1147 5779 ¹⁵
1177 5745 1197 5801 l
1227 5745 1369 5800 Tim.
1406 5758 1467 5811 ιι,
1494 5740 1588 5798 15.

2125 4560 2299 4613 forma
2332 4561 2591 4632 colorque
2625 4563 2883 4634 ﬁngitur:
2948 4567 3021 4621 ita
3076 4583 3196 4638 quae
3230 4578 3361 4624 tunc
3418 4571 3695 4639 propriam

2123 4652 2464 4722 singulorum
2509 4652 2738 4709 formam
2774 4657 3103 4726 exprimant,
3145 4673 3256 4712 non
3295 4659 3563 4715 elementa
3617 4660 3697 4714 fu—

2123 4750 2243 4794 tura
2273 4741 2405 4807 sint,
2434 4743 2529 4798 sed
2563 4743 2818 4797 vitiorum
2849 4752 2943 4798 aut
2974 4746 3237 4799 virtutum
3270 4746 3517 4816 quaedam
3552 4747 3693 4812 inter

2122 4849 2181 4889 se
2206 4835 2307 4889 hoc
2342 4835 2719 4892 autillomodo
2733 4837 3052 4893 commisto:
3087 4853 3193 4907 qua
3218 4854 3477 4909 expressa
3506 4843 3698 4897 unius-

2129 4927 2398 4997 cujusque
2466 4929 2677 4997 species
2706 4929 3007 4998 apparebit.
3039 4928 3209 4999 Cujus
3234 4932 3308 4985 rei
3340 4932 3521 4987 simile
3536 4934 3698 5003 quid-

2128 5018 2253 5070 dam
2308 5016 2697 5085 propemodum
2752 5017 2842 5071 hic
2896 5018 3061 5072 etiam
3099 5019 3349 5089 contigit,
3405 5036 3529 5075 cum
3584 5022 3701 5090 ipse

2129 5107 2312 5162 vultus
2342 5107 2587 5161 intimam
2620 5107 2784 5161 animi
2835 5105 3175 5163 affectionem
3204 5108 3430 5176 indicat,
3452 5121 3511 5164 ut
3552 5110 3697 5164 hunc

2129 5212 2364 5255 maerore
2385 5199 2554 5266 vinci,
2587 5199 2736 5252 illum
2781 5197 2960 5253 elierri
3019 5199 3321 5266 iracundia,
3373 5202 3540 5257 alium
3599 5201 3697 5255 fla-

2130 5306 2289 5363 grare
2311 5291 2630 5360 cupiditate,
2666 5301 2759 5345 aut
2785 5298 2976 5345 contra
3035 5291 3185 5345 hunc
3243 5302 3441 5348 natura
3491 5294 3693 5357 laetum,

2125 5385 2276 5440 illum
2332 5383 2551 5438 minime
2602 5382 2946 5447 iracundum,
2991 5381 3155 5435 alium
3206 5382 3406 5456 insigni
3460 5384 3693 5456 quadam

2124 5476 2389 5535 modestia
2427 5474 2732 5547 praeditum,
2770 5471 2928 5529 facile
2962 5486 3381 5543 cognoscamus.
