4072 6156
432 332 539 390 555

501 447 976 517 Quemadmodum
1008 447 1174 519 igitur
1211 446 1268 501 in
1290 445 1400 501 hac
1443 444 1551 500 vita
1593 443 1763 499 animi
1798 442 2013 498 affectio
2041 447 2089 503 Α

427 547 514 597 est
548 540 716 596 veluti
776 538 948 598 forma
983 536 1231 606 quaedam
1276 535 1338 590 in
1380 534 1554 601 vultu,
1606 541 1772 605 atque
1837 530 2015 587 oculis

425 644 708 700 expressa,
738 643 866 699 qua,
907 641 1019 697 quo
1053 626 1217 681 modo
1274 642 1335 681 se
1386 627 1537 681 intus
1595 625 1791 679 habeat
1826 624 2014 689 homo,

425 724 746 777 declaratur
776 738 789 774 :
823 720 905 775 sic
938 719 1073 774 mihi
1099 719 1335 785 videtur,
1359 733 1482 774 cum
1524 726 1722 773 natura
1776 717 2015 771 hominis

425 811 964 881 diviniorem,adcpta
984 812 1368 874 sitstatum,ex
1389 811 1636 866 moribus
1648 810 1883 881 quisque
1899 809 2015 863 suis

424 902 623 973 effingi,
642 917 743 957 nec
768 901 917 956 aliud
931 918 1073 967 esse,
1094 900 1243 957 aliud
1259 902 1448 967 videri,
1471 903 1565 958 sed
1578 901 1755 972 qualis
1772 911 1876 964 est,
1891 900 2016 955 talis

426 994 650 1048 omnino
679 992 964 1063 cognosci,
1016 1001 1076 1047 ut
1113 993 1207 1063 qui
1241 1002 1450 1059 castus,
1510 993 1606 1065 qui
1657 993 1861 1064 justus,
1920 991 2015 1061 qui

424 1094 774 1152 mansuetus,
801 1086 898 1156 qui
939 1100 1133 1156 purus,
1190 1086 1285 1154 qui
1350 1087 1645 1158 benignus,
1712 1086 1806 1156 qui
1865 1086 2011 1155 pius,

395 1184 592 1248 .atque
629 1177 776 1232 inter
804 1178 905 1233 bos
950 1176 1044 1246 qui
1081 1177 1241 1233 bonis
1291 1179 1571 1244 omnibus,
1621 1184 1717 1233 aut
1769 1176 1861 1247 qui
1905 1190 2015 1231 uno

427 1276 642 1323 tantum
682 1278 777 1323 aut
808 1268 1062 1339 pluribus
1091 1277 1343 1333 ornatus,
1391 1269 1597 1339 quique
1644 1268 1699 1323 in
1730 1281 1843 1323 uno
1893 1267 2015 1337 qui-

422 1358 547 1416 dem
583 1359 820 1415 inferior
856 1359 950 1424 sit,
981 1359 1038 1413 in
1071 1359 1180 1413 alio
1219 1368 1399 1415 autem
1460 1360 1714 1431 superior
1771 1368 2010 1416 constet.

422 1448 504 1503 Ex
537 1449 625 1509 his
651 1449 797 1506 enim
829 1450 1216 1521 similibusque
1248 1451 1421 1522 magis
1459 1454 1709 1507 minusve
1746 1458 2013 1522 praestan-

423 1537 573 1594 tibus
602 1539 1054 1610 proprietatibus,
1088 1556 1208 1611 quae
1251 1542 1307 1595 in
1342 1542 1480 1612 ipsis
1528 1543 1840 1613 conspicuae
1858 1550 2010 1607 sunt,

421 1630 592 1685 variae
620 1631 965 1701 singulorum
999 1632 1319 1689 differentia:
1355 1633 1794 1706 distinguuntur,
1837 1634 2012 1689 donec

422 1720 728 1776 novissima
753 1722 999 1788 tandem,
1046 1734 1105 1778 ut
1127 1723 1331 1779 Paulus
1361 1725 1437 1778 ait
1465 1725 1534 1789 ¹⁶,
1569 1725 1792 1781 inimica
1828 1733 2005 1781 morte

422 1811 726 1877 destructa,
760 1815 1014 1884 maloque
1042 1816 1259 1872 cunctis
1288 1831 1318 1872 e
1359 1817 1523 1872 rebus
1562 1817 1783 1886 penitus
1816 1826 2004 1872 extur-

421 1903 550 1960 bato
571 1912 737 1976 atque
768 1906 966 1971 deleto,
997 1923 1102 1961 una
1137 1908 1188 1962 in
1210 1909 1468 1963 omnibus
1516 1909 1700 1964 divina
1754 1910 2001 1980 pulchri-

420 1997 555 2052 tudo
609 1997 859 2067 fulgebit,
912 1999 979 2054 ad
1029 2000 1187 2069 cujus
1238 2002 1518 2071 exemplar
1567 2003 1728 2057 initio
1782 2002 2000 2058 formati

425 2102 640 2145 sumus.
684 2088 812 2144 Haec
861 2098 1043 2147 autem
1075 2100 1160 2149 est
1188 2092 1303 2157 lux,
1337 2092 1574 2163 puritas,
1606 2094 1999 2151 immortalitas

420 2179 530 2234 vita
569 2187 625 2235 et
651 2180 876 2247 veritas,
911 2182 1101 2237 et'alia
1124 2183 1370 2252 ejusdem
1388 2184 1625 2255 generis.
1647 2184 1835 2256 Neque
1851 2187 1999 2241 enim

418 2270 668 2336 dedecet,
702 2270 811 2326 diei
841 2273 1092 2343 lucisque
1116 2273 1257 2331 ﬁlios
1290 2284 1342 2330 et
1367 2292 1492 2332 esse
1526 2283 1581 2331 et
1610 2275 1802 2332 videri.
1835 2276 2000 2335 Lucis

422 2369 627 2427 autem,
655 2369 710 2417 et
746 2364 1027 2433 puritatis,
1060 2374 1118 2419 et
1146 2365 1581 2422 immortalitatis
1622 2368 1772 2421 nulla
1816 2377 1997 2423 muta-

421 2452 497 2508 tio
531 2452 909 2510 dill‘crentiave
954 2456 1004 2509 il.
1038 2456 1231 2511 eodem
1262 2472 1463 2527 genere
1514 2460 1835 2527 reperietur,
1902 2462 1998 2515 sed

423 2559 532 2597 una
560 2545 804 2615 gratiain
825 2546 1083 2602 omnibus
1107 2548 1363 2612 elucebit,
1397 2564 1520 2603 cum
1554 2549 1647 2604 ﬁlii
1665 2550 1803 2605 lucis
1823 2550 1998 2606 effecti

420 2632 705 2705 fulgebunt
735 2643 793 2689 ut
839 2636 943 2703 sol,
985 2638 1451 2707 quemadmodum
1497 2653 1631 2693 voce
1670 2654 1770 2693 sua
1827 2641 1999 2696 veris-

420 2724 565 2780 sima
590 2724 856 2782 Dominus
890 2726 1007 2796 ipse
1031 2727 1320 2784 denuntiat
1361 2730 1436 2783 1":
1460 2744 1694 2799 cumque
1726 2747 1792 2786 ex
1814 2730 1997 2785 divina

419 2816 792 2888 promissione
822 2819 1051 2888 perfecti
1079 2828 1265 2884 erunt,
1294 2820 1550 2889 idemque
1583 2822 1842 2886 sentient,
1890 2836 1996 2876 una

417 2905 719 2975 eademque
745 2908 801 2961 in
834 2910 1092 2965 omnibus
1121 2912 1296 2981 gratia
1332 2912 1415 2965 sic
1442 2910 1752 2982 efl‘ulgente,
1785 2924 1843 2966 ut
1868 2929 1995 2983 pro-

422 2997 830 3067 ximoquisque
884 3015 987 3056 suo
1042 3000 1288 3055 laetitiam
1323 3002 1687 3072 impertiatur.
1750 3003 1828 3058 Ex
1887 3019 1997 3075 quo

423 3086 621 3155 ﬁet,ut
677 3089 909 3145 aliorum
969 3091 1064 3145 alii
1122 3092 1591 3160 pulchritudinem
1644 3104 1995 3163 contuentes,

419 3180 627 3236 mutuis
660 3181 803 3237 inter
828 3196 888 3238 se
924 3184 1138 3254 gaudiis
1187 3185 1432 3241 vicissim
1467 3184 1792 3251 alliciantur,
1846 3191 1998 3243 nulla

420 3270 575 3336 mali,
617 3281 712 3327 aut
735 3273 873 3339 vitii,
901 3281 997 3328 aut
1024 3275 1386 3345 turpitudinis
1415 3278 1631 3332 macula
1660 3278 1832 3336 decus
1862 3281 1999 3335 illud

420 3361 479 3417 in
507 3361 807 3420 deformem
823 3368 1058 3437 speciem
1086 3375 1479 3425 commutante.
1505 3367 1630 3425 Haze
1659 3370 1821 3427 nobis
1842 3386 1997 3447 mens

418 3462 609 3510 nostra
641 3471 740 3527 pro
765 3454 1158 3515 decedentibus
1193 3474 1259 3515 ex
1291 3459 1396 3516 hac
1436 3460 1568 3527 vita,
1594 3478 1756 3518 voces
1804 3478 1994 3519 eorum

417 3546 601 3615 nobis,
621 3556 682 3603 ut
709 3548 827 3605 ﬁeri
855 3556 1059 3621 potest,
1081 3550 1356 3617 indicans,
1379 3552 1660 3610 disseruit.
1687 3552 1797 3610 Nos
1811 3562 1994 3611 autem

420 3633 578 3691 Pauli
598 3638 805 3705 .verbis
850 3647 1092 3706 utentes,
1154 3641 1453 3703 consilium.
1487 3651 1740 3700 nostrum
1775 3646 1844 3700 ad
1899 3660 1995 3703 eos

416 3727 509 3797 qui
535 3728 591 3786 in
630 3732 888 3801 squalore
922 3732 1187 3803 luctuque
1223 3744 1516 3791 versantur
1560 3737 1990 3795 coneludemus:

417 3817 562 3875 Nolo
593 3838 680 3877 vos
708 3824 971 3894 ignorare,
998 3825 1216 3893 fratres,
1249 3826 1313 3881 de
1349 3826 1752 3894 dormientibus,
1790 3845 1853 3884 ne
1868 3846 1993 3885 con-

418 3911 723 3978 tristemini,
751 3914 886 3966 sicut
910 3922 961 3968 et
990 3915 1187 3978 ueteri,
1227 3916 1316 3984 qui
1373 3932 1518 3984 spem
1548 3933 1652 3972 non
1698 3918 1887 3972 habent
1925 3921 1998 3996 ‘8.

487 4086 702 4163 Siquid
749 4103 880 4159 ergo
906 4091 1089 4146 studio
1151 4091 1375 4162 dignum
1423 4092 1492 4150 de
1540 4094 1609 4151 iis
1638 4095 1730 4166 qui
1755 4095 1993 4153 dormie-

415 4184 567 4242 runt,
627 4176 959 4247 didicimus,
1021 4181 1345 4252 degenerem
1400 4185 1566 4240 istum
1629 4188 1993 4259 servilemque

413 4284 706 4325 maerorem
740 4272 977 4342 amplius
1011 4289 1079 4328 ne
1125 4275 1535 4346 suscipiamus;
1578 4287 1672 4334 aut
1706 4282 1754 4336 si
1804 4282 1990 4353 lugen-

412 4359 540 4415 dum
588 4369 691 4425 est,
734 4361 1057 4418 laudabilem
1105 4364 1255 4418 illum
1288 4368 1717 4438 complectamur
1756 4373 1992 4440 luctum,‘

1653 312 1739 378 'S.
1769 317 2097 378 GBEGORII
2142 318 2430 377 NYSSENI

3596 328 3700 384 556

2188 443 2399 513 ’Ὠσπερ
2438 442 2617 496 τοίνυν
2652 440 2793 496 κατὰ
2827 440 2924 513 τὴν
2976 440 3280 496 ἐνεστῶσαν
3319 441 3464 515 ζωὴν
3516 447 3701 517 μορφὴ

2118 532 2323 601 γίνεται
2354 535 2387 605 ὴ
2417 533 2545 588 ποιὰ
2572 533 2809 597 διάθεσις
2829 532 2929 603 τῆς
2966 531 3213 605 καρδίας.
3231 533 3327 587 καὶ
3355 533 3491 603 πρὸς
3518 534 3581 588 τὸ
3605 537 3697 604 ἐγ-

2114 624 2368 695 κείμενον
2402 625 2572 689 πάθος
2591 626 2650 679 τὸ
2672 625 2765 679 τοῦ
2784 622 3071 696 ἀνθρώπου
3095 621 3231 689 εἶδος
3259 626 3662 691 ἀπεικονίζεται
3679 644 3697 660 ο

2117 715 2379 787 οὖτωξμοι
2407 710 2555 771 δοκεῖ
2594 718 2730 790 πρὸς
2765 717 2828 770 τὸ
2858 716 3129 788 θειότερον
3167 716 3569 788 ὑπαλλαγείσης
3599 720 3699 788 τῆς

2118 806 2354 875 φύσεως,
2387 808 2767 862 εἰδοποιεῖσθαι
2804 807 2892 862 διὰ
2919 806 3013 861 τοῦ
3036 806 3197 879 ἤθους
3215 808 3243 860 6
3264 807 3570 878 ἄνθρωπος,
3597 809 3699 862 οὐκ

2117 896 2243 950 ἄλλο
2259 914 2313 950 τι
2334 895 2410 951 ὢν
2431 897 2525 952 καὶ
2545 898 2670 952 ἄλλο
2695 898 3037 968 φαινόμενος,
3079 897 3195 951 ἀλλ’
3226 897 3363 969 ὅπερ
3391 899 3508 951 ἐστὶ
3536 897 3697 951 τοῦτο

2117 988 2210 1041 καί⁵
2242 990 2663 1059 γινωσκόμενος,
2696 989 2770 1052 ὼς
2796 990 2824 1042 6
2852 988 3102 1059 σώφρων,
3129 990 3157 1042 6
3178 988 3407 1053 δίκαιος,
3435 989 3464 1040 6
3498 990 3692 1061 πρᾶος,

2115 1082 2144 1134 6
2172 1080 2427 1152 καθαρὸς,
2468 1085 2496 1136 6
2530 1082 2889 1154 ἀγαπητικὸς,
2932 1083 2960 1135 6
3000 1078 3266 1153 φιλόθεος,
3310 1085 3404 1138 καὶ
3440 1084 3600 1137 πάλιν
3633 1086 3694 1138 ἐν

2114 1172 2343 1240 τούτοις,
2382 1172 2415 1244 ἢ
2445 1175 2473 1227 6
2501 1173 2675 1227 πάντα
2716 1174 2854 1245 ἔχων
2891 1173 2959 1228 τὰ
3005 1174 3204 1244 ἀγαθὰ,
3244 1175 3277 1247 ἢ
3307 1178 3336 1230 6
3368 1177 3426 1231 ἐν
3446 1176 3526 1230 ἐνὶ
3547 1176 3693 1248 μόνῳ

2116 1262 2505 1334 κοσμούμενος,
2531 1265 2566 1335 ἢ
2606 1266 2635 1318 6
2660 1267 2717 1319 ἐν
2746 1268 2860 1329 τοῖς
2892 1265 3130 1321 πλείοσιν
3162 1266 3572 1339 εὑρισκόμενος,
3600 1267 3633 1338 ἢ
3660 1268 3691 1320 6

2114 1355 2173 1408 ἐν
2213 1355 2347 1426 τῷδε
2393 1356 2492 1429 μὲν
2530 1356 2940 1428 ἐλαττούμενος,
2987 1356 3324 1412 πλεονεκτῶν
3362 1358 3419 1411 δὲ
3450 1358 3589 1413 κατὰ
3628 1357 3691 1412 τὸ

2113 1445 2317 1517 ἕτερον.
2357 1446 2454 1503 Ἐκ
2471 1447 2675 1501 τούτων
2692 1448 2800 1520 γὰρ
2823 1448 2917 1502 καὶ
2937 1448 3045 1502 τῶν
3072 1448 3330 1504 τοιούτων
3353 1449 3460 1503 τῶν
3475 1467 3533 1503 τε
3548 1450 3690 1507 κατὰ

2112 1538 2174 1590 τὸ
2189 1541 2434 1610 κρεῖττον
2455 1538 2674 1594 καὶτῶν
2698 1540 2839 1594 κατὰ
2865 1541 2926 1593 τὸ
2947 1541 3186 1595 ἐναντίον
3210 1540 3691 1613 ἐπιθεωρουμένων

2117 1630 2445 1702 ἰδιωμάτων,
2480 1629 2571 1697 εἰς’
2596 1633 2887 1704 διαφόρους
2918 1632 3059 1697 ἰδέας
3102 1633 3152 1687 οἱ
3196 1632 3316 1690 καθ’
3343 1633 3571 1688 ἕκαστον
3595 1636 3689 1689 ἀπ’

2114 1719 2357 1791 ἀλλήλων
2399 1720 2726 1793 μερίζονται,
2783 1721 2888 1785 ἓως
2938 1720 3004 1775 ἂν
3050 1721 3141 1776 τοῦ
3177 1722 3406 1793 ἐσχάτου
3460 1724 3690 1795 Ἐχθροῦ

2107 1812 2563 1884 καταργηθέντος,
2588 1812 2665 1877 ὥς
2698 1830 2861 1884 φησιν
2886 1816 2914 1867 6
2960 1813 3301 1878 Ἀπόστολος,
3332 1814 3427 1867 καὶ
3456 1816 3557 1884 τῆς
3591 1832 3690 1868 κα·

2103 1904 2227 1968 κίας
2250 1904 2474 1958 καθόλου
2502 1902 2719 1960 πάντων
2740 1905 2850 1957 τῶν
2887 1905 3054 1958 ὄντων
3082 1904 3495 1973 ὲξοικισθείσης,
3537 1904 3596 1959 ἐν
3626 1905 3691 1961 1:6

2102 1993 2332 2059 θεοειδὲς
2352 1995 2545 2059 κάλλος
2579 1997 2902 2069 ἐπαστράψῃ
2930 2000 3040 2060 τοῖς
3070 1999 3252 2060 πᾶσιν,
3280 1991 3324 2064 ᾧ
3355 1998 3474 2051 κατ’
3513 1996 3689 2069 ἀρχὰς

2101 2084 2523 2158 ὲμορφώθημεν.
2581 2087 2750 2141 Τοῦτο
2796 2087 2853 2141 δέ
2896 2088 3012 2141 ἐστι
3058 2087 3194 2157 φῶς,
3226 2086 3321 2141 καὶ
3355 2088 3685 2159 καθαρότης,

2102 2175 2197 2228 καὶ
2217 2176 2513 2247 ἀφθαρσία,
2551 2178 2645 2230 καὶ
2671 2177 2805 2249 ζωὴ,
2833 2178 2927 2231 καί⁵
2956 2177 3203 2249 ἀλήθεια,
3222 2178 3316 2231 καὶ
3342 2179 3410 2232 τὰ
3439 2178 3684 2235 τοιαῦτα.

2102 2269 2237 2322 Ούδὲ
2250 2270 2356 2342 γὰρ
2380 2270 2602 2333 ἀπικός
2621 2271 2769 2323 ἐστιν
2799 2269 3009 2340 ἡμέρας
3033 2270 3200 2324 τέκνα
3228 2270 3320 2323 καὶ
3346 2268 3526 2337 φωτὸς
3545 2265 3686 2325 εἶναί

2098 2379 2159 2414 τε
2204 2362 2299 2415 καὶ
2347 2361 2673 2432 φαίνεσθαι·
2734 2362 2908 2430 φωτὸς
2959 2360 3015 2415 δὲ
3065 2361 3160 2415 καὶ
3192 2362 3560 2435 καθαρότητος
3592 2364 3686 2416 καὶ

2101 2454 2429 2525 ἀφθαρσίας,
2461 2455 2682 2525 οὐδεμία
2707 2453 3028 2525 παραλλαγὴ
3058 2454 3179 2508 οὐδὲ
3204 2455 3435 2527 διαφορὰ
3464 2456 3600 2528 πρὸς
3624 2455 3687 2509 τὸ

2101 2547 2355 2615 ὁμογενὲς
2408 2545 2799 2616 εὑρεθήσεται’
2834 2544 2969 2598 ἀλλὰ
3023 2543 3121 2614 μία
3176 2544 3336 2615 χάρις
3388 2542 3683 2614 ὲπιλάμψει

2099 2641 2210 2701 τοῖς
2237 2640 2423 2704 πᾶσιν,
2455 2639 2584 2691 ὅταν
2610 2637 2716 2689 υἱοὶ
2772 2636 2947 2705 φωτὸς
2969 2637 3241 2705 γινόμενοι
3280 2635 3566 2706 λάμψωσιν
3607 2635 3682 2701 ὡς

2099 2729 2126 2780 6
2180 2728 2350 2799 ἥλιος,
2383 2728 2524 2783 κατὰ
2557 2728 2654 2799 τὴν
2682 2726 2884 2797 ἀψευδῆ
2923 2724 3016 2779 τοῦ
3053 2726 3260 2798 Κυρίου
3294 2728 3476 2797 φωνήν
3500 2743 3513 2755 ·
3547 2725 3683 2779 ἀλλὰ

2101 2822 2193 2873 καὶ
2219 2820 2280 2873 τὸ
2310 2821 2517 2883 πάντας
2546 2819 2765 2874 ἔσεσθαι
2796 2817 3249 2886 τετελειωμένους
3275 2818 3355 2880 εἰς
3378 2817 3439 2870 τὺ
3462 2817 3517 2869 ἓν
3541 2814 3681 2871 κατὰ

2098 2912 2197 2982 τὴν
2226 2912 2559 2980 ἐπαγγελίαν
2614 2910 2707 2964 τοῦ
2738 2911 2872 2965 Θεοῦ
2909 2913 3106 2979 Λόγου,
3140 2911 3239 2980 τῆς
3294 2910 3465 2980 αὐτῆς
3504 2909 3682 2978 ἔχεται

2099 3002 2358 3067 διανοίας,
2400 3003 2461 3055 τὸ
2498 3003 2623 3073 μίαν
2654 3002 2748 3057 καὶ
2767 3002 2865 3073 τὴν
2893 3003 3060 3073 αὐτὴν
3090 3003 3200 3064 τοῖς
3230 3003 3391 3054 πᾶσιν
3418 3002 3681 3072 ἐπιφανή-

2104 3093 2291 3147 σεσθαι
2320 3094 2499 3165 χάριν,
2530 3095 2605 3155 ὡς
2642 3095 2740 3167 τὴν
2776 3094 2943 3165 αὐτὴν
2982 3093 3319 3166 εὐφροσύνην
3343 3094 3574 3147 ἕκαστον
3601 3092 3682 3165 τῷ

2102 3186 2270 3250 πέλας
2292 3187 2755 3257 ἀντιχαρίζεσθαι.
2792 3188 2871 3240 Δι’
2902 3180 2977 3241 ὧν
3001 3187 3232 3249 ἕκαστος
3267 3187 3362 3240 καὶ
3389 3187 3679 3259 εὐφραίνε-

2099 3294 2189 3333 ται
2216 3277 2307 3331 τοῦ
2342 3278 2532 3351 ἐτέρου
2562 3279 2622 3332 τὸ
2661 3278 2856 3342 κάλλος
2886 3278 3118 3349 βλέπων,
3150 3280 3243 3332 καὶ
3271 3279 3675 3351 ἁντευφραίνει,

2102 3370 2369 3441 μηδεμιᾶς
2400 3371 2597 3434 κακίας
2620 3372 3078 3446 μεταμορφούσης
3106 3372 3165 3425 τὸ
3195 3368 3333 3435 εἶδος
3357 3374 3436 3436 εἰς
3466 3373 3675 3444 εἰδεχθῆ

2096 3461 2655 3532 χαρακτῆραηΤαῢτα
2685 3464 2814 3534 ἡμῖν
2853 3465 2882 3516 6
2910 3463 3033 3528 νοῦς
3057 3466 3085 3517 6
3123 3465 3389 3535 ἡμέτερος
3421 3465 3541 3518 ἀντὶ
3567 3465 3676 3520 τῶν

2096 3551 2497 3622 κατοιχομένων
2525 3552 2835 3620 διείλεκται,
2866 3554 2965 3618 τὰς
3004 3554 3187 3623 φωνὰς
3223 3555 3446 3609 ἐκείνων
3479 3556 3555 3621 ὡς
3585 3557 3675 3611 δυ-

2096 3641 2253 3696 νατὸν
2280 3645 2413 3715 ἡμῖν
2452 3644 2897 3717 ὑποκρινόμενος.
2926 3646 3116 3718 Ἡμεῖς
3146 3647 3287 3727 δετῇ
3317 3648 3413 3702 τοῦ
3440 3649 3675 3719 μεγάλου

2094 3735 2306 3789 Παύλου
2339 3740 2487 3808 φωνῇ
2504 3736 2599 3809 τὴν
2632 3736 2767 3810 πρὸς
2787 3740 2912 3803 τοὺς
2942 3740 3412 3812 βαρυπενθοὼτας
3442 3743 3675 3813 συμϐου-

2092 3820 2190 3897 λὴν
2239 3827 2690 3898 περιγράψωμεν,
2739 3830 2820 3883 ὅτι
2874 3832 2956 3884 Οὐ
3008 3830 3180 3907 θέλωΔ
3213 3830 3370 3898 ὑμᾶς
3411 3834 3671 3901 ἀγνοεῖν,
3740 3848 3745 3851 “

2091 3917 2364 3987 ἀδελφοὶ,
2399 3920 2530 3986 περὶ
2568 3919 2687 3974 τῶν
2731 3920 3197 3991 κεκοιμημένων,
3238 3924 3339 3978 ἵνα
3360 3925 3446 3993 μὴ
3479 3926 3672 3997 λυπῆ-

2091 4013 2221 4075 σθε,
2252 4011 2333 4077 ὠς
2358 4012 2457 4068 καὶ
2483 4014 2537 4065 οἱ
2574 4013 2795 4079 λοιποὶ,
2819 4016 2874 4067 οἱ
2893 4014 2975 4083 μὴ
2999 4014 3243 4083 ἔχοντες
3266 4015 3506 4070 ἐλπίδα.

2160 4103 2224 4155 Εἰ
2254 4098 2347 4157 οὖν
2376 4121 2430 4158 τι
2480 4104 2881 4176 μεμαθήκαμεν
2933 4106 3169 4176 σπουδῆς
3206 4105 3355 4171 ἄξιον
3406 4108 3671 4180 περὶτῶν

2091 4196 2527 4267 κεκοιμημένων,
2562 4196 2628 4250 δι’
2659 4191 2733 4251 ὧν
2779 4199 2912 4268 ἡμῖν
2943 4198 2971 4249 6
2994 4197 3150 4267 λόγος
3179 4199 3248 4253 τὰ
3291 4199 3419 4272 περὶ
3464 4200 3667 4256 τούτων

2089 4288 2446 4360 ἐφιλοσόφησε
2469 4328 2484 4351 ,
2532 4288 2728 4359 μηκέτι
2782 4288 2879 4359 τὴν
2910 4289 3141 4361 δυσγενῆ
3181 4291 3385 4363 ταύτην
3423 4293 3516 4347 καὶ
3568 4294 3667 4347 ἀν-

2087 4376 2399 4449 δραποδώδη
2438 4378 2616 4451 λύπην
2664 4380 3119 4451 παραδεξιίῳεθα.
3164 4381 3306 4435 Ἀλλ’
3338 4384 3388 4436 εἰ
3429 4385 3535 4455 χρὴ
3571 4386 3664 4440 καὶ

408 4449 662 4539 quicum
701 4451 904 4507 virtute
946 4454 1274 4522 conjunctus
1301 4464 1406 4512 est.
1439 4454 1508 4513 Ut
1547 4464 1694 4514 cnim
1737 4465 1987 4534 voluptas

2098 4469 2393 4537 λυπεῖσθαι,
2417 4449 2631 4543 ἐκείνην
2672 4449 2922 4541 ἑλώμεθα
3078 4472 3285 4543 λύπην,
3320 4473 3418 4545 τὴν
3431 4449 3663 4530 ’ἐπαινε-

410 4536 517 4595 alia
543 4536 847 4613 pecudibus
875 4546 1132 4600 convenit
1172 4549 1481 4619 rationique
1506 4551 1848 4619 adversatur,
1880 4558 1985 4612 alia

410 4647 549 4703 pura
586 4642 690 4699 est,
743 4644 797 4690 et
826 4650 857 4689 a
890 4638 1131 4692 materiae
1184 4639 1443 4696 sordibus
1496 4651 1742 4710 remota;
1791 4647 1870 4701 sic
1907 4648 1982 4716 id,

407 4723 555 4795 quod
588 4727 852 4797 voluptati
880 4732 1220 4785 contrarium
1252 4739 1356 4797 est,
1392 4734 1446 4787 in
1480 4734 1670 4789 vitium
1705 4738 1985 4794 virtutem-

406 4816 514 4886 que
544 4816 826 4874 dividitur.
864 4817 959 4874 Est
983 4819 1147 4889 igitur
1169 4822 1385 4892 lugendi
1417 4838 1587 4895 genus
1618 4840 1810 4890 unum,
1839 4827 1985 4898 quod

404 4906 623 4963 beatum
659 4919 907 4975 vocatur,
960 4921 1013 4965 et
1062 4911 1117 4967 in
1162 4914 1458 4970 excolenda
1491 4917 1844 4989 parandaque
1877 4920 1986 4975 vir-

406 5004 521 5052 tute
568 5013 677 5054 non
712 5000 990 5071 abjicitur,
1037 5005 1185 5075 quod
1235 5005 1454 5075 quidem
1511 5009 1578 5063 ab
1630 5010 1822 5066 insana
1878 5012 1983 5071 ista

402 5089 699 5160 servilique
714 5094 1151 5167 mtestitialonge
1170 5096 1447 5153 diversum
1483 5108 1587 5156 est.
1603 5101 1663 5156 In
1703 5102 1804 5158 hac
1836 5104 1981 5160 enim

402 5180 718 5253 quicunque
742 5195 1011 5252 versatur,
1045 5188 1101 5243 in
1131 5196 1411 5258 posterum
1438 5193 1747 5262 paenitebit,
1779 5196 1982 5267 quippe
2023 5198 2031 5203 ’

400 5275 495 5347 qui
524 5290 554 5331 e
591 5278 913 5335 constantiae
940 5280 1112 5351 gradu
1145 5283 1406 5354 depulsus
1428 5300 1487 5341 se
1509 5301 1539 5340 a
1567 5289 1975 5357 perturbatione

400 5364 653 5433 superari
693 5365 1019 5434 permiserit.
1052 5368 1122 5424 At
1164 5369 1357 5427 beatus
1400 5373 1493 5430 ille
1538 5375 1716 5433 luctus
1752 5379 1974 5435 minime

400 5455 793 5524 repudiandam
858 5458 1235 5528 pudendamve
1290 5464 1568 5521 tristitiam
1627 5469 1830 5538 praebet
1881 5470 1969 5537 iis,

399 5547 493 5619 qui
543 5560 641 5618 per
684 5546 836 5603 illum
887 5566 954 5607 ex
996 5552 1195 5608 virtute
1230 5555 1396 5610 vitam
1450 5573 1604 5613 suam
1653 5560 1967 5617 instituunt.

2084 4559 2181 4631 τὴν
2210 4562 2304 4614 καὶ
2353 4562 2622 4632 ἐνάρετον.
2663 4562 2752 4626 Ὠς
2781 4561 2891 4633 γὰρ
2928 4561 3029 4631 τῆς
3057 4562 3249 4633 ἡδονῆς
3288 4563 3350 4617 τὸ
3399 4564 3501 4635 μέν
3547 4567 3662 4620 ἐστι

2084 4653 2353 4725 κτηνῶδες
2403 4653 2497 4706 καὶ
2545 4653 2757 4723 ἄλογον,
2790 4653 2852 4706 τὸ
2886 4651 2945 4707 δὲ
2968 4653 3207 4726 καθαρόν
3235 4671 3296 4707 τε
3338 4656 3431 4709 καὶ
3458 4656 3619 4711 ᾶῦλον
3640 4672 3657 4689 ·

2083 4744 2227 4799 οὕτω
2250 4744 2345 4798 καὶ
2369 4744 2432 4797 τὸ
2460 4744 2836 4814 ἀντικείμενον
2863 4746 2930 4815 τῇ
2964 4744 3124 4817 ἡδονῇ
3156 4746 3292 4817 πρὸς
3331 4748 3532 4802 κακίαν
3566 4749 3657 4803 καὶ

2082 4836 2284 4908 ἀρετὴν
2312 4835 2697 4891 διαστέλλεται.
2719 4834 2908 4890 Ἔστιν
2934 4832 3026 4891 οὖν
3053 4855 3107 4892 τι
3136 4839 3233 4892 καὶ
3256 4839 3487 4905 πένθους
3522 4837 3659 4905 εἶδος

2085 4926 2540 4998 μακαριζόμενον,
2568 4926 2659 4980 καί¹
2689 4926 2825 4998 πρὸς
2854 4927 3045 4998 κτῆσιν
3076 4930 3276 5000 ἀρετῆς
3293 4931 3392 4984 οὐκ
3412 4931 3655 5001 ἀπόῦλη-

2080 5034 2190 5084 τον,
2215 5019 2351 5090 ὅπερ
2377 5018 2631 5083 ἐναντίως
2663 5018 2774 5090 ἔχει
2823 5018 2961 5090 πρὸς
2984 5020 3084 5091 τὴν
3118 5020 3309 5089 ἄλογον
3327 5020 3536 5092 ταύτην
3565 5021 3656 5076 καὶ

2078 5108 2462 5182 ἀνδραποδώδη
2488 5112 2813 5183 κατήφειαν.
2860 5112 2919 5166 '0
2943 5112 3041 5184 μὲν
3074 5112 3179 5185 γὰρ
3200 5114 3258 5166 ἐν
3295 5112 3467 5185 ταύτῃ
3502 5112 3652 5180 γενόσ

2081 5220 2259 5274 μενος,
2286 5203 2483 5259 ἑαυτοῦ
2522 5205 2665 5274 μετὰ
2688 5204 2857 5259 ταῦτα
2902 5206 2990 5261 διὰ
3033 5204 3394 5277 μεταμελείας
3422 5204 3655 5273 καθάψεσ

2078 5309 2190 5359 ται,
2221 5293 2298 5356 ῶς
2331 5293 2436 5361 ἔξω
2462 5294 2556 5348 τοῦ
2608 5296 2947 5360 καθεστῶτος
2994 5295 3350 5369 παρενεχθεὶς
3371 5337 3385 5362 ,
3418 5298 3509 5351 ὅτε
3558 5294 3649 5351 τοῦ

2080 5386 2284 5451 πάθους
2314 5388 2491 5458 ἥττων
2523 5387 2755 5457 ἐγένετο.
2776 5389 2849 5442 Τὸ
2878 5388 2934 5442 δὲ
2973 5388 3409 5461 μακαριζόμενον
3437 5387 3646 5451 πένθος,

2078 5477 2490 5549 ἀμεταμέλητον
2522 5480 2617 5533 καὶ
2663 5480 3085 5550 ἀνεπαίσχυντον
3135 5479 3247 5550 ἔχει
3274 5480 3374 5550 τὴν
3406 5480 3645 5550 σκυθρω-

2079 5568 2306 5640 πότητα,
2336 5573 2447 5635 τοῖς
2470 5572 2537 5625 δι’
2566 5571 2732 5625 αὐτοῦ
2760 5571 2850 5627 τὸν
2883 5572 3135 5647 ἐνάρετον
3157 5570 3484 5643 κατορθοῦσι
3518 5570 3644 5643 βίον.

475 5724 568 5784 ιιι
601 5724 730 5788 Cor.
761 5748 850 5800 xv,
878 5733 968 5792 26.
1047 5734 1088 5767 "
1130 5731 1321 5789 Matth.
1349 5749 1466 5800 xm,
1497 5736 1586 5790 45.
1662 5736 1705 5768 ¹⁸
1735 5736 1755 5792 l
1790 5734 1987 5796 Thess.
2016 5755 2092 5809 tv,
2123 5739 2212 5798 12.
