4072 6156
320 321 427 388 537

1718 322 1810 380 DE
1846 319 2176 381 MORTUIS.

3468 329 3574 383 558

322 444 520 502 Πενθεῖ
540 443 651 515 γάρ
681 444 755 508 ὡς
775 442 988 516 άληθῶς
1019 443 1047 497 ό
1078 443 1137 496 ἐν
1161 442 1508 516 συναισθήσει
1540 442 1647 497 τῶν
1682 441 1904 512 ἀγαθῶν

2022 439 2165 495 Dolet
2186 439 2331 495 enim
2349 414 2646 508 exanimo,
2677 452 2912 512 vereque
2932 439 3080 512 luget
3109 441 3156 498 is
3182 443 3276 513 qui
3309 440 3401 496 illa
3428 442 3576 499 bona

322 539 547 592 ἐκείνων
592 537 901 606 γενόμενος,
930 529 1005 591 ὧν
1051 535 1448 589 ἀποπέπτωκεν
1468 576 1483 600 ,
1514 534 1902 607 ἀντιπαραθεὶς

323 628 424 699 τὴν
454 626 720 698 ἐπίκηρον
746 625 950 697 ταύτην
964 627 1055 679 καὶ
1081 625 1335 698 ῥυπῶσαν
1361 625 1504 700 ζωὴν
1547 629 1614 699 τῇ
1642 616 1903 698 ἀκηράτῳ

262 726 266 730 Α
326 720 507 791 ἐκείνῃ
546 719 924 790 μακαριότητι,
955 712 1023 789 ἦς
1047 720 1105 771 ἐν
1134 717 1352 790 ἐξουσίᾳ
1372 714 1470 790 ἦν,
1501 719 1630 790 πρὶν
1652 720 1720 789 τῇ
1750 716 1903 782 ἐξου-

329 809 420 881 σίᾳ
450 811 531 873 είς
558 809 725 863 κακὸν
757 808 1172 879 ἀποχρήσασθαι
1213 823 1227 837 '
1257 808 1351 861 καὶ
1371 808 1479 879 ὅσῳ
1513 807 1673 861 πλέον
1701 807 1795 860 ἐπὶ
1827 806 1904 878 τῷ

328 901 553 971 τοιούτῳ
582 899 681 970 βίῳ
705 899 927 972 βαρύνει
957 898 1018 952 τὸ
1042 898 1256 963 πένθος,
1280 898 1518 970 τοσούτῳ
1550 898 1747 969 μᾶλλον
1782 899 1905 951 ἐπι-

329 987 551 1059 ταχύνει
592 988 768 1057 ἑαυτῷ
790 988 889 1057 τὴν
911 985 1019 1040 τῶν
1051 985 1397 1057 ποθουμένων
1437 985 1658 1053 ἀγαθῶν
1690 986 1901 1057 κτῆσιν.

341 1080 408 1133 Ἦ
435 1080 544 1150 γὰρ
573 1079 673 1149 τῆς
693 1077 785 1131 τοῦ
816 1076 980 1131 καλοῦ
1014 1077 1215 1148 ζημίας
1247 1076 1592 1148 συναίσθησις
1610 1117 1626 1141 ,
1655 1077 1754 1148 τῆς
1778 1077 1906 1149 περὶ

333 1171 393 1223 τὸ
434 1168 763 1240 ποθούμενον
805 1168 1042 1239 σπουδῆς
1075 1167 1405 1239 ὑπέκκαυμα
1440 1168 1668 1237 γίνεται.
1697 1168 1906 1222 Οὐκοῦν

333 1260 517 1332 ἐπειδή
552 1260 659 1332 πέρ
683 1261 799 1313 ἐστι
839 1261 933 1313 καὶ
967 1261 1230 1331 σωτήριον
1266 1258 1481 1323 πένθος,
1503 1256 1686 1322 καθὼς
1705 1260 1733 1311 ὁ
1752 1258 1908 1328 λόγος

335 1350 638 1418 ὑπέδειξεν,
666 1350 933 1406 ἀκούσατε
953 1352 1004 1405 oi
1034 1351 1170 1422 πρὸς
1199 1351 1259 1404 τὸ
1291 1351 1391 1421 τῆς
1413 1349 1591 1421 λύπης
1620 1351 1790 1415 πάθος
1817 1351 1908 1404 εὐ-

334 1442 507 1504 κόλως
537 1442 987 1515 καταφερόμενοι,
1022 1443 1103 1496 ὅτι
1134 1442 1195 1496 οὐ
1241 1441 1520 1512 κωλύομεν
1566 1441 1664 1513 τὴν
1711 1440 1906 1513 λύπην,

335 1535 452 1591 ἀλλ’
486 1534 607 1588 ἀντὶ
648 1533 748 1604 τῆς
797 1535 1248 1606 κατεγνωσμένης
1289 1535 1388 1606 τὴν
1433 1533 1640 1605 ἀγαθὴν
1670 1534 1907 1606 συμϐου-

336 1626 584 1697 λεύομεν.
617 1626 709 1697 Μὴ
737 1626 990 1681 λυπεῖσθε
1014 1627 1193 1681 τοίνυν
1223 1626 1321 1697 τὴν
1356 1625 1456 1680 τοῦ
1496 1629 1701 1697 κόσμου
1734 1626 1908 1696 λύπην

2004 532 2336 599 considerat,
2400 547 2432 587 a
2474 533 2675 604 quibus
2723 533 3047 602 excidimus,
3105 534 3234 589 dum
3289 536 3573 591 mortalem

2002 623 2164 678 istam
2199 637 2263 678 ac
2286 623 2561 679 sordidam
2596 626 2764 680 vitam
2808 632 3086 695 comparat
3123 640 3246 680 cum
3282 626 3574 681 immortali

2003 712 2097 767 illa
2127 713 2481 778 beatitudine,
2512 729 2619 785 qua
2646 715 2954 785 potiebatur
2982 726 3273 786 antequam
3310 724 3577 786 potestate

2004 805 2070 859 ad
2100 805 2301 860 bonum
2329 806 2665 873 abuteretur,
2701 816 3015 879 quantoque
3038 809 3212 878 magis
3244 808 3299 862 in
3327 808 3430 862 hac
3461 809 3576 862 vita

2003 896 2272 966 ejusmodi
2304 897 2511 952 luctum
2560 897 2814 964 intendit,
2861 907 3013 954 tanto
3044 899 3278 955 celerius
3323 899 3390 954 ad
3422 907 3577 968 opta-

2006 983 2416 1057 tam‘bonorum
2451 988 2854 1057 possessionem
2895 987 3124 1056 aspirat.
3148 986 3280 1042 Nam
3314 988 3409 1058 qui
3450 988 3577 1043 boni

2000 1073 2273 1145 jacturam
2303 1076 2706 1144 animadvertit,
2738 1077 2807 1132 ad
2851 1077 2985 1133 illud
3018 1080 3450 1147 recuperandum
3486 1093 3581 1133 ar-

2005 1166 2253 1222 dentiore
2304 1168 2488 1224 studio
2520 1168 2846 1223 concitatur.
2875 1166 3128 1234 Proinde,
3177 1163 3299 1224 cum
3342 1169 3580 1227 salutare

2005 1259 2224 1328 lugendi
2255 1275 2451 1330 genus,
2483 1267 2544 1316 ut
2568 1259 2930 1327 ostendimus,
2978 1258 3303 1326 inveniatur,
3336 1260 3582 1315 animad-

2007 1351 2225 1422 vertite,
2256 1351 2351 1422 qui
2417 1351 2487 1407 ad
2528 1367 2819 1408 mmrorem
2853 1360 2908 1408 et
2936 1351 3139 1406 luctum
3172 1350 3308 1408 estis
3340 1367 3572 1422 propen-

2008 1444 2206 1510 siores,
2238 1458 2342 1499 nos
2393 1458 2502 1500 non
2540 1444 2890 1509 interdicere,
2922 1457 3029 1514 quo
3071 1443 3255 1499 minus
3304 1445 3578 1500 moereatis

2008 1542 2061 1591 et
2091 1534 2428 1606 lacrymetis,
2483 1536 2578 1593 sed
2620 1538 2774 1595 vobis
2823 1539 3133 1603 consulere,
3172 1544 3233 1592 ut
3287 1548 3385 1606 pro
3438 1537 3583 1591 malo

2010 1623 2374 1695 damnatoque
2399 1625 2549 1681 luctu
2579 1626 2783 1683 bonum
2818 1636 2871 1684 et
2895 1629 3218 1684 laudabilem
3250 1614 3586 1696 complecta-

332 1712 437 1786 ’τὴν
490 1714 971 1787 κατεργαζομένην
1019 1715 1109 1769 τὸν
1162 1714 1422 1781 θάνατον,
1459 1715 1643 1779 καθώς
1692 1733 1856 1787 φησιν
1879 1719 1908 1770 ό

2022 1713 2168 1768 mini.
2222 1714 2410 1785 Itaque
2468 1717 2639 1772 nolite
2695 1719 2885 1773 mundi
2945 1718 3149 1772 luctum
3195 1716 3587 1786 tristitiamque

350 1805 690 1871 ’Δπόστολος,
713 1805 848 1861 ἀλλά
883 1805 982 1877 τὴν
1023 1807 1163 1862 κατά
1199 1806 1351 1871 Θεὸν,
1376 1803 1445 1880 ἦς
1471 1807 1535 1860 τδ
1556 1807 1728 1879 πέρας
1754 1809 1787 1879 ἡ
1812 1807 1912 1878 τῆς

2022 1804 2310 1874 suscipere,
2337 1820 2480 1876 quae,
2518 1815 2579 1861 ut
2608 1807 2786 1878 inquit
2815 1807 3112 1878 Apostolus
3135 1807 3202 1872 ",
3232 1808 3426 1862 mortis
3457 1821 3591 1861 cau-

339 1895 517 1967 ψυχῆς
547 1895 665 1949 ἐστι
718 1897 981 1968 σωτηρία.
1027 1897 1100 1950 Τὸ
1129 1895 1239 1967 γὰρ
1272 1896 1397 1968 είκῆ
1444 1897 1539 1952 καὶ
1584 1897 1759 1967 μάτην
1799 1900 1911 1962 τοῖς

341 1986 762 2057 κεκοιμημένοις
795 1985 1143 2057 ἐπιχεόμενον
1176 1986 1428 2058 δάκρυον,
1467 1988 1604 2058 τάχα
1628 1987 1719 2040 καὶ
1742 2003 1912 2040 κατα-

342 2077 577 2148 κρίσεως
608 2077 778 2130 αίτιον
828 2077 1033 2146 γίνεται
1083 2077 1160 2148 τῷ
1202 2077 1387 2144 κακῶς
1439 2077 1806 2150 οἰκονομοῦντι
1854 2078 1916 2132 τὸ

302 2190 309 2195 ·
343 2168 639 2239 χρήσιμονε
668 2164 857 2237 Είγὰρ
887 2167 980 2220 ἐπὶ
1014 2165 1186 2235 τούτῳ
1229 2166 1478 2239 λυπηρὰν
1511 2165 1714 2237 ταύτην
1736 2165 1916 2219 διάθε-

346 2274 430 2310 σιν
459 2257 843 2326 ἐνετεκτήνατο
872 2258 939 2328 τῇ
970 2255 1171 2325 φύσειὸ
1201 2256 1376 2312 πάντα
1401 2258 1459 2311 ἐν
1485 2256 1646 2329 σοφίᾳ
1667 2258 1914 2328 ποιήσας,

347 2347 433 2416 ἐφ’
458 2340 503 2415 ᾧ
529 2364 588 2400 τε
624 2348 917 2419 καθάρσιον
942 2349 1040 2420 μὲν
1064 2350 1235 2421 αὐτὴν
1264 2345 1403 2403 εἶναι
1432 2351 1921 2423 προκατασχούσης

346 2433 583 2498 κακίας,
616 2434 826 2503 ἐφόδιον
870 2435 927 2489 δὲ
975 2436 1074 2504 τῆς
1123 2438 1231 2491 τῶν
1282 2438 1650 2509 ἐλπιζομένων
1702 2439 1922 2508 ἀγαθῶν

353 2524 641 2594 μετουσίας
679 2542 694 2558 ·
730 2525 870 2598 τάχα
900 2528 928 2580 ό
967 2528 1143 2599 μάτην
1174 2530 1269 2583 καὶ
1308 2531 1597 2599 ἀνωφελῶς
1623 2533 1829 2604 ἐκχέων
1861 2534 1922 2588 τὸ

349 2615 615 2687 δάκρυον,
643 2617 1058 2690 διαδληθήσεται
1106 2619 1185 2691 τῷ
1234 2621 1347 2692 ίδίῳ
1372 2622 1628 2695 δεσπότῃ,
1662 2624 1804 2679 κατὰ
1833 2623 1926 2678 τὸν

351 2707 706 2776 εύαγγελικὸν
738 2708 917 2778 λόγον,
953 2711 1029 2774 ὡς
1074 2712 1241 2777 κακὸς
1274 2713 1551 2785 οἰκονόμος
1596 2715 1923 2788 διασπείρων

352 2800 641 2870 ἀχρήστως
665 2799 756 2853 τὸν
788 2801 1144 2857 πιστευθέντα
1164 2803 1407 2859 πλοῦτον.
1450 2806 1563 2859 Πᾶν
1599 2809 1708 2878 γάρ
1753 2807 1816 2861 τὸ
1838 2808 1925 2862 ἐπ’

353 2890 545 2961 ἀγαθῷ
591 2891 960 2962 χρησιμεῦον,
993 2894 1219 2959 πλοῦτός
1264 2897 1379 2949 ἐστι
1424 2899 1537 2961 τοῖς
1585 2898 1786 2969 τιμίοις
1817 2900 1926 2955 τῶν

355 2981 656 3053 κειμηλίων
672 2983 856 3053 ἐναριθ
865 2983 964 3051 μού
972 3002 1148 3054 μενος.
1167 2987 1241 3039 Οὐ
1260 2986 1397 3040 θέλω
1419 2983 1511 3042 οὖν
1532 2989 1675 3059 ὑμᾶς
1691 2992 1924 3059 ἀγνοεῖν,

2009 1908 2126 1948 sam
2159 1893 2335 1960 affert,
2383 1894 2479 1951 sed
2519 1910 2639 1950 eam
2686 1897 3006 1952 maestitiam
3055 1896 3275 1962 sumite,
3327 1910 3449 1966 quae
3479 1894 3590 1950 Deo

2010 1983 2211 2054 placet,
2255 1985 2413 2054 cujus
2444 1984 2570 2042 finis
2600 1994 2688 2043 est
2735 1987 2902 2041 animi
2938 1987 3106 2042 salus.
3136 1985 3349 2041 Etenim
3397 1985 3590 2040 inanes

2013 2085 2325 2146 temereque
2364 2078 2551 2133 eﬂ‘usae
2595 2092 2693 2149 pro
2730 2077 3007 2134 defunctis
3051 2078 3306 2149 lacrymae
3359 2076 3592 2132 fortasse

2014 2179 2181 2220 causa
2209 2166 2582 2222 damnationis
2607 2174 2770 2222 erunt
2798 2167 2896 2233 illi,
2938 2167 3029 2238 qui
3066 2183 3125 2222 re
3154 2167 3396 2222 abutitur
3423 2165 3588 2221 bona.

2013 2254 2150 2309 Nam
2212 2255 2259 2312 si
2314 2256 2524 2312 tristem
2576 2258 2718 2312 hanc
2775 2257 2945 2312 animi
2998 2257 3339 2313 affectionem
3385 2256 3592 2312 idcirco

2017 2348 2180 2404 nobis
2213 2348 2442 2403 inservit
2492 2349 2539 2404 is
2593 2349 2687 2419 qui
2728 2356 2926 2405 cuncta
2978 2350 3254 2412 sapienter
3283 2348 3410 2419 egit,
3466 2355 3592 2402 uta

2019 2439 2186 2504 malo,
2222 2440 2368 2509 quod
2415 2455 2516 2495 nos
2553 2440 2772 2508 invasit,
2821 2440 3087 2510 expiaret,
3134 2447 3189 2495 et
3218 2439 3284 2493 ad
3334 2454 3397 2495 ea
3426 2440 3590 2505 bona,

2020 2544 2142 2599 qua:
2172 2544 2481 2599 speramus,
2517 2529 2750 2584 fruenda
2785 2531 3104 2600 perduceret
3132 2547 3146 2584 :
3178 2528 3317 2585 forte
3340 2529 3432 2600 qui
3474 2528 3594 2584 fru-

2023 2628 2138 2675 stra
2195 2629 2361 2690 atque
2389 2622 2625 2689 inaniter
2664 2621 2933 2692 laerymas
2972 2621 3225 2686 fundunt,
3261 2621 3597 2676 vocabuntur

2022 2710 2080 2765 in
2106 2711 2313 2765 crimen
2343 2712 2486 2784 apud
2517 2712 2799 2766 dominum
2827 2729 3008 2777 suum,
3038 2721 3096 2768 ut
3126 2713 3301 2767 malus
3334 2712 3425 2768 ille
3458 2712 3599 2766 villi-

2026 2816 2148 2867 cus,
2180 2802 2296 2872 qui,
2340 2809 2400 2856 ut
2436 2802 2488 2856 in
2523 2802 2816 2874 Evangelio
2856 2804 3087 2874 legimus
3109 2804 3178 2867 ’°,
3219 2803 3439 2858 divitias
3493 2803 3598 2859 sibi

2025 2893 2266 2948 creditas
2299 2894 2563 2951 inutiliter
2618 2895 3004 2966 dissipaverat.
3051 2894 3403 2964 Quaecunque
3452 2895 3600 2949 enim

2027 2985 2093 3040 ad
2132 2986 2304 3041 bonos
2332 3002 2468 3043 usus
2498 2987 2691 3043 referri
2727 2976 2974 3058 possunt,
3003 2988 3205 3042 divitiae
3238 2999 3366 3043 sunt
3394 2989 3449 3043 in
3480 2986 3603 3041 the-

357 3071 594 3139 ἀδελφοὶ,
621 3073 747 3144 περὶ
767 3072 874 3127 τῶν
902 3075 1339 3146 κεκοιμημένων,
1363 3073 1533 3131 ταῦτα
1548 3078 1584 3132 ἀ
1607 3081 1923 3151 μεμαθήκα-

2031 3074 2210 3129 sauris
2240 3075 2554 3133 coelestibus
2584 3087 2934 3132 enumeratae.
2966 3076 3104 3133 Nolo
3154 3078 3323 3148 igitur
3351 3078 3605 3148 ignorare

362 3177 486 3233 μεν,
521 3163 615 3214 καὶ⁵
638 3161 765 3215 εἴτι
789 3162 916 3217 ἀλλο
943 3164 1079 3235 πρὸς
1101 3165 1308 3231 τούτοις
1335 3167 1486 3239 παρά
1507 3168 1598 3222 τοῦ
1617 3172 1929 3243 Πνεύματος

359 3251 457 3305 τοῦ
480 3252 635 3321 ἁγίου
665 3255 779 3317 τοῖς
815 3254 1166 3326 τελειοτέροις
1205 3259 1641 3315 ἀποκαλύπτεται
1682 3263 1926 3335 μάθημα,

360 3343 453 3397 ἵνα
480 3344 555 3415 μὴ
586 3343 849 3415 λυπῆσθε,
877 3347 952 3411 ὡς
1002 3348 1093 3401 καὶ
1123 3350 1172 3402 οἱ
1205 3349 1379 3404 λοιποὶ
1410 3353 1459 3405 οί
1490 3352 1563 3424 μὴ
1596 3352 1807 3425 ἔχοντες
1847 3348 1932 3409 ἐλ-

362 3436 515 3489 πίδα.
550 3438 741 3491 Μόνων
788 3438 896 3508 γάρ
923 3440 1038 3493 ἐστι
1083 3440 1193 3493 τῶν
1236 3442 1479 3497 ἀπίστων
1509 3445 1571 3497 τὸ
1596 3444 1672 3516 τῷ
1705 3446 1932 3517 παρόντι

363 3525 467 3601 βίῳ
493 3526 592 3590 τὰς
619 3526 710 3580 τοῦ
743 3526 843 3600 ζῇν
887 3529 1107 3593 ἐλπίδας
1136 3533 1483 3603 περιορίζειν,
1517 3536 1611 3589 καὶ
1642 3535 1731 3589 διά
1774 3535 1935 3591 τοῦτο

361 3622 649 3692 συμφορᾶς
675 3620 821 3688 ἀξιον
850 3621 1124 3676 ποιοῦνται
1152 3624 1242 3678 τὸν
1287 3623 1532 3689 θάνατον,
1561 3626 1643 3682 ὅτι
1664 3627 1846 3691 αὐτοῖς
1872 3629 1935 3682 τὸ

364 3713 756 3782 πιστευόμενον
799 3713 931 3784 παρ’
957 3713 1114 3784 ἡμῶν
1166 3715 1266 3768 οὐκ
1302 3715 1601 3784 ὲλπίζεται.
1658 3718 1847 3788 Ἡμεῖς
1877 3719 1935 3773 δὲ

364 3802 441 3874 τῷ
474 3804 696 3875 μεγάλῳ
717 3806 957 3879 ἐγγυητῇ
990 3807 1089 3875 τῆς
1121 3806 1185 3860 ἐκ
1212 3807 1422 3878 νεκρῶν
1461 3808 1808 3874 ἀναστάσεως
1841 3825 1938 3862 πε-

364 3895 739 3960 πιστευκότες,
771 3896 917 3966 αὐτῷ
967 3896 1044 3968 τῷ
1071 3897 1311 3971 Δεσπότῃ
1346 3899 1526 3971 πάσης
1544 3901 1645 3972 τῆς
1685 3900 1935 3966 κτίσεως,

364 3986 425 4049 ὃς
441 3985 531 4039 διά
548 3985 706 4039 τοῦτο
735 3987 828 4040 καὶ
851 3987 1085 4041 ἀπέθανε
1113 3990 1206 4043 καὶ
1230 3990 1449 4061 ἀνέστη,
1472 3991 1559 4046 ἵνα
1581 3989 1660 4061 τῷ
1688 3991 1832 4062 ἔργῳ
1846 3992 1937 4046 τὸν

367 4076 617 4149 περὶτῆς
662 4078 1005 4141 ἀναστάσεως
1029 4079 1184 4148 λόγον
1238 4079 1597 4150 πιστώσηται,
1633 4082 1939 4152 ἀναμφιϐό-

366 4168 476 4232 λως
497 4167 708 4240 ἔχωμεν
732 4168 841 4222 τῶν
884 4169 1103 4239 ἀγαθῶν
1134 4171 1233 4239 τὴν
1269 4170 1478 4233 ἐλπίδα,
1501 4167 1569 4244 ἦς
1599 4171 1877 4243 παρούσης
1903 4174 1936 4244 ἡ

369 4258 465 4315 ἐπὶ
499 4262 612 4323 τοῖς
638 4258 1041 4330 κατοιχομένοις
1069 4257 1213 4329 λύπη
1253 4257 1437 4329 χώραν
1463 4260 1562 4330 οὐχ
1609 4259 1740 4326 ἔξει.
1778 4262 1836 4315 Ὀ
1883 4261 1940 4318 δὲ

369 4349 504 4413 Θεὸς
533 4349 689 4421 ἡμῶν
729 4350 823 4404 καὶ
848 4349 1051 4421 Κύριος
1086 4348 1290 4421 Ἰησοῦς
1332 4351 1584 4422 Χριστὸς,
1618 4352 1647 4404 ὁ
1691 4370 1941 4424 παρακα-

371 4441 480 4496 λῶν
504 4444 630 4505 τοὺς
652 4442 963 4507 ταπεινοὺς,
987 4441 1349 4514 παρακαλέσῃ
1385 4441 1536 4512 ὑμῶν
1567 4443 1666 4507 τάς
1694 4445 1938 4515 καρδίας,
1971 4471 2016 4526 D

373 4533 468 4586 καὶ
499 4530 726 4606 στηρίξῃ
752 4534 833 4596 είς
874 4532 971 4604 τὴν
998 4532 1190 4586 ἑαυτοῦ
1222 4533 1443 4606 ἀγάπην
1469 4533 1558 4588 διὰ
1603 4535 1712 4589 τῶν
1739 4538 1942 4608 οίκτιρ·

374 4622 493 4699 μῶν
528 4623 842 4689 αὐτοῦ,’ὃτι
886 4623 1036 4697 αὑτῷ
1064 4626 1098 4697 ἡ
1130 4624 1255 4693 δόξα
1293 4627 1374 4690 είς
1427 4626 1555 4693 τοὺς
1596 4626 1799 4694 αἰῶνας
1836 4628 1942 4684 τῶν

373 4715 608 4776 αίώνων.
649 4717 708 4771 ’Δ
717 4716 842 4803 μήν.

1936 4796 1938 4799 ’
2049 4801 2348 4858 inﬂammet
2377 4810 2539 4873 atque
2561 4800 2899 4864 corroboret,
2929 4798 3184 4870 quoniam
3208 4794 3314 4867 ipsi
3336 4801 3420 4851 est
3448 4793 3620 4867 gloria
3723 4812 3730 4817 ·

443 5059 488 5094 ¹⁹
515 5060 561 5121 ll
587 5057 717 5119 Cor.
750 5077 847 5132 vn,
880 5062 964 5118 10.
1041 5062 1087 5094 ²⁰
1112 5060 1242 5118 Luc.
1275 5080 1382 5131 xvi,
1418 5065 1469 5133 l,
1511 5081 1635 5136 sqq.

2030 3180 2149 3230 vos,
2178 3164 2401 3231 fratres,
2430 3182 2551 3237 quae
2584 3167 2651 3222 de
2681 3168 2749 3223 iis
2779 3169 2872 3238 qui
2905 3168 3264 3232 dormierunt,
3291 3168 3600 3230 didicimus.

2030 3266 2084 3312 et
2109 3262 2155 3312 si
2186 3259 2316 3328 quid
2351 3268 2614 3329 pncterea
2655 3260 2892 3331 Spiritus
2928 3272 3153 3317 sanctus
3185 3258 3607 3331 perfectioribus

2030 3347 2310 3418 patefacit,
2365 3364 2435 3404 ne
2482 3350 2706 3404 tristitia
2781 3365 3124 3422 moeroreque
3161 3350 3493 3416 alliciamini,
3546 3359 3606 3404 ut

2031 3440 2213 3495 caeteri
2259 3440 2355 3511 qui
2386 3455 2536 3511 Spem
2569 3456 2677 3495 non
2722 3442 2944 3497 habent.
2975 3441 3085 3496 Soli
3113 3442 3279 3507 enim,
3308 3442 3399 3511 qui
3436 3457 3465 3495 a
3498 3439 3601 3495 (ide

2032 3531 2192 3586 alieni
2249 3542 2395 3598 sunt,
2454 3533 2737 3602 praesentis
2775 3536 2897 3587 vita:
2950 3532 3150 3588 finibus
3190 3531 3404 3586 vivendi
3453 3545 3605 3599 spem

2033 3623 2332 3678 terminant
2365 3631 2419 3678 et
2447 3623 2932 3688 circumscribunt,
2981 3623 3215 3693 ideoque
3249 3631 3475 3677 mortem
3514 3621 3608 3677 de-

2034 3714 2355 3784 plorandam
2413 3722 2627 3785 putant,
2681 3715 2826 3784 quod
2874 3729 2956 3779 ea,
3014 3729 3133 3785 qua:
3166 3729 3267 3769 nos
3308 3711 3604 3778 credimus,

2035 3820 2146 3859 non
2191 3812 2430 3874 sperant.
2467 3804 2578 3861 Nos
2613 3812 2818 3871 autem,
2862 3806 2956 3876 qui
2993 3821 3191 3877 magno
3244 3806 3612 3875 locupletique

2035 3896 2460 3951 resurrectionis
2499 3909 2531 3950 a
2577 3897 2806 3953 mortuis
2846 3898 3101 3967 sponsori
3152 3896 3386 3967 vadique
3430 3895 3611 3950 credi-

2039 4000 2183 4052 mus,
2236 3985 2341 4055 ipsi
2390 4000 2572 4041 rerum
2609 3987 2857 4042 omnium
2912 3995 3322 4057 procreatarum
3359 3983 3608 4048 Domino,

2039 4074 2133 4146 qui
2183 4074 2254 4129 oh
2304 4074 2359 4129 id
2406 4082 2658 4130 mortuus
2709 4082 2793 4130 est
2835 4082 2890 4130 et
2925 4075 3243 4140 resurrexit,
3300 4081 3358 4129 ut
3404 4089 3464 4129 re
3495 4074 3634 4142 ipsa.

2039 4166 2461 4222 resurrectionis
2476 4165 2743 4220 rationem
2765 4165 3115 4222 confirmaret
3128 4173 3182 4221 et
3204 4166 3609 4238 comprobaret,

2040 4268 2244 4315 certam
2265 4264 2429 4328 atque
2447 4257 2783 4327 exploratam
2812 4258 3080 4313 bonorum
3111 4273 3261 4326 spem
3284 4257 3611 4322 habeamus,

2042 4364 2150 4421 qua
2196 4357 2467 4419 praesente
2504 4349 2684 4405 luctus
2738 4348 2795 4403 in
2824 4364 3015 4405 eorum
3051 4349 3224 4413 obitu,
3282 4346 3374 4416 qui
3406 4360 3474 4400 ex
3512 4346 3616 4401 bac

2042 4438 2152 4494 vita
2172 4436 2462 4503 decedunt,
2512 4438 2722 4492 nullum
2754 4436 2975 4494 habebit
3008 4438 3208 4493 locum.
3253 4433 3397 4489 Deus
3428 4442 3610 4488 autem

2048 4540 2257 4597 noster,
2286 4530 2552 4587 Dominus
2578 4528 2739 4586 Jesus
2766 4529 3041 4594 Christus,
3073 4528 3163 4599 qui
3198 4526 3429 4581 aﬂllctos
3454 4532 3618 4595 atque

2050 4620 2284 4678 humiles
2329 4621 2665 4685 consolatur,
2704 4620 3018 4675 consoletur
3043 4617 3253 4671 animos
3292 4621 3526 4680 vestros,
3564 4623 3619 4667 et

2051 4710 2427 4767 misericordia
2446 4709 2888 4779 benignitateque
2906 4722 3005 4763 sua
3021 4721 3117 4762 vos
3135 4705 3201 4759 ad
3218 4719 3276 4759 se
3291 4701 3618 4774 diligendum

2049 4893 2106 4948 in
2137 4893 2334 4950 saecula
2363 4892 2706 4949 saeculorum.
2733 4889 2926 4946 Amen.
