4072 6156
326 383 435 443 5η

1596 376 1876 431 CONTRA
1920 374 2363 431 MANICIIAEOS.

3485 368 3590 424 542

1624 690 1852 777 ΤΟΥ
1931 687 2310 776 ΑΥΤΟΥ

953 878 1374 994 ΚΑΤΑ
1456 880 2341 1000 ΜΑΝΙΧΑΙΩΝ
2435 871 2965 992 ΛΟΓΟΣ

326 1093 564 1150 Δώδεκα
591 1086 1044 1160 συλλογισμῶν,
1076 1086 1170 1144 ὅτι
1203 1088 1273 1143 τὸ
1302 1087 1513 1156 κακὸν,
1542 1092 1737 1160 φθᾳρτ

1738 1088 1812 1143 ὸν
1839 1086 1939 1162 καί
1967 1087 2263 1162 γεννητὸν
2294 1085 2392 1141 καὶ
2428 1085 2834 1154 ἀνύπαρκτον,
2868 1083 2968 1139 καὶ
2990 1085 3025 1138 δ
3052 1085 3264 1140 τούτου
3295 1086 3363 1140 δὲ
3397 1090 3594 1162 παύω

1556 1158 1837 1226 διάϐολος
1880 1159 1992 1213 οὐκ
2016 1158 2361 1228 ἀγέννητος.

1906 1275 1981 1289 —

1684 1419 2225 1513 EJUSDEM
3079 1495 3082 1498 .

827 1637 1410 1758 CONTRA
1564 1574 2442 1751 MANICHEOS
2580 1632 3118 1747 ORATIO

331 1873 521 1933 Decem
543 1877 788 1929 constans
826 1867 1169 1943 syllogismis,
1197 1885 1300 1940 qua
1316 1861 1836 1943 probatur,__ll_at_um
1870 1859 2209 1943 cprruptibile
2247 1876 2359 1915 esse
2405 1868 2455 1912 et
2482 1866 2733 1943 lereatum
2770 1866 2822 1913 et
2858 1874 2963 1914 non
3004 1853 3317 1924 subsistens,
3377 1859 3595 1931 ejusque

1345 1947 1547 2009 patrem
1579 1928 1851 1989 diabolum
1886 1933 2178 1986 inereatum
2206 1947 2309 1985 non
2344 1945 2454 1985 esse
2478 1928 2575 2000 (li.

403 2254 474 2310 Et
491 2271 547 2308 τι
571 2250 639 2308 ἂν
665 2250 834 2307 κακὸν
855 2290 871 2316 ,
906 2247 1192 2303 κολαστέον
1211 2263 1226 2279 ο
1271 2245 1422 2301 οὐδὲν
1456 2245 1514 2300 δὲ
1544 2241 1904 2315 κολαζόμενον

2081 2238 2136 2294 Si
2180 2235 2313 2309 quid
2346 2236 2418 2293 sit
2448 2235 2672 2299 malum,
2702 2235 3035 2306 puniendum
3061 2244 3144 2290 est
3187 2252 3198 2288 :
3241 2235 3375 2290 nihil
3412 2244 3599 2307 autem.

332 2342 625 2418 ἄφθαρτον.
655 2342 821 2398 Οὐδὲν
853 2341 961 2413 ἄρα
987 2338 1157 2394 κακὸν
1184 2337 1481 2410 ἄφθαρτον.

401 2522 569 2578 οὐδὲν
599 2519 834 2593 φθαρτὸν
862 2518 1154 2590 ἀγέννητον
1178 2534 1194 2551 ο
1222 2517 1337 2573 ἔστι
1365 2517 1422 2571 δὲ
1448 2516 1510 2569 τὸ
1547 2515 1714 2570 κακὸν
1740 2514 1916 2585 φθαρ-

326 2610 443 2667 τόν.
474 2610 549 2665 Th
579 2611 689 2682 ἄρα
717 2608 886 2664 κακὸν
916 2609 1015 2663 οὐκ
1042 2608 1356 2678 ἀγέννητον.

400 2698 569 2753 οὐδὲν
600 2698 723 2752 κατ’
748 2697 937 2753 οὐσίαν
968 2696 1135 2751 κακόν
1155 2712 1170 2727 ο
1198 2695 1277 2767 τῷ
1302 2694 1363 2749 τὸ
1388 2693 1557 2749 κακὸν
1578 2693 1729 2748 ποιὸν
1754 2688 1911 2746 εἶναι.

330 2788 498 2844 Οὐδὲν
526 2788 582 2843 δὲ
614 2787 767 2843 ποιὸν
792 2786 967 2842 οὐσία.
1008 2787 1083 2842 Τὸ
1111 2787 1220 2858 ἄρα
1249 2786 1418 2841 κακὸν
1449 2786 1552 2840 οὐκ
1582 2784 1759 2840 οὐσία.

404 2961 593 3016 Πάντα
611 2960 682 3014 τὰ
702 2959 920 3014 ἐναντία
943 2958 1187 3029 ἀλλήλων
1212 2958 1427 3031 φθαρτά
1444 2977 1457 2991 ’
1478 2959 1548 3014 τὰ
1567 2959 1623 3013 δὲ
1647 2956 1917 3028 ἀγέννητοι

333 3052 465 3107 ὄντα
491 3052 553 3106 οὐ
582 3050 816 3123 φθαρτά.
844 3049 927 3104 Τὰ
962 3049 1070 3122 ἀρα
1103 3051 1323 3104 ἐναντία
1351 3050 1454 3103 οὐκ
1482 3049 1752 3120 ἄφθαρτα.

406 3229 573 3285 Οὐδὲν
604 3229 895 3300 ἀγέννητον
927 3230 1181 3301 τρεπτόν·
1234 3228 1495 3300 τρέπεται
1527 3228 1585 3281 δὲ
1620 3229 1680 3282 τὸ
1711 3228 1919 3296 ἀγαθὸν

336 3317 610 3391 κρατηθὲν
631 3318 738 3373 ὑπὸ
754 3318 850 3373 τοῦ
896 3318 1086 3376 κακοῦ.
1128 3319 1202 3372 Τὸ
1241 3319 1351 3391 ἄρα
1385 3317 1585 3389 ἀγαθὸν
1615 3320 1716 3373 οὐκ
1764 3319 1921 3388 ἀγέν-

226 3463 230 3466 ι
337 3425 522 3481 νητον.

366 3568 381 3580 _
408 3499 486 3553 Th
512 3498 804 3571 ἀγέννητον
830 3500 932 3552 οὐκ
976 3498 1121 3554 ἐστιν
1156 3501 1441 3573 ὀρεκτικὸν
1493 3502 1700 3575 φθορᾶς
1751 3520 1917 3567 τινος,

2014 2330 2160 2403 quod
2191 2327 2420 2400 punitur
2446 2326 2868 2398 incorruptibile
2897 2334 3003 2383 est.
3035 2325 3180 2380 Nihil
3201 2326 3368 2397 igitur
3390 2327 3593 2381 malum

2020 2433 2106 2481 est
2133 2419 2568 2492 incorruptibile.

2086 2511 2233 2566 Nihil
2265 2508 2624 2578 corruptibile
2644 2514 2729 2563 est
2761 2502 3119 2564 increatum':
3151 2510 3353 2563 malum
3411 2516 3594 2564 autem

2011 2611 2100 2661 est
2125 2600 2502 2670 corruptibile.
2529 2598 2674 2668 Ergo
2707 2599 2909 2652 malum
2941 2614 3050 2655 non
3077 2609 3160 2655 est
3189 2601 3518 2654 increatum.

2083 2690 2233 2746 Nihil
2258 2689 2563 2747 secundum
2602 2690 2976 2745 substantiam
3018 2691 3221 2744 malum
3276 2698 3361 2746 est
3401 2709 3415 2745 :
3448 2689 3599 2760 quod

2016 2784 2229 2839 malitia
2256 2784 2329 2838 sit
2361 2783 2620 2853 qualitas.
2657 2781 2816 2835 Nulla
2858 2796 3025 2852 porro
3061 2783 3298 2851 qualitas
3347 2789 3431 2837 est
3464 2782 3600 2838 sub-

2018 2875 2244 2939 stantia,
2282 2874 2486 2927 malum
2520 2872 2688 2943 igitur
2717 2888 2827 2926 non
2858 2880 2942 2927 est
2972 2873 3304 2928 substantia.

2088 2964 2282 3019 Omnia
2312 2962 2591 3018 contraria
2625 2976 2657 3015 a
2720 2978 2778 3017 se
2813 2962 3048 3017 invicem
3106 2971 3540 3034 corrumpuntur
3580 2978 3595 3015 :

2018 3069 2140 3122 quae
2164 3060 2343 3108 autem
2380 3052 2623 3107 increata
2653 3059 2806 3116 sunt,
2855 3068 2965 3107 non
3011 3062 3142 3107 sunt
3196 3056 3596 3127 corruptibilia.

2018 3142 2160 3212 Ergo
2187 3142 2464 3197 contraria
2494 3156 2600 3195 non
2633 3149 2760 3197 sunt
2790 3142 3244 3212 incorruptibilia.

2089 3233 2233 3287 Nihil
2272 3233 2582 3287 increatum
2612 3232 2953 3287 immutabile
2992 3243 3077 3288 est
3108 3251 3121 3288 :
3175 3233 3378 3287 bonum
3414 3240 3592 3290 autem

2021 3336 2052 3375 a
2082 3321 2226 3375 malo
2253 3329 2576 3391 superatum
2608 3328 2875 3374 mutatur.
2903 3319 3114 3375 Bonum
3159 3321 3325 3392 igitur
3356 3338 3467 3377 non
3510 3330 3595 3379 est

2023 3413 2354 3467 iucreatum.

2092 3502 2247 3569 Quod
2282 3503 2584 3556 increatum
2616 3508 2721 3566 est,
2756 3516 2865 3554 non
2900 3509 2984 3556 est
3019 3502 3312 3570 ejusmodi,
3340 3512 3398 3556 ut
3425 3504 3600 3559 inter-

337 3588 461 3644 οὐδέ
480 3606 544 3659 γε
576 3588 871 3661 φθαρτικόν
889 3608 904 3621 ο
934 3590 996 3643 τὸ
1019 3591 1077 3644 δέ
1102 3609 1164 3659 γε
1196 3593 1363 3647 κακὸν
1389 3592 1669 3665 ὀρεκτικὸν
1694 3593 1918 3664 φθορᾶς.

2023 3593 2158 3647 itum
2207 3598 2446 3662 appetat,
2485 3598 2580 3643 aut
2626 3591 2909 3644 interitum
2960 3591 3156 3647 all'erre
3199 3595 3408 3663 possit:
3449 3596 3601 3665 atqui

339 3678 418 3731 Τὸ
442 3677 552 3752 ἄρα
580 3678 749 3735 κακὸν
784 3680 885 3736 οὐκ
911 3680 1224 3751 ἀγέννητον.

408 3858 478 3914 Al
511 3858 651 3916 θεῖαι
676 3861 895 3934 Γραφαὶ
947 3862 1070 3925 ταῖς
1115 3861 1369 3916 κολάσεσι
1418 3861 1805 3933 παραδίδοσθαι
1856 3861 1917 3913 οὐ

339 3951 465 4015 τοὺς
525 3951 715 4017 ἄλλους
768 3951 961 4023 μόνους
998 3954 1201 4017 κακοὺς
1220 3994 1235 4021 ,
1275 3953 1412 4007 ἀλλά
1470 3954 1563 4008 καὶ
1615 3953 1777 4008 αὐτὸν
1828 3952 1919 4006 τὸν

339 4043 586 4098 διάϐολον
610 4043 825 4113 λέγουσι
851 4059 866 4075 ⁸
901 4045 1010 4098 πᾶν
1041 4045 1098 4097 δὲ
1139 4045 1200 4098 τὸ
1246 4045 1463 4099 κολάσει
1496 4044 1919 4116 παραδιδόμενον

341 4136 575 4205 τρεπτόν
593 4153 607 4166 ’
640 4135 791 4190 οὐδὲν
818 4136 873 4189 δὲ
899 4137 1130 4207 τρεπτὸν
1151 4135 1466 4209 ἀγέννητον.
1483 4135 1646 4188 Οὐδὲν
1677 4134 1786 4202 ἄρα
1812 4132 1919 4187 τῶν

342 4224 534 4279 κακῶν
559 4225 872 4297 ἀγέννητον.

416 4315 538 4370 Τῶν
568 4317 637 4371 δι’
664 4317 784 4371 ὅλου
828 4317 1252 4387 ἐναντιουμένων
1275 4355 1291 4380 ,
1336 4316 1485 4370 οὐδὲν
1527 4317 1722 4370 κοινόν.
1758 4315 1920 4370 Ὥστε

346 4409 498 4462 πᾶσα
523 4406 737 4479 ἀνάγκη
774 4408 836 4462 τὸ
884 4407 1132 4481 [ἀγαθὸν]
1188 4407 1440 4478 ὑπάρχει,
1499 4407 1571 4477 μὴ
1617 4405 1676 4459 ὃν
1705 4405 1812 4475 ἄρα
1857 4404 1918 4456 τὸ

345 4493 539 4549 κακόν.

418 4587 537 4650 Πᾶς
562 4585 593 4640 ὁ
624 4586 860 4656 εὐλόγως
896 4586 1218 4657 ὀρεγόμενός
1278 4601 1419 4648 τινος
1459 4583 1919 4654 ὲπιτετευγμένην

347 4676 463 4749 ἔχει
500 4679 600 4751 τὴν
628 4678 807 4750 θρεξιν
829 4718 844 4743 ,
877 4673 910 4751 ᾖ
952 4679 1182 4748 εὐλόγως
1212 4678 1462 4751 ὀρέγεται
1488 4692 1499 4705 ’
1534 4677 1642 4733 τῶν
1669 4676 1921 4747 φθαρτῶν

346 4770 459 4844 ἄρα
481 4769 628 4825 ἐστὶν
654 4773 687 4844 ὴ
727 4769 893 4825 κακία
912 4787 926 4801 ·
960 4769 1067 4824 τῶν
1113 4770 1366 4841 φθαρτῶν
1396 4765 1529 4825 οὖσα
1554 4766 1921 4839 ἀφανισθήσε-

347 4880 460 4920 ται.
494 4862 887 4936 ’Δφανιζομένη
919 4861 999 4927 δὲ,
1021 4861 1121 4915 οὐκ
1152 4861 1296 4915 ἐστιν
1324 4860 1638 4932 ἀγέννητος.

434 5033 751 5108 ’Δγέννητον
799 5035 862 5090 τὸ
893 5033 1060 5088 κακὸν
1079 5076 1094 5102 ,
1128 5035 1268 5089 κατά
1318 5034 1477 5105 φύσιν
1510 5034 1660 5105 αὐτῷ
1689 5034 1923 5107 ὑπάρχει

350 5128 413 5183 τὸ
440 5128 610 5183 κακδν
636 5123 794 5184 εἶναι.
825 5128 1012 5191 Οὐδεὶς
1034 5126 1091 5181 δὲ
1124 5129 1265 5181 κατά
1292 5126 1452 5196 φύσιν
1482 5125 1719 5196 ἐνεργῶν
1747 5127 1928 5198 ἀμαρ-

349 5218 538 5272 τάνει⁶
587 5218 648 5271 τὸ
708 5218 814 5290 ἄρα
868 5219 1160 5289 ἀγέννητον
1204 5218 1302 5288 οὐχ
1361 5218 1683 5291 ἁμαρτάνει.
1736 5216 1810 5270 Τὸ
1854 5217 1930 5288 μὴ

352 5310 666 5381 ἁμαρτάνον
686 5310 785 5381 οὐχ
812 5310 1060 5365 ὑπαίτιον
1078 5327 1094 5341 ο
1122 5309 1368 5372 ὑπαίτιος
1397 5308 1453 5363 δὲ
1481 5310 1509 5362 ὀ
1526 5309 1787 5373 Σατανᾶς.
1814 5306 1931 5364 Οὐκ

350 5400 464 5473 ἀρα
502 5400 816 5473 ἀγέννητον.

425 5671 505 5746 (Ι)
533 5671 995 5746 Fragmentahzrc
1010 5672 1066 5746 S.
1092 5672 1354 5746 Gregorio
1378 5672 1538 5746 Nyss.
1563 5673 1927 5743 abjudicanda

356 5742 667 5815 videntur,‘
691 5743 1126 5815 quandoquidem
1177 5742 1412 5815 integra
1430 5742 1564 5800 'nec
1605 5746 1717 5815 ullo
1759 5747 1926 5801 verbo

361 5820 570 5871 mutato
622 5813 683 5869 in
712 5812 875 5870 libro
922 5812 1131 5872 Didvmi
1160 5812 1331 5872 Alexi
1372 5812 1570 5872 Contra
1604 5814 1925 5873 Manichacus

2022 3682 2225 3737 malum
2261 3681 2543 3735 interitum
2579 3680 2806 3750 appetit.
2844 3680 3047 3735 Malum
3082 3696 3215 3752 ergo
3248 3699 3358 3738 non
3391 3693 3478 3740 est
3511 3685 3597 3739 in-

2024 3780 2289 3827 creatum.

2099 3859 2389 3931 Suppliciis
2419 3861 2580 3929 plecti
2613 3874 2720 3913 non
2780 3860 2918 3917 alios
2970 3843 3184 3916 tantum.
3250 3864 3444 3929 malos,
3503 3865 3599 3921 sed

2025 3952 2205 4021 ipsum
2240 3952 2516 4006 diabolum
2549 3950 2850 4022 Scriptura:
2883 3968 3057 4008 sacra:
3090 3962 3360 4010 testantur
3386 3973 3403 4017 ;
3438 3956 3600 4026 quid-

2025 4043 2157 4113 quid
2201 4050 2380 4097 autem
2419 4043 2691 4112 supplicio
2740 4044 2997 4111 plectitur
3033 4055 3118 4102 est
3164 4047 3601 4110 mutabile;nihil

2026 4146 2193 4201 porro
2222 4131 2487 4185 mutabile
2513 4132 2817 4185 increatum
2845 4140 2949 4188 est.
2977 4132 3123 4187 Nihil
3151 4134 3318 4205 igitur
3345 4151 3412 4191 ex
3441 4137 3598 4192 malis

2026 4223 2327 4276 increatum
2360 4230 2465 4278 est.

2095 4312 2243 4366 Nihil
2275 4326 2568 4367 commune
2592 4320 2676 4368 est
2711 4313 2799 4377 iis,
2843 4330 2965 4384 quae
3012 4315 3231 4385 penitus
3282 4328 3407 4372 sunt
3463 4334 3597 4373 con-

2027 4404 2218 4458 traria.
2262 4402 2447 4473 Itaque
2480 4405 2849 4459 necessarium
2912 4405 3136 4459 omnino
3183 4413 3308 4469 est,
3369 4413 3425 4458 ut
3475 4422 3598 4461 cum

2027 4497 2230 4551 bonum
2261 4497 2511 4559 exsistat,
2549 4495 2599 4548 id
2631 4496 2778 4564 quod
2808 4496 3010 4549 malum
3051 4505 3136 4550 est
3165 4511 3272 4548 non
3311 4497 3560 4550 exsistat.

2098 4587 2422 4659 Quicunque
2454 4603 2577 4643 cum
2613 4589 2826 4642 ratione
2860 4587 3067 4657 appetit
3094 4587 3391 4656 appetitum
3436 4604 3597 4642 suum

2028 4677 2232 4749 expleri
2262 4694 2323 4733 ac
2350 4678 2536 4748 perﬁci
2573 4679 2740 4741 videt,
2774 4686 3043 4747 quatenus
3081 4692 3206 4731 cum
3247 4677 3465 4749 ratione
3502 4692 3598 4747 ap-

2027 4771 2160 4839 petit
2186 4787 2199 4823 :
2231 4783 2355 4824 cum
2386 4777 2570 4823 autem
2604 4769 3040 4837 corruptibilium
3068 4769 3305 4837 appetitu
3348 4776 3599 4823 teneatur

2030 4862 2258 4927 ntalitia,
2301 4862 2589 4917 delebitur.
2625 4859 2683 4915 Si
2718 4869 2901 4916 autem
2935 4861 3200 4927 deleatur,
3229 4876 3338 4913 non
3387 4869 3468 4914 est
3510 4860 3596 4914 in-

1951 4966 1993 5023 c
2028 4962 2232 5008 creata.

2102 5043 2406 5099 lncreatum
2439 5042 2485 5098 si
2520 5042 2591 5097 sit
2634 5043 2837 5097 malum
2887 5042 3187 5098 secundum
3226 5051 3499 5110 naturam,
3530 5059 3598 5099 eo

2026 5135 2147 5205 ipso
2174 5132 2394 5188 exsistit
2426 5133 2573 5203 quod
2605 5133 2809 5188 malum
2857 5140 2963 5189 est.
2995 5133 3160 5203 Atqui
3214 5149 3375 5188 nemo
3401 5150 3596 5189 secun-

2025 5228 2155 5283 dum
2187 5234 2435 5279 naturam
2464 5241 2631 5296 agens
2661 5233 2853 5293 peccat
2884 5243 2898 5279 :
2925 5225 3071 5295 quod
3111 5240 3243 5295 ergo
3289 5226 3593 5279 incrcatum

2025 5328 2141 5384 est,
2171 5332 2283 5372 non
2323 5324 2549 5386 peccat:
2578 5314 2722 5383 quod
2756 5329 2865 5369 non
2906 5322 3116 5384 peccat,
3157 5330 3264 5368 non
3298 5323 3382 5369 est
3422 5315 3595 5368 obno-

1966 5432 1971 5438 ·
2027 5409 2176 5464 xium
2218 5406 2512 5477 supplicio.
2540 5404 2771 5459 Satanas
2799 5412 2978 5459 autem
3012 5412 3098 5459 est
3129 5404 3396 5475 supplicio
3421 5405 3598 5460 obno-

2016 5492 2179 5555 ‘xius.
2216 5497 2333 5554 Non
2360 5511 2492 5570 ergo
2520 5511 2608 5553 res
2636 5504 2719 5551 est
2749 5494 3009 5551 increata.

2025 5674 2293 5730 contineri
2350 5674 2547 5729 detexi.
2604 5671 2844 5727 Fassuza
2902 5670 3082 5725 Instit.
3143 5670 3294 5726 Patr.
3342 5668 3397 5729 1,
3455 5668 3593 5733 595,

2023 5752 2139 5798 not.
2172 5775 2241 5785 --
2280 5744 2417 5799 Vide
2476 5743 2804 5814 I'atrologiw
2862 5741 3091 5812 hujusce
3146 5750 3280 5799 tom.
3339 5735 3595 5803 XXXIX,

2024 5814 2128 5871 col.
2167 5814 2301 5872 1087
2332 5815 2394 5871 C.
