4072 6156
1777 334 1834 389 S.
1863 330 2189 387 bllEGOBll
2220 327 2513 385 NYSSEN’I

3675 317 3778 370 5H

787 474 3215 516 WE

1438 687 1664 777 ΤΟΥ
1754 689 2132 777 ΑΥΤΟΥ
2237 683 2861 773 ΓΡΗΓΟΡΙΟΥ

1802 893 2201 949 ΕΠΙΣΚΟΠΟΥ
2247 891 2523 947 ΝΥΣΣΗΣ

955 1070 1194 1183 ΕΙΣ
1230 1072 1545 1187 ΤΗΝ
1594 1065 2181 1187 ΕΑΥΤΟΥ
2254 1055 3356 1179 ΧΕΙΡΟΤΟΝΙΑΝ.

1452 1490 2005 1585 .EJUSDEM
2093 1454 2192 1583 ε.
2273 1489 2854 1595 Gnnoonu

1835 1702 2147 1761 EPISCOPI
2200 1701 2497 1761 NYSSENI

1251 1900 1403 2016 IN
1467 1899 1846 2019 SUAM
1923 1896 3066 2018 ORDlNATIONEM.

1827 2126 1912 2175 Fr.
1936 2124 2108 2177 Ducwo
2134 2118 2413 2185 interprete.

610 2440 692 2497 Ad
718 2455 818 2497 nos
843 2442 1006 2497 etiam
1033 2441 1335 2513 spiritualis
1364 2442 1671 2499 instruendi
1703 2445 1939 2500 convivii
1971 2460 2092 2501 sors
2145 2453 2191 2509 Α

540 2539 595 2588 et
628 2532 866 2587 ofﬁcium
922 2532 1234 2590 devolutum
1280 2544 1384 2600 est,
1437 2536 1652 2593 tametsi
1696 2537 1876 2592 idonei
1934 2540 2115 2609 potius

541 2622 735 2688 simus,
791 2631 852 2677 ut
893 2624 1194 2679 alienorum
1242 2625 1539 2694 participes
1575 2625 1772 2683 ﬁamus
1823 2628 2111 2693 honorum,

541 2728 708 2782 quam
742 2723 800 2769 ut
834 2713 937 2783 ipsi
968 2722 1154 2770 nostra
1192 2715 1507 2786 largiamur.
1538 2715 1803 2786 Equidem
1835 2717 1983 2773 omni
2014 2732 2117 2788 ope.

542 2814 852 2875 conatuque
891 2807 1171 2871 contendi,
1206 2817 1268 2862 ut
1293 2808 1360 2862 ab
1384 2808 1654 2877 ejusmodi
1687 2809 1987 2880 pendeudis
2018 2811 2117 2864 tri-

544 2895 692 2951 butis
722 2900 946 2967 propter
977 2912 1153 2952 meam
1189 2897 1245 2952 in
1273 2896 1508 2953 dicendo
1534 2900 1819 2970 penuriam
1854 2900 2116 2956 immunis

544 3001 743 3051 essem,
784 2996 947 3056 prout
970 2988 1135 3042 etiam
1165 2986 1270 3043 fert
1298 2989 1383 3043 lex
1415 2991 1682 3060 quaepiam
1717 2991 2113 3046 conviviorum.

547 3078 640 3134 Sic
684 3079 831 3134 enim
863 3078 1046 3148 accepi
1097 3080 1368 3147 homines,
1413 3082 1508 3151 qui
1539 3082 1684 3138 lauta
1725 3090 1782 3138 et
1828 3083 2118 3154 magniﬁca

544 3168 721 3222 vict-us
754 3168 961 3222 ratione
982 3173 1230 3233 utuntur,
1263 3182 1387 3222 cum
1413 3171 1795 3226 communibus
1825 3188 2120 3244 compran-

547 3257 769 3315 soribus
802 3257 1057 3315 omnibus
1110 3259 1166 3314 in
1200 3259 1389 3314 orbem
1431 3261 1683 3315 convivia
1713 3263 2115 3331 instruxerunt,

546 3350 595 3407 si
629 3350 753 3420 quis
781 3365 848 3405 ex
877 3364 1108 3406 numero
1142 3351 1497 3406 convivarum
1539 3350 1611 3406 sit
1641 3353 1973 3422 angustioris
2004 3353 2118 3409 for-

549 3449 715 3505 tunae,
748 3441 937 3496 solitos
962 3456 1084 3496 eum
1132 3455 1164 3495 a
1200 3442 1477 3497 communi
1511 3444 1756 3514 symbola
1781 3445 2116 3503 conferenda

546 3532 841 3588 immunem
886 3547 1088 3587 mensae
1116 3532 1324 3587 socium
1354 3549 1462 3589 non
1506 3535 1814 3604 repudiare.
1854 3537 1930 3592 ita
1969 3554 2113 3608 quo-

547 3640 653 3695 que
683 3625 941 3696 Optabam
974 3625 1091 3696 ipse
1119 3624 1377 3681 ditiorum
1408 3626 1584 3697 epulis
1613 3634 1875 3698 tanquam
1902 3644 2120 3685 mensa-

546 3733 668 3773 rum
725 3717 934 3773 assccla
970 3717 1239 3772 adhiberi.
1286 3715 1513 3783 Quando
1565 3725 1746 3773 autem
1802 3720 2034 3777 eximius
2068 3730 2123 3777 et

2288 2442 2458 2499 'ume
2496 2444 2589 2498 καὶ
2617 2444 2700 2513 ἐφ’
2723 2443 2868 2514 ἡμᾶς
2897 2443 2930 2515 ἡ
2963 2440 3063 2511 τῆς
3084 2442 3457 2513 πνευματικῆς
3496 2439 3792 2505 ἑστιάσεως

2219 2538 2545 2610 λειτουργία,
2569 2536 2820 2607 μετέχειν
2849 2534 3046 2607 μᾶλλον
3081 2533 3302 2603 ἑτέρων,
3343 2531 3373 2603 ῆ
3405 2534 3631 2598 ἑαυτοὺς
3653 2551 3792 2606 παρ-

2222 2630 2365 2702 έχειν
2417 2628 2616 2692 ἄλλοις,
2655 2626 2814 2691 ὄντας
2864 2624 3218 2696 ἐπιτηδείους.
3256 2624 3448 2678 Καίτοι
3495 2642 3559 2693 γε
3617 2624 3791 2694 ἔγωγε

2221 2722 2316 2776 καὶ
2348 2719 2624 2784 παντελῶς
2664 2720 2846 2789 ἠξίουν
2878 2716 3071 2788 ἀτελὴς
3098 2709 3236 2769 εἶναι
3275 2715 3383 2770 τῶν
3419 2716 3675 2771 τοιούτων
3698 2721 3789 2786 φό-

2224 2827 2353 2883 ρων,
2377 2812 2462 2865 διὰ
2485 2810 2582 2882 τὴν
2611 2809 2708 2863 τοῦ
2728 2809 2905 2878 λέγειν
2926 2807 3134 2870 πενίαν,
3153 2807 3294 2860 κατά
3327 2823 3448 2860 τινα
3467 2807 3630 2876 νόμον
3658 2819 3795 2873 σιιμο

2222 2902 2461 2957 ποτικόν.
2509 2900 2716 2956 ’Δκούω
2760 2900 2866 2972 γὰρ
2908 2899 3034 2963 τοὺς
3066 2899 3395 2971 ἀκροτέρους
3434 2897 3530 2969 τὴν
3562 2897 3789 2965 δίαιταν,

2224 2994 2354 3048 ὅταν
2381 2995 2446 3047 ὲκ
2490 2992 2736 3064 περιόδου
2788 2990 2864 3061 τῷ
2915 2989 3079 3062 κοινῷ
3122 2988 3377 3060 συσσιτίῳ
3415 2988 3514 3052 τὰς
3562 2988 3792 3059 εὐωχίας

2223 3081 2734 3155 παρασκευάσωσιν,
2758 3080 2811 3134 εί
2827 3098 2910 3145 τις
2938 3081 3002 3133 ὲκ
3038 3077 3131 3133 τοῦ
3155 3079 3452 3147 καταλόγου
3481 3079 3588 3132 τῶν
3614 3079 3792 3133 δαιτυ-

2227 3177 2402 3248 μόνων
2430 3172 2751 3243 πενέστερος
2779 3171 2886 3243 εἴη,
2909 3170 3097 3224 τοῦτον
3115 3170 3301 3240 κοινῆς
3329 3169 3598 3239 συνθήκης
3631 3167 3792 3236 ἀτελῆ

2226 3268 2536 3322 σύνδειπνον
2588 3264 2751 3335 ἔχειν.
2800 3261 2956 3317 Οὕτω
3002 3262 3096 3317 καὶ
3134 3262 3294 3326 αὐτὸς
3333 3261 3631 3332 ἐϐουλόμην
3679 3263 3793 3314 ὲπι-

2226 3358 2391 3421 σίτιος
2419 3352 2555 3410 εἶναι
2579 3355 2679 3424 τῆς
2711 3351 2820 3407 τῶν
2847 3352 3115 3406 πλουσίων
3136 3352 3371 3422 τροφῆς·
3405 3350 3520 3404 ἀλλ’
3551 3351 3736 3423 ἐπειδὴ
3764 3354 3793 3405 ό

2226 3447 2393 3511 καλός
2435 3463 2495 3500 τε
2533 3445 2627 3499 καὶ
2675 3445 2925 3506 πλούσιος
2956 3443 3222 3513 ἑστιάτωρ
3272 3434 3425 3502 οὗτος
3465 3440 3586 3493 οὐδὲ
3642 3440 3794 3511 ἡμῶν

2226 3539 2480 3608 φείδεται,
2512 3538 2783 3591 διακονεῖν
2829 3534 2885 3588 δὲ
2920 3535 3280 3606 προστάττει,
3305 3532 3414 3602 ἐρῶ
3444 3533 3581 3603 πρὸς
3611 3532 3792 3599 αὐτὸν,

2227 3629 2387 3693 Φίλε,
2414 3625 2650 3696 χρῆσόν
2665 3643 2766 3695 μοι
2790 3622 2909 3677 τῶν
2938 3622 3064 3678 σῶν
3091 3623 3283 3691 ἀρτων
3306 3637 3321 3652 ⁸
3351 3620 3547 3693 ἄρτους
3578 3620 3637 3675 δὲ
3657 3621 3796 3690 λέγω

2226 3720 2323 3792 τὴν
2358 3719 2447 3773 διὰ
2481 3717 2591 3772 τῶν
2622 3716 2795 3787 εὐχῶν
2836 3715 3173 3787 συμμαχίαν.
3224 3712 3350 3777 Πῶς
3374 3712 3483 3785 γὰρ
3527 3713 3643 3767 ἔστι
3689 3713 3796 3778 τοῖς

549 3807 841 3878 opulentus
874 3806 963 3861 hic
992 3807 1230 3862 convivii
1278 3805 1534 3862 dominus
1585 3821 1655 3862 ne
1707 3807 1868 3863 nobis
1899 3808 2118 3879 quidem

2226 3807 2614 3877 πνευματικοῖς
2639 3805 2849 3867 τούτοις
2872 3803 3083 3875 κηρίοις
3112 3802 3209 3874 τὴν
3237 3802 3401 3873 ἀκοὴν
3432 3801 3583 3873 ὑμῶν
3612 3804 3793 3875 ἐντρυ-

549 3900 665 3954 vult
692 3913 937 3969 parcere,
971 3897 1066 3953 sed
1090 3905 1145 3952 et
1177 3895 1492 3951 ministrare
1516 3912 1618 3951 nos
1643 3896 1832 3966 jubet:
1866 3899 1946 3954 sic
1967 3915 2125 3969 agam

551 3999 677 4040 cum
707 3984 821 4049 illo,
852 3982 1056 4046 Amice,
1092 3980 1368 4036 commoda
1405 3981 1535 4035 mihi
1569 3984 1771 4054 aliquot
1798 3999 1863 4039 ex
1892 3986 2117 4053 panibus

554 4075 662 4129 tuis
688 4074 756 4138 η,
796 4088 964 4144 panes
993 4080 1173 4128 autem
1230 4073 1462 4145 appello,
1494 4074 1639 4144 quod
1672 4075 1923 4147 precibus
1956 4077 2126 4133 fertur

557 4165 841 4222 auxilium.
880 4163 1021 4230 Quid
1067 4164 1212 4220 enim
1260 4165 1453 4221 attinet
1502 4181 1663 4224 aures
1710 4176 1947 4233 vestras,
2001 4184 2123 4240 qua:

555 4255 930 4327 spiritualibus
987 4254 1109 4309 istis
1155 4255 1294 4311 favis
1349 4270 1472 4311 sese
1519 4256 1885 4323 oblectarunt,
1932 4259 2122 4330 jejuna

555 4361 836 4417 egenaque
865 4346 1115 4416 excipere
1137 4348 1421 4402 oratione?
1452 4348 1530 4401 Ac
1569 4347 1806 4406 fortasse
1836 4351 2031 4406 melius
2063 4366 2123 4407 se

553 4439 770 4507 habeat,
812 4439 856 4495 si
887 4436 1343 4508 quemadmodum
1373 4438 1429 4493 in
1451 4441 1717 4511 gymnicis
1733 4442 2125 4499 certaminibus

555 4534 773 4589 illorum
822 4539 909 4589 est
955 4531 1217 4597 stadium,
1264 4531 1358 4603 qui
1391 4532 1600 4589 viribus
1629 4534 1876 4603 corporis
1922 4535 1979 4589 in
2019 4535 2125 4590 illis

554 4626 754 4694 valent,
795 4625 977 4681 caeteri
1007 4638 1136 4679 vero
1163 4623 1559 4679 decertantium
1596 4624 1732 4679 ﬁunt
1763 4633 2126 4696 spectatores:

555 4718 631 4771 ita
676 4716 733 4771 in
774 4715 879 4770 hoc
910 4714 1196 4786 spirituale
1234 4713 1475 4770 stadium
1528 4714 1607 4769 illi
1641 4716 1763 4780 soli,
1796 4709 1890 4787 qui
1924 4719 2128 4773 virtute

557 4813 873 4861 sanctorum
930 4819 994 4859 ac
1041 4805 1238 4861 robore
1289 4805 1515 4874 pollent,
1578 4805 1841 4862 adversus
1892 4806 2126 4863 athletas

555 4896 820 4965 prodeant
857 4913 872 4949 :
926 4894 972 4951 si
1006 4895 1131 4965 quis
1166 4902 1349 4950 autem
1381 4894 1452 4949 sit
1480 4909 1547 4949 ex
1580 4894 1671 4957 iis,
1717 4910 1947 4965 quorum
1983 4912 2127 4952 unus

555 5000 657 5057 ego
694 5000 837 5051 sum,
890 4986 979 5041 cui
1030 4986 1152 5041 cani
1185 4984 1297 5040 sint
1343 4985 1545 5053 crines,
1603 4986 1792 5042 fractae
1835 4995 2014 5043 autem
2058 4987 2128 5043 ob

555 5083 768 5133 aetatem
794 5077 961 5143 vires,
999 5076 1230 5132 tremula
1258 5075 1424 5131 etiam
1451 5084 1505 5131 et
1528 5077 1778 5132 nonnihil
1808 5078 2126 5136 claudicans

2227 3899 2496 3968 φήσασαν,
2516 3895 2754 3969 πενιχρῷ
2782 3895 2876 3950 καὶ
2896 3893 3227 3965 πτωχεύοντι
3247 3893 3600 3960 δεξιώσασθαι
3622 3893 3796 3965 λόγῳ;

2225 3989 2334 4043 Καὶ
2364 3989 2506 4059 τάχα
2544 3987 2724 4049 καλῶς
2759 3980 2924 4056 εἶχεν,
2951 3985 3015 4038 ἵν’
3035 3984 3221 4056 ῶσπερ
3254 3984 3346 4037 ἐπὶ
3382 3982 3490 4037 τῶν
3519 3982 3797 4050 γυμνικῶν

2224 4078 2477 4147 ἀγώνων·
2504 4077 2679 4150 μόνων
2713 4075 2822 4149 γὰρ
2852 4076 2959 4129 τῶν
2993 4076 3280 4146 ἰσχυόντων
3320 4074 3379 4129 ὲν
3415 4073 3644 4138 ἐκείνοις
3682 4072 3799 4128 ἐστὶ

2227 4171 2289 4223 τὸ
2322 4170 2553 4234 στάδιον,
2585 4169 2635 4224 οἱ
2662 4168 2719 4221 δὲ
2742 4168 2917 4222 λοιποὶ
2966 4166 3154 4222 θεαταὶ
3180 4166 3418 4236 γίνονται
3450 4165 3560 4222 τῶν
3601 4166 3799 4235 ἀγωνι-

2225 4261 2466 4333 ζομένων
2485 4278 2500 4293 ’
2533 4260 2678 4317 οὕτω
2702 4261 2795 4316 καὶ
2821 4262 2900 4323 εἰς
2923 4259 2985 4312 τὸ
3005 4258 3373 4331 πνευματικὸν
3403 4258 3561 4313 τοῦτο
3590 4259 3797 4313 στάδιον

2229 4352 2420 4422 μόνους
2433 4353 2558 4415 τοὺς
2577 4351 2916 4422 σφριγῶντας
2935 4350 2993 4402 ὲν
3008 4351 3074 4421 τῇ
3099 4348 3324 4419 δυνάμει
3343 4348 3451 4403 τῶν
3476 4349 3647 4417 ἁγίων
3666 4351 3799 4422 πρὸς

2223 4443 2349 4506 τοὺς
2394 4441 2697 4511 ἀγωνιστὰς
2737 4439 3064 4494 ἀποδύεσθαι
3092 4454 3107 4470 ’
3141 4440 3189 4492 εί
3222 4438 3280 4491 δέ
3320 4454 3406 4503 τις
3440 4438 3526 4510 εἴη
3558 4438 3668 4493 τῶν
3692 4434 3798 4502 οἷος

2226 4525 2418 4602 ὲγὼ,ᾧ
2448 4532 2609 4586 πολιὰ
2645 4532 2743 4603 μὲν
2772 4532 2806 4603 ὴ
2833 4529 2975 4601 θρὶξ,
2994 4528 3177 4602 νωθρὰ
3198 4529 3254 4582 δὲ
3287 4530 3391 4583 ὑπὸ
3416 4529 3508 4584 τοῦ
3537 4530 3731 4601 χρόνου
3761 4529 3794 4597 ἡ

2224 4624 2451 4696 δύναμις
2472 4664 2487 4689 ,
2511 4624 2816 4693 ὑπότρομος
2846 4621 2903 4675 δὲ
2949 4621 3044 4675 καὶ
3076 4619 3399 4685 ὑποσκάζων
3425 4623 3454 4674 ό
3480 4620 3658 4691 λόγος,
3686 4619 3800 4675 τοῦ-

2224 4733 2316 4770 τον
2339 4717 2432 4787 ὲᾷν
2464 4717 2574 4779 τοῖς
2602 4713 2786 4784 ἱδρῶσι
2819 4712 2928 4767 τῶν
2968 4712 3285 4781 ἀγωνιστῶν
3320 4712 3796 4784 ἐπευφραίνεσθαι.

2226 4802 2341 4855 Οὐκ
2372 4796 2465 4855 οὖν
2497 4800 2822 4873 μηκύνωμεν
2853 4801 3002 4870 ὑμῖν,
3028 4798 3267 4868 ἀδελφοὶ,
3297 4800 3358 4853 τὸ
3391 4801 3698 4872 προοίμιον,
3717 4802 3799 4853 ὲν-

2225 4894 2608 4966 ασχολούμενοι
2649 4892 2728 4964 τῷ
2771 4892 3008 4962 θαύματι
3056 4891 3164 4945 τῶν
3213 4891 3610 4963 προλαϐόντων.
3662 4891 3801 4961 Ἤδη

2226 4983 2612 5054 κεκορεσμένοι
2642 4981 2784 5047 ἐστὲ,
2815 4981 2919 5052 ἤδη
2944 4980 3310 5053 ἐπλουτήσατε
3333 4999 3347 5013 ·
3376 4982 3404 5035 ό
3426 4982 3482 5035 δὲ
3508 4982 3671 5053 κόρος
3697 4982 3803 5036 ἀπὸ

2226 5070 2624 5141 γλυκασμάτων
2653 5069 2800 5125 ἐστίν
2836 5085 2848 5099 ·
2878 5068 3087 5133 τούτοις
3115 5069 3224 5142 γὰρ
3258 5071 3401 5142 ὑμᾶς
3441 5073 3470 5125 ὁ
3515 5071 3801 5143 προλαϐὼν

554 5167 755 5233 oratio,
784 5168 914 5223 huic
930 5169 1298 5240 permittatur,
1317 5174 1377 5223 ut
1395 5183 1453 5225 se
1479 5169 1804 5224 athletarum
1823 5171 2123 5226 contentio-

2227 5163 2382 5232 λόγος
2412 5162 2711 5234 ὲτιθήνατο.
2738 5162 2889 5234 Τάχα
2919 5158 3012 5217 οὖν
3049 5161 3320 5235 ἄχρηστον
3354 5163 3512 5235 κόρον
3541 5163 3800 5219 ἐπέϐαλλε

558 5261 722 5317 uibus
747 5263 1057 5330 spectandis
1084 5261 1335 5318 oblectet.
1373 5260 1451 5318 Ne
1476 5262 1643 5333 igitur
1685 5261 1900 5333 longius
1946 5261 2123 5327 vobis,

558 5352 776 5416 fratres,
833 5354 1103 5408 sermonis
1158 5353 1442 5409 exordium
1513 5353 1935 5423 protrahamus,
2000 5368 2125 5407 cum

560 5443 804 5499 miriﬁcis
832 5458 1019 5499 eorum
1051 5445 1143 5514 qui
1177 5456 1303 5501 ante
1349 5461 1451 5501 nos
1479 5445 1738 5500 dixerunt
1783 5444 2125 5501 orationibus

558 5548 779 5604 operam
810 5534 1096 5594 dederitis;
1144 5533 1264 5591 Jam
1308 5537 1540 5593 saturati
1578 5536 1746 5602 estis,
1779 5536 1893 5606 jam
1928 5535 2126 5591 divites

561 5627 689 5683 tacti
718 5628 880 5695 estis;
913 5643 945 5682 a
971 5629 1136 5686 rebus
1164 5631 1366 5704 quippe
1395 5631 1651 5689 dulcibus
1690 5631 1915 5688 satietas
1943 5614 2123 5702 gigni-

634 5800 680 5834 ⁸⁸
745 5799 878 5856 Luc.
909 5815 984 5869 XI,
1017 5801 1071 5855 5.

2233 5256 2379 5328 κόρῳ
2399 5254 2582 5309 ὲπάνω
2603 5253 2711 5307 τῶν
2735 5253 2948 5325 χρυσῶν
2975 5253 3167 5323 λόγων,
3200 5249 3310 5307 οἷόν
3336 5271 3444 5308 τισι
3474 5254 3800 5325 μολυϐδίνοις

2236 5347 2527 5419 νομίσμασι
2558 5347 2658 5416 τὴν
2691 5348 2910 5417 μνήμην
2937 5344 3352 5417 ὲπιφορτίζοντα
3370 5361 3383 5375 ⁸
3406 5346 3546 5417 πλὴν
3570 5348 3651 5401 ὅτι
3681 5364 3798 5401 συν-

2235 5439 2379 5493 τελεῖ
2409 5437 2668 5502 πολλάκις
2703 5439 2782 5502 είς
2820 5437 3136 5508 συνέργειαν
3157 5436 3384 5501 κάλλους
3417 5437 3512 5491 καὶ
3553 5439 3586 5509 ἡ
3613 5437 3801 5510 χείρων

2238 5530 2337 5601 ὕλη
2367 5529 2763 5602 καταμιχθεῖσα
2800 5529 2865 5598 τῇ
2913 5526 3209 5599 κρείττονι,
3243 5527 3408 5596 ἐγγὺς
3449 5529 3483 5600 ἡ
3517 5526 3796 5591 ἀπόδειξις.

2248 5626 2411 5697 Ὁρᾷς
2451 5623 2541 5678 τὸν
2584 5621 2723 5693 ὑπὲρ
2764 5618 3005 5690 κεφαλῆς
3047 5615 3234 5672 τοῦτον
3270 5616 3496 5689 ὄροφον,
3524 5618 3602 5684 ὡς
3644 5615 3798 5677 καλὸς
