4072 6156
266 267 371 330 545

1469 272 1533 326 IN
1574 271 1762 328 SUAM
1819 272 2334 335 0RDINATIONEM

3426 279 3530 339 546

271 390 421 454 ίδεϊν,
444 386 520 452 ὡς
541 383 820 457 γλαφυρὸς
848 385 967 448 ταῖς
989 383 1218 453 γλυφαῖς
1250 383 1474 438 ἐπανθεῖ
1496 385 1556 438 τὸ
1584 385 1806 456 χρυσίον
1830 403 1847 453 ;

1957 397 2073 443 tur:
2109 392 2308 460 quibus
2342 391 2601 446 nimirum
2625 406 2723 451 vos
2745 394 2962 452 abunde
2986 397 3300 467 praecedens
3320 408 3527 459 tracta-

267 475 436 542 Οὗτος
468 479 697 550 χρύσεος
723 474 799 530 ὢν
823 476 942 540 ὃλος
970 475 1066 547 τὴν
1116 475 1455 545 ἐπιφάνειαν,
1485 475 1704 540 κύκλοις
1734 477 1845 531 τισί⁸

256 569 620 639 ’πολυγωνίοις
657 567 838 639 κυανῷ
887 566 1336 640 διακεχρισμένος
1381 566 1846 637 ύποκεχάρακται.

266 664 332 718 Τί
359 659 452 717 οὖν
482 659 726 732 βούλεται.
753 659 831 731 τῷ
855 659 1071 732 τεχνίτῃ
1101 662 1134 730 ἡ
1167 658 1392 726 κυανός;
1434 659 1522 722 Ὠς
1548 658 1634 722 ἂν,
1666 652 1849 729 οἶμαι,

267 753 345 828 τῷ
389 754 768 809 ὲναλλάσσοντι
815 752 915 816 τὰς
939 752 1109 824 χρόας
1140 750 1788 823 ἀντιπαραθεωρούμενος
1818 752 1849 804 6

268 846 465 917 χρυσὸς
494 846 656 898 πλέον
690 844 978 914 ἐκλάμποι.
1006 837 1070 897 Et
1101 839 1193 899 οὖν
1221 845 1253 915 ἡ
1285 844 1480 906 κυανὺς
1519 843 1850 914 ὲμμιχθεῖσα

268 938 344 1008 τῷ
372 936 557 1008 χρυσῴ
587 935 1081 1007 περικαλλεστέραν
1108 937 1207 1004 τὴν
1244 934 1419 1006 αὐγὴν
1448 934 1846 999 ἀποδείκνυσιν,

268 1031 364 1083 οὐκ
392 1030 620 1098 ἄκαιρον
663 1028 793 1090 ἴσως
825 1028 890 1097 τῇ
936 1025 1240 1096 λαμπηδόνι
1275 1023 1384 1078 τῶν
1427 1023 1849 1096 προρρηθέντων

267 1118 440 1186 λόγων
483 1118 577 1170 καὶ
635 1116 733 1186 τὴν
785 1114 1060 1185 ἡμετέραν
1107 1112 1539 1186 παραγραφῆναι
1589 1112 1845 1181 μελάνην.

271 1211 392 1264 Ἔτι
444 1210 571 1282 ύμῖν
622 1208 680 1261 ὲν
727 1205 1029 1278 προοιμίοις
1078 1204 1491 1277 ἀῶλεσχοῦμεν,
1528 1201 1643 1257 ἀλλ’
1685 1202 1848 1257 ἀκού-

270 1317 423 1355 σατε.

1954 484 2042 533 tus
2060 478 2343 534 enutrivit.
2368 481 2554 553 Itaque
2574 481 2687 553 jam
2714 485 2848 540 nihil
2874 486 3024 542 aliud
3048 488 3283 547 fortasse
3309 502 3522 565 agetur.

1952 583 2119 639 quam
2150 577 2211 624 ut
2245 571 2473 628 satietas
2491 573 2738 630 satietati
2770 576 3080 647 adjiciatur,
3115 596 3179 635 ac
3204 584 3370 638 veluti
3402 594 3528 655 post

1955 675 2150 716 aureos
2181 676 2463 720 sermones
2488 671 2812 722 memoriam
2855 680 3090 726 vestram
3119 675 3388 744 plumbeis
3422 693 3526 732 nu-

1951 752 2299 808 mismatibus
2355 769 2684 826 oneremus;
2744 759 2850 815 nisi
2887 760 3046 827 forte,
3081 766 3338 833 quoniam
3379 783 3525 838 saepe

1954 844 2203 898 nonnihil
2236 846 2301 899 ad
2346 848 2750 905 Conciliandam
2807 854 3267 923 pulchritudinem
3311 857 3527 914 confert

1954 936 2117 990 etiam
2149 938 2379 992 materia
2417 940 2654 997 deterior
2686 943 2916 1000 admista
2949 946 3198 1010 meliori,
3249 949 3407 1019 cujus
3442 951 3524 1006 rei

1955 1025 2353 1081 demonstratio
2405 1044 2512 1084 non
2565 1032 2723 1103 longe
2759 1036 2865 1103 peti
2927 1043 3124 1105 potest.
3175 1036 3336 1096 Vides
3382 1041 3526 1097 hanc

1952 1117 2506 1184 concamerationem,
2534 1137 2655 1190 qua:
2687 1123 2962 1192 capitibus
2992 1126 3199 1182 nostris
3233 1128 3524 1184 imminet?

1952 1216 2115 1271 quam
2164 1204 2391 1273 pulchra
2450 1207 2522 1262 sit
2550 1209 2835 1280 adspectu,
2889 1226 3052 1281 quam
3109 1213 3312 1269 allabre
3365 1216 3524 1273 factis

1953 1293 2247 1364 sculpturis
2279 1312 2473 1354 aurum
2495 1300 2961 1372 intersplendeat?
2988 1303 3113 1359 Haec
3139 1317 3264 1360 cum
3298 1314 3409 1361 tcta
3441 1309 3539 1363 vi-.

268 1394 466 1448 deatur
492 1406 678 1455 aurea,
730 1390 957 1446 circulis
987 1388 1315 1461 quibusdam
1345 1388 1642 1443 multorum
1673 1387 1996 1458 angulorum
2029 1392 2278 1447 caeruleis
2347 1394 2490 1463 picta
2554 1395 2927 1469 distinguitur.
3002 1399 3286 1466 Quodnam
3361 1402 3526 1472 igitur

270 1485 371 1539 fuit
421 1484 713 1540 consilium
766 1483 1018 1548 artificis,
1069 1483 1198 1539 dum
1251 1481 1544 1538 caeruleum
1601 1482 1841 1537 colorem
1882 1481 2118 1551 adjecit?
2142 1493 2200 1536 ut
2222 1483 2484 1552 efficeret,
2513 1489 2729 1559 opinor,
2774 1490 2904 1545 dum
2953 1493 3167 1547 colores
3217 1493 3522 1559 variantur,

269 1582 329 1629 ut
374 1589 567 1630 aurum
612 1573 769 1629 alteri
813 1574 1071 1630 collatum
1122 1573 1395 1628 illustrius
1433 1570 1733 1643 effulgeret.
1783 1569 1841 1625 Si
1880 1585 2016 1642 ergo
2040 1572 2195 1628 color
2216 1577 2484 1632 caeruleus
2537 1578 2811 1635 immistus
2841 1594 2976 1636 auro
3038 1581 3210 1636 efficit
3270 1591 3329 1637 ut
3356 1582 3527 1639 multo

266 1666 549 1738 pulchrior
573 1666 693 1736 ejus
719 1664 980 1737 splendor
1001 1663 1240 1730 emicet,
1282 1677 1392 1717 non
1439 1659 1873 1727 incommodum,
1907 1660 2126 1730 opinor,
2175 1660 2385 1729 fuerit,
2410 1664 2457 1719 si
2500 1664 2615 1735 jam
2664 1669 3140 1737 pronuntiatorum
3210 1687 3526 1730 sermonum

269 1762 467 1833 fulgori
524 1768 838 1817 nostrorum
898 1759 1051 1814 color
1116 1758 1207 1815 hic
1267 1757 1423 1829 niger
1487 1756 1844 1829 appingatur.
1883 1747 2079 1811 Adhuc
2117 1759 2401 1827 prooemiis
2439 1761 2642 1830 garruli
2695 1776 2794 1818 vos
2830 1762 3202 1832 ‘detinemus,
3266 1767 3364 1823 sed
3431 1782 3532 1823 au-

269 1853 402 1909 dite.

351 1940 561 1994 Ἀκούω
599 1938 840 1995 Μωῦσέα
871 1939 964 1994 τὸν
1000 1940 1172 2011 μέγαν
1197 1977 1212 2002 ,
1242 1938 1330 1992 ὅτε
1373 1936 1472 2008 τὴν
1507 1937 1710 2007 σκηνὴν
1740 1937 1852 1999 τοῖς

2024 1932 2277 2005 Magnum
2312 1932 2464 1988 illum
2506 1933 2746 2007 Moysem
2785 1936 2973 2005 audio,
3009 1953 3119 2009 quo
3163 1945 3408 2011 tempore
3440 1947 3529 1996 ta-

280 2032 642 2105 Ἷσραηλίταις
671 2031 964 2103 ἐπήγνυτο,
994 2031 1091 2083 καὶ
1129 2028 1221 2083 τὸν
1253 2026 1517 2098 Βεζελεὴλ
1543 2028 1772 2089 ἐκεῖνον,
1790 2023 1850 2088 ὃς

270 2124 554 2187 Πνεύματι
579 2120 710 2192 θείῳ
739 2122 838 2193 τὴν
866 2119 1060 2188 σοφίαν
1090 2118 1246 2190 ἔσχεν
1274 2119 1373 2190 τῆς
1403 2115 1851 2187 ἀρχιτεκτονικῆς

268 2212 668 2275 αὐτοδίδακτον,
699 2214 849 2283 κοινῇ
902 2210 1185 2282 προθεῖναι
1212 2210 1311 2281 τὴν
1340 2206 1650 2278 φιλοτιμίαν
1685 2204 1851 2259 πλου-

271 2306 409 2368 σίοις
435 2304 532 2358 καὶ
552 2303 771 2375 πένησι,
793 2303 901 2358 τῶν
925 2303 1022 2374 μὲν
1058 2300 1324 2356 πλουσίων
1347 2301 1566 2373 χρυσὸν,
1594 2299 1689 2354 καὶ
1716 2315 1852 2370 πορ-

268 2397 448 2470 φύραν
487 2396 735 2459 καὶτοὺς
783 2395 998 2466 τιμίους
1034 2396 1142 2449 τῶν
1179 2394 1342 2448 λίθων
1375 2392 1717 2461 ἐκλέγοντας,
1743 2389 1850 2443 τῶν

265 2487 327 2540 δὲ
385 2485 632 2557 πενήτων
667 2483 800 2550 ξύλα
850 2483 945 2539 καὶ
981 2483 1226 2556 δέρματα
1258 2484 1353 2537 καὶ
1390 2481 1488 2544 τὰς
1538 2482 1647 2535 τῶν
1678 2481 1850 2549 αίγῶν

264 2577 462 2650 τρίχας
508 2576 610 2629 ούκ
662 2574 1082 2639 ἀποϐάλλοντας.
1143 2573 1282 2627 Ἀλλ’
1329 2560 1429 2626 ούκ
1478 2575 1703 2643 ἄκαιρος
1750 2573 1853 2641 τῆς

270 2669 514 2741 ἱστορίας
543 2669 673 2731 ἴσως
699 2670 733 2738 ἡ
788 2668 975 2739 μνήμη
1001 2682 1015 2695 ’
1047 2664 1076 2719 ὃ
1096 2665 1204 2736 γάρ
1232 2681 1334 2736 μου
1373 2664 1474 2733 τὴν
1501 2662 1727 2733 καρδίαν
1750 2662 1851 2713 έπ-

269 2762 474 2834 έδραμε
513 2761 726 2831 νόημα,
754 2758 1011 2830 βούλομαι
1033 2756 1127 2811 καὶ
1164 2754 1241 2826 τῷ
1277 2752 1439 2826 κοινῷ
1487 2751 1849 2825 παραθέσθαι.

268 2853 553 2927 Πνεύματι
581 2851 710 2923 θείῳ
731 2853 759 2906 6
776 2845 1042 2921 Βεζελεὴλ
1082 2846 1243 2917 σοφὸς
1267 2845 1325 2913 ἐξ
1361 2842 1570 2899 ἰδιώτου
1600 2842 1815 2912 ἐγένετο
1833 2856 1852 2874 ο

268 2950 413 3006 οὕτω
438 2949 546 3021 γὰρ
574 2950 607 3020 ἠ
648 2947 856 3018 ίστορία
888 2945 1070 3015 φησίν.
1120 2940 1390 2995 Ἀκουέτω
1417 2939 1596 2994 τοίνυν
1632 2938 1662 2990 6
1688 2953 1852 2991 πνευ-
1906 2988 1911 2997 ,

273 3043 606 3117 ματομάχος·
634 3042 663 3093 6
691 3038 831 3092 θεῖον
870 3036 1040 3090 είπὼν
1070 3034 1131 3088 τὸ
1161 3032 1386 3105 Πνεῦμα
1415 3032 1477 3084 τὸ
1513 3031 1690 3100 ἅγιον,
1716 3021 1777 3082 οὗ
1814 3028 1849 3099 ἠ

269 3135 524 3196 ὲπίϐασις
546 3127 657 3186 οἷόν
683 3148 736 3184 τι
766 3129 911 3201 ἴχνος
930 3129 1031 3197 τὴν
1067 3127 1167 3196 τῆς
1195 3125 1388 3193 σοφίας
1421 3123 1578 3193 χάριν
1604 3121 1672 3191 τῇ
1706 3118 1850 3191 ψυχῇ

270 3224 695 3297 ἐνσημαίνεται,
735 3219 841 3293 ἆρα
885 3217 1205 3287 καθυϐρίζει
1238 3219 1305 3288 τῇ
1349 3213 1444 3297 τοῦ
1490 3212 1636 3266 θείου
1686 3226 1855 3281 προσ-

268 3295 473 3389 ηγορίᾳ
503 3314 598 3384 τὴν
641 3311 795 3379 ἀξίαν
844 3308 942 3364 τοῦ
994 3306 1314 3375 Πνεύματος
1344 3295 1533 3374 ;Ἀρα
1565 3303 1758 3374 μικρόν
1800 3318 1853 3354 τι

271 3408 372 3463 καὶ
398 3404 651 3460 ταπεινὸν
674 3404 801 3474 περὶ
828 3400 993 3456 αὑτοῦ
1022 3402 1163 3455 νοεῖν
1189 3395 1498 3452 ὑποτίθεται
1522 3412 1537 3463 ;
1568 3394 1634 3447 Τί
1665 3393 1771 3448 τῶν
1799 3394 1856 3446 ὲν

269 3501 341 3571 τῇ
382 3498 557 3551 κτίσει
596 3495 673 3567 τῷ
705 3488 929 3566 ὀνόματι
981 3490 1156 3563 τούτῳ
1200 3488 1550 3561 σημαίνεται;
1590 3485 1682 3557 Μὴ
1734 3485 1857 3538 ὲπί-

269 3607 472 3662 κτητον
525 3589 698 3643 οίεται
732 3586 811 3658 τῷ
867 3583 1151 3654 ,Πνεύματι
1189 3584 1287 3652 τὴν
1324 3580 1555 3652 θεότητα
1592 3597 1607 3646 ;
1640 3578 1732 3649 Μὴ
1780 3577 1857 3631 δι-

270 3682 446 3754 πλόην
466 3679 589 3734 τινὰ
610 3681 703 3734 καὶ
730 3677 978 3732 σύνθεσιν
1001 3693 1067 3727 πε
1075 3675 1129 3747 pi.
1151 3673 1211 3727 τὸ
1237 3672 1436 3726 ἁπλοῦν
1453 3669 1547 3724 καὶ
1567 3667 1857 3722 ἀσύνθετον

271 3775 479 3836 ἐννοεί;
505 3771 646 3842 τάχα
673 3772 773 3824 οὐκ
811 3768 925 3822 ἐστι
952 3770 1072 3833 ταῖς
1101 3762 1375 3826 τοιαύταις
1410 3760 1688 3823 ὑπονοίαις
1727 3774 1855 3811 συν-

267 3865 577 3936 ενεχθῆναι.
622 3862 761 3916 Ἀλλ’
795 3861 1047 3928 ὁμολογεῖ
1075 3857 1292 3920 πάντως
1321 3854 1463 3909 θεῖον
1498 3852 1559 3906 ὃν
1587 3851 1648 3905 τὸ
1676 3848 1853 3904 Πνεῦ-

272 3973 354 4029 μα
390 3957 459 4026 τῇ
507 3953 667 4025 φύσει
710 3951 950 4006 τοιοῦτόν
974 3967 1035 4004 τε
1066 3944 1206 4003 εἶναι
1258 3947 1353 4002 καὶ⁵
1380 3944 1658 4015 λέγεσθαι.
1692 3942 1858 4015 Ὁρᾷς

268 4046 348 4109 ὡς
376 4043 698 4115 αὐτομάτως
741 4038 1141 4095 ὲκκαλύπτεταί
1182 4054 1266 4090 σοι
1295 4038 1330 4109 ἠ
1359 4035 1620 4105 ἀλήθεια;
1655 4031 1858 4095 πολλὰς

268 4139 385 4211 γὰρ
417 4138 563 4202 θείας
596 4137 788 4207 φύσεις
825 4135 886 4189 τὺ
916 4134 1024 4189 τῶν
1069 4130 1412 4204 Χριστιανῶν
1436 4130 1535 4183 οὐκ
1573 4126 1858 4180 ἐπίσταται

274 4232 542 4301 κήρυγμα
586 4242 600 4256 ⁸
637 4226 761 4281 ἐπεὶ
807 4227 1022 4296 ἀνάγκη
1076 4224 1226 4277 πᾶσα
1280 4221 1375 4275 καὶ
1423 4217 1648 4281 πολλοὺς
1702 4215 1860 4278 θεοὺς

267 4319 730 4377 ἀναπλάττεσθαι.
754 4319 830 4373 Ού
862 4318 970 4391 γάρ
1011 4318 1126 4370 ἐστι
1155 4313 1378 4370 δυνατὸν
1410 4311 1636 4374 πολλοὺς
1664 4306 1861 4378 νοηθῆ-

269 4430 365 4468 ναι
387 4413 560 4476 θεοὺς,
593 4411 667 4483 μὴ
689 4410 788 4481 τῆς
814 4408 956 4464 κατὰ
980 4407 1140 4478 φύσιν
1162 4406 1479 4478 ἑτερότητος
1505 4400 1566 4455 τὸ
1590 4399 1698 4454 τῶν
1722 4398 1861 4453 θεῶν

268 4506 481 4577 πλῆθος
509 4503 950 4575 διαγγελλούσης.
978 4504 1041 4556 Εί
1067 4497 1159 4556 οὖν
1187 4501 1285 4573 μία
1314 4498 1466 4572 παρὰ
1501 4495 1719 4550 πάντων
1739 4492 1859 4546 θεία

1953 2025 2308 2081 bernaculum
2332 2025 2592 2084 lsraelitis
2614 2028 2876 2100 erigebat,
2906 2046 2971 2085 ac
2994 2031 3324 2088 Bezeleelem
3341 2035 3525 2101 “illum,

1950 2115 2044 2186 qui
2063 2115 2250 2170 divino
2267 2113 2473 2186 Spiritu
2496 2126 2707 2188 partam
2731 2119 3056 2188 sapientiam
3078 2122 3523 2180 architectonica

1952 2220 2063 2260 non
2097 2207 2165 2261 ab
2210 2208 2318 2263 alio
2367 2209 2593 2265 edoctus
2635 2211 2731 2265 sed
2779 2227 2810 2266 a
2854 2226 2914 2267 se
2948 2213 3203 2279 habebat,
3249 2216 3528 2272 communi

1952 2299 2185 2369 quadam
2217 2300 2565 2356 aemulatione
2592 2301 2791 2369 divites
2821 2303 2983 2358 simul
3011 2301 3074 2357 ac
3101 2318 3367 2376 pauperes
3401 2320 3528 2376 pro-

1951 2391 2134 2447 vocari
2174 2393 2433 2456 voluisse,
2490 2393 2620 2449 dum
2675 2395 2906 2450 divitum
2963 2397 3181 2467 quidem
3231 2414 3423 2453 aurum
3472 2408 3528 2456 et

1952 2497 2274 2553 purpuram,
2315 2485 2631 2555 lapidesque
2669 2488 2939 2556 pretiosos
2970 2490 3281 2560 seligerent,
3327 2507 3529 2562 egeno-

1954 2587 2075 2626 rum
2104 2588 2234 2627 vero
2268 2573 2409 2644 ligna
2464 2576 2742 2647 pellesque
2793 2592 2858 2632 ac
2906 2579 3047 2649 pilos
3079 2595 3367 2650 caprarum
3418 2598 3530 2638 non

1954 2664 2265 2731 rejicerent.
2311 2663 2603 2720 Enimvero
2644 2667 2789 2722 haud
2821 2668 3129 2741 importuna
3175 2671 3338 2727 fuerit
3367 2681 3462 2728 aut
3495 2688 3527 2729 τι

1954 2753 2235 2822 proposito
2279 2753 2457 2808 aliena
2498 2753 2746 2812 fortassis
2792 2757 3035 2814 historia;
3082 2759 3243 2830 hujus
3283 2776 3527 2819 comme~

1955 2843 2223 2897 moratio:
2254 2843 2385 2898 libet
2411 2844 2554 2899 enim
2587 2847 2732 2916 quod
2762 2849 2892 2902 mibi
2928 2849 2982 2903 in
3014 2858 3248 2905 mentem
3270 2853 3440 2918 venit,
3468 2853 3528 2909 in

1954 2935 2193 2990 medium
2237 2930 2500 3006 proferre.
2556 2938 2765 3008 Spiritu
2809 2940 2994 2996 divino
3028 2941 3266 2999 Bezeleel
3312 2959 3377 2999 ex
3424 2945 3531 2999 im-

1955 3027 2130 3095 perito
2147 3028 2362 3096 sapiens
2383 3036 2466 3084 est
2486 3027 2696 3085 factus:
2731 3031 2806 3084 ita
2828 3032 2971 3086 enim
2995 3042 3183 3088 narrat
3207 3035 3525 3094 historia'“.

1957 3118 2155 3173 Audiat
2180 3134 2310 3189 ergo
2348 3121 2439 3191 qui
2481 3119 2712 3191 Spiritui
2754 3131 2948 3179 sancto
2982 3125 3180 3179 bellum
3214 3125 3445 3197 indixit;
3480 3130 3528 3186 is

1955 3211 2049 3281 qui
2079 3210 2338 3281 Spiritum
2373 3220 2621 3267 sanctum
2655 3214 2792 3269 dixit
2823 3216 3091 3281 divinum,
3124 3218 3282 3289 cujus
3315 3221 3528 3292 ingres-

1958 3319 2054 3359 sus
2082 3311 2136 3358 et
2166 3304 2323 3375 quasi
2366 3306 2652 3377 vestigium
2686 3310 2965 3378 sapientiae
2994 3312 3224 3381 gratiam
3256 3314 3310 3367 in
3346 3316 3531 3371 anima

1960 3396 2227 3467 designat,
2286 3414 2416 3452 num
2473 3397 2711 3468 Spiritus
2757 3400 3074 3471 dignitatem
3124 3420 3223 3460 seu
3273 3405 3528 3463 deitatem

1957 3486 2504 3558 divi'niappellatione
2529 3491 2806 3545 traducit?
2829 3507 2961 3545 num
2990 3494 3204 3559 suadet,
3239 3503 3297 3549 ut
3323 3497 3529 3567 aliquid

1957 3580 2211 3649 exiguum
2258 3586 2352 3632 aut
2393 3580 2598 3634 humile
2636 3581 2703 3635 de
2753 3581 2873 3650 ipso
2911 3583 3324 3652 concipiamus?
3365 3586 3528 3652 Quid,

1959 3684 2163 3740 quaso,
2219 3686 2284 3724 ex
2341 3670 2505 3726 rebus
2557 3672 2759 3727 creatis
2816 3673 2920 3727 hoc
2969 3674 3191 3730 nomine
3233 3676 3531 3747 significari

1959 3759 2133 3817 solet?
2192 3776 2323 3815 num
2380 3761 2704 3831 acquisitam
2761 3770 2813 3818 et
2870 3764 3162 3820 ascititiam
3218 3782 3339 3823 esse
3376 3776 3532 3839 putat

1962 3851 2187 3924 Spiritui
2214 3852 2589 3909 divinitatem?
2614 3870 2743 3908 num
2773 3855 3146 3926 duplicitatem
3173 3858 3409 3930 aliquam
3439 3868 3532 3915 aut

1960 3944 2404 4015 compositionem
2454 3945 2690 4016 simplici
2736 3955 2790 4002 et
2837 3946 3202 4017 incomposito
3248 3951 3533 4007 attribuit?

1959 4034 2213 4092 Fortasse
2244 4052 2352 4091 non
2388 4036 2512 4092 licet
2544 4037 2814 4108 ejusmodi
2857 4038 3206 4109 opinionibus
3237 4041 3392 4098 [idem
3434 4044 3532 4098 ad-

1959 4128 2171 4183 hibere.
2202 4128 2364 4199 Atqui
2405 4128 2563 4198 plane
2615 4128 2908 4184 confitetur
2939 4130 3221 4200 Spiritum,
3263 4134 3357 4202 qui
3392 4134 3533 4190 divi-

1958 4234 2066 4275 nus
2093 4227 2197 4283 est,
2247 4227 2443 4273 natura
2490 4219 2653 4273 talem
2686 4219 2792 4273 dici
2827 4234 2891 4275 ac
2924 4220 3233 4292 praedicari.
3266 4223 3433 4280 Vides
3471 4234 3532 4281 ut

1959 4309 2057 4365 tibi
2101 4308 2307 4364 veritas
2356 4308 2505 4363 ultro
2537 4308 2844 4363 reveletur?
2897 4310 3081 4380 plures
3130 4312 3275 4366 enim
3312 4312 3531 4369 divinas

1960 4409 2185 4456 naturas
2227 4397 2543 4455 Christiana
2590 4400 2768 4455 nescit
2805 4400 3025 4472 religio,
3088 4401 3530 4473 quandoquidem

1960 4492 2036 4546 ita
2064 4491 2290 4547 omnino
2317 4506 2546 4547 necesse
2580 4500 2730 4548 esset
2763 4494 2948 4564 plures
2984 4510 3200 4564 quoque
3245 4495 3377 4549 deos
3406 4510 3534 4550 con-

268 4599 437 4669 φύσις
462 4593 601 4652 εἶναι
631 4596 964 4660 πιστεύεται,
990 4595 1128 4649 θεῖον
1165 4593 1223 4646 δὲ
1249 4595 1317 4664 τῇ
1349 4590 1508 4660 φύσει
1541 4588 1601 4642 τὸ
1635 4583 1855 4655 Πνεῦμα

1966 4582 2188 4654 fingere.
2215 4582 2333 4637 Non
2367 4583 2514 4639 enim
2547 4582 2664 4638 fieri
2704 4594 2903 4655 potest,
2938 4595 2999 4641 ut
3033 4588 3237 4643 multos
3263 4588 3533 4659 intelliga-

266 4689 335 4743 τὸ
376 4689 531 4759 ἆγιον
555 4706 569 4719 ·
597 4689 648 4742 τί
688 4687 995 4759 διατέμνεις
1027 4685 1106 4756 τῷ
1135 4684 1281 4756 λόγῳ
1315 4683 1377 4737 τὸ
1416 4678 1759 4751 συνημμένον
1790 4680 1858 4750 τῇ

269 4782 474 4850 φύσεις
519 4778 681 4833 Ἀλλά
727 4779 810 4842 τίς
852 4795 942 4850 μοι
970 4775 1130 4830 δώσει
1169 4775 1268 4847 τὴν
1308 4774 1534 4843 δύναμιν
1576 4769 1671 4824 τοῦ
1698 4769 1857 4838 λόγου

269 4872 509 4934 ἐκείνου,
546 4865 608 4925 οὗ
660 4872 719 4924 τὸ
752 4869 902 4932 τέλος
956 4867 1198 4940 σωτηρία
1246 4865 1352 4921 τῶν
1402 4863 1710 4919 ἀκουόντων
1741 4857 1855 4932 ἦν;

268 4964 423 5018 Μίαν
456 4964 735 5035 προήκατο
758 4960 943 5032 φωνὴν
978 4960 1428 5033 Ἱεροσολυμίταις
1447 4959 1474 5010 6
1502 4957 1727 5028 Πέτρος,
1765 4955 1858 5009 καὶ

267 5054 535 5109 τοσαῦται
576 5053 812 5124 χιλιάδες
839 5050 1142 5124 ἀνθρώπιον
1186 5054 1253 5122 τῇ
1291 5049 1547 5121 περιϐολῇ
1583 5047 1855 5115 τοῦλόγου

271 5148 383 5203 ὑπὸ
407 5147 504 5201 τοῦ
530 5147 723 5211 ἁλιέως
756 5143 1221 5216 ὲσαγηνεύθησαν.
1247 5142 1503 5197 Τοσοῦτοι
1528 5143 1584 5195 δὲ
1625 5142 1719 5196 καὶ
1748 5158 1859 5194 τοι-

271 5241 426 5297 οῦτοι
478 5239 627 5310 παρά
659 5238 766 5292 τῶν
820 5235 1153 5291 διδασκάλων
1201 5238 1257 5288 ὲν
1292 5236 1423 5307 ἡμῖν
1459 5233 1755 5307 τρίϐονται,
1779 5231 1861 5296 τίς

271 5332 469 5402 γέγονε
494 5330 601 5385 τῶν
633 5329 953 5400 σωζομένων
994 5325 1277 5407 προσθήκη
1309 5343 1323 5394 ;
1359 5325 1429 5379 Τὸ
1457 5323 1739 5380 ἐκλεῖπον
1767 5323 1866 5377 ἐκ-

271 5423 493 5487 λείπει,
530 5420 663 5492 φησί
710 5436 793 5484 τις
849 5417 957 5473 τῶν
1002 5415 1296 5489 προφητῶν
1328 5458 1341 5482 ,
1368 5415 1433 5469 τὸ
1473 5411 1866 5482 ἀποθνῆσκον

274 5512 652 5581 ἀποθνήσκει
681 5529 695 5542 ·
723 5511 784 5564 τὸ
813 5508 1225 5581 πεπλανημένον
1250 5506 1349 5561 οὐκ
1376 5506 1695 5578 ἐπιστρέφει
1721 5520 1735 5536 ·
1769 5502 1860 5557 λέ-

274 5604 433 5660 λυται
461 5605 561 5673 τῆς
587 5602 806 5674 ἀγάπης
825 5605 854 5657 6
887 5601 1182 5673 σύνδεσμος
1200 5617 1214 5631 ⁸
1232 5600 1511 5672 ἥρπασται
1528 5596 1636 5652 τῶν
1660 5596 1861 5667 θησαυ-

353 5738 428 5772 w
471 5736 647 5794 Exod.
675 5753 825 5802 uxr,
862 5735 897 5790 2
936 5752 1062 5807 sqq.
1146 5759 1191 5797 II
1228 5758 1344 5812 Act.
1385 5769 1445 5818 ιι,
1477 5754 1561 5810 Η.

1965 4690 2087 4728 mus
2114 4674 2266 4739 deos,
2306 4675 2412 4731 nisi
2442 4675 2555 4729 haec
2583 4675 2808 4730 deorum
2843 4677 3133 4731 multitudo
3169 4695 3262 4748 per
3296 4678 3531 4735 diversi-

1963 4776 2129 4822 tatem
2158 4769 2456 4824 secundum
2498 4776 2750 4822 naturam
2789 4769 3123 4825 enuntietur.
3164 4768 3219 4826 Si
3258 4774 3387 4843 ergo
3423 4787 3529 4826 una

1963 4858 2031 4913 ab
2061 4859 2317 4914 omnibus
2353 4866 2550 4913 natura
2587 4859 2771 4913 divina
2817 4874 2941 4915 esse
2977 4860 3240 4928 creditur,
3289 4860 3528 4932 Spiritus

1961 4965 2127 5019 porro
2154 4959 2379 5005 sanctus
2406 4958 2602 5004 natura
2641 4948 2881 5016 divinus,
2935 4952 3065 5021 quid
3109 4953 3358 5007 oratione
3387 4953 3529 5007 divi—

1963 5041 2050 5096 dis
2078 5040 2224 5111 quod
2246 5050 2439 5094 natura
2469 5039 2822 5109 conjunctum
2849 5041 2967 5096 est?
2994 5039 3192 5095 Verum
3223 5042 3346 5111 quis
3378 5043 3527 5097 illam

1967 5132 2098 5186 mihi
2130 5130 2398 5186 sermonis
2426 5130 2681 5185 virtutem
2717 5131 2999 5198 concedet,
3037 5132 3194 5201 cujus
3229 5132 3350 5187 ﬁnis
3380 5134 3533 5188 salus

1969 5223 2176 5280 exstitit
2203 5222 2560 5277 auditorum?
2597 5221 2766 5277 Unam
2803 5224 2986 5277 emisit
3020 5222 3534 5297 Hierosolymitanis

1976 5330 2155 5372 vocem
2192 5315 2408 5376 Petrus,
2438 5321 2492 5367 et
2523 5320 2602 5366 tot
2631 5312 2922 5367 hominum
2947 5315 3112 5368 millia
3144 5316 3288 5369 nuda
3321 5331 3532 5372 sermo-

1968 5409 2052 5464 nis
2075 5423 2271 5479 sagena
2295 5406 2476 5461 abillo
2508 5405 2778 5476 piscatore
2799 5416 2926 5460 sunt
2948 5414 3107 5476 capta
3124 5407 3191 5461 δι.
3218 5407 3350 5461 Tam
3378 5409 3531 5463 multi

1965 5514 2094 5553 vero
2144 5499 2390 5569 tantique
2439 5513 2471 5553 a
2504 5496 2822 5552 doctoribus
2873 5496 2928 5551 in
2982 5511 3082 5550 nos
3140 5497 3531 5569 impenduntur

1964 5604 2420 5663 sermoneszquae
2447 5605 2578 5648 vero
2622 5605 2688 5647 ex
2733 5588 2801 5645 iis
2833 5590 2924 5661 qui
2960 5588 3242 5646 salvantur
3272 5590 3413 5647 facta
3452 5599 3535 5648 est
