4072 6156
370 281 472 338 5.49

1608 279 1672 332 IN
1705 278 1890 334 SUA-M
1916 281 2449 342 ORDINATIONEM.

3514 296 3616 349 ιῑιςο

371 392 791 457 ἀντιποιοῦνται,
837 394 931 448 καὶ
971 397 1068 466 τῆς
1105 395 1240 465 πρὸς
1271 396 1416 466 ἡμᾶς
1451 396 1763 464 συγγενείας
1788 398 1932 451 ἀλλο-

2046 401 2295 460 hostibus
2344 407 2548 463 nostris
2597 423 2654 464 se
2697 418 2999 481 opponunt,
3037 419 3091 466 et
3121 412 3303 471 hostili
3331 416 3514 472 animo
3555 419 3611 472 in

370 483 643 554 τριοῦνται
665 501 678 513 ⁸
711 485 823 547 τοῖς
852 485 1062 558 ἐχθροῖς
1099 485 1255 556 ἡμῶν
1283 485 1778 550 ἀντικαθίστανται,
1806 488 1942 558 πρὸς

367 584 419 636 δὲ
458 575 599 645 ἡμᾶς
627 575 906 645 δυσμενῶς
937 576 1171 646 ἔχουσινο
1205 575 1398 646 ὥσπερ
1423 593 1474 628 τι
1511 577 1760 648 μεθόριον
1787 577 1942 648 ἡμῶν

368 686 422 720 τε
462 669 555 720 καὶ
597 667 706 719 τῶν
756 667 1027 735 πολεμίων
1051 668 1348 738 γενόμενοι,
1392 669 1487 722 καὶ
1526 669 1810 739 ἀμφότερά
1838 671 1944 722 εἱσι

367 760 459 812 καὶ
489 757 768 828 οὐδέτερον
786 774 800 790 ο
839 757 962 811 οὔτε
990 759 1082 812 τὸν
1117 760 1275 830 ὀρθὸν
1298 759 1453 826 λόγον
1480 758 1818 828 ὁμολογοῦσι,
1848 759 1944 813 καὶ

366 853 632 921 αίρετικοὶ
677 850 1032 919 ὀνομάζεσθαι
1082 851 1421 914 ἀπαξιοῦσιν.
1479 852 1543 902 Ὢ
1571 848 1760 904 καινοῦ
1799 851 1943 920 πρά·-

367 957 574 1010 γματος
593 957 607 972 ·
656 941 747 993 καὶ
778 941 913 1010 πρὸς
939 939 1036 1011 τὴν
1072 940 1330 1010 ἀλήθειαν
1364 941 1456 994 καὶ
1489 941 1625 1011 πρὸς
1655 941 1715 993 τὸ
1742 941 1938 1010 ψεῦδος

368 1033 564 1101 ἐπίσης
608 1032 1068 1102 ἐκπεπολέμηται,
1097 1028 1207 1084 οἷόν
1247 1049 1300 1084 τι
1325 1033 1541 1102 δένδρον
1566 1032 1810 1103 ἄρριζον,
1838 1025 1940 1116 ὧδὶε

365 1128 464 1180 καὶ
494 1122 592 1180 ὧδε
625 1127 760 1197 πρὸς
785 1127 883 1190 τὰς
913 1126 1157 1189 ἐναντίας
1199 1126 1375 1197 ὁρμὰς
1407 1126 1641 1188 εὐκόλως
1685 1126 1943 1195 μετακλι-

367 1221 602 1289 νόμενοι.
675 1219 920 1270 ’Ἤκουσα
988 1216 1082 1269 τοῦ
1152 1216 1537 1285 εὐαγγελιστοῦ
1595 1217 1836 1269 Ἰωάννου
1883 1219 1940 1270 ἐν

368 1310 710 1382 ἁποκρύφοις
756 1309 889 1380 πρὸς
923 1309 1048 1372 τοὺς
1093 1309 1366 1371 τοιούτους
1396 1308 1463 1360 δι’
1497 1307 1812 1377 αἰνίγματος
1854 1306 1941 1358 λέ-

367 1420 555 1471 γοντος
573 1420 586 1434 ο
614 1401 689 1464 ὡς
717 1400 834 1453 δέον
864 1400 1110 1472 ἀκριϐῶς
1139 1399 1281 1464 ζέειν
1312 1400 1410 1470 μὲν
1445 1398 1659 1460 πάντως
1684 1397 1762 1466 τῷ
1794 1396 1956 1449 πνεύ-

371 1512 522 1564 ματι,
573 1489 904 1560 κατεψῦχθαι
950 1489 1007 1542 δὲ
1053 1493 1118 1560 τῇ
1179 1490 1422 1560 ἁμαρτίᾳ
1451 1505 1465 1518 ο
1519 1490 1779 1556 Ὄφελον
1830 1487 1939 1557 γὰρ

365 1582 546 1654 ἦσθα,
590 1582 742 1653 φησι,
786 1579 1042 1650 ψυχρὸς,
1087 1579 1140 1648 ἢ.
1173 1579 1412 1646 ζεστός·
1459 1579 1520 1632 τὸ
1551 1580 1606 1632 δὲ
1643 1579 1937 1649 μηθέτερον

365 1675 592 1737 τούτων,
625 1672 947 1744 ἀμφοτέρων
979 1671 1035 1724 δέ
1077 1671 1450 1741 ἐφαπτόμενον
1484 1669 1771 1732 ναυτιῶδές
1799 1671 1933 1732 ἐστι,

2044 507 2145 547 nos
2192 493 2366 549 allecti
2407 505 2572 551 sunt:
2606 507 2859 568 tanquam
2898 502 3189 556 conﬁnium
3228 504 3369 558 inter
3416 520 3516 560 nos
3559 519 3613 561 et

2045 581 2230 637 hostes
2273 584 2424 652 facti,
2472 595 2526 641 et
2575 598 2801 659 utraque
2847 602 2974 648 sunt
3025 603 3078 647 et
3115 603 3400 662 neutrum;
3437 611 3612 666 neque

2040 681 2248 728 rectum
2286 692 2590 733 sermonem
2617 681 2963 748 conﬁtentur,
2987 691 3041 737 et
3084 684 3322 739 haeretici
3353 687 3609 756 appellari

2042 774 2316 822 recusant.
2371 773 2412 820 υ
2459 786 2571 824 rem
2615 772 2944 826 inauditam!
2996 783 3050 828 et
3095 775 3310 831 veritati
3354 777 3516 832 simul
3555 785 3610 832 et

2043 855 2324 911 mendacio
2353 859 2554 927 pariter
2583 859 3138 930 bellmn‘indixerunt,
3163 875 3413 936 tanquam
3445 867 3609 923 arbor

2043 950 2302 1018 quaepiam
2328 951 2604 1007 radicibus
2624 967 2818 1006 carens
2848 951 2952 1007 huc
2981 963 3034 1008 et
3057 955 3185 1009 illuc
3207 956 3307 1011 levi
3335 966 3609 1013 momento

2040 1042 2329 1096 contrariis
2363 1042 2682 1112 impulsibus
2726 1044 2990 1099 inclinati.
3037 1044 3298 1102 Joannem
3325 1048 3609 1121 Evangeli~

2041 1140 2179 1185 stam
2211 1134 2392 1187 audivi
2443 1135 2758 1204 hujusmodi
2802 1137 3050 1193 homines
3093 1139 3431 1206 anigmatica
3483 1155 3605 1194 ora-

2040 1222 2185 1276 tione
2233 1222 2286 1276 in
2331 1225 2656 1295 apocryphis
2716 1225 3072 1294 alloquentem
3112 1245 3126 1280 :
3165 1242 3285 1280 cum
3334 1236 3607 1296 oporteret

2039 1323 2226 1368 exacte
2273 1313 2476 1370 fervere
2513 1316 2728 1385 quidem
2778 1319 3000 1371 omnino
3038 1317 3253 1386 spiritu,
3286 1316 3479 1386 frigere
3506 1334 3604 1372 au-

2040 1410 2146 1456 tem
2176 1413 2415 1471 peccato.
2452 1405 2665 1459 Utinam
2688 1407 2825 1459 enim
2847 1424 3006 1474 esses,
3037 1407 3230 1477 inquit,
3256 1406 3483 1476 frigidus
3513 1419 3604 1462 aut

2039 1491 2240 1546 calidus
2294 1494 2367 1546 "1
2416 1497 2558 1563 quod
2615 1512 2741 1551 vero
2791 1505 3042 1552 neutrum
3097 1506 3181 1553 est
3259 1498 3474 1565 horum,
3511 1499 3603 1555 sed

2041 1591 2326 1652 utrumque
2355 1586 2586 1654 attingit,
2620 1602 2878 1641 nauseam
2919 1588 3138 1652 excitat,
3164 1597 3217 1643 et
3246 1589 3312 1642 ad
3346 1589 3603 1643 vomitum

2039 1681 2122 1726 cst
2153 1673 2423 1726 idoneum.
2459 1673 2599 1738 Quid
2643 1676 2804 1744 igitur
2842 1691 3020 1730 causae
3051 1687 3155 1742 est,
3193 1692 3292 1730 cur
3322 1677 3450 1731 olim
3479 1677 3604 1746 qui-

366 1768 464 1821 καλ⁸
497 1766 632 1836 πρὸς
660 1765 851 1835 ἔμετον
880 1763 1199 1833 ἐπιτήδειον.
1238 1762 1301 1814 Τί
1331 1758 1421 1814 οῦν
1449 1762 1511 1814 τὸ
1546 1761 1734 1824 αἴτιον,
1770 1760 1932 1812 πάλαι

2037 1763 2158 1817 dem
2184 1765 2518 1833 temporibus
2541 1742 2929 1835 discipulorum
2957 1767 3025 1820 ad
3054 1767 3348 1823 Ecelesiam
3374 1742 3604 1838 plurima

371 1860 470 1929 μέν
499 1859 590 1910 ἐπὶ
625 1857 731 1910 τῶν
768 1855 1021 1925 μαθητῶν
1064 1853 1151 1907 διὰ
1190 1853 1285 1906 τοῦ
1331 1852 1536 1924 Κυρίου
1569 1851 1700 1904 πολὺ
1737 1849 1937 1919 πλῆθος

367 1953 434 2020 τῇ
481 1947 777 2018 Ἐκκλησία
814 1943 1215 2016 προσάγεσθαι,
1265 1943 1380 1996 νυνὶ
1424 1943 1480 1995 δέ
1523 1942 1646 2004 τοὺς
1691 1941 1931 2011 μακροὺς

369 2041 462 2095 καὶ
488 2037 830 2108 περικαλλεῖς
862 2035 969 2088 τῶν
994 2034 1326 2088 διδασκάλων
1355 2033 1543 2102 λόγους
1571 2033 1935 2103 παρατρέχειν

367 2131 680 2201 ἀπράκτους
699 2143 713 2193 ;

447 2224 594 2293 Ἐρεῖ
625 2239 706 2284 τις
735 2221 884 2283 ἴσως,
912 2219 991 2273 δτι
1019 2220 1138 2272 τότε
1174 2219 1432 2290 συνήργει
1467 2220 1578 2281 τοῖς
1619 2216 1934 2279 ἀποστόλοις

363 2312 432 2366 τὰ
464 2313 528 2365 ἐκ
551 2311 660 2364 τῶν
692 2309 865 2380 ἔργων
894 2308 1166 2379 θαύματα,
1218 2310 1310 2362 καὶ
1357 2309 1417 2361 τὸ
1453 2307 1760 2372 ἀξιόπιστον
1791 2309 1820 2360 ὁ
1851 2306 1936 2358 λό-

363 2421 459 2471 γος
486 2402 577 2455 διὰ
603 2400 709 2454 τῶν
739 2399 1091 2470 χαρισμάτων
1137 2394 1270 2468 εἶχε.
1315 2386 1462 2468 Φημὶ
1509 2395 1662 2466 κάγὼ
1695 2396 1934 2467 μεγάλην

360 2497 504 2553 εἶναι
531 2495 665 2565 πρὸς
690 2492 750 2544 τὸ
777 2490 979 2544 πείθειν
1003 2489 1174 2561 ῥοπὴν
1195 2491 1293 2559 τὴν
1323 2491 1387 2543 ἐκ
1406 2489 1512 2543 τῶν
1540 2489 1714 2560 ἔργων
1744 2489 1894 2560 ἰσχύν
1916 2505 1930 2520 ⁸

361 2587 481 2640 νυνὶ
509 2585 567 2638 δὲ
610 2585 663 2637 τί
691 2583 796 2654 χρὴ
836 2583 905 2634 τὰ
937 2581 1194 2650 γινόμενα
1223 2579 1500 2650 ἡγεῖσθαι;
1541 2581 1652 2632 Kal.
1684 2581 1787 2649 οὐχ
1802 2581 1934 2650 ὁρᾷς

361 2679 432 2733 τά
457 2679 616 2748 ὅμοια
642 2676 740 2744 τῆς
769 2673 1002 2735 πίστεως
1037 2670 1287 2741 θαύματα
1311 2688 1325 2736 ;
1359 2669 1673 2740 Οίκειοῦμαι
1696 2671 1802 2740 γὰρ
1827 2670 1934 2723 τῶν

364 2765 668 2838 ὁμοδούλων
701 2763 856 2835 ἡμῶν
895 2761 965 2816 τὰ
1005 2759 1433 2832 κατορθώματα,
1477 2760 1554 2830 τῷ
1586 2759 1730 2830 αύτῷ
1769 2759 1932 2812 πνεύ-

364 2876 495 2930 ματι
523 2855 860 2926 στοιχοῦντες
897 2855 954 2907 ἐν
979 2856 1045 2923 τῇ
1072 2853 1298 2922 δυνάμει
1330 2852 1436 2906 τῶν
1459 2850 1682 2927 βάσεων.
1713 2852 1934 2921 Μαρτυο

362 2949 516 3021 ροῦσι
558 2949 625 3018 τῇ
670 2946 895 3016 ἀληθείᾳ
935 2943 1029 2997 τοῦ
1081 2943 1236 3011 λόγου
1283 2942 1472 3012 ἄνδρες
1521 2942 1579 3007 ἐξ
1636 2938 1933 3011 ὑπερορίας

360 3043 602 3122 ἥκοντες,
636 3039 848 3092 πολῖται
873 3035 966 3089 τοῦ
995 3036 1196 3107 πατρὸς
1220 3036 1374 3106 ἡμῶν
1407 3032 1742 3128 Ἀδραάμ,ἐξ
1761 3033 1931 3128 Mqu-
1957 3069 1998 3128 ο

358 3119 637 3202 ποταμίας
671 3127 1020 3200 ὡρμημένοι,
1067 3125 1372 3192 ἐξελθόντες
1413 3126 1506 3179 καὶ
1550 3119 1694 3178 οὗτοι
1727 3125 1792 3176 ἐκ
1832 3123 1929 3192 τῆς

357 3223 462 3292 γῆς
489 3223 584 3275 καὶ
632 3223 695 3274 ἐκ
721 3220 819 3290 τῆς
862 3216 1178 3286 συγγενείας
1225 3215 1402 3269 αὐτῶν
1453 3216 1545 3268 καὶ
1591 3211 1686 3266 τοῦ
1726 3213 1928 3282 κόσμου

356 3315 581 3380 παντὸς,
625 3314 759 3385 πρὸς
796 3312 1022 3384 οὐρανὸν
1054 3309 1360 3380 βλέποντες,
1409 3305 1771 3377 ἐκδημοῦντες
1807 3304 1930 3376 τρό-

356 3424 459 3460 πον
492 3405 612 3458 τινά
642 3405 740 3473 τῆς
770 3402 1132 3474 ἀνθρωπίνης,
1166 3399 1278 3453 ἀνω
1317 3398 1425 3452 τῶν
1456 3398 1554 3467 τῆς
1581 3396 1794 3464 φύσεως
1826 3413 1929 3448 πα-

359 3497 622 3568 θημάτων
652 3495 950 3565 ἱστάμενοι,
979 3490 1228 3545 τοσοῦτον
1255 3491 1617 3560 ἐφαπτόμενοι
1647 3489 1746 3558 τῆς
1781 3487 1927 3557 ζωῆς

352 3589 560 3658 ταύτης
607 3587 728 3640 ὅσον
776 3585 1105 3652 ἐπάναγκες,
1153 3580 1231 3650 τῷ
1279 3581 1335 3634 δὲ
1369 3579 1568 3633 πλείονι
1616 3579 1767 3650 μέρει
1807 3580 1928 3641 ταῖς

355 3679 667 3750 ἀσωμάτοις
697 3673 1282 3746 συμμετεωροποροῦσι
1313 3672 1591 3742 δυνάμεσι,
1625 3670 1846 3741 γηραιοὶ
1865 3669 1927 3721 τὸ

353 3767 516 3835 εἶδος,
545 3770 734 3841 σεμνοὶ
779 3768 913 3840 πρὸς
964 3767 1129 3830 ἰδέαν,
1178 3765 1337 3834 πολιᾷ
1387 3763 1709 3828 στίλϐοντες,
1746 3762 1922 3831 σιωπῇ

355 3861 852 3934 κατησφαλισμένοι
882 3858 950 3911 τὰ
999 3857 1260 3928 στόματα,
1301 3856 1622 3926 λογομαχεῖν
1661 3853 1760 3906 οὐκ
1792 3851 1927 3905 εἰδό-

357 3972 467 4019 τες,
503 3953 750 4022 συζητεῖν
797 3950 858 4003 οὐ
909 3947 1170 4020 μαθόντες
1201 3964 1214 3978 ·
1265 3945 1532 4017 τοσαύτην
1565 3945 1744 4016 ἔχουσι
1785 3942 1926 3996 κατά

357 4047 463 4100 τῶν
492 4043 818 4115 πνευμάτων
858 4041 956 4112 τὴν
989 4039 1255 4104 ἐξουσίαν,
1287 4039 1362 4101 ὡς
1390 4036 1642 4106 θαύματα
1679 4036 1823 4105 μόνῳ
1847 4033 1925 4103 τῷ

352 4136 601 4193 δοκοῦντι
627 4130 1076 4205 κατεργάζεσθαι,
1121 4131 1214 4184 καὶ
1236 4129 1536 4198 ὑποχωρεῖν
1557 4125 1624 4178 τὰ
1653 4125 1921 4194 δαιμόνια,

352 4228 416 4280 οὐ
457 4222 829 4293 συλλογισμῶν
861 4221 1097 4290 τέχναις,
1142 4217 1256 4272 ἀλλ’
1296 4215 1513 4285 ἐξουσίᾳ
1540 4214 1640 4282 τῆς
1667 4213 1921 4282 πίστεως,

354 4317 455 4372 οὐκ
500 4316 579 4378 είς
615 4312 851 4384 ἀπορίαν
882 4310 1219 4378 ἀντιφάσεως
1253 4305 1622 4377 περιαγόμενα
1645 4343 1659 4365 ,
1697 4301 1809 4356 ἀλλ’
1845 4303 1924 4364 είς

2037 1853 2326 1908 multitudo
2372 1868 2405 1907 a
2455 1853 2684 1910 Domino
2707 1862 3111 1926 aggregaretur,
3137 1856 3246 1926 iam
3275 1871 3403 1911 vero
3431 1857 3607 1927 longas

2035 1952 2088 1997 et
2139 1953 2345 1999 ornata:
2396 1944 2676 1999 doctorum
2741 1946 3030 2002 conciones
3078 1947 3195 2002 sine
3243 1947 3353 2003 ullo
3410 1947 3607 2004 effectu

2036 2034 2451 2104 praetervolent?

2105 2222 2361 2278 Fortasse
2416 2223 2558 2278 dicet
2604 2222 2906 2294 quispiam,
2957 2224 3103 2296 quod
3162 2235 3274 2280 tum
3328 2225 3604 2296 apostolos

2034 2312 2295 2366 miracula
2319 2327 2384 2366 ex
2415 2313 2669 2381 operibus
2691 2313 3030 2382 adjuvarent,
3059 2322 3114 2370 et
3143 2315 3230 2369 illa
3256 2315 3436 2370 divina
3462 2315 3603 2370 dona

2034 2401 2266 2455 orationi
2298 2400 2455 2455 ﬁdem
2491 2402 2864 2456 conciliarent.
2898 2401 3011 2473 Ego
3049 2419 3180 2459 vero
3222 2419 3476 2474 magnum
3517 2404 3604 2458 af-

2035 2489 2178 2545 ferre
2209 2490 2275 2544 ad
2301 2491 2711 2559 persuasionem
2743 2503 3074 2547 momentum
3103 2493 3210 2546 vim
3237 2509 3459 2564 operum
3494 2508 3604 2548 non

2034 2579 2281 2635 diﬁiteor.
2314 2580 2511 2635 Verum
2545 2581 2694 2650 quid,
2723 2597 2926 2651 quaaso,
2963 2583 3030 2638 de
3079 2583 3146 2638 iis
3186 2598 3306 2652 quae
3334 2599 3480 2638 nunc
3514 2599 3606 2653 ge-

2033 2678 2227 2724 runtur
2281 2670 2652 2725 arbitrandum
2707 2672 2828 2726 est?
2871 2687 3050 2727 nonne
3096 2673 3247 2742 paria
3297 2673 3421 2728 ﬁdei
3452 2673 3604 2728 vides

2033 2759 2342 2813 miracula?
2372 2775 2758 2815 conservorum
2810 2762 2952 2816 enim
2989 2771 3299 2815 nostrorum
3344 2763 3604 2831 prmclara

2035 2849 2275 2903 facinora
2308 2859 2495 2904 nostra
2519 2858 2727 2921 reputo,
2764 2852 2856 2922 qui
2891 2851 3079 2906 eodem
3123 2853 3178 2905 in
3213 2853 3414 2907 virtute
3440 2867 3604 2907 cura-

2030 2942 2241 2993 tionum
2276 2941 2468 3008 spiritu
2496 2942 2780 2996 nobiscum
2803 2941 3099 2996 ducuntur.
3133 2942 3306 3011 Hujus
3336 2943 3604 2999 orationis

2031 3030 2248 3085 veritati
2286 3032 2652 3087 testimonium
2682 3031 2873 3087 dicunt
2913 3033 3014 3088 viri
3048 3032 3116 3088 ab
3145 3033 3346 3089 exteris
3390 3041 3443 3090 et
3486 3033 3606 3091 lon-

2030 3121 2246 3191 ginquis
2285 3122 2594 3191 regionibus
2637 3123 2868 3188 advecti,
2901 3124 3070 3192 patris
3116 3125 3285 3178 nostri
3327 3123 3601 3178 Abraham

2030 3211 2176 3266 cives
2204 3226 2266 3265 ex
2302 3211 2686 3282 Mesopotamia
2722 3211 2972 3283 profecti,
3005 3214 3097 3284 qui
3137 3222 3191 3269 et
3238 3215 3340 3284 ipsi
3362 3216 3428 3270 de
3461 3225 3604 3271 terra

2029 3309 2082 3356 et
2134 3304 2457 3372 cognatione
2507 3320 2644 3368 sua,
2705 3314 2868 3376 atque
2915 3305 3050 3360 adeo
3108 3321 3175 3360 ex
3231 3315 3346 3363 toto
3399 3309 3604 3363 mundo

2027 3395 2274 3464 egressi,
2313 3395 2486 3450 oculis
2525 3395 2589 3450 ad
2633 3397 2832 3451 coelum
2880 3397 3180 3464 conversis,
3215 3405 3269 3452 et
3308 3406 3460 3453 extra
3499 3399 3603 3452 hu-

2027 3500 2243 3538 manam
2276 3487 2678 3554 quodammodo
2712 3489 3120 3557 peregrinantes
3149 3497 3420 3554 naturam,
3446 3499 3601 3544 extra

2027 3589 2240 3629 omnem
2265 3577 2728 3644 perturbationum
2756 3578 2926 3632 aleam
2967 3579 3266 3643 constituti,
3297 3586 3502 3632 tantum
3533 3596 3603 3635 ex

2027 3665 2130 3718 hac
2157 3666 2266 3719 vita
2293 3665 2556 3731 delibant,
2580 3680 2840 3736 quantum
2862 3683 3087 3724 necesse
3110 3676 3196 3724 est
3219 3687 3233 3734 ;
3258 3671 3451 3739 potiori
3477 3685 3603 3724 vero

2027 3757 2111 3812 sui
2157 3767 2309 3826 parte
2358 3774 2480 3812 cum
2531 3759 2867 3829 incorporeis
2921 3761 3214 3816 virtutibus
3263 3762 3317 3814 in
3368 3763 3600 3816 excelsis

2024 3853 2335 3909 versantur,
2361 3846 2518 3900 senili
2564 3847 2764 3916 specie,
2801 3854 2964 3916 atque
3011 3855 3234 3918 aspectu
3271 3848 3598 3916 venerando,

2025 3937 2226 3992 canitie
2257 3937 2622 4006 splendentes,
2673 3947 2726 3992 et
2768 3938 3052 4007 obsignata
3097 3940 3312 3995 silentio
3350 3946 3595 3994 tenentes

2025 4041 2142 4092 ora,
2168 4026 2259 4095 qui
2295 4026 2574 4081 decertare
2602 4027 2780 4080 verbis
2811 4029 3268 4098 nesciunt,neque
3297 4029 3603 4099 disquirere

2025 4127 2118 4174 aut
2143 4118 2450 4188 disceptare
2487 4118 2814 4182 didicerunt,
2849 4125 3164 4189 tantamque
3195 4121 3457 4176 adversus
3492 4121 3604 4190 spi-

2024 4211 2160 4266 ritus
2205 4210 2449 4264 obtinent
2492 4216 2838 4280 potestatem,
2875 4219 2933 4262 ut
2960 4210 3221 4265 miracula
3251 4214 3367 4266 sola
3407 4213 3602 4266 volun-
3651 4196 3664 4207 ’

2026 4305 2134 4354 tate
2164 4298 2462 4367 perﬁciant,
2495 4305 2548 4352 et
2593 4297 2856 4351 daemonia
2905 4299 3201 4355 abscedant
3229 4317 3334 4354 non
3379 4302 3601 4370 syllogi-

353 4408 414 4461 τὸ
451 4406 636 4468 σκότος
662 4404 722 4456 τὸ
757 4401 1016 4473 ἐξώτερον
1043 4397 1473 4467 ἀπελαυνόμενα.
1521 4392 1706 4456 Οὕτως
1732 4390 1870 4446 οἶδεν
1893 4393 1922 4444 ὁ

2032 4404 2266 4445 smorum
2298 4389 2547 4454 artiﬁcio,
2585 4388 2677 4443 sed
2716 4389 2840 4442 ﬁdei
2861 4391 3120 4458 potentia,
3155 4405 3262 4446 non
3305 4391 3356 4443 in
3391 4406 3483 4445 eas
3517 4407 3601 4446 re-

354 4495 681 4568 Χριστιανὸς
713 4489 1149 4561 συλλογίζεσθαιο
1191 4489 1361 4543 ταῦτα
1390 4486 1490 4556 τῆς
1518 4485 1749 4547 πίστεως
1772 4483 1926 4553 ἡμῶν

353 4589 422 4642 τά
443 4585 861 4658 κατορθώματα.
877 4583 976 4636 Διά
993 4581 1042 4636 τί
1057 4577 1148 4662 οὖν
1166 4581 1228 4633 οὐ
1258 4579 1538 4650 πείθομεν,
1569 4578 1616 4628 εί
1646 4575 1926 4638 πλεονάζει

353 4677 463 4731 τῶν
515 4676 759 4745 ἰαμάτων
800 4677 832 4743 ἡ
862 4663 1056 4744 χάριςξ
1101 4673 1148 4724 εί
1197 4668 1507 4741 περισσεύει
1549 4667 1927 4738 ήδιδασκαλία

355 4769 448 4823 τοῦ
471 4768 633 4835 λόγου
655 4783 668 4831 ;
698 4765 901 4818 Πάντα
931 4763 997 4816 δὲ
1019 4765 1202 4816 ταῦτα
1225 4759 1455 4830 ἐνεργεῖ
1469 4758 1538 4812 ἓν
1569 4758 1665 4810 καὶ
1687 4757 1753 4811 τὸ
1778 4755 1928 4811 αὐτὸ

355 4858 598 4927 Πνεῦμα
617 4896 631 4922 ,
658 4855 928 4925 διαιροῦν
969 4854 1091 4919 ὶδιᾳ
1127 4853 1363 4914 ἑκάστῳ
1394 4849 1587 4914 καθὼς
1613 4849 1923 4913 βούλεται.

353 4948 451 5001 Διά
477 4947 531 5000 τί
559 4949 620 4999 οὐ
654 4945 862 5013 γίνεται
894 4946 928 5013 ἡ
959 4941 1066 4994 τῶν
1100 4940 1422 5010 σωζομένων
1447 4938 1767 5008 προσθήκης
1816 4937 1926 4989 Καὶ

357 5040 549 5110 μηδεὶς
597 5036 889 5091 ὑπονοείτω
939 5032 1138 5104 μικρὰν
1190 5031 1286 5101 τὴν
1355 5029 1630 5100 παροῦσαν
1676 5027 1925 5098 ἡγεῖσθαι

356 5132 533 5198 χάριν.
571 5127 719 5200 ’0ρῶ
767 5124 1026 5194 κομῶσαν
1067 5123 1166 5193 τὴν
1211 5120 1487 5190 ἄμπελον,
1529 5118 1927 5188 εὐθηνουμένην

356 5226 474 5286 ταῖς
508 5221 823 5290 κληματίσι,
853 5218 946 5270 καὶ
975 5214 1052 5286 τῷ
1081 5213 1278 5284 καρπῷ
1321 5211 1716 5275 πλεονάζουσαν
1749 5227 1762 5240 ·
1817 5208 1928 5279 ὁρῶ

357 5329 423 5366 κυ
432 5312 758 5384 μαινομένην
779 5307 857 5379 τῷ
884 5306 1074 5378 πλήθει
1096 5305 1204 5358 τῶν
1225 5302 1507 5372 ἀσταχύων
1532 5301 1630 5372 τὴν
1657 5301 1893 5372 ἄρουραν
1909 5318 1922 5332 ·

355 5407 491 5477 βαθὺ
540 5407 602 5458 τὸ
645 5404 828 5474 λήϊον,
875 5399 1033 5470 ἁδρὸν
1081 5396 1142 5449 τὸ
1176 5395 1414 5466 δράγμα,
1445 5392 1611 5455 πολὺς
1646 5393 1674 5443 ὁ
1705 5392 1922 5463 σπόρος.

363 5497 525 5550 Ἀλλά
556 5495 608 5547 τί
651 5494 839 5559 πάθω;
891 5490 1237 5560 Ἀπλήρωτον
1267 5485 1403 5555 ἔχων
1433 5485 1491 5536 ἐν
1525 5485 1636 5546 τοῖς
1667 5482 1925 5546 τοιούτοις

352 5589 448 5662 τὴν
497 5587 661 5658 φύσιν
705 5583 782 5654 τῷ
829 5583 988 5639 πάθει
1039 5579 1146 5633 τῶν
1195 5575 1560 5648 φιλοπλούτων
1600 5573 1920 5645 κατέχομαι.

425 5775 470 5806 ⁸⁷
512 5773 683 5841 Apoc.
713 5785 792 5832 ιιι,
840 5768 921 5821 15.
1078 5773 1123 5804 ⁸⁸
1161 5769 1183 5825 1
1230 5772 1356 5827 Cor.
1391 5785 1488 5838 xu,
1529 5768 1614 5824 lt.

2024 4480 2169 4534 dacti
2198 4480 2500 4550 angustias,
2531 4486 2589 4532 ut
2632 4479 2765 4532 nihil
2803 4480 3199 4545 contradicant,
3232 4479 3326 4535 sed
3366 4480 3421 4534 in
3451 4487 3602 4535 tene-

2024 4574 2151 4627 bras
2177 4573 2478 4628 exteriores
2503 4571 2700 4626 abacti.
2736 4569 2826 4625 Sic
2855 4573 3003 4626 novit
3035 4572 3377 4642 syllogismos
3418 4580 3600 4626 texere

2023 4662 2406 4716 Christianus:
2443 4677 2505 4715 ea
2553 4670 2683 4714 sunt
2738 4659 2859 4714 ﬁdei
2921 4668 3117 4714 nostra
3166 4661 3426 4728 pra-clara
3469 4659 3601 4713 faci-

2022 4768 2175 4807 nora.
2231 4753 2341 4807 Cur
2385 4768 2513 4822 ergo
2554 4767 2661 4806 non
2707 4751 3000 4815 credimus,
3049 4751 3094 4806 si
3140 4750 3378 4804 abundat
3423 4750 3597 4820 gratia

2023 4845 2314 4900 sanitatum
2335 4884 2348 4908 ,
2391 4846 2436 4898 si
2473 4843 2736 4898 exuberat
2762 4842 3010 4897 doctrina
3037 4842 3222 4897 verbi?
3267 4841 3394 4894 Ilwc
3423 4847 3598 4894 autem

2025 4939 2203 4991 omnia
2255 4945 2502 5006 operatur
2553 4951 2688 4988 unus
2730 4944 2884 5003 atque
2910 4935 3045 4988 idem
3071 4934 3326 5001 Spiritus,
3363 4931 3597 4987 dit-idem

2025 5027 2244 5097 singulis
2287 5034 2442 5096 prout
2479 5026 2588 5078 vult
2615 5025 2698 5078 ’δε
2736 5040 2833 5078 cur
2861 5041 2968 5080 non
3019 5025 3075 5077 ﬁt
3121 5038 3308 5077 eorum
3355 5024 3448 5092 qui
3491 5023 3599 5077 sal-

2025 5129 2217 5174 ventur
2249 5118 2527 5172 accessio?
2557 5117 2742 5187 Neque
2773 5133 2903 5171 vero
2929 5117 2982 5170 in
3007 5123 3238 5170 mentem
3264 5116 3445 5170 veniat
3483 5113 3600 5168 cui-

2027 5226 2190 5283 quam
2217 5213 2466 5279 exiguam
2494 5218 2813 5278 praasentem
2838 5209 3063 5280 gratiam
3086 5205 3598 5262 existimare.Video

2033 5312 2332 5357 comantem
2377 5301 2561 5365 vitem,
2593 5301 2859 5370 pampinis
2891 5308 2945 5355 et
2979 5299 3264 5354 sarmentis
3301 5299 3598 5354 silvescen~

2032 5404 2161 5455 tem,
2199 5409 2260 5448 ac
2304 5391 2533 5446 racemis
2573 5391 2988 5453 exuberantcm,
3017 5405 3202 5459 agrum
3243 5390 3408 5460 spicis
3438 5389 3599 5442 luxu-

2032 5488 2296 5554 riantem,
2354 5485 2576 5539 densam
2625 5488 2895 5551 segetem,
2933 5481 3168 5550 amplum
3221 5479 3553 5550 manipulum
3581 5515 3598 5543 ,

2031 5578 2253 5633 multam
2299 5583 2614 5633 sementem.
2664 5572 2804 5640 Quid
2843 5588 2971 5643 ergo
3019 5580 3102 5627 est
3149 5571 3289 5641 quod
3337 5587 3423 5626 me
3461 5568 3602 5624 male
