4072 6156
500 273 597 329 551

1659 223 1665 232 1
1733 272 1789 329 S.
1830 272 2160 331 GREGORII
2200 272 2497 332 NYSSENI

3651 264 3753 324 552

493 385 694 445 habet?
715 384 1029 458 lnexplebili
1048 384 1282 457 quadam
1311 386 1365 441 in
1389 385 1658 457 ejusmodi
1684 387 1848 443 rebus
1870 397 2064 444 natura

2178 390 2365 454 Οὐδεὶς
2406 387 2723 470 περιουσίας
2766 387 2892 461 ὁρος
2936 386 3034 461 τὴν
3081 383 3375 457 ἐπιθυμίαν
3425 384 3628 457 ῐστησι.
3674 386 3748 440 Th

493 479 777 551 praeditus,
811 479 997 535 eodem
1028 491 1153 534 cum
1188 478 1369 535 avaris
1408 479 1601 535 morbo
1629 480 1853 537 laboro:
1886 481 2069 538 nullus

495 573 663 642 sepiae
684 574 738 625 et
759 568 1130 626 redundantia!
1149 570 1413 627 terminus
1435 571 1787 642 cupiditatem
1813 573 2064 640 cohibet;

494 663 548 716 id
574 661 719 732 quod
753 662 807 715 in
843 661 961 717 dies
997 660 1230 724 accedit,
1259 659 1329 715 ad
1370 662 1524 732 plura
1556 672 1816 733 provocat
1861 665 2072 734 appeti-

493 763 631 819 tum,
660 760 714 808 et
743 753 799 807 in
845 753 1085 808 fomitem
1127 753 1381 811 desiderii
1426 755 1696 824 majorum
1738 769 1904 826 Opum
1935 770 2070 811 con-

494 845 741 899 vertitur.
775 843 857 900 Me
884 844 1102 914 quidem
1137 845 1409 901 oblectant
1435 860 1496 902 ea
1548 860 1667 916 quae
1689 845 1975 901 versantur
1999 847 2070 901 ob

494 936 722 1004 oculos;
749 937 1109 1007 praesentibus
1145 945 1443 1009 torqueor;
1475 951 1676 994 novum
1706 938 2071 1010 perturbatio-

494 1027 580 1083 nis
612 1043 783 1097 genus
810 1044 877 1083 ex
898 1029 1190 1085 contrariis
1226 1031 1572 1086 commistum
1614 1031 1857 1085 animum
1886 1044 2067 1086 meum

493 1117 804 1187 occupavit,
834 1124 1091 1187 tanquam
1118 1118 1395 1189 voluptate
1431 1135 1554 1175 cum
1583 1121 1802 1177 tristitia
1824 1127 2069 1177 contem-

493 1215 701 1278 perata.
726 1208 913 1279 ‘Atque
956 1208 1011 1263 in
1039 1223 1138 1265 vos
1175 1209 1393 1280 quidem
1428 1210 1475 1267 si
1513 1220 1828 1268 convertam
1855 1213 2067 1279 oculos,

492 1295 551 1352 in
573 1298 726 1353 vobis
746 1297 1076 1353 desiderium
1099 1307 1344 1354 nostrum
1363 1300 1690 1371 acquiescit;
1718 1303 1765 1359 si
1780 1316 1912 1358 vero
1925 1304 2069 1374 quod

2175 483 2263 536 ἀεὶ
2291 482 2716 553 προσγινόμενον
2738 480 2872 552 πρὸς
2899 478 2961 533 τὺ
2986 478 3148 532 πλέον
3171 476 3404 547 ὲρεθίξει
3426 476 3523 548 τὴν
3549 475 3745 547 ὄρεξιν,

2181 572 2517 645 ὑπέκκαυμα
2563 573 2662 642 τῆς
2707 572 2803 626 τοῦ
2843 570 3088 634 πλείονος
3127 568 3418 638 ἐπιθυμίας
3443 568 3739 639 γινόμενον.

2178 664 2473 736 Εύφραίνει
2497 683 2563 735 με
2590 662 2662 717 τά
2687 661 2957 735 ὁρώμενα.
2978 663 3104 725 Τοῖς
3130 660 3395 732 παροῦσιν
3421 659 3744 731 ἀγάλλομαι,

2178 754 2272 808 καὶ
2297 756 2410 818 τοῖς
2438 752 2670 807 ἀποῦσιν
2701 752 3029 822 ἀλγύνομαιυ
3073 751 3249 805 κοινόν
3273 767 3326 803 τι
3357 748 3528 813 πάθος
3553 750 3617 803 ὲκ
3640 749 3750 806 τῶν

2176 844 2436 900 ἐναντίων
2457 844 2761 915 σύμμικτον
2785 842 2881 916 τὴν
2904 843 3082 914 ψυχὴν
3108 842 3368 913 περιέχει,
3397 841 3591 912 ἡδονῆς
3610 840 3748 911 πρὸς
3816 922 3819 923 ν

2173 936 2350 1008 λύπην
2383 935 2857 1006 συγκεκραμένης.
2909 934 3034 987 Ἐάν
3074 932 3211 1004 πρὸς
3254 933 3400 1003 ὑμᾶς
3438 931 3743 1001 ἀναϐλέψω,

2174 1030 2302 1102 ὑμῖν
2334 1027 2668 1083 ὲπαναπαύω
2694 1027 2787 1080 τὸν
2825 1024 3022 1079 πόθον·
3068 1026 3162 1079 ὲάν
3198 1024 3260 1078 τὸ
3301 1025 3485 1077 λεῖπον
3514 1022 3745 1092 λογίσω-

2175 1135 2295 1189 μαι,
2317 1117 2418 1172 οὑκ
2439 1117 2547 1188 ἔχω
2567 1117 2715 1180 ὅπως
2747 1113 2987 1180 στενάξω
3014 1114 3111 1186 τὴν
3152 1108 3462 1185 συμφοράν.
3494 1113 3603 1166 Καὶ
3633 1111 3742 1184 γάρ

2172 1209 2400 1278 ἀφέντες
2426 1210 2476 1262 οἱ
2513 1207 2789 1281 ἄνθρωποι
2815 1207 2876 1260 τὸ
2900 1208 3250 1279 κατατρυφᾷν
3276 1207 3370 1261 τοῦ
3400 1206 3628 1278 Κυρίου,
3652 1207 3746 1261 καὶ

2171 1299 2264 1355 ἐπὶ
2299 1303 2365 1372 τῇ
2404 1301 2593 1371 εἰρήνῃ
2622 1300 2721 1370 τῆς
2764 1299 3089 1369 Ἐκκλησίας
3122 1298 3527 1370 εὐφραίνεσθαι,
3559 1298 3745 1363 οὐσίας

2172 1390 2324 1456 τινὰς
2355 1390 2750 1462 τεχνολογοῦσι,
2772 1392 2867 1444 καὶ
2902 1389 3104 1461 μεγέθη
3133 1388 3590 1460 καταμετροῦσιν,
3619 1389 3745 1443 Υίδν

494 1385 647 1443 deest
696 1388 749 1443 in
794 1388 1109 1445 memoriam
1148 1390 1351 1458 redeat,
1393 1406 1500 1447 non
1541 1392 1715 1449 habeo
1759 1409 1869 1465 quo
1909 1403 2117 1477 pacto“

493 1480 857 1536 calamitatem
888 1481 1182 1552 deplorem.
1211 1481 1472 1539 Homines
1494 1485 1638 1540 enim
1667 1488 1980 1543 amittentes
2010 1488 2066 1542 in

2178 1481 2348 1554 Πατρὶ
2368 1482 2866 1554 παραμετροῦντες,
2897 1482 2990 1535 καὶ
3014 1480 3397 1553 περισσότερον
3418 1480 3511 1534 τοῦ
3545 1481 3746 1552 μέτρου

493 1567 724 1625 Domino
750 1572 1006 1642 gaudere,
1028 1583 1083 1626 et
1113 1588 1178 1628 ex
1210 1574 1466 1630 Ecclesiae
1498 1589 1630 1644 pace
1660 1576 1844 1633 animo
1872 1591 2067 1648 capere

2178 1574 2251 1645 τῷ
2286 1574 2460 1645 Πατρλ⁵
2484 1573 2849 1645 χαριζόμενοι.
2880 1572 2977 1637 Τίς
3019 1573 3162 1626 εἴποι
3195 1572 3405 1636 αὐτοῖς⁹
3446 1572 3519 1625 Τὸ
3547 1573 3745 1627 ἀποσον

490 1663 847 1734 voluptatem,
879 1665 946 1719 de
981 1666 1303 1722 substantiis
1343 1667 1529 1723 nescio
1562 1666 1760 1737 quibus
1810 1676 2069 1739 argutan-

2178 1665 2229 1718 οὐ
2259 1667 2533 1736 μετρεῖται
2555 1681 2571 1697 ο
2614 1664 2675 1717 τὸ
2712 1664 2886 1727 ἀειδὲς
2912 1664 2974 1717 οὐ
3002 1663 3353 1735 δοκιμάζεται
3373 1678 3389 1694 ’
3418 1662 3483 1717 τὸ
3526 1663 3747 1735 ἀσώμα-

491 1762 604 1818 tur,
643 1761 697 1810 et
738 1756 1138 1827 magnitudines
1170 1756 1546 1824 dimetiuntur,
1580 1757 1775 1814 Filium
1809 1777 1876 1817 ex
1916 1777 2070 1818 com-

2178 1772 2261 1809 rov
2294 1757 2353 1809 ού
2394 1756 2746 1826 σταθμίζεται
2766 1772 2779 1788 ο
2816 1755 2877 1808 τὸ
2896 1756 3143 1824 ἀόριστον
3178 1756 3237 1809 οὐ
3270 1755 3622 1827 συγκρίνεται
3644 1772 3662 1788 ο
3686 1753 3746 1809 τὸ

490 1846 774 1916 paratione
816 1861 942 1902 cum
988 1846 1147 1903 Patre
1186 1850 1504 1916 metiuntur,
1554 1857 1609 1906 et
1662 1851 1806 1921 quod
1858 1853 2070 1908 excedit

2178 1846 2250 1919 μὴ
2305 1847 2728 1917 συγκρινόμενον
2765 1846 2861 1900 τοῦ
2908 1846 3151 1910 πλείονος
3199 1847 3294 1900 καὶ¹
3326 1847 3605 1910 ἐλάττονος
3649 1847 3747 1899 οὐκ

491 1931 830 2002 mensuram,
865 1938 1007 1993 Patri
1039 1940 1363 2009 largiuntur.
1396 1939 1531 2006 Quis
1570 1940 1672 1995 hoc
1696 1942 1898 1997 dixerit
1920 1943 2057 1998 illis:

491 2028 646 2095 Quod
672 2038 937 2099 quantum
966 2047 1075 2086 non
1104 2041 1210 2097 est,
1250 2041 1360 2086 non
1393 2038 1777 2100 mensuratur;
1809 2022 1952 2102 quod
1986 2033 2072 2088 in-

490 2134 814 2190 corporeum
861 2129 983 2190 est,
1038 2138 1148 2187 non
1197 2123 1567 2194 ponderatur;
1613 2123 1757 2194 quod
1798 2124 2066 2179 inﬁnitum

489 2218 594 2277 est,
631 2227 739 2267 non
763 2223 1113 2284 comparatur
1138 2232 1152 2282 ;
1186 2214 1330 2284 quod
1360 2229 1468 2270 non
1495 2223 1864 2285 comparatur,
1895 2217 2067 2286 pluris

490 2311 585 2356 aut
633 2302 861 2359 minoris
892 2305 1157 2360 rationem
1202 2320 1309 2360 non
1346 2306 1582 2361 admittit
1620 2324 1634 2360 :
1685 2307 1951 2378 siquidem
2000 2323 2068 2363 ex

490 2406 673 2447 rerum
713 2393 853 2448 inter
900 2393 1048 2463 ipsas
1090 2395 1497 2466 comparatione
1544 2410 1832 2452 excessum
1869 2397 2070 2469 colligi-

489 2496 633 2538 mus.
690 2480 821 2552 Ejus
870 2490 1081 2549 autem,
1128 2485 1287 2555 cujus
1337 2485 1461 2542 ﬁnis
1516 2488 1901 2558 comprehendi
1960 2505 2069 2547 non

490 2579 690 2642 potest,
741 2587 1026 2628 excessum
1078 2581 1259 2629 mente
1296 2575 1613 2647 contingere
1662 2590 1824 2633 nemo
1865 2576 2074 2648 potest?

491 2661 712 2718 Memini
735 2679 836 2736 ego
858 2665 1004 2720 illius
1026 2666 1241 2736 psalmi,
1267 2682 1425 2736 quem
1451 2668 1798 2724 succinentes
1819 2683 1882 2724 ac
1908 2669 2069 2725 simul

491 2755 723 2826 hymnos
751 2767 1106 2827 personantes
1137 2760 1595 2830 ingrediebamur,
1628 2765 1856 2833 Magnus
1883 2763 2071 2819 Domi-

2173 1937 2481 2008 έπιδέχεται
2503 1937 2680 2006 λόγον.
2726 1937 2820 1990 Ἐκ
2847 1937 2956 2007 γὰρ
2983 1938 3081 2009 τῆς
3114 1937 3223 1990 τῶν
3246 1937 3583 2007 πραγμάτων
3611 1935 3747 2009 πρὸς

2175 2028 2377 2100 ἄλληλα
2403 2028 2761 2101 παραθέσεως
2788 2029 2850 2082 τὸ
2881 2028 3042 2082 πλέον
3077 2026 3533 2098 ἐπιγινώσκομεν.
3574 2019 3649 2081 οὗ
3688 2025 3747 2080 δὲ

2172 2122 2234 2174 τὸ
2281 2122 2434 2186 τέλος
2487 2121 2744 2191 ἄληπτον,
2802 2120 2994 2174 τούτου
3044 2120 3104 2173 τὸ
3166 2119 3327 2172 πλέον
3375 2118 3753 2189 ἀνεπινόητονς

2176 2212 2423 2267 Ἤκουσα
2459 2212 2552 2266 τοῦ
2587 2212 2994 2283 ὑποψάλματος,
3038 2211 3068 2264 ὃ
3106 2213 3259 2282 κοινῇ
3297 2210 3498 2272 πάντες
3526 2208 3747 2280 ὑμνολο-

2174 2304 2398 2374 γοῦντες
2439 2305 2700 2377 ὲπῄειμεν
2733 2321 2748 2335 ’
2805 2304 3003 2373 Μέγας
3046 2305 3262 2372 Κύριος
3296 2302 3393 2356 καὶ
3432 2302 3665 2371 μεγάλη
3705 2300 3744 2370 ἦ

2177 2396 2355 2465 ἰσχὺς
2375 2396 2583 2460 αὑτοῦ,
2607 2397 2703 2451 καὶ
2733 2395 2844 2465 τῆς
2865 2394 3175 2461 συνέσεως
3210 2392 3398 2448 αὐτοῦ
3435 2395 3549 2447 οὐκ
3579 2392 3748 2446 ἔστιν

2171 2485 2437 2557 ἀριθμός.
2484 2487 2549 2539 Τί
2586 2482 2679 2541 οὖν
2712 2485 2871 2540 τοῦτό
2901 2486 3084 2552 ὲστινζ
3123 2483 3451 2555 Ἀρίθμησον
3486 2482 3555 2535 τά
3596 2482 3748 2551 είρη-

2176 2578 2336 2648 μένα,
2376 2579 2470 2632 καὶ
2511 2580 2653 2643 νοεῖς
2694 2578 2755 2631 τδ
2806 2577 3122 2648 μυστήριον.
3168 2574 3365 2644 Μέγας
3382 2574 3619 2641 Κύριος,
3649 2573 3747 2626 οὐκ

2175 2668 2296 2724 εἷπε
2319 2671 2483 2725 πόσον
2520 2670 2746 2743 μέγεθος
2776 2685 2790 2701 ’
2843 2670 2963 2724 οὐδὲ
2992 2669 3099 2741 γάρ
3125 2664 3193 2741 ἦν
3224 2666 3449 2722 δυνατὸν
3479 2665 3652 2717 εἰπεῖν
3687 2661 3749 2717 τὸ

2176 2761 2361 2829 πόσον,
2391 2761 2529 2816 ἀλλὰ
2561 2760 2640 2832 τῷ
2668 2761 2902 2834 ἀορίστῳ
2925 2761 3025 2831 τῆς
3061 2757 3334 2830 σημασίας
3377 2757 3468 2810 ἐπὶ
3495 2756 3558 2810 τὸ
3596 2755 3748 2809 ἄπει-

492 2860 591 2899 nus
622 2855 672 2899 et
705 2863 897 2914 magna
930 2849 1095 2903 virtus
1122 2849 1273 2918 ejus;
1310 2859 1360 2905 et
1408 2854 1682 2920 sapientia:
1712 2854 1828 2924 ejus
1865 2870 1969 2908 non
1993 2850 2070 2910 est

2178 2871 2267 2925 ρον
2309 2854 2494 2925 ὁδηγεῖ
2518 2853 2617 2926 τὴν
2649 2854 2905 2907 διάνοιαν.
2965 2852 3217 2921 Ὁμοίως,
3247 2849 3514 2920 Μεγάλη,
3560 2849 3745 2919 φησιν,

491 2952 740 2991 numerus
767 2937 833 2991 ⁸⁸.
866 2936 1007 3003 Quid
1047 2939 1150 2993 hoc
1180 2956 1308 3012 ergo
1337 2943 1453 2997 est?
1492 2943 1761 3001 Enumera
1780 2960 1901 3016 quae
1926 2946 2074 3001 dicta

494 3037 645 3094 sunt,
674 3038 726 3082 et
760 3031 1074 3102 mysterium
1105 3033 1381 3104 intelligis.
1409 3035 1631 3107 Magnus
1653 3037 1935 3107 Dominus,
1965 3054 2073 3096 non

494 3122 655 3188 dixit,
681 3133 882 3194 quanta
919 3126 989 3181 sit
1012 3127 1327 3196 magnitudo
1353 3147 1365 3183 :
1403 3144 1576 3199 neque
1606 3133 1750 3188 enim
1776 3132 1891 3189 ﬁeri
1921 3143 2072 3204 pote-

493 3222 580 3268 rat
618 3222 679 3268 ut
721 3215 925 3271 diceret
952 3226 1188 3286 quantus
1215 3228 1388 3274 esset:
1410 3219 1500 3275 sed
1527 3221 1632 3275 hoc
1666 3223 1786 3292 ipso
1818 3223 1962 3293 quod
1998 3225 2071 3277 ita

491 3316 613 3356 eam
646 3303 915 3376 designat,
957 3314 1017 3360 ut
1052 3321 1161 3362 non
1203 3307 1615 3365 circumscribat
1659 3320 1751 3366 aut
1798 3314 2069 3379 terminet,

493 3393 697 3448 sensim
748 3410 813 3450 eo
862 3405 1095 3452 mentem
1140 3397 1407 3469 provehit,
1461 3408 1520 3454 ut
1582 3399 1904 3456 immensam
1950 3418 2072 3459 esse

492 3492 805 3553 cognoscat.
842 3483 965 3541 Pari
1000 3488 1181 3557 modo,
1225 3486 1442 3559 Magna,
1475 3490 1670 3558 inquit,
1706 3495 1875 3547 virtus
1908 3493 2023 3563 ejus
2051 3509 2070 3547 :

366 3631 379 3635 ,
490 3572 743 3628 virtutem
766 3590 894 3630 vero
927 3591 1048 3630 cum
1086 3577 1264 3644 audis,
1304 3580 1597 3649 potentiam
1625 3580 1880 3653 intellige.
1914 3582 2073 3638 Chri-

492 3672 609 3721 stus
643 3675 823 3721 autem
855 3666 948 3722 Dei
978 3668 1218 3739 potentia
1250 3678 1334 3726 est
1365 3677 1419 3724 et
1447 3668 1541 3726 Dei
1571 3671 1858 3741 sapientia,
1890 3672 1985 3729 sed
2019 3680 2072 3729 et

2176 2949 2214 3016 ὴ
2268 2946 2448 3013 ἰσχὺς
2502 2943 2688 2999 αὐτοῦ
2719 2962 2732 2975 ·
2798 2944 2950 3015 ἰσχὺν
2993 2942 3050 2996 δὲ
3106 2940 3367 3011 ἀκούσας,
3388 2939 3489 3010 τὴν
3521 2938 3747 3008 δύναμιν

2154 3038 2389 3110 νόησον.
2438 3037 2674 3111 Χριστὸς
2700 3037 2757 3090 δὲ
2800 3035 2935 3091 Θεοῦ
2981 3034 3210 3105 δύναμις
3258 3032 3352 3086 καὶ
3379 3029 3515 3086 Θεοῦ
3547 3031 3706 3101 σοφία
3728 3047 3744 3063 ’

2176 3130 2311 3184 ἀλλά
2368 3129 2470 3199 τῆς
2545 3128 2813 3191 συνέσεως
2888 3125 3054 3181 αὐτοῦ
3115 3127 3216 3178 οὐκ
3287 3123 3433 3177 ἐστιν
3498 3123 3744 3195 ἀριθμός.

2188 3220 2511 3293 Ἐρμηνεύει
2568 3220 2667 3291 τὴν
2736 3219 2948 3273 σύνεσιν
3006 3219 3235 3282 Ἡσαΐας
3289 3215 3477 3285 σαφῶς
3535 3215 3707 3283 λέγων
3730 3229 3743 3243 ·

2178 3309 2421 3378 Πνεῦμα
2468 3308 2689 3377 σοφίας
2730 3307 2829 3360 καὶ
2873 3306 3201 3372 συνέσεως.
3248 3306 3495 3358 Ἤκουσα
3534 3304 3594 3356 ὲν
3640 3304 3748 3368 τοῖς

2181 3403 2550 3471 μακαρισμοῖς
2612 3392 3084 3470 μακαριζομένους
3143 3396 3272 3459 τοὺς
3331 3394 3601 3465 διψῶντας
3658 3394 3748 3447 τὸν

2178 3492 2405 3564 Κύριον.
2438 3492 2590 3562 Τάχα
2614 3486 2708 3544 οὖν
2746 3491 2848 3543 οὐκ
2886 3488 2990 3553 ἐξω
3023 3487 3118 3542 τοῦ
3149 3486 3342 3560 καιροῦ
3365 3489 3427 3540 τὸ
3455 3485 3708 3557 ἐνθύμιον
3732 3502 3745 3515 ’

2178 3585 2271 3637 καί
2328 3601 2417 3655 μοι
2464 3582 2684 3649 δέξασθε
2731 3582 2821 3636 τὸν
2865 3581 3061 3653 λόγον,
3112 3579 3215 3635 κᾶν
3259 3578 3610 3652 ἀπηρτῆσθαι
3644 3577 3749 3630 τῶν

2182 3674 2469 3746 παρόντων
2493 3674 2659 3728 δοκεῖ.

490 3760 771 3829 sapientiae
802 3761 921 3831 ejus
967 3778 1076 3818 non
1107 3772 1192 3819 est
1237 3762 1383 3818 ﬁnis.
1420 3762 1753 3834 Sapientiam
1793 3766 1963 3845 lsaias
1993 3769 2384 3842 interpretatur
2413 3777 2597 3841 aperte
2661 3769 2870 3832 dicens,
2943 3767 3179 3838 Spiritus
3208 3768 3481 3838 sapientiae
3544 3775 3596 3821 et
3627 3779 3751 3834 pru—

493 3850 685 3905 dentiae
715 3853 783 3907 ⁸⁰.
813 3854 1007 3908 Audivi
1038 3855 1183 3909 inter
1212 3855 1574 3912 beatitudines
1651 3872 1748 3913 eos
1807 3859 1996 3918 beatos
2052 3865 2357 3934 praedicari,
2391 3864 2485 3934 qui
2520 3865 2713 3920 sitiunt
2756 3864 3083 3920 Dominum:
3117 3861 3382 3918 attendite
3426 3874 3556 3932 ergo
3592 3867 3750 3928 atque

495 3942 726 4012 accipite
774 3958 883 3997 non
934 3944 1166 3999 alienum
1217 3945 1451 4003 fortasse
1483 3961 1513 4001 a
1543 3956 1805 4019 tempore,
1839 3951 1893 4006 id
1925 3955 2071 4024 quod
2110 3954 2279 4011 menti
2310 3970 2442 4011 mea:
2479 3970 2626 4011 nunc
2665 3954 3011 4039 observatur,
3039 3952 3255 4008 tametsi
3297 3952 3367 4007 ab
3393 3965 3460 4008 eo
3531 3950 3590 4005 in
3644 3963 3750 4021 quo

496 4046 801 4099 versamur,
824 4033 1039 4090 videtur
1077 4035 1477 4106 quodammodo
1505 4037 1830 4111 dependere.

567 4169 626 4226 Si
657 4173 782 4243 quis
824 4174 927 4230 sub
969 4175 1269 4245 meridiem,
1290 4177 1404 4233 sole
1454 4178 1625 4236 radiis
1666 4178 2073 4239 ardentioribus

2252 4183 2319 4237 Εί
2333 4200 2417 4247 τις
2436 4179 2525 4236 διά
2544 4177 2890 4253 μεσημϐρίας
2904 4177 3100 4232 ὁδεύων
3115 4173 3208 4230 τοῦ
3227 4174 3380 4247 ἡλίου
3399 4171 3750 4247 θερμοτέραις

492 4262 661 4333 capiti
738 4263 1054 4320 imminente
1117 4281 1443 4339 omnemque
1501 4272 1747 4342 corporis
1796 4273 2074 4331 humorem

490 4368 595 4410 sua
633 4353 853 4411 ﬂamma
912 4364 1174 4420 torrente,
1219 4359 1322 4415 iter
1375 4361 1605 4425 habeat,
1662 4364 1905 4434 subjecta
1947 4379 2078 4421 vero

490 4448 569 4503 sit
596 4446 716 4518 ejus
748 4447 946 4503 calceis
974 4450 1133 4505 tellus
1163 4464 1376 4520 aspera,
1402 4452 1490 4505 via
1519 4452 1753 4509 diﬂicilis
1806 4464 1861 4509 et
1886 4453 2077 4511 admo-

490 4540 625 4596 dum
650 4538 801 4593 arida
825 4579 841 4606 ,
884 4539 1079 4596 deinde
1120 4549 1376 4596 occurrat
1417 4542 1686 4611 ejusmodi
1722 4544 1927 4601 homini
1954 4545 2078 4605 fons

496 4628 714 4698 aliquis,
739 4629 898 4698 cujus
942 4628 1163 4701 limpida
1195 4641 1322 4686 sunt
1369 4646 1433 4687 ac
1466 4634 1747 4703 perlucida
1775 4634 2000 4703 ﬂuenta,
2024 4645 2079 4693 et

494 4721 696 4776 aﬂatim
728 4721 1129 4793 refrigerantia,
1153 4725 1482 4795 copioseque
1520 4725 1840 4796 proﬂuentia
1877 4747 1891 4783 :
1928 4745 2072 4785 nun-

495 4812 627 4881 quid
662 4819 787 4869 ante
814 4827 1013 4885 aquam
1039 4814 1364 4883 considebit,
1385 4816 1561 4887 deque
1583 4818 1703 4889 ejus
1734 4830 1924 4874 natura
1956 4822 2076 4890 phi-

489 4904 890 4976 losophabitur,
912 4906 1075 4973 unde,
1110 4914 1166 4962 et
1193 4922 1302 4977 quo
1337 4908 1519 4975 modo,
1550 4924 1767 4981 quaque
1794 4926 1860 4966 ex
1889 4928 2077 4980 causa,

492 5004 799 5067 ceteraque
836 4996 1107 5066 ejusmodi
1154 4998 1494 5067 perquirens,
1540 5015 1663 5070 qua:
1703 5001 1772 5056 ab
1821 5002 1927 5060 illis
1967 5012 2081 5058 tra-

489 5075 632 5144 ctari
659 5089 855 5156 solent,
884 5089 976 5159 qui
1006 5089 1061 5143 in
1089 5089 1357 5159 ejusmodi
1389 5090 1548 5161 nugis
1598 5105 1957 5163 occupantur,
1988 5111 2081 5152 va-

500 5194 682 5250 porem
710 5181 917 5236 scilicet
939 5181 1228 5251 quemdam
1254 5181 1308 5235 in
1335 5179 1622 5251 profundis
1653 5191 1811 5240 terra:
1837 5188 2080 5256 partibus

500 5270 807 5341 dispersum
866 5281 918 5329 et
986 5274 1355 5345 prosilientem
1426 5282 1590 5345 atque
1661 5290 2071 5353 compressum,

500 5373 694 5428 aquam
726 5362 864 5426 ﬁeri,
900 5372 992 5418 aut
1020 5379 1209 5430 venas,
1239 5378 1360 5435 quae
1391 5363 1446 5419 in
1472 5368 1900 5425 concavitatibus
1927 5379 2084 5427 terra:

501 5451 708 5508 diﬂ‘usze
731 5463 879 5521 sunt,
910 5455 956 5511 si
985 5455 1064 5513 eis
1093 5472 1184 5512 ora
1217 5458 1469 5535 laxentur
1494 5475 1691 5530 aquam
1712 5461 2075 5530 profundere:

499 5555 568 5597 an
633 5558 761 5599 vero
813 5546 1028 5601 cunctis
1101 5548 1369 5618 ejusmodi
1443 5549 1751 5607 valedicens
1815 5551 2080 5610 incumbit

605 5728 649 5759 '9
680 5724 824 5781 Psal.
861 5741 1040 5793 cxu't,
1085 5728 1136 5783 5.
1273 5733 1319 5766 ⁸⁸
1355 5734 1456 5792 lea.
1494 5753 1571 5803 χι,
1610 5739 1659 5793 2.

2180 4276 2301 4337 ταῖς
2329 4275 2513 4330 ἀκτῖσι
2537 4273 2636 4343 τῆς
2664 4269 2905 4340 κεφαλῆς
2943 4267 3320 4339 ὐπερζέοντος,
3351 4267 3444 4320 καὶ
3474 4268 3583 4321 πᾶν
3607 4267 3669 4319 τὸ
3695 4269 3752 4319 έν

2185 4365 2397 4437 σώματι
2424 4364 2589 4434 ὑγρὸν
2613 4366 2679 4435 τῇ
2711 4362 2869 4433 φλογὶ
2900 4358 3373 4432 καταφρύσσοντος
3391 4373 3406 4386 ⁶
3444 4358 3749 4430 προκείσθω

2182 4457 2240 4511 δὲ
2265 4457 2343 4528 τῷ
2386 4455 2690 4526 ὑποδήματι
2723 4456 2794 4524 γῆ
2838 4454 3066 4525 τραχεῖα
3110 4453 3204 4507 καὶ
3253 4450 3618 4521 δυσπόρευτος
3662 4451 3751 4504 καὶ

2181 4546 2416 4617 διψώδης
2440 4563 2454 4578 ·
2502 4541 2621 4598 εἶτα
2661 4543 2902 4614 ἐπιτύχοι
2931 4544 3114 4614 πηγῆς
3148 4545 3177 4596 ὁ
3203 4543 3460 4606 τοιοῦτος,
3496 4537 3566 4613 ἦς
3594 4542 3751 4596 καλὸν

2185 4640 2280 4692 καὶ
2307 4636 2561 4707 διαφανὲς
2590 4635 2650 4688 τὸ
2675 4636 2846 4704 νᾶμα,
2868 4634 2963 4688 καὶ
2989 4634 3274 4706 προσηνῶς
3304 4632 3638 4703 καταψύχον,
3664 4632 3752 4686 καὶ

2184 4729 2430 4800 ἀφθόνως
2493 4727 2889 4798 ὑπερχεόμενον
2926 4742 2939 4754 °
3010 4721 3119 4798 ἆρα
3178 4725 3630 4796 προσκαθεδεῖται
3678 4724 3753 4795 τῷ

2186 4819 2359 4886 ὕδατι,
2390 4818 2484 4872 καὶ
2514 4817 2865 4887 φιλοσοφήσει
2908 4817 3038 4888 περὶ
3078 4816 3175 4886 τῆς
3215 4815 3448 4884 φύσεως,
3488 4816 3633 4883 ὅθεν,
3664 4814 3755 4869 καὶ

2183 4911 2352 4973 ὅπως,
2380 4909 2474 4962 καὶ
2501 4907 2589 4961 διὰ
2630 4908 2797 4972 τίνος,
2826 4908 2922 4961 καὶ
2950 4906 3018 4960 τὰ
3042 4906 3265 4960 τοιαῦτα
3293 4905 3636 4972 διεξετάζων,
3670 4900 3754 4958 οἷα

2183 4999 2248 5071 δὴ
2278 5001 2393 5062 τοῖς
2423 4996 2833 5069 ματαιολογοῦσι
2863 4997 3095 5071 ,σύνηθες
3126 4995 3303 5064 λέγειν
3322 5013 3335 5027 ·
3365 4996 3446 5047 ὅτι
3481 4995 3650 5065 ἰκμάς
3675 5010 3753 5057 τις

2187 5090 2669 5161 ὲγκατεσπασμένη
2699 5089 2777 5160 τῷ
2805 5089 2957 5160 βάθει
2987 5086 3087 5157 τῆς
3113 5090 3237 5159 γῆς,
3283 5086 3376 5140 καὶ
3418 5086 3751 5157 διαπηδῶσα,

2187 5185 2278 5238 καὶ
2322 5182 2731 5254 συνθλιϐομένη.
2767 5181 2911 5253 ὕδωρ
2942 5181 3168 5250 γίνεται,
3218 5178 3251 5249 ἢ
3295 5179 3377 5231 ὅτι
3427 5177 3624 5247 φλέὸες
3669 5179 3757 5230 ἐκ-

2187 5276 2482 5348 κεχυμέναι
2510 5278 2630 5338 ταῖς
2676 5274 2827 5328 κάτω
2864 5273 3186 5343 κοιλότησιν,
3240 5270 3398 5342 εἴπερ
3444 5271 3754 5340 ἀναστομω-

2187 5367 2342 5432 θῶσι,
2373 5368 2434 5422 τὸ
2463 5367 2605 5438 ὕδωρ
2634 5366 2980 5437 προχέουσινο
3021 5364 3054 5436 ἢ
3085 5363 3261 5417 πάντα
3298 5361 3367 5415 τὰ
3389 5362 3615 5414 τοιαῦτα
3644 5359 3756 5430 χαί-

2192 5476 2304 5532 ρειν
2339 5460 2506 5525 ἐάσας
2555 5457 2845 5513 ἐπικύπτει
2888 5456 2965 5528 τῷ
3010 5457 3234 5527 νάματι,
3283 5452 3380 5507 καὶ
3409 5452 3663 5522 προσθεὶς
3692 5448 3756 5501 τά

2189 5549 2360 5620 χείλη,
2390 5548 2679 5621 θεραπεύει
2706 5548 2805 5620 τὴν
2832 5547 2990 5617 δίψαν
3022 5545 3116 5601 καὶ
3151 5542 3415 5615 ἀναψύχει
3452 5543 3553 5615 τὴν
3586 5539 3744 5611 γλῶσ·
