4084 6158
0 2002 64 2077 κ

0 2370 61 2485 Ξ

0 2520 61 2951 Ξ.

0 2958 59 3309 Ξ

0 3368 58 3465 Ξ

0 3480 59 3716 Ξ

0 4028 61 4229 Ξ

537 311 645 370 555
1454 364 1460 369 .
1611 352 1616 357 .
1809 310 1866 366 s.
1909 307 2233 368 caecos"
2271 310 2561 369 NYSSENI
2823 348 2833 358 .
3051 276 3059 283 ’
3695 319 3797 382 553

534 431 612 484 tio
661 440 936 484 summum
979 430 1062 479 est
1105 436 1484 493 saepenumero
1532 439 1643 479 non
1689 430 2059 493 assequuntur
2095 440 2101 475 :

2216 424 2426 479 διάνοια
2457 427 2592 498 πρὸς
2613 426 2702 479 τὸν
2732 425 2971 498 λειμῶνα
3000 427 3097 499 τῆς
3119 425 3344 500 Γραφῆς
3371 427 3794 496 ἀποϐλέποντος.

533 520 643 577 tale
673 519 933 591 quiddam
961 516 1126 576 etiam
1160 516 1347 571 animo
1380 532 1501 572 meo
1552 525 1766 587 pratum
1801 517 2099 584 Scriptura:

530 614 835 685 spectantis
870 625 972 664 usu
1008 609 1178 663 venit.
1215 607 1622 663 Sententiarum
1682 609 1828 663 enim
1862 610 2106 679 pulchri-

531 706 738 760 tudinis
764 700 1082 756 varietasad
1103 699 1285 754 omnia
1310 700 1514 771 pariter
1542 700 1782 754 animum
1805 702 2107 765 attrahens,

529 798 699 852 efficit
739 805 798 849 ut
825 793 1098 864 cupiditas
1133 792 1272 863 ejus,
1309 791 1438 846 dum
1495 792 1549 847 in
1585 792 1702 863 pari
1752 791 1948 848 decore
1975 807 2113 861 prie-

530 889 657 944 ditis
679 885 823 941 haud
847 885 1008 939 facile
1030 884 1175 954 quod
1209 882 1395 954 potius
1445 893 1711 953 sequatur
1744 885 1988 953 reperire
2017 900 2112 955 po-

529 987 658 1042 test,
702 979 1026 1033 inconstans
1058 976 1149 1041 sit,
1190 983 1245 1030 et
1299 977 1368 1029 ab
1428 975 1553 1031 aliis
1599 976 1665 1030 ad
1712 978 1817 1030 alia
1855 984 2109 1047 properet

530 1079 695 1142 atque
719 1069 961 1125 festinet.
1000 1066 1141 1121 Ecce
1161 1066 1308 1121 enim
1339 1066 1613 1136 quomodo
1649 1082 1745 1139 per
1768 1068 2109 1139 prophetiam

530 1162 710 1231 magni
743 1158 962 1214 Davidis
993 1157 1155 1212 liores
1190 1157 1452 1212 enitent?
1478 1158 1659 1227 qualis
1720 1174 1851 1213 vero
1895 1157 1993 1213 nos
2025 1158 2110 1213 di—

530 1253 691 1309 vinus
718 1252 1035 1321 Apostolus,
1084 1248 1325 1318 paradisi
1383 1249 2111 1320 culturaepulchritudinem

530 1342 846 1403 ostendens.
880 1356 944 1396 ac
962 1340 1187 1394 multam
1220 1339 1410 1396 odoris
1439 1338 1644 1394 Christi
1695 1341 1952 1396 redoleas
1983 1354 2113 1396 sua-

2217 516 2291 569 Τδ
2322 519 2433 588 γὰρ
2469 518 2713 573 ποικίλον
2740 519 2840 589 τῆς
2871 518 3022 590 ὧρας
3058 519 3169 574 τῶν
3198 520 3485 591 νοημάτων
3517 521 3796 592 ὀμοτίμως

2215 607 2308 659 ἐπὶ
2356 609 2535 663 πάντα
2568 608 2666 680 τὴν
2725 608 2904 679 ψυχὴν
2945 610 3330 682 ἐφελκόμενον,
3367 612 3619 665 ἀπαιτεῖν
3658 616 3800 666 ποιεῖ

2214 698 2313 769 τὴν
2339 698 2654 770 ἐπιθυμίαν,
2681 698 2759 770 τῷ
2791 701 2866 771 μὴ
2898 700 3155 756 δύνασθαι
3181 703 3380 774 ῥᾳδίως
3404 704 3585 775 εὑρεῖν
3604 704 3663 757 ἐν
3685 707 3799 769 τοῖς

2215 788 2499 860 ὁμοτίμοις
2529 790 2592 842 τὸ
2637 792 3047 862 προτιμότερον.
3088 793 3219 846 Ἰδοὺ
3261 792 3370 864 γὰρ
3405 793 3524 858 πῶς
3553 793 3797 864 ὑπολάμ-

2217 897 2309 932 πει
2334 880 2421 933 διὰ
2450 881 2544 934 τοῦ
2584 882 2818 952 μεγάλου
2844 883 3008 937 Δαϐὶδ
3038 883 3140 954 τῆς
3165 886 3496 957 προφητείας
3527 886 3594 938 τά
3618 885 3749 956 ἄνθη
3776 900 3793 917 ⁸

2214 968 2326 1024 οἷον
2353 972 2409 1026 δὲ
2446 971 2608 1038 ἄνθος
2634 975 2664 1027 ὁ
2690 974 2830 1040 θεῖος
2872 974 3193 1040 Ἀπόστολος
3216 978 3315 1049 τῆς
3343 978 3438 1031 τοῦ
3466 977 3793 1048 παραδείσου

2215 1062 2487 1133 γεωργίας
2522 1063 2907 1135 ὑποσημαίνων
2939 1066 3000 1118 τὸ
3038 1065 3249 1131 κάλλος,
3291 1069 3385 1121 καὶ
3428 1067 3626 1139 πολλὴν
3661 1069 3795 1121 ἀπο-

2220 1153 2395 1207 πνέων
2425 1154 2519 1206 τοῦ
2559 1155 2794 1225 Χριστοῦ
2836 1156 2938 1227 τὴν
2969 1157 3229 1212 εὐωδίανί
3259 1157 3380 1211 Τῶν
3408 1158 3466 1212 δὲ
3512 1159 3794 1229 εὐαγγελι-

2219 1242 2331 1296 κῶν
2351 1242 2629 1314 λειμώνων
2658 1245 2717 1299 τὸ
2744 1245 2940 1310 κάλλος
2961 1247 3045 1310 τίς
3094 1249 3161 1301 ἂν
3191 1248 3474 1316 ὑπεξέλθοι
3519 1250 3676 1319 λόγος
3707 1252 3793 1302 ἀνι

2219 1335 2490 1407 θρώπινος
2513 1352 2529 1403 ;

531 1434 789 1489 vitalem?
814 1431 946 1485 Nam
990 1427 1437 1499 Evangelicorum
1486 1428 1946 1499 pulchritudinem
1981 1435 2260 1498 pratorum
2295 1439 2544 1495 quamam
2567 1426 2743 1481 oratio
2777 1427 3012 1497 explicet
3032 1427 3303 1485 humana?

598 1528 798 1582 Verum
830 1527 963 1580 mihi
1003 1523 1145 1579 haud
1177 1525 1412 1579 alienum
1449 1539 1577 1579 esse
1603 1524 1841 1584 videtur,
1889 1525 1943 1578 in
1968 1532 2107 1577 tem-

530 1634 658 1687 pore
682 1616 1039 1688 proverbialis
1064 1616 1213 1668 illius
1245 1614 1573 1667 mentionem
1603 1612 1785 1669 facere
1834 1613 2106 1668 laudatio-
2146 1638 2151 1643 -

2300 1520 2460 1574 Ἀλλά
2496 1537 2586 1590 μοι
2609 1520 2758 1575 δοκεῖ
2798 1522 2980 1586 καλῶς
3014 1522 3158 1594 ἔχειν
3187 1525 3245 1577 ἐν
3278 1525 3454 1597 καιρῷ
3488 1526 3789 1598 μνησθῆναι

2212 1614 2311 1683 τῆς
2344 1614 2721 1684 παροιμιακῆς
2748 1616 3097 1679 ἐπαινέσεως,
3142 1612 3236 1671 καῖ
3292 1616 3531 1688 ζηλῶσαι
3568 1618 3668 1690 τὴν
3701 1621 3789 1690 μέ-

530 1713 634 1775 nis,
667 1720 719 1763 et
750 1724 904 1780 apem
935 1705 1136 1761 imitari
1171 1725 1182 1759 :
1217 1719 1382 1774 quam
1416 1706 1550 1759 dicit
1580 1704 1863 1776 Scriptura
1896 1704 2101 1758 viribus

2213 1703 2402 1756 λισσαν
2422 1719 2438 1735 ·
2461 1704 2528 1777 ἦν
2554 1721 2718 1775 φησιν
2748 1706 2779 1776 ἡ
2805 1706 2994 1777 Γραφὴ
3014 1709 3080 1778 τῇ
3107 1706 3263 1779 ῥώμῃ
3297 1710 3394 1779 μὲν
3420 1705 3558 1763 εἶναι
3592 1711 3789 1781 ἀσθενῆ

529 1801 749 1871 quidem
802 1798 1072 1852 infirmam
1115 1800 1277 1853 esse‘
1318 1797 1619 1867 (nunquam
1675 1797 1819 1851 enim
1868 1797 1988 1850 visa
2023 1804 2101 1851 est

2215 1797 2296 1861 (οὑ
2332 1796 2439 1867 γὰρ
2472 1795 2627 1866 ὤφθη
2684 1798 2812 1850 ποτὲ
2858 1799 2976 1851 ὅλον
3030 1799 3343 1872 δρεψαμένη
3379 1802 3439 1854 τὸ
3485 1802 3671 1869 ἄνθος,
3699 1805 3789 1859 καὶ

529 1902 701 1947 totum
725 1892 982 1962 colligere
1009 1890 1218 1954 florem,
1239 1901 1292 1944 et
1323 1905 1489 1960 super
1520 1890 1744 1945 dorsum
1772 1890 1839 1944 ad
1868 1889 2106 1944 alvearia

528 1988 790 2055 portare),
818 1981 913 2036 sed
947 1989 1164 2035 tenuem
1199 1980 1460 2049 illom'qui
1487 1979 1539 2033 in
1568 1979 1749 2034 medio
1773 1977 1924 2033 floris
1946 1976 2104 2049 quasi

528 2076 769 2146 lanugini
805 2074 1065 2138 adhaeret,
1094 2072 1198 2127 alis
1223 2086 1516 2126 excussum
1550 2071 1828 2142 pulverem
1860 2060 2106 2125 curvatis

528 2168 830 2235 suscipiens
853 2164 1130 2229 cruribus,
1164 2178 1257 2232 per
1281 2161 1370 2216 illa
1395 2164 1591 2217 scitum
1617 2161 1746 2216 illud
1771 2160 1939 2217 efficit
1968 2174 2107 2231 opus

527 2261 678 2315 senis
712 2258 910 2329 pedum
932 2254 1242 2309 curvaturis
1272 2269 1498 2310 numero
1530 2269 1688 2324 pares
1743 2255 1799 2309 in
1838 2253 2103 2308 directum

523 2353 773 2408 excitans
815 2349 1063 2419 angulos,
1097 2362 1159 2401 ac
1205 2363 1301 2417 per
1333 2344 1574 2401 medium
1621 2332 1838 2400 levitate
1866 2344 2102 2407 alarum,

524 2443 682 2515 quasi
720 2441 1042 2513 quihusdam
1069 2437 1342 2502 uncturis,
1398 2446 1589 2492 tenues
1620 2437 1743 2492 illos
1792 2436 1845 2489 in
1884 2434 2104 2489 modum

526 2537 855 2591 membranae
884 2534 1154 2602 parietum
1184 2530 1404 2602 ordines
1424 2528 1722 2599 expeliens.
1750 2527 1904 2611 Quod
1939 2526 1986 2582 si
2022 2525 2106 2580 fu-

524 2638 706 2681 turum
745 2633 830 2679 est
878 2634 937 2677 ut
991 2631 1176 2678 nostra
1217 2636 1434 2693 quoque
1467 2620 1644 2675 oratio
1689 2628 1744 2675 et
1782 2620 2004 2691 regibus
2050 2627 2106 2675 et

528 2717 754 2788 privatis
784 2715 1118 2789 hominibus,
1155 2723 1214 2767 ut
1244 2714 1425 2784 inquit
1454 2711 1740 2779 Solomon,
1778 2711 1844 2766 ad
1899 2711 2106 2766 sanita.

527 2819 633 2863 tem
674 2807 962 2859 condurat.
1003 2805 1253 2873 precibus
1284 2815 1337 2859 et
1367 2804 1506 2858 rotis
1530 2817 1649 2858 eam
1679 2803 1913 2874 gratiam
1942 2802 2104 2860 nobis

528 2899 731 2969 pariter
762 2895 1120 2949 conciliemus
1166 2902 1221 2948 et
1261 2911 1361 2964 ego
1393 2904 1446 2949 et
1480 2910 1593 2950 vos.
1656 2893 1895 2951 Lucrhm
1955 2894 2104 2949 enim

525 3002 817 3045 commune
878 2992 1002 3050 est,
1051 2986 1160 3040 imo
1214 2986 1386 3056 major
1436 3000 1564 3055 pars
1608 2985 1725 3056 ejus
1757 2992 1939 3040 vestra
1967 2993 2054 3039 est
2087 3000 2133 3039 ι’

525 3075 965 3149 quandoquidem
1023 3074 1269 3144 accipere
1324 3073 1529 3143 aliquid
1581 3072 1712 3128 boni
1761 3072 1886 3142 plus
1945 3069 2100 3126 affert
2129 3094 2172 3155 ο

526 3172 687 3234 lucri,
712 3183 875 3238 quam
903 3166 1107 3236 aliquid
1143 3164 1402 3236 priebere.
1447 3162 1609 3219 Vetat
1654 3163 2006 3233 Evangelium
2046 3164 2099 3216 in

524 3275 675 3319 utres
696 3244 914 3316 ‘veteres
961 3259 1147 3313 vinum
1178 3272 1377 3311 novum
1434 3254 1723 3310 infundere
1768 3256 1826 3307 ἐ
1872 3254 2100 3310 forsitan

516 3356 592 3411 ad
631 3355 741 3409 haec
758 3360 1003 3421 tempora
1025 3360 1233 3421 spectat
1265 3348 1535 3405 sermonis
1561 3346 1689 3402 tecti
1731 3344 2098 3401 involucrum.

522 3447 660 3502 Nam
708 3446 892 3500 vinum
934 3457 1123 3498 recens
1164 3454 1506 3511 expressum,
1558 3445 1778 3510 propter
1824 3452 1947 3492 eum
2006 3436 2099 3506 qui

512 3539 851 3596 naturaliter
935 3535 1151 3592 exsisdt
1225 3534 1278 3587 in
1332 3548 1399 3587 eo
1477 3531 1709 3602 liquoris
1785 3529 2096 3594 fervorem,

518 3632 653 3686 ﬂatu
688 3630 914 3700 plenum
966 3634 1071 3690 est,
1122 3622 1360 3679 naturali
1412 3629 1561 3677 motu
1598 3621 1822 3677 limosas
1877 3620 1953 3677 ab.
1978 3634 2099 3675 sese

430 3772 439 3780 .
520 3740 616 3795 per
676 3735 928 3793 spumam
974 3716 1251 3773 exhalans
1314 3724 1477 3785 atque
1540 3712 1795 3783 rejiciens
1882 3711 2096 3767 sordes.

523 3816 637 3871 Hoc
666 3822 846 3869 autem
902 3810 1037 3864 nihil
1091 3806 1239 3861 aliud
1286 3813 1392 3864 est,
1434 3811 1495 3858 ut
1554 3818 1673 3858 mea
1732 3802 1952 3874 quidem
1994 3801 2097 3857 fert

520 3900 726 3972 opinio,
748 3898 862 3952 nisi
918 3911 982 3949 ea
1043 3908 1164 3963 quae
1222 3891 1291 3946 de
1342 3890 1551 3959 Spiritu
1599 3899 1795 3947 sancto
1855 3890 2092 3946 traditur

520 3992 791 4055 doctrina,
839 3982 1296 4056 quemadmodum
1341 3980 1474 4036 dicit
1524 3981 1845 4052 Apostolus,
1891 3980 2095 4049 Spiritu

521 4077 830 4150 ferventes',
849 4090 1010 4146 quam
1038 4081 1227 4143 putres
1253 4069 1687 4142 pertinentesque
1717 4081 1868 4128 utres
1897 4087 1959 4126 ac
1984 4088 2095 4144 prae

522 4168 897 4225 incredulitate
921 4162 1205 4219 inveterati
1236 4177 1343 4215 non
1364 4161 1675 4225 continent,
1709 4162 1803 4216 sed
1837 4162 2094 4218 doctrina!

516 4261 803 4332 majestate
833 4263 1179 4327 rumpuntur.
1198 4253 1411 4309 Idcirco
1432 4254 1478 4310 si
1506 4268 1612 4325 qna
1644 4254 1895 4309 sublimis
1921 4255 2003 4311 eis
2025 4269 2091 4309 ex

516 4357 762 4413 doctrina
821 4354 1130 4422 ingenerata
1187 4348 1350 4404 fuerit
1402 4349 1704 4415 sententia,
1764 4347 2094 4403 scinduntur

515 4556 614 4612 per
642 4547 923 4609 rupturam
946 4534 1167 4591 inutiles
1189 4531 1514 4594 redduntur,
1546 4538 1660 4585 tum
1685 4530 1924 4586 efﬁciunt
1953 4542 2009 4585 ut
2032 4530 2086 4585 in

517 4647 715 4688 vanum
756 4646 823 4685 ac
893 4627 1101 4684 frustra
1152 4624 1333 4682 efﬂuat
1401 4623 1579 4695 gratia
1616 4621 1858 4693 Spiritus
1889 4622 2083 4676 sancti.

513 4724 575 4779 In
614 4722 854 4776 animum
904 4718 1051 4774 enim
1082 4717 1415 4772 malitiosum
1457 4712 1725 4785 sapientia
1772 4727 1880 4767 non
1910 4712 2088 4782 ingre-

512 4815 716 4881 dietur,
774 4809 1231 4883 quemadmodum
1286 4808 1464 4879 inquit
1530 4805 1819 4877 Scriptura
1877 4804 1919 4859 ⁸.
1975 4804 2088 4859 lmo

511 4907 674 4979 agite,
704 4903 1001 4976 permittite
1018 4900 1147 4954 mihi
1169 4912 1467 4970 pauperum
1482 4893 1936 4965 consuetudinem
1961 4894 2085 4948 imi-

509 5000 613 5055 tari
656 5016 670 5054 :
708 5012 834 5052 nam
875 5001 930 5051 et
957 4993 1033 5048 illi
1081 4992 1280 5054 solent,
1312 5006 1436 5045 cum
1483 4988 1681 5063 aliquis
1732 5003 1829 5043 eos
1859 4987 2083 5062 opipara

509 5103 700 5145 mensa
764 5087 927 5143 fuerit
973 5085 1250 5155 dignatus,
1308 5088 1518 5136 remoto
1541 5080 1751 5151 pudore
1785 5079 1855 5134 de
1906 5079 2084 5149 epulis

510 5181 613 5236 sibi
644 5178 912 5251 appositis
945 5176 1106 5231 etiam
1161 5174 1217 5229 in
1274 5182 1548 5243 posterum
1590 5170 1733 5226 diem
1763 5169 1917 5225 cibos
1956 5185 2084 5240 pro-

509 5271 714 5324 videre.
744 5265 981 5323 Proinde
1009 5280 1112 5336 ego
1163 5279 1384 5335 quoque
1411 5277 1478 5316 ex
1512 5261 1766 5336 hesterna
1828 5260 2081 5329 magnifi-

509 5359 687 5414 centia
704 5358 918 5429 exiguis
939 5333 1270 5427 quibusdam
1290 5333 1626 5424 depromptis
1641 5352 1910 5422 reliquiis,
1931 5351 2083 5405 illinc

509 5442 611 5521 pro
629 5451 839 5507 viribus
862 5451 1000 5505 meis
1026 5448 1313 5505 conﬁciam
1347 5446 1675 5508 orationem,
1709 5444 1967 5513 pleraque
1991 5458 2083 5498 eo-

509 5556 654 5609 rum,
731 5555 853 5611 quae
909 5539 1070 5595 hodie
1125 5537 1403 5609 pr0posita
1455 5542 1605 5600 sunt,
1660 5532 2081 5603 perfectioribus

2212 1886 2350 1955 ὑπὲρ
2379 1887 2548 1939 νῶτον
2588 1888 2682 1940 ἐπὶ
2710 1888 2910 1958 σίμϐλα
2950 1888 3297 1962 κομίζουσα),
3328 1891 3463 1946 ἀλλά
3509 1892 3570 1945 τὸ
3598 1892 3789 1946 λεπτόν

2209 1980 2301 2030 καὶ
2323 1978 2555 2048 χνοῶδες
2588 1981 2688 2050 τῆς
2728 1979 2785 2031 ἐν
2818 1978 2895 2049 τῷ
2948 1980 3100 2049 μέσῳ
3148 1980 3321 2051 κόμης
3362 1980 3677 2051 ἐκτιναχθὲν
3705 1981 3790 2035 διὰ

2207 2070 2315 2122 τῶν
2332 2070 2617 2141 πτερύγων
2641 2072 2761 2133 ταῖς
2790 2070 3051 2139 ἀγκύλαις
3088 2070 3449 2135 ὑπολαϐοῦσα,
3473 2072 3540 2124 δι’
3570 2071 3789 2125 ἐκείνων

2208 2162 2497 2233 ἐργάζεται
2530 2162 2628 2232 τὴν
2651 2161 2818 2233 σοφὴν
2849 2163 3111 2234 ἐργασίαν
3134 2163 3371 2234 ἐκείνην,
3402 2164 3520 2225 ταῖς
3541 2163 3599 2230 ἒξ
3622 2165 3791 2232 ἀγκύ-

2207 2252 2327 2316 λαις
2381 2252 2701 2324 ἰσαρίθμους
2732 2253 2933 2321 γωνίας
2961 2254 3040 2317 εἰς
3079 2252 3261 2325 ὄρθιον
3306 2255 3790 2326 ἀνεγείρουσα.καὶ

2207 2342 2292 2396 διὰ
2342 2343 2508 2414 μέσου
2558 2345 2625 2413 τῇ
2678 2343 2913 2413 λειότητι
2965 2341 3074 2397 τῶν
3126 2343 3442 2414 πτερύγων,
3487 2340 3598 2397 οἷόν
3652 2361 3788 2398 τισιν

2208 2433 2476 2503 ἀλοιφαῖς,
2501 2434 2627 2496 τοὺς
2652 2432 2882 2496 λεπτοὺς
2904 2433 3143 2497 ἐκείνους
3166 2434 3259 2486 καὶ
3283 2433 3574 2504 ὑμενώδεις
3599 2433 3789 2507 [σ]τοί-

2207 2541 2333 2595 χους
2366 2524 2766 2578 ἐπιλεαίνουσα.
2801 2525 2861 2576 Εἰ
2894 2523 2950 2576 δὲ
3003 2522 3184 2594 μέλλοι
3216 2524 3310 2577 καὶ
3339 2527 3367 2577 ὁ
3399 2525 3669 2596 ἡμέτερος
3703 2526 3789 2579 λό-

2207 2633 2302 2684 γος
2339 2615 2620 2687 βασιλεῦσί
2655 2633 2711 2669 τε
2744 2615 2838 2669 καὶ
2878 2614 3145 2680 ἰδιώταις,
3180 2614 3359 2678 καθώς
3389 2633 3553 2687 φησιν
3576 2619 3604 2669 ὁ
3642 2616 3789 2670 Σολο-

2208 2704 2347 2778 μὼν,
2383 2708 2464 2770 εἰς
2486 2706 2697 2776 ὑγίειαν
2719 2708 3026 2779 ἐπιτήδειος
3051 2705 3466 2779 γίνεσθαι,εὑχῇ
3500 2709 3600 2781 τὴν
3628 2710 3785 2782 χάριν

2205 2797 2638 2869 ἐπισπασώμεθα
2702 2796 2813 2867 ἐγώ
2871 2814 2932 2851 τε
2986 2797 3079 2851 καὶ
3146 2798 3304 2869 ὑμεῖς
3370 2800 3780 2872 παραπλησίως.

2202 2887 2396 2940 Κοινὸν
2421 2886 2531 2959 γὰρ
2562 2887 2623 2941 τὸ
2651 2889 2865 2960 κέρδος,
2901 2889 3101 2960 μᾶλλον
3123 2890 3179 2944 δὲ
3207 2890 3268 2943 τὸ
3296 2890 3460 2967 πλέον
3493 2894 3778 2966 ὑμέτερον·

2203 2976 2432 3049 ἐπείπερ
2462 2976 2523 3031 τὸ
2559 2977 2745 3031 λαϐεῖν
2768 2996 2821 3042 τι
2851 2979 3012 3034 καλὸν
3049 2981 3143 3035 τοῦ
3177 2986 3478 3054 παρασχεῖν
3507 3001 3560 3038 τι
3591 2986 3781 3057 κερδα-

2204 3067 2487 3141 λεώτερον.
2522 3071 2876 3145 ’Λπαγορεύει
2893 3074 2954 3126 τὸ
2972 3073 3300 3144 Εὑαγγέλιον
3330 3077 3575 3142 παλαιοῖς
3597 3079 3781 3141 ἀσκοῖς

2208 3156 2348 3214 οἶνον
2386 3161 2505 3217 νέον
2549 3164 2996 3218 ἐναποτίθεσθαισ
3030 3167 3170 3237 τάχα
3226 3167 3365 3239 πρὸς
3412 3169 3504 3222 τὸν
3547 3170 3783 3241 παρόντα

2208 3253 2399 3324 καιρὸν
2430 3252 2616 3324 βλέπει
2644 3255 2706 3309 τὸ
2739 3256 2988 3326 αἴνιγμα.
3047 3258 3106 3312 Ὀ
3146 3257 3254 3330 γὰρ
3305 3248 3584 3331 νεοθλιϐὴς
3622 3258 3779 3326 οἶνος,

2206 3342 2294 3397 διὰ
2319 3344 2417 3415 τὴν
2448 3346 2691 3415 φυσικῶς
2717 3349 3074 3419 ἑγγινομένην
3097 3348 3192 3402 τοῦ
3230 3349 3399 3422 ὑγροῦ
3428 3350 3596 3415 ζέσιν,
3616 3355 3784 3407 Πνεὺο

2210 3450 2379 3503 ματος
2415 3436 2631 3508 πλήρης
2679 3439 2825 3505 ἐστὶ,
2852 3438 2941 3492 διὰ
2968 3440 3067 3510 τῆς
3117 3442 3353 3511 φυσικῆς
3397 3443 3663 3514 κινήσεως
3706 3445 3785 3512 ἐξ·

2205 3526 2452 3597 αφρίζων
2479 3528 2569 3581 τὸν
2608 3528 2799 3601 ἰλυώδη
2823 3531 2994 3599 ῥύπον
3018 3531 3111 3601 ἀφ’
3134 3518 3341 3586 ἐαυτοῦ.
3364 3533 3531 3589 Τοῦτο
3556 3535 3612 3589 δὲ
3635 3536 3783 3591 οὐδὲν

2204 3616 2332 3669 ἄλλο
2369 3616 2486 3671 ἐστὶ
2512 3659 2527 3684 ,
2562 3620 2704 3674 κατά
2732 3637 2795 3689 γε
2838 3620 2928 3674 τὸν
2973 3621 3105 3692 ἐμὸν
3154 3622 3327 3692 λόγον,
3373 3625 3470 3696 ἣή
3517 3629 3643 3700 περὶ
3689 3629 3780 3682 τοῦ

2204 3709 2361 3778 ἁγίου
2420 3710 2732 3781 Πνεῦματος
2767 3711 3080 3766 διδασκαλία
3102 3755 3115 3779 ,
3149 3714 3327 3780 καθώς
3362 3734 3526 3788 φησιν
3549 3722 3578 3773 ὁ
3627 3721 3783 3773 ’Λιπό-

2206 3800 2408 3866 στολος,
2438 3802 2518 3856 ὅτι
2554 3801 2637 3869 Τῷ
2679 3804 2974 3872 Πνεύματι
3020 3804 3282 3873 ζέοντες,
3308 3808 3375 3879 ἢν
3404 3811 3453 3861 οί
3490 3810 3680 3884 σαθροεί
3721 3830 3777 3865 τε

2203 3892 2297 3945 καὶ
2327 3883 2705 3963 δίερρυηκότες
2742 3894 2934 3960 ἀσκοὶ,
2975 3896 3072 3949 καὶ
3118 3897 3222 3950 ὑπὸ
3254 3898 3351 3969 τῆς
3390 3883 3647 3968 ἀπιστίας
3680 3922 3776 3958 πε-

2158 4055 2166 4064 .
2203 3982 2568 4052 παλαιωμένο“ι
2596 3985 2655 4037 οὑ
2701 3986 3013 4055 στέγουσιν,
3047 3986 3181 4042 ἀλλά
3220 3994 3682 4064 περιρῤήγνυνται
3711 4003 3771 4070 τῇ

2205 4075 2541 4147 μεγαλοφυΐᾳ
2577 4077 2668 4130 τοῦ
2710 4078 2998 4149 δόγματος.
3031 4079 3127 4134 Διά
3169 4082 3326 4135 τοῦτο
3349 4085 3445 4140 ἐάν
3487 4104 3538 4141 τι
3579 4089 3776 4162 ὑψηλὸν

2201 4164 2382 4227 αὐτοῖς
2415 4166 2478 4217 ἐκ
2520 4165 2866 4232 διδασκαλίας
2916 4170 3202 4241 ἐγγένηται
3255 4173 3435 4245 νόημα
3457 4215 3472 4240 ,
3504 4175 3774 4247 σχίζονται

2199 4259 2327 4332 περὶ
2361 4258 2452 4312 τὸν
2477 4258 2639 4327 όγκον
2666 4259 2759 4313 τοῦ
2791 4260 3057 4331 δόγματος
3077 4278 3090 4294 ·
3122 4264 3216 4318 καὶ
3236 4264 3390 4319 αὐτοί
3414 4283 3477 4335 γε
3500 4268 3776 4339 ἀχρειοῦν-

2198 4367 2289 4403 ται
2319 4349 2405 4403 διὰ
2436 4350 2530 4403 τοῦ
2574 4352 2871 4423 ρήγματος,
2908 4354 3006 4424 τήν
3047 4371 3108 4407 τε
3144 4356 3239 4409 τοῦ
3272 4340 3772 4435 Πνεῦματοςχιὶριν

464 4439 484 4456 ⁸
517 4450 665 4503 circa
694 4444 1106 4516 amplitudinem
1136 4440 1402 4496 doctrinae
1433 4454 1447 4491 :
1490 4453 1555 4493 ac
1575 4454 1703 4494 cum
1734 4438 1840 4509 ipsi
1866 4439 2088 4508 quidem

2203 4443 2317 4512 εἰκῆ
2380 4442 2524 4512 ῥέειν
2568 4443 3098 4514 παρασκευάζουσιν.
3132 4446 3229 4511 Εἰς
3279 4449 3388 4520 γὰρ
3450 4453 3770 4523 κακότεχνον

2192 4535 2370 4606 ψυχὴν
2401 4535 2499 4588 οὑκ
2548 4534 2913 4590 εἰσελεύσεται
2943 4538 3123 4609 σοφία,
3159 4539 3341 4605 καθώς
3375 4558 3539 4614 φησιν
3567 4547 3600 4615 ὴ
3636 4546 3769 4618 Γρα-

2195 4626 2292 4697 φή.
2328 4624 2545 4679 Μᾶλλον
2595 4625 2652 4679 δὲ
2712 4629 3105 4701 συγχωρήσατέ
3156 4647 3246 4701 μοι
3292 4633 3639 4703 μιμήσασθαι
3676 4636 3769 4707 τὴν

2193 4716 2301 4771 τῶν
2347 4717 2591 4788 πενήτων
2648 4718 2934 4789 συνήθειαν
2965 4736 2980 4753 ³
3014 4722 3138 4775 ἐπεὶ
3174 4722 3445 4788 κάκείνοις
3505 4726 3730 4797 σύνηθες
3751 4766 3765 4790 ,

2192 4811 2319 4865 ὅταν
2343 4810 2472 4864 ποτὲ
2501 4810 2759 4874 πλουσίας
2784 4812 3052 4878 ἀξιωθῶσι
3092 4815 3392 4887 τραπέζης,
3411 4818 3767 4890 ἀνεπαισχύν-

2190 4919 2300 4965 τως
2341 4904 2406 4955 ὲκ
2456 4900 2564 4953 τῶν
2603 4901 2972 4973 προτεθέντων
3008 4904 3211 4968 αὑτοῖς,
3233 4906 3328 4960 καὶ
3368 4908 3449 4971 εἰς
3484 4910 3587 4980 τὴν
3617 4911 3769 4964 ὑστε-

2194 4994 2351 5065 ραίαν
2380 4990 2790 5057 ἐπισιτίζεσθαι.
2817 4991 2988 5061 Κάγὼ
3017 4994 3195 5049 τοίνυν
3229 4997 3292 5050 ἐκ
3322 4998 3422 5069 τῆς
3449 5000 3640 5073 χθιζῆς
3676 5019 3768 5055 πο-

2190 5082 2466 5144 λυτελείας
2489 5083 2682 5154 μικρόν
2700 5100 2753 5136 τι
2771 5086 3259 5158 προχειρισάμενος
3276 5087 3544 5160 λείψανον,
3561 5093 3766 5147 ἐκεῖθεν

2189 5172 2331 5225 κατά
2361 5171 2458 5243 τὴν
2486 5171 2725 5242 ἐμαυτοῦ
2759 5170 2987 5242 δύναμιν
3029 5176 3339 5246 ὀψοποιήσω
3367 5178 3457 5233 τὸν
3489 5180 3662 5250 λόγον,
3703 5190 3767 5236 τά

2189 5262 2358 5317 πολλά
2411 5263 2519 5315 τῶν
2553 5264 2790 5335 σήμερον
2850 5266 3219 5335 προτεθέντων
3267 5273 3382 5334 τοῖς
3416 5271 3765 5346 τελειοτέροις

2188 5353 2297 5406 τῶν
2328 5354 2664 5424 δαιτυμόνων
2690 5358 3144 5427 ταμιευσάμενος.
3182 5360 3247 5413 Τί
3282 5361 3461 5416 τοίνυν
3488 5359 3558 5435 ἦν
3580 5364 3643 5418 τὸ
3670 5364 3765 5433 τῆς

2190 5443 2382 5514 χθιζῆς
2426 5443 2746 5509 πανδαισίας
2798 5445 3043 5517 ἄϐρωτόν
3091 5467 3149 5503 τε
3195 5452 3287 5505 καὶ
3327 5453 3760 5528 ἀκατέργασιον;
3818 5492 3821 5495 -

2200 5532 2267 5587 Ἦ
2292 5534 2400 5589 τῶν
2439 5535 2810 5590 ἁποστολικῶν
2843 5537 3093 5608 πράξεων
3141 5542 3351 5615 ἱστορία
3375 5545 3475 5619 τὴν
3508 5536 3567 5601 ἐν
3606 5546 3758 5617 Ἀθη·

579 5697 597 5729 ¹
629 5694 797 5751 Eccli.
842 5708 917 5759 xi,
945 5692 1000 5746 '5.
1076 5692 1095 5721 '
1132 5690 1320 5783 Matth.
1357 5708 1429 5753 ix,
1468 5692 1551 5744 l7.
1629 5691 1649 5721 ³
1680 5690 1841 5749 Rom.
1866 5708 1965 5759 xu,
1996 5692 2081 5747 lt.

2216 5690 2345 5763 Sap.
2391 5706 2429 5759 ι,
2459 5692 2511 5746 4.
