4084 6158
346 332 453 392 557

1243 318 1334 375 DE
1354 272 1652 376 DElTATE
1680 318 1835 374 mu
1868 316 1954 371 er
1991 315 2312 373 SPlRlTUS
2352 300 2615 372 SANC‘TI.

3501 313 3607 372 558

347 467 470 515 ναις
514 443 809 515 ἐπιδημίαν
867 441 961 497 τοῦ
993 439 1206 498 Παύλου
1258 440 1556 512 διηγήσατο
1612 440 1774 510 ἡμῖν,
1806 437 1924 500 πῶς

2051 435 2272 490 :onvivis
2304 448 2617 491 reservans.
2647 432 2780 500 Qum
2835 439 2965 490 sunt
2996 432 3158 502 igitur
3188 424 3431 489 hesterni
3460 434 3606 503 epuli

349 533 838 608 εἰδωλομανοῦντος
868 531 962 586 τοῦ
984 532 1111 603 τῇδε
1141 529 1294 598 λαοῦ,
1334 530 1431 583 καὶ
1463 531 1582 594 ταῖς
1607 527 1928 599 ὲπιόωμίοις

351 631 599 692 κνίσσαις
637 610 1067 699 προστετηκότος
1091 662 1105 687 ,
1136 621 1195 676 rb
1216 621 1441 693 Πνεῦμα
1472 621 1533 676 τὸ
1579 620 1735 690 ἅγιον
1763 621 1821 673 ὲν
1840 619 1928 699 ,τῷ

354 718 611 792 μακαρίῳ
655 694 1004 787 παρωξύνετο
1055 711 1273 783 Παύλῳ,
1301 706 1411 767 οἷόν
1438 728 1489 764 τι
1521 710 1700 783 ῥεῦμα
1751 694 1930 780 πλήμ-

355 814 529 886 μύρον
564 813 622 866 ὲν
652 809 879 882 τῇψυχῇ
917 806 1011 871 τοῦ
1056 804 1376 860 ’Δποστόλου
1408 802 1927 876 στενοχωρούμενον,

352 908 448 963 κα)⁸
478 907 556 978 μὴ
594 904 846 976 εὑρίσκον
878 903 936 957 ὲν
983 902 1094 966 τοῖς
1127 900 1366 968 ἀναξίοις
1409 901 1507 972 τὴν
1548 899 1796 965 διέξοδον.
1833 899 1931 952 Διά

354 997 513 1052 τοῦτο
533 997 792 1060 Στωϊκοῖς
836 1011 897 1048 τε
942 992 1038 1047 καὶ
1097 991 1487 1064 Ἐπικουρείοις
1542 992 1927 1064 συμπλέκεται,

356 1092 450 1146 καὶ
491 1092 572 1154 είς
629 1090 844 1161 Ἀρειον
874 1085 1151 1151 καταστάς
1198 1086 1392 1156 πάγον,
1433 1087 1499 1140 ὲκ
1525 1086 1632 1140 τῶν
1689 1085 1932 1155 συνήθων

356 1183 554 1246 αὐτοὺς
576 1181 712 1254 πρὸς
735 1182 836 1251 τὴν
860 1168 1189 1249 θεογνωσίαν
1219 1179 1552 1251 προσάγεται
1573 1195 1584 1209 ⁸
1621 1178 1801 1249 βωμὸς
1826 1178 1934 1248 γάρ

357 1274 504 1326 ἐστιν
549 1269 698 1341 αύτῷ
724 1271 819 1325 καὶ
852 1270 1199 1342 ἐπίγραμμα,
1221 1268 1281 1322 τὸ
1308 1267 1402 1322 τοῦ
1433 1268 1591 1337 λόγου
1630 1267 1931 1340 προοίμιον.

350 1364 452 1427 ¹Εἰς
477 1362 531 1415 τί
563 1361 739 1416 τοίνυν
768 1360 1044 1433 ἐμνήσθην
1072 1359 1166 1414 τοῦ
1200 1358 1656 1431 ἀναγνώσματος,
1691 1360 1814 1413 Ὅτι
1841 1360 1935 1413 καὶ

360 1454 452 1510 νῦν
482 1455 588 1507 εἰσι
636 1444 755 1507 κατ’
797 1452 1040 1517 ἐκείνους
1092 1451 1219 1515 τοὺς
1270 1450 1617 1522 Ἀθηναίους,
1652 1452 1733 1513 εἰς
1784 1450 1935 1503 οὐδὲν

358 1546 545 1617 ἕτερον
593 1543 1003 1616 εύκαιροῦντες,
1031 1543 1063 1615 ἤ
1094 1542 1272 1612 λέγειν
1302 1560 1353 1597 τι
1384 1543 1476 1597 καὶ
1502 1542 1721 1597 ἀκούειν
1757 1541 1937 1596 καινό-

284 1698 300 1712 ,
363 1654 536 1709 τερον,
567 1635 910 1707 χθιζοί.τινες
939 1636 1030 1690 καὶ⁵
1055 1633 1282 1707 πρὼῖζοι
1300 1637 1361 1690 ὲκ
1382 1636 1488 1689 τῶν
1516 1635 1797 1706 βαναύσων
1821 1635 1938 1687 ἐπι-

359 1726 712 1798 τηδευμάτων
762 1724 1093 1796 ὁρμώμενοι,
1145 1724 1476 1797 αύτοσχέδιοί
1508 1743 1650 1789 τινες
1685 1726 1785 1797 τῆς
1824 1724 1938 1779 Oso-

359 1818 549 1887 ).ογίας
605 1816 982 1887 δογματισταὶ,
1020 1817 1161 1887 τάχα
1193 1816 1336 1881 τινὲς
1374 1817 1585 1871 οίκέται
1618 1818 1712 1871 καὶ
1748 1834 1939 1888 μαστι-

360 1911 512 1980 γίαι,
545 1911 639 1964 καὶ
682 1909 791 1962 τῶν
842 1909 1106 1964 δουλικῶν
1173 1909 1586 1980 διακονημάτων
1635 1908 1937 1981 δραπέται,

362 2001 580 2071 σεμνῶς
610 2002 742 2071 ἡμῖν
781 2001 909 2071 περὶ
945 1999 1055 2055 τῶν
1094 1999 1352 2071 ἀλήπτων
1387 1999 1787 2069 φιλοσοφοῦσιν.
1829 2001 1941 2053 ούκ

361 2096 609 2164 ἀγνοεῖτε
641 2094 877 2160 πάντως,
909 2094 1045 2165 πρὸς
1085 2093 1234 2158 τίνας
1266 2096 1295 2147 ὁ
1320 2092 1477 2161 λόγος
1513 2092 1720 2163 βλέπει.
1757 2091 1940 2146 Πάντα

362 2184 473 2255 γὰρ
505 2183 574 2237 τά
618 2183 758 2237 κατά
800 2183 899 2253 τὴν
940 2182 1093 2235 πόλιν
1133 2181 1243 2235 τῶν
1270 2182 1524 2237 τοιούτων
1564 2182 1938 2254 πεπλήρωται,

363 2277 415 2329 οί
447 2275 746 2338 στενωποὶ,
792 2275 847 2326 αί
884 2271 1113 2343 ἀγοραὶ,
1144 2274 1200 2325 αί
1241 2270 1523 2337 πλατεῖαι,
1571 2270 1637 2325 τὰ
1694 2271 1940 2341 ἀμφοδα’

363 2369 414 2420 οἱ
440 2366 550 2419 τῶν
581 2365 811 2436 ἱματίων
864 2364 1122 2434 κάπηλοι,
1147 2364 1195 2417 οἱ
1234 2366 1351 2427 ταῖς
1380 2362 1681 2434 τραπέζαις
1712 2365 1940 2432 ἑφεστης

364 2459 547 2521 κότες,
598 2458 648 2509 οἱ
704 2456 773 2509 τὰ
830 2454 1062 2526 ἐδώδιμα
1116 2457 1251 2526 ἡμῖν
1309 2454 1770 2526 ἀπεμπολοῦντες.
1821 2454 1945 2507 Ἐὰν

367 2549 497 2619 περὶ
534 2546 642 2601 τῶν
665 2546 866 2601 ὀϐολῶν
894 2546 1200 2617 ἐρωτήσῃς,
1241 2546 1270 2600 ὁ
1298 2545 1356 2599 δέ
1396 2564 1478 2600 σοι
1520 2547 1648 2618 περὶ
1688 2547 1944 2617 γεννητοῦ

367 2643 465 2696 καὶ
520 2639 815 2709 ἀγεννήτου
852 2637 1211 2708 ἐφιλοσόφησε
1232 2655 1246 2668 ⁸
1286 2637 1392 2692 κᾶν
1452 2639 1580 2706 περὶ
1641 2639 1948 2709 τιμήματος

369 2734 537 2803 ἄρτου
571 2730 781 2796 πύθοιο,
822 2730 1040 2794 Μείζων
1067 2732 1096 2783 ό
1122 2728 1331 2801 Πατὴρ,
1359 2728 1712 2800 ἀποκρίνεται
1737 2769 1751 2791 ,
1784 2728 1878 2782 καὶ
1920 2730 1949 2781 ὁ

370 2822 499 2886 Υἱὸς
524 2819 853 2892 ὑποχείριος.
890 2821 953 2873 Εἰ
991 2820 1066 2883 δὲ,
1098 2820 1171 2873 Τὸ
1197 2819 1419 2891 λουτρὸν
1452 2817 1753 2889 ἐπιτήδειόν
1779 2821 1946 2883 ἐστιν,

367 2914 546 2978 εῖποις
565 2955 580 2980 ,
608 2915 636 2967 ὁ
662 2912 721 2966 δὲ
751 2912 811 2977 ἐξ
838 2913 938 2965 οὐκ
969 2911 1136 2965 ὄντων
1173 2911 1264 2965 τὸν
1298 2910 1424 2965 Υίὸν
1466 2906 1604 2989 εῖναι
1641 2910 1946 2983 διωρίσατο.

373 3004 489 3057 Οὐκ
513 2998 630 3057 οἶδα
656 3003 709 3056 τί
736 3002 839 3074 χρὴ
872 3003 933 3056 rb
985 3001 1152 3056 κακὸν
1194 3002 1352 3056 τοῦτο
1391 3003 1677 3073 ὀνομάσαι,
1709 3005 1950 3074 φρενῖτιν

2028 528 2294 599 reliquiae,
2323 541 2461 597 quas
2481 525 2722 581 convivat
2754 540 2862 581 non
2891 523 3246 580 comederunt
3276 540 3451 596 neque
3480 539 3611 580 con-

2029 620 2333 676 coxerunt?
2383 618 2625 676 Historia
2689 626 2934 673 actorum
2985 618 3437 688 apostolicorum,
3488 633 3612 688 qua:

1976 777 1980 780 7
2031 712 2191 768 nobis
2234 711 2496 767 narrabat
2565 719 2625 764 ut
2678 709 2908 764 Athenis
2960 708 3160 778 hospes
3225 707 3430 763 Paulus
3490 723 3612 763 sese

2032 813 2267 875 gereret,
2300 800 2760 873 quemadmodum
2800 800 3002 871 populo
3059 799 3205 855 illius
3233 800 3386 857 urbis
3414 800 3610 855 insano

2032 894 2452 951 simulacrorum
2483 892 2651 946 cultui
2683 890 2948 958 dedito,ct
2975 892 3369 946 sacriﬁciorum
3398 890 3611 946 nidori-

2034 986 2137 1040 hiis
2172 982 2409 1044 addicto,
2445 982 2683 1052 Spiritus
2711 990 2938 1037 sanctus
2970 982 3024 1035 in
3061 982 3224 1037 beato
3264 979 3438 1036 Paulo
3477 994 3613 1037 cou-

2033 1078 2315 1137 ciiai-ctur,
2348 1082 2605 1143 tauquam
2650 1073 2854 1127 ﬂumen
2906 1073 3179 1142 quoddam
3247 1074 3521 1130 inundans
3554 1076 3610 1129 in

2035 1167 2235 1222 animo
2257 1165 2501 1236 Apostoli
2531 1167 2948 1236 coangustatus,
2975 1175 3028 1219 et
3055 1164 3197 1219 inter
3218 1165 3470 1236 indignos
3505 1180 3613 1221 non

2036 1261 2318 1316 inveniens
2345 1260 2524 1314 locum
2549 1257 2893 1327 erumpendi.
2926 1254 3271 1327 Quapropter
3309 1273 3431 1311 cum
3463 1258 3610 1312 Stoi-

2036 1354 2115 1408 cis
2149 1361 2204 1406 et
2258 1350 2538 1422 Epicureis
2578 1347 2959 1415 conﬂictatur,
3023 1355 3078 1402 et
3128 1347 3183 1401 in
3221 1348 3361 1402 colle
3421 1347 3613 1404 Martio

2038 1452 2211 1509 stans,
2248 1459 2314 1498 ex
2355 1442 2570 1496 illorum
2612 1439 2896 1505 institutis
2947 1439 3244 1495 occasione
3274 1448 3516 1510 sumpta,
3546 1441 3613 1494 ad

2038 1532 2133 1586 Dei
2166 1524 2499 1602 agnitionem
2548 1543 2644 1585 eos
2698 1528 2969 1613 adducere
3021 1535 3252 1583 conatur
3285 1547 3317 1605 τί
3355 1544 3481 1584 nam
3517 1545 3616 1600 pro

2038 1623 2302 1679 orationis
2328 1621 2595 1694 prooemio
2624 1622 2791 1677 sumit
2838 1622 3011 1677 altare
3037 1620 3331 1691 quoddam,
3388 1621 3617 1693 ejusque

2038 1714 2258 1768 titulum
2285 1711 2784 1783 etinscriptionem.
2822 1710 3095 1778 Quorsum
3124 1711 3290 1782 igitur
3317 1710 3462 1768 illius
3500 1726 3601 1767 me-

2041 1805 2174 1860 mini
2203 1805 2490 1861 lectionis?
2543 1803 2812 1869 Quoniam
2861 1817 3011 1858 nunc
3069 1795 3289 1873 quoque
3321 1811 3474 1868 sunt,
3499 1805 3615 1874 qui.

2043 1897 2202 1953 sicuti
2241 1895 2605 1951 Athenienses
2630 1895 2728 1957 illi,
2764 1895 2898 1949 nulli
2935 1894 3028 1949 alii
3063 1894 3139 1948 rei
3170 1902 3393 1961 vacant,
3426 1895 3533 1951 nisi
3559 1907 3618 1949 ut

2043 1990 2229 2044 dicant
2255 1998 2309 2043 et
2341 1985 2789 2057 audiantaliquid
2807 1986 2953 2054 novi,
2974 1986 3067 2056 qui
3097 1986 3180 2041 vel
3209 1986 3326 2041 heri
3356 1987 3440 2042 vel
3456 1987 3620 2058 paulo

2044 2088 2171 2135 ante
2212 2080 2304 2155 ἐι)
2329 2064 2643 2143 sellulariis,
2698 2077 2921 2148 plebeiis
2947 2084 3003 2133 et
3060 2077 3349 2133 servilibus
3387 2078 3621 2148 opiﬁciis

2044 2172 2380 2240 prodierunt,
2407 2170 2657 2228 subitarii
2687 2181 2848 2240 atque
2869 2168 3208 2223 tumultuarii
3227 2168 3444 2239 quidam
3467 2169 3622 2225 theoo

2047 2264 2349 2334 logicarum
2379 2261 2777 2318 sententiarum
2809 2268 3093 2327 auctores,
3143 2260 3372 2316 forsitan
3431 2260 3623 2316 famuli
3694 2258 3700 2263 ’

2047 2354 2269 2423 quidam
2316 2362 2372 2409 et
2405 2354 2736 2409 verberones
2766 2367 2795 2406 a
2820 2352 3110 2411 servilibus
3140 2353 3461 2410 ministeriis
3491 2368 3623 2425 pro-

2047 2449 2183 2519 fugi,
2219 2446 2505 2517 magniﬁce
2548 2446 2707 2502 nobis
2736 2445 2805 2500 de
2842 2445 3005 2501 rebus
3057 2445 3624 2516 incomprehensibili-

2049 2541 2151 2594 bus
2175 2538 2653 2609 philosophantur.
2686 2536 2920 2595 Prorsus
2942 2537 3086 2592 haud
3110 2536 3376 2607 ignoratis
3391 2538 3460 2593 ad
3486 2554 3625 2611 quos

2049 2633 2228 2687 oratio
2251 2638 2478 2703 spectet.
2510 2632 2704 2686 Omnia
2724 2648 2961 2701 namque
2982 2632 3100 2687 loca
3131 2633 3283 2689 urbis
3307 2633 3510 2694 talibus
3533 2650 3624 2690 re-

2052 2723 2195 2792 pleta
2221 2729 2370 2789 sunt,
2410 2721 2716 2792 angiporta,
2748 2721 2915 2786 bivia,
2974 2720 3112 2788 fora,
3174 2722 3365 2792 platea:
3409 2718 3627 2779 :vesti-

2052 2822 2361 2869 mentorum
2413 2811 2715 2875 institores,
2744 2812 2956 2867 mensis
2984 2813 3315 2883 argentariis
3362 2812 3623 2883 pmfecti,

2052 2904 2144 2973 qui
2178 2901 2457 2979 esculenta
2500 2900 2659 2956 nobis
2684 2902 2946 2956 vendunt.
2987 2899 3042 2955 Si
3112 2917 3271 2972 quem
3316 2918 3509 2958 eorum
3561 2905 3630 2959 de

2053 2996 2230 3051 obolis
2255 2996 2580 3065 interroges,
2631 2994 2722 3069 ille
2770 2995 2868 3050 tibi
2907 2995 2976 3051 de
3025 2996 3191 3067 geniti
3219 3005 3274 3051 et
3323 3012 3432 3053 non
3462 2999 3627 3069 geniti

373 3095 409 3166 ἢ
436 3095 655 3166 μανίαν,
679 3096 714 3167 ἦ
746 3112 800 3148 τι
828 3093 1067 3148 τοιοῦτον
1099 3094 1266 3174 κακὸν
1295 3094 1599 3166 ἐπιδήμιον,
1627 3094 1656 3146 ὃ
1675 3094 1782 3147 τῶν
1809 3093 1951 3163 λογι-

2054 3099 2254 3145 natura
2281 3088 2724 3159 philosophatur;
2750 3087 2895 3166 quod
2919 3088 2965 3142 si
2996 3090 3059 3143 de
3091 3090 3265 3160 pretio
3309 3092 3631 3146 et‘atstima-

376 3187 531 3258 σμῶν
554 3187 651 3260 τὴν
685 3188 1010 3260 παραφορὰν
1041 3171 1416 3257 ἐξεργάζεται.

376 3275 552 3334 Filius
585 3279 864 3348 subjectus

2054 3186 2201 3239 tione
2229 3182 2388 3250 panis
2411 3179 2732 3246 scisciteris,
2775 3179 2959 3234 Pater.
2989 3180 3166 3251 major
3199 3189 3305 3246 est,
3348 3183 3548 3254 inquit,
3580 3194 3632 3240 et

924 3296 938 3332 :
979 3278 1137 3348 quod
1175 3279 1223 3333 si
1282 3278 1558 3336 lavacrum
1606 3279 1955 3334 commodum
1981 3292 2107 3334 esse
2133 3275 2361 3337 dixeris,
2398 3274 2488 3328 ille
2516 3288 2579 3328 ex
2627 3289 2735 3328 non
2783 3273 3001 3331 entibus
3025 3273 3222 3331 Filium
3256 3291 3378 3333 esse
3422 3287 3629 3334 censet.

374 3374 577 3430 Nescio
606 3388 715 3444 quo
738 3372 958 3429 nomine
1020 3372 1126 3429 hoc
1194 3372 1396 3428 malum
1466 3382 1716 3445 oporteat
1773 3374 2069 3447 appellare,
2148 3369 2445 3442 phrenesin
2517 3383 2584 3422 an
2620 3368 2858 3424 furorem
2896 3408 2911 3437 ,
2953 3378 3049 3424 aut
3098 3370 3318 3442 aliquod
3365 3372 3634 3443 ejusmodi

372 3472 582 3529 malum
609 3469 753 3540 quod
788 3470 843 3524 in
872 3470 1075 3540 populo
1097 3472 1555 3541 grassetur,quod
1613 3472 1812 3527 ediciat
1850 3471 2047 3527 mentis
2076 3467 2500 3540 perversionem.

449 3559 549 3614 Διά
585 3559 741 3613 τοῦτό
771 3576 912 3629 φημι
946 3559 1082 3625 πρὸς
1133 3559 1356 3624 τούτους
1405 3561 1624 3631 βλέπειν
1670 3562 1769 3635 τὴν
1815 3560 1959 3616 κατά

372 3652 471 3706 τὸν
505 3650 822 3705 ’Δπόστολον
853 3650 1091 3721 ίστορίαν
1114 3668 1128 3683 ο
1161 3649 1197 3705 ἃ.
1220 3651 1328 3723 γὰρ
1358 3654 1486 3724 περὶ
1510 3653 1618 3706 τῶν
1659 3653 1956 3725 Ἀθηναίων

375 3745 415 3814 ἡ
448 3741 640 3812 Γραφῇ
681 3740 1049 3812 διεξέρχεται,
1086 3741 1258 3795 ταῦτα
1306 3741 1401 3797 νῦν
1432 3742 1578 3796 ἐστιν
1616 3743 1711 3796 ἐπὶ
1754 3744 1956 3798 τούτων

380 3835 541 3889 ίδεῖν·
592 3832 790 3903 μᾶλλον
841 3832 899 3886 δὲ
947 3833 995 3885 εί
1042 3831 1149 3903 χρὴ
1193 3832 1402 3904 τάληθῆ
1446 3832 1647 3902 λέγειν,
1691 3834 1956 3888 κάκείνων

379 3924 503 3979 ἐστὶ
540 3923 612 3977 τά
653 3922 795 3978 κατὰ
822 3921 1045 3986 τούτους
1087 3923 1589 3995 ἀσυγγνωστότερα.
1625 3925 1685 3978 Οἱ
1720 3925 1818 3994 μὲν
1846 3924 1956 3997 γὰρ

376 4014 546 4069 οἱονεὶ
594 4013 742 4085 λήμη
805 4012 912 4067 τινὶ
961 4015 1028 4085 τῇ
1083 4014 1212 4085 περὶ
1258 4014 1328 4068 τά
1375 4015 1567 4068 εἴδωλα
1619 4014 1792 4086 πλάνῃ
1834 4016 1959 4079 τοὺς

375 4104 694 4176 ὀφθαλμοὺς
722 4106 820 4174 τῆς
853 4104 1030 4175 ψυχῆς
1078 4106 1456 4174 κατεχόμενοι,
1502 4106 1629 4158 ἰδεῖν
1653 4105 1959 4176 αύτοπροσ-

380 4191 552 4258 ὡπως
601 4194 701 4264 τὴν
753 4192 952 4264 εὐσεϐῆ
1009 4176 1138 4265 περὶ
1194 4193 1304 4247 τῶν
1357 4193 1524 4247 ὄντων
1578 4194 1962 4258 ἀδυνατοῦντες

378 4280 640 4353 ἀλήθειαν
660 4298 672 4311 ·
704 4282 851 4353 ὅμως
871 4277 983 4337 οἷον
1004 4283 1189 4355 ἐπαφῇ
1214 4298 1321 4337 τινι
1349 4282 1458 4337 τῶν
1476 4282 1749 4354 λογισμῶν
1775 4283 1963 4338 τοσοῦ-

382 4390 479 4428 τον
508 4375 822 4445 ὲνενόησαν,
857 4376 939 4429 ὅτι
984 4376 1045 4429 ού
1101 4376 1276 4447 πάντη
1320 4375 1662 4447 καταληπτὸν
1713 4377 1775 4430 rb
1802 4377 1957 4431 Θεῖόν

354 4468 557 4531 .ὲστιν,
592 4466 710 4520 οὐδὲ
742 4463 853 4520 οἷον
882 4468 911 4520 ὁ
938 4466 1194 4538 λογισμὸς
1217 4466 1410 4533 οἴεται,
1440 4467 1680 4521 τοιοῦτον
1705 4470 1773 4539 τῇ
1803 4467 1961 4537 φύσει
1992 4450 2037 4508 Ῑ)

382 4558 449 4613 τὸ
479 4558 889 4629 ὑπερκείμενον.
919 4558 1010 4615 Διὸ
1046 4558 1138 4612 τὸν
1166 4559 1334 4623 ὅντως
1362 4558 1493 4612 Θεὸν
1522 4557 1794 4627 ἄγνωστον
1826 4556 1965 4614 εἶναι

384 4649 861 4720 ὁμολογήσαντες,
915 4648 1083 4720 βωμῷ
1138 4650 1232 4703 καὶ
1277 4648 1566 4722 γράμματι
1616 4649 1818 4719 τιμῶσι
1873 4649 1965 4703 τὸν

385 4740 756 4811 ἀγνοούμενον
775 4759 788 4771 ·
836 4742 918 4795 ὅτι
971 4740 1078 4814 γὰρ
1125 4742 1260 4813 πρὸς
1312 4742 1403 4795 τὸν
1451 4742 1619 4805 ὅντως
1670 4742 1801 4795 ὄντα
1834 4741 1966 4795 Θεὸν

385 4830 617 4884 ἔϐλεπεν
663 4830 861 4885 αὐτῶν,
886 4832 921 4902 ἡ
968 4830 1207 4897 διάνοια,
1242 4834 1507 4903 μαρτυρεῖ
1540 4830 1700 4894 αὐτὸς
1739 4833 1768 4885 ὁ
1809 4829 1968 4883 Ἀπό-

368 4921 599 4984 νστολος,
639 4922 845 4975 ἐκεῖνον
884 4921 1268 4991 καταγγέλλων
1296 4923 1477 4987 αὐτοῖς
1511 4924 1601 4976 τὸν
1625 4922 1775 4988 Θεὸν,
1808 4924 1886 4987 είς
1909 4922 1968 4976 ὃν

360 5004 638 5065 ἐὐσεϐεῖν
681 5013 877 5065 ἐκεῖνοι
924 5010 1013 5067 διὰ
1060 5012 1160 5081 τῆς
1203 5011 1296 5065 τοῦ
1349 5012 1533 5084 βωμοῦ
1578 5015 1743 5084 τιμῆς
1777 5014 1965 5084 ῷοντο.

390 5102 522 5166 Πῶς
572 5097 665 5157 οὖν
712 5103 774 5154 οὐ
826 5100 1193 5173 χαλεπώτεροι
1232 5102 1350 5157 ’τῶν
1394 5105 1874 5176 μνημονευθέντων
1918 5106 1969 5158 οἱ

392 5193 493 5249 νῦν
542 5193 961 5266 ματαιάζοντες;
1007 5195 1058 5247 οἱ
1119 5194 1193 5264 μὴ
1240 5196 1646 5266 συγχωροῦντες
1685 5181 1832 5268 ὑπὲρ
1871 5196 1970 5269 τὴν

394 5285 704 5356 κατάληψιν
734 5283 912 5340 αὐτῶν
939 5279 1079 5337 εἶναι
1117 5284 1179 5337 rb
1206 5284 1379 5351 Θεῖον,
1413 5286 1525 5339 ἀλλ’
1555 5286 1696 5340 οὓτω
1722 5286 1813 5341 τὸν
1839 5287 1971 5341 Θεὸν

393 5377 723 5448 γιγνώσκειν
773 5376 1238 5453 μεγαλαυχῶντες
1282 5377 1358 5441 ὼς
1399 5378 1561 5442 αὐτος
1594 5379 1816 5446 ἐαυτόν;
1846 5380 1972 5443 Πῶς

361 5509 365 5513 η
394 5471 463 5523 ἄν
489 5486 576 5533 τις
618 5468 740 5523 κατ’
785 5469 941 5536 ἀξίαν
968 5470 1068 5541 τὴν
1098 5470 1346 5541 πήρωσιν
1387 5467 1495 5522 τῶν
1531 5469 1775 5524 δειλαίων
1803 5487 1971 5524 κατα-

397 5560 753 5633 θρηνήσειεν,
808 5562 859 5614 οἳ
908 5560 1162 5616 τοσούτου
1210 5559 1389 5630 φωτὸς
1428 5559 1527 5630 τῆς
1579 5561 1834 5632 ἀληθείας
1875 5562 1973 5631 τὴν

396 5652 722 5723 οἰκουμένην
761 5654 939 5707 πᾶσαν
975 5655 1032 5706 ὲν
1061 5657 1126 5725 τῇ
1156 5653 1276 5707 καθ’
1305 5654 1455 5724 ἡμᾶς
1481 5652 1592 5724 ζωῇ
1631 5653 1719 5707 διὰ
1742 5655 1840 5725 τῆς
1880 5656 1971 5707 εύ-

400 5744 593 5807 στϐοὖς
620 5743 856 5808 πίστεως
893 5746 1342 5815 περιλάμποντος,
1384 5744 1531 5815 μόνοι
1573 5745 1709 5816 πρὸς
1744 5744 1840 5815 τὴν
1873 5745 1971 5798 αύ-

2129 3556 2475 3625 Quapropter
2510 3551 2755 3622 Apostoli
2782 3551 3069 3608 historiam
3097 3555 3166 3610 ad
3193 3556 3294 3612 hos
3316 3557 3439 3613 dico
3467 3561 3635 3630 perti-

2056 3662 2227 3714 nere;
2254 3660 2380 3700 nam
2407 3658 2528 3713 quae
2550 3643 2618 3698 de
2650 3641 3076 3699 Atheniensibus
3109 3655 3300 3700 narrat
3329 3646 3633 3718 Scriptura,

2061 3738 2181 3794 haec
2208 3749 2355 3791 nunc
2398 3734 2453 3789 in
2485 3734 2568 3789 his
2604 3734 2732 3789 licet
2762 3733 2950 3790 videre
2983 3753 2996 3789 :
3054 3735 3166 3791 imo
3199 3752 3329 3792 vero
3355 3737 3400 3797 si
3426 3748 3638 3810 oportet

2053 3844 2183 3886 vera
2218 3827 2420 3891 dicere,
2455 3827 2649 3882 horum
2678 3834 2960 3896 peccatum
2988 3829 3199 3884 minore
3222 3845 3383 3900 quam
3419 3832 3636 3888 illoruin

2056 3935 2236 3983 error,
2262 3918 2421 3976 venia
2459 3916 2681 3989 dignum
2703 3926 2809 3982 est,
2842 3926 3006 3990 atque
3024 3919 3109 3976 bis
3134 3923 3317 3978 minus
3345 3939 3507 3994 quam
3533 3924 3642 3981 illis

2059 4014 2270 4085 ignosci
2317 4012 2498 4067 debet.
2546 4009 2871 4081 Quanquam
2922 4012 3067 4067 enim
3117 4014 3219 4081 illi,
3262 4017 3409 4085 quod
3450 4034 3639 4075 eorum

2062 4105 2231 4159 animi
2255 4104 2445 4159 oculos
2489 4109 2749 4171 tanquam
2796 4102 3064 4173 lippitudo
3118 4107 3363 4177 quaedam
3418 4111 3644 4165 simula-

2063 4184 2282 4250 crorum
2320 4193 2504 4248 cultus
2533 4208 2689 4249 error
2715 4194 3011 4258 invaserat,
3043 4205 3190 4252 recta
3218 4198 3355 4254 facie
3379 4218 3477 4256 sua
3499 4204 3640 4271 piam

2063 4284 2132 4340 de
2166 4284 2329 4339 rebus
2364 4281 2674 4353 quibusque
2700 4286 2982 4340 veritatem
3009 4286 3192 4343 videre
3211 4304 3319 4342 non
3352 4299 3641 4359 poterant;
3708 4323 3716 4328 ‹

2064 4382 2249 4428 tamen
2273 4374 2543 4429 rationum
2574 4376 2732 4444 quasi
2759 4377 2991 4445 quadam
3018 4383 3401 4436 attrectatione
3432 4390 3641 4437 tantum

2065 4466 2475 4528 intellexerunt,
2536 4465 2685 4535 quod
2723 4484 2924 4524 numen
2971 4468 3215 4524 divinum
3248 4472 3463 4541 penitus
3492 4489 3646 4528 com-

2064 4556 2336 4626 prehendi
2365 4571 2474 4611 non
2506 4559 2699 4626 possit,
2730 4572 2830 4613 nec
2862 4560 3020 4628 quale
3044 4574 3160 4614 eam
3191 4562 3331 4615 ratio
3348 4577 3471 4617 esse
3496 4573 3647 4633 putat

2065 4655 2263 4702 natura
2300 4649 2427 4702 talis
2448 4663 2644 4717 supera
2669 4648 2852 4703 divina
2879 4649 3136 4718 majestas
3158 4652 3248 4707 sit.
3281 4652 3645 4718 Quamobrem

2069 4753 2254 4793 verum
2299 4735 2466 4793 Deum
2499 4739 2754 4808 cognosci
2802 4753 2909 4793 non
2941 4752 3103 4808 posse
3144 4732 3397 4809 fatentes,
3425 4758 3521 4798 ara
3566 4754 3648 4798 at-

2066 4848 2174 4903 que
2204 4834 2362 4888 titulo
2392 4833 2664 4886 honorant
2697 4847 2856 4902 quem
2893 4833 3147 4904 ignorant
3195 4854 3209 4889 :
3241 4850 3367 4889 nam
3409 4846 3645 4893 mentem

2068 4924 2285 4978 illorum
2315 4939 2463 4987 eum,
2492 4926 2585 4993 qui
2617 4939 2805 4979 revera
2836 4924 2980 4981 Deus
3013 4933 3120 4994 est,
3166 4939 3465 4998 spectasse,
3503 4929 3647 4999 Apo-

2070 5018 2245 5073 stolus
2293 5024 2549 5086 testatur,
2579 5018 2708 5072 dum
2756 5017 2910 5072 illum
2938 5017 3107 5074 Deum
3160 5018 3239 5074 eis
3266 5020 3644 5086 annuntiabat,

2068 5126 2226 5179 quem
2271 5110 2359 5180 pie
2409 5123 2469 5166 se
2492 5111 2673 5166 colere
2706 5124 2802 5181 per
2826 5111 3089 5166 honorem
3142 5112 3331 5166 altaris
3368 5111 3646 5167 existima-

2072 5200 2223 5256 bant.
2257 5199 2364 5266 Qui
2398 5200 2568 5271 igitur
2607 5200 2925 5256 memoratis
2986 5216 3094 5277 non
3130 5203 3350 5272 gravius
3397 5211 3652 5273 peccant,

2070 5292 2163 5362 qui
2194 5307 2340 5347 nunc
2363 5292 2649 5349 stultitiam
2675 5308 2831 5348 suam
2887 5292 3276 5364 produnt?qui
3307 5310 3417 5349 non
3453 5309 3653 5351 conce-

2071 5385 2209 5439 dunt
2238 5398 2406 5455 supra
2438 5391 2658 5455 captum
2687 5398 2848 5439 suum
2880 5398 3002 5440 esse
3026 5399 3230 5440 numen
3249 5385 3517 5451 divinum,
3554 5388 3652 5444 sed
3756 5372 3759 5375 λ

2072 5478 2147 5531 ita
2173 5477 2344 5532 Deum
2375 5493 2496 5535 sese
2553 5492 2885 5550 cognoscere
2915 5478 3237 5549 gloriantur,
3269 5488 3328 5533 ut
3367 5481 3484 5551 ipse
3531 5496 3654 5537 sese

2074 5570 2513 5641 eognoscit?qui
2535 5571 2712 5642 possit
2750 5571 2948 5643 aliquis
2977 5571 3137 5644 digne
3199 5562 3362 5629 talem
3426 5573 3655 5628 misero-

2074 5674 2196 5712 rum
2255 5662 2453 5716 mentis
2507 5665 2805 5719 caecitatem
2856 5663 3299 5736 deplorare?qui
3346 5672 3497 5720 tanta
3529 5664 3654 5718 luce

2076 5753 2390 5811 universum
2412 5763 2682 5812 terrarum
2704 5756 2961 5832 orbcmin
2984 5758 3093 5814 vita
3124 5743 3311 5814 nostra
3338 5772 3433 5826 per
3448 5764 3649 5810 rectam
