4084 6158
466 338 506 393 -τ,
521 336 586 391 59

1695 322 1752 378 S.
1794 315 2120 377 GREGOllll
2148 318 2433 375 NYSSENI

3633 310 3743 368 560

482 452 642 507 Iidem
673 448 1049 507 collustrai,te,
1084 441 1184 497 soli
1214 439 1280 494 ad
1306 436 1833 509 splendoremquml
1868 412 2063 490 attinet

2177 437 2270 507 γὴν
2314 434 2767 507 ἀμϐλυωποῦσιν;
2816 434 2850 505 ἢ
2894 432 3136 500 ἀγνοεῖτε
3190 397 3339 480 ποῖον
3392 425 3536 494 λέγω
3583 423 3742 477 πλεο-

481 543 548 596 ad
594 539 839 596 veritatis
891 534 1266 606 agnitionem,
1305 529 1639 585 caecutiunt?
1688 544 1755 582 an
1803 528 2068 598 ignoratis

479 646 643 704 quam
669 633 844 684 lucem
869 628 919 678 iu
949 626 1057 678 vita
1090 630 1275 679 nostra
1307 623 1483 677 dicam
1525 619 1844 697 abundare?
1869 617 2067 673 Nume-

483 735 598 778 rate
630 720 758 775 mihi
787 719 935 787 regia
960 715 1406 784 luminaria,quze
1425 710 1757 782 evangelicis
1777 710 2065 766 luminari-

447 860 454 879 ι
482 818 582 870 bus
606 827 833 867 numero
862 810 1010 881 paria
1038 807 1351 862 universum
1375 805 1764 876 propemodum
1785 805 2065 872 complexa

448 966 455 982 τ
481 907 743 961 mundum
770 904 824 958 in
854 917 985 973 pace
1005 912 1165 969 atque
1187 900 1380 967 pietate
1409 898 1719 951 illustrant:
1741 896 1959 966 quando
1985 894 2067 948 fa-

450 986 600 1052 ‘i-tor
625 1011 806 1051 rerum
855 995 1233 1048 universarum
1270 989 1411 1044 Deus
1446 989 1680 1059 primum
1711 987 1843 1041 illud
1876 987 2063 1040 mundi

479 1091 707 1160 originis
730 1103 867 1157 opus
889 1084 1176 1139 miriﬁcum
1204 1082 1469 1141 imitatur,
1487 1081 1581 1150 qui
1600 1095 1707 1134 non
1737 1080 1913 1134 solum
1944 1093 2064 1131 ma-

482 1196 646 1250 guum
677 1177 945 1231 luminare
980 1170 1264 1227 constituit
1299 1169 1352 1222 in
1384 1170 1692 1239 principatu
1730 1172 1912 1223 rerum
1946 1183 2066 1237 quae

482 1270 771 1329 videntur,
798 1278 987 1319 verum
1011 1263 1176 1317 etiam
1208 1260 1255 1314 ei
1285 1259 1447 1313 simul
1476 1259 1767 1326 conjunxit
1796 1257 2065 1311 luminare

482 1374 701 1430 quoque
719 1357 919 1422 minus,
937 1352 1083 1424 quod
1103 1366 1130 1404 a
1151 1350 1395 1421 paternis
1419 1349 1585 1404 radiis
1608 1356 1833 1417 accepto
1860 1348 2066 1403 lumine

486 1467 593 1506 una
624 1447 877 1504 collucet.
899 1444 963 1498 Et
994 1442 1263 1512 ejusmodi
1296 1440 1454 1495 nobis
1484 1441 1537 1493 in
1559 1438 1836 1494 communi
1866 1453 2066 1508 propo-

484 1543 607 1598 sitis
624 1537 948 1601 commodis,
967 1534 1126 1606 quasi
1152 1549 1180 1586 a
1201 1531 1545 1588 daemonibus
1573 1539 1794 1600 accepta
1823 1531 1979 1599 plaga
2008 1529 2063 1584 in

483 1636 723 1691 furorem
745 1629 872 1693 acti,
893 1627 1234 1698 impudenter
1253 1625 1516 1678 adversus
1539 1622 1820 1679 veritatem
1843 1632 2065 1676 senten-

484 1728 680 1782 tiarum
708 1736 830 1778 sese
844 1717 1167 1790 opponunt?
1196 1714 1650 1784 quemadmodum
1669 1711 1839 1768 Stoici
1867 1719 1921 1767 et
1939 1710 2064 1781 Epi-

2168 530 2350 593 νὰζειν
2399 528 2513 597 φῶς
2550 529 2607 580 ἐν
2656 529 2724 597 τῇ
2751 525 2999 596 ἡμετέρᾳ
3035 520 3183 593 ζωῇς
3234 517 3601 591 Ἀριθμήσατέ
3654 530 3743 585 μοι

2166 621 2294 684 τοὺς
2356 620 2667 690 βασιλικοὺς
2722 618 3048 689 φωστῆρας.
3091 615 3141 668 οἳ
3199 617 3312 675 τοῖς
3357 609 3744 678 Εὑαγγελικοϊς

2172 711 2449 782 ἱσάριθμοι
2493 713 2670 766 πάντα
2723 709 2920 782 μικροῦ
2958 709 3068 761 δεῖν
3098 706 3188 760 τὸν
3222 705 3427 774 κόσμον
3465 700 3745 754 διαλαὸὁν-

2168 819 2281 866 τες,
2315 803 2382 856 δι’
2416 804 2638 874 εἰρήνης
2680 803 2773 855 καὶ
2817 799 3094 860 εὐσεϐείας
3126 793 3621 862 καταφωτίζουσιν·
3654 791 3737 843 ὅτε

2171 899 2416 965 μιμεῖται
2442 899 2470 950 6
2498 896 2649 959 Θεὸς,
2684 896 2712 947 6
2738 893 2829 947 τοῦ
2877 891 3077 953 παντὸς
3110 887 3360 958 ποιητὴς,
3389 886 3484 954 τὴν
3520 882 3742 951 πρὶτην

2165 987 2265 1056 τῆς
2292 987 2682 1057 κοσμογενείας
2728 981 3186 1058 θαυματουργίαν,
3229 980 3290 1032 οὑ
3337 976 3494 1048 μόνον
3523 974 3612 1026 τὸν
3645 973 3742 1042 μὲ-

2165 1093 2269 1144 γαν
2315 1080 2576 1148 φωστῆρα
2622 1080 2698 1141 εἰς
2728 1077 2828 1147 τὴν
2875 1075 2983 1127 τῶν
3015 1071 3304 1143 ὁρωμένων
3337 1068 3501 1133 τάξας
3548 1063 3739 1136 ἀρχὴν,

2166 1165 2300 1219 ἀλλὰ
2331 1168 2423 1220 καὶ
2469 1165 2939 1238 συμπαραζεύξας-
2970 1163 3118 1233 αὐτῷ
3146 1161 3243 1215 καὶ
3268 1160 3359 1212 τὸν
3389 1157 3599 1209 ἐλάσσω
3630 1172 3741 1221 Ψω-

2167 1262 2369 1330 στήρα,
2417 1260 2508 1311 τὸν
2568 1260 2686 1320 ταῖς
2746 1257 3037 1325 πατρικαῖς
3100 1255 3282 1306 ἀκτῖσι
3338 1246 3743 1318 συμπαραλάμ·

2166 1366 2359 1402 ποντα.
2388 1345 2519 1401 Εἶτα
2547 1347 2802 1400 τοιούτων
2834 1348 2966 1416 ἡμῖν
3002 1345 3060 1396 ἐν
3093 1343 3169 1412 τῷ
3198 1339 3360 1409 κοινῷ
3387 1339 3494 1391 τῶν
3524 1334 3742 1402 ἀγαθῶν

2167 1440 2562 1509 προκειμένων,
2610 1439 2797 1508 ὥσπερ
2839 1437 2942 1490 ὑπὸ
2991 1434 3261 1505 δαιμόνων
3305 1429 3518 1500 πληγῆς
3559 1427 3737 1479 ἐνθου-

2168 1529 2408 1593 σιῶντες,
2457 1527 2691 1591 ἀναιδῶς
2726 1526 2861 1598 πρὸς
2893 1527 2991 1596 τὴν
3033 1522 3290 1594 ἀλήθειαν
3321 1520 3428 1572 τῶν
3460 1519 3743 1586 δογμάτων

2165 1618 2659 1680 ἀντικαθίστανται,
2710 1616 2850 1669 κατά
2888 1617 3014 1678 τοὺς
3054 1601 3328 1673 Στωϊκούς
3358 1627 3417 1663 τε
3462 1608 3559 1660 καὶ
3594 1607 3742 1657 Ἐπι-

2169 1712 2449 1782 κουρείους
2484 1710 2746 1773 ἐκείνους,
2800 1707 2936 1779 πρὸς
2979 1705 3074 1769 οὓς
3116 1708 3144 1759 6
3176 1703 3382 1767 Παῦλος
3414 1701 3543 1770 παρ’
3581 1699 3736 1766 Ἀθη-

485 1814 637 1871 curci
670 1812 768 1877 illi,
793 1807 917 1865 cuni
942 1807 1142 1878 quibus
1165 1805 1368 1859 Paulus
1392 1803 1535 1872 apud
1557 1803 1916 1858 Athenienses
1935 1819 2065 1857 con-

2177 1804 2338 1867 ναίοις
2369 1801 2771 1872 συμπλέκεται;
2800 1800 2910 1853 Καὶ
2934 1800 3021 1852 ἴνα
3067 1798 3140 1868 μὴ
3177 1795 3437 1864 νομίσητε
3476 1790 3741 1859 κατατρέο

484 1909 743 1963 ﬂictatur.
760 1905 836 1956 Ac
856 1895 924 1955 ne
948 1898 1148 1970 putetis
1165 1913 1259 1967 per
1276 1896 1604 1951 calumniam
1620 1895 1917 1950 decurrere
1939 1910 2064 1949 ora-

486 1997 865 2067 tionem,ipsas
882 1991 1619 2052 sententiasmemoratorum
1634 1988 2062 2043 consideremus.

486 2087 760 2144 Materiale
792 2098 991 2138 numen
1038 2082 1280 2136 divinum
1312 2094 1436 2135 esse
1484 2076 1654 2133 Stoici
1691 2078 2062 2147 suspicantur,

486 2188 731 2236 creatum
759 2176 923 2232 etiam
956 2174 1007 2229 lii
1044 2171 1382 2243 unigenitum
1423 2169 1620 2224 Filium
1661 2184 1784 2225 esse
1821 2169 2063 2239 ﬁngunt;

488 2284 714 2343 prorsus
743 2276 922 2322 autem
961 2264 1118 2320 scitis
1147 2270 1352 2332 quanta
1391 2268 1576 2316 creato
1638 2275 1764 2315 cum
1798 2261 2066 2315 materiali

488 2360 740 2433 cognatio
770 2358 862 2414 sit.
895 2355 1026 2411 ltem
1050 2353 1299 2424 Epicurei
1332 2353 1626 2422 opinantur
1671 2352 1877 2406 nullam
1908 2367 2070 2421 supe-

486 2469 604 2509 ram
649 2457 971 2523 potestatem
1005 2460 1235 2517 praeesse
1267 2460 1365 2499 nec
1413 2442 1788 2499 constitutioni
1838 2458 1940 2497 nec
1973 2442 2069 2496 ad-

480 2541 880 2600 ministrationi
930 2554 1139 2603 rerum,
1200 2536 1297 2591 sed
1340 2536 1524 2591 omnia
1563 2543 1770 2590 temere
1822 2549 2068 2604 casuque

489 2636 712 2691 fortuito
740 2633 889 2697 ferri,
915 2630 1064 2685 nulla
1098 2628 1434 2699 providentia
1466 2642 1554 2682 res
1584 2626 1914 2697 pcrvadente
1944 2645 1957 2680 :
1995 2635 2068 2687 et.

490 2726 844 2784 utconcisius
879 2737 943 2777 ac
993 2721 1212 2776 brevius
1251 2733 1492 2774 errorem
1524 2731 1712 2772 eorum
1744 2716 2069 2778 indicemus,

492 2819 561 2875 ad
594 2817 802 2882 ἀθείαν,
837 2815 891 2869 id
913 2823 1016 2874 est,
1048 2813 1387 2883 negationem
1415 2808 1653 2863 numinis
1680 2808 1847 2863 divini
1882 2822 2071 2862 eorum

495 2917 745 2980 spectant
781 2904 1092 2976 Opiniones.
1139 2899 1433 2956 Videamus
1482 2900 1647 2969 igitur
1675 2914 1744 2952 an
1797 2912 1904 2951 non
1962 2898 2073 2952 sint

497 2995 802 3051 imitatores
834 2989 1251 3059 Epicureorum,
1293 2987 1386 3055 qui
1412 2985 1612 3040 Filium
1654 2984 1794 3057 (Dei)
1836 2986 2070 3056 ignomi-

497 3088 587 3142 nia
613 3083 855 3140 aﬂiciunt
871 3082 894 3135 '2
910 3082 988 3136 Ac
1002 3094 1175 3135 nemo
1198 3078 1433 3133 orationi
1456 3093 1520 3133 ex
1551 3077 1779 3132 adverso
1800 3086 2068 3148 opponat:

452 3168 457 3174 ’
498 3177 769 3247 ιιὶρίιιυτιιε
813 3185 990 3242 neque
1015 3168 1231 3224 Patrem
1275 3167 1442 3233 novit,
1475 3181 1645 3234 neque
1669 3137 1925 3219 deitatem
1959 3166 2078 3233 ejus
2104 3137 2149 3197 ο

499 3267 827 3331 conﬁtetur;
872 3270 929 3318 et
961 3257 1238 3331 quomodo
1258 3272 1417 3327 atque
1467 3256 1618 3326 impii
1664 3263 1795 3311 sunt
1838 3256 1889 3308 hi
1919 3266 2081 3324 atque

500 3362 599 3425 illi,
633 3359 727 3430 qui
764 3355 943 3412 Patris
974 3353 1228 3409 deitatem
1260 3364 1371 3405 non
1412 3356 1611 3419 negant
1657 3363 1757 3403 nec
1791 3348 2082 3417 rejiciunt?

499 3451 789 3507 Paululum
818 3448 962 3504 enim
992 3449 1241 3500 moratus
1269 3449 1434 3510 atque
1487 3445 1801 3503 cunctatus,
1843 3438 2082 3508 reperies

492 3555 823 3602 Anommum
851 3541 1080 3596 alterum
1128 3548 1347 3607 quoque
1376 3546 1499 3587 esse
1520 3528 1840 3601 Epicurum.
1870 3528 1961 3583 Sic
1982 3543 2079 3582 au-

487 3651 607 3697 1cm
638 3653 753 3694 rem
789 3631 1224 3690 consideremus.
1283 3623 1641 3697 Splendorem
1690 3622 1879 3693 gloria:
1914 3619 2067 3676 Chri-

500 3743 786 3787 stumesse
813 3726 952 3781 dixit
1003 3719 1314 3792 Apostolus,
1353 3725 1406 3771 et
1445 3727 1759 3786 expressam
1791 3712 2079 3783 imaginem

502 3813 825 3880 substantia:
842 3819 888 3882 ',
914 3824 967 3871 et
994 3811 1297 3883 potentiam
1326 3805 1446 3870 Dei,
1493 3814 1548 3860 et
1599 3803 1918 3873 sapientiam
1948 3804 1991 3871 ⁸,
2028 3810 2083 3857 et

501 3922 840 3984 qua-cunque
877 3912 1004 3960 sunt
1020 3903 1168 3967 talia,
1220 3910 1453 3969 quorum
1505 3894 1932 3964 unumquodque
1964 3903 2084 3947 tan-

504 3982 667 4074 quam
713 4001 766 4054 in
827 3990 1313 4063 coniunctionibus
1366 3986 1696 4058 quibusdam
1753 3982 2082 4039 necessariis

507 4093 663 4150 nullo
692 4088 855 4144 modo
875 4100 970 4157 per
992 4099 1114 4140 sese
1142 4082 1320 4138 solum
1336 4095 1404 4134 ac
1422 4078 1716 4150 separatim
1736 4075 2079 4146 intelligitur,

507 4182 602 4239 sed
624 4189 852 4249 utraque
867 4174 1201 4244 conjuncum
1232 4179 1286 4227 et
1305 4185 1473 4225 unum
1496 4184 1620 4225 cum
1639 4167 1812 4221 altero
1834 4180 2083 4235 compre-

496 4272 778 4330 henditur.
795 4266 1064 4338 Splendor
1083 4264 1225 4320 enim
1244 4276 1469 4332 prorsus
1481 4259 1717 4329 alicujus
1734 4258 1809 4312 rei
1818 4256 2082 4327 splendor

493 4374 611 4429 est,
647 4366 775 4419 item
828 4359 1035 4430 efﬁgies
1068 4366 1121 4411 et
1152 4356 1331 4425 imago
1357 4352 1589 4423 alicujus
1640 4351 1723 4406 rei
1754 4364 1981 4420 prorsus
2010 4348 2085 4401 ef-

2170 1913 2285 1965 χειν
2313 1897 2373 1948 ὲν
2419 1894 2748 1963 συκοφαντίᾳ
2775 1891 2865 1945 τὸν
2894 1891 3072 1959 λόγον,
3104 1887 3240 1942 αὑτά
3269 1887 3336 1939 τὰ
3361 1885 3606 1952 δόγματα
3636 1881 3745 1932 τῶν

2174 1982 2654 2056 μνημονευθέντων
2683 1981 3168 2050 ἐπισκοπήσωμεν·
3208 1975 3419 2027 Ὑλικδν
3442 1975 3553 2032 τοῖς
3575 1971 3746 2043 Στωῖει

2172 2079 2287 2139 κοῖς
2312 2074 2372 2127 τὸ
2402 2074 2555 2127 Θείον
2592 2068 2730 2126 εἶναι
2765 2073 3088 2133 ὑπονοεῖται,
3120 2066 3332 2121 κτιστὺν
3366 2064 3456 2116 καὶ
3483 2057 3629 2116 οὑτοι
3653 2059 3748 2111 τὸν

2175 2163 2441 2236 μονογενῆ
2477 2163 2607 2217 Υίὸν
2640 2157 2780 2216 εἶναι
2811 2157 3324 2222 κατασκευάζουσιν.
3357 2156 3497 2207 Ἴστε
3528 2153 3583 2205 δὲ
3609 2152 3747 2203 πάν-

2173 2274 2300 2320 τως,
2331 2258 2428 2326 ὅση
2461 2255 2578 2308 ὲστὶ
2618 2254 2710 2307 τοῦ
2746 2251 2963 2307 κτιστοῦ
3013 2250 3147 2322 πρὸς
3190 2249 3252 2302 τὸ
3283 2247 3465 2301 ὑλικὸν
3494 2248 3527 2315 ἠ
3558 2244 3750 2312 συγγέ-

2175 2365 2313 2402 νεια.
2370 2346 2536 2401 Πάλιν
2582 2348 2693 2409 τοῖς
2746 2342 3138 2412 Ἐπικουρείοις
3187 2339 3340 2393 οὐδὲν
3393 2336 3748 2408 ὑπερκεῖσθαι

2175 2443 2321 2497 δοκεῖ
2357 2441 2457 2511 τῆς
2498 2441 2607 2493 τῶν
2650 2440 2820 2493 ὄντων
2853 2433 3162 2497 συστάσεως
3196 2449 3254 2486 τε
3280 2431 3371 2485 καὶ
3395 2431 3709 2499 διοικήσεως
3730 2467 3744 2491 ,

2175 2532 2291 2585 ἀλλ’
2321 2530 2644 2601 αὐτομάτως
2677 2529 2746 2581 τά
2785 2527 2958 2580 πάντα
3007 2521 3286 2594 φέρεσθαι,
3317 2519 3585 2591 μηδεμιᾶς
3616 2532 3750 2587 προ-

2177 2622 2324 2685 νοίας
2348 2621 2435 2675 διὰ
2468 2621 2577 2674 τῶν
2616 2618 2956 2691 πραγμάτων
2988 2614 3258 2686 ἠκούσης’
3294 2611 3389 2665 καὶ
3415 2611 3492 2672 ὡς
3530 2609 3595 2662 ἂν
3628 2625 3751 2660 συν-

2178 2714 2487 2786 τομώτερον
2512 2713 2756 2783 εἴποιμεν
2790 2711 2888 2781 τὴν
2922 2707 3132 2777 πλάνην
3164 2704 3363 2766 αὐτῶν,
3399 2703 3536 2774 πρὸς
3560 2700 3746 2754 ἀθεῖαν

2180 2809 2362 2871 αὑτοῖς
2395 2807 2584 2877 βλέπει
2629 2805 2696 2860 τὰ
2745 2804 3007 2873 δόγματα,
3057 2799 3426 2869 Σκοπήσωμεν
3475 2793 3652 2848 τοίνυν
3700 2792 3749 2845 εἰ

2183 2900 2258 2970 μὴ
2295 2898 2529 2970 μιμηταὶ
2564 2897 2671 2950 τῶν
2716 2894 3106 2964 Ἐπικουρείων
3138 2892 3188 2944 οἱ
3220 2891 3308 2943 τὸν
3340 2890 3470 2942 Υί“.ν
3496 2884 3746 2941 ἀθετοῦν-

2179 3006 2271 3052 τες
2297 2988 2421 3041 είσί.
2468 2988 2578 3041 Καὶ
2636 2986 2822 3056 μηδεὶς
2875 2981 3254 3051 ἀνθυπενέγκῃ
3300 2978 3377 3050 τῷ
3434 2978 3603 3047 λόγῳ,
3666 2976 3746 3029 ὅτι

2194 3077 2511 3146 Ἐπίκουρος
2548 3075 2670 3128 οὑδὲ
2710 3074 2800 3126 τὸν
2843 3071 3063 3142 Πατέρα
3110 3065 3270 3135 οἶδεν,
3329 3067 3449 3120 οὐδὲ
3500 3065 3747 3134 ὁμολογεῖ

2180 3167 2347 3223 αὑτοῦ
2373 3166 2470 3238 τὴν
2505 3166 2759 3236 θεότητα,
2788 3163 2881 3218 καὶ
2907 3162 3024 3226 πῶς
3058 3160 3198 3215 κατὰ
3226 3159 3289 3213 τὸ
3322 3158 3435 3212 ἴσον
3466 3156 3744 3211 ἀσεϐοῦσιν

2178 3252 2344 3320 οὗτοι,
2389 3258 2438 3310 οἱ
2486 3256 2560 3327 μὴ
2603 3253 2922 3327 ἀθετοῦντες
2964 3249 3059 3305 τοῦ
3114 3249 3330 3321 Πατρός
3362 3247 3458 3320 τὴν
3491 3247 3743 3315 θεότητας

2178 3348 2390 3420 Μικρὸν
2433 3326 2542 3419 γάρ
2582 3326 2853 3417 ἐπισχὼν,
2908 3345 3158 3414 εὑρήσεις
3189 3342 3280 3395 καὶ
3326 3340 3419 3393 τὸν
3477 3338 3745 3408 Ἀνόμοιον

2178 3444 2334 3498 ἄλλον
2375 3443 2712 3514 Ἐπίκουρον.
2753 3440 2967 3495 Οὑτωσὶ
3011 3438 3069 3491 δὲ
3121 3437 3501 3507 σκοπήσωμεψ
3549 3431 3746 3485 Ἀπαύο

2178 3553 2365 3606 γασμα
2401 3534 2503 3605 τῆς
2538 3533 2695 3604 δόξης
2745 3527 2867 3585 εἶπε
2910 3531 3003 3583 τὸν
3046 3528 3173 3581 Υἰδν
3201 3529 3229 3580 6
3275 3524 3623 3586 ’Λπόστολος,
3658 3521 3748 3574 καὶ

2178 3628 2504 3701 χαρακτῆρα
2538 3627 2636 3696 τῆς
2686 3622 3052 3683 ὑποστάσεως,
3100 3619 3195 3672 καὶ
3238 3616 3468 3686 δύναμιν
3492 3613 3627 3667 Θεοῦ
3657 3612 3748 3664 καὶ

2181 3724 2392 3791 σοφίαν,
2430 3722 2523 3774 καὶ
2575 3721 2676 3773 ὅσα
2709 3716 2962 3771 τοιαῦταο
3008 3708 3082 3768 ὧν
3119 3712 3349 3766 ἕκαστον
3390 3708 3641 3776 καθάπερ
3694 3709 3748 3758 ἐν

2182 3812 2462 3882 συζυγίαις
2504 3813 2645 3865 τισὶν
2675 3808 3035 3877 ἀναγκαίαις,
3080 3805 3232 3858 οὑδὲν
3278 3804 3372 3870 ἀφ’
3406 3798 3603 3853 ἑαυτοῦ
3650 3814 3746 3850 κα-

2178 3905 2419 3972 ταμόνας
2465 3905 2695 3965 νοεῖται,
2730 3900 2866 3954 ἀλλὰ
2917 3895 3273 3967 συνημμένως
3316 3893 3630 3963 ἀμφότερα,
3658 3888 3748 3942 καὶ

2185 3996 2298 4068 μετ’
2338 3993 2581 4065 ἀλλήλων
2617 3989 3114 4060 καταλαμϐάνεται.
3148 3988 3220 4041 Τὸ
3248 3986 3357 4055 γάρ
3408 3984 3749 4051 ἀπαύγασμα

2181 4089 2396 4152 πάντως
2433 4086 2579 4150 τινός
2630 4088 2776 4138 ἐστιν
2817 4082 3158 4151 ἀπαύγασμα
3180 4122 3194 4141 ,
3243 4080 3336 4131 καὶ
3383 4078 3410 4129 6
3443 4074 3746 4146 χαρακτὴρ,

2179 4180 2323 4243 τινὸς
2347 4179 2634 4251 χαρακτὴρ
2664 4177 2882 4238 πάντως
2912 4173 3079 4227 ἐστίν.
3111 4173 3322 4242 Ὥσπερ
3352 4169 3532 4221 τοίνυν
3558 4167 3658 4219 οὑκ
3687 4165 3748 4217 ἀν

2181 4272 2525 4340 ἀπαύγασμα
2557 4269 2642 4337 εἴη
2676 4267 2738 4318 τὸ
2766 4266 2902 4334 φῶς,
2953 4263 3028 4335 μὴ
3060 4261 3227 4333 οὑσης
3252 4261 3351 4331 τῆς
3378 4252 3745 4324 καταυγαζούο

2186 4378 2285 4431 σης
2314 4359 2511 4421 αἰτίας,
2539 4356 2713 4418 οὕτως
2742 4358 2773 4425 ἠ
2798 4354 3189 4421 ἀπαυγόιζουσα
3219 4349 3378 4419 φύσις
3404 4347 3505 4400 οὐκ
3536 4347 3602 4399 ἂν
3633 4342 3748 4397 καθ’

507 4459 658 4527 ﬁgies
681 4460 784 4510 est.
818 4445 1474 4517 Quemadmodumigitur
1493 4459 1557 4499 ex
1592 4441 1797 4496 lumine
1826 4438 2073 4509 splendor

2186 4451 2382 4520 ἑαυτὴν
2416 4447 2665 4518 νοηθείη,
2714 4446 2788 4515 μὴ
2846 4443 3325 4511 συνεπινοουμένου
3374 4438 3469 4490 τοῦ
3506 4434 3783 4502 ἀωυγάο·

506 4549 772 4605 exsistere
796 4558 902 4598 non
924 4539 1094 4612 possit
1115 4553 1222 4592 non
1247 4543 1492 4592 exstante
1507 4547 1673 4588 causa
1698 4532 2076 4587 collustrante:

507 4645 578 4698 ita
608 4636 952 4710 splendorem
982 4632 1148 4689 edens
1171 4639 1365 4684 natura
1390 4643 1483 4698 per
1515 4641 1637 4682 sese
1658 4624 1764 4679 nisi
1800 4623 1963 4678 simul
1997 4623 2082 4676 iu-

506 4733 781 4802 telligatur
797 4727 1073 4800 splendor,
1089 4722 1313 4792 intelligi
1328 4735 1435 4779 non
1452 4720 1642 4790 possit.
1668 4715 1934 4771 Similiter
1950 4716 2079 4770 item

504 4822 714 4892 efﬁgies
759 4830 982 4888 qucque
1018 4824 1072 4870 et
1108 4814 1285 4882 imago
1329 4809 1692 4866 substantiam
1731 4806 1993 4871 ostendit,
2027 4813 2082 4860 et

506 4908 929 4978 su’bstantiaper
947 4903 1235 4975 imaginem
1258 4899 1611 4969 cognoscitur
1631 4916 1642 4950 :
1667 4897 1740 4951 ita
1760 4895 2081 4964 Deiqu0que

509 5001 752 5075 polentia
781 4999 986 5068 absque
1004 4995 1112 5048 Deo
1137 5008 1260 5048 esse
1284 5008 1392 5046 non
1411 4998 1609 5062 potest,
1632 5005 1697 5044 ac
1712 4988 1855 5045 Deus
1874 4989 2081 5058 absque

506 5094 749 5167 potentia
769 5088 999 5159 intelligi
1031 5086 1354 5141 naturaliter
1387 5098 1492 5136 non
1532 5089 1729 5151 potest.
1766 5080 1869 5147 Qui
1917 5081 2082 5151 igitur

507 5203 674 5241 unum
693 5182 911 5253 aliquod
932 5195 1140 5244 eorum,
1159 5193 1277 5247 qua:
1300 5191 1394 5245 per
1418 5175 1558 5228 hanc
1579 5175 1978 5244 copulationem
2007 5174 2084 5228 si-

507 5277 855 5350 gniﬁcantur,
895 5287 1016 5328 esse
1044 5278 1224 5340 negat,
1269 5283 1374 5322 una
1411 5281 1536 5321 cum
1578 5267 1816 5336 potentia
1848 5280 2083 5336 prorsus

507 5370 669 5423 etiam
689 5366 739 5421 id
758 5363 900 5433 quod
934 5362 1200 5431 reliquum
1228 5369 1309 5415 est
1329 5358 1485 5412 tollit.
1501 5356 1868 5428 Atquidicunt
1902 5358 2088 5427 impie-

510 5461 636 5512 tatis
649 5462 1077 5527 propugnatores
1088 5450 1281 5505 Filium
1297 5448 1589 5519 aliquando
1610 5464 1717 5501 non
1740 5448 1927 5503 fuisse.
1947 5449 2084 5520 Ergo

509 5551 555 5604 si
589 5546 757 5601 Filius
776 5560 883 5599 non
905 5554 1043 5607 erat,
1076 5542 1298 5596 omnino
1329 5555 1505 5610 neque
1534 5536 1692 5593 Pater
1721 5548 1871 5606 erat;
1895 5541 1941 5593 si
1972 5554 2083 5595 non

578 5724 604 5755 ⁵
634 5719 805 5777 Hebr.
829 5734 868 5783 ι,
899 5717 951 5770 5.
1016 5715 1089 5769 "l
1118 5715 1253 5770 Cor.
1285 5730 1325 5776 ι,
1356 5713 1444 5766 9.1L

2186 4555 2411 4608 σματος.
2451 4535 2680 4606 Ὁμοίως
2722 4534 2781 4587 δὲ
2820 4535 2913 4586 καὶ
2937 4535 2966 4585 6
3008 4529 3296 4602 χαρακτὴρ
3317 4527 3419 4597 τὴν
3458 4525 3751 4579 ὑπόστασιν

2180 4628 2439 4690 δείκνυσι,
2466 4625 2561 4680 καὶ
2586 4624 2879 4686 ὑπόστασις
2907 4621 2995 4675 διὰ
3024 4619 3370 4692 χαρακτῆρος
3391 4615 3747 4686 γνωρίζεταιο

2181 4714 2325 4768 οὑτω
2370 4714 2465 4767 κα.)⁵
2505 4715 2538 4784 ή
2579 4712 2672 4766 τοῦ
2718 4710 2854 4764 Θεοῦ
2919 4709 3145 4780 δύναμις
3195 4709 3362 4778 χωρὶς
3418 4704 3556 4757 Θεοῦ
3617 4694 3753 4755 εἶναι

2182 4808 2243 4862 οὑ
2266 4807 2508 4869 δύναται,
2544 4806 2638 4858 καὶ
2664 4806 2694 4857 6
2712 4802 2844 4866 Θεὸς
2874 4801 3043 4872 χωρὶς
3067 4800 3167 4870 τῆς
3196 4799 3475 4868 δυνάμεως
3499 4794 3753 4863 νοηθῆναι

2185 4902 2345 4970 φύσιν
2372 4900 2471 4952 οὑκ
2499 4898 2630 4969 ἔχει.
2670 4898 2728 4950 '0
2758 4896 2938 4949 τοίνυν
2979 4893 3039 4946 ἓν
3064 4910 3117 4946 τι
3142 4891 3251 4945 τῶν
3289 4887 3431 4943 κατὰ
3465 4886 3563 4953 τὴν
3598 4884 3756 4948 συζυ-

2186 4991 2311 5058 γίαν
2329 4988 2533 5058 ταύτην
2559 4987 2968 5058 σημαινομένων
3005 4982 3078 5054 μὴ
3099 4978 3239 5035 εἶναι
3258 4980 3451 5047 λέγων,
3474 4974 3757 5029 συνανεῖλε

2188 5083 2405 5144 πάντως
2442 5082 2509 5150 τῇ
2548 5078 2773 5149 δυνάμει
2823 5078 2915 5130 καὶ
2957 5074 3018 5128 τὸ
3063 5075 3401 5144 λειπόμενον.
3457 5068 3619 5122 Ἀλλά
3652 5068 3756 5138 μὴν

2187 5164 2437 5240 λέγοιῖσιν
2462 5170 2512 5223 οἱ
2542 5169 2639 5238 τῆς
2664 5167 2920 5230 ἀσεϐείας
2952 5164 3270 5236 προστάται,
3300 5163 3384 5215 ὅτι
3409 5162 3438 5214 6
3472 5159 3600 5221 Υἱός
3632 5172 3756 5211 ποτε

2189 5263 2289 5315 οὑκ
2313 5257 2400 5331 ἢν.
2432 5261 2495 5313 Εἰ
2522 5255 2616 5313 οὖν
2649 5260 2749 5312 οὑκ
2780 5254 2848 5328 ἦν
2883 5259 2911 5310 6
2940 5256 3089 5321 Υἱὸς,
3118 5256 3333 5315 πάντως
3363 5251 3481 5303 οὑδὲ
3512 5252 3543 5303 6
3571 5248 3757 5316 Πατὴρ

2188 5350 2256 5425 ἦν
2280 5370 2294 5383 '
2323 5355 2373 5406 el
2394 5353 2494 5408 οὑκ
2518 5348 2585 5425 ἦν
2615 5352 2677 5406 τὸ
2697 5349 3057 5420 ἀπαύγασμα,
3084 5348 3205 5401 οὐδὲ
3231 5346 3293 5399 τὸ
3316 5343 3636 5411 ἀπαυγὼζον
3667 5338 3750 5411 ἦν·

2191 5449 2239 5499 εί
2284 5446 2384 5500 οὑκ
2430 5441 2497 5517 ἦν
2534 5446 2563 5497 6
2602 5443 2909 5515 χαρακτὴρ,
2956 5440 3172 5502 πάντως
3220 5437 3341 5490 οὑδὲ
3379 5436 3413 5506 ἡ
3465 5433 3755 5487 ὑπόστασις

2189 5534 2276 5609 ἦν·
2304 5539 2351 5590 εί
2375 5537 2475 5591 οὑκ
2497 5531 2565 5607 ἦν
2591 5537 2625 5606 ή
2651 5534 2899 5604 δύναμις,
2935 5532 3035 5586 οὑκ
3067 5526 3137 5601 ἦν
3159 5532 3192 5600 ή
3225 5527 3407 5597 σοφία’
3437 5525 3560 5579 εἰδὲ
3589 5521 3756 5576 ταῦτα
