4084 6158
352 303 453 351 561

1342 299 1431 355 DE
1466 300 1765 358 DElTATF.
1787 303 2048 362 FILIIET
2081 307 2398 366 SPllltTUS
2431 305 2694 363 SANCTI.

3512 309 3619 365 56¢)

353 415 454 467 οὑκ
477 408 560 484 ἦν,
597 408 672 468 ὧν
704 415 831 470 ἄνευ
853 417 982 481 Θεὸς
1023 418 1123 472 οὑκ
1150 417 1298 473 ἔστιν
1319 458 1334 483 ,
1365 423 1395 475 6
1426 422 1520 477 ἐπὶ
1546 423 1762 479 πάντων
1800 426 1931 490 θεὸς

2040 435 2152 481 erat
2205 428 2490 497 splendor,
2540 442 2716 498 neque
2772 425 2828 481 id
2885 425 3028 496 quod
3080 421 3428 495 splendorem
3476 422 3612 485 edit,

357 507 474 569 πῶς
508 502 605 578 ἦνς
651 510 1119 575 κατασκευάζεται
1150 512 1259 585 γὰρ
1297 513 1387 569 διὰ
1440 514 1644 569 τούτων
1676 516 1738 569 1:6
1786 512 1926 571 εἶναι

354 597 505 650 Θεόν.
543 598 618 651 Οὑ
668 598 777 669 γάρ
829 599 976 654 ἔστιν
1026 603 1273 674 ἐννοῆσαι
1331 602 1488 670 δόξαν
1533 606 1781 678 ἀλαμπῆ,
1828 608 1925 679 οὐχ

354 688 650 742 ὑπόστασιν
687 691 1179 765 άχαρακτήριστον,
1221 696 1319 750 οὐκ
1349 697 1478 751 ἄνευ
1514 698 1706 768 σοφίας
1740 699 1922 769 σοφὸν,

351 775 452 830 οὐκ
504 777 634 831 ἄνευ
680 778 961 850 δυνάμεως
1005 782 1260 851 δυνατὸν,
1294 785 1394 838 οὐκ
1445 786 1648 841 ἄπαιδα
1683 787 1921 859 Πατέρα.

354 867 564 921 Οὐκοῦν
595 870 970 926 ἀποδέδεικται
1018 873 1105 927 διὰ
1138 874 1245 928 τῶν
1292 876 1619 947 εἰρημένων,
1649 878 1732 931 ὅτι
1766 880 1794 931 6
1832 878 1929 932 τὸν

358 958 484 1012 Υἰὸν
525 959 764 1021 ἀθετῶν.
806 963 1086 1017 συναθετεί
1131 965 1221 1018 καὶ
1272 967 1363 1020 τὸν
1399 968 1647 1039 Πατέρα·
1704 968 1839 1022 ὅπου
1872 969 1929 1023 δὲ

357 1047 479 1101 οὔτε
505 1052 534 1103 6
558 1051 685 1114 Υίὸς
709 1051 1002 1120 δοξάζεται,
1027 1054 1150 1108 οὔτε
1171 1058 1199 1109 6
1227 1057 1415 1129 Πατὴρ
1432 1054 1569 1112 εἶναι
1593 1060 1926 1124 πιστεύεται,

356 1137 584 1191 καθόλου
620 1141 652 1210 ή
693 1140 880 1213 θεότης
921 1143 1207 1215 ἡθέτηται·
1249 1146 1311 1200 τὸ
1338 1147 1394 1200 δὲ
1428 1147 1643 1205 ἀθετεῖν
1683 1151 1783 1220 τὴν
1817 1150 1933 1204 θεό-

354 1245 524 1298 τητα,
558 1230 771 1295 οὐδενὸς
795 1232 952 1287 ἄλλου
985 1234 1017 1306 ἢ
1061 1237 1379 1309 Ἑπικούρου
1408 1240 1575 1294 ἐστίν.

2032 530 2185 585 erat;
2222 519 2268 574 si
2299 535 2408 573 non
2438 527 2557 574 erat
2584 518 2794 589 efﬁgies
2841 525 2896 575 et
2924 519 3123 588 imago,
3177 516 3403 572 omnino
3438 528 3616 583 neque

2033 608 2339 663 substantia
2369 616 2487 665 erat
2513 625 2529 674 ;
2562 608 2607 664 si
2644 624 2754 663 non
2783 617 2900 664 erat
2932 606 3195 678 potentia,
3226 619 3336 685 non
3380 611 3499 658 erat
3521 619 3616 657 sa-

2033 699 2235 770 pientia
2267 717 2279 753 :
2317 701 2463 769 quod
2494 701 2543 757 si
2570 702 2692 756 haec
2746 716 2857 755 non
2910 690 3071 754 erant
3098 699 3217 755 sine
3241 693 3441 767 quibus
3472 696 3617 750 Deus

2032 804 2139 843 non
2169 797 2274 853 est,
2307 790 2354 846 is
2384 791 2476 862 qui
2509 800 2593 847 est
2625 777 2790 861 su'per
2810 790 3012 855 omnia,
3039 789 3180 845 Deus
3222 787 3497 859 quierat?
3523 803 3617 856 per

2032 881 2146 936 hare
2172 883 2316 937 enim
2342 882 2580 938 efﬁcitur
2606 884 2774 941 Deum
2824 900 2931 939 non
2965 898 3106 940 esse.
3140 882 3260 937 Non
3288 883 3434 938 enim
3465 883 3615 950 cogi-

2030 972 2135 1025 tari
2162 980 2339 1040 potest
2370 988 2469 1029 nec
2499 974 2673 1045 gloria
2702 975 2819 1030 sine
2837 972 3149 1044 splendore,
3183 988 3282 1028 nec
3303 972 3611 1027 substantia

2033 1064 2154 1121 sine
2183 1064 2383 1136 efﬁgie,
2414 1081 2516 1121 nec
2549 1067 2670 1122 sine
2707 1066 2975 1136 sapientia
3002 1066 3243 1135 sapiens,
3281 1079 3381 1120 nec
3409 1065 3617 1132 absque

2034 1157 2276 1225 potentia
2327 1165 2540 1227 potens,
2571 1173 2673 1213 nec
2724 1158 2932 1227 absque
2982 1156 3120 1211 Filio
3174 1155 3354 1211 Pater.
3415 1158 3619 1210 Annon

2034 1262 2131 1317 per
2160 1246 2324 1302 modo
2356 1247 2500 1302 dicta
2544 1247 2977 1304 demonstratum
3014 1258 3116 1314 est,
3144 1263 3266 1303 eum
3295 1249 3386 1317 qui
3418 1246 3614 1300 Filium

359 1332 542 1392 negat,
570 1325 732 1379 simul
760 1327 922 1382 etiam
969 1346 1170 1402 negare
1203 1330 1464 1388 Patrem?
1502 1335 1592 1389 ubi
1659 1345 1840 1392 autem
1909 1354 2084 1410 neque
2130 1340 2302 1415 Filius
2373 1341 2729 1411 glorificatur,
2779 1357 2881 1397 nec
2934 1341 3113 1397 Pater
3169 1357 3291 1399 esse
3352 1341 3616 1404 creditur,

360 1415 542 1471 Deitas
559 1433 783 1486 prorsus
815 1422 1168 1490 reprobatur:
1203 1426 1498 1495 reprobate
1519 1442 1649 1483 vero
1675 1428 1932 1485 deitatem
1974 1432 2181 1488 nullius
2206 1432 2434 1488 alterius
2463 1441 2628 1503 atque
2658 1431 2882 1503 Epicuri
2911 1440 3018 1487 est.

428 1507 641 1561 Οὐκοῦν
673 1508 1035 1584 Ἐπικούρειοι
1065 1515 1115 1567 oi
1146 1514 1242 1569 νῦν
1267 1516 1625 1588 δογματισταὶ
1662 1520 1761 1590 τῆς
1793 1521 1937 1574 ἁπά-

358 1614 459 1667 της
484 1600 920 1671 ἀναπεφήνασιν,
950 1605 1000 1657 οἱ
1037 1605 1125 1658 διὰ
1163 1605 1263 1676 τῆς
1291 1609 1372 1671 εἰς
1398 1609 1489 1662 τὸν
1518 1611 1782 1681 μονογενῆ
1810 1611 1938 1665 Υἰὸν

2115 1522 2256 1593 Ergo
2310 1523 2561 1595 Epicurei
2640 1524 2813 1579 nobis
2867 1537 3011 1578 esse-
3062 1521 3425 1577 demonstrati
3491 1530 3621 1574 sunt

2045 1614 2253 1669 fraudis
2281 1613 2558 1679 doctores,
2589 1613 2684 1684 qui
2718 1628 2816 1683 per
2844 1612 3254 1677 contumeliam,
3287 1626 3396 1682 qua
3440 1609 3616 1666 Filius

360 1686 591 1760 ὕϐρεως,
634 1691 733 1755 τὰς
760 1693 1031 1764 ὑπεροχὰς
1062 1694 1141 1766 τῷ
1192 1697 1368 1768 Πατρὶ
1414 1698 1797 1770 χαριζόμενοι,
1842 1701 1936 1754 καὶ

2042 1702 2302 1766 afﬁcitur,
2336 1705 2708 1773 praestantiam
2750 1703 2899 1757 Patri
2956 1701 3286 1772 largiuntur,
3331 1715 3395 1755 ac
3426 1700 3618 1756 dicunt

357 1778 605 1849 λέγοντες
629 1782 711 1836 ὅτι
736 1786 764 1837 6
790 1785 889 1854 μὲν
920 1785 1141 1857 μείζων,
1170 1791 1198 1842 6
1225 1788 1280 1843 δὲ
1309 1790 1546 1845 ἐλάττων
1568 1807 1582 1821 ⁸
1609 1793 1639 1844 6
1664 1792 1763 1861 μὲν
1791 1792 1934 1862 πέμ-

361 1885 473 1933 πει,
507 1871 536 1922 6
565 1869 623 1922 δὲ
660 1871 1072 1941 ἀποστέλλεται,
1119 1879 1167 1930 εί
1194 1877 1285 1930 καί
1326 1894 1480 1942 τινας
1524 1881 1708 1950 ῥήσεις
1741 1881 1935 1951 ἐκιτῆς

360 1960 583 2031 Γραφῆς
625 1963 755 2033 περὶ
796 1964 985 2019 τούτου
1025 1969 1369 2038 παράγοντες
1394 1960 1451 2023 οἱ
1476 1971 1688 2041 ἀνόητοι
1717 1971 1935 2042 προτεί-

361 2068 564 2115 νονται,
600 2055 693 2108 καί
730 2072 891 2124 φασιν
923 2057 1082 2112 αὑτὸν
1123 2061 1404 2130 ὁμολογεῖν
1450 2062 1542 2115 τὸν
1592 2062 1818 2134 Κύριον,
1853 2063 1936 2117 ὃτι

362 2142 622 2213 ἐπέμφθη
663 2147 813 2217 παρὰ
841 2148 934 2202 τοῦ
972 2151 1206 2221 Πατρός.
1256 2147 1392 2206 Εἶτα
1426 2153 1508 2206 ὄτι
1550 2153 1649 2223 μὲν
1681 2153 1936 2225 ἐπέμφθη

360 2230 672 2300 γινώσκεις,
715 2236 798 2288 ὅτι
841 2236 898 2290 δὲ
933 2239 961 2291 6
1004 2238 1225 2309 πέμψας
1261 2243 1378 2310 μετ’
1430 2242 1595 2295 αὑτοῦ
1645 2244 1793 2296 ἐστιν
1836 2244 1937 2298 οὑκ

360 2322 637 2393 ἀκήκοας;
703 2325 758 2378 Ὀ
783 2325 1024 2397 πέμψας
1040 2346 1138 2398 με,
1170 2332 1334 2401 φησι,
1374 2334 1504 2401 μετ’
1559 2332 1705 2402 ἐμοῦ
1733 2333 1935 2388 ἐστιν’

363 2412 461 2465 καὶ
488 2414 589 2467 οὐκ
624 2415 905 2488 ἐδιδάχθης
937 2418 1024 2472 διὰ
1061 2419 1169 2474 τῶν
1209 2422 1534 2493 εἰρημένων,
1564 2424 1646 2476 ὅτι
1676 2425 1772 2477 καὶ
1804 2426 1939 2478 ἀπο-

368 2505 646 2560 στέλλεται
678 2508 771 2561 καὶ⁵
797 2509 858 2562 ού
898 2509 1219 2580 χωρίζεταις
1256 2512 1643 2566 ἀποστέλλεται
1691 2513 1788 2584 μὲν
1830 2513 1941 2586 γὰρ

362 2596 451 2651 διὰ
492 2598 926 2670 φιλανθρωπίαν,
975 2602 1035 2655 οὐ
1075 2602 1367 2674 χωρίζεται
1406 2603 1462 2657 δὲ
1492 2603 1581 2657 διὰ
1609 2604 1669 2657 τδ
1708 2605 1808 2676 τῆς
1838 2604 1940 2673 φύ-

366 2703 506 2748 σεως
532 2688 793 2758 ἄτμητον.
835 2691 970 2744 Φασὶ
1010 2692 1067 2744 δὲ
1106 2692 1269 2746 πάλιν
1292 2693 1443 2763 παρὰ
1474 2694 1569 2748 τοῦ
1602 2694 1940 2764 Μονογενοῦς

364 2777 768 2850 ὡμολογῆσθαι,
801 2781 862 2834 τὸ
891 2781 1112 2851 μείζονα
1137 2781 1276 2839 εἶναι
1309 2785 1474 2846 αὑτοῦ
1497 2785 1589 2839 τὸν
1615 2786 1856 2856 Πατέρα,
1883 2789 1942 2839 ὲν

363 2869 443 2942 τῷ
464 2870 663 2942 λέγειν,
678 2872 760 2929 ὅτι
796 2873 858 2929 '0
881 2873 1080 2947 Πατήρ
1097 2896 1211 2949 μου
1229 2874 1440 2949 μείζων
1454 2894 1573 2949 μου
1596 2877 1786 2934 ἐστιν.
1804 2879 1943 2932 06x-

364 2963 461 3017 οὖν
490 2964 850 3037 ἐξετάσωμεν,
872 2969 1107 3039 ἀδελφοὶ,
1137 2966 1246 3041 ἄρα
1278 2972 1352 3043 μὴ
1401 2972 1654 3041 ψεύδεται
1695 2974 1723 3026 6
1749 2971 1939 3036 εἰπὼν,

2037 1793 2182 1848 hunc
2214 1793 2437 1864 quidem
2472 1793 2758 1864 majorem,
2802 1793 2961 1861 illum
2991 1806 3122 1847 vero
3154 1794 3421 1847 minorem
3449 1804 3611 1846 esse:

2035 1885 2183 1939 hunc
2202 1884 2420 1954 quidem
2446 1885 2679 1951 mittere,
2705 1884 2855 1939 illum
2879 1899 3009 1939 vero
3036 1884 3176 1938 mitti
3204 1903 3217 1939 :
3251 1892 3420 1954 atque
3445 1883 3612 1939 etiam

2036 1972 2179 2026 dicta
2208 1970 2457 2043 quzrdam
2487 1986 2554 2027 ex
2584 1969 2872 2042 Scriptura
2902 1972 3005 2025 hac
3037 1973 3104 2027 de
3138 1988 3198 2028 re
3249 1970 3612 2042 proferentes,

2038 2064 2204 2118 stulte
2238 2061 2611 2133 praetendunt,
2639 2071 2695 2117 et
2723 2062 2877 2115 aiunt
2914 2061 3202 2117 Dominum
3236 2063 3412 2132 ipsum
3449 2061 3615 2116 conﬁ-

2037 2155 2138 2209 teri
2167 2169 2226 2210 se
2259 2154 2488 2210 missum
2541 2170 2664 2212 esse
2691 2171 2723 2209 a
2761 2153 2940 2210 Patre.
2972 2153 3038 2207 Et
3068 2152 3211 2224 quod
3237 2153 3463 2208 missum
3496 2152 3618 2222 qui-

2037 2244 2160 2300 dem
2190 2261 2313 2301 esse
2342 2246 2626 2317 intelligis,
2660 2262 2787 2302 eum
2812 2255 2997 2301 autem
3029 2245 3123 2315 qui
3157 2244 3306 2299 misit
3334 2259 3456 2298 cum
3524 2243 3617 2297 illo

2039 2351 2162 2391 esse
2218 2351 2327 2391 non
2361 2338 2615 2392 audisti?
2664 2336 2769 2403 Qui
2821 2338 2967 2391 misit
3004 2352 3122 2404 me,
3180 2335 3382 2405 inquit,
3416 2350 3618 2388 mecum

2039 2427 2152 2481 est"
2180 2444 2195 2495 ;
2224 2436 2279 2481 et
2312 2441 2421 2481 non
2452 2442 2553 2497 per
2581 2442 2643 2483 ea
2681 2427 2828 2483 dicta
2883 2428 3112 2484 edoctus
3142 2441 3201 2481 es
3232 2426 3374 2496 quod
3402 2433 3457 2479 et
3489 2424 3616 2479 mit-

2042 2510 2176 2565 titur
2195 2519 2251 2567 et
2281 2526 2389 2567 non
2416 2515 2747 2582 separatur?
2776 2510 2911 2569 Nam
2959 2514 3191 2568 mittitur
3233 2515 3451 2584 quidem
3483 2527 3615 2581 pro-

2040 2609 2161 2671 pter
2203 2602 2638 2669 humanitatem,
2688 2620 2798 2660 non
2846 2613 3132 2675 separatur
3185 2615 3363 2659 autem
3394 2611 3615 2674 propter

2042 2692 2744 2749 naturaeindividuitatem.
2775 2694 2945 2749 Aiunt
2975 2696 3106 2750 item
3161 2710 3355 2750 rursus
3414 2693 3612 2747 Filium
3662 2742 3675 2757 ,

2045 2782 2383 2853 unigenitum
2436 2783 2751 2840 confessum
2803 2801 2929 2841 esse
2991 2786 3136 2856 quod
3178 2786 3301 2854 ipso
3336 2783 3510 2853 major
3543 2784 3618 2838 sit

2042 2873 2221 2939 Pater,
2255 2874 2384 2930 dum
2415 2874 2571 2939 dicit,
2603 2874 2769 2930 Pater
2797 2892 2941 2930 meus
2968 2876 3145 2945 major
3167 2892 3248 2929 me
3273 2885 3349 2930 est
3371 2875 3413 2928 ⁸.
3447 2875 3619 2945 Igitur

2042 2967 2407 3033 excutiamus,
2440 2965 2658 3034 fratres,
2690 2968 2939 3039 nunquid
2971 2968 3270 3024 mentiatur
3311 2967 3404 3038 qui
3451 2965 3612 3029 dixit.

368 3055 453 3108 δτι
507 3054 654 3123 Ἐγὼ
688 3036 758 3110 έν
799 3057 879 3123 τῷ
911 3036 1113 3128 Πατρὶ,
1144 3036 1241 3114 καὶ
1271 3036 1304 3114 ὸ
1340 3036 1543 3130 ὶιάτὴρ
1580 3062 1650 3115 ἐν
1687 3062 1837 3132 ἐμοί.
1876 3064 1936 3117 El

2050 3059 2156 3129 Ego
2189 3060 2243 3113 in
2287 3059 2449 3116 Patre
2491 3078 2632 3127 sum,
2663 3072 2712 3115 et
2743 3036 2907 3115 Pater
2935 3062 2989 3115 in
3044 3077 3125 3114 me
3154 3062 3290 3114 est’.
3330 3036 3405 3114 'Si
3441 3055 3617 3125 major

372 3144 574 3215 μείζων
595 3148 623 3199 6
647 3147 834 3217 Πατὴρ
859 3148 951 3202 τοῦ
974 3148 1125 3216 Υίοῦ,
1154 3150 1270 3213 πῶς
1306 3154 1563 3222 χωρεῖται
1584 3151 1644 3205 τὸ
1669 3150 1852 3222 μεῖζον
1881 3152 1939 3206 ὲν

366 3233 447 3303 τῷ
491 3232 766 3296 ὲλάττονις
811 3236 872 3289 Et
902 3236 1138 3292 ἐλάττων
1183 3240 1212 3290 6
1246 3239 1373 3303 Υίὸς
1414 3238 1508 3293 τοῦ
1554 3240 1787 3310 Πατρὸς,
1824 3240 1943 3305 πῶς

370 3323 673 3395 πληροῦται
712 3326 773 3379 τὸ
819 3325 1001 3396 μεῖζον
1044 3327 1149 3381 ὑπὸ
1183 3329 1276 3382 τοῦ
1307 3329 1617 3397 λείποντοςς
1646 3331 1714 3385 '0
1745 3349 1803 3384 τε
1831 3331 1942 3403 γὰρ

373 3412 577 3485 μείζων
609 3420 1019 3489 στενοχωρεῖται
1046 3419 1271 3484 πάντως
1297 3422 1354 3474 ἐν
1383 3422 1462 3492 τῷ
1494 3422 1757 3488 ἐλάττονι,
1788 3425 1882 3478 καὶ
1913 3427 1942 3478 6

369 3507 609 3563 ἐλάττων
643 3509 1009 3579 ὲπεκταθῆναι
1036 3510 1171 3581 πρὸς
1205 3512 1265 3565 τὸ
1307 3512 1643 3584 ὑπερϐάλλον
1684 3515 1744 3568 οὑ
1777 3515 1938 3568 δύνα-

366 3616 490 3654 ται·
537 3599 678 3654 ὥστε
719 3601 965 3672 ἀνάγκην
1008 3597 1146 3655 εἶναι
1196 3602 1403 3658 λείπειν
1429 3606 1526 3675 μὲν
1574 3606 1632 3658 ἐν
1658 3604 1736 3676 τῷ
1767 3606 1941 3676 Πατρὶ

366 3691 461 3745 τὸν
487 3691 632 3758 Υίδν,
661 3692 1005 3765 περισσεύειν
1024 3692 1084 3746 δὲ
1105 3695 1162 3746 ὲν
1181 3693 1259 3764 τῷ
1281 3695 1397 3765 Υἱῷ
1420 3695 1510 3748 τὸν
1540 3696 1779 3768 Πατέρα.
1806 3696 1938 3760 Καὶ,

364 3781 621 3852 ψεύδεται
659 3785 689 3837 6
739 3782 948 3846 εἰπὼν.
1002 3785 1083 3838 ὅτι
1136 3785 1283 3855 Ἐγὼ
1312 3785 1383 3839 ἐν
1427 3786 1507 3852 τῷ
1566 3786 1749 3856 Πατρὶ
1793 3786 1941 3856 (δέον

367 3877 563 3941 εἰπεῖν,
598 3874 754 3946 εἴπερ
796 3875 1030 3930 ἐλάττων
1065 3876 1230 3942 ἐστὶν,
1271 3877 1353 3931 ὃτι
1401 3876 1540 3946 Ἐγὼ
1567 3876 1743 3948 ὲν.τῷ
1784 3878 1939 3951 μέρει

364 3964 462 4019 τοῦ
514 3966 781 4035 Πατρὸς),
811 3967 902 4019 καὶ
943 3966 1005 4020 '0
1038 3967 1237 4037 Πατὴρ
1263 3968 1334 4021 ἐν
1355 3969 1502 4038 ἐμοί.
1561 3969 1940 4039 Ἀληθέστερον

364 4057 479 4127 γὰρ
501 4052 569 4128 ἦν
598 4059 790 4121 εἰπεῖν,
824 4058 982 4129 εἴπερ
1024 4058 1223 4130 μείζων
1261 4060 1290 4111 6
1331 4060 1543 4131 Πατὴρ,
1569 4061 1652 4113 ὃτι
1676 4060 1854 4129 Μέρος
1887 4077 1942 4113 τι

362 4148 462 4202 τοῦ
506 4150 716 4221 Πατρὸς
754 4153 811 4204 ὲν
846 4151 1000 4221 ἐμοί’
1046 4152 1094 4203 εί
1127 4150 1181 4202 δὲ
1215 4150 1332 4213 ὅλος
1363 4150 1392 4202 6
1427 4150 1616 4220 Πατὴρ
1647 4150 1705 4202 ὲν
1732 4149 1838 4221 ὅλῳ
1861 4149 1940 4221 τῷ

368 4240 505 4311 Υίῷ,
528 4243 621 4294 καὶ
648 4241 766 4305 ὅλος
801 4243 830 4294 6
859 4242 988 4305 Υἱὸς
1014 4242 1071 4294 ὲν
1097 4241 1203 4310 ὅλῳ
1234 4238 1310 4308 τῷ
1338 4240 1530 4309 Πατρὶ,
1564 4237 1666 4291 ποῦ
1695 4238 1757 4292 τὸ
1780 4239 1940 4291 πλέον

2042 3150 2182 3206 Filio
2214 3150 2376 3206 Pater
2399 3161 2504 3218 est,
2541 3153 2634 3223 qui
2663 3153 2877 3223 capitur
2905 3159 2961 3207 et
2985 3152 3163 3207 locum
3192 3151 3354 3205 habet
3385 3151 3437 3205 id
3467 3154 3612 3220 quod

2042 3240 2220 3309 majus
2252 3249 2336 3296 est
2359 3241 2413 3296 in
2443 3243 2687 3298 minore?
2717 3243 2765 3297 si
2795 3241 2973 3296 minor
2995 3241 3154 3296 Patre
3179 3240 3348 3296 Filius
3380 3248 3486 3305 est,
3515 3243 3612 3311 qui

2043 3332 2347 3402 completur
2375 3332 2429 3386 id
2460 3334 2605 3404 quod
2641 3332 2819 3403 majus
2880 3343 2958 3388 est
2996 3347 3024 3386 a
3083 3332 3339 3388 minore?
3390 3329 3525 3386 Nam
3561 3340 3625 3386 et.

2043 3422 2218 3491 major
2242 3431 2553 3479 coarctatur
2584 3438 2813 3494 prorsus
2847 3424 2899 3476 in
2933 3424 3162 3487 minore,
3199 3431 3253 3475 et
3300 3423 3477 3476 mittor
3516 3438 3581 3475 ex
3602 3452 3615 3461 ο

2043 3512 2191 3567 tendi
2240 3513 2307 3568 ad
2357 3513 2798 3583 exsuperantiam
2872 3518 2927 3567 et
2976 3512 3448 3584 exaggerationem
3506 3527 3627 3565 non,

2046 3611 2223 3671 potest
2249 3621 2262 3656 :
2295 3604 2430 3658 adeo
2469 3610 2527 3657 ut
2553 3617 2775 3658 necesse
2808 3603 2879 3658 sit
2908 3603 3100 3656 deesse
3126 3602 3344 3670 quidem
3376 3602 3430 3655 in
3452 3601 3621 3656 Patre

2045 3693 2262 3755 Filium,
2315 3693 2621 3751 redundare
2686 3701 2866 3748 autem
2931 3694 2987 3747 in
3032 3691 3172 3746 Filio
3242 3691 3481 3747 Patrem.
3536 3695 3615 3748 Ae

2044 3783 2303 3837 mentitur
2331 3784 2423 3853 qui
2452 3782 2612 3849 dixit,
2674 3782 2783 3855 Ego
2819 3799 2933 3837 sum
2965 3784 3021 3837 in
3055 3781 3217 3837 Patre
3250 3781 3416 3855 (cum
3452 3798 3615 3854 opor-
3686 3824 3694 3832 -

2042 3882 2179 3930 teret
2209 3875 2413 3939 dicere,
2467 3875 2514 3931 si
2558 3875 2777 3946 quidem
2814 3874 2997 3929 minor
3051 3882 3157 3938 est,
3213 3872 3325 3945 Ego
3380 3889 3502 3929 sum
3558 3876 3629 3929 in.

2046 3972 2201 4034 parte
2225 3965 2406 4022 Patris
2427 3965 2470 4035 ).
2507 3976 2556 4021 et
2585 3965 2747 4021 Pater
2767 3967 2822 4019 in
2851 3982 2932 4020 me
2963 3974 3039 4020 est
3073 3980 3090 4019 :
3118 3964 3302 4020 verius
3326 3964 3472 4019 enim
3497 3973 3617 4020 erat

2042 4058 2225 4113 dicere
2255 4055 2338 4128 (si
2369 4057 2587 4127 quidem
2619 4060 2792 4127 major
2818 4064 2903 4113 est
2936 4056 3163 4129 Pater),
3199 4072 3325 4127 pars
3365 4056 3615 4127 quaedam

2044 4147 2222 4203 Patris
2245 4155 2332 4203 est
2357 4149 2413 4202 in
2445 4163 2549 4203 me.
2577 4146 2732 4214 Quod
2761 4148 2809 4203 si
2842 4155 2990 4203 totus
3029 4146 3193 4203 Pater
3230 4149 3287 4203 in
3333 4156 3447 4204 toto
3476 4149 3615 4203 Filio
3702 4206 3707 4211 ,

2042 4245 2146 4304 est,
2175 4248 2230 4294 et
2258 4247 2403 4294 totus
2434 4238 2606 4294 Filius
2637 4239 2692 4294 in
2727 4247 2842 4295 toto
2873 4238 3054 4301 Patre,
3084 4239 3175 4294 ubi
3203 4239 3255 4294 id
3288 4240 3433 4309 quod
3471 4240 3612 4308 plus,

290 4350 299 4359 ‘
366 4334 465 4386 καὶ
506 4333 607 4386 ποῦ
655 4333 715 4386 τὸ
756 4333 971 4395 λεῖπονς
1017 4332 1111 4385 καὶ
1142 4331 1193 4382 τί
1221 4329 1325 4401 χρὴ
1356 4329 1525 4383 πολλὰ
1556 4329 1770 4398 λέγειν,
1817 4328 1936 4382 δέον

2045 4340 2100 4384 et
2130 4329 2225 4383 ubi
2263 4329 2317 4384 id
2350 4329 2496 4400 quod
2535 4330 2715 4384 minus
2744 4339 2828 4385 est
2848 4330 2885 4385 ἳλ
2903 4329 2968 4384 Et
2993 4330 3124 4401 quid
3152 4345 3292 4400 opus
3320 4338 3404 4385 est
3444 4331 3613 4383 multa

371 4426 474 4495 μιᾷ
509 4428 658 4496 φωνῇ
699 4427 876 4479 πᾶσαν
917 4424 1098 4479 αὑτῶν
1135 4422 1469 4494 περιγράψαι
1496 4421 1593 4493 τὴν
1635 4421 1936 4492 φλυαρίαν;

370 4532 395 4567 ε
413 4515 510 4577 Ὃς
537 4516 594 4568 ὲν
618 4519 798 4586 μορφῇ
824 4513 957 4569 Θεοῦ
975 4516 1251 4587 ὑπάρχων,
1277 4515 1375 4584 οὑχ
1390 4512 1678 4584 ἁρπαγμὸν
1697 4512 1940 4583 ἡγήσατο

366 4604 430 4657 τὸ
457 4600 595 4658 εἶναι
638 4600 730 4657 [ea
753 4605 889 4675 Θεῷ;
923 4624 942 4657 ι
978 4605 1112 4658 Εἰπέ
1143 4621 1255 4675 μοι,
1280 4603 1341 4657 τὸ
1362 4600 1477 4658 ἴσον
1500 4602 1739 4666 ἀκούσας
1765 4603 1828 4656 τὸ
1862 4601 1937 4673 μὴ

363 4693 484 4748 ἴσον
512 4693 768 4765 ὲνόησας;
806 4696 870 4747 Ὠ
902 4695 1091 4757 καινῆς
1116 4693 1462 4757 διδασκαλίας
1490 4693 1577 4748 διὰ
1607 4692 1701 4747 τοῦ
1735 4692 1852 4745 ἴσου
1876 4690 1937 4744 τὺ

363 4786 550 4840 ἄνισον
573 4785 1006 4856 ἑρμηνευούσηςί
1051 4785 1188 4838 Ἀλλ’
1219 4786 1351 4849 ἴσως
1368 4785 1516 4847 εἰκός
1537 4785 1655 4837 ἐστι
1701 4783 1795 4837 καὶ
1826 4783 1937 4838 τῶν

366 4876 860 4948 πολυμαθεστέρων
894 4877 1017 4931 τινὰ
1045 4877 1135 4931 τὸν
1166 4878 1294 4949 περὶ
1329 4877 1531 4932 τούτων
1560 4877 1718 4945 λόγον
1748 4873 1940 4946 ἐπιζη-

364 4972 501 5033 τεῖν,
535 4968 659 5032 Πῶς
684 4969 778 5023 καὶ
821 4968 1022 5039 μείζων
1047 4970 1075 5022 6
1103 4968 1289 5040 Πατὴρ
1329 4968 1423 5024 τοῦ
1451 4968 1605 5034 me,
1637 4967 1733 5022 καὶ
1761 4965 1877 5031 ἶσος
1903 4968 1933 5020 6

368 5062 498 5125 Υίὸς
519 5061 613 5115 τοῦ
644 5061 887 5132 Πατρός;
919 5062 1076 5115 Δοκεῖ
1100 5061 1210 5133 γάρ
1249 5078 1368 5125 πως
1396 5061 1471 5132 μὴ
1505 5059 1822 5131 συμϐαίνειν
1849 5058 1943 5113 ἀλ·-

364 5152 550 5223 λήλοις
587 5152 779 5207 ταῦτα.
824 5150 1033 5205 Οὐκοῦν
1088 5150 1246 5220 ἀφεὶς
1271 5150 1333 5204 τδ
1372 5149 1508 5222 πρὸς
1548 5150 1676 5211 τοὺς
1714 5147 1942 5212 πολλοὺς

364 5243 692 5307 ἀντιπάλους
736 5241 1247 5313 διαπληκτίζεσθαι,
1296 5240 1575 5313 πατρικῶς
1624 5241 1753 5310 ὑμῖν
1812 5239 1940 5307 περὶ

370 5336 477 5389 τῶν
511 5335 883 5406 προκειμένων
931 5332 1374 5404 διαλεχθήσομαι.
1425 5332 1499 5385 Οὑ
1546 5332 1726 5394 πάσας
1758 5330 1941 5402 ὁμοτί-

373 5445 507 5498 μους
539 5423 656 5480 οἱδα
697 5428 794 5489 τὰς
835 5427 929 5480 τοῦ
962 5424 1293 5494 Εὑαγγελίου
1324 5424 1536 5492 φωνὰς,
1559 5425 1683 5477 ὅσαι
1713 5422 1783 5476 τὰ
1810 5421 1939 5491 περὶ

371 5519 465 5572 τοῦ
500 5517 703 5588 Κυρίου
733 5517 1089 5582 διδάσκουσιν,
1137 5516 1255 5570 οὐδὲ
1282 5515 1391 5569 ἀπὸ
1419 5517 1515 5585 τῆς
1546 5514 1715 5584 αὐτῆς
1744 5512 1935 5584 δηλου-

443 5701 466 5735 ⁷
492 5700 648 5756 Joan.
688 5715 805 5765 vm,
830 5670 916 5754 29.

2044 4418 2247 4486 dicere,
2274 4434 2398 4474 cum
2445 4435 2552 4474 una
2586 4434 2718 4475 voce
2757 4435 2972 4476 omnem
3022 4434 3211 4475 eorum
3261 4419 3610 4474 circumscri-

2042 4511 2171 4566 bere
2213 4518 2465 4581 oporteat
2490 4510 2781 4566 verborum
2812 4512 3170 4582 petulantiam
3217 4520 3378 4579 atque
3423 4524 3610 4579 garru-

2040 4602 2249 4656 litatem
2273 4602 2299 4656 ?
2327 4603 2420 4672 qui
2464 4616 2588 4657 cum
2620 4610 2767 4658 esset
2798 4603 2852 4656 in
2888 4601 3064 4656 forma
3093 4599 3209 4668 Dei,
3270 4615 3380 4655 non
3414 4599 3608 4654 existi-

2044 4693 2211 4747 mavit
2241 4694 2488 4763 rapinam
2520 4707 2643 4749 esse
2667 4692 2812 4762 quod
2842 4691 2950 4746 Deo
2972 4706 3069 4761 par
3089 4697 3235 4746 esset
3257 4690 3323 4744 ιθ.
3360 4688 3454 4743 Dic
3482 4688 3612 4740 mihi

2042 4799 2167 4839 cum
2208 4784 2415 4840 audisti
2444 4783 2496 4838 id
2528 4784 2674 4854 quod
2712 4798 2812 4853 par
2857 4789 2963 4845 est,
2992 4780 3047 4835 id
3090 4780 3235 4850 quod
3293 4780 3468 4850 impar
3529 4788 3615 4835 est

2043 4875 2361 4931 intellexisti
2387 4875 2411 4928 ?
2433 4873 2477 4929 Ο
2504 4888 2700 4928 novam
2739 4873 3067 4935 doctrinam,
3099 4886 3220 4941 qua:
3249 4885 3345 4940 per
3387 4872 3438 4925 id
3467 4870 3613 4940 quod

2044 4984 2143 5039 par
2170 4977 2276 5034 est,
2308 4966 2361 5022 id
2396 4964 2538 5036 quod
2576 4966 2752 5036 impar
2784 4975 2867 5021 est
2901 4965 3312 5034 interpretatur.
3365 4963 3468 5018 Sed
3503 4963 3614 5019 for-

2044 5060 2186 5114 sitan
2242 5062 2674 5112 consentaneum
2727 5063 2812 5110 est
2862 5055 3026 5108 etiam
3079 5054 3314 5122 aliquem
3365 5052 3612 5109 discendi

2044 5149 2303 5221 cupidum
2354 5148 2545 5202 harum
2585 5162 2772 5203 rerum
2819 5145 3099 5215 requirere
3152 5144 3464 5211 rationem,
3516 5144 3611 5213 qui

2050 5243 2142 5296 tiat
2168 5251 2226 5296 ut
2254 5249 2311 5295 et
2339 5239 2500 5294 Pater
2547 5238 2687 5294 Filio
2727 5236 2920 5306 major,
2948 5245 3003 5292 et
3033 5235 3203 5289 Filius
3235 5235 3386 5292 Patri
3427 5251 3613 5307 aequa-

2045 5333 2113 5388 lis
2150 5340 2205 5393 et
2238 5345 2338 5401 par
2363 5328 2480 5385 sit?
2510 5328 2775 5383 Videntur
2810 5326 2954 5381 enim
2989 5327 3100 5379 haec
3123 5325 3266 5379 inter
3306 5342 3429 5382 sese
3459 5326 3613 5381 nullo

2045 5424 2205 5479 modo
2232 5421 2547 5477 convenire.
2595 5420 2765 5490 Igitur
2816 5416 3019 5471 omissa
3063 5415 3437 5472 decertatione
3483 5434 3609 5472 cum

2043 5514 2204 5586 vulgo
2226 5511 2687 5574 adversariorum,
2720 5507 2786 5562 de
2811 5506 2974 5564 rebus
3014 5506 3318 5578 propositis
3342 5508 3609 5567 disseram

1026 5698 1221 5756 'Joan.
1256 5712 1376 5765 Itv,
1408 5698 1495 5754 ‘28.
1538 5702 1558 5731 ’
1591 5698 1721 5753 ibid.
1764 5698 1844 5753 l0.
1926 5697 1965 5728 ¹⁰
1988 5694 2221 5767 Philipp.
2265 5713 2324 5764 ll,
2352 5696 2406 5750 6.
