4084 6158
461 289 565 348 563

1719 298 1776 352 S.
1803 297 2131 355 GREGOHII
2165 298 2460 396 lVlYSSENl

3600 295 3705 354 564

469 409 622 463 vobis
657 423 810 463 more
850 417 1095 479 paterno.
1121 408 1239 463 Non
1279 425 1468 468 omnes
1523 413 1800 486 Evangelii
1841 432 2025 482 voces,

2138 418 2300 489 μένας
2343 418 2498 484 ἀξίας
2518 436 2530 449 '
2563 421 2618 473 αί
2645 421 2744 490 μὲν
2785 418 2893 489 γὰρ
2937 415 3157 486 τδ-ὖψος
3187 415 3284 486 τῆς
3311 413 3564 484 θεότητος
3606 412 3700 465 τοῦ

461 513 804 569 quacunque
858 515 947 555 res
991 515 1020 553 a
1069 498 1300 556 Domino
1345 512 1526 574 gestas
1589 507 1768 578 (nos)
1808 509 2024 574 docent,

461 588 706 658 ejusdem
736 590 972 645 arbitror
995 606 1118 648 esse
1147 594 1496 661 conditionis,
1532 613 1708 667 neque
1739 599 1806 653 ab
1839 599 2024 654 eadem

465 680 697 747 proferri
731 681 1035 750 dignitate;
1067 698 1192 738 nam
1243 686 1362 740 alia:
1403 688 1623 758 quidem
1683 691 2024 746 altitudinem

464 767 586 822 Filii
620 769 713 825 Dei
750 771 1055 828 divinitatis
1101 788 1226 828 cum
1259 778 1551 832 verborum
1597 781 1884 849 majestate
1928 782 2024 836 de-

463 860 712 928 clarant;
746 863 864 917 aliae
894 878 1024 919 vero
1051 880 1174 920 sese
1204 867 1486 922 dimittunt
1528 878 1581 924 et
1617 871 2028 926 accommodant

463 949 530 1004 ad
561 952 918 1008 humilitatem
949 955 1202 1011 humana:
1231 965 1460 1012 naturzn.
1490 958 1622 1013 Nam
1645 962 1735 1014 ubi
1767 961 2027 1016 Dominus

463 1041 676 1111 quidem
719 1043 889 1098 dicit:
929 1044 1034 1114 Ego
1067 1049 1312 1116 prmoipio
1348 1049 1440 1102 tibi
1467 1049 1504 1079 “
1531 1065 1546 1116 ;
1577 1060 1648 1111 et,
1689 1049 1838 1116 Volo,
1871 1068 2026 1103 mun-

463 1131 561 1185 dus
594 1137 762 1187 esto”
793 1151 806 1199 ;
839 1144 911 1201 et,
947 1137 1104 1190 Pater
1141 1139 1194 1192 in
1219 1156 1298 1192 me
1330 1149 1426 1203 est,
1460 1150 1509 1194 et
1542 1157 1634 1210 ego
1664 1157 1779 1194 sum
1815 1142 1868 1194 in
1914 1141 2019 1194 Pa-

466 1212 540 1278 tre
565 1225 606 1255 ⁸³
633 1244 648 1294 ;
683 1235 755 1286 et,
789 1226 892 1292 Qui
921 1229 1048 1282 vidit
1081 1247 1182 1294 me,
1215 1231 1341 1284 vidit
1373 1231 1590 1286 Patrem
1613 1233 1658 1265 ¹¹⁵
1685 1251 1698 1299 ;
1734 1243 1806 1296 et,
1836 1237 1947 1303 Ego
1979 1247 2027 1287 et

465 1315 630 1372 Pater
656 1335 817 1371 urutm
851 1337 1032 1374 sumus
1053 1322 1094 1352 ¹⁸
1129 1338 1142 1384 ;
1183 1329 1256 1384 et,
1296 1322 1471 1378 Nemo
1516 1323 1719 1378 Filium
1753 1326 1894 1379 novit
1925 1326 2029 1378 nisi

353 1455 366 1464 ,
473 1406 713 1472 Pater”;
748 1417 818 1472 et,
853 1408 1046 1463 Omnia
1075 1427 1188 1464 mea
1218 1421 1307 1465 tua
1335 1422 1476 1477 sunt,
1496 1423 1544 1468 et
1573 1423 1664 1467 tua
1693 1431 1807 1468 mea
1835 1415 1875 1447 ¹⁷
1905 1433 1920 1481 ;
1953 1426 2025 1480 et,

466 1496 805 1566 Gtoriﬁcatus
831 1515 946 1553 sum
977 1501 1030 1553 in
1060 1502 1134 1556 eis
1156 1503 1217 1566 ιδ,
1250 1515 1301 1557 et
1328 1518 1668 1575 quaecunque
1705 1513 1834 1562 sunt
1881 1507 2029 1576 ejus-

469 1587 634 1652 modi,
664 1589 905 1645 indicant
931 1607 1048 1646 eam
1082 1596 1399 1670 potentiam,
1451 1612 1574 1665 qua:
1605 1613 1770 1668 supra
1809 1613 2026 1651 onmem

465 1690 548 1734 est
579 1689 630 1734 et
682 1691 926 1736 naturam
982 1693 1036 1738 et
1090 1692 1445 1752 potestatem.’
1475 1685 1578 1742 Sed
1607 1702 1729 1742 cum
1775 1689 1842 1743 ad
1876 1688 2028 1744 inﬁr-

2132 509 2260 563 Υίοῦ
2307 510 2398 564 τοῦ
2452 509 2587 564 Θεοῦ
2638 508 3035 580 μεγαλοφώνως
3086 505 3482 578 κηρύσσουσιν*
3537 502 3596 556 αἱ
3643 501 3702 554 δὲ

2131 599 2266 671 πρὸς
2299 601 2357 653 τὸ
2391 600 2643 654 ταπεινὸν
2683 600 2785 670 τῆς
2827 597 3172 670 ἀνθρωπίνης
3208 593 3702 665 συγκαταϐαίνουσι

2129 688 2362 761 φύσεως.
2396 689 2565 742 Ὅταν
2615 687 2716 758 μὲν
2763 687 2872 757 γὰρ
2912 685 3043 755 λέγῃ
3070 684 3098 736 6
3126 683 3330 752 Κύριος
3351 697 3366 712 ·
3399 679 3547 749 Ἐγὼ
3579 680 3704 731 ἐπι-

2128 777 2336 832 τάσσω
2366 794 2495 832 σοι·
2557 779 2682 839 καὶ,
2741 777 2923 838 Θέλω,
2965 774 3384 842 καθαρίσθητι*
3444 770 3566 831 καὶ,
3639 768 3703 820 Ὃ

2130 871 2330 938 Πατὴρ
2353 871 2421 922 ἐν
2449 869 2595 937 ἐμοὶ,
2628 867 2789 938 κάγὼ
2817 869 2886 921 ἐνν
2909 866 2987 931 τῷ
3025 866 3208 933 Harp!
3227 882 3240 893 °
3264 862 3380 924 καὶ,
3422 863 3484 913 '0
3523 860 3697 926 ἑωρα-

2129 963 2245 1026 κὼς
2275 960 2397 1030 ἐμὲ,
2446 960 2665 1029 ἑώρακε
2714 959 2822 1012 τὸν
2865 958 3124 1024 Πατέραο
3184 953 3299 1016 καὶ,
3361 951 3507 1018 Ἐγὼ
3539 949 3634 1002 καὶ
3669 951 3704 1001 ό

2129 1053 2328 1120 Πατὴρ
2360 1052 2430 1105 ἓν
2476 1053 2693 1120 ἐσμεν·
2747 1049 2861 1113 καὶ,
2906 1047 3113 1111 Οὐδεὶς
3155 1043 3277 1098 οἵδε
3317 1044 3425 1096 τὸν
3465 1042 3620 1104 Υιὸν,
3651 1040 3704 1092 εὶ

2123 1141 2208 1210 μὴ
2233 1145 2264 1195 ό
2301 1141 2520 1211 Πατήρ·
2569 1143 2681 1203 καὶ,
2729 1139 2936 1193 Πάντα
2962 1139 3033 1191 τὰ
3065 1137 3174 1205 ἐμὰ
3209 1135 3291 1188 σά
3319 1134 3471 1195 ἐστι,
3495 1130 3591 1184 καί
3631 1129 3703 1182 τὰ

2129 1231 2210 1283 σὰ
2254 1231 2402 1300 ἐμά’
2461 1231 2575 1297 καὶ,
2617 1229 2985 1297 Δεδόξασμαι
3033 1226 3102 1279 ἐν
3151 1223 3386 1288 αὐτοῖς·
3455 1220 3550 1274 καὶ
3603 1220 3701 1271 ὅσα

2128 1325 2353 1378 τοιαῦτα
2379 1324 2476 1395 τὴν
2506 1323 2762 1376 ἐπέκεινα
2793 1321 2973 1390 πάσης
3002 1315 3217 1388 φύσεώς
3241 1333 3301 1367 τε
3332 1313 3425 1367 καὶ
3456 1311 3700 1378 ἐξουσίας

2130 1415 2458 1468 ἐνδείκνυται
2500 1413 2747 1483 δύναμιν.
2807 1410 3056 1465 Ἐπειδὰν
3107 1408 3165 1463 δὲ
3191 1407 3326 1478 πρὸς
3371 1405 3433 1457 τὸ
3481 1402 3700 1463 ἀσθενὲς

2130 1505 2228 1574 τῆς
2275 1505 2546 1579 ἡμετέρας
2592 1505 2805 1574 φύσεως
2850 1500 3098 1571 ὲπικλίνῃ
3151 1500 3243 1552 τὺν
3282 1496 3458 1564 λόγον,
3520 1494 3701 1545 ἐκεῖνα

2131 1598 2451 1666 φθέγγεται·
2493 1596 2825 1664 Περίλυπός
2861 1595 3029 1647 ἐστιν
3065 1593 3103 1660 ἢ
3135 1587 3305 1659 ψυχή
3342 1599 3486 1657 μου·
3513 1586 3582 1638 Et
3603 1584 3703 1636 δυ-

2131 1689 2332 1752 νατὸν,
2379 1688 2714 1757 παρελθέτω
2761 1686 2828 1740 τὸ
2867 1683 3182 1752 ποτήριον·
3242 1681 3322 1734 Οὐ
3370 1677 3618 1731 δύναται
3669 1673 3702 1724 ὸ

468 1769 708 1824 mitatem
757 1781 958 1827 nostrae
1009 1782 1214 1828 natura:
1263 1789 1570 1831 sermonem
1620 1778 1882 1847 inclinat,
1934 1779 2026 1835 illa

2141 1781 2272 1846 Υἱὸς
2313 1750 2412 1850 ἀφ’
2439 1750 2655 1834 ἑαυτοῦ
2697 1795 2751 1832 τι
2795 1750 3028 1830 ποιεῖνοη
3057 1772 3348 1841 Ἐντολὴν
3389 1769 3612 1824 ἔλαϐον
3649 1768 3702 1819 τι

467 1863 782 1931 pronuntiat
809 1882 820 1917 :
851 1863 1128 1920 Pertristis
1153 1868 1424 1921 estam’ma
1449 1885 1563 1923 mea
1581 1887 1601 1935 ,°
1620 1870 1669 1924 si
1691 1871 1810 1940 ﬁeri
1838 1880 2024 1941 potest,

469 1960 704 2005 transeat
741 1953 882 2006 calix
911 1954 1010 2008 iste
1035 1955 1076 1986 ¹⁹
1106 1975 1118 2009 :
1160 1954 1332 2010 Filius
1369 1973 1472 2011 non
1517 1966 1684 2026 potest
1725 1975 1759 2012 a
1799 1976 1909 2014 sese
1939 1960 2028 2029 fa-

468 2059 580 2098 cere
605 2044 888 2113 quidquam
915 2046 981 2101 ¹⁰.
1035 2046 1352 2101 Mandatum
1391 2050 1566 2118 accepi
1608 2049 1733 2121 quid
1775 2050 1950 2105 dicam
1981 2060 2032 2106 et

465 2133 591 2202 quid
619 2133 806 2204 loquar
840 2137 906 2189 ²¹.
963 2135 1109 2192 Vada
1150 2139 1218 2191 ad
1248 2138 1463 2194 Patrem
1499 2157 1670 2196 meum
1714 2149 1764 2196 et
1813 2141 2031 2197 Patrem

467 2237 714 2292 uestrum,
745 2239 792 2282 et
817 2229 883 2282 ad
915 2229 1076 2283 Deum
1113 2248 1282 2285 nicum
1307 2241 1355 2286 et
1394 2232 1463 2286 ad
1512 2233 1680 2287 Deum
1711 2244 1938 2290 vestrum
1963 2240 2028 2290 ”.

470 2316 522 2371 In
553 2320 635 2376 his
660 2335 797 2390 pone
829 2321 993 2376 etiam
1025 2324 1293 2393 lacrymas
1319 2340 1484 2394 super
1513 2325 1718 2382 Lazaro
1752 2329 2028 2398 profusas,

466 2419 520 2464 et
551 2411 926 2468 lassitudinem
953 2429 1019 2469 ex
1045 2414 1240 2469 itinere
1287 2422 1646 2480 contractam,
1699 2425 1753 2472 et
1784 2419 1891 2473 cibi
1935 2434 2030 2489 ap-

469 2498 802 2566 petitionem,
843 2509 897 2556 et
927 2515 1081 2571 aqua:
1107 2498 1448 2571 petitionem,
1493 2513 1546 2559 et
1580 2520 1804 2560 cursum
1839 2507 1906 2560 ad
1965 2508 2047 2561 ίίέ

465 2601 614 2653 eum,
643 2599 699 2644 et
726 2591 870 2660 quod
906 2590 1170 2648 Dominus
1228 2594 1514 2664 ignorabat
1571 2597 1823 2652 arborem
1882 2597 2030 2652 illam

420 2725 444 2749 ,
469 2678 647 2734 fructu
683 2697 888 2746 carere,
935 2691 988 2738 et
1031 2686 1088 2738 in
1128 2686 1347 2756 navigio
1385 2701 1658 2741 somnum.
1712 2685 1836 2742 Herc
1887 2689 2033 2744 enim

467 2772 652 2851 omnia
684 2781 736 2826 et
789 2790 1130 2844 quaecunque
1165 2784 1298 2831 sunt
1345 2777 1476 2836 talia
1535 2793 1642 2831 non
1694 2779 1836 2848 ejus,
1891 2779 2038 2850 quod

2131 1874 2295 1937 εἴπω,
2319 1871 2416 1926 καὶ
2439 1871 2497 1924 τί
2521 1869 2773 1939 λαλήσω
2789 1884 2801 1898 ·
2833 1867 3161 1936 Πορεύσμαι
3183 1863 3330 1934 πρὸς
3351 1862 3458 1916 τὸν
3474 1859 3704 1925 Πατέρα

2126 1979 2244 2031 μου
2287 1961 2386 2015 καὶ
2422 1946 2652 2027 Πατέρα
2689 1956 2855 2026 ὑμῶν
2877 1996 2892 2022 ,
2938 1956 3036 2010 καὶ
3079 1956 3226 2009 Θεόν
3255 1968 3374 2022 μου
3415 1949 3513 2004 καὶ
3555 1947 3704 2002 Θεὸν

2131 2052 2317 2122 ὑμῶν.
2357 2053 2445 2105 Ἐν
2468 2050 2674 2114 τούτοις
2703 2049 2840 2104 τίθει
2863 2050 2956 2104 καὶ
2983 2047 3043 2101 τὸ
3068 2047 3159 2101 ἐπὶ
3177 2046 3426 2113 Λαζάρου
3448 2043 3699 2112 δάκρυον,

2134 2145 2226 2199 καὶ
2250 2144 2340 2198 τὸν
2369 2145 2433 2195 ὲκ
2460 2142 2561 2212 τῆς
2589 2141 2894 2212 ὁδοιπορίας
2923 2141 3111 2203 κόπον,
3145 2138 3240 2191 καὶ
3266 2136 3364 2208 τὴν
3385 2134 3483 2204 τῆς
3500 2132 3702 2204 τροφῆς

2132 2235 2336 2303 ἔφεσιν,
2371 2233 2466 2287 καὶ
2491 2233 2588 2304 τὴν
2611 2233 2704 2287 τοῦ
2740 2228 2928 2294 ὓδατος
2960 2229 3194 2300 αἴτησιν,
3244 2226 3453 2282 καὶτὸν
3489 2226 3585 2278 ἐπὶ
3606 2224 3705 2293 τῆς

2135 2327 2304 2396 συκῆς
2343 2326 2561 2396 δρόμον,
2617 2325 2710 2378 καὶ
2761 2327 2860 2396 τῆς
2906 2322 3001 2376 τοῦ
3053 2320 3221 2390 φυτοῦ
3279 2317 3556 2389 ἀκαρπίας
3607 2315 3704 2386 τὴν
3751 2377 3762 2382 _

2133 2420 2372 2488 ἄγνοιαν,
2403 2417 2498 2471 καὶ
2537 2416 2625 2469 τὸν
2657 2416 2750 2469 ἐπὶ
2793 2415 2886 2468 τοῦ
2932 2414 3114 2468 πλοίου
3155 2411 3341 2465 ὕπνον.
3373 2408 3560 2463 Ταῦτα
3596 2405 3706 2478 γὰρ

2135 2510 2328 2573 πάντα,
2373 2509 2468 2562 καὶ
2510 2509 2609 2562 ὅσα
2655 2505 2903 2571 τοιαῦτα,
2953 2505 3074 2576 ούχὶ
3126 2503 3221 2557 τοῦ
3259 2505 3316 2556 ὲν
3365 2504 3505 2574 ἀρχῇ
3555 2499 3705 2562 ὄντος

2139 2601 2313 2670 Λόγου
2337 2599 2473 2653 Θεοῦ
2496 2599 2594 2670 τὴν
2625 2597 2800 2664 ἀξίαν,
2829 2596 2962 2650 ἀλλὰ
3000 2595 3094 2649 τοῦ
3124 2594 3556 2653 ταπεινώσαντος
3582 2591 3706 2644 ἑαυ-

2100 2711 2103 2714 ·
2139 2692 2228 2746 τὸν
2263 2695 2319 2745 ὲν
2342 2695 2406 2764 τῇ
2429 2691 2522 2745 τοῦ
2560 2690 2746 2744 δούλου
2777 2691 2958 2762 μορφῇ
2984 2689 3082 2758 τὴν
3120 2686 3255 2758 πρὸς
3273 2685 3334 2738 τὸ
3355 2682 3574 2744 ἀσθενὲς
3609 2679 3705 2749 τῆς

2134 2781 2348 2850 φύσεως
2379 2783 2412 2851 ἡ
2423 2781 2536 2851 μῶν
2569 2779 2871 2851 παραδηλοῖ
2891 2777 3318 2848 συγκατάῦασιν.

469 2875 588 2917 erat
621 2864 674 2917 in
739 2864 1028 2934 principio,
1064 2865 1228 2920 Verbi
1282 2865 1398 2930 Dei
1427 2867 1768 2937 dignitatem,
1826 2870 1920 2926 sed
1965 2871 2084 2940 ejus
2122 2871 2215 2942 qui
2278 2886 2398 2927 sese
2443 2872 2499 2925 in
2536 2870 2708 2924 forma
2752 2871 2893 2925 servi
2930 2869 3328 2932 humiliaverat,
3385 2865 3451 2920 ad
3501 2874 3704 2920 natura:

468 2965 671 3012 nostra:
696 2957 1120 3012 imbecillitatem
1153 2958 1429 3012 declarant
1465 2963 2020 3018 accommodationem
2058 2971 2222 3036 atque
2252 2965 2656 3021 demissionem.

541 3049 751 3103 Dictum
790 3061 871 3103 est
903 3049 1105 3120 igitur:
1143 3049 1247 3116 Qui
1270 3052 1414 3106 misit
1448 3070 1547 3119 me,
1576 3055 1747 3123 major
1770 3073 1849 3109 me
1873 3057 2034 3111 est”.

2210 3059 2436 3130 Εἴρηται
2475 3059 2674 3123 τοίνυν,
2711 3057 2794 3110 ὅτι
2845 3056 2897 3108 Ὁ
2937 3055 3177 3124 πέμψας
3217 3050 3564 3124 με,εμείζων
3590 3068 3704 3120 μου

471 3140 640 3212 Igitur
670 3141 955 3196 videamus
994 3156 1023 3194 a
1047 3157 1156 3211 quo
1188 3142 1302 3196 haec
1331 3145 1508 3198 oratio
1532 3144 1861 3213 proferatur.
1890 3147 2040 3213 Quo-

471 3235 636 3289 modo
665 3234 868 3290 missns
893 3234 1021 3290 est?
1049 3234 1145 3288 An'
1169 3233 1340 3289 forma
1368 3234 1460 3290 Dei
1492 3237 1777 3305 praeditus,
1809 3253 1877 3292 an
1924 3239 2038 3294 for-

471 3340 560 3378 ma
616 3325 759 3379 servi
809 3325 1077 3395 accepta?
1127 3326 1183 3380 In
1237 3328 1395 3397 plena
1444 3328 1644 3383 deitate
1690 3344 1938 3396 manens,
1971 3345 2041 3385 an

471 3431 594 3470 cum
623 3417 860 3486 scipsum
897 3418 951 3471 in
984 3417 1156 3472 forma
1191 3419 1376 3474 servili
1407 3420 1840 3476 exinanivisset?
1881 3423 2040 3476 Peni-

470 3515 561 3562 tus
595 3509 742 3562 enim
786 3509 1135 3578 perspicuum
1183 3525 1306 3566 esse
1353 3512 1606 3576 arbitror,
1643 3512 1882 3568 divinam
1942 3529 2043 3584 po-

471 3600 697 3654 tentiam
752 3608 916 3670 atque
964 3613 1239 3666 naturam,
1289 3619 1412 3657 cum
1445 3604 1648 3674 ubique
1702 3605 1774 3660 sit
1827 3620 1891 3660 ac
1947 3621 2043 3677 per

469 3691 654 3745 omnia
706 3692 975 3761 pertineat
1009 3700 1172 3762 atque
1224 3695 1504 3763 pervadat,
1525 3705 1580 3751 et
1609 3711 1695 3751 res
1751 3697 2042 3754 universas

471 3781 720 3850 amplexa
755 3784 844 3842 sit,
881 3783 1021 3837 mitti
1052 3783 1199 3838 haud
1227 3793 1376 3840 recte
1400 3786 1510 3840 dici
1537 3805 1552 3852 ;
1575 3803 1686 3841 non
1714 3789 1859 3842 enim
1888 3798 2042 3846 extra

470 3885 591 3924 eam
626 3872 828 3939 aliquid
862 3887 1094 3927 vacuum
1129 3881 1184 3926 et
1217 3873 1380 3929 inane
1412 3884 1515 3938 est,
1551 3893 1681 3945 quo,
1715 3893 1840 3934 cum
1890 3883 2042 3950 prius

472 3962 548 4016 ibi
576 3977 687 4015 non
715 3969 881 4028 esset,
932 3970 1122 4032 postea
1157 3979 1320 4032 quam
1356 3965 1522 4020 missa
1576 3965 1742 4021 fuerit
1775 3971 2038 4025 accedat:

473 4052 570 4110 sed
599 4068 723 4107 cum
759 4055 1163 4109 conservatrice
1205 4056 1258 4110 vi
1291 4073 1388 4111 sua
1439 4073 1528 4113 res
1567 4059 1854 4116 universas
1888 4077 2044 4115 coer-

392 4189 399 4198 .
473 4153 598 4202 ceat
622 4153 785 4216 atque
815 4147 1115 4213 contineat,
1149 4163 1261 4220 non
1291 4149 1455 4204 habet
1487 4165 1597 4221 quo
1620 4159 1884 4218 transeat,
1919 4167 2044 4207 cum

475 4242 592 4312 ipsa
621 4241 693 4295 sit
717 4255 901 4296 rerum
936 4241 1313 4298 universitatis
1346 4243 1648 4312 plenitudo.

550 4333 856 4388 Descensus
879 4332 1044 4401 igitur
1061 4331 1183 4386 Filii
1213 4331 1302 4386 Dei
1334 4335 1398 4388 ad
1418 4343 1658 4389 nostram
1682 4334 2042 4388 humilitatem

2138 3147 2333 3202 ἐστίν.
2395 3145 2606 3200 Οὐκοῦν
2658 3146 3017 3215 σκοπήσωμεν
3069 3141 3219 3212 παρὰ
3261 3141 3404 3202 τίνος
3455 3141 3484 3192 6
3529 3140 3700 3208 λόγος.

2140 3239 2262 3302 Πῶς
2289 3237 2578 3309 ὲπέμφθη;
2625 3237 2712 3290 Ἐν
2740 3237 2918 3306 μορφῇ
2962 3233 3096 3287 Θεοῦ
3123 3233 3402 3302 ὑπάρχων,
3433 3230 3466 3300 ἢ
3498 3232 3704 3300 μορφὴν

2139 3327 2326 3381 δούλου
2356 3326 2570 3390 λαϐώνς
2614 3325 2700 3378 Ἐν
2729 3323 2807 3395 τῷ
2834 3321 3157 3394 πληρώματι
3181 3321 3254 3374 ὢν
3291 3321 3389 3390 τῆς
3425 3319 3703 3389 θεότητος,

2139 3419 2440 3490 ἢκενώσας
2489 3417 2678 3472 ἑαυτὸν
2715 3419 2772 3471 ὲν
2810 3419 2877 3486 τῇ
2915 3414 3007 3467 τοῦ
3043 3413 3225 3466 δούλου
3271 3415 3481 3484 tropei];
3522 3412 3702 3480 Πάντη

2140 3511 2248 3581 γὰρ
2273 3506 2425 3581 οἶμαι
2456 3508 2720 3581 πρόδηλον
2749 3501 2907 3569 εἶναι,
2935 3507 3016 3559 ὅτι
3038 3508 3071 3576 ἡ
3119 3503 3237 3557 Θεία
3275 3503 3502 3573 δύναμίς
3533 3519 3591 3554 τε
3617 3500 3706 3554 καὶ

2143 3604 2304 3673 φύσις
2327 3601 2602 3672 πανταχοῦ
2632 3598 2786 3666 οὖσα,
2827 3599 2920 3653 καὶ
2938 3598 3026 3652 διὰ
3061 3599 3274 3651 πάντων
3302 3597 3590 3667 διήκουσα,
3617 3595 3708 3647 καὶ

2140 3696 2234 3750 τοῦ
2270 3696 2465 3758 παντὸς
2515 3691 2976 3763 περιδεδραγμένη
2998 3729 3012 3754 ,
3069 3690 3169 3743 οὐκ
3213 3688 3280 3742 ἂν
3312 3687 3536 3750 εἰκότως
3570 3685 3704 3755 πέμ-

2144 3788 2338 3842 πεσθαι
2379 3787 2606 3855 λέγοιτο.
2641 3785 2714 3838 Ού
2744 3784 2853 3855 γάρ
2881 3783 2993 3836 ὲστί
3015 3780 3242 3835 τικενὸν
3263 3779 3365 3847 ἔξω
3389 3778 3612 3848 ταύτης,
3651 3779 3704 3829 ἐν

2141 3874 2184 3948 ᾧ
2225 3880 2487 3949 πρότερον
2530 3877 2602 3947 μὴ
2647 3870 2815 3938 οῦσα,
2864 3875 2990 3927 ὅταν
3029 3871 3275 3943 πεμφθῇ,
3305 3869 3704 3958 παραγένητςιν

2143 3971 2277 4027 ἀλλὰ
2317 3972 2383 4040 τῇ
2431 3967 2792 4037 συντηρητικῇ
2831 3965 3059 4034 δυνάμει
3089 3961 3454 4033 διακρατοῦσα
3481 3959 3542 4012 τὸ
3580 3959 3704 4022 πᾶν,

2144 4065 2243 4118 οὐκ
2275 4063 2386 4132 ἔχει
2427 4062 2505 4124 είς
2533 4059 2562 4113 ὃ
2610 4057 3008 4128 μεταχωρήσει,
3047 4055 3183 4126 αὑτὴ
3222 4052 3316 4107 τοῦ
3351 4051 3552 4114 παντὸς
3580 4047 3709 4103 οὖσα

2146 4156 2433 4227 πλήρωμα.

2239 4331 2304 4382 Ἡ
2333 4328 2508 4382 τοίνυν
2531 4325 2668 4405 πρὸς
2688 4324 2748 4377 τὸ
2777 4323 3044 4395 ἡμέτερον
3069 4320 3319 4374 ταπεινόν
3346 4337 3408 4374 τε
3436 4321 3532 4374 καὶ
3555 4319 3708 4373 ἀσθε-
3772 4330 3786 4342 ·

472 4433 526 4480 et
555 4425 953 4492 inlirmitatem,
976 4425 1069 4495 qui
1093 4425 1372 4480 voluntate
1402 4425 1577 4479 Patris
1601 4427 1822 4490 accidit,
1851 4427 2036 4482 missio

2144 4421 2232 4483 νὲς
2265 4419 2358 4472 τοῦ
2392 4417 2525 4471 Υίοῦ
2567 4416 2661 4469 τοῦ
2701 4414 2834 4468 Θεοῦ
2871 4413 3122 4477 κάθοδος,
3167 4412 3308 4466 κατὰ
3349 4411 3575 4483 γνώμην
3619 4411 3712 4465 τοῦ

473 4515 698 4570 dicitur.
734 4513 868 4570 Nam
897 4517 964 4570 ab
1009 4516 1305 4571 immortali
1341 4524 1535 4570 natura
1561 4517 1629 4570 ad
1667 4525 1911 4572 nostram
1953 4519 2038 4571 vi-

473 4620 582 4660 tam
617 4607 870 4676 migratio
893 4622 1005 4663 non
1033 4607 1099 4662 de
1133 4607 1256 4661 loco
1283 4607 1350 4661 ad
1380 4608 1556 4661 locum
1589 4597 1802 4661 motum'
1824 4606 2038 4661 Domini

473 4695 767 4766 signiﬁcat,
804 4697 899 4752 sed
933 4698 1002 4752 ab
1030 4698 1533 4768 altitudine‘gloriae
1564 4697 1632 4751 ad
1676 4698 2038 4752 humilitatem

471 4789 658 4842 carnis
693 4788 898 4843 indicat
928 4789 1273 4844 descensum.
1323 4788 1614 4843 Descendit
1661 4772 1828 4859 igitur
1867 4796 1921 4843 et
1947 4803 2044 4858 ap-

439 4877 441 4879 ’
473 4878 655 4948 paruit
684 4894 794 4933 non
821 4879 1028 4935 nudum
1053 4880 1312 4945 Verbum,
1350 4881 1441 4936 sed
1480 4895 1610 4934 caro
1645 4879 1846 4934 factum
1877 4898 1890 4933 :
1932 4896 2042 4935 non

473 4970 568 5027 Dei
596 4971 770 5026 forma
803 4988 900 5043 per
933 4989 1075 5040 sese,
1122 4974 1217 5030 sed
1250 4975 1304 5026 in
1351 4973 1526 5027 forma
1569 4975 1710 5029 servi
1747 4989 2037 5044 apparens.

474 5061 576 5117 llic
606 5063 771 5134 igitur
795 5075 878 5120 est
906 5065 998 5135 qui
1028 5065 1166 5120 dixit
1203 5082 1261 5120 se
1307 5081 1411 5120 non
1459 5082 1619 5135 posse
1653 5066 1832 5122 facere
1886 5067 2045 5137 quid-

474 5168 638 5220 quam
673 5154 739 5208 οἱ
772 5155 974 5225 seipso.
1007 5155 1282 5221 videlicet,
1319 5157 1372 5210 in
1406 5166 1668 5225 quantum
1704 5173 1832 5212 caro
1864 5156 2044 5214 factus

473 5254 591 5312 est;
621 5261 746 5300 nam
780 5263 888 5300 non
935 5264 1118 5317 posse,
1177 5250 1570 5305 imbecillitatis
1616 5259 1719 5304 est.
1782 5249 1850 5306 Ut
1897 5251 2042 5305 enim

430 5390 435 5396 .
478 5336 587 5390 luci
620 5338 878 5401 tenebrae,
907 5347 960 5394 et
988 5340 1109 5394 vitae
1141 5356 1310 5405 mors,
1343 5341 1416 5394 ita
1449 5341 1706 5411 potentia:
1736 5340 2036 5411 opponitur

397 5465 434 5496 χ
475 5427 804 5485 inﬁrmitas:
843 5431 992 5501 atqui
1023 5431 1277 5487 Christus
1309 5432 1401 5488 Dei
1443 5435 1685 5503 potentia
1725 5441 1886 5504 atque
1938 5431 2035 5487 Dei

547 5581 590 5653 ξι
629 5579 796 5635 Marc.
831 5596 906 5645 Ix,
933 5583 1036 5653 24.
1112 5585 1156 5615 η
1195 5584 1361 5640 Marc.
1399 5603 1438 5653 ι,
1470 5588 1557 5642 41.
1637 5588 1679 5619 ³³
1750 5585 1907 5642 Joan.
1944 5602 2032 5640 xw

2138 5586 2176 5639 ).
2255 5584 2299 5616 “
2332 5583 2464 5638 ibid.
2495 5582 2546 5636 9.

476 5650 863 5726 f’gJoangvu,
887 5652 972 5706 10.
1031 5653 1094 5726 ff
1128 5655 1256 5710 ibid.
1298 5657 1382 5714 ίθ.
1424 5650 1503 5690 ἰθ
1544 5656 1730 5714 Matth.
1769 5658 2021 5726 xxvr,58,
2053 5657 2138 5713 59.

479 5724 564 5776 17.
640 5723 683 5754 ³³
717 5719 869 5774 Joan.
906 5717 1115 5786 xlv,28.

2142 4510 2352 4581 Πατρὸς
2383 4507 2744 4578 γεγενημένη,
2791 4505 3063 4574 ἀποστολὴ
3108 4503 3344 4571 λέγεται.
3387 4504 3464 4556 οἩ
3497 4503 3606 4574 γὰρ
3649 4505 3710 4555 ἐκ

2141 4603 2239 4672 τῆς
2269 4592 2546 4671 ἀκηράτου
2576 4597 2791 4666 φύσεως
2807 4597 2944 4666 πρὸς
2965 4597 3063 4666 τὴν
3087 4595 3360 4665 ἡμετέραν
3382 4593 3527 4663 ζωὴν
3557 4594 3712 4663 μετά-

2144 4709 2331 4754 στασις
2359 4692 2418 4744 οὐ
2453 4689 2682 4759 τοπικὴν
2712 4689 2943 4740 ποιεῖται
2979 4686 3073 4740 τοῦ
3105 4687 3306 4756 Κυρίου
3345 4687 3443 4756 τὴν
3481 4687 3710 4756 κίνησιν,

2146 4786 2280 4842 ἀλλὰ
2305 4785 2402 4853 τὴν
2433 4783 2539 4836 ἀπὸ
2570 4780 2664 4835 τοῦ
2693 4779 2859 4849 ὕψους
2888 4779 2986 4848 τῆς
3022 4777 3179 4847 δόξης
3209 4777 3347 4848 πρὸς
3373 4777 3435 4829 τὸ
3461 4777 3713 4830 ταπεινὸν

2146 4881 2245 4950 τῆς
2279 4875 2480 4947 σαρκὸς
2510 4873 2837 4928 ἐνδείκνυται
2870 4869 3114 4924 κάθοδον.
3153 4869 3372 4940 Κατέὁη
3401 4869 3579 4922 τοίνυν
3623 4868 3715 4921 καὶ

2147 4972 2318 5041 ἐφάνη
2349 4969 2410 5021 ού
2440 4965 2646 5038 γυμνὸς
2673 4967 2701 5018 6
2723 4964 2913 5032 Λόγος,
2945 4961 3080 5017 ἀλλὰ
3113 4962 3250 5033 σὰρξ
3278 4962 3595 5033 γενόμενος·
3622 4963 3715 5032 οὐχ

2148 5068 2180 5135 ἡ
2207 5061 2300 5115 τοῦ
2324 5057 2457 5113 Θεοῦ
2490 5055 2669 5128 μορφὴ
2696 5055 2816 5108 καθ’
2847 5053 3065 5124 ἑαυτὴν,
3092 5052 3205 5106 ἀλλ’
3235 5054 3293 5106 ἐν
3317 5055 3386 5122 τῇ
3415 5051 3508 5105 τοῦ
3531 5052 3714 5104 δούλου

2151 5155 2332 5225 μορφῇ
2383 5148 2771 5221 θεωρούμενος.
2807 5140 2974 5210 Οὗτος
3011 5140 3104 5199 οὖν
3157 5147 3335 5208 ἐστιν,
3369 5147 3396 5198 6
3437 5143 3608 5197 εἰπὼν
3643 5144 3714 5214 μὴ

2147 5240 2404 5296 δύνασθαί
2433 5257 2484 5292 τι
2514 5238 2605 5306 ἀφ’
2633 5234 2828 5290 ἑαυτοῦ
2859 5237 3050 5299 ποιεῖν,
3078 5234 3233 5305 δῆλον
3260 5235 3341 5287 ὅτι
3371 5234 3504 5287 καθὸ
3528 5235 3715 5302 γέγονε

2151 5337 2284 5406 σάρξ
2309 5352 2322 5365 ⁸
2351 5333 2411 5387 τὸ
2439 5333 2546 5402 γὰρ
2571 5331 2645 5400 μὴ
2673 5327 2951 5392 δύνασθαι,
2979 5327 3260 5390 ἀσθενείας
3288 5327 3455 5382 ἐστίν.
3500 5328 3587 5389 Ὠς
3612 5326 3715 5396 γὰρ

2149 5429 2226 5499 τῷ
2255 5426 2394 5495 φωτὶ
2419 5424 2481 5478 τὸ
2512 5422 2718 5486 σκότος,
2755 5421 2849 5474 καὶ
2883 5422 2912 5474 6
2949 5419 3176 5482 θάνατος
3217 5421 3283 5491 τῇ
3316 5418 3450 5489 ζωῇ,
3483 5419 3624 5471 οὕτω
3651 5419 3712 5487 τῇ

2649 5580 2692 5611 ⁸⁵
2726 5577 2883 5633 Joan.
2920 5590 2973 5637 Χ,
3004 5573 3092 5628 50.
3194 5573 3235 5604 “
3276 5573 3460 5629 Matth.
3498 5593 3589 5642 x1,
3624 5578 3712 5632 27.

2251 5655 2294 5688 ³ο
2327 5653 2481 5709 Joan.
2525 5669 2576 5720 v,
2620 5651 2704 5706 l9.
2782 5651 2822 5680 ”
2863 5642 3019 5700 Joan.
3048 5659 3147 5711 xu,
3183 5643 3270 5699 49.
3348 5647 3391 5677 ²¹
3419 5646 3576 5703 Joan.
3623 5665 3711 5714 xx,
