4084 6158
403 205 503 257 ἷνεῖ

1599 210 1651 264 S.
1695 211 1734 263 G
1747 212 1782 263 ῑι
1794 206 2019 265 ΕΟὈΒΙΙ
2059 207 2354 269 NYSSEM

3534 218 3640 273 568

404 324 547 392 quod
579 325 852 380 acciderat
884 338 1076 396 prmter
1111 337 1381 393 naturam,
1435 329 1623 384 dicens
1653 348 1664 384 :
1702 331 1830 395 Quis
1884 332 1965 382 di-

2091 335 2224 395 ίάζει
2258 335 2470 389 τέκνω·
2522 337 2556 402 ἡ
2613 337 2844 405 Σάρῤα;
2879 332 3008 390 Είτα
3052 336 3306 408 ήδρύνετο
3359 336 3417 389 τὺ
3450 335 3642 406 νήπιον

404 424 564 476 misse:
596 421 895 475 Abraltamo
947 421 1136 476 Saram
1180 421 1351 490 ﬁlium
1399 423 1599 476 lactare
1623 424 1712 476 ὀἳ
1769 423 1968 478 Deinde

407 513 587 566 infans
621 513 842 583 grandis
888 511 1173 572 evadebat,
1225 519 1279 565 et
1319 512 1384 567 ad
1427 513 1958 568 adolescentulorum

408 604 661 658 tendebat
690 612 922 664 atatem,
960 617 1023 656 ac
1052 602 1164 672 jam
1199 617 1333 671 puer
1375 611 1493 659 erat
1523 603 1576 656 in
1608 603 1742 658 ﬂore
1769 603 1966 666 aetatis,

410 701 462 751 in
496 710 709 750 summo
736 694 1160 763 pulchritudinis
1194 697 1394 762 vigore,
1439 694 1746 764 jucundum
1781 709 1972 764 paren-

408 794 551 847 tibus
617 789 986 856 spectaculum
1049 787 1452 856 pulchritudine
1519 787 1845 857 proﬁciens,
1905 787 1970 839 ad

410 898 682 939 summum
724 879 1076 951 progrediens
1122 880 1299 934 artatis
1337 880 1576 950 vigorem
1603 921 1616 944 ,
1675 894 1785 932 una
1848 893 1971 932 cum

413 976 657 1044 corporis
711 971 1111 1043 pulchritudine
1148 971 1377 1024 virtutes
1425 985 1649 1038 augens.
1695 969 1976 1034 Quomodo

414 1075 634 1136 propter
659 1079 783 1120 eum
815 1062 1039 1117 ali‘cctos
1073 1061 1242 1116 fuisse
1273 1070 1527 1130 parentes
1557 1059 1850 1114 verisimile
1877 1059 1972 1119 sit,

415 1171 509 1211 vos
560 1171 670 1210 rem
737 1153 1162 1224 cogitationibus
1212 1152 1512 1220 subjectam
1573 1153 1713 1206 intra
1771 1152 1974 1220 vosipsi

414 1246 730 1317 perpendite
757 1253 920 1313 atque
955 1243 1227 1308 judicate:
1283 1250 1344 1296 ut
1392 1242 1658 1296 adiciatur
1689 1249 1842 1311 pater
1895 1242 1975 1295 lu-

415 1339 631 1393 dentem
664 1337 855 1390 videns
885 1335 1076 1400 ﬁlium,
1123 1343 1177 1388 et
1215 1336 1502 1404 palaestrae,
1541 1334 1763 1398 litteris,
1810 1334 1977 1388 disci-

416 1429 600 1498 plinis,
646 1426 1064 1495 jucundissimis
1111 1426 1402 1496 mqualium
1457 1426 1689 1481 canibus
1754 1441 1976 1495 operam

419 1517 684 1572 dantem?
731 1517 936 1570 interea
987 1517 1302 1586 exploratur
1333 1524 1496 1586 atque
1543 1519 1846 1587 periculum
1898 1519 1975 1583 ﬁt,

420 1615 602 1659 utrum
649 1604 929 1660 dilectioni
980 1619 1108 1674 erga
1159 1604 1327 1659 Deum
1367 1605 1676 1675 patriarcha
1711 1607 1835 1676 plus
1886 1609 1982 1661 tri-

2072 429 2189 480 κατ’
2214 426 2412 494 ὀλίγον,
2439 428 2531 480 καὶ
2564 429 2643 491 είς
2670 429 2768 497 τὴν
2797 427 2903 481 τῶν
2932 428 3231 498 μειρακίων
3258 427 3472 498 ἡλικίαν
3499 425 3644 496 ἔτρε-

2073 535 2184 586 χεν,
2224 517 2317 570 καὶ
2345 517 2444 588 ήδη
2479 521 2606 580 παῖς
2634 513 2700 588 ἦν
2738 519 2792 568 ἐν
2825 517 2975 572 ἄνθει
3003 521 3102 588 τῆς
3135 517 3368 587 ἡλικίας,
3396 520 3452 570 ἐν
3488 518 3641 586 ἀκμῇ

2071 610 2169 680 τῆς
2200 609 2366 679 ὥρας,
2399 607 2568 676 γλυκὺ
2599 608 2775 678 θέαμα
2793 610 2907 670 τοῖς
2935 608 3372 680 γεννησαμένοις,
3390 611 3467 671 είς
3496 607 3645 676 ὥραν

2074 700 2360 763 ἐπιδιδοὺς,
2393 702 2472 763 εἰς
2514 700 2697 771 ἀκμὴν
2737 700 2960 772 προῖὼν,
2994 701 3093 764 τὰς
3125 701 3222 770 τῆς
3246 699 3422 770 ψυχῆς
3447 697 3647 768 ἀρετάς

2077 791 2354 856 συναύξων
2381 791 2457 862 τῷ
2484 792 2667 846 κάλλει
2691 795 2784 846 τοῦ
2814 793 3085 864 σώματος.
3117 792 3302 854 Ὅπως
3328 792 3470 860 ἔχειν
3503 789 3648 853 εἰκὸς

2076 882 2160 934 ἐπ’
2207 881 2354 952 αὑτῷ
2395 884 2519 946 τοὺς
2566 884 2953 955 γεννήσαντας,
2988 885 3143 952 ὑμεῖς
3180 881 3239 934 τὸ
3271 883 3500 952 πρᾶγμα
3538 883 3650 942 τοῖς

2075 973 2353 1042 λογισμοῖς
2407 974 2714 1040 ὑποθέντες,
2767 976 2826 1029 ἐν
2877 975 3091 1036 ἑαυτοῖς
3138 972 3446 1036 ἐξετάσατε·
3502 971 3648 1031 ὅπως

2075 1063 2367 1117 διατίθεται
2409 1066 2592 1136 πατὴρ
2622 1064 2884 1128 παίζοντα
2928 1065 3138 1135 βλέπων
3174 1063 3310 1128 υἱὸν,
3361 1062 3452 1114 καὶ
3489 1077 3651 1112 σπου-

2076 1154 2302 1219 δάζοντα
2334 1156 2391 1207 ἐν
2416 1155 2796 1228 παλαίστραις,
2840 1159 2897 1211 ἐν
2936 1157 3197 1218 παιδιαῖς,
3228 1155 3287 1207 ἐν
3331 1152 3649 1222 μαθήμασιν

2079 1245 2111 1316 ἢ
2157 1227 2367 1309 ἐνκταῖς
2400 1246 2641 1315 ἡδίσταις
2677 1247 2785 1301 τῶν
2830 1246 3136 1318 ἡλικιωτῶν
3182 1243 3510 1305 συνουσίαις.
3563 1240 3652 1292 Ἐν

2080 1338 2285 1401 τούτοις
2316 1341 2477 1409 πεῖρα
2521 1339 2853 1409 προσάγεται
2887 1339 2963 1409 τῷ
2996 1337 3307 1409 πατριάρχῃ
3351 1335 3445 1387 καὶ
3488 1332 3653 1402 βάσα-

2080 1445 2187 1490 νος,
2221 1429 2326 1482 τίνι
2348 1429 2410 1481 τὸ
2440 1428 2600 1482 πλέον
2627 1430 2800 1500 νέμει,
2830 1433 2895 1501 τῇ
2926 1431 3061 1502 πρὸς
3095 1431 3186 1482 τὸν
3215 1427 3346 1480 Θεὸν
3371 1425 3579 1496 ἀγάπῃ,
3615 1422 3647 1491 ἢ

2080 1526 2145 1593 τῇ
2177 1525 2304 1594 περὶ
2329 1523 2428 1594 τὴν
2454 1523 2614 1593 φύσιν
2642 1527 2802 1596 ῥοπῇ.
2835 1527 3044 1596 Φρίττω
3075 1524 3274 1595 μεταξὺ
3305 1522 3654 1591 διηγούμενος

2082 1614 2143 1665 τὸ
2171 1614 2270 1683 τῆς
2307 1614 2499 1684 πείρας
2531 1614 2825 1685 ἀπότομον.
2861 1615 3205 1686 Χρηματίζει
3244 1615 3403 1668 πάλιν
3442 1615 3471 1666 ό
3501 1612 3652 1674 Θεὸς,

418 1697 635 1760 bueret,
685 1710 753 1750 an
788 1695 1140 1766 propensioni
1201 1711 1329 1768 erga
1383 1702 1653 1750 naturam.
1711 1695 1983 1754 Horresco

2091 1701 2176 1754 καὶ
2210 1677 2595 1774 προσκαλεῖται
2624 1677 2718 1759 τὸν
2753 1677 3002 1770 αὑτὸνίὲξ
3037 1677 3296 1775 ὀνόματος
3320 1721 3333 1734 ’
3366 1705 3394 1756 ό
3429 1703 3486 1755 δέ
3522 1718 3656 1771 προ-

419 1791 546 1844 dum
577 1803 790 1858 expono
819 1789 1140 1843 tentationis
1175 1787 1572 1844 vehementiam
1611 1799 1772 1858 atque
1835 1790 1982 1858 peri-,-

419 1879 526 1931 culi
558 1877 921 1931 atrocitatem.
948 1875 1093 1932 Deus
1122 1893 1316 1933 rursus
1350 1876 1682 1946 colloquitur
1707 1892 1830 1932 cum
1865 1880 1978 1944 illo,

419 1985 481 2023 ac
529 1969 847 2023 nominatim
884 1968 1119 2038 appellat
1162 1967 1454 2034 eumdem;
1506 1976 1669 2038 atque
1708 1969 1798 2024 ille
1833 1970 1977 2024 haud

2087 1792 2273 1862 θύμως
2329 1794 2700 1866 ὑπακούειτῇ
2741 1796 2952 1867 κλήσει,
2999 1796 3056 1861 ἐξ
3099 1789 3172 1850 ὧν
3221 1795 3319 1865 ἤδη
3369 1795 3658 1862 τετυχήκει

2087 1882 2303 1945 πάντως
2352 1884 2668 1956 προσθήκην
2714 1887 2973 1958 δευτέρας
3009 1887 3229 1958 χάριτος
3281 1883 3654 1954 ἐκδεχόμενος.

2099 1972 2259 2027 Ἀλλά
2285 1974 2347 2028 τὸ
2377 1976 2675 2048 ἐπίταγμα,
2705 1978 2789 2046 τί;

418 2069 739 2116 cunctanter
766 2061 912 2116 dicto
954 2061 1182 2116 audiens
1234 2068 1319 2116 est
1360 2061 1600 2126 vocanti,
1648 2077 1712 2117 ex
1763 2063 1829 2117 iis
1889 2079 2010 2134 quae
2041 2064 2154 2134 jam
2211 2079 2542 2126 consecutus
2592 2081 2728 2136 erat,
2777 2071 3004 2127 secundi
3049 2070 3178 2125 doni
3229 2052 3659 2124 additamentum

421 2168 642 2224 prorsus
680 2159 1024 2222 exspectans.
1059 2150 1166 2207 Sed
1196 2152 1438 2222 jubetur,
1461 2151 1637 2221 quid?

493 2249 680 2318 Accipe
708 2249 856 2316 mihi,
894 2247 1090 2319 inquit,
1114 2247 1286 2317 ﬁlium
1323 2257 1468 2300 tuum
1491 2248 1557 2300 ’⁷.
1594 2245 1847 2300 Nondum
1882 2247 1986 2300 for-

420 2354 564 2398 tasse
599 2357 695 2397 cor
731 2333 902 2411 patris
935 2341 1110 2394 oratio
1141 2339 1420 2410 percutit:
1450 2338 1610 2410 plane
1656 2337 1799 2391 enim
1838 2337 1988 2407 ejus-

421 2433 565 2486 modi
601 2433 726 2502 quid
753 2432 1087 2502 suspicatur,
1118 2429 1375 2484 nimirum
1407 2429 1554 2509 quod
1580 2429 1785 2498 nuptiis
1819 2428 1986 2482 ﬁlium

420 2524 680 2594 copulare
700 2524 962 2594 jussurus
989 2530 1136 2578 esset
1156 2531 1207 2578 et
1232 2521 1638 2577 matrimonium
1660 2521 1986 2585 accelerare,

424 2625 481 2669 ut
512 2623 764 2671 eventum
795 2615 1084 2670 sortiretur
1114 2613 1424 2669 benedictio
1453 2628 1622 2684 super
1653 2612 1864 2668 semine
1911 2611 1990 2666 fa-

427 2718 534 2762 cta.
566 2708 671 2763 Sed
705 2709 985 2764 videamus
1013 2708 1141 2778 quid
1173 2707 1460 2776 adjiciatur
1493 2706 1766 2761 orationi:
1805 2705 1990 2772 Accipe

426 2801 572 2865 mihi,
615 2802 809 2870 inquit,
863 2801 1035 2869 [ilium
1095 2809 1241 2851 tuum
1274 2800 1431 2852 istum
1482 2797 1773 2861 dilectum,
1823 2798 1985 2851 istum

425 2893 773 2960 unigenitum.
818 2890 955 2946 Vide
988 2890 1238 2946 stimulos
1293 2890 1581 2953 orationis,
1632 2890 1987 2960 quemadmo-

2155 2254 2310 2308 Λάϐε
2354 2271 2478 2322 μοι,
2521 2252 2682 2322 φησὶ,
2715 2252 2822 2306 τὸν
2863 2252 2997 2307 υἱόν
3039 2267 3175 2308 σου.
3228 2251 3393 2308 Οὔπω
3435 2252 3662 2324 πλήσσει

2084 2344 2222 2414 τάχα
2254 2344 2346 2396 τοῦ
2379 2343 2582 2414 πατρὸς
2614 2342 2711 2414 τὴν
2747 2342 2971 2414 καρδίαν
3003 2345 3033 2396 ό
3073 2344 3257 2412 λόγος·
3297 2345 3514 2406 πάντως
3556 2343 3664 2412 γὰρ

2083 2433 2321 2488 τοιοῦτον
2368 2433 2781 2503 ὑπολογίζεται,
2823 2435 2906 2488 ὅτι
2953 2435 3117 2505 γάμῳ
3167 2434 3504 2505 συναρμόσαι
3543 2433 3662 2485 δια-

2085 2525 2364 2578 κελεύεται
2393 2525 2486 2578 καὶ
2513 2523 2838 2578 ἐπισπεῦσαι
2864 2524 2955 2578 τὸν
2980 2525 3241 2595 θάλαμον,
3270 2525 3344 2588 ὡς
3370 2523 3436 2577 ἂν
3463 2525 3542 2587 είς
3575 2523 3664 2575 πέ-

2094 2634 2191 2687 ρας
2221 2616 2362 2670 ἔλθοι
2384 2618 2416 2688 ή
2441 2617 2530 2670 ἐπὶ
2556 2615 2648 2669 τοῦ
2677 2605 2990 2687 σπέρματος
3019 2616 3256 2684 εὐλογία.
3297 2615 3433 2668 Ἀλλ’
3469 2616 3662 2686 ἴδωμεν

2089 2708 2185 2778 τὴν
2218 2708 2532 2780 προσθήκην
2551 2700 2650 2762 τοῦ
2676 2709 2856 2776 λόγου·
2885 2708 3040 2763 Λάϐε
3061 2725 3182 2776 μοι,
3216 2705 3372 2778 φησὶ,
3397 2707 3504 2760 τὸν
3533 2709 3664 2761 υἱόν

2091 2815 2206 2855 σου
2231 2802 2337 2854 τὸν
2368 2800 2695 2870 ἀγαπητὸν,
2723 2801 2825 2853 τὸν
2846 2798 3162 2869 μονογενῆ.
3201 2800 3343 2869 Ὅρα
3369 2798 3434 2852 τὰ
3463 2799 3661 2869 κέντρα

2088 2891 2180 2944 τοῦ
2206 2891 2386 2958 λόγου,
2409 2889 2526 2953 πῶς
2553 2891 2732 2943 κεντεῖ
2756 2889 2847 2943 τοῦ
2871 2890 3074 2961 πατρὸς
3093 2890 3162 2944 τὰ
3185 2890 3462 2960 σπλάγχνα
3487 2907 3501 2920 ·
3551 2889 3664 2952 πῶς

428 2987 554 3040 dum
600 2990 804 3053 pungat
849 2983 1059 3037 viscera
1110 2979 1300 3050 patris.
1350 2978 1421 3034 Ut
1473 2981 1655 3034 eliciat
1717 2980 1986 3034 ﬂammam

2094 2980 2437 3055 ἀναῤῥιπίζει
2467 2982 2564 3053 τὴν
2607 2982 2704 3052 τῆς
2749 2980 2962 3050 φύσεως
3002 2981 3202 3049 φλόγα·
3241 2980 3358 3043 πῶς
3398 2979 3663 3050 ἀνεγείρει

399 3059 674 3140 ἠτιιιιιιιη
710 3083 769 3126 ιιι
823 3072 1027 3126 excitet
1064 3070 1376 3126 incendium
1431 3071 1672 3134 amoris,
1726 3079 1781 3125 et
1823 3071 1988 3125 tilium

425 3168 685 3222 dilectum
717 3174 767 3218 et
798 3162 1135 3233 unigenitum
1182 3176 1428 3228 vocans;
1471 3167 1528 3214 ut
1574 3177 1670 3231 per
1721 3161 1993 3231 ejusmodi

427 3256 646 3310 nomina
669 3253 1049 3309 eﬂ'ervesceret
1076 3265 1202 3320 erga
1250 3265 1374 3304 eum
1415 3249 1620 3304 amoris
1662 3249 1762 3303 vis.
1798 3249 1865 3303 Et
1900 3250 1992 3304 ubi

425 3361 704 3416 accepero,
748 3344 876 3411 quid
912 3343 1149 3398 faciam?
1178 3341 1325 3411 Olfer
1352 3341 1498 3405 mihi,
1538 3341 1733 3411 inquit.
1779 3341 1861 3394 An
1908 3355 1994 3394 sa-

425 3435 698 3491 cerdotem
727 3435 1060 3490 constituere
1087 3433 1268 3502 jubes,
1319 3448 1480 3502 quem
1505 3431 1700 3487 olierre
1736 3433 1995 3502 praecepi-

429 3527 546 3581 sti?
581 3525 698 3582 Non
749 3525 1110 3591 sacerdotem,
1163 3525 1260 3580 sed
1313 3525 1547 3580 hostiam
1589 3533 1646 3580 et
1694 3525 1992 3591 victimam,

427 3635 547 3691 quae
579 3635 674 3690 per
728 3618 1056 3675 sacriﬁcium
1109 3617 1219 3688 igni
1280 3624 1392 3672 tota
1453 3617 1794 3672 absumatur.
1850 3616 1996 3686 ij’gr

426 3712 578 3774 mihi,
607 3711 811 3780 inquit,
846 3710 899 3762 in
949 3708 1276 3777 sacriﬁcium
1327 3707 1626 3761 holocausti
1687 3708 1742 3761 in
1798 3717 1993 3768 monte,

426 3818 781 3873 quemcunque
808 3803 901 3854 tibi
932 3809 1315 3854 monstravero.
1345 3799 1630 3864 Quomodo
1655 3799 1829 3853 affecti
1861 3800 1995 3854 estis

429 3893 797 3947 narrationem
839 3890 1146 3950 audientes.
1178 3889 1492 3958 quicunque
1539 3899 1723 3958 patres
1762 3891 1896 3946 estis
1943 3899 1996 3945 et

430 3982 634 4037 amoris
665 3995 792 4051 erga
823 3981 1024 4035 liberos
1069 3977 1414 4033 affectionem
1465 3979 1534 4035 ab
1582 3987 1781 4034 natura
1833 3996 1996 4036 acce-

431 4081 576 4145 ptam
625 4071 889 4126 habetis?
937 4069 1124 4126 Nostis
1177 4071 1338 4141 plane
1394 4079 1453 4124 ut
1511 4073 1783 4142 accipiant
1837 4089 2000 4129 aures

432 4176 667 4237 paternae
713 4163 978 4235 unigeniti
1013 4163 1104 4216 ﬁlii
1131 4163 1540 4218 mactationem.
1576 4162 1711 4229 Quis
1757 4180 1866 4217 non
1901 4164 1998 4218 ob.

433 4257 730 4328 stnpuissct
777 4265 831 4310 et
870 4254 1136 4309 attonitus
1183 4253 1381 4309 fuisset
1438 4254 1505 4308 ad
1570 4256 1713 4309 hane
1767 4256 1998 4309 vocem?

431 4351 563 4418 Quis
593 4365 753 4405 aures
790 4364 896 4402 non
928 4345 1260 4401 avertisset?
1285 4345 1420 4411 Quis
1450 4347 1503 4401 in
1530 4346 1690 4417 jusso
1718 4348 1996 4416 accipien-
2031 4334 2077 4389 Ι)

430 4447 500 4499 do
531 4445 712 4516 potius
741 4449 1025 4498 emortuus
1047 4457 1155 4496 non
1191 4449 1357 4506 esset,
1387 4454 1548 4510 quam
1583 4440 1639 4493 in
1675 4453 1770 4493 cor
1799 4439 1998 4493 admit-

430 4546 568 4591 teret
599 4535 899 4589 orationem
924 4533 946 4586 ?
974 4534 1056 4586 An
1091 4547 1200 4587 non
1231 4531 1429 4586 merito
1479 4545 1542 4584 ac
1592 4529 1717 4600 jure
1761 4543 1886 4583 cum
1934 4546 2007 4586 eo-

429 4608 868 4697 cxposlulasset,
923 4624 1096 4693 ipsam
1137 4630 1387 4678 naturam
1437 4636 1538 4691 pro
1600 4636 1659 4676 sc
1709 4628 1998 4692 patronam

429 4734 710 4790 opponens
733 4757 746 4781 ,
776 4733 839 4773 ac
867 4717 1114 4780 dixisset,
1158 4714 1268 4769 Cur
1317 4715 1432 4770 hwc
1465 4753 1480 4778 ,
1509 4714 1756 4779 Domine,
1785 4714 1948 4785 jubes
1973 4715 1997 4768 ?

433 4813 706 4866 idcircone
744 4817 951 4879 patrem
988 4810 1185 4868 fecisti,
1225 4816 1284 4860 ut
1316 4807 1411 4860 ﬁlii
1459 4821 1838 4876 percussorem
1875 4807 1999 4861 red-

430 4903 634 4958 dcres?
663 4901 937 4955 idcircone
962 4914 1045 4953 me
1070 4898 1233 4966 hujus
1254 4897 1382 4952 doni
1407 4897 1752 4951 dulcedinem
1776 4905 1998 4966 gustare

431 4993 642 5057 fecisti,
692 4999 753 5044 ut
805 4988 1008 5043 mundo
1087 4985 1325 5041 fabulam
1380 5001 1464 5040 me
1519 4985 1804 5041 elIiceres?
1866 4983 2000 5039 Meis

432 5087 604 5156 ipsius
635 5083 885 5137 manibus
921 5082 1091 5135 ﬁlium
1125 5077 1438 5141 trucidabo,
1462 5085 1517 5132 et
1547 5088 1836 5147 cognatum
1872 5092 2000 5131 san-

433 5178 649 5246 guinem
691 5174 788 5228 tibi
822 5171 1048 5237 libabo?
1091 5169 1157 5223 Et
1206 5177 1265 5224 tu
1311 5169 1424 5222 haec
1452 5166 1635 5237 jubes,
1682 5177 1737 5222 et
1799 5168 2000 5221 talibus

433 5267 672 5321 victimis
702 5263 1034 5322 delectaris?
1076 5261 1403 5316 lnterﬁciam
1460 5259 1629 5314 ﬁlium
1697 5277 1726 5313 a
1769 5275 1879 5329 quo
1915 5274 2002 5313 me

434 5360 708 5426 sepultum
756 5358 822 5411 iri
869 5355 1124 5426 speravi?
1181 5351 1534 5423 Ejusmodine
1575 5351 1625 5405 ei
1679 5359 2000 5408 construam

435 5448 772 5505 thaiamum?
798 5445 1058 5501 Talemne
1086 5445 1136 5500 ei
1165 5446 1406 5500 lzetitiam
1435 5442 1746 5512 nuptiarum
1791 5458 1999 5511 pracpa-

501 5630 547 5663 “
591 5627 726 5683 Gen.
771 5641 881 5690 xxx,
914 5626 966 5677 7.
1045 5625 1087 5656 ’⁷
1129 5623 1262 5678 Gen.
1301 5637 1434 5687 χχιι,
1467 5620 1501 5673 2
1531 5635 1650 5688 sqq.

2093 3075 2154 3129 τὸ
2181 3075 2416 3145 φίλτρον,
2449 3075 2543 3128 καί
2571 3073 2683 3127 υἱὸν
2711 3073 2990 3144 ἀγαπητὸν
3019 3073 3114 3127 καὶ
3157 3072 3417 3144 μονογενῆ
3449 3071 3625 3124 καλῶν
3644 3089 3658 3103 ο

2093 3166 2165 3228 ὡς
2194 3167 2257 3218 ἂν
2280 3164 2366 3218 διὰ
2393 3165 2499 3218 τῶν
2528 3164 2783 3217 τοιούτων
2803 3163 3076 3233 ὀνομάτων
3117 3162 3175 3214 τὸ
3199 3161 3415 3232 φίλτρον
3448 3162 3505 3214 τὸ
3531 3160 3663 3231 πρὸς

2095 3258 2252 3311 αὑτὸν
2276 3257 2609 3322 άναζέσειεν.
2639 3252 2769 3309 Εἶτα
2799 3255 2977 3308 λαϐὼν
3002 3255 3054 3307 τί
3083 3255 3324 3324 ποιήσω;
3369 3251 3665 3323 Ἀνένετκέ

2091 3368 2214 3420 μοι,
2250 3349 2401 3419 φησί.
2442 3349 2534 3419 Μὴ
2582 3348 2730 3419 ίερέα
2775 3349 3108 3417 καταστῆσαι
3138 3347 3380 3408 κελεύεις
3408 3386 3423 3410 ,
3465 3345 3524 3397 ὃν
3568 3346 3662 3398 ἀν-

2096 3442 2338 3509 ενεγκεῖν
2370 3438 2742 3508 προσέταξας;
2780 3439 2889 3507 Οὑχ
2922 3437 3087 3506 ἱερέα,
3120 3435 3257 3490 ἀλλὰ
3289 3435 3438 3504 θῦμα
3464 3433 3558 3486 καὶ
3596 3435 3668 3486 ίε-

2101 3534 2238 3603 ρεῖον
2285 3530 2374 3584 διὰ
2413 3529 2601 3592 θυσίας
2656 3527 3145 3598 ὁλοκαυτούμενον.
3199 3526 3512 3594 Ἀνένετκέ
3545 3541 3664 3594 μοι,

2099 3621 2282 3692 φησιν,
2304 3623 2390 3686 είς
2430 3618 2848 3688 ὀλοκάρπωσιν
2870 3617 2968 3670 ἐπὶ
2994 3616 3101 3670 τοῦ
3125 3616 3320 3684 ὅρους,
3349 3611 3420 3670 οὗ
3446 3615 3555 3667 ἐάν
3573 3630 3670 3667 σοι

2097 3715 2292 3778 δείξω.
2322 3713 2386 3766 Τί
2418 3712 2718 3766 πεπόνθατε
2744 3708 3034 3771 ἀκούοντες
3057 3707 3150 3760 τοῦ
3175 3707 3529 3776 διηγήματος,
3559 3705 3668 3756 ὅσοι

2099 3806 2333 3877 πατέρες
2375 3805 2516 3869 ἐστὲ,
2554 3803 2646 3857 καὶ
2687 3804 2784 3873 τὴν
2833 3802 2968 3873 πρὸς
3014 3800 3140 3862 τοὺς
3191 3799 3385 3860 παῖδας
3441 3795 3670 3867 στοργήν

2099 3898 2248 3968 παρὰ
2278 3897 2376 3966 τῆς
2407 3895 2620 3964 φύσεως
2659 3893 2972 3965 ἐδιδάχθητε
2998 3910 3014 3958 ;
3047 3891 3240 3945 Οἴδατε
3281 3891 3495 3952 πάντως
3527 3889 3671 3948 ὅπως

2097 3989 2310 4058 δέχεται
2344 3987 2549 4058 πατρὸς
2572 3985 2708 4056 ἀκοὴ
2747 3984 3065 4056 μονογενοῦς
3097 3983 3284 4036 τέκνου
3319 3982 3552 4051 σφαγήν.
3582 3979 3672 4032 Τί-

2098 4097 2186 4141 νος
2227 4079 2324 4132 οὑκ
2370 4073 2438 4148 ἦν
2484 4077 2900 4148 καταπλαγῆναι
2948 4076 3084 4148 πρὸς
3131 4075 3227 4146 τὴν
3273 4074 3489 4144 φωνήν;
3541 4073 3670 4124 ἀπο-

2102 4169 2327 4239 στρέψαι
2374 4170 2471 4239 τὴν
2517 4170 2725 4240 ἁκοήνς
2774 4163 3244 4236 ἐναποθανεῖνῖτῷ
3292 4165 3669 4235 προστάγματι

2105 4262 2355 4333 μᾶλλονῆ
2390 4264 2456 4333 τῇ
2484 4261 2682 4333 καρδίᾳ
2710 4261 2800 4314 τὸν
2825 4260 2979 4330 λόγον
3009 4258 3300 4324 δέξασθαι;
3329 4256 3447 4310 Οὑκ
3477 4255 3542 4309 ἂν
3572 4254 3672 4307 ἐδι-

2105 4350 2426 4421 καιολογήθη
2459 4350 2595 4420 πρὸς
2632 4349 2814 4412 αὑτὸν,
2863 4347 3029 4418 αὐτὴν
3057 4347 3154 4416 τὴν
3187 4347 3346 4416 φύσιν
3383 4347 3677 4416 συνήγορον

2101 4441 2294 4495 ἐαυτοῦ
2339 4441 2784 4511 προστησάμενος
2805 4480 2818 4504 ,
2863 4438 2926 4491 Τί
2965 4437 3138 4491 ταῦτα
3171 4437 3560 4509 προστάσσεις,
3591 4433 3677 4486 λέ·-

2101 4550 2231 4600 γων,
2261 4525 2304 4585 ὦ
2330 4531 2533 4605 Κύριε;
2565 4530 2662 4583 Διὰ
2697 4530 2854 4583 τοῦτο
2886 4530 3095 4601 πατέρα
3120 4530 3403 4598 ἐποίησας,
3431 4526 3518 4579 ἵνα
3553 4542 3675 4578 παι-

2100 4622 2344 4675 δοκτόνον
2374 4622 2698 4693 ἀπεργάσῃ;
2723 4620 2820 4673 Διὰ
2847 4619 3006 4673 τοῦτό
3039 4637 3105 4691 με
3124 4620 3222 4690 τῆς
3255 4617 3510 4686 γλυκείας
3539 4616 3671 4670 ταύο

2100 4731 2199 4784 της
2241 4713 2468 4780 ἔγευσας
2494 4713 2718 4782 δωρεᾶς,
2751 4711 2838 4765 ἵνα
2865 4710 3032 4781 μῦθόν
3071 4727 3137 4781 με
3173 4711 3404 4780 ποιήσῃς
3435 4708 3511 4778 τῷ
3541 4708 3669 4778 βίῳς

2103 4808 2236 4869 Ταῖς
2260 4805 2496 4876 ἐμαυτοῦ
2536 4806 2690 4875 χερσὶ
2730 4803 3062 4872 κατασφάξω
3098 4803 3189 4855 τὸν
3229 4801 3423 4864 παῖδα,
3458 4802 3551 4852 καὶ
3581 4797 3673 4851 τοῦ

2107 4896 2400 4966 συγγενοῦς
2449 4897 2678 4968 αἵματος
2719 4896 2925 4949 σπείσω
2973 4912 3088 4960 σοι;
3122 4895 3233 4947 Καὶ
3275 4894 3338 4946 σὺ
3373 4891 3542 4944 ταῦτα
3589 4906 3680 4943 κε-

2103 4988 2296 5052 λεύεις,
2328 4989 2422 5040 καὶ
2462 4987 2734 5049 τοιαύταις
2764 4987 3032 5058 ἐπιτέρπῃ
3064 4984 3308 5049 θυσίαις;
3352 4981 3677 5034 Ἀποκτείνω

2107 5082 2196 5134 τὸν
2235 5080 2364 5143 υἱὸν,
2407 5080 2495 5149 ὑφ’
2535 5075 2594 5133 οὑ
2630 5079 2966 5150 ταφήσεσθαι
3000 5077 3401 5148 προσεδόκησα;
3430 5071 3678 5126 Τοιοῦτον

2108 5172 2254 5242 αὑτῷ
2281 5171 2435 5242 πήξω
2469 5171 2557 5225 τὸν
2589 5170 2857 5241 θάλαμον;
2888 5169 3154 5239 Τοιαύτην
3180 5167 3327 5236 αὑτῷ
3359 5166 3455 5237 τὴν
3485 5166 3677 5235 εὐφρο-

2110 5263 2272 5331 σύνην
2304 5261 2705 5333 παρασκευάσω
2742 5260 2838 5313 τοῦ
2870 5261 3084 5331 γάμου;
3122 5259 3228 5312 Καὶ
3258 5257 3379 5326 sum
3418 5257 3502 5310 ἐπ’
3533 5254 3679 5326 αὑτῷ

2105 5353 2224 5421 οὐχὶ
2245 5351 2500 5422 λαμπάδα
2531 5351 2795 5422 γαμήλιον
2817 5391 2831 5415 ,
2872 5350 3006 5404 ἀλλὰ
3047 5348 3156 5421 πῦρ
3187 5348 3468 5420 ἐπιτάφιον
3493 5363 3508 5412 ;
3544 5346 3678 5400 05x-

2106 5443 2198 5496 οῦν
2244 5442 2334 5496 ἐπὶ
2384 5441 2590 5506 τούτοις
2625 5443 2718 5496 κού⁹
2764 5441 3203 5510 στεφανώσομαις
3245 5438 3430 5501 Οὕτως
3494 5437 3678 5506 ἔσομαι
