4084 6158
390 303 495 360 563

1312 313 1397 369 DE
1423 315 1724 370 DEITATE
1763 313 1919 371 FlLll
1949 317 2035 371 ΕΤ
2083 317 2408 377 SPlRlTU-S
2449 319 2718 378 SANCTI.

3541 323 3642 378 570

387 422 571 496 πατὴρ
609 425 798 494 ἐθνῶν,
840 430 868 482 6
906 430 1037 501 μηδὲ
1071 433 1254 496 παιδὸς
1297 435 1770 504 συγχωρούμενοςς
1815 431 1950 506 1Ἀρό

2065 437 2236 492 rabo?
2272 438 2335 492 Et
2369 440 2489 508 ejus
2530 441 2751 495 nomine
2787 441 3084 495 accendam
3143 456 3251 494 uou
3290 441 3484 496 taedam
3541 459 3643 495 nu-

383 533 433 568 τι
479 515 716 569 τοιοῦτον
762 515 914 574 εἶπεν
946 522 1334 592 ὁἈὸραάμ.ἢ
1387 525 1697 592 ἐνενόησεν;
1748 525 1958 595 Οέμεν-

381 624 492 661 ουν.
539 609 676 662 Ἀλλ’
707 611 890 683 ἐπειδὴ
922 613 1014 666 τὸν
1045 616 1246 669 σκοπὸν
1279 613 1383 668 εἶδε
1414 617 1506 670 τοῦ
1565 618 1956 689 ἐπιτάγματος,

381 699 515 768 πρὸς
544 699 642 770 τὴν
670 701 819 754 θείαν
843 704 1148 774 ἀναϐλέψας
1179 707 1418 778 ἀγάπην,
1451 707 1611 772 εὐθὺς
1665 709 1763 779 τὴν
1797 709 1959 776 φύσιν

381 790 666 860 ἠγνόησεν,
696 797 789 846 καὶ
814 793 923 848 οἷόν
947 814 997 850 τι
1026 799 1224 865 γεῶδες
1252 799 1414 870 ἄχθος
1443 800 1540 862 τὰς
1568 801 1833 870 ἐμπαθεῖς
1859 801 1960 870 τῆς

379 881 595 948 φύσεως
624 884 890 949 διαθέσεις
920 888 1358 958 ἀποδυσάμενος,
1395 891 1513 944 ὅλον
1541 891 1737 944 ἔδωκεν
1765 892 1958 945 ἑαυτὸν

379 970 454 1039 τῷ
502 971 641 1042 Θεῷ,
699 975 792 1026 καὶ
830 975 922 1027 τοῦ
973 979 1392 1049 προστάγματος
1433 976 1534 1051 ἦν’
1576 981 1670 1034 καὶ
1723 980 1845 1034 οὔτε
1890 985 1955 1054 τῇ

380 1067 590 1134 γαμετῇ
626 1066 752 1135 περὶ
784 1068 973 1120 τούτου
1016 1069 1438 1136 ἀνεκοινώσατο,
1488 1071 1667 1133 καλῶς
1697 1088 1758 1139 γε
1789 1073 1960 1124 ποιῶν

381 1152 475 1204 καὶ
524 1153 817 1220 λυσιτελῶς
858 1159 1054 1229 ἐαυτῷ,
1095 1160 1472 1225 ἀναξιόπιστον
1525 1165 1602 1226 είς
1651 1164 1958 1235 συμϐουλὴν

381 1242 572 1312 κρίνας
603 1246 665 1298 τὸ
695 1246 848 1318 θῆλυ.
883 1251 1016 1303 Οὐδὲ
1047 1252 1156 1321 γὰρ
1190 1252 1266 1321 τῷ
1314 1253 1484 1322 Ἀδάμ
1529 1256 1828 1323 συνήνεγκε
1859 1255 1958 1326 τὴν

382 1335 691 1406 συμϐουλὴν
727 1339 1004 1412 δεξαμένῳ
1031 1343 1128 1411 τῆς
1156 1342 1320 1407 Εὔας.
1355 1345 1454 1398 Διὰ
1485 1347 1642 1398 τοῦτο
1667 1347 1740 1410 ὼς
1787 1347 1854 1400 ἂν
1883 1349 1955 1417 μὴ

383 1425 528 1496 πάθῃ
559 1444 610 1479 τι
648 1433 952 1495 γυναικεῖον
985 1432 1081 1483 καὶ
1127 1433 1377 1504 μητρῷον
1428 1439 1460 1504 ὴ
1498 1437 1704 1507 Σάρρα,
1757 1437 1848 1488 καὶ
1897 1438 1958 1490 τὸ

382 1515 608 1588 σφοδρόν
634 1536 693 1570 τε
725 1521 818 1572 καὶ
846 1522 1143 1591 ἀκραιφνὲς
1173 1525 1272 1594 τῆς
1301 1526 1435 1596 πρὸς
1460 1526 1551 1579 τὸν
1577 1528 1708 1580 Θεὸν
1739 1529 1959 1598 ἀγάπης

377 1605 471 1658 τοῦ
538 1608 789 1680 Ἀϐραὰμ
835 1612 1211 1682 ὲπικλάσειεν,
1263 1617 1445 1672 λαθεῖν
1491 1619 1816 1690 ἐπετήδευσε
1860 1622 1958 1693 τὴν

377 1698 662 1768 όμόζυγον.
695 1702 842 1756 Πόσα
882 1704 990 1776 γάρ
1025 1702 1092 1776 ἦν
1124 1708 1302 1772 εἰκὸς,
1351 1709 1405 1762 εῖ
1445 1727 1496 1763 τι
1535 1711 1773 1765 τοιοῦτον
1817 1713 1958 1781 ἔγνω

375 1787 677 1858 γινόμενον,
707 1791 738 1861 ἢ
772 1768 972 1864 δρᾶσαί
993 1768 1091 1865 την
1122 1768 1355 1868 Σάρράν,
1385 1798 1417 1868 ἢ
1452 1799 1586 1868 πρὸς
1611 1795 1790 1864 ἀὑτὸν
1819 1768 1957 1853 ἀὲτο.
1989 1768 2030 1824 Β

375 1876 668 1946 δύρασθαι;
696 1876 782 1933 οἷα
811 1881 856 1935 δ’
889 1883 954 1935 ἂν
986 1883 1151 1936 ἔπαθε
1181 1885 1532 1956 περιχυθεῖσα
1560 1886 1637 1957 τῷ
1668 1887 1820 1940 παιδὶ
1860 1888 1954 1940 καὶ

377 1969 491 2030 ταῖς
555 1969 820 2037 ἀγκάλαις
872 1972 1275 2045 ὲμπλεξαμένη,
1330 1979 1378 2029 εί
1428 1978 1563 2048 πρὸς
1601 1977 1699 2049 τὴν
1738 1979 1952 2051 σφαγὴν

374 2057 599 2113 ἔϐλεπεν
636 2061 798 2116 αὐτὸν
848 2063 1035 2134 βιαίως
1084 2067 1404 2137 ἑλκόμενον;
1439 2070 1569 2133 οἵοις
1598 2070 1642 2123 δ’
1683 2072 1748 2124 ἂν
1784 2073 1953 2144 ἐχρήο

375 2166 502 2203 σατο
532 2151 742 2220 λόγοιςς
769 2156 954 2209 Φεῖσαι
981 2157 1081 2227 τῆς
1107 2157 1350 2227 φύσεως,
1379 2160 1510 2230 ἄνερ
1532 2201 1547 2223 ,
1586 2161 1660 2232 μὴ
1691 2163 1820 2235 γένῃ
1852 2181 1951 2217 πο-

372 2243 535 2314 νηρὸν
575 2244 666 2298 τοῦ
700 2245 815 2316 βίου
849 2249 1094 2320 διήγημα
1115 2268 1128 2281 ο
1164 2255 1458 2325 μονογενής
1502 2272 1591 2324 μοι
1620 2258 1648 2309 6
1676 2256 1831 2320 τόκος
1856 2251 1949 2312 οὗ·

369 2351 482 2401 τος,
522 2338 812 2410 μονογενὴς
840 2342 897 2393 ἐν
937 2340 1122 2396 ὠδῖσιν
1148 2344 1177 2396 6
1220 2345 1402 2398 Ἰσαὰκ
1423 2385 1437 2408 ,
1463 2347 1522 2398 ὲν
1563 2348 1826 2415 ἀγκάλαις
1860 2349 1949 2418 μό-

368 2444 461 2492 νος
483 2446 495 2458 ο
537 2425 692 2494 οὗτός
723 2449 812 2502 μοι
840 2433 997 2497 τόκος
1025 2435 1118 2488 καὶ
1153 2435 1371 2506 πρῶτος
1399 2432 1493 2491 καὶ
1534 2437 1776 2502 ὕστατος.
1814 2440 1948 2495 Τίνα

374 2519 514 2589 μετὰ
554 2521 741 2575 τοῦτον
793 2525 885 2576 ἐπὶ
916 2525 1194 2598 τραπέζης
1226 2528 1500 2598 όψόμεθας
1552 2530 1646 2593 Τίς
1689 2535 1950 2602 προσερεῖ

371 2628 464 2680 μοι
492 2612 590 2684 τὴν
619 2613 872 2682 γλυκεῖαν
904 2618 1086 2687 φωνήν
1113 2635 1126 2682 ;
1167 2618 1262 2682 Τίς
1291 2619 1545 2689 ὀνομάσει
1575 2621 1820 2692 μητέρας
1850 2623 1946 2686 Τίς

368 2701 696 2772 θεραπεύσει
736 2706 796 2758 τὸ
833 2706 1041 2777 γῆρας;
1085 2709 1180 2772 Τίς
1219 2710 1526 2780 περιστελεῖ
1562 2712 1698 2782 μετὰ
1731 2711 1825 2766 τὸν
1851 2712 1949 2766 θά-

367 2811 560 2858 νατον;
603 2795 700 2858 Τίς
745 2795 1005 2866 ὲπιχώσει
1045 2799 1214 2867 τάφον
1257 2799 1332 2869 τῷ
1375 2799 1627 2870 σώματι;
1676 2801 1839 2873 Ὁρᾷς
1882 2803 1945 2856 τὸ

367 2887 529 2950 ἄνθος
555 2887 648 2940 τοῦ
680 2887 821 2950 νέου,
862 2888 891 2942 ὃ
933 2891 1023 2942 καὶ
1057 2892 1112 2943 ἐν
1142 2891 1322 2963 ἐχθρῷ
1346 2910 1430 2957 τις
1466 2893 1697 2964 βλέπων,
1725 2896 1946 2960 πάντως

367 2979 435 3031 ἂν
477 2979 577 3048 τὴν
618 2977 767 3048 ὥραν
803 2980 1052 3050 ἠλέησεν.
1099 2977 1263 3047 Οὗτος
1299 2984 1398 3054 τῆς
1445 2987 1660 3056 μακρᾶς
1711 2987 1878 3058 εὐχῆς
1914 2990 1944 3042 6

367 3069 599 3140 καρπὸς,
629 3064 781 3134 οὗτος
820 3071 920 3142 τῆς
962 3073 1210 3144 διαδοχῆς
1239 3077 1266 3126 6
1297 3074 1510 3140 κλάδος,
1535 3068 1690 3141 οὗτος
1715 3077 1808 3131 τοῦ
1847 3078 1941 3148 γέ-

366 3177 491 3222 νους
525 3160 586 3214 τὸ
622 3161 890 3231 λείψανον,
927 3157 1079 3226 οὗτος
1124 3166 1156 3234 ἡ
1203 3164 1473 3237 βακτηρία
1509 3168 1602 3220 τοῦ
1642 3169 1849 3240 γήρως.
1881 3171 1945 3222 Εἰ

362 3248 507 3302 κατὰ
533 3249 722 3303 τούτου
751 3251 934 3322 φέρεις
967 3251 1027 3304 τὸ
1062 3251 1235 3320 ξίφος,
1275 3252 1477 3324 ταύτην
1503 3271 1592 3324 μοι
1617 3255 1704 3320 δὸς
1733 3259 1798 3327 τῇ
1835 3256 1944 3310 δει-

363 3337 491 3411 λαίᾳ
524 3340 622 3409 τὴν
646 3340 804 3410 χάριν
826 3358 838 3371 ·
863 3345 984 3396 κατ’
1010 3340 1142 3411 ἐμοῦ
1170 3343 1385 3411 πρῶτον
1423 3344 1623 3415 χρῆσαι
1661 3343 1740 3414 τῷ
1779 3345 1944 3414 ξίφει,

362 3433 460 3485 καὶ
493 3432 615 3486 τότε
655 3433 880 3504 ποίησον
915 3435 979 3488 τὸ
1007 3435 1198 3488 δοκοῦν
1225 3436 1317 3488 ἐπὶ
1355 3434 1545 3488 τούτου
1567 3453 1580 3468 ο
1614 3436 1790 3500 κοινὸν
1836 3438 1946 3508 άμ-

363 3523 606 3592 φοτέρων
631 3523 772 3577 ἔστω
795 3525 856 3578 τὸ
886 3525 1066 3596 χῶμα,
1101 3525 1254 3597 κοινὴ
1284 3525 1430 3588 κόνις
1459 3527 1848 3596 ὲπικαλυψάτω
1875 3528 1946 3582 τά

363 3615 628 3685 σώματα,
663 3616 816 3686 κοινὴ
858 3617 1028 3688 στήλη
1073 3615 1364 3686 διηγείσθω
1405 3615 1475 3669 τὰ
1509 3615 1692 3686 πάθη’
1736 3617 1810 3688 μὴ
1861 3617 1945 3689 ῐδῃ

362 3708 581 3778 Σάρρας
618 3707 648 3759 6
678 3707 954 3776 ὀφθαλμὸς
1002 3708 1138 3778 μήτε
1183 3706 1433 3777 Ἀϐραάμ
1471 3706 1942 3772 παιδοκτονοὖντα,

362 3802 504 3870 μήτε
548 3799 730 3852 Ἰσαὰκ
757 3800 913 3870 χερσὶ
943 3799 1223 3870 πατρῴαις
1257 3799 1799 3870 παιδοκτονούμενον.

2061 527 2302 597 ptialem,
2344 529 2438 583 sed
2473 545 2663 599 rogum
2715 530 3124 599 sepulcralem?
3165 530 3308 598 Ergo
3355 547 3523 601 super
3559 533 3644 588 his

2059 619 2221 674 etiam
2271 620 2624 674 coronabor?
2654 619 2805 674 Itane
2854 636 2950 675 ero
2996 630 3153 692 pater
3199 622 3488 691 gentium,
3554 623 3642 676 cui

2059 723 2235 776 neque
2273 709 2364 762 ﬁlii
2395 711 2558 766 unius
2591 726 2713 766 esse
2741 720 2945 779 patrem
2973 727 3298 768 concessum
3331 713 3444 768 sit?
3471 713 3633 767 Nun-

2060 799 2191 866 quid
2217 799 2487 868 ejusmodi
2517 802 2717 871 quippe
2743 801 3018 855 Abraham
3051 803 3188 858 dixit
3212 813 3306 859 aut
3334 805 3640 875 cogitavit?

2059 883 2204 937 Nihil
2261 886 2466 942 minus.
2518 886 2624 942 Sed
2680 889 2772 944 ubi
2822 906 2932 960 quo
2976 901 3306 962 prmceptum
3367 903 3637 964 spectaret

2061 977 2462 1041 animadvertit,
2511 978 2603 1034 Dei
2647 982 2951 1052 reSpiciens
3013 983 3383 1048 dilectionem,
3450 987 3635 1040 statim

2060 1076 2269 1122 natura!
2297 1069 2502 1126 oblitus
2543 1080 2648 1140 est,
2684 1081 2739 1128 et
2779 1083 3039 1142 tanquam
3091 1083 3366 1130 terrenum
3425 1079 3636 1147 pondus

2061 1160 2287 1216 vitiosos
2301 1171 2532 1217 maturae
2552 1165 2840 1221 excutiens
2873 1174 2926 1220 et
2951 1181 3158 1221 exuens
3192 1167 3437 1232 alfectus,
3461 1179 3636 1223 totum

2063 1251 2172 1306 Deo
2221 1269 2344 1308 sese
2382 1256 2652 1323 permisit,
2689 1265 2742 1311 et
2773 1257 2824 1310 id
2874 1257 3018 1326 quod
3054 1257 3350 1325 jubebatur
3402 1259 3632 1330 exsequi

2060 1347 2330 1421 parabat;
2367 1363 2430 1400 ac
2483 1363 2550 1400 ne
2603 1363 2726 1401 cum
2791 1363 2962 1403 uxore
3015 1348 3236 1418 quidem
3293 1349 3396 1404 hac
3463 1350 3530 1404 de
3578 1365 3636 1405 re

2059 1435 2504 1501 communicavit,
2538 1447 2687 1492 recte
2719 1454 2849 1493 sane
2897 1439 3112 1510 sibique
3149 1440 3358 1494 utiliter
3394 1439 3626 1502 faciens.

2059 1527 2151 1597 qui
2200 1526 2455 1581 feminam
2518 1543 2623 1582 non
2683 1529 2937 1584 idoneam
2992 1531 3300 1599 judicarct,
3347 1545 3510 1600 quam
3579 1531 3636 1584 in

2059 1619 2348 1674 consilium
2376 1620 2680 1676 adhiberet.
2742 1620 2877 1674 Nam
2909 1637 3012 1676 nec
3045 1622 3257 1677 Adamo
3307 1623 3442 1678 utile
3472 1630 3638 1693 atque

2060 1706 2407 1763 conducibile
2437 1707 2571 1772 fuit,
2614 1709 2759 1778 quod
2787 1711 3078 1764 consilium
3115 1709 3238 1764 Erae
3277 1719 3500 1765 secutus
3528 1719 3633 1766 est.

2059 1795 2425 1862 Quamobrem
2472 1814 2541 1853 ne
2595 1799 2727 1869 quid
2771 1798 2903 1854 Sara
2933 1800 3277 1856 muliebrium
3305 1812 3490 1872 ,atque
3521 1815 3639 1856 ma-

2059 1900 2342 1946 ternorum
2399 1892 2696 1948 atfectuum
2758 1894 3090 1963 impulsione
3137 1895 3531 1959 committeret,
3583 1905 3637 1951 et

2057 1983 2285 2037 sincera:
2313 1981 2577 2037 adversus
2608 1984 2772 2039 Deum
2804 1984 3117 2041 dilectionis
3139 1985 3440 2041 Abrahami
3469 1987 3636 2042 vehe-

2057 2076 2316 2129 mentiam
2348 2074 2689 2144 infringeret,
2723 2076 3013 2147 coniugem
3050 2091 3206 2132 suam
3240 2078 3424 2131 studio
3479 2077 3636 2134 fefel-

2056 2167 2137 2232 lit,
2178 2175 2237 2221 ut
2267 2183 2329 2222 ea
2371 2167 2518 2237 quod
2547 2168 2808 2238 agebatur
2856 2167 3152 2238 ignoraret.
3213 2167 3350 2222 Nam
3401 2170 3448 2222 si
3501 2168 3633 2239 quid

2056 2263 2162 2315 tale
2192 2259 2278 2330 agi
2316 2259 2482 2312 Sarra
2509 2257 2859 2323 rescivisset,
2900 2273 3064 2329 quam
3109 2259 3280 2314 multa
3342 2259 3638 2314 verisimile

2053 2359 2139 2406 est
2164 2365 2284 2405 eam
2322 2349 2406 2409 vel
2449 2348 2742 2414 facturam,
2785 2351 2874 2405 vel
2909 2350 3053 2419 apud
3098 2349 3253 2404 illum
3302 2361 3640 2420 conquestu-

2052 2454 2169 2494 ram
2209 2453 2274 2494 ac
2311 2438 2718 2509 deploraturam
2751 2436 2973 2494 fuisse?
3010 2437 3186 2504 Quam
3218 2452 3351 2492 vero
3402 2438 3636 2492 misera-

2054 2527 2262 2585 bilibus
2286 2527 2578 2583 affectibus
2603 2525 2940 2582 circumfusa
2957 2527 3066 2580 lilio
3084 2534 3250 2596 atque
3286 2526 3433 2597 ulnis
3456 2525 3638 2594 impii-

2052 2617 2160 2670 oita
2199 2615 2416 2679 fuisset,
2443 2617 2489 2670 si
2512 2630 2636 2670 eum
2661 2615 2930 2670 violenter
2970 2615 3113 2669 trahi
3134 2614 3203 2668 ad
3244 2629 3434 2669 necem
3465 2613 3636 2668 anim-

2052 2707 2421 2763 advertisset?
2452 2706 2661 2772 Quibus
2707 2705 2836 2760 item
2885 2720 2984 2760 usa
3035 2705 3215 2761 verbis
3265 2705 3458 2760 esset?
3500 2703 3637 2759 Par-

2051 2809 2113 2850 ce
2142 2804 2370 2858 naturae,
2397 2807 2431 2848 ο
2469 2795 2573 2858 vir,
2615 2808 2686 2849 ne
2716 2809 2883 2862 prava
2929 2794 2998 2849 de
3034 2802 3088 2849 te
3124 2792 3384 2848 narrandi
3420 2795 3626 2849 mundo

2050 2889 2296 2956 praebeas
2313 2886 2703 2940 occasionem:
2751 2885 2950 2941 unicus
2979 2885 3070 2939 hic
3109 2885 3245 2938 mihi
3289 2893 3480 2955 partus
3523 2895 3632 2951 est,

2052 2978 2248 3031 unicus
2274 2976 2328 3029 in
2360 2975 2624 3045 pariendo
2656 2974 2831 3041 Isaac,
2865 2975 2924 3030 in
2951 2975 3099 3032 ulnis
3131 2975 3323 3032 solus:
3363 2975 3453 3031 hic
3481 2977 3635 3042 mihi

2049 3074 2240 3138 partus
2264 3076 2318 3122 et
2361 3067 2571 3137 primus
2609 3076 2663 3121 et
2703 3075 3038 3136 postremus.
3093 3067 3266 3135 Quem
3301 3076 3426 3138 post
3486 3070 3634 3125 hunc

2047 3159 2105 3214 iu
2147 3173 2338 3214 mensa
2364 3157 2815 3228 conspiciemus?
2851 3157 2985 3224 Quis
3038 3175 3124 3214 me
3178 3159 3327 3214 dulei
3369 3159 3460 3212 illa
3502 3176 3635 3216 voce

2047 3249 2383 3320 appellabit?
2434 3248 2571 3314 Quis
2605 3257 2836 3304 matrem
2903 3250 3248 3305 nominabit?
3316 3251 3450 3318 Quis
3494 3251 3634 3306 colet

2047 3349 2211 3412 atque
2241 3341 2459 3396 curabit
2489 3341 2872 3397 senectutem?
2897 3341 3034 3408 Quis
3072 3350 3344 3397 mortuam
3382 3344 3635 3398 obvolvet

2047 3432 2114 3488 ad
2163 3432 2540 3504 sepulturam?
2595 3431 2730 3498 Quis
2772 3434 2990 3503 corpori
3047 3434 3211 3489 addet
3277 3436 3634 3504 sepulcrum?

2046 3523 2216 3582 Vides
2238 3525 2428 3581 ﬂorem
2462 3524 2706 3593 juvenis,
2739 3539 2903 3594 quem
2934 3527 2979 3580 si
3014 3527 3144 3596 quis
3187 3527 3243 3580 in
3284 3527 3509 3581 inimico
3553 3528 3637 3579 vi-

2051 3617 2241 3688 deret},
2287 3614 2719 3687 pulchritudinis
2789 3615 3020 3670 omnino
3099 3615 3475 3671 misereretur.
3533 3615 3634 3670 Hie

2051 3709 2342 3779 longarum
2371 3721 2598 3778 precum
2635 3707 2874 3773 fructus,
2914 3707 3004 3761 hic
3042 3721 3231 3762 ramus
3260 3716 3343 3762 est
3401 3721 3630 3762 succes-

2053 3798 2246 3865 sionis,
2274 3798 2357 3854 hae
2398 3800 2616 3871 generis
2661 3808 2792 3854 sunt
2842 3799 3110 3867 reliquiae,
3143 3798 3233 3854 hic
3272 3799 3498 3854 baculus
3549 3809 3633 3855 est

360 3892 684 3948 senectutis.
717 3892 776 3946 Si
807 3892 861 3946 iu
896 3891 1041 3945 hunc
1063 3890 1306 3960 gladium
1338 3891 1470 3972 fers,
1501 3893 1643 3947 hanc
1672 3891 1805 3946 mihi
1833 3889 2050 3946 miserat
2124 3890 2339 3948 veniam
2389 3891 2479 3957 da,
2548 3891 2603 3944 in
2678 3906 2767 3947 me
2836 3891 3068 3960 primum
3119 3897 3273 3947 utere
3316 3891 3528 3963 gladio,
3576 3901 3635 3946 et

360 3994 496 4040 tunc
535 3985 622 4041 fac
652 3985 798 4056 quod
826 3985 1043 4041 videtur
1077 3986 1129 4039 in
1158 3987 1258 4042 hoc
1283 4005 1295 4039 :
1325 3988 1633 4058 communjs
1665 3987 1966 4043 .amborum
2005 3987 2250 4042 tumulus
2286 3993 2425 4053 esto,
2485 3988 2795 4043 communis
2837 3993 3091 4054 contegat
3151 4002 3386 4058 corpora
3430 3989 3629 4068 pulvis,

359 4078 670 4133 communis
733 4077 925 4131 titulus
982 4078 1267 4146 utriusque
1321 4077 1530 4133 cladem
1575 4078 1805 4149 prodat,
1860 4093 1929 4134 ne
1967 4078 2147 4133 videat
2176 4077 2372 4135 oculus
2403 4076 2584 4133 Sarrae
2612 4093 2716 4132 nec
2790 4077 3163 4134 Abrahamum
3219 4079 3390 4134 lilium
3462 4084 3627 4136 suum

363 4170 692 4228 interﬁcere.
749 4184 848 4225 nec
881 4169 1129 4225 lsaacum
1177 4171 1346 4224 lilium
1388 4170 1644 4226 manibus
1693 4171 1938 4240 paternis
1979 4169 2272 4226 trucidari.

433 4261 619 4316 Ταῦτα
643 4263 856 4324 πάντως
889 4260 954 4314 ἂν
988 4261 1082 4314 καὶ¹
1109 4261 1176 4314 τὰ
1211 4261 1435 4315 τοιαῦτα
1466 4261 1620 4332 παρὰ
1656 4262 1754 4331 τῆς
1798 4261 1940 4330 Σὰῤ-

365 4358 463 4426 61;
493 4352 710 4421 ἐγένετο
733 4351 810 4422 τῷ
845 4351 1094 4422 Ἀϐραὰμ
1121 4351 1188 4404 τὰ
1218 4353 1456 4423 ῥήματα,
1485 4351 1643 4422 εἴπερ
1669 4351 1778 4405 τῶν
1803 4369 1944 4421 γινο-

2122 4259 2220 4316 liis
2249 4275 2479 4330 prorsus
2511 4268 2565 4316 et
2594 4258 2867 4330 ejusmodi
2904 4260 3090 4316 verbis
3147 4258 3314 4314 Sarra
3360 4261 3629 4318 adversus

2049 4352 2424 4406 Abrahamum
2459 4366 2560 4407 usa
2596 4350 2812 4417 fuisset,
2845 4351 2892 4406 si
2926 4351 3147 4421 quidem
3181 4350 3327 4421 quod
3359 4353 3628 4420 agebatur

365 4446 543 4515 μένων
570 4444 888 4516 προῄσθετο.
938 4444 1078 4496 Ἀλλ’
1112 4445 1186 4507 ὡς
1221 4445 1286 4498 ἂν
1319 4443 1486 4514 μηδὲν
1521 4445 1778 4514 ἐμπόδιον
1809 4445 1946 4515 πρὸς

2052 4443 2457 4512 praesensisset.
2507 4441 2614 4497 Sed
2649 4457 2716 4497 ne
2772 4440 2904 4514 quid
2945 4456 3060 4497 rem
3100 4456 3262 4512 quam
3296 4443 3488 4511 agebat
3521 4443 3628 4496 itu-

356 4537 458 4607 τὴν
488 4535 800 4606 ἐγχείρησιν
821 4537 1047 4604 γένοιτο,
1071 4535 1176 4607 ὄνῳ
1195 4536 1293 4599 τὰς
1316 4535 1574 4605 σχίδακας
1598 4534 1825 4599 ἐπιθεὶς,
1851 4538 1945 4590 καί

358 4644 512 4690 τινας
557 4625 667 4679 τῶν
695 4625 901 4678 παίδων
933 4626 1290 4696 ἐπαγόμενος,
1329 4625 1447 4689 ὅλος
1492 4623 1585 4679 τοῦ
1616 4625 1759 4679 θείου
1793 4625 1946 4696 θελή-

363 4736 532 4790 ματος
560 4714 628 4788 ἦν
656 4737 669 4749 ο
714 4714 831 4771 εἶτα
860 4717 1169 4772 καταλιπὼν
1193 4720 1319 4780 τοὺς
1345 4717 1558 4781 παῖδας,
1590 4716 1664 4780 ὡς
1692 4716 1758 4770 ἂν
1790 4719 1862 4788 μή
1889 4735 1942 4770 τι

359 4811 746 4880 ἀγεννέστερον
775 4809 870 4862 καὶ
898 4809 1298 4880 ἀνδραποδῶδες
1325 4811 1519 4862 ἐκεῖνοι
1550 4809 1939 4878 βουλεύσοιντο,

359 4902 704 4964 κωλύσαντες
749 4900 841 4954 τοῦ
877 4901 1062 4961 παιδὸς
1093 4901 1188 4972 τὴν
1219 4901 1528 4972 ἱερουργίαν
1551 4941 1564 4963 ,
1638 4902 1797 4971 μόνον
1841 4903 1942 4955 ὲπ-

357 4992 557 5060 άγεται
581 4991 670 5045 τὸν
706 4991 840 5054 υἱὸν,
875 4990 1073 5053 ἱκανῶς
1115 4991 1214 5060 ἤδη
1267 4991 1405 5061 πρὸς
1440 4989 1509 5043 τὰ
1537 4990 1810 5062 βαρύτερα
1833 4990 1942 5044 τῶν

362 5082 542 5154 ἔργων
567 5081 659 5153 ὑφ’
683 5083 896 5153 ἡλικίας
925 5082 1322 5152 ἁνδριζόμενον.
1348 5082 1667 5147 Μετατάξας
1697 5084 1804 5154 γὰρ
1830 5081 1941 5135 ἀπὺ

359 5177 460 5247 τῆς
492 5177 616 5230 ὄνου
665 5177 756 5229 ἐπὶ
786 5177 877 5228 τὸν
907 5175 1069 5230 παῖδα
1106 5175 1166 5227 τὸ
1197 5175 1359 5245 ἄχθος
1381 5215 1395 5240 ,
1451 5176 1655 5230 ἐκεῖνον
1688 5175 1942 5246 ὑπήγαγε

359 5269 438 5340 τῷ
469 5269 656 5338 φόρτῳ
701 5268 811 5321 τῶν
845 5267 1035 5333 ξύλων.
1081 5267 1250 5321 Πάλιν
1281 5267 1565 5338 δριμύσσει
1602 5267 1669 5321 τὰ
1710 5267 1805 5321 τοῦ
1839 5285 1944 5322 πα-

360 5359 487 5430 τρὸς
521 5360 804 5429 σπλάγχνα
835 5362 868 5430 ἡ
905 5359 1056 5430 φωνὴ
1084 5359 1176 5411 τοῦ
1203 5359 1390 5421 παιδός
1413 5375 1430 5392 ο
1461 5359 1618 5424 ἄλλος
1641 5350 1795 5424 οὗτος
1825 5377 1946 5414 πει-

367 5449 574 5521 ρασμὸς
627 5451 777 5503 οὐδὲν
832 5449 927 5503 τοῦ
989 5449 1350 5521 προλαϐόντος
1415 5450 1938 5523 φιλανθρωπότερος.

365 5542 758 5613 Προσκαλεῖται
785 5542 876 5596 τὸν
901 5542 1112 5613 πατέρα
1135 5543 1162 5594 6
1204 5542 1386 5596 Ἰσαὰκ
1417 5546 1483 5614 τῇ
1509 5543 1738 5614 γλυκείᾳ
1767 5544 1940 5614 ταύτῃ

365 5636 537 5705 φωνῇ,
567 5633 660 5686 καί
692 5650 843 5703 φησι,
876 5635 1066 5703 Πάτερ
1085 5675 1097 5688 .
1159 5635 1217 5687 '0
1250 5633 1305 5687 δὲ
1336 5635 1396 5687 οὐ
1431 5634 1821 5702 καταπνίγεται
1851 5634 1942 5689 δά-

369 5744 566 5797 κρυσι,
623 5726 700 5796 τῷ
746 5728 934 5798 μικρὸν
985 5728 1206 5800 ὕστερον
1258 5728 1454 5799 μηκέτι
1489 5727 1812 5783 ἀκούσεσθαι
1844 5728 1940 5798 τῆς

2049 4535 2288 4605 pediret,
2346 4551 2470 4591 cum
2518 4535 2732 4592 asinum
2767 4534 2930 4605 lignis
2969 4542 3294 4598 ouerasset,
3322 4541 3376 4588 et
3431 4549 3620 4591 servos

2047 4625 2257 4697 aliquot
2294 4631 2710 4696 assumpsisset,
2753 4633 2900 4680 totus
2941 4624 3143 4679 divina:
3170 4623 3438 4678 voluntati
3471 4624 3625 4680 dedi-

2045 4726 2134 4775 tus
2168 4728 2287 4775 erat
2325 4739 2336 4775 :
2373 4719 2569 4774 deinde
2599 4719 2806 4774 relictis
2839 4719 3043 4783 servis,
3083 4732 3150 4772 ne
3182 4717 3330 4786 quod
3387 4717 3465 4770 illi
3505 4732 3626 4772 ser-

2045 4810 2136 4864 vili
2169 4827 2284 4866 θυαε
2309 4809 2612 4866 conditioni
2643 4793 2978 4863 conveniens
3011 4807 3290 4864 sordidum
3323 4809 3622 4865 consilium

2045 4915 2322 4972 caperent,
2358 4902 2691 4972 prohibituri
2721 4899 2818 4954 ﬁlii
2863 4900 3292 4954 immolationem
3319 4938 3335 4963 ,
3362 4900 3537 4956 solum
3564 4899 3628 4954 fi-

2046 4994 2178 5049 lium
2215 5009 2400 5050 secum
2431 4993 2606 5056 ducit,
2637 4992 2732 5063 qui
2761 4992 2874 5061 jam
2904 5001 3063 5048 aetate
3092 4992 3227 5048 satis
3269 4992 3461 5049 firmus
3507 5001 3627 5047 erat

2045 5085 2110 5138 ad
2139 5099 2302 5152 opera
2335 5084 2586 5154 graviora
2619 5081 2926 5138 subeunda.
2965 5082 3050 5138 Ab
3077 5083 3234 5139 asina
3261 5083 3406 5138 enim
3459 5099 3626 5138 onere

2045 5175 2101 5228 in
2139 5175 2312 5229 filium
2343 5174 2614 5228 translato
2635 5212 2651 5240 ,
2683 5173 2835 5228 illum
2867 5171 3113 5228 humeris
3155 5173 3342 5228 subire
3386 5188 3527 5228 onus
3557 5173 3626 5225 li-

2045 5280 2276 5335 gnorum
2323 5263 2508 5335 jussit.
2558 5261 2774 5317 Rursus
2824 5261 2999 5330 patris
3041 5261 3253 5317 viscera
3299 5260 3393 5315 lilii
3429 5261 3622 5316 vulne-

2045 5367 2131 5412 rat
2157 5373 2261 5412 τοι
2281 5375 2296 5411 :
2316 5356 2423 5409 alia
2462 5356 2578 5411 haec
2605 5363 2690 5410 est
2722 5353 2957 5408 tentatio
2992 5354 3167 5408 nihilo
3198 5355 3382 5410 mitior
3411 5355 3619 5425 priore.

2045 5451 2293 5522 Appellat
2313 5459 2522 5520 patrem
2553 5447 2709 5504 Isaac
2735 5445 2882 5501 dulci
2905 5446 3007 5500 hac
3038 5461 3173 5502 voce
3204 5455 3259 5503 et
3294 5449 3403 5511 ait,
3439 5445 3621 5501 Pater.

2045 5544 2116 5596 At
2162 5543 2253 5599 ille
2283 5557 2392 5598 non
2427 5540 2732 5597 suffocatur
2785 5539 3082 5609 lacrymis’,
3141 5547 3203 5594 ut
3232 5541 3324 5611 qui
3358 5540 3625 5610 cogitaret

2048 5633 2164 5688 fore
2197 5641 2254 5687 ut
2309 5632 2470 5702 paulo
2488 5640 2610 5702 post
2641 5630 2802 5684 talem
2837 5643 2947 5682 non
2981 5628 3216 5698 amplius
3250 5646 3435 5689 vocem
3469 5627 3624 5683 audi-

2051 5735 2150 5789 ret,
2196 5741 2370 5795 noque
2400 5724 2638 5780 orationi
2675 5721 3005 5794 iugcmiscit,
3052 5735 3151 5776 nec
3182 5722 3529 5780 lamentabile
3558 5733 3620 5772 ac
