4084 6158
416 278 513 338 ξΞἨ

1607 286 1664 343 s.
1707 281 2034 342 GREGOBII
2072 282 2365 360 missum

3575 295 3681 352 572

418 400 594 455 tlebile
622 402 848 457 verbum
884 405 1051 460 ullum
1092 405 1316 476 profert,
1353 407 1447 463 sed
1479 408 1692 474 sedato,
1720 412 1982 462 constant

2105 408 2357 480 τοιαύτης
2389 411 2571 480 φωνῆς
2618 412 2899 482 ἐννοήσας,
2946 412 3052 467 οὐδ’
3084 412 3383 484 ὲποιμώξει
3411 412 3488 485 τῷ
3537 413 3680 485 λόγῳ

417 503 586 562 atque
630 497 931 565 tranquillo
996 500 1180 555 animo
1218 515 1345 556 cum
1381 500 1477 556 lilii
1517 517 1702 557 vocem
1754 500 1994 568 accipit,

357 629 360 632 .
419 592 534 637 tum
563 600 721 640 suam
758 587 991 644 invicem
1027 591 1228 647 reddit.
1255 593 1346 647 Ait
1382 593 1528 647 enim
1560 592 1628 647 ad
1675 607 1822 658 eum,
1860 589 1992 653 Fili,

416 673 543 740 quid
570 684 645 729 est
665 678 690 731 .’
721 674 818 731 Hic
851 678 983 733 mihi
1021 682 1309 737 considera
1376 671 1786 754 intelligentiam
1833 681 1995 737 simul

417 769 472 815 et
509 765 831 831 prudentem
864 767 1085 837 juvenis
1148 772 1629 839 moderationem,
1679 788 1787 842 quo
1834 780 1996 842 pacto

415 866 539 905 cum
591 868 650 908 se
680 855 878 926 negligi
926 873 958 912 a
1004 868 1159 929 patre
1190 869 1445 930 putaret,
1504 861 1625 931 ejus
1664 862 1743 916 rei
1789 860 1995 929 absque

415 944 525 997 ulla
557 946 725 1001 animi
760 947 1062 1006 offensione
1113 952 1266 1006 illum
1318 951 1778 1017 commonefacit,
1818 967 1994 1021 neque

407 1033 745 1092 dementiam
789 1041 933 1110 patri
981 1058 1160 1112 neque
1215 1044 1545 1099 oblivionem
1612 1046 1989 1114 exprobrans,

412 1127 511 1184 sed
551 1128 867 1187 simulando
906 1147 1028 1189 sese
1064 1134 1204 1190 velle
1233 1138 1376 1191 scire
1408 1136 1540 1207 quid
1582 1143 1864 1205 ageretur,
1898 1152 1993 1192 ne-

413 1219 681 1292 gligentiae
731 1224 820 1280 sui
848 1231 1013 1296 atque
1056 1225 1435 1298 despicientia;
1469 1226 1988 1284 commonefaciens.

417 1310 550 1367 Ecce
569 1314 728 1380 enim,
766 1315 964 1387 inquit,
1016 1317 1159 1387 ligna
1185 1356 1199 1383 ,
1230 1319 1390 1390 ignis,
1427 1319 1663 1388 gladius,
1706 1316 1795 1372 sed
1842 1319 1993 1373 victi-

414 1420 500 1458 ma
543 1404 633 1458 ubi
663 1414 742 1461 est
766 1408 792 1462 Ρ
825 1408 891 1461 At
948 1409 1039 1464 ille
1063 1409 1181 1465 sive
1215 1413 1459 1465 animum
1509 1409 1709 1466 addere
1743 1409 1853 1465 lilio
1899 1426 1992 1461 vo-

412 1493 550 1560 lens,
607 1495 724 1552 sive
774 1505 1031 1567 tanquam
1066 1507 1221 1555 vates
1256 1499 1311 1554 id
1360 1500 1507 1569 quod
1561 1500 1805 1555 futurum
1871 1510 1991 1556 erat

410 1587 710 1656 spondens,
744 1587 909 1655 Deus,
966 1589 1167 1661 inquit,
1218 1591 1321 1661 ﬁli,
1369 1591 1663 1660 providebit
1715 1591 1815 1646 sibi
1841 1609 1989 1647 ovem

411 1678 465 1733 in
490 1679 875 1735 holocaustum.
918 1681 983 1735 Et
1030 1699 1199 1753 super
1239 1685 1325 1739 his
1366 1685 1531 1741 etiam
1569 1700 1715 1740 nunc
1762 1685 1990 1740 tentatio

2097 499 2216 552 οὐδέ
2266 516 2319 551 τι
2366 499 2636 570 θρηνῶδες
2682 503 2775 556 κα)⁸
2822 503 3012 575 γοερὸν
3055 503 3460 573 ἀποφθέγγεται
3488 544 3504 569 ,
3563 504 3675 558 ἀλλ’

2097 590 2311 663 ἑστώσῃ
2341 593 2434 645 καὶ
2465 592 2674 647 ἀκλινεῖ
2698 597 2763 665 τῇ
2796 594 2962 667 ψυχῇ,
2997 597 3090 649 καὶ
3121 596 3331 666 δέχεται
3359 593 3453 648 τοῦ
3489 596 3679 659 παιδὸς

2095 682 2193 752 τὴν
2226 683 2429 753 φωνὴν,
2479 684 2574 736 καὶ
2614 685 2715 755 τὴν
2752 685 2888 739 ἰδίαν
2918 687 3185 757 προΐεται.
3234 686 3373 756 Φησὶ
3404 685 3513 756 γάρ
3542 685 3681 757 πρὸς

2095 772 2257 826 αὐτόν
2279 787 2292 802 ·
2331 774 2390 827 Τί
2419 774 2567 838 ἐστι,
2606 774 2854 840 τέκνον;
2900 776 3167 847 Ἐνταῦθά
3210 794 3300 847 μοι
3341 776 3678 846 κατανόησον

2094 862 2152 915 τὸ
2185 865 2401 918 συνετὸν
2434 865 2550 936 ἅμα
2577 866 2671 919 καὶ
2697 867 3075 939 λελογισμένον
3120 867 3213 922 τοῦ
3258 867 3403 931 νέου,
3452 865 3573 929 πῶς
3615 866 3678 918 τὸ

2088 951 2281 1005 δοκοῦν
2311 954 2603 1025 παρῶφθαι
2633 955 2785 1026 παρὰ
2825 955 2920 1009 τοῦ
2955 956 3183 1027 πατρὸς,
3218 954 3677 1026 ἀπροσκρούστως

2094 1045 2172 1107 εὶς
2206 1045 2508 1115 ὑπόμνησιν
2534 1049 2677 1116 ἄγει,
2703 1048 2826 1102 οὔτε
2858 1048 3178 1119 παράνοιαν,
3223 1046 3345 1101 οὒτε
3397 1047 3567 1118 λήθην
3598 1046 3676 1116 τῷ

2096 1137 2264 1206 πατρὶ
2289 1136 2561 1202 ὀνειδίζων
2585 1154 2598 1167 ’
2654 1138 2769 1192 ἀλλ’
2800 1140 2860 1192 ὲν
2899 1140 3256 1211 προσποιήσει
3280 1137 3440 1208 δῆθεν
3471 1138 3565 1191 τοῦ
3590 1138 3677 1191 θε-

2092 1224 2252 1296 λῆσαι
2280 1228 2488 1297 μαθεῖν,
2513 1229 2605 1283 τοῦ
2633 1231 3020 1303 παροράματος
3045 1231 3495 1303 ὑπομιμνήσκων.
3530 1230 3676 1285 Ἰδοὺ

2091 1316 2222 1387 γὰρ,
2249 1319 2401 1388 φησι,
2429 1320 2501 1374 τὰ
2530 1320 2708 1385 ξύλα,
2730 1320 2796 1374 τὸ
2823 1321 2963 1391 πῦρ,
2986 1322 3023 1390 ἠ
3040 1321 3304 1391 μάχαιρα
3326 1335 3342 1352 '
3369 1321 3435 1375 τό
3462 1320 3675 1389 ἱερεῖον

2093 1410 2208 1463 ποῦ
2224 1427 2243 1474 ;
2292 1410 2349 1463 '0
2377 1411 2452 1474 δὲ,
2492 1412 2601 1465 εἴτε
2639 1413 3078 1486 παραθαρρύνων
3105 1413 3197 1467 τὸν
3225 1413 3412 1479 παῖδα,
3459 1415 3569 1467 εἴτε
3597 1413 3675 1477 ὡς

2092 1507 2380 1578 προφήτης
2404 1508 2465 1561 τὸ
2493 1508 2683 1579 μέλλον
2709 1506 3130 1581 διεγγυὼμενος,
3168 1508 3233 1562 '0
3267 1508 3412 1574 Θεὸς
3430 1547 3446 1571 ,
3485 1509 3672 1579 φησιν,

2076 1597 2301 1666 ὄψεται
2326 1598 2516 1665 ἑαυτῷ
2535 1601 2834 1668 πρόϐατον
2853 1603 2941 1667 εἰς
2966 1599 3407 1669 ὀλοκάρπωσιν,
3438 1597 3672 1654 τέκνον.

2092 1688 2200 1740 Καὶ
2228 1688 2320 1740 ἐπὶ
2346 1688 2557 1752 τούτοις
2588 1689 2667 1743 ἔτι
2699 1692 2731 1761 ἡ
2763 1691 2929 1760 πεῖρα
2959 1690 3058 1760 τῆς
3082 1689 3179 1743 τοῦ
3208 1690 3548 1760 πατριάρχου
3572 1689 3674 1758 ψυ-

412 1780 575 1840 atque
623 1775 931 1843 exploratio
970 1775 1141 1830 animi
1181 1775 1511 1846 patriarcha:
1571 1777 1985 1846 prorogabatur.

2093 1782 2193 1849 χῆς
2242 1781 2611 1851 παρετεῑνετο.
2672 1760 3098 1852 καταλαμϐάνει
3161 1780 3251 1835 τὸν
3296 1778 3677 1850 προρρηθέντα

412 1859 664 1917 Pervenit
713 1866 932 1921 tandem
965 1868 1031 1920 ad
1085 1868 1269 1921 locum
1322 1868 1426 1923 sibi
1483 1875 1987 1939 przemonstratum,

409 1951 640 2006 aediﬁcat
688 1952 798 2009 Deo
832 1957 1027 2021 altare,
1061 1955 1207 2012 illius
1254 1956 1409 2026 juxta
1462 1967 1670 2027 patrem
1705 1958 1852 2031 ligna
1889 1975 1992 2029 po-

410 2045 594 2112 nebat,
646 2046 942 2117 parabatur
981 2063 1148 2119 rogus
1177 2089 1193 2112 ,
1230 2056 1307 2104 ac’
1327 2049 1571 2105 nondum
1612 2066 1752 2121 Opus
1804 2052 1991 2122 prohi-

409 2134 568 2189 betur
609 2152 678 2192 ne
727 2137 852 2208 quis
898 2138 1264 2208 pusillanimis
1333 2140 1522 2207 dicat,
1597 2144 1645 2197 si
1709 2144 1991 2214 hucusque

408 2229 768 2285 tentationem
810 2231 1120 2289 consistere
1159 2248 1222 2287 ac
1265 2249 1586 2304 permanere
1619 2236 1987 2306 contigisset,

410 2333 518 2373 non
572 2321 657 2375 sui
686 2320 925 2376 similem
967 2322 1023 2377 in
1079 2324 1262 2379 studio
1338 2324 1684 2380 sacriﬁcandi
1742 2328 1991 2382 Abraha-

408 2423 558 2462 mum
610 2424 1033 2479 permansurum
1088 2412 1260 2470 fuisse
1293 2453 1308 2479 ,
1366 2416 1412 2471 si
1457 2414 1763 2475 discrimini
1818 2420 1989 2490 magis

409 2502 921 2574 appropinquasset.

476 2596 608 2656 Post
634 2599 750 2653 huic
798 2606 953 2669 pater
996 2599 1168 2654 lilium
1205 2601 1383 2672 tangit
1413 2643 1428 2665 ,
1462 2618 1565 2657 nec
1597 2617 1675 2658 rei
1738 2606 1990 2675 gerendae

407 2696 602 2743 natura
632 2689 958 2746 adversatur
989 2709 1001 2746 :
1030 2691 1200 2746 tradit
1228 2708 1350 2747 sese
1381 2692 1521 2762 patri
1557 2692 1701 2749 Illius
1744 2704 1988 2750 tractau-

406 2780 568 2845 dum,
632 2781 1097 2849 quemadmodum
1132 2782 1224 2837 ille
1272 2784 1454 2837 vellet.
1516 2784 1709 2840 Utrum
1770 2788 1986 2842 illorum

407 2869 638 2923 duorum
674 2870 795 2939 plus
842 2871 1125 2926 admirer?
1160 2873 1306 2927 hunc
1338 2875 1432 2943 qui
1464 2883 1687 2944 propter
1739 2876 1988 2933 dilectio-

406 2975 532 3016 nem
580 2976 707 3032 erga
738 2962 907 3018 Deum
952 2964 1066 3017 lllio
1097 2979 1291 3021 manus
1324 2966 1548 3036 injecit,
1594 2984 1661 3022 an
1703 2970 1854 3024 illum
1893 2972 1985 3041 qui

408 3053 547 3123 patri
590 3068 762 3124 usque
850 3053 916 3109 ad
971 3064 1198 3110 mortem
1260 3058 1487 3127 parebat
1546 3072 1601 3114 et
1650 3061 1987 3118 obediebat?

407 3144 633 3202 Certant
702 3147 845 3202 inter
894 3162 1054 3212 sese,
1108 3149 1198 3204 hic
1237 3150 1458 3220 quidem
1516 3169 1682 3223 super
1731 3164 1983 3212 naturam

406 3254 528 3295 sese
558 3239 790 3306 tollens,
840 3240 931 3295 ille
962 3255 1093 3295 vero
1143 3248 1319 3297 morte
1356 3243 1576 3313 gravius
1622 3256 1675 3300 et
1743 3249 1985 3303 atrocius

404 3323 530 3387 esse
571 3331 780 3386 ducens
829 3331 1110 3387 adversari
1149 3339 1312 3403 atque
1346 3334 1604 3390 resistere
1631 3336 1792 3405 putri.
1827 3338 1987 3393 Dein-

405 3422 473 3478 de
515 3423 670 3492 prius
715 3422 951 3479 vinculis
978 3422 1147 3478 lilium
1198 3432 1355 3494 pater
1401 3428 1750 3497 constringit.
1802 3429 1983 3500 Smpe-

406 3529 634 3570 numero
664 3515 992 3573 miserabilis
1024 3517 1189 3587 hujus
1226 3516 1300 3573 rei
1333 3518 1626 3590 imaginem
1662 3521 1714 3575 in
1770 3521 1982 3592 pictura

403 3604 515 3659 vidi
547 3645 561 3669 ,
596 3621 697 3661 nec
737 3606 945 3677 absque
1000 3607 1260 3679 lacrymis
1288 3611 1664 3679 spectaculum
1725 3614 1982 3683 praeterii,

401 3698 538 3753 adeo
570 3700 854 3769 perspicue
883 3707 1046 3770 atque.
1096 3701 1377 3757 evidenter
1431 3719 1521 3759 ars
1556 3705 1810 3775 pingendi
1848 3722 1983 3760 oens

403 3789 472 3845 Iis
516 3806 628 3845 rem
669 3798 878 3861 gestam
929 3792 1184 3862 subjecit.
1256 3784 1575 3850 Procumbit
1648 3798 1799 3853 Isaac
1859 3810 1984 3856 ante

401 3890 613 3952 patrem
642 3890 870 3952 propter
919 3883 1097 3950 ipsum
1139 3885 1310 3940 altare
1345 3884 1498 3940 ﬂexis
1527 3888 1757 3958 genibus
1798 3893 1980 3957 nixus,

399 3977 457 4024 et
508 3984 703 4026 manus
747 3978 1050 4025 retrorsum
1106 3972 1315 4029 habens
1374 3975 1683 4031 adductas:
1723 3981 1812 4032 ille
1860 3997 1984 4036 vero

403 4047 818 4131 post'genuum
870 4059 1220 4118 Curvaturam
1298 4064 1527 4135 pedibus
1595 4069 1896 4134 insistens,
1931 4082 1985 4129 et

402 4151 628 4206 sinistra
690 4167 856 4207 manu
924 4155 1177 4224 capillum
1221 4156 1339 4225 ejus
1380 4158 1447 4213 ad
1492 4175 1617 4215 sese
1664 4161 1980 4228 adducens,

402 4243 666 4298 inclinato
719 4245 903 4315 capite
962 4245 1205 4301 intuetur
1234 4249 1441 4304 vultum
1496 4252 1884 4310 miserabiliter
1913 4257 1981 4311 ad

401 4335 574 4402 ipsum
608 4336 798 4390 oculos
825 4337 1225 4397 attollentis.ac
1254 4336 1534 4413 dexteram
1565 4357 1830 4399 armatam
1861 4348 1982 4417 gla-

2089 1868 2265 1939 χῶρον
2298 1870 2467 1940 αὐτῷ,
2507 1871 2778 1941 οἰκοδομεῖ
2807 1869 2886 1942 τῷ
2911 1870 3030 1942 Θεῷ
3074 1871 3136 1924 τὸ
3177 1870 3591 1938 θυσιαστήριον,
3643 1867 3675 1918 6

2090 1963 2220 2025 παῖς
2248 1962 2513 2032 παρετίθη
2566 1962 2644 2033 τῷ
2674 1963 2843 2034 πατρὶ
2892 1962 2991 2025 τὰς
3038 1960 3206 2025 ὕλας·
3266 1959 3591 2032 ἡτοιμάζετο
3637 1960 3670 2027 ἡ

2090 2052 2259 2123 πυρὰ,
2290 2055 2384 2106 καὶ
2413 2052 2564 2107 οὔπω
2593 2053 2651 2107 τὸ
2696 2054 2856 2126 ἔργον
2885 2054 3154 2109 κωλύεται
3174 2072 3187 2085 ’
3243 2054 3318 2116 ὡς
3344 2052 3413 2105 ἂν
3472 2051 3546 2121 μή
3591 2067 3674 2114 τις

2088 2143 2197 2197 τῶν
2225 2144 2701 2217 μικροψυχοτέρων
2731 2147 2897 2211 εἴποι,
2924 2147 2973 2199 ει
3005 2144 3198 2217 μέχρις
3227 2143 3437 2198 ἐκείνου
3474 2139 3673 2210 συνέϐη

2091 2236 2281 2307 στῆναι
2327 2237 2423 2308 τὴν
2451 2239 2643 2308 πεῖραν
2670 2277 2685 2301 ,
2725 2240 2828 2291 οὐκ
2861 2238 2927 2292 ἂν
2961 2237 3124 2302 αὐτὸς
3153 2236 3418 2307 διέμεινεν
3453 2232 3673 2305 ὁμοίως,

2087 2330 2137 2381 εἰ
2167 2329 2364 2399 μᾶλλον
2395 2326 2472 2400 τῷ
2504 2328 2665 2383 πάθει
2697 2330 2946 2402 ἤγγισεν.

2159 2595 2429 2650 Ἀπτεται
2468 2592 2605 2663 μετὰ
2631 2590 2809 2647 ταῦτα
2832 2591 2925 2645 τοῦ
2951 2590 3138 2653 παιδὸς
3167 2592 3197 2645 6
3229 2587 3432 2659 πατὴρ,
3461 2585 3555 2640 καὶ
3574 2585 3672 2639 οὐκ

2089 2685 2388 2741 ἀντιϐαίνει
2417 2686 2497 2757 τῷ
2532 2685 2801 2757 γινομένῳ
2830 2688 2863 2756 ἡ
2893 2684 3055 2751 φύσις
3079 2702 3092 2714 ·
3138 2683 3349 2747 δξδωσιν
3379 2679 3567 2734 ἑαυτὸν
3596 2678 3671 2749 τῷ

2088 2781 2259 2851 πατρὶ
2289 2782 2319 2834 6
2350 2782 2498 2846 παῖς,
2546 2778 2855 2850 χρήσασθαι
2884 2778 2912 2832 ὅ
2942 2795 2993 2830 τι
3029 2775 3295 2846 βούλεται.
3337 2774 3472 2827 Τίνα
3516 2771 3670 2825 πλέον

2088 2871 2149 2936 ἐξ
2198 2863 2528 2943 ἀμφοτέρων
2569 2870 2877 2941 θαυμάσω;
2920 2870 3013 2922 τὸν
3064 2865 3388 2920 ἐπιϐαλόντα
3432 2863 3519 2917 διὰ
3574 2863 3670 2933 τὴν
3717 2925 3726 2931 ,

2091 2964 2225 3034 πρὸς
2255 2963 2384 3017 Θεὸν
2412 2961 2632 3034 ἀγάπην
2662 2960 2741 3033 τῷ
2769 2962 2920 3015 παιδὶ
2948 2960 3046 3022 τὰς
3072 2960 3281 3029 χεῖρας,
3312 2956 3343 3026 ἦ
3377 2956 3468 3009 τὸν
3513 2955 3666 3025 μέχρι

2089 3054 2317 3108 θανάτου
2337 3054 2415 3125 τῷ
2437 3055 2605 3124 ποιτρλ⁸
2633 3052 3017 3105 ὑπακούσαντα
3042 3068 3057 3116 ;
3090 3047 3501 3118 Φιλοτιμοῦνται
3537 3046 3668 3114 πρὸς

2091 3145 2372 3214 ἀλλήλους,
2408 3146 2437 3197 6
2472 3144 2570 3215 μὲν
2595 3145 2693 3212 τῆς
2727 3142 2940 3213 φύσεως
2973 3140 3166 3194 ἑαυτὸν
3194 3139 3523 3208 ὑπεραίρων,
3558 3138 3586 3189 6
3615 3135 3670 3188 δὲ

2090 3238 2470 3310 χαλεπώτερον
2501 3236 2596 3291 τοῦ
2627 3235 2857 3306 θανάτου
2883 3235 2944 3287 τὺ
2974 3234 3265 3287 ἀντιτεῖναι
3295 3232 3373 3300 τῷ
3404 3228 3571 3300 πατρὶ
3596 3228 3669 3279 λο-

2090 3330 2394 3400 γιζόμενος.
2445 3328 2724 3383 Ἐντεῦθεν
2769 3327 2987 3397 δεσμοῖς
3018 3324 3281 3395 πρότερον
3309 3320 3667 3391 διαλαμϐάνει

2089 3423 2118 3475 6
2146 3420 2329 3492 πατὴρ
2354 3420 2447 3474 τὸν
2486 3419 2677 3473 παῖδα.
2728 3414 2880 3472 Εἶδον
2910 3417 3169 3478 πολλάκις
3198 3415 3293 3468 ἐπὶ
3345 3413 3562 3493 γραφῆς
3590 3413 3665 3464 εἰ·

2090 3514 2221 3567 κόνα
2253 3512 2346 3565 τοῦ
2373 3512 2599 3576 πάθους,
2631 3511 2726 3565 καί
2756 3510 2857 3563 οὐκ
2883 3509 3147 3580 ἀδακρυτὶ
3173 3507 3273 3579 τὴν
3301 3506 3430 3561 θέαν
3464 3505 3667 3577 παρῆλ-

2092 3607 2201 3670 θον,
2239 3607 2484 3676 ἐναργῶς
2515 3603 2617 3673 τῆς
2643 3603 2836 3673 τέχνης
2868 3602 2957 3655 ὑπ’
2986 3601 3108 3670 ὄψιν
3133 3601 3372 3670 ἀγούσης
3398 3599 3499 3671 τὴν
3531 3601 3668 3652 ἱστο-

2090 3698 2231 3769 ρίαν.
2285 3697 2577 3768 Πρόκειται
2622 3697 2651 3748 6
2689 3694 2876 3748 Ἰσαὰκ
2915 3693 2998 3764 τῷ
3039 3693 3204 3764 πατρὶ
3239 3694 3366 3765 παρ’
3413 3692 3562 3762 αὐτῷ
3592 3690 3666 3761 τῷ

2087 3789 2492 3859 θυσιαστηρίῳ,
2542 3786 2778 3850 ὀκλάσας
2821 3786 2915 3838 ἐπὶ
2961 3786 3123 3853 γόνυ,
3161 3783 3252 3839 καὶ
3296 3783 3666 3854 περιηγμένας

2087 3878 2228 3950 ἔχων
2256 3880 2334 3941 εἰς
2365 3878 2605 3931 τούπίσω
2628 3877 2724 3940 τὰς
2754 3878 2939 3947 χεῖρας
2964 3893 2977 3905 ·
3010 3877 3039 3928 6
3066 3876 3121 3929 δὲ
3143 3874 3484 3945 ἐπιϐεϐηκὼς
3509 3873 3666 3928 κατό-

2086 3988 2179 4025 πιν
2204 3969 2282 4024 τὼ
2310 3970 2439 4022 πόδε
2471 3970 2568 4039 τῆς
2598 3968 2861 4037 ἀγκύλης,
2911 3966 3004 4020 καὶ
3035 3969 3099 4038 τῇ
3126 3967 3253 4036 λαιᾷ
3281 3965 3424 4037 χειρὶ
3448 3966 3549 4034 τὴν
3576 3965 3664 4019 κό-
3754 4030 3763 4037 _

2089 4080 2195 4133 μην
2226 4062 2320 4116 τοῦ
2354 4062 2540 4124 παιδὸς
2591 4060 2726 4132 πρὸς
2760 4059 2950 4113 ἑαυτὸν
2996 4058 3329 4121 ἀνακλάσας,
3376 4057 3663 4111 ἐπικύπτει

2083 4153 2160 4224 τῷ
2194 4153 2488 4224 προσώπῳ,
2517 4152 2763 4214 ἐλεεινῶς
2795 4151 2932 4221 πρὸς
2960 4149 3121 4204 αὑτὸν
3159 4147 3534 4214 ἀναϐλέποντι,
3573 4147 3664 4201 καὶ

2082 4245 2180 4317 τὴν
2208 4245 2390 4311 δεξιὰν
2425 4243 2878 4314 καθωπλισμένην
2924 4240 3002 4310 τῷ
3038 4240 3178 4310 ξίφει
3229 4239 3366 4309 πρὸς
3406 4237 3503 4308 τὴν
3535 4254 3663 4306 σφα-

2083 4340 2185 4410 γὴν
2218 4337 2556 4404 κατευθύνει,
2594 4338 2688 4391 καὶ
2719 4337 2948 4390 ἅπτεται
2982 4334 3080 4405 ἤδη
3108 4331 3203 4387 τοῦ
3242 4330 3490 4402 σώματος
3514 4331 3548 4399 ἡ
3572 4328 3677 4381 τοῦ

398 4424 491 4480 dio
541 4425 726 4497 dirigit
756 4427 823 4483 ad
859 4434 1057 4483 aedem
1141 4426 1443 4486 faciendam
1476 4474 1491 4496 ,
1555 4450 1618 4490 ac
1647 4436 1758 4506 jam
1815 4439 1977 4507 gladii

2088 4428 2271 4498 ξίφους
2298 4428 2469 4498 ἀκμὴ,
2506 4428 2597 4481 καὶ
2627 4427 2746 4478 τότε
2779 4424 2928 4495 αὐτῷ
2975 4425 3185 4493 γίνεται
3214 4421 3399 4474 θεόθεν
3427 4420 3577 4490 φωνὴ
3604 4420 3662 4471 τὸ

398 4532 590 4572 mucro
618 4533 821 4589 corpus
851 4521 1128 4589 tangebat.
1171 4529 1223 4575 et
1260 4528 1393 4589 tunc
1423 4524 1641 4579 demum
1704 4527 1978 4585 divinitus

398 4609 467 4663 ad
507 4623 630 4664 eum
670 4611 853 4666 editur
882 4626 988 4666 vox
1032 4629 1153 4683 quae
1186 4628 1298 4669 rem
1344 4615 1608 4685 agendam
1647 4618 1979 4689 prohiberet,

398 4715 502 4756 vox
531 4708 711 4758 autem
737 4704 1001 4773 ejusmodi
1021 4706 1268 4775 quasdam
1296 4713 1434 4764 erat.
1467 4705 1564 4762 Vix
1620 4711 1763 4765 enim
1800 4728 1983 4782 quem-

392 4793 696 4848 admodum
727 4796 935 4865 pullum
972 4797 1263 4866 quemdam
1296 4800 1555 4871 equimun
1605 4810 1979 4881 contumacem

397 4889 455 4937 et
486 4882 810 4939 indomitum
847 4882 1125 4956 frenisque
1192 4894 1248 4942 et
1292 4887 1522 4946 habenis
1556 4892 1738 4947 minus
1767 4893 1980 4948 obtem-

400 4986 707 5046 perantem,
735 4992 799 5035 ac
831 4979 899 5035 de
929 4992 1082 5036 recto
1120 4981 1315 5038 itinere
1347 4984 1740 5049 declinantem,
1767 4987 1982 5043 multis-

397 5084 504 5139 que
532 5070 681 5141 gyris
709 5082 761 5125 et
788 5070 1128 5128 anfractibus
1157 5089 1226 5129 ex
1257 5080 1978 5134 transversomxsultantem

398 5176 591 5217 rursus
621 5163 673 5216 in
718 5163 859 5218 viam
888 5171 1094 5220 rectam
1158 5165 1479 5221 reduximus
1515 5170 1835 5225 oratimiem.
1868 5167 1979 5225 Hoc

396 5250 540 5303 enim
573 5251 732 5307 nobis
778 5254 1117 5324 preposiium
1147 5264 1264 5309 erat
1292 5264 1353 5309 ut
1382 5257 1792 5314 ostenderemus
1838 5260 1982 5330 Apo-

399 5342 600 5395 stolum
641 5344 878 5421 oratiopi
916 5346 1286 5401 testimonium
1318 5347 1624 5417 perhibere,
1651 5363 1843 5419 nempe
1876 5349 1979 5404 Pa-

406 5440 545 5487 trem
577 5430 719 5490 Filio
756 5435 1015 5506 majorem
1052 5453 1162 5492 non
1192 5452 1336 5495 esse.
1391 5439 1489 5492 ilic
1521 5441 1665 5494 enim
1697 5442 1978 5512 Scriptura

399 5537 526 5577 cum
563 5527 817 5596 angelum
850 5529 1091 5584 orationi
1124 5529 1221 5585 Dei
1274 5533 1660 5603 praposuisset
1686 5574 1701 5597 ,
1759 5535 1982 5604 subjieit

398 5627 590 5669 vocem
624 5636 637 5672 :
680 5616 899 5673 Vocavit
928 5621 1067 5693 enim
1091 5636 1209 5675 eum
1238 5623 1456 5693 angelus
1491 5623 1706 5678 Domini
1730 5636 1778 5679 et
1807 5625 1978 5682 dicit:

403 5705 690 5779 Propterea
726 5713 862 5781 quod
888 5713 1059 5783 fecisti
1092 5715 1300 5770 verbum
1345 5717 1461 5786 hoc,
1484 5728 1533 5773 et
1563 5734 1665 5773 non
1697 5722 1980 5785 pepercisti

2083 4519 2239 4590 ἔργον
2289 4518 2588 4571 κωλύουσα.
2621 4518 2686 4569 Ἦ
2728 4516 2784 4568 δὲ
2817 4516 2968 4585 φωνὴ
3008 4515 3226 4586 τοιαύτη
3255 4531 3339 4577 τις
3371 4508 3457 4585 ἧν.
3494 4512 3660 4579 Μόγις

2082 4612 2190 4683 γὰρ
2218 4610 2468 4681 καθάπερ
2500 4610 2676 4663 πῶλόν
2701 4625 2824 4663 τινα
2852 4607 3117 4677 δυσπειθῆ
3153 4607 3245 4660 καὶ
3273 4606 3544 4676 δυσήνιον,
3566 4603 3660 4671 τῆς

2084 4704 2302 4768 εὐθείας
2327 4701 2779 4774 παρατραπέντα,
2828 4702 2921 4754 καὶ
2947 4700 3157 4763 πολλοῖς
3190 4698 3413 4762 κύκλοις
3441 4700 3506 4752 ὲκ
3532 4697 3662 4749 πλα-

2081 4798 2213 4866 γίων
2235 4796 2713 4867 διασκιρτήσαντα,
2748 4794 2906 4848 πάλιν
2931 4795 3010 4857 εἰς
3028 4796 3128 4864 τὴν
3154 4793 3367 4847 εὐθεῖαν
3394 4792 3486 4846 τὸν
3508 4791 3660 4859 λόγον

2082 4886 2382 4959 ἠγάγομεν.
2419 4887 2582 4940 Τουτὶ
2611 4886 2718 4958 γὰρ
2747 4883 2814 4958 ἦν
2839 4888 2901 4940 τὸ
2925 4887 3284 4959 προκείμενον
3315 4885 3466 4955 ἡμῖν,
3496 4882 3660 4948 δεῖξαι

2090 4981 2182 5035 τὸν
2220 4979 2541 5034 Ἀπόστολον
2577 4979 2956 5050 μαρτυροῦντα
3004 4977 3083 5052 τῷ
3128 4977 3300 5047 λόγῳ,
3349 4977 3433 5029 ὅτι
3466 4976 3662 5046 μείζων

2080 5074 2176 5128 τοῦ
2210 5071 2341 5127 Υἱοῦ
2371 5076 2400 5127 ό
2430 5072 2621 5142 Πατὴρ
2646 5073 2747 5125 οὐκ
2779 5072 2946 5126 ἔστιν.
2997 5068 3259 5125 Ἐνταῦθα
3291 5066 3399 5137 γὰρ
3436 5067 3663 5137 ἄγγελον

2079 5168 2173 5221 τοῦ
2192 5166 2351 5236 λόγου
2363 5166 2453 5219 τοῦ
2477 5164 2609 5218 Θεοῦ
2633 5165 2864 5236 ὴγραφὴ
2886 5163 3219 5235 προτάξασα,
3243 5162 3437 5230 ἐπάγει
3460 5161 3660 5232 φωνήν·

2082 5243 2326 5330 ὲφιῦνησε
2382 5258 2492 5330 γὰρ
2540 5258 2700 5312 αὑτὸν
2726 5257 2955 5327 ἄγγελος
2996 5256 3202 5328 Κυρίου
3237 5254 3331 5308 καὶ
3364 5249 3539 5316 εἶπεν,
3584 5252 3663 5304 ὅτι

2096 5351 2239 5407 Ἆγίν
2262 5344 2659 5419 ὦνὲποίησας
2687 5349 2750 5403 τὸ
2768 5348 2934 5419 ῥῆμα
2964 5347 3158 5411 τοῦτο,
3185 5344 3284 5399 καὶ
3312 5347 3424 5401 οὐκ
3446 5343 3662 5413 ἐφείσω

2083 5443 2186 5498 τοῦ
2210 5443 2342 5498 υἱοῦ
2376 5456 2492 5498 σου
2520 5442 2626 5496 τοῦ
2649 5439 2978 5511 ἀγαπητοῦ,
3001 5439 3128 5494 κατ’
3147 5436 3406 5508 ἐμαυτοῦ
3435 5435 3657 5505 ὤμοσα,

2082 5533 2333 5603 ποιῆσαι
2361 5533 2511 5602 ὅπερ
2540 5532 2639 5588 καὶ
2667 5532 2737 5586 ἐν
2769 5530 2844 5601 τῇ
2873 5529 3199 5600 ἐπαγγελίᾳ
3226 5527 3322 5582 τοῦ
3353 5527 3516 5596 λόγου
3544 5526 3657 5579 ἔστι

2087 5627 2296 5697 μαθεῖν.
2347 5626 2443 5690 Τίς
2490 5621 2584 5680 οὖν
2630 5626 2776 5678 ἐστιν
2804 5626 2832 5677 ὁ
2863 5622 3205 5692 χρηματίσας
3254 5620 3331 5689 τῷ
3372 5618 3658 5688 ’Δϐραάμς

2084 5716 2151 5773 τΑ
2162 5738 2227 5787 pa
2258 5719 2331 5787 μὴ
2359 5722 2386 5772 ὁ
2408 5719 2594 5786 Πατήρ
2621 5735 2633 5784 ;
2686 5717 2823 5771 Ἀλλ’
2853 5716 2952 5771 οὐκ
2979 5713 3044 5769 ἂν
3070 5715 3243 5778 εἴποις
3266 5710 3495 5782 ἄγγελόν
3522 5722 3660 5772 τινος
