4084 6158
443 327 547 382 573

1363 327 1450 380 DE
1489 327 1785 386 DEITATE
1822 327 1974 382 FILII
2020 328 2105 382 ΕΤ
2149 327 2466 385 SPlRlTCS
2505 328 2770 412 SASCTI.

3579 327 3683 386 574

439 435 575 493 εἶναι
605 437 695 491 τὸν
726 438 963 510 Πατέρα.
1012 440 1218 493 Ουκοῦν
1245 443 1272 494 6
1301 442 1593 513 μονογενὴς
1617 443 1765 508 Θεὸς,
1795 444 1922 515 περὶ
1947 438 2007 498 οὖ

2113 444 2228 514 ﬁlio
2260 455 2348 498 tuo
2379 444 2592 508 dilecto,
2623 460 2714 513 per
2771 456 2853 496 me
2898 443 3097 511 juravi,
3140 442 3405 510 facturum
3451 457 3532 496 me
3572 458 3683 508 esse

437 533 466 583 6
488 529 777 599 Προφήτης
797 530 980 598 φησὶν,
1013 531 1094 583 ὅτι
1117 532 1390 586 Καλεῒται
1413 533 1478 587 τὸ
1502 534 1688 603 ὄνομα
1707 534 1892 589 αὐτοῦ
1908 552 2012 604 με·

434 617 626 686 γὰλης
661 617 902 686 βουλῆς
933 619 1237 689 Ἄγγελος.
1271 621 1438 676 Τοῦτο
1463 624 1521 678 δὲ
1547 625 1645 678 οὐκ
1675 626 1857 692 ἀγνοεῖ
1881 626 2013 678 πάν-

435 725 542 770 τως
567 709 596 760 6
629 707 838 772 Παῦλος
868 710 897 762 6
935 711 992 762 ὲν
1021 712 1330 784 παραδείσῳ
1364 715 1586 786 μυηθεὶς
1612 715 1679 769 τὰ
1704 715 2011 787 ἀπόρρητα,

434 797 515 849 ὅτι
545 797 699 869 παρὰ
723 798 818 851 τοῦ
845 800 1181 868 Μονογενοῦς
1271 803 1491 874 ἔνορκος
1520 804 1658 874 αὕτη
1694 806 2009 878 ὑπόσχεσις.

435 887 596 956 Λέγει
621 889 677 942 δὲ
729 889 758 940 6
802 889 1030 956 Παῦλος,
1058 893 1139 945 ὅτι
1182 893 1264 957 Τῷ
1304 895 1557 964 Ἀϐραὰμ
1585 896 2010 968 ἐπαγγειλάμε-

435 993 562 1042 νος.
589 979 618 1030 6
646 977 778 1040 Θεὸς
805 978 996 1047 Λόγος,
1027 981 1154 1034 ἐπεὶ
1184 983 1309 1036 κατ’
1328 984 1574 1050 οὐδενὸς
1593 981 1718 1055 εἶχε
1735 986 2009 1056 μείζονος

437 1067 672 1135 ὀμόσαι,
708 1066 904 1137 ὤμοσε
935 1071 1061 1126 καθ’
1093 1072 1328 1126 ἑαυτοῦ.

2109 537 2285 589 omnia
2315 536 2446 602 htt’c,
2476 552 2595 608 quae
2615 536 2776 590 etiam
2813 535 2865 588 in
2895 535 3160 589 orationis
3195 534 3557 603 promissione
3584 549 3684 588 co-

2111 627 2296 695 gnosci
2327 634 2576 694 possunt.
2621 625 2756 692 Quis
2792 626 2954 696 igitur
2976 637 3059 682 est
3096 629 3187 698 qni
3222 644 3343 683 cum
3378 628 3684 684 Abrahamo

2111 717 2418 771 collocutus
2445 727 2524 772 est
2550 717 2574 771 ?
2600 717 2856 786 Nunquid
2886 716 3048 774 Pater
3077 721 3100 771 ?
3127 721 3192 774 At
3221 735 3562 790 nequaquam
3591 719 3678 774 di-
3774 713 3778 716 ’

2117 808 2530 878 xeris.alicujus
2589 810 2837 880 angelum
2877 825 2996 865 esse
3053 811 3289 865 Patrem.
3334 812 3474 881 Ergo
3509 811 3682 867 Filius

2116 897 2428 966 unigenitus
2461 899 2506 955 is
2536 907 2670 962 erat,
2699 900 2765 954 de
2799 916 2907 970 quo
2941 903 3200 971 propheta
3238 903 3408 966 dicit,
3455 901 3685 957 Vocatur

2115 1004 2300 1041 nomen
2331 989 2445 1058 ejus
2497 995 2678 1061 magni
2726 995 2936 1047 consilii
2979 996 3198 1063 Angelus
3225 995 3290 1046 "'.
3335 994 3448 1048 lloc
3499 1005 3679 1049 autem

2113 1077 2341 1142 Paulus,
2377 1082 2468 1150 qui
2517 1083 2735 1137 arcanis
2769 1083 2943 1138 sacris
2977 1083 3031 1136 in
3059 1083 3311 1152 jaradiso
3351 1085 3600 1140 initiatus
3628 1093 3681 1139 et

439 1159 725 1214 institutus
765 1169 890 1226 est,
939 1176 1165 1230 prorsus
1208 1163 1350 1218 haud
1393 1164 1653 1235 ignorat,
1704 1183 1897 1237 nempe
1947 1169 2016 1225 ab
2070 1171 2352 1242 unigenito
2399 1174 2508 1228 ﬁlio
2551 1173 2910 1244 jurejurando
2947 1173 3322 1229 conﬁrmatam
3393 1177 3532 1232 hanc
3598 1178 3682 1232 ia-

439 1259 582 1306 ctam
613 1268 734 1310 esse
763 1257 1196 1340 promissionem.
1255 1259 1395 1315 Dicit
1425 1269 1605 1317 autem
1654 1263 1874 1328 Paulus,
1931 1264 2233 1323 Abrahamo
2278 1270 2543 1338 pollicitus
2592 1270 2726 1325 Deus
2767 1269 2842 1342 (id
2880 1280 2981 1333 est,
3009 1269 3152 1325 Deus
3189 1267 3472 1337 Verbum),
3515 1289 3684 1342 quan.

437 1344 716 1412 doquidem
745 1363 835 1416 per
860 1349 1116 1407 neminem
1145 1350 1398 1418 majorem
1429 1362 1636 1421 poterat
1669 1354 1858 1422 jurare
1879 1397 1892 1421 ,
1911 1356 2117 1424 juravit
2150 1375 2241 1428 per
2280 1352 2699 1430 semetipsum“.

506 1440 632 1505 Πῶς
657 1437 751 1496 οὖν
781 1437 925 1498 οὗτοι
953 1445 1168 1514 λέγουσι
1202 1446 1424 1518 μείζονα
1469 1433 1563 1503 τοῦ
1606 1450 1737 1504 Υίοῦ
1769 1453 1859 1506 τὸν
1887 1455 2003 1508 Πα-

436 1531 588 1603 τέρα,
630 1534 724 1586 τοῦ
753 1536 966 1593 Παύλου
995 1539 1243 1606 λέγοντος
1287 1541 1368 1595 ὅτι
1400 1543 1500 1596 οὐκ
1529 1542 1640 1613 ἔχει
1673 1543 1734 1597 τὸ
1781 1545 1961 1614 μεῖζον
1987 1563 2002 1612 ;

451 1624 588 1678 Ἀλλ’
614 1626 993 1699 ἐπανέλθωμεν
1039 1631 1200 1686 πάλιν
1211 1634 1321 1688 ἐπὶ
1354 1635 1444 1688 τὸν
1485 1635 1836 1704 εὐαγγελικὸν
1869 1633 2008 1691 οἶνον

2181 1455 2284 1522 Qui
2318 1457 2480 1527 igitur
2505 1457 2594 1512 isti
2630 1458 2820 1512 dicunt
2847 1456 3062 1511 Patrem
3097 1457 3233 1510 Filio
3257 1455 3514 1524 majorem
3539 1471 3681 1516 esse,

2113 1563 2234 1601 eum
2283 1547 2484 1603 Paulus
2537 1557 2694 1618 neget
2751 1564 2872 1604 eum
2931 1549 3130 1603 habere
3163 1546 3412 1617 (aliquid)
3465 1545 3685 1614 majus?

2117 1635 2221 1691 Sed
2256 1637 2541 1692 redeamus
2577 1654 2769 1694 rursus
2804 1637 2870 1692 ad
2911 1638 3286 1707 evangelicum
3331 1635 3464 1689 illud
3496 1636 3682 1689 vinum

435 1713 527 1766 τὸν
553 1714 692 1780 νέον,
722 1717 799 1780 ὡς
844 1717 910 1773 ἂν
954 1719 1233 1790 δεξάμενοι
1272 1723 1360 1776 διὰ
1399 1720 1498 1793 τῆς
1541 1699 1889 1788 διδασκαλίας
1915 1725 2010 1779 καὶ

2116 1743 2333 1793 novum,
2370 1735 2514 1781 utet
2557 1729 2661 1798 ipsi
2704 1743 2798 1797 per
2845 1728 3151 1782 doctrinam
3186 1727 3410 1796 spirilus
3459 1735 3683 1797 accepto

435 1804 587 1859 αὐτοὶ
612 1807 711 1877 τὴν
739 1807 886 1872 ζέσιν
909 1810 1001 1864 τοῦ
1029 1812 1361 1883 Πνεύματος,
1392 1815 1669 1886 ἐπιτήδεια
1705 1817 1883 1887 δοχεῖα
1913 1817 2008 1870 τοῦ

433 1897 678 1952 τοιούτου
703 1901 843 1954 οἴνου
869 1901 1180 1973 γενοίμεθα,
1226 1905 1362 1975 μήτε
1389 1907 1558 1973 ,αὐτοὶ
1587 1890 2005 1979 διασχιζόμενοι,

442 1991 578 2060 μήτε
633 1991 730 2062 τὴν
783 1993 1234 2065 ὲγκεκρυμμένην
1291 1997 1422 2066 ἡμῖν
1479 1997 1638 2069 χάριν
1702 1999 2001 2070 ἐκχέοντες.

446 2081 677 2134 Ἤκουον
703 2083 802 2151 τῆς
829 2083 1147 2154 ψαλμῳδίας
1182 2087 1310 2156 περὶ
1342 2087 1451 2141 τῶν
1485 2089 1786 2159 παρόντων,
1833 2087 2006 2162 οἶμαι,

442 2171 624 2225 κακῶν
657 2174 1100 2246 προφητευούσης
1122 2192 1138 2207 ο
1174 2177 1318 2246 λέγει
1361 2179 1470 2250 γὰρ
1523 2182 1648 2251 περὶ
1693 2181 1801 2234 τῶν
1833 2184 2010 2256 ἁμαρ-

445 2259 658 2327 τωλῶν,
710 2263 790 2315 ὅτι
833 2264 1426 2336 Ἀπηλλοτριώθησαν
1470 2271 1584 2324 ἀπὸ
1614 2271 1868 2340 μήτρας,
1909 2275 2008 2328 καὶ

443 2353 872 2422 ἐπλανήθησαν
921 2356 1042 2410 ἀπὸ
1094 2360 1371 2426 γαστρός.
1429 2362 1657 2433 Μήτραν
1705 2360 1856 2434 οἶμαι
1903 2365 2010 2420 τῶν

444 2445 582 2498 κατὰ
620 2445 751 2500 Θεὸν
797 2449 1170 2515 γεννωμένων,
1221 2451 1320 2520 τὴν
1365 2453 1688 2524 Ἐκκλησίαν
1719 2455 2006 2522 λέγεσθαι·

440 2537 581 2609 αὕτη
609 2540 715 2609 γὰρ
743 2540 1090 2612 κυοφοροῦσα·
1127 2546 1191 2614 τῇ
1226 2544 1328 2616 ἰδίᾳ
1353 2545 1505 2616 νηδύϊ
1531 2548 1654 2610 τοὺς
1682 2549 1739 2600 ὲν
1765 2550 1898 2618 αὐτῇ
1925 2566 2010 2601 τε-

439 2629 921 2702 λεσφορουμένους,
949 2634 1028 2694 εἰς
1057 2633 1171 2701 φῶς
1198 2633 1287 2688 διὰ
1310 2637 1408 2706 τῆς
1437 2637 1670 2700 πίστεως
1691 2638 1830 2706 ἄγει.
1870 2639 2007 2691 Ἀλλ’

439 2719 490 2771 οἱ
514 2719 825 2790 ἁμαρτωλοὶ
852 2723 992 2775 κατὰ
1017 2721 1086 2774 τὰ
1111 2723 1484 2793 ἁμὸλωθρίδια
1503 2727 1611 2779 τῶν
1632 2727 2006 2798 γεννημάτων,

438 2807 540 2877 τῆς
575 2809 786 2880 μήτρας
825 2809 1263 2882 ὴλλοτριώθησαν
1289 2853 1304 2877 ,
1356 2815 1449 2868 καὶ
1497 2819 1596 2887 τῆς
1643 2819 1878 2888 γαστρὸς
1910 2820 2009 2888 τῆς

438 2899 667 2970 γνησίας
713 2900 1173 2972 ἀπεπλανήθησαν
1197 2920 1212 2935 ο
1263 2905 1361 2976 οὐχ
1405 2906 1516 2978 ὁρῶ
1541 2909 1649 2978 γὰρ
1679 2911 1735 2961 ἐν
1762 2911 1875 2972 τοῖς
1905 2927 2010 2981 μη-

440 2989 636 3059 τρῲοις
680 2990 900 3054 κόλποις
948 2991 1074 3054 τοὺς
1121 2994 1430 3059 ἀποστάτας
1479 2997 1577 3068 τῆς
1619 2999 1873 3064 πίστεως,
1915 3003 2010 3054 καὶ
2037 3023 2079 3083 C

442 3080 582 3151 λέγω
607 3081 705 3153 την
747 3085 1082 3153 προφητείαν
1127 3087 1252 3156 περὶ
1296 3088 1500 3142 τούτων
1543 3087 1740 3157 λέγειν,
1775 3091 1882 3145 τῶν
1923 3093 2010 3146 διὰ

438 3173 538 3242 τῆς
570 3170 784 3245 ἀπάτης
843 3176 1301 3248 πεπλανημένων,
1351 3179 1432 3231 ὅτι
1483 3180 1859 3250 ἐπλανήθησαν
1905 3185 2011 3237 ἀπὸ

439 3265 712 3335 γαστρόςο
757 3267 1133 3337 ἐπλανήθησαν
1184 3269 1260 3339 τῷ
1306 3270 1531 3340 λαλῆσαι
1563 3271 1750 3344 ψευδῆ.
1820 3276 2012 3344 Θινμὸς

441 3357 662 3423 αὐτοῖς,
709 3360 861 3428 φησι,
899 3361 1048 3415 κατὰ
1075 3361 1186 3427 τὴν
1218 3361 1501 3429 ὁμοίωσιν
1540 3365 1646 3417 τοῦ
1675 3366 1881 3433 ὄφεως,
1914 3368 2011 3438 οὐχ

444 3447 625 3512 ἁπλῶς
657 3449 851 3518 ὄφεως,
883 3450 958 3512 ὡς
986 3452 1051 3505 ἂν
1100 3453 1172 3522 μὴ
1218 3453 1352 3523 πρὸς
1397 3453 1457 3506 τὸ
1498 3454 1686 3525 θηρίον
1725 3455 1882 3509 τοῦτο
1912 3458 2010 3528 τὴν

442 3539 688 3593 εἰκασίαν
714 3545 887 3610 σχοῖεν
913 3558 926 3571 ·
959 3542 1070 3595 ἀλλ’
1105 3544 1137 3613 ή
1168 3543 1260 3595 τοῦ
1290 3543 1492 3616 ἄρθρου
1526 3545 1808 3617 προσθήκη
1838 3547 1898 3599 τὸ
1921 3548 2014 3616 ἁρ-

443 3631 671 3701 χέτυπον
699 3632 866 3685 κακὸν
894 3633 960 3686 δι’
1005 3635 1340 3704 αἰνιγμάτων
1388 3637 1678 3692 δείκνυσιν.
1739 3638 1876 3691 Ἀλλ’
1911 3639 2011 3693 οὐκ

443 3725 670 3793 ἄκαιρος
703 3724 831 3788 ῐσως
877 3726 1006 3796 ἡμῖν
1039 3727 1072 3796 ἡ
1106 3727 1288 3797 μνήμη
1317 3726 1408 3780 τοῦ
1438 3727 1632 3796 ὄφεως,
1685 3731 1763 3792 εἰς
1796 3728 2012 3805 ἔλεγχον

443 3812 552 3864 τῶν
581 3813 1094 3883 θρασυστομΟὑντων
1123 3818 1263 3870 κατὰ
1286 3816 1378 3870 τοῦ
1413 3819 1744 3889 Πνεύματος.
1798 3821 2013 3894 Ἐπειδὴ

444 3902 553 3974 γὰρ
581 3905 777 3960 οἴονται
807 3909 1006 3977 ταύτην
1039 3909 1264 3980 ἰσχυρὰν
1296 3908 1439 3980 ἔχειν
1471 3911 1611 3964 κατὰ
1637 3910 1731 3965 τοῦ
1764 3910 2014 3982 Πνεύμα-

444 4014 533 4060 τος
560 3997 747 4069 λαϐὴν,
768 3998 827 4051 τὸ
856 3998 930 4070 μὴ
959 3999 1343 4072 προσειρῆσθαι
1371 4002 1501 4056 Θεὸν
1527 4003 1586 4055 τὸ
1615 4003 1838 4073 Πνεῦμα
1863 4003 2014 4071 παρὰ

446 4087 544 4157 τῆς
574 4087 733 4156 ἁγίας
759 4090 980 4159 Γραφῆς
1014 4090 1110 4159 (ὡς
1141 4091 1291 4144 αὐτοί
1322 4108 1384 4160 γε
1414 4091 1723 4162 νομίζουσιν
1752 4111 1765 4124 ·
1817 4093 1878 4146 οὐ
1906 4093 2014 4164 γὰρ

446 4179 607 4247 ἡμεῖς
637 4178 1042 4252 συντιθέμεθα)ς
1083 4177 1179 4234 καί
1201 4199 1331 4249 φασι.
1362 4182 1577 4251 φύσεως
1622 4184 1722 4254 μὲν
1753 4180 1888 4237 εἶναι
1920 4201 2014 4254 ση-

451 4265 712 4337 μαντικὴν
758 4267 855 4337 τὴν
898 4267 1143 4338 θεότητα,
1187 4269 1281 4321 τοῦ
1329 4269 1384 4321 δὲ
1429 4270 1685 4341 ὀνόματος
1715 4271 1900 4325 τούτου
1939 4271 2012 4341 μὴ

2116 1815 2349 1881 fervore,
2397 1815 2592 1871 idonea
2639 1832 2767 1873 vasa
2813 1826 2977 1887 atque
3022 1819 3366 1886 receptacula
3403 1818 3526 1872 talis
3570 1819 3683 1872 vini

2117 1906 2329 1968 ﬁamus,
2382 1921 2560 1976 neque
2608 1907 2711 1978 ipsi
2750 1915 3086 1976 rumpentes,
3133 1922 3306 1976 neque
3343 1908 3681 1962 reconditam

2111 2005 2166 2052 et
2201 1997 2439 2052 abditam
2497 1998 2552 2052 in
2604 1998 2763 2052 nobis
2797 1997 3027 2068 gratiam
3073 1997 3434 2053 edundentes.
3488 1998 3680 2052 Audivi

2113 2087 2433 2156 scriptorem
2492 2086 2833 2142 Psalmorum
2889 2089 2956 2142 de
3003 2089 3400 2158 prmsentibus,
3453 2090 3681 2158 opinor,

2111 2178 2272 2232 malis
2303 2177 2690 2231 vaticinantem
2727 2191 2791 2230 ac
2823 2176 3202 2246 praedicentem
3231 2195 3244 2242 ;
3287 2177 3418 2232 dicit
3449 2177 3592 2231 enim
3615 2177 3686 2231 de

2112 2268 2494 2339 peccatoribus
2542 2267 2626 2322 his
2664 2267 2846 2322 verbis
2883 2285 2896 2320 :
2928 2266 3232 2321 Abalienati
3262 2277 3383 2320 sunt
3427 2268 3491 2320 ab
3535 2277 3684 2320 utero

2110 2366 2443 2425 peccatores,
2511 2364 2562 2408 et
2624 2355 3014 2408 aberraverunt'
3050 2371 3083 2407 a
3139 2355 3394 2408 ventre".
3454 2353 3680 2410 Uterum

2112 2448 2306 2517 opinor
2359 2461 2546 2500 eorum
2603 2445 2698 2514 qui
2759 2445 3064 2500 secundum
3122 2443 3292 2500 Deum
3347 2455 3680 2511 nascuntur,

2110 2536 2410 2592 Ecclesiam
2457 2535 2587 2591 dici.
2636 2534 2760 2590 Hinc
2808 2536 2952 2590 enim
3001 2536 3056 2589 in
3100 2543 3260 2590 utero
3304 2551 3404 2590 suo
3463 2544 3684 2606 gestans

2110 2643 2204 2683 eos
2229 2629 2324 2698 qui
2355 2628 2421 2682 ad
2451 2627 2838 2698 perfectionem
2875 2628 2927 2680 in
2960 2641 3022 2682 ea
3047 2628 3392 2696 perveniunt,
3426 2629 3479 2680 in
3509 2629 3682 2681 lucem

2110 2736 2206 2792 per
2258 2720 2416 2775 ﬁdem
2467 2721 2736 2789 producit.
2799 2719 2906 2774 Sed
2957 2728 3273 2789 peccatores
3329 2719 3683 2788 quemadmo~
3765 2767 3780 2781 ,

2110 2814 2236 2869 dum
2281 2813 2425 2868 fetus
2452 2812 2681 2870 abortivi
2723 2811 2792 2866 ab
2835 2820 2995 2865 utero
3044 2811 3334 2865 abalienati
3378 2818 3528 2873 sunt,
3560 2819 3614 2865 et
3652 2826 3682 2864 a

2111 2921 2240 2961 vero
2293 2912 2456 2973 atque
2509 2917 2768 2973 germano
2823 2911 3012 2957 ventre
3073 2903 3468 2957 aberraverunt
3516 2919 3528 2954 :
3572 2917 3681 2955 non

2110 2997 2254 3051 enim
2288 2996 2342 3050 in
2375 3003 2626 3049 materno
2651 2996 2773 3049 sinu
2798 2992 3118 3064 gremioque
3153 2993 3308 3046 video
3337 2991 3458 3046 ﬁdei
3492 2991 3682 3044 deser~

2113 3094 2280 3148 tores,
2303 3093 2354 3139 et
2371 3086 2458 3139 aio
2478 3085 2812 3156 prophetiam
2836 3087 2902 3140 de
2931 3085 3015 3140 his
3034 3086 3182 3154 loqui
3208 3086 3299 3154 qui
3322 3101 3416 3154 per
3439 3085 3683 3139 fraudem

2114 3175 2324 3230 seducti
2377 3183 2584 3243 errant,
2643 3192 2834 3246 nempe
2885 3193 2912 3229 a
2970 3186 3179 3236 ventre
3219 3177 3341 3230 illos
3377 3170 3683 3239 aberrasse,

2111 3279 2433 3325 erraverunt
2472 3287 2537 3326 eo
2586 3272 2729 3340 quod
2779 3273 2943 3326 locuti
2991 3281 3120 3327 sunt
3172 3271 3329 3334 falsa,
3369 3269 3545 3324 Furor
3582 3273 3682 3333 eis,

2115 3363 2326 3430 inquit,
2378 3362 2447 3415 ad
2502 3363 2905 3435 similitudinem
2962 3364 3106 3416 illius
3158 3364 3520 3432 serpentis“,
3576 3377 3684 3415 non

2111 3455 2273 3520 plane
2321 3460 2483 3521 atque
2516 3453 2837 3521 simpliciter
2877 3454 3171 3520 serpentis,
3221 3467 3288 3506 ne
3342 3467 3463 3505 cum
3510 3453 3683 3507 bestia

2114 3545 2216 3598 hac
2281 3544 2589 3614 comparari
2646 3551 2808 3611 atque
2868 3543 3159 3596 assimilari
3217 3543 3546 3597 videantur:
3585 3543 3682 3596 sed

2114 3635 2348 3704 adjectio
2378 3632 2591 3685 articuli
2637 3631 2901 3699 originale
2933 3639 3096 3696 atque
3131 3630 3430 3698 principale
3475 3630 3675 3681 malum

2112 3739 2210 3794 per
2261 3723 2551 3792 aenigmata
2615 3722 3016 3788 verborumque
3081 3721 3363 3773 involucra
3420 3719 3679 3774 ostendit.

2116 3797 2221 3870 Sed
2271 3812 2505 3868 fortasse
2542 3827 2652 3867 non
2699 3811 3080 3880 intempestive
3131 3825 3160 3864 a
3209 3810 3364 3864 nobis
3410 3812 3680 3880 serpentis

2113 3917 2195 3963 est
2222 3907 2421 3961 mentio
2458 3905 2621 3973 facta,
2663 3905 2730 3959 ad
2775 3903 3180 3972 coarguendum
3216 3918 3310 3958 eos
3339 3903 3431 3973 qui
3481 3913 3684 3958 temere

2113 4006 2167 4053 et
2210 3995 2609 4051 inconsiderate
2656 3995 2921 4049 adversus
2971 3993 3235 4062 Spiritum
3286 4001 3534 4047 sanctum
3602 3994 3683 4046 lo-

2114 4100 2375 4160 quuntur.
2413 4089 2680 4155 Quoniam
2726 4086 2871 4141 enim
2912 4086 3296 4138 hanc'ﬁrmam
3342 4099 3405 4138 ac
3449 4084 3683 4138 validam

2115 4183 2375 4237 adversus
2422 4180 2686 4249 Spiritum
2725 4187 2979 4234 sanctum
3011 4177 3214 4231 habere
3265 4193 3324 4230 se
3357 4187 3552 4246 putant
3595 4191 3682 4232 re-

2117 4272 2554 4344 prehensionem,
2580 4268 2724 4340 quod
2772 4284 2803 4324 a
2853 4280 3044 4325 sancta
3086 4271 3343 4344 nimirum
3400 4269 3682 4337 Scriptura

451 4357 790 4426 ἐπικειμένου
819 4357 896 4428 τῷ
929 4358 1225 4428 Πνεύματι,
1265 4360 1325 4411 τὸ
1360 4360 1435 4430 μὴ
1463 4361 1563 4430 τῆς
1603 4361 1772 4430 αὐτῆς
1802 4360 2012 4429 φύσεως

2119 4363 2354 4432 Spiritus
2392 4369 2616 4416 sanctus
2664 4375 2773 4415 non
2806 4361 3109 4431 appelletur
3137 4361 3278 4414 Deus
3327 4360 3405 4429 (ut
3439 4359 3683 4426 ipsorum

450 4438 587 4500 εἶναι
610 4446 686 4516 τῷ
719 4448 894 4517 Πατρὶ
938 4450 1032 4502 καὶ
1064 4449 1142 4520 τῷ
1181 4449 1295 4520 Υίῷ
1321 4449 1382 4502 τὸ
1416 4450 1637 4521 Πνεῦμα
1674 4452 2014 4506 κατασκευά-

451 4531 631 4596 ζουσιν
652 4555 665 4570 ·
699 4537 1010 4592 λαϐέτωσαν
1049 4541 1149 4609 τῆς
1192 4541 1418 4612 ἀνοήτου
1462 4542 1639 4596 αὐτῶν
1671 4543 2014 4615 βλασφημίας

441 4625 537 4680 τὸν
559 4627 682 4696 ὅφιν
711 4630 1035 4701 κατήγορον.
1083 4631 1171 4694 Ὡς
1194 4632 1300 4702 γὰρ
1328 4634 1489 4702 ἡμεῖς
1518 4650 1696 4703 φαμεν
1727 4635 1806 4686 ὅτι
1834 4635 1866 4704 ἡ
1897 4634 2016 4689 θεία

447 4717 608 4792 φύσις
637 4718 805 4788 ὄνομα
856 4720 1242 4791 σημαντικὸνῆ
1273 4722 1372 4775 οὐκ
1411 4721 1520 4792 ἔχει
1568 4723 1765 4793 ἑαυτῆς
1802 4723 1834 4794 ἢ
1882 4727 2015 4795 ἡμῖν

444 4813 546 4866 οὐκ
595 4812 706 4882 ἔχει.
732 4829 747 4844 ·
797 4811 912 4864 ἀλλ’
943 4813 997 4864 εἴ
1023 4830 1074 4866 τι
1104 4815 1196 4867 καὶ
1225 4813 1437 4881 λέγεται
1469 4813 1578 4866 εἴτε
1604 4815 1754 4884 παρὰ
1781 4816 1879 4885 τῆς
1922 4818 2015 4869 άν-

447 4903 727 4974 θρωπίνης
765 4903 1069 4970 συνηθείας,
1114 4903 1223 4956 εἴτε
1250 4904 1399 4974 παρὰ
1431 4905 1528 4974 τῆς
1573 4904 1735 4972 ἁγίας
1767 4905 2012 4974 Γραφῆς,

447 4993 554 5047 τῶν
578 5010 627 5047 τι
653 4992 781 5064 περὶ
810 4993 977 5065 αὐτὴν
1000 4993 1488 5065 ἀποσημανθέντων
1518 4995 1664 5048 ἐστίν
1691 5011 1704 5024 ’
1735 4994 1870 5066 αὑτὴ
1899 4995 1956 5048 δὲ
1979 4996 2012 5065 ἡ

447 5085 568 5138 θεία
613 5085 774 5153 φύσις
831 5085 1104 5155 ἄφραστός
1146 5103 1206 5138 τε
1255 5087 1347 5138 καὶ
1406 5087 1782 5157 ἁνεκφώνητος
1843 5086 2013 5157 μένει,

449 5175 845 5243 ὑπερϐαίνουσα
873 5176 1049 5229 πᾶσαν
1092 5175 1188 5246 τὴν
1216 5176 1302 5229 διὰ
1343 5178 1524 5248 φωνῆς
1559 5178 1833 5248 σημασίαν
1857 5194 1872 5210 ο
1924 5177 2014 5232 εὖ·

448 5283 638 5338 καιρον
666 5263 817 5338 οἶμαι
846 5265 1001 5320 τοῦτο
1028 5267 1128 5336 τῆς
1165 5269 1384 5338 Γραφῆς
1416 5270 1542 5340 ὑμῖν
1584 5271 1924 5340 παραθέσθαι
1957 5273 2016 5325 τὸ

451 5357 636 5428 μέρος,
664 5357 692 5408 ὃ
722 5358 854 5428 πρὸς
878 5359 978 5430 τὴν
1004 5357 1144 5412 Εὔαν
1164 5359 1434 5430 διεξῆλθεν
1462 5364 1490 5414 6
1512 5361 1656 5430 ὄφις,
1694 5362 1902 5434 δεικνὺς
1933 5364 2014 5417 ὅτι

443 5447 509 5500 τὸ
535 5449 635 5519 τῆς
668 5449 916 5520 θεότητος
948 5450 1116 5521 ὄνομα
1160 5451 1256 5523 τῆς
1293 5453 1554 5523 ὁρατικῆς
1595 5454 1872 5524 ἐνεργείας
1915 5454 2012 5525 τὴν

449 5543 722 5611 σημασίαν
746 5540 878 5610 ἔχει.
912 5542 1297 5613 Συμὸουλεύων
1328 5541 1436 5613 γὰρ
1487 5543 1723 5614 ἅψασθαι
1751 5545 1860 5598 τῶν
1903 5545 2011 5598 ἀπ-

558 5720 603 5753 ¹⁸
630 5717 732 5777 lsa.
762 5735 838 5788 IX,
869 5724 922 5780 6.

2111 4454 2298 4508 saltem
2347 4453 2532 4522 opinio
2564 4451 2668 4507 fert
2702 4471 2714 4506 :
2747 4467 2852 4507 non
2889 4452 3036 4525 enim
3087 4467 3187 4506 nos
3235 4465 3357 4503 cum
3412 4449 3519 4500 illis
3550 4463 3682 4502 con-

2109 4544 2442 4615 cordamus),
2475 4553 2527 4600 et
2557 4545 2709 4599 aiunt
2749 4553 2958 4598 natura
2986 4544 3203 4612 quidem
3238 4539 3681 4611 signiﬁcatricem

2111 4653 2233 4693 esse
2272 4653 2460 4692 vocem
2494 4637 2741 4702 deitatis;
2791 4643 2844 4691 et
2874 4635 3018 4704 quod
3067 4633 3170 4687 hoc
3213 4647 3411 4686 nomen
3454 4630 3683 4700 Spiritui

2113 4735 2302 4783 sancto
2329 4727 2638 4798 impositum
2675 4740 2782 4778 non
2817 4726 2906 4789 sit,
2948 4738 3056 4776 non
3090 4722 3335 4790 ejusdem
3368 4736 3489 4774 cum
3525 4720 3682 4773 Patre

2111 4835 2176 4874 ac
2223 4819 2362 4874 Filio
2403 4827 2614 4873 natura:
2667 4815 2930 4886 Spiritum
2975 4822 3222 4869 sanctum
3271 4827 3394 4866 esse
3447 4811 3680 4880 fingunt,

2112 4911 2382 4981 accipiant
2425 4917 2733 4977 serpentem
2775 4907 2928 4960 illum
2963 4905 3142 4960 stultze
3172 4918 3285 4959 sua:
3326 4904 3682 4972 vituperatio-

2112 5001 2198 5054 nis
2247 5013 2310 5052 ac
2358 4996 2753 5051 maledicentia:
2782 5005 3158 5051 accusatorem
3189 5012 3201 5046 :
3239 4992 3680 5062 quandoquidem

2111 5088 2256 5145 enim
2303 5101 2404 5140 nos
2459 5087 2695 5142 dicimus
2742 5086 2983 5140 divinam
3037 5091 3282 5138 naturam
3326 5099 3523 5137 nomen
3570 5097 3684 5151 quo

2114 5178 2468 5246 signiﬁcetur,
2523 5186 2616 5231 aut
2667 5193 2777 5232 non
2823 5177 3044 5242 habere,
3092 5184 3184 5227 aut
3232 5175 3389 5228 nobis
3429 5190 3535 5227 non
3577 5175 3679 5226 ha-

2112 5271 2272 5336 bere;
2310 5268 2402 5324 sed
2451 5269 2498 5323 si
2531 5267 2676 5338 quod
2710 5267 2876 5322 etiam
2919 5265 3122 5319 dicitur
3164 5265 3278 5319 sive
3321 5279 3351 5318 a
3385 5272 3679 5319 consuetu-

2111 5361 2238 5415 dine
2264 5342 2519 5422 humana,
2553 5359 2669 5413 sive
2699 5371 2728 5409 a
2763 5364 2956 5410 sancta
3005 5353 3292 5424 Scriptura
3321 5355 3525 5424 aliquid
3557 5369 3679 5409 esse

2110 5468 2296 5508 eorum
2311 5466 2430 5522 quae
2447 5451 2590 5506 circa
2609 5464 2729 5504 eam
2751 5454 3008 5502 notantur
3027 5454 3217 5501 etesse
3236 5446 3678 5500 animadvertun—

2109 5553 2226 5611 tur,
2257 5545 2428 5615 ipsam
2454 5557 2582 5600 vero
2611 5540 2850 5599 divinam
2875 5548 3126 5596 naturam
3167 5538 3605 5609 inexplicabilem
3626 5542 3685 5592 et

1015 5725 1230 5783 "llebr.
1258 5741 1332 5791 vr,
1376 5724 1460 5782 15.
1501 5726 1543 5758 ³⁰
1583 5724 1724 5780 Psal.
1765 5739 1893 5795 Lvu,
1925 5725 1978 5778 lt.
2058 5723 2097 5756 ³³
2134 5723 2262 5781 ibid.
2303 5725 2353 5781 5.
