4084 6158
374 272 404 323 Pi
414 274 477 327 75

1566 282 1624 338 S.
1665 281 1991 339 GREGORH
2037 283 2320 343 NYSSENI

3516 297 3618 354 €576

363 382 693 441 ineffabilem
716 402 953 453 manere,
977 399 1029 445 et
1046 406 1262 447 onmem
1285 408 1406 464 quze
1423 409 1518 465 per
1533 411 1722 451 vocem
1744 396 1822 463 ﬁt,
1847 414 1936 454 su-

2043 401 2446 472 ηγορευμένων,
2486 404 2642 460 τοῦτο
2674 405 2773 475 τῆς
2802 405 3084 477 παρακοῆς
3117 406 3295 469 αὐτοῖς
3326 407 3386 459 τὺ
3434 407 3620 477 κέρῖος

365 488 556 541 perure
583 477 1036 546 signiﬁcationem
1070 497 1085 533 :
1117 484 1500 552 tempestivum
1531 484 1751 540 videtur
1792 486 1936 542 hanc

365 565 521 618 vobis
556 564 854 633 Scriptura:
896 577 1101 638 partem
1136 586 1462 642 proponere,
1493 576 1639 645 quod
1673 574 1741 629 ad
1770 574 1936 631 Evam

366 657 612 724 loquitur
666 659 756 712 ille
813 675 1063 729 serpens,
1122 663 1418 720 ostendens
1467 664 1690 721 deitatis
1737 682 1937 721 nomen

369 748 582 803 videndi
617 749 918 806 cﬂicientite
940 754 1224 810 continere
1268 756 1749 826 signiﬁcationem.
1796 757 1938 813 Sua-

364 843 500 895 dr-ns
541 842 682 895 enim
728 842 809 897 eis
863 851 925 896 ut
962 847 1158 901 vetitos
1212 846 1424 902 fructus
1477 856 1784 918 gustarent,
1833 849 1938 904 hoc

366 933 514 1001 ipsos
560 948 623 987 ex
666 934 1030 990 inobedientia
1068 939 1411 994 commodum
1458 955 1522 994 ac
1558 941 1770 995 lucrum
1806 956 1939 996 con-

366 1032 657 1078 secuturos
727 1040 850 1081 esse
921 1028 1227 1097 pollicetur.
1298 1033 1653 1101 Aperiantur,
1715 1032 1936 1103 inquit,

365 1114 504 1167 oculi
529 1116 706 1180 vestri,
746 1125 797 1171 et
825 1118 974 1171 eritis
999 1120 1133 1173 sicut
1164 1120 1242 1174 dii
1266 1123 1332 1177 ".
1365 1122 1532 1179 Vides
1559 1124 1706 1195 quod
1748 1139 1936 1180 vocem

365 1205 586 1262 deitatis
618 1208 670 1261 in
705 1222 826 1262 sese
856 1211 1116 1264 cernendi
1148 1211 1447 1268 cﬂicicntise
1483 1215 1937 1286 signiﬁcationem

365 1298 652 1354 continere
679 1307 933 1355 testatur.
980 1300 1098 1356 Non
1140 1304 1285 1358 enim
1333 1313 1511 1374 potest
1545 1306 1751 1375 aliquid
1787 1307 1938 1360 cerui

368 1388 473 1443 nisi
512 1389 691 1444 oculis
726 1390 951 1459 apertis.
989 1391 1133 1461 Ergo
1170 1407 1277 1448 non
1314 1405 1591 1461 naturam,
1631 1397 1729 1452 sed
1763 1396 1938 1453 facul-

368 1487 535 1534 tatem
565 1479 788 1535 videndi
823 1480 1096 1551 signiﬁcat
1125 1484 1418 1553 appellatio
1457 1487 1698 1544 deitatis.
1744 1488 1938 1545 Nonne

367 1570 535 1638 igitur
586 1570 915 1625 confitentur
951 1571 1213 1641 Spiritum
1259 1587 1508 1634 sanctum
1571 1581 1798 1638 videre?
1852 1585 1940 1638 An

366 1660 531 1713 etiam
566 1660 635 1715 de
681 1661 785 1717 hoc
829 1664 1198 1719 contendent?
1245 1666 1381 1722 Nam
1434 1671 1479 1725 si
1526 1672 1742 1741 quidem
1773 1674 1936 1740 videt,

369 1750 439 1804 ab
461 1751 748 1805 eﬂicientia
780 1767 1007 1822 prorsus
1031 1757 1450 1825 cognominatur
1475 1777 1488 1815 :
1515 1761 1600 1816 sin
1629 1769 1810 1818 autem
1835 1765 1938 1821 hoc

367 1842 532 1895 etiam
582 1842 796 1899 ratione
830 1852 994 1914 atque
1038 1849 1288 1905 oratione
1340 1866 1462 1908 sese
1491 1853 1677 1910 doceri
1725 1856 1940 1914 deside-

362 1940 514 1996 rant,
545 1933 648 1987 etsi
670 1949 1068 2004 supervacuum
1100 1939 1315 2009 quidem
1339 1950 1426 1996 est
1460 1944 1732 2001 confessis
1761 1934 1939 2018 iisque

370 2018 537 2074 rebus
571 2019 640 2074 de
691 2021 893 2090 quibus
929 2032 1149 2079 constat
1198 2025 1518 2095 immorari,
1561 2040 1937 2087 verumtamen

368 2108 512 2163 banc
542 2125 760 2181 quoque
798 2126 921 2167 cum
963 2115 1131 2168 animi
1176 2116 1399 2174 lenitate
1436 2120 1817 2190 ignorantibus
1847 2127 1941 2181 ad-

367 2199 625 2269 jiciamus
655 2203 980 2260 orationem.
1013 2204 1147 2272 Quis
1196 2206 1423 2264 Ananiae
1452 2213 1803 2283 sacrilegium
1847 2216 1943 2271 de-

369 2293 704 2361 prehendit?
756 2294 860 2362 Qui
929 2297 1124 2354 Petrus
1170 2300 1391 2355 rescivit
1437 2304 1704 2359 Ananiam
1762 2307 1940 2377 ipsum

284 2374 294 2384 ’
372 2385 447 2437 rei
486 2400 597 2439 sua:
633 2385 808 2440 furem
855 2386 1047 2447 fuisse.
1083 2391 1226 2458 quod
1272 2393 1619 2463 sacrilegium
1661 2412 1766 2451 una
1816 2414 1941 2453 cum

373 2474 605 2544 conjuge
636 2476 791 2530 solus
830 2477 886 2530 in
923 2481 1140 2533 occulto
1170 2483 1559 2539 commiserat?
1595 2484 1789 2544 Nonne
1823 2488 1946 2560 Spi-

373 2561 515 2617 ritus
565 2573 791 2622 sanctus
838 2578 891 2622 et
942 2569 995 2622 in
1049 2570 1212 2625 Petro
1257 2583 1394 2639 erat,
1449 2577 1671 2633 Ananiae
1711 2578 1944 2641 Satanas

371 2652 597 2709 aderat?
624 2657 831 2712 Idcirco
871 2659 1006 2713 dicit
1035 2661 1250 2726 Petrus,
1288 2663 1400 2720 Cur
1446 2669 1679 2739 implevit
1710 2671 1944 2731 Satanas

374 2761 468 2799 cor
492 2755 659 2811 tuum,
695 2761 751 2803 ut
802 2754 1096 2807 mentireris
1129 2755 1355 2823 Spiritui
1375 2770 1555 2815 sancto
1585 2763 1610 2816 ?
1642 2779 1745 2817 non
1802 2783 1948 2820 men-

376 2837 504 2890 titus
532 2854 586 2893 es
613 2838 929 2907 hominibus,
951 2843 1042 2898 sed
1072 2845 1178 2900 Deo
1195 2848 1266 2901 ³⁸.
1285 2849 1754 2913 Quemadmodum
1784 2859 1948 2929 igitur

376 2927 426 2982 is
459 2929 549 2997 qui
583 2929 717 2983 dicit
750 2950 764 2985 :
792 2930 894 2997 Qui
931 2934 1132 2989 animal
1178 2939 1391 2993 ratione
1426 2946 1710 3011 praeditum
1753 2927 1947 3004 contu.

2037 494 2555 562 κατεπαγγέλλεται,
2581 497 2664 550 ὃτι
2687 496 3126 566 Ἁνοιγήσονται
3148 496 3308 566 ὑμῶν
3326 501 3380 551 οἱ
3396 499 3619 567 6500(4-

2030 584 2166 650 μοὶ.
2230 585 2328 638 καὶ
2394 586 2610 642 ἔσεσθε
2668 589 2749 653 ὡς
2797 589 2940 643 θεοί.
3005 589 3166 659 Ὁρᾷς
3225 590 3307 642 ὅτι
3366 588 3622 661 θεατικὴν

2037 672 2321 744 ἐνέργειαν
2364 679 2776 748 προσμαρτυρεί
2817 680 2882 747 τῇ
2916 679 3064 748 φωνῇ
3101 677 3197 748 τῆς
3226 677 3499 748 θεότητος.
3534 680 3611 733 Οὐ

2037 764 2142 834 γὰρ
2168 764 2282 818 ἐστι
2312 764 2607 821 θεάσασθαί
2635 785 2689 821 τι
2715 767 2790 839 μὴ
2817 767 2924 822 τῶν
2950 767 3240 838 ὀφθαλμῶν
3269 770 3615 838 ἀνοιγέντων.

2039 856 2245 910 Οὒκοῦν
2277 857 2397 927 οὐχὶ
2440 858 2539 928 τὴν
2565 859 2747 928 φύσιν,
2797 858 2931 912 ἀλλὰ
2962 857 3060 930 τὴν
3091 859 3350 931 θεατικὴν
3390 861 3618 933 δύναμιν

2038 950 2077 1019 ἠν
2097 949 2196 1019 τῆς
2220 950 2474 1021 θεότητος
2506 950 2842 1023 προσηγορία
2873 951 3217 1021 παρίστησιν.
3247 947 3315 1005 *Α
3328 953 3373 1023 ρ’
3404 949 3497 1007 οῦν
3523 956 3621 1026 οὐχ

2037 1040 2353 1111 ὁμολογοῦσι
2385 1041 2678 1096 θεάσασθαι
2717 1042 2780 1094 τὸ
2827 1041 3048 1111 Πνεῦμα
3090 1043 3151 1096 τὸ
3184 1044 3368 1112 ἃγιον;
3420 1045 3492 1096 Ἢ
3525 1047 3617 1098 καὶ

2003 1185 2005 1188 τ
2039 1131 2166 1203 περὶ
2190 1131 2380 1185 τούτου
2411 1132 2920 1204 ζυγομαχήσουσιν;
2979 1134 3042 1186 Εἰ
3073 1134 3172 1203 μὲν
3212 1134 3321 1205 γὰρ
3349 1134 3618 1201 τεθέαται,

2037 1226 2103 1295 τῇ
2129 1225 2376 1297 ἐνεργείᾳ
2415 1226 2635 1284 πάντως
2662 1223 3091 1294 ἐπονομάζεται·
3142 1226 3192 1277 εἰ
3243 1225 3300 1278 δὲ
3344 1226 3621 1281 καὶτοῦτο

2038 1312 2261 1383 ζητοῦσι
2288 1312 2430 1383 λόγῳ
2460 1313 2677 1383 μαθεῖν,
2710 1315 2960 1385 περιττὸν
2990 1313 3089 1384 μὲν
3115 1316 3228 1377 τοῖς
3257 1314 3621 1386 ὁμολογουμέ-

2038 1421 2148 1467 νοις
2166 1404 2539 1475 ὲνδιατρίϐειν·
2565 1404 2703 1474 πλὴν
2726 1404 2859 1457 ἀλλὰ
2887 1404 3211 1476 προσθῶμεν
3229 1407 3342 1467 τοῖς
3371 1405 3620 1472 ἀγνοοῦσι

2038 1497 2133 1550 καὶ
2164 1494 2351 1549 τοῦτον
2378 1497 2437 1548 ἐν
2466 1495 2818 1568 μακροθυμίᾳ
2854 1495 2959 1549 τὸν
2993 1496 3180 1564 λόγον’
3214 1496 3312 1560 Τίς
3341 1496 3433 1549 τοῦ
3468 1498 3621 1551 Ἀνα-

2038 1588 2152 1641 νίου
2186 1586 2286 1657 τὴν
2333 1586 2635 1658 ἱεροσυλίαν
2685 1585 3004 1656 ὲφώρασενς
3057 1584 3182 1649 Πῶς
3229 1586 3371 1655 ἔγνω
3416 1586 3620 1658 Πέτρος

2040 1679 2200 1732 αὐτὸν
2246 1677 2439 1732 ἑαυτοῦ
2481 1678 2573 1731 τὸν
2616 1678 2866 1731 Ἀνανίαν
2901 1677 3143 1745 κλέπτην
3182 1678 3506 1748 γενόμενον,
3556 1678 3622 1749 ἢν

2038 1773 2095 1823 ὲν
2119 1769 2447 1840 παραϐύστῳ
2478 1768 2614 1839 μετὰ
2646 1768 2746 1839 τῆς
2768 1767 3039 1839 ὁμοζύγου
3087 1768 3247 1839 μόνος
3290 1769 3580 1839 εἰργάσατο
3606 1786 3622 1834 ;

2038 1861 2115 1917 Οὐ
2141 1864 2202 1916 τὸ
2232 1861 2456 1932 Πνεῦμα
2497 1862 2559 1915 τὸ
2592 1861 2744 1929 ἅγιον
2787 1860 2880 1913 καὶ
2921 1860 2980 1913 ἐν
3032 1860 3224 1930 Πέτρῳ
3267 1855 3357 1930 ἦν,
3400 1860 3495 1913 καὶ
3540 1860 3620 1929 τῷ

2051 1955 2266 2026 Ἀνανίᾳ
2310 1955 2338 2006 ὁ
2369 1954 2610 2016 Σατανᾶς
2658 1951 2876 2022 παρῆν;
2925 1950 3025 2004 Διὰ
3070 1949 3229 2004 τοῦτό
3265 1967 3431 2020 φησιν
3461 1953 3490 2003 ό
3521 1951 3624 2005 Πέ-

2038 2064 2162 2118 τρος
2174 2065 2186 2076 ·
2203 2049 2303 2111 Εις
2322 2046 2376 2098 τί
2394 2045 2752 2113 ἐπλήρωσεν
2768 2045 2801 2096 ὁ
2817 2037 3087 2107 Σατανᾶς
3111 2040 3225 2108 τὴν
3245 2041 3495 2111 καρδίαν
3508 2060 3623 2097 σου

2039 2138 2384 2207 ψεύσασθαί
2417 2152 2490 2191 σε
2525 2136 2589 2190 τὸ
2613 2134 2853 2203 Πνεῦμα
2876 2135 2941 2188 τό
2982 2134 3196 2205 ἄγιον;
3231 2137 3353 2188 Οὐκ
3385 2136 3625 2203 ἐψεύσω

2039 2227 2385 2294 ἀνθρώποις,
2427 2226 2588 2281 ἀλλὰ
2615 2224 2695 2289 τῷ
2733 2224 2876 2290 Θεῷ.
2920 2225 3131 2297 Ὥσπερ
3173 2225 3355 2279 τοίνυν
3380 2228 3409 2279 ὁ
3448 2226 3623 2293 λέγων

2040 2319 2122 2372 ὅτι
2143 2318 2203 2371 τὸ
2227 2317 2439 2386 λογικὸν
2469 2316 2717 2387 ὑϐρίσας,
2734 2315 2827 2369 τὸν
2850 2314 3132 2386 ἄνθρωπον
3161 2316 3402 2387 ὕϐρισεν,
3424 2318 3524 2369 οὐκ
3546 2319 3625 2378 είς

2041 2409 2132 2462 δύο
2147 2408 2296 2471 τινὰς
2312 2407 2466 2478 φέρει
2485 2409 2584 2478 τὴν
2605 2407 2784 2480 ὕϐριν,
2805 2410 2937 2462 ἀλλὰ
2961 2408 3097 2480 πρὸς
3119 2408 3178 2462 ἓν
3203 2411 3318 2461 ἐστι
3339 2409 3625 2479 πρόσωπον

2042 2496 2076 2567 ἡ
2098 2495 2344 2567 ἀναφορὰ
2364 2495 2638 2566 διαφόροις
2661 2495 2909 2567 ίδιώμασι
2928 2497 3348 2568 γνωριζόμενον·
3373 2495 3515 2550 οὕτω
3531 2496 3625 2548 καὶ

2042 2589 2072 2641 ὁ
2105 2587 2343 2658 Πέτρος,
2393 2587 2487 2641 καὶ
2534 2586 2756 2657 Πνεῦμα
2797 2587 2892 2640 καὶ
2934 2587 3068 2641 Θεὸν
3116 2586 3288 2640 εἰπὼν
3334 2587 3483 2658 παρὰ
3527 2586 3622 2639 τοῦ

2057 2678 2296 2732 ’Δνανίου
2338 2676 2726 2748 διεψευσμένον
2745 2718 2760 2740 ,
2803 2678 2999 2731 ταύτὸν
3043 2676 3113 2731 τὰ
3145 2676 3237 2730 δύο
3278 2678 3388 2740 τοῖς
3416 2675 3626 2729 νοοῦσιν

2046 2768 2286 2831 εὐσεϐῶς
2326 2767 2727 2821 ἀποδείκνυσιν.
2790 2768 2950 2822 Ἀλλὰ
2994 2766 3288 2838 γενοίμεθα
3333 2769 3429 2821 καὶ
3464 2768 3623 2838 ἡμεῖς

2045 2859 2337 2932 διορατικοὶ
2373 2858 2473 2928 τῆς
2520 2858 2798 2930 ἀληθείας,
2851 2860 2945 2912 καὶ
2969 2860 3183 2931 μέτοχοι
3211 2860 3308 2929 τῆς
3352 2857 3623 2928 θεότητος,

2048 2950 2189 3006 κατὰ
2217 2949 2316 3020 τὴν
2346 2948 2552 3021 δωρεὰν
2584 2948 2677 3003 τοῦ
2726 2949 2880 3017 ἁγίου
2929 2949 3243 3020 Πνεῦματος
3294 2952 3355 3003 ὲν
3401 2948 3619 3020 Χριστῷ

381 3019 540 3072 melia
578 3018 761 3083 allicit,
808 3023 1080 3079 hominem
1114 3030 1445 3085 contumelia
1494 3032 1678 3101 allicit,
1719 3055 1826 3094 non
1879 3042 1939 3097 ad

2062 3044 2236 3116 Ἰησοῦ
2368 3018 2559 3115 Κῦρίῳ
2586 3043 2765 3114 ήμῶν,
2811 3036 2857 3110 ᾧ
2886 3044 2918 3113 ἡ
2950 3018 3087 3108 δόξα
3108 3044 3204 3097 καὶ
3225 3041 3285 3095 τὸ
3314 3018 3510 3114 κράτος
3545 3041 3625 3105 εἰς

379 3108 519 3163 duos
568 3110 836 3179 quosdam
883 3113 1048 3168 refert
1087 3120 1500 3185 contumeliam,
1535 3127 1628 3180 sed
1675 3129 1743 3184 ad
1777 3148 1939 3188 unam

2050 3138 2177 3200 τοὺς
2202 3135 2403 3198 αἰῶνας
2424 3135 2533 3188 τῶν
2561 3134 2791 3188 αἰώνων.
2837 3135 3031 3205 Ἀμήν.

381 3218 669 3271 personam
708 3221 829 3275 quae
887 3206 1119 3266 diversis
1176 3216 1596 3283 proprietatibus
1651 3232 1999 3294 cognoscitur
2042 3232 2239 3288 relatio
2293 3230 2392 3286 ﬁt:
2441 3232 2515 3284 ita
2574 3229 2772 3287 Petrus
2813 3246 3060 3301 quoque,
3111 3244 3235 3285 cum
3287 3236 3340 3284 et
3401 3228 3624 3300 Spiritui

382 3303 574 3351 sancto
629 3306 683 3353 et
752 3297 861 3355 Deo
913 3301 1139 3358 dixisset
1182 3306 1448 3363 Ananiam
1497 3327 1621 3369 esse
1671 3322 1977 3389 mentitum,
2015 3340 2130 3380 rem
2164 3324 2410 3379 eamdem
2451 3338 2548 3393 per
2583 3323 2692 3377 duo
2729 3297 2993 3379 vocabula
3040 3322 3130 3393 pie
3202 3297 3628 3391 intelligentibus

381 3390 741 3448 demonstrat.
802 3393 1001 3451 Verum
1051 3398 1351 3457 elliciamur
1414 3406 1578 3463 etiam
1634 3426 1736 3468 nos
1801 3416 1946 3472 duno
2007 3419 2244 3490 Spiritus
2298 3390 2471 3473 sancti
2523 3418 2867 3488 perspicaces
2913 3417 3159 3471 veritatis
3212 3414 3628 3484 iuvestigatores

385 3492 436 3535 et
491 3481 783 3551 particioes
820 3483 1073 3549 deitatis,
1148 3504 1245 3560 per
1290 3491 1569 3550 Christum
1636 3498 1823 3559 Jesum
1873 3481 2160 3564 Dominum
2197 3517 2475 3573 nostrum,
2511 3481 2599 3562 cui
2648 3481 2819 3578 gloria
2869 3514 3031 3577 atque
3078 3504 3366 3575 imperium
3410 3503 3464 3558 in
3513 3516 3629 3558 sat—

386 3572 507 3627 cula
537 3575 879 3628 saculorum.
917 3576 1109 3632 Amen.

461 3750 506 3781 ³³
547 3750 676 3808 Gen.
714 3769 794 3819 ιιι,
832 3754 883 3810 5.
961 3756 1005 3789 ³³
1038 3760 1159 3814 Act.
1184 3776 1238 3824 v,
1264 3762 1323 3817 5.
