4084 6158
1657 284 1727 347 ΙΝ
1767 290 2169 350 BAPTISMUM
2204 289 2505 349 CHRISTI.

3606 298 3638 356 5

3648 299 3677 351 7

3687 297 3719 353 3

502 422 3712 459 mm

1728 582 1956 668 ΤΟΥ
2036 581 2412 669 ΑΥΤΟΥ

870 794 1111 907 ΕΙΣ
1203 793 1519 907 ΤΗΝ
1614 793 2256 911 ΗΜΕΡΑΝ
2340 797 2642 912 ΤΩΝ
2708 799 3249 947 ΦΩΤΩΝ,

1602 1006 1693 1059 Ἐν
1726 998 2080 1079 ᾔὲϐαπτίσθη
2106 1007 2352 1081 exopto;
2384 1009 2552 1080 ἡμῶν.

1813 1330 2353 1422 EJUSDEM

1326 1532 1490 1658 ΙΝ
1598 1545 2009 1658 DIEM
2092 1545 2851 1663 LUMINUM

1488 1765 1547 1822 In
1580 1781 1692 1839 quo
1730 1767 2039 1839 baptizatus
2061 1777 2148 1824 est
2180 1767 2441 1825 Dominus
2465 1776 2675 1828 noster.

1740 1917 1995 1972 Laurentio
2016 1918 2189 1984 Siftmo
2218 1917 2415 1985 interpr.

514 2241 632 2299 Νῦν
682 2242 932 2315 γνωρίζω
962 2239 1060 2312 τὴν
1116 2238 1254 2311 ἐμὴν
1280 2238 1505 2310 ἀγέλην,
1554 2240 1794 2312 σήμερον
1846 2234 2026 2311 βλέπω

2207 2237 2366 2294 Nunc
2398 2254 2643 2310 agnosco
2666 2255 2844 2294 meum
2879 2255 3128 2312 gregem;
3179 2244 3343 2301 hodie
3395 2247 3551 2303 video
3607 2251 3719 2306 for.

447 2339 634 2409 σχῆμα
680 2335 784 2401 ’τῆς
825 2332 1152 2403 Ἐκκλησίας
1205 2332 1266 2384 τὸ
1291 2329 1556 2402 σύνηθες,
1593 2332 1756 2403 ἡνίκα
1794 2334 1887 2386 καὶ
1927 2333 2026 2386 τῶν

2137 2347 2283 2387 mam
2318 2330 2575 2387 Ecclesiae
2606 2341 2951 2399 consuetam,
2983 2336 3203 2404 quando
3222 2339 3384 2392 etiam
3411 2342 3714 2396 carnalium

447 2429 725 2500 σαρκικῶν
760 2426 1056 2498 φροντίδων
1082 2423 1179 2495 τὴν
1209 2424 1463 2494 ἀσχολίαν
1522 2424 1855 2494 μισήσαντες
1879 2464 1895 2488 ,
1917 2426 2037 2479 ἀκε-

449 2520 584 2592 ρσῖῳ
612 2517 689 2589 τῷ
737 2515 1063 2587 πληρώματι
1104 2515 1241 2586 πρὸς
1286 2516 1385 2586 τὴν
1423 2515 1721 2587 θεραπείαν
1755 2515 1851 2569 τοῦ
1892 2515 2030 2569 Θεοῦ

366 2657 371 2662 .
450 2611 817 2683 συνεδράμετε
841 2625 856 2639 °
890 2609 981 2662 καὶ
1015 2610 1339 2678 στενοχωρεῖ
1372 2606 1473 2677 μὲν
1511 2609 1539 2661 ὁ
1566 2606 1692 2670 λαὸς
1734 2607 1826 2661 τὸν
1858 2602 2028 2670 οῐκον,

446 2704 582 2756 εῐσω
606 2701 716 2756 τῶν
749 2700 911 2771 ίερῶν
937 2698 1145 2753 ἀδύτων
1166 2699 1450 2769 γινόμενος
1468 2714 1482 2728 °
1503 2698 1705 2769 πληροῖ
1726 2699 1782 2752 δὲ
1809 2699 1899 2753 τὸν
1926 2699 2033 2767 ἔξω

444 2794 623 2866 χῶρον
668 2795 726 2846 ὲν
761 2794 874 2855 τοῖς
908 2789 1431 2863 προτεμενίσμασιν,
1489 2790 1613 2844 ὅσον
1659 2791 1721 2844 οὐ
1771 2794 2032 2864 χωρεῖται

444 2884 598 2956 παρὰ
625 2884 733 2937 τῶν
765 2882 930 2945 ἔνδον,
964 2880 1106 2934 κατὰ
1136 2880 1237 2952 τὴν
1275 2882 1457 2935 εἰκόνα
1480 2880 1590 2934 τῶν
1646 2881 1932 2953 μελισσῶν.
1963 2883 2030 2936 Al

448 2975 549 3045 μὲν
573 2975 682 3047 γὰρ
713 2973 859 3047 ένρον
889 2970 1236 3044 ἐργάζονται,
1257 2972 1392 3026 αἰδὲ
1412 2971 1610 3037 ἔξωθεν
1635 2973 2029 3045 περιϐομϐοὗσι

444 3042 506 3121 τὸ
532 3042 974 3138 σμῆνος.’οὖτως
1001 3059 1095 3119 οὖν
1124 3065 1350 3126 ποιεῖτε,
1376 3057 1422 3117 ὧ
1450 3065 1666 3129 παῖδες,
1697 3042 1792 3119 καὶ
1821 3042 2028 3137 μήποτε

2137 2437 2396 2477 curarum
2440 2423 2757 2493 posthabito
2784 2425 3025 2495 negotio,
3058 2425 3207 2495 justa
3262 2429 3601 2498 plenitudine
3649 2433 3715 2487 ad

2134 2514 2342 2568 cultum
2385 2513 2480 2570 Dei
2502 2515 2887 2580 concurristis,
2910 2524 3074 2586 atque
3104 2519 3273 2575 :edem
3298 2522 3517 2591 quidem
3545 2541 3717 2596 popu-

2134 2604 2224 2658 lus
2262 2611 2555 2674 angustam
2575 2605 2780 2671 reddit,
2811 2606 2957 2661 intra
2994 2623 3152 2663 sacra
3205 2611 3366 2683 adyta
3424 2626 3713 2685 penetrans

2130 2704 2189 2750 et
2218 2695 2534 2766 irrumpens
2558 2713 2572 2750 :
2597 2704 2867 2767 quotquot
2887 2706 3069 2754 autent
3107 2700 3175 2755 ab
3205 2702 3272 2757 iis
3299 2704 3389 2773 qui
3415 2707 3564 2761 intus
3590 2715 3716 2762 sunt

2132 2801 2243 2841 non
2272 2787 2657 2854 admittuntur,
2712 2803 2873 2859 apum
2934 2791 2987 2844 in
3044 2791 3263 2846 modum
3302 2794 3481 2850 locum
3536 2808 3720 2853 exter-

2132 2891 2264 2932 num
2292 2877 2349 2932 in
2381 2878 2668 2935 vestibulis
2714 2880 2961 2950 implent.
3022 2881 3155 2937 Nam
3204 2898 3367 2953 apum
3425 2888 3544 2942 alia:
3595 2889 3711 2960 qui-

2128 2967 2255 3023 dem
2312 2969 2462 3024 intus
2520 2971 2576 3023 in
2624 2984 2788 3040 opere
2839 2983 3119 3043 occupatae
3171 2984 3342 3032 sunt:
3402 2979 3522 3035 aliae
3583 2998 3711 3039 vero

2134 3058 2270 3117 foris
2300 3061 2517 3117 alveare
2542 3061 3028 3134 circumstrepunt.
3073 3062 3165 3119 Sic
3207 3067 3371 3139 igitur
3418 3071 3604 3138 facite,
3673 3091 3710 3131 ο

445 3156 649 3226 ταύτην
671 3154 771 3225 τὴν
809 3153 1045 3223 σπουδὴν
1073 3152 1398 3223 ἀπολίπητε.
1440 3152 1623 3217 Πάθος
1648 3153 1756 3225 γὰρ
1784 3153 2026 3225 ὁμολογῶ

2127 3151 2248 3215 ﬁlii,
2309 3160 2366 3208 et
2412 3167 2691 3223 nunquam
2723 3153 2829 3208 hoc
2865 3154 3105 3209 studituit
3157 3156 3446 3217 deseratis.
3504 3162 3710 3221 Aﬂ'ectu

445 3250 670 3318 πάσχων
707 3245 1085 3316 ποιμαντικδν,
1133 3244 1229 3297 καὶ
1263 3242 1527 3314 βούλομαι
1557 3243 1648 3297 ἐπὶ
1674 3243 1773 3315 τῆς
1817 3243 2027 3316 ὑψηλῆς

441 3335 650 3407 ταύτης
677 3334 983 3405 καθήμενος
1011 3333 1243 3396 σκοπιᾶς
1265 3371 1280 3396 ,
1310 3331 1494 3402 κύκλῳ
1519 3332 1648 3403 περὶ
1670 3332 1797 3396 τοὺς
1820 3333 2028 3404 πρόπο-

442 3426 541 3489 δας
563 3425 663 3493 τῆς
694 3421 939 3494 κορυφῆς
981 3420 1201 3491 βλέπειν
1236 3418 1597 3491 ἠθροισμένον
1637 3420 1699 3473 τὸ
1731 3421 1981 3492 ποίμνιον
2005 3439 2020 3453 ·

2127 3243 2272 3297 enim
2293 3258 2380 3299 me
2395 3245 2657 3313 pastorali
2692 3242 2829 3298 allici
2861 3243 3065 3312 fateor;
3092 3259 3157 3301 ac
3179 3248 3301 3303 volo
3329 3249 3386 3304 in
3406 3251 3510 3307 hac
3535 3254 3709 3307 subli-

2127 3335 2201 3388 mi
2266 3335 2490 3404 specula
2561 3336 2760 3391 sedens
2798 3336 2943 3392 circa
2987 3336 3265 3408 subjectos
3315 3343 3506 3397 vertici
3547 3346 3709 3401 colles

2125 3425 2368 3497 undique
2380 3436 2767 3498 congregatum
2790 3442 3003 3498 gregem
3024 3432 3272 3485 contueri
3291 3449 3305 3497 ;
3322 3440 3377 3488 et
3394 3434 3482 3487 ttbi
3507 3435 3557 3488 id
3581 3436 3709 3489 mihi

444 3518 541 3570 καὶ
566 3515 738 3578 οὕτως
779 3530 869 3585 μοι
901 3511 1211 3583 συμϐαίνει,
1247 3510 1558 3583 προθυμίας
1582 3529 1643 3565 τε
1670 3512 2023 3585 ἐμπίπλαμαι

2127 3517 2438 3587 contigerit,
2467 3533 2590 3572 cum
2613 3520 2749 3570 mira
2796 3518 3025 3587 impleor
3068 3522 3234 3575 animi
3261 3523 3568 3589 alacritate,
3594 3532 3709 3579 tum

444 3606 786 3677 θαυμαστῆς,
813 3604 910 3659 καὶ
939 3605 1134 3674 κάμνω
1176 3602 1266 3657 τὸν
1295 3602 1454 3671 λόγον
1491 3603 1685 3674 ἡδέως,
1719 3604 1796 3668 ὡς
1827 3607 1877 3659 οἱ
1907 3624 2026 3660 ποι-

441 3699 607 3768 μένες
630 3697 699 3750 τὰ
736 3696 874 3766 μέλη
902 3694 973 3748 τὰ
1005 3696 1224 3764 νομαϊα.
1263 3694 1436 3748 Ὅταν
1461 3694 1519 3747 δὲ
1549 3695 1753 3766 ἑτέρως
1784 3694 1905 3769 έχῃ,
1933 3697 2030 3751 καὶ

443 3791 544 3862 τὴν
573 3789 678 3854 ἔξω
700 3787 907 3857 πλάνην
932 3781 1031 3857 ἦτε
1056 3784 1418 3854 πλανώμενοι,
1432 3784 1508 3849 ὡς
1531 3786 1790 3854 ὑπόγυιον
1814 3787 1906 3840 ἐπὶ
1929 3788 2027 3859 τῆς
2063 3837 2066 3840 .

449 3879 823 3953 παρελθούσης
836 3877 1122 3950 Κυριακῆς
1141 3864 1498 3946 πεποιήκατε,
1519 3877 1814 3948 σχετλιάζω
1835 3878 2023 3946 πολλὰ,

448 3976 542 4030 καὶ
556 3975 657 4046 τὴν
677 3972 887 4043 σιωπὴν
905 3969 1244 4040 ἀσπάζομαιο
1271 3968 1593 4040 βουλεύομαι
1609 3969 1667 4022 δὲ
1689 3970 1788 4041 τὴν
1815 3970 2026 4025 ἐνθένδε

448 4066 646 4138 φυγὴν,
665 4065 759 4119 καὶ
785 4062 933 4134 ζητῶ
965 4062 1058 4116 τὸν
1091 4061 1271 4114 Ἠλίου
1290 4059 1385 4114 τοῦ
1404 4062 1682 4131 προφήτου
1710 4060 2022 4134 Κάρμηλον,

445 4160 482 4232 ἡ
503 4175 624 4213 τινα
649 4156 858 4229 πέτραν
876 4154 1153 4225 ἀοίκητον.
1179 4152 1336 4206 Φίλον
1356 4152 1464 4221 γάρ
1482 4168 1599 4215 πως
1620 4153 1731 4216 τοῖς
1754 4151 2025 4224 ἀθυμοῦσι

438 4252 508 4304 τὸ
534 4250 764 4320 ἄμικτον
790 4246 887 4301 καὶ
918 4245 1240 4317 φιλέρημον.
1273 4242 1389 4296 Νῦν
1420 4243 1477 4296 δὲ
1509 4241 1722 4312 βλέπων
1752 4244 1897 4315 ὑμᾶς
1926 4246 2024 4300 σὺν

446 4342 630 4404 αὐτοῖς
655 4342 768 4403 τοῖς
797 4337 1011 4405 γένεσιν
1044 4333 1259 4406 ἁθρόως
1287 4333 1781 4404 πανηγυρίζοντας,
1819 4336 2023 4407 ὑπομι.;

442 4433 764 4503 μνήσκομαι
795 4427 975 4497 λογίου
1008 4423 1371 4497 προφητικοῦ,
1411 4424 1440 4477 ὃ
1467 4424 1751 4497 πόρρωθεν
1794 4427 2023 4493 Ἡσαΐας

444 4523 746 4594 ἁνύμνησε,
775 4520 871 4592 τὴν
898 4517 1152 4573 εὔτεκνον
1174 4517 1270 4570 καὶ
1291 4513 1598 4571 πολύπαιδα
1617 4518 2022 4588 προαναφωνῶν

456 4612 802 4682 Ἐκκλησίαν.
836 4611 1023 4674 Τίνες,
1054 4608 1237 4680 φησὶν,
1259 4606 1421 4671 οϊὸε;
1452 4607 1535 4673 ὡς
1551 4607 1798 4678 νεφέλαι
1812 4609 2022 4664 πέτον-

440 4722 560 4770 ται,
582 4704 681 4759 καί
714 4703 795 4769 ὡς
822 4700 1157 4769 περιστεραί
1195 4699 1319 4754 σὺν
1353 4698 1638 4767 νεοσσοῖς
1666 4701 1759 4754 ἐπ’
1787 4700 1910 4771 ἐμέ.
1945 4704 2019 4756 Οὐ

420 4824 425 4827 τ
447 4797 555 4869 μὴν
578 4794 714 4849 ἀλλὰ
740 4792 876 4864 πρὸς
896 4791 1104 4855 τούτοις
1125 4791 1365 4856 κάκεῖνο,
1388 4791 1608 4857 Στενός
1625 4807 1726 4860 μοι
1748 4793 1781 4845 ὁ
1804 4792 1988 4859 τόπος
2003 4808 2016 4820 ·

2122 3609 2290 3664 sicuti
2321 3614 2572 3677 pastores
2610 3607 2756 3661 circa
2793 3608 3031 3663 rusticas
3074 3608 3402 3676 cantilenis,
3438 3613 3513 3665 ita
3560 3615 3706 3668 circa

2127 3692 2432 3747 orationem
2462 3705 2682 3758 operam
2701 3706 2861 3746 sumo
2884 3692 3154 3747 lubenter.
3184 3694 3317 3749 Cum
3340 3703 3519 3749 autem
3545 3698 3705 3752 aliter

2127 3799 2189 3839 se
2212 3799 2302 3839 res
2329 3783 2513 3848 habet,
2541 3790 2596 3839 et
2629 3791 2854 3838 externo
2891 3783 3174 3854 gentilium
3213 3799 3403 3840 errore
3460 3790 3706 3858 occupati

2124 3874 2283 3939 estis,
2314 3875 2459 3931 sicut
2485 3889 2596 3930 non
2624 3874 2698 3930 ita
2716 3875 2923 3945 pridem
2950 3875 3191 3946 (nempe)
3220 3877 3494 3946 praeterita
3526 3878 3705 3933 Domi-

2126 3966 2250 4021 nica
2281 3963 2524 4022 fecistis:
2562 3979 2759 4036 magna
2788 3965 3040 4020 molestia
3071 3963 3297 4029 atlicior,
3329 3974 3384 4022 et
3431 3967 3704 4023 silentium

2124 4064 2286 4111 teneo
2323 4074 2337 4110 :
2376 4062 2540 4124 atque
2579 4056 2705 4111 hinc
2750 4056 2936 4127 fugere
2984 4058 3178 4129 cupio,
3224 4073 3288 4112 ac
3343 4075 3528 4129 quaero
3583 4062 3705 4116 Elite

2126 4146 2405 4215 propheta:
2423 4144 2758 4210 Carmelum,
2790 4156 2884 4200 aut
2913 4148 3151 4216 aliquam
3179 4156 3391 4218 petram
3436 4152 3703 4207 inhabita-

2132 4247 2263 4290 tam.
2297 4237 2489 4291 Atnica
2523 4237 2669 4291 enim
2717 4238 3121 4307 quodammodo
3171 4241 3338 4294 animi
3390 4243 3704 4311 aegritudine

2126 4328 2334 4384 aﬂectis
2359 4327 2487 4399 fuga
2526 4328 2943 4386 consuetudinis
2989 4339 3045 4386 et
3097 4333 3338 4401 captatio
3395 4334 3703 4390 solitudinis

2124 4430 2230 4477 est.
2264 4420 2422 4476 Nunc
2445 4435 2580 4476 vero
2606 4436 2730 4475 eum
2762 4421 2921 4479 video
2960 4438 3057 4479 vos
3091 4438 3202 4490 una
3229 4438 3351 4477 cum
3392 4423 3526 4493 ipsis
3545 4425 3702 4480 fami-

2125 4512 2212 4567 liis
2241 4521 2295 4566 et
2350 4511 2771 4582 cognationibus
2816 4515 3134 4567 catervatim
3182 4522 3511 4568 conventum
3564 4516 3701 4570 cele-

2124 4606 2302 4667 brare,
2341 4604 2486 4659 venit
2528 4605 2659 4658 mihi
2698 4604 2752 4658 in
2798 4612 3033 4660 mentem
3095 4605 3307 4660 oraculi
3356 4607 3699 4676 prOphetici:

2123 4696 2269 4765 quod
2323 4696 2455 4751 olim
2503 4695 2724 4765 alonge
2774 4696 3088 4766 praedicavit
3143 4696 3329 4762 Isaias,
3386 4698 3701 4754 felicitatem

2123 4784 2382 4843 Ecclesiae
2426 4787 2481 4840 in
2512 4802 2805 4843 numerosa
2836 4800 2996 4858 atque
3025 4790 3239 4860 egregia
3270 4791 3457 4847 sobole
3486 4807 3700 4861 procre-

444 4885 708 4951 ποίησόν
728 4899 831 4952 μοι
854 4882 1066 4943 τόπον,
1098 4880 1195 4935 ἵνα
1242 4881 1600 4949 κατοικήσω.
1645 4880 1831 4936 Ταῦτα
1856 4883 1964 4955 γὰρ
1992 4884 2026 4955 ἡ

2131 4877 2273 4932 anda
2299 4876 2619 4947 praedicens.
2656 4878 2760 4944 Qui
2787 4887 2945 4941 sunt,
3007 4880 3222 4950 inquit,
3254 4880 3387 4937 isti?
3434 4892 3491 4935 ut
3543 4886 3700 4939 nubes

441 4976 537 5030 τοῦ
578 4974 894 5045 Πνεύματος
940 4971 1167 5041 δύναμις
1212 4973 1294 5036 είς
1338 4973 1438 5045 τὴν
1470 4972 1895 5045 πολυάνθρωπον
1923 4975 2017 5030 τοῦ

2127 4968 2383 5032 νοίαηι,ει
2404 4977 2469 5021 ut
2485 4967 2740 5023 columba:
2763 4984 2886 5022 cum
2904 4960 3064 5039 pultis
3088 4969 3158 5022 ad
3188 4986 3268 5024 me
3290 4971 3330 5023 ¹.
3367 4972 3507 5036 Quin
3531 4973 3699 5027 etiam

445 5064 579 5118 Θεοῦ
621 5062 947 5133 Ἐκκλησίαν
969 5060 1279 5127 ἐθέσπισεν,
1310 5061 1344 5132 ἢ
1367 5062 1579 5133 χρόνοις
1605 5062 1831 5136 ὓστερον
1857 5063 2019 5135 ἔμελ-

440 5158 532 5211 λεν
569 5157 655 5210 ἐπ’
682 5155 869 5225 ἄκρων
904 5152 1005 5223 τῆς
1035 5152 1138 5223 γῆς
1188 5153 1268 5216 εἰς
1299 5151 1447 5225 ἄκρα
1481 5152 1791 5225 πληρώσειν
1818 5157 1915 5227 τὴν
1941 5159 2020 5211 ol-

441 5248 719 5319 κουμένην
746 5247 982 5302 ἃπασαν.
1022 5239 1167 5297 *Ηκε
1207 5243 1386 5298 τοίνυν
1414 5243 1562 5314 ἄγων
1589 5246 1682 5300 καὶ
1707 5249 2020 5320 περιφέρων

441 5341 471 5392 ό
492 5338 682 5410 χρόνος
714 5337 935 5408 μνήμην
968 5333 1138 5403 ἁγίων
1172 5333 1503 5405 μυστηρίων,
1534 5335 1904 5408 καθαιρόντων
1927 5340 2019 5394 τὸν

441 5429 750 5501 ἄνθρωπον,
778 5426 815 5482 ἆ
835 5427 929 5482 καὶ
948 5425 1047 5497 τὴν
1069 5425 1423 5480 δυσέκνιπτον
1464 5427 1737 5498 ἁμαρτίαν
1778 5431 2021 5502 ἀπορρύτ-

443 5537 567 5575 πτει
602 5523 704 5591 τῆς
727 5519 906 5590 ψυχῆς
932 5520 1026 5573 καὶ
1056 5516 1151 5570 τοῦ
1182 5516 1464 5588 σώματος·
1495 5519 1758 5589 ἐπανάγει
1790 5522 1849 5576 δὲ
1881 5522 2018 5587 ποὺς

512 5698 531 5731 ¹
558 5696 663 5754 182Δ
716 5711 808 5757 ιιι,
843 5695 896 5749 8.
956 5695 1106 5751 'lsa.
1152 5710 1300 5757 ςωκ,
1344 5694 1435 5752 90.

2122 5061 2210 5116 his
2237 5060 2428 5130 adjicit
2462 5061 2633 5117 illttd:
2669 5063 2939 5132 Angustus
2967 5073 3045 5116 est
3070 5061 3198 5116 mihi
3226 5063 3395 5125 locus,
3442 5064 3528 5124 fac
3574 5068 3700 5117 mila

2123 5156 2294 5210 locum
2326 5165 2382 5209 ut
2414 5154 2703 5211 inhabilem
2733 5159 2777 5211 ³.
2811 5155 2937 5211 Ηῖεο
2969 5157 3112 5210 enim
3143 5156 3318 5211 virtus
3347 5156 3584 5228 Spiritus
3634 5158 3698 5212 de

2123 5249 2388 5320 populosa
2415 5248 2661 5305 Ecclesia
2686 5249 2779 5305 Dei
2808 5250 3106 5305 vaticinata
3133 5259 3252 5305 cst:
3279 5266 3401 5321 qum
3431 5252 3699 5322 posterio-

2124 5341 2280 5397 ribus
2308 5342 2648 5412 temporibus
2678 5342 2744 5395 ab
2771 5341 3211 5398 extremitatibus
3246 5351 3403 5407 terrae
3427 5343 3491 5398 ad
3523 5351 3687 5398 extre

2126 5433 2343 5488 mitates
2387 5447 2605 5488 omnem
2671 5440 2940 5489 terrarum
2993 5432 3181 5487 orbem
3233 5435 3505 5503 repletura
3558 5443 3695 5489 erat.

2129 5523 2288 5579 Venit
2339 5523 2504 5598 igitur
2538 5539 2704 5595 agens
2739 5531 2794 5580 et
2828 5525 2881 5582 in
2925 5524 3110 5581 orbem
3164 5504 3450 5582 revolvens
3488 5535 3696 5595 tempus
