4084 6158
442 287 544 341 579

1677 280 1734 335 S.
1776 278 2104 337 CREGORII
2139 275 2429 334 NYSSENI

3593 271 3697 330 580

443 402 760 459 memoriam
823 407 1139 459 sanctorum
1206 398 1507 464 initiorum,
1565 412 1686 469 quae
1737 398 2010 453 hominem

2123 396 2177 450 τὸ
2216 395 2275 463 ἐξ
2306 396 2479 467 ἀρχῆς
2511 393 2727 459 κάλλος,
2760 394 2896 465 ὅπερ
2929 394 2957 446 6
3002 390 3386 463 ἀριστοτέχνης
3432 389 3566 455 Θεὸς
3609 390 3695 457 ἐφ’

442 500 699 565 purgant,
758 509 880 563 quas
933 492 1098 548 etiam
1160 500 1488 561 peccatum,.
1533 491 1678 560 quod
1731 489 2018 545 difﬁculter

442 585 669 649 eluitur,
726 591 838 636 tum
871 584 939 637 ab
968 582 1172 646 anima,
1206 590 1321 636 tum
1373 596 1402 635 a
1436 596 1666 652 corpore
1699 582 2021 652 abstergunt

443 683 609 744 atque
652 674 964 743 depellunt:
1000 688 1120 742 qum
1152 673 1279 728 item
1312 672 1378 727 ad
1402 673 1687 743 pristinam
1716 673 2020 743 pulchritu-

442 764 650 830 dinem,
679 779 842 833 quam
876 765 1118 832 optimus
1143 764 1339 819 artifex
1377 763 1519 818 Deus
1567 764 1623 816 in
1652 764 1810 819 nobis
1863 762 2017 819 eflin-

443 864 619 918 xerat,
649 854 938 909 reducunt.
978 853 1153 924 Atque
1182 853 1387 913 idcirco
1421 870 1518 910 vos
1556 855 1796 926 quidem,
1832 856 1926 925 qui
1952 870 2021 911 ex

444 945 546 999 hoc
571 946 776 1015 populo
816 946 1012 1000 initiati
1034 946 1189 1010 estis,
1226 948 1365 1000 bona
1401 945 1525 999 fidei
1554 954 1758 1001 nostrae
1807 946 2016 1016 experti

443 1037 801 1102 convenistis,
817 1043 981 1107 atque
1001 1037 1274 1092 adducitis
1291 1037 1451 1091 etiam
1466 1035 1740 1106 exp‘ertem
1762 1037 1939 1091 adhuc
1967 1043 2025 1091 ct

445 1128 751 1197 imperitam
784 1128 978 1181 harum
1018 1142 1201 1181 rerum
1260 1128 1692 1192 multitudinem,
1756 1136 2019 1197 tanquam

446 1218 572 1272 boni
603 1226 788 1287 patres
818 1205 948 1272 cura
981 1226 1141 1287 atque
1167 1217 1555 1272 conciliatione
1609 1233 1716 1271 non
1776 1218 2021 1272 initiatos

446 1308 513 1361 ad
552 1308 845 1376 perfectam
873 1308 1090 1378 pietatis
1143 1308 1683 1377 comprehensionem
1745 1307 2023 1363 deducen.

446 1407 549 1453 tes.
594 1398 706 1469 Ego
735 1414 865 1454 vero
889 1399 1133 1469 gratulor
1160 1399 1443 1469 utrisque:
1490 1399 1722 1455 initiatis
1777 1400 2021 1468 quidem,

445 1490 588 1555 quod
626 1505 821 1559 magno
849 1489 993 1544 dono
1020 1489 1177 1544 dilati
1210 1489 1384 1556 estis;
1415 1505 1523 1543 non
1574 1490 1807 1545 initiatis
1869 1504 2018 1552 vero,

2116 488 2248 558 ἡμῖν
2283 486 2627 542 διεπλάσατο.
2678 486 2789 539 Καὶ
2820 484 2907 538 διά
2948 483 3105 537 τοῦτο
3145 482 3175 534 ό
3209 482 3416 553 μύσει-ης
3447 480 3612 549 λαὸς,
3646 483 3696 536 οι

2119 576 2516 648 πεπειραμένοι
2558 577 2668 630 τῶν
2716 577 2936 646 ἀγαθῶν
2981 577 3080 645 τῆς
3114 574 3388 646 ἡμετέρας
3425 571 3726 635 πίστεως,’

2118 667 2441 739 ἠθροίσθητε
2461 686 2473 700 ·
2526 668 2797 738 ὲπάγεσθε
2830 668 2886 721 δὲ
2923 669 3016 721 καὶ
3048 667 3141 721 τὸν
3178 667 3406 737 ἄπειρον
3450 663 3531 718 ἔτι
3557 649 3698 729 [οἷα

2121 758 2353 834 πατέρες
2379 761 2627 833 χρηστοὶ,
2664 761 2863 834 μελέτῃ
2896 761 2988 814 καὶ
3018 762 3351 831 προσαγωγῇ
3378 755 3699 827 ὁδηγοῦντες

2118 850 2245 914 τοὺς
2273 852 2550 923 ἀμυήτους
2593 852 2731 922 πρὸς
2761 852 2863 922 τὴν
2903 850 3113 907 τελείαν
3156 851 3257 921 τῆς
3287 848 3567 912 εὐσεϐείας
3598 866 3698 902 ata-

2120 942 2373 1012 τάληψιν.
2421 941 2564 1011 Ἐγὼ
2608 942 2665 996 δὲ
2705 942 3035 1013 ἀμφοτέροις
3075 943 3408 1013 συνήδομαι·
3444 942 3557 1003 τοῖς
3598 938 3696 1010 μιν

2120 1031 2469 1097 τελεσθεῖσιν,
2498 1034 2580 1086 ὅτι
2611 1032 2852 1103 μεγάλην
2882 1033 3091 1103 δωρεὰν
3137 1031 3547 1102 ὲπλουτήσατεέ
3583 1029 3696 1093 τοῖς

2120 1125 2178 1177 δὲ
2207 1125 2501 1194 ἀμυήτοις,
2530 1124 2612 1177 ὅτι
2642 1124 2813 1193 καλὴν
2839 1123 3163 1194 προσδοκίαν
3192 1121 3438 1186 ἐλπίζετε
3457 1161 3472 1186 ,
3502 1120 3695 1191 ἄφεσιν

2121 1214 2377 1279 εὐθυνῶν,
2422 1214 2577 1268 λύσιν
2618 1214 2851 1284 δεσμῶν,
2891 1214 3160 1267 οἰκείωσιν
3195 1213 3333 1285 πρὸς
3364 1213 3517 1275 Θεὸν,
3557 1216 3696 1284 παῤ-

2124 1309 2318 1380 ρησίαν
2352 1305 2675 1377 ἐλευθέριον,
2709 1305 2829 1359 ἀντὶ
2856 1304 3104 1374 δουλικῆς
3129 1302 3514 1373 ταπεινότητος
3540 1303 3696 1354 ἰσοτι-

2126 1401 2253 1470 μίαν
2281 1398 2379 1470 τὴν
2417 1398 2550 1469 πρὸς
2580 1397 2869 1466 ἀγγέλους.
2898 1395 3084 1448 Ταῦτα
3114 1395 3221 1468 γὰρ
3248 1396 3399 1465 ἡμῖν,
3427 1395 3522 1447 καὶ
3552 1392 3605 1446 εί
3643 1410 3695 1446 τι

2122 1488 2330 1552 τούτοις
2354 1488 2665 1548 ἀκόλουθον,
2697 1489 2730 1558 ἡ
2759 1485 2853 1539 τοῦ
2876 1485 3102 1557 λουτροῦ
3133 1488 3293 1557 χάρις
3313 1486 3577 1554 ἐγγυᾶται
3601 1483 3696 1537 καὶ⁵

447 1580 589 1648 quod
623 1579 763 1633 bona
795 1578 979 1633 futura
1008 1580 1264 1649 speratis,
1285 1579 1480 1649 judicii
1513 1581 1724 1637 scilicet
1751 1589 1803 1635 et
1850 1594 2020 1652 paena:

2123 1577 2323 1635 δίδωσι.
2352 1576 2443 1630 Διὸ
2470 1576 2569 1639 τάς
2591 1575 2757 1639 ἄλλας
2780 1574 2887 1627 τῶν
2918 1574 3147 1646 Γραφῶν
3178 1574 3459 1637 ὑποθέσεις
3491 1574 3695 1644 ἑτέροις

448 1671 853 1735 remissionem,
884 1672 1226 1725 vinculorum
1268 1673 1625 1734 solutionem,
1679 1672 2020 1727 conciliatio-

2125 1670 2337 1741 καιροῖς
2373 1668 2714 1737 ἀναθέμενοι.
2741 1664 2817 1736 τῷ
2839 1664 3183 1737 προκειμένῳ
3216 1664 3402 1734 σκοπῷ
3427 1664 3700 1735 παραμεί-

445 1777 568 1816 nem
595 1769 649 1815 et
674 1762 1118 1832 conjunctionem
1149 1778 1272 1817 cum
1295 1748 1428 1827 Deo,
1452 1764 1702 1819 ﬁduciam
1727 1765 2016 1835 ingenuam

2123 1740 2320 1831 νωμεν,
2369 1760 2438 1814 τά
2487 1762 2661 1812 οἰκεῖα
2694 1758 2788 1812 καὶ
2836 1758 3120 1830 πρόσφορα
3166 1759 3232 1828 τῇ
3266 1758 3427 1828 ἑορτῇ
3461 1756 3698 1827 δωροφοα

445 1860 500 1907 ει
527 1853 733 1906 aditum
765 1853 996 1908 liberum
1032 1855 1151 1910 loco
1180 1856 1399 1910 servilis
1434 1856 1779 1919 humilitatis,
1834 1872 2017 1926 parem

2128 1853 2344 1925 ροῦντες
2370 1855 2449 1916 είς
2474 1852 2701 1922 δύναμιν
2722 1869 2734 1882 ·
2768 1851 2919 1920 φίλον
2947 1851 3057 1919 γὰρ
3081 1849 3284 1923 ἑκάστῃ
3313 1848 3618 1919 πανηγύρει
3639 1846 3699 1901 τὸ

445 1956 571 1995 cum
613 1943 816 2012 angelis
844 1944 1068 1999 honoris
1097 1944 1489 1999 conditionem.
1523 1945 1647 2000 Haec
1662 1948 1807 2001 enim
1837 1947 2018 2009 nobis,

2123 1948 2275 2002 ῐδιον.
2311 1946 2468 2000 Οὐτω
2516 1946 2691 2016 γάμον
2724 1945 2821 2016 μὲν
2854 1947 2971 2006 ταῖς
3002 1943 3379 2014 ὲπιθαλαμίοις
3420 1943 3583 2014 ᾠδαῖς
3610 1943 3698 1995 δε-

446 2047 511 2086 ac
539 2034 584 2087 si
610 2033 739 2102 quid
778 2033 863 2088 his
899 2034 1078 2089 simile
1113 2042 1199 2090 est
1247 2050 1311 2090 ac
1362 2035 1542 2103 aliine,
1585 2037 1789 2093 lavacri
1848 2039 2020 2108 gratia

2128 2038 2383 2110 ξιούμεθα
2405 2055 2418 2069 ·
2443 2037 2626 2090 πένθει
2643 2037 2698 2089 δὲ
2718 2036 2786 2089 τά
2803 2037 3166 2108 νενομισμένα
3189 2039 3300 2100 τοῖς
3321 2033 3699 2107 ὲπικηδ[ε]ίοις

447 2126 677 2193 spondet
728 2132 782 2178 et
834 2126 947 2179 dat.
1008 2125 1371 2193 Quamobrem
1418 2129 1560 2185 aliis
1612 2130 2020 2200 Scripturarum

2128 2132 2345 2203 θρήνοις
2362 2130 2706 2201 εἰσφέρομεν·
2728 2129 2786 2181 ὲν
2808 2130 3092 2200 πράγματι
3113 2127 3527 2196 σπουδαιολογού
3537 2126 3696 2197 μεθα·

448 2215 689 2269 materiis
732 2224 786 2268 et
834 2219 1170 2287 argumentis
1204 2218 1257 2272 in
1291 2219 1396 2272 alia
1432 2227 1678 2289 tempora
1713 2221 1931 2291 rejectis
1963 2222 2018 2276 in

2125 2220 2183 2275 ὲν
2215 2221 2469 2292 εὐωχίαις
2502 2220 2701 2291 λύομεν
2725 2219 2824 2290 τῆς
2856 2219 3035 2290 ψυχῆς
3063 2218 3123 2271 τὸ
3153 2218 3581 2289 πεπυκνωμένον
3604 2218 3700 2270 καὶ

445 2305 731 2372 proposito
780 2318 1102 2381 argumento
1170 2324 1610 2378 permaneamus.
1659 2326 1756 2381 pro
1806 2313 2017 2368 viribus

2128 2312 2374 2366 σύντονον
2397 2327 2408 2337 ·
2439 2311 2671 2365 ἕκαστον
2691 2310 2747 2364 δὲ
2772 2310 2961 2381 καιρὸν
2983 2308 3256 2380 τηροῦμεν
3277 2310 3385 2363 τῶν
3405 2308 3699 2380 ἀλλοτρίων

445 2396 830 2449 convenientia
856 2406 1020 2467 atque
1059 2400 1470 2457 accommodata
1522 2401 1628 2456 diei
1679 2402 1819 2458 festo
1878 2404 2020 2459 dona

2128 2402 2541 2458 ἁνεπιθόλωτον.

445 2483 958 2543 offerenteszsuum
1001 2489 1147 2544 enim
1199 2499 1253 2546 et
1318 2492 1599 2563 proprium
1665 2494 1862 2565 cuique
1931 2495 2229 2549 celebritati
2269 2504 2480 2564 gratum
2509 2503 2562 2549 et
2605 2501 2889 2563 acceptum
2941 2500 3048 2546 est.
3102 2489 3178 2545 ita
3226 2487 3448 2562 nuptias
3479 2490 3698 2562 quidem

443 2580 811 2650 epithalamiis
846 2585 1133 2641 cantilenis
1164 2587 1540 2657 celebramus;
1590 2589 1740 2645 luctu
1795 2605 1926 2645 vero
1967 2589 2400 2660 funebribusque
2444 2588 2926 2644 lamentationibus
2950 2587 3098 2657 justa
3123 2587 3357 2641 mortuis
3394 2593 3448 2640 et
3474 2583 3697 2640 inferias

444 2675 674 2744 damus;
711 2679 767 2732 in
808 2683 1025 2751 negotio
1055 2682 1200 2737 serio
1231 2682 1531 2755 loquimur;
1566 2685 1621 2739 in
1650 2684 1913 2740 conviviis
1963 2686 2390 2740 contractionem
2426 2693 2480 2739 et
2518 2684 2939 2739 contentionem‘
2977 2681 3144 2736 animi
3176 2681 3461 2746 solvimus,
3509 2692 3699 2734 unum-

444 2767 699 2837 quodque
758 2778 972 2840 tempus
1022 2773 1091 2826 ab
1124 2773 1425 2830 alienarum
1474 2790 1656 2831 rerum
1701 2775 2026 2833 confusione
2057 2785 2219 2847 atque
2258 2776 2668 2846 perturbatione
2701 2774 2970 2844 integrum
3003 2788 3308 2829 servamus.

348 2932 349 2935 η
520 2855 692 2911 Natus
724 2856 892 2926 igitur
929 2866 1015 2914 est
1044 2859 1317 2924 Christus.
1348 2862 1495 2917 velut
1523 2870 1651 2918 ante
1678 2878 1883 2934 paucos
1909 2864 2020 2918 dies

2210 2864 2502 2934 Ἐγεννήθη
2526 2864 2704 2917 τοίνυν
2733 2861 2985 2933 Χριστὸς,
3012 2862 3087 2926 ὠς
3112 2862 3216 2935 πρὸ
3238 2863 3434 2932 ὀλίγων
3456 2863 3695 2936 ήμερῶν,

447 2946 542 3016 qui
570 2956 697 3000 ante
725 2961 942 3002 omnem
973 2957 1250 3012 naturam,
1280 2958 1390 3005 tam
1419 2953 1675 3009 sensilem
1709 2969 1871 3025 quam
1913 2954 2020 3024 spi-

2126 2957 2155 3009 6
2185 2956 2291 3026 πρὸ
2330 2954 2509 3023 πάσης
2537 2954 2724 3014 οὐσίας
2756 2953 3019 3025 αἰσθητῆς
3056 2971 3115 3006 τε
3154 2954 3248 3008 καὶ
3284 2955 3481 3025 νοητῆς
3511 2971 3697 3023 γεννη-

447 3038 722 3100 ritualem,
759 3046 921 3091 natus
954 3046 1057 3092 est.
1106 3037 1419 3108 Baptizatur
1468 3042 1632 3099 hodie
1662 3044 1731 3100 ab
1789 3043 2020 3109 Joanne,

2129 3045 2262 3109 θείς.
2295 3042 2622 3108 Βαπτίζεται
2662 3043 2902 3113 σήμερον
2934 3040 3086 3112 παρά
3145 3041 3391 3123 Ἰωάννου
3416 3084 3431 3109 ,
3477 3042 3564 3094 ἴνα
3609 3041 3697 3096 τὸν

447 3135 506 3180 ut
539 3125 880 3182 sordidatum
908 3135 962 3183 et
990 3130 1422 3186 contaminatum
1457 3144 1804 3206 expurgaret,
1859 3137 2020 3207 spiri-

2127 3136 2515 3208 ἐρρυπωμένον
2536 3132 2881 3205 ἀποκαθάρῃ.
2922 3133 3144 3204 Πνεῦμα
3174 3132 3231 3187 δὲ
3265 3119 3470 3188 ἄνωθεν
3494 3133 3693 3204 ἀγάγῃ,
3776 3204 3781 3207 _

446 3226 672 3288 tumque
706 3234 942 3288 superne
998 3220 1314 3287 adduceret,
1348 3233 1403 3278 et
1432 3223 1703 3280 hominem
1739 3228 1795 3281 in
1847 3229 2020 3284 coelos

2126 3229 2219 3282 καὶ
2246 3228 2336 3282 τὸν
2370 3226 2654 3299 ἄνθρωπον
2683 3227 2765 3289 είς
2801 3226 3063 3296 οὐρανοὺς
3095 3224 3356 3298 ἀνυψὼσῃ
3379 3241 3394 3255 ·
3436 3226 3523 3279 ἱνα
3545 3227 3575 3278 6
3600 3241 3695 3277 πε-

444 3310 760 3364 extolleret:
792 3319 850 3363 ut
882 3310 1068 3381 lapsus
1116 3312 1437 3384 erigeretur,
1492 3323 1547 3371 et
1579 3317 1675 3387 qui
1727 3317 2017 3388 dejecerat,

2128 3317 2236 3370 σὼν
2264 3317 2539 3389 διεγερθῇ,
2556 3316 2651 3371 καὶ
2675 3317 2704 3369 ὁ
2731 3315 2896 3387 ῥίψας
2919 3315 3310 3387 καταισχυνθῇ,
3343 3316 3452 3370 Καὶ
3478 3316 3553 3387 μὴ
3577 3316 3697 3369 θαυ-

442 3398 871 3454 confunderetur
904 3408 958 3456 et
986 3402 1454 3461 dehonestaretur.
1503 3407 1585 3462 Ac
1627 3422 1696 3463 ne
1735 3410 2020 3466 admireris

2132 3409 2328 3479 μάσῃς,
2360 3411 2409 3462 εἱ
2432 3408 2685 3464 τοσοῦτον
2712 3408 2923 3477 ἐγίνετο
2945 3406 3022 3478 τῷ
3049 3406 3169 3478 Θεῷ
3196 3405 3259 3459 τὸ
3287 3406 3409 3460 καθ’
3435 3408 3584 3478 ἡμᾶς
3604 3422 3698 3459 πε-

445 3489 592 3560 quod
624 3489 734 3545 Deo
770 3506 856 3547 res
888 3502 1089 3548 nostra:
1117 3502 1269 3559 tanto
1295 3496 1480 3552 studio
1510 3512 1573 3552 ac
1597 3513 1744 3553 cura:
1774 3498 2018 3563 fuerunt,

2136 3498 2665 3572 ρισπούδαστονηῖνα
2687 3497 2781 3552 καὶ
2800 3498 3147 3571 αὐτουργήσῃ
3167 3495 3262 3553 τοῦ
3288 3496 3573 3568 ἀνθρώπου
3601 3497 3696 3566 τὴν

446 3590 505 3637 ιιι
534 3581 697 3635 etiam
729 3582 845 3651 ipse
877 3599 973 3654 per
1004 3600 1126 3642 sese
1160 3586 1398 3643 hominis
1455 3589 1686 3644 salutem
1740 3599 2020 3662 praestaret

2128 3589 2421 3662 σωτηρίαν.
2450 3588 2609 3643 Μετὰ
2643 3589 2913 3661 μερίμνης
2937 3589 3046 3661 γάρ
3078 3590 3179 3656 τῆς
3209 3588 3302 3647 τοῦ
3330 3588 3695 3659 κακουργοῦν-

444 3672 508 3729 ac
535 3685 972 3745 repraesentaret.
1006 3679 1387 3737 Sollicitudine
1409 3683 1554 3738 enim
1575 3683 1821 3739 adhibita
1852 3686 2022 3739 male-

444 3769 581 3823 ficus
612 3770 773 3826 nobis
809 3770 1104 3827 insidiatus
1135 3781 1237 3836 est,
1269 3788 1393 3828 cum
1425 3789 1558 3829 cura
1590 3776 1718 3830 item
1753 3775 2019 3831 creatoris

443 3873 749 3914 servamur.
784 3859 964 3931 Atque
999 3862 1091 3917 ille
1134 3862 1354 3931 quidem
1408 3864 1626 3920 invidus
1660 3873 1715 3918 et
1761 3881 2016 3935 nequam,

447 3964 574 4001 cum
607 3958 894 4017 peccatum
934 3951 1201 4005 adversus
1235 3968 1336 4006 nos
1370 3954 1764 4021 introduceret,
1794 3958 2016 4027 dignum

444 4052 546 4093 suo
580 4040 812 4094 consilio
851 4041 1213 4097 velamentum
1278 4054 1588 4113 serpentem
1642 4057 1835 4104 nactus
1892 4059 2015 4105 est:

448 4131 697 4198 impurus
733 4133 787 4184 in
817 4132 1048 4187 similem
1064 4149 1187 4190 sese
1204 4135 1805 4202 insinuans,volnntate
1819 4157 1883 4196 ac
1904 4152 2020 4197 stu-

449 4220 543 4273 dio
597 4228 851 4276 terrenus
897 4231 952 4279 et
1000 4225 1392 4283 subterraneus
1448 4231 1625 4300 reptili
1680 4233 2013 4289 inhabitans.

448 4310 701 4387 Christus
731 4327 882 4378 vero,
917 4328 1041 4369 cum
1088 4316 1234 4373 illius
1269 4318 1568 4387 nequitiam
1603 4328 1658 4375 et
1705 4322 2022 4391 improbita-

2126 3698 2216 3745 τος
2246 3681 2740 3751 ὲπεὸουλεύθημεν,
2775 3681 2911 3752 μετὰ
2934 3681 3214 3752 φροντίδος
3231 3681 3288 3734 δὲ
3310 3680 3405 3735 τοῦ
3430 3684 3696 3752 Δημιουρ-

2125 3773 2224 3843 γοῦ
2265 3774 2569 3844 σωζόμεθα.
2617 3775 2728 3828 Καὶ
2763 3775 2792 3827 ὁ
2840 3774 2937 3843 μὲν
2993 3772 3262 3847 μοχθηρὸς
3295 3773 3390 3829 καὶ
3431 3772 3697 3843 βάσκανος

2126 3863 2270 3917 κατά
2318 3865 2411 3917 τοῦ
2459 3864 2651 3930 γένους
2687 3864 2846 3935 ἡμῶν
2885 3865 2982 3936 τὴν
3031 3866 3306 3935 ἁμαρτίαν
3338 3866 3695 3938 καινοτομῶν,

2126 3955 2277 4022 ἄξιον
2308 3956 2407 4025 τῆς
2437 3956 2632 4009 ἑαυτοῦ
2672 3955 2897 4029 γνώμης
2918 3957 3289 4029 προκάλυμμα
3313 3959 3405 4012 τὸν
3423 3959 3548 4028 ὄφιν
3576 3958 3698 4013 ἐσύ-

2128 4064 2252 4118 ρετο
2271 4086 2284 4111 ,
2315 4047 2343 4097 ὀ
2384 4047 2690 4117 ἀκάθαρτος
2721 4047 2799 4118 τῷ
2842 4047 3011 4118 ὁμοίῳ
3054 4047 3380 4103 ἐπεισελθὼν
3400 4088 3416 4113 ,
3447 4051 3477 4101 ό
3516 4051 3697 4123 γήῖνος

2127 4140 2223 4192 καὶ
2265 4138 2473 4208 χθόνιος
2514 4139 2612 4210 τὴν
2649 4140 2967 4211 προαίρεσιν
3006 4140 3294 4209 ἐνοικήσας
3337 4140 3416 4210 τῷ
3461 4140 3691 4211 ἑρπετῷ.

2126 4230 2357 4298 Χριστὸς
2371 4230 2427 4282 δὲ
2445 4231 2473 4282 6
2492 4231 2589 4301 τὴν
2616 4230 2825 4285 ἐκείνου
2847 4230 3110 4303 πονηρίαν
3130 4231 3468 4302 ἐπανορθῶν,
3497 4232 3695 4285 τέλειον

2126 4320 2497 4392 ἀναλαμϐάνει
2522 4322 2613 4375 τὸν
2641 4321 2948 4391 ἄνθρωπον,
2973 4322 3069 4375 καὶ
3095 4321 3255 4387 σώζει
3276 4322 3367 4375 τὸν
3393 4323 3692 4393 ἄνθρωπον,

446 4412 550 4457 ιειη
600 4405 920 4476 corrigeret,
977 4407 1248 4465 hominem
1284 4410 1584 4480 perfectum
1648 4415 1901 4478 assumit,
1964 4422 2019 4470 et

2128 4414 2222 4467 καὶ
2251 4413 2459 4482 γίνεται
2503 4414 2718 4469 πάντων
2760 4414 2916 4484 ήμῶν
2954 4413 3122 4477 τύπος
3154 4415 3246 4468 καὶ
3290 4414 3591 4487 χαρακτὴρ,
3630 4412 3694 4467 ἶν’

445 4504 629 4550 servat
653 4495 950 4560 hominem,
973 4506 1027 4553 et
1052 4499 1294 4552 omnium
1328 4502 1500 4555 nostri
1533 4501 1707 4555 forma
1736 4512 1898 4572 atque
1941 4505 2022 4558 fi—

445 4603 582 4658 gura
611 4589 851 4654 exsistit,
882 4597 942 4644 ut
969 4591 1409 4662 uniuscujusque
1461 4594 1694 4650 actionis
1750 4598 2022 4665 primitias

443 4680 831 4748 sanctificaret,
859 4692 911 4736 et
930 4682 1168 4738 studium
1197 4684 1505 4740 traditionis
1532 4686 1675 4742 haud
1706 4687 2021 4758 ambiguum

444 4772 621 4828 servis
679 4773 1012 4842 relinqueret
1106 4773 1380 4845 Baptisms
1444 4778 1609 4848 igitur
1669 4786 2020 4849 peccatorum

442 4864 685 4934 expiatio
713 4872 818 4928 est,
847 4866 1105 4921 remissio
1134 4866 1483 4935 delictorum,
1548 4872 1925 4926 renovationis
1969 4881 2024 4931 et

444 4957 877 5026 regenerationis
969 4973 1158 5013 causa.
1246 4959 1739 5031 Regenerationem
1839 4970 2022 5021 autem

443 5045 687 5117 intellige
741 5063 859 5103 eam
912 5064 1035 5119 qua:
1088 5049 1421 5119 cogitatione
1473 5048 1742 5117 cernitur,
1844 5055 2021 5110 oculis

443 5156 551 5194 non
635 5139 867 5195 videtur.
945 5140 1064 5196 Non
1128 5143 1272 5197 enim
1360 5158 1486 5199 vere
1561 5134 2040 5220 quemadmodum

445 5230 708 5287 Hebraeus
830 5233 922 5289 ille
998 5231 1327 5288 Nicodemus
1405 5233 1561 5298 dixit,
1649 5242 1814 5305 atque
1898 5251 2022 5292 vero

442 5324 684 5379 crassius
739 5324 1101 5388 intellexerat,
1159 5340 1343 5381 senem
1400 5327 1733 5381 mutabimus
1783 5329 1839 5382 in
1888 5344 2022 5398 pue-

442 5430 606 5483 rum;
660 5432 839 5486 neque
895 5433 1155 5488 rugosum
1210 5429 1264 5473 et
1316 5431 1513 5473 canum
1562 5421 1616 5473 in
1672 5429 1917 5477 tenerum
1966 5428 2022 5476 et

438 5507 696 5576 juvenem
726 5508 1271 5575 transformabimus,
1300 5519 1396 5566 aut
1425 5511 1624 5565 iterum
1653 5511 1932 5567 hominem
1963 5515 2017 5567 in

446 5606 662 5653 uterum
697 5599 889 5654 matris
936 5598 1283 5664 reducemus,
1316 5601 1410 5656 sed
1451 5611 1843 5672 compunctum
1878 5604 2021 5658 notis

446 5699 793 5760 peccatorum
842 5698 895 5745 et
930 5690 1090 5745 malis
1138 5691 1381 5748 moribus
1431 5693 1794 5749 inveteratum
1844 5696 2019 5766 gratia

2124 4503 2361 4574 ἑκάστης
2392 4501 2641 4572 πράξεως
2673 4502 2875 4574 ἁγιάσῃ
2913 4501 3010 4573 τὴν
3039 4503 3312 4574 ἀπαρχὴν,
3354 4504 3448 4556 καὶ
3478 4503 3568 4555 τὸν
3598 4502 3692 4570 ζῆ-

2125 4573 2214 4647 λον
2373 4593 2724 4664 παραδόσεως
2757 4593 3124 4664 ἀναμφίϐολον
3146 4573 3419 4665 καταλίπῃ
3444 4596 3557 4657 τοῖς
3580 4591 3694 4645 δού-

2124 4688 2255 4752 λοις.
2309 4689 2599 4758 Βάπτισμα
2642 4688 2820 4742 τοίνυν
2865 4689 3011 4743 ἐστὶν
3060 4688 3343 4760 ἁμαρτιῶν
3393 4687 3690 4759 κάθαρσις,

2124 4780 2317 4849 ἄφεσις
2343 4779 2447 4851 πλη
2457 4780 2853 4850 μμελημάτων.
2872 4781 3265 4852 ἀνακαινισμοῦ
3292 4782 3385 4835 καὶ
3410 4781 3697 4852 ἀναγεννή-

2124 4890 2264 4938 σεως
2302 4873 2470 4927 αἰτία.
2514 4872 2892 4944 Ἀναγέννησιν
2929 4873 2989 4927 δὲ
3017 4875 3228 4944 νόησον,
3254 4875 3434 4945 ἐννοίᾳ
3461 4874 3695 4945 θεωρου-

2127 4962 2315 5032 μένην,
2364 4961 2665 5033 ὀφθαλμοῖς
2704 4963 2766 5017 οὐ
2821 4962 3182 5036 βλεπομένην.
3231 4965 3307 5018 Οὐ
3364 4964 3473 5034 γὰρ
3528 4964 3694 5027 ὅντως

2132 5055 2274 5109 κατά
2300 5056 2394 5109 τὸν
2451 5056 2703 5127 Ἐϐραίον
2736 5056 3074 5127 Νικόδημον,
3105 5058 3199 5111 καὶ
3224 5056 3327 5126 τὴν
3352 5058 3562 5111 ἐκείνου
3603 5073 3697 5112 παν-

2123 5146 2355 5217 χυτέραν
2373 5146 2610 5202 διάνοιαν
2627 5147 2720 5201 τὸν
2749 5147 3060 5219 πρεσϐύτην
3090 5147 3446 5219 ὲναλλάξομεν
3468 5150 3549 5212 εἰς
3573 5164 3698 5201 παι-

2122 5237 2265 5290 δίον·
2302 5237 2428 5292 οὐτε
2474 5239 2564 5292 τὸν
2600 5238 2764 5309 ῥυσὸν
2794 5239 2891 5293 καὶ
2927 5239 3333 5310 πεπολιωμένον
3361 5242 3441 5303 εἰς
3488 5238 3696 5293 ἁπαλὸν

2124 5332 2221 5382 καὶ
2251 5329 2369 5384 νέον
2400 5331 2898 5403 μετασκευάσομεν,
2940 5331 3009 5386 ἀν
3038 5328 3198 5386 πάλιν
3226 5333 3306 5397 εἰς
3330 5331 3431 5401 τὴν
3456 5329 3695 5400 γαστέρα

2123 5423 2223 5492 τῆς
2246 5424 2447 5495 μητρὸς
2463 5425 2556 5478 τὸν
2584 5425 2866 5494 ἄνθρωπον
2894 5427 3234 5497 ἐπανάξομεν
3252 5440 3268 5455 ·
3297 5424 3436 5479 ἀλλά
3461 5424 3554 5477 τὸν
3576 5438 3695 5476 κατ-

2124 5518 2439 5587 εστιγμένον
2472 5519 2592 5580 ταῖς
2630 5505 2946 5589 ἀμαρτίαις,
2978 5518 3073 5572 καὶ
3121 5518 3307 5581 κακοῖς
3335 5513 3693 5586 ἐπιτηδεύμα-

2127 5623 2211 5659 σιν
2240 5606 2693 5677 ὲμπαλαιωθέντα
2720 5609 2899 5680 χάριτι
2945 5607 3197 5679 βασιλικῇ
3233 5606 3577 5675 ὲπανάγομεν
3612 5603 3690 5662 εἰς

2125 5698 2183 5750 τὸ
2209 5698 2301 5750 τοῦ
2327 5697 2556 5767 βρέφους
2585 5699 2893 5755 ἀνεύθυνον.
2930 5699 3018 5762 Ὠς
3039 5697 3147 5766 γὰρ
3169 5700 3231 5752 τὸ
3258 5698 3545 5753 εὐθύτοκον
3572 5711 3693 5747 παι-
