  <div class='ocr_page' id='page_1' title='image "/cluster/home/n/w/nwhite01/storage/ocr_20150623/46/mdp.39015011915447/298.png"; bbox 0 0 4084 6158; ppageno 0'>
   <div class='ocr_carea' id='block_1_1' title="bbox 362 331 458 387">
    <p class='ocr_par' dir='ltr' id='par_1_1' title="bbox 362 331 458 387">
     <span class='ocr_line' id='line_1_1' title="bbox 362 331 458 387; baseline -0.01 0"><span class='ocrx_word' id='word_1_1' title='bbox 362 331 458 387; x_wconf 74' lang='grc'><strong>581</strong></span> 
     </span>
    </p>
   </div>
   <div class='ocr_carea' id='block_1_2' title="bbox 1572 297 2398 361">
    <p class='ocr_par' dir='ltr' id='par_1_2' title="bbox 1572 297 2398 361">
     <span class='ocr_line' id='line_1_2' title="bbox 1572 297 2398 361; baseline -0.005 -1"><span class='ocrx_word' id='word_1_2' title='bbox 1572 305 1642 360; x_wconf 87' lang='grc' dir='ltr'><strong>ΙΝ</strong></span> <span class='ocrx_word' id='word_1_3' title='bbox 1670 302 2071 361; x_wconf 79' lang='lat' dir='ltr'><strong>BAPTISMUM</strong></span> <span class='ocrx_word' id='word_1_4' title='bbox 2104 297 2398 358; x_wconf 83' lang='lat' dir='ltr'><strong>CHRISTI.</strong></span> 
     </span>
    </p>
   </div>
   <div class='ocr_carea' id='block_1_3' title="bbox 3541 299 3678 359">
    <p class='ocr_par' dir='ltr' id='par_1_3' title="bbox 3541 299 3678 359">
     <span class='ocr_line' id='line_1_3' title="bbox 3541 299 3678 359; baseline 0.029 -4"><span class='ocrx_word' id='word_1_5' title='bbox 3541 299 3646 359; x_wconf 66' lang='lat'><strong>582</strong></span> <span class='ocrx_word' id='word_1_6' title='bbox 3670 326 3678 334; x_wconf 93' lang='grc'><strong>·</strong></span> 
     </span>
    </p>
   </div>
   <div class='ocr_carea' id='block_1_4' title="bbox 361 410 1952 501">
    <p class='ocr_par' dir='ltr' id='par_1_4' title="bbox 361 428 1952 501">
     <span class='ocr_line' id='line_1_4' title="bbox 361 428 1952 501; baseline -0.003 -14"><span class='ocrx_word' id='word_1_7' title='bbox 361 434 473 487; x_wconf 76' lang='grc' dir='ltr'>δίον</span> <span class='ocrx_word' id='word_1_8' title='bbox 528 429 815 499; x_wconf 84' lang='grc' dir='ltr'>ἐλεύθερόν</span> <span class='ocrx_word' id='word_1_9' title='bbox 867 428 1017 483; x_wconf 80' lang='grc' dir='ltr'>ἐστιν</span> <span class='ocrx_word' id='word_1_10' title='bbox 1073 428 1437 500; x_wconf 75' lang='grc' dir='ltr'><strong>ἐγκλημάτων</strong></span> <span class='ocrx_word' id='word_1_11' title='bbox 1493 429 1588 484; x_wconf 72' lang='grc' dir='ltr'><strong>καὶ</strong></span> <span class='ocrx_word' id='word_1_12' title='bbox 1640 428 1952 501; x_wconf 83' lang='grc' dir='ltr'><strong>τιμωριῶν,</strong></span> 
     </span>
    </p>
   </div>
   <div class='ocr_carea' id='block_1_5' title="bbox 2055 410 3640 501">
    <p class='ocr_par' dir='ltr' id='par_1_5' title="bbox 2061 410 3640 496">
     <span class='ocr_line' id='line_1_5' title="bbox 2061 410 3640 496; baseline -0.008 -14"><span class='ocrx_word' id='word_1_13' title='bbox 2061 425 2211 496; x_wconf 78' lang='lat' dir='ltr'><strong>regia</strong></span> <span class='ocrx_word' id='word_1_14' title='bbox 2246 438 2312 478; x_wconf 91' lang='lat' dir='ltr'><strong>eo</strong></span> <span class='ocrx_word' id='word_1_15' title='bbox 2351 419 2676 493; x_wconf 80' lang='lat' dir='ltr'><strong>redigimus,</strong></span> <span class='ocrx_word' id='word_1_16' title='bbox 2730 424 2789 472; x_wconf 92' lang='lat' dir='ltr'><strong>ut</strong></span> <span class='ocrx_word' id='word_1_17' title='bbox 2821 417 3090 473; x_wconf 88' lang='lat' dir='ltr'><strong>innocens</strong></span> <span class='ocrx_word' id='word_1_18' title='bbox 3132 414 3205 471; x_wconf 90' lang='lat' dir='ltr'><strong>sit</strong></span> <span class='ocrx_word' id='word_1_19' title='bbox 3236 412 3403 469; x_wconf 88' lang='lat' dir='ltr'><strong>sicuti</strong></span> <span class='ocrx_word' id='word_1_20' title='bbox 3434 410 3640 469; x_wconf 79' lang='lat' dir='ltr'><strong>infans.</strong></span> 
     </span>
    </p>
   </div>
   <div class='ocr_carea' id='block_1_6' title="bbox 363 517 1948 589">
    <p class='ocr_par' dir='ltr' id='par_1_6' title="bbox 363 517 1948 589">
     <span class='ocr_line' id='line_1_6' title="bbox 363 517 1948 589; baseline -0.003 -14"><span class='ocrx_word' id='word_1_21' title='bbox 363 522 538 584; x_wconf 79' lang='grc' dir='ltr'>οὕτως</span> <span class='ocrx_word' id='word_1_22' title='bbox 565 520 656 573; x_wconf 69' lang='grc' dir='ltr'><strong>καὶ</strong></span> <span class='ocrx_word' id='word_1_23' title='bbox 672 521 703 572; x_wconf 89' lang='grc' dir='ltr'><strong>ό</strong></span> <span class='ocrx_word' id='word_1_24' title='bbox 730 519 829 589; x_wconf 82' lang='grc' dir='ltr'>τῆς</span> <span class='ocrx_word' id='word_1_25' title='bbox 845 517 1252 587; x_wconf 81' lang='grc' dir='ltr'>ἀναγεννήσεως</span> <span class='ocrx_word' id='word_1_26' title='bbox 1265 520 1393 581; x_wconf 83' lang='grc' dir='ltr'>παῖς</span> <span class='ocrx_word' id='word_1_27' title='bbox 1421 517 1519 571; x_wconf 87' lang='grc' dir='ltr'><strong>οὐκ</strong></span> <span class='ocrx_word' id='word_1_28' title='bbox 1533 517 1645 587; x_wconf 80' lang='grc' dir='ltr'>ἔχει</span> <span class='ocrx_word' id='word_1_29' title='bbox 1667 518 1795 588; x_wconf 77' lang='grc' dir='ltr'>περὶ</span> <span class='ocrx_word' id='word_1_30' title='bbox 1806 517 1948 580; x_wconf 81' lang='grc' dir='ltr'>τίνος</span> 
     </span>
    </p>
   </div>
   <div class='ocr_carea' id='block_1_7' title="bbox 270 605 1961 679">
    <p class='ocr_par' dir='ltr' id='par_1_7' title="bbox 270 605 1961 679">
     <span class='ocr_line' id='line_1_7' title="bbox 270 605 1961 679; baseline -0.002 -15"><span class='ocrx_word' id='word_1_31' title='bbox 270 633 284 645; x_wconf 89' lang='grc'><strong>·</strong></span> <span class='ocrx_word' id='word_1_32' title='bbox 362 611 788 679; x_wconf 80' lang='grc' dir='ltr'><strong>ἀπολογήσεται,</strong></span> <span class='ocrx_word' id='word_1_33' title='bbox 814 608 1068 679; x_wconf 83' lang='grc' dir='ltr'><strong>βασιλικῇ</strong></span> <span class='ocrx_word' id='word_1_34' title='bbox 1096 609 1271 679; x_wconf 83' lang='grc' dir='ltr'>δωρεᾷ</span> <span class='ocrx_word' id='word_1_35' title='bbox 1296 608 1405 662; x_wconf 83' lang='grc' dir='ltr'>τῶν</span> <span class='ocrx_word' id='word_1_36' title='bbox 1445 609 1685 662; x_wconf 83' lang='grc' dir='ltr'>εὐθυνῶν</span> <span class='ocrx_word' id='word_1_37' title='bbox 1705 605 1961 678; x_wconf 71' lang='grc' dir='ltr'>ἀφεθείς.</span> 
     </span>
    </p>
   </div>
   <div class='ocr_carea' id='block_1_8' title="bbox 364 693 1948 771">
    <p class='ocr_par' dir='ltr' id='par_1_8' title="bbox 364 693 1948 771">
     <span class='ocr_line' id='line_1_8' title="bbox 364 693 1948 771; baseline 0 -20"><span class='ocrx_word' id='word_1_38' title='bbox 364 699 582 770; x_wconf 75' lang='grc' dir='ltr'>Ταύτην</span> <span class='ocrx_word' id='word_1_39' title='bbox 604 699 662 753; x_wconf 80' lang='grc' dir='ltr'>δὲ</span> <span class='ocrx_word' id='word_1_40' title='bbox 683 700 798 771; x_wconf 82' lang='grc' dir='ltr'>τὴν</span> <span class='ocrx_word' id='word_1_41' title='bbox 825 699 1147 771; x_wconf 86' lang='grc' dir='ltr'>εὐεργεσίαν</span> <span class='ocrx_word' id='word_1_42' title='bbox 1183 699 1244 752; x_wconf 87' lang='grc' dir='ltr'>οὐ</span> <span class='ocrx_word' id='word_1_43' title='bbox 1281 699 1340 751; x_wconf 85' lang='grc' dir='ltr'>τὸ</span> <span class='ocrx_word' id='word_1_44' title='bbox 1371 698 1515 770; x_wconf 82' lang='grc' dir='ltr'>ὓδωρ</span> <span class='ocrx_word' id='word_1_45' title='bbox 1539 698 1822 770; x_wconf 83' lang='grc' dir='ltr'>χαρίζεται</span> <span class='ocrx_word' id='word_1_46' title='bbox 1851 693 1948 770; x_wconf 77' lang='grc' dir='ltr'><strong>(ἦν</strong></span> 
     </span>
    </p>
   </div>
   <div class='ocr_carea' id='block_1_9' title="bbox 364 789 1947 863">
    <p class='ocr_par' dir='ltr' id='par_1_9' title="bbox 364 789 1947 863">
     <span class='ocr_line' id='line_1_9' title="bbox 364 789 1947 863; baseline -0.001 -18"><span class='ocrx_word' id='word_1_47' title='bbox 364 793 473 863; x_wconf 81' lang='grc' dir='ltr'><strong>γὰρ</strong></span> <span class='ocrx_word' id='word_1_48' title='bbox 514 792 581 845; x_wconf 85' lang='grc' dir='ltr'>ἂν</span> <span class='ocrx_word' id='word_1_49' title='bbox 616 790 797 862; x_wconf 86' lang='grc' dir='ltr'>πάσης</span> <span class='ocrx_word' id='word_1_50' title='bbox 829 789 932 859; x_wconf 78' lang='grc' dir='ltr'>τῆς</span> <span class='ocrx_word' id='word_1_51' title='bbox 965 790 1194 854; x_wconf 85' lang='grc' dir='ltr'><strong>κτίσεως</strong></span> <span class='ocrx_word' id='word_1_52' title='bbox 1238 789 1610 862; x_wconf 79' lang='grc' dir='ltr'><strong>ὑψηλότερον),</strong></span> <span class='ocrx_word' id='word_1_53' title='bbox 1651 789 1784 844; x_wconf 84' lang='grc' dir='ltr'>ἀλλὰ</span> <span class='ocrx_word' id='word_1_54' title='bbox 1813 790 1947 843; x_wconf 82' lang='grc' dir='ltr'>Θεοῦ</span> 
     </span>
    </p>
   </div>
   <div class='ocr_carea' id='block_1_10' title="bbox 365 879 1949 955">
    <p class='ocr_par' dir='ltr' id='par_1_10' title="bbox 365 879 1949 955">
     <span class='ocr_line' id='line_1_10' title="bbox 365 879 1949 955; baseline -0.003 -20"><span class='ocrx_word' id='word_1_55' title='bbox 365 884 699 955; x_wconf 79' lang='grc' dir='ltr'><strong>πρόσταγμα</strong></span> <span class='ocrx_word' id='word_1_56' title='bbox 719 920 733 943; x_wconf 92' lang='grc'><strong>,</strong></span> <span class='ocrx_word' id='word_1_57' title='bbox 768 880 861 934; x_wconf 76' lang='grc' dir='ltr'>καὶ</span> <span class='ocrx_word' id='word_1_58' title='bbox 888 882 923 951; x_wconf 79' lang='grc' dir='ltr'><strong>ἡ</strong></span> <span class='ocrx_word' id='word_1_59' title='bbox 950 879 1046 933; x_wconf 87' lang='grc' dir='ltr'><strong>τοῦ</strong></span> <span class='ocrx_word' id='word_1_60' title='bbox 1083 879 1397 950; x_wconf 74' lang='grc' dir='ltr'>Πνεῦματος</span> <span class='ocrx_word' id='word_1_61' title='bbox 1425 879 1770 950; x_wconf 72' lang='grc' dir='ltr'><strong>ἐπιφοίτησις</strong></span> <span class='ocrx_word' id='word_1_62' title='bbox 1793 920 1809 945; x_wconf 93' lang='grc'><strong>,</strong></span> <span class='ocrx_word' id='word_1_63' title='bbox 1855 895 1949 949; x_wconf 84' lang='grc' dir='ltr'>μυ-</span> 
     </span>
    </p>
   </div>
   <div class='ocr_carea' id='block_1_11' title="bbox 367 970 1944 1043">
    <p class='ocr_par' dir='ltr' id='par_1_11' title="bbox 367 970 1944 1043">
     <span class='ocr_line' id='line_1_11' title="bbox 367 970 1944 1043; baseline -0.003 -16"><span class='ocrx_word' id='word_1_64' title='bbox 367 973 568 1036; x_wconf 82' lang='grc' dir='ltr'>στικῶς</span> <span class='ocrx_word' id='word_1_65' title='bbox 632 972 902 1043; x_wconf 78' lang='grc' dir='ltr'><strong>ἐρχομένη</strong></span> <span class='ocrx_word' id='word_1_66' title='bbox 956 971 1091 1040; x_wconf 76' lang='grc' dir='ltr'>πρὸς</span> <span class='ocrx_word' id='word_1_67' title='bbox 1141 970 1240 1042; x_wconf 82' lang='grc' dir='ltr'>τὴν</span> <span class='ocrx_word' id='word_1_68' title='bbox 1286 971 1561 1042; x_wconf 78' lang='grc' dir='ltr'><strong>ἡμετέραν</strong></span> <span class='ocrx_word' id='word_1_69' title='bbox 1612 970 1944 1040; x_wconf 85' lang='grc' dir='ltr'>ἐλευθερίαν.</span> 
     </span>
    </p>
   </div>
   <div class='ocr_carea' id='block_1_12' title="bbox 367 1061 1944 1133">
    <p class='ocr_par' dir='ltr' id='par_1_12' title="bbox 367 1061 1944 1133">
     <span class='ocr_line' id='line_1_12' title="bbox 367 1061 1944 1133; baseline -0.002 -16"><span class='ocrx_word' id='word_1_70' title='bbox 367 1063 552 1133; x_wconf 79' lang='grc' dir='ltr'>’Ὑδωρ</span> <span class='ocrx_word' id='word_1_71' title='bbox 594 1063 651 1115; x_wconf 83' lang='grc' dir='ltr'><strong>δέ</strong></span> <span class='ocrx_word' id='word_1_72' title='bbox 687 1064 949 1133; x_wconf 86' lang='grc' dir='ltr'>ὑπηρετεῖ</span> <span class='ocrx_word' id='word_1_73' title='bbox 998 1062 1135 1133; x_wconf 81' lang='grc' dir='ltr'>πρὸς</span> <span class='ocrx_word' id='word_1_74' title='bbox 1183 1062 1406 1128; x_wconf 75' lang='grc' dir='ltr'><strong>ἔνδειξιν</strong></span> <span class='ocrx_word' id='word_1_75' title='bbox 1453 1064 1554 1133; x_wconf 83' lang='grc' dir='ltr'>τῆς</span> <span class='ocrx_word' id='word_1_76' title='bbox 1604 1061 1944 1132; x_wconf 82' lang='grc' dir='ltr'><strong>καθάρσεως.</strong></span> 
     </span>
    </p>
   </div>
   <div class='ocr_carea' id='block_1_13' title="bbox 379 1152 1949 1225">
    <p class='ocr_par' dir='ltr' id='par_1_13' title="bbox 379 1152 1949 1225">
     <span class='ocr_line' id='line_1_13' title="bbox 379 1152 1949 1225; baseline -0.001 -17"><span class='ocrx_word' id='word_1_77' title='bbox 379 1152 596 1225; x_wconf 79' lang='grc' dir='ltr'>Ἐπειδὴ</span> <span class='ocrx_word' id='word_1_78' title='bbox 619 1152 728 1224; x_wconf 85' lang='grc' dir='ltr'><strong>γὰρ</strong></span> <span class='ocrx_word' id='word_1_79' title='bbox 761 1152 1029 1223; x_wconf 82' lang='grc' dir='ltr'><strong>εἰώθαμεν</strong></span> <span class='ocrx_word' id='word_1_80' title='bbox 1062 1153 1220 1224; x_wconf 77' lang='grc' dir='ltr'>ῥύπῳ</span> <span class='ocrx_word' id='word_1_81' title='bbox 1264 1154 1358 1206; x_wconf 73' lang='grc' dir='ltr'>καὶ</span> <span class='ocrx_word' id='word_1_82' title='bbox 1400 1152 1645 1224; x_wconf 84' lang='grc' dir='ltr'>βορϐόρῳ</span> <span class='ocrx_word' id='word_1_83' title='bbox 1682 1153 1744 1206; x_wconf 89' lang='lat' dir='ltr'><strong>rb</strong></span> <span class='ocrx_word' id='word_1_84' title='bbox 1788 1152 1949 1223; x_wconf 83' lang='grc' dir='ltr'>σῶμα</span> 
     </span>
    </p>
   </div>
   <div class='ocr_carea' id='block_1_14' title="bbox 367 1243 1943 1316">
    <p class='ocr_par' dir='ltr' id='par_1_14' title="bbox 367 1243 1943 1316">
     <span class='ocr_line' id='line_1_14' title="bbox 367 1243 1943 1316; baseline -0.002 -16"><span class='ocrx_word' id='word_1_85' title='bbox 367 1244 729 1316; x_wconf 82' lang='grc' dir='ltr'>καθυϐρισθέν</span> <span class='ocrx_word' id='word_1_86' title='bbox 773 1243 927 1297; x_wconf 81' lang='grc' dir='ltr'>ὕδατι</span> <span class='ocrx_word' id='word_1_87' title='bbox 985 1244 1265 1308; x_wconf 85' lang='grc' dir='ltr'>νίπτοντες</span> <span class='ocrx_word' id='word_1_88' title='bbox 1308 1244 1550 1315; x_wconf 75' lang='grc' dir='ltr'>καθαρὸν</span> <span class='ocrx_word' id='word_1_89' title='bbox 1589 1244 1943 1314; x_wconf 80' lang='grc' dir='ltr'>ἀποφαίνειν,</span> 
     </span>
    </p>
   </div>
   <div class='ocr_carea' id='block_1_15' title="bbox 364 1335 1945 1407">
    <p class='ocr_par' dir='ltr' id='par_1_15' title="bbox 364 1335 1945 1407">
     <span class='ocr_line' id='line_1_15' title="bbox 364 1335 1945 1407; baseline -0.001 -17"><span class='ocrx_word' id='word_1_90' title='bbox 364 1337 453 1391; x_wconf 71' lang='grc' dir='ltr'><strong>διὰ</strong></span> <span class='ocrx_word' id='word_1_91' title='bbox 478 1337 637 1390; x_wconf 86' lang='grc' dir='ltr'>τοῦτο</span> <span class='ocrx_word' id='word_1_92' title='bbox 674 1336 770 1390; x_wconf 71' lang='grc' dir='ltr'>καὶ</span> <span class='ocrx_word' id='word_1_93' title='bbox 798 1336 891 1389; x_wconf 76' lang='grc' dir='ltr'>ἐπὶ</span> <span class='ocrx_word' id='word_1_94' title='bbox 916 1337 1015 1407; x_wconf 77' lang='grc' dir='ltr'><strong>τῆς</strong></span> <span class='ocrx_word' id='word_1_95' title='bbox 1051 1337 1327 1407; x_wconf 83' lang='grc' dir='ltr'>μυστικῆς.</span> <span class='ocrx_word' id='word_1_96' title='bbox 1342 1335 1592 1407; x_wconf 77' lang='grc' dir='ltr'>πράξεως</span> <span class='ocrx_word' id='word_1_97' title='bbox 1620 1336 1752 1389; x_wconf 85' lang='grc' dir='ltr'>αὐτὸ</span> <span class='ocrx_word' id='word_1_98' title='bbox 1776 1353 1945 1407; x_wconf 75' lang='grc' dir='ltr'>προσ-</span> 
     </span>
    </p>
   </div>
   <div class='ocr_carea' id='block_1_16' title="bbox 364 1427 1947 1500">
    <p class='ocr_par' dir='ltr' id='par_1_16' title="bbox 364 1427 1947 1500">
     <span class='ocr_line' id='line_1_16' title="bbox 364 1427 1947 1500; baseline 0 -18"><span class='ocrx_word' id='word_1_99' title='bbox 364 1428 746 1500; x_wconf 82' lang='grc' dir='ltr'>λαμϐάνομεν,</span> <span class='ocrx_word' id='word_1_100' title='bbox 788 1427 867 1498; x_wconf 84' lang='grc' dir='ltr'>τῷ</span> <span class='ocrx_word' id='word_1_101' title='bbox 906 1428 1147 1498; x_wconf 80' lang='grc' dir='ltr'><strong>αἰσθητῷ</strong></span> <span class='ocrx_word' id='word_1_102' title='bbox 1182 1428 1467 1498; x_wconf 86' lang='grc' dir='ltr'>πράγματι</span> <span class='ocrx_word' id='word_1_103' title='bbox 1505 1430 1605 1498; x_wconf 85' lang='grc' dir='ltr'>τὴν</span> <span class='ocrx_word' id='word_1_104' title='bbox 1657 1427 1947 1500; x_wconf 88' lang='grc' dir='ltr'>ἀσώματον</span> 
     </span>
    </p>
   </div>
   <div class='ocr_carea' id='block_1_17' title="bbox 364 1519 1946 1591">
    <p class='ocr_par' dir='ltr' id='par_1_17' title="bbox 364 1519 1946 1591">
     <span class='ocr_line' id='line_1_17' title="bbox 364 1519 1946 1591; baseline -0.001 -17"><span class='ocrx_word' id='word_1_105' title='bbox 364 1519 652 1591; x_wconf 84' lang='grc' dir='ltr'>δηλοῦντες</span> <span class='ocrx_word' id='word_1_106' title='bbox 679 1520 1061 1591; x_wconf 88' lang='grc' dir='ltr'>λαμπρότητα.</span> <span class='ocrx_word' id='word_1_107' title='bbox 1090 1519 1308 1574; x_wconf 76' lang='grc' dir='ltr'>Μᾶλλον</span> <span class='ocrx_word' id='word_1_108' title='bbox 1336 1519 1414 1584; x_wconf 84' lang='grc' dir='ltr'>δὲ,</span> <span class='ocrx_word' id='word_1_109' title='bbox 1453 1521 1502 1572; x_wconf 89' lang='grc' dir='ltr'><strong>εί</strong></span> <span class='ocrx_word' id='word_1_110' title='bbox 1530 1519 1695 1583; x_wconf 81' lang='grc' dir='ltr'>δοκεῖ,</span> <span class='ocrx_word' id='word_1_111' title='bbox 1736 1520 1831 1573; x_wconf 88' lang='grc' dir='ltr'><strong>καὶ</strong></span> <span class='ocrx_word' id='word_1_112' title='bbox 1856 1519 1946 1572; x_wconf 82' lang='grc' dir='ltr'>λε-</span> 
     </span>
    </p>
   </div>
   <div class='ocr_carea' id='block_1_18' title="bbox 365 1610 1944 1685">
    <p class='ocr_par' dir='ltr' id='par_1_18' title="bbox 365 1610 1944 1685">
     <span class='ocr_line' id='line_1_18' title="bbox 365 1610 1944 1685; baseline -0.003 -18"><span class='ocrx_word' id='word_1_113' title='bbox 365 1614 627 1685; x_wconf 84' lang='grc' dir='ltr'>πτότερον</span> <span class='ocrx_word' id='word_1_114' title='bbox 673 1612 1247 1683; x_wconf 87' lang='grc' dir='ltr'>προσκαρτερήσωμεν</span> <span class='ocrx_word' id='word_1_115' title='bbox 1287 1614 1356 1683; x_wconf 83' lang='grc' dir='ltr'><strong>τῇ</strong></span> <span class='ocrx_word' id='word_1_116' title='bbox 1406 1611 1534 1680; x_wconf 76' lang='grc' dir='ltr'>περὶ</span> <span class='ocrx_word' id='word_1_117' title='bbox 1573 1610 1669 1664; x_wconf 90' lang='grc' dir='ltr'><strong>τοῦ</strong></span> <span class='ocrx_word' id='word_1_118' title='bbox 1718 1610 1944 1683; x_wconf 81' lang='grc' dir='ltr'>λουτροῦ</span> 
     </span>
    </p>
   </div>
   <div class='ocr_carea' id='block_1_19' title="bbox 369 1698 1949 1777">
    <p class='ocr_par' dir='ltr' id='par_1_19' title="bbox 369 1698 1949 1777">
     <span class='ocr_line' id='line_1_19' title="bbox 369 1698 1949 1777; baseline -0.003 -17"><span class='ocrx_word' id='word_1_119' title='bbox 369 1706 631 1777; x_wconf 80' lang='grc' dir='ltr'>ζητήσει,</span> <span class='ocrx_word' id='word_1_120' title='bbox 662 1698 773 1759; x_wconf 84' lang='grc' dir='ltr'>οἷον</span> <span class='ocrx_word' id='word_1_121' title='bbox 804 1706 868 1758; x_wconf 88' lang='grc' dir='ltr'><strong>ἐκ</strong></span> <span class='ocrx_word' id='word_1_122' title='bbox 898 1704 1081 1775; x_wconf 75' lang='grc' dir='ltr'>πηγῇς</span> <span class='ocrx_word' id='word_1_123' title='bbox 1109 1721 1253 1767; x_wconf 80' lang='grc' dir='ltr'>τινος</span> <span class='ocrx_word' id='word_1_124' title='bbox 1293 1703 1587 1776; x_wconf 81' lang='grc' dir='ltr'>ἀρξάμενοι</span> <span class='ocrx_word' id='word_1_125' title='bbox 1624 1703 1716 1757; x_wconf 87' lang='grc' dir='ltr'><strong>τοῦ</strong></span> <span class='ocrx_word' id='word_1_126' title='bbox 1752 1705 1949 1776; x_wconf 84' lang='grc' dir='ltr'>Γραφι-</span> 
     </span>
    </p>
   </div>
   <div class='ocr_carea' id='block_1_20' title="bbox 2061 505 3644 580">
    <p class='ocr_par' dir='ltr' id='par_1_20' title="bbox 2061 505 3644 580">
     <span class='ocr_line' id='line_1_20' title="bbox 2061 505 3644 580; baseline -0.007 -9"><span class='ocrx_word' id='word_1_127' title='bbox 2061 515 2132 571; x_wconf 87' lang='lat' dir='ltr'><strong>Ut</strong></span> <span class='ocrx_word' id='word_1_128' title='bbox 2157 514 2303 570; x_wconf 88' lang='lat' dir='ltr'><strong>enim</strong></span> <span class='ocrx_word' id='word_1_129' title='bbox 2333 512 2499 569; x_wconf 91' lang='lat' dir='ltr'><strong>modo</strong></span> <span class='ocrx_word' id='word_1_130' title='bbox 2528 518 2693 566; x_wconf 88' lang='lat' dir='ltr'><strong>natus</strong></span> <span class='ocrx_word' id='word_1_131' title='bbox 2718 510 2930 580; x_wconf 86' lang='lat' dir='ltr'><strong>puellus</strong></span> <span class='ocrx_word' id='word_1_132' title='bbox 2963 523 2994 563; x_wconf 90' lang='lat' dir='ltr'><strong>a</strong></span> <span class='ocrx_word' id='word_1_133' title='bbox 3026 506 3355 563; x_wconf 87' lang='lat' dir='ltr'><strong>criminibus</strong></span> <span class='ocrx_word' id='word_1_134' title='bbox 3383 514 3436 561; x_wconf 90' lang='lat' dir='ltr'><strong>et</strong></span> <span class='ocrx_word' id='word_1_135' title='bbox 3464 505 3644 575; x_wconf 78' lang='lat' dir='ltr'><strong>poenis</strong></span> 
     </span>
    </p>
   </div>
   <div class='ocr_carea' id='block_1_21' title="bbox 2057 585 3640 672">
    <p class='ocr_par' dir='ltr' id='par_1_21' title="bbox 2057 585 3640 672">
     <span class='ocr_line' id='line_1_21' title="bbox 2057 585 3640 672; baseline -0.008 -10"><span class='ocrx_word' id='word_1_136' title='bbox 2057 607 2199 662; x_wconf 87' lang='lat' dir='ltr'><strong>liber</strong></span> <span class='ocrx_word' id='word_1_137' title='bbox 2229 612 2335 670; x_wconf 89' lang='lat' dir='ltr'><strong>est,</strong></span> <span class='ocrx_word' id='word_1_138' title='bbox 2367 604 2443 659; x_wconf 87' lang='lat' dir='ltr'><strong>ita</strong></span> <span class='ocrx_word' id='word_1_139' title='bbox 2472 602 2637 658; x_wconf 88' lang='lat' dir='ltr'><strong>etiam</strong></span> <span class='ocrx_word' id='word_1_140' title='bbox 2669 600 3105 672; x_wconf 75' lang='lat' dir='ltr'><strong>regenerationis</strong></span> <span class='ocrx_word' id='word_1_141' title='bbox 3132 613 3270 670; x_wconf 88' lang='lat' dir='ltr'><strong>puer</strong></span> <span class='ocrx_word' id='word_1_142' title='bbox 3297 613 3407 653; x_wconf 89' lang='lat' dir='ltr'><strong>non</strong></span> <span class='ocrx_word' id='word_1_143' title='bbox 3434 585 3603 665; x_wconf 78' lang='lat' dir='ltr'><strong>habet</strong></span> <span class='ocrx_word' id='word_1_144' title='bbox 3626 636 3640 660; x_wconf 92' lang='lat'><strong>,</strong></span> 
     </span>
    </p>
   </div>
   <div class='ocr_carea' id='block_1_22' title="bbox 2056 690 3646 769">
    <p class='ocr_par' dir='ltr' id='par_1_22' title="bbox 2056 690 3646 769">
     <span class='ocr_line' id='line_1_22' title="bbox 2056 690 3646 769; baseline -0.008 -15"><span class='ocrx_word' id='word_1_145' title='bbox 2056 698 2219 769; x_wconf 85' lang='lat' dir='ltr'><strong>cujus</strong></span> <span class='ocrx_word' id='word_1_146' title='bbox 2271 696 2497 751; x_wconf 82' lang='lat' dir='ltr'><strong>nomine</strong></span> <span class='ocrx_word' id='word_1_147' title='bbox 2544 706 2768 748; x_wconf 83' lang='lat' dir='ltr'><strong>causam</strong></span> <span class='ocrx_word' id='word_1_148' title='bbox 2826 691 2994 756; x_wconf 90' lang='lat' dir='ltr'><strong>dicat,</strong></span> <span class='ocrx_word' id='word_1_149' title='bbox 3042 701 3106 747; x_wconf 94' lang='lat' dir='ltr'><strong>ut</strong></span> <span class='ocrx_word' id='word_1_150' title='bbox 3151 692 3247 762; x_wconf 92' lang='lat' dir='ltr'><strong>qui</strong></span> <span class='ocrx_word' id='word_1_151' title='bbox 3299 690 3450 760; x_wconf 76' lang='lat' dir='ltr'><strong>regio</strong></span> <span class='ocrx_word' id='word_1_152' title='bbox 3501 690 3646 744; x_wconf 92' lang='lat' dir='ltr'><strong>dono</strong></span> 
     </span>
    </p>
   </div>
   <div class='ocr_carea' id='block_1_23' title="bbox 2056 781 3647 856">
    <p class='ocr_par' dir='ltr' id='par_1_23' title="bbox 2056 781 3647 856">
     <span class='ocr_line' id='line_1_23' title="bbox 2056 781 3647 856; baseline -0.006 -11"><span class='ocrx_word' id='word_1_153' title='bbox 2056 804 2241 845; x_wconf 70' lang='lat' dir='ltr'><strong>causa:</strong></span> <span class='ocrx_word' id='word_1_154' title='bbox 2292 786 2521 843; x_wconf 87' lang='lat' dir='ltr'><strong>dictioni</strong></span> <span class='ocrx_word' id='word_1_155' title='bbox 2571 791 2898 856; x_wconf 80' lang='lat' dir='ltr'><strong>exemptus.</strong></span> <span class='ocrx_word' id='word_1_156' title='bbox 2958 791 3013 840; x_wconf 89' lang='lat' dir='ltr'><strong>et</strong></span> <span class='ocrx_word' id='word_1_157' title='bbox 3062 798 3093 837; x_wconf 92' lang='lat' dir='ltr'><strong>a</strong></span> <span class='ocrx_word' id='word_1_158' title='bbox 3152 782 3460 837; x_wconf 83' lang='lat' dir='ltr'><strong>rationibus</strong></span> <span class='ocrx_word' id='word_1_159' title='bbox 3521 781 3647 835; x_wconf 67' lang='lat' dir='ltr'><strong>vitae</strong></span> 
     </span>
    </p>
   </div>
   <div class='ocr_carea' id='block_1_24' title="bbox 2055 872 3644 934">
    <p class='ocr_par' dir='ltr' id='par_1_24' title="bbox 2055 872 3644 934">
     <span class='ocr_line' id='line_1_24' title="bbox 2055 872 3644 934; baseline -0.006 0"><span class='ocrx_word' id='word_1_160' title='bbox 2055 877 2350 934; x_wconf 83' lang='lat' dir='ltr'><strong>reddendis</strong></span> <span class='ocrx_word' id='word_1_161' title='bbox 2386 877 2650 932; x_wconf 89' lang='lat' dir='ltr'><strong>liberatus</strong></span> <span class='ocrx_word' id='word_1_162' title='bbox 2688 876 2781 930; x_wconf 88' lang='lat' dir='ltr'><strong>sit.</strong></span> <span class='ocrx_word' id='word_1_163' title='bbox 2816 874 2929 930; x_wconf 91' lang='lat' dir='ltr'><strong>lloe</strong></span> <span class='ocrx_word' id='word_1_164' title='bbox 2958 881 3140 928; x_wconf 88' lang='lat' dir='ltr'><strong>autem</strong></span> <span class='ocrx_word' id='word_1_165' title='bbox 3167 872 3494 929; x_wconf 83' lang='lat' dir='ltr'><strong>beneﬁcium</strong></span> <span class='ocrx_word' id='word_1_166' title='bbox 3532 886 3644 925; x_wconf 88' lang='lat' dir='ltr'><strong>non</strong></span> 
     </span>
    </p>
   </div>
   <div class='ocr_carea' id='block_1_25' title="bbox 2056 965 3642 1041">
    <p class='ocr_par' dir='ltr' id='par_1_25' title="bbox 2056 965 3642 1041">
     <span class='ocr_line' id='line_1_25' title="bbox 2056 965 3642 1041; baseline -0.004 -17"><span class='ocrx_word' id='word_1_167' title='bbox 2056 985 2201 1041; x_wconf 77' lang='lat' dir='ltr'><strong>aqua</strong></span> <span class='ocrx_word' id='word_1_168' title='bbox 2218 969 2463 1041; x_wconf 78' lang='lat' dir='ltr'><strong>largitur</strong></span> <span class='ocrx_word' id='word_1_169' title='bbox 2494 969 2659 1041; x_wconf 81' lang='lat' dir='ltr'><strong>(esset</strong></span> <span class='ocrx_word' id='word_1_170' title='bbox 2690 969 2836 1024; x_wconf 90' lang='lat' dir='ltr'><strong>enim</strong></span> <span class='ocrx_word' id='word_1_171' title='bbox 2863 968 3013 1023; x_wconf 89' lang='lat' dir='ltr'><strong>omni</strong></span> <span class='ocrx_word' id='word_1_172' title='bbox 3049 975 3305 1022; x_wconf 81' lang='lat' dir='ltr'><strong>creatura</strong></span> <span class='ocrx_word' id='word_1_173' title='bbox 3329 965 3642 1033; x_wconf 83' lang='lat' dir='ltr'><strong>sublimior)</strong></span> 
     </span>
    </p>
   </div>
   <div class='ocr_carea' id='block_1_26' title="bbox 2056 1056 3641 1133">
    <p class='ocr_par' dir='ltr' id='par_1_26' title="bbox 2056 1056 3641 1133">
     <span class='ocr_line' id='line_1_26' title="bbox 2056 1056 3641 1133; baseline -0.006 -15"><span class='ocrx_word' id='word_1_174' title='bbox 2056 1061 2153 1118; x_wconf 87' lang='lat' dir='ltr'><strong>sed</strong></span> <span class='ocrx_word' id='word_1_175' title='bbox 2200 1060 2295 1118; x_wconf 87' lang='lat' dir='ltr'><strong>Dei</strong></span> <span class='ocrx_word' id='word_1_176' title='bbox 2344 1070 2677 1133; x_wconf 63' lang='lat' dir='ltr'><strong>praeceptum</strong></span> <span class='ocrx_word' id='word_1_177' title='bbox 2728 1068 2783 1115; x_wconf 89' lang='lat' dir='ltr'><strong>et</strong></span> <span class='ocrx_word' id='word_1_178' title='bbox 2834 1059 3096 1131; x_wconf 86' lang='lat' dir='ltr'><strong>Spiritus,</strong></span> <span class='ocrx_word' id='word_1_179' title='bbox 3136 1058 3230 1127; x_wconf 90' lang='lat' dir='ltr'><strong>qui</strong></span> <span class='ocrx_word' id='word_1_180' title='bbox 3290 1057 3523 1128; x_wconf 86' lang='lat' dir='ltr'><strong>mystice</strong></span> <span class='ocrx_word' id='word_1_181' title='bbox 3573 1056 3641 1109; x_wconf 83' lang='lat' dir='ltr'><strong>ad</strong></span> 
     </span>
    </p>
   </div>
   <div class='ocr_carea' id='block_1_27' title="bbox 2054 1151 3642 1221">
    <p class='ocr_par' dir='ltr' id='par_1_27' title="bbox 2054 1151 3642 1221">
     <span class='ocr_line' id='line_1_27' title="bbox 2054 1151 3642 1221; baseline -0.005 -10"><span class='ocrx_word' id='word_1_182' title='bbox 2054 1163 2304 1211; x_wconf 88' lang='lat' dir='ltr'><strong>nostram</strong></span> <span class='ocrx_word' id='word_1_183' title='bbox 2363 1155 2673 1211; x_wconf 86' lang='lat' dir='ltr'><strong>libertatem</strong></span> <span class='ocrx_word' id='word_1_184' title='bbox 2733 1152 2906 1221; x_wconf 84' lang='lat' dir='ltr'><strong>venit,</strong></span> <span class='ocrx_word' id='word_1_185' title='bbox 2963 1165 3250 1206; x_wconf 85' lang='lat' dir='ltr'><strong>accessus.</strong></span> <span class='ocrx_word' id='word_1_186' title='bbox 3305 1151 3461 1221; x_wconf 82' lang='lat' dir='ltr'><strong>Aqua</strong></span> <span class='ocrx_word' id='word_1_187' title='bbox 3510 1164 3642 1205; x_wconf 89' lang='lat' dir='ltr'><strong>vero</strong></span> 
     </span>
    </p>
   </div>
   <div class='ocr_carea' id='block_1_28' title="bbox 2052 1242 3683 1314">
    <p class='ocr_par' dir='ltr' id='par_1_28' title="bbox 2052 1242 3683 1314">
     <span class='ocr_line' id='line_1_28' title="bbox 2052 1242 3683 1314; baseline -0.007 -10"><span class='ocrx_word' id='word_1_188' title='bbox 2052 1247 2334 1304; x_wconf 85' lang='lat' dir='ltr'><strong>subservit</strong></span> <span class='ocrx_word' id='word_1_189' title='bbox 2380 1247 2448 1302; x_wconf 89' lang='lat' dir='ltr'><strong>ad</strong></span> <span class='ocrx_word' id='word_1_190' title='bbox 2480 1243 2876 1303; x_wconf 84' lang='lat' dir='ltr'><strong>ostendendam</strong></span> <span class='ocrx_word' id='word_1_191' title='bbox 2930 1243 3335 1314; x_wconf 78' lang='lat' dir='ltr'><strong>purgationem.</strong></span> <span class='ocrx_word' id='word_1_192' title='bbox 3369 1242 3640 1308; x_wconf 85' lang='lat' dir='ltr'><strong>Quoniam</strong></span> <span class='ocrx_word' id='word_1_193' title='bbox 3674 1307 3683 1314; x_wconf 37' lang='lat'><em>.</em></span> 
     </span>
    </p>
   </div>
   <div class='ocr_carea' id='block_1_29' title="bbox 2054 1333 3644 1404">
    <p class='ocr_par' dir='ltr' id='par_1_29' title="bbox 2054 1333 3644 1404">
     <span class='ocr_line' id='line_1_29' title="bbox 2054 1333 3644 1404; baseline -0.006 -9"><span class='ocrx_word' id='word_1_194' title='bbox 2054 1341 2200 1396; x_wconf 90' lang='lat' dir='ltr'><strong>enim</strong></span> <span class='ocrx_word' id='word_1_195' title='bbox 2243 1340 2503 1396; x_wconf 86' lang='lat' dir='ltr'><strong>sordibus</strong></span> <span class='ocrx_word' id='word_1_196' title='bbox 2535 1347 2591 1395; x_wconf 91' lang='lat' dir='ltr'><strong>et</strong></span> <span class='ocrx_word' id='word_1_197' title='bbox 2632 1353 2792 1393; x_wconf 84' lang='lat' dir='ltr'><strong>coeno</strong></span> <span class='ocrx_word' id='word_1_198' title='bbox 2840 1336 3100 1392; x_wconf 77' lang='lat' dir='ltr'><strong>ftedatum</strong></span> <span class='ocrx_word' id='word_1_199' title='bbox 3131 1349 3334 1404; x_wconf 88' lang='lat' dir='ltr'><strong>corpus</strong></span> <span class='ocrx_word' id='word_1_200' title='bbox 3380 1348 3520 1400; x_wconf 85' lang='lat' dir='ltr'><strong>aqua</strong></span> <span class='ocrx_word' id='word_1_201' title='bbox 3569 1333 3644 1387; x_wconf 88' lang='lat' dir='ltr'><strong>la-</strong></span> 
     </span>
    </p>
   </div>
   <div class='ocr_carea' id='block_1_30' title="bbox 2052 1423 3639 1504">
    <p class='ocr_par' dir='ltr' id='par_1_30' title="bbox 2052 1423 3639 1504">
     <span class='ocr_line' id='line_1_30' title="bbox 2052 1423 3639 1504; baseline -0.004 -19"><span class='ocrx_word' id='word_1_202' title='bbox 2052 1439 2246 1486; x_wconf 79' lang='lat' dir='ltr'><strong>vantes</strong></span> <span class='ocrx_word' id='word_1_203' title='bbox 2280 1446 2476 1500; x_wconf 86' lang='lat' dir='ltr'><strong>purum</strong></span> <span class='ocrx_word' id='word_1_204' title='bbox 2503 1429 2734 1485; x_wconf 87' lang='lat' dir='ltr'><strong>reddere</strong></span> <span class='ocrx_word' id='word_1_205' title='bbox 2767 1428 3030 1504; x_wconf 58' lang='lat' dir='ltr'><strong>solgnus,</strong></span> <span class='ocrx_word' id='word_1_206' title='bbox 3065 1432 3354 1496; x_wconf 65' lang='lat' dir='ltr'><strong>propterta</strong></span> <span class='ocrx_word' id='word_1_207' title='bbox 3385 1425 3548 1478; x_wconf 89' lang='lat' dir='ltr'><strong>etiam</strong></span> <span class='ocrx_word' id='word_1_208' title='bbox 3584 1423 3639 1478; x_wconf 90' lang='lat' dir='ltr'><strong>in</strong></span> 
     </span>
    </p>
   </div>
   <div class='ocr_carea' id='block_1_31' title="bbox 2054 1517 3640 1593">
    <p class='ocr_par' dir='ltr' id='par_1_31' title="bbox 2054 1517 3640 1593">
     <span class='ocr_line' id='line_1_31' title="bbox 2054 1517 3640 1593; baseline -0.003 -19"><span class='ocrx_word' id='word_1_209' title='bbox 2054 1523 2288 1593; x_wconf 86' lang='lat' dir='ltr'><strong>mystica</strong></span> <span class='ocrx_word' id='word_1_210' title='bbox 2324 1523 2541 1578; x_wconf 79' lang='lat' dir='ltr'><strong>actione</strong></span> <span class='ocrx_word' id='word_1_211' title='bbox 2592 1537 2713 1576; x_wconf 82' lang='lat' dir='ltr'><strong>eam</strong></span> <span class='ocrx_word' id='word_1_212' title='bbox 2763 1519 3110 1582; x_wconf 85' lang='lat' dir='ltr'><strong>adhibemus,</strong></span> <span class='ocrx_word' id='word_1_213' title='bbox 3168 1533 3228 1571; x_wconf 89' lang='lat' dir='ltr'><strong>re</strong></span> <span class='ocrx_word' id='word_1_214' title='bbox 3260 1517 3364 1572; x_wconf 85' lang='lat' dir='ltr'><strong>sub</strong></span> <span class='ocrx_word' id='word_1_215' title='bbox 3414 1531 3640 1571; x_wconf 87' lang='lat' dir='ltr'><strong>sensum</strong></span> 
     </span>
    </p>
   </div>
   <div class='ocr_carea' id='block_1_32' title="bbox 2053 1609 3643 1684">
    <p class='ocr_par' dir='ltr' id='par_1_32' title="bbox 2053 1609 3643 1684">
     <span class='ocr_line' id='line_1_32' title="bbox 2053 1609 3643 1684; baseline -0.004 -16"><span class='ocrx_word' id='word_1_216' title='bbox 2053 1614 2269 1668; x_wconf 90' lang='lat' dir='ltr'><strong>cadenti</strong></span> <span class='ocrx_word' id='word_1_217' title='bbox 2298 1614 2684 1684; x_wconf 87' lang='lat' dir='ltr'><strong>incorporeum</strong></span> <span class='ocrx_word' id='word_1_218' title='bbox 2712 1612 3058 1682; x_wconf 75' lang='lat' dir='ltr'><strong>Splendorem&#39;</strong></span> <span class='ocrx_word' id='word_1_219' title='bbox 3099 1610 3496 1680; x_wconf 77' lang='lat' dir='ltr'><strong>signiﬁcantes.</strong></span> <span class='ocrx_word' id='word_1_220' title='bbox 3527 1609 3643 1662; x_wconf 87' lang='lat' dir='ltr'><strong>ltno</strong></span> 
     </span>
    </p>
   </div>
   <div class='ocr_carea' id='block_1_33' title="bbox 2054 1703 3769 1777">
    <p class='ocr_par' dir='ltr' id='par_1_33' title="bbox 2054 1703 3769 1777">
     <span class='ocr_line' id='line_1_33' title="bbox 2054 1703 3769 1777; baseline -0.002 -16"><span class='ocrx_word' id='word_1_221' title='bbox 2054 1722 2209 1773; x_wconf 90' lang='lat' dir='ltr'><strong>vero,</strong></span> <span class='ocrx_word' id='word_1_222' title='bbox 2252 1707 2300 1762; x_wconf 89' lang='lat' dir='ltr'><strong>si</strong></span> <span class='ocrx_word' id='word_1_223' title='bbox 2343 1707 2583 1769; x_wconf 86' lang='lat' dir='ltr'><strong>videtur,</strong></span> <span class='ocrx_word' id='word_1_224' title='bbox 2615 1707 2779 1761; x_wconf 90' lang='lat' dir='ltr'><strong>etiam</strong></span> <span class='ocrx_word' id='word_1_225' title='bbox 2811 1704 3068 1760; x_wconf 87' lang='lat' dir='ltr'><strong>subtilius</strong></span> <span class='ocrx_word' id='word_1_226' title='bbox 3099 1703 3424 1774; x_wconf 86' lang='lat' dir='ltr'><strong>explicando</strong></span> <span class='ocrx_word' id='word_1_227' title='bbox 3458 1717 3642 1775; x_wconf 82' lang='lat' dir='ltr'><strong>perse-</strong></span> <span class='ocrx_word' id='word_1_228' title='bbox 3750 1769 3769 1777; x_wconf 85' lang='lat'>_</span> 
     </span>
    </p>
   </div>
   <div class='ocr_carea' id='block_1_34' title="bbox 370 1794 1952 1871">
    <p class='ocr_par' dir='ltr' id='par_1_34' title="bbox 370 1794 1951 1871">
     <span class='ocr_line' id='line_1_34' title="bbox 370 1794 1951 1871; baseline -0.002 -19"><span class='ocrx_word' id='word_1_229' title='bbox 370 1797 468 1852; x_wconf 86' lang='grc' dir='ltr'><strong>κοῦ</strong></span> <span class='ocrx_word' id='word_1_230' title='bbox 497 1797 977 1871; x_wconf 57' lang='grc' dir='ltr'>παραγγέλματος</span> <span class='ocrx_word' id='word_1_231' title='bbox 997 1797 1140 1850; x_wconf 79' lang='grc' dir='ltr'><em>Ἐὰν</em></span> <span class='ocrx_word' id='word_1_232' title='bbox 1156 1794 1355 1865; x_wconf 78' lang='grc' dir='ltr'>μήτις</span> <span class='ocrx_word' id='word_1_233' title='bbox 1370 1794 1654 1866; x_wconf 74' lang='grc' dir='ltr'>γεννηθῇ,</span> <span class='ocrx_word' id='word_1_234' title='bbox 1676 1796 1859 1867; x_wconf 79' lang='grc' dir='ltr'>φησὶν,</span> <span class='ocrx_word' id='word_1_235' title='bbox 1883 1795 1951 1861; x_wconf 78' lang='grc' dir='ltr'>ἐξ</span> 
     </span>
    </p>
   </div>
   <div class='ocr_carea' id='block_1_35' title="bbox 2055 1794 3644 1871">
    <p class='ocr_par' dir='ltr' id='par_1_35' title="bbox 2055 1795 3644 1869">
     <span class='ocr_line' id='line_1_35' title="bbox 2055 1795 3644 1869; baseline -0.002 -18"><span class='ocrx_word' id='word_1_236' title='bbox 2055 1814 2307 1867; x_wconf 85' lang='lat' dir='ltr'><strong>veremus</strong></span> <span class='ocrx_word' id='word_1_237' title='bbox 2361 1800 2416 1853; x_wconf 89' lang='lat' dir='ltr'><strong>in</strong></span> <span class='ocrx_word' id='word_1_238' title='bbox 2467 1798 2772 1869; x_wconf 84' lang='lat' dir='ltr'><strong>quaestione</strong></span> <span class='ocrx_word' id='word_1_239' title='bbox 2824 1797 3050 1861; x_wconf 84' lang='lat' dir='ltr'><strong>lavacri,</strong></span> <span class='ocrx_word' id='word_1_240' title='bbox 3089 1804 3349 1866; x_wconf 87' lang='lat' dir='ltr'><strong>tanquam</strong></span> <span class='ocrx_word' id='word_1_241' title='bbox 3406 1800 3436 1849; x_wconf 87' lang='lat' dir='ltr'><strong>a</strong></span> <span class='ocrx_word' id='word_1_242' title='bbox 3497 1795 3644 1849; x_wconf 79' lang='lat' dir='ltr'><strong>fonte</strong></span> 
     </span>
    </p>
   </div>
   <div class='ocr_carea' id='block_1_36' title="bbox 366 1887 1956 1958">
    <p class='ocr_par' dir='ltr' id='par_1_36' title="bbox 366 1887 1956 1958">
     <span class='ocr_line' id='line_1_36' title="bbox 366 1887 1956 1958; baseline -0.002 -14"><span class='ocrx_word' id='word_1_243' title='bbox 366 1889 588 1954; x_wconf 81' lang='grc' dir='ltr'>ὓδατος</span> <span class='ocrx_word' id='word_1_244' title='bbox 636 1889 734 1943; x_wconf 78' lang='grc' dir='ltr'>καὶ</span> <span class='ocrx_word' id='word_1_245' title='bbox 762 1890 1126 1958; x_wconf 82' lang='grc' dir='ltr'>Πνεύματος,</span> <span class='ocrx_word' id='word_1_246' title='bbox 1157 1889 1229 1942; x_wconf 88' lang='grc' dir='ltr'>οὐ</span> <span class='ocrx_word' id='word_1_247' title='bbox 1259 1887 1511 1942; x_wconf 80' lang='grc' dir='ltr'>δύναται</span> <span class='ocrx_word' id='word_1_248' title='bbox 1540 1887 1838 1942; x_wconf 76' lang='grc' dir='ltr'>εἰσελθεῖν</span> <span class='ocrx_word' id='word_1_249' title='bbox 1868 1890 1956 1954; x_wconf 75' lang='grc' dir='ltr'>εἰς</span> 
     </span>
    </p>
   </div>
   <div class='ocr_carea' id='block_1_37' title="bbox 367 1979 1954 2050">
    <p class='ocr_par' dir='ltr' id='par_1_37' title="bbox 367 1979 1954 2050">
     <span class='ocr_line' id='line_1_37' title="bbox 367 1979 1954 2050; baseline -0.003 -13"><span class='ocrx_word' id='word_1_250' title='bbox 367 1982 480 2050; x_wconf 78' lang='grc' dir='ltr'><strong>τὴν</strong></span> <span class='ocrx_word' id='word_1_251' title='bbox 499 1982 831 2047; x_wconf 75' lang='grc' dir='ltr'>,ϐασιλείαν</span> <span class='ocrx_word' id='word_1_252' title='bbox 857 1981 963 2035; x_wconf 86' lang='grc' dir='ltr'><strong>τοῦ</strong></span> <span class='ocrx_word' id='word_1_253' title='bbox 1006 1981 1175 2036; x_wconf 76' lang='grc' dir='ltr'>Θεοῦ.</span> <span class='ocrx_word' id='word_1_254' title='bbox 1226 1980 1324 2034; x_wconf 80' lang='grc' dir='ltr'>Διὰ</span> <span class='ocrx_word' id='word_1_255' title='bbox 1363 1980 1416 2033; x_wconf 80' lang='grc' dir='ltr'><strong>τί</strong></span> <span class='ocrx_word' id='word_1_256' title='bbox 1445 1980 1513 2034; x_wconf 84' lang='grc' dir='ltr'><strong>τὰ</strong></span> <span class='ocrx_word' id='word_1_257' title='bbox 1562 1979 1687 2044; x_wconf 83' lang='grc' dir='ltr'>δύο,</span> <span class='ocrx_word' id='word_1_258' title='bbox 1708 1979 1801 2033; x_wconf 79' lang='grc' dir='ltr'><strong>καὶ</strong></span> <span class='ocrx_word' id='word_1_259' title='bbox 1830 1980 1954 2050; x_wconf 69' lang='grc' dir='ltr'>οὐχὶ</span> 
     </span>
    </p>
   </div>
   <div class='ocr_carea' id='block_1_38' title="bbox 371 2070 1957 2144">
    <p class='ocr_par' dir='ltr' id='par_1_38' title="bbox 371 2070 1957 2144">
     <span class='ocr_line' id='line_1_38' title="bbox 371 2070 1957 2144; baseline -0.003 -17"><span class='ocrx_word' id='word_1_260' title='bbox 371 2073 531 2144; x_wconf 85' lang='grc' dir='ltr'>μόνον</span> <span class='ocrx_word' id='word_1_261' title='bbox 546 2073 608 2126; x_wconf 88' lang='lat' dir='ltr'><strong>rb</strong></span> <span class='ocrx_word' id='word_1_262' title='bbox 626 2074 851 2143; x_wconf 84' lang='grc' dir='ltr'>Πνεῦμα</span> <span class='ocrx_word' id='word_1_263' title='bbox 867 2070 1141 2143; x_wconf 76' lang='grc' dir='ltr'>αὔταρκες</span> <span class='ocrx_word' id='word_1_264' title='bbox 1164 2070 1418 2142; x_wconf 68' lang='grc' dir='ltr'>ἐνομίρθη</span> <span class='ocrx_word' id='word_1_265' title='bbox 1442 2071 1578 2141; x_wconf 77' lang='grc' dir='ltr'>πρὸς</span> <span class='ocrx_word' id='word_1_266' title='bbox 1589 2072 1688 2143; x_wconf 84' lang='grc' dir='ltr'>τὴν</span> <span class='ocrx_word' id='word_1_267' title='bbox 1710 2071 1957 2142; x_wconf 81' lang='grc' dir='ltr'>συμπλή-</span> 
     </span>
    </p>
   </div>
   <div class='ocr_carea' id='block_1_39' title="bbox 371 2149 1957 2238">
    <p class='ocr_par' dir='ltr' id='par_1_39' title="bbox 371 2149 1957 2238">
     <span class='ocr_line' id='line_1_39' title="bbox 371 2149 1957 2238; baseline -0.001 -19"><span class='ocrx_word' id='word_1_268' title='bbox 371 2182 540 2238; x_wconf 87' lang='grc' dir='ltr'>ρωσιν</span> <span class='ocrx_word' id='word_1_269' title='bbox 564 2165 658 2218; x_wconf 85' lang='grc' dir='ltr'><strong>τοῦ</strong></span> <span class='ocrx_word' id='word_1_270' title='bbox 676 2149 1050 2235; x_wconf 81' lang='grc' dir='ltr'>βαπτίσματος</span> <span class='ocrx_word' id='word_1_271' title='bbox 1070 2162 1357 2227; x_wconf 72' lang='grc' dir='ltr'>ςΣύνθετος</span> <span class='ocrx_word' id='word_1_272' title='bbox 1372 2165 1401 2216; x_wconf 86' lang='grc' dir='ltr'>ὁ</span> <span class='ocrx_word' id='word_1_273' title='bbox 1426 2163 1523 2217; x_wconf 80' lang='grc' dir='ltr'>ἄνθ</span> <span class='ocrx_word' id='word_1_274' title='bbox 1533 2181 1731 2236; x_wconf 83' lang='grc' dir='ltr'>ρωπος,</span> <span class='ocrx_word' id='word_1_275' title='bbox 1747 2166 1842 2217; x_wconf 77' lang='grc' dir='ltr'><strong>καὶ</strong></span> <span class='ocrx_word' id='word_1_276' title='bbox 1858 2165 1957 2236; x_wconf 90' lang='grc' dir='ltr'><strong>οὐχ</strong></span> 
     </span>
    </p>
   </div>
   <div class='ocr_carea' id='block_1_40' title="bbox 368 2256 1956 2330">
    <p class='ocr_par' dir='ltr' id='par_1_40' title="bbox 368 2256 1956 2330">
     <span class='ocr_line' id='line_1_40' title="bbox 368 2256 1956 2330; baseline 0 -18"><span class='ocrx_word' id='word_1_277' title='bbox 368 2256 606 2321; x_wconf 83' lang='grc' dir='ltr'>ἁπλοῦς,</span> <span class='ocrx_word' id='word_1_278' title='bbox 649 2257 724 2322; x_wconf 87' lang='grc' dir='ltr'>ὡς</span> <span class='ocrx_word' id='word_1_279' title='bbox 766 2256 1010 2327; x_wconf 85' lang='grc' dir='ltr'>ἀκριϐῶς</span> <span class='ocrx_word' id='word_1_280' title='bbox 1044 2256 1387 2327; x_wconf 83' lang='grc' dir='ltr'>ἐπιστάμεθα</span> <span class='ocrx_word' id='word_1_281' title='bbox 1407 2273 1420 2287; x_wconf 75' lang='grc' dir='ltr'><strong>ο</strong></span> <span class='ocrx_word' id='word_1_282' title='bbox 1459 2258 1549 2310; x_wconf 72' lang='grc' dir='ltr'>καὶ</span> <span class='ocrx_word' id='word_1_283' title='bbox 1578 2257 1666 2311; x_wconf 88' lang='grc' dir='ltr'><strong>διά</strong></span> <span class='ocrx_word' id='word_1_284' title='bbox 1693 2258 1852 2312; x_wconf 85' lang='grc' dir='ltr'>τοῦτο</span> <span class='ocrx_word' id='word_1_285' title='bbox 1876 2258 1956 2330; x_wconf 83' lang='grc' dir='ltr'><strong>τῷ</strong></span> 
     </span>
    </p>
   </div>
   <div class='ocr_carea' id='block_1_41' title="bbox 367 2346 1955 2420">
    <p class='ocr_par' dir='ltr' id='par_1_41' title="bbox 367 2346 1955 2420">
     <span class='ocr_line' id='line_1_41' title="bbox 367 2346 1955 2420; baseline -0.002 -16"><span class='ocrx_word' id='word_1_286' title='bbox 367 2349 537 2418; x_wconf 81' lang='grc' dir='ltr'>διπλῷ</span> <span class='ocrx_word' id='word_1_287' title='bbox 559 2349 653 2402; x_wconf 73' lang='grc' dir='ltr'>καὶ</span> <span class='ocrx_word' id='word_1_288' title='bbox 694 2347 1105 2418; x_wconf 81' lang='grc' dir='ltr'>συνεζευγμένῳ</span> <span class='ocrx_word' id='word_1_289' title='bbox 1132 2346 1202 2399; x_wconf 86' lang='grc' dir='ltr'><strong>τὰ</strong></span> <span class='ocrx_word' id='word_1_290' title='bbox 1230 2348 1467 2419; x_wconf 86' lang='grc' dir='ltr'>συγγενῆ</span> <span class='ocrx_word' id='word_1_291' title='bbox 1501 2348 1590 2401; x_wconf 70' lang='grc' dir='ltr'>καὶ</span> <span class='ocrx_word' id='word_1_292' title='bbox 1620 2349 1779 2419; x_wconf 84' lang='grc' dir='ltr'>ὃμοια</span> <span class='ocrx_word' id='word_1_293' title='bbox 1812 2349 1955 2420; x_wconf 84' lang='grc' dir='ltr'>φάρ-</span> 
     </span>
    </p>
   </div>
   <div class='ocr_carea' id='block_1_42' title="bbox 364 2435 1956 2511">
    <p class='ocr_par' dir='ltr' id='par_1_42' title="bbox 364 2435 1956 2511">
     <span class='ocr_line' id='line_1_42' title="bbox 364 2435 1956 2511; baseline -0.003 -17"><span class='ocrx_word' id='word_1_294' title='bbox 364 2457 522 2511; x_wconf 88' lang='grc' dir='ltr'>μακα</span> <span class='ocrx_word' id='word_1_295' title='bbox 562 2437 697 2510; x_wconf 83' lang='grc' dir='ltr'>πρὸς</span> <span class='ocrx_word' id='word_1_296' title='bbox 735 2438 1035 2509; x_wconf 80' lang='grc' dir='ltr'>θεραπείαν</span> <span class='ocrx_word' id='word_1_297' title='bbox 1071 2435 1437 2507; x_wconf 84' lang='grc' dir='ltr'>ἀπεκληρώθη</span> <span class='ocrx_word' id='word_1_298' title='bbox 1462 2454 1476 2468; x_wconf 77' lang='grc' dir='ltr'><strong><em>ο</em></strong></span> <span class='ocrx_word' id='word_1_299' title='bbox 1507 2436 1720 2510; x_wconf 82' lang='grc' dir='ltr'>σώματι</span> <span class='ocrx_word' id='word_1_300' title='bbox 1755 2439 1851 2508; x_wconf 85' lang='grc' dir='ltr'>μὲν</span> <span class='ocrx_word' id='word_1_301' title='bbox 1879 2437 1956 2507; x_wconf 81' lang='grc' dir='ltr'><strong>τῷ</strong></span> 
     </span>
    </p>
   </div>
   <div class='ocr_carea' id='block_1_43' title="bbox 350 2511 1954 2603">
    <p class='ocr_par' dir='ltr' id='par_1_43' title="bbox 350 2511 1954 2603">
     <span class='ocr_line' id='line_1_43' title="bbox 350 2511 1954 2603; baseline -0.001 -17"><span class='ocrx_word' id='word_1_302' title='bbox 350 2532 697 2603; x_wconf 72' lang='grc' dir='ltr'><strong>⁸φαινομένῳ,</strong></span> <span class='ocrx_word' id='word_1_303' title='bbox 736 2529 880 2601; x_wconf 81' lang='grc' dir='ltr'>ὕδωρ</span> <span class='ocrx_word' id='word_1_304' title='bbox 907 2530 969 2583; x_wconf 87' lang='grc' dir='ltr'>τὸ</span> <span class='ocrx_word' id='word_1_305' title='bbox 999 2511 1303 2599; x_wconf 75' lang='grc' dir='ltr'>αἰσθητόν·’</span> <span class='ocrx_word' id='word_1_306' title='bbox 1323 2530 1468 2600; x_wconf 71' lang='grc' dir='ltr'>ψυχῇ</span> <span class='ocrx_word' id='word_1_307' title='bbox 1499 2529 1556 2582; x_wconf 81' lang='grc' dir='ltr'>δὲ</span> <span class='ocrx_word' id='word_1_308' title='bbox 1602 2534 1669 2602; x_wconf 85' lang='grc' dir='ltr'><strong>τῇ</strong></span> <span class='ocrx_word' id='word_1_309' title='bbox 1717 2531 1954 2601; x_wconf 78' lang='grc' dir='ltr'>ἀοράτῳ,</span> 
     </span>
    </p>
   </div>
   <div class='ocr_carea' id='block_1_44' title="bbox 369 2622 1957 2703">
    <p class='ocr_par' dir='ltr' id='par_1_44' title="bbox 369 2622 1957 2703">
     <span class='ocr_line' id='line_1_44' title="bbox 369 2622 1957 2703; baseline -0.002 -24"><span class='ocrx_word' id='word_1_310' title='bbox 369 2625 595 2697; x_wconf 81' lang='grc' dir='ltr'>Πνεῦμα</span> <span class='ocrx_word' id='word_1_311' title='bbox 622 2624 687 2677; x_wconf 87' lang='lat' dir='ltr'><strong>rb</strong></span> <span class='ocrx_word' id='word_1_312' title='bbox 711 2623 937 2692; x_wconf 79' lang='grc' dir='ltr'>ἀφανὲς,</span> <span class='ocrx_word' id='word_1_313' title='bbox 962 2622 1143 2703; x_wconf 78' lang='grc' dir='ltr'>πίστει</span> <span class='ocrx_word' id='word_1_314' title='bbox 1183 2622 1536 2692; x_wconf 78' lang='grc' dir='ltr'>καλούμενον,</span> <span class='ocrx_word' id='word_1_315' title='bbox 1575 2624 1828 2695; x_wconf 81' lang='grc' dir='ltr'>ἀρρήτως</span> <span class='ocrx_word' id='word_1_316' title='bbox 1854 2641 1957 2676; x_wconf 86' lang='grc' dir='ltr'><strong>πα-</strong></span> 
     </span>
    </p>
   </div>
   <div class='ocr_carea' id='block_1_45' title="bbox 371 2713 1952 2788">
    <p class='ocr_par' dir='ltr' id='par_1_45' title="bbox 371 2713 1952 2788">
     <span class='ocr_line' id='line_1_45' title="bbox 371 2713 1952 2788; baseline -0.001 -20"><span class='ocrx_word' id='word_1_317' title='bbox 371 2716 753 2788; x_wconf 79' lang='grc' dir='ltr'>ραγινόμενον.</span> <span class='ocrx_word' id='word_1_318' title='bbox 806 2714 876 2768; x_wconf 86' lang='grc' dir='ltr'><strong>Τὸ</strong></span> <span class='ocrx_word' id='word_1_319' title='bbox 906 2713 1015 2785; x_wconf 89' lang='grc' dir='ltr'><strong>γὰρ</strong></span> <span class='ocrx_word' id='word_1_320' title='bbox 1050 2714 1294 2784; x_wconf 77' lang='grc' dir='ltr'>Πνεῦμα</span> <span class='ocrx_word' id='word_1_321' title='bbox 1313 2755 1327 2777; x_wconf 95' lang='grc'><strong>,</strong></span> <span class='ocrx_word' id='word_1_322' title='bbox 1374 2715 1526 2768; x_wconf 86' lang='grc' dir='ltr'>ὅπου</span> <span class='ocrx_word' id='word_1_323' title='bbox 1552 2715 1711 2768; x_wconf 79' lang='grc' dir='ltr'>θέλει</span> <span class='ocrx_word' id='word_1_324' title='bbox 1734 2755 1747 2778; x_wconf 92' lang='grc'><strong>,</strong></span> <span class='ocrx_word' id='word_1_325' title='bbox 1782 2715 1952 2768; x_wconf 75' lang='grc' dir='ltr'>πνεῖ·</span> 
     </span>
    </p>
   </div>
   <div class='ocr_carea' id='block_1_46' title="bbox 370 2797 1957 2873">
    <p class='ocr_par' dir='ltr' id='par_1_46' title="bbox 370 2797 1957 2873">
     <span class='ocr_line' id='line_1_46' title="bbox 370 2797 1957 2873; baseline -0.003 -16"><span class='ocrx_word' id='word_1_326' title='bbox 370 2804 469 2857; x_wconf 77' lang='grc' dir='ltr'>καὶ</span> <span class='ocrx_word' id='word_1_327' title='bbox 508 2804 625 2871; x_wconf 73' lang='grc' dir='ltr'><strong>τὴν</strong></span> <span class='ocrx_word' id='word_1_328' title='bbox 667 2801 879 2873; x_wconf 68' lang='grc' dir='ltr'><em>φωνὴν</em></span> <span class='ocrx_word' id='word_1_329' title='bbox 913 2800 1101 2856; x_wconf 86' lang='grc' dir='ltr'>αὐτοῦ</span> <span class='ocrx_word' id='word_1_330' title='bbox 1136 2802 1407 2867; x_wconf 82' lang='grc' dir='ltr'>ἀκούεις’</span> <span class='ocrx_word' id='word_1_331' title='bbox 1447 2802 1583 2855; x_wconf 75' lang='grc' dir='ltr'><strong>ἀλλ’</strong></span> <span class='ocrx_word' id='word_1_332' title='bbox 1630 2804 1741 2855; x_wconf 86' lang='grc' dir='ltr'><strong>οὐκ</strong></span> <span class='ocrx_word' id='word_1_333' title='bbox 1790 2797 1957 2869; x_wconf 74' lang='grc' dir='ltr'>οἶδας</span> 
     </span>
    </p>
   </div>
   <div class='ocr_carea' id='block_1_47' title="bbox 373 2889 1956 2961">
    <p class='ocr_par' dir='ltr' id='par_1_47' title="bbox 373 2889 1956 2961">
     <span class='ocr_line' id='line_1_47' title="bbox 373 2889 1956 2961; baseline -0.001 -14"><span class='ocrx_word' id='word_1_334' title='bbox 373 2894 556 2947; x_wconf 73' lang='grc' dir='ltr'>πόθεν</span> <span class='ocrx_word' id='word_1_335' title='bbox 587 2891 850 2961; x_wconf 75' lang='grc' dir='ltr'>ἔρχεται,</span> <span class='ocrx_word' id='word_1_336' title='bbox 886 2890 987 2944; x_wconf 79' lang='grc' dir='ltr'>καὶ</span> <span class='ocrx_word' id='word_1_337' title='bbox 1026 2889 1146 2945; x_wconf 76' lang='grc' dir='ltr'>ποῦ</span> <span class='ocrx_word' id='word_1_338' title='bbox 1184 2889 1421 2961; x_wconf 78' lang='grc' dir='ltr'>ὑπάγει.</span> <span class='ocrx_word' id='word_1_339' title='bbox 1452 2890 1678 2960; x_wconf 87' lang='grc' dir='ltr'>Εὐλογεῖ</span> <span class='ocrx_word' id='word_1_340' title='bbox 1703 2891 1762 2944; x_wconf 86' lang='lat' dir='ltr'><strong>rb</strong></span> <span class='ocrx_word' id='word_1_341' title='bbox 1797 2892 1956 2961; x_wconf 85' lang='grc' dir='ltr'>σῶμα</span> 
     </span>
    </p>
   </div>
   <div class='ocr_carea' id='block_1_48' title="bbox 372 2980 1954 3056">
    <p class='ocr_par' dir='ltr' id='par_1_48' title="bbox 372 2980 1954 3056">
     <span class='ocr_line' id='line_1_48' title="bbox 372 2980 1954 3056; baseline 0.001 -21"><span class='ocrx_word' id='word_1_342' title='bbox 372 2983 435 3035; x_wconf 89' lang='lat' dir='ltr'><strong>rb</strong></span> <span class='ocrx_word' id='word_1_343' title='bbox 477 2983 893 3054; x_wconf 73' lang='grc' dir='ltr'>βαπτιζόμενον,</span> <span class='ocrx_word' id='word_1_344' title='bbox 928 2982 1024 3036; x_wconf 78' lang='grc' dir='ltr'>καὶ</span> <span class='ocrx_word' id='word_1_345' title='bbox 1056 2981 1115 3034; x_wconf 90' lang='lat' dir='ltr'><strong>rb</strong></span> <span class='ocrx_word' id='word_1_346' title='bbox 1151 2980 1293 3053; x_wconf 77' lang='grc' dir='ltr'>ὕδωρ</span> <span class='ocrx_word' id='word_1_347' title='bbox 1326 2982 1389 3035; x_wconf 97' lang='lat' dir='ltr'><strong>rb</strong></span> <span class='ocrx_word' id='word_1_348' title='bbox 1423 2982 1704 3054; x_wconf 81' lang='grc' dir='ltr'>βαπτίζον.</span> <span class='ocrx_word' id='word_1_349' title='bbox 1743 2984 1834 3037; x_wconf 85' lang='grc' dir='ltr'><strong>Διὸ</strong></span> <span class='ocrx_word' id='word_1_350' title='bbox 1881 2985 1954 3056; x_wconf 85' lang='grc' dir='ltr'>μὴ</span> 
     </span>
    </p>
   </div>
   <div class='ocr_carea' id='block_1_49' title="bbox 376 3072 1953 3147">
    <p class='ocr_par' dir='ltr' id='par_1_49' title="bbox 376 3072 1953 3147">
     <span class='ocr_line' id='line_1_49' title="bbox 376 3072 1953 3147; baseline 0.003 -20"><span class='ocrx_word' id='word_1_351' title='bbox 376 3075 794 3145; x_wconf 79' lang='grc' dir='ltr'><strong>καταφρονήσῃς</strong></span> <span class='ocrx_word' id='word_1_352' title='bbox 836 3072 930 3126; x_wconf 89' lang='grc' dir='ltr'><strong>τοῦ</strong></span> <span class='ocrx_word' id='word_1_353' title='bbox 980 3072 1124 3126; x_wconf 90' lang='grc' dir='ltr'>θείου</span> <span class='ocrx_word' id='word_1_354' title='bbox 1174 3072 1432 3145; x_wconf 82' lang='grc' dir='ltr'>λουτροῦ,</span> <span class='ocrx_word' id='word_1_355' title='bbox 1473 3075 1606 3147; x_wconf 84' lang='grc' dir='ltr'>μηδὲ</span> <span class='ocrx_word' id='word_1_356' title='bbox 1657 3076 1733 3140; x_wconf 87' lang='grc' dir='ltr'><strong>ώς</strong></span> <span class='ocrx_word' id='word_1_357' title='bbox 1777 3078 1953 3132; x_wconf 81' lang='grc' dir='ltr'>κοινὸν</span> 
     </span>
    </p>
   </div>
   <div class='ocr_carea' id='block_1_50' title="bbox 2056 1885 3642 1963">
    <p class='ocr_par' dir='ltr' id='par_1_50' title="bbox 2056 1885 3642 1963">
     <span class='ocr_line' id='line_1_50' title="bbox 2056 1885 3642 1963; baseline -0.003 -18"><span class='ocrx_word' id='word_1_358' title='bbox 2056 1891 2294 1963; x_wconf 88' lang='lat' dir='ltr'><strong>quodam</strong></span> <span class='ocrx_word' id='word_1_359' title='bbox 2321 1892 2539 1946; x_wconf 91' lang='lat' dir='ltr'><strong>initium</strong></span> <span class='ocrx_word' id='word_1_360' title='bbox 2573 1890 2833 1962; x_wconf 71' lang='lat' dir='ltr'><strong>praecepti</strong></span> <span class='ocrx_word' id='word_1_361' title='bbox 2864 1889 3166 1959; x_wconf 72' lang='lat' dir='ltr'><strong>Scriptura:</strong></span> <span class='ocrx_word' id='word_1_362' title='bbox 3191 1887 3477 1943; x_wconf 79' lang='lat' dir='ltr'><strong>facientes.</strong></span> <span class='ocrx_word' id='word_1_363' title='bbox 3515 1885 3642 1941; x_wconf 78' lang='lat' dir='ltr'><strong>Nisi</strong></span> 
     </span>
    </p>
   </div>
   <div class='ocr_carea' id='block_1_51' title="bbox 2053 1979 3643 2054">
    <p class='ocr_par' dir='ltr' id='par_1_51' title="bbox 2053 1979 3643 2054">
     <span class='ocr_line' id='line_1_51' title="bbox 2053 1979 3643 2054; baseline -0.003 -19"><span class='ocrx_word' id='word_1_364' title='bbox 2053 1984 2197 2053; x_wconf 81' lang='lat' dir='ltr'><strong>quis,</strong></span> <span class='ocrx_word' id='word_1_365' title='bbox 2248 1984 2447 2054; x_wconf 86' lang='lat' dir='ltr'><strong>inquit,</strong></span> <span class='ocrx_word' id='word_1_366' title='bbox 2503 1992 2661 2037; x_wconf 82' lang='lat' dir='ltr'><strong>natus</strong></span> <span class='ocrx_word' id='word_1_367' title='bbox 2708 1982 2868 2050; x_wconf 72' lang='lat' dir='ltr'><strong>fuerit</strong></span> <span class='ocrx_word' id='word_1_368' title='bbox 2902 1996 2968 2035; x_wconf 75' lang='lat' dir='ltr'><strong>ea:</strong></span> <span class='ocrx_word' id='word_1_369' title='bbox 3012 1997 3151 2051; x_wconf 87' lang='lat' dir='ltr'><strong>aqua</strong></span> <span class='ocrx_word' id='word_1_370' title='bbox 3193 1990 3243 2034; x_wconf 87' lang='lat' dir='ltr'><strong>et</strong></span> <span class='ocrx_word' id='word_1_371' title='bbox 3280 1979 3509 2049; x_wconf 79' lang='lat' dir='ltr'><strong>Spiritu,</strong></span> <span class='ocrx_word' id='word_1_372' title='bbox 3539 1996 3643 2033; x_wconf 65' lang='lat' dir='ltr'><strong>non</strong></span> 
     </span>
    </p>
   </div>
   <div class='ocr_carea' id='block_1_52' title="bbox 2053 2073 3642 2145">
    <p class='ocr_par' dir='ltr' id='par_1_52' title="bbox 2053 2073 3642 2145">
     <span class='ocr_line' id='line_1_52' title="bbox 2053 2073 3642 2145; baseline -0.003 -17"><span class='ocrx_word' id='word_1_373' title='bbox 2053 2083 2222 2143; x_wconf 78' lang='lat' dir='ltr'><strong>potest</strong></span> <span class='ocrx_word' id='word_1_374' title='bbox 2253 2078 2456 2129; x_wconf 86' lang='lat' dir='ltr'><strong>intrare</strong></span> <span class='ocrx_word' id='word_1_375' title='bbox 2488 2076 2543 2129; x_wconf 79' lang='lat' dir='ltr'><strong>in</strong></span> <span class='ocrx_word' id='word_1_376' title='bbox 2576 2091 2795 2145; x_wconf 76' lang='lat' dir='ltr'><strong>regnum</strong></span> <span class='ocrx_word' id='word_1_377' title='bbox 2827 2073 2926 2127; x_wconf 79' lang='lat' dir='ltr'><strong>Dei</strong></span> <span class='ocrx_word' id='word_1_378' title='bbox 2948 2074 2987 2127; x_wconf 87' lang='grc'>³.</span> <span class='ocrx_word' id='word_1_379' title='bbox 3021 2074 3206 2139; x_wconf 80' lang='lat' dir='ltr'><strong>Quare</strong></span> <span class='ocrx_word' id='word_1_380' title='bbox 3247 2074 3373 2128; x_wconf 85' lang='lat' dir='ltr'><strong>bina</strong></span> <span class='ocrx_word' id='word_1_381' title='bbox 3415 2073 3533 2139; x_wconf 84' lang='lat' dir='ltr'><strong>illa,</strong></span> <span class='ocrx_word' id='word_1_382' title='bbox 3589 2081 3642 2125; x_wconf 75' lang='lat' dir='ltr'><strong>ct</strong></span> 
     </span>
    </p>
   </div>
   <div class='ocr_carea' id='block_1_53' title="bbox 2058 2164 3639 2237">
    <p class='ocr_par' dir='ltr' id='par_1_53' title="bbox 2058 2164 3639 2237">
     <span class='ocr_line' id='line_1_53' title="bbox 2058 2164 3639 2237; baseline -0.003 -17"><span class='ocrx_word' id='word_1_383' title='bbox 2058 2182 2166 2221; x_wconf 92' lang='lat' dir='ltr'><strong>non</strong></span> <span class='ocrx_word' id='word_1_384' title='bbox 2215 2167 2368 2221; x_wconf 87' lang='lat' dir='ltr'><strong>solus</strong></span> <span class='ocrx_word' id='word_1_385' title='bbox 2420 2166 2662 2237; x_wconf 88' lang='lat' dir='ltr'><strong>Spiritus</strong></span> <span class='ocrx_word' id='word_1_386' title='bbox 2710 2164 2986 2220; x_wconf 78' lang='lat' dir='ltr'><strong>suiliciens</strong></span> <span class='ocrx_word' id='word_1_387' title='bbox 3037 2164 3387 2219; x_wconf 77' lang='lat' dir='ltr'><strong>existimatus</strong></span> <span class='ocrx_word' id='word_1_388' title='bbox 3440 2173 3525 2219; x_wconf 88' lang='lat' dir='ltr'><strong>est</strong></span> <span class='ocrx_word' id='word_1_389' title='bbox 3574 2166 3639 2216; x_wconf 74' lang='lat' dir='ltr'><strong>ad</strong></span> 
     </span>
    </p>
   </div>
   <div class='ocr_carea' id='block_1_54' title="bbox 2057 2256 3693 2329">
    <p class='ocr_par' dir='ltr' id='par_1_54' title="bbox 2057 2256 3693 2329">
     <span class='ocr_line' id='line_1_54' title="bbox 2057 2256 3693 2329; baseline -0.004 -14"><span class='ocrx_word' id='word_1_390' title='bbox 2057 2259 2476 2329; x_wconf 89' lang='lat' dir='ltr'><strong>completionem</strong></span> <span class='ocrx_word' id='word_1_391' title='bbox 2527 2257 2920 2329; x_wconf 86' lang='lat' dir='ltr'><strong>baptismatis?</strong></span> <span class='ocrx_word' id='word_1_392' title='bbox 2966 2256 3321 2327; x_wconf 88' lang='lat' dir='ltr'><strong>Compositus</strong></span> <span class='ocrx_word' id='word_1_393' title='bbox 3356 2265 3440 2311; x_wconf 77' lang='lat' dir='ltr'><strong>est</strong></span> <span class='ocrx_word' id='word_1_394' title='bbox 3476 2257 3642 2310; x_wconf 89' lang='lat' dir='ltr'><strong>homo</strong></span> <span class='ocrx_word' id='word_1_395' title='bbox 3690 2288 3693 2289; x_wconf 52' lang='grc' dir='ltr'><em>ν</em></span> 
     </span>
    </p>
   </div>
   <div class='ocr_carea' id='block_1_55' title="bbox 2056 2349 3642 2421">
    <p class='ocr_par' dir='ltr' id='par_1_55' title="bbox 2056 2349 3642 2421">
     <span class='ocr_line' id='line_1_55' title="bbox 2056 2349 3642 2421; baseline 0 -16"><span class='ocrx_word' id='word_1_396' title='bbox 2056 2358 2109 2406; x_wconf 87' lang='lat' dir='ltr'><strong>et</strong></span> <span class='ocrx_word' id='word_1_397' title='bbox 2155 2351 2264 2405; x_wconf 88' lang='lat' dir='ltr'><strong>non</strong></span> <span class='ocrx_word' id='word_1_398' title='bbox 2316 2351 2570 2421; x_wconf 79' lang='lat' dir='ltr'><strong>simplex,</strong></span> <span class='ocrx_word' id='word_1_399' title='bbox 2626 2357 2685 2404; x_wconf 92' lang='lat' dir='ltr'><strong>ut</strong></span> <span class='ocrx_word' id='word_1_400' title='bbox 2732 2359 2884 2405; x_wconf 87' lang='lat' dir='ltr'><strong>certo</strong></span> <span class='ocrx_word' id='word_1_401' title='bbox 2932 2352 3160 2405; x_wconf 90' lang='lat' dir='ltr'><strong>scimus.</strong></span> <span class='ocrx_word' id='word_1_402' title='bbox 3214 2350 3397 2421; x_wconf 84' lang='lat' dir='ltr'><strong>Atque</strong></span> <span class='ocrx_word' id='word_1_403' title='bbox 3435 2349 3642 2405; x_wconf 76' lang='lat' dir='ltr'><strong>idcirco</strong></span> 
     </span>
    </p>
   </div>
   <div class='ocr_carea' id='block_1_56' title="bbox 2056 2442 3642 2513">
    <p class='ocr_par' dir='ltr' id='par_1_56' title="bbox 2056 2442 3642 2513">
     <span class='ocr_line' id='line_1_56' title="bbox 2056 2442 3642 2513; baseline -0.002 -16"><span class='ocrx_word' id='word_1_404' title='bbox 2056 2442 2264 2513; x_wconf 87' lang='lat' dir='ltr'><strong>duplici</strong></span> <span class='ocrx_word' id='word_1_405' title='bbox 2314 2443 2721 2513; x_wconf 87' lang='lat' dir='ltr'><strong>eonjunetoque</strong></span> <span class='ocrx_word' id='word_1_406' title='bbox 2760 2450 2991 2513; x_wconf 81' lang='lat' dir='ltr'><strong>cognata</strong></span> <span class='ocrx_word' id='word_1_407' title='bbox 3037 2442 3350 2512; x_wconf 86' lang='lat' dir='ltr'><strong>similiaque</strong></span> <span class='ocrx_word' id='word_1_408' title='bbox 3402 2442 3642 2497; x_wconf 89' lang='lat' dir='ltr'><strong>medica-</strong></span> 
     </span>
    </p>
   </div>
   <div class='ocr_carea' id='block_1_57' title="bbox 2057 2534 3636 2605">
    <p class='ocr_par' dir='ltr' id='par_1_57' title="bbox 2057 2534 3636 2605">
     <span class='ocr_line' id='line_1_57' title="bbox 2057 2534 3636 2605; baseline 0 -17"><span class='ocrx_word' id='word_1_409' title='bbox 2057 2542 2241 2590; x_wconf 89' lang='lat' dir='ltr'><strong>menta</strong></span> <span class='ocrx_word' id='word_1_410' title='bbox 2294 2534 2361 2588; x_wconf 90' lang='lat' dir='ltr'><strong>ad</strong></span> <span class='ocrx_word' id='word_1_411' title='bbox 2423 2537 2767 2589; x_wconf 89' lang='lat' dir='ltr'><strong>curationem</strong></span> <span class='ocrx_word' id='word_1_412' title='bbox 2819 2534 3090 2589; x_wconf 90' lang='lat' dir='ltr'><strong>destinata</strong></span> <span class='ocrx_word' id='word_1_413' title='bbox 3141 2543 3305 2605; x_wconf 85' lang='lat' dir='ltr'><strong>atque</strong></span> <span class='ocrx_word' id='word_1_414' title='bbox 3371 2535 3636 2589; x_wconf 86' lang='lat' dir='ltr'><strong>attributa</strong></span> 
     </span>
    </p>
   </div>
   <div class='ocr_carea' id='block_1_58' title="bbox 2058 2625 3643 2698">
    <p class='ocr_par' dir='ltr' id='par_1_58' title="bbox 2058 2625 3643 2698">
     <span class='ocr_line' id='line_1_58' title="bbox 2058 2625 3643 2698; baseline 0.002 -18"><span class='ocrx_word' id='word_1_415' title='bbox 2058 2635 2190 2680; x_wconf 80' lang='lat' dir='ltr'><strong>sunt</strong></span> <span class='ocrx_word' id='word_1_416' title='bbox 2224 2643 2238 2679; x_wconf 88' lang='lat'>:</span> <span class='ocrx_word' id='word_1_417' title='bbox 2277 2626 2492 2695; x_wconf 79' lang='lat' dir='ltr'><strong>corpori</strong></span> <span class='ocrx_word' id='word_1_418' title='bbox 2528 2627 2775 2696; x_wconf 85' lang='lat' dir='ltr'><strong>quidem,</strong></span> <span class='ocrx_word' id='word_1_419' title='bbox 2831 2625 2977 2696; x_wconf 91' lang='lat' dir='ltr'><strong>quod</strong></span> <span class='ocrx_word' id='word_1_420' title='bbox 3019 2636 3275 2696; x_wconf 84' lang='lat' dir='ltr'><strong>apparet;</strong></span> <span class='ocrx_word' id='word_1_421' title='bbox 3309 2642 3473 2697; x_wconf 87' lang='lat' dir='ltr'><strong>aqua,</strong></span> <span class='ocrx_word' id='word_1_422' title='bbox 3510 2632 3643 2698; x_wconf 71' lang='lat' dir='ltr'><strong>qua:</strong></span> 
     </span>
    </p>
   </div>
   <div class='ocr_carea' id='block_1_59' title="bbox 2058 2716 3642 2790">
    <p class='ocr_par' dir='ltr' id='par_1_59' title="bbox 2058 2716 3642 2790">
     <span class='ocr_line' id='line_1_59' title="bbox 2058 2716 3642 2790; baseline 0.001 -19"><span class='ocrx_word' id='word_1_423' title='bbox 2058 2717 2161 2771; x_wconf 87' lang='lat' dir='ltr'><strong>sub</strong></span> <span class='ocrx_word' id='word_1_424' title='bbox 2194 2732 2418 2771; x_wconf 83' lang='lat' dir='ltr'><strong>sensum</strong></span> <span class='ocrx_word' id='word_1_425' title='bbox 2447 2716 2626 2784; x_wconf 76' lang='lat' dir='ltr'><strong>cadit;</strong></span> <span class='ocrx_word' id='word_1_426' title='bbox 2665 2719 2860 2772; x_wconf 69' lang='lat' dir='ltr'><strong>animae</strong></span> <span class='ocrx_word' id='word_1_427' title='bbox 2882 2733 3030 2781; x_wconf 83' lang='lat' dir='ltr'><strong>vero,</strong></span> <span class='ocrx_word' id='word_1_428' title='bbox 3061 2734 3181 2788; x_wconf 76' lang='lat' dir='ltr'><strong>qua:</strong></span> <span class='ocrx_word' id='word_1_429' title='bbox 3215 2720 3392 2773; x_wconf 86' lang='lat' dir='ltr'><strong>visum</strong></span> <span class='ocrx_word' id='word_1_430' title='bbox 3422 2718 3642 2790; x_wconf 78' lang='lat' dir='ltr'><strong>elTugit,</strong></span> 
     </span>
    </p>
   </div>
   <div class='ocr_carea' id='block_1_60' title="bbox 2060 2806 3641 2878">
    <p class='ocr_par' dir='ltr' id='par_1_60' title="bbox 2060 2806 3641 2878">
     <span class='ocr_line' id='line_1_60' title="bbox 2060 2806 3641 2878; baseline 0.003 -21"><span class='ocrx_word' id='word_1_431' title='bbox 2060 2806 2321 2875; x_wconf 86' lang='lat' dir='ltr'><strong>Spiritus,</strong></span> <span class='ocrx_word' id='word_1_432' title='bbox 2367 2806 2461 2875; x_wconf 91' lang='lat' dir='ltr'><strong>qui</strong></span> <span class='ocrx_word' id='word_1_433' title='bbox 2509 2820 2615 2859; x_wconf 88' lang='lat' dir='ltr'><strong>non</strong></span> <span class='ocrx_word' id='word_1_434' title='bbox 2668 2815 2914 2875; x_wconf 84' lang='lat' dir='ltr'><strong>apparet,</strong></span> <span class='ocrx_word' id='word_1_435' title='bbox 2969 2806 3062 2875; x_wconf 92' lang='lat' dir='ltr'><strong>qui</strong></span> <span class='ocrx_word' id='word_1_436' title='bbox 3114 2806 3216 2861; x_wconf 74' lang='lat' dir='ltr'><strong>fide</strong></span> <span class='ocrx_word' id='word_1_437' title='bbox 3262 2816 3513 2871; x_wconf 85' lang='lat' dir='ltr'><strong>vocatur,</strong></span> <span class='ocrx_word' id='word_1_438' title='bbox 3549 2810 3641 2878; x_wconf 87' lang='lat' dir='ltr'><strong>qui</strong></span> 
     </span>
    </p>
   </div>
   <div class='ocr_carea' id='block_1_61' title="bbox 2057 2895 3642 2967">
    <p class='ocr_par' dir='ltr' id='par_1_61' title="bbox 2057 2895 3642 2967">
     <span class='ocr_line' id='line_1_61' title="bbox 2057 2895 3642 2967; baseline 0.001 -17"><span class='ocrx_word' id='word_1_439' title='bbox 2057 2895 2412 2952; x_wconf 80' lang='lat' dir='ltr'><strong>ineﬂ‘abtliter</strong></span> <span class='ocrx_word' id='word_1_440' title='bbox 2442 2897 2673 2952; x_wconf 85' lang='lat' dir='ltr'><strong>accedit.</strong></span> <span class='ocrx_word' id='word_1_441' title='bbox 2712 2896 2968 2965; x_wconf 78' lang='lat' dir='ltr'><strong>Spiritus,</strong></span> <span class='ocrx_word' id='word_1_442' title='bbox 3011 2897 3181 2963; x_wconf 90' lang='lat' dir='ltr'><strong>enim,</strong></span> <span class='ocrx_word' id='word_1_443' title='bbox 3230 2896 3319 2949; x_wconf 85' lang='lat' dir='ltr'><strong>ubi</strong></span> <span class='ocrx_word' id='word_1_444' title='bbox 3349 2897 3477 2958; x_wconf 82' lang='lat' dir='ltr'><strong>vult,</strong></span> <span class='ocrx_word' id='word_1_445' title='bbox 3528 2900 3642 2967; x_wconf 77' lang='lat' dir='ltr'><strong>spi-</strong></span> 
     </span>
    </p>
   </div>
   <div class='ocr_carea' id='block_1_62' title="bbox 2057 2985 3642 3056">
    <p class='ocr_par' dir='ltr' id='par_1_62' title="bbox 2057 2985 3642 3056">
     <span class='ocr_line' id='line_1_62' title="bbox 2057 2985 3642 3056; baseline -0.001 -15"><span class='ocrx_word' id='word_1_446' title='bbox 2057 2997 2143 3042; x_wconf 77' lang='lat' dir='ltr'><strong>rat</strong></span> <span class='ocrx_word' id='word_1_447' title='bbox 2167 3029 2181 3052; x_wconf 92' lang='lat'><strong>,</strong></span> <span class='ocrx_word' id='word_1_448' title='bbox 2225 2997 2275 3042; x_wconf 83' lang='lat' dir='ltr'><strong>et</strong></span> <span class='ocrx_word' id='word_1_449' title='bbox 2310 3004 2481 3042; x_wconf 80' lang='lat' dir='ltr'><strong>vocent</strong></span> <span class='ocrx_word' id='word_1_450' title='bbox 2525 2987 2639 3056; x_wconf 83' lang='lat' dir='ltr'><strong>ejus</strong></span> <span class='ocrx_word' id='word_1_451' title='bbox 2673 2986 2848 3052; x_wconf 85' lang='lat' dir='ltr'><strong>audis,</strong></span> <span class='ocrx_word' id='word_1_452' title='bbox 2877 2986 2972 3040; x_wconf 83' lang='lat' dir='ltr'><strong>sed</strong></span> <span class='ocrx_word' id='word_1_453' title='bbox 3001 2989 3169 3040; x_wconf 77' lang='lat' dir='ltr'><strong>nescis</strong></span> <span class='ocrx_word' id='word_1_454' title='bbox 3195 2985 3332 3040; x_wconf 80' lang='lat' dir='ltr'><strong>unde</strong></span> <span class='ocrx_word' id='word_1_455' title='bbox 3363 2988 3556 3054; x_wconf 82' lang='lat' dir='ltr'><strong>veniat,</strong></span> <span class='ocrx_word' id='word_1_456' title='bbox 3593 2998 3642 3041; x_wconf 81' lang='lat' dir='ltr'><strong>et</strong></span> 
     </span>
    </p>
   </div>
   <div class='ocr_carea' id='block_1_63' title="bbox 2058 3079 3644 3154">
    <p class='ocr_par' dir='ltr' id='par_1_63' title="bbox 2058 3079 3644 3154">
     <span class='ocr_line' id='line_1_63' title="bbox 2058 3079 3644 3154; baseline 0 -19"><span class='ocrx_word' id='word_1_457' title='bbox 2058 3098 2161 3154; x_wconf 86' lang='lat' dir='ltr'><strong>quo</strong></span> <span class='ocrx_word' id='word_1_458' title='bbox 2190 3080 2348 3136; x_wconf 81' lang='lat' dir='ltr'><strong>vadat</strong></span> <span class='ocrx_word' id='word_1_459' title='bbox 2368 3080 2421 3136; x_wconf 60' lang='grc' dir='ltr'><strong>ιε</strong></span> <span class='ocrx_word' id='word_1_460' title='bbox 2458 3095 2660 3149; x_wconf 89' lang='lat' dir='ltr'><strong>corpus</strong></span> <span class='ocrx_word' id='word_1_461' title='bbox 2688 3079 2833 3149; x_wconf 90' lang='lat' dir='ltr'><strong>quod</strong></span> <span class='ocrx_word' id='word_1_462' title='bbox 2862 3079 3192 3148; x_wconf 84' lang='lat' dir='ltr'><strong>baptizatur,</strong></span> <span class='ocrx_word' id='word_1_463' title='bbox 3224 3090 3278 3133; x_wconf 87' lang='lat' dir='ltr'><strong>et</strong></span> <span class='ocrx_word' id='word_1_464' title='bbox 3299 3094 3492 3149; x_wconf 88' lang='lat' dir='ltr'><strong>aquam</strong></span> <span class='ocrx_word' id='word_1_465' title='bbox 3523 3095 3644 3149; x_wconf 74' lang='lat' dir='ltr'><strong>quae</strong></span> 
     </span>
    </p>
   </div>
   <div class='ocr_carea' id='block_1_64' title="bbox 371 3164 1952 3244">
    <p class='ocr_par' dir='ltr' id='par_1_64' title="bbox 371 3164 1952 3243">
     <span class='ocr_line' id='line_1_64' title="bbox 371 3164 1952 3243; baseline 0.002 -22"><span class='ocrx_word' id='word_1_466' title='bbox 371 3166 506 3221; x_wconf 82' lang='grc' dir='ltr'>αὐτὸ</span> <span class='ocrx_word' id='word_1_467' title='bbox 537 3165 895 3238; x_wconf 77' lang='grc' dir='ltr'>ἐξευτελίσης.</span> <span class='ocrx_word' id='word_1_468' title='bbox 918 3165 1006 3219; x_wconf 84' lang='grc' dir='ltr'>διὰ</span> <span class='ocrx_word' id='word_1_469' title='bbox 1030 3164 1128 3237; x_wconf 84' lang='grc' dir='ltr'>τὴν</span> <span class='ocrx_word' id='word_1_470' title='bbox 1153 3167 1347 3238; x_wconf 79' lang='grc' dir='ltr'>χρῆσιν</span> <span class='ocrx_word' id='word_1_471' title='bbox 1378 3167 1471 3220; x_wconf 87' lang='grc' dir='ltr'><strong>τοῦ</strong></span> <span class='ocrx_word' id='word_1_472' title='bbox 1505 3167 1715 3233; x_wconf 76' lang='grc' dir='ltr'>ὕδατος.</span> <span class='ocrx_word' id='word_1_473' title='bbox 1746 3170 1821 3224; x_wconf 89' lang='lat' dir='ltr'><strong>Tb</strong></span> <span class='ocrx_word' id='word_1_474' title='bbox 1846 3170 1952 3243; x_wconf 82' lang='grc' dir='ltr'><strong>γὰρ</strong></span> 
     </span>
    </p>
   </div>
   <div class='ocr_carea' id='block_1_65' title="bbox 2055 3164 3638 3244">
    <p class='ocr_par' dir='ltr' id='par_1_65' title="bbox 2063 3170 3638 3244">
     <span class='ocr_line' id='line_1_65' title="bbox 2063 3170 3638 3244; baseline -0.003 -17"><span class='ocrx_word' id='word_1_475' title='bbox 2063 3173 2326 3244; x_wconf 89' lang='lat' dir='ltr'><strong>baptizat,</strong></span> <span class='ocrx_word' id='word_1_476' title='bbox 2365 3170 2662 3226; x_wconf 88' lang='lat' dir='ltr'><strong>benedicit.</strong></span> <span class='ocrx_word' id='word_1_477' title='bbox 2701 3170 2884 3238; x_wconf 85' lang='lat' dir='ltr'><strong>Quare</strong></span> <span class='ocrx_word' id='word_1_478' title='bbox 2923 3186 2992 3224; x_wconf 89' lang='lat' dir='ltr'><strong>ne</strong></span> <span class='ocrx_word' id='word_1_479' title='bbox 3022 3179 3344 3224; x_wconf 87' lang='lat' dir='ltr'><strong>contemnas</strong></span> <span class='ocrx_word' id='word_1_480' title='bbox 3393 3170 3638 3223; x_wconf 88' lang='lat' dir='ltr'><strong>divinum</strong></span> 
     </span>
    </p>
   </div>
   <div class='ocr_carea' id='block_1_66' title="bbox 372 3255 1955 3330">
    <p class='ocr_par' dir='ltr' id='par_1_66' title="bbox 372 3255 1955 3330">
     <span class='ocr_line' id='line_1_66' title="bbox 372 3255 1955 3330; baseline 0.004 -21"><span class='ocrx_word' id='word_1_481' title='bbox 372 3255 628 3327; x_wconf 80' lang='grc' dir='ltr'>ἐνεργοῦν</span> <span class='ocrx_word' id='word_1_482' title='bbox 658 3256 821 3326; x_wconf 83' lang='grc' dir='ltr'>μέγα,</span> <span class='ocrx_word' id='word_1_483' title='bbox 849 3256 944 3309; x_wconf 75' lang='grc' dir='ltr'>καὶ</span> <span class='ocrx_word' id='word_1_484' title='bbox 965 3257 1060 3308; x_wconf 77' lang='grc' dir='ltr'><strong>ἀπ’</strong></span> <span class='ocrx_word' id='word_1_485' title='bbox 1087 3257 1300 3310; x_wconf 77' lang='grc' dir='ltr'>ἐκείνου</span> <span class='ocrx_word' id='word_1_486' title='bbox 1334 3256 1626 3330; x_wconf 84' lang='grc' dir='ltr'>θαυμαστά</span> <span class='ocrx_word' id='word_1_487' title='bbox 1651 3260 1856 3329; x_wconf 77' lang='grc' dir='ltr'>γίνεται</span> <span class='ocrx_word' id='word_1_488' title='bbox 1886 3263 1955 3317; x_wconf 82' lang='grc' dir='ltr'><strong>τὰ</strong></span> 
     </span>
    </p>
   </div>
   <div class='ocr_carea' id='block_1_67' title="bbox 371 3346 1951 3421">
    <p class='ocr_par' dir='ltr' id='par_1_67' title="bbox 371 3346 1951 3421">
     <span class='ocr_line' id='line_1_67' title="bbox 371 3346 1951 3421; baseline 0.003 -20"><span class='ocrx_word' id='word_1_489' title='bbox 371 3348 689 3418; x_wconf 79' lang='grc' dir='ltr'>τελούμενα.</span> <span class='ocrx_word' id='word_1_490' title='bbox 710 3348 862 3400; x_wconf 80' lang='grc' dir='ltr'>Ἐπεὶ</span> <span class='ocrx_word' id='word_1_491' title='bbox 888 3348 982 3409; x_wconf 69' lang='grc' dir='ltr'><strong>καὶ</strong></span> <span class='ocrx_word' id='word_1_492' title='bbox 1010 3346 1072 3400; x_wconf 93' lang='lat' dir='ltr'><strong>rb</strong></span> <span class='ocrx_word' id='word_1_493' title='bbox 1101 3346 1488 3421; x_wconf 86' lang='grc' dir='ltr'>θυσιαστήριον</span> <span class='ocrx_word' id='word_1_494' title='bbox 1510 3350 1668 3405; x_wconf 87' lang='grc' dir='ltr'>τοῦτο</span> <span class='ocrx_word' id='word_1_495' title='bbox 1695 3351 1755 3405; x_wconf 83' lang='grc' dir='ltr'>τὸ</span> <span class='ocrx_word' id='word_1_496' title='bbox 1778 3353 1951 3417; x_wconf 73' lang='grc' dir='ltr'>ἅγιον,</span> 
     </span>
    </p>
   </div>
   <div class='ocr_carea' id='block_1_68' title="bbox 372 3433 1951 3512">
    <p class='ocr_par' dir='ltr' id='par_1_68' title="bbox 372 3433 1951 3512">
     <span class='ocr_line' id='line_1_68' title="bbox 372 3433 1951 3512; baseline 0.001 -18"><span class='ocrx_word' id='word_1_497' title='bbox 372 3433 418 3508; x_wconf 81' lang='grc' dir='ltr'>ᾧ</span> <span class='ocrx_word' id='word_1_498' title='bbox 452 3440 895 3510; x_wconf 81' lang='grc' dir='ltr'>παρεστήκαμεν,</span> <span class='ocrx_word' id='word_1_499' title='bbox 928 3437 1071 3503; x_wconf 89' lang='grc' dir='ltr'>λίθος</span> <span class='ocrx_word' id='word_1_500' title='bbox 1103 3439 1220 3492; x_wconf 80' lang='grc' dir='ltr'>ἐστὶ</span> <span class='ocrx_word' id='word_1_501' title='bbox 1258 3438 1397 3494; x_wconf 80' lang='grc' dir='ltr'>κατὰ</span> <span class='ocrx_word' id='word_1_502' title='bbox 1426 3440 1523 3512; x_wconf 78' lang='grc' dir='ltr'><strong>τὴν</strong></span> <span class='ocrx_word' id='word_1_503' title='bbox 1550 3441 1710 3512; x_wconf 85' lang='grc' dir='ltr'>φύσιν</span> <span class='ocrx_word' id='word_1_504' title='bbox 1743 3444 1951 3510; x_wconf 79' lang='grc' dir='ltr'>κοινὸς,</span> 
     </span>
    </p>
   </div>
   <div class='ocr_carea' id='block_1_69' title="bbox 373 3530 1955 3607">
    <p class='ocr_par' dir='ltr' id='par_1_69' title="bbox 373 3530 1955 3607">
     <span class='ocr_line' id='line_1_69' title="bbox 373 3530 1955 3607; baseline 0.002 -21"><span class='ocrx_word' id='word_1_505' title='bbox 373 3532 525 3586; x_wconf 83' lang='grc' dir='ltr'>οὐδὲν</span> <span class='ocrx_word' id='word_1_506' title='bbox 559 3532 830 3606; x_wconf 80' lang='grc' dir='ltr'>διαφέρων</span> <span class='ocrx_word' id='word_1_507' title='bbox 858 3530 966 3584; x_wconf 86' lang='grc' dir='ltr'><strong>τῶν</strong></span> <span class='ocrx_word' id='word_1_508' title='bbox 1001 3531 1174 3586; x_wconf 75' lang='grc' dir='ltr'>ἄλλων</span> <span class='ocrx_word' id='word_1_509' title='bbox 1206 3531 1450 3600; x_wconf 83' lang='grc' dir='ltr'>πλακῶν,</span> <span class='ocrx_word' id='word_1_510' title='bbox 1494 3535 1551 3588; x_wconf 82' lang='grc' dir='ltr'>αἳ</span> <span class='ocrx_word' id='word_1_511' title='bbox 1588 3537 1714 3600; x_wconf 79' lang='grc' dir='ltr'><strong>τούς</strong></span> <span class='ocrx_word' id='word_1_512' title='bbox 1743 3538 1955 3607; x_wconf 76' lang='grc' dir='ltr'>τοίχους</span> 
     </span>
    </p>
   </div>
   <div class='ocr_carea' id='block_1_70' title="bbox 314 3622 1951 3700">
    <p class='ocr_par' dir='ltr' id='par_1_70' title="bbox 314 3622 1951 3700">
     <span class='ocr_line' id='line_1_70' title="bbox 314 3622 1951 3700; baseline 0.004 -22"><span class='ocrx_word' id='word_1_513' title='bbox 314 3630 325 3640; x_wconf 82' lang='grc'><strong><em>⁸</em></strong></span> <span class='ocrx_word' id='word_1_514' title='bbox 377 3623 533 3697; x_wconf 72' lang='grc' dir='ltr'>ἡμῶν</span> <span class='ocrx_word' id='word_1_515' title='bbox 583 3622 925 3693; x_wconf 82' lang='grc' dir='ltr'>οἰκοδομοῦσι</span> <span class='ocrx_word' id='word_1_516' title='bbox 951 3662 967 3686; x_wconf 91' lang='grc'><strong>,</strong></span> <span class='ocrx_word' id='word_1_517' title='bbox 1019 3622 1114 3676; x_wconf 79' lang='grc' dir='ltr'>καὶ</span> <span class='ocrx_word' id='word_1_518' title='bbox 1171 3623 1572 3691; x_wconf 72' lang='grc' dir='ltr'>καλλωπίζονσι</span> <span class='ocrx_word' id='word_1_519' title='bbox 1631 3628 1699 3680; x_wconf 78' lang='grc' dir='ltr'>τὰ</span> <span class='ocrx_word' id='word_1_520' title='bbox 1759 3629 1951 3700; x_wconf 80' lang='grc' dir='ltr'>ἐδάφη.</span> 
     </span>
    </p>
   </div>
   <div class='ocr_carea' id='block_1_71' title="bbox 393 3710 1955 3788">
    <p class='ocr_par' dir='ltr' id='par_1_71' title="bbox 393 3710 1955 3788">
     <span class='ocr_line' id='line_1_71' title="bbox 393 3710 1955 3788; baseline 0.004 -22"><span class='ocrx_word' id='word_1_521' title='bbox 393 3713 606 3783; x_wconf 81' lang='grc' dir='ltr'>Ἐπειδὴ</span> <span class='ocrx_word' id='word_1_522' title='bbox 651 3712 708 3766; x_wconf 83' lang='grc' dir='ltr'>δὲ</span> <span class='ocrx_word' id='word_1_523' title='bbox 741 3710 1051 3783; x_wconf 81' lang='grc' dir='ltr'>καθιερώθη</span> <span class='ocrx_word' id='word_1_524' title='bbox 1086 3713 1153 3782; x_wconf 81' lang='grc' dir='ltr'><strong>τῇ</strong></span> <span class='ocrx_word' id='word_1_525' title='bbox 1188 3711 1282 3765; x_wconf 87' lang='grc' dir='ltr'>τοῦ</span> <span class='ocrx_word' id='word_1_526' title='bbox 1332 3714 1467 3767; x_wconf 85' lang='grc' dir='ltr'>Θεοῦ</span> <span class='ocrx_word' id='word_1_527' title='bbox 1502 3714 1767 3788; x_wconf 67' lang='grc' dir='ltr'>θεραπείᾳ</span> <span class='ocrx_word' id='word_1_528' title='bbox 1792 3758 1807 3784; x_wconf 90' lang='grc'><strong>,</strong></span> <span class='ocrx_word' id='word_1_529' title='bbox 1860 3719 1955 3772; x_wconf 79' lang='grc' dir='ltr'>καὶ</span> 
     </span>
    </p>
   </div>
   <div class='ocr_carea' id='block_1_72' title="bbox 376 3802 1957 3893">
    <p class='ocr_par' dir='ltr' id='par_1_72' title="bbox 376 3802 1957 3893">
     <span class='ocr_line' id='line_1_72' title="bbox 376 3802 1957 3893; baseline 0.001 -33"><span class='ocrx_word' id='word_1_530' title='bbox 376 3805 474 3876; x_wconf 78' lang='grc' dir='ltr'>τὴν</span> <span class='ocrx_word' id='word_1_531' title='bbox 507 3805 754 3873; x_wconf 85' lang='grc' dir='ltr'>εὐλογίαν</span> <span class='ocrx_word' id='word_1_532' title='bbox 781 3803 1026 3869; x_wconf 79' lang='grc' dir='ltr'>ἐδέξατο,</span> <span class='ocrx_word' id='word_1_533' title='bbox 1057 3802 1172 3857; x_wconf 80' lang='grc' dir='ltr'>ἐστι</span> <span class='ocrx_word' id='word_1_534' title='bbox 1206 3806 1455 3877; x_wconf 77' lang='grc' dir='ltr'>τράπεζα</span> <span class='ocrx_word' id='word_1_535' title='bbox 1480 3808 1631 3876; x_wconf 82' lang='grc' dir='ltr'>ἁγία,</span> <span class='ocrx_word' id='word_1_536' title='bbox 1665 3809 1957 3893; x_wconf 74' lang='grc' dir='ltr'>θυσιαστή-</span> 
     </span>
    </p>
   </div>
   <div class='ocr_carea' id='block_1_73' title="bbox 376 3896 1953 3971">
    <p class='ocr_par' dir='ltr' id='par_1_73' title="bbox 376 3896 1953 3971">
     <span class='ocr_line' id='line_1_73' title="bbox 376 3896 1953 3971; baseline 0.003 -22"><span class='ocrx_word' id='word_1_537' title='bbox 376 3913 494 3968; x_wconf 86' lang='grc' dir='ltr'>ριον</span> <span class='ocrx_word' id='word_1_538' title='bbox 534 3896 823 3967; x_wconf 77' lang='grc' dir='ltr'>ἄχραντον,</span> <span class='ocrx_word' id='word_1_539' title='bbox 862 3896 1046 3951; x_wconf 87' lang='grc' dir='ltr'>οὐκέτι</span> <span class='ocrx_word' id='word_1_540' title='bbox 1082 3896 1231 3970; x_wconf 81' lang='grc' dir='ltr'><strong>παρά</strong></span> <span class='ocrx_word' id='word_1_541' title='bbox 1278 3898 1497 3952; x_wconf 87' lang='grc' dir='ltr'>πάντων</span> <span class='ocrx_word' id='word_1_542' title='bbox 1530 3897 1953 3971; x_wconf 77' lang='grc' dir='ltr'>ψηλαφώμενον,</span> 
     </span>
    </p>
   </div>
   <div class='ocr_carea' id='block_1_74' title="bbox 376 3986 1951 4063">
    <p class='ocr_par' dir='ltr' id='par_1_74' title="bbox 376 3986 1951 4063">
     <span class='ocr_line' id='line_1_74' title="bbox 376 3986 1951 4063; baseline 0.003 -21"><span class='ocrx_word' id='word_1_543' title='bbox 376 3987 515 4042; x_wconf 82' lang='grc' dir='ltr'>ἀλλὰ</span> <span class='ocrx_word' id='word_1_544' title='bbox 546 3988 705 4059; x_wconf 89' lang='grc' dir='ltr'>μόνον</span> <span class='ocrx_word' id='word_1_545' title='bbox 741 3986 853 4041; x_wconf 86' lang='grc' dir='ltr'>τῶν</span> <span class='ocrx_word' id='word_1_546' title='bbox 894 3987 1103 4060; x_wconf 78' lang='grc' dir='ltr'>ἱερέων,</span> <span class='ocrx_word' id='word_1_547' title='bbox 1142 3989 1237 4043; x_wconf 76' lang='grc' dir='ltr'>καὶ</span> <span class='ocrx_word' id='word_1_548' title='bbox 1276 3989 1481 4042; x_wconf 85' lang='grc' dir='ltr'>τούτων</span> <span class='ocrx_word' id='word_1_549' title='bbox 1520 3990 1951 4063; x_wconf 88' lang='grc' dir='ltr'>εὐλαϐουμένων.</span> 
     </span>
    </p>
   </div>
   <div class='ocr_carea' id='block_1_75' title="bbox 387 4078 1956 4150">
    <p class='ocr_par' dir='ltr' id='par_1_75' title="bbox 387 4078 1956 4150">
     <span class='ocr_line' id='line_1_75' title="bbox 387 4078 1956 4150; baseline 0.004 -17"><span class='ocrx_word' id='word_1_550' title='bbox 387 4078 447 4133; x_wconf 87' lang='grc' dir='ltr'><strong>Ὃ</strong></span> <span class='ocrx_word' id='word_1_551' title='bbox 474 4079 635 4149; x_wconf 82' lang='grc' dir='ltr'>ἄρτος</span> <span class='ocrx_word' id='word_1_552' title='bbox 658 4078 822 4134; x_wconf 87' lang='grc' dir='ltr'>πάλιν</span> <span class='ocrx_word' id='word_1_553' title='bbox 850 4081 1012 4150; x_wconf 81' lang='grc' dir='ltr'>ἄρτος</span> <span class='ocrx_word' id='word_1_554' title='bbox 1041 4081 1157 4134; x_wconf 72' lang='grc' dir='ltr'>ἐστὶ</span> <span class='ocrx_word' id='word_1_555' title='bbox 1172 4080 1309 4145; x_wconf 88' lang='grc' dir='ltr'>τέως</span> <span class='ocrx_word' id='word_1_556' title='bbox 1332 4081 1509 4145; x_wconf 85' lang='grc' dir='ltr'>κοινός</span> <span class='ocrx_word' id='word_1_557' title='bbox 1528 4099 1542 4112; x_wconf 87' lang='grc'><strong>·</strong></span> <span class='ocrx_word' id='word_1_558' title='bbox 1570 4082 1685 4136; x_wconf 81' lang='grc' dir='ltr'>ἀλλ’</span> <span class='ocrx_word' id='word_1_559' title='bbox 1704 4085 1832 4139; x_wconf 82' lang='grc' dir='ltr'>ὅταν</span> <span class='ocrx_word' id='word_1_560' title='bbox 1857 4086 1956 4138; x_wconf 88' lang='grc' dir='ltr'><strong>αὐ-</strong></span> 
     </span>
    </p>
   </div>
   <div class='ocr_carea' id='block_1_76' title="bbox 376 4169 1955 4247">
    <p class='ocr_par' dir='ltr' id='par_1_76' title="bbox 376 4169 1955 4247">
     <span class='ocr_line' id='line_1_76' title="bbox 376 4169 1955 4247; baseline 0.003 -22"><span class='ocrx_word' id='word_1_561' title='bbox 376 4171 468 4225; x_wconf 83' lang='grc' dir='ltr'>τὸν</span> <span class='ocrx_word' id='word_1_562' title='bbox 493 4171 555 4224; x_wconf 79' lang='grc' dir='ltr'><strong>τὸ</strong></span> <span class='ocrx_word' id='word_1_563' title='bbox 585 4172 877 4243; x_wconf 84' lang='grc' dir='ltr'>μυστήριον</span> <span class='ocrx_word' id='word_1_564' title='bbox 907 4169 1269 4246; x_wconf 57' lang='grc' dir='ltr'>ἱερουργήσῃ,</span> <span class='ocrx_word' id='word_1_565' title='bbox 1289 4172 1448 4247; x_wconf 85' lang='grc' dir='ltr'>σῶμα</span> <span class='ocrx_word' id='word_1_566' title='bbox 1475 4174 1710 4246; x_wconf 79' lang='grc' dir='ltr'>Χριστοῦ</span> <span class='ocrx_word' id='word_1_567' title='bbox 1738 4175 1955 4245; x_wconf 84' lang='grc' dir='ltr'>λέγεταί</span> 
     </span>
    </p>
   </div>
   <div class='ocr_carea' id='block_1_77' title="bbox 374 4263 1955 4336">
    <p class='ocr_par' dir='ltr' id='par_1_77' title="bbox 374 4263 1955 4336">
     <span class='ocr_line' id='line_1_77' title="bbox 374 4263 1955 4336; baseline 0.006 -20"><span class='ocrx_word' id='word_1_568' title='bbox 374 4281 438 4317; x_wconf 90' lang='grc' dir='ltr'><strong>τε</strong></span> <span class='ocrx_word' id='word_1_569' title='bbox 481 4263 573 4317; x_wconf 76' lang='grc' dir='ltr'>καὶ</span> <span class='ocrx_word' id='word_1_570' title='bbox 613 4264 839 4333; x_wconf 85' lang='grc' dir='ltr'>γίνεται.</span> <span class='ocrx_word' id='word_1_571' title='bbox 877 4265 1066 4328; x_wconf 80' lang='grc' dir='ltr'>Οὕτως</span> <span class='ocrx_word' id='word_1_572' title='bbox 1104 4265 1164 4318; x_wconf 89' lang='lat' dir='ltr'><strong>rb</strong></span> <span class='ocrx_word' id='word_1_573' title='bbox 1196 4267 1453 4336; x_wconf 75' lang='grc' dir='ltr'>μυστικὸν</span> <span class='ocrx_word' id='word_1_574' title='bbox 1490 4267 1700 4335; x_wconf 77' lang='grc' dir='ltr'>ἔλαιον,</span> <span class='ocrx_word' id='word_1_575' title='bbox 1733 4269 1955 4335; x_wconf 74' lang='grc' dir='ltr'>οὕτωςὸ</span> 
     </span>
    </p>
   </div>
   <div class='ocr_carea' id='block_1_78' title="bbox 368 4336 1954 4431">
    <p class='ocr_par' dir='ltr' id='par_1_78' title="bbox 368 4336 1954 4431">
     <span class='ocr_line' id='line_1_78' title="bbox 368 4336 1954 4431; baseline 0.004 -22"><span class='ocrx_word' id='word_1_576' title='bbox 368 4336 518 4418; x_wconf 66' lang='grc' dir='ltr'>οἶνος</span> <span class='ocrx_word' id='word_1_577' title='bbox 540 4372 554 4386; x_wconf 88' lang='grc'><strong>·</strong></span> <span class='ocrx_word' id='word_1_578' title='bbox 580 4355 759 4423; x_wconf 80' lang='grc' dir='ltr'>ὀλίγου</span> <span class='ocrx_word' id='word_1_579' title='bbox 788 4354 933 4418; x_wconf 74' lang='grc' dir='ltr'>τινὸς</span> <span class='ocrx_word' id='word_1_580' title='bbox 954 4353 1080 4418; x_wconf 77' lang='grc' dir='ltr'><strong>ἄξια</strong></span> <span class='ocrx_word' id='word_1_581' title='bbox 1102 4354 1230 4408; x_wconf 78' lang='grc' dir='ltr'>ὄντα</span> <span class='ocrx_word' id='word_1_582' title='bbox 1255 4356 1363 4426; x_wconf 85' lang='grc' dir='ltr'>πρὸ</span> <span class='ocrx_word' id='word_1_583' title='bbox 1392 4356 1493 4426; x_wconf 82' lang='grc' dir='ltr'>τῆς</span> <span class='ocrx_word' id='word_1_584' title='bbox 1521 4357 1789 4427; x_wconf 80' lang='grc' dir='ltr'>εὐλογίας,</span> <span class='ocrx_word' id='word_1_585' title='bbox 1817 4362 1954 4431; x_wconf 85' lang='grc' dir='ltr'><strong>μετά</strong></span> 
     </span>
    </p>
   </div>
   <div class='ocr_carea' id='block_1_79' title="bbox 375 4443 1955 4519">
    <p class='ocr_par' dir='ltr' id='par_1_79' title="bbox 375 4443 1955 4519">
     <span class='ocr_line' id='line_1_79' title="bbox 375 4443 1955 4519; baseline 0.005 -22"><span class='ocrx_word' id='word_1_586' title='bbox 375 4444 466 4498; x_wconf 82' lang='grc' dir='ltr'>τὸν</span> <span class='ocrx_word' id='word_1_587' title='bbox 508 4445 776 4514; x_wconf 83' lang='grc' dir='ltr'>ἁγιασμὸν</span> <span class='ocrx_word' id='word_1_588' title='bbox 812 4444 903 4513; x_wconf 77' lang='lat' dir='ltr'><strong>rbv</strong></span> <span class='ocrx_word' id='word_1_589' title='bbox 942 4443 1039 4497; x_wconf 89' lang='grc' dir='ltr'><strong>τοῦ</strong></span> <span class='ocrx_word' id='word_1_590' title='bbox 1086 4444 1436 4515; x_wconf 77' lang='grc' dir='ltr'>Πνεῦματος,</span> <span class='ocrx_word' id='word_1_591' title='bbox 1481 4447 1746 4519; x_wconf 81' lang='grc' dir='ltr'>ἑκάτερον</span> <span class='ocrx_word' id='word_1_592' title='bbox 1773 4451 1955 4505; x_wconf 83' lang='grc' dir='ltr'>αὐτῶν</span> 
     </span>
    </p>
   </div>
   <div class='ocr_carea' id='block_1_80' title="bbox 374 4534 907 4609">
    <p class='ocr_par' dir='ltr' id='par_1_80' title="bbox 374 4534 907 4609">
     <span class='ocr_line' id='line_1_80' title="bbox 374 4534 907 4609; baseline -0.004 -19"><span class='ocrx_word' id='word_1_593' title='bbox 374 4539 590 4609; x_wconf 82' lang='grc' dir='ltr'>ἐνεργεῖ</span> <span class='ocrx_word' id='word_1_594' title='bbox 618 4534 907 4606; x_wconf 80' lang='grc' dir='ltr'>διαφόρως.</span> 
     </span>
    </p>
   </div>
   <div class='ocr_carea' id='block_1_81' title="bbox 2058 3262 3644 3333">
    <p class='ocr_par' dir='ltr' id='par_1_81' title="bbox 2058 3262 3644 3333">
     <span class='ocr_line' id='line_1_81' title="bbox 2058 3262 3644 3333; baseline -0.004 -17"><span class='ocrx_word' id='word_1_595' title='bbox 2058 3262 2361 3327; x_wconf 85' lang='lat' dir='ltr'><strong>lavacrum,</strong></span> <span class='ocrx_word' id='word_1_596' title='bbox 2422 3277 2601 3333; x_wconf 86' lang='lat' dir='ltr'><strong>neque</strong></span> <span class='ocrx_word' id='word_1_597' title='bbox 2655 3262 2706 3314; x_wconf 89' lang='lat' dir='ltr'><strong>id</strong></span> <span class='ocrx_word' id='word_1_598' title='bbox 2764 3269 3027 3330; x_wconf 79' lang='lat' dir='ltr'><strong>tanquam</strong></span> <span class='ocrx_word' id='word_1_599' title='bbox 3078 3273 3368 3313; x_wconf 83' lang='lat' dir='ltr'><strong>commune</strong></span> <span class='ocrx_word' id='word_1_600' title='bbox 3420 3266 3644 3328; x_wconf 72' lang='lat' dir='ltr'><strong>propter</strong></span> 
     </span>
    </p>
   </div>
   <div class='ocr_carea' id='block_1_82' title="bbox 2057 3346 3638 3420">
    <p class='ocr_par' dir='ltr' id='par_1_82' title="bbox 2057 3346 3638 3420">
     <span class='ocr_line' id='line_1_82' title="bbox 2057 3346 3638 3420; baseline -0.003 -16"><span class='ocrx_word' id='word_1_601' title='bbox 2057 3365 2220 3404; x_wconf 89' lang='lat' dir='ltr'><strong>usum</strong></span> <span class='ocrx_word' id='word_1_602' title='bbox 2261 3364 2419 3420; x_wconf 71' lang='lat' dir='ltr'><strong>aqua:</strong></span> <span class='ocrx_word' id='word_1_603' title='bbox 2449 3349 2603 3420; x_wconf 86' lang='lat' dir='ltr'><strong>parvi</strong></span> <span class='ocrx_word' id='word_1_604' title='bbox 2652 3348 2846 3414; x_wconf 78' lang='lat' dir='ltr'><strong>facias,</strong></span> <span class='ocrx_word' id='word_1_605' title='bbox 2892 3355 2946 3403; x_wconf 86' lang='lat' dir='ltr'><strong>ct</strong></span> <span class='ocrx_word' id='word_1_606' title='bbox 2989 3348 3093 3403; x_wconf 87' lang='lat' dir='ltr'><strong>levi</strong></span> <span class='ocrx_word' id='word_1_607' title='bbox 3144 3354 3420 3402; x_wconf 90' lang='lat' dir='ltr'><strong>momento</strong></span> <span class='ocrx_word' id='word_1_608' title='bbox 3446 3346 3638 3402; x_wconf 85' lang='lat' dir='ltr'><strong>ducas.</strong></span> 
     </span>
    </p>
   </div>
   <div class='ocr_carea' id='block_1_83' title="bbox 2056 3436 3643 3513">
    <p class='ocr_par' dir='ltr' id='par_1_83' title="bbox 2056 3436 3643 3513">
     <span class='ocr_line' id='line_1_83' title="bbox 2056 3436 3643 3513; baseline -0.001 -18"><span class='ocrx_word' id='word_1_609' title='bbox 2056 3440 2192 3496; x_wconf 82' lang='lat' dir='ltr'><strong>Nam</strong></span> <span class='ocrx_word' id='word_1_610' title='bbox 2229 3441 2304 3508; x_wconf 92' lang='lat' dir='ltr'><strong>id,</strong></span> <span class='ocrx_word' id='word_1_611' title='bbox 2346 3442 2494 3513; x_wconf 91' lang='lat' dir='ltr'><strong>quod</strong></span> <span class='ocrx_word' id='word_1_612' title='bbox 2541 3450 2822 3512; x_wconf 90' lang='lat' dir='ltr'><strong>operatur,</strong></span> <span class='ocrx_word' id='word_1_613' title='bbox 2872 3436 3128 3510; x_wconf 81' lang='lat' dir='ltr'><strong>magnum</strong></span> <span class='ocrx_word' id='word_1_614' title='bbox 3170 3448 3276 3504; x_wconf 88' lang='lat' dir='ltr'><strong>est,</strong></span> <span class='ocrx_word' id='word_1_615' title='bbox 3325 3449 3379 3494; x_wconf 86' lang='lat' dir='ltr'><strong>et</strong></span> <span class='ocrx_word' id='word_1_616' title='bbox 3431 3440 3500 3494; x_wconf 91' lang='lat' dir='ltr'><strong>ab</strong></span> <span class='ocrx_word' id='word_1_617' title='bbox 3549 3437 3643 3493; x_wconf 78' lang='lat' dir='ltr'><strong>illo</strong></span> 
     </span>
    </p>
   </div>
   <div class='ocr_carea' id='block_1_84' title="bbox 2057 3530 3643 3590">
    <p class='ocr_par' dir='ltr' id='par_1_84' title="bbox 2057 3530 3643 3590">
     <span class='ocr_line' id='line_1_84' title="bbox 2057 3530 3643 3590; baseline -0.002 -3"><span class='ocrx_word' id='word_1_618' title='bbox 2057 3535 2339 3590; x_wconf 88' lang='lat' dir='ltr'><strong>mirabiles</strong></span> <span class='ocrx_word' id='word_1_619' title='bbox 2379 3533 2659 3589; x_wconf 77' lang='lat' dir='ltr'><strong>exsistunt</strong></span> <span class='ocrx_word' id='word_1_620' title='bbox 2711 3531 2960 3589; x_wconf 79' lang='lat' dir='ltr'><strong>eﬂ&#39;ectus.</strong></span> <span class='ocrx_word' id='word_1_621' title='bbox 3010 3530 3147 3585; x_wconf 83' lang='lat' dir='ltr'><strong>Nam</strong></span> <span class='ocrx_word' id='word_1_622' title='bbox 3200 3540 3254 3587; x_wconf 91' lang='lat' dir='ltr'><strong>et</strong></span> <span class='ocrx_word' id='word_1_623' title='bbox 3312 3532 3487 3584; x_wconf 90' lang='lat' dir='ltr'><strong>altare</strong></span> <span class='ocrx_word' id='word_1_624' title='bbox 3538 3531 3643 3584; x_wconf 84' lang='lat' dir='ltr'><strong>hoc</strong></span> 
     </span>
    </p>
   </div>
   <div class='ocr_carea' id='block_1_85' title="bbox 2055 3625 3643 3695">
    <p class='ocr_par' dir='ltr' id='par_1_85' title="bbox 2055 3625 3643 3695">
     <span class='ocr_line' id='line_1_85' title="bbox 2055 3625 3643 3695; baseline -0.005 -13"><span class='ocrx_word' id='word_1_625' title='bbox 2055 3634 2333 3691; x_wconf 90' lang='lat' dir='ltr'><strong>sanctum,</strong></span> <span class='ocrx_word' id='word_1_626' title='bbox 2366 3626 2455 3680; x_wconf 88' lang='lat' dir='ltr'><strong>cui</strong></span> <span class='ocrx_word' id='word_1_627' title='bbox 2497 3625 2834 3687; x_wconf 87' lang='lat' dir='ltr'><strong>assistimus.</strong></span> <span class='ocrx_word' id='word_1_628' title='bbox 2871 3625 3010 3695; x_wconf 88' lang='lat' dir='ltr'><strong>lapis</strong></span> <span class='ocrx_word' id='word_1_629' title='bbox 3050 3633 3134 3680; x_wconf 91' lang='lat' dir='ltr'><strong>est</strong></span> <span class='ocrx_word' id='word_1_630' title='bbox 3167 3633 3366 3678; x_wconf 88' lang='lat' dir='ltr'><strong>natura</strong></span> <span class='ocrx_word' id='word_1_631' title='bbox 3395 3638 3643 3678; x_wconf 82' lang='lat' dir='ltr'><strong>comma-</strong></span> 
     </span>
    </p>
   </div>
   <div class='ocr_carea' id='block_1_86' title="bbox 2056 3708 3644 3787">
    <p class='ocr_par' dir='ltr' id='par_1_86' title="bbox 2056 3708 3644 3787">
     <span class='ocr_line' id='line_1_86' title="bbox 2056 3708 3644 3787; baseline -0.003 -15"><span class='ocrx_word' id='word_1_632' title='bbox 2056 3719 2167 3787; x_wconf 86' lang='lat' dir='ltr'><strong>nis,</strong></span> <span class='ocrx_word' id='word_1_633' title='bbox 2201 3718 2342 3772; x_wconf 84' lang='lat' dir='ltr'><strong>nihil</strong></span> <span class='ocrx_word' id='word_1_634' title='bbox 2366 3716 2624 3772; x_wconf 80' lang='lat' dir='ltr'><strong>diﬂerens</strong></span> <span class='ocrx_word' id='word_1_635' title='bbox 2654 3716 2723 3771; x_wconf 88' lang='lat' dir='ltr'><strong>ab</strong></span> <span class='ocrx_word' id='word_1_636' title='bbox 2752 3717 2877 3771; x_wconf 87' lang='lat' dir='ltr'><strong>aliis</strong></span> <span class='ocrx_word' id='word_1_637' title='bbox 2905 3716 3111 3771; x_wconf 85' lang='lat' dir='ltr'><strong>crustis</strong></span> <span class='ocrx_word' id='word_1_638' title='bbox 3145 3714 3396 3785; x_wconf 82' lang='lat' dir='ltr'><strong>lapideis,</strong></span> <span class='ocrx_word' id='word_1_639' title='bbox 3425 3728 3492 3769; x_wconf 83' lang='lat' dir='ltr'><strong>ex</strong></span> <span class='ocrx_word' id='word_1_640' title='bbox 3526 3708 3644 3782; x_wconf 72' lang='lat' dir='ltr'><strong>quii-</strong></span> 
     </span>
    </p>
   </div>
   <div class='ocr_carea' id='block_1_87' title="bbox 2056 3807 3641 3883">
    <p class='ocr_par' dir='ltr' id='par_1_87' title="bbox 2056 3807 3641 3883">
     <span class='ocr_line' id='line_1_87' title="bbox 2056 3807 3641 3883; baseline -0.006 -16"><span class='ocrx_word' id='word_1_641' title='bbox 2056 3812 2160 3867; x_wconf 86' lang='lat' dir='ltr'><strong>bus</strong></span> <span class='ocrx_word' id='word_1_642' title='bbox 2216 3811 2460 3883; x_wconf 82' lang='lat' dir='ltr'><strong>parietes</strong></span> <span class='ocrx_word' id='word_1_643' title='bbox 2518 3810 2696 3866; x_wconf 88' lang='lat' dir='ltr'><strong>nostri</strong></span> <span class='ocrx_word' id='word_1_644' title='bbox 2751 3815 3153 3874; x_wconf 77' lang='lat' dir='ltr'><strong>exstruuntur,</strong></span> <span class='ocrx_word' id='word_1_645' title='bbox 3210 3815 3264 3861; x_wconf 88' lang='lat' dir='ltr'><strong>et</strong></span> <span class='ocrx_word' id='word_1_646' title='bbox 3331 3807 3641 3877; x_wconf 85' lang='lat' dir='ltr'><strong>pavimenta</strong></span> 
     </span>
    </p>
   </div>
   <div class='ocr_carea' id='block_1_88' title="bbox 2056 3902 3638 3975">
    <p class='ocr_par' dir='ltr' id='par_1_88' title="bbox 2056 3902 3638 3975">
     <span class='ocr_line' id='line_1_88' title="bbox 2056 3902 3638 3975; baseline -0.005 -15"><span class='ocrx_word' id='word_1_647' title='bbox 2056 3915 2416 3961; x_wconf 83' lang='lat' dir='ltr'><strong>exornantur.</strong></span> <span class='ocrx_word' id='word_1_648' title='bbox 2450 3904 2556 3959; x_wconf 90' lang='lat' dir='ltr'><strong>Sed</strong></span> <span class='ocrx_word' id='word_1_649' title='bbox 2588 3903 2848 3975; x_wconf 87' lang='lat' dir='ltr'><strong>quoniam</strong></span> <span class='ocrx_word' id='word_1_650' title='bbox 2894 3902 2990 3959; x_wconf 91' lang='lat' dir='ltr'><strong>Dei</strong></span> <span class='ocrx_word' id='word_1_651' title='bbox 3036 3902 3211 3956; x_wconf 90' lang='lat' dir='ltr'><strong>cultui</strong></span> <span class='ocrx_word' id='word_1_652' title='bbox 3260 3910 3638 3957; x_wconf 89' lang='lat' dir='ltr'><strong>consecratum</strong></span> 
     </span>
    </p>
   </div>
   <div class='ocr_carea' id='block_1_89' title="bbox 2059 3990 3638 4067">
    <p class='ocr_par' dir='ltr' id='par_1_89' title="bbox 2059 3990 3638 4067">
     <span class='ocr_line' id='line_1_89' title="bbox 2059 3990 3638 4067; baseline -0.006 -17"><span class='ocrx_word' id='word_1_653' title='bbox 2059 4004 2225 4067; x_wconf 90' lang='lat' dir='ltr'><strong>atque</strong></span> <span class='ocrx_word' id='word_1_654' title='bbox 2271 3995 2581 4050; x_wconf 86' lang='lat' dir='ltr'><strong>dedicatum</strong></span> <span class='ocrx_word' id='word_1_655' title='bbox 2626 4005 2731 4061; x_wconf 87' lang='lat' dir='ltr'><strong>est,</strong></span> <span class='ocrx_word' id='word_1_656' title='bbox 2788 4008 2854 4049; x_wconf 90' lang='lat' dir='ltr'><strong>ac</strong></span> <span class='ocrx_word' id='word_1_657' title='bbox 2917 3992 3357 4048; x_wconf 87' lang='lat' dir='ltr'><strong>benedictionem</strong></span> <span class='ocrx_word' id='word_1_658' title='bbox 3405 3990 3638 4059; x_wconf 89' lang='lat' dir='ltr'><strong>accepit,</strong></span> 
     </span>
    </p>
   </div>
   <div class='ocr_carea' id='block_1_90' title="bbox 2059 4082 3641 4155">
    <p class='ocr_par' dir='ltr' id='par_1_90' title="bbox 2059 4082 3641 4155">
     <span class='ocr_line' id='line_1_90' title="bbox 2059 4082 3641 4155; baseline -0.004 -13"><span class='ocrx_word' id='word_1_659' title='bbox 2059 4103 2249 4144; x_wconf 88' lang='lat' dir='ltr'><strong>mensa</strong></span> <span class='ocrx_word' id='word_1_660' title='bbox 2282 4097 2495 4152; x_wconf 87' lang='lat' dir='ltr'><strong>sancta,</strong></span> <span class='ocrx_word' id='word_1_661' title='bbox 2541 4087 2716 4143; x_wconf 86' lang='lat' dir='ltr'><strong>altare</strong></span> <span class='ocrx_word' id='word_1_662' title='bbox 2757 4086 3167 4142; x_wconf 80' lang='lat' dir='ltr'><strong>immaculatum</strong></span> <span class='ocrx_word' id='word_1_663' title='bbox 3212 4082 3495 4155; x_wconf 45' lang='lat' dir='ltr'><strong>esthquod</strong></span> <span class='ocrx_word' id='word_1_664' title='bbox 3529 4098 3641 4137; x_wconf 90' lang='lat' dir='ltr'><strong>non</strong></span> 
     </span>
    </p>
   </div>
   <div class='ocr_carea' id='block_1_91' title="bbox 2058 4176 3639 4253">
    <p class='ocr_par' dir='ltr' id='par_1_91' title="bbox 2058 4176 3639 4253">
     <span class='ocr_line' id='line_1_91' title="bbox 2058 4176 3639 4253; baseline -0.005 -17"><span class='ocrx_word' id='word_1_665' title='bbox 2058 4182 2297 4253; x_wconf 88' lang='lat' dir='ltr'><strong>amplius</strong></span> <span class='ocrx_word' id='word_1_666' title='bbox 2330 4181 2399 4236; x_wconf 91' lang='lat' dir='ltr'><strong>ab</strong></span> <span class='ocrx_word' id='word_1_667' title='bbox 2428 4181 2705 4246; x_wconf 89' lang='lat' dir='ltr'><strong>omnibus,</strong></span> <span class='ocrx_word' id='word_1_668' title='bbox 2743 4180 2837 4235; x_wconf 90' lang='lat' dir='ltr'><strong>sed</strong></span> <span class='ocrx_word' id='word_1_669' title='bbox 2882 4195 2912 4233; x_wconf 89' lang='lat' dir='ltr'><strong>a</strong></span> <span class='ocrx_word' id='word_1_670' title='bbox 2953 4179 3088 4235; x_wconf 90' lang='lat' dir='ltr'><strong>solis</strong></span> <span class='ocrx_word' id='word_1_671' title='bbox 3122 4178 3511 4233; x_wconf 73' lang='lat' dir='ltr'><strong>sacerdotibus</strong></span> <span class='ocrx_word' id='word_1_672' title='bbox 3543 4176 3639 4229; x_wconf 86' lang='lat' dir='ltr'><strong>iis-</strong></span> 
     </span>
    </p>
   </div>
   <div class='ocr_carea' id='block_1_92' title="bbox 2059 4268 3638 4348">
    <p class='ocr_par' dir='ltr' id='par_1_92' title="bbox 2059 4268 3638 4348">
     <span class='ocr_line' id='line_1_92' title="bbox 2059 4268 3638 4348; baseline -0.004 -21"><span class='ocrx_word' id='word_1_673' title='bbox 2059 4289 2164 4344; x_wconf 87' lang='lat' dir='ltr'><strong>que</strong></span> <span class='ocrx_word' id='word_1_674' title='bbox 2197 4273 2590 4348; x_wconf 85' lang='lat' dir='ltr'><strong>venerantibus</strong></span> <span class='ocrx_word' id='word_1_675' title='bbox 2621 4278 3015 4326; x_wconf 87' lang='lat' dir='ltr'><strong>eontrectatur.</strong></span> <span class='ocrx_word' id='word_1_676' title='bbox 3068 4269 3236 4326; x_wconf 88' lang='lat' dir='ltr'><strong>Panis</strong></span> <span class='ocrx_word' id='word_1_677' title='bbox 3283 4271 3438 4331; x_wconf 88' lang='lat' dir='ltr'><strong>item,</strong></span> <span class='ocrx_word' id='word_1_678' title='bbox 3478 4268 3638 4338; x_wconf 89' lang='lat' dir='ltr'><strong>panis</strong></span> 
     </span>
    </p>
   </div>
   <div class='ocr_carea' id='block_1_93' title="bbox 2059 4360 3638 4433">
    <p class='ocr_par' dir='ltr' id='par_1_93' title="bbox 2059 4360 3638 4433">
     <span class='ocr_line' id='line_1_93' title="bbox 2059 4360 3638 4433; baseline -0.007 -12"><span class='ocrx_word' id='word_1_679' title='bbox 2059 4374 2143 4421; x_wconf 84' lang='lat' dir='ltr'><strong>est</strong></span> <span class='ocrx_word' id='word_1_680' title='bbox 2170 4365 2328 4419; x_wconf 87' lang='lat' dir='ltr'><strong>initio</strong></span> <span class='ocrx_word' id='word_1_681' title='bbox 2359 4363 2709 4430; x_wconf 88' lang='lat' dir='ltr'><strong>communis;</strong></span> <span class='ocrx_word' id='word_1_682' title='bbox 2744 4364 2839 4419; x_wconf 87' lang='lat' dir='ltr'><strong>sed</strong></span> <span class='ocrx_word' id='word_1_683' title='bbox 2877 4363 2968 4418; x_wconf 87' lang='lat' dir='ltr'><strong>ubi</strong></span> <span class='ocrx_word' id='word_1_684' title='bbox 3015 4378 3137 4417; x_wconf 82' lang='lat' dir='ltr'><strong>eum</strong></span> <span class='ocrx_word' id='word_1_685' title='bbox 3184 4360 3504 4433; x_wconf 85' lang='lat' dir='ltr'><strong>mysterium</strong></span> <span class='ocrx_word' id='word_1_686' title='bbox 3550 4373 3638 4411; x_wconf 79' lang='lat' dir='ltr'><strong>sa-</strong></span> 
     </span>
    </p>
   </div>
   <div class='ocr_carea' id='block_1_94' title="bbox 2060 4446 3635 4524">
    <p class='ocr_par' dir='ltr' id='par_1_94' title="bbox 2060 4446 3635 4524">
     <span class='ocr_line' id='line_1_94' title="bbox 2060 4446 3635 4524; baseline -0.007 -15"><span class='ocrx_word' id='word_1_687' title='bbox 2060 4454 2410 4517; x_wconf 84' lang='lat' dir='ltr'><strong>criﬁcaverit,</strong></span> <span class='ocrx_word' id='word_1_688' title='bbox 2456 4468 2657 4524; x_wconf 87' lang='lat' dir='ltr'><strong>corpus</strong></span> <span class='ocrx_word' id='word_1_689' title='bbox 2685 4451 2890 4508; x_wconf 88' lang='lat' dir='ltr'><strong>Christi</strong></span> <span class='ocrx_word' id='word_1_690' title='bbox 2937 4451 2996 4506; x_wconf 80' lang='lat' dir='ltr'><strong>lit</strong></span> <span class='ocrx_word' id='word_1_691' title='bbox 3030 4460 3084 4508; x_wconf 88' lang='lat' dir='ltr'><strong>et</strong></span> <span class='ocrx_word' id='word_1_692' title='bbox 3118 4451 3343 4506; x_wconf 88' lang='lat' dir='ltr'><strong>dicitur.</strong></span> <span class='ocrx_word' id='word_1_693' title='bbox 3393 4446 3487 4502; x_wconf 89' lang='lat' dir='ltr'><strong>Sic</strong></span> <span class='ocrx_word' id='word_1_694' title='bbox 3519 4463 3635 4518; x_wconf 79' lang='lat' dir='ltr'><strong>my-</strong></span> 
     </span>
    </p>
   </div>
   <div class='ocr_carea' id='block_1_95' title="bbox 1988 4538 3638 4613">
    <p class='ocr_par' dir='ltr' id='par_1_95' title="bbox 1988 4538 3638 4613">
     <span class='ocr_line' id='line_1_95' title="bbox 1988 4538 3638 4613; baseline -0.006 -11"><span class='ocrx_word' id='word_1_695' title='bbox 1988 4538 2269 4601; x_wconf 85' lang='lat' dir='ltr'><strong>Dsticmn</strong></span> <span class='ocrx_word' id='word_1_696' title='bbox 2324 4547 2527 4613; x_wconf 90' lang='lat' dir='ltr'><strong>oleum,</strong></span> <span class='ocrx_word' id='word_1_697' title='bbox 2582 4546 2664 4602; x_wconf 91' lang='lat' dir='ltr'><strong>sic</strong></span> <span class='ocrx_word' id='word_1_698' title='bbox 2713 4547 2925 4613; x_wconf 89' lang='lat' dir='ltr'><strong>vinum,</strong></span> <span class='ocrx_word' id='word_1_699' title='bbox 2979 4559 3102 4599; x_wconf 85' lang='lat' dir='ltr'><strong>cum</strong></span> <span class='ocrx_word' id='word_1_700' title='bbox 3154 4543 3266 4598; x_wconf 89' lang='lat' dir='ltr'><strong>sint</strong></span> <span class='ocrx_word' id='word_1_701' title='bbox 3319 4556 3405 4597; x_wconf 87' lang='lat' dir='ltr'><strong>res</strong></span> <span class='ocrx_word' id='word_1_702' title='bbox 3462 4539 3638 4610; x_wconf 77' lang='lat' dir='ltr'><strong>exigui</strong></span> 
     </span>
    </p>
   </div>
   <div class='ocr_carea' id='block_1_96' title="bbox 374 4629 3644 4719">
    <p class='ocr_par' dir='ltr' id='par_1_96' title="bbox 374 4629 3644 4719">
     <span class='ocr_line' id='line_1_96' title="bbox 374 4629 3644 4719; baseline 0 -35"><span class='ocrx_word' id='word_1_703' title='bbox 374 4631 534 4701; x_wconf 90' lang='lat' dir='ltr'><strong>pretii</strong></span> <span class='ocrx_word' id='word_1_704' title='bbox 585 4639 712 4685; x_wconf 88' lang='lat' dir='ltr'><strong>ante</strong></span> <span class='ocrx_word' id='word_1_705' title='bbox 759 4629 1222 4696; x_wconf 87' lang='lat' dir='ltr'><strong>benedictionem,</strong></span> <span class='ocrx_word' id='word_1_706' title='bbox 1267 4637 1394 4700; x_wconf 88' lang='lat' dir='ltr'><strong>post</strong></span> <span class='ocrx_word' id='word_1_707' title='bbox 1445 4631 1989 4701; x_wconf 61' lang='lat' dir='ltr'><strong>sanetillcationem,’</strong></span> <span class='ocrx_word' id='word_1_708' title='bbox 2028 4654 2152 4709; x_wconf 64' lang='lat' dir='ltr'><strong>quae</strong></span> <span class='ocrx_word' id='word_1_709' title='bbox 2202 4656 2233 4695; x_wconf 88' lang='lat' dir='ltr'><strong>a</strong></span> <span class='ocrx_word' id='word_1_710' title='bbox 2286 4639 2494 4713; x_wconf 91' lang='lat' dir='ltr'><strong>Spiritu</strong></span> <span class='ocrx_word' id='word_1_711' title='bbox 2541 4639 2813 4711; x_wconf 86' lang='lat' dir='ltr'><strong>procedit,</strong></span> <span class='ocrx_word' id='word_1_712' title='bbox 2863 4648 3155 4719; x_wconf 79' lang='lat' dir='ltr'><strong>utrumque</strong></span> <span class='ocrx_word' id='word_1_713' title='bbox 3227 4648 3417 4689; x_wconf 90' lang='lat' dir='ltr'><strong>eorum</strong></span> <span class='ocrx_word' id='word_1_714' title='bbox 3463 4632 3644 4687; x_wconf 81' lang='lat' dir='ltr'><strong>excel-</strong></span> 
     </span>
    </p>
   </div>
   <div class='ocr_carea' id='block_1_97' title="bbox 375 4725 862 4796">
    <p class='ocr_par' dir='ltr' id='par_1_97' title="bbox 375 4725 862 4796">
     <span class='ocr_line' id='line_1_97' title="bbox 375 4725 862 4796; baseline -0.002 -17"><span class='ocrx_word' id='word_1_715' title='bbox 375 4725 551 4781; x_wconf 85' lang='lat' dir='ltr'><strong>lenter</strong></span> <span class='ocrx_word' id='word_1_716' title='bbox 581 4734 862 4796; x_wconf 87' lang='lat' dir='ltr'><strong>operatur.</strong></span> 
     </span>
    </p>
   </div>
   <div class='ocr_carea' id='block_1_98' title="bbox 454 4819 1959 4895">
    <p class='ocr_par' dir='ltr' id='par_1_98' title="bbox 454 4819 1959 4895">
     <span class='ocr_line' id='line_1_98' title="bbox 454 4819 1959 4895; baseline 0.003 -19"><span class='ocrx_word' id='word_1_717' title='bbox 454 4823 522 4877; x_wconf 84' lang='grc' dir='ltr'><em>Ἠ</em></span> <span class='ocrx_word' id='word_1_718' title='bbox 557 4822 694 4893; x_wconf 80' lang='grc' dir='ltr'>αὐτὴ</span> <span class='ocrx_word' id='word_1_719' title='bbox 718 4820 776 4875; x_wconf 82' lang='grc' dir='ltr'>δὲ</span> <span class='ocrx_word' id='word_1_720' title='bbox 798 4820 894 4874; x_wconf 89' lang='grc' dir='ltr'><strong>τοῦ</strong></span> <span class='ocrx_word' id='word_1_721' title='bbox 920 4819 1079 4890; x_wconf 85' lang='grc' dir='ltr'>λόγου</span> <span class='ocrx_word' id='word_1_722' title='bbox 1114 4820 1364 4890; x_wconf 82' lang='grc' dir='ltr'>δύναμις,</span> <span class='ocrx_word' id='word_1_723' title='bbox 1398 4822 1605 4877; x_wconf 78' lang='grc' dir='ltr'>καὶτὸν</span> <span class='ocrx_word' id='word_1_724' title='bbox 1630 4823 1783 4895; x_wconf 77' lang='grc' dir='ltr'>ἱερέα</span> <span class='ocrx_word' id='word_1_725' title='bbox 1815 4828 1959 4880; x_wconf 88' lang='grc' dir='ltr'>ποιεῖ</span> 
     </span>
    </p>
   </div>
   <div class='ocr_carea' id='block_1_99' title="bbox 374 4913 1958 4992">
    <p class='ocr_par' dir='ltr' id='par_1_99' title="bbox 374 4913 1958 4992">
     <span class='ocr_line' id='line_1_99' title="bbox 374 4913 1958 4992; baseline 0.003 -23"><span class='ocrx_word' id='word_1_726' title='bbox 374 4915 574 4986; x_wconf 76' lang='grc' dir='ltr'>σεμνὸν</span> <span class='ocrx_word' id='word_1_727' title='bbox 607 4915 701 4968; x_wconf 76' lang='grc' dir='ltr'>καὶ</span> <span class='ocrx_word' id='word_1_728' title='bbox 737 4913 942 4985; x_wconf 88' lang='grc' dir='ltr'>τίμιον,</span> <span class='ocrx_word' id='word_1_729' title='bbox 984 4916 1051 4983; x_wconf 82' lang='grc' dir='ltr'><strong>τῇ</strong></span> <span class='ocrx_word' id='word_1_730' title='bbox 1092 4914 1371 4987; x_wconf 87' lang='grc' dir='ltr'>καινότητι</span> <span class='ocrx_word' id='word_1_731' title='bbox 1418 4917 1519 4986; x_wconf 82' lang='grc' dir='ltr'>τῆς</span> <span class='ocrx_word' id='word_1_732' title='bbox 1568 4917 1818 4986; x_wconf 82' lang='grc' dir='ltr'>εὐλογίας</span> <span class='ocrx_word' id='word_1_733' title='bbox 1859 4920 1958 4992; x_wconf 81' lang='grc' dir='ltr'>τῆς</span> 
     </span>
    </p>
   </div>
   <div class='ocr_carea' id='block_1_100' title="bbox 372 5004 1957 5083">
    <p class='ocr_par' dir='ltr' id='par_1_100' title="bbox 372 5004 1957 5083">
     <span class='ocr_line' id='line_1_100' title="bbox 372 5004 1957 5083; baseline 0.006 -26"><span class='ocrx_word' id='word_1_734' title='bbox 372 5009 510 5081; x_wconf 78' lang='grc' dir='ltr'>πρὸς</span> <span class='ocrx_word' id='word_1_735' title='bbox 539 5006 666 5070; x_wconf 76' lang='grc' dir='ltr'>τοῦς</span> <span class='ocrx_word' id='word_1_736' title='bbox 689 5005 916 5073; x_wconf 76' lang='grc' dir='ltr'>πολλοὺς</span> <span class='ocrx_word' id='word_1_737' title='bbox 943 5004 1249 5075; x_wconf 86' lang='grc' dir='ltr'>κοινότητος</span> <span class='ocrx_word' id='word_1_738' title='bbox 1274 5007 1660 5079; x_wconf 75' lang='grc' dir='ltr'>χωριζόμενον.</span> <span class='ocrx_word' id='word_1_739' title='bbox 1687 5010 1830 5074; x_wconf 84' lang='grc' dir='ltr'>Χθὲς</span> <span class='ocrx_word' id='word_1_740' title='bbox 1848 5011 1957 5083; x_wconf 79' lang='grc' dir='ltr'><strong>γὰρ</strong></span> 
     </span>
    </p>
   </div>
   <div class='ocr_carea' id='block_1_101' title="bbox 371 5091 1954 5171">
    <p class='ocr_par' dir='ltr' id='par_1_101' title="bbox 371 5091 1954 5171">
     <span class='ocr_line' id='line_1_101' title="bbox 371 5091 1954 5171; baseline 0.002 -19"><span class='ocrx_word' id='word_1_741' title='bbox 371 5100 466 5153; x_wconf 77' lang='grc' dir='ltr'><strong>καὶ</strong></span> <span class='ocrx_word' id='word_1_742' title='bbox 503 5095 698 5168; x_wconf 86' lang='grc' dir='ltr'>πρώην</span> <span class='ocrx_word' id='word_1_743' title='bbox 730 5091 812 5158; x_wconf 78' lang='grc' dir='ltr'><strong>εἷς</strong></span> <span class='ocrx_word' id='word_1_744' title='bbox 839 5093 1099 5166; x_wconf 78' lang='grc' dir='ltr'>ὑπάρχων</span> <span class='ocrx_word' id='word_1_745' title='bbox 1130 5094 1238 5147; x_wconf 90' lang='grc' dir='ltr'><strong>τῶν</strong></span> <span class='ocrx_word' id='word_1_746' title='bbox 1271 5096 1486 5161; x_wconf 58' lang='grc' dir='ltr'>πολλῶν,</span> <span class='ocrx_word' id='word_1_747' title='bbox 1514 5098 1605 5152; x_wconf 72' lang='grc' dir='ltr'>καὶ</span> <span class='ocrx_word' id='word_1_748' title='bbox 1639 5100 1732 5154; x_wconf 84' lang='grc' dir='ltr'><strong>τοῦ</strong></span> <span class='ocrx_word' id='word_1_749' title='bbox 1758 5100 1819 5171; x_wconf 83' lang='grc' dir='ltr'>δή</span> <span class='ocrx_word' id='word_1_750' title='bbox 1830 5119 1954 5171; x_wconf 88' lang='grc' dir='ltr'>μου,</span> 
     </span>
    </p>
   </div>
   <div class='ocr_carea' id='block_1_102' title="bbox 371 5186 1955 5263">
    <p class='ocr_par' dir='ltr' id='par_1_102' title="bbox 371 5186 1955 5263">
     <span class='ocr_line' id='line_1_102' title="bbox 371 5186 1955 5263; baseline -0.005 -20"><span class='ocrx_word' id='word_1_751' title='bbox 371 5188 570 5261; x_wconf 86' lang='grc' dir='ltr'>ἀθρόον</span> <span class='ocrx_word' id='word_1_752' title='bbox 620 5186 1004 5241; x_wconf 84' lang='grc' dir='ltr'>ἀποδείκνυται</span> <span class='ocrx_word' id='word_1_753' title='bbox 1057 5187 1409 5259; x_wconf 86' lang='grc' dir='ltr'>καθηγεμὼν,</span> <span class='ocrx_word' id='word_1_754' title='bbox 1460 5192 1752 5263; x_wconf 80' lang='grc' dir='ltr'>πρόεδρος,</span> <span class='ocrx_word' id='word_1_755' title='bbox 1807 5193 1955 5247; x_wconf 83' lang='grc' dir='ltr'>διδά..</span> 
     </span>
    </p>
   </div>
   <div class='ocr_carea' id='block_1_103' title="bbox 373 5278 1956 5355">
    <p class='ocr_par' dir='ltr' id='par_1_103' title="bbox 373 5278 1956 5355">
     <span class='ocr_line' id='line_1_103' title="bbox 373 5278 1956 5355; baseline 0.003 -20"><span class='ocrx_word' id='word_1_756' title='bbox 373 5281 573 5344; x_wconf 83' lang='grc' dir='ltr'>σκαλος</span> <span class='ocrx_word' id='word_1_757' title='bbox 597 5278 901 5346; x_wconf 77' lang='grc' dir='ltr'>εὐσεϐείας,</span> <span class='ocrx_word' id='word_1_758' title='bbox 935 5278 1248 5350; x_wconf 85' lang='grc' dir='ltr'>μυστηρίων</span> <span class='ocrx_word' id='word_1_759' title='bbox 1273 5279 1643 5336; x_wconf 84' lang='grc' dir='ltr'>λανθανόντων</span> <span class='ocrx_word' id='word_1_760' title='bbox 1667 5301 1956 5355; x_wconf 88' lang='grc' dir='ltr'>μυσταγω-</span> 
     </span>
    </p>
   </div>
   <div class='ocr_carea' id='block_1_104' title="bbox 374 5371 1958 5449">
    <p class='ocr_par' dir='ltr' id='par_1_104' title="bbox 374 5371 1958 5449">
     <span class='ocr_line' id='line_1_104' title="bbox 374 5371 1958 5449; baseline -0.004 -23"><span class='ocrx_word' id='word_1_761' title='bbox 374 5372 488 5443; x_wconf 71' lang='grc' dir='ltr'>γός·</span> <span class='ocrx_word' id='word_1_762' title='bbox 516 5371 610 5425; x_wconf 77' lang='grc' dir='ltr'><strong>καὶ</strong></span> <span class='ocrx_word' id='word_1_763' title='bbox 640 5371 813 5425; x_wconf 88' lang='grc' dir='ltr'>ταῦτα</span> <span class='ocrx_word' id='word_1_764' title='bbox 844 5374 1007 5436; x_wconf 84' lang='grc' dir='ltr'>ποιεῖ,</span> <span class='ocrx_word' id='word_1_765' title='bbox 1039 5371 1205 5443; x_wconf 78' lang='grc' dir='ltr'>μηδὲν</span> <span class='ocrx_word' id='word_1_766' title='bbox 1232 5371 1326 5426; x_wconf 90' lang='grc' dir='ltr'><strong>τοῦ</strong></span> <span class='ocrx_word' id='word_1_767' title='bbox 1351 5374 1601 5446; x_wconf 79' lang='grc' dir='ltr'>σώματος</span> <span class='ocrx_word' id='word_1_768' title='bbox 1625 5377 1658 5449; x_wconf 82' lang='grc' dir='ltr'>ἢ</span> <span class='ocrx_word' id='word_1_769' title='bbox 1692 5378 1792 5449; x_wconf 82' lang='grc' dir='ltr'><strong>τῆς</strong></span> <span class='ocrx_word' id='word_1_770' title='bbox 1827 5395 1958 5449; x_wconf 86' lang='grc' dir='ltr'>μορ.</span> 
     </span>
    </p>
   </div>
   <div class='ocr_carea' id='block_1_105' title="bbox 373 5458 1959 5539">
    <p class='ocr_par' dir='ltr' id='par_1_105' title="bbox 373 5458 1959 5539">
     <span class='ocr_line' id='line_1_105' title="bbox 373 5458 1959 5539; baseline 0.008 -30"><span class='ocrx_word' id='word_1_771' title='bbox 373 5464 484 5535; x_wconf 68' lang='grc' dir='ltr'>φῆς</span> <span class='ocrx_word' id='word_1_772' title='bbox 526 5461 846 5533; x_wconf 75' lang='grc' dir='ltr'>ἀμειφθείςο</span> <span class='ocrx_word' id='word_1_773' title='bbox 890 5461 1004 5516; x_wconf 84' lang='grc' dir='ltr'>ἀλλ’</span> <span class='ocrx_word' id='word_1_774' title='bbox 1056 5461 1314 5533; x_wconf 83' lang='grc' dir='ltr'>ὑπάρχων</span> <span class='ocrx_word' id='word_1_775' title='bbox 1353 5464 1495 5517; x_wconf 81' lang='grc' dir='ltr'>κατὰ</span> <span class='ocrx_word' id='word_1_776' title='bbox 1525 5465 1587 5518; x_wconf 85' lang='lat' dir='ltr'><strong>rb</strong></span> <span class='ocrx_word' id='word_1_777' title='bbox 1633 5458 1959 5539; x_wconf 82' lang='grc' dir='ltr'>φαινόμενον</span> 
     </span>
    </p>
   </div>
   <div class='ocr_carea' id='block_1_106' title="bbox 375 5548 1954 5632">
    <p class='ocr_par' dir='ltr' id='par_1_106' title="bbox 375 5548 1954 5632">
     <span class='ocr_line' id='line_1_106' title="bbox 375 5548 1954 5632; baseline 0.001 -23"><span class='ocrx_word' id='word_1_778' title='bbox 375 5557 584 5619; x_wconf 78' lang='grc' dir='ltr'>ἐκεῖνος</span> <span class='ocrx_word' id='word_1_779' title='bbox 619 5552 678 5616; x_wconf 82' lang='grc' dir='ltr'>ὃς</span> <span class='ocrx_word' id='word_1_780' title='bbox 719 5548 808 5624; x_wconf 81' lang='grc' dir='ltr'>ἦν,</span> <span class='ocrx_word' id='word_1_781' title='bbox 848 5554 1064 5626; x_wconf 83' lang='grc' dir='ltr'>ἀοράτῳ</span> <span class='ocrx_word' id='word_1_782' title='bbox 1099 5554 1207 5607; x_wconf 76' lang='grc' dir='ltr'>τινὶ</span> <span class='ocrx_word' id='word_1_783' title='bbox 1238 5554 1462 5624; x_wconf 82' lang='grc' dir='ltr'>δυνάμει</span> <span class='ocrx_word' id='word_1_784' title='bbox 1498 5560 1590 5613; x_wconf 74' lang='grc' dir='ltr'>καὶ</span> <span class='ocrx_word' id='word_1_785' title='bbox 1636 5560 1817 5632; x_wconf 80' lang='grc' dir='ltr'>χάριτι</span> <span class='ocrx_word' id='word_1_786' title='bbox 1855 5559 1954 5629; x_wconf 79' lang='grc' dir='ltr'>τὴν</span> 
     </span>
    </p>
   </div>
   <div class='ocr_carea' id='block_1_107' title="bbox 448 5730 1357 5796">
    <p class='ocr_par' dir='ltr' id='par_1_107' title="bbox 448 5730 1357 5796">
     <span class='ocr_line' id='line_1_107' title="bbox 448 5730 1357 5796; baseline -0.004 -6"><span class='ocrx_word' id='word_1_787' title='bbox 448 5732 472 5767; x_wconf 83' lang='grc'><strong><em>³</em></strong></span> <span class='ocrx_word' id='word_1_788' title='bbox 508 5730 670 5789; x_wconf 84' lang='lat' dir='ltr'><strong>Joan.</strong></span> <span class='ocrx_word' id='word_1_789' title='bbox 701 5745 785 5796; x_wconf 86' lang='grc' dir='ltr'>ιιι,</span> <span class='ocrx_word' id='word_1_790' title='bbox 812 5731 866 5786; x_wconf 85' lang='lat'><strong>5.</strong></span> <span class='ocrx_word' id='word_1_791' title='bbox 974 5732 1153 5788; x_wconf 63' lang='lat' dir='ltr'><strong>“ibid.</strong></span> <span class='ocrx_word' id='word_1_792' title='bbox 1212 5733 1266 5787; x_wconf 92' lang='lat'><strong>8.</strong></span> <span class='ocrx_word' id='word_1_793' title='bbox 1349 5737 1357 5747; x_wconf 91' lang='lat'><strong>‘</strong></span> 
     </span>
    </p>
   </div>
   <div class='ocr_carea' id='block_1_108' title="bbox 2134 4818 3645 4892">
    <p class='ocr_par' dir='ltr' id='par_1_108' title="bbox 2134 4818 3645 4892">
     <span class='ocr_line' id='line_1_108' title="bbox 2134 4818 3645 4892; baseline -0.004 -11"><span class='ocrx_word' id='word_1_794' title='bbox 2134 4827 2334 4884; x_wconf 84' lang='lat' dir='ltr'><strong>Eadem</strong></span> <span class='ocrx_word' id='word_1_795' title='bbox 2382 4829 2512 4884; x_wconf 91' lang='lat' dir='ltr'><strong>item</strong></span> <span class='ocrx_word' id='word_1_796' title='bbox 2563 4824 2718 4881; x_wconf 88' lang='lat' dir='ltr'><strong>verbi</strong></span> <span class='ocrx_word' id='word_1_797' title='bbox 2754 4824 2838 4878; x_wconf 88' lang='lat' dir='ltr'><strong>vis</strong></span> <span class='ocrx_word' id='word_1_798' title='bbox 2876 4825 3040 4878; x_wconf 90' lang='lat' dir='ltr'><strong>etiam</strong></span> <span class='ocrx_word' id='word_1_799' title='bbox 3081 4818 3424 4876; x_wconf 86' lang='lat' dir='ltr'><strong>sacerdotem</strong></span> <span class='ocrx_word' id='word_1_800' title='bbox 3473 4837 3645 4892; x_wconf 81' lang='lat' dir='ltr'><strong>augu-</strong></span> 
     </span>
    </p>
   </div>
   <div class='ocr_carea' id='block_1_109' title="bbox 2062 4911 3644 4980">
    <p class='ocr_par' dir='ltr' id='par_1_109' title="bbox 2062 4911 3644 4980">
     <span class='ocr_line' id='line_1_109' title="bbox 2062 4911 3644 4980; baseline -0.005 -6"><span class='ocrx_word' id='word_1_801' title='bbox 2062 4926 2208 4975; x_wconf 86' lang='lat' dir='ltr'><strong>stum</strong></span> <span class='ocrx_word' id='word_1_802' title='bbox 2238 4930 2293 4974; x_wconf 90' lang='lat' dir='ltr'><strong>et</strong></span> <span class='ocrx_word' id='word_1_803' title='bbox 2339 4918 2722 4973; x_wconf 87' lang='lat' dir='ltr'><strong>honorandum</strong></span> <span class='ocrx_word' id='word_1_804' title='bbox 2759 4916 2909 4980; x_wconf 82' lang='lat' dir='ltr'><strong>facit,</strong></span> <span class='ocrx_word' id='word_1_805' title='bbox 2954 4911 3644 4968; x_wconf 79' lang='lat' dir='ltr'><strong>novitatebenedictionis</strong></span> 
     </span>
    </p>
   </div>
   <div class='ocr_carea' id='block_1_110' title="bbox 2061 5002 3645 5080">
    <p class='ocr_par' dir='ltr' id='par_1_110' title="bbox 2061 5002 3645 5080">
     <span class='ocr_line' id='line_1_110' title="bbox 2061 5002 3645 5080; baseline -0.006 -13"><span class='ocrx_word' id='word_1_806' title='bbox 2061 5027 2091 5066; x_wconf 89' lang='lat' dir='ltr'><strong>a</strong></span> <span class='ocrx_word' id='word_1_807' title='bbox 2131 5010 2707 5080; x_wconf 79' lang='lat' dir='ltr'><strong>communitate,vulgi</strong></span> <span class='ocrx_word' id='word_1_808' title='bbox 2754 5015 3129 5079; x_wconf 79' lang='lat' dir='ltr'><strong>segregatum.</strong></span> <span class='ocrx_word' id='word_1_809' title='bbox 3162 5002 3298 5057; x_wconf 90' lang='lat' dir='ltr'><strong>Cum</strong></span> <span class='ocrx_word' id='word_1_810' title='bbox 3350 5004 3496 5059; x_wconf 90' lang='lat' dir='ltr'><strong>enim</strong></span> <span class='ocrx_word' id='word_1_811' title='bbox 3526 5004 3645 5058; x_wconf 82' lang='lat' dir='ltr'><strong>heri</strong></span> 
     </span>
    </p>
   </div>
   <div class='ocr_carea' id='block_1_111' title="bbox 2062 5095 3646 5181">
    <p class='ocr_par' dir='ltr' id='par_1_111' title="bbox 2062 5095 3646 5181">
     <span class='ocr_line' id='line_1_111' title="bbox 2062 5095 3646 5181; baseline -0.005 -24"><span class='ocrx_word' id='word_1_812' title='bbox 2062 5119 2128 5158; x_wconf 89' lang='lat' dir='ltr'><strong>ac</strong></span> <span class='ocrx_word' id='word_1_813' title='bbox 2156 5114 2401 5173; x_wconf 88' lang='lat' dir='ltr'><strong>tempore</strong></span> <span class='ocrx_word' id='word_1_814' title='bbox 2430 5101 2704 5173; x_wconf 87' lang='lat' dir='ltr'><strong>superiori</strong></span> <span class='ocrx_word' id='word_1_815' title='bbox 2752 5115 2895 5154; x_wconf 87' lang='lat' dir='ltr'><strong>untts</strong></span> <span class='ocrx_word' id='word_1_816' title='bbox 2941 5096 3355 5181; x_wconf 28' lang='lat' dir='ltr'><strong>e’multitudine</strong></span> <span class='ocrx_word' id='word_1_817' title='bbox 3395 5112 3460 5150; x_wconf 88' lang='lat' dir='ltr'><strong>ac</strong></span> <span class='ocrx_word' id='word_1_818' title='bbox 3489 5095 3646 5166; x_wconf 88' lang='lat' dir='ltr'><strong>plebe</strong></span> 
     </span>
    </p>
   </div>
   <div class='ocr_carea' id='block_1_112' title="bbox 2061 5187 3648 5265">
    <p class='ocr_par' dir='ltr' id='par_1_112' title="bbox 2061 5187 3648 5265">
     <span class='ocr_line' id='line_1_112' title="bbox 2061 5187 3648 5265; baseline -0.007 -15"><span class='ocrx_word' id='word_1_819' title='bbox 2061 5201 2228 5259; x_wconf 88' lang='lat' dir='ltr'><strong>esset,</strong></span> <span class='ocrx_word' id='word_1_820' title='bbox 2263 5205 2485 5265; x_wconf 83' lang='lat' dir='ltr'><strong>repente</strong></span> <span class='ocrx_word' id='word_1_821' title='bbox 2522 5191 2769 5247; x_wconf 88' lang='lat' dir='ltr'><strong>redditur</strong></span> <span class='ocrx_word' id='word_1_822' title='bbox 2800 5198 3126 5261; x_wconf 72' lang='lat' dir='ltr'><strong>praeceptor,</strong></span> <span class='ocrx_word' id='word_1_823' title='bbox 3171 5202 3396 5257; x_wconf 65' lang='lat' dir='ltr'><strong>prteses,</strong></span> <span class='ocrx_word' id='word_1_824' title='bbox 3449 5187 3648 5242; x_wconf 77' lang='lat' dir='ltr'><strong>doctor</strong></span> 
     </span>
    </p>
   </div>
   <div class='ocr_carea' id='block_1_113' title="bbox 2062 5281 3642 5358">
    <p class='ocr_par' dir='ltr' id='par_1_113' title="bbox 2062 5281 3642 5358">
     <span class='ocr_line' id='line_1_113' title="bbox 2062 5281 3642 5358; baseline -0.004 -17"><span class='ocrx_word' id='word_1_825' title='bbox 2062 5286 2319 5358; x_wconf 87' lang='lat' dir='ltr'><strong>pietatis,</strong></span> <span class='ocrx_word' id='word_1_826' title='bbox 2373 5284 2763 5356; x_wconf 83' lang='lat' dir='ltr'><strong>mysteriorum</strong></span> <span class='ocrx_word' id='word_1_827' title='bbox 2812 5281 3095 5336; x_wconf 86' lang='lat' dir='ltr'><strong>latentium</strong></span> <span class='ocrx_word' id='word_1_828' title='bbox 3159 5281 3357 5349; x_wconf 64' lang='lat' dir='ltr'><strong>praesul</strong></span> <span class='ocrx_word' id='word_1_829' title='bbox 3406 5299 3421 5335; x_wconf 87' lang='lat'><strong>:</strong></span> <span class='ocrx_word' id='word_1_830' title='bbox 3466 5295 3642 5350; x_wconf 89' lang='lat' dir='ltr'><strong>eaque</strong></span> 
     </span>
    </p>
   </div>
   <div class='ocr_carea' id='block_1_114' title="bbox 2064 5360 3647 5449">
    <p class='ocr_par' dir='ltr' id='par_1_114' title="bbox 2064 5360 3647 5449">
     <span class='ocr_line' id='line_1_114' title="bbox 2064 5360 3647 5449; baseline -0.007 -15"><span class='ocrx_word' id='word_1_831' title='bbox 2064 5378 2394 5449; x_wconf 81' lang='lat' dir='ltr'><strong>contingunt</strong></span> <span class='ocrx_word' id='word_1_832' title='bbox 2439 5376 2512 5442; x_wconf 90' lang='lat' dir='ltr'><strong>ei,</strong></span> <span class='ocrx_word' id='word_1_833' title='bbox 2562 5360 2687 5430; x_wconf 77' lang='lat' dir='ltr'><strong>eum</strong></span> <span class='ocrx_word' id='word_1_834' title='bbox 2742 5375 2880 5429; x_wconf 89' lang='lat' dir='ltr'><strong>nihil</strong></span> <span class='ocrx_word' id='word_1_835' title='bbox 2920 5373 3005 5427; x_wconf 86' lang='lat' dir='ltr'><strong>vel</strong></span> <span class='ocrx_word' id='word_1_836' title='bbox 3045 5386 3297 5440; x_wconf 83' lang='lat' dir='ltr'><strong>corpore,</strong></span> <span class='ocrx_word' id='word_1_837' title='bbox 3345 5371 3429 5428; x_wconf 84' lang='lat' dir='ltr'><strong>vel</strong></span> <span class='ocrx_word' id='word_1_838' title='bbox 3471 5372 3647 5426; x_wconf 78' lang='lat' dir='ltr'><strong>[arma</strong></span> 
     </span>
    </p>
   </div>
   <div class='ocr_carea' id='block_1_115' title="bbox 2038 5463 3646 5541">
    <p class='ocr_par' dir='ltr' id='par_1_115' title="bbox 2038 5463 3646 5541">
     <span class='ocr_line' id='line_1_115' title="bbox 2038 5463 3646 5541; baseline -0.006 -16"><span class='ocrx_word' id='word_1_839' title='bbox 2038 5477 2332 5538; x_wconf 84' lang='lat' dir='ltr'><strong>‘mutatus,</strong></span> <span class='ocrx_word' id='word_1_840' title='bbox 2378 5469 2472 5526; x_wconf 90' lang='lat' dir='ltr'><strong>sed</strong></span> <span class='ocrx_word' id='word_1_841' title='bbox 2507 5466 2763 5541; x_wconf 82' lang='lat' dir='ltr'><strong>quod-ad</strong></span> <span class='ocrx_word' id='word_1_842' title='bbox 2807 5466 3042 5538; x_wconf 87' lang='lat' dir='ltr'><strong>speciem</strong></span> <span class='ocrx_word' id='word_1_843' title='bbox 3094 5473 3377 5519; x_wconf 81' lang='lat' dir='ltr'><strong>externam</strong></span> <span class='ocrx_word' id='word_1_844' title='bbox 3431 5463 3646 5528; x_wconf 85' lang='lat' dir='ltr'><strong>attinet,</strong></span> 
     </span>
    </p>
   </div>
   <div class='ocr_carea' id='block_1_116' title="bbox 2062 5556 3647 5634">
    <p class='ocr_par' dir='ltr' id='par_1_116' title="bbox 2062 5556 3647 5634">
     <span class='ocr_line' id='line_1_116' title="bbox 2062 5556 3647 5634; baseline -0.002 -20"><span class='ocrx_word' id='word_1_845' title='bbox 2062 5561 2153 5617; x_wconf 87' lang='lat' dir='ltr'><strong>ille</strong></span> <span class='ocrx_word' id='word_1_846' title='bbox 2205 5562 2295 5629; x_wconf 91' lang='lat' dir='ltr'><strong>sit,</strong></span> <span class='ocrx_word' id='word_1_847' title='bbox 2335 5563 2426 5634; x_wconf 91' lang='lat' dir='ltr'><strong>qui</strong></span> <span class='ocrx_word' id='word_1_848' title='bbox 2484 5571 2624 5628; x_wconf 86' lang='lat' dir='ltr'><strong>erat,</strong></span> <span class='ocrx_word' id='word_1_849' title='bbox 2669 5558 2928 5618; x_wconf 88' lang='lat' dir='ltr'><strong>invisibili</strong></span> <span class='ocrx_word' id='word_1_850' title='bbox 2972 5556 3208 5628; x_wconf 87' lang='lat' dir='ltr'><strong>quadam</strong></span> <span class='ocrx_word' id='word_1_851' title='bbox 3248 5558 3296 5614; x_wconf 90' lang='lat' dir='ltr'><strong>vi</strong></span> <span class='ocrx_word' id='word_1_852' title='bbox 3333 5574 3397 5614; x_wconf 85' lang='lat' dir='ltr'><strong>ac</strong></span> <span class='ocrx_word' id='word_1_853' title='bbox 3446 5558 3647 5630; x_wconf 72' lang='lat' dir='ltr'><strong>gratia,</strong></span> 
     </span>
    </p>
   </div>
   <div class='ocr_carea' id='block_1_117' title="bbox 2297 5700 2331 5729">
    <p class='ocr_par' dir='ltr' id='par_1_117' title="bbox 2297 5700 2331 5729">
     <span class='ocr_line' id='line_1_117' title="bbox 2297 5700 2331 5729; baseline 0 -2"><span class='ocrx_word' id='word_1_854' title='bbox 2297 5700 2331 5729; x_wconf 66' lang='grc' dir='ltr'>,Ι</span> 
     </span>
    </p>
   </div>
  </div>
