4084 6158
477 293 585 350 583

1684 296 1742 353 Β.
1776 295 2107 354 GREGURII
2147 295 2440 353 NYSSENI

3632 300 3734 354 581

473 406 806 462 invisibilem
840 408 1078 462 animam
1128 409 1185 464 in
1240 408 1436 465 melius
1482 408 1930 467 transformatam
1958 429 2046 484 ge-

2159 413 2389 482 άόρατον
2412 414 2590 485 ψυχὴν
2624 411 3076 484 μεταμορφωθεὶς
3107 413 3241 482 πρὸς
3273 412 3332 464 τὸ
3366 412 3594 483 βέλτιον.
3632 411 3736 469 Καὶ

474 515 622 554 rens.
657 499 835 569 Atque
869 500 946 553 ita
972 499 1039 553 ad
1090 501 1291 555 multas
1330 518 1418 557 res
1453 502 1696 557 animum
1737 505 2051 573 advertens,

475 590 879 659 contemnenda
933 591 1153 659 quidem
1200 593 1409 648 videbis
1452 609 1551 660 ea,
1602 611 1721 664 quae
1766 604 2051 666 apparent,

475 697 674 750 magna
718 697 869 745 vero,
906 698 1028 752 quae
1069 684 1139 737 ab
1189 684 1298 740 illis
1326 685 1677 742 efﬁciuntur:
1714 703 1778 742 ac
1818 689 2054 743 maxime

477 787 598 827 eum
631 787 696 826 ex
730 773 895 827 veteri
943 774 1170 830 historia
1209 786 1438 846 cognata
1472 787 1635 847 atque
1679 779 1879 833 similia
1904 778 2048 848 ejus,

472 863 539 915 de
588 877 698 932 quo
749 865 1039 937 quaeritur,
1092 868 1399 936 argumenti
1442 870 1693 939 exempla
1741 871 2049 941 collegeris.

470 950 635 1024 Virga
672 952 896 1021 Moysis,
926 957 1076 1027 virga
1106 966 1226 1013 erat
1255 974 1286 1014 e
1308 976 1447 1015 nuce
1479 976 1577 1017 seu
1602 964 1809 1033 corylo.
1841 962 2049 1019 Etenim

467 1046 599 1114 quid
627 1046 774 1101 aliud
809 1056 973 1117 atque
1017 1049 1226 1120 lignum
1254 1067 1567 1119 commune,
1607 1058 1751 1124 quod
1791 1070 1821 1108 a
1866 1055 2052 1126 cujus-

470 1154 579 1207 que
610 1155 774 1194 manu
805 1142 1035 1196 cmditur
1061 1151 1115 1197 et
1143 1153 1420 1213 portatur,
1456 1156 1509 1199 ct
1567 1145 1928 1201 concinnatur
1958 1147 2052 1200 ad-

467 1237 800 1298 0ptaturque
829 1230 897 1284 ad
930 1231 982 1283 id
1010 1234 1154 1301 quod
1179 1234 1355 1290 visum
1384 1236 1572 1303 fuerit,
1591 1244 1644 1292 et
1674 1237 1782 1307 igni
1805 1237 1873 1291 ad
1908 1239 2052 1293 arbi-

468 1319 633 1372 trium
688 1320 951 1374 traditur?
984 1321 1084 1377 Ubi
1132 1334 1313 1381 autem
1361 1326 1504 1383 Dens
1536 1329 1711 1384 voluit
1763 1344 1860 1398 per
1900 1330 2050 1384 illam

465 1407 687 1464 efﬁcere
727 1411 983 1465 sublimia
1018 1414 1132 1477 illa,
1159 1429 1390 1488 quaeque
1423 1421 1576 1474 nulla
1610 1422 1660 1474 vi
1695 1421 1912 1477 dicendi
1961 1436 2051 1475 ex-

469 1501 630 1570 primi
700 1492 964 1571 po'ssunt,
1017 1504 1303 1573 miracula,
1366 1512 1687 1566 mutabatur
1731 1514 1938 1584 lignum
1991 1513 2048 1568 in

468 1599 778 1659 serpentem
802 1590 846 1643 ⁸.
884 1591 951 1644 Et
997 1592 1126 1649 item
1166 1596 1298 1652 alibi
1329 1602 1643 1667 percutiens
1678 1618 1872 1675 aquas,
1913 1604 2049 1658 alias

466 1679 688 1748 quidem
738 1680 793 1734 in
852 1683 1186 1753 sanguincm‘
1229 1701 1426 1756 aquam
1481 1691 1802 1762 redigebat“
1854 1710 1867 1746 :
1912 1692 2050 1746 alias

2162 504 2333 568 οῦτως
2371 506 2462 558 ἐπὶ
2495 505 2665 558 πολλὰ
2702 505 2810 557 τῶν
2853 504 3190 575 πραγμάτων
3236 504 3415 574 φέρων
3458 505 3551 557 τὸν
3592 507 3732 565 νοῦν.

2162 595 2613 666 εὐκαταφρόνητα
2660 595 2761 664 μὲν
2801 586 2919 663 ὄψει
2965 595 3034 647 τὰ
3064 593 3395 663 φαινόμενα,
3435 595 3647 664 μεγάλᾳ
3684 596 3737 649 δὲ

2160 684 2228 736 τὰ
2256 685 2348 737 ἀπ’
2378 685 2601 738 ἐκείνων
2629 684 2926 754 τελούμενα
2948 702 2960 714 ·
2985 684 3079 738 καὶ
3104 684 3357 763 μάλιρτα,
3387 684 3516 739 ὅταν
3547 688 3612 738 ἐκ
3637 686 3735 755 τῆς

2161 774 2395 837 παλαιᾶς
2440 776 2678 847 ἱστορίας
2709 776 2940 847 ἁναλέξῃ
2969 776 3040 828 τά
3076 776 3314 845 συγγενῆ
3342 775 3436 829 τοῦ
3471 776 3737 846 ζητουμέ-

2160 883 2251 919 νου
2287 866 2379 919 καὶ
2412 868 2594 937 ὅμοια.
2627 864 2731 919 Τοῦ
2770 866 3046 929 Μωῠσέως
3082 868 3115 937 ἡ
3152 866 3347 937 ῥάόδος
3376 863 3443 938 ἦν
3479 869 3730 938 καρυῖνη.

2160 957 2268 1009 Kal.
2292 957 2344 1009 τί
2373 954 2481 1026 γὰρ
2496 955 2641 1021 ἄλλο,
2669 955 2703 1027 ἢ
2733 955 2886 1020 ξύλον
2913 955 3088 1008 κοινὸν
3106 995 3120 1020 ,
3155 956 3183 1009 ὃ
3221 956 3370 1009 πᾶσα
3394 956 3515 1027 χεὶρ
3544 958 3733 1010 κόπτει

2159 1049 2254 1102 καὶ
2282 1049 2473 1120 φέρει,
2505 1048 2756 1119 ῥυθμίζει
2783 1065 2844 1102 τε
2871 1049 3007 1120 πρὸς
3039 1048 3099 1102 τό
3126 1049 3338 1111 δοκοῦν,
3368 1051 3461 1104 καὶ
3491 1050 3571 1116 τῷ
3599 1053 3733 1122 πυρὶ

2158 1140 2278 1192 κατ’
2318 1139 2565 1204 ἐξουσίαν
2599 1138 2844 1205 δίδωσιν;
2877 1138 3079 1200 ζΗνίκα
3126 1139 3182 1192 δὲ
3225 1142 3253 1192 ὁ
3294 1139 3426 1203 Θεὸς
3468 1140 3731 1211 ἠθέλησεν

2156 1229 2465 1283 ἐπιτελέσαι
2485 1229 2552 1283 δι’
2577 1229 2792 1298 ἐκείνης
2819 1228 2887 1282 τὰ
2911 1229 3094 1300 ὑψηλά
3122 1231 3216 1284 καὶ
3247 1229 3342 1283 τοῦ
3368 1230 3527 1298 λόγου
3557 1232 3753 1302 κρείτ--

2156 1338 2284 1387 τονα
2321 1320 2607 1391 θαύματα,
2642 1321 2994 1391 μετεϐάλλετο
3032 1323 3092 1376 τὸ
3123 1321 3275 1389 ξύλον
3319 1325 3397 1386 είς
3439 1324 3583 1392 ὅφιν.
3622 1323 3732 1376 Kal.

2158 1410 2319 1466 πάλιν
2359 1408 2584 1480 ἑτέρωθι
2613 1408 2832 1462 τύπτων
2862 1409 2932 1463 τά
2976 1410 3171 1475 ῦδατα,
3213 1411 3344 1463 ποτέ
3374 1411 3473 1482 μὲν
3506 1406 3643 1481 αἷμα
3669 1411 3732 1464 τὸ

2157 1500 2301 1571 ὕδωρ
2349 1501 2557 1565 ἐποίει,
2621 1500 2751 1553 ποτὲ
2791 1500 2849 1554 δὲ
2892 1500 3178 1572 βατράχων
3227 1501 3392 1571 γονὴν
3441 1503 3730 1568 ἀνέϐλυζεν

2155 1592 2397 1664 ἄπειρον.
2432 1591 2541 1645 Kal.
2579 1591 2739 1645 πάλιν
2774 1592 2874 1663 τὴν
2906 1592 3172 1646 θάλατταν
3200 1592 3390 1661 ἔτεμνε
3426 1593 3588 1665 μέχρι
3633 1594 3726 1665 βυ-

2157 1684 2266 1736 θῶν
2320 1682 2751 1754 διακοπτομένην
2796 1685 2890 1738 καὶ
2957 1685 3033 1755 μὴ
3079 1683 3432 1755 συρρἐυσαν.
3498 1687 3729 1756 Ὁμοίως

466 1785 597 1824 vero
638 1785 893 1826 ranarum
925 1772 1093 1827 fetum
1136 1774 1412 1831 infinitum
1453 1779 1649 1836 edebat
1678 1797 1743 1838 ac
1780 1783 2046 1853 produce-

2151 1774 2268 1838 ἐνὸς
2297 1773 2405 1827 τῶν
2438 1776 2731 1846 προφητῶν
2770 1775 2994 1847 μηλωτὴ
3013 1816 3027 1841 ,
3064 1778 3218 1844 αἰγὸς
3244 1772 3377 1830 οὖσα
3404 1778 3601 1850 δέρμα,
3631 1781 3721 1834 λό-

465 1859 593 1915 bat'
627 1877 642 1915 :
673 1872 969 1938 et‘rursus
1018 1878 1171 1920 mare
1218 1867 1522 1935 scindebat,
1564 1872 1713 1941 quod
1763 1890 1935 1944 usque
1980 1875 2047 1928 ad

466 1950 637 2004 immn
687 1952 912 2007 fundum
967 1955 1351 2022 diducebatur,
1408 1966 1462 2014 et
1508 1975 1614 2014 non
1671 1962 2046 2018 conﬂuebat“.

465 2038 731 2096 Similiter
776 2044 940 2098 unius
981 2046 1258 2114 propheta:
1298 2048 1674 2104 indumentum
1704 2092 1718 2117 ,
1749 2055 1894 2122 quod
1929 2062 2049 2107 erat

463 2145 539 2210 cx‘
589 2131 727 2199 pelle
784 2134 1043 2202 caprina,
1097 2133 1349 2191 Eliszcum
1409 2154 1506 2207 per
1560 2148 1730 2194 totum
1777 2149 2046 2195 terrarum

464 2218 651 2295 orbem
716 2220 860 2275 fama
915 2223 1252 2278 celebratum
1306 2226 1508 2282 clfecit.
1580 2226 1809 2300 Ligmun
1866 2241 2047 2286 autem

467 2310 654 2365 crucis
699 2313 959 2368 omnibus
1007 2314 1322 2372 hominibus
1369 2318 1611 2374 salutare
1657 2330 1760 2385 est,
1809 2336 1932 2376 cum
1978 2323 2050 2375 sit

464 2416 613 2471 pars,
673 2409 735 2457 ut
801 2403 987 2470 audio,
1052 2405 1266 2462 arboris
1323 2407 1470 2471 vilis,
1526 2411 2050 2481 contemptiorisque

464 2508 630 2563 quam
686 2492 806 2548 alia)
865 2495 1052 2552 multa:
1120 2497 1253 2551 sint.
1315 2496 1382 2550 Et
1445 2498 1625 2555 frutex
1683 2502 1804 2556 rubi
1876 2500 2047 2573 Moysi

465 2585 685 2640 divinas
755 2586 1131 2655 apparitiones’
1186 2589 1495 2645 ostendit“.
1546 2593 1678 2647 Item
1736 2593 1910 2648 Elisaai
1966 2609 2049 2649 re-

467 2675 651 2747 liquiae
710 2686 990 2732 mortuum
1058 2681 1442 2737 excitaverunt
1486 2683 1560 2750 ¹⁰;
1610 2692 1665 2739 et
1713 2685 1885 2740 lutum
1943 2701 2048 2741 ca:-

467 2782 593 2819 cum
632 2781 698 2822 ex
738 2776 896 2823 utero
964 2770 1157 2824 matris
1221 2780 1410 2825 natum
1479 2773 1826 2828 illuminavit.
1870 2775 2049 2846 Atque

468 2856 584 2912 haec
636 2858 820 2912 omnia
855 2874 979 2914 cum
1029 2862 1274 2916 materiae
1338 2864 1449 2919 sint
1500 2865 1815 2919 inanimatae
1882 2876 2049 2937 atque

466 2963 667 3004 sensus
704 2958 978 3020 expertes,
1022 2963 1379 3024 posteaquam
1414 2956 1523 3010 vim
1563 2956 1656 3011 Dei
1686 2957 2045 3027 accepissent,

476 3041 693 3111 magnis
729 3040 1016 3096 miracuiis
1075 3043 1256 3098 media
1297 3044 1747 3104 intercesserunt.
1771 3047 1850 3103 Ac
1878 3049 2043 3105 simili

468 3131 867 3200 consequentia
939 3133 1212 3187 rationum
1245 3175 1259 3200 ,
1307 3135 1470 3190 etiam
1524 3152 1687 3207 aqua,
1740 3155 1865 3194 cum
1910 3141 2048 3196 nihil

468 3222 617 3276 aliud
664 3222 926 3292 sitquam
972 3238 1148 3293 aqua,
1188 3240 1424 3294 superna
1468 3230 1644 3298 gratia
1696 3229 2051 3288 bcnedicente

468 3310 542 3375 ei,
578 3312 632 3364 in
672 3326 790 3365 eam
818 3326 940 3382 qua:
988 3321 1169 3368 mente
1203 3315 1526 3385 percipitur,
1566 3317 1843 3372 hominem
1885 3335 2047 3376 reno-

468 3411 561 3456 vat
584 3403 1085 3473 regenerationem,
1120 3402 1276 3470 Quod
1313 3406 1359 3461 si
1394 3406 1521 3477 quis
1546 3407 1678 3461 mihi
1715 3423 1908 3465 rursus
1944 3411 2048 3465 du-

470 3493 694 3548 bitando
736 3501 789 3547 ct
843 3494 1170 3566 ambigendo
1227 3498 1504 3568 negatium
1534 3498 1809 3563 exhibeat,
1869 3502 2048 3554 conli-

471 3593 667 3640 nenter
687 3584 1036 3656 interrogans
1066 3595 1119 3640 et
1157 3588 1472 3651 sciscitans,
1506 3606 1612 3661 qua
1645 3592 1854 3647 ratione
1884 3607 2046 3662 aqua,

466 3691 531 3731 an
585 3692 704 3747 quae
736 3693 831 3747 per
870 3678 1017 3733 illam
1060 3681 1361 3752 peragitur,
1402 3682 1713 3738 initiatione
1743 3693 2045 3755 rcgeneret,

465 3768 646 3821 dicam
673 3769 880 3838 optimo
916 3768 1040 3839 jure
1080 3770 1298 3826 adeum
1339 3791 1352 3827 :
1386 3773 1627 3830 Ostende
1646 3774 1779 3830 mihi
1823 3775 2045 3831 modum

467 3860 808 3923 nativitatis,
839 3875 960 3929 quae
998 3862 1056 3914 fit
1082 3862 1384 3916 secundum
1421 3878 1642 3919 carnem
1671 3883 1685 3932 ;
1729 3873 1784 3920 et
1814 3881 1917 3936 ego
1947 3868 2045 3924 tibi

469 3952 577 4004 vim
631 3951 1090 4019 regenerationis,
1151 3968 1273 4023 qua:
1335 3956 1640 4009 secundum
1682 3958 1920 4012 animam
1966 3959 2044 4023 ﬁt,

470 4054 765 4108 exponam.
794 4041 952 4096 Dices
983 4040 1218 4100 fortasse
1262 4046 1420 4116 quasi
1453 4048 1745 4117 quamdam
1780 4051 2043 4106 rationem

472 4129 709 4185 reddens
748 4148 762 4186 :
796 4131 993 4187 Semen
1027 4149 1193 4189 causa
1230 4135 1471 4194 hominis
1519 4138 1756 4196 eﬂ‘ectrix
1788 4150 1892 4196 est.
1934 4144 2047 4197 Au-

471 4220 527 4275 di
588 4221 755 4292 igitur
787 4231 982 4277 contra
1024 4239 1053 4276 a
1080 4226 1261 4292 nobis,
1294 4228 1437 4297 quod
1476 4245 1617 4300 aqua
1665 4247 1785 4302 quae
1833 4233 2048 4289 benedi-

471 4315 636 4377 citur,
670 4321 865 4385 purgat
890 4322 942 4370 ct
973 4316 1242 4370 illuminat
1293 4319 1589 4375 hominem.
1624 4323 1777 4389 Quod
1808 4325 1853 4379 si
1911 4325 2044 4379 mihi

2149 1882 2244 1933 γον
2275 1865 2373 1935 τῆς
2401 1868 2724 1935 οἰκουμένης
2747 1867 2838 1920 τὸν
2883 1867 3181 1920 Ἐλισσαῖον
3219 1869 3533 1939 εἰργάσατο.
3566 1871 3639 1923 Τὸ
3668 1871 3725 1924 δέ

2149 1956 2242 2010 τοῦ
2273 1956 2504 2026 σταυροῦ
2538 1955 2710 2023 ξύλον,
2753 1958 2918 2011 πᾶσιν
2945 1957 3251 2029 ἀνθρώποις
3284 1960 3403 2013 ἐστὶ
3436 1962 3722 2033 σωτήριον,

2153 2048 2317 2121 μέρος
2346 2047 2424 2115 ὃν,
2461 2048 2537 2112 ὡς
2560 2048 2762 2115 ἀκούω,
2784 2040 3256 2121 εὐκαταφρονήτου
3281 2040 3468 2120 φυτοῦ,
3493 2053 3589 2106 καὶ
3611 2053 3722 2106 τῶν

2149 2137 2361 2192 πολλῶν
2381 2138 2721 2209 ἀτιμοτέρου.
2749 2140 2858 2191 Καὶ
2889 2138 3090 2208 θάμνος
3121 2138 3282 2209 βάτου
3306 2141 3384 2211 τῷ
3406 2142 3631 2195 Μωῦσεῖ
3658 2143 3734 2194 τὰ.

2149 2229 2373 2300 θεοφάνε
2383 2248 2435 2282 ια
2449 2231 2614 2297 ἔδειξε
2632 2248 2644 2261 ·
2665 2232 2758 2285 καὶ
2774 2229 2865 2283 τοῦ
2894 2229 3196 2284 Ἐλισσαίου
3211 2231 3279 2284 τά
3290 2230 3517 2302 λείψανα
3532 2231 3728 2302 νεκρὸν

2149 2321 2432 2387 ἀνέστησε·
2471 2321 2564 2373 καὶ
2588 2319 2755 2391 πηλὸς
2777 2319 2866 2371 τὸν
2892 2320 3088 2389 τυφλὸν
3117 2319 3206 2372 τὸν
3251 2322 3315 2373 ἐκ
3354 2321 3559 2384 κοιλίας
3579 2320 3725 2391 ἐφὼσ

2147 2428 2287 2465 τισε.
2322 2411 2429 2465 Καὶ
2461 2412 2631 2465 ταῦτα
2669 2411 2845 2464 πάντα
2879 2411 3001 2465 ὐλαι
3033 2412 3367 2481 τυγχάνοντα
3408 2411 3603 2482 άψυχοι
3633 2414 3727 2465 καὶ

2147 2504 2460 2574 ἀναίσθητοι
2486 2508 2598 2569 τοῖς
2632 2500 2885 2576 μεγάλοις
2917 2502 3187 2575 θαύμασιν
3211 2505 3589 2575 ἐμεσίτευσαν,
3621 2504 3735 2575 τὴνε

2146 2594 2241 2648 τοῦ
2258 2594 2394 2648 Θεοῦ
2415 2593 2682 2666 δεξάμενα
2703 2594 2948 2666 δύναμιν.
2979 2596 3137 2649 Κατὰ
3165 2595 3221 2647 δὲ
3250 2594 3348 2664 τὴν
3374 2594 3565 2663 ὁμοίαν
3594 2594 3725 2647 ἀκο-

2147 2684 2366 2739 λουθίαν
2387 2685 2492 2738 τῶν
2511 2683 2800 2755 λογισμῶν,
2827 2684 2918 2737 καὶ
2946 2682 3006 2736 τὸ
3034 2681 3176 2750 ὕδωρ
3203 2680 3507 2737 οὐδὲνᾶλλο
3526 2680 3725 2750 τυγχά-

2148 2796 2238 2832 νον
2261 2778 2294 2849 ἢ
2325 2778 2487 2847 ὔδωρ,
2513 2775 2846 2840 ἀνακαινίζει
2864 2776 2956 2829 τὸν
2994 2774 3281 2846 ἄνθρωπον
3303 2775 3383 2837 είς
3401 2771 3499 2842 τὴν
3526 2771 3723 2842 νοητὴν

2147 2871 2532 2940 ἀναγέννησιν,
2577 2870 2676 2940 τῆς
2703 2868 2908 2923 ἄνωθεν
2948 2868 3165 2938 χάριτος
3205 2866 3532 2937 εὐλογούσης
3572 2866 3720 2920 αὐτό.

2162 2963 2288 3016 Ἐάν
2309 2962 2366 3016 δέ
2391 2977 2481 3031 μοι
2510 2960 2671 3014 πάλιν
2695 2959 2956 3024 διστάζων
2975 2977 3056 3023 τις
3082 2960 3175 3013 καὶ
3203 2958 3558 3029 ἁμφιϐάλλων
3586 2958 3721 3028 πρά-

2149 3071 2336 3125 γματα
2365 3050 2579 3123 παρέχῃ
2597 3089 2612 3114 ,
2644 3048 2879 3120 συνεχῶς
2910 3049 3126 3120 ἐρωτῶν
3165 3050 3259 3103 καὶ
3289 3046 3720 3118 διαπυνθανόμεο

2151 3163 2241 3209 νος
2260 3185 2274 3209 ,
2300 3145 2431 3207 ’πῶς
2461 3142 2604 3213 ὕδωρ
2629 3143 2900 3213 ἁναγεννᾷ
2922 3142 3016 3196 καὶ
3045 3143 3077 3212 ἡ
3108 3144 3191 3195 ἐπ’
3214 3142 3406 3213 ἐκείνῳ
3429 3141 3720 3210 τελουμένη

2155 3236 2529 3309 μυσταγωγία,
2577 3234 2714 3300 λέξω
2744 3234 2889 3309 ,πρὸς
2930 3233 3091 3287 αὑτὸν
3118 3234 3466 3287 δικαιότατα·
3519 3232 3720 3301 Στῆσόν

2155 3302 2242 3400 μοι
2269 3302 2359 3382 τὸν
2379 3302 2579 3398 τρόπον
2598 3325 2695 3397 τῆς
2717 3302 3019 3396 γεννήσεως
3035 3325 3131 3395 τῆς
3163 3325 3300 3378 κατὰ
3333 3325 3511 3395 σάρκα
3528 3340 3543 3356 ·
3571 3322 3721 3390 κάγώ

2152 3437 2233 3472 σοι
2258 3418 2585 3490 διηγήσομαι
2613 3416 2712 3487 τῆς
2756 3414 2898 3469 κατὰ
2945 3414 3120 3485 ψυχὴν
3158 3413 3576 3483 παλιγγενεσίας
3622 3413 3719 3483 τὴν

2149 3509 2396 3579 δύναμιν.
2462 3507 2639 3578 Ἐρεῖς
2690 3506 2874 3576 τυχὸν,
2924 3505 2999 3570 ῶς
3034 3523 3158 3559 τινα
3210 3505 3365 3574 λόγον
3417 3502 3715 3566 ἀποδιδούς·

2151 3600 2471 3672 Σπερματος
2496 3598 2645 3679 αἰτία
2676 3599 2823 3649 ποιεῖ
2848 3596 2939 3650 τὸν
2968 3596 3273 3669 ἄνθρωπον.
3305 3595 3580 3649 Αὑτάκουε
3614 3594 3720 3647 τοί-

2150 3705 2244 3740 νυν
2273 3688 2367 3739 καὶ
2390 3685 2519 3757 παρ’
2551 3682 2732 3755 ἡμῶν,
2764 3683 2839 3746 ὡς
2875 3682 3016 3754 ὕδωρ
3044 3681 3431 3754 εὐλογούμενον
3475 3682 3718 3751 καθαίρει

2150 3779 2244 3834 καὶ
2284 3777 2504 3849 φωτίζει
2542 3776 2635 3830 τὸν
2678 3773 2981 3846 ἄνθρωπον.
3018 3776 3114 3828 Ἂν
3160 3773 3217 3827 δέ
3262 3790 3352 3842 μοι
3399 3774 3558 3827 πάλιν
3592 3775 3714 3826 ἀνυ-

2152 3868 2496 3942 υπωὶρούσῃς
2524 3868 2604 3932 τὸ,
2640 3867 2792 3930 πῶς.;
2825 3865 3210 3938 ἀντιϐοήσομαί
3235 3882 3315 3918 σοι
3341 3865 3707 3937 σφοδρότερον·

2150 3962 2274 4025 Πῶς
2301 3964 2335 4032 ἡ
2372 3959 2516 4031 ὑγρὰ
2542 3960 2635 4013 καὶ
2661 3959 2906 4030 ἄμορφος
2934 3956 3119 4019 οὐσία,
3156 3954 3442 4026 ἄνθρωπος
3475 3954 3674 4024 γίνεται
3698 3968 3711 4013 ς

2148 4054 2259 4108 Καὶ
2291 4051 2432 4106 κατὰ
2460 4051 2640 4120 πάσης
2665 4050 2763 4119 τῆς
2786 4048 3016 4110 κτίσεως
3044 4045 3216 4109 οὕτως
3239 4046 3267 4098 ὁ
3301 4045 3457 4113 λόγος
3491 4044 3709 4115 προϐαί-

2148 4162 2254 4199 νων
2285 4145 2370 4212 ἐφ*
2397 4142 2611 4212 ἑκάστῳ
2661 4139 2946 4212 πράγματι
2975 4135 3445 4207 γυμνασθήσεται·
3482 4134 3596 4198 πιῖις
3626 4134 3710 4187 οὐ·

2153 4235 2344 4307 ρανόςς
2373 4233 2489 4297 πῶς
2513 4233 2583 4305 γῆ
2608 4249 2622 4297 ;
2653 4231 2769 4295 πῶς
2796 4229 3039 4284 θάλασσα
3062 4245 3077 4294 ;
3109 4227 3226 4291 πῶς
3253 4226 3322 4281 τά
3349 4226 3707 4289 καθέκαστονς

2150 4326 2432 4397 Πανταχοῦ
2471 4325 2580 4396 γὰρ
2621 4326 2650 4378 ό
2689 4320 2946 4392 λογισμὸς
2995 4321 3104 4374 τῶν
3151 4318 3452 4392 ἀνθρώπων
3498 4317 3710 4390 ἀπορῶν

472 4422 670 4462 rursus
711 4416 902 4461 contra
935 4408 1222 4478 subjicias,
1256 4413 1574 4480 quomodo?
1616 4415 1875 4470 Clamaho
1910 4431 2042 4471 con-

2151 4420 2283 4492 πρὸς
2309 4418 2406 4488 τὴν
2433 4417 2668 4489 εὕρεσιν,
2700 4414 2836 4485 πρὸς
2871 4412 3073 4484 ταύτην
3097 4410 3428 4480 καταφεύγει
3454 4410 3550 4481 τὴν
3590 4409 3711 4463 συλ-

471 4506 557 4550 tra
581 4504 633 4551 te
651 4497 1047 4561 vehementius,
1070 4501 1346 4568 quomodo
1368 4501 1586 4558 humida
1606 4511 1770 4574 atque
1793 4505 2042 4563 informis

471 4597 669 4642 natura
702 4590 863 4642 homo
897 4588 997 4643 fit?
1035 4590 1213 4660 Atque
1241 4590 1309 4646 de
1341 4593 1489 4647 omni
1520 4606 1767 4650 creatura
1801 4596 1875 4651 ita
1911 4612 2040 4653 ora-

471 4682 548 4735 tio
570 4682 947 4752 progrediens,
995 4683 1050 4736 in
1095 4699 1420 4755 unaquaque
1463 4701 1524 4741 re
1556 4687 1919 4757 exercebitur,
1948 4692 2040 4760 qui

470 4771 716 4827 coelum?
754 4771 1160 4842 quiterra?qui
1211 4778 1397 4829 mare?
1451 4777 1544 4846 qui
1587 4792 1676 4833 res
1706 4779 2044 4849 singulares?

475 4862 686 4931 Ubique
717 4864 859 4933 enim
896 4865 1037 4917 ratio
1078 4864 1356 4920 hominum
1410 4869 1476 4921 ad
1516 4868 1881 4924 inventionem
1922 4886 2048 4941 per-

469 4954 627 5022 plexa
657 4952 915 5006 haesitans
959 4952 1026 5006 ad
1066 4953 1206 5007 hanc
1244 4956 1504 5026 syllabam
1555 4957 1821 5029 confugit,
1879 4961 2038 5015 sicuti

468 5042 536 5095 ad
566 5042 774 5107 sellam,
803 5043 894 5112 qui
940 5043 1147 5113 ingredi
1174 5052 1227 5099 et
1252 5047 1532 5103 ambulare
1565 5064 1674 5103 non
1697 5058 1947 5120 possunt.
1977 5052 2041 5106 Et

468 5138 530 5185 ut
572 5145 687 5186 rem
742 5132 934 5201 paucis
966 5133 1268 5197 absolvam,
1306 5136 1508 5206 ubique
1535 5138 1718 5194 divina
1752 5142 1833 5196 vis
1859 5151 1913 5196 et
1935 5144 2041 5198 etii-

467 5224 674 5278 caeitas
704 5223 1280 5294 incomprehensibilis
1300 5237 1404 5291 est,
1424 5230 1680 5301 nullaque
1700 5234 1781 5286 vel
1807 5235 2040 5302 ratione,

467 5314 551 5368 vel
584 5321 701 5369 arte
731 5315 1014 5383 explorari
1045 5324 1244 5385 potest,
1269 5332 1463 5374 crcans
1485 5320 1701 5389 quidem
1732 5334 1892 5392 atque
1923 5340 2043 5393 pro-

467 5402 676 5459 ducens
698 5403 855 5460 facile
892 5421 1235 5477 quaecunque
1272 5409 1409 5475 vult,
1470 5411 1724 5467 subtilem
1786 5429 1913 5469 vero
1950 5431 2043 5469 co-

466 5496 763 5565 gnitionem
786 5496 1086 5552 emcientiae
1124 5513 1225 5555 nos
1256 5502 1460 5557 celans.
1501 5504 1681 5567 Quare
1718 5503 1880 5558 etiam
1909 5505 2037 5561 bea-

2146 4511 2338 4580 λαϐὴν,
2373 4507 2448 4571 ὡς
2483 4506 2617 4578 πρὸς
2658 4504 2923 4574 καθέδραν
2961 4503 3011 4555 οί
3060 4501 3137 4572 τῷ
3168 4500 3403 4573 βαδίζειν
3442 4500 3709 4554 ἀδύνατοι.

2146 4602 2257 4656 Καὶ
2280 4600 2365 4677 ἵνα
2388 4595 2621 4650 συνελὼν
2654 4596 2811 4655 εἴπω,
2841 4591 3113 4662 πανταχοῦ
3141 4593 3172 4662 ὴ
3204 4591 3298 4644 τοῦ
3326 4589 3462 4643 Θεοῦ
3490 4589 3713 4661 δύναμις

2147 4692 2244 4747 καὶ
2280 4687 2533 4760 ἐνέργεια
2576 4684 2958 4755 ἀκατάληπτός
2993 4685 3110 4736 ἐστι
3141 4683 3234 4736 καὶ
3266 4682 3710 4753 άτεχνολόγητος·

2148 4783 2428 4855 ύφιστῶσα
2462 4780 2561 4850 μὲν
2612 4778 2843 4839 εὐκόλως
2879 4778 3020 4849 άπερ
3067 4778 3134 4831 ἂν
3165 4776 3323 4849 ἐθέλῃ
3347 4818 3363 4843 ,
3401 4777 3499 4849 τὴν
3535 4779 3593 4831 δὲ
3628 4778 3711 4829 λε-

2145 4871 2389 4944 τπομερῆ
2420 4869 2618 4939 γνῶσιν
2640 4871 2736 4939 τῆς
2767 4868 3045 4938 ἐνεργείας
3066 4869 3195 4937 ἡμῖν
3215 4867 3600 4936 ἀποκρύψασα.
3627 4866 3712 4919 Διὸ

2147 4964 2241 5019 καὶ
2268 4964 2296 5016 ὁ
2342 4961 2608 5034 μακάριος
2641 4958 2804 5012 Δαόὶδ
2825 5000 2836 5021 ,
2872 4958 3170 5029 ἐπιστήσας
3203 4959 3330 5011 ποτέ
3358 4958 3449 5011 τὸν
3484 4958 3610 5013 νοῦν
3649 4959 3710 5026 τῇ

2150 5052 2595 5127 μεγαλοπρεπείᾳ
2626 5050 2725 5119 τῆς
2758 5048 2987 5112 κτίσεως
3006 5091 3023 5117 ,
3050 5049 3144 5103 καὶ
3182 5047 3458 5118 θαύματος
3505 5048 3710 5119 ἀπόρου

2148 5143 2454 5217 πληρωθεὶς
2484 5141 2582 5212 τὴν
2606 5139 2806 5210 ψυχὴν,
2851 5140 3028 5193 ἐκεῖνο
3060 5139 3122 5192 τὸ
3158 5138 3311 5211 παρὰ
3336 5139 3556 5193 πάντων
3590 5140 3715 5212 quae

2146 5252 2306 5309 μενον
2328 5232 2730 5302 ἀπεφθέγξατο·
2775 5232 2877 5297 Ὠς’
2897 5231 3268 5301 egi-2111.115701]
3302 5232 3370 5285 τὰ
3397 5232 3543 5302 ἔργα
3572 5248 3708 5293 σου.

2143 5314 2360 5396 (wits!
2402 5325 2600 5379 πάντα
2640 5323 2709 5376 ἐν
2734 5322 2919 5392 σοφίᾳ
2959 5322 3275 5390 ἐποίησας.
3311 5321 3422 5393 Τὴν
3473 5323 3574 5393 μὲν
3606 5323 3711 5394 γὰρ

2144 5415 2331 5483 σοφίαν
2386 5413 2668 5481 ἐνενόησε·
2712 5408 2806 5479 τὴν
2855 5409 2911 5461 δὲ
2968 5409 3162 5481 τέχνην
3216 5410 3316 5481 τῆς
3372 5413 3561 5481 σοφίας
3617 5415 3712 5484 οὐχ

2142 5500 2319 5576 εὗρεν.

467 5597 558 5643 tus
600 5586 766 5641 David
790 5603 913 5641 cum
945 5588 1240 5657 aliquando
1268 5593 1509 5645 animum
1536 5600 1589 5647 et
1611 5602 1847 5648 mentem
1874 5597 2215 5654 adhibuisset
2275 5598 2340 5650 ad
2375 5592 2830 5664 magniﬁcentiam
2898 5598 3183 5656 creatura),
3249 5592 3543 5681 animique
3595 5607 3710 5662 pcr-

538 5708 558 5738 ¹⁵
580 5704 753 5773 τιζιιοιι.
796 5722 867 5765 tv,
900 5706 934 5757 2
956 5721 1075 5773 sqq.

468 5777 512 5810 ⁸³
546 5774 613 5831 ιγ
647 5772 759 5842 ilvg
813 5791 928 5838 xm,
961 5772 1050 5827 ‘21.

1187 5707 1513 5775 “Exodvu,
1542 5710 1626 5765 Π.
1705 5710 1726 5743 ⁷
1770 5709 1939 5768 Exod.
1985 5730 2100 5782 rm,
2132 5715 2183 5768 6.
2230 5752 2237 5762 -
2297 5716 2315 5744 ⁸
2357 5714 2528 5769 Exod.
2560 5727 2685 5772 XIV,
2726 5709 2795 5762 ‘10
2851 5724 2969 5778 sqq.

3083 5709 3103 5740 ⁹
3158 5709 3324 5766 Exod.
3367 5726 3464 5769 tu.
3514 5710 3540 5763 ἰ
3589 5723 3703 5777 sqq.
