4084 6158
403 232 506 290 585

1607 222 2110 292 manusuam
2157 221 2433 279 CHRISTI

3547 215 3652 272 586

403 345 666 418 plexitate
707 345 778 400 ob
810 345 1188 401 inscrutabilia
1217 345 1478 400 miracula
1537 345 1778 413 repletus
1848 348 2015 407 esset,
2093 341 2227 394 illud
2269 339 2414 410 quod
2469 337 2538 393 ab
2584 335 2840 393 omnibus
2891 335 3108 391 canitur
3159 334 3399 390 notabile
3447 335 3653 390 dictum

403 438 824 508 pronuntiavit:
869 437 1084 504 Quanta
1142 437 1540 508 magniﬁcentia
1593 436 1824 505 perfecta
1871 439 1996 488 sunt
2032 448 2191 501 opera
2221 445 2334 497 tua,
2400 431 2622 486 Domine
2650 431 2672 484 ί
2700 430 2878 484 omnia
2922 446 3040 483 cum
3078 429 3340 497 sapientia
3375 427 3549 495 fecisti
3587 429 3649 480 ".

405 532 540 586 Nam
572 532 898 602 sapientiam
944 532 1167 602 quidem
1220 533 1405 586 animo
1460 531 1733 600 concepit,
1795 538 1971 584 artem
2008 542 2140 583 vero
2171 527 2452 596 sapientia:
2478 541 2585 580 non
2613 523 2840 580 invenit.

473 623 881 688 Καταλιπόντες
906 625 1084 676 τοίνυν
1116 625 1178 676 τὸ
1207 625 1346 695 ὑπὲρ
1375 624 1603 694 δύναμιν
1631 621 1975 693 ἀνθρωπικὴν

2154 618 2479 674 Omittentes
2533 617 2698 687 igitur
2757 615 3033 685 inquirere
3093 622 3258 684 atque
3295 612 3529 668 scrutari
3590 625 3656 666 ea

403 714 897 785 πολυπραγμονεῖν,
920 716 1116 769 ,ἐκεῖνο
1168 715 1368 784 μᾶλλον
1418 715 1759 784 ζητήσωμεν,
1807 711 1836 764 ὃ
1885 711 1979 763 καὶ

409 806 642 875 μερικὴν
659 805 947 872 ὑποφαίνει
970 804 1292 874 κατάληψιν·
1314 804 1470 867 Τίνος
1491 804 1674 856 ἕνεκεν
1693 803 1762 856 δι’
1784 802 1978 865 ὓδατος

400 899 434 967 ὴ
464 896 772 967 κάθαρσις;
813 897 908 949 καὶ
950 896 1084 966 πρὸς
1130 897 1289 949 ποίαν
1315 895 1506 966 χρείαν
1542 896 1598 948 αἱ
1628 897 1776 965 τρεῖς
1808 911 1980 947 κατα-

401 987 583 1050 δύσεις
626 985 1176 1057 παραλαμϐάνονταις
1220 987 1285 1038 Ὃ
1315 985 1492 1038 τοίνυν
1533 986 1628 1038 καὶ
1653 986 1701 1038 οἱ
1737 986 1980 1056 Πατέρες

405 1075 668 1139 ἐδίδαξαν,
693 1075 790 1128 καὶ
825 1076 854 1127 6
886 1074 1151 1145 ἡμέτερος
1184 1073 1308 1138 νοῦς
1339 1074 1718 1143 συντιθέμενος
1754 1074 1977 1127 κατεδέ-

407 1164 554 1228 ξατο,
585 1164 742 1218 τοῦτο
769 1165 1046 1234 τυγχάνει⁹
1079 1165 1332 1237 Τέσσαρα
1353 1168 1592 1236 στοιχεῖα
1618 1166 1975 1237 γνωρίζομεν,

405 1257 496 1325 ἀφ’
530 1250 604 1308 ὧν
641 1256 670 1307 6
713 1255 916 1326 κόσμος
951 1255 1063 1326 ἔχει
1089 1256 1186 1327 τὴν
1215 1256 1493 1320 σύστασιν,
1522 1257 1774 1329 γνώριμα
1819 1261 1974 1324 πᾶσι,

405 1347 509 1402 κᾶν
539 1347 786 1417 σιωπηθῇ
830 1347 899 1400 τά
939 1347 1198 1417 ὀνόματα.
1237 1348 1300 1400 Ei.
1348 1348 1403 1400 δὲ
1432 1349 1677 1419 προσῆκε
1699 1390 1712 1415 ,
1741 1350 1830 1403 διὰ
1850 1352 1978 1414 τοὺς

406 1437 824 1508 ἁπλουστέρους,
859 1438 954 1490 καὶ
980 1439 1077 1501 τὰς
1107 1440 1474 1510 προσηγορίας
1514 1443 1707 1494 εἰπεῖν·
1739 1441 1851 1512 πῦρ
1883 1444 1978 1496 καὶ¹

405 1529 532 1599 ἀὴρ,
565 1529 634 1598 γῆ
664 1529 756 1580 καὶ
787 1527 948 1598 ὕδωρ.
986 1529 1043 1580 '0
1071 1530 1248 1582 τοίνυν
1277 1530 1407 1592 Θεὸς
1437 1530 1592 1600 ἡμῶν
1626 1531 1718 1584 καὶ
1745 1532 1936 1604 Σωτὴρ
1957 1573 1973 1598 ,

403 1620 502 1689 τὴν
535 1619 675 1689 ὑπὲρ
696 1619 852 1688 ήμῶν
879 1620 1186 1690 οἰκονομίαν
1215 1619 1457 1691 πληρῶν,
1487 1621 1548 1674 τὸ
1575 1622 1833 1694 τέταρτον
1860 1625 1977 1678 τού-

403 1727 512 1762 των
541 1710 745 1780 ὑπῆλθε
775 1709 874 1780 τὴν
911 1711 1035 1780 γῆν,
1069 1711 1135 1764 ἶν’
1167 1711 1374 1765 ἐκεῖθεν
1402 1712 1500 1782 τὴν
1530 1712 1673 1784 ζωὴν
1700 1715 1974 1788 ἀνατείλῃ.

419 1799 607 1868 Ἡμεῖς
630 1799 687 1851 δὲ
724 1799 782 1851 τὸ
811 1799 1090 1870 βάπτισμα
1123 1802 1661 1874 παραλαμϐάνοντες,
1695 1807 1775 1869 είς
1805 1807 1976 1878 μίμη-

407 1908 489 1944 σιν
514 1892 608 1945 τοῦ
623 1892 823 1962 Κυρίου
843 1894 934 1945 καὶ
951 1893 1269 1947 διδασκάλου
1293 1896 1385 1948 καὶ
1405 1897 1776 1967 καθηγεμόνος
1797 1900 1974 1968 ἡμῶν.

404 1985 484 2045 είς
503 1982 606 2051 γῆν
635 1983 732 2052 μὲν
751 1983 812 2035 οὐ
841 1983 1156 2054 Θαπτὰμεθα
1173 1986 1192 2055 (
1211 1984 1346 2055 αὕτη
1370 1985 1478 2056 γὰρ
1497 1985 1591 2039 τοῦ
1617 1989 1977 2058 νεκρωοέντος

405 2073 681 2137 παντελῶς
711 2073 960 2144 σώματος
980 2076 1186 2144 γίνεται
1214 2077 1410 2148 σκέπη,
1439 2078 1537 2149 τὴν
1570 2080 1852 2135 ἀσθένειαν
1885 2083 1977 2134 καὶ

405 2164 608 2236 φθοράν
634 2167 730 2236 τῆς
769 2165 981 2234 φύσεως
1007 2168 1162 2238 ήμῶν
1189 2169 1639 2240 περιστέλλουσα)
1665 2198 1682 2237 ,
1713 2173 1805 2224 ἐπὶ
1832 2172 1888 2225 δὲ
1916 2171 1977 2224 τὸ

406 2256 666 2324 συγγενὲς
679 2259 777 2326 τῆς
794 2257 896 2328 γῆς
919 2261 1265 2328 στοιχεῖον,τὺ
1290 2259 1765 2332 ὖδωρ,ἐρχόμενοι,
1786 2264 1977 2332 ἐκείνῳ

405 2347 630 2408 ἐαυτοὺς
659 2347 1056 2426 ἐγκρύπτομεν,
1091 2349 1166 2414 ὡς
1187 2353 1215 2404 ὁ
1238 2352 1428 2422 Σωτὴρ
1450 2355 1516 2424 τῇ
1540 2356 1609 2424 γῇ
1629 2371 1641 2384 ·
1676 2353 1771 2406 καὶ
1792 2354 1976 2424 τρίτον

405 2439 561 2490 τοῦτο
595 2439 950 2508 ποιήσαντες,
1003 2439 1102 2510 τὴν
1131 2443 1430 2514 τριήμερον
1463 2445 1671 2506 ἑαυτοῖς
1704 2445 1803 2515 τῆς
1847 2447 1977 2497 άνα-

407 2529 647 2592 στάσεως
674 2531 832 2601 χάριν
859 2530 1272 2602 ἐξεικονίζομεν·
1309 2533 1402 2585 καὶ
1429 2531 1602 2587 ταῦτα
1630 2535 1888 2604 ποιοῦμεν
1914 2535 1974 2586 ού

409 2623 584 2691 σιωπῇ
637 2620 1153 2690 παραλαμϐάνοντες
1202 2622 1263 2674 τὸ
1316 2624 1635 2694 μυστήριον,
1681 2625 1815 2677 ἀλλὰ
1865 2624 1976 2678 τῶν

405 2715 572 2786 τριῶν
598 2716 769 2783 άγίων
814 2716 1162 2770 ὑποστάσεων
1191 2717 1591 2788 ἐπιλεγομένων
1622 2721 1773 2790 ἡμῖν,
1806 2721 1883 2783 είς
1908 2718 1977 2783 ἃς

406 2807 827 2877 ἐπιστεύσαμεν,
876 2808 962 2878 ἐφ’
1006 2805 1091 2872 αἷς
1137 2811 1228 2863 καὶ
1274 2811 1585 2882 ἐλπίζομεν,
1637 2813 1694 2878 ἐξ
1737 2807 1811 2866 ὧν
1845 2815 1978 2885 ἡμῖν

405 2899 501 2952 καὶ
535 2900 596 2952 τὸ
623 2899 717 2952 νῦν
756 2895 916 2964 εἶναι,
947 2902 1042 2956 καὶ
1074 2902 1134 2955 τὸ
1168 2903 1328 2957 πάλιν
1357 2903 1573 2956 ἔσεσθαι
1615 2905 1974 2975 περιγίνεται.

407 2991 448 3041 Τ
453 2992 558 3059 άχα
594 2991 962 3063 δυσχεραίνεις
992 2995 1021 3047 6
1063 2994 1196 3064 πρὸς
1227 2995 1326 3065 τὴν
1354 2994 1510 3059 δόξαν
1538 2995 1632 3048 τοῦ
1665 2997 1978 3068 Πνεύματος

404 3081 690 3153 τολμηρῶς
736 3083 1058 3156 μαχόμενος,
1085 3085 1179 3138 καὶ
1212 3084 1529 3155 ζηλοτυπεῖς
1556 3086 1646 3139 τὸν
1681 3088 1975 3160 Παράκλη-

404 3191 496 3226 τον
527 3174 621 3227 τοῦ
656 3174 994 3246 σεϐάσματος
1013 3215 1028 3239 ,
1076 3169 1120 3243 ᾧ
1154 3176 1306 3246 παρὰ
1333 3177 1440 3230 τῶν
1470 3177 1708 3232 εὐσεϐῶν
1738 3179 1972 3234 σέϐεται.

406 3263 734 3317 Καταλιπὼν
762 3264 816 3317 δὲ
843 3265 966 3336 ἐμοὶ
985 3265 1410 3336 συμπλέκεσθαι,
1437 3267 1716 3338 ἀντίστηθι
1743 3270 1862 3332 ταῖς
1882 3269 1974 3323 τοῦ

405 3356 608 3424 Κυρίου
635 3359 855 3425 φωναῖς,
887 3359 936 3410 ει
965 3357 1209 3424 δύνασαι,
1241 3359 1296 3411 αἳ
1321 3359 1419 3430 τὴν
1445 3359 1732 3430 ἐπίκλησιν
1758 3360 1853 3414 τοῦ
1883 3361 1980 3431 βα-

405 3446 708 3514 πτίσματος
739 3450 853 3509 τοῖς
884 3446 1191 3519 ἀνθρώποις
1217 3448 1636 3518 ἐνομοθέτησαν.
1671 3451 1736 3503 Τί
1760 3451 1818 3506 δέ
1847 3469 1981 3522 φησι

403 3535 465 3588 τὸ
495 3537 587 3589 τοῦ
617 3536 884 3590 Δεσπότου
917 3539 1282 3611 παράγγελμα
1304 3557 1319 3606 ;
1343 3534 1735 3610 Βαπτίζοντες
1760 3545 1982 3612 αὐτοὺς

402 3630 489 3693 δίς
517 3629 580 3680 τὸ
612 3629 799 3698 ὄνομα
834 3630 939 3684 τοῦ
982 3633 1212 3700 Πατρός
1250 3625 1352 3687 καὶ
1387 3632 1496 3688 τοῦ
1537 3635 1676 3689 Υίοῦ
1725 3636 1825 3689 καί
1873 3637 1980 3691 τοῦ

403 3721 576 3788 ἁγίου
614 3723 975 3794 "Romam.
1012 3724 1137 3787 Πῶς
1176 3724 1256 3788 είς
1293 3724 1355 3777 τὸ
1395 3724 1566 3795 ὄνομα
1596 3725 1691 3778 τοῦ
1732 3727 1978 3798 Πατρός;

417 3811 634 3882 Ἐπειδὴ
662 3813 802 3883 ἀρχὴ
828 3813 936 3866 τῶν
960 3813 1348 3877 πάντων.,Πῶς
1376 3817 1456 3880 είς
1482 3815 1572 3869 τὸν
1596 3816 1724 3869 Υίόν
1745 3833 1758 3881 ;
1791 3817 1979 3889 ἐπειδὴ

323 3893 334 3900 λ
401 3903 728 3972 δημιουργὸς
785 3905 884 3976 τῆς
927 3905 1174 3965 κτίσεως.
1231 3897 1352 3970 Πῶς
1391 3910 1470 3971 είς
1524 3901 1587 3962 τδ
1637 3908 1862 3979 Πνεῦμα
1915 3910 1978 3962 τὸ

403 3995 590 4062 ἇγιον;
624 3995 838 4067 Ἐπειδὴ
868 3997 1204 4052 τελειωτικὸν
1230 3999 1337 4053 τῶν
1365 4001 1600 4055 πάντων.
1648 4001 1980 4055 ’Υποκύπτο-

406 4103 507 4156 μεν
549 4083 641 4141 οὖν
679 4087 756 4158 τῷ
797 4090 1004 4160 Πατρὶ,
1034 4091 1120 4144 ἵνα
1170 4091 1540 4163 ἁγιασθῶμεν·
1589 4083 1977 4164 ὖποκύπτομεν

403 4179 498 4231 καὶ
527 4177 658 4249 rus,
695 4179 781 4232 ἵνα
817 4181 949 4234 αὐτὸ
978 4183 1136 4235 τοῦτο
1163 4183 1384 4254 γένηται
1410 4201 1424 4214 ο
1472 4183 1857 4255 ὑποκύπτομεν
1882 4187 1976 4240 καὶ

400 4269 548 4340 άγίῳ
591 4270 865 4342 Πνεύματι
884 4311 900 4336 ,
929 4272 1016 4326 ἵνα
1064 4272 1221 4326 τοῦτο
1263 4273 1547 4344 γενώμεθα
1575 4276 1710 4347 ὅπερ
1737 4278 1853 4329 ἐστὶ
1882 4276 1974 4330 καὶ

399 4359 637 4429 λέγεται.
669 4363 780 4417 Οὐκ
824 4364 938 4418 ἐστι
969 4365 1064 4418 τοῦ
1101 4365 1376 4437 ἅγιασμοῦ
1422 4367 1672 4438 διαφορὰ,
1708 4368 1782 4432 ὠς
1813 4368 1973 4423 πλέον

398 4452 493 4505 τοῦ
521 4454 728 4524 Πατρὺς
753 4455 975 4524 ἁγιάζον
987 4475 1068 4520 σος
1087 4497 1102 4521 ,
1133 4457 1352 4512 ἔλαττον
1395 4457 1450 4511 δὲ
1491 4457 1584 4512 τοῦ
1608 4459 1738 4512 Υἱοῦ
1760 4501 1774 4526 ,
1811 4456 1973 4532 ἦττον

397 4543 452 4594 δὲ
483 4543 592 4595 τῶν
610 4545 703 4598 δύο
729 4547 821 4599 τοῦ
844 4548 999 4616 ἁγίου
1027 4549 1362 4618 Πνεύματος.
1391 4549 1490 4603 Διὶ
1514 4549 1568 4603 τί
1593 4546 1684 4604 οὖν
1703 4550 1801 4614 τὰς
1825 4545 1972 4623 τρεῖς

2083 718 2205 778 quze
2229 709 2376 763 vires
2420 714 2683 776 superant
2721 706 3018 771 humanas,
3055 703 3184 757 illud
3211 703 3394 772 potius
3443 716 3658 771 quiera-

2080 813 2226 862 mus,
2259 799 2408 868 quod
2476 798 2639 852 etiam
2675 794 3062 867 particularem
3113 794 3352 849 ostendit
3403 808 3652 862 compre-

2080 889 2423 956 hensionem,
2459 889 2619 959 cujus
2670 888 2748 942 rei
2777 887 2953 958 gratia
2990 902 3086 957 per
3137 902 3333 956 aquam
3401 887 3656 957 purgatio

2079 983 2173 1037 ﬁat
2201 983 2302 1038 iet
2333 997 2434 1038 cur
2457 991 2626 1038 ternae
2657 980 3038 1036 immersiones
3067 979 3474 1034 adhibeantur?
3497 978 3654 1044 Quod

2075 1073 2243 1143 igitur
2280 1079 2336 1128 et
2368 1072 2920 1132 Patresdocuerunt,
2949 1080 3004 1125 et
3030 1079 3220 1125 nostra
3251 1084 3406 1126 mens
3465 1085 3658 1126 assen-

2077 1178 2198 1220 sum
2249 1162 2497 1234 praebens
2536 1161 2771 1232 accepit,
2813 1161 2919 1214 hoc
2955 1166 3081 1214 est:
3111 1159 3360 1225 Quatuor
3385 1161 3656 1215 elementa

2078 1264 2206 1310 nota
2236 1257 2518 1318 habemus,
2545 1270 2615 1309 ex
2643 1253 2844 1324 quibus
2887 1251 3124 1306 mundus
3153 1252 3486 1308 constitutus
3529 1261 3613 1307 est
3638 1269 3653 1306 :

2077 1362 2198 1417 quae
2229 1347 2392 1401 etiam
2435 1348 2481 1401 si
2513 1345 2733 1400 nomina
2760 1343 2976 1399 silentio
3013 1350 3406 1412 praetereantur
3427 1384 3444 1410 ,
3479 1345 3658 1420 omni-

2077 1439 2180 1494 bus
2211 1447 2338 1493 nota
2378 1446 2527 1494 sunt.
2555 1435 2712 1504 Quod
2742 1436 2787 1492 si
2827 1441 3053 1506 propter
3083 1434 3450 1504 simpliciores
3491 1435 3654 1490 etiam

2077 1531 2298 1584 nomina
2347 1528 2625 1599 (eorum)
2685 1528 2847 1582 edere
2903 1526 2970 1580 ad
3037 1540 3150 1580 rem
3212 1526 3484 1595 pertinet:
3517 1525 3657 1596 ignis

2079 1621 2226 1691 (est)
2270 1629 2324 1674 et
2357 1634 2466 1684 aer,
2511 1627 2655 1684 terra
2702 1627 2756 1673 et
2817 1632 2979 1688 aqua;
3009 1610 3143 1672 Cum
3197 1617 3366 1688 igitur
3417 1617 3559 1672 Deus
3602 1629 3657 1671 et

2079 1719 2327 1767 servator
2388 1718 2572 1766 noster
2607 1725 2705 1779 pro
2733 1711 2892 1764 nobis
2931 1716 3244 1778 susceptam
3301 1708 3656 1764 administra-

2078 1805 2281 1859 tionem
2337 1804 2636 1874 impleret,
2693 1817 2860 1856 unum
2919 1818 2985 1857 ex
3018 1801 3104 1855 his
3163 1809 3420 1871 quatuor,
3454 1809 3655 1856 terram

2033 1884 2593 1965 ;(sci|icet)subiit,
2651 1902 2711 1946 ut
2765 1892 2915 1947 illinc
2981 1893 3148 1946 vitam
3203 1892 3490 1946 excitaret.
3545 1890 3656 1944 Nos

2080 2001 2210 2041 vero
2243 1985 2510 2055 baptisma
2544 1996 2891 2041 assumentes
2933 1984 2998 2038 ad
3045 1983 3405 2038 imitationem
3445 1983 3656 2038 Domini

2059 2107 2068 2149 ς
2081 2087 2136 2135 et
2163 2078 2404 2134 doctoris
2449 2087 2503 2133 et
2541 2077 2890 2148 prmeeptoris
2909 2076 3084 2130 nostri
3110 2116 3127 2142 ,
3175 2076 3231 2130 in
3262 2084 3406 2130 terra
3437 2077 3656 2146 quidem

2082 2186 2192 2225 non
2217 2170 2515 2241 sepelimur
2546 2169 2564 2241 (
2591 2169 2706 2224 haec
2764 2169 2908 2224 enim
2958 2169 3330 2223 inﬁrmitatem
3368 2176 3422 2223 et
3462 2183 3656 2222 corru-

2082 2266 2326 2335 ptionem
2400 2271 2612 2318 naturae
2631 2273 2834 2318 nostra:
2875 2262 3197 2330 cooperiens
3231 2269 3406 2317 morte
3439 2263 3660 2332 penitus

2083 2357 2346 2428 perempti
2399 2357 2651 2428 corporis
2688 2363 3064 2428 tegumentum
3118 2355 3411 2425 exsistit),
3447 2356 3542 2412 sed
3589 2357 3656 2410 ad

2082 2455 2242 2503 terra:
2276 2456 2568 2518 cognatmn
2627 2447 2959 2501 elementum
3004 2459 3198 2516 aquam
3242 2444 3563 2510 venientes,
3603 2445 3656 2498 in

2083 2539 2196 2605 illa,
2251 2540 2414 2595 sicuti
2457 2539 2714 2596 Servator
2768 2540 2820 2593 in
2859 2547 3005 2592 terra
3033 2580 3048 2601 ,
3082 2553 3182 2592 nos
3217 2537 3610 2592 abscondimus
3640 2577 3656 2600 ,

2082 2630 2248 2702 idque
2295 2644 2420 2686 cum
2466 2639 2549 2686 ter
2587 2631 2776 2687 simul
2817 2629 3046 2684 fecimus
3076 2669 3090 2693 ,
3132 2629 3317 2683 triduo
3381 2636 3658 2698 peractam

2083 2722 2244 2779 nobis
2273 2723 2694 2779 resurrectionis
2738 2722 2965 2792 gratiam
3002 2710 3342 2790 eilia-gimus,
3369 2735 3543 2790 eaque
3579 2718 3659 2772 fa-

2085 2817 2281 2882 cimus,
2314 2832 2424 2871 non
2475 2816 2694 2870 silentio
2744 2813 3060 2884 mysterium
3117 2822 3504 2875 assumentes,
3564 2812 3658 2866 sed

2084 2910 2248 2964 trium
2283 2915 2597 2964 sanctarum
2631 2907 3018 2977 hypostaseon,
3047 2905 3100 2958 in
3132 2919 3271 2973 quas
3297 2903 3656 2966 credidimus,

2085 3001 2140 3055 in
2168 3014 2306 3070 quas
2331 2999 2492 3054 etiam
2531 3011 2851 3067 speramus,
2897 3011 2962 3051 ex
2999 2995 3200 3065 quibits
3255 2993 3414 3046 nobis
3443 2992 3662 3046 contin-

2083 3094 2181 3163 git,
2211 3102 2268 3146 ut
2299 3097 2352 3146 et
2381 3104 2528 3144 nunc
2558 3089 2751 3155 simus,
2791 3097 2846 3144 et
2875 3103 3068 3143 rursus
3101 3087 3270 3140 futuri
3301 3086 3478 3140 simus
3504 3123 3520 3150 ,
3553 3099 3654 3138 no-

2083 3182 2325 3236 minibus
2377 3195 2543 3250 super
2596 3194 2696 3234 nos
2745 3178 3131 3250 pronuntiatis.
3169 3175 3425 3231 Forsitan
3485 3173 3658 3229 oil‘cn-

2081 3274 2266 3339 deris,
2319 3273 2411 3345 qui
2451 3273 2718 3328 adversus
2752 3273 2982 3342 gloriam
3040 3269 3280 3340 Spiritus
3319 3267 3658 3323 conﬁdenter

2083 3379 2315 3434 pugnas,
2347 3371 2402 3419 et
2438 3363 2648 3418 invides
2676 3361 2958 3416 Paracleto
2992 3362 3422 3423 venerationem,
3446 3375 3552 3428 qua
3581 3360 3656 3430 pii

2081 3470 2205 3510 eum
2229 3463 2582 3512 venerantur.
2631 3453 2736 3510 Sed
2767 3456 2956 3509 omitte
3009 3469 3220 3508 mecum
3255 3451 3570 3524 conﬂigere,
3604 3461 3660 3506 et

2082 3561 2297 3618 oppone
2322 3555 2394 3612 te,
2432 3548 2479 3602 si
2521 3555 2696 3617 potes,
2736 3546 2950 3601 Domini
2996 3545 3244 3608 vocibus,
3276 3559 3398 3613 quae
3437 3544 3658 3596 invoca-

2082 3640 2284 3692 tionem
2313 3645 2369 3692 et
2395 3636 2929 3706 cognominationem
2961 3633 3309 3702 baptismatis
3337 3632 3656 3687 hominibus

2080 3729 2526 3786 instituerunt“.
2563 3730 2628 3782 Et
2678 3742 2800 3798 quae
2831 3735 2958 3781 sunt
2985 3725 3153 3778 verba
3209 3722 3476 3776 Dominici
3515 3736 3656 3790 pra:-

2080 3821 2266 3892 ccpti?
2295 3821 2640 3890 Baptizantea
2688 3833 2775 3874 eos
2816 3820 2871 3872 in
2914 3833 3100 3872 nomen
3138 3813 3320 3868 Patris
3354 3823 3402 3866 et
3454 3811 3579 3866 Filii
3605 3822 3655 3866 et

2082 3914 2314 3984 Spiritus
2361 3914 2552 3968 sancti.
2598 3911 2884 3978 Quomodo
2915 3910 2969 3963 in
3027 3923 3228 3963 nomen
3262 3905 3488 3960 Patris?
3526 3903 3653 3971 quia

2080 4007 2404 4076 principium
2434 4013 2517 4060 cst
2553 4005 2794 4058 omnium
2835 4017 3038 4057 rerum.
3069 4000 3186 4066 Qua
3228 4001 3443 4053 ratione
3479 3997 3533 4051 in
3565 3995 3655 4049 Fi-

2079 4096 2546 4167 lium?quoniam
2601 4095 2858 4150 conditor
2907 4101 3175 4149 creaturae
3214 4099 3320 4148 est.
3368 4088 3654 4156 Quomodo

2079 4184 2135 4240 in
2172 4184 2434 4255 Spiritum
2481 4185 2780 4241 sanctum?
2811 4183 2939 4254 quia
2994 4185 3103 4238 vim
3165 4183 3353 4237 omnia
3402 4179 3651 4234 absoluta

2079 4277 2338 4332 reddendi
2383 4276 2564 4333 habet.
2615 4277 3005 4332 Submittimus
3055 4274 3222 4346 igitur
3258 4287 3357 4327 nos
3390 4269 3562 4331 Patri,
3595 4277 3653 4321 ιιι

2078 4370 2489 4426 sanctiﬁce'mUr
2513 4385 2530 4438 ;
2557 4369 2932 4424 submittimus
2972 4368 3100 4422 item
3136 4380 3235 4420 nos
3266 4363 3427 4426 Filio,
3460 4372 3520 4414 ut
3552 4361 3653 4414 hoc

2076 4461 2256 4532 ipsum
2295 4461 2385 4515 ﬁat
2413 4479 2428 4528 ;
2459 4460 2838 4516 submittimus
2865 4475 2965 4515 nos
3004 4456 3234 4529 Spiritui
3288 4468 3504 4524 quoque
3530 4468 3654 4506 san-

2075 4562 2185 4614 cto,
2220 4562 2282 4606 ut
2330 4553 2383 4607 id
2429 4553 2727 4608 efﬁciamur
2759 4593 2776 4618 ,
2816 4552 2960 4621 quod
2992 4550 3159 4622 (ille)
3193 4555 3278 4603 est
3315 4561 3381 4599 ac
3431 4545 3653 4598 dicitur.

398 4631 724 4698 ὑποστάσεις
768 4637 1258 4706 κατακερματίζεις
1301 4639 1380 4702 είς
1416 4638 1703 4710 διαφόρους
1744 4639 1964 4708 φύσεις,

2077 4641 2190 4698 Νοιι
2244 4652 2329 4699 est
2363 4645 2672 4700 differentia
2725 4641 3220 4704 sanctiﬁcationis,
3273 4636 3433 4708 quasi
3491 4633 3653 4686 Patre

395 4724 490 4776 καὶ
540 4727 688 4795 τρεῖς
739 4725 946 4799 ἐργάζῃ
993 4727 1160 4791 Θεοὺς
1199 4729 1483 4801 ἀνομοίους
1527 4725 1788 4802 ἀλλήλων,
1841 4732 1970 4802 μίαν

394 4814 546 4883 παρὰ
578 4816 792 4869 πάντων
821 4817 912 4870 κα)⁸
937 4817 1034 4888 τὴν
1062 4817 1226 4889 αὐτὴν
1254 4820 1410 4891 χάριν
1433 4820 1755 4891 δεχόμενος;

2077 4737 2332 4806 amplius.
2367 4733 2508 4789 F'ilio
2536 4739 2738 4796 minus,
2769 4744 2825 4786 ct
2869 4732 3050 4786 minus
3077 4745 3238 4801 quam
3268 4736 3497 4795 uterque
3528 4724 3653 4790 Spi-

2077 4827 2187 4882 ritu
2219 4837 2410 4884 saucto
2433 4825 2829 4881 sanctiﬁcante.
2853 4825 2965 4879 Cur
2995 4823 3162 4892 igitur
3187 4821 3359 4876 trinas
3397 4819 3520 4873 illas
3551 4815 3653 4886 hy-

390 4913 642 4974 postases
700 4909 942 4963 concidis
981 4924 1043 4963 ac
1079 4911 1276 4965 dividis
1319 4912 1373 4965 in
1401 4912 1645 4968 diversas
1691 4924 1917 4969 naturas
1951 4952 1968 4982 ,
2009 4931 2072 4972 ac
2124 4929 2239 4975 tres
2271 4919 2438 4974 efﬁcis
2467 4915 2608 4971 Deos
2641 4917 2782 4972 inter
2822 4931 2880 4971 se
2912 4913 3230 4974 dissimiles,
3295 4925 3421 4966 cum
3486 4921 3651 4962 unam

391 5005 446 5053 et
485 4996 729 5052 eamdem
775 4999 843 5052 ab
875 5000 1131 5054 omnibus
1185 5003 1346 5058 etiam
1403 5005 1633 5074 gratiam
1677 5003 1970 5073 accipias?

475 5087 694 5158 Ἐπειδὴ
722 5088 777 5140 δὲ
810 5087 878 5140 τὰ
906 5088 1277 5159 ὑποδείγματα
1317 5085 1684 5162 ἐμψυχότερον
1714 5094 1802 5146 ἀεὶ
1831 5093 1968 5163 πρὸς

389 5182 517 5242 τοὺς
547 5177 844 5242 ἀκούοντας
869 5175 961 5231 τὸν
983 5177 1136 5247 λόγον
1163 5178 1474 5250 ἐργάζεται,
1508 5182 1674 5236 εἰκόνι
1707 5182 1966 5254 βούλομαι

307 5279 313 5284 ’
391 5271 678 5325 παιδεῦσαι
704 5272 811 5324 τῶν
847 5271 1306 5342 βλασφημούντων
1333 5272 1430 5342 τὴν
1480 5267 1727 5344 γνώμην,
1761 5276 1824 5326 ἐκ
1857 5274 1966 5326 τῶν

390 5363 593 5432 γηΐνων
618 5363 710 5416 καὶ
735 5360 1005 5418 ταπεινῶν
1038 5362 1430 5434 σαφηνίζωντά
1459 5366 1689 5434 μεγάλα,
1721 5367 1816 5418 καὶ
1844 5368 1966 5418 κατ’

389 5451 640 5523 αἴσθησιν
671 5453 745 5526 μὴ
771 5453 1094 5524 βλεπόμενα.
1121 5453 1183 5507 Εἰ
1214 5455 1322 5525 γάρ
1353 5472 1433 5507 σοι
1460 5455 1655 5508 συνέϐη
1685 5457 1968 5528 συμφορὰν

463 5626 506 5657 ¹¹
544 5623 689 5682 Psal.
728 5644 843 5693 Clll,
870 5631 960 5684 24.
1040 5633 1084 5662 ¹’
1119 5631 1310 5686 Matth.
1358 5649 1546 5697 xxvizt,
1591 5633 1668 5687 l9.

718 5720 988 5784 Pn‘ItOL.
1015 5726 1132 5784 Gn.
1179 5725 1321 5782 XM
1356 5726 1396 5782 l.

2136 5090 2404 5157 Quoniam
2439 5097 2623 5144 autem
2673 5087 3060 5144 similitudines
3097 5099 3314 5155 semper
3345 5088 3648 5141 orationem

2065 5183 2205 5252 apud
2245 5180 2523 5236 auditores
2553 5181 2727 5250 magis
2755 5181 2994 5233 vividam
3028 5177 3260 5231 reddunt
3291 5197 3303 5232 :
3349 5179 3652 5232 simulacro

2065 5275 2191 5328 volo
2218 5273 2664 5328 maledicentium
2721 5279 2957 5324 mentem
3013 5269 3254 5335 erudire,
3298 5287 3394 5340 per
3431 5281 3649 5325 terrena

2066 5375 2230 5435 atque
2273 5363 2535 5426 humilia,
2592 5377 2785 5432 magna
2813 5397 2827 5426 ,
2869 5371 3098 5431 quasque
3145 5375 3310 5416 sensu
3354 5378 3462 5416 non
3525 5376 3649 5415 cer-

2068 5466 2310 5526 nuntur,
2361 5457 2668 5513 declarans.
2705 5453 2841 5510 Nam
2875 5456 2919 5511 si
2962 5455 3234 5523 ejusmodi
3283 5456 3378 5511 tibi
3421 5454 3648 5509 calami-

3240 5722 3311 5781 19
