  <div class='ocr_page' id='page_1' title='image "/cluster/home/n/w/nwhite01/storage/ocr_20150623/46/mdp.39015011915447/301.png"; bbox 0 0 4084 6158; ppageno 0'>
   <div class='ocr_carea' id='block_1_1' title="bbox 256 2940 3153 3025">
    <p class='ocr_par' dir='ltr' id='par_1_1' title="bbox 256 2940 3153 3025">
     <span class='ocr_line' id='line_1_1' title="bbox 256 2940 3153 3025; baseline 0 -11"><span class='ocrx_word' id='word_1_1' title='bbox 256 2940 267 2950; x_wconf 78' lang='grc'><em>’</em></span> <span class='ocrx_word' id='word_1_2' title='bbox 370 2961 499 3014; x_wconf 90' lang='lat' dir='ltr'><strong>cilla</strong></span> <span class='ocrx_word' id='word_1_3' title='bbox 549 2955 936 3021; x_wconf 76' lang='lat' dir='ltr'><strong>Abrahami&quot;,</strong></span> <span class='ocrx_word' id='word_1_4' title='bbox 964 2955 1121 3025; x_wconf 82' lang='lat' dir='ltr'><strong>cujus</strong></span> <span class='ocrx_word' id='word_1_5' title='bbox 1168 2958 1331 3012; x_wconf 90' lang='lat' dir='ltr'><strong>etiam</strong></span> <span class='ocrx_word' id='word_1_6' title='bbox 1366 2956 1571 3014; x_wconf 82' lang='lat' dir='ltr'><strong>Paulus</strong></span> <span class='ocrx_word' id='word_1_7' title='bbox 1613 2957 1684 3014; x_wconf 87' lang='lat' dir='ltr'><strong>ad</strong></span> <span class='ocrx_word' id='word_1_8' title='bbox 1733 2956 1954 3015; x_wconf 82' lang='lat' dir='ltr'><strong>Galatas</strong></span> <span class='ocrx_word' id='word_1_9' title='bbox 2056 2940 3153 3025; x_wconf 43' lang='grc' dir='ltr'><strong>ΪΪΫῘΪἾΪΪ¹⁶Ϊηῖ⁸ξῖζξῖἾἾῘἝῘΪῘΨΨῨἐξ</strong></span> 
     </span>
    </p>
   </div>
   <div class='ocr_carea' id='block_1_2' title="bbox 1884 3004 3631 3106">
    <p class='ocr_par' dir='ltr' id='par_1_2' title="bbox 1884 3004 3631 3106">
     <span class='ocr_line' id='line_1_2' title="bbox 1884 3004 3631 3106; baseline -0.003 -42"><span class='ocrx_word' id='word_1_10' title='bbox 1884 3004 1953 3106; x_wconf 51' lang='grc' dir='ltr'><strong>ξῦ</strong></span> <span class='ocrx_word' id='word_1_11' title='bbox 1980 3027 2022 3085; x_wconf 78' lang='lat' dir='ltr'>c</span> <span class='ocrx_word' id='word_1_12' title='bbox 2055 3005 2306 3106; x_wconf 76' lang='grc' dir='ltr'>νομίμοις</span> <span class='ocrx_word' id='word_1_13' title='bbox 2321 3004 2585 3106; x_wconf 40' lang='grc' dir='ltr'>’γυναιξὶν</span> <span class='ocrx_word' id='word_1_14' title='bbox 2627 3005 3042 3106; x_wconf 64' lang='grc' dir='ltr'>ύποπτευομένη</span> <span class='ocrx_word' id='word_1_15' title='bbox 3068 3007 3228 3078; x_wconf 88' lang='grc' dir='ltr'><strong>δούλη</strong></span> <span class='ocrx_word' id='word_1_16' title='bbox 3252 3006 3388 3078; x_wconf 84' lang='grc' dir='ltr'>πρὸς</span> <span class='ocrx_word' id='word_1_17' title='bbox 3427 3007 3518 3060; x_wconf 84' lang='grc' dir='ltr'><strong>τὸν</strong></span> <span class='ocrx_word' id='word_1_18' title='bbox 3545 3006 3631 3060; x_wconf 81' lang='grc' dir='ltr'>δε-</span> 
     </span>
    </p>
   </div>
   <div class='ocr_carea' id='block_1_3' title="bbox 308 178 485 270">
    <p class='ocr_par' dir='ltr' id='par_1_3' title="bbox 308 178 485 270">
     <span class='ocr_line' id='line_1_3' title="bbox 308 178 485 270; baseline -0.023 0"><span class='ocrx_word' id='word_1_19' title='bbox 308 178 485 270; x_wconf 49' lang='lat' dir='ltr'><strong>~trs-1</strong></span> 
     </span>
    </p>
   </div>
   <div class='ocr_carea' id='block_1_4' title="bbox 1626 208 2383 268">
    <p class='ocr_par' dir='ltr' id='par_1_4' title="bbox 1626 208 2383 268">
     <span class='ocr_line' id='line_1_4' title="bbox 1626 208 2383 268; baseline 0.005 -4"><span class='ocrx_word' id='word_1_20' title='bbox 1626 208 1686 265; x_wconf 84' lang='lat' dir='ltr'><strong>S.</strong></span> <span class='ocrx_word' id='word_1_21' title='bbox 1722 208 2050 267; x_wconf 75' lang='lat' dir='ltr'><strong>GREGORII</strong></span> <span class='ocrx_word' id='word_1_22' title='bbox 2079 208 2383 268; x_wconf 69' lang='lat' dir='ltr'><strong>NYSSENI</strong></span> 
     </span>
    </p>
   </div>
   <div class='ocr_carea' id='block_1_5' title="bbox 3545 220 3650 278">
    <p class='ocr_par' dir='ltr' id='par_1_5' title="bbox 3545 220 3650 278">
     <span class='ocr_line' id='line_1_5' title="bbox 3545 220 3650 278; baseline 0 0"><span class='ocrx_word' id='word_1_23' title='bbox 3545 220 3650 278; x_wconf 85' lang='lat'><strong>588</strong></span> 
     </span>
    </p>
   </div>
   <div class='ocr_carea' id='block_1_6' title="bbox 381 327 1953 409">
    <p class='ocr_par' dir='ltr' id='par_1_6' title="bbox 381 327 1953 399">
     <span class='ocr_line' id='line_1_6' title="bbox 381 327 1953 399; baseline 0.001 -16"><span class='ocrx_word' id='word_1_24' title='bbox 381 340 466 383; x_wconf 74' lang='lat' dir='ltr'><strong>tas</strong></span> <span class='ocrx_word' id='word_1_25' title='bbox 490 327 805 390; x_wconf 80' lang='lat' dir='ltr'><strong>accidisset,</strong></span> <span class='ocrx_word' id='word_1_26' title='bbox 838 334 896 382; x_wconf 91' lang='lat' dir='ltr'><strong>ut</strong></span> <span class='ocrx_word' id='word_1_27' title='bbox 928 327 1176 399; x_wconf 82' lang='lat' dir='ltr'><strong>captivus</strong></span> <span class='ocrx_word' id='word_1_28' title='bbox 1212 341 1365 385; x_wconf 82' lang='lat' dir='ltr'><strong>esses</strong></span> <span class='ocrx_word' id='word_1_29' title='bbox 1402 327 1547 398; x_wconf 86' lang='lat' dir='ltr'><strong>apud</strong></span> <span class='ocrx_word' id='word_1_30' title='bbox 1594 328 1783 387; x_wconf 86' lang='lat' dir='ltr'><strong>hostes</strong></span> <span class='ocrx_word' id='word_1_31' title='bbox 1808 348 1823 397; x_wconf 89' lang='lat'><strong>;</strong></span> <span class='ocrx_word' id='word_1_32' title='bbox 1848 346 1953 385; x_wconf 88' lang='lat' dir='ltr'><strong>ser-</strong></span> 
     </span>
    </p>
   </div>
   <div class='ocr_carea' id='block_1_7' title="bbox 2054 327 3647 409">
    <p class='ocr_par' dir='ltr' id='par_1_7' title="bbox 2069 328 3647 409">
     <span class='ocr_line' id='line_1_7' title="bbox 2069 328 3647 409; baseline 0.004 -23"><span class='ocrx_word' id='word_1_33' title='bbox 2069 333 2446 404; x_wconf 78' lang='grc' dir='ltr'><strong>αἰχμαλωσίας</strong></span> <span class='ocrx_word' id='word_1_34' title='bbox 2481 332 2839 405; x_wconf 79' lang='grc' dir='ltr'>ὕπομείναντι</span> <span class='ocrx_word' id='word_1_35' title='bbox 2857 328 2997 390; x_wconf 80' lang='grc' dir='ltr'>εἶναι</span> <span class='ocrx_word' id='word_1_36' title='bbox 3030 335 3184 408; x_wconf 81' lang='grc' dir='ltr'>παρὰ</span> <span class='ocrx_word' id='word_1_37' title='bbox 3213 337 3326 400; x_wconf 85' lang='grc' dir='ltr'>τοῖς</span> <span class='ocrx_word' id='word_1_38' title='bbox 3347 336 3647 409; x_wconf 80' lang='grc' dir='ltr'>πολεμίοις’</span> 
     </span>
    </p>
   </div>
   <div class='ocr_carea' id='block_1_8' title="bbox 379 420 1961 491">
    <p class='ocr_par' dir='ltr' id='par_1_8' title="bbox 379 420 1961 491">
     <span class='ocr_line' id='line_1_8' title="bbox 379 420 1961 491; baseline 0.001 -17"><span class='ocrx_word' id='word_1_39' title='bbox 379 435 481 475; x_wconf 87' lang='lat' dir='ltr'><strong>vus</strong></span> <span class='ocrx_word' id='word_1_40' title='bbox 522 427 710 475; x_wconf 74' lang='lat' dir='ltr'><strong>autem</strong></span> <span class='ocrx_word' id='word_1_41' title='bbox 745 428 801 475; x_wconf 89' lang='lat' dir='ltr'><strong>et</strong></span> <span class='ocrx_word' id='word_1_42' title='bbox 846 420 1076 476; x_wconf 77' lang='lat' dir='ltr'><strong>aluictus</strong></span> <span class='ocrx_word' id='word_1_43' title='bbox 1126 434 1253 475; x_wconf 91' lang='lat' dir='ltr'><strong>cum</strong></span> <span class='ocrx_word' id='word_1_44' title='bbox 1300 421 1504 491; x_wconf 85' lang='lat' dir='ltr'><strong>gemitu</strong></span> <span class='ocrx_word' id='word_1_45' title='bbox 1553 420 1840 491; x_wconf 86' lang='lat' dir='ltr'><strong>antiquam</strong></span> <span class='ocrx_word' id='word_1_46' title='bbox 1892 422 1961 475; x_wconf 92' lang='lat' dir='ltr'><strong>li-</strong></span> 
     </span>
    </p>
   </div>
   <div class='ocr_carea' id='block_1_9' title="bbox 381 510 1964 581">
    <p class='ocr_par' dir='ltr' id='par_1_9' title="bbox 381 510 1964 581">
     <span class='ocr_line' id='line_1_9' title="bbox 381 510 1964 581; baseline 0.003 -17"><span class='ocrx_word' id='word_1_47' title='bbox 381 510 687 573; x_wconf 82' lang='lat' dir='ltr'><strong>bertatem,</strong></span> <span class='ocrx_word' id='word_1_48' title='bbox 739 525 901 580; x_wconf 85' lang='lat' dir='ltr'><strong>quam</strong></span> <span class='ocrx_word' id='word_1_49' title='bbox 962 511 1295 574; x_wconf 89' lang='lat' dir='ltr'><strong>habuisses,</strong></span> <span class='ocrx_word' id='word_1_50' title='bbox 1349 510 1741 576; x_wconf 80' lang='lat' dir='ltr'><strong>desiderares;</strong></span> <span class='ocrx_word' id='word_1_51' title='bbox 1800 522 1964 581; x_wconf 87' lang='lat' dir='ltr'><strong>atque</strong></span> 
     </span>
    </p>
   </div>
   <div class='ocr_carea' id='block_1_10' title="bbox 380 601 1958 673">
    <p class='ocr_par' dir='ltr' id='par_1_10' title="bbox 380 601 1958 673">
     <span class='ocr_line' id='line_1_10' title="bbox 380 601 1958 673; baseline 0.003 -20"><span class='ocrx_word' id='word_1_52' title='bbox 380 609 603 671; x_wconf 74' lang='lat' dir='ltr'><strong>repente</strong></span> <span class='ocrx_word' id='word_1_53' title='bbox 627 602 740 655; x_wconf 87' lang='lat' dir='ltr'><strong>noti</strong></span> <span class='ocrx_word' id='word_1_54' title='bbox 771 609 826 656; x_wconf 91' lang='lat' dir='ltr'><strong>et</strong></span> <span class='ocrx_word' id='word_1_55' title='bbox 851 601 1000 657; x_wconf 85' lang='lat' dir='ltr'><strong>cives</strong></span> <span class='ocrx_word' id='word_1_56' title='bbox 1032 612 1166 667; x_wconf 88' lang='lat' dir='ltr'><strong>tres,</strong></span> <span class='ocrx_word' id='word_1_57' title='bbox 1198 603 1292 672; x_wconf 88' lang='lat' dir='ltr'><strong>qui</strong></span> <span class='ocrx_word' id='word_1_58' title='bbox 1325 603 1379 656; x_wconf 94' lang='lat' dir='ltr'><strong>in</strong></span> <span class='ocrx_word' id='word_1_59' title='bbox 1417 603 1701 673; x_wconf 75' lang='lat' dir='ltr'><strong>regionem</strong></span> <span class='ocrx_word' id='word_1_60' title='bbox 1735 614 1958 659; x_wconf 89' lang='lat' dir='ltr'><strong>tuorum</strong></span> 
     </span>
    </p>
   </div>
   <div class='ocr_carea' id='block_1_11' title="bbox 369 691 1959 765">
    <p class='ocr_par' dir='ltr' id='par_1_11' title="bbox 369 691 1959 765">
     <span class='ocr_line' id='line_1_11' title="bbox 369 691 1959 765; baseline 0.003 -19"><span class='ocrx_word' id='word_1_61' title='bbox 369 691 722 746; x_wconf 84' lang='lat' dir='ltr'><strong>dominorum</strong></span> <span class='ocrx_word' id='word_1_62' title='bbox 752 705 817 747; x_wconf 82' lang='lat' dir='ltr'><strong>ac</strong></span> <span class='ocrx_word' id='word_1_63' title='bbox 860 701 1215 762; x_wconf 86' lang='lat' dir='ltr'><strong>tyrannorum</strong></span> <span class='ocrx_word' id='word_1_64' title='bbox 1263 692 1648 758; x_wconf 84' lang='lat' dir='ltr'><strong>advenissent,</strong></span> <span class='ocrx_word' id='word_1_65' title='bbox 1685 709 1753 749; x_wconf 78' lang='lat' dir='ltr'><strong>ex</strong></span> <span class='ocrx_word' id='word_1_66' title='bbox 1786 694 1959 765; x_wconf 69' lang='lat' dir='ltr'><strong>aequis</strong></span> 
     </span>
    </p>
   </div>
   <div class='ocr_carea' id='block_1_12' title="bbox 376 779 1960 853">
    <p class='ocr_par' dir='ltr' id='par_1_12' title="bbox 376 779 1960 853">
     <span class='ocr_line' id='line_1_12' title="bbox 376 779 1960 853; baseline 0.002 -19"><span class='ocrx_word' id='word_1_67' title='bbox 376 780 625 849; x_wconf 85' lang='lat' dir='ltr'><strong>partibus</strong></span> <span class='ocrx_word' id='word_1_68' title='bbox 658 779 785 834; x_wconf 89' lang='lat' dir='ltr'><strong>dato</strong></span> <span class='ocrx_word' id='word_1_69' title='bbox 834 782 1029 850; x_wconf 90' lang='lat' dir='ltr'><strong>pretio,</strong></span> <span class='ocrx_word' id='word_1_70' title='bbox 1055 796 1165 851; x_wconf 92' lang='lat' dir='ltr'><strong>quo</strong></span> <span class='ocrx_word' id='word_1_71' title='bbox 1198 781 1550 837; x_wconf 84' lang='lat' dir='ltr'><strong>redimereris</strong></span> <span class='ocrx_word' id='word_1_72' title='bbox 1573 820 1588 848; x_wconf 88' lang='lat'><strong>,</strong></span> <span class='ocrx_word' id='word_1_73' title='bbox 1626 791 1960 853; x_wconf 91' lang='lat' dir='ltr'><strong>sumptuque</strong></span> 
     </span>
    </p>
   </div>
   <div class='ocr_carea' id='block_1_13' title="bbox 378 871 1957 942">
    <p class='ocr_par' dir='ltr' id='par_1_13' title="bbox 378 871 1957 942">
     <span class='ocr_line' id='line_1_13' title="bbox 378 871 1957 942; baseline 0 -15"><span class='ocrx_word' id='word_1_74' title='bbox 378 872 694 942; x_wconf 80' lang='lat' dir='ltr'><strong>pecuniaria</strong></span> <span class='ocrx_word' id='word_1_75' title='bbox 744 872 1029 942; x_wconf 70' lang='lat' dir='ltr'><strong>mqualiter</strong></span> <span class='ocrx_word' id='word_1_76' title='bbox 1075 873 1218 927; x_wconf 91' lang='lat' dir='ltr'><strong>inter</strong></span> <span class='ocrx_word' id='word_1_77' title='bbox 1251 887 1311 928; x_wconf 89' lang='lat' dir='ltr'><strong>se</strong></span> <span class='ocrx_word' id='word_1_78' title='bbox 1363 871 1541 928; x_wconf 84' lang='lat' dir='ltr'><strong>diviso</strong></span> <span class='ocrx_word' id='word_1_79' title='bbox 1568 913 1585 940; x_wconf 87' lang='lat'><strong>,</strong></span> <span class='ocrx_word' id='word_1_80' title='bbox 1619 873 1957 929; x_wconf 74' lang='lat' dir='ltr'><strong>liberassent</strong></span> 
     </span>
    </p>
   </div>
   <div class='ocr_carea' id='block_1_14' title="bbox 376 963 1953 1035">
    <p class='ocr_par' dir='ltr' id='par_1_14' title="bbox 376 963 1953 1035">
     <span class='ocr_line' id='line_1_14' title="bbox 376 963 1953 1035; baseline 0.001 -18"><span class='ocrx_word' id='word_1_81' title='bbox 376 972 432 1018; x_wconf 88' lang='lat' dir='ltr'><strong>te</strong></span> <span class='ocrx_word' id='word_1_82' title='bbox 470 964 538 1019; x_wconf 91' lang='lat' dir='ltr'><strong>ab</strong></span> <span class='ocrx_word' id='word_1_83' title='bbox 568 969 801 1035; x_wconf 83' lang='lat' dir='ltr'><strong>urgente</strong></span> <span class='ocrx_word' id='word_1_84' title='bbox 857 964 1220 1019; x_wconf 82' lang='lat' dir='ltr'><strong>necessitate:</strong></span> <span class='ocrx_word' id='word_1_85' title='bbox 1255 977 1325 1018; x_wconf 93' lang='lat' dir='ltr'><strong>an</strong></span> <span class='ocrx_word' id='word_1_86' title='bbox 1360 978 1470 1018; x_wconf 88' lang='lat' dir='ltr'><strong>non</strong></span> <span class='ocrx_word' id='word_1_87' title='bbox 1493 963 1599 1018; x_wconf 85' lang='lat' dir='ltr'><strong>hoc</strong></span> <span class='ocrx_word' id='word_1_88' title='bbox 1628 964 1953 1020; x_wconf 89' lang='lat' dir='ltr'><strong>beneﬁcium</strong></span> 
     </span>
    </p>
   </div>
   <div class='ocr_carea' id='block_1_15' title="bbox 376 1052 1955 1124">
    <p class='ocr_par' dir='ltr' id='par_1_15' title="bbox 376 1052 1955 1124">
     <span class='ocr_line' id='line_1_15' title="bbox 376 1052 1955 1124; baseline 0.001 -16"><span class='ocrx_word' id='word_1_89' title='bbox 376 1063 713 1109; x_wconf 82' lang='lat' dir='ltr'><strong>consecutus</strong></span> <span class='ocrx_word' id='word_1_90' title='bbox 741 1094 755 1119; x_wconf 88' lang='lat'><strong>,</strong></span> <span class='ocrx_word' id='word_1_91' title='bbox 802 1052 1055 1108; x_wconf 83' lang='lat' dir='ltr'><strong>similiter</strong></span> <span class='ocrx_word' id='word_1_92' title='bbox 1085 1053 1213 1109; x_wconf 90' lang='lat' dir='ltr'><strong>illos</strong></span> <span class='ocrx_word' id='word_1_93' title='bbox 1257 1060 1372 1109; x_wconf 90' lang='lat' dir='ltr'><strong>tres</strong></span> <span class='ocrx_word' id='word_1_94' title='bbox 1435 1069 1537 1124; x_wconf 89' lang='lat' dir='ltr'><strong>pro</strong></span> <span class='ocrx_word' id='word_1_95' title='bbox 1582 1052 1955 1111; x_wconf 77' lang='lat' dir='ltr'><strong>benefactori-</strong></span> 
     </span>
    </p>
   </div>
   <div class='ocr_carea' id='block_1_16' title="bbox 379 1142 1952 1215">
    <p class='ocr_par' dir='ltr' id='par_1_16' title="bbox 379 1142 1952 1215">
     <span class='ocr_line' id='line_1_16' title="bbox 379 1142 1952 1215; baseline 0 -15"><span class='ocrx_word' id='word_1_96' title='bbox 379 1146 479 1200; x_wconf 85' lang='lat' dir='ltr'><strong>bus</strong></span> <span class='ocrx_word' id='word_1_97' title='bbox 516 1145 784 1208; x_wconf 85' lang='lat' dir='ltr'><strong>haberes,</strong></span> <span class='ocrx_word' id='word_1_98' title='bbox 820 1152 876 1199; x_wconf 91' lang='lat' dir='ltr'><strong>et</strong></span> <span class='ocrx_word' id='word_1_99' title='bbox 912 1143 1071 1215; x_wconf 85' lang='lat' dir='ltr'><strong>pretii</strong></span> <span class='ocrx_word' id='word_1_100' title='bbox 1110 1159 1221 1214; x_wconf 91' lang='lat' dir='ltr'><strong>quo</strong></span> <span class='ocrx_word' id='word_1_101' title='bbox 1252 1142 1568 1215; x_wconf 79' lang='lat' dir='ltr'><strong>redemptus</strong></span> <span class='ocrx_word' id='word_1_102' title='bbox 1612 1160 1767 1202; x_wconf 87' lang='lat' dir='ltr'><strong>esses</strong></span> <span class='ocrx_word' id='word_1_103' title='bbox 1800 1160 1952 1202; x_wconf 85' lang='lat' dir='ltr'><strong>eom-</strong></span> 
     </span>
    </p>
   </div>
   <div class='ocr_carea' id='block_1_17' title="bbox 377 1235 1952 1307">
    <p class='ocr_par' dir='ltr' id='par_1_17' title="bbox 377 1235 1952 1307">
     <span class='ocr_line' id='line_1_17' title="bbox 377 1235 1952 1307; baseline 0.002 -18"><span class='ocrx_word' id='word_1_104' title='bbox 377 1239 754 1307; x_wconf 79' lang='lat' dir='ltr'><strong>pensationem</strong></span> <span class='ocrx_word' id='word_1_105' title='bbox 788 1251 852 1290; x_wconf 76' lang='lat' dir='ltr'><strong>ex</strong></span> <span class='ocrx_word' id='word_1_106' title='bbox 905 1235 1076 1304; x_wconf 64' lang='lat' dir='ltr'><strong>aequis</strong></span> <span class='ocrx_word' id='word_1_107' title='bbox 1107 1236 1358 1305; x_wconf 89' lang='lat' dir='ltr'><strong>partibus</strong></span> <span class='ocrx_word' id='word_1_108' title='bbox 1392 1236 1704 1293; x_wconf 87' lang='lat' dir='ltr'><strong>tribueres:</strong></span> <span class='ocrx_word' id='word_1_109' title='bbox 1738 1253 1862 1292; x_wconf 90' lang='lat' dir='ltr'><strong>cum</strong></span> <span class='ocrx_word' id='word_1_110' title='bbox 1896 1246 1952 1294; x_wconf 91' lang='lat' dir='ltr'><strong>et</strong></span> 
     </span>
    </p>
   </div>
   <div class='ocr_carea' id='block_1_18' title="bbox 378 1326 1950 1397">
    <p class='ocr_par' dir='ltr' id='par_1_18' title="bbox 378 1326 1950 1397">
     <span class='ocr_line' id='line_1_18' title="bbox 378 1326 1950 1397; baseline 0.001 -15"><span class='ocrx_word' id='word_1_111' title='bbox 378 1326 623 1382; x_wconf 90' lang='lat' dir='ltr'><strong>studium</strong></span> <span class='ocrx_word' id='word_1_112' title='bbox 655 1337 755 1394; x_wconf 86' lang='lat' dir='ltr'><strong>pro</strong></span> <span class='ocrx_word' id='word_1_113' title='bbox 780 1332 833 1378; x_wconf 89' lang='lat' dir='ltr'><strong>te</strong></span> <span class='ocrx_word' id='word_1_114' title='bbox 855 1338 1146 1380; x_wconf 80' lang='lat' dir='ltr'><strong>commune</strong></span> <span class='ocrx_word' id='word_1_115' title='bbox 1175 1365 1189 1390; x_wconf 95' lang='lat'><strong>,</strong></span> <span class='ocrx_word' id='word_1_116' title='bbox 1226 1333 1588 1397; x_wconf 86' lang='lat' dir='ltr'><strong>sumptusque</strong></span> <span class='ocrx_word' id='word_1_117' title='bbox 1642 1327 1950 1384; x_wconf 86' lang='lat' dir='ltr'><strong>communis</strong></span> 
     </span>
    </p>
   </div>
   <div class='ocr_carea' id='block_1_19' title="bbox 379 1414 1952 1486">
    <p class='ocr_par' dir='ltr' id='par_1_19' title="bbox 379 1414 1952 1486">
     <span class='ocr_line' id='line_1_19' title="bbox 379 1414 1952 1486; baseline 0.002 -13"><span class='ocrx_word' id='word_1_118' title='bbox 379 1419 593 1481; x_wconf 82' lang='lat' dir='ltr'><strong>fuisset,</strong></span> <span class='ocrx_word' id='word_1_119' title='bbox 621 1416 668 1471; x_wconf 91' lang='lat' dir='ltr'><strong>si</strong></span> <span class='ocrx_word' id='word_1_120' title='bbox 698 1414 863 1471; x_wconf 91' lang='lat' dir='ltr'><strong>modo</strong></span> <span class='ocrx_word' id='word_1_121' title='bbox 894 1415 1081 1486; x_wconf 86' lang='lat' dir='ltr'><strong>justus</strong></span> <span class='ocrx_word' id='word_1_122' title='bbox 1109 1417 1362 1474; x_wconf 87' lang='lat' dir='ltr'><strong>beneﬁcii</strong></span> <span class='ocrx_word' id='word_1_123' title='bbox 1396 1418 1702 1474; x_wconf 81' lang='lat' dir='ltr'><strong>aestimator</strong></span> <span class='ocrx_word' id='word_1_124' title='bbox 1752 1420 1952 1476; x_wconf 84' lang='lat' dir='ltr'><strong>esses?</strong></span> 
     </span>
    </p>
   </div>
   <div class='ocr_carea' id='block_1_20' title="bbox 376 1508 1951 1581">
    <p class='ocr_par' dir='ltr' id='par_1_20' title="bbox 376 1508 1951 1581">
     <span class='ocr_line' id='line_1_20' title="bbox 376 1508 1951 1581; baseline 0.001 -16"><span class='ocrx_word' id='word_1_125' title='bbox 376 1515 554 1581; x_wconf 84' lang='lat' dir='ltr'><strong>Atque</strong></span> <span class='ocrx_word' id='word_1_126' title='bbox 587 1510 701 1563; x_wconf 73' lang='lat' dir='ltr'><strong>luce</strong></span> <span class='ocrx_word' id='word_1_127' title='bbox 727 1508 948 1579; x_wconf 89' lang='lat' dir='ltr'><strong>quidem</strong></span> <span class='ocrx_word' id='word_1_128' title='bbox 982 1517 1258 1579; x_wconf 81' lang='lat' dir='ltr'><strong>quatenus</strong></span> <span class='ocrx_word' id='word_1_129' title='bbox 1289 1525 1383 1580; x_wconf 89' lang='lat' dir='ltr'><strong>per</strong></span> <span class='ocrx_word' id='word_1_130' title='bbox 1404 1510 1654 1581; x_wconf 81' lang='lat' dir='ltr'><strong>exempla</strong></span> <span class='ocrx_word' id='word_1_131' title='bbox 1708 1524 1822 1566; x_wconf 89' lang='lat' dir='ltr'><strong>rem</strong></span> <span class='ocrx_word' id='word_1_132' title='bbox 1854 1510 1951 1566; x_wconf 88' lang='lat' dir='ltr'><strong>de-</strong></span> 
     </span>
    </p>
   </div>
   <div class='ocr_carea' id='block_1_21' title="bbox 376 1598 1948 1659">
    <p class='ocr_par' dir='ltr' id='par_1_21' title="bbox 376 1598 1948 1659">
     <span class='ocr_line' id='line_1_21' title="bbox 376 1598 1948 1659; baseline 0.002 -4"><span class='ocrx_word' id='word_1_133' title='bbox 376 1608 685 1655; x_wconf 85' lang='lat' dir='ltr'><strong>monstrare</strong></span> <span class='ocrx_word' id='word_1_134' title='bbox 748 1598 1154 1654; x_wconf 85' lang='lat' dir='ltr'><strong>conveniebat:</strong></span> <span class='ocrx_word' id='word_1_135' title='bbox 1201 1614 1311 1652; x_wconf 93' lang='lat' dir='ltr'><strong>non</strong></span> <span class='ocrx_word' id='word_1_136' title='bbox 1379 1600 1524 1655; x_wconf 89' lang='lat' dir='ltr'><strong>enim</strong></span> <span class='ocrx_word' id='word_1_137' title='bbox 1584 1615 1731 1655; x_wconf 90' lang='lat' dir='ltr'><strong>nunc</strong></span> <span class='ocrx_word' id='word_1_138' title='bbox 1788 1601 1948 1659; x_wconf 86' lang='lat' dir='ltr'><strong>nobis</strong></span> 
     </span>
    </p>
   </div>
   <div class='ocr_carea' id='block_1_22' title="bbox 2069 426 3651 503">
    <p class='ocr_par' dir='ltr' id='par_1_22' title="bbox 2069 426 3651 503">
     <span class='ocr_line' id='line_1_22' title="bbox 2069 426 3651 503; baseline 0.004 -24"><span class='ocrx_word' id='word_1_139' title='bbox 2069 426 2341 480; x_wconf 84' lang='grc' dir='ltr'>δουλεύειν</span> <span class='ocrx_word' id='word_1_140' title='bbox 2384 426 2442 481; x_wconf 88' lang='grc' dir='ltr'><strong>δέ</strong></span> <span class='ocrx_word' id='word_1_141' title='bbox 2493 426 2587 482; x_wconf 72' lang='lat' dir='ltr'><strong>xui.</strong></span> <span class='ocrx_word' id='word_1_142' title='bbox 2630 427 3123 498; x_wconf 74' lang='grc' dir='ltr'><strong>ταλαιπωρεῖσθαι,</strong></span> <span class='ocrx_word' id='word_1_143' title='bbox 3167 429 3262 483; x_wconf 85' lang='grc' dir='ltr'><strong>καί</strong></span> <span class='ocrx_word' id='word_1_144' title='bbox 3303 430 3511 485; x_wconf 80' lang='grc' dir='ltr'><strong>στένειν</strong></span> <span class='ocrx_word' id='word_1_145' title='bbox 3551 431 3651 503; x_wconf 77' lang='grc' dir='ltr'>τὴν</span> 
     </span>
    </p>
   </div>
   <div class='ocr_carea' id='block_1_23' title="bbox 2069 513 3652 593">
    <p class='ocr_par' dir='ltr' id='par_1_23' title="bbox 2069 513 3652 593">
     <span class='ocr_line' id='line_1_23' title="bbox 2069 513 3652 593; baseline 0.002 -21"><span class='ocrx_word' id='word_1_146' title='bbox 2069 517 2305 572; x_wconf 76' lang='grc' dir='ltr'>παλαιὰν</span> <span class='ocrx_word' id='word_1_147' title='bbox 2334 516 2644 589; x_wconf 72' lang='grc' dir='ltr'><strong>ἐλευθερίαν</strong></span> <span class='ocrx_word' id='word_1_148' title='bbox 2669 519 2737 590; x_wconf 76' lang='grc' dir='ltr'>ἢν</span> <span class='ocrx_word' id='word_1_149' title='bbox 2767 513 2943 590; x_wconf 76' lang='grc' dir='ltr'>εἶχες·</span> <span class='ocrx_word' id='word_1_150' title='bbox 2975 519 3172 590; x_wconf 91' lang='grc' dir='ltr'>ἀθρόον</span> <span class='ocrx_word' id='word_1_151' title='bbox 3198 518 3257 573; x_wconf 82' lang='grc' dir='ltr'><strong>δέ</strong></span> <span class='ocrx_word' id='word_1_152' title='bbox 3284 523 3433 592; x_wconf 82' lang='grc' dir='ltr'>τρεῖς</span> <span class='ocrx_word' id='word_1_153' title='bbox 3451 521 3652 593; x_wconf 81' lang='grc' dir='ltr'>γνώρι-</span> 
     </span>
    </p>
   </div>
   <div class='ocr_carea' id='block_1_24' title="bbox 2070 610 3650 684">
    <p class='ocr_par' dir='ltr' id='par_1_24' title="bbox 2070 610 3650 684">
     <span class='ocr_line' id='line_1_24' title="bbox 2070 610 3650 684; baseline 0.002 -21"><span class='ocrx_word' id='word_1_154' title='bbox 2070 628 2163 681; x_wconf 86' lang='grc' dir='ltr'>μοι</span> <span class='ocrx_word' id='word_1_155' title='bbox 2204 612 2301 663; x_wconf 73' lang='grc' dir='ltr'>«καὶ</span> <span class='ocrx_word' id='word_1_156' title='bbox 2337 611 2550 665; x_wconf 84' lang='grc' dir='ltr'>πολῖται</span> <span class='ocrx_word' id='word_1_157' title='bbox 2589 612 2649 664; x_wconf 80' lang='grc' dir='ltr'><strong>ἐν</strong></span> <span class='ocrx_word' id='word_1_158' title='bbox 2668 613 2750 684; x_wconf 75' lang='grc' dir='ltr'>,τῇ</span> <span class='ocrx_word' id='word_1_159' title='bbox 2792 610 2949 683; x_wconf 79' lang='grc' dir='ltr'>χώρᾳ</span> <span class='ocrx_word' id='word_1_160' title='bbox 2975 612 3084 666; x_wconf 90' lang='grc' dir='ltr'><strong>τῶν</strong></span> <span class='ocrx_word' id='word_1_161' title='bbox 3114 610 3221 666; x_wconf 90' lang='grc' dir='ltr'><strong>σῶν</strong></span> <span class='ocrx_word' id='word_1_162' title='bbox 3250 613 3527 667; x_wconf 82' lang='grc' dir='ltr'>δεσποτῶν</span> <span class='ocrx_word' id='word_1_163' title='bbox 3558 614 3650 666; x_wconf 84' lang='grc' dir='ltr'>καὶ</span> 
     </span>
    </p>
   </div>
   <div class='ocr_carea' id='block_1_25' title="bbox 2064 701 3648 774">
    <p class='ocr_par' dir='ltr' id='par_1_25' title="bbox 2064 701 3648 774">
     <span class='ocr_line' id='line_1_25' title="bbox 2064 701 3648 774; baseline 0.001 -20"><span class='ocrx_word' id='word_1_164' title='bbox 2064 701 2344 773; x_wconf 86' lang='grc' dir='ltr'>τυράννων</span> <span class='ocrx_word' id='word_1_165' title='bbox 2374 701 2658 771; x_wconf 77' lang='grc' dir='ltr'>γενόμενοι</span> <span class='ocrx_word' id='word_1_166' title='bbox 2681 701 3061 774; x_wconf 67' lang='grc' dir='ltr'>ὴλευθέρωσάν</span> <span class='ocrx_word' id='word_1_167' title='bbox 3085 720 3145 756; x_wconf 86' lang='grc' dir='ltr'><strong>σε</strong></span> <span class='ocrx_word' id='word_1_168' title='bbox 3169 705 3269 774; x_wconf 81' lang='grc' dir='ltr'><strong>τῆς</strong></span> <span class='ocrx_word' id='word_1_169' title='bbox 3291 703 3648 774; x_wconf 71' lang='grc' dir='ltr'>ἐπικειμένης</span> 
     </span>
    </p>
   </div>
   <div class='ocr_carea' id='block_1_26' title="bbox 2063 793 3645 867">
    <p class='ocr_par' dir='ltr' id='par_1_26' title="bbox 2063 793 3645 867">
     <span class='ocr_line' id='line_1_26' title="bbox 2063 793 3645 867; baseline -0.001 -19"><span class='ocrx_word' id='word_1_170' title='bbox 2063 793 2331 864; x_wconf 76' lang='grc' dir='ltr'><strong>ἀνάγκης,</strong></span> <span class='ocrx_word' id='word_1_171' title='bbox 2356 794 2526 867; x_wconf 82' lang='grc' dir='ltr'>λύτρα</span> <span class='ocrx_word' id='word_1_172' title='bbox 2550 793 2738 858; x_wconf 79' lang='grc' dir='ltr'>δόντες</span> <span class='ocrx_word' id='word_1_173' title='bbox 2776 793 2961 865; x_wconf 80' lang='grc' dir='ltr'>ἐξίσης</span> <span class='ocrx_word' id='word_1_174' title='bbox 2979 832 2993 858; x_wconf 94' lang='grc'><strong>,</strong></span> <span class='ocrx_word' id='word_1_175' title='bbox 3025 796 3119 849; x_wconf 75' lang='grc' dir='ltr'><strong>καὶ</strong></span> <span class='ocrx_word' id='word_1_176' title='bbox 3142 795 3240 867; x_wconf 80' lang='grc' dir='ltr'>τὴν</span> <span class='ocrx_word' id='word_1_177' title='bbox 3269 794 3514 866; x_wconf 85' lang='grc' dir='ltr'>δαπάνην</span> <span class='ocrx_word' id='word_1_178' title='bbox 3534 794 3645 847; x_wconf 91' lang='grc' dir='ltr'><strong>τῶν</strong></span> 
     </span>
    </p>
   </div>
   <div class='ocr_carea' id='block_1_27' title="bbox 2062 885 3641 958">
    <p class='ocr_par' dir='ltr' id='par_1_27' title="bbox 2062 885 3641 958">
     <span class='ocr_line' id='line_1_27' title="bbox 2062 885 3641 958; baseline -0.015 -1"><span class='ocrx_word' id='word_1_179' title='bbox 2062 885 2360 956; x_wconf 73' lang='grc' dir='ltr'><strong>Χρημάτων</strong></span> <span class='ocrx_word' id='word_1_180' title='bbox 2401 885 2463 951; x_wconf 63' lang='grc' dir='ltr'><strong>ὲξ</strong></span> <span class='ocrx_word' id='word_1_181' title='bbox 2513 886 2817 958; x_wconf 77' lang='grc' dir='ltr'>ἰσομοιρίας</span> <span class='ocrx_word' id='word_1_182' title='bbox 2856 886 2992 957; x_wconf 84' lang='grc' dir='ltr'>πρὸς</span> <span class='ocrx_word' id='word_1_183' title='bbox 3037 887 3266 950; x_wconf 79' lang='grc' dir='ltr'>ἑαυτοὺς</span> <span class='ocrx_word' id='word_1_184' title='bbox 3312 886 3641 956; x_wconf 63' lang='grc' dir='ltr'>διελόμενον</span> 
     </span>
    </p>
   </div>
   <div class='ocr_carea' id='block_1_28' title="bbox 2061 973 3645 1050">
    <p class='ocr_par' dir='ltr' id='par_1_28' title="bbox 2061 973 3645 1050">
     <span class='ocr_line' id='line_1_28' title="bbox 2061 973 3645 1050; baseline 0 -19"><span class='ocrx_word' id='word_1_185' title='bbox 2061 973 2173 1049; x_wconf 83' lang='grc' dir='ltr'>ἆρα</span> <span class='ocrx_word' id='word_1_186' title='bbox 2195 978 2295 1048; x_wconf 89' lang='grc' dir='ltr'><strong>τῆς</strong></span> <span class='ocrx_word' id='word_1_187' title='bbox 2325 978 2547 1050; x_wconf 85' lang='grc' dir='ltr'>χάριτος</span> <span class='ocrx_word' id='word_1_188' title='bbox 2579 979 2795 1050; x_wconf 78' lang='grc' dir='ltr'>ἐκείνης</span> <span class='ocrx_word' id='word_1_189' title='bbox 2823 976 3027 1049; x_wconf 88' lang='grc' dir='ltr'>τυχὼν,</span> <span class='ocrx_word' id='word_1_190' title='bbox 3055 977 3158 1032; x_wconf 79' lang='grc' dir='ltr'><strong>οὐκ</strong></span> <span class='ocrx_word' id='word_1_191' title='bbox 3196 976 3263 1032; x_wconf 85' lang='grc' dir='ltr'><strong>ἀν</strong></span> <span class='ocrx_word' id='word_1_192' title='bbox 3291 977 3495 1047; x_wconf 85' lang='grc' dir='ltr'>ὁμοίως</span> <span class='ocrx_word' id='word_1_193' title='bbox 3516 978 3645 1040; x_wconf 82' lang='grc' dir='ltr'>τοὺς</span> 
     </span>
    </p>
   </div>
   <div class='ocr_carea' id='block_1_29' title="bbox 2056 1067 3646 1141">
    <p class='ocr_par' dir='ltr' id='par_1_29' title="bbox 2056 1067 3646 1141">
     <span class='ocr_line' id='line_1_29' title="bbox 2056 1067 3646 1141; baseline -0.003 -18"><span class='ocrx_word' id='word_1_194' title='bbox 2056 1072 2208 1139; x_wconf 82' lang='grc' dir='ltr'>τρεῖς</span> <span class='ocrx_word' id='word_1_195' title='bbox 2235 1070 2311 1132; x_wconf 85' lang='grc' dir='ltr'>ὡς</span> <span class='ocrx_word' id='word_1_196' title='bbox 2336 1069 2628 1141; x_wconf 82' lang='grc' dir='ltr'>εὐεργέτας</span> <span class='ocrx_word' id='word_1_197' title='bbox 2653 1068 2851 1141; x_wconf 76' lang='grc' dir='ltr'>ἐώρας,</span> <span class='ocrx_word' id='word_1_198' title='bbox 2874 1068 2970 1123; x_wconf 80' lang='grc' dir='ltr'>καὶ</span> <span class='ocrx_word' id='word_1_199' title='bbox 2990 1068 3099 1122; x_wconf 89' lang='grc' dir='ltr'><strong>τῶν</strong></span> <span class='ocrx_word' id='word_1_200' title='bbox 3123 1067 3334 1141; x_wconf 85' lang='grc' dir='ltr'>λύτρων</span> <span class='ocrx_word' id='word_1_201' title='bbox 3362 1068 3462 1139; x_wconf 77' lang='grc' dir='ltr'>τὴν</span> <span class='ocrx_word' id='word_1_202' title='bbox 3489 1067 3646 1138; x_wconf 81' lang='grc' dir='ltr'>ἀμοι-</span> 
     </span>
    </p>
   </div>
   <div class='ocr_carea' id='block_1_30' title="bbox 2058 1158 3642 1234">
    <p class='ocr_par' dir='ltr' id='par_1_30' title="bbox 2058 1158 3642 1234">
     <span class='ocr_line' id='line_1_30' title="bbox 2058 1158 3642 1234; baseline -0.003 -19"><span class='ocrx_word' id='word_1_203' title='bbox 2058 1162 2159 1234; x_wconf 83' lang='grc' dir='ltr'>ϐὴν</span> <span class='ocrx_word' id='word_1_204' title='bbox 2188 1161 2250 1225; x_wconf 81' lang='grc' dir='ltr'><strong>ἐξ</strong></span> <span class='ocrx_word' id='word_1_205' title='bbox 2292 1162 2595 1233; x_wconf 79' lang='grc' dir='ltr'>ἰσομοιρίας</span> <span class='ocrx_word' id='word_1_206' title='bbox 2630 1162 2940 1232; x_wconf 87' lang='grc' dir='ltr'>είσέφερες,</span> <span class='ocrx_word' id='word_1_207' title='bbox 2989 1159 3172 1228; x_wconf 85' lang='grc' dir='ltr'>κοινῆς</span> <span class='ocrx_word' id='word_1_208' title='bbox 3213 1158 3353 1229; x_wconf 84' lang='grc' dir='ltr'>ὑπὲρ</span> <span class='ocrx_word' id='word_1_209' title='bbox 3402 1158 3497 1212; x_wconf 88' lang='grc' dir='ltr'><strong>σοῦ</strong></span> <span class='ocrx_word' id='word_1_210' title='bbox 3548 1159 3642 1211; x_wconf 73' lang='grc' dir='ltr'><strong>καὶ</strong></span> 
     </span>
    </p>
   </div>
   <div class='ocr_carea' id='block_1_31' title="bbox 2056 1249 3635 1324">
    <p class='ocr_par' dir='ltr' id='par_1_31' title="bbox 2056 1249 3635 1324">
     <span class='ocr_line' id='line_1_31' title="bbox 2056 1249 3635 1324; baseline -0.003 -18"><span class='ocrx_word' id='word_1_211' title='bbox 2056 1254 2155 1324; x_wconf 87' lang='grc' dir='ltr'><strong>τῆς</strong></span> <span class='ocrx_word' id='word_1_212' title='bbox 2180 1251 2420 1323; x_wconf 84' lang='grc' dir='ltr'>σπουδῆς</span> <span class='ocrx_word' id='word_1_213' title='bbox 2451 1252 2545 1305; x_wconf 77' lang='grc' dir='ltr'><strong>καὶ</strong></span> <span class='ocrx_word' id='word_1_214' title='bbox 2583 1251 2682 1322; x_wconf 87' lang='grc' dir='ltr'><strong>τῆς</strong></span> <span class='ocrx_word' id='word_1_215' title='bbox 2712 1250 2957 1321; x_wconf 80' lang='grc' dir='ltr'>δαπάνης</span> <span class='ocrx_word' id='word_1_216' title='bbox 2999 1249 3395 1319; x_wconf 87' lang='grc' dir='ltr'>γεγενημένης,</span> <span class='ocrx_word' id='word_1_217' title='bbox 3424 1249 3489 1303; x_wconf 86' lang='grc' dir='ltr'><strong>άν</strong></span> <span class='ocrx_word' id='word_1_218' title='bbox 3524 1265 3635 1319; x_wconf 78' lang='grc' dir='ltr'><strong>περ</strong></span> 
     </span>
    </p>
   </div>
   <div class='ocr_carea' id='block_1_32' title="bbox 2048 1340 3632 1416">
    <p class='ocr_par' dir='ltr' id='par_1_32' title="bbox 2048 1340 3632 1416">
     <span class='ocr_line' id='line_1_32' title="bbox 2048 1340 3632 1416; baseline -0.003 -18"><span class='ocrx_word' id='word_1_219' title='bbox 2048 1343 2260 1408; x_wconf 85' lang='grc' dir='ltr'>δίκαιος</span> <span class='ocrx_word' id='word_1_220' title='bbox 2287 1344 2538 1416; x_wconf 60' lang='grc' dir='ltr'>ὑπάρχεις</span> <span class='ocrx_word' id='word_1_221' title='bbox 2565 1342 2668 1413; x_wconf 90' lang='grc' dir='ltr'><strong>τῆς</strong></span> <span class='ocrx_word' id='word_1_222' title='bbox 2700 1341 3016 1413; x_wconf 82' lang='grc' dir='ltr'>εὐεργεσίας</span> <span class='ocrx_word' id='word_1_223' title='bbox 3048 1343 3278 1412; x_wconf 84' lang='grc' dir='ltr'>κριτής;</span> <span class='ocrx_word' id='word_1_224' title='bbox 3312 1342 3423 1396; x_wconf 77' lang='grc' dir='ltr'><strong>Καὶ</strong></span> <span class='ocrx_word' id='word_1_225' title='bbox 3456 1340 3632 1393; x_wconf 84' lang='grc' dir='ltr'>ταῦτα</span> 
     </span>
    </p>
   </div>
   <div class='ocr_carea' id='block_1_33' title="bbox 2058 1433 3625 1506">
    <p class='ocr_par' dir='ltr' id='par_1_33' title="bbox 2058 1433 3625 1506">
     <span class='ocr_line' id='line_1_33' title="bbox 2058 1433 3625 1506; baseline 0 -17"><span class='ocrx_word' id='word_1_226' title='bbox 2058 1435 2157 1506; x_wconf 78' lang='grc' dir='ltr'>μὲν</span> <span class='ocrx_word' id='word_1_227' title='bbox 2192 1436 2316 1490; x_wconf 73' lang='grc' dir='ltr'>ὅσον</span> <span class='ocrx_word' id='word_1_228' title='bbox 2348 1437 2408 1489; x_wconf 84' lang='grc' dir='ltr'><strong>ἐν</strong></span> <span class='ocrx_word' id='word_1_229' title='bbox 2446 1434 2857 1505; x_wconf 74' lang='grc' dir='ltr'>ὑποδείγμασιν·</span> <span class='ocrx_word' id='word_1_230' title='bbox 2887 1434 2949 1488; x_wconf 85' lang='grc' dir='ltr'>οὑ</span> <span class='ocrx_word' id='word_1_231' title='bbox 2982 1434 3091 1505; x_wconf 83' lang='grc' dir='ltr'>γὰρ</span> <span class='ocrx_word' id='word_1_232' title='bbox 3122 1433 3219 1489; x_wconf 81' lang='grc' dir='ltr'>νῦν</span> <span class='ocrx_word' id='word_1_233' title='bbox 3245 1435 3380 1503; x_wconf 80' lang='grc' dir='ltr'>ἡμῖν</span> <span class='ocrx_word' id='word_1_234' title='bbox 3422 1435 3625 1501; x_wconf 79' lang='grc' dir='ltr'>σκοπὸς</span> 
     </span>
    </p>
   </div>
   <div class='ocr_carea' id='block_1_34' title="bbox 2053 1524 3629 1596">
    <p class='ocr_par' dir='ltr' id='par_1_34' title="bbox 2053 1524 3629 1596">
     <span class='ocr_line' id='line_1_34' title="bbox 2053 1524 3629 1596; baseline 0.003 -19"><span class='ocrx_word' id='word_1_235' title='bbox 2053 1525 2147 1579; x_wconf 82' lang='grc' dir='ltr'>τὸν</span> <span class='ocrx_word' id='word_1_236' title='bbox 2173 1524 2273 1595; x_wconf 87' lang='grc' dir='ltr'><strong>τῆς</strong></span> <span class='ocrx_word' id='word_1_237' title='bbox 2303 1525 2538 1587; x_wconf 83' lang='grc' dir='ltr'>πίστεως</span> <span class='ocrx_word' id='word_1_238' title='bbox 2565 1524 2892 1579; x_wconf 79' lang='grc' dir='ltr'>ἀπευθύνειν</span> <span class='ocrx_word' id='word_1_239' title='bbox 2929 1524 3106 1593; x_wconf 89' lang='grc' dir='ltr'>λόγον.</span> <span class='ocrx_word' id='word_1_240' title='bbox 3144 1525 3289 1596; x_wconf 80' lang='grc' dir='ltr'>Πρὸς</span> <span class='ocrx_word' id='word_1_241' title='bbox 3339 1527 3398 1580; x_wconf 77' lang='grc' dir='ltr'>δὲ</span> <span class='ocrx_word' id='word_1_242' title='bbox 3419 1527 3510 1581; x_wconf 72' lang='grc' dir='ltr'><strong>τὸν</strong></span> <span class='ocrx_word' id='word_1_243' title='bbox 3538 1529 3629 1582; x_wconf 86' lang='grc' dir='ltr'>ἐν-</span> 
     </span>
    </p>
   </div>
   <div class='ocr_carea' id='block_1_35' title="bbox 2055 1616 3631 1690">
    <p class='ocr_par' dir='ltr' id='par_1_35' title="bbox 2055 1616 3631 1690">
     <span class='ocr_line' id='line_1_35' title="bbox 2055 1616 3631 1690; baseline 0.003 -21"><span class='ocrx_word' id='word_1_244' title='bbox 2055 1616 2266 1672; x_wconf 90' lang='grc' dir='ltr'>εστῶτα</span> <span class='ocrx_word' id='word_1_245' title='bbox 2304 1617 2494 1689; x_wconf 86' lang='grc' dir='ltr'>καιρὸν</span> <span class='ocrx_word' id='word_1_246' title='bbox 2534 1620 2630 1671; x_wconf 76' lang='grc' dir='ltr'>καὶ</span> <span class='ocrx_word' id='word_1_247' title='bbox 2669 1617 2765 1690; x_wconf 70' lang='grc' dir='ltr'>τὴν</span> <span class='ocrx_word' id='word_1_248' title='bbox 2806 1617 3174 1689; x_wconf 82' lang='grc' dir='ltr'>προκειμένην</span> <span class='ocrx_word' id='word_1_249' title='bbox 3194 1618 3448 1674; x_wconf 81' lang='grc' dir='ltr'>ὑπόθεσιν</span> <span class='ocrx_word' id='word_1_250' title='bbox 3495 1620 3631 1674; x_wconf 83' lang='grc' dir='ltr'>ἀνα-</span> 
     </span>
    </p>
   </div>
   <div class='ocr_carea' id='block_1_36' title="bbox 378 1686 1953 1781">
    <p class='ocr_par' dir='ltr' id='par_1_36' title="bbox 378 1686 1948 1760">
     <span class='ocr_line' id='line_1_36' title="bbox 378 1686 1948 1760; baseline 0.002 -19"><span class='ocrx_word' id='word_1_251' title='bbox 378 1688 717 1760; x_wconf 78' lang='lat' dir='ltr'><strong>propdsitum</strong></span> <span class='ocrx_word' id='word_1_252' title='bbox 750 1694 858 1750; x_wconf 86' lang='lat' dir='ltr'><strong>est,</strong></span> <span class='ocrx_word' id='word_1_253' title='bbox 909 1697 1070 1742; x_wconf 67' lang='lat' dir='ltr'><strong>rectae</strong></span> <span class='ocrx_word' id='word_1_254' title='bbox 1100 1686 1226 1742; x_wconf 87' lang='lat' dir='ltr'><strong>ﬁdei</strong></span> <span class='ocrx_word' id='word_1_255' title='bbox 1260 1687 1477 1743; x_wconf 80' lang='lat' dir='ltr'><strong>tradere</strong></span> <span class='ocrx_word' id='word_1_256' title='bbox 1519 1686 1807 1744; x_wconf 85' lang='lat' dir='ltr'><strong>rationem.</strong></span> <span class='ocrx_word' id='word_1_257' title='bbox 1839 1687 1948 1745; x_wconf 87' lang='lat' dir='ltr'><strong>Sed</strong></span> 
     </span>
    </p>
   </div>
   <div class='ocr_carea' id='block_1_37' title="bbox 2054 1686 3635 1781">
    <p class='ocr_par' dir='ltr' id='par_1_37' title="bbox 2055 1686 3635 1781">
     <span class='ocr_line' id='line_1_37' title="bbox 2055 1686 3635 1781; baseline 0.003 -20"><span class='ocrx_word' id='word_1_258' title='bbox 2055 1708 2369 1780; x_wconf 85' lang='grc' dir='ltr'>δράμωμεν.</span> <span class='ocrx_word' id='word_1_259' title='bbox 2402 1686 2671 1780; x_wconf 37' lang='grc' dir='ltr'>-Εύρίσκω</span> <span class='ocrx_word' id='word_1_260' title='bbox 2705 1686 2816 1781; x_wconf 81' lang='grc' dir='ltr'><strong>γὰρ</strong></span> <span class='ocrx_word' id='word_1_261' title='bbox 2855 1686 2939 1764; x_wconf 76' lang='grc' dir='ltr'><strong>δτι</strong></span> <span class='ocrx_word' id='word_1_262' title='bbox 2976 1686 3076 1781; x_wconf 74' lang='grc' dir='ltr'><strong>τῆν</strong></span> <span class='ocrx_word' id='word_1_263' title='bbox 3116 1686 3210 1764; x_wconf 80' lang='grc' dir='ltr'>τοῦ</span> <span class='ocrx_word' id='word_1_264' title='bbox 3256 1709 3635 1781; x_wconf 84' lang='grc' dir='ltr'>βαπτίσματος</span> 
     </span>
    </p>
   </div>
   <div class='ocr_carea' id='block_1_38' title="bbox 376 1778 1946 1850">
    <p class='ocr_par' dir='ltr' id='par_1_38' title="bbox 376 1778 1946 1850">
     <span class='ocr_line' id='line_1_38' title="bbox 376 1778 1946 1850; baseline 0.001 -17"><span class='ocrx_word' id='word_1_265' title='bbox 376 1782 444 1835; x_wconf 88' lang='lat' dir='ltr'><strong>ad</strong></span> <span class='ocrx_word' id='word_1_266' title='bbox 489 1794 729 1849; x_wconf 70' lang='lat' dir='ltr'><strong>praesens</strong></span> <span class='ocrx_word' id='word_1_267' title='bbox 775 1788 990 1847; x_wconf 87' lang='lat' dir='ltr'><strong>tempus</strong></span> <span class='ocrx_word' id='word_1_268' title='bbox 1053 1793 1117 1833; x_wconf 90' lang='lat' dir='ltr'><strong>ac</strong></span> <span class='ocrx_word' id='word_1_269' title='bbox 1170 1778 1511 1848; x_wconf 84' lang='lat' dir='ltr'><strong>propositum</strong></span> <span class='ocrx_word' id='word_1_270' title='bbox 1563 1786 1946 1850; x_wconf 88' lang='lat' dir='ltr'><strong>argumentum</strong></span> 
     </span>
    </p>
   </div>
   <div class='ocr_carea' id='block_1_39' title="bbox 376 1867 1958 1941">
    <p class='ocr_par' dir='ltr' id='par_1_39' title="bbox 376 1867 1958 1941">
     <span class='ocr_line' id='line_1_39' title="bbox 376 1867 1958 1941; baseline 0.002 -17"><span class='ocrx_word' id='word_1_271' title='bbox 376 1883 745 1927; x_wconf 84' lang='lat' dir='ltr'><strong>recurramus.</strong></span> <span class='ocrx_word' id='word_1_272' title='bbox 793 1867 931 1923; x_wconf 74' lang='lat' dir='ltr'><strong>Nam</strong></span> <span class='ocrx_word' id='word_1_273' title='bbox 966 1869 1204 1931; x_wconf 83' lang='lat' dir='ltr'><strong>invenio,</strong></span> <span class='ocrx_word' id='word_1_274' title='bbox 1241 1870 1389 1940; x_wconf 90' lang='lat' dir='ltr'><strong>quod</strong></span> <span class='ocrx_word' id='word_1_275' title='bbox 1437 1884 1547 1924; x_wconf 86' lang='lat' dir='ltr'><strong>non</strong></span> <span class='ocrx_word' id='word_1_276' title='bbox 1599 1872 1778 1926; x_wconf 91' lang='lat' dir='ltr'><strong>solum</strong></span> <span class='ocrx_word' id='word_1_277' title='bbox 1832 1880 1958 1941; x_wconf 90' lang='lat' dir='ltr'><strong>post</strong></span> 
     </span>
    </p>
   </div>
   <div class='ocr_carea' id='block_1_40' title="bbox 382 1960 1957 2033">
    <p class='ocr_par' dir='ltr' id='par_1_40' title="bbox 382 1960 1957 2033">
     <span class='ocr_line' id='line_1_40' title="bbox 382 1960 1957 2033; baseline 0 -14"><span class='ocrx_word' id='word_1_278' title='bbox 382 1978 639 2027; x_wconf 84' lang='lat' dir='ltr'><strong>crucem,</strong></span> <span class='ocrx_word' id='word_1_279' title='bbox 677 1960 965 2031; x_wconf 81' lang='lat' dir='ltr'><strong>Evangelia</strong></span> <span class='ocrx_word' id='word_1_280' title='bbox 997 1960 1233 2031; x_wconf 82' lang='lat' dir='ltr'><strong>gratiam</strong></span> <span class='ocrx_word' id='word_1_281' title='bbox 1285 1962 1629 2032; x_wconf 77' lang='lat' dir='ltr'><strong>baptismatis</strong></span> <span class='ocrx_word' id='word_1_282' title='bbox 1694 1963 1957 2033; x_wconf 59' lang='lat' dir='ltr'><strong>pradica-</strong></span> 
     </span>
    </p>
   </div>
   <div class='ocr_carea' id='block_1_41' title="bbox 375 2051 1955 2125">
    <p class='ocr_par' dir='ltr' id='par_1_41' title="bbox 375 2051 1955 2125">
     <span class='ocr_line' id='line_1_41' title="bbox 375 2051 1955 2125; baseline 0.001 -16"><span class='ocrx_word' id='word_1_283' title='bbox 375 2064 612 2120; x_wconf 86' lang='lat' dir='ltr'><strong>verunt,</strong></span> <span class='ocrx_word' id='word_1_284' title='bbox 646 2052 744 2108; x_wconf 87' lang='lat' dir='ltr'><strong>sed</strong></span> <span class='ocrx_word' id='word_1_285' title='bbox 773 2060 828 2107; x_wconf 89' lang='lat' dir='ltr'><strong>et</strong></span> <span class='ocrx_word' id='word_1_286' title='bbox 860 2063 988 2107; x_wconf 83' lang='lat' dir='ltr'><strong>ante</strong></span> <span class='ocrx_word' id='word_1_287' title='bbox 1018 2052 1453 2109; x_wconf 80' lang='lat' dir='ltr'><strong>incarnationem</strong></span> <span class='ocrx_word' id='word_1_288' title='bbox 1499 2051 1714 2108; x_wconf 87' lang='lat' dir='ltr'><strong>Domini</strong></span> <span class='ocrx_word' id='word_1_289' title='bbox 1747 2054 1955 2125; x_wconf 86' lang='lat' dir='ltr'><strong>ubique</strong></span> 
     </span>
    </p>
   </div>
   <div class='ocr_carea' id='block_1_42' title="bbox 374 2142 1952 2215">
    <p class='ocr_par' dir='ltr' id='par_1_42' title="bbox 374 2142 1952 2215">
     <span class='ocr_line' id='line_1_42' title="bbox 374 2142 1952 2215; baseline 0.001 -18"><span class='ocrx_word' id='word_1_290' title='bbox 374 2154 533 2201; x_wconf 84' lang='lat' dir='ltr'><strong>vetus</strong></span> <span class='ocrx_word' id='word_1_291' title='bbox 572 2142 859 2213; x_wconf 79' lang='lat' dir='ltr'><strong>Scriptura</strong></span> <span class='ocrx_word' id='word_1_292' title='bbox 923 2142 1355 2210; x_wconf 86' lang='lat' dir='ltr'><strong>regenerationis</strong></span> <span class='ocrx_word' id='word_1_293' title='bbox 1406 2152 1607 2199; x_wconf 77' lang='lat' dir='ltr'><strong>nostrae</strong></span> <span class='ocrx_word' id='word_1_294' title='bbox 1657 2144 1952 2215; x_wconf 86' lang='lat' dir='ltr'><strong>imaginem</strong></span> 
     </span>
    </p>
   </div>
   <div class='ocr_carea' id='block_1_43' title="bbox 379 2233 1954 2308">
    <p class='ocr_par' dir='ltr' id='par_1_43' title="bbox 379 2233 1954 2308">
     <span class='ocr_line' id='line_1_43' title="bbox 379 2233 1954 2308; baseline -0.001 -17"><span class='ocrx_word' id='word_1_295' title='bbox 379 2234 795 2308; x_wconf 70' lang='lat' dir='ltr'><strong>prazﬁguravit:</strong></span> <span class='ocrx_word' id='word_1_296' title='bbox 827 2247 937 2288; x_wconf 91' lang='lat' dir='ltr'><strong>non</strong></span> <span class='ocrx_word' id='word_1_297' title='bbox 974 2240 1160 2302; x_wconf 76' lang='lat' dir='ltr'><strong>aperte</strong></span> <span class='ocrx_word' id='word_1_298' title='bbox 1187 2240 1242 2288; x_wconf 85' lang='lat' dir='ltr'><strong>ct</strong></span> <span class='ocrx_word' id='word_1_299' title='bbox 1282 2233 1561 2289; x_wconf 87' lang='lat' dir='ltr'><strong>evidenter</strong></span> <span class='ocrx_word' id='word_1_300' title='bbox 1600 2233 1829 2289; x_wconf 82' lang='lat' dir='ltr'><strong>formam</strong></span> <span class='ocrx_word' id='word_1_301' title='bbox 1860 2249 1954 2291; x_wconf 86' lang='lat' dir='ltr'><strong>os-</strong></span> 
     </span>
    </p>
   </div>
   <div class='ocr_carea' id='block_1_44' title="bbox 375 2321 1954 2392">
    <p class='ocr_par' dir='ltr' id='par_1_44' title="bbox 375 2321 1954 2392">
     <span class='ocr_line' id='line_1_44' title="bbox 375 2321 1954 2392; baseline -0.002 -11"><span class='ocrx_word' id='word_1_302' title='bbox 375 2326 606 2382; x_wconf 86' lang='lat' dir='ltr'><strong>tendens</strong></span> <span class='ocrx_word' id='word_1_303' title='bbox 634 2363 649 2389; x_wconf 94' lang='lat'><strong>,</strong></span> <span class='ocrx_word' id='word_1_304' title='bbox 700 2321 798 2379; x_wconf 87' lang='lat' dir='ltr'><strong>sed</strong></span> <span class='ocrx_word' id='word_1_305' title='bbox 855 2322 1242 2392; x_wconf 70' lang='lat' dir='ltr'><strong>asuigmatibus</strong></span> <span class='ocrx_word' id='word_1_306' title='bbox 1264 2331 1322 2378; x_wconf 92' lang='lat' dir='ltr'><strong>et</strong></span> <span class='ocrx_word' id='word_1_307' title='bbox 1352 2323 1654 2381; x_wconf 86' lang='lat' dir='ltr'><strong>involucris</strong></span> <span class='ocrx_word' id='word_1_308' title='bbox 1693 2323 1954 2378; x_wconf 76' lang='lat' dir='ltr'><strong>humani-</strong></span> 
     </span>
    </p>
   </div>
   <div class='ocr_carea' id='block_1_45' title="bbox 375 2412 1954 2486">
    <p class='ocr_par' dir='ltr' id='par_1_45' title="bbox 375 2412 1954 2486">
     <span class='ocr_line' id='line_1_45' title="bbox 375 2412 1954 2486; baseline -0.001 -14"><span class='ocrx_word' id='word_1_309' title='bbox 375 2428 537 2473; x_wconf 82' lang='lat' dir='ltr'><strong>tatem</strong></span> <span class='ocrx_word' id='word_1_310' title='bbox 569 2415 666 2472; x_wconf 88' lang='lat' dir='ltr'><strong>Dei</strong></span> <span class='ocrx_word' id='word_1_311' title='bbox 714 2422 1170 2485; x_wconf 65' lang='lat' dir='ltr'><strong>praemonstrans.</strong></span> <span class='ocrx_word' id='word_1_312' title='bbox 1209 2412 1274 2468; x_wconf 88' lang='lat' dir='ltr'><strong>Et</strong></span> <span class='ocrx_word' id='word_1_313' title='bbox 1306 2424 1365 2469; x_wconf 90' lang='lat' dir='ltr'><strong>ut</strong></span> <span class='ocrx_word' id='word_1_314' title='bbox 1409 2429 1586 2486; x_wconf 89' lang='lat' dir='ltr'><strong>agnus</strong></span> <span class='ocrx_word' id='word_1_315' title='bbox 1648 2425 1778 2471; x_wconf 86' lang='lat' dir='ltr'><strong>ante</strong></span> <span class='ocrx_word' id='word_1_316' title='bbox 1816 2430 1954 2485; x_wconf 72' lang='lat' dir='ltr'><strong>prae-</strong></span> 
     </span>
    </p>
   </div>
   <div class='ocr_carea' id='block_1_46' title="bbox 372 2502 1956 2575">
    <p class='ocr_par' dir='ltr' id='par_1_46' title="bbox 372 2502 1956 2575">
     <span class='ocr_line' id='line_1_46' title="bbox 372 2502 1956 2575; baseline -0.001 -16"><span class='ocrx_word' id='word_1_317' title='bbox 372 2504 677 2563; x_wconf 84' lang='lat' dir='ltr'><strong>dicabatur.</strong></span> <span class='ocrx_word' id='word_1_318' title='bbox 709 2509 765 2559; x_wconf 82' lang='lat' dir='ltr'><strong>et</strong></span> <span class='ocrx_word' id='word_1_319' title='bbox 793 2516 926 2557; x_wconf 82' lang='lat' dir='ltr'><strong>crux</strong></span> <span class='ocrx_word' id='word_1_320' title='bbox 952 2502 1397 2571; x_wconf 79' lang='lat' dir='ltr'><strong>propltetabatur,</strong></span> <span class='ocrx_word' id='word_1_321' title='bbox 1457 2504 1533 2557; x_wconf 90' lang='lat' dir='ltr'><strong>ita</strong></span> <span class='ocrx_word' id='word_1_322' title='bbox 1567 2504 1733 2558; x_wconf 89' lang='lat' dir='ltr'><strong>etiam</strong></span> <span class='ocrx_word' id='word_1_323' title='bbox 1776 2504 1956 2575; x_wconf 86' lang='lat' dir='ltr'><strong>bapti-</strong></span> 
     </span>
    </p>
   </div>
   <div class='ocr_carea' id='block_1_47' title="bbox 373 2592 1955 2666">
    <p class='ocr_par' dir='ltr' id='par_1_47' title="bbox 373 2592 1955 2666">
     <span class='ocr_line' id='line_1_47' title="bbox 373 2592 1955 2666; baseline -0.001 -16"><span class='ocrx_word' id='word_1_324' title='bbox 373 2610 493 2651; x_wconf 88' lang='lat' dir='ltr'><strong>sma</strong></span> <span class='ocrx_word' id='word_1_325' title='bbox 520 2633 536 2659; x_wconf 98' lang='lat'><strong>,</strong></span> <span class='ocrx_word' id='word_1_326' title='bbox 582 2601 638 2649; x_wconf 85' lang='lat' dir='ltr'><strong>et</strong></span> <span class='ocrx_word' id='word_1_327' title='bbox 666 2593 848 2650; x_wconf 88' lang='lat' dir='ltr'><strong>verbis</strong></span> <span class='ocrx_word' id='word_1_328' title='bbox 881 2600 936 2649; x_wconf 86' lang='lat' dir='ltr'><strong>et</strong></span> <span class='ocrx_word' id='word_1_329' title='bbox 974 2608 1035 2648; x_wconf 88' lang='lat' dir='ltr'><strong>re</strong></span> <span class='ocrx_word' id='word_1_330' title='bbox 1069 2593 1188 2663; x_wconf 90' lang='lat' dir='ltr'><strong>ipsa</strong></span> <span class='ocrx_word' id='word_1_331' title='bbox 1222 2592 1585 2648; x_wconf 85' lang='lat' dir='ltr'><strong>indicabatur.</strong></span> <span class='ocrx_word' id='word_1_332' title='bbox 1618 2596 1688 2648; x_wconf 87' lang='lat' dir='ltr'><strong>At</strong></span> <span class='ocrx_word' id='word_1_333' title='bbox 1739 2594 1955 2666; x_wconf 81' lang='lat' dir='ltr'><strong>rediga-</strong></span> 
     </span>
    </p>
   </div>
   <div class='ocr_carea' id='block_1_48' title="bbox 374 2685 1953 2749">
    <p class='ocr_par' dir='ltr' id='par_1_48' title="bbox 374 2685 1953 2749">
     <span class='ocr_line' id='line_1_48' title="bbox 374 2685 1953 2749; baseline 0.003 -11"><span class='ocrx_word' id='word_1_334' title='bbox 374 2702 495 2741; x_wconf 90' lang='lat' dir='ltr'><strong>mus</strong></span> <span class='ocrx_word' id='word_1_335' title='bbox 549 2685 905 2742; x_wconf 86' lang='lat' dir='ltr'><strong>honestarum</strong></span> <span class='ocrx_word' id='word_1_336' title='bbox 957 2700 1141 2740; x_wconf 92' lang='lat' dir='ltr'><strong>rerum</strong></span> <span class='ocrx_word' id='word_1_337' title='bbox 1193 2685 1460 2742; x_wconf 84' lang='lat' dir='ltr'><strong>studiosis</strong></span> <span class='ocrx_word' id='word_1_338' title='bbox 1515 2686 1571 2741; x_wconf 91' lang='lat' dir='ltr'><strong>in</strong></span> <span class='ocrx_word' id='word_1_339' title='bbox 1630 2688 1953 2749; x_wconf 72' lang='lat' dir='ltr'><strong>memoriam</strong></span> 
     </span>
    </p>
   </div>
   <div class='ocr_carea' id='block_1_49' title="bbox 374 2775 1953 2849">
    <p class='ocr_par' dir='ltr' id='par_1_49' title="bbox 374 2775 1953 2849">
     <span class='ocr_line' id='line_1_49' title="bbox 374 2775 1953 2849; baseline 0.001 -18"><span class='ocrx_word' id='word_1_340' title='bbox 374 2777 617 2847; x_wconf 79' lang='lat' dir='ltr'><strong>ﬁguras;</strong></span> <span class='ocrx_word' id='word_1_341' title='bbox 648 2775 817 2846; x_wconf 79' lang='lat' dir='ltr'><strong>exigit</strong></span> <span class='ocrx_word' id='word_1_342' title='bbox 846 2775 993 2830; x_wconf 90' lang='lat' dir='ltr'><strong>enim</strong></span> <span class='ocrx_word' id='word_1_343' title='bbox 1028 2784 1244 2846; x_wconf 87' lang='lat' dir='ltr'><strong>tempus</strong></span> <span class='ocrx_word' id='word_1_344' title='bbox 1304 2776 1564 2831; x_wconf 82' lang='lat' dir='ltr'><strong>feriarum</strong></span> <span class='ocrx_word' id='word_1_345' title='bbox 1592 2778 1611 2847; x_wconf 92' lang='lat'>(</span> <span class='ocrx_word' id='word_1_346' title='bbox 1636 2779 1790 2849; x_wconf 90' lang='lat' dir='ltr'><strong>eam)</strong></span> <span class='ocrx_word' id='word_1_347' title='bbox 1827 2788 1953 2833; x_wconf 58' lang='lat' dir='ltr'><strong>tan.</strong></span> 
     </span>
    </p>
   </div>
   <div class='ocr_carea' id='block_1_50' title="bbox 372 2867 1954 2940">
    <p class='ocr_par' dir='ltr' id='par_1_50' title="bbox 372 2867 1954 2940">
     <span class='ocr_line' id='line_1_50' title="bbox 372 2867 1954 2940; baseline 0.001 -17"><span class='ocrx_word' id='word_1_348' title='bbox 372 2885 538 2940; x_wconf 90' lang='lat' dir='ltr'><strong>quam</strong></span> <span class='ocrx_word' id='word_1_349' title='bbox 609 2867 980 2923; x_wconf 84' lang='lat' dir='ltr'><strong>necessariam</strong></span> <span class='ocrx_word' id='word_1_350' title='bbox 1037 2870 1647 2925; x_wconf 84' lang='lat' dir='ltr'><strong>commemorationem.</strong></span> <span class='ocrx_word' id='word_1_351' title='bbox 1676 2867 1824 2940; x_wconf 79' lang='lat' dir='ltr'><strong>Agar</strong></span> <span class='ocrx_word' id='word_1_352' title='bbox 1850 2884 1954 2924; x_wconf 88' lang='lat' dir='ltr'><strong>an-</strong></span> 
     </span>
    </p>
   </div>
   <div class='ocr_carea' id='block_1_51' title="bbox 371 3046 1830 3117">
    <p class='ocr_par' dir='ltr' id='par_1_51' title="bbox 371 3046 1830 3117">
     <span class='ocr_line' id='line_1_51' title="bbox 371 3046 1830 3117; baseline -0.002 -12"><span class='ocrx_word' id='word_1_353' title='bbox 371 3051 538 3106; x_wconf 88' lang='lat' dir='ltr'><strong>verba</strong></span> <span class='ocrx_word' id='word_1_354' title='bbox 569 3046 799 3112; x_wconf 77' lang='lat' dir='ltr'><strong>iaciens,</strong></span> <span class='ocrx_word' id='word_1_355' title='bbox 831 3046 1187 3117; x_wconf 86' lang='lat' dir='ltr'><strong>allegoricam</strong></span> <span class='ocrx_word' id='word_1_356' title='bbox 1245 3048 1579 3102; x_wconf 88' lang='lat' dir='ltr'><strong>mentionem</strong></span> <span class='ocrx_word' id='word_1_357' title='bbox 1614 3046 1741 3103; x_wconf 78' lang='lat' dir='ltr'><strong>facit</strong></span> <span class='ocrx_word' id='word_1_358' title='bbox 1764 3047 1830 3114; x_wconf 72' lang='grc'><strong>⁸⁵,</strong></span> 
     </span>
    </p>
   </div>
   <div class='ocr_carea' id='block_1_52' title="bbox 366 3136 1955 3211">
    <p class='ocr_par' dir='ltr' id='par_1_52' title="bbox 366 3136 1955 3211">
     <span class='ocr_line' id='line_1_52' title="bbox 366 3136 1955 3211; baseline 0.001 -15"><span class='ocrx_word' id='word_1_359' title='bbox 366 3142 537 3196; x_wconf 89' lang='lat' dir='ltr'><strong>domo</strong></span> <span class='ocrx_word' id='word_1_360' title='bbox 597 3139 806 3194; x_wconf 86' lang='lat' dir='ltr'><strong>domini</strong></span> <span class='ocrx_word' id='word_1_361' title='bbox 858 3137 947 3192; x_wconf 91' lang='lat' dir='ltr'><strong>sui</strong></span> <span class='ocrx_word' id='word_1_362' title='bbox 994 3145 1223 3209; x_wconf 83' lang='lat' dir='ltr'><strong>propter</strong></span> <span class='ocrx_word' id='word_1_363' title='bbox 1278 3137 1415 3192; x_wconf 91' lang='lat' dir='ltr'><strong>iram</strong></span> <span class='ocrx_word' id='word_1_364' title='bbox 1458 3136 1643 3193; x_wconf 70' lang='lat' dir='ltr'><strong>Sarrae</strong></span> <span class='ocrx_word' id='word_1_365' title='bbox 1707 3140 1955 3211; x_wconf 87' lang='lat' dir='ltr'><strong>ablegata</strong></span> 
     </span>
    </p>
   </div>
   <div class='ocr_carea' id='block_1_53' title="bbox 370 3228 1956 3304">
    <p class='ocr_par' dir='ltr' id='par_1_53' title="bbox 370 3228 1956 3304">
     <span class='ocr_line' id='line_1_53' title="bbox 370 3228 1956 3304; baseline 0.001 -18"><span class='ocrx_word' id='word_1_366' title='bbox 370 3232 642 3304; x_wconf 86' lang='lat' dir='ltr'><strong>(molesta</strong></span> <span class='ocrx_word' id='word_1_367' title='bbox 662 3229 813 3287; x_wconf 86' lang='lat' dir='ltr'><strong>enim</strong></span> <span class='ocrx_word' id='word_1_368' title='bbox 860 3229 1120 3301; x_wconf 81' lang='lat' dir='ltr'><strong>legitimis</strong></span> <span class='ocrx_word' id='word_1_369' title='bbox 1176 3228 1444 3284; x_wconf 81' lang='lat' dir='ltr'><strong>uxoribus</strong></span> <span class='ocrx_word' id='word_1_370' title='bbox 1474 3244 1563 3287; x_wconf 89' lang='lat' dir='ltr'><strong>res</strong></span> <span class='ocrx_word' id='word_1_371' title='bbox 1588 3237 1695 3297; x_wconf 87' lang='lat' dir='ltr'><strong>est,</strong></span> <span class='ocrx_word' id='word_1_372' title='bbox 1729 3241 1956 3302; x_wconf 86' lang='lat' dir='ltr'><strong>propter</strong></span> 
     </span>
    </p>
   </div>
   <div class='ocr_carea' id='block_1_54' title="bbox 367 3320 1955 3392">
    <p class='ocr_par' dir='ltr' id='par_1_54' title="bbox 367 3320 1955 3392">
     <span class='ocr_line' id='line_1_54' title="bbox 367 3320 1955 3392; baseline 0.001 -14"><span class='ocrx_word' id='word_1_373' title='bbox 367 3324 651 3378; x_wconf 87' lang='lat' dir='ltr'><strong>dominum</strong></span> <span class='ocrx_word' id='word_1_374' title='bbox 699 3329 955 3392; x_wconf 85' lang='lat' dir='ltr'><strong>suspecta</strong></span> <span class='ocrx_word' id='word_1_375' title='bbox 997 3320 1265 3392; x_wconf 82' lang='lat' dir='ltr'><strong>ancilla),</strong></span> <span class='ocrx_word' id='word_1_376' title='bbox 1299 3320 1517 3377; x_wconf 89' lang='lat' dir='ltr'><strong>deserta</strong></span> <span class='ocrx_word' id='word_1_377' title='bbox 1569 3335 1634 3375; x_wconf 90' lang='lat' dir='ltr'><strong>ac</strong></span> <span class='ocrx_word' id='word_1_378' title='bbox 1692 3322 1955 3379; x_wconf 89' lang='lat' dir='ltr'><strong>destituta</strong></span> 
     </span>
    </p>
   </div>
   <div class='ocr_carea' id='block_1_55' title="bbox 366 3411 1953 3478">
    <p class='ocr_par' dir='ltr' id='par_1_55' title="bbox 366 3411 1953 3478">
     <span class='ocr_line' id='line_1_55' title="bbox 366 3411 1953 3478; baseline 0.001 -8"><span class='ocrx_word' id='word_1_379' title='bbox 366 3414 644 3470; x_wconf 76' lang='lat' dir='ltr'><strong>ferebatur</strong></span> <span class='ocrx_word' id='word_1_380' title='bbox 663 3413 733 3469; x_wconf 89' lang='lat' dir='ltr'><strong>ad</strong></span> <span class='ocrx_word' id='word_1_381' title='bbox 760 3421 961 3468; x_wconf 84' lang='lat' dir='ltr'><strong>terram</strong></span> <span class='ocrx_word' id='word_1_382' title='bbox 984 3411 1281 3478; x_wconf 87' lang='lat' dir='ltr'><strong>desertam,</strong></span> <span class='ocrx_word' id='word_1_383' title='bbox 1325 3413 1618 3468; x_wconf 85' lang='lat' dir='ltr'><strong>laetantem</strong></span> <span class='ocrx_word' id='word_1_384' title='bbox 1641 3428 1826 3471; x_wconf 88' lang='lat' dir='ltr'><strong>secum</strong></span> <span class='ocrx_word' id='word_1_385' title='bbox 1858 3416 1953 3471; x_wconf 83' lang='lat' dir='ltr'><strong>Ita-</strong></span> 
     </span>
    </p>
   </div>
   <div class='ocr_carea' id='block_1_56' title="bbox 366 3503 1954 3577">
    <p class='ocr_par' dir='ltr' id='par_1_56' title="bbox 366 3503 1954 3577">
     <span class='ocr_line' id='line_1_56' title="bbox 366 3503 1954 3577; baseline 0.001 -15"><span class='ocrx_word' id='word_1_386' title='bbox 366 3507 501 3562; x_wconf 88' lang='lat' dir='ltr'><strong>bens</strong></span> <span class='ocrx_word' id='word_1_387' title='bbox 524 3521 752 3577; x_wconf 89' lang='lat' dir='ltr'><strong>puerum</strong></span> <span class='ocrx_word' id='word_1_388' title='bbox 783 3505 1064 3561; x_wconf 87' lang='lat' dir='ltr'><strong>lsmaelem</strong></span> <span class='ocrx_word' id='word_1_389' title='bbox 1091 3504 1157 3558; x_wconf 84' lang='grc'>¹⁸.</span> <span class='ocrx_word' id='word_1_390' title='bbox 1181 3503 1317 3559; x_wconf 91' lang='lat' dir='ltr'><strong>Cum</strong></span> <span class='ocrx_word' id='word_1_391' title='bbox 1341 3512 1525 3561; x_wconf 89' lang='lat' dir='ltr'><strong>autem</strong></span> <span class='ocrx_word' id='word_1_392' title='bbox 1547 3504 1769 3563; x_wconf 89' lang='lat' dir='ltr'><strong>redacta</strong></span> <span class='ocrx_word' id='word_1_393' title='bbox 1806 3515 1954 3565; x_wconf 85' lang='lat' dir='ltr'><strong>esset</strong></span> 
     </span>
    </p>
   </div>
   <div class='ocr_carea' id='block_1_57' title="bbox 367 3596 1955 3670">
    <p class='ocr_par' dir='ltr' id='par_1_57' title="bbox 367 3596 1955 3670">
     <span class='ocr_line' id='line_1_57' title="bbox 367 3596 1955 3670; baseline 0.001 -18"><span class='ocrx_word' id='word_1_394' title='bbox 367 3599 433 3654; x_wconf 89' lang='lat' dir='ltr'><strong>ad</strong></span> <span class='ocrx_word' id='word_1_395' title='bbox 473 3599 711 3669; x_wconf 89' lang='lat' dir='ltr'><strong>inopiam</strong></span> <span class='ocrx_word' id='word_1_396' title='bbox 776 3612 962 3653; x_wconf 88' lang='lat' dir='ltr'><strong>rerum</strong></span> <span class='ocrx_word' id='word_1_397' title='bbox 1008 3597 1475 3661; x_wconf 84' lang='lat' dir='ltr'><strong>necessariarum,</strong></span> <span class='ocrx_word' id='word_1_398' title='bbox 1511 3596 1741 3669; x_wconf 88' lang='lat' dir='ltr'><strong>ipsaque</strong></span> <span class='ocrx_word' id='word_1_399' title='bbox 1785 3614 1955 3670; x_wconf 87' lang='lat' dir='ltr'><strong>prope</strong></span> 
     </span>
    </p>
   </div>
   <div class='ocr_carea' id='block_1_58' title="bbox 366 3688 1951 3761">
    <p class='ocr_par' dir='ltr' id='par_1_58' title="bbox 366 3688 1951 3761">
     <span class='ocr_line' id='line_1_58' title="bbox 366 3688 1951 3761; baseline 0.001 -17"><span class='ocrx_word' id='word_1_400' title='bbox 366 3702 612 3753; x_wconf 83' lang='lat' dir='ltr'><strong>mortem.</strong></span> <span class='ocrx_word' id='word_1_401' title='bbox 634 3699 689 3747; x_wconf 89' lang='lat' dir='ltr'><strong>et</strong></span> <span class='ocrx_word' id='word_1_402' title='bbox 711 3698 840 3746; x_wconf 90' lang='lat' dir='ltr'><strong>ante</strong></span> <span class='ocrx_word' id='word_1_403' title='bbox 867 3703 989 3746; x_wconf 89' lang='lat' dir='ltr'><strong>eam</strong></span> <span class='ocrx_word' id='word_1_404' title='bbox 1015 3688 1152 3746; x_wconf 89' lang='lat' dir='ltr'><strong>adeo</strong></span> <span class='ocrx_word' id='word_1_405' title='bbox 1174 3703 1310 3760; x_wconf 92' lang='lat' dir='ltr'><strong>puer</strong></span> <span class='ocrx_word' id='word_1_406' title='bbox 1333 3689 1572 3746; x_wconf 86' lang='lat' dir='ltr'><strong>venisset</strong></span> <span class='ocrx_word' id='word_1_407' title='bbox 1589 3693 1774 3761; x_wconf 88' lang='lat' dir='ltr'><strong>(quam</strong></span> <span class='ocrx_word' id='word_1_408' title='bbox 1806 3690 1951 3747; x_wconf 91' lang='lat' dir='ltr'><strong>enim</strong></span> 
     </span>
    </p>
   </div>
   <div class='ocr_carea' id='block_1_59' title="bbox 364 3779 1951 3851">
    <p class='ocr_par' dir='ltr' id='par_1_59' title="bbox 364 3779 1951 3851">
     <span class='ocr_line' id='line_1_59' title="bbox 364 3779 1951 3851; baseline 0.001 -16"><span class='ocrx_word' id='word_1_409' title='bbox 364 3781 421 3836; x_wconf 86' lang='lat' dir='ltr'><strong>in</strong></span> <span class='ocrx_word' id='word_1_410' title='bbox 445 3791 565 3836; x_wconf 91' lang='lat' dir='ltr'><strong>utre</strong></span> <span class='ocrx_word' id='word_1_411' title='bbox 587 3795 780 3850; x_wconf 88' lang='lat' dir='ltr'><strong>aquam</strong></span> <span class='ocrx_word' id='word_1_412' title='bbox 812 3779 1118 3845; x_wconf 87' lang='lat' dir='ltr'><strong>habuerat,</strong></span> <span class='ocrx_word' id='word_1_413' title='bbox 1150 3785 1477 3847; x_wconf 87' lang='lat' dir='ltr'><strong>consumpta</strong></span> <span class='ocrx_word' id='word_1_414' title='bbox 1518 3786 1671 3834; x_wconf 90' lang='lat' dir='ltr'><strong>erat:</strong></span> <span class='ocrx_word' id='word_1_415' title='bbox 1691 3781 1951 3851; x_wconf 88' lang='lat' dir='ltr'><strong>quoniam</strong></span> 
     </span>
    </p>
   </div>
   <div class='ocr_carea' id='block_1_60' title="bbox 364 3865 1951 3939">
    <p class='ocr_par' dir='ltr' id='par_1_60' title="bbox 364 3865 1951 3939">
     <span class='ocr_line' id='line_1_60' title="bbox 364 3865 1951 3939; baseline 0 -14"><span class='ocrx_word' id='word_1_416' title='bbox 364 3886 437 3926; x_wconf 85' lang='lat' dir='ltr'><strong>ne</strong></span> <span class='ocrx_word' id='word_1_417' title='bbox 461 3871 578 3924; x_wconf 86' lang='lat' dir='ltr'><strong>ﬁeri</strong></span> <span class='ocrx_word' id='word_1_418' title='bbox 608 3869 829 3938; x_wconf 90' lang='lat' dir='ltr'><strong>quidem</strong></span> <span class='ocrx_word' id='word_1_419' title='bbox 866 3877 1102 3938; x_wconf 85' lang='lat' dir='ltr'><strong>poterat,</strong></span> <span class='ocrx_word' id='word_1_420' title='bbox 1138 3876 1200 3921; x_wconf 93' lang='lat' dir='ltr'><strong>ut</strong></span> <span class='ocrx_word' id='word_1_421' title='bbox 1229 3865 1536 3939; x_wconf 80' lang='lat' dir='ltr'><strong>Synagoga,</strong></span> <span class='ocrx_word' id='word_1_422' title='bbox 1566 3882 1688 3939; x_wconf 69' lang='lat' dir='ltr'><strong>quae</strong></span> <span class='ocrx_word' id='word_1_423' title='bbox 1730 3869 1863 3924; x_wconf 87' lang='lat' dir='ltr'><strong>olim</strong></span> <span class='ocrx_word' id='word_1_424' title='bbox 1895 3873 1951 3926; x_wconf 92' lang='lat' dir='ltr'><strong>in</strong></span> 
     </span>
    </p>
   </div>
   <div class='ocr_carea' id='block_1_61' title="bbox 364 3957 1951 4032">
    <p class='ocr_par' dir='ltr' id='par_1_61' title="bbox 364 3957 1951 4032">
     <span class='ocr_line' id='line_1_61' title="bbox 364 3957 1951 4032; baseline 0.001 -17"><span class='ocrx_word' id='word_1_425' title='bbox 364 3962 556 4032; x_wconf 79' lang='lat' dir='ltr'><strong>ﬁguris</strong></span> <span class='ocrx_word' id='word_1_426' title='bbox 598 3960 853 4030; x_wconf 85' lang='lat' dir='ltr'><strong>perennis</strong></span> <span class='ocrx_word' id='word_1_427' title='bbox 908 3957 1075 4014; x_wconf 79' lang='lat' dir='ltr'><strong>fontis</strong></span> <span class='ocrx_word' id='word_1_428' title='bbox 1126 3958 1494 4026; x_wconf 85' lang='lat' dir='ltr'><strong>versabatur,</strong></span> <span class='ocrx_word' id='word_1_429' title='bbox 1570 3959 1951 4017; x_wconf 80' lang='lat' dir='ltr'><strong>suﬁicientiam</strong></span> 
     </span>
    </p>
   </div>
   <div class='ocr_carea' id='block_1_62' title="bbox 365 4052 1952 4125">
    <p class='ocr_par' dir='ltr' id='par_1_62' title="bbox 365 4052 1952 4125">
     <span class='ocr_line' id='line_1_62' title="bbox 365 4052 1952 4125; baseline 0.003 -17"><span class='ocrx_word' id='word_1_430' title='bbox 365 4056 491 4109; x_wconf 80' lang='lat' dir='ltr'><strong>vitae</strong></span> <span class='ocrx_word' id='word_1_431' title='bbox 524 4053 749 4108; x_wconf 85' lang='lat' dir='ltr'><strong>haberet</strong></span> <span class='ocrx_word' id='word_1_432' title='bbox 768 4052 811 4121; x_wconf 93' lang='lat'><strong>),</strong></span> <span class='ocrx_word' id='word_1_433' title='bbox 840 4052 1066 4121; x_wconf 85' lang='lat' dir='ltr'><strong>angelus</strong></span> <span class='ocrx_word' id='word_1_434' title='bbox 1095 4052 1150 4106; x_wconf 92' lang='lat' dir='ltr'><strong>in</strong></span> <span class='ocrx_word' id='word_1_435' title='bbox 1186 4052 1468 4122; x_wconf 81' lang='lat' dir='ltr'><strong>insperato</strong></span> <span class='ocrx_word' id='word_1_436' title='bbox 1497 4062 1741 4125; x_wconf 89' lang='lat' dir='ltr'><strong>apparet,</strong></span> <span class='ocrx_word' id='word_1_437' title='bbox 1775 4062 1829 4110; x_wconf 92' lang='lat' dir='ltr'><strong>et</strong></span> <span class='ocrx_word' id='word_1_438' title='bbox 1860 4068 1952 4112; x_wconf 88' lang='lat' dir='ltr'><strong>os-</strong></span> 
     </span>
    </p>
   </div>
   <div class='ocr_carea' id='block_1_63' title="bbox 368 4144 1946 4215">
    <p class='ocr_par' dir='ltr' id='par_1_63' title="bbox 368 4144 1946 4215">
     <span class='ocr_line' id='line_1_63' title="bbox 368 4144 1946 4215; baseline 0.001 -14"><span class='ocrx_word' id='word_1_439' title='bbox 368 4144 545 4201; x_wconf 86' lang='lat' dir='ltr'><strong>tendit</strong></span> <span class='ocrx_word' id='word_1_440' title='bbox 578 4144 627 4199; x_wconf 89' lang='lat' dir='ltr'><strong>ci</strong></span> <span class='ocrx_word' id='word_1_441' title='bbox 680 4152 905 4215; x_wconf 85' lang='lat' dir='ltr'><strong>puteum</strong></span> <span class='ocrx_word' id='word_1_442' title='bbox 939 4158 1095 4214; x_wconf 72' lang='lat' dir='ltr'><strong>aqum</strong></span> <span class='ocrx_word' id='word_1_443' title='bbox 1130 4145 1398 4200; x_wconf 73' lang='lat' dir='ltr'><strong>viventis:</strong></span> <span class='ocrx_word' id='word_1_444' title='bbox 1429 4156 1594 4215; x_wconf 90' lang='lat' dir='ltr'><strong>atque</strong></span> <span class='ocrx_word' id='word_1_445' title='bbox 1636 4145 1772 4201; x_wconf 87' lang='lat' dir='ltr'><strong>inde</strong></span> <span class='ocrx_word' id='word_1_446' title='bbox 1822 4162 1946 4203; x_wconf 91' lang='lat' dir='ltr'><strong>cum</strong></span> 
     </span>
    </p>
   </div>
   <div class='ocr_carea' id='block_1_64' title="bbox 367 4227 1947 4311">
    <p class='ocr_par' dir='ltr' id='par_1_64' title="bbox 367 4227 1947 4311">
     <span class='ocr_line' id='line_1_64' title="bbox 367 4227 1947 4311; baseline 0 -18"><span class='ocrx_word' id='word_1_447' title='bbox 367 4238 683 4303; x_wconf 83' lang='lat' dir='ltr'><strong>hausisset,</strong></span> <span class='ocrx_word' id='word_1_448' title='bbox 723 4243 908 4292; x_wconf 89' lang='lat' dir='ltr'><strong>servat</strong></span> <span class='ocrx_word' id='word_1_449' title='bbox 965 4237 1268 4293; x_wconf 87' lang='lat' dir='ltr'><strong>lsmaelem.</strong></span> <span class='ocrx_word' id='word_1_450' title='bbox 1320 4227 1455 4293; x_wconf 75' lang='lat' dir='ltr'><strong>Vide</strong></span> <span class='ocrx_word' id='word_1_451' title='bbox 1508 4238 1673 4310; x_wconf 88' lang='lat' dir='ltr'><strong>igitur</strong></span> <span class='ocrx_word' id='word_1_452' title='bbox 1720 4239 1947 4311; x_wconf 84' lang='lat' dir='ltr'><strong>ﬁguram</strong></span> 
     </span>
    </p>
   </div>
   <div class='ocr_carea' id='block_1_65' title="bbox 370 4330 2024 4430">
    <p class='ocr_par' dir='ltr' id='par_1_65' title="bbox 370 4330 2024 4430">
     <span class='ocr_line' id='line_1_65' title="bbox 370 4330 2024 4430; baseline 0.002 -47"><span class='ocrx_word' id='word_1_453' title='bbox 370 4331 701 4402; x_wconf 84' lang='lat' dir='ltr'><strong>mysticam,</strong></span> <span class='ocrx_word' id='word_1_454' title='bbox 737 4330 1195 4400; x_wconf 87' lang='lat' dir='ltr'><strong>quemadmodum</strong></span> <span class='ocrx_word' id='word_1_455' title='bbox 1250 4334 1433 4386; x_wconf 87' lang='lat' dir='ltr'><strong>statim</strong></span> <span class='ocrx_word' id='word_1_456' title='bbox 1509 4330 1578 4386; x_wconf 88' lang='lat' dir='ltr'><strong>ab</strong></span> <span class='ocrx_word' id='word_1_457' title='bbox 1637 4332 1793 4386; x_wconf 87' lang='lat' dir='ltr'><strong>initio</strong></span> <span class='ocrx_word' id='word_1_458' title='bbox 1850 4346 2024 4430; x_wconf 82' lang='lat' dir='ltr'><strong>perD</strong></span> 
     </span>
    </p>
   </div>
   <div class='ocr_carea' id='block_1_66' title="bbox 367 4422 1949 4493">
    <p class='ocr_par' dir='ltr' id='par_1_66' title="bbox 367 4422 1949 4493">
     <span class='ocr_line' id='line_1_66' title="bbox 367 4422 1949 4493; baseline 0.001 -16"><span class='ocrx_word' id='word_1_459' title='bbox 367 4437 567 4493; x_wconf 88' lang='lat' dir='ltr'><strong>aquam</strong></span> <span class='ocrx_word' id='word_1_460' title='bbox 610 4422 902 4487; x_wconf 86' lang='lat' dir='ltr'><strong>viventem,</strong></span> <span class='ocrx_word' id='word_1_461' title='bbox 935 4438 1057 4493; x_wconf 70' lang='lat' dir='ltr'><strong>quae</strong></span> <span class='ocrx_word' id='word_1_462' title='bbox 1087 4439 1195 4476; x_wconf 92' lang='lat' dir='ltr'><strong>non</strong></span> <span class='ocrx_word' id='word_1_463' title='bbox 1226 4423 1379 4493; x_wconf 88' lang='lat' dir='ltr'><strong>prius</strong></span> <span class='ocrx_word' id='word_1_464' title='bbox 1409 4431 1574 4487; x_wconf 87' lang='lat' dir='ltr'><strong>esset,</strong></span> <span class='ocrx_word' id='word_1_465' title='bbox 1605 4423 1700 4478; x_wconf 86' lang='lat' dir='ltr'><strong>sed</strong></span> <span class='ocrx_word' id='word_1_466' title='bbox 1739 4440 1834 4493; x_wconf 91' lang='lat' dir='ltr'><strong>per</strong></span> <span class='ocrx_word' id='word_1_467' title='bbox 1856 4439 1949 4478; x_wconf 54' lang='lat' dir='ltr'><strong>an.</strong></span> 
     </span>
    </p>
   </div>
   <div class='ocr_carea' id='block_1_67' title="bbox 366 4513 1943 4586">
    <p class='ocr_par' dir='ltr' id='par_1_67' title="bbox 366 4513 1943 4586">
     <span class='ocr_line' id='line_1_67' title="bbox 366 4513 1943 4586; baseline 0.001 -16"><span class='ocrx_word' id='word_1_468' title='bbox 366 4515 548 4585; x_wconf 90' lang='lat' dir='ltr'><strong>gelum</strong></span> <span class='ocrx_word' id='word_1_469' title='bbox 579 4513 724 4569; x_wconf 90' lang='lat' dir='ltr'><strong>dono</strong></span> <span class='ocrx_word' id='word_1_470' title='bbox 772 4515 899 4569; x_wconf 85' lang='lat' dir='ltr'><strong>data</strong></span> <span class='ocrx_word' id='word_1_471' title='bbox 948 4521 1116 4578; x_wconf 88' lang='lat' dir='ltr'><strong>esset,</strong></span> <span class='ocrx_word' id='word_1_472' title='bbox 1158 4515 1407 4584; x_wconf 87' lang='lat' dir='ltr'><strong>pereunti</strong></span> <span class='ocrx_word' id='word_1_473' title='bbox 1442 4514 1593 4570; x_wconf 88' lang='lat' dir='ltr'><strong>salus</strong></span> <span class='ocrx_word' id='word_1_474' title='bbox 1633 4515 1943 4586; x_wconf 81' lang='lat' dir='ltr'><strong>contigerit.</strong></span> 
     </span>
    </p>
   </div>
   <div class='ocr_carea' id='block_1_68' title="bbox 366 4594 1945 4676">
    <p class='ocr_par' dir='ltr' id='par_1_68' title="bbox 366 4594 1945 4676">
     <span class='ocr_line' id='line_1_68' title="bbox 366 4594 1945 4676; baseline 0.004 -20"><span class='ocrx_word' id='word_1_475' title='bbox 366 4602 500 4659; x_wconf 86' lang='lat' dir='ltr'><strong>Item</strong></span> <span class='ocrx_word' id='word_1_476' title='bbox 545 4603 833 4673; x_wconf 83' lang='lat' dir='ltr'><strong>posteriori</strong></span> <span class='ocrx_word' id='word_1_477' title='bbox 874 4610 1125 4674; x_wconf 88' lang='lat' dir='ltr'><strong>tempore</strong></span> <span class='ocrx_word' id='word_1_478' title='bbox 1175 4604 1384 4674; x_wconf 92' lang='lat' dir='ltr'><strong>nuptiis</strong></span> <span class='ocrx_word' id='word_1_479' title='bbox 1431 4604 1687 4676; x_wconf 85' lang='lat' dir='ltr'><strong>conjungi</strong></span> <span class='ocrx_word' id='word_1_480' title='bbox 1724 4594 1945 4675; x_wconf 81' lang='lat' dir='ltr'><strong>oporte-</strong></span> 
     </span>
    </p>
   </div>
   <div class='ocr_carea' id='block_1_69' title="bbox 365 4695 1946 4766">
    <p class='ocr_par' dir='ltr' id='par_1_69' title="bbox 365 4695 1946 4766">
     <span class='ocr_line' id='line_1_69' title="bbox 365 4695 1946 4766; baseline 0.001 -15"><span class='ocrx_word' id='word_1_481' title='bbox 365 4697 459 4751; x_wconf 87' lang='lat' dir='ltr'><strong>bat</strong></span> <span class='ocrx_word' id='word_1_482' title='bbox 530 4697 779 4751; x_wconf 87' lang='lat' dir='ltr'><strong>Isaacum</strong></span> <span class='ocrx_word' id='word_1_483' title='bbox 807 4695 872 4756; x_wconf 84' lang='grc'>¹⁶,</span> <span class='ocrx_word' id='word_1_484' title='bbox 903 4705 1125 4766; x_wconf 84' lang='lat' dir='ltr'><strong>propter</strong></span> <span class='ocrx_word' id='word_1_485' title='bbox 1173 4711 1334 4766; x_wconf 89' lang='lat' dir='ltr'><strong>quem</strong></span> <span class='ocrx_word' id='word_1_486' title='bbox 1382 4697 1547 4752; x_wconf 87' lang='lat' dir='ltr'><strong>etiam</strong></span> <span class='ocrx_word' id='word_1_487' title='bbox 1588 4695 1783 4752; x_wconf 85' lang='lat' dir='ltr'><strong>lsmael</strong></span> <span class='ocrx_word' id='word_1_488' title='bbox 1840 4713 1946 4753; x_wconf 87' lang='lat' dir='ltr'><strong>una</strong></span> 
     </span>
    </p>
   </div>
   <div class='ocr_carea' id='block_1_70' title="bbox 364 4786 1948 4857">
    <p class='ocr_par' dir='ltr' id='par_1_70' title="bbox 364 4786 1948 4857">
     <span class='ocr_line' id='line_1_70' title="bbox 364 4786 1948 4857; baseline 0.001 -15"><span class='ocrx_word' id='word_1_489' title='bbox 364 4802 490 4842; x_wconf 90' lang='lat' dir='ltr'><strong>cum</strong></span> <span class='ocrx_word' id='word_1_490' title='bbox 518 4795 689 4842; x_wconf 88' lang='lat' dir='ltr'><strong>matre</strong></span> <span class='ocrx_word' id='word_1_491' title='bbox 716 4794 942 4856; x_wconf 86' lang='lat' dir='ltr'><strong>paterna</strong></span> <span class='ocrx_word' id='word_1_492' title='bbox 973 4787 1104 4842; x_wconf 90' lang='lat' dir='ltr'><strong>sede</strong></span> <span class='ocrx_word' id='word_1_493' title='bbox 1134 4787 1329 4857; x_wconf 83' lang='lat' dir='ltr'><strong>pulsus</strong></span> <span class='ocrx_word' id='word_1_494' title='bbox 1362 4793 1498 4842; x_wconf 86' lang='lat' dir='ltr'><strong>erat.</strong></span> <span class='ocrx_word' id='word_1_495' title='bbox 1525 4786 1727 4843; x_wconf 85' lang='lat' dir='ltr'><strong>Missus</strong></span> <span class='ocrx_word' id='word_1_496' title='bbox 1767 4797 1948 4845; x_wconf 90' lang='lat' dir='ltr'><strong>autem</strong></span> 
     </span>
    </p>
   </div>
   <div class='ocr_carea' id='block_1_71' title="bbox 364 4877 1949 4950">
    <p class='ocr_par' dir='ltr' id='par_1_71' title="bbox 364 4877 1949 4950">
     <span class='ocr_line' id='line_1_71' title="bbox 364 4877 1949 4950; baseline 0 -15"><span class='ocrx_word' id='word_1_497' title='bbox 364 4894 563 4936; x_wconf 86' lang='lat' dir='ltr'><strong>servus</strong></span> <span class='ocrx_word' id='word_1_498' title='bbox 592 4877 899 4932; x_wconf 78' lang='lat' dir='ltr'><strong>Abrahanti</strong></span> <span class='ocrx_word' id='word_1_499' title='bbox 936 4878 1223 4948; x_wconf 88' lang='lat' dir='ltr'><strong>pronubus</strong></span> <span class='ocrx_word' id='word_1_500' title='bbox 1262 4887 1317 4935; x_wconf 91' lang='lat' dir='ltr'><strong>et</strong></span> <span class='ocrx_word' id='word_1_501' title='bbox 1346 4879 1657 4950; x_wconf 89' lang='lat' dir='ltr'><strong>nuptiarum</strong></span> <span class='ocrx_word' id='word_1_502' title='bbox 1682 4881 1949 4935; x_wconf 81' lang='lat' dir='ltr'><strong>concilia-</strong></span> 
     </span>
    </p>
   </div>
   <div class='ocr_carea' id='block_1_72' title="bbox 361 4968 1945 5039">
    <p class='ocr_par' dir='ltr' id='par_1_72' title="bbox 361 4968 1945 5039">
     <span class='ocr_line' id='line_1_72' title="bbox 361 4968 1945 5039; baseline 0.001 -16"><span class='ocrx_word' id='word_1_503' title='bbox 361 4979 471 5032; x_wconf 87' lang='lat' dir='ltr'><strong>tor,</strong></span> <span class='ocrx_word' id='word_1_504' title='bbox 507 4976 568 5022; x_wconf 91' lang='lat' dir='ltr'><strong>ut</strong></span> <span class='ocrx_word' id='word_1_505' title='bbox 619 4968 844 5023; x_wconf 91' lang='lat' dir='ltr'><strong>domino</strong></span> <span class='ocrx_word' id='word_1_506' title='bbox 892 4982 997 5023; x_wconf 90' lang='lat' dir='ltr'><strong>suo</strong></span> <span class='ocrx_word' id='word_1_507' title='bbox 1043 4983 1303 5039; x_wconf 88' lang='lat' dir='ltr'><strong>sponsam</strong></span> <span class='ocrx_word' id='word_1_508' title='bbox 1350 4970 1685 5033; x_wconf 86' lang='lat' dir='ltr'><strong>adduceret,</strong></span> <span class='ocrx_word' id='word_1_509' title='bbox 1740 4972 1945 5025; x_wconf 64' lang='lat' dir='ltr'><strong>invvnit</strong></span> 
     </span>
    </p>
   </div>
   <div class='ocr_carea' id='block_1_73' title="bbox 365 5058 1946 5131">
    <p class='ocr_par' dir='ltr' id='par_1_73' title="bbox 365 5058 1946 5131">
     <span class='ocr_line' id='line_1_73' title="bbox 365 5058 1946 5131; baseline 0.002 -18"><span class='ocrx_word' id='word_1_510' title='bbox 365 5058 667 5114; x_wconf 76' lang='lat' dir='ltr'><strong>Rebeccam</strong></span> <span class='ocrx_word' id='word_1_511' title='bbox 721 5058 791 5113; x_wconf 90' lang='lat' dir='ltr'><strong>ad</strong></span> <span class='ocrx_word' id='word_1_512' title='bbox 841 5070 1063 5129; x_wconf 89' lang='lat' dir='ltr'><strong>puteum</strong></span> <span class='ocrx_word' id='word_1_513' title='bbox 1104 5075 1118 5113; x_wconf 91' lang='lat'><strong>:</strong></span> <span class='ocrx_word' id='word_1_514' title='bbox 1154 5073 1220 5114; x_wconf 89' lang='lat' dir='ltr'><strong>ac</strong></span> <span class='ocrx_word' id='word_1_515' title='bbox 1279 5060 1503 5130; x_wconf 67' lang='lat' dir='ltr'><strong>nuptim,</strong></span> <span class='ocrx_word' id='word_1_516' title='bbox 1563 5076 1687 5131; x_wconf 66' lang='lat' dir='ltr'><strong>quae</strong></span> <span class='ocrx_word' id='word_1_517' title='bbox 1740 5061 1946 5116; x_wconf 85' lang='lat' dir='ltr'><strong>Christi</strong></span> 
     </span>
    </p>
   </div>
   <div class='ocr_carea' id='block_1_74' title="bbox 362 5150 1945 5225">
    <p class='ocr_par' dir='ltr' id='par_1_74' title="bbox 362 5150 1945 5225">
     <span class='ocr_line' id='line_1_74' title="bbox 362 5150 1945 5225; baseline 0 -18"><span class='ocrx_word' id='word_1_518' title='bbox 362 5168 537 5225; x_wconf 87' lang='lat' dir='ltr'><strong>genus</strong></span> <span class='ocrx_word' id='word_1_519' title='bbox 568 5151 842 5208; x_wconf 67' lang='lat' dir='ltr'><strong>eﬁectura:</strong></span> <span class='ocrx_word' id='word_1_520' title='bbox 880 5158 1056 5218; x_wconf 88' lang='lat' dir='ltr'><strong>erant,</strong></span> <span class='ocrx_word' id='word_1_521' title='bbox 1105 5150 1171 5207; x_wconf 88' lang='lat' dir='ltr'><strong>ad</strong></span> <span class='ocrx_word' id='word_1_522' title='bbox 1219 5168 1419 5222; x_wconf 90' lang='lat' dir='ltr'><strong>aquam</strong></span> <span class='ocrx_word' id='word_1_523' title='bbox 1474 5153 1690 5208; x_wconf 90' lang='lat' dir='ltr'><strong>initium</strong></span> <span class='ocrx_word' id='word_1_524' title='bbox 1723 5168 1787 5208; x_wconf 89' lang='lat' dir='ltr'><strong>ac</strong></span> <span class='ocrx_word' id='word_1_525' title='bbox 1828 5154 1945 5224; x_wconf 85' lang='lat' dir='ltr'><strong>pri-</strong></span> 
     </span>
    </p>
   </div>
   <div class='ocr_carea' id='block_1_75' title="bbox 365 5245 1941 5316">
    <p class='ocr_par' dir='ltr' id='par_1_75' title="bbox 365 5245 1941 5316">
     <span class='ocr_line' id='line_1_75' title="bbox 365 5245 1941 5316; baseline 0.002 -16"><span class='ocrx_word' id='word_1_526' title='bbox 365 5261 509 5300; x_wconf 88' lang='lat' dir='ltr'><strong>mam</strong></span> <span class='ocrx_word' id='word_1_527' title='bbox 541 5245 847 5316; x_wconf 89' lang='lat' dir='ltr'><strong>pactionem</strong></span> <span class='ocrx_word' id='word_1_528' title='bbox 876 5245 1411 5316; x_wconf 86' lang='lat' dir='ltr'><strong>conventionemque</strong></span> <span class='ocrx_word' id='word_1_529' title='bbox 1437 5245 1770 5304; x_wconf 88' lang='lat' dir='ltr'><strong>habuerunt.</strong></span> <span class='ocrx_word' id='word_1_530' title='bbox 1798 5247 1941 5315; x_wconf 88' lang='lat' dir='ltr'><strong>Quin</strong></span> 
     </span>
    </p>
   </div>
   <div class='ocr_carea' id='block_1_76' title="bbox 364 5336 1942 5409">
    <p class='ocr_par' dir='ltr' id='par_1_76' title="bbox 364 5336 1942 5409">
     <span class='ocr_line' id='line_1_76' title="bbox 364 5336 1942 5409; baseline 0 -17"><span class='ocrx_word' id='word_1_531' title='bbox 364 5337 530 5392; x_wconf 87' lang='lat' dir='ltr'><strong>etiam</strong></span> <span class='ocrx_word' id='word_1_532' title='bbox 574 5338 690 5407; x_wconf 88' lang='lat' dir='ltr'><strong>ipse</strong></span> <span class='ocrx_word' id='word_1_533' title='bbox 720 5351 942 5407; x_wconf 88' lang='lat' dir='ltr'><strong>quoque</strong></span> <span class='ocrx_word' id='word_1_534' title='bbox 978 5336 1131 5391; x_wconf 85' lang='lat' dir='ltr'><strong>Isaac</strong></span> <span class='ocrx_word' id='word_1_535' title='bbox 1165 5352 1290 5393; x_wconf 92' lang='lat' dir='ltr'><strong>cum</strong></span> <span class='ocrx_word' id='word_1_536' title='bbox 1340 5337 1596 5409; x_wconf 82' lang='lat' dir='ltr'><strong>gregibus</strong></span> <span class='ocrx_word' id='word_1_537' title='bbox 1649 5337 1942 5408; x_wconf 75' lang='lat' dir='ltr'><strong>praefectus</strong></span> 
     </span>
    </p>
   </div>
   <div class='ocr_carea' id='block_1_77' title="bbox 374 5429 1942 5502">
    <p class='ocr_par' dir='ltr' id='par_1_77' title="bbox 374 5429 1942 5502">
     <span class='ocr_line' id='line_1_77' title="bbox 374 5429 1942 5502; baseline 0.003 -19"><span class='ocrx_word' id='word_1_538' title='bbox 374 5436 555 5496; x_wconf 88' lang='lat' dir='ltr'><strong>esset,</strong></span> <span class='ocrx_word' id='word_1_539' title='bbox 600 5429 655 5483; x_wconf 92' lang='lat' dir='ltr'><strong>in</strong></span> <span class='ocrx_word' id='word_1_540' title='bbox 688 5429 946 5486; x_wconf 84' lang='lat' dir='ltr'><strong>omnibus</strong></span> <span class='ocrx_word' id='word_1_541' title='bbox 974 5430 1111 5486; x_wconf 90' lang='lat' dir='ltr'><strong>locis</strong></span> <span class='ocrx_word' id='word_1_542' title='bbox 1143 5429 1477 5498; x_wconf 87' lang='lat' dir='ltr'><strong>solitudinis,</strong></span> <span class='ocrx_word' id='word_1_543' title='bbox 1535 5439 1731 5502; x_wconf 86' lang='lat' dir='ltr'><strong>puteos</strong></span> <span class='ocrx_word' id='word_1_544' title='bbox 1769 5430 1942 5488; x_wconf 81' lang='lat' dir='ltr'><strong>fodie-</strong></span> 
     </span>
    </p>
   </div>
   <div class='ocr_carea' id='block_1_78' title="bbox 438 5602 1625 5677">
    <p class='ocr_par' dir='ltr' id='par_1_78' title="bbox 438 5602 1625 5677">
     <span class='ocr_line' id='line_1_78' title="bbox 438 5602 1625 5677; baseline -0.003 -13"><span class='ocrx_word' id='word_1_545' title='bbox 438 5612 482 5645; x_wconf 86' lang='grc'><strong>¹³</strong></span> <span class='ocrx_word' id='word_1_546' title='bbox 516 5609 654 5664; x_wconf 87' lang='lat' dir='ltr'><strong>Gen.</strong></span> <span class='ocrx_word' id='word_1_547' title='bbox 686 5621 799 5672; x_wconf 74' lang='lat' dir='ltr'><strong>xw,</strong></span> <span class='ocrx_word' id='word_1_548' title='bbox 833 5607 917 5662; x_wconf 70' lang='grc'><strong>15.</strong></span> <span class='ocrx_word' id='word_1_549' title='bbox 997 5605 1040 5638; x_wconf 61' lang='grc' dir='ltr'>ί*</span> <span class='ocrx_word' id='word_1_550' title='bbox 1068 5602 1263 5659; x_wconf 62' lang='lat' dir='ltr'><strong>Galat.</strong></span> <span class='ocrx_word' id='word_1_551' title='bbox 1288 5620 1359 5669; x_wconf 77' lang='lat' dir='ltr'><strong>tv,</strong></span> <span class='ocrx_word' id='word_1_552' title='bbox 1395 5603 1468 5658; x_wconf 72' lang='lat'><strong>22</strong></span> <span class='ocrx_word' id='word_1_553' title='bbox 1506 5620 1625 5677; x_wconf 88' lang='lat' dir='ltr'><strong>sqq.</strong></span> 
     </span>
    </p>
   </div>
   <div class='ocr_carea' id='block_1_79' title="bbox 1706 5599 2292 5671">
    <p class='ocr_par' dir='ltr' id='par_1_79' title="bbox 1706 5599 2292 5671">
     <span class='ocr_line' id='line_1_79' title="bbox 1706 5599 2292 5671; baseline -0.005 -12"><span class='ocrx_word' id='word_1_554' title='bbox 1706 5604 1750 5637; x_wconf 74' lang='lat'><strong>&quot;</strong></span> <span class='ocrx_word' id='word_1_555' title='bbox 1778 5602 1913 5659; x_wconf 85' lang='lat' dir='ltr'><strong>Gen.</strong></span> <span class='ocrx_word' id='word_1_556' title='bbox 1956 5616 2074 5670; x_wconf 73' lang='lat' dir='ltr'><strong>nt,</strong></span> <span class='ocrx_word' id='word_1_557' title='bbox 2104 5599 2138 5657; x_wconf 89' lang='lat'><strong>9</strong></span> <span class='ocrx_word' id='word_1_558' title='bbox 2166 5615 2292 5671; x_wconf 90' lang='lat' dir='ltr'><strong>sqq.</strong></span> 
     </span>
    </p>
   </div>
   <div class='ocr_carea' id='block_1_80' title="bbox 2057 1799 3635 1875">
    <p class='ocr_par' dir='ltr' id='par_1_80' title="bbox 2057 1799 3635 1875">
     <span class='ocr_line' id='line_1_80' title="bbox 2057 1799 3635 1875; baseline 0.003 -21"><span class='ocrx_word' id='word_1_559' title='bbox 2057 1799 2217 1872; x_wconf 85' lang='grc' dir='ltr'>χάριν</span> <span class='ocrx_word' id='word_1_560' title='bbox 2236 1801 2298 1854; x_wconf 86' lang='grc' dir='ltr'><strong>οὐ</strong></span> <span class='ocrx_word' id='word_1_561' title='bbox 2327 1801 2485 1871; x_wconf 86' lang='grc' dir='ltr'>μόνον</span> <span class='ocrx_word' id='word_1_562' title='bbox 2512 1800 2582 1854; x_wconf 79' lang='grc' dir='ltr'>τὰ</span> <span class='ocrx_word' id='word_1_563' title='bbox 2611 1802 2757 1872; x_wconf 86' lang='grc' dir='ltr'><strong>μετά</strong></span> <span class='ocrx_word' id='word_1_564' title='bbox 2781 1802 2873 1856; x_wconf 80' lang='grc' dir='ltr'><strong>τὸν</strong></span> <span class='ocrx_word' id='word_1_565' title='bbox 2900 1802 3131 1874; x_wconf 80' lang='grc' dir='ltr'>σταυρὸν</span> <span class='ocrx_word' id='word_1_566' title='bbox 3160 1803 3426 1875; x_wconf 76' lang='grc' dir='ltr'>ἐκήρυξεν</span> <span class='ocrx_word' id='word_1_567' title='bbox 3457 1804 3635 1873; x_wconf 82' lang='grc' dir='ltr'>Εὐαγ-</span> 
     </span>
    </p>
   </div>
   <div class='ocr_carea' id='block_1_81' title="bbox 2055 1891 3634 1968">
    <p class='ocr_par' dir='ltr' id='par_1_81' title="bbox 2055 1891 3634 1968">
     <span class='ocr_line' id='line_1_81' title="bbox 2055 1891 3634 1968; baseline 0.003 -24"><span class='ocrx_word' id='word_1_568' title='bbox 2055 1891 2234 1960; x_wconf 84' lang='grc' dir='ltr'>γέλια,</span> <span class='ocrx_word' id='word_1_569' title='bbox 2264 1892 2402 1946; x_wconf 87' lang='grc' dir='ltr'><strong>ἀλλά</strong></span> <span class='ocrx_word' id='word_1_570' title='bbox 2428 1894 2522 1946; x_wconf 84' lang='grc' dir='ltr'><strong>καὶ</strong></span> <span class='ocrx_word' id='word_1_571' title='bbox 2548 1893 2655 1965; x_wconf 86' lang='grc' dir='ltr'><strong>πρὸ</strong></span> <span class='ocrx_word' id='word_1_572' title='bbox 2680 1893 2782 1964; x_wconf 82' lang='grc' dir='ltr'><strong>τῆς</strong></span> <span class='ocrx_word' id='word_1_573' title='bbox 2813 1892 3283 1966; x_wconf 83' lang='grc' dir='ltr'>ἐνανθρωπήσεως</span> <span class='ocrx_word' id='word_1_574' title='bbox 3303 1894 3401 1948; x_wconf 80' lang='grc' dir='ltr'>τοῦ</span> <span class='ocrx_word' id='word_1_575' title='bbox 3426 1895 3634 1968; x_wconf 81' lang='grc' dir='ltr'>Κυρίου</span> 
     </span>
    </p>
   </div>
   <div class='ocr_carea' id='block_1_82' title="bbox 2056 1982 3635 2058">
    <p class='ocr_par' dir='ltr' id='par_1_82' title="bbox 2056 1982 3635 2058">
     <span class='ocr_line' id='line_1_82' title="bbox 2056 1982 3635 2058; baseline 0.002 -21"><span class='ocrx_word' id='word_1_576' title='bbox 2056 1982 2334 2055; x_wconf 82' lang='grc' dir='ltr'>πανταχοῦ</span> <span class='ocrx_word' id='word_1_577' title='bbox 2358 1986 2391 2055; x_wconf 81' lang='grc' dir='ltr'><strong>ἡ</strong></span> <span class='ocrx_word' id='word_1_578' title='bbox 2428 1984 2644 2039; x_wconf 78' lang='grc' dir='ltr'>Παλαιὰ</span> <span class='ocrx_word' id='word_1_579' title='bbox 2672 1985 2864 2058; x_wconf 84' lang='grc' dir='ltr'>Γραφὴ</span> <span class='ocrx_word' id='word_1_580' title='bbox 2892 1986 2993 2056; x_wconf 89' lang='grc' dir='ltr'><strong>τῆς</strong></span> <span class='ocrx_word' id='word_1_581' title='bbox 3026 1986 3448 2055; x_wconf 85' lang='grc' dir='ltr'>παλιγγενεσίας</span> <span class='ocrx_word' id='word_1_582' title='bbox 3477 1987 3635 2058; x_wconf 78' lang='grc' dir='ltr'>ἡμῶν</span> 
     </span>
    </p>
   </div>
   <div class='ocr_carea' id='block_1_83' title="bbox 2057 2076 3634 2151">
    <p class='ocr_par' dir='ltr' id='par_1_83' title="bbox 2057 2076 3634 2151">
     <span class='ocr_line' id='line_1_83' title="bbox 2057 2076 3634 2151; baseline 0 -21"><span class='ocrx_word' id='word_1_583' title='bbox 2057 2076 2413 2147; x_wconf 81' lang='grc' dir='ltr'>προετύπωσε</span> <span class='ocrx_word' id='word_1_584' title='bbox 2454 2078 2554 2149; x_wconf 82' lang='grc' dir='ltr'><strong>τὴν</strong></span> <span class='ocrx_word' id='word_1_585' title='bbox 2595 2077 2815 2133; x_wconf 76' lang='grc' dir='ltr'>εικόναο</span> <span class='ocrx_word' id='word_1_586' title='bbox 2855 2079 2915 2132; x_wconf 84' lang='grc' dir='ltr'>οὐ</span> <span class='ocrx_word' id='word_1_587' title='bbox 2945 2079 3233 2150; x_wconf 87' lang='grc' dir='ltr'>τηλαυγῶς</span> <span class='ocrx_word' id='word_1_588' title='bbox 3277 2079 3379 2149; x_wconf 83' lang='grc' dir='ltr'>τὴν</span> <span class='ocrx_word' id='word_1_589' title='bbox 3419 2080 3634 2151; x_wconf 82' lang='grc' dir='ltr'>μορφὴν</span> 
     </span>
    </p>
   </div>
   <div class='ocr_carea' id='block_1_84' title="bbox 2057 2170 3634 2243">
    <p class='ocr_par' dir='ltr' id='par_1_84' title="bbox 2057 2170 3634 2243">
     <span class='ocr_line' id='line_1_84' title="bbox 2057 2170 3634 2243; baseline 0 -19"><span class='ocrx_word' id='word_1_590' title='bbox 2057 2171 2463 2241; x_wconf 82' lang='grc' dir='ltr'>ἐμφανίζουσα,</span> <span class='ocrx_word' id='word_1_591' title='bbox 2499 2172 2786 2243; x_wconf 72' lang='grc' dir='ltr'>αἰνίγμασι</span> <span class='ocrx_word' id='word_1_592' title='bbox 2809 2172 2867 2226; x_wconf 77' lang='grc' dir='ltr'>δὲ</span> <span class='ocrx_word' id='word_1_593' title='bbox 2901 2171 2996 2225; x_wconf 84' lang='grc' dir='ltr'>τοῦ</span> <span class='ocrx_word' id='word_1_594' title='bbox 3025 2172 3162 2226; x_wconf 87' lang='grc' dir='ltr'><strong>Θεοῦ</strong></span> <span class='ocrx_word' id='word_1_595' title='bbox 3198 2172 3298 2243; x_wconf 80' lang='grc' dir='ltr'><strong>τὴν</strong></span> <span class='ocrx_word' id='word_1_596' title='bbox 3330 2170 3634 2243; x_wconf 86' lang='grc' dir='ltr'>φιλανθρω-</span> 
     </span>
    </p>
   </div>
   <div class='ocr_carea' id='block_1_85' title="bbox 2048 2261 3635 2335">
    <p class='ocr_par' dir='ltr' id='par_1_85' title="bbox 2048 2261 3635 2335">
     <span class='ocr_line' id='line_1_85' title="bbox 2048 2261 3635 2335; baseline 0 -19"><span class='ocrx_word' id='word_1_597' title='bbox 2048 2264 2187 2317; x_wconf 82' lang='grc' dir='ltr'>πίαν</span> <span class='ocrx_word' id='word_1_598' title='bbox 2210 2263 2710 2334; x_wconf 82' lang='grc' dir='ltr'>προῦποφαίνουσα.</span> <span class='ocrx_word' id='word_1_599' title='bbox 2733 2263 2843 2317; x_wconf 77' lang='grc' dir='ltr'><strong>Καὶ</strong></span> <span class='ocrx_word' id='word_1_600' title='bbox 2862 2263 2937 2328; x_wconf 84' lang='grc' dir='ltr'><strong>ὡς</strong></span> <span class='ocrx_word' id='word_1_601' title='bbox 2955 2266 2984 2317; x_wconf 97' lang='lat'><strong>6</strong></span> <span class='ocrx_word' id='word_1_602' title='bbox 3006 2262 3176 2335; x_wconf 78' lang='grc' dir='ltr'>ἀμνὸς</span> <span class='ocrx_word' id='word_1_603' title='bbox 3197 2261 3635 2335; x_wconf 83' lang='grc' dir='ltr'>προεκηρύττετο</span> 
     </span>
    </p>
   </div>
   <div class='ocr_carea' id='block_1_86' title="bbox 2056 2354 3633 2428">
    <p class='ocr_par' dir='ltr' id='par_1_86' title="bbox 2056 2354 3633 2428">
     <span class='ocr_line' id='line_1_86' title="bbox 2056 2354 3633 2428; baseline -0.001 -19"><span class='ocrx_word' id='word_1_604' title='bbox 2056 2357 2150 2409; x_wconf 81' lang='grc' dir='ltr'>καὶ</span> <span class='ocrx_word' id='word_1_605' title='bbox 2179 2357 2210 2409; x_wconf 85' lang='grc' dir='ltr'>ὁ</span> <span class='ocrx_word' id='word_1_606' title='bbox 2238 2357 2470 2427; x_wconf 81' lang='grc' dir='ltr'>σταυρὸς</span> <span class='ocrx_word' id='word_1_607' title='bbox 2495 2354 2919 2428; x_wconf 73' lang='grc' dir='ltr'>προεφητεύετοο</span> <span class='ocrx_word' id='word_1_608' title='bbox 2943 2356 3087 2410; x_wconf 72' lang='grc' dir='ltr'>οὕτω</span> <span class='ocrx_word' id='word_1_609' title='bbox 3127 2355 3224 2409; x_wconf 76' lang='grc' dir='ltr'><strong>καὶ</strong></span> <span class='ocrx_word' id='word_1_610' title='bbox 3258 2356 3324 2409; x_wconf 77' lang='grc' dir='ltr'><strong>τὸ</strong></span> <span class='ocrx_word' id='word_1_611' title='bbox 3351 2355 3633 2426; x_wconf 85' lang='grc' dir='ltr'>βάπτισμα</span> 
     </span>
    </p>
   </div>
   <div class='ocr_carea' id='block_1_87' title="bbox 2055 2445 3634 2519">
    <p class='ocr_par' dir='ltr' id='par_1_87' title="bbox 2055 2445 3634 2519">
     <span class='ocr_line' id='line_1_87' title="bbox 2055 2445 3634 2519; baseline -0.001 -20"><span class='ocrx_word' id='word_1_612' title='bbox 2055 2447 2375 2514; x_wconf 86' lang='grc' dir='ltr'>πρακτικῶς</span> <span class='ocrx_word' id='word_1_613' title='bbox 2401 2449 2496 2501; x_wconf 75' lang='grc' dir='ltr'>καὶ</span> <span class='ocrx_word' id='word_1_614' title='bbox 2518 2447 2753 2516; x_wconf 76' lang='grc' dir='ltr'>λογικῶς</span> <span class='ocrx_word' id='word_1_615' title='bbox 2780 2445 3068 2519; x_wconf 82' lang='grc' dir='ltr'>ἐμηνύετο.</span> <span class='ocrx_word' id='word_1_616' title='bbox 3118 2446 3541 2517; x_wconf 79' lang='grc' dir='ltr'>’Δναμνήσωμεν</span> <span class='ocrx_word' id='word_1_617' title='bbox 3574 2445 3634 2498; x_wconf 78' lang='grc' dir='ltr'>δὲ</span> 
     </span>
    </p>
   </div>
   <div class='ocr_carea' id='block_1_88' title="bbox 2054 2537 3633 2608">
    <p class='ocr_par' dir='ltr' id='par_1_88' title="bbox 2054 2537 3633 2608">
     <span class='ocr_line' id='line_1_88' title="bbox 2054 2537 3633 2608; baseline -0.002 -15"><span class='ocrx_word' id='word_1_618' title='bbox 2054 2539 2180 2602; x_wconf 84' lang='grc' dir='ltr'>τοὺς</span> <span class='ocrx_word' id='word_1_619' title='bbox 2197 2538 2519 2608; x_wconf 82' lang='grc' dir='ltr'>φιλοκάλους</span> <span class='ocrx_word' id='word_1_620' title='bbox 2538 2538 2646 2592; x_wconf 87' lang='grc' dir='ltr'><strong>τῶν</strong></span> <span class='ocrx_word' id='word_1_621' title='bbox 2669 2537 2875 2593; x_wconf 64' lang='grc' dir='ltr'>τύπων</span> <span class='ocrx_word' id='word_1_622' title='bbox 2902 2539 3124 2592; x_wconf 86' lang='grc' dir='ltr'>ἀπαιτεῖ</span> <span class='ocrx_word' id='word_1_623' title='bbox 3144 2537 3253 2607; x_wconf 76' lang='grc' dir='ltr'>γὰρ</span> <span class='ocrx_word' id='word_1_624' title='bbox 3270 2539 3300 2591; x_wconf 88' lang='lat'><strong>6</strong></span> <span class='ocrx_word' id='word_1_625' title='bbox 3315 2537 3415 2608; x_wconf 86' lang='grc' dir='ltr'><strong>τῆς</strong></span> <span class='ocrx_word' id='word_1_626' title='bbox 3439 2537 3633 2608; x_wconf 81' lang='grc' dir='ltr'>ἑορτῆς</span> 
     </span>
    </p>
   </div>
   <div class='ocr_carea' id='block_1_89' title="bbox 2055 2629 3634 2702">
    <p class='ocr_par' dir='ltr' id='par_1_89' title="bbox 2055 2629 3634 2702">
     <span class='ocr_line' id='line_1_89' title="bbox 2055 2629 3634 2702; baseline -0.001 -19"><span class='ocrx_word' id='word_1_627' title='bbox 2055 2629 2246 2701; x_wconf 82' lang='grc' dir='ltr'>καιρός</span> <span class='ocrx_word' id='word_1_628' title='bbox 2270 2630 2347 2693; x_wconf 86' lang='grc' dir='ltr'>ὡς</span> <span class='ocrx_word' id='word_1_629' title='bbox 2375 2630 2677 2699; x_wconf 80' lang='grc' dir='ltr'>ἀναγκαίαν</span> <span class='ocrx_word' id='word_1_630' title='bbox 2709 2629 2809 2702; x_wconf 78' lang='grc' dir='ltr'>τὴν</span> <span class='ocrx_word' id='word_1_631' title='bbox 2846 2631 3084 2702; x_wconf 89' lang='grc' dir='ltr'>μνήμην.</span> <span class='ocrx_word' id='word_1_632' title='bbox 3128 2630 3193 2685; x_wconf 84' lang='grc' dir='ltr'><strong>Ἡ</strong></span> <span class='ocrx_word' id='word_1_633' title='bbox 3230 2630 3409 2700; x_wconf 74' lang='grc' dir='ltr'>’Ἅγαρ</span> <span class='ocrx_word' id='word_1_634' title='bbox 3434 2632 3470 2701; x_wconf 86' lang='grc' dir='ltr'><strong>ή</strong></span> <span class='ocrx_word' id='word_1_635' title='bbox 3504 2647 3634 2682; x_wconf 82' lang='grc' dir='ltr'>παι-</span> 
     </span>
    </p>
   </div>
   <div class='ocr_carea' id='block_1_90' title="bbox 2053 2722 3633 2796">
    <p class='ocr_par' dir='ltr' id='par_1_90' title="bbox 2053 2722 3633 2796">
     <span class='ocr_line' id='line_1_90' title="bbox 2053 2722 3633 2796; baseline -0.001 -20"><span class='ocrx_word' id='word_1_636' title='bbox 2053 2722 2211 2796; x_wconf 86' lang='grc' dir='ltr'>δίσκη</span> <span class='ocrx_word' id='word_1_637' title='bbox 2257 2723 2351 2778; x_wconf 77' lang='grc' dir='ltr'>τοῦ</span> <span class='ocrx_word' id='word_1_638' title='bbox 2414 2723 2659 2795; x_wconf 78' lang='grc' dir='ltr'>Ἀϐρὰμ,</span> <span class='ocrx_word' id='word_1_639' title='bbox 2692 2725 2759 2795; x_wconf 77' lang='grc' dir='ltr'>ἢν</span> <span class='ocrx_word' id='word_1_640' title='bbox 2794 2724 2890 2777; x_wconf 76' lang='grc' dir='ltr'><strong>καὶ</strong></span> <span class='ocrx_word' id='word_1_641' title='bbox 2921 2723 3131 2787; x_wconf 81' lang='grc' dir='ltr'>Παῦλος</span> <span class='ocrx_word' id='word_1_642' title='bbox 3169 2723 3462 2795; x_wconf 84' lang='grc' dir='ltr'>ἀλληγορεῖ</span> <span class='ocrx_word' id='word_1_643' title='bbox 3497 2722 3633 2794; x_wconf 83' lang='grc' dir='ltr'>πρὸς</span> 
     </span>
    </p>
   </div>
   <div class='ocr_carea' id='block_1_91' title="bbox 2055 2814 3631 2886">
    <p class='ocr_par' dir='ltr' id='par_1_91' title="bbox 2055 2814 3631 2886">
     <span class='ocr_line' id='line_1_91' title="bbox 2055 2814 3631 2886; baseline 0.001 -19"><span class='ocrx_word' id='word_1_644' title='bbox 2055 2815 2301 2879; x_wconf 77' lang='grc' dir='ltr'>Γαλάτας</span> <span class='ocrx_word' id='word_1_645' title='bbox 2332 2815 2743 2886; x_wconf 87' lang='grc' dir='ltr'>διαλεγόμενος,</span> <span class='ocrx_word' id='word_1_646' title='bbox 2775 2815 3155 2886; x_wconf 84' lang='grc' dir='ltr'>ἐκπεμφθεῖσα</span> <span class='ocrx_word' id='word_1_647' title='bbox 3183 2815 3285 2886; x_wconf 81' lang='grc' dir='ltr'><strong>τῆς</strong></span> <span class='ocrx_word' id='word_1_648' title='bbox 3325 2815 3504 2879; x_wconf 78' lang='grc' dir='ltr'>οἰκίας</span> <span class='ocrx_word' id='word_1_649' title='bbox 3534 2814 3631 2868; x_wconf 81' lang='grc' dir='ltr'>τοῦ</span> 
     </span>
    </p>
   </div>
   <div class='ocr_carea' id='block_1_92' title="bbox 2056 2909 3631 2983">
    <p class='ocr_par' dir='ltr' id='par_1_92' title="bbox 2056 2909 3631 2983">
     <span class='ocr_line' id='line_1_92' title="bbox 2056 2909 3631 2983; baseline 0.001 -19"><span class='ocrx_word' id='word_1_650' title='bbox 2056 2909 2268 2981; x_wconf 84' lang='grc' dir='ltr'>κυρίου,</span> <span class='ocrx_word' id='word_1_651' title='bbox 2291 2909 2380 2963; x_wconf 87' lang='grc' dir='ltr'><strong>διὰ</strong></span> <span class='ocrx_word' id='word_1_652' title='bbox 2404 2909 2503 2982; x_wconf 77' lang='grc' dir='ltr'>τὴν</span> <span class='ocrx_word' id='word_1_653' title='bbox 2522 2911 2692 2982; x_wconf 79' lang='grc' dir='ltr'>ὀργὴν</span> <span class='ocrx_word' id='word_1_654' title='bbox 2716 2911 2815 2982; x_wconf 88' lang='grc' dir='ltr'><strong>τῆς</strong></span> <span class='ocrx_word' id='word_1_655' title='bbox 2835 2911 3052 2983; x_wconf 72' lang='grc' dir='ltr'>Σάρρας</span> <span class='ocrx_word' id='word_1_656' title='bbox 3075 2914 3095 2982; x_wconf 89' lang='grc'>(</span> <span class='ocrx_word' id='word_1_657' title='bbox 3116 2912 3348 2983; x_wconf 82' lang='grc' dir='ltr'>χαλεπὸν</span> <span class='ocrx_word' id='word_1_658' title='bbox 3374 2911 3481 2983; x_wconf 89' lang='grc' dir='ltr'><strong>γάρ</strong></span> <span class='ocrx_word' id='word_1_659' title='bbox 3508 2913 3631 2976; x_wconf 87' lang='grc' dir='ltr'>ταῖς</span> 
     </span>
    </p>
   </div>
   <div class='ocr_carea' id='block_1_93' title="bbox 2058 3096 3634 3173">
    <p class='ocr_par' dir='ltr' id='par_1_93' title="bbox 2058 3096 3634 3173">
     <span class='ocr_line' id='line_1_93' title="bbox 2058 3096 3634 3173; baseline 0.003 -24"><span class='ocrx_word' id='word_1_660' title='bbox 2058 3097 2298 3169; x_wconf 80' lang='grc' dir='ltr'>σπότην)</span> <span class='ocrx_word' id='word_1_661' title='bbox 2319 3096 2524 3171; x_wconf 86' lang='grc' dir='ltr'>ἔρημος</span> <span class='ocrx_word' id='word_1_662' title='bbox 2549 3098 2773 3171; x_wconf 79' lang='grc' dir='ltr'>ἐφέρετο</span> <span class='ocrx_word' id='word_1_663' title='bbox 2792 3100 2930 3171; x_wconf 79' lang='grc' dir='ltr'>πρὸς</span> <span class='ocrx_word' id='word_1_664' title='bbox 2954 3099 3158 3173; x_wconf 74' lang='grc' dir='ltr'>ἔρημον</span> <span class='ocrx_word' id='word_1_665' title='bbox 3184 3100 3305 3172; x_wconf 90' lang='grc' dir='ltr'>γῆν,</span> <span class='ocrx_word' id='word_1_666' title='bbox 3329 3100 3634 3171; x_wconf 77' lang='grc' dir='ltr'>ὐπομάζιον</span> 
     </span>
    </p>
   </div>
   <div class='ocr_carea' id='block_1_94' title="bbox 2055 3189 3633 3265">
    <p class='ocr_par' dir='ltr' id='par_1_94' title="bbox 2055 3189 3633 3265">
     <span class='ocr_line' id='line_1_94' title="bbox 2055 3189 3633 3265; baseline 0.001 -23"><span class='ocrx_word' id='word_1_667' title='bbox 2055 3189 2255 3261; x_wconf 69' lang='grc' dir='ltr'>ἔχουσα</span> <span class='ocrx_word' id='word_1_668' title='bbox 2282 3190 2481 3263; x_wconf 77' lang='grc' dir='ltr'>βρέφος</span> <span class='ocrx_word' id='word_1_669' title='bbox 2525 3193 2616 3245; x_wconf 69' lang='grc' dir='ltr'>τὸν</span> <span class='ocrx_word' id='word_1_670' title='bbox 2667 3191 2909 3264; x_wconf 83' lang='grc' dir='ltr'>Ἰσμαήλ.</span> <span class='ocrx_word' id='word_1_671' title='bbox 2971 3193 3187 3265; x_wconf 82' lang='grc' dir='ltr'>Ἐπειδὴ</span> <span class='ocrx_word' id='word_1_672' title='bbox 3231 3193 3289 3248; x_wconf 81' lang='grc' dir='ltr'>δὲ</span> <span class='ocrx_word' id='word_1_673' title='bbox 3328 3194 3387 3248; x_wconf 79' lang='grc' dir='ltr'><strong>ἐν</strong></span> <span class='ocrx_word' id='word_1_674' title='bbox 3428 3192 3633 3264; x_wconf 81' lang='grc' dir='ltr'>ἀπορίᾳ</span> 
     </span>
    </p>
   </div>
   <div class='ocr_carea' id='block_1_95' title="bbox 2054 3282 3630 3356">
    <p class='ocr_par' dir='ltr' id='par_1_95' title="bbox 2054 3282 3630 3356">
     <span class='ocr_line' id='line_1_95' title="bbox 2054 3282 3630 3356; baseline 0.001 -20"><span class='ocrx_word' id='word_1_675' title='bbox 2054 3282 2162 3336; x_wconf 91' lang='grc' dir='ltr'><strong>τῶν</strong></span> <span class='ocrx_word' id='word_1_676' title='bbox 2185 3283 2496 3353; x_wconf 85' lang='grc' dir='ltr'>ἀναγκαίων</span> <span class='ocrx_word' id='word_1_677' title='bbox 2517 3284 2758 3353; x_wconf 82' lang='grc' dir='ltr'>γέγονεν,</span> <span class='ocrx_word' id='word_1_678' title='bbox 2786 3285 2922 3356; x_wconf 80' lang='grc' dir='ltr'>αὐτή</span> <span class='ocrx_word' id='word_1_679' title='bbox 2945 3301 3003 3338; x_wconf 89' lang='grc' dir='ltr'><strong>τε</strong></span> <span class='ocrx_word' id='word_1_680' title='bbox 3030 3286 3196 3355; x_wconf 81' lang='grc' dir='ltr'>ἐγγὺς</span> <span class='ocrx_word' id='word_1_681' title='bbox 3220 3282 3351 3356; x_wconf 82' lang='grc' dir='ltr'>ἦλθε</span> <span class='ocrx_word' id='word_1_682' title='bbox 3377 3284 3630 3351; x_wconf 87' lang='grc' dir='ltr'>θανάτου,</span> 
     </span>
    </p>
   </div>
   <div class='ocr_carea' id='block_1_96' title="bbox 2055 3375 3633 3449">
    <p class='ocr_par' dir='ltr' id='par_1_96' title="bbox 2055 3375 3633 3449">
     <span class='ocr_line' id='line_1_96' title="bbox 2055 3375 3633 3449; baseline 0.001 -20"><span class='ocrx_word' id='word_1_683' title='bbox 2055 3376 2151 3430; x_wconf 75' lang='grc' dir='ltr'>καὶ</span> <span class='ocrx_word' id='word_1_684' title='bbox 2180 3376 2287 3449; x_wconf 90' lang='grc' dir='ltr'><strong>πρό</strong></span> <span class='ocrx_word' id='word_1_685' title='bbox 2319 3393 2385 3446; x_wconf 90' lang='grc' dir='ltr'><strong>γε</strong></span> <span class='ocrx_word' id='word_1_686' title='bbox 2418 3377 2586 3448; x_wconf 79' lang='grc' dir='ltr'>αὐτῆς</span> <span class='ocrx_word' id='word_1_687' title='bbox 2614 3377 2674 3430; x_wconf 80' lang='grc' dir='ltr'>τὸ</span> <span class='ocrx_word' id='word_1_688' title='bbox 2708 3375 2918 3430; x_wconf 90' lang='grc' dir='ltr'>παιδίον</span> <span class='ocrx_word' id='word_1_689' title='bbox 2941 3376 3024 3449; x_wconf 80' lang='grc' dir='ltr'>(τὸ</span> <span class='ocrx_word' id='word_1_690' title='bbox 3046 3376 3153 3449; x_wconf 77' lang='grc' dir='ltr'>γὰρ</span> <span class='ocrx_word' id='word_1_691' title='bbox 3179 3376 3237 3430; x_wconf 85' lang='grc' dir='ltr'>ὃν</span> <span class='ocrx_word' id='word_1_692' title='bbox 3269 3377 3327 3429; x_wconf 88' lang='grc' dir='ltr'><strong>ἐν</strong></span> <span class='ocrx_word' id='word_1_693' title='bbox 3367 3375 3447 3447; x_wconf 84' lang='grc' dir='ltr'>τῷ</span> <span class='ocrx_word' id='word_1_694' title='bbox 3478 3377 3633 3447; x_wconf 81' lang='grc' dir='ltr'>ἀσκῷ</span> 
     </span>
    </p>
   </div>
   <div class='ocr_carea' id='block_1_97' title="bbox 2055 3462 3632 3540">
    <p class='ocr_par' dir='ltr' id='par_1_97' title="bbox 2055 3462 3632 3540">
     <span class='ocr_line' id='line_1_97' title="bbox 2055 3462 3632 3540; baseline -0.001 -18"><span class='ocrx_word' id='word_1_695' title='bbox 2055 3466 2200 3539; x_wconf 80' lang='grc' dir='ltr'>ὕδωρ</span> <span class='ocrx_word' id='word_1_696' title='bbox 2241 3466 2552 3540; x_wconf 85' lang='grc' dir='ltr'>ἐδαπανήθη</span> <span class='ocrx_word' id='word_1_697' title='bbox 2572 3484 2585 3497; x_wconf 87' lang='grc'><strong>·</strong></span> <span class='ocrx_word' id='word_1_698' title='bbox 2613 3468 2735 3521; x_wconf 79' lang='grc' dir='ltr'>ἐπεὶ</span> <span class='ocrx_word' id='word_1_699' title='bbox 2768 3467 2906 3539; x_wconf 84' lang='grc' dir='ltr'>μηδὲ</span> <span class='ocrx_word' id='word_1_700' title='bbox 2938 3462 3049 3521; x_wconf 73' lang='grc' dir='ltr'>οἷόν</span> <span class='ocrx_word' id='word_1_701' title='bbox 3075 3484 3136 3520; x_wconf 89' lang='grc' dir='ltr'><strong>τε</strong></span> <span class='ocrx_word' id='word_1_702' title='bbox 3166 3467 3266 3537; x_wconf 80' lang='grc' dir='ltr'><strong>τὴν</strong></span> <span class='ocrx_word' id='word_1_703' title='bbox 3299 3466 3632 3537; x_wconf 81' lang='grc' dir='ltr'>Συναγωγὴν</span> 
     </span>
    </p>
   </div>
   <div class='ocr_carea' id='block_1_98' title="bbox 2054 3559 3629 3633">
    <p class='ocr_par' dir='ltr' id='par_1_98' title="bbox 2054 3559 3629 3633">
     <span class='ocr_line' id='line_1_98' title="bbox 2054 3559 3629 3633; baseline -0.001 -18"><span class='ocrx_word' id='word_1_704' title='bbox 2054 3561 2383 3633; x_wconf 85' lang='grc' dir='ltr'>αὐτάρκειαν</span> <span class='ocrx_word' id='word_1_705' title='bbox 2409 3559 2550 3631; x_wconf 79' lang='grc' dir='ltr'>ἔχειν</span> <span class='ocrx_word' id='word_1_706' title='bbox 2582 3559 2726 3633; x_wconf 77' lang='grc' dir='ltr'>ζωῆς</span> <span class='ocrx_word' id='word_1_707' title='bbox 2745 3601 2761 3626; x_wconf 85' lang='grc'><strong>,</strong></span> <span class='ocrx_word' id='word_1_708' title='bbox 2791 3560 2888 3633; x_wconf 83' lang='grc' dir='ltr'>τὴν</span> <span class='ocrx_word' id='word_1_709' title='bbox 2924 3560 3064 3625; x_wconf 86' lang='grc' dir='ltr'>τέως</span> <span class='ocrx_word' id='word_1_710' title='bbox 3088 3562 3146 3614; x_wconf 84' lang='grc' dir='ltr'><strong>ἐν</strong></span> <span class='ocrx_word' id='word_1_711' title='bbox 3169 3562 3281 3624; x_wconf 88' lang='grc' dir='ltr'>τοῖς</span> <span class='ocrx_word' id='word_1_712' title='bbox 3300 3560 3492 3623; x_wconf 91' lang='grc' dir='ltr'>τύποις</span> <span class='ocrx_word' id='word_1_713' title='bbox 3514 3559 3629 3614; x_wconf 72' lang='grc' dir='ltr'>διάο</span> 
     </span>
    </p>
   </div>
   <div class='ocr_carea' id='block_1_99' title="bbox 2053 3653 3630 3725">
    <p class='ocr_par' dir='ltr' id='par_1_99' title="bbox 2053 3653 3630 3725">
     <span class='ocr_line' id='line_1_99' title="bbox 2053 3653 3630 3725; baseline 0 -18"><span class='ocrx_word' id='word_1_714' title='bbox 2053 3669 2257 3721; x_wconf 87' lang='grc' dir='ltr'>γουσαν</span> <span class='ocrx_word' id='word_1_715' title='bbox 2292 3655 2391 3725; x_wconf 82' lang='grc' dir='ltr'><strong>τῆς</strong></span> <span class='ocrx_word' id='word_1_716' title='bbox 2419 3653 2641 3707; x_wconf 82' lang='grc' dir='ltr'>ἀεννάου</span> <span class='ocrx_word' id='word_1_717' title='bbox 2672 3653 2877 3725; x_wconf 86' lang='grc' dir='ltr'>πηγῆς)</span> <span class='ocrx_word' id='word_1_718' title='bbox 2900 3669 2914 3684; x_wconf 87' lang='grc'><strong>·</strong></span> <span class='ocrx_word' id='word_1_719' title='bbox 2955 3653 3183 3724; x_wconf 74' lang='grc' dir='ltr'>ἄγγελος</span> <span class='ocrx_word' id='word_1_720' title='bbox 3212 3654 3277 3707; x_wconf 85' lang='grc' dir='ltr'><strong>ἐκ</strong></span> <span class='ocrx_word' id='word_1_721' title='bbox 3316 3653 3413 3706; x_wconf 82' lang='grc' dir='ltr'>τοῦ</span> <span class='ocrx_word' id='word_1_722' title='bbox 3452 3669 3630 3725; x_wconf 90' lang='grc' dir='ltr'>παρα-</span> 
     </span>
    </p>
   </div>
   <div class='ocr_carea' id='block_1_100' title="bbox 2050 3746 3629 3820">
    <p class='ocr_par' dir='ltr' id='par_1_100' title="bbox 2050 3746 3629 3820">
     <span class='ocr_line' id='line_1_100' title="bbox 2050 3746 3629 3820; baseline -0.001 -17"><span class='ocrx_word' id='word_1_723' title='bbox 2050 3748 2204 3816; x_wconf 81' lang='grc' dir='ltr'>δόξου</span> <span class='ocrx_word' id='word_1_724' title='bbox 2246 3748 2523 3819; x_wconf 87' lang='grc' dir='ltr'>φαίνεται,</span> <span class='ocrx_word' id='word_1_725' title='bbox 2580 3749 2673 3801; x_wconf 72' lang='grc' dir='ltr'><strong>καὶ</strong></span> <span class='ocrx_word' id='word_1_726' title='bbox 2711 3746 2981 3802; x_wconf 89' lang='grc' dir='ltr'>δείκνυσιν</span> <span class='ocrx_word' id='word_1_727' title='bbox 3029 3749 3165 3820; x_wconf 81' lang='grc' dir='ltr'>αὐτῇ</span> <span class='ocrx_word' id='word_1_728' title='bbox 3219 3747 3394 3820; x_wconf 83' lang='grc' dir='ltr'>φρέαρ</span> <span class='ocrx_word' id='word_1_729' title='bbox 3437 3747 3629 3812; x_wconf 77' lang='grc' dir='ltr'>ὕδατος</span> 
     </span>
    </p>
   </div>
   <div class='ocr_carea' id='block_1_101' title="bbox 2052 3840 3624 3913">
    <p class='ocr_par' dir='ltr' id='par_1_101' title="bbox 2052 3840 3624 3913">
     <span class='ocr_line' id='line_1_101' title="bbox 2052 3840 3624 3913; baseline 0 -18"><span class='ocrx_word' id='word_1_730' title='bbox 2052 3841 2284 3908; x_wconf 76' lang='grc' dir='ltr'>ζῶντος·</span> <span class='ocrx_word' id='word_1_731' title='bbox 2336 3841 2588 3896; x_wconf 87' lang='grc' dir='ltr'>κάκεῖθεν</span> <span class='ocrx_word' id='word_1_732' title='bbox 2636 3842 2985 3913; x_wconf 81' lang='grc' dir='ltr'>ἀρυσαμένη,</span> <span class='ocrx_word' id='word_1_733' title='bbox 3030 3841 3190 3907; x_wconf 77' lang='grc' dir='ltr'>σώζει</span> <span class='ocrx_word' id='word_1_734' title='bbox 3234 3843 3326 3895; x_wconf 82' lang='grc' dir='ltr'><strong>τὸν</strong></span> <span class='ocrx_word' id='word_1_735' title='bbox 3382 3840 3624 3913; x_wconf 80' lang='grc' dir='ltr'>Ἰσμαήλ.</span> 
     </span>
    </p>
   </div>
   <div class='ocr_carea' id='block_1_102' title="bbox 2054 3932 3628 4006">
    <p class='ocr_par' dir='ltr' id='par_1_102' title="bbox 2054 3932 3628 4006">
     <span class='ocr_line' id='line_1_102' title="bbox 2054 3932 3628 4006; baseline -0.011 -14"><span class='ocrx_word' id='word_1_736' title='bbox 2054 3933 2198 4006; x_wconf 86' lang='grc' dir='ltr'>Ὅρα</span> <span class='ocrx_word' id='word_1_737' title='bbox 2225 3934 2404 3988; x_wconf 91' lang='grc' dir='ltr'>τοίνυν</span> <span class='ocrx_word' id='word_1_738' title='bbox 2434 3932 2603 3988; x_wconf 89' lang='grc' dir='ltr'>τύπον</span> <span class='ocrx_word' id='word_1_739' title='bbox 2641 3934 2902 4002; x_wconf 87' lang='grc' dir='ltr'>μυστικόν</span> <span class='ocrx_word' id='word_1_740' title='bbox 2923 3949 2936 3963; x_wconf 91' lang='grc'>·</span> <span class='ocrx_word' id='word_1_741' title='bbox 2967 3934 3115 3997; x_wconf 82' lang='grc' dir='ltr'>ὅπως</span> <span class='ocrx_word' id='word_1_742' title='bbox 3143 3933 3305 3997; x_wconf 79' lang='grc' dir='ltr'>εὐθὺς</span> <span class='ocrx_word' id='word_1_743' title='bbox 3346 3933 3405 4001; x_wconf 82' lang='grc' dir='ltr'>ἐξ</span> <span class='ocrx_word' id='word_1_744' title='bbox 3453 3933 3628 4004; x_wconf 78' lang='grc' dir='ltr'>ἀρχῆς</span> 
     </span>
    </p>
   </div>
   <div class='ocr_carea' id='block_1_103' title="bbox 2050 4024 3624 4097">
    <p class='ocr_par' dir='ltr' id='par_1_103' title="bbox 2050 4024 3624 4097">
     <span class='ocr_line' id='line_1_103' title="bbox 2050 4024 3624 4097; baseline -0.002 -16"><span class='ocrx_word' id='word_1_745' title='bbox 2050 4028 2117 4082; x_wconf 81' lang='grc' dir='ltr'>δι’</span> <span class='ocrx_word' id='word_1_746' title='bbox 2156 4028 2347 4090; x_wconf 78' lang='grc' dir='ltr'>ὕδατος</span> <span class='ocrx_word' id='word_1_747' title='bbox 2392 4026 2595 4091; x_wconf 84' lang='grc' dir='ltr'>ζῶντος</span> <span class='ocrx_word' id='word_1_748' title='bbox 2643 4024 2723 4096; x_wconf 82' lang='grc' dir='ltr'>τῷ</span> <span class='ocrx_word' id='word_1_749' title='bbox 2753 4025 3110 4097; x_wconf 81' lang='grc' dir='ltr'>ἀπολλυμένῳ</span> <span class='ocrx_word' id='word_1_750' title='bbox 3147 4026 3182 4097; x_wconf 79' lang='grc' dir='ltr'>ἡ</span> <span class='ocrx_word' id='word_1_751' title='bbox 3227 4026 3472 4097; x_wconf 82' lang='grc' dir='ltr'>σωτηρία</span> <span class='ocrx_word' id='word_1_752' title='bbox 3496 4066 3511 4090; x_wconf 92' lang='grc'><strong>,</strong></span> <span class='ocrx_word' id='word_1_753' title='bbox 3563 4026 3624 4079; x_wconf 82' lang='grc' dir='ltr'><strong>οὐ</strong></span> 
     </span>
    </p>
   </div>
   <div class='ocr_carea' id='block_1_104' title="bbox 2051 4115 3625 4193">
    <p class='ocr_par' dir='ltr' id='par_1_104' title="bbox 2051 4115 3625 4193">
     <span class='ocr_line' id='line_1_104' title="bbox 2051 4115 3625 4193; baseline -0.003 -20"><span class='ocrx_word' id='word_1_754' title='bbox 2051 4120 2315 4193; x_wconf 88' lang='grc' dir='ltr'>πρότερον</span> <span class='ocrx_word' id='word_1_755' title='bbox 2344 4117 2513 4181; x_wconf 74' lang='grc' dir='ltr'>ὄντος,</span> <span class='ocrx_word' id='word_1_756' title='bbox 2541 4116 2680 4171; x_wconf 87' lang='grc' dir='ltr'><strong>ἀλλά</strong></span> <span class='ocrx_word' id='word_1_757' title='bbox 2718 4116 2786 4171; x_wconf 82' lang='grc' dir='ltr'>δι’</span> <span class='ocrx_word' id='word_1_758' title='bbox 2814 4116 3048 4187; x_wconf 83' lang='grc' dir='ltr'>ἀγγέλου</span> <span class='ocrx_word' id='word_1_759' title='bbox 3091 4116 3232 4171; x_wconf 88' lang='grc' dir='ltr'><strong>κατά</strong></span> <span class='ocrx_word' id='word_1_760' title='bbox 3260 4116 3417 4189; x_wconf 87' lang='grc' dir='ltr'>χάριν</span> <span class='ocrx_word' id='word_1_761' title='bbox 3447 4115 3625 4170; x_wconf 80' lang='grc' dir='ltr'>δοθένο</span> 
     </span>
    </p>
   </div>
   <div class='ocr_carea' id='block_1_105' title="bbox 2048 4208 3621 4282">
    <p class='ocr_par' dir='ltr' id='par_1_105' title="bbox 2048 4208 3621 4282">
     <span class='ocr_line' id='line_1_105' title="bbox 2048 4208 3621 4282; baseline -0.003 -17"><span class='ocrx_word' id='word_1_762' title='bbox 2048 4228 2159 4275; x_wconf 90' lang='grc' dir='ltr'>τος.</span> <span class='ocrx_word' id='word_1_763' title='bbox 2188 4211 2414 4282; x_wconf 79' lang='grc' dir='ltr'>Χρόνοις</span> <span class='ocrx_word' id='word_1_764' title='bbox 2435 4210 2491 4263; x_wconf 87' lang='grc' dir='ltr'>δὲ</span> <span class='ocrx_word' id='word_1_765' title='bbox 2517 4208 2743 4281; x_wconf 77' lang='grc' dir='ltr'>ὕστερον</span> <span class='ocrx_word' id='word_1_766' title='bbox 2775 4208 2936 4263; x_wconf 87' lang='grc' dir='ltr'>πάλιν</span> <span class='ocrx_word' id='word_1_767' title='bbox 2973 4208 3173 4279; x_wconf 88' lang='grc' dir='ltr'>γάμοις</span> <span class='ocrx_word' id='word_1_768' title='bbox 3208 4209 3314 4262; x_wconf 77' lang='grc' dir='ltr'>ἔδει</span> <span class='ocrx_word' id='word_1_769' title='bbox 3357 4210 3621 4273; x_wconf 76' lang='grc' dir='ltr'><strong>καταζέυ⁴</strong></span> 
     </span>
    </p>
   </div>
   <div class='ocr_carea' id='block_1_106' title="bbox 2050 4300 3624 4374">
    <p class='ocr_par' dir='ltr' id='par_1_106' title="bbox 2050 4300 3624 4374">
     <span class='ocr_line' id='line_1_106' title="bbox 2050 4300 3624 4374; baseline -0.003 -18"><span class='ocrx_word' id='word_1_770' title='bbox 2050 4302 2244 4374; x_wconf 81' lang='grc' dir='ltr'>χθῆναι</span> <span class='ocrx_word' id='word_1_771' title='bbox 2266 4302 2355 4356; x_wconf 85' lang='grc' dir='ltr'><strong>τὸν</strong></span> <span class='ocrx_word' id='word_1_772' title='bbox 2393 4301 2594 4366; x_wconf 77' lang='grc' dir='ltr'>Ἰσαὰκ,</span> <span class='ocrx_word' id='word_1_773' title='bbox 2620 4300 2688 4353; x_wconf 83' lang='grc' dir='ltr'>δι’</span> <span class='ocrx_word' id='word_1_774' title='bbox 2716 4300 2774 4354; x_wconf 84' lang='grc' dir='ltr'>ὃν</span> <span class='ocrx_word' id='word_1_775' title='bbox 2803 4301 2897 4355; x_wconf 71' lang='grc' dir='ltr'><strong>καὶ</strong></span> <span class='ocrx_word' id='word_1_776' title='bbox 2917 4301 2947 4352; x_wconf 86' lang='lat'><strong>6</strong></span> <span class='ocrx_word' id='word_1_777' title='bbox 2983 4300 3204 4371; x_wconf 85' lang='grc' dir='ltr'>Ἰσμαὴλ</span> <span class='ocrx_word' id='word_1_778' title='bbox 3236 4301 3332 4354; x_wconf 82' lang='grc' dir='ltr'><strong>σὺν</strong></span> <span class='ocrx_word' id='word_1_779' title='bbox 3360 4302 3425 4371; x_wconf 82' lang='grc' dir='ltr'>τῇ</span> <span class='ocrx_word' id='word_1_780' title='bbox 3460 4300 3624 4371; x_wconf 75' lang='grc' dir='ltr'>μητρὶ</span> 
     </span>
    </p>
   </div>
   <div class='ocr_carea' id='block_1_107' title="bbox 2048 4391 3623 4466">
    <p class='ocr_par' dir='ltr' id='par_1_107' title="bbox 2048 4391 3623 4466">
     <span class='ocr_line' id='line_1_107' title="bbox 2048 4391 3623 4466; baseline -0.004 -17"><span class='ocrx_word' id='word_1_781' title='bbox 2048 4395 2149 4465; x_wconf 88' lang='grc' dir='ltr'><strong>τῆς</strong></span> <span class='ocrx_word' id='word_1_782' title='bbox 2172 4394 2443 4466; x_wconf 79' lang='grc' dir='ltr'>πατρικῆς</span> <span class='ocrx_word' id='word_1_783' title='bbox 2470 4394 2655 4457; x_wconf 78' lang='grc' dir='ltr'>ἑστίας</span> <span class='ocrx_word' id='word_1_784' title='bbox 2673 4392 2869 4463; x_wconf 72' lang='grc' dir='ltr'>ἠλάθη.</span> <span class='ocrx_word' id='word_1_785' title='bbox 2907 4392 3258 4454; x_wconf 75' lang='grc' dir='ltr'>Ἀποσταλεὶς</span> <span class='ocrx_word' id='word_1_786' title='bbox 3280 4391 3338 4445; x_wconf 82' lang='grc' dir='ltr'><strong>δέ</strong></span> <span class='ocrx_word' id='word_1_787' title='bbox 3361 4392 3390 4444; x_wconf 87' lang='grc' dir='ltr'>ὁ</span> <span class='ocrx_word' id='word_1_788' title='bbox 3408 4391 3623 4461; x_wconf 78' lang='grc' dir='ltr'>οἰκέτης</span> 
     </span>
    </p>
   </div>
   <div class='ocr_carea' id='block_1_108' title="bbox 2057 4483 3622 4559">
    <p class='ocr_par' dir='ltr' id='par_1_108' title="bbox 2057 4483 3622 4559">
     <span class='ocr_line' id='line_1_108' title="bbox 2057 4483 3622 4559; baseline -0.004 -17"><span class='ocrx_word' id='word_1_789' title='bbox 2057 4487 2143 4542; x_wconf 78' lang='grc' dir='ltr'>τοῦ</span> <span class='ocrx_word' id='word_1_790' title='bbox 2193 4488 2443 4559; x_wconf 82' lang='grc' dir='ltr'>Ἀϐραὰμ</span> <span class='ocrx_word' id='word_1_791' title='bbox 2468 4487 2865 4559; x_wconf 87' lang='grc' dir='ltr'>προμνήστωρ,</span> <span class='ocrx_word' id='word_1_792' title='bbox 2900 4485 3044 4539; x_wconf 80' lang='grc' dir='ltr'>ὥστε</span> <span class='ocrx_word' id='word_1_793' title='bbox 3073 4483 3152 4556; x_wconf 80' lang='grc' dir='ltr'>τῷ</span> <span class='ocrx_word' id='word_1_794' title='bbox 3176 4484 3347 4556; x_wconf 86' lang='grc' dir='ltr'>κυρίῳ</span> <span class='ocrx_word' id='word_1_795' title='bbox 3382 4483 3622 4555; x_wconf 83' lang='grc' dir='ltr'>νυμφεύ-</span> 
     </span>
    </p>
   </div>
   <div class='ocr_carea' id='block_1_109' title="bbox 2051 4575 3620 4650">
    <p class='ocr_par' dir='ltr' id='par_1_109' title="bbox 2051 4575 3620 4650">
     <span class='ocr_line' id='line_1_109' title="bbox 2051 4575 3620 4650; baseline -0.005 -16"><span class='ocrx_word' id='word_1_796' title='bbox 2051 4578 2281 4643; x_wconf 87' lang='grc' dir='ltr'>σασθαι,</span> <span class='ocrx_word' id='word_1_797' title='bbox 2327 4578 2571 4650; x_wconf 80' lang='grc' dir='ltr'>εὑρίσκει</span> <span class='ocrx_word' id='word_1_798' title='bbox 2617 4576 2715 4648; x_wconf 82' lang='grc' dir='ltr'>τὴν</span> <span class='ocrx_word' id='word_1_799' title='bbox 2773 4575 3069 4630; x_wconf 84' lang='grc' dir='ltr'>Ῥεϐέκκαν</span> <span class='ocrx_word' id='word_1_800' title='bbox 3106 4577 3199 4630; x_wconf 71' lang='grc' dir='ltr'>ἐπὶ</span> <span class='ocrx_word' id='word_1_801' title='bbox 3234 4576 3328 4630; x_wconf 80' lang='grc' dir='ltr'>τοῦ</span> <span class='ocrx_word' id='word_1_802' title='bbox 3361 4576 3620 4647; x_wconf 58' lang='grc' dir='ltr'>φρέατος</span> 
     </span>
    </p>
   </div>
   <div class='ocr_carea' id='block_1_110' title="bbox 2050 4665 3624 4741">
    <p class='ocr_par' dir='ltr' id='par_1_110' title="bbox 2050 4665 3624 4741">
     <span class='ocr_line' id='line_1_110' title="bbox 2050 4665 3624 4741; baseline -0.004 -16"><span class='ocrx_word' id='word_1_803' title='bbox 2050 4672 2145 4726; x_wconf 82' lang='grc' dir='ltr'><strong>καὶ</strong></span> <span class='ocrx_word' id='word_1_804' title='bbox 2171 4670 2381 4741; x_wconf 90' lang='grc' dir='ltr'>γάμος,</span> <span class='ocrx_word' id='word_1_805' title='bbox 2428 4671 2457 4722; x_wconf 90' lang='lat'><strong>6</strong></span> <span class='ocrx_word' id='word_1_806' title='bbox 2490 4667 2697 4740; x_wconf 84' lang='grc' dir='ltr'>μέλλων</span> <span class='ocrx_word' id='word_1_807' title='bbox 2728 4669 2900 4721; x_wconf 88' lang='grc' dir='ltr'>ποιεῖν</span> <span class='ocrx_word' id='word_1_808' title='bbox 2937 4667 3000 4721; x_wconf 84' lang='grc' dir='ltr'><strong>τὸ</strong></span> <span class='ocrx_word' id='word_1_809' title='bbox 3031 4667 3188 4737; x_wconf 82' lang='grc' dir='ltr'>γένος</span> <span class='ocrx_word' id='word_1_810' title='bbox 3219 4665 3459 4739; x_wconf 80' lang='grc' dir='ltr'>Χριστοῦ</span> <span class='ocrx_word' id='word_1_811' title='bbox 3480 4708 3495 4731; x_wconf 93' lang='grc'><strong>,</strong></span> <span class='ocrx_word' id='word_1_812' title='bbox 3531 4667 3624 4719; x_wconf 76' lang='grc' dir='ltr'><strong>ἐπὶ</strong></span> 
     </span>
    </p>
   </div>
   <div class='ocr_carea' id='block_1_111' title="bbox 2050 4759 3619 4833">
    <p class='ocr_par' dir='ltr' id='par_1_111' title="bbox 2050 4759 3619 4833">
     <span class='ocr_line' id='line_1_111' title="bbox 2050 4759 3619 4833; baseline -0.003 -15"><span class='ocrx_word' id='word_1_813' title='bbox 2050 4763 2239 4829; x_wconf 80' lang='grc' dir='ltr'>ὓδατος</span> <span class='ocrx_word' id='word_1_814' title='bbox 2267 4762 2425 4817; x_wconf 73' lang='grc' dir='ltr'>ἔλαϐε</span> <span class='ocrx_word' id='word_1_815' title='bbox 2450 4762 2550 4833; x_wconf 82' lang='grc' dir='ltr'><strong>τὴν</strong></span> <span class='ocrx_word' id='word_1_816' title='bbox 2586 4759 2762 4833; x_wconf 82' lang='grc' dir='ltr'>ἀρχὴν</span> <span class='ocrx_word' id='word_1_817' title='bbox 2800 4760 2893 4816; x_wconf 76' lang='grc' dir='ltr'><strong>καὶ</strong></span> <span class='ocrx_word' id='word_1_818' title='bbox 2934 4759 3032 4831; x_wconf 75' lang='grc' dir='ltr'>τὴν</span> <span class='ocrx_word' id='word_1_819' title='bbox 3064 4759 3286 4832; x_wconf 84' lang='grc' dir='ltr'>πρώτην</span> <span class='ocrx_word' id='word_1_820' title='bbox 3327 4760 3619 4831; x_wconf 79' lang='grc' dir='ltr'>συνθήκην.</span> 
     </span>
    </p>
   </div>
   <div class='ocr_carea' id='block_1_112' title="bbox 2049 4853 3623 4932">
    <p class='ocr_par' dir='ltr' id='par_1_112' title="bbox 2049 4853 3623 4932">
     <span class='ocr_line' id='line_1_112' title="bbox 2049 4853 3623 4932; baseline -0.006 -17"><span class='ocrx_word' id='word_1_821' title='bbox 2049 4861 2123 4915; x_wconf 83' lang='grc' dir='ltr'><strong>Οὐ</strong></span> <span class='ocrx_word' id='word_1_822' title='bbox 2158 4858 2264 4932; x_wconf 83' lang='grc' dir='ltr'><strong>μὴν</strong></span> <span class='ocrx_word' id='word_1_823' title='bbox 2289 4856 2426 4911; x_wconf 89' lang='grc' dir='ltr'><strong>ἀλλά</strong></span> <span class='ocrx_word' id='word_1_824' title='bbox 2454 4856 2550 4911; x_wconf 79' lang='grc' dir='ltr'><strong>καὶ</strong></span> <span class='ocrx_word' id='word_1_825' title='bbox 2575 4854 2737 4919; x_wconf 85' lang='grc' dir='ltr'>αὐτὸς</span> <span class='ocrx_word' id='word_1_826' title='bbox 2756 4856 2785 4908; x_wconf 82' lang='grc' dir='ltr'><strong>ό</strong></span> <span class='ocrx_word' id='word_1_827' title='bbox 2825 4854 3033 4922; x_wconf 83' lang='grc' dir='ltr'>Ἰσαὰκ,</span> <span class='ocrx_word' id='word_1_828' title='bbox 3061 4853 3225 4926; x_wconf 86' lang='grc' dir='ltr'>ήνίκα</span> <span class='ocrx_word' id='word_1_829' title='bbox 3252 4855 3372 4917; x_wconf 89' lang='grc' dir='ltr'>ταῖς</span> <span class='ocrx_word' id='word_1_830' title='bbox 3403 4853 3623 4921; x_wconf 82' lang='grc' dir='ltr'>ἀγέλαις</span> 
     </span>
    </p>
   </div>
   <div class='ocr_carea' id='block_1_113' title="bbox 2049 4945 3621 5025">
    <p class='ocr_par' dir='ltr' id='par_1_113' title="bbox 2049 4945 3621 5025">
     <span class='ocr_line' id='line_1_113' title="bbox 2049 4945 3621 5025; baseline -0.006 -17"><span class='ocrx_word' id='word_1_831' title='bbox 2049 4956 2373 5025; x_wconf 84' lang='grc' dir='ltr'>ἐφεστήκει,</span> <span class='ocrx_word' id='word_1_832' title='bbox 2411 4950 2682 5023; x_wconf 89' lang='grc' dir='ltr'>πανταχοῦ</span> <span class='ocrx_word' id='word_1_833' title='bbox 2714 4948 2817 5019; x_wconf 91' lang='grc' dir='ltr'><strong>τῆς</strong></span> <span class='ocrx_word' id='word_1_834' title='bbox 2859 4948 3095 5022; x_wconf 84' lang='grc' dir='ltr'>ἐρημίας</span> <span class='ocrx_word' id='word_1_835' title='bbox 3133 4946 3345 5020; x_wconf 79' lang='grc' dir='ltr'>ὤρυσσε</span> <span class='ocrx_word' id='word_1_836' title='bbox 3373 4945 3584 5017; x_wconf 88' lang='grc' dir='ltr'>φρέατα</span> <span class='ocrx_word' id='word_1_837' title='bbox 3605 4985 3621 5010; x_wconf 92' lang='grc'><strong>,</strong></span> 
     </span>
    </p>
   </div>
   <div class='ocr_carea' id='block_1_114' title="bbox 2047 5038 3625 5119">
    <p class='ocr_par' dir='ltr' id='par_1_114' title="bbox 2047 5038 3625 5119">
     <span class='ocr_line' id='line_1_114' title="bbox 2047 5038 3625 5119; baseline -0.008 -18"><span class='ocrx_word' id='word_1_838' title='bbox 2047 5048 2190 5119; x_wconf 84' lang='grc' dir='ltr'>ἀπερ</span> <span class='ocrx_word' id='word_1_839' title='bbox 2228 5046 2556 5117; x_wconf 88' lang='grc' dir='ltr'>ἐνέφραττον</span> <span class='ocrx_word' id='word_1_840' title='bbox 2589 5044 2683 5098; x_wconf 71' lang='grc' dir='ltr'><strong>καὶ</strong></span> <span class='ocrx_word' id='word_1_841' title='bbox 2710 5042 3084 5113; x_wconf 87' lang='grc' dir='ltr'>κατεχώννυον</span> <span class='ocrx_word' id='word_1_842' title='bbox 3114 5043 3163 5095; x_wconf 80' lang='lat' dir='ltr'><strong>oi</strong></span> <span class='ocrx_word' id='word_1_843' title='bbox 3194 5038 3518 5110; x_wconf 86' lang='grc' dir='ltr'>ἀλλόφυλοι·</span> <span class='ocrx_word' id='word_1_844' title='bbox 3547 5039 3625 5100; x_wconf 89' lang='grc' dir='ltr'><strong>είς</strong></span> 
     </span>
    </p>
   </div>
   <div class='ocr_carea' id='block_1_115' title="bbox 2047 5132 3622 5209">
    <p class='ocr_par' dir='ltr' id='par_1_115' title="bbox 2047 5132 3622 5209">
     <span class='ocr_line' id='line_1_115' title="bbox 2047 5132 3622 5209; baseline -0.007 -15"><span class='ocrx_word' id='word_1_845' title='bbox 2047 5140 2216 5195; x_wconf 90' lang='grc' dir='ltr'>τύπον</span> <span class='ocrx_word' id='word_1_846' title='bbox 2252 5138 2359 5194; x_wconf 84' lang='grc' dir='ltr'><strong>τῶν</strong></span> <span class='ocrx_word' id='word_1_847' title='bbox 2399 5139 2479 5204; x_wconf 89' lang='grc' dir='ltr'><strong>είς</strong></span> <span class='ocrx_word' id='word_1_848' title='bbox 2507 5138 2732 5209; x_wconf 76' lang='grc' dir='ltr'>ὕστερον</span> <span class='ocrx_word' id='word_1_849' title='bbox 2766 5136 3001 5203; x_wconf 88' lang='grc' dir='ltr'>ἀσεϐῶν,</span> <span class='ocrx_word' id='word_1_850' title='bbox 3035 5136 3147 5190; x_wconf 86' lang='grc' dir='ltr'>ὅσοι</span> <span class='ocrx_word' id='word_1_851' title='bbox 3176 5134 3274 5207; x_wconf 83' lang='grc' dir='ltr'>τὴν</span> <span class='ocrx_word' id='word_1_852' title='bbox 3298 5132 3391 5188; x_wconf 76' lang='grc' dir='ltr'>τοῦ</span> <span class='ocrx_word' id='word_1_853' title='bbox 3427 5132 3622 5203; x_wconf 84' lang='grc' dir='ltr'>βαπτί-</span> 
     </span>
    </p>
   </div>
   <div class='ocr_carea' id='block_1_116' title="bbox 2051 5223 3624 5305">
    <p class='ocr_par' dir='ltr' id='par_1_116' title="bbox 2051 5223 3624 5305">
     <span class='ocr_line' id='line_1_116' title="bbox 2051 5223 3624 5305; baseline -0.008 -17"><span class='ocrx_word' id='word_1_854' title='bbox 2051 5249 2255 5304; x_wconf 76' lang='grc' dir='ltr'>σματος</span> <span class='ocrx_word' id='word_1_855' title='bbox 2281 5232 2440 5305; x_wconf 85' lang='grc' dir='ltr'>χάριν</span> <span class='ocrx_word' id='word_1_856' title='bbox 2474 5229 2711 5285; x_wconf 81' lang='grc' dir='ltr'>ἐκώλυον</span> <span class='ocrx_word' id='word_1_857' title='bbox 2737 5228 2832 5283; x_wconf 73' lang='grc' dir='ltr'>καὶ</span> <span class='ocrx_word' id='word_1_858' title='bbox 2870 5228 3222 5300; x_wconf 83' lang='grc' dir='ltr'>ἀνεστόμουν,</span> <span class='ocrx_word' id='word_1_859' title='bbox 3255 5223 3624 5296; x_wconf 75' lang='grc' dir='ltr'>ζυγομαχοῦν-</span> 
     </span>
    </p>
   </div>
   <div class='ocr_carea' id='block_1_117' title="bbox 2046 5306 3622 5398">
    <p class='ocr_par' dir='ltr' id='par_1_117' title="bbox 2046 5306 3622 5398">
     <span class='ocr_line' id='line_1_117' title="bbox 2046 5306 3622 5398; baseline -0.008 -18"><span class='ocrx_word' id='word_1_860' title='bbox 2046 5344 2136 5392; x_wconf 89' lang='grc' dir='ltr'><strong>τες</strong></span> <span class='ocrx_word' id='word_1_861' title='bbox 2165 5326 2300 5398; x_wconf 83' lang='grc' dir='ltr'>πρὸς</span> <span class='ocrx_word' id='word_1_862' title='bbox 2324 5327 2423 5398; x_wconf 82' lang='grc' dir='ltr'>τὴν</span> <span class='ocrx_word' id='word_1_863' title='bbox 2450 5324 2728 5397; x_wconf 86' lang='grc' dir='ltr'>ἀλήθειαν.</span> <span class='ocrx_word' id='word_1_864' title='bbox 2769 5323 2907 5377; x_wconf 81' lang='grc' dir='ltr'>Ἀλλ’</span> <span class='ocrx_word' id='word_1_865' title='bbox 2934 5324 3081 5396; x_wconf 81' lang='grc' dir='ltr'>ὅμως</span> <span class='ocrx_word' id='word_1_866' title='bbox 3123 5322 3173 5376; x_wconf 76' lang='lat' dir='ltr'><strong>oi</strong></span> <span class='ocrx_word' id='word_1_867' title='bbox 3216 5306 3494 5393; x_wconf 76' lang='grc' dir='ltr'>μάρτυρες</span> <span class='ocrx_word' id='word_1_868' title='bbox 3531 5313 3622 5369; x_wconf 80' lang='grc' dir='ltr'><strong>καὶ</strong></span> 
     </span>
    </p>
   </div>
   <div class='ocr_carea' id='block_1_118' title="bbox 2047 5402 3623 5491">
    <p class='ocr_par' dir='ltr' id='par_1_118' title="bbox 2047 5402 3623 5491">
     <span class='ocr_line' id='line_1_118' title="bbox 2047 5402 3623 5491; baseline -0.009 -18"><span class='ocrx_word' id='word_1_869' title='bbox 2047 5421 2095 5473; x_wconf 78' lang='lat' dir='ltr'><strong>oi</strong></span> <span class='ocrx_word' id='word_1_870' title='bbox 2129 5421 2294 5491; x_wconf 78' lang='grc' dir='ltr'>ἱερεῖς</span> <span class='ocrx_word' id='word_1_871' title='bbox 2338 5414 2787 5491; x_wconf 83' lang='grc' dir='ltr'>φρεωρυχοῦντες</span> <span class='ocrx_word' id='word_1_872' title='bbox 2826 5415 3107 5485; x_wconf 89' lang='grc' dir='ltr'>ἐνίκησαν,</span> <span class='ocrx_word' id='word_1_873' title='bbox 3141 5413 3237 5466; x_wconf 80' lang='grc' dir='ltr'><strong>καὶ</strong></span> <span class='ocrx_word' id='word_1_874' title='bbox 3288 5409 3469 5465; x_wconf 79' lang='grc' dir='ltr'>πᾶσαν</span> <span class='ocrx_word' id='word_1_875' title='bbox 3522 5402 3623 5477; x_wconf 84' lang='grc' dir='ltr'><strong>τὴν</strong></span> 
     </span>
    </p>
   </div>
   <div class='ocr_carea' id='block_1_119' title="bbox 2372 5594 2981 5665">
    <p class='ocr_par' dir='ltr' id='par_1_119' title="bbox 2372 5594 2981 5665">
     <span class='ocr_line' id='line_1_119' title="bbox 2372 5594 2981 5665; baseline -0.01 -11"><span class='ocrx_word' id='word_1_876' title='bbox 2372 5598 2417 5635; x_wconf 83' lang='grc'><strong>¹⁶</strong></span> <span class='ocrx_word' id='word_1_877' title='bbox 2442 5594 2580 5655; x_wconf 87' lang='lat' dir='ltr'><strong>Gen.</strong></span> <span class='ocrx_word' id='word_1_878' title='bbox 2624 5611 2775 5661; x_wconf 80' lang='lat' dir='ltr'><strong>ntv,</strong></span> <span class='ocrx_word' id='word_1_879' title='bbox 2803 5596 2837 5650; x_wconf 76' lang='lat'><strong>5</strong></span> <span class='ocrx_word' id='word_1_880' title='bbox 2858 5609 2981 5665; x_wconf 89' lang='lat' dir='ltr'><strong>sqq.</strong></span> 
     </span>
    </p>
   </div>
  </div>
