4084 6158
573 151 677 209 589

1787 149 1853 203 IN
1895 145 2291 204 BAPTISMUM
2328 147 2623 204 CHRISTI.

3738 150 3846 205 590

575 257 902 331 οἰκουμένην
946 258 1008 311 τὸ
1059 257 1154 310 τοῦ
1203 256 1577 328 βαπτίσματος
1630 257 1801 329 δῶρον
1865 257 2154 314 ἐπέκλυσε.

2271 259 2390 322 bat,
2424 273 2564 329 quos
2594 258 2912 330 alienigena:
2937 257 3319 325 obstruebant,
3337 266 3392 312 et
3424 274 3618 330 aggere
3646 261 3840 317 obrue-

573 351 733 407 Κατὰ
756 352 854 422 τὴν
892 349 1062 422 αὐτὴν
1088 349 1144 403 δέ
1173 349 1267 403 τοῦ
1295 349 1454 418 λόγου
1481 349 1708 420 δύναμιν
1735 346 1981 401 σπεύδων
2011 349 2104 401 καὶ
2128 351 2157 402 6

569 439 782 496 -Ίακὼϐ
828 440 922 494 ἐπὶ
959 438 1289 510 μνηστείαν,
1338 439 1614 510 ἀδοκήτως
1657 439 1748 491 ἐπὶ
1777 436 1872 490 τοῦ
1922 437 2158 510 φρέατος

574 535 876 603 συνήντησε
917 535 983 603 τῇ
1029 531 1252 603 Ῥαχήλ.
1312 530 1591 584 Ἐπέκειτο
1618 531 1675 584 δὲ
1705 529 1850 592 λίθος
1884 531 2056 600 μέγας
2082 531 2158 602 τῷ

575 625 792 695 φρέατι,
822 623 882 676 δν
916 621 1120 694 πλῆθος
1148 621 1423 693 ποιμένων
1451 621 1629 676 συνιὸν
1664 619 2014 675 ἀπεκύλισενο
2056 619 2156 675 εἷθ’

573 714 744 776 οὕτως
791 715 1002 777 ἑαυτοῖς
1038 715 1133 768 καὶ
1173 717 1285 779 τοῖς
1320 715 1611 785 προϐάτοις
1651 715 1954 788 ὑδρεύοντο.
2017 717 2074 768 '0
2103 715 2159 769 δὲ

587 807 786 862 Ἰακὼϐ
821 807 980 878 μόνος
1029 805 1315 860 ἀποκυλίει
1353 805 1442 859 τὸν
1470 807 1638 872 λίθον,
1677 809 1772 860 καὶ
1810 807 2019 872 ποτίζει
2061 806 2159 878 τῆς

579 896 824 968 μνηστῆς
856 896 925 948 τὰ
967 895 1238 966 πρόϐατα.
1271 896 1544 966 Αἵνιγμα,
1589 892 1778 966 οἶμαι,
1825 896 2160 968 τὺ“πρ5ἱγμα

576 990 670 1043 καὶ
701 989 829 1042 σκιά
849 987 943 1041 τοῦ
973 988 1280 1059 μέλλοντος.
1308 989 1404 1050 Τίς
1433 989 1537 1058 γὰρ
1563 990 1591 1042 6
1615 989 1961 1059 ἐπικείμενος
1993 987 2158 1049 λίθος,

573 1082 607 1152 ἢ
638 1080 800 1143 αὐτὸς
844 1081 873 1133 6
908 1079 1173 1149 Χριστός;
1218 1080 1354 1152 Περὶ
1394 1076 1456 1135 οὗ
1511 1097 1676 1152 φησιν
1737 1080 1930 1133 Ἡσσΐα
1987 1095 2003 1112 ⁸
2051 1077 2162 1133 Καὶ

529 1211 545 1252 1
573 1173 807 1243 ἐμϐαλῶ
831 1175 917 1237 εἰς
950 1177 1022 1227 τὰ
1049 1171 1301 1242 θεμέλια,
1322 1173 1478 1226 Σιὼν
1499 1173 1674 1226 λίθον
1697 1171 2025 1241 πολυτελῆ,
2065 1171 2161 1224 ἕν-

574 1283 764 1336 τιμον,
787 1265 1093 1320 ἐκλεκτόν.
1116 1267 1224 1320 Καὶ
1244 1265 1441 1336 Δανιὴλ
1456 1265 1677 1336 ὁμοίως·
1711 1265 1970 1335 Ἐτμὴθη
1991 1266 2162 1332 λίθος

574 1357 721 1411 ἄνευ
758 1358 988 1426 χειρός⁶
1037 1358 1339 1421 τουτέστιν,
1393 1356 1690 1429 Ἐγεννήθη
1750 1357 1983 1426 Χριστὸς
2032 1357 2159 1411 ἄνευ

573 1450 784 1522 ἀνδρός.
836 1451 924 1514 Ὡς
969 1449 1080 1523 γὰρ
1122 1450 1308 1504 καινόν
1352 1451 1468 1503 ἐστι
1511 1450 1605 1509 καὶ
1654 1449 1976 1522 παράδοξον,
2015 1449 2162 1503 λίθον

575 1540 782 1611 πέτρας
809 1541 1329 1612 ἀππμηθῆναιᾶνευ
1343 1539 1625 1612 λιθοτόμου
1659 1541 1753 1593 καὶ
1777 1539 2024 1611 ὁργάνων
2047 1537 2161 1592 λιθ-

2262 351 2395 406 bant
2450 359 2504 406 et
2525 352 2900 414 occultabant,
2929 349 2997 404 ad
3033 351 3262 420 figuram
3286 366 3498 415 eorum,
3529 354 3621 422 qui
3651 362 3839 423 postea

2260 441 2512 509 fuerunt,
2546 443 2858 514 impiorum,
2893 443 2988 513 qui
3043 444 3244 498 donum
3277 443 3624 514 baptismatis
3653 445 3840 515 prohi-

2262 531 2486 586 bebant
2515 542 2568 588 et
2611 533 3002 602 impediebant,
3051 535 3271 589 veritati
3323 550 3445 591 sese
3478 543 3838 605 opponentes.

2261 620 2650 678 Verumtamen
2676 633 2946 695 martyres
2973 632 3026 680 et
3051 626 3366 680 sacerdotes
3396 632 3594 694 puteos
3628 625 3843 680 fodien-

2261 722 2344 770 tes
2379 715 2671 781 vicerunt,
2703 731 3031 786 omnemque
3089 724 3357 772 terrarum
3407 718 3595 773 orbem
3668 718 3845 788 bapti-

2262 804 2456 860 smatis
2515 805 2718 860 donum
2752 799 3071 860 'iuundavit.
3104 804 3207 861 Per
3254 806 3499 864 eamdem
3529 807 3657 863 item
3694 807 3846 862 Scri-

2277 901 2452 964 ptura:
2470 894 2580 949 vim
2618 895 2885 952 festinans
2914 896 2982 950 ad
3009 897 3285 965 sponsalia
3306 899 3469 952 etiam
3499 897 3692 965 Jacob,
3723 900 3845 954 ino-

2262 987 2448 1056 piuato
2471 987 2537 1040 ad
2558 997 2776 1057 puteum
2794 987 3011 1042 obviam
3035 987 3213 1045 factus
3229 999 3311 1046 est
3333 991 3556 1048 Racheli
3581 993 3644 1047 ".
3670 993 3847 1062 Impo-

2263 1080 2428 1133 situm
2463 1086 2646 1134 autem
2673 1087 2792 1134 erat
2817 1087 2982 1149 puteo
3011 1095 3204 1135 saxum
3234 1097 3491 1154 magnum
3517 1125 3532 1149 ,
3569 1085 3714 1155 quod
3753 1085 3844 1139 ubi

2263 1179 2439 1227 coetus
2483 1181 2767 1242 pastorum
2809 1172 3182 1238 convenisset,
3226 1176 3524 1242 revolvere,
3549 1192 3613 1232 ac
3643 1180 3725 1233 sic
3754 1179 3848 1232 dc—

2264 1263 2392 1318 inde
2427 1272 2481 1318 et
2510 1263 2616 1318 sibi
2658 1272 2713 1318 et
2743 1265 2939 1319 ovibus
2985 1279 3182 1334 aquam
3221 1265 3442 1323 haurire
3477 1271 3746 1324 solebant.
3781 1266 3865 1323 At:

2261 1354 2432 1410 Jacob
2465 1355 2618 1411 solus
2662 1365 2879 1412 amovet
2927 1372 3145 1422 saxum,
3181 1372 3247 1413 ac
3293 1367 3423 1428 potu
3483 1377 3699 1430 sponsae
3737 1378 3853 1416 sua:

2263 1445 2439 1501 reficit
2465 1462 2616 1502 oves.
2651 1447 2928 1520 Enigma,
2964 1451 3178 1520 Opinor,
3202 1464 3265 1506 ea
3301 1466 3390 1506 res
3413 1451 3620 1522 (erat),
3647 1462 3701 1508 et
3733 1471 3849 1507 um-

2264 1538 2362 1592 bra
2396 1536 2587 1592 futuri.
2630 1538 2766 1604 Quis
2796 1541 2939 1594 enim
2991 1543 3279 1611 impositus
3317 1543 3455 1612 lapis
3489 1545 3631 1601 alius
3687 1557 3849 1616 atque

573 1630 866 1702 ουργικῶν·
924 1630 1069 1685 οὕτω
1089 1630 1289 1694 παντὸς
1311 1631 1567 1704 ἐπέκεινα
1590 1630 1888 1703 θαύματος,
1913 1630 1972 1699 ἐξ
1994 1631 2162 1700 ἀνυμ-

2271 1630 2382 1702 ipse
2427 1629 2732 1687 Christus?
2767 1631 2842 1686 De
2901 1648 3012 1702 quo
3075 1635 3208 1689 dicit
3243 1635 3458 1690 Isaias:
3523 1635 3594 1689 Et
3641 1637 3844 1692 immit-

576 1723 774 1794 φεύτου
810 1724 1079 1796 παρθένου
1115 1722 1273 1777 τόκον
1297 1723 1551 1793 ὀφθῆναι.

577 1829 847 1882 "oratum,
873 1819 1098 1874 electum
1123 1818 1189 1870 ¹⁸.
1228 1816 1295 1871 Et
1319 1815 1508 1873 Daniel
1534 1816 1824 1872 similiter:
1855 1815 2041 1872 Sectus
2087 1828 2165 1871 est
2203 1814 2341 1885 lapis
2398 1815 2594 1888 absque
2640 1834 2802 1872 manu
2826 1819 2892 1884 ‘9,

2267 1731 2376 1778 tam
2426 1723 2481 1778 in
2515 1724 2868 1794 fundamenta
2906 1726 3040 1782 Sion
3089 1727 3315 1797 lapidem
3363 1730 3697 1799 pretiosum,
3753 1730 3847 1786 ho-

2945 1819 3000 1874 id
3039 1827 3124 1875 est
3156 1858 3169 1882 ,
3245 1819 3414 1877 Natus
3463 1829 3547 1876 est
3598 1821 3849 1877 Christus

577 1914 785 1982 absque
815 1915 952 1968 viro.
990 1911 1062 1968 Ut
1084 1913 1231 1968 enim
1269 1927 1488 1975 novum,
1532 1912 1839 1966 inauditum
1869 1921 1922 1966 et
1956 1911 2274 1967 inusitatum
2304 1920 2411 1976 est,
2438 1911 2675 1982 lapidem
2711 1912 2780 1967 ab
2820 1927 2956 1982 rupe
2985 1913 3235 1969 abscindi
3265 1915 3385 1970 sine
3423 1931 3590 1984 opera
3638 1915 3846 1982 latomi,

578 2014 742 2076 atque
772 2003 1159 2060 instrumentis
1181 2003 1456 2058 latomicis
1482 2021 1496 2057 :
1532 2004 1610 2057 ita
1641 2011 1866 2065 superat
1904 2017 2068 2058 omne
2098 2001 2445 2066 miraculum,
2475 2001 2644 2057 videri
2681 2009 2898 2072 partum
2926 2017 2988 2060 3x
3017 2003 3231 2075 virgine
3266 2005 3522 2076 innupta.

660 2193 942 2246 Ἐπέκειτο
972 2191 1150 2245 τοίνυν
1177 2190 1256 2262 τῷ
1296 2190 1490 2262 φρέατι
1519 2192 1548 2244 ό
1590 2189 1736 2254 λίθος
1763 2192 1791 2243 6
1821 2190 2008 2260 νοητὸς
2034 2189 2169 2260 Χριυ

581 2286 733 2352 στὸς,
768 2283 1027 2356 κρύπτων
1055 2285 1112 2338 ἐν
1146 2283 1298 2354 βάθει
1327 2285 1418 2337 καὶ
1449 2283 1733 2355 μυστηρίῳ
1753 2281 1814 2336 τὸ
1840 2282 1940 2354 τῆς
1969 2282 2168 2348 παλιγ-

579 2377 828 2446 γενεσίας
887 2375 1131 2444 λουτρὸν,
1189 2375 1269 2428 ἔτι
1299 2375 1493 2446 χρόνου
1538 2375 1733 2428 πολλοῦ
1779 2373 2030 2446 δεόμενον
2092 2373 2173 2435 είς

579 2467 922 2537 ἀποκάλυψιν
962 2467 1038 2530 ὡς
1069 2465 1304 2536 σχοινίου
1339 2465 1572 2536 μακροῦ.
1608 2464 1800 2529 Οὐδεὶς
1827 2466 1881 2518 δὲ
1907 2465 1998 2518 τὸν
2027 2464 2172 2516 λίθον

580 2559 930 2626 ἀπεκύλισεν,
972 2561 1020 2612 εί
1050 2558 1126 2629 μὴ
1171 2557 1408 2629 Ἰσραὴλ,
1434 2559 1491 2622 ὃς
1525 2560 1642 2610 ἐστι
1686 2557 1809 2621 νοῦς
1843 2556 1985 2628 όρῶν
2011 2555 2162 2609 Θεόν.

594 2651 754 2705 Ἀλλά
774 2651 868 2705 καὶ
899 2651 1158 2722 ἀνιμᾶται
1182 2649 1243 2703 τὸ
1272 2649 1436 2720 ὕδωρ,
1463 2650 1559 2703 καὶ
1585 2647 1796 2713 ποτίζει
1823 2647 1892 2702 τὰ
1918 2648 2165 2718 πρόϐατα

579 2745 681 2815 τῆς
724 2744 949 2817 Ῥαχὴλ,
983 2743 1252 2810 τουτέστι,
1295 2745 1591 2814 μυστήριον
1629 2741 2010 2815 κεκρυμμένον
2032 2743 2165 2794 ἀπο-

581 2836 824 2907 καλύψας
838 2837 1018 2890 δίδωσι
1038 2834 1266 2899 ζωτικὸν
1283 2833 1426 2908 ὕδωρ
1441 2838 1505 2907 τῇ
1521 2834 1691 2907 ἀγέλῃ
1704 2835 1802 2905 τῆς
1818 2833 2163 2904 Ἐκκλησίας.

581 2927 692 2982 Καὶ
708 2926 768 2980 τὸ
792 2925 900 2978 τῶν
921 2925 1086 2996 τριῶν
1111 2923 1320 2995 ῥάϐδων
1341 2923 1434 2976 τοῦ
1467 2922 1658 2976 Ἰακὼϐ
1676 2919 1929 2990 πρόσθες.
1963 2922 2082 2991 Ἀφ’
2106 2910 2168 2975 οὗ

2335 2183 2631 2256 lmpoaitus
2663 2185 2832 2256 igitur
2891 2195 3010 2240 erat
3071 2195 3239 2258 puteo
3287 2187 3465 2258 lapis,
3520 2190 3615 2258 qui
3669 2201 3851 2246 mente

2265 2279 2514 2334 cernitur
2542 2277 2818 2343 Christus,
2877 2278 3224 2335 abscondens
3282 2279 3338 2333 in
3373 2279 3648 2350 profundo
3688 2293 3850 2353 atque

2267 2369 2538 2439 mysterio
2588 2370 2873 2424 lavacrum
2927 2373 3388 2440 regenerationis,
3459 2375 3604 2443 quod
3669 2375 3848 2430 adhuc

2269 2464 2445 2517 multo
2491 2469 2760 2532 tempore,
2797 2469 3059 2532 tanquam
3114 2464 3279 2534 longo
3337 2463 3490 2528 fune,
3544 2467 3609 2520 ad
3641 2469 3850 2520 revela-

2270 2553 2474 2609 tionem
2529 2568 2670 2623 Opus
2698 2553 2955 2611 habebat.
2991 2553 3161 2609 Nemo
3194 2569 3375 2610 autem
3433 2556 3667 2626 lapidem
3698 2576 3848 2614 amo—

2271 2645 2451 2708 vebat.
2473 2645 2578 2701 nisi
2604 2647 2792 2710 Israel,
2817 2662 2936 2716 quae
2961 2655 3045 2702 est
3071 2663 3222 2703 mens
3242 2649 3432 2704 videns
3456 2649 3644 2704 Deum.
3677 2650 3848 2716 Quin-

2273 2739 2440 2794 otiam
2471 2738 2653 2793 haurit
2697 2754 2916 2810 aquam,
2948 2750 3000 2793 et
3033 2747 3218 2809 potum
3263 2741 3467 2810 prmbet
3513 2743 3711 2797 ovibus
3739 2743 3848 2794 lla-

2282 2830 2479 2893 chelis,
2507 2831 2611 2885 hoc
2641 2839 2748 2894 est,
2780 2833 3062 2902 mysterio,
3105 2833 3252 2903 quod
3300 2834 3680 2889 absconditum
3709 2845 3845 2901 erat,

2274 2922 2536 2986 revelato,
2581 2921 2673 2976 dat
2715 2937 2911 2992 aquam
2945 2924 3164 2977 vitalem
3200 2922 3461 2980 Ecclesiae
3494 2928 3666 2997 gregi.
3698 2929 3851 2982 Adde

583 3025 690 3090 γὰρ
723 3021 780 3073 αἱ
812 3021 960 3088 τρεῖς
995 3015 1180 3088 ῥάϐδοι
1219 3018 1284 3086 τῇ
1317 3016 1466 3086 πηγῇ
1496 3014 1897 3085 παρετέθησαν,
1945 3014 2011 3067 ἐκ
2039 3013 2162 3066 τότε

2271 3014 2374 3071 huc
2433 3015 2599 3068 trium
2637 3016 2913 3087 virgarum
2961 3015 3149 3072 Jacobi
3184 3033 3299 3073 rem
3352 3026 3586 3088 gestam.
3627 3021 3705 3073 Ex
3740 3037 3850 3091 quo

581 3111 611 3163 6
643 3110 826 3164 Λάϐαν
854 3111 882 3162 6
914 3105 1192 3170 πολύθεος,
1227 3106 1397 3176 πένης
1427 3105 1664 3173 ἐγένετο,
1704 3105 1958 3166 πλούσιος
1986 3104 2042 3158 δὲ
2073 3106 2169 3158 καὶ

585 3201 887 3276 πολύαρνος
944 3198 1160 3254 Ἰακώϐ.
1204 3196 1657 3268 Ἀλληγορηθήτω
1697 3196 1755 3249 δὲ
1799 3197 1828 3250 6
1874 3195 2060 3249 Λάϐαν
2089 3198 2169 3259 εἰς

582 3295 674 3348 τὸν
723 3292 986 3354 διάϐολον,
1034 3293 1127 3345 καὶ
1164 3292 1192 3344 ὁ
1236 3288 1428 3342 Ἰακὼϐ
1467 3289 1546 3351 είς
1600 3287 1691 3341 τὸν
1721 3287 1976 3354 Χριστόν.
2015 3287 2170 3341 Μετά

584 3386 694 3453 γὰρ
730 3384 792 3439 τὸ
839 3382 1142 3456 βάπτισμα,
1194 3381 1428 3453 Χριστὸς
1459 3381 1640 3435 πᾶσαν
1687 3377 1791 3451 ἦρε
1837 3379 1936 3451 τὴν
1970 3379 2170 3448 ἀγέλην

583 3479 679 3533 τοῦ
709 3479 928 3532 Σατανᾶ
948 3518 962 3542 ,
999 3476 1092 3530 καὶ
1109 3471 1271 3536 αὐτὸς
1291 3475 1612 3546 ἐπλούτησε.
1644 3473 1887 3544 Μωῦσῆς
1924 3471 1980 3525 δὲ
2006 3473 2034 3525 6
2071 3471 2169 3542 μέ-

585 3587 708 3639 γας,
746 3569 942 3639 βρέφος
991 3568 1250 3638 ὑπάρχων
1285 3567 1496 3620 ἀστεῖον
1531 3565 1626 3620 καὶ
1675 3561 1999 3635 ὑπομάζιον,
2034 3563 2171 3615 ὑπο-

585 3660 772 3716 πεσὼν
795 3663 862 3732 τῇ
907 3662 1060 3731 κοινῇ
1093 3661 1186 3713 καὶ
1215 3658 1514 3731 σκυθρωπῇ
1540 3657 1726 3729 ψήφῳ,
1771 3656 1840 3728 ἢν
1875 3656 1906 3709 6
1937 3653 2172 3726 σκληρὸς

586 3751 786 3823 Φαραὼ
832 3751 974 3806 κατὰ
1000 3751 1108 3805 τῶν
1156 3749 1370 3823 βρεφῶν
1400 3748 1509 3802 τῶν
1559 3747 1806 3819 ἀρρένων
1856 3746 2169 3818 ἐξήνεγκεν,

587 3845 810 3918 ἐξετέθη
849 3843 987 3916 πρὸς
1028 3847 1152 3908 ταῖς
1184 3843 1370 3915 ὄχθαις
1401 3841 1506 3898 ,τοῦ
1547 3839 1814 3912 ποταμοῦ,
1845 3841 1904 3893 ού
1945 3837 2172 3910 γυμνὸς,

589 3936 704 3992 ἀλλ’
730 3937 1020 4008 ἐμϐληθεὶς
1041 3937 1294 4010 λάρνακι.
1333 3935 1479 3988 Ἔδει
1509 3933 1618 4004 γὰρ
1652 3929 1790 3986 εἶναι
1816 3931 2060 3995 τυπικῶς
2083 3931 2172 3984 τὸν

589 4027 753 4098 νόμον
791 4027 848 4080 ὲν
877 4025 1116 4097 κιϐωτῷ.
1180 4025 1378 4094 Ἐγγύς
1407 4024 1462 4078 δὲ
1508 4022 1778 4094 κατετέθη
1823 4022 1916 4076 τοῦ
1959 4022 2171 4086 ὓδατος.

591 4117 806 4188 Γειτνιᾷ
825 4117 934 4188 γὰρ
964 4117 992 4169 6
1023 4115 1185 4186 νόμος
1219 4117 1287 4186 τῇ
1317 4114 1502 4185 χάριτι
1523 4129 1538 4143 ο
1571 4113 1666 4167 καὶ
1697 4112 1766 4166 τὰ
1795 4114 2046 4184 ἐφήμερα
2066 4111 2174 4166 τῶν

603 4209 868 4282 Ἑϐραίων
910 4208 1277 4279 ῥαντίσματα,
1303 4206 1340 4260 ἃ
1387 4205 1578 4278 μικρὸν
1619 4203 1846 4277 ὕστερον
1879 4203 2071 4276 ἔμελλε
2096 4201 2175 4274 τῷ

590 4301 778 4372 τελείῳ
801 4301 896 4354 καὶ
913 4297 1208 4372 θαυμαστῴ
1231 4297 1562 4368 βαπτίσματι
1587 4295 2050 4366 καλυφθήσεσθαι.
2088 4295 2175 4359 Ὡς

594 4391 651 4444 δὲ
678 4363 874 4462 Παύλῳ
903 4390 980 4462 τῷ
1021 4363 1294 4460 θεσπεσίῳ
1331 4363 1494 4453 δοκεῖ,
1526 4389 1619 4442 καὶ
1649 4390 1678 4441 6
1705 4363 1833 4450 λαὸς
1873 4386 2035 4451 αὐτὸς
2071 4385 2170 4458 τὴν
2201 4363 2250 4422 D

607 4484 868 4555 Ἐρυθρὰν
895 4483 1218 4554 περαιωθεὶς
1249 4482 1544 4547 θάλασσαν,
1571 4480 1667 4552 τὴν
1688 4480 1746 4547 ἐξ
1774 4480 1963 4542 ὓδατος
1992 4496 2169 4550 σωτη-

592 4574 716 4646 ρίαν
764 4573 1172 4645 εὐηγγελίσατο.
1219 4573 1503 4646 Παρῆλθεν
1537 4573 1566 4625 6
1595 4571 1743 4635 λαὸς,
1774 4571 1869 4624 καὶ
1922 4569 2171 4641 βασιλεὺς

592 4669 621 4720 ὁ
652 4665 948 4735 Αίγύπτιος
988 4665 1124 4736 μετὰ
1152 4667 1250 4735 τῆς
1290 4666 1547 4736 στρατιᾶς
1575 4662 1852 4733 ἐϐυθίσθη,
1889 4661 1982 4714 καὶ
2015 4661 2172 4714 τοῦτο

592 4758 653 4810 τὸ
684 4758 982 4828 μυστήριον
1008 4757 1094 4810 διὰ
1120 4756 1228 4808 τῶν
1266 4755 1441 4828 ἔργων
1480 4754 1901 4827 προεφητεύετο.
1936 4754 2044 4806 Καὶ⁴
2077 4753 2173 4808 νῦν

593 4849 722 4919 γὰρ,
763 4845 924 4918 ἡνίκα
952 4845 1018 4898 ἂν
1041 4848 1070 4898 6
1093 4845 1219 4908 λαὸς
1247 4847 1302 4897 ἐν
1325 4845 1403 4916 τῷ
1435 4845 1532 4915 τῆς
1573 4841 1989 4912 παλιγγενεσίας
2020 4841 2172 4894 ὕδατι

593 4939 838 5008 γένηται,
876 4934 1092 5004 φεύγων
1113 4934 1209 5005 τὴν
1240 4935 1533 5003 Αἴγυπτον,
1555 4933 1653 5004 τὴν
1691 4930 1969 5003 μοχθηρὰν
1993 4932 2173 5001 ἁμαρ-

593 5031 737 5094 τίαν,
770 5027 933 5091 αύτὺς
962 5027 1059 5098 μὲν
1089 5025 1459 5097 ἐλευθεροῦται
1484 5025 1578 5078 καὶ
1597 5023 1849 5086 σώζεται,
1867 5025 1894 5076 6
1915 5023 1970 5075 δὲ
1993 5021 2174 5075 διάϐο-

594 5121 684 5185 λος
709 5121 846 5192 μετὰ
875 5118 984 5172 τῶν
1018 5117 1162 5170 ἰδίων
1191 5117 1478 5187 ὑπηρετῶν
1505 5117 1669 5187 (λέγω
1690 5115 1754 5185 δὴ
1785 5114 1894 5167 τῶν
1925 5113 2174 5184 πνευμά-

595 5231 702 5268 των
734 5216 831 5287 τῆς
875 5209 1159 5283 πονηρίας)
1197 5209 1558 5277 ἀποπνίγεται
1602 5211 1669 5279 τῇ
1705 5206 1850 5277 λύπῃ
1883 5208 1978 5260 καὶ
2021 5206 2175 5274 φθεί-

599 5321 772 5371 ρεται,
815 5300 1100 5374 συμφορὰν
1141 5299 1278 5353 ἰδίαν
1304 5298 1402 5370 τὴν
1424 5300 1531 5353 τῶν
1555 5297 1858 5369 ἀνθρώπιον
1902 5298 2174 5368 σωτηρίαν

545 5549 548 5552 .
674 5507 714 5538 ¹⁷
751 5505 885 5560 Gen.
949 5520 1100 5568 χχιχ,
1142 5503 1174 5558 9
1211 5517 1334 5572 sqq.
1440 5500 1483 5532 ¹⁸
1515 5499 1620 5556 Isa.
1655 5516 1864 5572 xxvni,
1904 5497 1990 5572 16.

598 5575 636 5629 '6
663 5591 783 5646 sqq.
860 5577 904 5606 ”
944 5575 962 5628 l
995 5574 1119 5629 Cor.
1162 5590 1216 5640 ιι,
1253 5570 1450 5641 Γείιίι.
1529 5572 1574 5603 ’³
1608 5571 1781 5625 Exod.
1812 5586 1926 5635 xw,
1957 5570 2028 5622 ‘29.
2060 5584 2179 5638 sqq.

2095 5499 2138 5529 ‘9
2182 5497 2314 5553 Dan.
2361 5516 2421 5566 ιι,
2467 5500 2554 5554 45.

2270 3107 2414 3162 enim
2450 3115 2564 3163 tres
2620 3107 2726 3161 illae
2754 3107 2920 3178 virgae
2976 3107 3112 3163 fonti
3173 3110 3437 3180 appositae
3483 3121 3630 3173 sunt,
3681 3127 3749 3165 ex
3783 3127 3849 3165 eo
3931 3092 3936 3097 6

2271 3204 2514 3266 tempore
2535 3195 2720 3252 Laban
2743 3196 2832 3250 ille
2865 3197 3157 3252 multorum
3182 3197 3409 3254 deorum
3459 3200 3852 3270 superstitione

2269 3287 2596 3358 implicitus,
2654 3302 2862 3357 pauper
2918 3289 3125 3353 evasit;
3157 3288 3328 3346 Jacob
3368 3300 3547 3346 autem
3581 3291 3743 3346 ditari
3795 3303 3849 3346 et

2271 3379 2430 3450 agnis
2463 3380 2750 3434 abundare
2796 3379 3056 3449 cwpit".
3103 3381 3415 3451 Allegorico
3452 3393 3633 3437 autem
3684 3401 3847 3439 sensu

2271 3469 2458 3525 Laban
2489 3471 2555 3525 ad
2590 3471 2889 3535 diabolum,
2933 3469 3105 3527 Jacob
3139 3473 3206 3527 ad
3243 3473 3524 3528 Christum
3556 3476 3847 3531 referatur.

2270 3558 2406 3612 Nam
2438 3566 2562 3628 post
2615 3560 2885 3630 baptisma
2928 3561 3185 3618 Christus
3220 3579 3438 3620 omnem
3487 3567 3689 3621 diaboli
3727 3585 3852 3638 gre-

2272 3666 2392 3722 gem
2419 3651 2664 3719 abstulit,
2693 3661 2747 3708 et
2776 3653 2894 3724 ipse
2927 3654 3136 3711 ditatus
3163 3663 3270 3714 est.
3298 3655 3512 3729 Moyses
3545 3667 3728 3714 autem
3763 3662 3852 3715 ille

2274 3757 2525 3814 magnus,
2551 3759 2676 3799 cum
2712 3759 2848 3814 puer
2888 3746 3062 3803 scitus
3102 3755 3158 3804 et
3184 3750 3425 3820 elegans,
3477 3759 3640 3820 atque
3685 3752 3851 3805 etiam

2273 3849 2420 3888 nunc
2443 3835 2547 3890 sub
2570 3835 2833 3892 uberibus
2860 3844 3027 3903 esset,
3061 3839 3338 3893 communi
3370 3855 3433 3894 ac
3457 3841 3597 3894 tristi
3629 3851 3851 3896 sentcn-

2273 3925 2395 3991 tiae,
2432 3941 2594 3995 quam
2642 3926 2816 3982 durus
2871 3927 2962 3982 ille
3014 3925 3230 3983 Pharao
3288 3928 3552 3986 adversus
3616 3931 3853 3985 infantes

2274 4017 2552 4071 masculos
2578 4018 2797 4083 tulerat,
2827 4019 3134 4088 subjectus,
3171 4022 3458 4090 expositus
3487 4030 3570 4078 est
3605 4023 3672 4076 ad
3708 4023 3854 4091 ripas

2276 4109 2476 4174 amnis,
2510 4124 2618 4162 non
2680 4108 2883 4173 nudus,
2915 4111 3007 4164 sed
3045 4111 3197 4166 cista:
3253 4113 3542 4182 impositus
3574 4115 3641 4167 ²¹.
3676 4114 3852 4184 Opor-

2278 4200 2424 4256 tebat
2453 4202 2598 4257 enim
2645 4201 2817 4272 legem
2844 4205 3025 4273 typice
3053 4213 3106 4258 et
3136 4206 3429 4276 allegorice
3459 4223 3582 4260 esse
3617 4209 3670 4260 in
3705 4223 3850 4262 arca.

2279 4291 2457 4364 Prope
2505 4309 2701 4365 aquam
2755 4308 2935 4351 autem
3001 4297 3286 4367 depositus
3312 4308 3419 4352 est.
3457 4295 3648 4352 Vicina
3709 4301 3852 4354 enim

2276 4387 2465 4456 gratiae
2498 4387 2582 4440 lex
2613 4394 2717 4453 est,
2742 4395 2796 4442 et
2829 4389 3162 4458 quotidianae
3196 4389 3547 4444 Hebraeorum
3581 4393 3858 4460 aspersio-

2278 4493 2377 4533 nes
2412 4496 2424 4532 :
2457 4493 2597 4547 quat,
2633 4479 2796 4547 paulo
2855 4488 2978 4548 post
3025 4479 3268 4533 futurum
3319 4488 3438 4533 erat
3494 4489 3554 4534 ut
3614 4481 3857 4550 perfecto

2275 4581 2440 4639 atque
2495 4569 2815 4624 admirando
2856 4570 3182 4638 baptismate
3239 4571 3640 4640 obtegerentur.
3679 4572 3856 4643 Atque

2276 4670 2336 4715 ut
2367 4661 2554 4715 divino
2585 4661 2755 4716 Paulo
2790 4663 3088 4726 videtur",
3123 4664 3288 4717 etiam
3323 4665 3558 4733 populus
3588 4666 3723 4735 ipse,
3759 4667 3851 4735 qui

2277 4753 2523 4808 Rubrum
2561 4770 2709 4810 mare
2738 4755 3011 4817 transivit,
3050 4771 3192 4820 eam,
3228 4772 3347 4825 quae
3377 4771 3441 4811 ex
3468 4772 3607 4827 aqua
3639 4761 3855 4813 contin—

2279 4846 2376 4915 git,
2405 4846 2636 4900 salutem
2659 4848 3027 4901 annuntiavit.
3061 4846 3343 4924 Transivit
3392 4853 3644 4919 populus,
3677 4859 3731 4905 et
3761 4868 3853 4905 rex

2281 4935 2572 5006 IEgyptius
2604 4953 2726 4991 cum
2753 4939 2998 4993 exercitu
3021 4939 3344 4996 submersus
3372 4949 3457 4995 est
3480 4942 3545 5006 ”,
3570 4950 3624 4996 et
3654 4952 3856 5013 myste-

2283 5029 2422 5082 rium
2459 5043 2555 5097 per
2583 5043 2749 5097 opera
2780 5030 3198 5099 praedicebatur.
3223 5031 3434 5087 Etenim
3463 5049 3609 5088 nunc
3637 5037 3857 5104 quando

2283 5119 2518 5188 populus
2577 5119 2789 5188 fugiens
2849 5121 3178 5192 Egyptum,
3232 5123 3540 5193 improbum
3601 5125 3856 5195 (scilicet)

2282 5215 2588 5275 peccatum,
2628 5207 2682 5261 in
2741 5225 2877 5277 aqua
2932 5213 3362 5280 regenerationis
3424 5224 3696 5277 versatur,
3742 5218 3857 5284 ipsc

2281 5298 2500 5368 quidem
2541 5299 2804 5354 liberatur
2857 5309 2912 5355 et
2952 5310 3247 5370 servatur;
3275 5303 3530 5361 diabolus
3571 5321 3700 5360 vero
3731 5323 3854 5360 cum

2654 5501 2698 5532 ²⁰
2746 5500 2880 5555 Gen.
2941 5518 3065 5566 xxx,
3103 5501 3172 5554 27
3208 5516 3330 5572 sqq.
3410 5505 3452 5534 ¹¹
3498 5499 3670 5556 Exod.
3723 5517 3855 5566 χχιι,
