4084 6158
226 229 323 287 ιςθι

1469 221 1526 278 S.
1557 217 1882 278 GREGORII
1900 217 2195 275 NYSSENI

3376 211 3482 272 592

224 352 344 409 suis
384 350 651 408 ministris
681 348 773 423 (de
802 348 1087 421 spiritibus
1120 345 1377 402 nimirum
1427 345 1691 415 lmprobis
1723 345 1803 399 lo-

1917 344 2225 414 ήγούμενος.
2272 338 2455 393 Ἱκανὰ
2490 337 2587 409 μὲν
2616 331 2710 390 οὑν
2746 337 2839 391 καὶ
2876 334 3050 391 ταῦτα
3087 335 3166 402 είς
3195 331 3486 404 βεϐαίωσιν

223 443 386 518 quor)
424 443 594 498 animi
647 443 835 498 dolore
884 439 1204 503 suffocatur,
1252 445 1307 492 et
1354 435 1666 501 conficitur,
1699 449 1798 505 pro

169 608 181 619 ι
227 550 328 590 sua
391 534 705 589 calamitate
752 532 1032 587 hominum
1084 530 1319 586 salutem
1351 528 1580 583 ducens.
1622 527 1801 595 Atque

225 628 390 679 etiam
425 626 540 679 haec
563 623 784 694 quidem
818 621 977 676 nobis
1007 620 1073 674 ad
1108 618 1580 674 conﬁrmationem
1600 629 1802 686 propo-

226 719 314 773 siti
357 725 621 772 tractatus
655 713 989 771 suﬁecerint.
1030 711 1415 767 Verumtamen
1452 723 1521 763 ne
1569 720 1798 777 sequen-

226 814 301 865 tia
333 809 551 880 quidem
590 809 939 862 honestarum
980 818 1165 859 rerum
1199 801 1449 857 studioso
1480 797 1803 870 negligenda

232 913 387 956 sunt.
424 900 608 955 Multis
634 895 779 952 enim
819 893 1178 951 incommodis
1199 891 1565 956 conﬂictatus,
1609 905 1805 961 quem-

230 990 524 1047 admodum
608 989 936 1049 didicimus,
986 984 1342 1040 Hebrazorum
1422 982 1696 1053 populus,
1750 991 1805 1036 et

229 1084 503 1139 laborioso
535 1090 696 1151 atque
763 1079 996 1133 molesto
1038 1075 1354 1130 solitudinis
1405 1073 1662 1129 confecto
1691 1072 1819 1128 cirs-

231 1176 403 1240 cuitu,
427 1188 535 1229 non
562 1173 716 1243 prius
751 1178 951 1225 terram
979 1166 1364 1239 promissionis
1393 1165 1619 1235 recepit,
1644 1171 1810 1233 quam

231 1268 470 1323 ducente
501 1266 652 1329 Jesu,
685 1265 965 1331 vitamque
996 1261 1116 1330 ejus
1143 1259 1479 1330 gubernante
1512 1255 1578 1311 ad
1616 1252 1809 1310 Iorda-

232 1377 356 1417 nem
391 1360 639 1431 pervenit
665 1357 732 1411 ".
757 1354 1111 1425 Perspicuum
1142 1359 1229 1407 est
1249 1356 1451 1413 autem,
1477 1345 1622 1418 quod
1647 1346 1811 1400 etiam

232 1451 418 1517 Jesus,
461 1450 556 1519 qui
618 1444 904 1500 duodecim
970 1456 1102 1498 saxa
1156 1441 1209 1494 in
1262 1438 1485 1493 [lumine
1535 1434 1811 1505 deposuit,

234 1542 523 1599 duodecim
555 1537 856 1607 discipulos
899 1534 1187 1590 ministros
1218 1528 1564 1600 baptismatis
1598 1538 1813 1596 prarpa-

236 1636 394 1690 rabat
443 1647 509 1687 ac
559 1627 1009 1701 praedestinabat.
1066 1625 1239 1679 Porro
1306 1619 1636 1676 sacriﬁcium
1684 1614 1816 1669 illud

1897 437 1996 506 τῆς
2013 432 2379 506 προκειμένης
2401 429 2785 502 πραγματείας
2800 423 2891 498 ἦν.
2917 426 3064 498 Πλὴν
3085 424 3205 479 ούδέ
3228 424 3333 478 τῶν
3354 423 3486 492 ὲξῆς

1900 526 2202 597 ἀμελητέον
2233 524 2311 595 τῷ
2340 523 2633 594 φιλοκάλῳ.
2663 518 2841 575 Πολλὰ
2881 518 2990 590 γὰρ
3017 515 3226 581 παθὼν,
3256 513 3331 577 ὡς
3375 513 3486 566 ἐδι-

1900 617 2198 689 δάχθημεν,
2228 619 2255 669 6
2287 616 2393 669 τῶν
2440 614 2706 687 Ἑϐραίων
2750 610 2900 679 λαὸς,
2939 610 3035 664 καὶ
3061 609 3161 679 τὴν
3207 604 3488 678 μοχθηρὰν

1901 707 2159 770 διανύσας
2190 706 2286 777 τῆς
2321 706 2530 777 ἐρήμου
2561 703 2808 775 περίοδον
2833 741 2849 768 ,
2879 702 2940 755 οὑ
2981 701 3241 772 πρότερον
3265 697 3363 770 τὴν
3383 696 3490 767 γῆν

1904 801 2002 870 τῆς
2048 798 2377 868 ἐπαγγελίας
2425 797 2687 863 ἀπέλαϐε,
2733 795 2863 866 πρὶν
2908 793 3230 865 ὀδηγοῦντος
3285 787 3484 861 Ἰησοῦ,

1904 892 2000 945 καὶ
2040 890 2138 961 τὴν
2162 889 2307 961 ζωὴν
2350 887 2517 942 αὑτοῦ
2547 886 2938 959 κυϐερνῶντος,
2973 887 3052 946 είς
3093 884 3185 936 τὸν
3219 881 3488 953 Ἰορδάνην

1907 980 2234 1053 ἐπεραιώθη.
2277 979 2484 1051 Ἰησοῦς
2526 979 2581 1033 δὲ
2621 980 2717 1032 καὶ
2743 979 2867 1042 τοὺς
2896 976 3102 1031 δώδεκα
3145 974 3326 1035 λίθους
3353 973 3490 1026 ἀπο-

1909 1072 2133 1143 θέμενος
2152 1073 2210 1124 ἐν
2235 1070 2313 1142 τῷ
2347 1070 2601 1142 ῥεύματι,
2627 1068 2893 1141 πρόδηλόν
2916 1069 3085 1133 ἐστιν,
3112 1067 3195 1119 ὅτι
3225 1064 3349 1127 τοὺς
3388 1061 3488 1115 δὼ-

1908 1163 2044 1217 δεκα
2067 1161 2333 1233 μαθητὰς,
2360 1163 2486 1224 τοὺς
2510 1159 2785 1231 ὑπηρέτας
2811 1155 2903 1212 τοῦ
2934 1153 3327 1227 βαπτίσματος,
3358 1168 3491 1223 προ-

1910 1251 2255 1325 ηυτρέπιζεν.
2293 1253 2358 1305 Ἠ
2379 1251 2434 1304 δὲ
2456 1249 2741 1322 θαυμαστὴ
2759 1246 3037 1321 ἱερουργία
3061 1248 3154 1300 καὶ
3179 1246 3352 1299 πάντα
3366 1243 3491 1297 νοῦν

1912 1343 2216 1415 ἀνθρώπων
2247 1344 2647 1416 ὑπερϐαίνουσα
2675 1341 2767 1395 τοῦ
2803 1340 3060 1394 Θεσϐίτου
3091 1336 3184 1391 τοῦ
3216 1338 3491 1408 γέροντος,

1913 1437 1965 1490 τί
1995 1451 2125 1490 ποτε
2148 1435 2296 1499 ἄλλο,
2325 1436 2358 1507 ἢ
2385 1435 2700 1506 πρακτικῶς
2729 1430 3030 1504 προμηνύει
3053 1431 3151 1503 τήν
3180 1433 3257 1494 εἰς
3272 1430 3496 1501 Πατέρα

1916 1529 2011 1584 καὶ
2033 1527 2161 1582 Υἱδν
2189 1530 2282 1583 καὶ
2308 1528 2460 1597 ἆγιον
2484 1526 2709 1597 Πνεῦμα
2732 1524 2936 1590 πίστιν,
2964 1523 3059 1578 καὶ
3081 1520 3492 1592 ὰπολύτρωσινς

1931 1621 2149 1693 Ἐπειδὴ
2178 1621 2286 1691 γὰρ
2307 1620 2451 1683 ἆπας
2478 1622 2506 1673 6
2531 1616 2642 1673 τῶν
2675 1616 2936 1690 Ἑϐραίων
2956 1616 3083 1680 λαὸς
3107 1616 3204 1688 τὴν
3236 1614 3494 1686 πατρῴαν

239 1724 594 1787 admirabile,
647 1719 902 1791 quodque
972 1731 1190 1772 omnem
1247 1714 1540 1768 humanam
1596 1715 1815 1777 supcrat

1921 1717 2170 1787 πατήσας
2194 1713 2491 1775 εὐσέϐειαν,
2513 1710 2591 1775 είς
2616 1710 2711 1782 τὴν
2736 1708 2992 1763 πολύθεον
3015 1708 3221 1779 πλάνην
3245 1707 3493 1772 ἐξέπεσε,

240 1825 502 1880 mentem,
541 1810 813 1866 Thesbitaa
856 1808 1002 1861 illius
1030 1805 1199 1866 senis,
1250 1802 1379 1872 quid
1408 1799 1554 1854 aliud
1594 1797 1811 1852 tandem

240 1917 404 1977 atque
429 1920 487 1961 re
516 1904 632 1974 ipsa
682 1898 1063 1972 praesigniﬁcat
1111 1896 1270 1950 ﬁdem
1320 1894 1375 1948 in
1398 1892 1610 1945 Patrem
1640 1899 1693 1944 et
1723 1886 1814 1941 Fi-

241 1999 375 2052 lium
418 2004 472 2052 et
507 1995 769 2065 Spiritum
822 1997 1092 2052 sanetum,
1141 1996 1305 2056 atque
1356 1979 1818 2052 redemptionem?

243 2087 605 2156 Posteaquam
635 2080 806 2137 enim
854 2079 1146 2133 universus
1180 2074 1532 2129 Hebraeorum
1582 2070 1817 2141 pOpulus

245 2180 419 2251 patria
473 2175 793 2231 conculcata
834 2173 1065 2243 pietate,
1113 2167 1167 2221 in
1220 2180 1460 2221 errorem
1518 2163 1816 2217 multorum

245 2273 477 2327 deorum
531 2269 714 2322 cultus
747 2265 1039 2335 prolapsus
1080 2264 1197 2316 erat
1230 2277 1244 2312 :
1278 2267 1335 2312 et
1365 2272 1459 2312 rex
1508 2255 1695 2310 Achab
1749 2253 1819 2308 ab

157 2375 161 2379 ’
248 2363 666 2421 simulacrorum
697 2357 850 2412 cultu
887 2351 1268 2413 deludebatur,
1297 2364 1421 2404 cum
1456 2348 1653 2401 malam
1699 2346 1823 2401 vim

250 2455 456 2511 sociam
512 2448 1072 2515 scelestissimamque
1133 2441 1430 2512 impietatis
1502 2438 1820 2508 magistram

251 2548 477 2603 haberet
534 2542 827 2598 infaustam
890 2547 944 2593 et
1008 2532 1398 2591 exsecrandatn
1459 2527 1821 2584 chabelem:

255 2638 493 2707 repletus
520 2634 782 2704 propheta
805 2628 981 2700 gratia
1013 2622 1307 2695 spirituali,
1331 2627 1385 2676 et
1423 2634 1548 2673 cum
1601 2616 1824 2671 Achabo

257 2741 610 2799 congressus,
646 2730 785 2778 teste
837 2734 984 2790 rege,
1013 2715 1273 2785 omnique
1326 2712 1527 2783 populo
1568 2708 1826 2765 sacerdo-

255 2822 406 2876 tibus
436 2816 561 2871 Baal
592 2829 652 2870 se
674 2811 932 2884 opposuit
983 2809 1050 2864 ad
1080 2817 1357 2863 certamen
1408 2805 1600 2875 ingens
1629 2810 1683 2858 et
1734 2802 1830 2857 ad-

258 2910 546 2975 mirabile;
604 2912 768 2974 atque
831 2902 996 2966 illos,
1051 2899 1146 2969 qui
1204 2901 1605 2968 proposuerant
1667 2900 1833 2964 atque

254 3001 496 3075 professi
542 3003 716 3063 erant,
751 2992 897 3064 quod
929 2991 1138 3061 absque
1180 2989 1288 3059 igni
1322 2989 1513 3042 bovem
1551 2986 1831 3042 sacriﬁca-

1917 1806 2013 1859 καὶ
2065 1807 2094 1858 6
2139 1803 2391 1876 βασιλεὺς
2454 1801 2657 1873 Ἀχαὰϐ
2713 1798 2863 1870 παρὰ
2911 1797 3011 1867 τῆς
3056 1791 3496 1865 είδωλολατρείας

1918 1895 2190 1960 ἐπαίζετο,
2222 1894 2399 1966 κακήν
2437 1891 2533 1946 τοῦ
2579 1890 2695 1962 βίου
2742 1888 2997 1943 κοινωνὸν
3047 1887 3137 1943 καὶ
3180 1885 3499 1956 παμμίαρον

1915 1988 2014 2059 τῆς
2047 1986 2302 2053 ἀσεϐείας
2328 1984 2468 2056 ἔχων
2504 1981 2819 2038 διδάσκαλον
2854 1979 2951 2050 τὴν
2980 1977 3291 2047 δυσώνυμον
3324 1972 3499 2038 Ἰεζὰ-

1918 2080 2013 2133 ϐελ
2031 2097 2045 2111 ⁸
2081 2078 2340 2149 πλησθεὶς
2360 2079 2388 2131 ὁ
2416 2076 2706 2148 Προφήτης
2734 2075 2834 2142 τῆς
2869 2066 3240 2141 πνευματικῆς
3262 2068 3499 2139 χάριτος,

1920 2172 2089 2227 ἐλθὼν
2121 2171 2176 2224 δέ
2211 2172 2291 2233 είς
2318 2167 2607 2238 συντυχίαν
2638 2164 2716 2235 τῷ
2758 2162 2982 2234 Ἀχαὰϐ,
3020 2162 3123 2215 ὑπὸ
3158 2161 3393 2231 μάρτυρι
3426 2153 3504 2228 τῷ

1924 2265 2135 2337 βασιλεῖ
2166 2263 2260 2317 καὶ
2297 2261 2460 2314 παντὶ
2492 2258 2569 2330 τῷ
2612 2256 2751 2327 λαῷ,
2785 2257 2899 2319 τοῖς
2941 2255 3039 2325 τῆς
3075 2252 3224 2306 Βάαλ
3268 2248 3505 2322 ἱερεῦσιν

1922 2354 2283 2424 ἀντικατέστη
2317 2351 2454 2423 πρὸς
2499 2349 2685 2419 ἀγῶνα
2732 2344 3046 2417 θαυμαστὸν
3096 2343 3192 2396 καὶ
3245 2341 3503 2408 ἐξαίσιον.

1922 2446 2033 2499 Καὶ
2063 2441 2498 2515 προϐαλλόμενος
2514 2439 2695 2500 αὐτοῖς
2714 2438 2776 2490 τὸ
2805 2434 2975 2505 χωρὶς
3004 2431 3176 2503 πυρὸς
3215 2431 3360 2501 ἱερου
3371 2429 3502 2500 ργῆ⁴

1927 2556 2015 2592 σαι
2036 2537 2126 2609 τὸν
2153 2535 2279 2607 βοῦν
2304 2575 2318 2597 ,
2356 2531 2791 2600 καταγελάστους
2820 2525 2983 2590 ἔδειξε
3022 2524 3111 2577 καὶ
3134 2521 3370 2584 ἀθλίους,
3411 2519 3510 2590 μά-

1925 2648 2025 2701 την
2063 2608 2387 2699 εὐχομένους
2434 2623 2528 2677 καὶ
2558 2620 2858 2691 κράζοντας
2885 2618 2999 2678 τοῖς
3041 2615 3140 2668 οὑκ
3179 2608 3296 2664 οὖσι
3348 2608 3509 2670 θεοῖς.

1928 2699 2113 2787 Τέλος,
2148 2716 2610 2786 ἐπικαλεσάμενος
2654 2712 2817 2774 αὐτὸς
2848 2710 2939 2763 τὸν
2975 2708 3103 2761 ῐδιον
3127 2704 3220 2758 καὶ
3258 2699 3510 2771 ἀληθινὸν

1930 2813 2086 2877 Θεὸν,
2138 2809 2465 2881 ὑπερϐολαῖς
2504 2803 2711 2858 πλείοσι
2746 2802 2841 2856 καὶ
2890 2798 3253 2871 προσθήκαις,
3301 2793 3516 2861 θαυμαο

1934 2903 2074 2968 στῶς
2129 2879 2402 2967 ἐξετέλεσε
2452 2897 2514 2950 τὸ
2559 2893 2867 2966 προϐληθὲν
2920 2889 3231 2959 ἀγώνισμα.
3289 2883 3362 2936 Οὐ
3408 2879 3515 2951 γὰρ

1936 2992 2122 3057 ἁπλῶς
2144 2991 2439 3062 εὐξάμενος
2466 2990 2643 3059 ’ήγαγε
2672 2987 2734 3039 τὸ
2764 2984 2874 3055 πῦρ
2904 2983 2963 3049 ἐξ
2993 2976 3220 3048 ούρανοῦ
3244 2972 3386 3028 κατὰ
3406 2970 3514 3024 τῶν

254 3096 373 3152 turi
408 3098 613 3157 essent,
640 3085 903 3143 ridiculos
947 3098 1010 3136 ac
1056 3081 1286 3136 miseros
1320 3079 1580 3143 ostendit,
1628 3078 1815 3135 frustra

1947 3085 2116 3151 ξύλων
2140 3083 2320 3155 ξηρῶν
2350 3079 2724 3152 ὑπαρχόντων,
2749 3075 2885 3130 ἀλλὰ
2907 3075 3017 3136 τοῖς
3040 3068 3339 3139 ὑπηρέταις
3365 3065 3519 3131 ἐγκε-

261 3191 551 3258 precantes
580 3186 633 3235 et
664 3178 984 3233 invocantes
1011 3172 1164 3238 deos,
1215 3172 1309 3241 qui
1348 3170 1482 3224 nulli
1507 3176 1655 3225 sunt.
1690 3169 1837 3225 Tan-

263 3278 389 3333 dem
412 3275 530 3347 ipse
561 3284 662 3328 suo
693 3283 758 3323 ac
784 3280 913 3322 vero
932 3263 1041 3320 Deo
1068 3263 1342 3328 invocato,
1373 3260 1692 3316 excessibus
1714 3260 1836 3331 plu-

1942 3177 2270 3248 λευσάμενος
2290 3175 2385 3229 καὶ
2409 3171 2717 3245 προστάξας
2736 3169 2878 3240 ’ύδωρ
2899 3164 3120 3236 κομίσαι
3145 3159 3300 3214 πολύ.
3327 3155 3521 3248 Τρίτον

1943 3270 2001 3324 δέ
2027 3247 2134 3323 τῶν
2165 3267 2432 3339 σχιδάκων
2480 3265 2756 3335 καταχέας
2793 3261 2921 3323 τοὺς
2961 3255 3356 3328 ἁμφορίσκουςν
3389 3247 3519 3317 εὓχῇ

262 3338 507 3426 ribus-et
552 3360 954 3434 adiectionibus
985 3356 1312 3414 mirabiliter
1346 3354 1686 3425 propositum
1717 3368 1815 3409 cer.

1942 3364 2006 3415 τὸ
2046 3359 2156 3432 πῦρ
2184 3338 2387 3428 άνῆψεν
2422 3357 2481 3424 ἐξ
2528 3355 2746 3418 ὑδατοςο
2789 3352 2879 3405 ἵνα
2914 3351 2978 3403 ἐκ
3011 3348 3108 3419 τῆς
3145 3342 3378 3415 φυσικῆς
3414 3338 3518 3390 τῶν

267 3472 448 3518 tamen
488 3458 695 3531 peregit
720 3456 789 3511 ’⁸.
836 3451 956 3507 Non
994 3451 1139 3506 enim
1172 3448 1496 3517 simpliciter
1545 3456 1801 3517 precatus

1948 3428 2223 3523 στοιχείων
2269 3448 2659 3517 ἐναντιότητος,
2704 3446 2768 3497 ἐκ
2805 3441 2899 3496 τοῦ
2955 3434 3258 3510 παραδόξου
3300 3428 3521 3498 συνδρα-

268 3557 469 3627 lignis,
505 3567 627 3623 quae
675 3548 826 3604 arida
881 3554 1087 3609 essent,
1122 3544 1298 3614 ignem
1330 3557 1359 3595 e
1393 3540 1533 3594 cmlu
1591 3543 1814 3611 Sttpet'in

1953 3521 2159 3616 μόντων
2180 3543 2259 3605 είς
2290 3539 2471 3608 φιλίαν
2501 3537 2592 3591 καὶ
2620 3533 2930 3605 συνεργίαν,
2959 3527 3096 3599 μετὰ
3131 3523 3330 3592 πολλῆς
3361 3521 3528 3590 ὑπερ-

270 3644 447 3710 duxit,
479 3641 573 3698 sed
601 3654 726 3696 cum
760 3637 1038 3691 ministros
1070 3634 1320 3687 hortatus
1353 3638 1500 3686 esset
1552 3645 1614 3684 ac
1639 3631 1810 3700 jussis

1951 3634 2111 3706 ϐολῆς
2140 3632 2234 3687 τοῦ
2273 3630 2400 3684 ίδίου
2442 3628 2574 3683 Θεοῦ
2607 3626 2704 3698 τὴν
2733 3625 2959 3694 δύναμιν
2994 3619 3314 3686 ἐνδείξηται.

268 3745 375 3800 set,
400 3742 460 3789 ut
488 3733 714 3788 multam
741 3744 939 3799 aquam
964 3726 1241 3788 aﬂ'et‘rcnt,
1266 3737 1328 3776 ac
1358 3732 1438 3775 ter
1462 3723 1515 3776 in
1545 3723 1688 3793 ligna
1722 3724 1849 3779 ﬁssa
1889 3704 2271 3797 amphoriscos
2303 3723 2609 3785 effudisset,
2632 3719 2881 3774 oratione
2944 3715 3118 3784 ignem
3151 3704 3395 3763 accendit
3462 3716 3528 3758 ex

271 3842 436 3898 aqua,
524 3835 586 3879 ut
643 3838 713 3878 ex
768 3819 1127 3890 repugnantia
1192 3815 1429 3869 naturali
1481 3816 1897 3884 elementorum,
1939 3836 2060 3891 quae
2082 3828 2280 3890 praeter
2307 3832 2460 3888 spem
2511 3824 2565 3869 et
2621 3813 2935 3883 opinionem
3000 3806 3064 3860 ad
3096 3799 3448 3859 concordiam
3476 3799 3533 3851 et

273 3932 523 3977 mutuum
579 3916 954 3984 adjumentum
1012 3916 1432 3978 concurrerant.
1485 3924 1610 3963 cum
1660 3927 1855 3983 magna
1896 3916 2285 3987 exsuperantia
2323 3921 2489 3983 atque
2518 3922 2749 3965 excessu
2792 3912 3023 3968 naturae,
3055 3900 3140 3955 sui
3208 3894 3305 3950 Dei
3348 3899 3534 3962 poten-

275 4017 405 4070 tiam
441 4012 865 4066 demonstraret.

348 4103 462 4158 lloc
494 4100 653 4154 modo
684 4096 831 4150 Elias
866 4093 1083 4166 quidem
1108 4102 1291 4164 aperte
1322 4109 1464 4158 eam,
1499 4111 1619 4166 quae
1664 4097 1717 4151 in
1748 4113 1815 4168 po

2017 4096 2205 4150 Ταῦτα
2238 4094 2335 4166 μὲν
2380 4093 2408 4144 ὁ
2454 4089 2640 4152 ’Πλίας
2675 4083 2863 4154 σαφῶς
2914 4079 3012 4151 τὴν
3045 4080 3102 4141 ἐς
3147 4074 3373 4146 ὕστερον
3406 4070 3535 4168 μέλῖ

278 4206 485 4253 stcrum
519 4187 828 4262 peragenda
871 4195 1008 4249 erat,
1051 4185 1398 4255 baptismatis
1447 4160 1812 4243 institutione:

1950 4190 2148 4242 λουσαν
2177 4160 2448 4239 τελεῖσθαι
2478 4180 2572 4235 τοῦ
2609 4176 2984 4249 βαπτίσματος
3026 4165 3416 4240 μυσταγωγίαν
3438 4160 3532 4216 διὰ

280 4297 336 4347 et
389 4252 774 4345 initiation'em,
835 4293 933 4351 per
982 4252 1305 4331 admirabile
1346 4272 1481 4331 illud
1520 4281 1815 4334 saeriﬁciut

1952 4281 2051 4350 τῆς
2083 4275 2402 4347 θαυμαστῆς
2436 4272 2648 4341 ἐκείνης
2688 4264 2998 4351 ἱερουργίας
3038 4261 3169 4331 ἡμῖν
3220 4252 3539 4329 π’ροανεφώ-

283 4384 443 4441 nobis
472 4378 742 4452 praedixit.
785 4376 939 4446 Aqua
971 4372 1114 4429 enim
1146 4381 1228 4427 ter
1277 4372 1621 4442 superinfusa
1663 4387 1815 4426 accer

1917 4444 1928 4452 _
1955 4345 2137 4438 νησεν.
2169 4345 2361 4418 ’Υδατι
2398 4362 2508 4433 γὰρ
2557 4357 2771 4430 ἀνήφθη
2803 4355 2864 4406 τὸ
2905 4350 3018 4423 πῦρ
3056 4348 3238 4421 τρίτον
3267 4345 3537 4414 ἐπαντλη-
3591 4364 3613 4394 ι

283 4492 378 4534 sus
400 4435 487 4530 est
512 4472 674 4543 ignis,
696 4477 755 4524 ut
776 4467 1196 4537 signiﬁcaretur,
1222 4435 1367 4535 quod
1394 4463 1484 4517 ubi
1506 4477 1645 4532 aqua
1671 4464 1815 4532 myst‘

1917 4435 2107 4513 ’θέντι
2130 4456 2310 4510 ’θῶπτε
2338 4451 2646 4525 δηλοῦσθαι,
2688 4449 2766 4501 ’ότι
2796 4446 2929 4498 ὅπου
2966 4441 3111 4512 ὕδωρ
3149 4439 3209 4492 τὸ
3255 4435 3535 4508 μυστικὸν,

284 4583 348 4622 ea
405 4573 512 4627 est,
550 4562 663 4617 illic
713 4561 878 4616 etiam
919 4556 1148 4628 spiritus
1182 4562 1264 4610 est
1320 4555 1411 4609 ille
1436 4530 1745 4616 viviﬁcans,
1778 4566 1815 4603 a‘

1961 4553 2078 4606 ἐκεῖ
2098 4551 2192 4604 καὶ
2225 4547 2441 4617 πνεῦμα
2467 4544 2527 4597 τὸ
2552 4538 2860 4610 ζωπυροῦν,
2889 4535 2951 4589 τὸ
2982 4532 3203 4604 θερμὸν,
3237 4530 3298 4583 τὸ
3322 4544 3540 4600 πυροει-

286 4662 444 4720 dens,
482 4656 697 4725 igneus,
742 4651 835 4720 qui
869 4617 1065 4719 impios
1097 4646 1395 4709 comburit,
1431 4653 1483 4698 et
1526 4642 1710 4697 ﬁdeles
1737 4642 1815 4694 illt

1960 4645 2067 4709 δὲς,
2106 4642 2168 4695 τὸ
2201 4642 2326 4704 τοὺς
2375 4636 2588 4698 ἀσεϐεῖς
2634 4635 2785 4686 καῖον
2818 4629 2910 4681 καὶ
2953 4626 3076 4689 τοὺς
3110 4623 3331 4685 πιστοὺς
3379 4617 3543 4689 φωτί-

287 4751 481 4805 minat.
514 4743 823 4811 Quinetiam
851 4740 1012 4809 hujus
1035 4754 1252 4809 quoque
1281 4735 1587 4804 discipulus
1610 4733 1815 4787 Elismu:

1964 4735 2076 4801 ζον.
2113 4735 2186 4788 Οὑ
2224 4733 2329 4804 μὴν
2354 4729 2495 4783 ἀλλὰ
2527 4726 2620 4779 καὶ
2651 4728 2679 4779 6
2707 4723 2896 4776 τούτου
2930 4716 3177 4791 μαθητὴς
3219 4715 3537 4776 Ἐλισσαῖος,

289 4855 415 4895 cum
459 4837 524 4890 ad
570 4850 694 4890 eum
742 4832 969 4903 supplex
1011 4831 1251 4885 venisset
1297 4826 1538 4881 Naatnan
1591 4823 1763 4895 Syrus
1791 4826 1811 4855 ¹

1963 4802 2377 4893 ὲλθόντοςήπρὸς
2423 4819 2583 4874 αὑτὸν
2631 4816 2807 4870 ἱκέτου
2838 4810 3059 4881 Νεεμὰν
3088 4809 3181 4861 τοῦ
3229 4807 3400 4877 Σύρου
3442 4802 3541 4857 *τοῦ

289 4932 383 5001 qui
418 4931 580 4999 lepra:
624 4926 819 4980 morbo
854 4921 1156 4986 laborabat,
1202 4935 1327 4973 cum
1364 4918 1586 4971 lavisset
1634 4914 1688 4968 in
1735 4910 1815 4966 Jol

1968 4919 2064 4990 τὴν
2090 4916 2299 4986 λέπραν
2329 4914 2677 4983 νοσήσαντος,
2707 4905 2905 4967 λούσας
2945 4905 3003 4956 ἐν
3038 4900 3118 4972 τῷ
3158 4897 3416 4970 Ἰορδάνῃ,
3446 4912 3546 4948 κα-

293 5025 453 5087 dane,
485 5029 681 5091 purgat
713 5024 1001 5087 aegrotum,
1055 5022 1109 5068 et
1160 5012 1396 5083 generali
1454 5025 1559 5063 usu
1608 5022 1782 5076 aquae,

1969 4984 2148 5081 Oatlpu
2176 4984 2267 5059 τὸν
2300 5006 2580 5076 ἄρρωστον
2600 5017 2613 5028 ·
2648 4997 2743 5051 καὶ
2763 4998 2829 5067 τῇ
2861 4995 3050 5064 γενικῇ
3083 4992 3275 5063 χρήσει
3300 4984 3394 5041 τοῦ
3421 4985 3547 5038 ὑδα-

295 5113 515 5183 speeiali
554 5110 733 5165 amnis
783 5108 930 5161 illius
979 5105 1331 5159 inttnersione
1383 5112 1567 5170 aperte
1600 5112 1815 5167 prmmm

1968 5113 2059 5159 τος
2107 5094 2202 5148 καὶ
2247 5093 2324 5162 τῷ
2360 5091 2509 5160 ἰδικῷ
2540 5086 2634 5140 τοῦ
2683 5081 2928 5153 ποταμοῦ
2972 5081 3306 5152 βαπτίσματι
3358 5074 3546 5144 σαφῶς

296 5214 478 5260 stratis
512 5203 776 5255 futurum.
810 5198 887 5251 Ex
924 5197 1176 5251 amnibus
1221 5194 1366 5248 enim
1409 5192 1559 5247 solus
1589 5187 1812 5244 Jordani

1967 5186 2393 5259 τεροῦποφαίνων
2422 5183 2482 5234 τὸ
2511 5180 2720 5250 μέλλον.
2746 5176 2921 5237 Μόνος
2946 5175 3051 5243 γὰρ
3090 5171 3356 5242 Ἰορδάνης
3384 5182 3546 5221 ποτα-

302 5310 423 5349 cum
459 5295 514 5346 in
546 5309 606 5348 se
636 5290 933 5360 recepisset
959 5284 1414 5344 sanctiﬁcationis
1440 5290 1495 5336 et
1532 5277 1815 5335 benedictit

1981 5254 2095 5347 μῶν
2135 5277 2190 5329 ἐν
2235 5270 2413 5342 ἐαυτῷ
2445 5270 2733 5340 δεξάμενος
2768 5264 2862 5318 τοῦ
2897 5260 3167 5337 ἁγιασμοῦ
3205 5260 3299 5313 καὶ
3327 5260 3426 5328 τῆς
3458 5254 3549 5309 εὑ-

299 5388 387 5440 nis
408 5384 704 5455 primitias,
736 5393 997 5451 tanquam
1048 5396 1114 5434 ex
1144 5377 1377 5448 quodam
1415 5374 1566 5428 fonte
1589 5387 1702 5428 suae
1735 5371 1815 5439 ligt

1976 5343 2160 5434 λογίας
2179 5364 2280 5434 τὴν
2307 5361 2579 5431 ἀπαρχὴν,
2608 5356 2797 5424 ὥσπερ
2827 5352 2890 5406 ἐκ
2910 5369 3052 5415 τινος
3084 5349 3264 5419 πηγῆς
3286 5346 3381 5400 τοῦ
3416 5343 3546 5398 ἰδίου

304 5432 387 5440 ...ν
820 5432 865 5451 η.
1059 5432 1095 5434 -ρ
1164 5432 1176 5448 .
1772 5432 1796 5439 -

302 5493 377 5532 rae
412 5478 462 5528 in
513 5482 683 5527 totum
739 5473 1001 5527 mundum
1045 5471 1246 5525 domm
1298 5466 1663 5537 baptismatis,
1711 5477 1815 5532 qua

1976 5457 2146 5510 τύπου
2181 5455 2257 5524 τῷ
2281 5454 2467 5525 κόσμῳ
2501 5448 2661 5504 παντὶ
2693 5447 2791 5517 τὴν
2818 5442 2912 5498 τοῦ
2944 5443 3315 5514 βαπτίσματος
3339 5432 3549 5505 ἐπωχε-

381 5653 428 5688 ²³
457 5652 571 5709 Jos.
607 5666 690 5715 ιιι,
749 5650 763 5701 1
801 5663 918 5715 sqq.
996 5649 1039 5681 ²⁵
1072 5646 1135 5699 lll
1166 5645 1295 5714 Reg.
1331 5658 1483 5709 mu,
1523 5642 1591 5695 2:!
1622 5656 1741 5708 sqq.
1821 5639 1867 5669 ¹⁶
1909 5635 1973 5691 1V
2010 5634 2143 5704 Reg.
2191 5651 2240 5698 ν,
2280 5633 2299 5684 l
2338 5646 2456 5700 sqq.
