4084 6158
565 373 670 434 593

1790 384 1859 441 IN
1887 386 2300 447 BAPTISMUH
2330 394 2625 453 CHRISTI.

2364 256 2377 263 ο
2393 256 2528 269 ..η-ο...

3715 405 3824 469 594

562 507 722 561 τευσε
764 493 945 565 χάριν.
995 493 1182 551 Ταῦτα
1225 498 1322 568 μὲν
1349 492 1443 552 οὖν
1488 500 1688 572 ἐνεργά
1720 501 1816 556 καὶ
1858 505 2135 575 πρακτικὰ

2243 525 2343 580 per.
2371 515 2549 593 rivum
2592 525 2647 572 et
2681 517 3062 587 aquaeductum
3122 493 3443 577 transfudit.
3472 523 3652 596 Atque
3700 528 3819 585 haec

566 583 861 653 μηνύματα
886 582 989 654 τῆς
1018 584 1105 639 διὰ
1132 585 1227 640 τοῦ
1251 587 1476 660 λουτροῦ
1520 591 1960 662 παλιγγενεσίας.
1999 599 2147 653 Κατ-

564 671 762 762 ίδωμεν
788 673 1063 730 δὲλοιπὸν
1099 676 1193 742 τὰς
1239 679 1328 733 διὰ
1376 680 1551 750 λόγων
1579 685 1676 738 καὶ
1709 687 1903 754 φωνῶν
1933 708 2146 762 προφη-

561 761 730 826 τείας.
780 764 838 817 '0
872 766 969 836 μὲν
998 763 1091 822 οὖν
1122 768 1350 833 Ἡσαΐας
1383 770 1644 842 κέκραγε,
1679 774 1883 844 λέγων’
1910 761 2146 835 Λούσα-

560 858 691 919 σθε,
721 857 965 925 καθαροὶ
991 856 1241 928 γένεσθε
1263 877 1275 891 ·
1304 861 1560 931 ἀφέλετε
1584 865 1690 932 τὰς
1714 871 2005 938 πονηρίας
2025 871 2143 928 ἀπὸ

560 944 680 999 τῶν
712 946 930 1015 ψυχῶν
960 949 1145 1018 ὑμῶν.
1188 952 1246 1004 '0
1280 952 1338 1006 δὲ
1368 953 1563 1014 Δαϐίδ,’
1597 958 1969 1025 Προσέλθετε
1996 962 2145 1031 πρὸς

560 1039 767 1104 αὐτὸν,
797 1039 895 1093 καὶ
921 1042 1278 1113 φωτίσθητε,
1310 1046 1410 1100 καὶ
1443 1049 1516 1103 τὰ
1559 1052 1851 1119 πρόσωπα
1881 1053 2044 1123 ὑμῶν
2070 1057 2155 1111 οὐι

558 1129 637 1195 μὴ
676 1133 1114 1217 καταισχυνθῇ.
1162 1136 1422 1210 Ἰεζεκιὴλ
1446 1140 1509 1197 δὲ,
1540 1142 1650 1198 τῶν
1686 1145 1780 1199 δύο
1814 1148 2143 1219 σαφέστερον

557 1221 653 1272 καὶ
683 1221 1004 1295 λευκότερον
1028 1226 1276 1299 γράφων,
1297 1231 1638 1303 ὑπισχνεῖται
1657 1237 1755 1308 τὴν
1775 1237 1945 1310 καλὴν
1971 1242 2142 1309 ἑπαγ-

557 1310 778 1365 γελίαν·
807 1313 919 1368 Kal
958 1316 1126 1382 ρανῶ
1180 1319 1273 1388 ἐφ’
1311 1320 1467 1389 ὑμᾶς
1508 1325 1775 1393 καθαρὸν
1810 1326 1987 1395 ὕδωρ,
2043 1328 2140 1384 καὶ

558 1403 1079 1474 καθαρισθήσεσθε
1143 1408 1261 1463 ἀπὸ
1314 1411 1529 1467 πασῶν
1581 1413 1700 1469 τῶν
1761 1418 2133 1489 ἀκαθαρσιὼ

558 1490 745 1561 ὑμῶν,
779 1495 879 1549 καὶ
911 1496 1030 1551 ἀπὸ
1064 1498 1307 1554 πάντων
1333 1502 1452 1557 τῶν
1487 1502 1747 1561 εἰδώλων
1770 1508 1938 1576 ὑμῶν
1958 1514 2132 1565 καθα.

446 1590 447 1593 ‘
551 1582 662 1652 ριῶ
710 1584 885 1655 ὑμᾶς,
920 1587 1022 1642 καὶ
1071 1588 1245 1645 δώσω
1285 1593 1428 1663 ὑμῖν
1458 1597 1710 1665 καρδίαν
1748 1602 1986 1671 καινὴν,
2041 1605 2141 1659 καὶ

558 1674 794 1744 πνεῦμα
824 1679 1035 1735 καινὸν
1073 1680 1247 1737 δώσω
1283 1685 1428 1755 ὑμῖν
1447 1706 1459 1717 ·
1483 1686 1583 1741 καὶ
1621 1690 1826 1758 ὠφελῶ
1861 1693 1976 1762 τὴν
1999 1713 2140 1765 καρ-

558 1765 698 1820 διάν
725 1767 838 1837 τὴν
867 1772 1111 1841 λιθίνην
1141 1775 1210 1829 ἐκ
1236 1775 1349 1843 τῆς
1376 1779 1603 1847 σαρκὸς
1626 1782 1811 1851 ὑμῶν,
1840 1786 1940 1839 καὶ
1967 1787 2138 1843 δώσω

558 1858 703 1927 ὑμῖν
722 1861 974 1929 καρδίαν
999 1866 1298 1935 σαρκίνην
1318 1886 1332 1901 ·
1362 1872 1460 1925 καὶ
1483 1871 1550 1926 τὸ
1571 1873 1808 1944 πνεῦμά
1820 1894 1940 1946 μου
1967 1860 2139 1934 δώσω

558 1949 630 2002 ἐν
675 1951 839 2019 ὑμῖν.
880 1954 1284 2026 Ἐναργέστατα
1332 1959 1389 2013 δὲ
1423 1963 1516 2016 καὶ
1559 1964 1587 2015 ὁ
1623 1967 1897 2038 Ζαχαρίας
1944 1971 2032 2025 τόν
2078 1989 2137 2025 τε

573 2040 787 2136 Ἰησοῦν
808 2047 1138 2117 προφητεύει
1161 2050 1250 2103 τὸν
1280 2052 1622 2125 ἐνδεδυμένον
1653 2058 1713 2112 τὸ
1736 2063 1977 2132 ῥυπαρὸν
2006 2054 2137 2136 ἱμά-

558 2148 691 2197 τιον,
738 2134 835 2206 τὴν
867 2136 1115 2209 δουλικὴν
1167 2142 1261 2196 καὶ
1290 2146 1568 2217 ἡμετέραν
1609 2150 1807 2222 σάρκα,
1843 2134 2048 2210 ἐκδύων
2081 2157 2139 2210 δὲ

560 2223 722 2317 αύτδν
753 2228 855 2297 τῆς
903 2229 1233 2309 σκυθρωπῆς
1279 2234 1525 2305 ἐσθῆτος,
1560 2243 1758 2311 κοσμεῖ
1801 2244 1865 2313 τῇ
1920 2244 2141 2317 καθαρᾷ

559 2314 653 2368 καὶ
682 2316 973 2391 λαμπούσῃ
1002 2320 1162 2394 στολῇ
1189 2338 1200 2350 ·
1230 2322 1505 2381 διδάσκων,
1525 2329 1675 2398 ἡμᾶς
1701 2330 1788 2385 διὰ
1817 2331 1911 2385 τοῦ
1942 2314 2140 2388 εἰκονιλ

560 2404 658 2499 κού
692 2407 1104 2480 ὑποδείγματος,
1134 2414 1216 2467 ὅτι
1242 2415 1308 2485 δὴ
1341 2418 1399 2470 ὲν
1428 2418 1503 2489 τῷ
1536 2419 1872 2494 βαπτίσματι
1892 2426 1986 2480 τοῦ
2029 2428 2136 2499 Ἰη-

560 2497 654 2591 σοῦ
697 2500 897 2566 πάντες
938 2505 1097 2575 ἡμεῖς
1127 2507 1439 2579 ὲκδυόμενοι
1479 2512 1581 2577 τὰς
1621 2515 1897 2587 ἁμαρτίας
1940 2520 2018 2583 ὡς
2049 2497 2135 2591 χι·

748 2592 1023 2661 πτωχικόν
1064 2611 1124 2647 τε
1151 2596 1245 2649 καὶ
1288 2599 1711 2675 πολυκόλλητον,
1744 2607 1834 2661 τὸν
1875 2608 2017 2680 ἱερὸν
2042 2587 2137 2666 καὶ

556 2678 840 2771 κάλλιστον
866 2681 958 2736 τὸν
984 2683 1084 2754 τῆς
1120 2686 1540 2758 παλιγγενεσίας
1570 2678 1990 2771 μετενδυόμεθα.
2022 2704 2135 2758 Ποῦ

552 2766 609 2867 δὲ
645 2769 1142 2867 θήσομεν-κάκεῖνο
1170 2776 1264 2830 τοῦ
1303 2780 1526 2836 Ἡσαΐου
1551 2784 1613 2838 τὸ
1649 2766 1848 2857 λόγιον,
1873 2792 2010 2864 πρὸς
2036 2794 2135 2867 τὴν

553 2858 758 2954 μον
778 2863 998 2954 κράζονο
1017 2867 1416 2942 Εὐφράνθητι,
1435 2873 1653 2947 ἕρημος
1674 2858 1935 2949 διψῶσαλ
1951 2858 2137 2954 ἀγαλ-

555 2948 785 3042 λιᾴσθω
807 2953 1043 3024 ἕρημος,
1074 2959 1176 3012 καὶ
1201 2961 1448 3019 ἁνθείτω
1475 2967 1557 3032 ὡς
1580 2948 1806 3039 κρίνον,
1839 2968 1940 3031 καὶ
1959 2948 2137 3042 ἐξαν-

553 3041 729 3136 θῄσει
756 3044 856 3099 καὶ
884 3048 1315 3118 ἁγαλλιάσεται
1340 3056 1413 3111 τὰ
1439 3057 1630 3129 ἔρημα
1654 3064 1764 3119 τοῦ
1803 3041 2129 3136 Ἰορδάνου.

2247 604 2469 676 quidem
2494 621 2660 677 opere
2692 615 2858 679 atque
2887 624 2947 665 re
2975 610 3094 680 ipsa
3118 610 3404 682 designata
3454 622 3583 669 sunt
3616 616 3820 673 indicia

2247 699 2703 767 regenerationis,
2730 716 2852 770 quae
2880 717 2977 772 per
2999 703 3272 758 lavacrum
3304 706 3592 777 contingit.
3624 709 3821 763 Videa-

2245 803 2369 845 mus
2406 800 2587 846 autem
2639 792 2898 863 deinceps
2945 809 3069 860 eas,
3113 811 3236 866 quae
3285 813 3381 867 per
3433 814 3715 856 sermones
3756 817 3819 855 ac

2246 879 2593 935 voceseditaa
2614 892 2763 945 sunt,
2798 882 3135 952 prophetias.
3179 886 3349 954 Igitur
3391 886 3563 942 Isaias
3597 888 3817 957 quidem

2244 970 2449 1025 clamat
2476 970 2666 1028 dicens
2703 991 2716 1027 :
2762 972 3061 1037 Lavamini,
3110 976 3230 1043 puri
3256 987 3440 1041 estote,
3476 977 3681 1047 auferte
3734 995 3822 1033 ne-

2242 1060 2439 1129 quitias
2465 1060 2528 1115 ab
2561 1059 2839 1115 animabus
2870 1062 3052 1115 uestris
3084 1062 3152 1117 ’⁷.
3180 1062 3348 1119 David
3399 1073 3578 1120 autem
3613 1084 3627 1122 :
3656 1068 3820 1121 Acce-

2243 1151 2351 1205 dite
2384 1152 2452 1205 ad
2491 1169 2631 1217 eum,
2688 1162 2737 1207 et
2766 1154 3166 1216 illuminamini,
3194 1164 3243 1208 et
3291 1156 3467 1211 vultus
3513 1164 3674 1213 uestri
3710 1176 3818 1214 non

2243 1240 2630 1310 confundantur
2679 1241 2748 1296 ⁸⁸.
2808 1241 3061 1298 Ezechiel
3124 1252 3303 1298 autem
3370 1255 3603 1317 utroque
3659 1263 3817 1316 aper-

2242 1334 2375 1401 tius,
2423 1333 2626 1391 clarius
2679 1342 2735 1388 et
2760 1333 3051 1390 candidius
3085 1335 3362 1399 scribens,
3386 1340 3692 1409 pollicetur
3719 1340 3817 1396 bo-

2238 1440 2368 1479 nam
2404 1426 2823 1496 promissionem
2859 1445 2870 1480 :
2899 1425 2970 1480 Et
3015 1443 3261 1498 spargam
3299 1444 3455 1497 super
3490 1447 3579 1486 vos
3625 1448 3820 1501 aquam

2238 1529 2450 1583 puram,
2482 1525 2532 1570 et
2581 1516 2933 1586 purgabimini
2969 1516 3034 1571 ab
3065 1518 3307 1572 omnibus
3352 1519 3708 1576 immunditiis
3735 1539 3821 1576 ve-

2240 1606 2389 1671 stris,
2428 1614 2478 1659 et
2511 1605 2576 1659 ab
2597 1606 2837 1660 omnibus
2869 1607 3171 1663 simulacris
3194 1611 3383 1665 vestris
3413 1611 3678 1667 mandabo
3708 1629 3816 1679 vos,

2238 1706 2289 1752 et
2323 1696 2461 1751 dabo
2511 1698 2654 1752 vobis
2685 1714 2777 1753 cor
2797 1713 3006 1762 novum,
3045 1707 3098 1752 et
3137 1700 3383 1768 spiritum
3427 1716 3620 1755 novum
3679 1702 3818 1755 dabo

2241 1787 2404 1853 vobis,
2441 1796 2492 1842 et
2529 1789 2769 1859 auferam
2803 1806 2895 1845 cor
2923 1791 3186 1859 lapideum
3235 1792 3300 1847 de
3339 1809 3494 1848 carne
3523 1803 3733 1861 vestra;
3768 1804 3819 1848 et

2239 1874 2376 1932 dabo
2410 1878 2549 1932 vobis
2580 1894 2670 1933 cor
2704 1895 2952 1935 corneum
2973 1921 2988 1946 ,
3028 1889 3079 1936 et
3121 1882 3368 1949 spiritum
3396 1899 3569 1937 meum
3599 1885 3654 1938 in
3674 1883 3817 1960 pobis
3846 1892 3856 1902 '

2241 1967 2378 2021 dabo
2407 1968 2472 2026 ".
2532 1968 2956 2025 Evidentissime
2995 1978 3178 2026 autem
3213 1973 3377 2026 etiam
3432 1972 3728 2029 Zacharias
3765 1985 3820 2029 et

2240 2058 2427 2115 Iesum
2454 2061 2741 2130 prophetat
2767 2061 3016 2116 indutum
3053 2062 3217 2131 pallio
3246 2062 3471 2118 sordido
3506 2064 3573 2130 ³ο,
3608 2066 3793 2120 servili

2241 2154 2472 2218 scilicet,
2492 2162 2790 2224 nostraque
2814 2169 3002 2220 carne;
3025 2162 3080 2209 et
3102 2169 3308 2210 exuens
3328 2169 3451 2210 eum
3475 2156 3619 2211 tristi
3645 2168 3816 2223 veste,

2239 2260 2377 2315 pura
2410 2245 2802 2316 splendidaque
2850 2246 2991 2300 stola
3038 2254 3289 2310 exornat,
3334 2245 3540 2301 docens
3573 2263 3674 2303 nos
3721 2263 3816 2317 per

2239 2336 2620 2408 imaginariam
2651 2338 3088 2403 similitudinem,
3135 2338 3285 2408 quod
3311 2339 3573 2394 nimirum
3616 2339 3672 2393 in
3719 2340 3818 2394 ba-

2241 2427 2498 2498 ptismate
2523 2426 2677 2505 lesu,
2710 2444 2903 2485 omnes
2932 2444 3034 2484 nos
3078 2418 3343 2486 eruentes
3391 2441 3616 2500 peccata
3641 2469 3656 2495 ,
3688 2439 3817 2484 tan-

2238 2534 2404 2590 quam
2445 2520 2688 2575 tunicam
2720 2519 2959 2576 mendici
2992 2521 3154 2576 vilem
3206 2530 3261 2577 et
3293 2536 3361 2576 ex
3390 2522 3578 2577 multis
3623 2523 3817 2591 pannis
3882 2532 3885 2535 '

2236 2621 2521 2669 consutam
2549 2652 2565 2678 ,
2613 2628 2829 2668 sacram
2882 2621 3048 2683 atque
3100 2613 3526 2685 pulcherrimam
3559 2653 3574 2677 ,
3624 2628 3818 2680 nempe

2238 2706 2672 2777 regenerationis
2722 2705 3010 2778 (vestem)
3054 2706 3303 2761 invicem
3353 2705 3656 2761 induimus.
3709 2703 3815 2760 Ubi

2237 2810 2366 2853 vero
2398 2811 2665 2866 ponemus
2703 2796 2870 2852 etiam
2896 2796 3029 2876 illud
3053 2797 3209 2851 lsaia:
3247 2796 3558 2860 oraculum,
3584 2796 3651 2850 ad
3682 2796 3818 2851 soli-

2235 2886 2484 2943 tudinem
2509 2886 2797 2943 clamantis
2831 2906 2845 2942 :
2872 2886 3105 2951 Laetare,
3134 2886 3366 2943 solitudo
3388 2887 3596 2952 sitiens;
3631 2888 3814 2941 exsul-

2237 2985 2307 3034 tet
2335 2977 2595 3042 solitudo,
2616 2994 2679 3032 ac
2702 2979 2896 3048 ﬂoreat
2949 2988 3008 3032 ut
3064 2979 3239 3033 lilium
3267 2992 3286 3031 :
3324 2988 3374 3033 et
3412 2979 3727 3050 efflorescent
3766 2987 3818 3031 et

2233 3069 2578 3139 exsultabant
2628 3069 2838 3124 deserta
2897 3066 3156 3123 Iordanis
3201 3069 3267 3123 “.
3318 3066 3676 3139 Perspicuum
3733 3075 3818 3122 est

552 3134 826 3240 Ilpddnlov
863 3139 974 3240 γὰρ
996 3140 1163 3240 ὡςμού
1191 3144 1378 3240 τάττοις
1404 3148 1631 3222 ἀψύχοις
1661 3157 1756 3210 καὶ
1785 3134 2134 3234 ἀναισθήτοις

2237 3158 2567 3230 enim,quod
2598 3173 2707 3213 non
2725 3158 2865 3214 locis
2894 3157 3213 3214 inanimatis
3232 3165 3290 3212 et
3310 3173 3475 3213 sensu
3501 3157 3814 3212 carentibus

552 3227 651 3322 τήν
672 3230 1011 3305 εὐφροσύνην
1043 3234 1449 3304 εὐαγγελίζεται
1469 3257 1483 3271 ο
1523 3243 1661 3299 ἀλλὰ
1699 3227 2015 3322 τροπολογεί
2045 3227 2136 3311 διά

552 3320 652 3392 τῆς
681 3323 888 3415 μου
906 3322 1005 3396 τὴν
1032 3327 1294 3400 αύχμώδη
1324 3330 1503 3404 ψυχὴν
1527 3336 1621 3390 καὶ
1650 3320 1981 3415 ἀκόσμητον.
2002 3347 2134 3402 Ὥσ-

555 3428 661 3505 περ
688 3412 751 3505 δὴ
800 3414 894 3470 καὶ
928 3416 956 3468 ὁ
982 3416 1163 3483 Δαὸὶδ,
1197 3419 1322 3474 ὅταν
1354 3419 1525 3495 λέγῃ·
1573 3425 1646 3481 Ἠ
1676 3412 1865 3501 ψυχήν
1887 3452 2006 3503 μου
2052 3438 2136 3505 ὡς

552 3503 630 3574 γῆ
672 3504 933 3600 ἄνυδρός
977 3525 1097 3564 σοι.
1143 3511 1253 3566 Καὶ⁹
1282 3514 1471 3570 πάλιν·
1520 3517 1849 3590 Ἐδίψησεν
1877 3526 1917 3594 ἠ
1959 3503 2132 3600 ψυχῆ

548 3611 668 3685 μου
695 3596 846 3665 πρὸς
870 3599 978 3653 τὸν
1006 3602 1156 3655 Θεὸν
1191 3605 1449 3674 ἰσχυρὸν
1469 3608 1577 3663 τὸν
1605 3608 1811 3671 ζῶντα.
1840 3616 1950 3672 Καὶ
1977 3596 2134 3685 αὖθις

554 3684 612 3737 ἐν
639 3684 991 3754 Εὑαγγελίοις
1017 3690 1047 3742 δ
1069 3690 1303 3763 Κύριος·
1356 3695 1499 3750 Ἐάν
1530 3714 1620 3764 τις
1658 3700 1809 3770 διψᾷ
1826 3743 1841 3766 ,
1869 3684 2134 3775 ἐρχέσθω

554 3776 703 3867 πρός
729 3794 827 3846 με,
869 3778 969 3833 καὶ
1010 3781 1247 3839 πινέτω.
1290 3785 1401 3841 Καὶ
1447 3788 1584 3861 πρὸς
1614 3790 1715 3863 τὴν
1763 3794 2094 3867 Σαμαρεῖτιν
2113 3816 2140 3840 ’-

553 3864 680 3932 ΙΙᾶς
710 3869 743 3921 d
778 3868 969 3924 πίνων
994 3869 1064 3925 ἐκ
1091 3872 1199 3926 τοῦ
1226 3873 1444 3943 ὕδατος
1469 3878 1706 3946 τούτου,
1738 3864 1988 3955 διψήσει
2020 3888 2134 3947 πά-

552 3960 683 4012 λιν-⁸
727 3959 797 4026 ὃς
839 3959 891 4013 δ’
916 3960 994 4016 ἂν
1028 3964 1135 4034 πίῃ
1175 3965 1242 4020 ἐκ
1288 3966 1395 4022 τοῦ
1432 3968 1674 4038 ὕδατος,
1698 3968 1772 4030 οὗ
1815 3975 2134 4045 ἐτὼδώσω

553 4048 743 4143 αὐτῷ,
765 4052 838 4105 οὐ
872 4051 958 4122 μὴ
998 4052 1248 4123 διψήσει
1284 4059 1374 4124 εὶς
1416 4059 1524 4115 τὸν
1556 4060 1761 4118 αἰῶνα.
1790 4066 1902 4121 Καὶ
1936 4070 1970 4139 ή
1996 4071 2131 4143 τιμὴ

553 4139 611 4194 δὲ
651 4141 745 4195 τοῦ
797 4143 1100 4216 Καρμήλου
1148 4148 1347 4203 δίδοται
1388 4153 1456 4222 τῇ
1483 4150 1628 4224 ψυχῇ
1678 4158 1742 4227 τῇ
1788 4158 1989 4232 ἐχούσῃ

552 4233 808 4305 ὁμοίωσιν
858 4236 995 4308 πρὸς
1039 4237 1138 4310 τὴν
1189 4238 1434 4312 ἐρημον’
1487 4244 1868 4321 convectum};
1916 4249 2004 4306 διὰ
2037 4254 2135 4306 τοῦ

552 4324 868 4397 Πνεύματος
895 4329 1072 4400 χάρις.
1120 4330 1337 4404 Ἐπειδὴ
1375 4333 1507 4405 γὰρ,
1526 4334 1710 4400 Ἠλίας
1749 4338 1848 4410 μὲν
1882 4339 2013 4412 ᾤκει
2041 4344 2132 4400 τὸν

552 4418 851 4490 Κάρμηλον
883 4421 1213 4493 (ὀνομαστὸν
1225 4424 1366 4479 δὲτὸ
1397 4426 1522 4498 ὅρος
1552 4428 1768 4497 ἐγένετο
1799 4432 1889 4488 διὰ
1916 4435 2015 4506 τὴν
2035 4437 2133 4492 τοῦ

2240 3252 2485 3307 laetitiam
2521 3250 2863 3306 annuntiat:
2911 3249 3007 3307 sed
3055 3265 3154 3321 per
3210 3250 3561 3307 solitudinem
3609 3249 3819 3317 tr0pice

2240 3352 2295 3400 et
2329 3344 2623 3415 allegorice
2675 3341 2982 3414 squalidam
3024 3352 3080 3399 et
3114 3343 3425 3397 inornatam
3468 3342 3705 3402 animam
3735 3343 3816 3397 si-

2241 3436 2492 3505 gniﬁcat.
2534 3434 3008 3501 Quemadmodum
3065 3448 3203 3489 sane
3247 3435 3410 3489 etiam
3466 3432 3655 3496 David,
3686 3447 3811 3486 cum

2239 3526 2373 3582 dicit
2404 3545 2417 3580 :
2451 3526 2641 3579 Anima
2693 3540 2809 3578 mea
2831 3524 2969 3587 sitit,
3029 3524 3167 3577 sicut
3200 3530 3342 3577 terra
3362 3539 3619 3592 aquarum
3650 3537 3814 3590 penu-

2238 3616 2325 3671 ria
2363 3614 2614 3668 laborans
2641 3613 2708 3666 3'.
2737 3612 2805 3667 Et
2864 3627 3060 3667 rursus
3097 3609 3318 3667 :Sitivit
3353 3612 3532 3665 anima
3580 3628 3696 3666 mea
3742 3610 3813 3663 ad

2239 3707 2409 3762 Deum
2438 3706 2648 3776 fortem,
2679 3705 2849 3760 viuum
2888 3705 2952 3758 ³⁸.
2987 3704 3228 3774 Itemque
3256 3702 3519 3758 Dominus
3554 3704 3610 3757 in
3638 3702 3815 3756 Evan-

2237 3798 2397 3869 geliis
2429 3815 2443 3852 :
2478 3796 2540 3852 Si
2564 3797 2679 3867 quis
2702 3795 3013 3863 sitit,veniat
3037 3793 3106 3848 ad
3141 3810 3240 3859 me,
3274 3810 3336 3847 ac
3371 3794 3512 3847 bibat
3550 3793 3615 3847 “.
3648 3792 3714 3846 Et
3744 3792 3814 3848 ad

2220 3889 2641 3965 Samaritanam
2673 3906 2687 3943 :
2720 3886 3026 3958 Quicunque
3054 3885 3181 3940 bibit
3226 3901 3290 3941 ex
3343 3901 3481 3955 aqua
3504 3885 3622 3947 hac,
3669 3884 3810 3938 sitiet

2237 3997 2423 4036 rursus
2450 3996 2469 4034 :
2508 3988 2563 4034 at
2595 3964 2685 4049 qui
2717 3977 2901 4032 biberit
2954 3992 3021 4031 ex
3049 3993 3187 4047 aqua
3230 3992 3386 4045 quam
3426 3991 3518 4045 ego
3572 3973 3708 4028 dabo
3740 3974 3809 4036 ei,

2237 4088 2343 4125 non
2394 4070 2535 4124 sitiet
2586 4071 2639 4122 in
2683 4066 3025 4122 internum”.
3053 4068 3239 4135 Atque,
3266 4066 3443 4122 honor
3481 4066 3644 4119 etiam
3676 4063 3809 4117 Car-

2187 4201 2195 4209 .
2237 4162 2364 4218 meli
2400 4161 2445 4191 ³⁵
2488 4161 2651 4215 datur
2704 4159 2901 4212 animae
2946 4157 3167 4225 habenti
3216 4156 3624 4212 similitudinem
3682 4169 3817 4217 cum,

2238 4252 2455 4307 deserto
2489 4268 2505 4303 :
2532 4249 2634 4303 hoc
2660 4256 2745 4303 est
2778 4249 3006 4311 donum,
3033 4248 3177 4319 quod
3201 4248 3473 4317 contingit
3510 4262 3604 4316 per
3632 4245 3810 4315 Spiri-

2239 4352 2374 4399 tum.
2406 4341 2671 4408 Quoniam
2723 4339 2868 4397 enim
2894 4339 3041 4394 Elias
3064 4339 3285 4409 quidem
3316 4338 3627 4395 Carmelum
3658 4339 3810 4390 inro-

2237 4435 2381 4490 lebat
2439 4436 2455 4501 (
2484 4433 2667 4485 clarus
2698 4439 2876 4484 autem
2909 4445 3065 4484 mons
3120 4436 3341 4499 pt‘Opter
3369 4429 3625 4481 virtutem
3653 4427 3809 4481 inha-

553 4508 901 4575 ὲποικοῦντος
933 4512 1131 4586 ἀρετὴν
1162 4516 1257 4569 καὶ
1290 4511 1580 4590 ἀοίδιμον),
1612 4521 1641 4572 ὁ
1672 4520 1730 4573 δέ
1770 4539 1834 4590 γε
1877 4525 2133 4598 Ἰωάννης

2236 4525 2462 4580 bitantis
2511 4532 2564 4577 et
2617 4522 2760 4575 fama
2793 4521 3103 4576 celebratus
3153 4520 3278 4588 est),
3331 4516 3572 4571 Joannes
3622 4528 3805 4571 autem

553 4600 581 4653 ὁ
604 4599 913 4676 Βαπτιστὴς
949 4604 1015 4659 ὲν
1036 4605 1114 4677 τῷ
1142 4607 1414 4679 πνεύματι.
1453 4610 1634 4665 Ἠλίου
1673 4613 2012 4687 διαλάμπων,
2038 4620 2130 4675 τὸν

565 4692 838 4765 Ἰορδάνην
870 4696 1062 4766 ήγίαζε
1084 4714 1100 4733 ·
1144 4698 1232 4753 διὰ
1279 4699 1439 4754 τοῦτο
1475 4703 1505 4756 ὁ
1532 4704 1822 4776 Προφήτης
1851 4708 2126 4776 ἐθέσπιζε,

552 4779 651 4851 τὴν
675 4782 841 4853 τιμὴν
862 4783 956 4836 τοῦ
980 4786 1278 4859 Καρμήλου
1300 4789 1378 4861 τῷ
1400 4792 1631 4865 ποταμῷ
1654 4794 1995 4867 δοθήσεσθαι.
2018 4802 2130 4857 Καὶ

552 4871 855 4964 τὴνᾼδόξαν
881 4873 938 4928 δὲ
975 4877 1071 4931 τοῦ
1118 4879 1375 4949 Λιϐάνου,
1419 4886 1485 4938 ἐκ
1513 4887 1612 4956 τῆς
1651 4890 1969 4964 παραϐολῆς
2018 4895 2127 4949 τῶν

554 4960 774 5033 ὑψηλῶν
803 4964 1052 5037 δένδρων,
1088 4968 1180 5022 ἐπὶ
1224 4972 1315 5026 τὸν
1366 4976 1606 5047 ποταμὸν
1649 4960 1997 5051 μετήνεγκεν.
2041 4987 2128 5050 Ὡς

555 5052 664 5149 γάρ
692 5056 899 5149 ἐκεῖνος
1004 5059 1234 5126 Λίϐανος
1283 5065 1469 5137 ἱκανὴν
1502 5067 1614 5138 ἔχει
1647 5069 1923 5142 θαύματος
1962 5076 2131 5149 ἀφορ-

558 5143 684 5214 μὴν,
719 5147 858 5202 αὐτὰ
907 5148 976 5201 τὰ
1006 5148 1194 5220 δένδρα
1237 5152 1274 5207 ἃ
1320 5155 1442 5225 φύει
1480 5157 1575 5211 καὶ
1622 5161 1846 5230 τρέφει*
1888 5143 2130 5231 οὓτωςτὸ

569 5233 836 5328 Ἰορδάνης
874 5237 1175 5305 δοξάζεται,
1211 5244 1528 5317 ἀνθρώπους
1565 5250 1876 5320 άναγεννῶν
1902 5257 2128 5328 καὶφυ·

554 5325 726 5419 τεύων
748 5330 806 5383 ἐν
832 5330 911 5402 τῷ
934 5331 1027 5385 τοῦ
1053 5333 1187 5388 Θεοῦ
1209 5337 1541 5411 παραδείσων
1568 5336 1666 5406 ὧν,
1693 5345 1833 5399 κατὰ
1857 5347 1956 5418 τὴν
1983 5325 2123 5419 eai-

490 5466 521 5473 μ,
560 5417 724 5491 μικὴν
754 5423 1262 5495 φωνὴν,άνοούντων
1288 5428 1375 5480 ἀεὶ
1400 5431 1493 5483 καὶ
1518 5435 1638 5496 ταῖς
1670 5434 1892 5506 ἀρεταῖς
1913 5417 2124 5509 κομών-

555 5526 684 5574 των,
717 5514 774 5566 τὸ
806 5516 903 5585 μὲν
926 5517 1020 5587 (pd)
1032 5519 1121 5572 λον
1144 5520 1243 5572 οὐκ
1266 5521 1690 5595 ἀπορῤυήσεται,
1716 5526 1807 5581 τὸν
1828 5528 1884 5582 δὲ
1913 5533 2124 5601 καρπὸν

627 5734 670 5763 ³⁷
708 5733 806 5787 Isa.
841 5752 876 5797 ι,
906 5736 988 5789 16.
1092 5739 1136 5770 ’⁸
1172 5739 1317 5795 Psal.
1352 5758 1544 5805 χχχιιι,
1577 5743 1628 5798 6.

2235 4617 2473 4687 Baptista
2502 4616 2557 4670 in
2596 4615 2796 4685 spiritu
2851 4613 2977 4667 Elim
3026 4611 3379 4681 resplendens
3407 4611 3475 4674 ³⁷,
3511 4608 3805 4664 Jordaucm

2233 4707 2613 4766 sanctiﬁcabat
2642 4724 2655 4759 :
2689 4705 2894 4759 idcirco
2937 4703 3200 4773 prepheta
3258 4702 3659 4756 vaticinabatur
3710 4704 3805 4754 ho-

2232 4816 2421 4857 norem
2451 4797 2684 4852 Carmeli
2718 4795 2793 4849 illi
2826 4793 2992 4849 ﬂuvio
3041 4793 3226 4847 datum
3278 4793 3371 4848 iri.
3410 4792 3588 4861 Atque
3639 4794 3829 4846 etiam-

2232 4892 2459 4963 gloriam
2481 4888 2675 4942 Libani
2705 4902 2768 4941 ex
2794 4885 3148 4942 similitudine
3167 4899 3517 4953 procerarum
3545 4884 3801 4938 arborum

2232 4980 2515 5039 transtulit
2559 4979 2627 5033 ad
2657 4992 2894 5035 amnem.
2953 4977 3024 5032 Ut
3065 4976 3208 5030 enim
3252 4972 3493 5029 Libanus
3535 4973 3628 5028 ille
3666 4974 3804 5028 satis

2232 5086 2483 5144 magnam
2513 5084 2737 5125 causam
2770 5067 3148 5124 admirationis
3178 5067 3326 5136 ipsas
3366 5056 3592 5119 arbores
3615 5064 3799 5127 habet,

2231 5181 2373 5237 quas
2401 5162 2650 5233 producit
2676 5171 2729 5216 et
2747 5161 2844 5214 alit
2880 5179 2894 5214 :
2925 5161 2998 5213 ita
3026 5156 3284 5213 Iordanis
3300 5156 3627 5219 celebratur,
3654 5155 3801 5224 quod

2237 5258 2494 5314 homines
2524 5259 2870 5323 regeneraret
2910 5266 2973 5305 ac
3001 5251 3271 5320 plantaret
3304 5249 3358 5302 in
3392 5246 3646 5317 paradiso
3677 5245 3797 5308 Dei,

2229 5362 2485 5419 quorum,
2506 5344 2665 5413 juxta
2693 5356 2882 5396 vocem
2918 5340 3137 5409 psalmi,
3181 5355 3398 5409 semper
3417 5337 3724 5392 ﬂorentium
3747 5341 3802 5392 et

2229 5434 2526 5494 virtutibus
2565 5431 2724 5502 quasi
2773 5430 3138 5487 frondentium
3180 5430 3371 5484 folium
3417 5428 3636 5499 quidem
3691 5443 3800 5482 non

2232 5530 2428 5587 delluet
2450 5527 2494 5559 ³⁸
2522 5544 2536 5580 :
2572 5523 2755 5579 fructu
2788 5530 2971 5579 autem
3002 5522 3059 5577 in
3083 5531 3326 5594 tempore
3370 5529 3627 5592 percepto
3655 5521 3801 5576 Deus

1715 5746 1764 5822 ’ξ
1773 5744 2001 5822 _Ezet_:_h._
2034 5763 2135 5801 xxv

2236 5749 2483 5822 ιὸ-ειιιιἨ
2512 5750 2556 5822 ’_°
2591 5748 2760 5803 Zach.
2793 5765 2878 5822 ut,
2903 5749 2992 5822 '5,
3024 5749 3085 5822 _“
3115 5747 3219 5804 lsa.
3249 5745 3534 5822 $5va};
3649 5742 3798 5822 Psa_l.

557 5817 723 5868 CXL“,
752 5806 802 5858 6.
879 5805 1084 5864 aaPsal.
1110 5810 1255 5874 1.1,?»
1334 5812 1377 5845 “
1404 5811 1561 5869 Jom.
1598 5830 1696 5883 vn,
1734 5814 1823 5870 57.
1902 5817 1947 5850 ³⁵
1974 5816 2133 5876 Josn.

2236 5858 2245 5884 ,
2277 5805 2411 5876 l5.”
2442 5820 2487 5853 “
2519 5818 2625 5877 lsa.
2661 5835 2824 5888 xxxv,
2853 5805 2907 5874 9.
2951 5820 2994 5852 ³⁷
3023 5817 3155 5873 Luc.
3191 5834 3228 5885 t,
3260 5819 3347 5872 17.
3397 5805 3472 5845 ’³⁵
3495 5810 3641 5864 Psal.
3675 5828 3715 5876 ι.
3744 5812 3798 5868 3.

3830 5978 3889 6040 Ι
