4084 6158
220 411 321 468 595
1455 418 1511 477 S.
1548 422 1877 480 GREGORII
1912 424 2201 483 NYSSENI

3359 421 3464 481 596

222 531 513 600 Imtabitur,
542 546 800 608 tanquam
848 539 1026 593 bonus
1061 539 1338 608 plantator
1367 541 1485 596 suis
1530 541 1789 612 operibus

1902 545 1950 598 ἐν
1981 544 2159 617 καιρῷ
2185 544 2478 616 δεξάμενος
2507 548 2535 598 6
2573 544 2704 609 Θεὸς
2738 545 3195 616 εὐφρανθήσεται,
3225 544 3300 609 ὼς
3325 547 3463 614 ἀγα-

220 627 487 691 gaudens.
523 626 696 683 Porro
721 629 942 684 divinus
972 628 1145 686 David
1192 631 1356 687 etiam
1388 647 1574 688 vocem
1599 631 1796 704 przedi-

224 731 376 783 cens,
400 735 562 789 quam
586 719 654 776 de
676 722 828 777 cmlis
849 720 1012 778 Pater
1035 736 1201 793 super
1223 722 1442 791 Filium,
1466 725 1594 780 dum
1621 726 1793 795 bapti-

221 818 458 873 zaretur,
489 811 690 873 emisit,
719 819 781 866 ut
809 811 879 867 ad
894 815 1202 868 naturalem
1225 814 1445 871 deitatis
1468 814 1788 886 dignitatem

126 958 135 967 ,
221 901 515 957 deduceret
561 902 869 970 audientes,
923 906 1016 975 qui
1064 907 1219 976 prius
1273 907 1339 962 ad
1372 922 1660 979 eam,quae
1690 909 1794 965 sub

221 1008 442 1048 sensum
466 986 717 1062 cadebat,
743 998 1039 1051 humanam
1080 996 1342 1054 vilitatem
1401 1000 1793 1069 respiciebant,

222 1084 366 1139 libro
390 1083 735 1142 Psalmorum
769 1102 872 1143 suo
897 1088 1105 1142 dictum
1150 1087 1283 1144 illttd
1317 1092 1597 1162 inscripsit
1627 1107 1640 1143 :
1682 1091 1791 1146 Vox

219 1172 436 1228 Domini
465 1190 620 1243 super
641 1192 829 1248 aquas,
860 1192 959 1233 vox
980 1177 1191 1233 Domini
1227 1181 1282 1233 in
1312 1182 1704 1252 magniﬁcentia
1725 1183 1793 1239 ".

221 1261 424 1320 Verum
456 1268 791 1323 testimoniis
826 1269 1066 1339 quidem,
1098 1286 1161 1326 ex
1199 1272 1381 1327 divina
1424 1268 1708 1342 Scriptura
1739 1274 1795 1331 in

224 1357 467 1413 medium
518 1358 832 1428 afferendis,
869 1362 960 1418 hic
1009 1362 1134 1419 ﬂuis
1183 1372 1303 1421 esto
1350 1366 1800 1436 :(progredietur

221 1448 366 1504 enim
397 1451 575 1506 oratio
593 1442 1359 1526 adinﬁnitam‘prolixltatem,
1392 1458 1438 1513 si
1462 1457 1583 1529 quis
1612 1459 1799 1513 volue-

222 1538 294 1595 ῆι
320 1540 503 1595 omnia
532 1540 809 1611 sigillatim
832 1544 1004 1599 electa
1041 1546 1138 1600 uni
1167 1544 1310 1602 libro
1339 1548 1650 1616 mandare.)

294 1627 408 1685 Vos
445 1637 626 1687 autem
658 1647 884 1699 omnes,
915 1634 1011 1705 qui
1041 1634 1185 1691 dono
1226 1638 1660 1707 regenerationis
1695 1652 1794 1693 vo—

224 1723 312 1782 bis
344 1724 576 1798 placetis
597 1767 612 1791 ,
645 1743 709 1783 ac
736 1743 836 1798 pro
862 1728 1034 1800 gloria
1065 1729 1362 1785 salutarem
1393 1728 1801 1785 reuovationem

227 1817 479 1883 habetis,
531 1817 801 1873 ostendite
851 1816 985 1873 mihi
1045 1827 1169 1890 post
1224 1820 1511 1891 mysticam
1567 1818 1798 1890 gratiam

1893 637 1984 701 θδς
2008 637 2310 709 φυτοκόμος
2339 639 2452 699 τοῖς
2493 635 2644 700 ίδίοις
2688 635 2870 708 ἔργοις
2907 636 3365 706 ἐπαγαλλόμενος.
3408 637 3466 691 '0

1891 728 1947 783 δὲ
1979 728 2262 791 θεσπέσιος
2283 727 2446 782 Δαϐὶδ
2484 727 2579 781 καὶ
2608 724 2707 799 τήν
2750 728 2935 799 φωνὴν
2981 725 3360 798 προφητεύων,
3400 729 3467 799 ἢν

1893 819 1954 884 ἐξ
1975 819 2219 891 οὐρανῶν
2250 819 2278 872 6
2319 818 2506 890 Πατὴρ
2538 820 2791 891 ἐπαφῆκε
2812 817 2890 889 τῷ
2917 817 3033 888 Υίῷ
3064 817 3466 889 βαπτιζομένω,

1894 911 1982 966 ἵνα
2001 908 2136 981 πρὸς
2152 909 2212 963 τὸ
2232 909 2460 980 φυσικὸν
2479 909 2580 981 τῆς
2603 908 2852 981 θεότητος
2873 908 3089 980 ἀξίωμα
3106 909 3233 973 τοὺς
3254 908 3471 963 ἀκούον-

1892 1019 1991 1066 τας
2018 1002 2280 1075 ὁδηγήσῃ,
2310 1002 2447 1073 πρὸς
2480 1001 2579 1073 τὴν
2617 999 2881 1073 αἰσθητὴν
2914 996 3053 1064 τέως
3081 1001 3180 1074 τὴν
3204 999 3347 1053 κατά
3380 1000 3471 1054 τὸν

1894 1092 2179 1164 ἄνθρωπον
2212 1092 2485 1147 εὐτέλειαν
2532 1090 2847 1163 βλέποντας,
2879 1090 3177 1161 ἐνέγραψεν
3205 1091 3383 1144 ἐκεῖνο
3403 1091 3470 1161 τῇ

1898 1183 2083 1256 βίϐλῳ,
2135 1183 2225 1249 τὸ,
2256 1183 2426 1252 Φωνὴ
2475 1184 2699 1251 Κυρίου
2735 1181 2979 1235 ἐπὶτῶν
3010 1179 3267 1246 ὑδάτων,
3300 1180 3472 1250 φωνὴ

1896 1275 2118 1342 Κυρίου
2165 1276 2235 1328 ἐν
2263 1271 2766 1343 μεγαλοπρεπείᾳ.
2805 1269 2965 1324 Ἀλλά
3003 1272 3104 1335 τὰς
3140 1269 3239 1341 μὲν
3273 1271 3339 1323 ἐκ
3365 1269 3473 1323 τῶν

1897 1363 2057 1418 θείων
2095 1364 2328 1437 Γραφῶν
2362 1362 2687 1435 μαρτυρίας,
2730 1362 2893 1432 μέχρι
2936 1360 3125 1415 τούτου
3170 1360 3472 1415 παυστέον⁶

1898 1450 2138 1524 χωρήσοι
2167 1453 2278 1525 γὰρ
2305 1454 2333 1505 6
2360 1452 2518 1521 λόγος
2550 1454 2631 1516 είς
2657 1452 2857 1524 πλῆθος
2884 1451 3131 1524 ἄπειρον,
3164 1453 3325 1517 εἴτις
3354 1453 3477 1524 βου·

1899 1544 2036 1617 ληθῇ
2067 1544 2136 1597 τὰ
2158 1543 2494 1598 καθέκαστον
2521 1543 2762 1611 ἐκλέγων
2785 1543 2867 1597 ἐνὶ
2894 1542 3234 1612 παραθέσθαι
3261 1542 3473 1614 βιϐλίῳ.

1982 1637 2170 1707 Ὑμεῖς
2189 1635 2244 1689 δὲ
2269 1637 2489 1701 πάντες,
2513 1635 2626 1690 ὅσοι
2651 1634 2729 1705 τῷ
2757 1634 2914 1707 δώρῳ
2940 1636 3031 1705 τῆς
3059 1634 3475 1703 παλιγγενεσίας

1899 1727 2392 1797 ἐγκαλλωπίζεσθε,
2424 1727 2519 1781 καὶ
2562 1725 2822 1797 καύχημα
2864 1726 3058 1797 φέρετε
3090 1726 3477 1797 άνακαινισμδν

1900 1817 1993 1873 τὸν
2019 1818 2282 1888 σωτήριον
2301 1857 2314 1881 ,
2342 1815 2550 1881 δείξατέ
2593 1832 2683 1886 μοι
2717 1815 2854 1887 μετά
2882 1816 2982 1888 τὴν
3023 1815 3288 1887 μυστικὴν
3317 1814 3476 1888 χάριν

226 1920 441 1962 morum
483 1908 955 1973 immutationem,
998 1917 1054 1966 et
1096 1911 1151 1964 in
1195 1910 1394 1967 melius
1436 1909 1796 1966 trausforma-

1902 1908 1998 1982 τὴν
2025 1908 2134 1963 τῶν
2170 1908 2386 1980 τρόπων
2420 1907 2741 1979 ἐναλλαγὴν,
2771 1907 2864 1961 καὶ
2891 1907 2990 1978 τῆς
3018 1904 3110 1960 ἐπὶ
3138 1907 3199 1961 τὸ
3232 1910 3477 1979 κρεῖττον

227 2000 396 2056 tionis
430 1998 799 2056 diﬂerentiam
832 2000 1074 2071 puritate
1103 2003 1228 2057 vita:
1256 2001 1495 2056 instituti
1531 2000 1790 2056 indicate.

226 2089 361 2144 Nam
393 2088 528 2146 nihil
561 2090 783 2162 quidem
825 2106 892 2147 ex
939 2092 1008 2148 iis
1054 2093 1251 2159 rebus,
1296 2107 1418 2164 quas
1460 2092 1565 2148 sub
1604 2091 1798 2147 oculos

225 2180 467 2247 eadunt,
513 2181 857 2247 immutatur,
908 2184 1158 2252 corporis
1205 2184 1335 2238 item
1382 2183 1537 2255 signa
1586 2182 1797 2252 integra

228 2281 485 2337 manent,
513 2271 748 2343 ejusque
786 2288 909 2344 quae
951 2273 1170 2328 videtur
1218 2280 1431 2329 natura:
1475 2273 1645 2344 ﬁgura
1686 2287 1799 2327 non

226 2370 492 2416 mutatur.
548 2361 655 2417 Sed
708 2376 849 2432 opus
900 2370 987 2418 est
1040 2362 1225 2433 aliqua
1271 2379 1503 2434 prorsus
1562 2362 1800 2419 evidenti

225 2450 730 2518 demonstratione,
771 2468 871 2524 per
908 2468 1073 2525 quam
1110 2468 1478 2526 agnoscamus
1522 2455 1798 2511 hominem

224 2556 423 2599 recens
447 2553 637 2598 natum
663 2585 680 2612 ,
723 2544 899 2615 signis
942 2545 1273 2615 quibusdam
1314 2546 1660 2611 manifestis,
1702 2560 1801 2601 no-

224 2649 355 2689 vum
386 2648 417 2688 a
450 2644 635 2692 vetere
666 2636 1044 2694 discernentes
1071 2655 1086 2693 :
1120 2634 1236 2693 haec
1273 2647 1455 2693 autem
1491 2637 1648 2708 signa
1676 2653 1801 2695 esse

225 2725 424 2795 opinor
453 2740 585 2792 eos,
617 2729 713 2797 qui
747 2728 1050 2785 secundum
1085 2730 1431 2800 propositum
1469 2728 1640 2798 ﬁunt,
1683 2730 1800 2785 ani-

224 2829 328 2874 ma:
354 2825 537 2873 motus
559 2858 573 2883 ,
608 2833 709 2889 per
737 2833 877 2890 quos
909 2835 1032 2877 sese
1070 2835 1370 2892 segregans
1397 2836 1427 2875 a
1458 2832 1639 2878 vetere
1669 2837 1802 2878 con-

224 2910 550 2977 suetudine,
578 2923 644 2964 ac
672 2924 876 2967 novum
903 2913 1029 2966 vitae
1056 2911 1295 2968 instituti
1326 2915 1432 2968 iter
1458 2913 1801 2986 ingrediens,

226 3010 416 3073 aperte
463 2998 765 3059 familiares
808 3002 1059 3069 docebit,
1106 3005 1253 3075 quod
1300 3004 1405 3059 alia
1448 3005 1695 3076 quaedam
1735 3020 1803 3062 ex

226 3090 333 3147 alia
362 3089 503 3147 facta
532 3092 635 3158 sit,
670 3092 879 3147 nullum
908 3103 1036 3163 post
1065 3108 1126 3148 se
1164 3096 1368 3151 veteris
1398 3096 1657 3166 nequitiae
1709 3108 1803 3155 ve-

226 3181 450 3252 stigium
476 3196 541 3236 ac
568 3182 786 3254 signum
809 3184 1149 3254 relinquens.
1184 3184 1279 3240 Est
1311 3194 1493 3243 autem
1522 3187 1613 3243 hic
1632 3197 1806 3246 transo
1831 3213 1877 3276 ο

227 3271 578 3330 formationis
628 3275 862 3343 modus,
922 3276 1140 3336 simihi
1176 3278 1465 3335 credentes
1492 3280 1799 3337 orationem

226 3376 330 3434 pro
360 3362 479 3435 lege
524 3366 920 3423 servaveritis:
953 3365 1086 3421 Erat
1137 3376 1265 3424 ante
1315 3368 1590 3440 baptisma
1639 3370 1804 3427 homo

226 3463 524 3527 protervus
543 3498 559 3522 ,
588 3472 787 3515 avarus
818 3462 874 3514 et
902 3456 1210 3527 fraudator,
1241 3467 1431 3532 raptor
1464 3475 1647 3519 rerum
1678 3463 1805 3519 alie-

226 3558 425 3601 narum
445 3588 462 3616 ,
491 3547 823 3603 convitiator
846 3560 902 3605 et
929 3549 1264 3617 maledicus,
1300 3551 1535 3607 mendax
1556 3594 1572 3619 ,
1605 3552 1806 3608 calum-

228 3638 431 3707 niator,
463 3655 528 3696 ac
555 3639 602 3696 si
630 3636 779 3712 quod
808 3640 894 3699 his
923 3643 1105 3700 simile
1136 3644 1399 3717 (vitium)
1424 3654 1509 3701 est
1535 3653 1591 3702 et
1619 3646 1800 3706 aliine.

231 3728 314 3783 Sit
343 3746 490 3786 nunc
516 3732 832 3799 modestus,
867 3732 1088 3791 sobrius
1108 3777 1124 3801 ,
1153 3736 1270 3794 suis
1301 3744 1628 3803 contentus,
1657 3746 1712 3795 et
1737 3753 1803 3795 ex

227 3821 319 3878 his
351 3833 673 3894 paupertate
700 3824 1145 3883 conﬂictantibus
1171 3827 1524 3898 impartiens,
1554 3829 1805 3888 veritatis

228 3910 554 3977 studiosus,
590 3914 855 3969 honorem
887 3914 1122 3970 libenter
1150 3916 1275 3972 aliis
1305 3917 1561 3975 deferens
1581 3959 1596 3983 ,
1629 3920 1806 3976 comis

145 3994 151 4000 ’
230 4009 286 4057 et
314 4001 589 4059 affabilis:
622 4011 682 4057 ut
711 4004 1026 4061 summatim
1054 4006 1234 4061 dicam
1255 4050 1271 4075 ,
1302 4023 1517 4065 omnem
1546 4010 1705 4070 laude
1732 4010 1808 4067 di-

228 4108 391 4165 gnam
418 4094 691 4148 actionem
720 4108 1003 4154 exercens.
1035 4099 1105 4156 Ut
1133 4099 1274 4156 enim
1303 4101 1633 4160 adventante
1659 4106 1802 4172 luce,

228 4184 472 4239 tenebrae
498 4183 897 4253 discutiuntur,
925 4196 979 4245 et
1009 4190 1135 4247 albo
1160 4193 1345 4249 colore
1372 4194 1511 4250 illito
1536 4198 1808 4254 atramen-

230 4279 347 4328 tum
393 4274 683 4332 aboletur:
717 4277 790 4333 ita
821 4280 989 4335 etiam
1021 4290 1184 4339 vetus
1218 4283 1384 4341 homo
1409 4284 1638 4357 iustitiae
1675 4302 1807 4360 ope-

232 4363 388 4421 ribus
417 4376 718 4424 exornatus
742 4368 1014 4428 aboletur.
1059 4369 1225 4430 Vides
1265 4382 1325 4430 ut
1348 4377 1514 4432 etiam
1542 4376 1807 4437 Zachaeus

229 4455 536 4513 mutatione
580 4459 706 4515 vitae
749 4460 987 4519 instituti
1029 4465 1381 4535 publicanum
1427 4470 1666 4537 occidit,
1698 4472 1804 4538 iis,

1903 2001 2364 2071 μετακοσμήσεως
2391 1998 2489 2071 τὴν
2511 1998 2776 2071 διαφορὰν
2799 2002 2866 2071 τῇ
2892 1998 3225 2071 καθαρότητι
3250 1998 3351 2071 τῆς
3382 2015 3476 2052 πο-
3568 2020 3576 2029 -

1899 2090 2102 2156 λιτείας
2129 2090 2456 2163 γνωρίσατε.
2492 2089 2614 2145 Τῶν
2653 2090 2752 2163 μὲν
2792 2091 2904 2162 γὰρ
2929 2091 3340 2145 ὑποπιπτόντων
3367 2092 3477 2154 τοῖς

1898 2180 2195 2254 ὀφθαλμοῖς
2248 2182 2400 2237 οὐδὲν
2438 2181 2765 2246 ἀλλοιοῦται,
2797 2182 2849 2235 οί
2887 2182 2947 2236 δὲ
2981 2182 3076 2236 τοῦ
3105 2181 3356 2254 σώματος
3377 2200 3476 2253 χα-

1903 2273 2176 2347 ρακτῆρες
2207 2274 2459 2345 μένουσιν
2476 2272 2867 2345 ἀμετάϐλητοι,
2898 2273 2993 2328 καὶ
3015 2275 3050 2345 ή
3071 2273 3173 2343 τῆς
3196 2274 3477 2344 ὀρωμένης

1901 2363 2118 2435 φύσεως
2162 2363 2448 2430 διάπλασις
2476 2365 2577 2419 οὐκ
2619 2364 2929 2435 ἀμείϐεται.
2970 2363 3143 2435 Χρεία
3180 2365 3236 2418 δὲ
3262 2365 3478 2429 πάντως

1902 2456 2048 2520 τινὸς
2075 2454 2341 2528 ἐναργοῦς
2382 2455 2729 2524 ἀποδείξεως,
2758 2456 2825 2510 δι’
2849 2450 2918 2528 ἧς
2944 2455 3359 2526 ὲπιγνωοόμεθα
3387 2455 3479 2508 τὸν

1901 2546 2185 2619 ἀρτίτοκον
2223 2545 2529 2618 ἄνθρωπον,
2580 2546 2870 2619 συμϐόλοις
2929 2547 3042 2599 τισὶ
3080 2548 3335 2616 φανεροῖς
3390 2543 3480 2597 τὸν

1901 2638 2019 2692 νέον
2051 2622 2163 2692 ἀπδ
2187 2635 2283 2691 τοῦ
2327 2634 2559 2690 παλαιοῦ
2601 2637 2988 2708 διακρίνοντες.
3016 2634 3202 2689 Ταῦτα
3240 2633 3299 2688 δὲ
3323 2629 3480 2704 οἶμαι

1901 2728 2188 2800 τυγχάνειν
2234 2727 2303 2782 τὰ
2329 2727 2471 2782 κατὰ
2521 2724 2777 2799 πρόθεσιν
2808 2728 2908 2800 τῆς
2952 2726 3133 2798 ψυχῆς
3184 2726 3480 2797 κινήματα,

1906 2821 2003 2889 ἀφ’
2044 2812 2119 2873 ὧν
2169 2818 2368 2891 ἑαυτὴν
2404 2816 2715 2890 χωρίζουσα
2746 2818 2847 2889 τῆς
2875 2817 3112 2883 παλαιᾶς
3165 2815 3475 2887 συνηθείας,

1901 2909 2172 2981 νεωτέραν
2189 2908 2246 2962 δὲ
2269 2908 2537 2978 τέμνουσα
2559 2907 2660 2979 τῆς
2693 2907 2968 2972 πολιτείας
2993 2904 3133 2969 ὁδὸν,
3158 2905 3360 2971 διδάξει
3388 2923 3480 2959 σα-

1905 3001 2020 3074 φῶς
2052 3002 2178 3065 τοὺς
2206 3000 2534 3073 γνωρίμους,
2565 3001 2643 3065 ὡς
2668 2999 2802 3071 ἀλλη
2833 3016 2917 3065 τις
2962 2999 3022 3065 ἐξ
3049 2998 3216 3070 ἄλλης
3251 2998 3481 3069 γεγένη-

1903 3109 2015 3155 ται,
2049 3089 2199 3144 οὐδὲν
2219 3091 2318 3162 τῆς
2341 3089 2577 3154 παλαιᾶς
2606 3089 2943 3161 ἐφελκομένη
2981 3088 3292 3161 γνώρισμα.
3328 3088 3481 3142 Ἐστι

1905 3183 1963 3237 δὲ
1983 3175 2136 3245 οὗτος
2162 3182 2260 3252 τῆς
2289 3181 2699 3252 μεταποιήσεως
2718 3182 2748 3235 6
2769 3181 2970 3254 τρόπος
2990 3221 3006 3249 ,
3034 3180 3100 3235 ἀν
3125 3198 3216 3252 μοι
3236 3180 3483 3234 πεισθέν-

1904 3288 1998 3339 τες
2022 3275 2115 3329 τὸν
2139 3274 2297 3343 λόγον
2321 3274 2398 3339 ὡς
2418 3275 2583 3347 νόμον
2611 3275 2899 3346 φυλάξητεο
2929 3270 3038 3328 Ἦν
3061 3274 3091 3326 6
3124 3274 3230 3345 πρὸ
3253 3273 3349 3329 τοῦ
3385 3273 3482 3344 βα-

1904 3365 2205 3436 πτίσματος
2235 3364 2520 3438 ἄνθρωπος
2572 3365 2894 3430 ἀκόλαστος,
2922 3364 3271 3434 πλεονέκτης,
3301 3365 3482 3436 ἅρπαξ

1902 3457 2010 3511 τῶν
2043 3456 2356 3527 ἀλλοτρίων,
2391 3457 2652 3529 λοίδορος,
2686 3456 2950 3527 ψεύστης,
2983 3456 3351 3527 συκοφάντης,
3389 3456 3482 3510 καὶ

1904 3547 1959 3602 εἴ
1985 3563 2040 3602 τι
2072 3547 2283 3612 τούτοις
2312 3549 2498 3620 ὅμοιον
2524 3548 2617 3602 καὶ
2643 3547 2956 3605 ἀκόλουθον.
2983 3548 3229 3603 Γενέσθω
3268 3550 3364 3604 νῦν
3393 3550 3483 3604 κόο

1904 3652 2082 3708 σμιος,
2120 3635 2376 3710 σώφρων,
2422 3637 2760 3709 ἀρκούμενος
2797 3640 2910 3703 τοῖς
2945 3638 3114 3703 ἰδίοις,
3147 3639 3241 3692 καὶ
3272 3639 3339 3693 ἐκ
3362 3639 3484 3693 τού-

1904 3745 2013 3784 των
2034 3731 2146 3794 τοῖς
2174 3731 2234 3787 ἐν
2263 3729 2426 3802 πενίᾳ
2456 3728 2788 3800 μεταδιδοὺς,
2819 3728 3139 3802 φιλαλήθης,
3172 3729 3482 3802 τιμητικὸς,

1905 3822 2329 3895 εὐπροσήγορος,
2371 3824 2551 3877 πᾶσαν
2594 3820 2781 3886 ἁπλῶς
2832 3822 3233 3894 ἐπαινουμένην
3285 3822 3484 3895 πρᾶξιν

1905 3912 2110 3967 ἀσκῶν.
2152 3913 2241 3977 Ὡς
2264 3912 2374 3984 γὰρ
2393 3912 2473 3984 τῷ
2499 3912 2639 3982 φωτὶ
2669 3911 2731 3967 τὸ
2766 3912 2957 3977 σκότος
2976 3910 3183 3978 λύεται,
3225 3914 3317 3967 καὶ
3348 3914 3483 3982 ἀφα-

1905 4002 2113 4067 νίζεται
2159 4003 2222 4057 τὸ
2267 4002 2436 4074 μέλαν
2484 3999 2918 4076 ἐπιχρωσθείσης
2953 4002 3309 4076 λευκότητοςο
3342 4003 3485 4058 οὕτω

1906 4095 2002 4149 καὶ
2026 4096 2056 4148 6
2087 4094 2316 4160 παλαιὸς
2355 4094 2640 4168 ἄνθρωπος
2675 4090 2787 4156 τοῖς
2814 4093 2915 4166 τῆς
2937 4092 3279 4166 δικαιοσύνης
3306 4094 3485 4166 ἔργοις

1906 4186 2300 4258 ὲπικοσμηθεὶς
2322 4185 2664 4256 ἀφανίζεται.
2702 4186 2865 4259 Ὁρᾷς
2885 4186 3035 4243 ὅπως
3054 4186 3149 4240 καὶ
3169 4187 3198 4239 6
3217 4188 3486 4256 Ζακχαῖος

1905 4280 1972 4350 τῇ
2003 4276 2269 4350 μεταϐολῇ
2300 4276 2396 4332 τοῦ
2427 4276 2544 4349 βίου
2584 4274 2678 4333 τὸν
2705 4276 2942 4349 τελώνην
3001 4277 3311 4343 ἀπέκτεινε,
3349 4275 3486 4349 πρὸς

1910 4367 2010 4440 μὲν
2037 4368 2164 4433 τοὺς
2209 4367 2586 4441 ζημιωθέντας
2612 4366 2814 4434 ἀδίκως
2846 4367 3156 4440 τετραπλῆν
3196 4369 3486 4437 ἐπανάγων

1906 4459 2006 4534 τὴν
2030 4460 2286 4517 ἀπόδοσιν
2306 4477 2321 4492 °
2346 4460 2570 4532 ἐμέριζε
2593 4460 2652 4515 δὲ
2676 4462 2789 4526 τοῖς
2811 4463 3046 4532 πτωχοῖς
3070 4460 3140 4514 τὰ
3158 4461 3481 4529 κατάλοιπα,

228 4548 323 4617 qui
360 4548 619 4605 damnum
655 4552 859 4624 injuria
887 4565 1252 4628 acceperant,
1287 4560 1653 4632 quadruplum
1683 4565 1803 4634 ejus

1907 4551 1945 4608 ἀ
1994 4554 2257 4626 πρότερον
2304 4553 2457 4625 παρὰ
2495 4551 2605 4608 τῶν
2648 4551 2877 4623 πτωχῶν
2920 4551 3250 4625 Θλιϐομένων
3297 4552 3485 4618 κακῶς

228 4638 376 4710 quod
410 4640 744 4709 amiserant,
775 4658 1047 4716 reponens
1075 4665 1089 4703 :
1124 4649 1403 4706 distribuit
1436 4651 1566 4708 item
1598 4668 1805 4725 paupe-

231 4727 384 4785 ribus
411 4730 643 4802 reliqua,
668 4748 789 4803 qua:
815 4734 969 4804 prius
997 4751 1029 4790 a
1057 4738 1393 4809 pauperibus
1420 4741 1564 4797 male
1590 4749 1805 4798 extorta

228 4818 525 4891 collegerat
562 4820 634 4875 ⁸ο.
663 4821 1010 4895 Evangelista
1050 4822 1339 4883 Matthasus
1376 4828 1522 4886 alius
1563 4829 1807 4899 publica-

144 4909 160 4931 ‘
227 4926 334 4967 nus
380 4911 427 4944 “
488 4911 738 4969 eumdem
788 4930 912 4970 cum
961 4914 1193 4972 Zachazo
1233 4926 1504 4987 questum
1554 4917 1800 4985 faciens,

225 4998 588 5070 eamdemque
627 5011 800 5058 artem
840 5018 1144 5069 exercens,
1177 5007 1362 5061 statim
1404 5016 1530 5078 post
1559 5010 1806 5064 vocatio-

226 5106 351 5147 nem
402 5099 669 5163 tanquam
713 5109 1009 5165 personam
1058 5097 1352 5167 quamdam
1400 5099 1525 5155 vitae
1573 5101 1810 5156 mutavit

226 5184 571 5242 institutum.
623 5186 956 5243 Perseculor
1014 5189 1206 5262 (erat)
1254 5189 1488 5259 Paulus,
1532 5191 1630 5248 sed
1681 5200 1809 5264 post

225 5277 459 5346 gratiam
510 5278 810 5348 Apostolus
860 5280 929 5346 “,
978 5288 1175 5352 graves
1230 5281 1424 5352 (illas)
1475 5282 1658 5340 ferens
1705 5299 1808 5355 pro

225 5365 449 5422 Christo
473 5378 700 5425 catenas
724 5369 791 5424 ad
823 5372 1197 5441 paenitentiam
1225 5379 1282 5428 et
1310 5373 1685 5444 purgationem
1715 5376 1806 5429 iu-

221 5457 502 5526 justorum
530 5459 874 5516 vincuiocum
892 5501 908 5528 ,
937 5478 1061 5534 quas
1090 5479 1215 5520 cum
1247 5465 1544 5536 aliquando
1570 5478 1812 5536 accepts-

227 5554 313 5603 set
356 5560 388 5601 a
434 5548 588 5619 lege,
639 5550 907 5609 adversus
952 5552 1244 5627 Evangelia
1291 5556 1571 5626 portabat.
1612 5550 1805 5612 Talem

228 5641 488 5696 convenit
517 5655 642 5696 esse
672 5644 1183 5714 regenerationem,
1220 5646 1297 5701 ita
1325 5648 1549 5704 abolere
1588 5654 1810 5718 oportet

634 5749 683 5781 Ι

1908 4643 2287 4715 ἐθησαύρισεν.
2325 4642 2731 4714 Εὐαγγελιστὴς
2761 4646 2791 4698 6
2816 4642 3095 4707 Ματθαῖος
3121 4643 3279 4708 ἀλλος
3313 4642 3482 4697 τελώ-

1905 4752 2024 4807 vus,
2053 4735 2342 4807 ὁμότεχνος
2370 4734 2465 4789 τοῦ
2495 4735 2791 4806 Ζακχαίου,
2816 4734 3021 4799 εὐθέως
3049 4734 3188 4807 μετά
3221 4734 3317 4806 τήν
3348 4733 3481 4807 κλῆ-

1909 4842 1993 4880 σιν
2019 4826 2208 4897 ὥσπερ
2232 4845 2286 4880 τι
2318 4828 2659 4898 προσωπεῖον
2676 4824 2877 4898 ἧμειψε
2906 4823 2999 4880 τδν
3027 4825 3159 4896 βίον.
3185 4825 3428 4897 Διώκτης
3451 4827 3481 4879 ὁ

1909 4918 2140 4984 Παῦλος,
2158 4918 2292 4973 ἀλλὰ
2321 4917 2458 4991 μετὰ
2471 4917 2571 4991 τὴν
2592 4919 2752 4990 χάριν
2779 4918 3117 4994 Ἀπόστολος,
3142 4918 3365 4991 βαρείας
3386 4918 3481 4986 φέ-

1905 5027 2016 5082 ρων
2030 5009 2130 5074 τάς
2143 5010 2362 5074 ἁλύσεις
2376 5010 2516 5082 ὑπὲρ
2532 5009 2792 5089 Χριστοῦ,
2810 5011 2889 5075 είς
2904 5008 3196 5083 ἀπολογίαν
3213 5009 3306 5064 καὶ
3325 5008 3481 5081 μετά-

1903 5116 2055 5155 νοιαν
2086 5101 2195 5156 τῶν
2227 5101 2425 5155 ἀδίκων
2471 5100 2688 5172 δεσμῶν
2706 5139 2722 5165 ,
2748 5101 2786 5155 ἃ
2832 5099 2984 5171 παρά
3032 5100 3126 5154 τοῦ
3157 5099 3322 5171 νόμου
3353 5100 3480 5153 ποτε

1902 5191 2082 5248 λαϐὼν
2132 5193 2275 5249 κατά
2318 5193 2428 5247 τῶν
2469 5192 2818 5262 Εὑαγγελίων
2870 5193 3156 5247 ἐϐάστασε.
3216 5191 3480 5261 Τοιαύτην

1909 5285 2188 5358 προσῆκεν
2233 5280 2371 5340 εῖναι
2409 5284 2507 5358 τήν
2548 5286 2933 5357 ἀναγέννησιν’
2976 5284 3147 5348 οὕτως
3181 5282 3480 5351 ἐξαλείφειν

1909 5375 2011 5447 τὴν
2038 5376 2180 5448 πρὸς
2203 5376 2303 5448 τὴν
2343 5375 2616 5449 ἁμαρτίαν
2656 5372 2946 5447 συνήθειαν
2965 5392 2979 5407 ·
3006 5373 3151 5428 οὕτω
3207 5371 3481 5428 πολιτεύε-

1912 5466 2034 5520 σθαι
2061 5468 2189 5532 τοὺς
2218 5468 2368 5532 υἱοὺς
2413 5468 2508 5522 τοῦ
2541 5467 2676 5529 Θεοῦ
2696 5486 2711 5500 ο
2750 5467 2913 5522 τέκνα
2939 5468 3047 5539 γὰρ
3092 5466 3302 5520 ἐκείνου
3343 5465 3480 5535 μετά

1908 5558 2006 5630 τὴν
2040 5559 2198 5630 χάριν
2229 5559 2517 5631 ἀκούομεν.
2559 5560 2668 5614 Καὶ
2700 5559 2788 5613 διὰ
2827 5557 2986 5612 τοῦτο
3019 5557 3293 5629 προσῆκεν
3319 5559 3479 5627 ἀκρι-

1911 5648 2023 5713 ϐῶς
2067 5649 2538 5721 ἐπισκοπήσασθαι
2574 5649 2644 5705 τά
2671 5650 2765 5704 τοῦ
2792 5647 3109 5719 γεννήωρος
3151 5646 3307 5718 ήμῶν
3339 5642 3477 5699 ἰδιώ-

302 5817 349 5853 ³⁹
368 5817 514 5877 Psal.
547 5833 740 5886 xxvut,
775 5819 904 5888 3,4.
982 5821 1027 5856 ⁸⁸
1057 5820 1190 5880 Luc.
1222 5840 1334 5891 ιιι,
1368 5827 1421 5882 8.
1500 5829 1544 5862 δι
1586 5829 1778 5884 Mattlt.
1820 5844 1894 5896 ις,
1928 5828 1982 5883 9.
2058 5829 2103 5861 "
2134 5829 2254 5885 Act.
2309 5845 2386 5895 ιι,
2421 5828 2443 5881 l
2476 5842 2598 5897 sqq.
