4084 6158
416 385 516 439 597

1614 401 1689 456 ΙΝ
1721 401 2121 463 BAPTISMUM
2169 409 2462 469 CHRISTI.

3591 408 3692 468 598

422 518 587 601 ματα,
620 501 706 554 ἵνα
744 503 880 573 πρὸς
910 506 1202 580 ὁμοιότητα
1237 511 1329 565 τοῦ
1363 516 1569 586 πατρὸς
1619 519 1845 584 ἑαυτοὺς
1875 540 2000 592 μορ-

2110 531 2558 586 eonsuetudinem
2591 548 2717 588 cum
2754 537 3016 601 peccato,
3062 529 3136 582 ita
3173 528 3330 585 ﬁlios
3353 527 3446 585 Dei
3483 528 3540 582 in
3573 530 3689 582 vita

420 593 644 663 φοῦντες
673 596 768 649 καὶ
798 600 1245 668 σχηματίζοντες,
1273 606 1485 676 γνήσιοι
1525 610 1845 682 φαινώμεθα
1873 616 2003 665 παῖ-

417 684 505 748 δες
549 684 644 738 τοῦ
685 687 824 757 πρὸς
857 689 954 760 τὴν
997 694 1302 766 εἰσποίησιν
1330 698 1478 768 ἡμᾶς
1519 699 1617 772 τὴν
1662 702 1804 756 κατά
1845 703 2040 775 χάριν

417 775 765 841 καλέσαντος.
814 779 1022 834 Φαῦλον
1063 783 1171 854 γὰρ
1226 788 1591 860 κατηγόρημα
1637 793 1666 844 6
1707 793 1859 856 νόθος
1911 794 2006 848 καὶ

418 864 824 954 ὑποϐολιμαῖος,
848 869 946 940 τὴν
975 873 1248 945 πατρικὴν
1271 877 1548 945 εὐγένειαν
1581 881 1674 934 ἐπὶ
1695 883 1806 937 τῶν
1831 885 2006 954 ἔργων

418 953 863 1026 ψευδόμενοςΔιό
888 978 980 1029 μοι
1005 963 1155 1019 δοκεῖ
1178 967 1272 1019 καὶ
1293 968 1452 1033 αὐτὸς
1471 972 1499 1023 6
1514 971 1723 1044 ’Κύριος
1744 977 1802 1028 ὲν
1826 953 2002 1046 Εὔαγ-

419 1047 612 1114 γελίοις
651 1050 778 1114 τοὺς
805 1053 900 1104 τοῦ
935 1054 1050 1123 βίου
1080 1057 1306 1122 κανόνας
1333 1060 1636 1118 διατάττων
1671 1066 1824 1136 ἡμῖν,
1857 1069 2004 1122 ὲκεί-

418 1155 526 1201 νοις
555 1139 790 1210 χρῆσθαι
819 1144 957 1216 πρὸς
983 1148 1112 1211 τοὺς
1150 1150 1624 1224 μαθητευομένους
1652 1159 1764 1221 τοῖς
1803 1157 2001 1228 λόγοις,

422 1231 636 1299 Καλῶς
674 1234 895 1290 ποιεῖτε
918 1238 1044 1304 τοῖς
1060 1243 1356 1308 μισοῦσιν
1383 1245 1558 1315 ὑμᾶς,
1586 1251 2004 1319 προσεύχεσθε

421 1321 569 1411 ύπὲρ
620 1323 740 1378 τῶν
793 1326 1238 1396 ἐπηρεαζόντων
1278 1336 1436 1405 ὑμᾶς
1482 1340 1580 1393 καὶ
1628 1341 2001 1411 διωκόντων,

420 1410 578 1480 ὅπως
609 1415 868 1485 γένησθε
894 1420 1011 1475 υίοὶ
1042 1423 1149 1478 τοῦ
1190 1427 1421 1494 Πατρός
1458 1430 1626 1498 ὑμῶν
1650 1431 1754 1486 τοῦ
1797 1433 1867 1485 ἐν
1902 1410 2003 1488 ou-

413 1503 638 1572 ρανοῖς,
680 1506 769 1562 ὅτι
797 1509 903 1562 τὸν
931 1510 1108 1577 ἥλιον
1133 1517 1320 1570 αὐτοῦ
1345 1518 1661 1575 ἀνατέλλει
1688 1525 1784 1578 ἐπὶ
1816 1540 2002 1593 πονη-

2108 633 2229 673 sese
2255 634 2441 690 gerere
2471 623 2626 678 decet
2657 642 2668 676 :
2701 623 2798 676 lilii
2826 622 2974 676 enim
3005 620 3154 674 illius
3185 627 3310 689 post
3337 621 3570 690 gratiam
3598 635 3693 673 vo-

2107 723 2317 765 camur.
2345 713 2524 783 Atque
2554 713 2767 769 idcirco
2797 719 2991 769 exacte
3025 711 3284 768 convenit
3306 711 3579 781 inspicere
3601 726 3688 781 ge-

2107 801 2306 858 nitoris
2337 806 2512 860 nostri
2539 808 2905 876 proprietates
2929 845 2943 868 ,
2973 812 3033 858 ut
3061 802 3129 857 ad
3155 801 3570 858 similitudinem
3598 816 3688 872 pa-

2105 895 2206 950 tris
2234 905 2450 951 nosmet
2480 897 2780 954 formantes
2807 906 2859 954 et
2884 897 3204 966 el‘lingentes
3223 933 3238 959 ,
3264 894 3380 949 veri
3401 933 3416 954 .
3441 893 3687 963 iustique

2107 1001 2170 1041 ac
2205 988 2433 1059 legitimi
2480 988 2574 1042 lilii
2621 990 2817 1044 [lautius
2861 987 3021 1057 ejus,
3056 986 3151 1054 qui
3194 1000 3296 1041 nus
3329 985 3395 1038 ad
3441 984 3689 1053 adoptio-

2104 1093 2228 1132 nem
2253 1118 2267 1143 ,
2296 1095 2420 1149 qua;
2460 1095 2559 1149 per
2603 1080 2839 1149 gratiam
2881 1076 3185 1145 contingit,
3233 1075 3466 1130 vocavit.
3506 1073 3687 1130 Grave

2104 1167 2250 1221 enim
2281 1169 2544 1236 probrum
2577 1174 2695 1232 est,
2729 1167 3078 1221 adulterinus
3099 1203 3112 1229 ,
3148 1164 3375 1234 spurius
3405 1174 3459 1218 et
3492 1163 3686 1218 subdi-

2105 1259 2295 1323 titius,
2327 1261 2420 1330 qui
2454 1260 2620 1313 factis
2650 1260 2766 1315 suis
2817 1267 3099 1329 paternam
3144 1256 3488 1310 nobilitatem
3535 1255 3683 1310 fallat

2103 1359 2266 1420 atque
2310 1351 2628 1407 luditlcctur
2665 1371 2676 1405 :
2739 1357 3027 1420 pr0ptcrea
3081 1347 3214 1401 mihi
3263 1347 3482 1400 videtur
3519 1347 3686 1400 etiam

2105 1441 2220 1509 ipse
2254 1442 2518 1497 Dominus
2559 1444 2612 1496 in
2650 1442 2960 1512 Evangeliis
2992 1439 3213 1495 vivendi
3257 1439 3478 1506 regulas
3526 1437 3684 1491 nobis

2102 1533 2500 1601 praescrihens,
2539 1535 2649 1587 illis
2679 1534 2743 1587 ad
2777 1534 3080 1602 discipulos
3132 1531 3210 1583 uti
3242 1528 3429 1584 verbis
3465 1547 3475 1581 :
3523 1527 3688 1581 Bene-

414 1596 560 1698 ρούς
607 1599 1026 1698 καὶιὰγαθοὺς,
1069 1607 1170 1658 καὶ
1208 1607 1418 1677 ,βρέχει
1458 1611 1558 1664 ἐπὶ
1600 1613 1871 1682 δικαίους
1901 1617 2006 1670 καὶ·

2110 1622 2261 1678 l'acite
2294 1621 2416 1676 odio
2469 1623 2904 1693 prosequentibus
2951 1639 3074 1689 vos,
3119 1630 3269 1676 orate
3313 1636 3412 1688 pro
3469 1620 3534 1671 iis
3597 1619 3688 1685 qui

418 1685 682 1753 ἀδίκους.
714 1690 878 1755 Υίοὺς
919 1695 1026 1762 γὰρ
1058 1695 1178 1749 τότε
1220 1700 1464 1766 γίνεσθαι
1511 1702 1678 1770 λέγει,
1723 1707 1998 1777 ὅταν-τῆς

2110 1711 2302 1764 ῐωάιιηε
2353 1727 2415 1764 ac
2465 1722 2853 1782 persequuntur
2898 1730 3018 1776 vos,
3069 1723 3128 1765 ut
3175 1713 3296 1764 sitis
3349 1711 3450 1780 ﬁlii
3502 1708 3686 1762 Patris
3749 1736 3752 1740 -

418 1781 691 1852 πατρικῆς
721 1785 1057 1856 ἁγαθότητος
1097 1787 1196 1860 τὴν
1221 1791 1482 1860 ὁμοίωσιν
1511 1796 1568 1847 ὲν
1594 1797 1659 1866 τῇ
1703 1798 1836 1866 πρὸς
1872 1801 1996 1864 τοὺς

2110 1805 2282 1868 vestri,
2313 1805 2402 1870 qui
2430 1815 2509 1858 est
2535 1806 2587 1857 in
2614 1805 2758 1858 cretis
2781 1847 2795 1869 ,
2827 1805 3079 1873 quoniam
3111 1803 3276 1858 solem
3300 1818 3456 1856 suum
3484 1799 3690 1854 exoriri

417 1873 724 1942 ὁμοφύλους
767 1876 1144 1951 φιλανθρωπίᾳ
1187 1885 1298 1946 τοῖς
1331 1885 1556 1950 οἰκείοις
1599 1889 1878 1960 λογισμοῖς
1915 1894 2002 1944 ὲν⁴

2110 1895 2232 1948 sinit
2264 1911 2422 1963 super
2457 1895 2629 1948 malos
2663 1905 2710 1949 et
2741 1895 2902 1949 bonos
2924 1934 2938 1959 ,
2976 1905 3024 1948 et
3057 1897 3293 1963 pluviam
3324 1894 3490 1947 mittit
3532 1905 3688 1957 super

417 1979 480 2014 τυ
489 1963 793 2022 πώσωνται.

2110 1985 2274 2050 iustos
2317 1995 2367 2042 et
2409 1987 2640 2056 injustas
2673 1989 2738 2041 ⁸³.
2772 1987 2944 2041 Filios
2990 1987 3136 2042 enim
3172 1994 3307 2040 tune
3351 1985 3466 2040 ﬁeri
3512 1983 3685 2044 dicit,

417 2068 542 2108 cum
577 2057 999 2118 similitudinem
1024 2073 1266 2134 paternae
1304 2067 1590 2138 bonitatis,
1652 2071 2045 2130 humanitatem
2085 2093 2212 2150 erga
2256 2079 2550 2149 populares
2595 2087 2649 2133 et
2697 2079 2980 2150 proximos
3027 2078 3376 2150 prazstando,
3430 2076 3688 2133 sensibus

417 2151 536 2206 suis
566 2160 621 2208 et
651 2155 1080 2226 cogitationibus
1108 2161 1516 2230 impresserint.

486 2247 587 2301 Διά
612 2249 772 2304 τοῦτο
803 2252 897 2306 καὶ
933 2255 1069 2324 μετὰ
1101 2255 1161 2308 τὸ
1203 2258 1303 2326 τῆς
1333 2258 1602 2324 υἱοθεσίας
1633 2261 1870 2333 ἀξίωμα,
1903 2263 1997 2316 καὶ

415 2341 444 2391 6
471 2341 715 2406 διάϐολος
748 2344 878 2413 ἡμῖν
930 2347 1270 2401 ἐπιϐουλεύει
1315 2351 1700 2425 σφοδρότερον·
1744 2354 1999 2427 βασκάνῳ

415 2433 714 2502 τηκόμενος
745 2435 1026 2507 ὀφθαλμῷ,
1060 2438 1188 2495 ὅταν
1223 2439 1394 2514 βλέπῃ
1433 2443 1528 2495 τοῦ
1577 2447 1855 2513 νεογενοῦς
1907 2450 1998 2502 ἀν-

417 2521 635 2591 θρώπου
674 2525 737 2578 τὸ
767 2527 981 2592 κάλλος,
1019 2529 1337 2596 σπεύδοντος
1376 2535 1513 2605 πρὸς
1551 2535 1650 2607 τὴν
1679 2538 1998 2609 ἐπουράνιον

417 2615 714 2681 πολιτείαν,
744 2618 836 2686 ἀφ’
863 2615 932 2690 ἦς
956 2622 1160 2686 ἐκεῖνος
1187 2623 1411 2690 ἐξέπεσε
1431 2643 1442 2654 ·
1466 2628 1559 2680 καὶ
1585 2629 1852 2698 πυρώδεις
1873 2633 2002 2701 ἡμῖν

313 2785 325 2793 _
417 2708 692 2779 ἐπεγείρει
724 2710 849 2773 τοὺς
881 2717 1242 2783 πειρασμοὺς,
1295 2717 1524 2787 συλῆσαι
1557 2721 1868 2784 σπουδάζων
1908 2724 2001 2776 καὶ

416 2798 516 2866 τὴν
547 2798 806 2871 δευτέραν
855 2803 1240 2876 ὲπικόσμησιν,
1271 2806 1348 2870 ὡς
1375 2807 1464 2861 τὸν
1496 2808 1699 2879 κόσμον
1739 2809 1829 2864 τὸν
1869 2813 2001 2882 πρό-

418 2903 472 2939 τε
483 2905 593 2957 ρον.
629 2889 765 2941 Ἀλλ’
795 2891 921 2948 ὅταν
944 2893 1260 2965 αἰσθώμεθα
1277 2896 1386 2949 τῶν
1411 2900 1619 2951 ἐκείνου
1650 2900 1964 2971 προσϐολῶν
1981 2941 1998 2968 ,

420 2980 665 3050 προσῆκε
698 2981 795 3052 τὴν
836 2984 1199 3057 ἀποστολικὴν
1250 2988 1408 3060 ῥῆσιν
1441 2992 1652 3053 ἑαυτοῖς
1696 2993 1996 3058 ἐπιλέγειν·

424 3072 585 3125 Ὅσοι
605 3075 690 3138 είς
720 3075 976 3142 Χριστὸν
999 3079 1462 3150 ἐϐαπτίσθημεν,
1490 3085 1578 3148 είς
1607 3083 1713 3137 τὸν
1743 3083 2003 3139 θάνατον

419 3162 606 3216 αὐτοῦ
634 3163 1094 3235 ἐϐαπτίσθημεν.
1129 3169 1192 3221 El
1224 3169 1280 3221 δὲ
1311 3169 1736 3242 σύμμορφοιτοῡ
1771 3173 2000 3227 θανάτου

2178 2259 2388 2316 Idcirco
2431 2260 2598 2315 etiam
2649 2267 2770 2329 post
2819 2259 3130 2329 adoptionis
3172 2257 3536 2330 dignitatem,
3568 2256 3691 2313 dia-

2105 2353 2265 2409 bolus
2304 2353 2465 2408 nobis
2511 2353 2886 2408 vehementius
2928 2352 3238 2418 insidiatur,
3285 2349 3470 2404 invido
3517 2351 3683 2403 oculo

2105 2445 2537 2510 contabescens,
2573 2443 2702 2498 dum
2749 2459 2946 2501 recens
2981 2447 3097 2498 nati
3144 2443 3385 2500 hominis
3426 2440 3690 2497 festinan-

2105 2534 2176 2589 tis
2225 2533 2293 2587 ad
2319 2534 2597 2588 caelestem
2640 2535 3028 2603 rempublicam
3054 2577 3069 2600 ,
3121 2535 3265 2590 unde
3310 2535 3404 2591 ille
3449 2537 3676 2604 excidit,

2112 2623 2577 2695 pulchritudinem
2610 2625 2877 2690 intuetur,
2903 2633 2959 2682 et
2985 2627 3215 2682 acerbas
3247 2627 3412 2683 nobis
3439 2643 3503 2683 ac
3531 2629 3691 2684 vehe-

2114 2727 2326 2772 mentes
2365 2716 2574 2771 excitat
2610 2718 2942 2773 tentationes
2964 2759 2979 2783 ,
3011 2718 3315 2772 secundum
3346 2736 3567 2790 quoque
3597 2737 3689 2774 or-

2109 2816 2426 2862 namentum
2454 2808 2618 2864 sicuti
2647 2809 2885 2878 priorem
2913 2818 3168 2864 ornatum
3195 2809 3412 2868 auferre
3438 2813 3688 2869 studens.

2109 2895 2311 2952 Verum
2343 2899 2434 2953 ubi
2465 2901 2807 2956 senserimus
2831 2901 2954 2970 ejus
2978 2903 3259 2969 incursus,
3285 2906 3542 2960 convenit
3564 2921 3689 2975 apo-
3707 2885 3723 2894 ’

2109 2991 2364 3045 stolicum
2384 2992 2590 3046 dictum
2611 2994 3024 3064 nobismetipsis
3039 2993 3314 3063 subjicere
3341 3015 3352 3050 :
3383 2995 3690 3068 Quicunque

2107 3081 2162 3133 in
2190 3080 2460 3135 Christum
2487 3082 2744 3151 baptizati
2768 3101 2972 3147 sumus,
2997 3085 3052 3137 in
3079 3095 3300 3138 mortem
3326 3087 3494 3156 ipsius
3521 3085 3692 3153 bapti-

2110 3175 2219 3228 zati
2253 3190 2435 3228 sumus
2464 3173 2531 3227 “.
2578 3174 2736 3242 Quod
2781 3176 2827 3232 si
2869 3175 3189 3232 conformes
3236 3178 3398 3231 morti
3430 3176 3562 3232 facti
3595 3194 3690 3233 su-

421 3254 754 3326 γεγόναμεν,
790 3257 958 3328 νεκρά
1007 3258 1225 3323 πάντως
1272 3260 1457 3315 λοιπὸν
1489 3263 1547 3314 ὲν
1583 3265 1713 3335 ἡμῖν
1747 3267 1780 3334 ἡ
1823 3265 2004 3336 ἁμαρ-

2110 3279 2253 3328 mus,
2285 3272 2560 3319 mortuum
2590 3279 2822 3334 prorsus
2845 3263 3104 3335 deinceps
3129 3265 3184 3319 in
3217 3265 3379 3322 nobis
3407 3273 3690 3335 peccatum

419 3346 532 3408 τία,
564 3346 639 3417 τῷ
663 3349 993 3421 σειρομάστῃ
1027 3350 1328 3404 διελαθεῖσα
1375 3353 1468 3406 τοῦ
1500 3355 1894 3426 βαπτίσματος,
1929 3356 2004 3420 ὡς

421 3440 450 3491 6
484 3439 678 3511 πόρνος
711 3443 916 3506 ἐκεῖνος
968 3444 1118 3513 παρὰ
1157 3445 1397 3514 ζηλωτοῦ
1449 3447 1543 3500 τοῦ
1589 3448 1794 3511 Φινεές.
1829 3447 2002 3517 Φεῦγε

421 3531 601 3585 τοίνυν
643 3534 735 3601 ἀφ’
765 3532 943 3603 ἡμῶν,
973 3533 1255 3607 δυσώνυμε
1277 3555 1289 3567 ·
1321 3538 1512 3606 νεκρὸν
1541 3537 1649 3608 γὰρ
1692 3538 1870 3603 θέλεις
1905 3556 2003 3592 συ-

423 3619 620 3686 λεύειν,
652 3621 742 3674 τὸν
770 3621 938 3676 πάλαι
969 3641 1051 3676 σοι
1084 3624 1506 3696 συνταξάμενον,
1536 3627 1630 3680 τὸν
1667 3629 2006 3684 ἀπολέσαντα

423 3710 590 3763 πάλαι
621 3712 756 3783 πρὸς
783 3713 882 3777 τὰς
927 3714 1122 3784 ἡδονὰς
1156 3716 1256 3779 τὰς
1295 3716 1596 3789 αἰσθήσεις.
1651 3718 1864 3791 Νεκρὸς
1901 3737 1999 3772 σω-

425 3802 613 3872 μάτων
661 3803 761 3857 οὑκ
794 3806 914 3876 ὲρᾷ,
948 3806 1140 3875 νεκρὸς
1188 3809 1284 3880 οὐχ
1334 3809 1611 3863 ἁλίσκεται
1651 3810 1884 3883 πλούτῳ,
1917 3831 2003 3866 νε-

425 3893 556 3963 κρὸς
579 3895 640 3948 οὐ
675 3901 1016 3964 συκοφαντεῖ,
1055 3900 1244 3972 νεκρὸς
1285 3904 1346 3955 οὐ
1387 3902 1660 3972 ψεύδεται,
1696 3906 1793 3976 οὐχ
1826 3907 2005 3976 ἀρπά-

425 3985 508 4048 ζει
530 3986 598 4037 τὰ
626 3986 699 4056 μὴ
730 3990 1093 4058 προσήκοντα,
1116 3992 1175 4044 ού
1199 3991 1512 4062 λοιδορεῖται
1529 3998 1639 4059 τοῖς
1668 3999 2008 4068 προστυγχά-

425 4093 596 4130 νουσι.
653 4077 791 4148 Πρὸς
839 4079 1006 4150 ἄλλην
1063 4099 1152 4152 μοι
1211 4084 1353 4154 ζωὴν
1406 4087 1434 4138 6
1489 4086 1600 4155 βίος
1650 4089 2004 4158 ὲκανονίσθη⁶

425 4166 751 4237 ἐπαιδεύθην
794 4169 902 4222 τῶν
949 4172 1256 4240 ὲγκοσμίων
1301 4177 1680 4245 καταφρονεῖν,
1729 4177 1797 4232 τὰ
1845 4179 2010 4248 γήϊνα

427 4259 812 4330 παρατρέχειν,
860 4263 951 4315 καὶ
999 4261 1248 4316 σπεύδειν
1281 4265 1416 4334 πρὸς
1442 4267 1511 4318 τὰ
1549 4268 1795 4336 οὐράνια,
1831 4270 2009 4332 καθὼς

427 4347 522 4399 καὶ
595 4347 806 4411 Παῦλος
871 4350 1167 4422 διαρρήδην
1229 4353 1599 4424 μαρτύρεται,
1666 4359 1745 4410 ὅτι
1809 4358 2010 4427 κόσμος

428 4439 623 4509 ἐκείνῳ
654 4441 1010 4512 ἐσταύρωται,
1060 4445 1308 4508 κάκεῖνος
1338 4445 1416 4516 τῷ
1448 4445 1656 4518 κόσμῳ.
1704 4447 1890 4502 Ταῦτα
1916 4448 2012 4518 ψυα

2106 3363 2193 3409 est
2213 3395 2229 3420 ,
2257 3355 2450 3410 lancea
2476 3355 2833 3425 baptismatis
2853 3397 2868 3421 ,
2902 3357 3048 3410 sicut
3075 3357 3166 3412 ille
3193 3365 3470 3412 scortator
3501 3371 3529 3410 a
3558 3355 3691 3410 Phi-

2107 3461 2275 3502 neeso
2303 3448 2499 3510 zelote,
2523 3448 2619 3516 qui
2648 3447 2833 3502 studio
2862 3457 3027 3517 atque
3058 3462 3244 3502 amore
3275 3447 3366 3502 Dei
3395 3446 3687 3518 ﬂagrabat,

2107 3539 2400 3608 expulsum
2427 3538 2494 3592 ".
2521 3538 2672 3606 Fuge
2699 3538 2866 3608 igitur
2891 3553 2919 3590 a
2951 3537 3134 3599 nobis,
3161 3538 3499 3592 exsecrande
3527 3545 3693 3606 atque

2109 3628 2381 3692 inl‘auste,
2418 3637 2697 3681 mortuum
2730 3627 2875 3682 enim
2911 3627 3148 3695 spoliare
3177 3627 3290 3691 vis,
3325 3627 3418 3695 qui
3465 3626 3594 3681 olim
3635 3643 3692 3680 se

2109 3717 2211 3772 tibi
2245 3716 2647 3786 conjunxerat,
2679 3714 2772 3785 qui
2805 3726 3028 3785 propter
3053 3713 3364 3782 voluptates
3397 3713 3530 3766 olim
3562 3729 3691 3767 sen-

2110 3824 2231 3863 sum
2277 3809 2557 3863 amiserat.
2604 3805 2853 3861 Mortuus
2892 3819 3124 3876 corpora
3170 3819 3276 3858 non
3324 3811 3505 3866 amat,
3540 3819 3690 3856 mor-

2110 3907 2238 3955 tuus
2270 3916 2380 3954 non
2413 3901 2628 3970 capitur
2653 3899 2890 3960 divitiis,
2931 3905 3186 3991 mortu.us
3228 3910 3336 3948 non
3385 3895 3692 3950 calumnia-

2110 4001 2222 4058 tur,
2256 4002 2506 4047 mortuus
2539 4008 2648 4046 non
2707 3992 2992 4054 mentitur,
3029 3988 3138 4043 non
3175 3989 3320 4058 rapit
3349 4003 3413 4043 ea
3465 4003 3587 4058 qua:
3623 3988 3692 4043 ad

2110 4099 2170 4140 se
2205 4101 2319 4140 non
2347 4088 2666 4154 pertinent,
2701 4100 2812 4138 non
2841 4083 3190 4138 conviciatur
3221 4082 3326 4136 sibi
3359 4082 3578 4136 obviam
3614 4080 3694 4134 fa-

2111 4177 2234 4232 ctis.
2283 4175 2460 4229 Aliam
2513 4178 2636 4230 vitae
2679 4176 2959 4244 regulam,
2994 4175 3158 4228 aliam
3210 4190 3426 4229 morum
3479 4172 3690 4229 institui

2111 4283 2392 4334 normam;
2423 4267 2590 4321 didici
2623 4283 2712 4322 res
2741 4265 3049 4320 mundanas
3074 4274 3446 4329 contemnere,
3472 4273 3691 4319 terrena

2114 4367 2576 4429 prmtercurrere,
2627 4366 2682 4412 et
2726 4357 2792 4411 ad
2827 4357 3093 4426 ,coslestia
3145 4355 3446 4417 festinare,
3495 4370 3692 4423 quem-

2114 4448 2408 4503 admodum
2463 4449 2628 4503 etiam
2676 4447 2879 4503 Paulus
2931 4449 3112 4522 palam
3157 4463 3222 4501 ac
3266 4447 3471 4501 diserte
3515 4453 3690 4500 testa-

430 4532 531 4602 χῆς
565 4531 778 4602 ἀληθῶς
825 4534 1283 4606 άναγεννηθείσης
1319 4535 1388 4590 τὰ
1437 4537 1654 4607 ῥήματα
1678 4555 1691 4568 ο
1729 4532 1887 4591 αὗται
1917 4537 2006 4591 τοῦ

2117 4550 2206 4593 tur
2237 4540 2315 4603 “,
2347 4539 2494 4608 quod
2527 4539 2766 4594 mundus
2809 4538 2953 4602 sibi,
2996 4547 3051 4593 et
3097 4539 3215 4606 ipse
3259 4535 3464 4590 mundo
3508 4537 3692 4589 eruci-

430 4625 707 4689 νεοτελοῦς
739 4625 1024 4698 ἀνθρώπου
1067 4631 1262 4699 φωναὶ,
1296 4629 1389 4682 τοῦ
1429 4631 1775 4702 μεμνημένου
1801 4633 1899 4703 τῆς
1933 4634 2008 4685 οἰ-

431 4717 586 4780 κείας
631 4718 936 4789 ὁμολογίας,
985 4719 1049 4791 ῆν
1101 4721 1158 4776 ἐν
1212 4725 1279 4793 τῇ
1328 4721 1624 4794 παραδόσει
1664 4723 1756 4776 τοῦ
1806 4742 2012 4797 μυστη-

436 4807 551 4879 ρίου
589 4809 723 4880 πρὸς
753 4809 885 4864 Θεὸν
937 4812 1249 4882 ἐποιήσατο,
1283 4813 1466 4885 πάσης
1503 4814 1596 4867 καὶ
1624 4816 1893 4887 τιμωρίας
1923 4817 2016 4869 καὶ

434 4901 627 4971 ἡδονῆς
682 4901 823 4974 ὑπὲρ
872 4903 970 4972 τῆς
1018 4905 1098 4966 είς
1159 4905 1323 4958 αὐτὸν
1377 4906 1599 4976 ἀγάπης
1656 4911 2014 4977 καταφρονεῖν

436 4992 826 5063 ὑποσχόμενος.
877 4992 1061 5046 Ταῦτα
1106 4995 1202 5064 μὲν
1250 4993 1342 5051 οὖν
1389 4998 1680 5068 αὐτάρκως
1730 4997 1867 5068 πρὸς
1915 4999 2014 5068 τὴν

439 5083 590 5153 ἱερὰν
616 5085 714 5154 τῆς
743 5083 956 5156 ἡμέρας
986 5085 1258 5148 ὑπόθεσιν,
1293 5087 1358 5158 ἢν
1385 5089 1414 5140 6
1443 5069 1742 5151 κυκλωθεὶς
1774 5088 2016 5152 ἐνιαυτὸς

436 5175 794 5245 τεταγμέναις
838 5175 974 5247 πρὸς
1008 5177 1153 5246 ἡμᾶς
1182 5177 1376 5247 ἤνεγκε
1423 5178 1706 5250 περιόδοις.
1743 5178 1921 5232 Καλὸν
1959 5177 2016 5231 δὲ

438 5265 621 5319 λοιπὸν
644 5265 721 5336 τῷ
749 5263 1113 5338 φιλανθρώπῳ
1141 5267 1236 5336 τῆς
1263 5269 1528 5338 τοσαύτης
1555 5269 1761 5339 δωρεᾶς
1796 5268 2016 5339 χορηγῷ

442 5356 891 5428 προσαναπαῦσαι
920 5358 1010 5412 τὸν
1047 5357 1223 5427 λόγον,
1257 5359 1436 5430 φωνὴν
1468 5360 1654 5431 ὀλίγην
1697 5359 1838 5430 ὑπὲρ
1879 5376 2018 5430 πρα-

442 5449 666 5518 γμάτων
703 5450 952 5520 μεγάλων
994 5451 1092 5524 τὴν
1140 5450 1372 5522 ἀμοιϐὴν
1418 5451 1889 5522 ἀντεισφέροντας.
1942 5450 2014 5502 Σὺ

441 5540 550 5612 γὰρ
585 5541 798 5611 ἀληθῶς
825 5541 1107 5616 ὑπάρχεις,
1139 5543 1402 5609 Δέσποτα,
1431 5541 1648 5614 καθαρά
1675 5542 1766 5599 καὶ
1797 5541 2020 5604 ἀένναος.

442 5636 540 5706 τῆς
560 5635 915 5709 ἀγαθωσύνης
944 5636 1114 5710 πηγὴ,
1133 5635 1193 5702 ὃς
1217 5635 1573 5708 ἀπεστράφης
1602 5632 1745 5707 ἡμᾶς
1770 5627 2013 5698 δικαίως,

520 5813 565 5846 ⁴³
597 5813 787 5870 Matth.
823 5830 875 5877 v,
912 5814 1000 5880 M,
1028 5815 1116 5868 45.

1266 5817 1308 5848 δι
1339 5815 1494 5871 ηοω.
1526 5815 1667 5883 v1,5.
1740 5815 1786 5848 “
1809 5812 2138 5879 Num..xxv,
2170 5813 2201 5869 8
2236 5829 2357 5884 sqq.

2117 4631 2261 4686 tixus
2283 4639 2449 4686 esset.
2481 4629 2608 4686 llaec
2640 4630 2838 4685 animae
2867 4643 2990 4684 vere
3015 4635 3350 4698 regenerata:
3374 4627 3538 4682 verba
3567 4645 3582 4693 ;
3610 4628 3694 4682 hac

2118 4737 2312 4776 recens
2363 4721 2563 4775 initiati
2614 4721 2852 4775 hominis
2896 4735 3093 4784 voces,
3137 4720 3421 4790 proprium
3468 4727 3690 4788 pactum

2117 4813 2377 4866 memoria
2429 4813 2712 4878 tenentis,
2765 4811 2912 4881 quod
2976 4821 3198 4881 pactum
3267 4812 3324 4865 in
3395 4811 3692 4866 traditione

2116 4903 2363 4974 mysterii
2388 4917 2512 4956 cum
2543 4901 2651 4956 Deo
2682 4902 2839 4966 fecit,
2871 4917 2996 4955 cum
3025 4916 3240 4954 omnem
3272 4914 3489 4969 prenam
3512 4940 3527 4966 ,
3560 4915 3691 4954 cru-

2115 4995 2319 5050 ciatum
2349 5003 2403 5048 et
2433 4993 2764 5062 voluptatem
2795 5007 2893 5062 pro
2921 4992 3071 5048 illius
3098 4990 3397 5046 dilectione
3425 5005 3485 5044 se
3510 4991 3693 5060 negle-

2114 5098 2333 5140 cturum
2355 5100 2479 5140 esse
2495 5085 2768 5155 promisit.
2791 5084 2972 5154 Atque
2997 5085 3113 5137 haec
3138 5081 3359 5152 quidem
3382 5081 3450 5136 ad
3473 5097 3691 5136 sacrum

2115 5176 2222 5232 diei
2254 5185 2670 5246 argumentum,
2699 5191 2860 5244 quem
2900 5174 3044 5228 diem
3080 5174 3134 5226 in
3165 5173 3353 5226 orbem
3389 5175 3552 5229 statis
3580 5175 3690 5228 cir-

2116 5269 2359 5324 cuitibus
2402 5284 2581 5321 annus
2627 5276 2785 5321 actus
2834 5266 2900 5320 ad
2947 5281 3047 5321 nos
3097 5267 3321 5334 retulit,
3353 5267 3500 5321 dicta
3542 5267 3692 5322 sulli-

2115 5361 2284 5416 ciant.
2318 5357 2472 5413 Haud
2503 5359 2739 5413 alienum
2788 5357 3047 5427 deinceps
3088 5359 3284 5424 fuerit,
3315 5367 3374 5412 ut
3414 5357 3482 5411 ad
3530 5375 3688 5424 eum,

2118 5452 2210 5523 qui
2238 5460 2448 5505 tantum
2477 5449 2634 5504 nobis
2661 5449 2867 5504 donum
2898 5449 3134 5518 benigne
3162 5448 3396 5519 largitus
3423 5454 3506 5502 est
3527 5487 3540 5512 ,
3568 5463 3694 5502 cou-

2118 5560 2280 5600 verso
2307 5559 2559 5599 sermone
2583 5585 2596 5607 ,
2630 5543 2732 5597 hoc
2764 5541 2925 5596 modo
2955 5542 3118 5596 linem
3145 5540 3362 5596 dicendi
3393 5539 3688 5604 faciamus,

2119 5635 2368 5706 exiguam
2402 5649 2589 5690 vocem
2634 5648 2953 5704 magnarum
2998 5647 3180 5689 rerum
3223 5629 3690 5703 compcnsationis

2433 5814 2477 5845 ⁵⁸
2503 5811 2677 5867 Galat.
2703 5824 2774 5874 γι,
2811 5810 2896 5863 Η.
