4084 6158
351 343 456 406 ’601

1307 350 1374 406 ΙΝ
1411 350 1684 408 CHRISTI
1723 351 2353 410 RESURRECTIONEM
2391 352 2600 410 ORAT.
2637 354 2679 408 1.

3495 346 3602 406 602

358 463 717 535 προκείμενον
765 466 873 529 τοῖς
921 465 1215 537 ὀφθαλμοῖς
1263 466 1422 537 ήμῶν
1466 467 1662 538 θέαμα,
1710 468 1769 520 ἒν
1813 467 1929 537 φῶς

2035 475 2156 527 culo
2181 472 2341 528 nobis
2371 473 2556 540 aliquo
2593 467 2874 540 proposito
2923 467 3107 522 lumen
3142 480 3308 520 unum
3338 480 3404 520 ex
3437 465 3600 518 innu-

359 557 785 629 περιαστράπτει
836 558 898 611 τὸ
939 558 1038 622 τὰς
1087 558 1242 628 ὄψεις
1290 561 1356 613 ἐκ
1401 560 1608 630 μυρίων
1639 561 1933 629 λαμπάδων

358 645 770 718 ὲρανιζόμενον’
820 649 964 702 οὕτω
998 651 1146 702 πᾶσα
1193 651 1228 720 ἡ
1285 648 1379 702 τοῦ
1412 649 1648 721 Χριστοῦ
1694 651 1930 719 εὐλογία,

359 739 566 808 πυρσοῦ
599 740 754 810 δίκην
795 739 917 793 καθ’
958 740 1154 809 ἑαυτὴν
1183 739 1492 808 λάμπουσα,
1525 740 1680 794 τοῦτο
1711 743 1842 812 ἡμῖν
1873 742 1934 794 τὸ

362 831 504 900 μέγα
531 830 648 898 φῶς
678 831 1068 903 ἀπεργάζεται,
1096 832 1158 884 τὸ
1196 833 1260 884 ὲκ
1300 831 1510 885 πολλῶν
1537 849 1597 884 τε
1625 833 1719 884 καὶ⁸
1753 832 1931 884 ποικί-

357 923 465 974 λων
491 923 590 992 τῆς
631 924 853 994 Γραφῆς
886 925 1120 978 ἀκτίνων
1154 923 1677 994 συγκεραννύμενον.
1719 923 1932 988 Ἔξεστι

359 1011 468 1082 γὰρ
488 1013 671 1066 λαϐεῖν
694 1016 786 1082 ἀφ’
817 1015 1046 1070 ἑκάστου
1075 1015 1184 1067 τῶν
1206 1015 1576 1068 θεοπνεύστων
1608 1014 1934 1084 ἀποδειγμά-

357 1120 467 1155 των
499 1103 560 1156 τὸ
591 1104 688 1174 τῆς
717 1104 994 1176 παρούσης
1025 1103 1338 1176 ἱερομηνίας
1365 1103 1714 1174 κατάλληλον.
1742 1105 1934 1175 Ζητεῖς

357 1193 458 1263 τὴν
485 1193 578 1246 τοῦ
611 1195 857 1266 Ἀϐραὰμ
880 1196 1129 1264 εὐλογίαν
1149 1212 1164 1261 ;
1197 1197 1382 1266 Ἔχεις
1403 1196 1464 1249 τὸ
1485 1195 1830 1266 ζητούμενον,
1854 1196 1934 1260 είς

358 1282 430 1338 τὰ
479 1285 722 1355 παρόντα
765 1285 996 1354 βλέπων.
1039 1286 1202 1357 Ὁρᾷς
1231 1284 1300 1338 τά
1340 1285 1514 1356 άστρα
1541 1284 1634 1338 τοῦ
1669 1275 1934 1356 οὐρανοῦ,

357 1376 534 1428 ταῦτα
566 1376 706 1444 λέγω
732 1377 800 1430 τὰ
829 1377 1022 1448 ἄστρα.
1067 1376 1137 1430 τά
1175 1377 1240 1430 ὲκ
1267 1376 1361 1430 τοῦ
1400 1376 1612 1448 Πατρὸς
1641 1376 1800 1446 ἡμῶν
1831 1378 1934 1447 ἁρ-

356 1466 491 1528 τίως
522 1467 893 1531 ἀνατείλαντα,
931 1467 1028 1522 καὶ
1055 1467 1281 1540 οὐρανὸν
1308 1467 1518 1536 ἀθρόως
1556 1467 1654 1538 τὴν
1706 1467 1934 1540 Ἐκκλη-

361 1557 484 1610 σίαν
509 1560 824 1629 ποιήσαντα,
857 1553 932 1615 ὧν
958 1562 991 1631 ἡ
1019 1561 1117 1632 τῆς
1142 1560 1321 1631 ψυχῆς
1349 1559 1732 1630 ἀστράπτουσα
1757 1559 1936 1631 χάρις,

359 1652 482 1714 ταῖς
520 1651 628 1703 τῶν
670 1653 892 1723 πυρσῶν
922 1653 1104 1705 ἀκτῖσι
1145 1652 1598 1722 διασημαίνεται;
1637 1653 1730 1704 καὶ
1763 1650 1939 1704 ταῦτά

359 1759 445 1804 τις
477 1739 645 1794 εἰπὼν
682 1742 848 1808 ὅντως
873 1741 966 1796 τοῦ
1013 1742 1263 1812 Ἀϐραὰμ
1293 1735 1435 1794 εἶναι
1461 1739 1622 1794 τέκνα
1669 1741 1727 1804 ἐξ
1761 1742 1936 1809 ἐπαγ-

359 1832 545 1900 γελίας
577 1832 726 1903 αὐτῷ
753 1833 1112 1904 γεγενημένα,
1146 1833 1216 1886 τά
1253 1835 1366 1894 τοῖς
1393 1831 1613 1902 ἄστροις
1652 1831 1745 1884 τοῦ
1772 1833 1935 1903 ούρα-

360 1921 454 1974 νοῦ
483 1921 831 1993 δμοιούμενα,
857 1923 955 1992 τῆς
987 1921 1243 1993 ἀληθείας
1267 1923 1364 1992 οὐχ
1394 1922 1789 1992 ἁμαρτήσεται.
1828 1923 1936 1974 Καὶ

359 2011 664 2082 Θαυμάζεις
700 2013 791 2066 τὸν
826 2012 1024 2083 ὑψηλὸν
1057 2011 1314 2074 Μωῡσέα,
1365 2011 1459 2064 τὸν
1487 2013 1666 2064 πᾶσαν
1697 2011 1796 2080 τὴν
1839 2009 1933 2064 τοῦ

358 2101 498 2154 Θεοῦ
547 2102 721 2156 κτίσιν
767 2101 1086 2157 διαλαϐόντα
1128 2105 1194 2173 τῇ
1235 2101 1461 2171 δυνάμει
1508 2101 1606 2172 τῆς
1647 2099 1934 2168 γνὼσεως;

375 2191 505 2244 Ἰδού
537 2209 619 2246 σοι
662 2193 759 2263 τῆς
805 2191 1026 2264 πρώτης
1055 2192 1444 2263 κοσμογενείας
1484 2191 1545 2244 τὸ
1575 2189 1935 2260 εύλογημένον

359 2285 661 2340 Σάϐϐατον.
737 2283 1008 2357 Γνώρισον
1069 2286 1136 2338 δι’
1211 2284 1420 2338 ἐκείνου
1491 2282 1584 2357 τοῦ
1655 2282 1934 2337 Σαϐϐάτου

359 2376 616 2431 τοῦτο’τὸ
659 2355 956 2441 Σάϐϐατον,
985 2377 1085 2449 τὴν
1112 2377 1213 2448 τῆς
1259 2355 1656 2438 καταπαύσεως
1699 2373 1933 2446 ἡμέραν,

359 2473 431 2540 ἡν
477 2471 767 2541 εὐλόγησεν
807 2471 837 2522 6
879 2468 1010 2532 Θεὸς
1059 2469 1199 2540 ὑπὲρ
1245 2469 1346 2532 τὰς
1385 2469 1548 2530 ἄλλας
1577 2467 1808 2538 ἡμέρας.
1847 2465 1936 2518 Ἐν

358 2559 535 2634 ταύτῃ
576 2561 685 2630 γὰρ
727 2559 1067 2614 κατέπαυσεν
1123 2558 1337 2628 ἀληθῶς
1390 2559 1497 2612 ἀπὸ
1557 2558 1772 2610 πάντων
1828 2557 1936 2612 τῶν

360 2651 539 2721 ἔργων
579 2649 743 2704 αὐτοῦ
787 2651 816 2703 6
848 2650 1157 2720 Μονογενὴς
1185 2649 1315 2712 Θεὸς
1337 2689 1353 2714 ,
1401 2649 1492 2702 διὰ
1528 2649 1628 2719 τῆς
1663 2647 1805 2702 κατά
1845 2648 1936 2702 τὸν

361 2743 591 2796 θάνατον
641 2742 950 2812 οἰκονομίας
976 2744 1040 2812 τῇ
1071 2740 1234 2812 σαρκὶ
1263 2739 1592 2803 σαϐϐατίσας
1611 2756 1625 2770 ⁸
1663 2739 1758 2794 καὶ
1790 2739 1870 2803 είς
1907 2738 1937 2792 ὃ

359 2828 433 2902 ἦν
478 2831 640 2886 πάλιν
685 2831 1014 2898 ἐπανελθὼν,
1049 2832 1136 2886 διὰ
1165 2833 1265 2903 τῆς
1309 2831 1659 2894 ἀναστάσεως
1699 2830 1845 2885 ἅπαν
1873 2830 1947 2883 τὸ

365 2920 616 2991 κείμενον
666 2919 845 2991 έαυτῷ
889 2921 1270 2991 συνανέστησε,
1303 2919 1436 2992 ζωὴ,
1485 2921 1579 2974 καὶ
1622 2919 1935 2985 ἀνάστασις,

364 3012 461 3065 καὶ
500 3010 752 3081 ἀνατολὴ,
804 3010 896 3063 καὶ
933 3010 1118 3082 ἡμέρα
1168 3011 1281 3072 τοῖς
1312 3013 1370 3062 ὲν
1419 3011 1600 3062 σκότει
1658 3010 1753 3063 καὶ
1809 3009 1938 3080 σκιᾷ

365 3100 595 3154 θανάτου
658 3099 988 3170 καθημένοις
1019 3100 1325 3170 γενόμενος.
1361 3100 1577 3170 Πλήρης
1612 3117 1692 3152 τοι
1722 3101 1755 3170 ἡ
1795 3100 1938 3152 ἱστο-

367 3194 463 3264 ρία
507 3193 607 3262 τῆς
651 3191 945 3260 συγγενοῦς
989 3191 1238 3258 εὐλογίας
1267 3208 1282 3222 ο
1327 3192 1356 3243 6
1405 3191 1587 3261 πατὴρ
1621 3190 1712 3242 τοῦ
1755 3189 1939 3242 ἰσαάκ

364 3281 576 3336 ἐκείνου
601 3281 695 3335 τοῦ
739 3281 1020 3352 ἀγαπητοῦ
1061 3281 1136 3352 μὴ
1164 3280 1492 3351 φειδόμενος,
1526 3281 1618 3334 καὶ
1655 3281 1684 3333 6
1723 3297 1942 3350 μονογε-

363 3375 464 3446 νὴς
494 3375 774 3445 προσφορὰ
803 3375 894 3427 καὶ
929 3373 1086 3426 Θυσία
1125 3375 1434 3443 γενόμενος,
1488 3373 1582 3425 καὶ
1613 3372 1782 3443 ἀμνὸς
1818 3372 1940 3426 ἀντὶ

363 3467 554 3521 τούτου
589 3465 1040 3536 σφαγιαζόμενος.
1084 3465 1300 3532 Ἔξεστι
1339 3463 1447 3533 γὰρ
1479 3463 1604 3517 ἰδεῖν
1625 3463 1767 3534 ἐντῇ
1796 3465 1940 3516 ίστο-

369 3559 462 3629 ρίᾳ
490 3558 598 3611 πᾶν
634 3556 696 3610 τὸ
727 3557 827 3626 τῆς
867 3554 1148 3618 εὐσεϐείας
1181 3555 1495 3625 μυστήριον.
1537 3555 1594 3607 Ὀ
1638 3553 1809 3624 ἀμνὸς
1843 3553 1938 3608 τοῦ

367 3649 524 3714 ξύλου
562 3647 876 3719 ἐξήρτηται,
908 3649 973 3700 ὲκ
994 3647 1104 3701 τῶν
1131 3647 1374 3718 κεράτων
1397 3644 1757 3715 κατεχόμενος
1779 3661 1793 3675 ⁸
1824 3649 1852 3698 6
1883 3645 1939 3698 δὲ

367 3739 662 3811 μονογενὴς
683 3739 938 3810 βαστάζει
970 3737 1056 3807 ἐφ’
1081 3737 1275 3791 ἑαυτοῦ
1298 3736 1365 3790 τά
1391 3736 1489 3806 τῆς
1515 3735 1940 3805 ὁλοκαρπώσεως

365 3832 520 3899 ξύλα.
572 3833 769 3903 Ὁρᾷς,
799 3831 828 3883 6
855 3829 1032 3886 πάντα
1074 3829 1254 3900 φέρων
1285 3827 1364 3898 τῷ
1397 3828 1601 3899 ῥήματι
1647 3829 1744 3898 τῆς
1779 3827 1935 3882 δυνά·

369 3941 536 3994 μεως,
586 3922 615 3974 6
651 3921 823 3988 ,αὐτὸς
853 3920 946 3974 καὶ
993 3919 1054 3974 τὸ
1083 3919 1298 3992 φορτίον
1336 3919 1492 3992 φέρει
1518 3918 1628 3972 τῶν
1659 3918 1939 3990 ἡμετέρων

367 4015 562 4081 ξύλων,
601 4014 700 4078 καὶ,
722 4013 826 4067 ὐπὸ
856 4011 948 4067 τοῦ
978 4012 1134 4079 ξύλου
1157 4012 1617 4083 ἀναλαμϐάνεται,
1654 4011 1939 4082 βαστάζων

366 4107 444 4170 ὡς
475 4106 606 4169 Θεὸς
632 4145 647 4170 ,
678 4105 772 4158 καὶ
810 4103 979 4175 ἀμνὸς
1007 4102 1434 4173 βασταζόμενος·
1469 4101 1611 4155 οὐτω
1637 4100 1730 4154 τοῦ
1785 4099 1938 4168 ἁγίου

368 4196 684 4268 Πνεύματος
712 4195 774 4249 τὸ
818 4195 962 4266 μέγα
994 4193 1294 4264 μυστήριον
1336 4192 1580 4255 τυπικῶς
1614 4192 1940 4263 ἀμφοτέροις

367 4287 804 4357 ὲπιμερίσαντος,
833 4284 914 4354 τῷ
948 4300 1006 4337 τε
1039 4282 1378 4354 ἠγαπημένῳ
1405 4282 1540 4353 Υίῷ,
1571 4281 1665 4335 καὶ
1694 4281 1772 4352 τῷ
1803 4299 1940 4352 συμ-

368 4378 781 4448 παραδειχθέντι
813 4377 1067 4447 προϐάτῳ
1093 4391 1110 4407 ⁶
1132 4375 1272 4432 ὥστε
1317 4375 1593 4446 δειχθῆναι
1636 4376 1694 4428 ὲν
1735 4373 1833 4444 μὲν
1861 4372 1939 4445 τῷ

2037 563 2394 618 merabilibus
2423 562 2632 616 facibus
2672 559 2966 615 conﬂatum
2996 558 3401 628 praestringeret
3429 558 3599 612 aciem

2034 655 2340 721 oculorum,
2382 653 2562 708 omnis
2600 651 2804 706 Christi
2857 649 3169 705 benedictio
3217 658 3476 717 tanquam
3511 648 3603 702 lux

2034 763 2133 818 per
2159 763 2217 802 se
2252 746 2484 816 fulgens,
2518 759 2773 815 maguum
2805 742 2951 796 hunc
2981 741 3178 795 animis
3202 741 3403 793 nostris
3424 741 3604 809 splen-

2033 839 2224 893 dorem
2256 854 2319 892 ex
2357 837 2542 892 multis
2575 844 2627 890 et
2659 834 2824 888 variis
2867 833 3165 902 Scripturae
3210 831 3378 884 radiis
3412 845 3604 899 prove-

2034 931 2271 983 nientem
2303 929 2522 984 emittit.
2548 927 2702 982 Licet
2723 925 2871 980 enim
2899 940 2965 979 ex
2992 925 3222 993 singulis
3255 924 3372 991 ejus
3403 922 3604 977 divinis

2032 1022 2298 1091 exemplis
2327 1030 2571 1074 mutuum
2601 1019 2830 1087 hujusce
2865 1016 3198 1071 celebritatis
3230 1016 3601 1074 testimonium
3679 1067 3684 1071 .

2033 1113 2309 1182 colligere.
2345 1111 2552 1177 Quaaris
2585 1109 2818 1163 Ahrahm
2847 1106 3322 1163 benedictionem?
3357 1104 3602 1158 Praesen-

2034 1203 2110 1257 tia
2150 1202 2536 1272 contemplare,
2569 1209 2623 1255 et
2648 1200 2874 1254 habebis
2914 1197 2968 1251 id
3002 1196 3147 1266 quod
3182 1195 3434 1263 requiris.
3465 1193 3601 1248 ϐαςιί

2036 1295 2224 1351 stellas
2253 1308 2360 1348 non
2391 1292 2542 1349 vides
2562 1293 2614 1346 ‘?
2637 1290 2768 1355 Has,
2824 1291 3066 1359 inquam,
3099 1285 3313 1355 stellas,
3341 1301 3460 1353 quae
3494 1301 3599 1338 nu-

2037 1401 2135 1456 per
2171 1401 2238 1442 ex
2269 1385 2465 1455 spiritu
2511 1381 2669 1438 nobis
2707 1390 2929 1447 exortae,
2954 1379 3135 1434 statim
3169 1379 3368 1431 coelum
3416 1375 3604 1429 Eccle-

2038 1479 2177 1533 siam
2210 1476 2566 1532 reddiderunt
2599 1493 2612 1530 :
2649 1474 2930 1530 stellarum
2962 1471 3105 1528 enim
3146 1468 3315 1522 radiis
3345 1467 3604 1538 praclara

2037 1567 2280 1621 virorum
2310 1566 2510 1620 virtute
2539 1565 2847 1634 pietateque
2897 1559 3272 1631 praestantium
3329 1557 3502 1628 gratia
3531 1558 3606 1611 si-

2037 1655 2327 1727 gniﬁcatur
2367 1672 2381 1709 :
2422 1667 2560 1722 quos
2591 1652 2636 1707 si
2678 1652 2802 1720 quis
2834 1651 3065 1704 Abrahze
3104 1650 3248 1702 ﬁlios
3277 1663 3343 1702 ex
3375 1645 3607 1716 promis-

2039 1749 2192 1803 sione
2238 1754 2395 1801 natos
2433 1745 2556 1799 (εωιί
2587 1743 2860 1798 sideribus
2893 1741 3100 1797 similes
3142 1738 3364 1804 dixerit,
3396 1753 3425 1790 a
3458 1737 3606 1791 veri-

2037 1843 2147 1890 tate
2180 1849 2288 1889 non
2321 1835 2618 1889 aberrahit.
2647 1832 2850 1887 Mosem
2897 1831 3047 1885 illum
3077 1829 3337 1884 eximium
3368 1827 3606 1883 admira-

2035 1925 2134 1988 ris,
2189 1925 2280 1994 qui
2355 1924 2598 1978 scientiae
2663 1920 3100 1992 cognitionisque
3145 1917 3457 1989 praestantia
3516 1933 3604 1973 res

2035 2030 2226 2071 omnes
2266 2029 2297 2068 a
2345 2011 2452 2068 Deo
2489 2021 2803 2083 procreatas
2833 2008 3284 2079 comprehendit?
3315 2007 3455 2062 Ecce
3503 2006 3603 2062 tibi

2037 2108 2227 2178 prima:
2258 2105 2446 2159 mundi
2500 2103 2896 2174 procreationis
2943 2101 3265 2161 Sabbatum,
3301 2101 3387 2153 cui
3434 2100 3602 2153 bene-

2034 2199 2171 2253 dixit
2221 2197 2386 2254 Deus.
2442 2196 2519 2250 Ex
2557 2197 2650 2250 illo
2684 2196 2923 2249 Sabbato
2962 2209 3200 2264 praesens
3243 2193 3347 2260 hoc
3396 2190 3605 2244 Sabba-

2035 2301 2148 2348 tum
2182 2308 2441 2363 agnosce,
2470 2291 2668 2362 quietis
2714 2290 2860 2343 hunc
2906 2289 3071 2350 diem,
3127 2288 3212 2340 cui
3273 2300 3434 2354 supra
3487 2283 3604 2336 dies

2037 2387 2179 2450 alios
2208 2385 2471 2439 Dominus
2526 2380 2821 2437 benedixit.
2852 2379 2910 2433 In
2948 2380 3050 2433 hoc
3075 2379 3219 2434 enim
3249 2391 3375 2430 vere
3400 2375 3468 2429 ab
3489 2389 3607 2428 om-

2034 2478 2198 2532 nibus
2241 2475 2498 2544 operibus
2547 2473 2664 2528 suis
2711 2471 2853 2526 Deus
2901 2468 3224 2538 Unigenitus
3273 2465 3602 2534 conquievit,

2034 2569 2127 2639 qui
2159 2568 2345 2623 divino
2393 2565 2589 2619 salutis
2622 2564 2875 2617 humanm
2909 2560 3164 2614 curandae
3199 2558 3450 2620 consilio,
3481 2571 3603 2610 cum

2035 2673 2133 2727 per
2159 2664 2390 2711 mortem
2449 2655 2604 2709 carni
2656 2654 2892 2723 quietem
2940 2650 3280 2720 praebuisset,
3309 2656 3362 2702 et
3417 2647 3472 2701 in
3527 2645 3602 2708 id,

2037 2750 2182 2821 quod
2225 2755 2366 2812 erat,
2419 2762 2518 2816 per
2572 2744 3030 2801 resurrectionem
3085 2742 3422 2805 revertisset,
3452 2739 3609 2808 quid-

2036 2841 2167 2912 quid
2191 2841 2410 2910 jacebat
2443 2855 2632 2896 secum
2674 2838 3041 2900 exsuscitans,
3090 2837 3221 2900 vita,
3266 2841 3320 2889 et
3356 2848 3606 2889 resurre-

2036 2935 2168 2998 ctio,
2197 2943 2251 2988 et
2291 2947 2512 2994 aurora,
2569 2939 2624 2986 et
2678 2945 2854 2991 mane.
2920 2936 2975 2984 et
3040 2927 3157 2982 dies
3207 2927 3260 2980 in
3293 2925 3531 2980 tenebris
3553 2932 3609 2978 et

2039 3026 2234 3078 umbra
2263 3025 2456 3079 mortis
2491 3023 2817 3091 degentibus
2850 3019 3028 3076 factus
3052 3020 3193 3074 est‘.
3234 3015 3412 3070 Simili
3442 3016 3609 3070 bene-

1963 3129 2008 3191 ο
2040 3117 2276 3171 dictione
2307 3115 2534 3170 historia
2565 3115 2693 3168 item
2724 3112 2922 3168 referta
2949 3118 3034 3165 est
3049 3111 3089 3162 ⁸.
3116 3109 3279 3163 Pater
3302 3106 3454 3160 Isaac
3475 3106 3608 3161 dile-

2039 3216 2132 3263 cto
2171 3207 2284 3262 ﬁlio
2315 3222 2425 3261 non
2465 3219 2698 3278 parcens
2731 3219 2852 3267 suo,
2882 3209 2935 3258 et
2969 3200 3277 3270 unigenitus
3310 3199 3532 3258 oblatio,
3555 3203 3610 3250 et

2037 3299 2256 3353 victima
2292 3297 2487 3360 factus,
2519 3307 2574 3351 et
2595 3311 2768 3366 agnus
2806 3295 2929 3348 loco
2970 3293 3118 3347 illius
3155 3290 3248 3360 qui
3289 3287 3608 3344 immolaba-

2039 3394 2148 3441 tur.
2181 3385 2332 3441 Licet
2360 3387 2504 3440 enim
2535 3391 2708 3439 totum
2745 3383 2799 3436 in
2840 3381 2944 3434 hac
2984 3379 3208 3434 historia
3238 3376 3456 3446 pietatis
3489 3389 3609 3443 my-

2039 3478 2268 3532 sterium
2317 3474 2538 3530 intueri.
2584 3475 2774 3542 Agnus
2821 3485 2852 3524 e
2879 3470 3047 3537 ligno
3093 3467 3356 3521 cornibus
3386 3465 3604 3518 haerens

2037 3568 2326 3639 pendebat.
2365 3565 2690 3634 Unigenitus
2712 3569 2894 3616 autem
2922 3559 3227 3613 holocausti
3254 3558 3400 3625 ligna
3430 3562 3609 3624 gesta-
3697 3561 3703 3564 ‘

2036 3663 2150 3713 bat.
2174 3657 2369 3712 Cernis
2396 3669 2504 3724 quo
2533 3652 2697 3709 modo
2729 3651 2822 3721 qui
2867 3657 3066 3704 cuncta
3098 3647 3206 3703 fert
3238 3647 3405 3700 verbo
3438 3644 3610 3698 virtu-

2038 3748 2111 3803 tis
2135 3761 2266 3811 suae,
2296 3745 2343 3801 is
2375 3753 2430 3798 et
2458 3745 2730 3812 lignorum
2754 3747 3067 3794 nostrorum
3098 3735 3203 3790 fert
3231 3749 3395 3793 onus,
3425 3738 3480 3786 et
3513 3745 3607 3784 su-

2041 3852 2139 3907 per
2163 3836 2372 3906 lignum
2406 3832 2709 3896 extollitur,
2739 3830 2918 3885 ferens
2941 3827 3158 3897 quidem
3191 3832 3252 3903 ut
3282 3822 3446 3886 Deus,
3480 3820 3610 3875 sub-

2037 3929 2182 3983 latus
2229 3933 2412 3981 autem
2466 3933 2728 3994 tanquam
2786 3919 2994 3991 agnus?
3058 3916 3149 3971 Sic
3185 3915 3328 3970 enim
3372 3913 3610 3982 Spiritus

2037 4028 2260 4075 sanctus
2305 4026 2536 4087 utraque
2565 4029 2627 4070 re
2672 4013 2853 4082 magni
2887 4010 3135 4082 mysterii
3185 4007 3413 4078 ﬁguram
3442 4004 3612 4074 parti-

2037 4116 2129 4164 tus
2153 4118 2256 4171 est,
2285 4115 2399 4160 tum
2434 4106 2635 4160 dilecto
2666 4101 2800 4166 ﬁlio,
2835 4109 2950 4154 tum
2989 4093 3153 4153 simul
3179 4106 3404 4151 ostenso
3431 4107 3606 4164 agno;

2037 4207 2098 4252 ut
2129 4213 2224 4267 per
2249 4211 2448 4266 agnum
2481 4193 2675 4248 mortis
2702 4197 3104 4246 sacramentum
3131 4185 3482 4256 significaret,
3514 4195 3610 4250 per

2036 4288 2377 4359 unigenitum
2405 4293 2582 4341 autem
2612 4286 2788 4336 vitam
2813 4289 2986 4334 morte
3017 4292 3122 4330 non
3156 4283 3395 4343 ereptam
3423 4279 3608 4326 osten-

2037 4381 2212 4438 deret.
2269 4379 2328 4434 Si
2368 4379 2452 4434 vis
2504 4386 2558 4430 et
2612 4374 2814 4430 Mosen]
2854 4373 3032 4442 ipsum
3089 4365 3462 4428 considerare,
3494 4375 3610 4414 ma-

365 4471 624 4542 προϐάτῳ
659 4470 720 4524 τὸ
759 4469 852 4522 τοῦ
895 4469 1123 4523 Θανάτου
1173 4467 1490 4538 μυστήριον,
1533 4468 1591 4518 ὲν
1633 4465 1690 4518 δὲ
1731 4465 1807 4536 τῷ
1843 4483 1935 4536 μο-

2041 4489 2211 4528 nuum
2274 4469 2598 4526 extensione
2657 4479 2878 4520 crucem
2944 4459 3380 4519 describentem,
3437 4467 3610 4521 eaque

372 4565 572 4631 δογενεῖ
599 4562 698 4632 τὴν
725 4559 889 4631 ζωὴν,
916 4561 1012 4630 τὴν
1045 4560 1119 4630 μὴ
1137 4558 1565 4628 διακοπτομένην
1588 4556 1666 4628 τῷ
1697 4555 1929 4627 Θανάτῳ.

363 4657 429 4710 El
463 4655 521 4708 δὲ
544 4654 720 4724 βούλει
765 4653 858 4706 καὶ
901 4651 1061 4706 αὐτὸν
1093 4651 1184 4704 τὸν
1227 4651 1466 4706 Μωῦσέα
1494 4648 1698 4713 λαϐεῖν,
1729 4651 1794 4719 τῇ
1825 4646 1934 4700 τῶν

362 4746 563 4818 χειρῶν
610 4745 828 4799 ἐκτάσει
873 4743 963 4796 τὸν
1012 4742 1241 4812 σταυρὸν
1287 4741 1674 4811 διαγράφοντα,
1723 4741 1816 4792 καὶ
1858 4738 1934 4802 ὡς

361 4839 442 4909 τῷ
481 4838 719 4908 σχήματι
765 4833 937 4902 τούτῳ
981 4832 1071 4884 τὸν
1125 4831 1370 4901 Ἀμαλὴχ
1402 4830 1932 4901 καταστρεφόμενον,

362 4929 540 4996 ἔξεστί
565 4945 648 4982 σοι
678 4927 894 4997 βλέπειν
930 4925 988 4977 ἐν
1022 4925 1087 4993 τῇ
1126 4922 1350 4993 ἀληθείᾳ
1384 4923 1472 4976 τὸν
1516 4921 1703 4982 τύπον,
1738 4921 1833 4975 καὶ
1855 4919 1935 4990 τῷ

366 5019 584 5091 σταυρῷ
627 5019 720 5072 τὸν
777 5016 1021 5086 Ἀμαλὴχ
1064 5015 1455 5068 ὑποπίπτοντα.
1505 5014 1691 5083 Ἔχεις
1721 5012 1934 5066 καὶτὸν

376 5113 624 5176 Ἡσαΐαν,
656 5111 716 5163 οὐ
754 5108 927 5180 μικρά
965 5123 1046 5159 σοι
1086 5105 1221 5176 πρὸς
1263 5105 1361 5176 τὴν
1408 5103 1688 5175 παροῦσαν
1728 5119 1934 5155 συνεισ-

363 5205 602 5275 φέροντα
648 5203 829 5273 χάριν.
888 5200 1024 5268 Παρ’
1069 5194 1232 5250 αὐτοῦ
1264 5197 1372 5264 γὰρ
1404 5195 1791 5267 προεδιδάχθης
1835 5193 1935 5265 τὴν

363 5293 706 5366 ἀνύμφευτον
738 5289 966 5362 μητέρα,
997 5286 1094 5356 τὴν
1119 5284 1365 5354 ἀπάτορα
1398 5285 1595 5354 σάρκα,
1616 5283 1714 5354 τὴν
1739 5281 1935 5337 ἀνώδυ-

363 5402 455 5438 νον
503 5382 688 5444 ὠδῖνα,
739 5380 830 5434 τὸν
882 5376 1178 5448 ἀμόλυντον
1227 5373 1385 5426 τόκον
1405 5389 1418 5401 ·
1469 5371 1640 5436 οὕτως
1690 5371 1933 5435 εἰπόντος

361 5474 464 5531 τοῦ
493 5472 776 5544 Προφήτω
795 5485 810 5502 ·
863 5469 1002 5525 Ἰδοὺ
1025 5468 1062 5535 ἡ
1098 5464 1391 5533 παρθένος
1409 5465 1478 5517 ἐν
1509 5463 1720 5534 γαστρὶ
1745 5463 1934 5531 λήψε-

363 5565 584 5630 tumeat
601 5563 828 5628 τέξεται
839 5564 990 5616 υἱόν·
1005 5559 1101 5613 καὶ
1119 5557 1449 5612 καλέσουσι
1469 5556 1533 5610 τὸ
1551 5557 1735 5616 ὄνομα
1748 5555 1933 5610 αὐτοῦ

439 5747 454 5777 ³
480 5743 617 5800 Gen.
667 5757 811 5808 xxvr,
836 5742 888 5796 4.
963 5742 982 5772 ’
1017 5741 1120 5798 lsa.
1163 5756 1237 5806 1x,
1260 5740 1314 5796 9..

1462 5736 1480 5767 ³
1506 5735 1640 5790 Gen.
1673 5749 1809 5799 xxn,
1843 5733 1865 5787 1
1903 5749 2024 5806 sqq.

2041 4564 2218 4619 forma
2286 4560 2617 4615 Amalecitas
2671 4557 2726 4611 in
2791 4555 2972 4625 fugam
3023 4557 3346 4610 vertentem,
3379 4544 3610 4599 veritate

2040 4655 2272 4724 ﬁguram
2303 4665 2641 4721 expressam,
2701 4654 2756 4703 et
2805 4642 3064 4700 Amalech
3125 4639 3276 4694 cruci
3329 4635 3606 4690 cedentem

2040 4744 2503 4800 animadvertcs‘.
2543 4739 2721 4793 Habes
2765 4743 2820 4791 et
2853 4733 3069 4797 lsaiam,
3114 4729 3207 4800 qui
3253 4726 3478 4798 gratiam
3508 4724 3607 4776 ho-

2040 4835 2287 4890 diernam
2333 4846 2442 4886 non
2496 4842 2689 4900 parum
2735 4827 2992 4880 illustrat.
3031 4821 3114 4875 Ab
3149 4821 3266 4889 ipso
3309 4814 3451 4870 enim
3498 4827 3610 4865 ma-

2039 4937 2176 4982 trem
2206 4927 2511 4992 innuptam,
2545 4919 2665 4975 sine
2725 4924 2881 4988 patre
2937 4927 3180 4978 carnem,
3243 4909 3360 4963 sine
3422 4904 3610 4959 dolore

2039 5014 2408 5089 puerperium,
2461 5013 2580 5068 sine
2625 5010 2746 5064 labe
2790 5015 3002 5076 partum
3049 5011 3176 5057 ante
3227 4995 3487 5052 didicisti.
3519 4991 3611 5047 Sic

2037 5087 2182 5161 enim
2215 5102 2456 5172 loquitur
2481 5099 2745 5171 propheta
2775 5117 2787 5151 :
2817 5095 2950 5150 Ecce
2991 5095 3130 5162 virgo
3164 5093 3216 5144 in
3251 5096 3397 5140 utero
3427 5087 3605 5138 conci-

2039 5196 2164 5264 piet,
2201 5204 2248 5248 et
2294 5193 2462 5262 pariet
2499 5193 2670 5259 ﬁtium
2707 5205 2725 5242 :
2759 5197 2808 5242 et
2839 5185 3093 5241 vocabunt
3119 5197 3303 5235 nomen
3327 5177 3438 5246 ejus
3477 5175 3607 5228 Em-

2041 5284 2273 5349 manuel,
2300 5299 2421 5352 qua:
2452 5297 2554 5335 vox
2603 5279 2894 5349 signiﬁcat,
2928 5274 3224 5329 Nobiscum
3278 5269 3476 5323 Deus“.
3517 5265 3610 5322 Et-

2043 5377 2188 5431 enim
2222 5375 2339 5429 sine
2361 5373 2548 5428 dolore
2580 5378 2792 5440 partum
2831 5366 3127 5429 exstitisse,
3181 5363 3296 5431 ipsa
3327 5358 3402 5412 rei
3435 5356 3607 5427 aequi-

2039 5475 2126 5520 tas
2171 5473 2223 5519 te
2253 5463 2489 5518 docebit.
2524 5460 2657 5514 Nam
2701 5473 2824 5514 cum
2870 5456 3049 5512 omnis
3085 5455 3335 5522 voluptas
3363 5448 3606 5502 dolorem

2041 5555 2391 5624 conjunctum
2419 5553 2633 5618 habeat,
2665 5565 2890 5606 necesse
2928 5555 3035 5610 est,
3067 5554 3127 5600 ut
3160 5546 3216 5600 in
3250 5545 3336 5609 iis,
3371 5555 3491 5612 qua:
3533 5539 3608 5593 ita

2100 5733 2121 5765 ⁵
2148 5733 2320 5788 Exod.
2351 5748 2484 5798 xvu,
2522 5733 2606 5787 Η.
2682 5730 2703 5762 ⁸
2733 5727 2838 5786 lsa.
2872 5723 3068 5791 νίκη.

2604 5821 2636 5832 “
