4084 6158
503 387 611 443 εῡὸ

1825 393 1882 450 S.
1924 393 2252 451 GREGORII
2291 393 2582 450 NYSSENI

3656 389 3760 444 60-3

501 500 754 568 copulata
811 510 961 568 sunt,
1008 517 1130 557 cum
1180 520 1348 558 unum
1410 505 1583 575 abest,
1630 507 1859 564 alterum
1913 511 2073 566 etiam

2194 511 2598 583 Ἐμμανουήλ,
2618 512 2644 563 ὃ
2671 512 2786 563 ἐστι
2810 510 2950 564 Μεθ’
2984 508 3149 578 ἡμῶν
3169 511 3202 563 ὁ
3225 508 3516 574 Θεός.”’οτι
3548 506 3602 558 δὲ
3629 504 3761 557 ἀπό-

503 593 667 646 absit.

2181 621 2286 666 νως
2313 602 2534 671 γέγονεν
2556 603 2589 671 ή
2609 600 2756 662 ὠδὶς,
2785 599 2998 669 πρῶτον
3023 598 3120 668 μέν
3144 615 3201 650 σε
3223 597 3283 650 τὺ
3301 596 3445 660 εἰκὸς
3469 594 3756 657 διδαξάτω.

513 669 731 750 Ἐπειδὴ
759 681 868 752 γὰρ
895 681 1042 734 πᾶσα
1073 682 1234 753 ήδονὴ
1279 686 1624 756 συνημμένον
1649 686 1761 756 ἔχει
1813 688 1904 742 τὸν
1962 690 2141 758 πόνον,
2182 669 2399 761 ἀνάγκη
2447 669 2596 744 πᾶσα
2642 688 2734 741 ἐπὶ
2782 685 2893 740 τῶν
2943 685 3304 757 συνημμένως
3347 683 3755 755 θεωρουμένων,

500 768 593 825 τοῦ
623 772 741 834 ἐνὸς
771 771 844 842 μὴ
877 771 1047 834 ὄντος,
1087 773 1220 843 μηδὲ
1253 774 1314 826 τὸ
1343 775 1528 846 ἕτερον
1553 771 1712 830 εἶναι.

573 861 757 929 Itaque
781 876 904 914 cum
933 863 1081 914 nulla
1107 863 1450 932 concipiendi
1490 866 1738 934 voluptas
1761 872 2070 922 antecesse-

497 953 588 1016 rit,
625 967 692 1006 ne
723 953 963 1019 pariendi
1007 953 1226 1021 quidem
1257 953 1414 1008 dolor
1446 961 1531 1009 est
1561 966 1910 1012 consecutus.
1957 957 2070 1012 Hoc

392 1086 400 1096 .
497 1054 675 1097 autem
709 1043 982 1113 propheta:
1009 1046 1191 1099 verbis
1209 1047 1372 1100 etiam
1405 1049 1815 1117 comprobatur,
1842 1066 1962 1119 quae
1990 1052 2070 1106 sic

500 1134 700 1187 habent
733 1152 747 1187 :
780 1134 1077 1203 Antequam
1109 1137 1302 1188 veniret
1342 1136 1496 1190 dolor
1533 1149 1722 1206 partus
1755 1139 1890 1208 ejus,
1929 1140 2068 1211 effu-

497 1225 594 1290 git,
619 1233 668 1278 et
694 1227 890 1291 peperit
917 1227 1212 1278 masculum
1230 1227 1272 1281 ⁸.
1293 1227 1416 1293 Aut,
1445 1229 1900 1297 quemadmodum
1933 1231 2071 1286 alius

497 1318 767 1384 interpres
799 1316 877 1369 ait
918 1333 932 1369 :
969 1315 1264 1385 Antequam
1300 1319 1504 1371 dolores
1533 1319 1772 1385 sentiret,
1815 1321 2068 1388 peperit".

498 1405 578 1460 Ex
616 1407 736 1472 hac,
763 1407 958 1476 inquit,
989 1407 1212 1478 Virgine
1242 1419 1411 1463 matre
1439 1409 1580 1464 Puer
1607 1421 1762 1464 natus
1789 1421 1867 1466 est
1903 1412 2073 1476 nobis,

497 1507 548 1551 et
571 1498 714 1566 ﬁlius
748 1496 906 1552 datus
950 1507 1026 1552 est
1072 1499 1242 1554 nobis.
1281 1499 1448 1569 Cujus
1487 1503 1763 1570 imperium
1792 1519 1948 1573 super
1976 1503 2073 1556 liu-

499 1605 699 1642 merum
736 1587 873 1660 ejus,
905 1601 953 1644 et
996 1603 1214 1645 vocatur
1251 1609 1438 1647 nomen
1481 1593 1594 1662 ejus
1643 1596 1822 1664 magni
1862 1596 2075 1650 consilii

508 1679 744 1747 angelus,
789 1679 928 1731 Deus
970 1679 1150 1746 fortis,
1199 1691 1398 1748 potens,
1448 1683 1684 1750 princeps
1727 1685 1893 1750 pacis,
1924 1693 2074 1750 pater

2249 861 2424 912 Ὅπου
2475 857 2654 911 τοίνυν
2709 856 2872 927 ἡδονὴ
2918 856 3011 909 τοῦ
3068 854 3225 908 τόκου
3269 856 3331 908 ού
3385 855 3752 926 καθηγήσατο,

2176 950 2294 1003 οὐδὲ
2325 952 2353 1003 ό
2399 949 2558 1010 πόνος
2611 947 3067 1019 ἐπηκολούθησεν.
3108 948 3338 1000 Ἔπειτα
3376 947 3432 999 δὲ
3472 949 3566 1000 καὶ
3595 951 3627 1017 ή
3662 948 3755 1000 τού

2177 1041 2464 1109 Προφήτω
2512 1039 2654 1106 λέξις
2700 1039 2907 1109 βεϐαιοῖ
2953 1039 3050 1092 τὸν
3099 1038 3277 1107 λόγον,
3330 1038 3524 1107 ἔχουσα
3576 1037 3754 1092 obtm-

2175 1131 2326 1198 Πρὶν
2357 1131 2654 1184 εἰσελθεῖν
2689 1130 2798 1184 τὸν
2849 1132 3044 1184 πόνον
3091 1128 3212 1183 τῶν
3261 1129 3491 1182 ὠδίνων
3541 1129 3750 1197 αὐτῆς,

2175 1221 2451 1290 ἐξέφυγε,
2501 1221 2600 1278 καὶ
2627 1223 2833 1276 ἔτεκεν
2858 1220 3067 1288 ἄρσεν.
3105 1222 3198 1284 Ἦ,
3247 1219 3324 1282 ὥς
3357 1235 3519 1290 φησιν
3567 1221 3751 1290 ἕτερος

2180 1314 2288 1366 τῶν
2316 1312 2619 1384 ἑρμηνέων,
2646 1313 2796 1379 Πρὶν
2814 1312 3116 1378 ὠδινήσει,
3141 1313 3365 1366 ἔτεκεν.
3404 1313 3497 1365 Ἐκ
3530 1313 3754 1384 ταύτης,

2175 1401 2348 1470 φησὶ,
2412 1401 2513 1472 τῆς
2578 1401 2849 1474 παρθένου
2900 1401 3106 1472 μητρὸς
3157 1402 3400 1456 Παιδίον
3463 1403 3754 1472 ἐγεννήθη

2175 1493 2340 1561 ἡμῖν,
2381 1493 2480 1546 καὶ
2520 1495 2651 1558 υἱὸς
2692 1492 2870 1561 ἐδόθη
2904 1494 3078 1563 ἡμῖν’
3124 1490 3196 1550 οὗ
3232 1495 3271 1561 ἡ
3314 1494 3470 1562 ἀρχὴ
3503 1497 3755 1564 ἐγενήθη

2177 1583 2269 1635 ἐπὶ
2305 1583 2411 1637 τοῦ
2441 1583 2602 1652 ὤμου
2637 1583 2844 1646 αὐτοῦ,
2867 1583 3139 1652 μεγάλης
3175 1583 3417 1651 ,βουλῆς
3449 1584 3755 1652 Ἄγγελος,

2174 1674 2378 1728 καὶτὰ
2439 1676 2584 1745 ἑξῆς.
2627 1674 2796 1728 Τοῦτο
2845 1675 2906 1728 τὸ
2944 1675 3173 1736 παιδίον,
3207 1671 3361 1739 οὗτος
3402 1678 3430 1729 6
3476 1677 3611 1739 υἱὸς,
3660 1678 3758 1742 Ὧς

501 1768 670 1837 futuri
696 1768 896 1822 steculi.
927 1768 1025 1823 llic
1063 1786 1216 1838 puer,
1253 1771 1339 1823 hic
1379 1772 1541 1836 ﬁlius,
1574 1771 1642 1825 Ut
1673 1776 1781 1826 ovis
1815 1773 1883 1826 ad
1928 1775 2070 1827 occi-

2176 1767 2467 1832 πρόϐατον
2507 1766 2604 1819 ἐπὶ
2635 1766 2882 1834 σφαγὴν
2910 1766 3090 1835 ἢχθη,
3121 1770 3216 1820 καὶ
3249 1769 3329 1833 ὡς
3359 1767 3549 1836 ἀμνὸς
3578 1769 3755 1822 ἐναν-

499 1860 699 1914 sionem
731 1859 920 1913 ductus
939 1871 1036 1923 est,
1071 1870 1119 1913 et
1141 1869 1389 1930 tanquam
1416 1879 1582 1931 agnus
1614 1880 1794 1916 coram
1830 1863 2071 1918 tondente

499 1965 576 2017 se,
607 1951 864 2005 obmutuit
879 1951 920 2004 ".
957 1949 1051 2006 Vel
1081 1953 1286 2020 potius,
1329 1953 1508 2021 inquit
1543 1953 1828 2020 Jcremias,
1865 1955 1967 2008 Hic
1995 1965 2073 2010 est

501 2058 666 2110 agnus
695 2041 785 2095 ille
807 2053 1132 2106 mansuetus,
1163 2044 1254 2112 qui
1283 2043 1350 2096 ad
1378 2045 1640 2097 victimam
1671 2044 1940 2099 ducitur“.
1975 2045 2074 2100 Hic

499 2143 582 2184 est
615 2133 702 2186 ille
740 2135 896 2201 panis
931 2131 1019 2185 cui
1045 2131 1251 2201 lignum
1283 2133 1558 2201 injiciunt,
1592 2133 1684 2202 qui
1725 2135 1885 2203 panis
1913 2135 2074 2203 ligni-

499 2235 607 2290 que
638 2227 765 2275 sunt
789 2221 976 2277 hostes
997 2222 1060 2276 ¹⁰.
1104 2221 1214 2276 lmo
1238 2238 1368 2276 vero
1393 2222 1524 2277 illud
1555 2239 1584 2278 e
1613 2224 1898 2293 propheta,
1927 2226 2075 2296 quod

499 2311 904 2380 apertissimum
949 2319 1004 2366 et
1049 2313 1417 2368 clarissimum
1475 2322 1580 2378 est,
1625 2323 1678 2369 et
1717 2330 1828 2385 quo
1864 2326 2075 2386 myste-

499 2402 644 2456 rium
677 2402 998 2472 planissime
1047 2404 1379 2470 declaratur,
1413 2405 1767 2474 accipiamus,
1798 2406 1951 2463 Jonze
1993 2410 2076 2463 ni-

503 2493 701 2546 mirum
741 2494 1131 2563 exemplum“,
1157 2496 1248 2565 qui
1282 2496 1400 2551 sine
1437 2495 1739 2553 oﬂ'ensione
1786 2499 1840 2552 in
1891 2507 2072 2554 cetum

497 2581 802 2653 ingressus,
839 2594 894 2640 et
919 2585 1038 2640 sine
1072 2588 1319 2642 molestia
1375 2603 1593 2642 rursum
1643 2604 1920 2660 egressus,
1948 2605 2074 2645 cum

499 2671 554 2725 in
587 2674 708 2742 ejus
750 2675 1051 2732 visceribus
1080 2679 1261 2733 tribus
1298 2678 1493 2734 diebus
1535 2687 1589 2733 et
1620 2679 1846 2735 totidem
1896 2681 2073 2735 nocti-

497 2764 603 2818 bus
628 2768 1043 2834 permansisset,
1080 2768 1296 2824 Domini
1335 2771 1477 2841 apud
1516 2771 1724 2829 inferos
1763 2786 2074 2828 commora-

507 2855 711 2908 tionem
745 2857 1084 2912 indicavit".
1125 2858 1251 2914 Haec
1291 2868 1346 2914 et
1389 2861 1581 2916 horum
1629 2862 1831 2918 similia
1861 2871 2076 2932 oportet

499 2958 566 2998 ex
600 2945 831 3014 singulis
889 2947 1192 3017 Scriptum
1241 2950 1376 3006 locis
1414 2951 1690 3022 indagare,
1739 2959 1902 3022 atque
1949 2953 2077 3008 seli-

498 3051 646 3106 gere.
670 3035 864 3092 Omnia
898 3040 1043 3094 enim
1079 3041 1171 3094 illa
1201 3057 1266 3097 ex
1299 3044 1657 3112 praesentibus
1687 3045 1889 3100 cernis.
1925 3045 2074 3099 Eleo:

2173 1858 2304 1910 τίον
2341 1857 2446 1910 τοῦ
2477 1857 2778 1925 κείροντος
2815 1857 3002 1912 αὐτὸν
3047 1857 3307 1927 ἄφωνοςο
3342 1861 3540 1928 μᾶλλον
3571 1860 3648 1922 δὲ,
3680 1859 3757 1923 ῶς

2175 1965 2345 2018 φησιν
2393 1948 2680 2019 Ἱερεμίας,
2709 1949 2896 2002 Τοῦτὸ
2930 1949 3059 2003 ἐστι
3083 1949 3148 2003 τὸ
3172 1951 3380 2018 ἀρνίον
3414 1955 3482 2004 τὸ
3506 1951 3756 2016 ἄκακον,

2173 2041 2238 2093 τὸ
2267 2039 2559 2108 ἀγόμενον
2612 2039 2717 2093 τοῦ
2770 2039 3036 2094 θύεσθαι.
3084 2032 3251 2100 Οὗτος
3295 2042 3323 2093 ὁ
3383 2042 3566 2112 ἄρτος,
3607 2035 3652 2108 ᾧ
3698 2043 3761 2094 τὸ

2176 2130 2330 2194 ξύλον
2387 2130 2743 2200 ἐμϐάλλουσιν
2777 2133 2824 2184 οἱ
2865 2130 3074 2184 καὶτοῦ
3123 2131 3288 2202 ἄρτου
3327 2133 3420 2186 καὶ
3464 2132 3556 2186 τοῦ
3599 2133 3756 2198 ξύλου

2175 2221 2441 2290 πολέμιοι.
2476 2219 2691 2274 Μᾶλλον
2709 2220 2765 2273 δὲ
2792 2220 2853 2273 τὸ
2881 2220 3098 2275 πάντων
3117 2219 3536 2292 γνωριμώτερόν
3567 2240 3624 2275 τε
3664 2223 3760 2274 καὶ

2175 2310 2548 2382 φανερώτερον
2593 2313 2657 2365 ἐκ
2681 2311 2773 2364 τοῦ
2809 2313 3096 2382 Προφήτου
3148 2312 3421 2382 λάϐωμεν,
3446 2313 3512 2366 δι’
3535 2307 3596 2366 οὗ
3630 2329 3763 2382 προ-

2174 2402 2441 2472 γράφεται
2477 2401 2660 2471 σαφῶς
2695 2403 2756 2454 τδ
2789 2404 3105 2474 μυστήριον,
3139 2403 3230 2456 τὸν
3273 2404 3456 2457 Ἰωνᾶν
3483 2403 3648 2472 λέγω,
3668 2402 3762 2457 τὸν

2174 2491 2399 2556 ἀπαθῶς
2429 2492 2568 2547 κατά
2593 2492 2687 2546 τοῦ
2719 2494 2919 2562 κήτους
2951 2493 3371 2564 καταδυόμενον,
3390 2495 3482 2548 κα)⁸
3501 2494 3625 2564 δίχα
3654 2492 3764 2546 πάο

2180 2580 2310 2645 θους
2340 2584 2404 2635 ὲκ
2427 2581 2521 2635 τοῦ
2557 2585 2752 2653 κήτους
2786 2583 3164 2654 ἀναδυόμενον,
3183 2584 3274 2636 τὸν
3302 2585 3396 2638 καὶ
3428 2586 3602 2656 τρισὶν
3624 2583 3762 2655 ἡμέ-

2183 2691 2303 2744 ραις
2326 2675 2420 2727 καὶ
2450 2675 2740 2738 τοσαύταις
2768 2675 2916 2740 νυξὶν
2957 2677 3012 2728 ὲν
3040 2678 3152 2740 τοῖς
3178 2677 3409 2747 κητῲοις
3435 2677 3761 2747 σπλάγχνοις

2184 2763 2272 2835 τὴν
2296 2766 2352 2817 ὲν
2377 2765 2502 2836 ᾅδου
2531 2766 2812 2837 διατριϐὴν
2843 2766 2934 2820 τοῦ
2987 2768 3192 2836 Κυρίου
3232 2767 3756 2838 προδιαγράψαντος.

2175 2853 2359 2908 Ταῦτα
2389 2856 2482 2908 καὶ
2512 2854 2582 2908 τὰ
2613 2857 2834 2910 τοιαῦτα
2876 2857 2957 2910 δεῖ
2997 2873 3054 2908 σε
3091 2859 3219 2928 παρ’
3257 2857 3494 2928 ἑκάστης
3528 2857 3757 2928 Γραφῆς

2176 2944 2462 3016 ἀναζητεῖν
2506 2947 2602 3000 καὶ
2651 2946 2988 3016 ἐκλέγεσθαι.
3031 2948 3214 3001 Πάντα
3265 2948 3378 3019 γὰρ
3434 2951 3636 3013 ἐκεῖνα,
3671 2948 3760 3002 διὰ

2177 3035 2284 3090 τῶν
2311 3037 2592 3107 παρόντων
2630 3039 2763 3108 ὁρᾷς
2782 3055 2794 3068 ο
2833 3039 2928 3092 καὶ
2949 3040 3006 3093 ἐν
3037 3042 3104 3110 τῇ
3137 3037 3385 3110 παρούσῃ
3422 3039 3758 3110 φαιδρότητι,

435 3155 438 3158 ~
501 3127 764 3182 hodierna
801 3129 1004 3194 ltetitia,
1041 3140 1099 3185 ut
1132 3133 1186 3186 in
1216 3132 1508 3204 Evangelio
1537 3135 1790 3202 legimus,
1834 3139 1961 3191 Tota
1990 3135 2073 3188 lea:

2179 3128 2352 3194 Ὄλος
2387 3132 2420 3183 ό
2457 3131 2641 3200 νόμος
2675 3128 2956 3200 κρέμαται
2999 3131 3099 3186 καὶ
3128 3135 3181 3186 οὶ
3227 3129 3545 3200 προφῆται,
3583 3131 3758 3195 καθώς

498 3220 708 3290 pendet,
751 3231 800 3275 et
834 3223 1097 3291 propheta
1120 3225 1181 3280 ¹³.
1228 3225 1312 3289 Et,
1365 3227 1823 3296 quemadmodum
1872 3226 2074 3283 Paulus

501 3312 664 3375 ait“,
725 3313 906 3369 onmis
956 3313 1275 3384 Scriptura,
1333 3317 1524 3372 divino
1581 3316 1786 3388 Spiritu
1836 3319 2078 3372 dictante

500 3408 756 3466 exarataa,
793 3402 1034 3473 legisque
1091 3420 1304 3460 summa
1340 3407 1394 3460 in
1447 3407 1550 3460 hac
1594 3408 1766 3477 gratia
1794 3407 2077 3462 concludi-

502 3499 613 3546 tur.
646 3491 769 3548 llaec
793 3495 937 3548 cnim
981 3505 1038 3550 et
1081 3497 1350 3550 malorum
1395 3503 1480 3552 est
1528 3499 1672 3563 linis,
1708 3505 1764 3553 et
1804 3498 2075 3552 bonorum

501 3584 855 3654 principium.
886 3583 1020 3639 Nam
1057 3587 1291 3656 exempli
1330 3601 1518 3650 causa,
1561 3585 1708 3642 Mors
1747 3589 2075 3658 regnavit-ab

499 3674 672 3729 Adam
696 3677 764 3738 ³⁵,
797 3677 1010 3746 imperii
1045 3676 1289 3747 pestiferi
1312 3677 1522 3735 ducens
1556 3679 1794 3742 initium,
1817 3687 1872 3734 et
1900 3681 2076 3750 impo-

499 3769 624 3820 tens
647 3765 794 3822 illius
825 3767 1138 3822 dominatus
1187 3767 1252 3821 ad
1285 3767 1488 3822 Mosem
1539 3783 1714 3837 usque
1755 3769 2073 3837 permansit,

501 3869 626 3909 cum
657 3857 778 3925 ejus
825 3857 908 3926 vis
951 3873 979 3910 a
1029 3858 1146 3926 lege
1186 3857 1411 3911 minime
1462 3859 1872 3928 reprimeretur.
1911 3857 2076 3913 Venit

391 3939 410 3986 ἶ
501 3947 630 4001 vita:
675 3963 925 4016 regnum,
981 3955 1036 4002 et
1080 3949 1323 4002 solutum
1383 3957 1469 4004 est
1525 3950 1716 4004 mortis
1765 3951 2074 4020 imperium.

501 4038 772 4106 Apparuit
823 4037 928 4090 alia
967 4039 1266 4107 generatio,
1326 4039 1432 4093 alia
1487 4041 1623 4104 vita,
1673 4041 1816 4096 alius
1857 4041 2076 4098 vivendi

503 4126 722 4191 modus,
744 4127 918 4196 ipsius
942 4138 1150 4185 natura:
1178 4142 1379 4186 nostra:
1406 4134 1782 4188 commutatio.
1815 4134 2074 4200 Quanam

503 4217 822 4285 generatio?
859 4218 993 4284 Qua!
1038 4236 1142 4273 non
1189 4238 1254 4275 ea:
1305 4223 1670 4292 sanguinibus,
1705 4240 1867 4293 neque
1894 4240 1959 4279 ex
1990 4241 2079 4279 vo-

2177 3218 2309 3286 φησί
2337 3235 2439 3271 που
2467 3219 2526 3272 τὸ
2554 3219 2901 3288 Εὑαγγέλιον⁶
2932 3219 3026 3273 καὶ
3081 3221 3188 3282 πᾶς
3210 3220 3564 3282 θεόπνευστος
3603 3220 3756 3288 λόγος

2176 3309 2270 3361 καὶ
2301 3309 2461 3378 νόμος
2491 3311 2549 3363 ὲν
2577 3309 2749 3380 ταύτῃ
2777 3309 3270 3378 ἀνακεφαλαιοῦται
3294 3315 3358 3382 τῇ
3391 3312 3594 3382 χάριτι,
3618 3312 3758 3365 κατά

2175 3397 2272 3468 τὴν
2315 3399 2409 3452 τοῦ
2461 3399 2674 3453 Παύλου
2735 3401 2938 3470 φωνήν.
2987 3400 3156 3453 Τοῦτο
3194 3401 3304 3472 γάρ
3354 3403 3489 3466 ἐστι,
3518 3403 3612 3455 καὶ
3650 3401 3760 3455 τῶν

2179 3490 2520 3562 σκυθρωπῶν
2547 3490 2607 3544 τὸ
2640 3491 2839 3562 πέρας,
2869 3492 2962 3544 καὶ⁸
2993 3491 3099 3545 τῶν
3125 3492 3344 3561 ἀγαθῶν
3370 3495 3402 3562 ἡ
3441 3495 3604 3563 ἀρχή.
3633 3489 3760 3550 Οἷόν

2174 3597 2227 3634 τι
2256 3581 2398 3650 λέγω
2417 3599 2429 3612 ·
2468 3582 2892 3636 Ἐϐασίλευσεν
2916 3586 2948 3637 ό
2967 3583 3220 3649 θάνατος
3249 3585 3368 3639 ἀπὸ
3407 3584 3610 3652 Ἀδὰμ,
3658 3586 3758 3656 τῆς

2177 3671 2501 3744 φθοροποιοῦ
2546 3674 2830 3746 δυνάμεως
2881 3673 3062 3729 λαϐὼν
3109 3675 3206 3746 τήν
3239 3674 3443 3747 ἀρχὴν,
3483 3676 3620 3728 ἀλλά
3662 3678 3756 3729 καὶ

2181 3764 2342 3835 μέχρι
2374 3765 2650 3828 Μωῦσέως
2677 3764 2841 3818 αὐτοῦ
2873 3766 2932 3819 τὸ
2977 3767 3210 3836 πονηρὸν
3241 3767 3440 3838 κράτος
3463 3766 3754 3837 διέμεινεν,

2175 3855 2327 3908 οὐδὲν
2373 3855 2465 3908 τοῦ
2502 3856 2671 3927 νόμου
2713 3856 2812 3928 τὴν
2845 3856 3019 3928 κακήν
3051 3857 3145 3910 τοῦ
3181 3859 3412 3913 θανάτου
3440 3858 3757 3912 δυναστείαν

2181 3945 2580 4015 ἀμϐλύναντος,
2626 3943 2830 4000 ’Ἦλθεν
2886 3949 2919 4018 ή
2971 3947 3070 4017 τῆς
3121 3948 3266 4019 ζωῆς
3327 3949 3605 4019 βασιλεία,
3662 3951 3757 4006 καὶ

2177 4037 2443 4108 κατελύθη
2474 4037 2568 4090 τοῦ
2602 4038 2830 4092 θανάτου
2864 4038 2922 4092 τὸ
2961 4041 3180 4110 κράτος.
3221 4042 3330 4094 Καὶ
3357 4042 3578 4109 γέγονεν
3620 4043 3752 4116 άλλη

2175 4126 2447 4197 γέννησις,
2487 4127 2600 4198 βίος
2645 4128 2851 4200 ἕτερος,
2895 4129 3022 4182 ἄλλο
3055 4129 3201 4196 ζωῆς
3244 4126 3402 4194 εἶδος,
3444 4133 3612 4204 αὐτῆς
3655 4134 3755 4204 τῆς

2177 4217 2390 4286 φύσεως
2434 4220 2591 4290 ἡμῶν
2643 4223 3133 4293 μεταστοιχείωσις.
3195 4223 3458 4295 Τούτουή
3501 4225 3753 4296 γέννησις

504 4309 710 4363 luntatc
735 4310 854 4374 viri,
891 4327 1052 4381 neque
1082 4328 1147 4366 ex
1175 4314 1440 4370 voluntate
1478 4319 1676 4380 carnis,
1731 4317 1819 4371 sed
1873 4334 1937 4371 ex
1969 4317 2073 4372 Deo

2181 4309 2301 4361 Οὐκ
2324 4309 2394 4372 ἐξ
2419 4309 2698 4377 αἱμάτων,
2719 4309 2861 4364 οὐδὲ
2879 4311 2948 4363 ἐκ
2977 4310 3311 4378 θελήματος
3339 4312 3582 4380 ἀνδρὸς,
3613 4313 3768 4412 ori-6‘s,

504 4405 651 4474 facta
681 4411 756 4456 est
777 4403 839 4458 ".
871 4404 1125 4470 Quinam,
1159 4405 1412 4480 inquies,
1447 4407 1550 4462 hoc
1582 4408 1696 4462 ﬁeri
1731 4409 1942 4476 potest?
1967 4410 2073 4463 An-

2177 4401 2246 4454 ὲκ
2267 4401 2596 4469 θελήματος
2619 4402 2866 4469 σαρκός,
2891 4402 3030 4456 ἀλλ’
3053 4403 3120 4455 ἐκ
3140 4403 3288 4456 Θεοῦ
3312 4404 3752 4472 τενομένηλίῶς

501 4491 579 4559 di,
611 4507 735 4547 nam
764 4497 953 4563 paucis
986 4497 1294 4566 explicabo.
1331 4497 1492 4555 Fetus
1519 4499 1606 4552 hic
1634 4515 1730 4568 per
1760 4499 1916 4554 ﬁdem
1941 4515 2073 4554 con-

2181 4489 2338 4544 τοῦτο
2353 4508 2367 4558 ;
2382 4490 2575 4558 Σαφῶς
2589 4507 2670 4542 σοι
2698 4492 3034 4562 παραστήσω
3053 4491 3140 4545 διὰ
3159 4492 3253 4544 τοῦ
3275 4493 3432 4560 λόγου
3454 4494 3552 4564 τὴν
3573 4495 3750 4565 χάριν,

501 4584 722 4653 cipitur,
764 4601 858 4655 per
892 4587 1235 4657 baptismatis
1285 4591 1748 4659 regenerationem
1794 4591 1849 4644 in
1901 4592 2072 4645 lucem

2183 4575 2351 4646 Οὗτος
2392 4585 2420 4636 6
2445 4582 2601 4646 τόκος
2625 4581 2714 4634 διὰ
2750 4583 2984 4646 πίστεως
3005 4587 3348 4655 κυοφορεῖται
3375 4600 3388 4613 ·
3421 4586 3509 4640 διὰ
3536 4587 3636 4656 τῆς
3662 4586 3755 4640 τοῦ

500 4675 699 4742 editur,
735 4679 1008 4732 nutricem
1037 4679 1198 4734 habet
1222 4679 1545 4747 Ecclesiam,
1572 4681 1737 4751 hujus
1765 4681 2072 4736 doctrinam

2183 4673 2552 4743 βαπτίσματος
2585 4674 2992 4742 ἀναγεννήσεως
3041 4677 3120 4738 είς
3151 4676 3266 4744 φῶς
3299 4677 3514 4744 ἄγεται·
3556 4679 3755 4749 τροφὸς

499 4774 554 4820 et
592 4767 837 4824 instituta
877 4771 1020 4840 sugit
1058 4779 1316 4842 tanquam
1353 4774 1542 4838 ubera,
1586 4774 1661 4828 illi
1704 4774 1944 4829 caelestis
1974 4789 2070 4844 pa-

2177 4767 2428 4836 τούτουή
2467 4765 2761 4836 Ἐκκλησία
2791 4766 3019 4833 γίνεται»
3060 4768 3250 4838 μαζὸς,
3300 4769 3368 4822 τά
3413 4770 3750 4840 διδάγματα·

500 4857 588 4911 nis
613 4865 694 4910 est
729 4859 884 4913 cibus
921 4878 934 4914 :
967 4860 1145 4915 artatis
1172 4861 1435 4929 perfectio
1455 4871 1541 4918 est
1577 4863 1827 4918 sublimis
1855 4863 2070 4918 vivendi

2176 4856 2364 4928 τροφὴ,
2394 4859 2422 4910 6
2449 4857 2658 4910 ἀνωθεν
2691 4857 2852 4928 ἄρτος
2875 4873 2888 4889 ·
2923 4858 3139 4928 ἡλικίας
3176 4861 3468 4924 τελείωσις,
3498 4863 3530 4931 ἠ
3576 4862 3752 4934 ὑψηλὴ

500 4947 662 5009 ratio,
704 4952 906 5019 nuptia:
947 4955 1288 5008 consuetudo
1318 4955 1600 5024 sapientia:
1633 4974 1645 5009 :
1683 4955 1862 5018 liberi,
1909 4970 2068 5024 spes;

2176 4949 2446 5002 πολιτεία·
2477 4950 2674 5018 γάμος,
2695 4951 2728 5018 ἡ
2757 4951 2854 5020 τῆς
2895 4951 3084 5020 σοφίας
3106 4952 3405 5022 συμϐίωσις
3426 4971 3439 4984 ·
3477 4955 3664 5018 τέκνα,
3695 4955 3752 5007 αἱ

499 5036 716 5103 domus,
749 5055 1004 5110 regnum;
1055 5043 1344 5099 luereditas
1400 5055 1453 5099 et
1507 5046 1808 5115 opulentia,
1863 5047 2073 5101 delicia:

2176 5041 2416 5104 ἐλπίδεςο
2453 5036 2612 5102 οἶκοι,
2661 5043 2694 5111 ή
2733 5040 3007 5110 βασιλεία·
3054 5043 3254 5111 κλῆρος
3293 5043 3386 5096 καὶ
3428 5043 3681 5108 πλοῦτος,
3717 5047 3751 5116 ή

499 5129 773 5198 paradisi;
819 5132 942 5188 linis
973 5150 1082 5189 non
1125 5151 1294 5200 mors,
1327 5136 1424 5192 sed
1449 5137 1558 5191 vita
1593 5139 1705 5204 illa,
1741 5155 1863 5208 quae
1895 5139 2073 5210 dignis

2176 5131 2232 5183 ἐν
2258 5130 2334 5200 τῷ
2376 5131 2688 5200 παραδείσῳ
2735 5131 2930 5200 τρυφή·
2968 5131 3122 5195 τέλος
3154 5131 3230 5194 δὲ,
3265 5133 3390 5184 ἀντὶ
3425 5132 3680 5198 θανάτου,
3717 5135 3749 5203 ή

498 5231 686 5290 parata
711 5230 816 5286 est,
840 5225 1152 5281 beatissima
1176 5235 1231 5282 et
1259 5229 1612 5299 sempiterna.
1645 5227 1758 5284 Hoc
1794 5231 1846 5283 in
1881 5229 2072 5284 melius

2179 5222 2346 5284 ἀΐδιος
2367 5221 2500 5291 ζωὴ,
2524 5224 2581 5274 ὲν
2601 5225 2665 5292 τῇ
2685 5222 3016 5294 ὑποκειμένῃ
3040 5226 3148 5286 τοῖς
3179 5223 3351 5291 ἁγίοις
3371 5225 3753 5296 μακαριότητι.

495 5312 942 5368 commutationis
968 5315 1182 5370 initium
1223 5317 1416 5374 videns
1452 5333 1687 5389 magnus
1728 5319 1820 5373 ille
1861 5318 2070 5373 Zacha-

2179 5313 2392 5384 Ταύτην
2421 5314 2523 5384 ὁρᾷ
2543 5314 2635 5367 καὶ
2660 5315 2688 5365 ὁ
2721 5315 2889 5383 μέγας
2911 5315 3180 5386 Ζαχαρίας
3204 5317 3300 5384 τὴν
3328 5314 3502 5386 ἀρχὴν
3531 5317 3666 5387 πρὸς
3692 5317 3752 5369 τὸ

498 5400 610 5456 rias
655 5403 901 5472 ambigit,
940 5407 1083 5476 quod
1131 5409 1208 5463 illi
1248 5425 1444 5466 nomen
1491 5410 1756 5480 imponat,
1791 5409 2070 5481 quomodo

2176 5406 2378 5475 ἀγαθὸν
2425 5405 2784 5472 ἀλλοιώσεως,
2831 5408 2925 5460 καὶ
2971 5407 3299 5477 ἀμφιϐάλλει
3351 5408 3481 5477 περὶ
3525 5410 3626 5479 τῆς
3656 5407 3750 5462 τοῦ

499 5504 821 5558 praesentem
851 5500 1082 5566 gratiam
1115 5502 1368 5570 appellet.
1403 5503 1636 5567 Etenim,
1683 5519 1804 5557 cum
1850 5517 1913 5556 ea
1947 5519 2069 5572 quae

2176 5498 2436 5568 ὀνόματος
2479 5498 2743 5568 κλήσεως,
2792 5500 2846 5552 τί
2895 5499 3000 5569 χρὴ
3040 5500 3244 5569 κυρίως
3299 5502 3618 5570 προσειπεῖν
3652 5501 3750 5572 τὴν

569 5698 720 5785 ⁸159..
743 5715 897 5785 ﬁ“),
925 5705 978 5759 ’7ο
1055 5709 1073 5738 ⁷
1105 5705 1208 5785 Ιξτξ.
1252 5727 1327 5785 ιζ,
1447 5712 1502 5785 -ξ
1539 5713 1642 5785 lsa.
1670 5729 1785 5777 Llll,
1821 5715 1870 5785 7.
1921 5715 2073 5769 91m

2201 5733 2276 5780 xu,
2315 5717 2398 5770 19.
2479 5717 2680 5771 “ibid.
2761 5717 2798 5747 “
2828 5715 2952 5769 .lon.
2983 5730 3045 5780 ll,
3087 5714 3103 5768 l
3144 5731 3262 5785 sqq.
3343 5716 3385 5745 ¹²
3419 5713 3603 5766 Matth.
3650 5723 3744 5774 xtl,

500 5767 590 5821 40.
667 5770 711 5802 ⁸³
743 5771 929 5828 Matth.
965 5792 1097 5842 xm,
1121 5778 1209 5833 40.
1289 5767 1333 5811 ’ί
1369 5780 1409 5834 ΙΙ
1445 5782 1682 5838 ’l‘imolh.
1711 5767 1790 5852 tu,
1824 5784 1906 5839 l6.
1973 5767 1986 5769 _
2016 5789 2058 5818 ¹⁵
2087 5767 2367 5852 [ισηῖ.”ν’,’
2390 5767 2476 5842 Η.
2548 5767 2777 5842 ἶίίῖοθη.
2820 5767 2874 5854 1,
2901 5767 2985 5839 i3-
