4084 6158
157 362 266 413 (3οῧ

1105 363 1174 418 ΙΝ
1219 365 1489 422 CHRISTI
1532 368 2167 428 RESURRECTIONEM
2207 376 2411 431 ORAT.
2456 380 2496 433 1.

3322 360 3426 438 606'

159 472 467 565 ἐνεστῶσαν
515 473 694 565 χάριν.
744 474 827 530 Τὰ
867 476 976 550 γὰρ
1023 479 1156 535 ἄλλα
1185 484 1254 537 τά
1295 486 1426 557 περὶ
1472 488 1534 541 τὸ
1569 488 1776 553 πάθος⁴

1879 491 2221 546 dcrueiatus
2277 500 2622 561 mortemque
2681 493 2973 561 pertinent,
3032 496 3422 565 percurrisset,

157 564 419 634 θαύματα
439 564 741 630 διεξελθὼν,
776 568 872 621 καὶ
899 567 1054 624 τοῦτό
1084 587 1215 642 φησι
1249 576 1381 646 περὶ
1426 575 1522 630 τοῦ
1545 579 1738 648 καιροῦ

156 657 351 710 τούτου
372 696 388 721 ,
420 658 502 711 ὄτι
536 660 661 726 Οὐχ
708 659 920 729 ἡμέρα,
965 662 1064 716 καὶ
1086 664 1222 733 οὐχὶ
1267 667 1403 732 νύξ.
1428 669 1504 722 Δι’
1549 663 1627 724 ὧν
1655 671 1738 722 ἐν·

157 749 457 815 δείκνυται,
487 751 570 802 ὅτι
600 751 780 821 ήμέρα
812 751 910 822 μὲν
937 753 1205 825 κληθῆναι.
1228 758 1288 810 ού
1318 757 1559 826 δύναται,
1590 761 1740 833 ήλίου

163 841 243 910 μὴ
271 840 448 904 ὄντος,
493 839 590 905 νὺξ
618 840 675 893 δὲ
706 842 806 895 οὐκ
843 842 956 897 ἔστι
984 844 1062 916 τῷ
1094 847 1230 917 μηδὲ
1260 849 1450 913 σκότος
1477 847 1637 907 εἶναι.
1669 853 1742 906 Τὸ

161 937 274 1008 γὰρ
321 937 511 1001 σκότος
564 937 822 993 ἐκάλεσεν
873 942 902 993 6
953 941 1087 1006 Θεὸς
1139 942 1337 1010 νύκτα,
1389 945 1569 1012 καθώς
1611 964 1743 1020 φησι

164 1027 430 1097 Μωῦσῆς.

252 1121 407 1174 Ἐπεὶ
461 1117 556 1174 οὖν
609 1121 751 1175 κατά
809 1123 907 1193 μὲν
967 1123 1057 1178 τὸν
1121 1125 1348 1197 χρόνον,
1411 1129 1542 1195 νὺξ,
1607 1130 1748 1185 κατὰ

165 1209 225 1262 δὲ
257 1209 322 1261 τὸ
379 1208 518 1277 φῶς,
553 1208 734 1280 ήμέρα
761 1225 776 1240 ·
804 1211 993 1264 τούτου
1046 1212 1229 1269 ἕνεκέν
1276 1233 1440 1286 φησιν
1469 1220 1497 1271 6
1529 1219 1750 1289 Προφή-

174 1316 281 1368 της
302 1316 316 1330 ο
341 1299 450 1351 Καὶ
474 1300 599 1367 Οὐχ
641 1299 854 1368 ἡμέρα,
903 1302 1003 1355 καὶ
1028 1304 1164 1373 οὐχὶ
1198 1304 1334 1370 νύξ.
1361 1305 1425 1359 Εἰ
1472 1301 1563 1360 οὖν
1612 1309 1749 1380 μήτε

167 1389 291 1455 νὺξ,
317 1389 460 1443 κατὰ
487 1389 580 1443 τὸν
603 1393 886 1462 Προφήτου
916 1393 1093 1462 λόγον,
1130 1398 1159 1449 6
1191 1397 1380 1468 καιρὸς
1399 1391 1552 1462 οὗτός
1582 1401 1748 1464 ἐστιν,

171 1482 305 1536 ἄλλο
364 1499 417 1534 τι
479 1481 630 1551 παρὰ
698 1482 874 1536 ταῦτα
920 1485 1136 1550 πάντως
1197 1488 1230 1556 ή
1291 1487 1540 1557 παροῦσα
1595 1488 1754 1559 χάρις

174 1573 297 1625 ἐστὶ
320 1573 414 1626 καὶ⁸
450 1571 794 1642 ὀνομάζεται.
825 1575 1088 1628 Βούλεσθε
1115 1577 1254 1630 είπω
1279 1578 1307 1631 ὃ
1335 1578 1709 1649 ἐντεθύμημαι
1736 1597 1752 1646 ;

172 1665 340 1732 Αὕτη
377 1663 551 1718 ἐστὶν
594 1661 784 1732 ἡμέρα
839 1665 916 1734 ἢν
937 1667 1229 1736 ἐποίησεν
1270 1672 1304 1723 ὁ
1330 1671 1544 1738 Κύριος
1567 1687 1581 1702 ⁸
1621 1671 1754 1743 ἄλλη

177 1756 332 1827 παρά
356 1756 454 1820 τὰς
483 1757 541 1810 ἐν
566 1758 706 1829 ἀρχῇ
730 1759 877 1811 ἐστιν
904 1758 1064 1831 αὕτη.
1107 1761 1194 1814 Ἐν
1215 1761 1386 1833 ταύτῃ
1419 1762 1526 1834 γάρ
1557 1765 1701 1815 ποιεῖ
1730 1765 1758 1817 6

174 1848 314 1910 Θεὸς
357 1850 426 1919 τῇ
479 1847 664 1919 ἡμέρα
705 1835 934 1919 ούρανδν
988 1851 1209 1918 καινὸν,
1239 1853 1333 1905 καὶ
1377 1856 1480 1923 γῆν
1529 1852 1754 1924 καινὴν,

178 1907 364 2000 καθῶς
400 1907 576 2006 ’ἐρηεῖιν
594 1907 650 1988 ’6.
671 1907 987 2010 Πρόφήτης.
1019 1940 1178 1992 Ποῖον
1196 1907 1208 1918 1
1235 1907 1497 2011 ούραύόνς
1528 1940 1588 1994 τὸ
1790 1907 1832 1962 Β

181 2028 376 2100 ρὲωμα
411 2028 509 2099 τῆς
564 2030 646 2092 είς
676 2029 906 2101 Χριστὸν
961 2029 1195 2094 πίστεως
1225 2047 1240 2063 ο
1279 2032 1438 2085 ποίαν
1485 2032 1631 2102 γῆν;
1663 2033 1760 2104 τὴν

183 2118 400 2188 ἀγαθὴν
452 2119 680 2190 καρδίαν
713 2119 880 2191 φημὶ,
930 2122 1112 2186 καθὼς
1159 2118 1310 2178 εἶπεν
1353 2123 1628 2196 όΚύριος,
1664 2125 1764 2195 τὴν

181 2212 288 2282 γῆν
316 2210 414 2283 τὴν
445 2210 704 2265 πίνουσαν
742 2213 834 2266 τὸν
859 2213 946 2264 ἐπ’
977 2214 1114 2286 αὐτῇ
1152 2217 1444 2286 ἐρχόμενον
1467 2217 1642 2281 ὑετὸν,
1671 2217 1766 2271 καὶ

181 2302 276 2356 τὸν
303 2301 570 2373 πολύχουν
607 2301 806 2372 στάχυν
843 2303 1198 2375 ἁδρύνουσαν.
1247 2306 1336 2359 Ἑν
1363 2305 1533 2378 ταύτῃ
1563 2309 1630 2378 τῇ
1655 2307 1768 2361 κτί-

181 2408 293 2457 σει,
320 2391 473 2461 ἥλιος
527 2390 626 2462 μέν
659 2393 807 2446 ἐστιν
834 2392 862 2445 6
905 2393 1144 2464 καθαρὸς
1193 2393 1308 2464 βίος
1343 2413 1356 2429 ·
1384 2395 1560 2467 ἄστρα
1601 2397 1678 2465 δὲ,
1711 2398 1768 2450 αἱ

181 2483 410 2552 ἀρεταί·
442 2483 552 2554 ἀὴρ
577 2483 656 2545 δὲ,
691 2485 725 2554 ή
750 2483 1015 2556 διαφανὴς
1043 2485 1286 2540 πολιτεία
1304 2503 1319 2516 °
1338 2486 1582 2542 θάλασσα
1607 2489 1684 2556 δὲ,
1708 2489 1770 2544 τὸ

184 2574 354 2644 βάθος
391 2576 508 2628 ἐστὶ
531 2575 627 2628 τοῦ
657 2575 886 2629 πλούτου
919 2579 1018 2647 τῆς
1057 2579 1248 2647 σοφίας
1269 2597 1329 2633 τε
1356 2581 1449 2634 καὶ
1479 2580 1734 2649 γνώσεως
1752 2597 1766 2612 ·

188 2668 317 2719 πόαι
365 2667 460 2719 καὶ
495 2666 872 2738 βλαστήματα,
907 2670 1145 2742 ήάγαθὴ
1199 2671 1514 2727 διδασκαλία
1563 2673 1656 2727 καὶ
1705 2672 1774 2726 τὰ

189 2757 311 2810 θεῖα
347 2757 592 2828 δόγματα
615 2799 629 2824 ,
662 2760 806 2832 άπερ
835 2763 863 2814 ὀ
889 2761 1018 2825 λαὸς
1050 2763 1150 2832 τῆς
1199 2765 1372 2835 νομῆς
1392 2804 1405 2825 ,
1433 2767 1713 2820 τουτέστιν
1739 2768 1772 2836 ἡ

193 2851 396 2921 ποίμνη
417 2851 510 2904 τοῦ
533 2851 668 2905 Θεοῦ
705 2853 1018 2924 ἐπινέμεται
1037 2870 1053 2886 ’
1085 2856 1278 2926 δένδρα
1299 2857 1355 2910 δὲ
1377 2858 1633 2912 ποιοῦντα
1652 2877 1777 2931 καρο

193 2944 316 3010 πὺν,
349 2947 382 3014 ή
423 2944 534 2998 τῶν
573 2945 800 2999 ἐντολῶν
841 2948 1092 3019 ἐργασία.
1142 2949 1230 3002 Ἐν
1259 2950 1430 3022 ταύτῃ
1481 2950 1722 3016 κτίζεται
1747 2954 1777 3005 6

194 3035 448 3106 ἀληθινὸς
494 3035 812 3106 ἄνθρωπος,
843 3040 872 3092 6
917 3039 1037 3092 κατ’
1071 3039 1255 3093 εἰκόνα
1310 3041 1602 3111 γενόμενος
1642 3041 1774 3095 Θεοῦ

193 3126 298 3178 καὶ
318 3125 595 3196 ὁμοίωσιν.
635 3122 784 3198 Ἀρά
834 3145 915 3182 σοι
967 3129 1027 3181 οὐ
1075 3128 1290 3199 ,κόσμος
1347 3131 1552 3199 γίνεται
1585 3133 1778 3204 ἡάρχὴ

196 3216 362 3288 αῦτη,
407 3218 474 3274 Ἦ
513 3218 722 3288 ἡμέρα,
756 3217 838 3288 ἣν
880 3221 1171 3288 ἐποίησεν
1197 3225 1229 3275 ό
1255 3223 1506 3290 Κ·ὐριος;
1551 3225 1684 3294 Περὶ
1710 3220 1780 3297 ἧς
1806 3259 1847 3314 C

199 3327 366 3381 φησιν
411 3311 438 3362 6
471 3311 756 3382 προφήτης
789 3311 1091 3384 Ζαχαρίας,
1123 3313 1205 3366 δτι
1255 3312 1378 3367 οὔτε
1417 3314 1601 3385 ήμέρα
1641 3316 1781 3370 κατὰ

199 3402 298 3465 τὰς
321 3400 490 3463 ἄλλας
510 3402 738 3472 ἡμέρας,
766 3401 890 3455 οὔτε
918 3402 1014 3467 νὺξ
1045 3401 1186 3457 κατὰ
1222 3403 1321 3468 τὰς
1350 3403 1515 3467 ἄλλας
1549 3405 1778 3469 νύκτας.

1846 582 1913 639 de
1945 592 2190 652 tempore
2230 582 2355 645 hoc,
2398 581 2578 652 Neque
2616 582 2750 649 dies,
2788 584 2987 654 inquit,
3024 602 3186 655 neque
3233 589 3423 640 nox".

1848 673 2063 740 Quibus
2097 673 2278 729 verbis
2307 673 2570 737 ostendit,
2612 688 2788 743 neque
2819 676 2986 746 diem,
3033 693 3157 732 cum
3190 679 3273 734 sol
3315 694 3425 734 non

1848 765 2014 829 adsit,
2047 765 2230 820 vocari
2262 778 2446 834 posse,
2477 779 2654 835 neque
2701 775 2941 832 noctem,
2981 783 3104 822 cum
3137 771 3320 825 absint
3351 779 3428 825 te—

1849 856 2053 919 nebrat,
2083 871 2222 927 quas
2245 857 2407 924 Deus,
2443 863 2503 912 ut
2560 857 2738 915 Moses
2761 861 2976 925 scribit,
3007 871 3222 918 noctem
3258 863 3430 918 nomi—

1850 948 2073 1002 navit".

1925 1119 2326 1186 Quamobrem,
2360 1136 2485 1176 cum
2525 1131 2580 1178 et
2607 1138 2717 1178 nox
2748 1124 3020 1187 tenebris.
3063 1134 3117 1181 et
3154 1126 3272 1182 dies
3305 1128 3425 1183 sole

1856 1212 2278 1282 praascribatur,
2315 1214 2584 1284 propheta
2610 1256 2624 1281 ,
2667 1215 2848 1286 Neque
2889 1216 3037 1281 dies,
3083 1217 3291 1287 inquit,
3340 1235 3433 1272 ne—

1854 1320 1952 1373 que
1984 1318 2109 1358 nox.
2145 1304 2303 1370 Quod
2339 1305 2387 1362 si
2420 1321 2601 1377 neque
2628 1323 2737 1362 nox
2761 1349 2776 1372 ,
2807 1323 2984 1378 neque
3015 1309 3134 1364 dies
3154 1351 3170 1376 ,
3217 1319 3431 1379 tempus

1859 1392 1962 1446 hoc
2005 1393 2113 1447 dici
2177 1401 2393 1463 potest,
2451 1395 2560 1449 alio
2612 1397 2835 1450 nomine
2894 1397 3146 1466 profecto
3194 1413 3436 1467 praesens

1858 1484 2034 1553 gratia
2104 1491 2188 1539 est
2254 1485 2601 1555 appellanda.
2667 1485 2852 1542 Vultis
2913 1503 3183 1558 exponam
3247 1489 3435 1552 vobis,

1861 1577 1990 1645 quid
2033 1577 2150 1645 ipse
2192 1577 2469 1632 sentiam?
2500 1577 2629 1632 Haec
2666 1588 2744 1633 est
2784 1579 2896 1634 dies
2934 1581 3032 1634 illa
3058 1621 3072 1642 ,
3124 1598 3282 1650 quant
3315 1581 3437 1649 fecit

1863 1665 2225 1728 Dominus",
2283 1682 2312 1720 a
2377 1666 2572 1723 diebus
2628 1668 2738 1724 illis
2803 1670 2964 1740 longe
3031 1671 3284 1733 diversa,
3345 1671 3438 1740 qui

1863 1756 2051 1811 mundi
2100 1758 2502 1826 procreationis
2535 1759 2696 1814 initio
2737 1769 2867 1815 sunt
2901 1763 3185 1816 constituti
3209 1760 3270 1833 ,[
3303 1777 3442 1830 quos

1867 1845 2132 1915 temporis
2165 1861 2366 1901 cursus
2392 1847 2692 1902 dimetitur.
2721 1847 2964 1905 Alterius
3009 1851 3126 1905 haec
3164 1858 3249 1905 est
3316 1865 3444 1919 pro-

1861 1937 2162 1992 creationis
2221 1937 2511 2009 initium.]
2567 1938 2625 1991 In
2664 1939 2766 1994 hac
2811 1941 2957 1994 enim
2993 1941 3082 1996 die
3112 1942 3309 1996 caelum
3346 1956 3445 1994 no-

1863 2041 1990 2080 vum
2041 2024 2174 2080 facit
2212 2026 2357 2082 Deus
2411 2035 2464 2082 et
2514 2035 2716 2082 terram
2769 2045 3002 2092 novam,
3055 2039 3114 2084 ut
3175 2033 3251 2085 ait
3312 2031 3446 2085 1)ιό⁹

1861 2118 2028 2188 pheta
2056 2119 2127 2171 ὀ.
2190 2118 2417 2189 Ecquod
2457 2120 2698 2175 caelum?
2731 2121 3130 2177 firmamentum
3163 2123 3284 2192 ejus
3323 2139 3446 2192 quae

1865 2210 1921 2265 in
1949 2209 2176 2265 Christo
2211 2221 2297 2268 est
2336 2211 2486 2266 fidei.
2523 2214 2766 2284 Ecquam
2798 2213 3046 2268 terram?
3076 2229 3172 2269 cor
3205 2215 3444 2278 bonum,

1867 2301 2093 2370 inquam
2117 2340 2132 2365 ,
2177 2309 2237 2356 ut
2266 2301 2405 2356 dixit
2432 2301 2700 2360 Dominus
2724 2344 2739 2370 ,
2774 2313 2973 2360 terram
3027 2322 3148 2376 quae
3181 2307 3320 2361 bibit
3355 2323 3448 2361 su-

1869 2407 1970 2462 per
2003 2406 2064 2446 se
2094 2393 2404 2448 venientem
2455 2393 2686 2450 imbrem
2709 2435 2723 2459 ,
2749 2402 2802 2449 et
2836 2395 3044 2465 spicam
3087 2395 3448 2466 multiplicem

1872 2484 2016 2555 parit
2036 2485 2101 2540 ²¹.
2155 2482 2214 2538 In
2266 2485 2371 2540 hac
2424 2486 2742 2551 creatione,
2807 2487 2889 2541 sol
2941 2487 3159 2557 quidem
3210 2495 3295 2543 est
3339 2489 3448 2542 vita

1873 2573 2108 2638 munda,
2133 2574 2338 2640 stella,
2376 2575 2645 2640 virtutes;
2679 2590 2796 2641 aer,
2830 2577 3096 2645 praeclara
3153 2591 3452 2631 conversa—

1873 2667 1984 2734 tio;
2022 2681 2194 2728 mare,
2241 2665 2476 2720 altitudo
2513 2666 2850 2732 divitiarum,
2885 2668 3165 2737 sapientia:
3192 2667 3245 2722 et
3271 2670 3452 2723 scien-

1873 2759 2000 2823 tiae;
2045 2756 2228 2811 herbae
2269 2764 2324 2811 et
2371 2756 2616 2826 germina
2647 2796 2660 2819 ,
2696 2757 2840 2810 bona
2892 2756 3182 2822 doctrina,
3235 2756 3453 2810 divina-

1873 2863 1982 2917 que
2025 2846 2388 2913 documenta,
2423 2861 2544 2916 quae
2602 2847 2836 2916 populus
2875 2861 3094 2916 pascuze
3120 2884 3134 2911 ,
3196 2846 3304 2900 hoc
3337 2853 3452 2907 est.

1879 2939 1989 2995 Dei.
2007 2955 2140 3010 grex
2168 2939 2384 3009 carpit,
2420 2945 2586 3009 atque
2627 2938 2980 3008 depascitur;
3014 2937 3242 2991 arbores
3278 2936 3459 2990 feren-

1877 3039 1961 3086 tes
1993 3030 2230 3086 fructum
2257 3069 2271 3093 ,
2297 3031 2682 3085 mandatorum
2728 3030 3068 3084 observatio.
3119 3029 3176 3082 In
3234 3028 3338 3082 hac
3373 3027 3460 3082 die

1878 3138 2042 3178 verus
2086 3123 2250 3178 homo
2297 3131 2623 3193 procreatur
2657 3121 2725 3176 ad
2759 3121 3052 3190 imaginem
3101 3128 3154 3175 et
3197 3119 3458 3174 similitu-

1881 3215 2060 3269 dinem
2094 3215 2208 3269 Dei.
2242 3214 2440 3269 Annon
2469 3213 2708 3269 mundus
2741 3212 2838 3267 tibi
2862 3215 2918 3265 tit
2948 3212 3052 3265 hoc
3087 3211 3449 3280 principium,

1885 3304 2014 3360 Ha'c
2049 3304 2190 3371 dies,
2222 3321 2381 3375 quam
2421 3305 2546 3374 fecit
2573 3304 2879 3358 Dominus?
2903 3301 3079 3368 Quam
3114 3317 3293 3370 neque
3319 3301 3462 3355 diem

1882 3412 2007 3453 csse
2036 3396 2167 3450 dicit
2211 3397 2479 3466 propheta
2555 3395 2752 3449 diebus
2779 3394 2904 3448 aliis
2931 3433 2946 3458 ,
3010 3409 3191 3464 neque
3245 3400 3463 3446 noctem

202 3493 314 3548 Καὶ
350 3491 505 3546 οὔπω
530 3493 592 3546 τὸ
617 3493 888 3564 ἐξαίρετον
913 3497 1013 3566 τῆς
1032 3494 1312 3565 παρούσης
1338 3495 1556 3566 χάριτος
1581 3498 1609 3549 6
1628 3496 1776 3563 λόγος

1885 3489 2009 3542 aliis
2058 3486 2314 3540 noctibus
2349 3485 2630 3540 similem?
2678 3482 2784 3536 Sed
2842 3481 2988 3550 quod
3042 3481 3096 3533 in
3138 3481 3240 3534 hac
3291 3479 3466 3549 gratia

205 3584 491 3655 ἐκήρυξεν.
518 3583 666 3654 Αὕτη
707 3583 862 3638 ἔλυσε
893 3584 990 3655 τὴν
1031 3585 1124 3639 τοῦ
1167 3585 1398 3639 Θανάτου
1421 3587 1604 3641 ὼοδῖνα.
1637 3586 1776 3655 Αὕτη

1885 3577 2401 3649 ρνωειιιηιὶεείιηιιιιι
2445 3585 2567 3638 cst,
2597 3574 2843 3628 nondum
2879 3572 3296 3641 explicavimus.
3343 3569 3468 3622 Haec

205 3677 297 3730 τὸν
319 3677 433 3730 τῶν
462 3677 670 3749 νεκρῶν
705 3677 1046 3748 πρωτότοκον
1080 3677 1428 3748 ἐμαιεύσατο.
1478 3679 1566 3732 Ἐν
1612 3678 1776 3748 ταύττ

1888 3666 2082 3721 mortis
2133 3665 2349 3719 dolores
2401 3663 2673 3718 dissolvit.
2707 3659 2835 3716 Haec
2864 3667 3205 3714 mortuorum
3264 3659 3468 3728 primo-

209 3767 606 3838 ωνετρίὸησαν
654 3770 710 3822 αί
760 3765 980 3837 σιδηραῖ
1027 3768 1120 3820 τοῦ
1180 3768 1412 3822 θανάτου
1462 3769 1644 3822 πύλαι.
1702 3769 1776 3821 Ἐκ

1889 3757 2131 3828 genitum
2179 3755 2370 3810 edidit.
2401 3755 2457 3809 In
2504 3755 2607 3808 hac
2662 3753 2850 3808 ferreae
2890 3752 3081 3807 mortis
3136 3758 3306 3821 portae
3340 3765 3470 3804 con-

210 3860 382 3929 ταύτῃ
437 3860 486 3911 οἱ
532 3859 723 3929 χαλκοῖ
763 3859 858 3913 τοῦ
908 3859 1035 3932 ᾂδου
1092 3861 1276 3931 μοχλοὶ
1331 3859 1788 3932 συνεθλάσθησαν.

213 3949 329 4002 Νῦν
351 3949 628 4017 ἀνοίγεται
661 3950 754 4003 τοῦ
779 3951 1010 4004 Θανάτου
1033 3951 1092 4004 τὺ
1123 3952 1511 4022 δεσμωτήριον.
1545 3949 1659 4005 Νῦν
1695 3969 1796 4022 κη-

1893 3850 2080 3903 fractae
2118 3857 2266 3904 sunt.
2310 3847 2366 3902 In
2409 3847 2510 3901 hac
2563 3847 2689 3901 aarei
2741 3845 3042 3900 inferorum
3097 3851 3277 3898 vectes
3329 3857 3472 3896 com-

1894 3941 2117 3995 minuti.
2154 3938 2313 3993 Nunc
2348 3937 2544 3992 mortis
2567 3951 2756 3991 carcer
2785 3935 3052 4004 aperitur.
3085 3933 3242 3988 Nunc
3294 3933 3471 4002 capti-

216 4041 478 4113 ρύσσεται
524 4045 634 4106 τοῖς
686 4042 1050 4113 αἰχμαλώτοις
1094 4045 1126 4110 ἡ
1163 4043 1373 4113 ἄφεσις.
1426 4045 1541 4098 Νῦν
1588 4044 1772 4112 γίνετα

1894 4033 1982 4086 vis
2020 4031 2245 4085 libertas
2269 4028 2647 4085 denuntiatur.
2678 4025 2838 4081 Nunc
2863 4027 3024 4081 carcis
3050 4026 3268 4082 videndi
3295 4025 3466 4079 facul-

216 4135 330 4196 τοῖς
363 4132 583 4202 τυφλοῖς
638 4133 1016 4203 ήάνάϐλεψις.
1069 4133 1184 4186 Νῦν
1215 4137 1328 4197 τοῖς
1372 4136 1430 4187 ἐν
1479 4135 1660 4188 σκότει
1704 4136 1776 4188 κα

1897 4133 1984 4180 tas
2017 4125 2310 4195 praebetur.
2345 4121 2500 4175 Nunc
2554 4121 2740 4175 oriens
2777 4135 2844 4174 ex
2881 4119 2991 4173 alto
3024 4119 3213 4185 invisit
3244 4135 3342 4175 eos
3380 4119 3473 4190 qui

219 4223 350 4293 σκιᾷ
404 4221 634 4275 θανάτου
683 4223 1090 4294 καθημένοις,ή
1121 4224 1180 4287 ἐξ
1221 4223 1388 4292 ὕψους
1423 4225 1654 4297 ἀνατολὴ
1683 4229 1800 4280 ἐπι-

222 4315 535 4368 σκέπτεται.
559 4313 824 4368 Βούλεσθέ
852 4332 905 4367 τι
932 4314 1026 4367 καὶ
1059 4314 1188 4384 περὶ
1218 4315 1316 4384 τῆς
1338 4315 1638 4387 τριημέρου
1666 4333 1800 4384 προ-

1898 4217 1955 4270 in
1988 4215 2232 4271 tenebris
2277 4221 2333 4268 et
2375 4213 2571 4267 umbra
2612 4212 2810 4267 mortis
2852 4211 3232 4267 considebant.
3297 4209 3477 4266 Vultis

1899 4307 2065 4363 etiam
2097 4306 2164 4360 de
2194 4304 2363 4359 tridui
2426 4303 2694 4374 praeﬁnito
2725 4303 2960 4357 termino
3013 4301 3222 4372 aliquid
3276 4302 3479 4355 intelli—

221 4405 456 4474 θεσμίας
480 4404 704 4475 path-iv;
737 4403 924 4473 Ἀρκεῖ
948 4404 1201 4459 τοσοῦτον
1237 4405 1447 4476 μαθεῖν,
1466 4407 1548 4460 ὅτι
1576 4407 1634 4459 ἐν
1661 4406 1776 4460 οὔτε

1902 4396 2229 4470 gere‘Hllud
2260 4396 2469 4452 dixisse
2503 4396 2752 4452 contenti
2809 4396 3019 4459 simus,
3063 4405 3172 4449 tam
3221 4393 3478 4462 exiguum

218 4487 390 4566 ὀλίγῳ
421 4495 499 4567 τῷ
530 4496 764 4568 χρονικῷ
794 4496 1138 4568 διαστήματι,
1163 4497 1396 4568 ήρκεσεν
1415 4499 1448 4566 ἡ
1477 4497 1806 4551 παντοδύνα-

1903 4491 2167 4560 temporis
2207 4489 2446 4559 spatium
2487 4487 2658 4545 fuisse
2689 4489 2861 4552 satis,
2895 4498 2954 4541 ut
2983 4487 3335 4554 omnipotens
3391 4497 3481 4536 sa-

227 4605 328 4658 μος
345 4587 509 4656 σοφία
534 4589 592 4640 ἐν
620 4589 685 4658 τῇ
728 4589 925 4659 καρδίᾳ
955 4588 1054 4659 τῆς
1090 4587 1192 4658 γῆς
1229 4589 1492 4658 γενομένη
1518 4590 1546 4641 6
1579 4588 1776 4659 Κύριος

1908 4582 2111 4652 pientia
2169 4581 2226 4636 in
2285 4582 2454 4637 corde
2489 4589 2651 4636 terrae
2713 4581 2991 4636 exsistens
3025 4591 3277 4648 magnam
3332 4575 3480 4628 illam

223 4679 317 4732 τὸν
341 4679 513 4749 μέγαν
542 4679 748 4732 ἐκεῖνον
775 4678 898 4732 νοῦν
940 4679 1030 4732 τὸν
1066 4681 1123 4732 ἐν
1152 4677 1287 4750 αὐτῇ
1315 4678 1672 4750 διαιτώμενον
1708 4696 1808 4732 κα-

223 4770 571 4839 ταμωρᾶναι.
603 4769 760 4822 Οὕτω
787 4769 897 4840 γὰρ
925 4771 954 4822 6
987 4770 1282 4841 Προφήτης
1308 4771 1470 4824 αὐτὸν
1495 4772 1804 4840 κατονομάα

228 4859 313 4922 ζει
336 4898 352 4922 ,
389 4860 562 4930 μέγαν
611 4858 737 4913 νοῦν
795 4861 957 4913 αὐτὸν
1007 4861 1294 4914 ἀποκαλῶν
1355 4862 1450 4916 καὶ
1505 4861 1785 4933 Ἀσσύριον

1906 4685 2146 4729 mentem
2200 4675 2254 4726 in
2285 4689 2352 4728 eo
2385 4673 2722 4727 habitantem
2785 4672 3007 4725 stultam
3068 4668 3338 4722 redderet.
3393 4662 3482 4716 Sic

1905 4766 2051 4821 enim
2084 4764 2239 4818 illum
2289 4765 2536 4818 nominat
2571 4762 2845 4832 Propheta
2871 4801 2886 4824 ,
2933 4774 3185 4829 magnam
3245 4765 3484 4810 mentem

1907 4857 2060 4911 illum
2115 4864 2169 4911 et
2226 4855 2514 4926 Assyrium
2550 4854 2830 4923 appellans
2853 4854 2920 4904 ".
2983 4850 3257 4916 Quoniam
3323 4846 3485 4915 igitur

239 4947 399 5003 Ἐπεὶ
443 4943 537 5002 οὖν
569 4948 722 5002 ἑστία
745 4949 830 5012 τίς
859 4951 975 5001 ἐστι
995 4949 1092 5002 τοῦ
1129 4948 1277 5020 νοῦή
1310 4951 1504 5021 καρδία
1523 4950 1612 5022 (ἐν
1638 4951 1776 5004 ταύτλ

1906 4948 2244 5004 domicilium
2304 4945 2581 5016 quoddam
2618 4945 2818 5000 mentis
2849 4951 2933 5000 est
2967 4958 3101 5007 cor;
3140 4942 3192 4994 in
3230 4954 3296 4991 eo
3341 4937 3485 4991 enim

227 5041 344 5111 γὰρ
371 5039 432 5093 τὸ
462 5041 792 5112 ἡγεμονικὸν
819 5037 960 5093 εἶναι
993 5041 1350 5112 πιστεύεται),
1373 5043 1461 5097 διὰ
1482 5045 1639 5097 τοῦτο
1670 5043 1815 5113 γίνε-

1912 5043 2264 5114 principatus
2313 5041 2484 5095 animi
2525 5056 2649 5096 esse
2674 5039 2916 5093 creditur
2949 5055 2960 5089 :
2994 5035 3201 5088 idcirco
3227 5030 3488 5083 Dominus

227 5149 324 5189 ται
350 5135 408 5187 ἐν
430 5135 494 5205 τῇ
527 5133 726 5206 καρδία
761 5133 864 5204 τῆς
915 5133 1020 5203 γῆς
1061 5135 1090 5186 6
1142 5134 1364 5205 Κύριος,
1407 5137 1528 5206 ἥτις
1554 5137 1671 5189 ἐστὶ
1720 5154 1776 5190 το

1913 5142 2098 5190 manet
2126 5135 2179 5188 in
2211 5134 2375 5188 corde
2404 5141 2598 5195 terrm,
2641 5130 2732 5184 ubi
2769 5137 2854 5184 est
2881 5126 3080 5181 mentis
3129 5123 3278 5176 illius
3324 5119 3488 5174 coele-

235 5224 330 5280 νοῦ
392 5226 602 5280 ἐκείνου
643 5227 893 5297 οὐράνιον
928 5225 1244 5296 ἐνδιαίτημα
1266 5244 1279 5256 ·
1319 5227 1458 5281 ὥστε
1492 5229 1590 5300 τὴν
1627 5228 1776 5299 βουλῦ

1917 5236 2000 5283 ste
2023 5224 2387 5288 domicilium,
2425 5231 2486 5278 ut
2523 5223 2816 5278 consilium
2853 5219 2975 5288 ejus
3009 5215 3240 5270 stultum
3275 5211 3489 5273 reddat,

234 5313 406 5368 αὐτοῦ
433 5317 702 5387 μωρᾶναι,
727 5315 909 5379 καθὼς
943 5317 972 5368 6
989 5315 1281 5387 Προφήτης
1314 5319 1466 5386 φησὶ,
1499 5320 1595 5372 καὶ
1618 5318 1819 5391 δράξα-

240 5405 366 5458 σθαι
395 5404 486 5458 τὸν
513 5405 674 5474 σοφὸν
704 5406 762 5458 ἐν
789 5408 857 5476 τῇ
913 5407 1216 5478 πανουργίᾳ
1241 5408 1404 5460 αὐτοῦ
1433 5409 1526 5462 καὶ
1567 5409 1818 5481 περιτρέ-

237 5495 338 5566 ψαι
381 5495 532 5566 αὐτῷ
585 5496 723 5566 πρὶς
759 5497 820 5549 τὸ
847 5497 1088 5552 ἐναντίον
1127 5498 1196 5552 τὰ
1241 5500 1378 5568 σοφά
1423 5502 1812 5572 ἐγχειρήματα.

1919 5326 1980 5371 ιιι
2036 5318 2112 5371 ait
2180 5317 2492 5387 propheta,
2552 5323 2605 5368 et
2655 5309 3031 5381 apprehendat
3098 5306 3373 5374 sapientes
3437 5302 3491 5357 in

1924 5411 2127 5466 astutia
2175 5424 2364 5464 eorum
2391 5409 2470 5476 ",
2507 5414 2558 5462 et
2599 5404 2872 5474 sapientes
2903 5401 3146 5469 ipsorum
3181 5404 3411 5450 conatus
3439 5395 3492 5447 in

1925 5502 2263 5556 contrarium
2314 5506 2514 5554 vertat.
2546 5497 2681 5552 Nam
2719 5494 2847 5564 quia
2879 5492 2994 5545 ﬁeri
3026 5504 3136 5543 non
3182 5495 3396 5556 poterat
3435 5492 3494 5540 ut

255 5586 476 5657 Ἐπειδὴ
505 5585 615 5656 γὰρ
657 5586 935 5657 ἀμήχανον
963 5583 1030 5659 ἦν
1057 5588 1148 5642 τὸν
1183 5590 1416 5660 ἄρχοντα
1461 5590 1556 5644 τοῦ
1594 5592 1776 5645 σκότοι

1927 5596 2182 5666 princeps
2233 5594 2581 5648 tenebrarum
2654 5602 2857 5642 meram
2931 5583 3071 5636 lucis
3139 5579 3488 5648 pra-sentiam

318 5699 361 5769 ξ’
390 5697 691 5769 Zach.xtv,
717 5697 772 5753 7.
826 5699 894 5769 7'?
921 5699 1056 5756 Gen.
1093 5717 1132 5762 ι.
1168 5704 1220 5757 5.
1302 5705 1344 5736 ¹⁹
1369 5704 1510 5761 Psal.
1545 5720 1712 5769 cxvu,
1743 5705 1831 5760 2L

247 5767 420 5826 “lsa.
455 5784 606 5836 xxix,
632 5768 719 5824 M.
795 5768 842 5800 “
873 5767 976 5825 Job
1009 5787 1058 5834 v,
1092 5773 1177 5828 15.

1933 5707 1979 5738 ²⁰
2011 5704 2112 5761 lsa.
2140 5705 2379 5770 va,l7.
2477 5707 2518 5737 “
2564 5703 2667 5758 lsa.
2703 5717 2810 5763 in,
2871 5698 2955 5751 Η.
3051 5695 3096 5724 ²²
3135 5693 3240 5748 lsa.
3302 5707 3354 5758 κ,
3393 5689 3494 5755 12;
