4084 6158
628 374 732 430 607

1849 376 1904 431 s.
1943 331 2267 430 Gnnconn
2311 329 2602 430 sts'sm

3763 367 3880 423 608

626 489 951 559 attingeret,
997 489 1103 546 nisi
1159 499 1369 562 partem
1419 495 1656 566 aliquam
1717 495 1902 550 carnis
1952 495 2007 549 in
2074 494 2193 564 ipsa

2298 492 2519 562 ἀκράτῳ
2540 487 2836 562 προσμίξαι
2869 492 2934 561 τῇ
2967 487 3060 542 τοῦ
3087 486 3261 557 φωτὸς
3288 482 3579 555 παρουσίᾳ,
3615 483 3686 554 μὴ
3735 501 3879 553 σαρ-

623 581 1038 650 conspexisset,
1093 583 1331 651 idcirco,
1367 593 1721 656 posteaquam
1773 587 2013 640 divinam
2070 600 2194 638 car-

626 684 747 723 nem
782 670 952 736 vidit,
1000 679 1054 724 et
1090 687 1177 727 res
1220 674 1573 731 admirandas
1624 691 1744 746 quae
1778 691 1873 745 per
1923 677 2096 745 ipsam
2163 689 2193 730 a

626 759 908 816 divinitate
943 757 1352 830 efﬁciebantur,
1395 767 1624 836 aspexit,
1658 767 1930 836 speravit,
1986 783 2045 821 se
2069 805 2084 829 ,
2143 765 2187 821 si

626 861 802 905 morte
844 867 1064 907 carnem
1094 854 1396 920 affecisset,
1433 873 1646 912 omnem
1687 859 1852 912 etiam
1889 857 2146 911 virtutem
2171 897 2186 922 ,

622 958 746 1011 qua:
777 943 831 996 in
880 944 997 1012 ipsa
1045 954 1204 1012 erat,
1237 935 1644 1016 superaturum.
1682 948 1869 1016 Itaque
1932 947 2060 1002 dum
2108 947 2194 1000 in-

577 1079 580 1082 .
623 1035 782 1088 hians
804 1034 870 1088 ad
928 1038 1113 1092 carnis
1161 1052 1342 1092 escam
1381 1041 1627 1110 aspirat,
1675 1039 1980 1093 divinitatis
2030 1039 2194 1092 hamo

622 1128 923 1184 transfixus
951 1139 1068 1194 est,
1106 1138 1269 1198 atque
1296 1131 1368 1183 ita
1393 1130 1560 1184 draco
1613 1145 1710 1199 per
1737 1131 1960 1183 hamum
1995 1129 2194 1186 ductus

590 1213 734 1291 ξύει,
762 1226 820 1271 ut
843 1220 913 1272 ait
946 1217 1079 1283 Job,
1122 1221 1214 1288 qui
1251 1235 1346 1289 per
1390 1236 1478 1283 se,
1534 1221 1681 1291 quod
1739 1220 1982 1274 futurum
2040 1231 2190 1288 erat,

591 1279 1033 1375 lprmnuntians,
1075 1310 1289 1374 Hamo,
1348 1310 1558 1380 inquit,
1619 1310 1900 1365 draconem
1941 1311 2098 1365 duces
2121 1312 2189 1366 ⁸⁵.

628 1395 926 1452 Audiamus
955 1407 1132 1452 autem
1162 1415 1191 1452 a
1243 1400 1503 1469 pr0pheta
1527 1439 1542 1466 ,
1579 1416 1831 1470 quaenam
1880 1413 2037 1457 erant
2087 1419 2152 1458 ea
2174 1443 2190 1468 ,

624 1503 746 1556 qua}
780 1502 875 1541 cor
929 1489 1074 1543 istud
1109 1498 1272 1544 terrae
1325 1491 1589 1548 adversus
1651 1494 1968 1550 universum
2019 1495 2193 1549 inibat

626 1576 891 1640 consilia,
956 1591 1080 1630 cum
1135 1578 1398 1633 adversus
1449 1579 1664 1634 Domini
1711 1595 1936 1635 carnem
2007 1580 2192 1636 fauces

624 1667 862 1734 aperuit.
904 1665 1046 1732 Quid
1085 1667 1141 1721 in
1195 1683 1319 1722 eum
1351 1669 1485 1723 dicit
1536 1667 1743 1737 Isaias,
1799 1672 1946 1726 illius
2006 1671 2192 1726 redar-

624 1773 798 1825 guons
831 1759 1109 1829 cogitata?
1138 1759 1216 1813 Tu
1257 1759 1444 1815 dixisti
1472 1762 1528 1814 in
1547 1761 1701 1816 corde
1733 1772 1821 1817 tuo
1851 1780 1869 1818 :
1906 1762 1972 1816 In
2003 1763 2190 1818 cadum

2299 584 2394 646 κός
2438 600 2556 637 τινα
2612 583 2804 652 μοῖραν
2853 581 3205 652 θεωρήσαντα
3243 577 3299 630 ὲν
3337 575 3514 644 ἑαυτῷ
3550 592 3563 604 ο
3592 575 3679 628 διὰ
3710 574 3879 628 τοῦτο

2299 675 2374 737 ὡς
2396 671 2621 745 εἷδεατὴν
2653 674 2908 743 θεοφόρον
2939 673 3137 742 σάρκα,
3162 667 3268 723 εῖδε
3311 669 3368 721 δὲ
3395 669 3490 722 καὶ
3518 667 3588 720 τὰ
3615 666 3743 736 παρ’
3768 668 3878 720 αύ-

2297 766 2395 834 τῆς
2419 764 2783 835 ἐνεργούμενα
2820 765 2919 834 τῆς
2951 761 3200 833 θεότητος
3231 760 3504 831 θαύματα,
3537 759 3785 830 ἤλπισεν.
3823 759 3877 810 εί

2297 854 2396 923 τῆς
2430 854 2628 926 σαρκὸς
2667 853 2754 907 διὰ
2780 853 2874 906 τοῦ
2927 851 3158 906 θανάτου
3203 852 3527 921 κρατήσειε,
3560 850 3653 901 καί¹
3688 849 3873 918 πάσης

2295 946 2394 1015 τῆς
2422 947 2478 998 ὲν
2503 945 2638 1015 αὐτῇ
2671 945 2967 1016 κρατήσειν
3008 943 3306 1013 δυνάμεως.
3343 941 3452 994 Καὶ
3493 941 3680 993 τούτου
3711 943 3887 1010 χάριτι

2296 1036 2355 1088 τὸ
2382 1036 2479 1106 τῆς
2529 1036 2727 1108 σαρκὸς
2755 1037 2945 1107 δέλεαρ
2989 1034 3327 1106 περιχανὼν,
3356 1031 3433 1103 τῷ
3485 1033 3582 1100 τῆς
3616 1030 3876 1091 θεότητος

2296 1125 2576 1196 ἀγκίστρῳ
2613 1125 2944 1196 περιεπάρη,
2975 1123 3069 1176 καὶ
3106 1121 3278 1184 οὕτως
3304 1119 3445 1191 ήχθη
3472 1120 3500 1172 6
3531 1117 3745 1186 δράκων
3778 1116 3876 1168 διὰ

2293 1215 2388 1269 τοῦ
2422 1215 2748 1286 ἀγκίστρου,
2783 1214 2963 1279 καθώς
2989 1231 3151 1285 φησιν
3179 1215 3207 1267 6
3260 1210 3397 1275 Ἰὼὸ,
3419 1213 3448 1265 6
3476 1209 3877 1282 προαναφωνή-

2300 1323 2398 1369 σας
2439 1306 2506 1358 δι’
2541 1305 2703 1360 αὑτοῦ
2752 1307 2812 1360 τὸ
2850 1305 3106 1376 ἐσόμενον
3132 1346 3148 1370 ,
3182 1304 3380 1372 λέγων,
3409 1303 3492 1355 ὅτι
3533 1302 3732 1366 Ἀξεις
3758 1300 3878 1353 τὸν

2297 1396 2591 1465 δράκοντα
2635 1398 2706 1451 ἐν
2757 1398 3072 1467 ἀγκίστρῳ.
3096 1380 3456 1461 ”Ακούσωμεν
3497 1392 3554 1445 δὲ
3591 1391 3740 1462 παρὰ
3768 1392 3876 1456 τῆς

2294 1486 2388 1540 τοῦ
2412 1489 2696 1558 Προφήτω
2731 1490 2914 1559 φωνῆς
2938 1530 2952 1554 ,
2987 1487 3108 1540 τίνα
3143 1481 3235 1557 ἦν,
3269 1485 3304 1539 ἃ
3337 1485 3371 1554 ή
3407 1482 3603 1553 καρδία
3635 1485 3734 1551 τῆς
3765 1482 3876 1550 γῆς

2295 1577 2431 1645 αῦτη
2464 1579 2606 1632 κατὰ
2647 1579 2742 1632 τοῦ
2797 1565 3000 1642 παντὸς
3031 1576 3421 1639 ἐϐουλεύσατο,
3445 1575 3535 1628 ὅτε
3579 1571 3720 1626 κατὰ
3769 1573 3876 1640 τῆς

2296 1669 2500 1740 σαρκὸς
2537 1669 2628 1722 τοῦ
2656 1670 2862 1740 Κυρίου
2894 1669 2955 1722 τὸ
2978 1668 3152 1738 στόμα
3199 1666 3395 1750 ήνοιξε.
3429 1665 3493 1716 Τί
3536 1665 3687 1731 λέγει
3732 1661 3877 1732 πρὸς

2298 1757 2460 1810 αὑτὸν
2503 1758 2731 1823 Ἡσαΐας
2765 1760 2998 1829 ἐλέγχων
3021 1758 3180 1812 αὐτόν
3199 1777 3212 1822 ;
3234 1757 3318 1811 Σὺ
3336 1752 3508 1822 εἴπας
3531 1757 3601 1808 ἐν
3622 1753 3697 1820 τῇ
3729 1769 3876 1819 καρ-

625 1848 946 1912 ascendam.
985 1865 1141 1917 super
1180 1860 1329 1904 astra
1367 1851 1483 1904 εικίὶ
1529 1867 1722 1920 ponam
1771 1853 1964 1908 solium
2023 1871 2195 1908 meum

2299 1844 2397 1914 δίᾳ
2434 1863 2549 1902 σου
2574 1867 2586 1880 ·
2632 1851 2734 1914 Εἰς
2779 1826 3190 1916 τὸν-ὀὐρανὸν
3225 1842 3598 1914 ἀναϐήσομαι
3623 1882 3639 1906 ,
3671 1842 3877 1896 ἐπάνω

627 1939 901 2006 (sedeboin
925 1951 1098 1996 monte
1145 1942 1354 1997 excelso
1397 1959 1558 2012 supra
1580 1945 1739 1998 nubes
1799 1944 2196 2016 conscendam),

623 2040 672 2082 et
704 2047 791 2084 ero
823 2032 1013 2085 similis
1044 2033 1323 2087 Altissimo
1345 2034 1414 2087 “.
1454 2034 1580 2090 Haec
1617 2051 1805 2091 secum
1869 2039 2198 2093 sceleratum

623 2138 720 2175 cor
753 2124 1050 2192 cogitabat.
1084 2124 1226 2180 Ante
1265 2142 1394 2181 vero
1418 2167 1431 2191 ,
1489 2129 1620 2199 quid
1677 2145 1870 2200 magna
1908 2131 2000 2184 illa
2044 2147 2199 2186 mens

624 2212 678 2264 in
722 2215 968 2280 malitia,
1026 2216 1158 2284 quid
1214 2217 1503 2286 improbus
1553 2219 1645 2274 ille
1695 2221 1956 2291 Assyrius
2011 2236 2197 2277 secum

622 2299 741 2368 ipse
766 2301 1081 2370 loqueretur
1105 2345 1120 2370 ,
1147 2320 1212 2359 ex
1232 2304 1386 2360 Isaia:
1421 2308 1550 2360 item
1579 2309 1759 2364 verbis
1787 2310 2192 2381 intelligamus:

622 2391 779 2456 Dixi,
808 2392 1145 2449 Fortitudine
1195 2413 1381 2451 manus
1422 2415 1546 2453 mea:
1573 2400 1770 2468 faciam
1793 2443 1808 2469 ,
1837 2412 1888 2456 et
1916 2402 2199 2470 prudentia

619 2483 895 2549 sapientia:
912 2501 1040 2538 mea:
1074 2487 1324 2540 terminos
1355 2489 1587 2557 gentium
1624 2491 1902 2559 auferam,
1947 2501 1999 2545 et
2041 2490 2197 2559 forti-

623 2574 856 2628 tudinem
900 2591 1078 2630 eorum
1105 2578 1420 2646 prwdabor,
1449 2592 1499 2634 et
1535 2583 1838 2636 concutiant
1895 2585 2049 2636 urbes
2099 2584 2201 2638 Ita-

622 2666 818 2720 bitatas
839 2683 859 2731 ,'
885 2677 934 2721 et
967 2668 1146 2723 orbem
1176 2681 1443 2724 terrarum
1475 2673 1776 2728 universum
1822 2685 2083 2744 tanquam
2114 2681 2201 2730 ni-

622 2757 748 2810 dum
778 2761 1242 2830 comprehendam,
1267 2772 1316 2816 et
1356 2772 1610 2834 tanquam
1654 2783 1752 2819 ova
1801 2767 2055 2823 derelicta
2096 2773 2198 2824 tol-

623 2847 761 2911 lant,
797 2859 976 2905 etnon
1003 2854 1102 2905 erit
1142 2855 1232 2924 qui
1283 2855 1501 2924 effugiat
1547 2874 1656 2922 me,
1724 2869 1819 2912 aut
1863 2862 2196 2916 contradicat

623 2936 836 2992 mihi“.
873 2939 986 2995 [lac
1019 2943 1110 2997 ille
1169 2960 1265 3014 spe
1314 2946 1598 3017 deceptus,
1663 2965 1784 3004 cum
1825 2952 1920 3021 qui
1975 2962 2198 3023 propter

623 3041 780 3079 suam
809 3043 936 3100 erga
960 3046 1133 3100 genus
1157 3032 1460 3089 humanum
1491 3038 1931 3096 benevolentiam
1950 3042 2005 3096 in
2029 3046 2193 3100 terris

2305 1939 2423 1992 τῶν
2463 1940 2734 2008 νεφελῶν
2764 1940 2930 2006 θήσω
2983 1939 3090 1993 τὸν
3113 1940 3326 2007 θρόνον
3361 1955 3500 2006 μου,
3529 1935 3627 1990 καὶ
3655 1935 3875 2004 ἔσομαι

2299 2030 2498 2099 ὅμοιος
2532 2031 2612 2096 τῷ
2665 2032 2954 2100 ’Υψίστιμ
2998 2029 3183 2084 Ταῦτα
3212 2032 3244 2100 ή
3279 2029 3491 2100 πονηρὰ
3519 2028 3716 2098 καρδία
3744 2026 3872 2080 καθ’

2299 2121 2497 2192 ἑαυτῆς
2527 2121 2902 2174 ἐϐουλεύσατο.
2923 2121 3033 2174 Καὶ
3063 2120 3143 2172 ἔτι
3176 2119 3283 2190 πρὸ
3301 2119 3524 2180 τούτων,
3548 2120 3575 2170 6
3612 2117 3784 2187 μέγας
3814 2110 3877 2167 ὲν

2299 2212 2466 2282 κακίᾳ
2488 2210 2631 2276 νοῦς,
2649 2213 2677 2263 6
2711 2211 2948 2280 πονηρὸς
2980 2209 3282 2279 Ἀσσύριος,
3305 2206 3392 2262 οἷα
3418 2207 3554 2281 πρὸς
3581 2207 3742 2262 αὐτὸν
3787 2206 3877 2259 δι-

2299 2302 2466 2372 εξῄει,
2513 2302 2831 2372 ἀκούσωμεν
2863 2302 3023 2355 πάλιν
3056 2305 3120 2355 ὲκ
3149 2302 3250 2372 τῆς
3293 2301 3514 2355 Ἡσαΐου
3545 2299 3760 2369 φωνῆς·
3801 2301 3876 2352 ’Δ

2299 2399 2428 2456 εἷπε
2455 2421 2467 2434 ·
2500 2401 2583 2470 Τῇ
2628 2404 2801 2472 ισχύῖ
2841 2400 2949 2469 τῆς
2998 2401 3194 2471 χειρός
3224 2414 3344 2467 μου
3375 2392 3637 2457 ποιήσω,
3659 2389 3755 2444 καὶ
3796 2387 3878 2456 τῇ

2299 2495 2486 2562 σοφίᾳ
2519 2492 2629 2562 τῆς
2659 2494 2966 2559 συνέσεως
2993 2489 3196 2561 ἀφελῶ
3223 2489 3352 2556 ὅρια
3389 2483 3597 2550 ἐθνῶν,
3637 2483 3733 2536 καὶ
3757 2481 3879 2549 τὴν

2302 2584 2486 2652 ἰσχὺν
2507 2583 2704 2639 αὐτῶν
2730 2585 3141 2653 προνομεύσω,
3161 2579 3267 2634 καὶ
3291 2580 3478 2632 σείσω
3501 2576 3711 2638 πόλεις
3737 2589 3879 2625 κατ-

2299 2677 2672 2746 οικουμένας,
2728 2676 2827 2730 καὶ
2869 2675 2985 2743 τὴν
3012 2671 3369 2742 οἰκουμένην
3412 2668 3565 2733 ὅλην
3607 2665 3875 2728 καταλή-

2298 2769 2487 2835 ψομαι
2534 2768 2615 2833 ὡς
2653 2766 2916 2821 νοσσίαν
2937 2805 2951 2831 ,
2982 2763 3078 2818 καὶ
3111 2765 3190 2828 ὡς
3231 2757 3742 2826 καταλελειμμένα
3789 2755 3876 2808 ὠά

2299 2857 2441 2927 ἀρῶ,
2468 2858 2565 2911 καὶ
2596 2859 2706 2912 οὐκ
2729 2857 2898 2910 ἐστιν
2922 2856 2990 2922 ὃς
3030 2852 3407 2923 διαφεύξεταί
3427 2868 3524 2920 με,
3546 2851 3584 2917 ἢ
3619 2848 3872 2915 ἀντείπῃ

2295 2966 2416 3018 μοι.
2449 2949 2606 3004 Μετὰ
2641 2949 2846 3018 ταύτης
2875 2949 2975 3016 τῆς
3005 2947 3215 3008 ἐλπίδος
3245 2945 3456 3013 δέχεται
3488 2943 3545 2994 ὲν
3573 2939 3748 3010 ἐαυτῷ
3778 2939 3874 2991 τὸν

2299 3039 2388 3094 διὰ
2436 3040 2841 3112 φιλανθρωπίαν
2882 3041 2994 3102 τοῖς
3042 3038 3192 3091 κάτω
3237 3035 3669 3105 ἐπιδημήσαντα.
3704 3031 3766 3082 Τί
3817 3029 3875 3082 δὲ

624 3118 913 3174 nobiscum
948 3124 1270 3179 versabatur
1291 3165 1306 3191 ,
1340 3127 1393 3180 in
1428 3143 1488 3182 se
1517 3132 1784 3200 suscepit.
1819 3131 2024 3188 Verum
2045 3151 2193 3205 quac-

625 3219 749 3228 ιιιι.-.
794 3206 866 3228 :II:
932 3223 1108 3228 --_-_4,
1150 3211 1191 3228 I_
1218 3227 1256 3228 κν
1693 3219 1708 3228 .
2080 3226 2087 3228 .

2300 3135 2448 3205 αὐτῷ
2479 3135 2601 3188 ἀντὶ
2625 3133 2732 3188 τῶν
2761 3133 3120 3186 ἐλπισθέντων
3145 3130 3375 3199 γίνεται,
3397 3127 3663 3195 διηγεῖται
3688 3121 3876 3228 σαιρως

625 3219 752 3257 nam
793 3206 868 3259 illi
925 3223 1115 3263 eorum
1150 3211 1306 3279 loco,
1358 3230 1481 3284 quae
1529 3219 1818 3286 sperabat,
1868 3226 2189 3291 evenerint,

625 3295 886 3362 propheta
919 3299 1282 3355 calamitatem
1311 3303 1489 3372 ipsius
1549 3307 1835 3364 declarans
1885 3319 2071 3380 aperte
2113 3315 2194 3367 'si-

624 3385 869 3453 gnificat,
907 3389 1207 3455 Quomodo,
1235 3394 1493 3464 inquiens
1509 3436 1524 3461 ,
1545 3398 1731 3452 cecidit
1757 3416 1784 3454 e
1808 3401 1935 3455 cazlo
1956 3402 2191 3473 Lucifer,

623 3476 713 3544 qui
747 3493 901 3533 mane
929 3481 1245 3538 oriebatur?
1277 3483 1551 3550 Quomodo
1580 3490 1842 3544 contritus
1873 3502 1951 3545 est
1994 3493 2050 3546 in
2087 3503 2194 3548 ter-

623 3571 782 3624 ram?
809 3568 976 3638 Super
1017 3589 1136 3627 eum
1177 3583 1350 3630 strata
1400 3587 1478 3632 est
1529 3579 1750 3648 putredo
1775 3623 1789 3648 ,
1829 3583 2195 3640 indumentum

621 3657 786 3725 ipsius
814 3669 892 3713 est
916 3663 1168 3717 vermium
1197 3668 1571 3734 operimentum
1586 3670 1631 3701 ³⁷
1653 3709 1668 3734 ,
1694 3677 1748 3724 et
1797 3680 1997 3727 caetera
2019 3714 2034 3739 ,
2068 3676 2195 3745 qui-

623 3748 726 3804 bus
749 3749 1007 3808 interitus
1040 3755 1161 3822 ejus
1201 3757 1567 3825 describitur,
1627 3775 1750 3830 quae
1783 3764 2008 3819 cuilibet
2070 3767 2197 3822 licet

619 3855 686 3894 cx
731 3846 1008 3911 prophetae
1059 3846 1282 3915 scriptis
1347 3849 1693 3921 intelligere;
1762 3855 1899 3909 mihi
1932 3858 2080 3912 enim
2129 3859 2196 3914 ad

513 3923 547 3966 τ’
624 3933 962 3999 propositum
988 3934 1327 3990 redeundum
1359 3947 1466 3994 est.

695 4018 774 4071 0b
805 4020 857 4073 id
910 4021 1077 4090 igitur
1126 4039 1251 4078 vera
1290 4027 1559 4098 sapientia
1606 4031 1664 4087 in
1713 4038 1992 4107 arroganti
2030 4039 2198 4096 corde

625 4114 785 4162 terra:
816 4121 1082 4179 versatur,
1111 4122 1168 4167 ut
1191 4129 1438 4187 niagnam
1469 4121 1617 4176 illam
1646 4124 1700 4179 in
1732 4128 1942 4183 malitia
1963 4139 2195 4186 mentem

623 4195 820 4262 deleat,
869 4207 926 4253 ut
972 4203 1206 4259 tenebrae
1238 4207 1606 4267 discutiantur
1657 4229 1688 4268 a
1737 4215 1877 4282 luce,
1921 4226 1998 4285 ut,
2052 4219 2198 4290 quod

622 4290 855 4344 mortale
894 4299 999 4356 est,
1050 4295 1410 4354 absorbeatur
1437 4317 1467 4355 a
1496 4304 1608 4357 vita
1628 4305 1694 4372 ’⁸,
1741 4315 1795 4361 et
1823 4317 2066 4364 extremo
2092 4313 2199 4365 ini-

623 4381 785 4447 mico,
816 4392 989 4437 morte
1015 4387 1292 4454 nimirum,
1325 4392 1624 4458 destructo,
1663 4397 1863 4451 malum
1899 4409 2194 4458 evertatur.

2296 3229 2330 3296 ἡ
2371 3226 2676 3298 προφητεία
2716 3225 2780 3278 τὸ
2827 3224 2945 3278 κατ’
2979 3222 3186 3277 ἐκείνου
3235 3221 3408 3283 πάθος
3448 3218 3706 3286 λέγουσα·
3741 3212 3878 3278 Πῶς

2297 3318 2590 3382 ἐξέπεσεν
2618 3316 2684 3370 ἐκ
2714 3315 2820 3370 τοῦ
2862 3315 3120 3383 οὐρανοῦ
3153 3317 3186 3368 ὀ
3212 3313 3552 3380 ἐωσςοόρος;
3575 3308 3706 3372 Πῶς
3724 3322 3877 3359 συν-

2299 3409 2494 3475 ετρίϐη
2535 3405 2632 3460 ἐπὶ
2665 3405 2780 3472 τὴν
2829 3402 2962 3474 γῆν,
2991 3395 3039 3469 ᾦ
3085 3399 3440 3468 ὑπεστρώθη
3469 3399 3508 3464 ἡ
3539 3397 3736 3465 σῆψις
3762 3435 3777 3461 ,
3828 3389 3877 3462 ᾧ

2298 3497 2526 3566 ἔνδυμα
2554 3497 2780 3566 γίνεται
2821 3497 2860 3563 ἡ
2899 3492 3184 3562 περιϐολὴ
3223 3490 3343 3545 τῶν
3379 3489 3742 3555 quadrimae;
3781 3489 3878 3540 καὶ

2300 3589 2400 3642 ὅσα
2434 3588 2568 3643 ἄλλα
2615 3588 2742 3658 περὶ
2784 3586 2877 3639 τοῦ
2918 3583 3227 3656 ἀφανισμοῦ
3277 3582 3439 3636 αὐτοῦ
3488 3579 3830 3649 διεξέρχεται
3857 3620 3872 3643 ,

2299 3681 2442 3752 ἅπερ
2474 3680 2651 3745 ἔξεστι
2674 3678 2752 3749 τῷ
2796 3677 3100 3749 βουλομένῳ
3129 3675 3190 3742 ἐξ
3217 3675 3394 3731 αὐτῶν
3425 3673 3535 3727 τῶν
3555 3671 3876 3743 γεγραμμέ-

2300 3789 2404 3826 νων
2430 3772 2493 3824 δι’
2524 3769 2810 3841 ἀκριϐείας
2841 3768 3050 3839 μαθεῖν.
3090 3766 3242 3838 Ἐμοὶ
3292 3765 3350 3820 δὲ
3383 3763 3520 3835 πρὸς
3546 3762 3636 3815 τὸν
3673 3759 3874 3814 σκοπὸν

2299 3863 2630 3917 ὲπανακτέον
2663 3862 2754 3914 τὸν
2783 3861 2960 3928 λόγον.

2373 4043 2470 4097 Διά
2504 4043 2662 4096 τοῦτο
2689 4044 2898 4112 γίνεται
2928 4043 2961 4113 ἡ
3009 4039 3236 4111 ἀληθινὴ
3280 4039 3462 4109 σοφία,
3487 4042 3545 4092 ὲν
3587 4042 3653 4109 τῇ
3705 4055 3874 4108 μεγα-

2299 4133 2597 4204 λορρήμονι
2634 4133 2809 4204 ταύτῃ
2839 4131 3036 4203 καρδίᾳ
3064 4131 3162 4200 τῆς
3203 4130 3329 4199 γῆς,
3359 4129 3446 4182 ἵνα
3486 4127 3786 4199 ὲξαφανίσῃ
3815 4127 3874 4191 ἐξ

2298 4227 2470 4295 αὐτῆς
2493 4225 2584 4278 τὸν
2613 4225 2786 4295 μέγαν
2816 4226 2874 4277 ὲν
2908 4223 3076 4293 κακίᾳ
3101 4221 3244 4286 νοῦν,
3268 4222 3362 4274 καὶ
3381 4219 3622 4290 φωτισθῇ
3656 4220 3716 4270 τὸ
3745 4219 3871 4270 σκό-

2299 4335 2407 4380 τος,
2446 4317 2540 4371 καὶ
2569 4316 2847 4386 καταποθῇ
2885 4315 2946 4368 τὸ
2985 4315 3174 4385 θνητὸν
3209 4313 3312 4366 ὑπὸ
3342 4314 3440 4382 τῆς
3485 4311 3651 4381 ζωῆς,
3685 4311 3779 4363 καὶ
3813 4311 3874 4362 τὸ

2299 4408 2467 4462 κακὸν
2525 4410 2604 4472 εἰς
2655 4407 2995 4476 ἁνυπαρξίαν
3050 4407 3432 4476 μεταχωρήσῃ,
3497 4403 3590 4458 τοῦ
3644 4403 3870 4472 ἐσχάτου

621 4471 747 4527 llaec
791 4474 890 4529 tibi
922 4481 1241 4549 prtescripto
1294 4483 1458 4537 tridui
1509 4487 1686 4553 spatio
1743 4488 1994 4545 confecta
2045 4503 2192 4550 sunt.

2301 4501 2494 4573 ἐχθροῦ
2524 4471 2982 4571 καταργηθέντος,
3016 4471 3075 4563 ὃς
3125 4471 3283 4551 ἐστιν-
3384 4471 3641 4559 θάνατος.
3688 4471 3874 4548 Ταῦτά

621 4561 760 4617 Num
807 4565 962 4620 tarda
997 4568 1212 4623 videtur
1256 4571 1370 4626 haec
1411 4577 1626 4644 gratia?
1668 4576 1808 4632 Num
1842 4581 2005 4637 nimis
2040 4584 2202 4656 longo

621 4656 906 4712 intervallo
935 4667 1144 4716 tantum
1177 4663 1378 4718 bonum
1405 4675 1621 4736 partum
1653 4673 1773 4726 est?
1797 4671 1892 4728 Vis
1925 4675 2180 4732 eximiam

621 4746 878 4802 virtutem
907 4764 1226 4820 agnoscere,
1259 4772 1365 4825 qua
1397 4765 1505 4812 tam
1537 4762 1735 4832 exiguo
1773 4768 2032 4834 temporis
2072 4784 2202 4838 spa-

623 4836 698 4890 tio
728 4838 843 4893 haec
888 4852 1040 4912 gesta
1072 4847 1240 4899 sunt?
1265 4845 1468 4904 Omnes
1514 4853 1649 4906 mihi
1682 4853 1962 4911 hominum
2015 4869 2205 4919 aetates

619 4944 902 4997 enumera,
956 4949 1076 5002 quae
1123 4937 1232 5004 jam
1268 4939 1396 4996 inde
1425 4943 1494 4998 ab
1548 4945 1667 5014 ipso
1699 4947 1877 5017 primo
1925 4952 2194 5008 malorum

619 5031 745 5078 ortu
786 5041 958 5096 usque
990 5027 1058 5081 ad
1113 5045 1300 5084 eorum
1348 5033 1626 5090 interitum
1662 5040 2010 5105 exstiterunt,
2063 5055 2196 5116 quot

620 5114 852 5186 singulis
902 5119 1153 5176 :ctatibus
1212 5122 1479 5190 homines,
1533 5144 1696 5199 quam
1755 5134 1921 5188 multa
1975 5114 2193 5196 cunctis

619 5212 872 5266 aetatibus
899 5213 1179 5270 hominum
1209 5218 1377 5272 millia
1406 5219 1646 5278 fuerunt.
1683 5223 1810 5281 lniri
1855 5245 1961 5284 non
1997 5233 2194 5300 poterit

621 5317 882 5356 numerus
915 5305 1280 5365 multitudinis
1312 5327 1523 5380 eorum,
1555 5329 1650 5384 per
1673 5332 1812 5386 quos
1841 5322 2042 5375 malitia
2071 5323 2197 5392 jure

621 5394 1027 5462 quodammodo
1080 5399 1424 5460 haereditario
1483 5407 1561 5461 sic
1619 5423 1913 5480 propagata
1971 5423 2074 5479 est,
2139 5425 2197 5470 ut

623 5486 780 5539 malae
830 5489 1193 5556 improbitatis
1241 5495 1442 5552 divitiae
1502 5500 1555 5554 in
1606 5501 1851 5572 singulos
1898 5505 2200 5576 dispertita:

623 5575 961 5646 singulorum
1006 5581 1188 5637 studio
1227 5594 1478 5658 ctopera
1518 5600 1692 5648 auctae
1749 5595 1894 5664 sint,
1931 5575 2091 5669 atque
2125 5600 2195 5654 ita

697 5753 744 5784 “
773 5754 873 5810 Job
914 5773 999 5823 χι,
1044 5760 1122 5813 19.
1199 5765 1243 5794 ’⁵
1275 5765 1376 5820 lsa.
1425 5783 1534 5833 xxv,
1568 5771 1767 5840 13,14.
1845 5775 1887 5803 ³⁵
1921 5774 2021 5832 lsa.
2061 5795 2111 5840 Χ,
2147 5779 2244 5831 li.-

2302 4611 2384 4647 σοι
2414 4596 2446 4664 ἡ
2475 4593 2771 4662 τριήμερος
2805 4591 3109 4661 προθεσμία
3157 4591 3568 4660 κατείργασται.
3604 4588 3694 4658 Μὴ
3742 4587 3874 4656 βρα-

2297 4685 2467 4754 δεῖαή
2497 4684 2686 4754 χάρις;
2733 4681 2806 4752 μὴ
2847 4681 2913 4734 δι’
2950 4681 3125 4752 ἄκρας
3160 4681 3405 4752 περιόδου
3439 4679 3691 4732 τοσοῦτον
3737 4679 3875 4745 ἀγα-

2299 4777 2388 4830 θὺν
2420 4774 2776 4845 κατώρθωται
2806 4793 2820 4840 ;
2849 4773 3036 4827 Βούλει
3061 4773 3262 4842 γνῶναι
3312 4772 3372 4825 τὸ
3404 4770 3740 4842 ὑπερϐάλλον
3776 4772 3877 4838 τῆς

2297 4868 2596 4937 δυνάμεως,
2623 4866 2729 4918 τῶν
2779 4867 2837 4918 ὲν
2891 4863 3032 4918 οὕτω
3074 4865 3264 4934 βραχεῖ
3304 4864 3477 4935 χρόνῳ
3509 4861 3878 4932 κατορθωθέν-

2299 4975 2442 5020 των;
2490 4959 2817 5030 Ἀρίθμησόν
2844 4977 2931 5030 μοι
2967 4958 3146 5022 πάσας
3177 4957 3275 5020 τάς
3317 4955 3519 5026 μεταξὺ
3548 4955 3742 5021 γενεὰς
3765 4953 3878 5007 τῶν

2300 5051 2399 5105 ἀνθ
2411 5050 2624 5122 ρώπων,
2656 5051 2764 5103 ἀπὸ
2795 5051 2895 5120 τῆς
2938 5049 3158 5121 πρώτης
3185 5049 3294 5101 τῶν
3322 5047 3508 5101 κακῶν
3537 5047 3745 5101 εἰσόδου
3777 5049 3877 5099 καὶ

2304 5143 2462 5214 μέχρι
2493 5143 2590 5212 τῆς
2619 5142 2946 5207 ἀναλύσεως,
2975 5143 3129 5194 πόσοι
3159 5140 3277 5194 καθ’
3307 5140 3542 5208 ἑκάστην
3562 5137 3756 5207 γενεὰν
3777 5138 3876 5191 ἄν·

2300 5237 2505 5307 θρωποι
2545 5237 2602 5288 ὲν
2628 5235 2821 5297 πόσαις
2843 5233 3233 5305 ἀριθμούμενοι
3270 5231 3547 5301 μυριάσιν.
3592 5230 3877 5283 Ἀδύνατόν

2298 5329 2444 5381 ἐστιν
2466 5327 2682 5400 ἀριθμῷ
2701 5327 3070 5396 διαλειφθῆναι
3092 5327 3152 5378 τὸ
3182 5324 3404 5395 πλῆθος,
3423 5317 3499 5376 ὧν
3529 5324 3588 5376 ὲν
3613 5326 3732 5384 ταῖς
3759 5321 3880 5375 δια·

2297 5420 2477 5488 δοχαῖς
2517 5421 2548 5488 ἡ
2603 5418 2768 5471 κακία
2833 5415 3258 5470 συνεπλατύνετο
3288 5455 3300 5478 ,
3334 5413 3429 5467 καὶ
3481 5417 3510 5466 6
3560 5411 3729 5471 κακὸς
3775 5412 3879 5481 τῆς

2300 5511 2561 5581 πονηρίας
2603 5509 2827 5572 πλοῦτος
2874 5510 2951 5571 εἰς
2990 5507 3115 5569 τοὺς
3169 5506 3290 5559 καθ’
3325 5505 3553 5559 ἕκαστον
3587 5501 3878 5575 μεριζόμε-

2300 5621 2409 5666 νος,
2437 5603 2502 5654 δι’
2549 5603 2778 5655 ἑκάστου
2822 5598 3020 5670 μείζων
3053 5597 3398 5666 ἐγίνετο,.κα“ι
3451 5595 3594 5650 οὕτω
3646 5594 3879 5662 πολυγο-

2305 5780 2346 5809 “
2379 5777 2479 5831 lsa.
2520 5794 2628 5840 xw.
2675 5778 2734 5831 12
2765 5791 2886 5839 sqq.
2941 5777 2986 5808 “
3020 5773 3062 5828 ll
3097 5773 3222 5830 Cor.
3253 5771 3378 5834 v.5.
