4084 6158
226 236 335 299 609

1213 234 1280 289 ΙΝ
1317 232 1592 292 CHRISTI
1630 232 2263 294 RESURRECTIONEM
2301 237 2509 295 ORAT.
2550 239 2592 295 l.

3391 234 3499 289 sio
3538 291 3556 307 ,

226 350 399 407 νοῦσα
451 349 754 421 συνδιεξῄει
786 351 908 415 ταῖς
954 349 1043 404 ἀεὶ
1088 349 1500 421 ἐπιγενομέναις
1537 352 1752 419 γενεαῖς
1778 353 1813 422 ἡ

1929 350 2151 407 fecunda
2186 351 2396 407 malitia
2427 351 2684 408 aetatibus
2705 348 2900 406 ordine
2927 344 3345 405 succedentibus
3378 362 3500 416 per-

229 441 400 499 κακία
428 444 664 516 χεομένη
696 442 776 514 τῷ
804 442 1000 514 πλήθει
1036 442 1172 514 πρὸς
1212 442 1460 515 ἄπειρον,
1490 443 1596 506 ἕως
1642 445 1722 508 εἰς
1761 443 1822 497 τὸ

228 534 536 606 ἀκρδτατον
577 533 670 586 τοῦ
712 531 886 585 κακοῦ
918 530 1255 604 προελθοῦσα
1281 572 1296 596 ,
1330 530 1511 603 πάσης
1546 531 1822 603 κατεκρά-

224 641 364 695 τησε
398 623 499 693 τῆς
537 622 887 693 ἀνθρωπίνης
920 623 1137 690 φύσεως
1172 638 1188 654 ·
1215 622 1358 676 οὑτω
1393 622 1488 676 τοῦ
1534 623 1821 695 Προφήτου

229 714 536 779 καθολικῶς
588 713 1013 786 ἀποφηναμένου
1035 753 1050 779 ,
1082 715 1164 767 ὅτι
1196 712 1426 780 Πάντες
1460 713 1783 779 ἐξέκλιναν
1804 757 1820 782 ,

229 809 357 877 ἅμα
398 807 841 877 ήχρειώθησαν,
883 808 974 862 καὶ
996 807 1096 861 οὑκ
1129 803 1198 879 ἦν
1226 811 1284 862 ὲν
1322 809 1436 871 τοῖς
1469 803 1618 862 οὖσιν
1650 808 1821 875 οὐδὲν,

230 902 259 955 6
290 901 367 973 μὴ
396 902 594 964 κακίας
641 901 871 971 ὄργανον
901 890 990 972 ἦν.
1012 900 1122 972 Τὴν
1163 895 1255 954 οὖν
1286 898 1555 971 τοσαύτην
1595 902 1692 956 τοῦ
1724 915 1825 953 κα-

232 992 334 1047 κοῦ
375 991 609 1065 σωρείαν
635 991 733 1064 τὴν
766 990 877 1045 ἀπὸ
922 990 1232 1061 καταϐολῆς
1272 991 1478 1063 κόσμου
1534 996 1695 1063 μέχρι
1727 992 1824 1064 τῆς

231 1084 379 1139 κατά
415 1085 476 1137 τὸ
500 1084 672 1149 πάθος
697 1083 791 1137 τοῦ
833 1084 1042 1155 Κυρίου
1086 1078 1399 1154 οἰκονομίας
1430 1082 1827 1156 συναθροισθεῖ-

232 1195 357 1243 σαν,
386 1180 415 1231 ὁ
451 1179 510 1230 ὲν
534 1178 681 1247 τρισὶ
714 1178 934 1248 διαχέας
969 1177 1226 1248 ἡμέραις,
1260 1177 1461 1247 μικράν
1484 1192 1566 1231 σοι
1599 1175 1827 1249 πεποίη-

231 1287 322 1323 ται
367 1269 470 1339 τῆς
506 1268 956 1341 ὑπερϐαλλούσης
995 1269 1277 1338 δυνάμεως
1457 1268 1748 1337 ἐπίδειξιν;
1787 1269 1821 1343 ἢ

232 1363 355 1433 οὑχὶ
393 1361 586 1415 πασῶν
652 1361 761 1415 τῶν
808 1362 866 1415 ὲν
918 1362 1038 1425 ταῖς
1089 1361 1350 1433 ἱστορίαις
1405 1359 1826 1431 θαυματοποιῶν

232 1453 635 1528 ἰσχυροτέραν;
673 1455 882 1525 Ὥσπερ
924 1454 1033 1525 γὰρ
1061 1452 1346 1517 πλεονάζει
1369 1452 1462 1507 τοῦ
1493 1452 1732 1524 Σαμψὼν
1764 1452 1827 1506 τὸ

230 1544 444 1616 θαῦμα,
472 1544 535 1598 οὑ
584 1544 725 1598 κατὰ
770 1544 832 1599 τὸ
874 1547 1202 1616 κατισχύσαι
1248 1546 1408 1617 μόνον
1451 1545 1547 1599 τοῦ
1588 1546 1821 1613 λέοντος,

229 1639 371 1698 ἀλλά
405 1640 497 1692 καὶ
540 1638 602 1692 τὸ
646 1638 862 1703 ἀπόνως
905 1639 1068 1693 αὑτὸν
1114 1638 1549 1710 διαχειρίσασθαι
1590 1641 1825 1710 γυμναῖς

231 1730 338 1782 καὶ
361 1728 583 1791 ἀόπλοις
618 1746 677 1800 χε
687 1730 774 1799 pel.
795 1729 886 1783 τὸν
910 1729 1054 1801 θῆρα
1092 1730 1498 1795 καταπαίζοντα
1519 1729 1821 1784 δὶασπάσα-

234 1821 394 1876 σθαιο
429 1819 573 1874 οὑτω
603 1820 698 1874 κα)⁸
728 1820 823 1875 τού
851 1821 973 1893 δίχα
997 1821 1178 1893 πάσης
1205 1822 1473 1892 ὲργωδίας
1502 1822 1594 1877 τὸν
1617 1822 1822 1894 Κύριον

232 1911 333 1983 τὴν
378 1911 647 1983 τοσαύτην
703 1913 965 1983 ἀφανίσαι
1023 1913 1251 1982 κακίαν,
1302 1914 1575 1982 ἀπόδειξις
1623 1913 1823 1986 μείζων

232 2002 353 2056 ἐστὶ
392 2002 486 2057 τοῦ
521 1992 621 2073 τῆς
657 2003 936 2075 δυνάμεως
974 2004 1422 2077 ὑπερϐάλλοντος.
1457 2006 1570 2077 Οὐχ
1617 2006 1824 2061 ὑδάτων

233 2093 481 2163 ἀπείρων
519 2095 781 2165 ἐπιρροαὶ
827 2097 890 2148 ὲκ
935 2095 1041 2149 τῶν
1092 2094 1298 2150 ἄνωθεν
1343 2094 1704 2167 καταρακτῶν
1748 2086 1827 2168 τῷ

235 2184 582 2257 ὑποκειμένῳ
641 2186 1151 2255 ὲγκαταπίπτουσαι
1175 2228 1190 2253 ,
1238 2187 1360 2246 οὐδὲ
1431 2187 1657 2242 ἄϐυσσοι
1717 2189 1826 2242 τῶν

237 2276 387 2331 ἰδίων
425 2278 565 2348 ὅρων
610 2279 1095 2350 ὑπεροιδαίνουσαι,
1134 2280 1226 2334 καὶ
1258 2282 1389 2343 τοῖς
1426 2279 1688 2350 πελάγεσι
1728 2279 1827 2352 τὴν

234 2366 341 2438 γῆν
374 2367 785 2434 ὲπικλύζουσαι,
812 2369 934 2423 οὑδὲ
961 2370 1161 2442 πᾶσαὴ
1187 2371 1479 2444 οἰκουμένη
1513 2373 1641 2444 νηὸς
1671 2371 1827 2444 δίκην

233 2458 535 2531 αὖτανδρος
556 2459 634 2532 τῷ
668 2459 814 2532 βυθῷ
835 2461 1244 2535 καλυπτομένη,
1279 2463 1400 2517 οὑδὲ
1441 2464 1542 2537 ὅρη
1568 2465 1827 2536 γινόμενα

236 2549 422 2621 βύθια,
451 2552 546 2605 καὶ
571 2553 809 2624 κορυφαὶ
846 2554 956 2607 τῶν
979 2553 1123 2625 ὀρῶν
1162 2554 1516 2626 ὑποϐρύχιον
1548 2555 1671 2610 οὑδὲ
1704 2558 1827 2612 καθ’

235 2644 533 2716 ὁμοιότητα
567 2645 816 2717 Σοδόμων
841 2647 898 2699 αἰ
920 2646 1019 2717 τῆς
1042 2647 1240 2717 φλογὸς
1264 2648 1562 2721 ἐπομϐρίαι
1596 2648 1674 2721 τῷ
1693 2650 1828 2723 πυρί

236 2736 301 2788 τὸ
327 2736 609 2809 διεφθορὸς
660 2738 1122 2811 ὲκκαθαίρουσαι·
1162 2740 1285 2794 οὑδὲ
1321 2742 1448 2796 ἀλλο
1489 2759 1543 2795 τι
1586 2742 1827 2797 τοιοῦτον

238 2822 396 2877 οὐδέν
439 2842 453 2856 ο
494 2826 629 2880 ἀλλά
676 2827 825 2898 ἁπλῆ
864 2844 948 2892 τις
994 2830 1111 2903 καὶ.
1135 2830 1520 2903 ἀκατάληπτος
1567 2833 1830 2905 ἐπιδημία

244 2917 386 2987 μόνη
411 2916 557 2988 ζωῆς
581 2958 596 2985 ,
624 2920 718 2972 καὶ
747 2920 926 2988 φωτὸς
958 2921 1228 2993 παρουσία
1253 2962 1268 2987 ,
1302 2925 1414 2987 τοῖς
1438 2926 1495 2977 ὲν
1528 2923 1708 2978 σκότει
1733 2924 1829 2979 καὶ⁵

1925 440 2046 496 fusa
2083 443 2319 497 creverit
2355 443 2409 497 in
2440 443 2733 508 infinitum,
2765 441 2941 498 donec
2965 439 3035 495 ad
3059 453 3331 495 summum
3376 439 3501 491 mali

1924 534 2204 588 cumulum
2267 535 2592 604 perveniens
2657 542 2827 590 totam
2891 543 3144 589 naturam
3204 531 3500 585 humanam

1923 624 2256 693 occupavit?
2292 623 2386 680 Sic
2412 625 2556 681 enim
2586 624 3049 701 sine‘exceptione
3078 621 3345 691 Propheta
3377 634 3501 674 sen-

1922 719 2152 774 tentiam
2217 720 2362 786 tulit,
2422 718 2637 786 Omnes,
2697 718 2951 790 inquiens
2975 720 3040 780 ³⁸,
3088 717 3498 780 declinaverunt,

1924 812 2087 866 simul
2114 812 2329 867 inutiles
2364 813 2494 883 facti
2527 822 2672 876 sunt,
2707 812 2843 867 adeo
2869 819 2927 866 ut
2969 811 3104 871 nihil
3142 809 3498 872 inveniretur,

1923 905 2071 974 quod
2124 905 2345 958 malitia:
2396 920 2505 960 non
2563 911 2711 960 esset
2771 902 3215 956 instrumentum.
3265 898 3499 955 Tantum

1925 994 2094 1066 igitur
2134 995 2403 1050 malorum
2457 1010 2737 1062 acervum,
2783 994 2852 1060 ab
2880 993 2998 1063 ipsa
3027 992 3214 1054 mundi
3238 993 3503 1047 constitu-

1925 1088 2076 1144 tione
2112 1087 2179 1142 ad
2208 1096 2437 1142 mortem
2468 1103 2644 1158 usque
2676 1085 2890 1142 Domini
2924 1085 3265 1139 cumulatum
3295 1094 3351 1139 et
3400 1100 3502 1139 au-

1926 1186 2097 1245 ctum,
2145 1181 2237 1250 qui
2266 1178 2454 1253 tribus
2480 1179 2676 1235 diebus
2704 1177 2977 1243 dissolvit,
3011 1183 3065 1232 et
3109 1175 3323 1242 evertit,
3373 1192 3503 1247 par-

1926 1285 2125 1327 vamne
2173 1271 2274 1326 tibi
2321 1271 2634 1342 praestantis
2684 1268 2960 1341 potentia},
3012 1267 3340 1337 virtutisque
3393 1283 3507 1326 suae

1928 1361 2386 1432 significationem
2420 1361 2611 1417 dedit?
2638 1361 2831 1416 Nonne
2860 1360 2944 1416 vis
2976 1359 3120 1429 ejus,
3164 1366 3354 1414 rerum
3387 1373 3506 1413 om-

1926 1454 2100 1520 nium,
2160 1470 2282 1523 qua:
2331 1454 2705 1510 monumentis
2759 1453 3116 1508 historiarum
3164 1450 3508 1505 admiranda:

1926 1555 2451 1612 commemorantur,
2487 1548 2741 1619 apparuit
2769 1545 3273 1603 excellentissima?
3307 1543 3506 1610 Quem-

1928 1639 2222 1696 admodum
2247 1640 2392 1696 enim
2423 1639 2708 1697 Samsonis
2731 1640 2944 1696 facinus
2967 1654 3034 1695 eo
3059 1639 3232 1708 magis
3261 1637 3507 1692 admira-

1926 1734 2070 1798 mur,
2105 1732 2251 1802 quod
2289 1747 2401 1788 non
2435 1732 2613 1788 solum
2648 1733 2860 1788 leonem
2904 1730 3055 1796 vicit,
3102 1731 3198 1786 sed
3229 1745 3352 1786 eum
3387 1730 3507 1785 sine

1925 1822 2112 1880 labore
2145 1825 2443 1894 superavit,
2507 1823 2763 1895 quodque
2791 1824 2937 1880 nuda
2989 1823 3294 1894 inermique
3339 1837 3503 1876 manu

1925 1920 2136 1968 tantam
2161 1912 2357 1977 feram,
2391 1923 2654 1985 tanquam
2703 1913 2897 1970 ludens
2928 1913 3129 1969 occidit
3156 1923 3209 1968 et
3238 1913 3507 1968 dilacera-

1925 2004 2089 2061 vitm
2115 2023 2128 2059 :
2152 2005 2233 2061 sic
2259 2020 2322 2062 ea
2343 2021 2401 2062 re
2426 2004 2642 2061 Domini
2667 2007 2840 2062 virtus
2868 2005 3144 2074 excelluit,
3177 2006 3323 2077 quod
3356 2007 3508 2061 nullo

1925 2099 2145 2169 negotio
2172 2092 2436 2153 malitiam
2466 2099 2689 2156 delevit.
2718 2098 2906 2171 Neque
2929 2099 3077 2154 enim
3130 2099 3509 2169 superioribus

1926 2192 2222 2246 cataractis
2251 2190 2564 2261 patefactis,
2617 2191 2941 2263 abyssisque
2965 2192 3217 2262 proprios
3244 2194 3510 2247 terminos

1927 2281 2388 2346 transilientibus,
2435 2289 2489 2337 et
2535 2282 2870 2347 tumefactis,
2921 2297 3188 2353 aquarum
3242 2282 3507 2336 immensa

1926 2373 2013 2428 vis
2042 2372 2270 2443 ingruit,
2305 2387 2429 2443 qua:
2461 2380 2665 2427 terram
2704 2372 2945 2427 obruens
2977 2370 3311 2433 universam,
3348 2384 3508 2422 mon-

1894 2510 1899 2513 ς
1928 2471 2122 2535 tesque
2146 2464 2562 2531 transcendens,
2590 2473 2645 2518 et
2671 2464 2941 2519 montium
2974 2462 3194 2533 fastigia
3220 2475 3506 2530 superans,

1927 2557 2116 2612 orbem
2146 2563 2424 2626 tanquam'
2453 2555 2732 2624 navigium
2782 2555 2945 2610 simul
2980 2569 3107 2609 cum
3161 2554 3296 2623 ipsis
3325 2551 3509 2605 nautis

1928 2656 2094 2718 atque
2123 2648 2438 2703 vectoribus
2471 2646 2812 2703 demerserit.
2854 2646 3063 2718 Neque,
3102 2652 3162 2700 ut
3195 2644 3507 2700 Sodomita-

1928 2754 2051 2794 rum
2110 2738 2448 2809 temporibus
2509 2738 2758 2810 contigit,
2827 2739 2990 2810 ignis,
3057 2746 3111 2794 et
3167 2738 3507 2793 “animarum

1931 2831 2127 2896 imber,
2188 2830 2336 2901 quod
2393 2838 2711 2901 corruptum
2762 2838 2902 2895 erat,
2956 2846 3196 2901 purgans
3244 2831 3505 2901 expiavit.

1929 2920 2117 2994 Neque
2148 2923 2295 2978 aliud
2325 2922 2623 2993 quidquam
2660 2921 2860 2976 accidit
2897 2922 3186 2991 ejusmodi.
3235 2921 3340 2976 Sed
3375 2920 3509 2976 sim-

242 3005 375 3077 σκιᾷ
435 3005 664 3061 θανάτου
712 3008 1044 3080 καθημένοις
1068 3050 1083 3075 ,
1136 3008 1377 3081 ἔκλειψιν
1434 3013 1670 3084 παντελῆ
1734 3014 1827 3068 καὶ

1933 3015 2056 3084 plex
2086 3014 2332 3084 quaedam
2365 3022 2419 3069 et
2451 3013 2906 3085 incomprehensa
2950 3012 3335 3084 peregrinatio,
3393 3013 3506 3067 sola

236 3095 549 3166 ἀφανισμὸν
569 3097 661 3151 τοῦ
680 3117 737 3153 τε
766 3099 992 3164 σκότους
1015 3100 1224 3156 καὶτοῦ
1249 3100 1479 3156 θανάτου
1507 3102 1819 3176 πεποίηται.

238 3185 400 3240 Εἴπω
430 3205 483 3241 τι
511 3189 648 3262 πρὸς
689 3193 801 3256 τοίς
838 3191 1150 3264 εἰρημένοις
1180 3194 1274 3247 καὶ
1299 3193 1522 3265 έτερον;
1566 3194 1737 3266 Ἐφύη
1764 3196 1826 3250 τὺ

1931 3107 2055 3163 vita:
2087 3105 2336 3177 lucisque
2363 3108 2652 3176 praesentia
2683 3106 2738 3160 in
2760 3106 3022 3172 tenebris,
3050 3115 3107 3160 et
3147 3103 3369 3175 regione
3399 3119 3511 3158 um-

1927 3197 2043 3253 brae
2067 3198 2262 3253 mortis
2303 3195 2718 3253 considentibus
2746 3197 3000 3252 tenebras
3041 3210 3232 3251 omnes
3261 3195 3508 3264 dispulit,

208 3277 416 3373 κακὸν
451 3281 510 3333 ὲν
540 3281 620 3370 τῶ
664 3282 784 3353 ὄφει
810 3301 825 3315 ·
865 3284 1073 3373 ἡττήθη
1106 3286 1140 3357 ἡ
1188 3284 1326 3357 γυνὴ
1360 3286 1460 3357 τῆς
1503 3287 1701 3358 πείρας
1728 3288 1824 3342 τοῦ

1929 3296 1983 3345 et
2042 3299 2275 3344 mortem
2335 3289 2510 3365 ipsam
2574 3288 2866 3345 interfecit.
2927 3288 3158 3344 Aliudne
3212 3288 3507 3358 quidquam

241 3368 546 3443 δράκοντος
576 3363 854 3448 θ’ήττήθη
909 3364 1048 3448 μετά
1099 3377 1273 3432 ταῦτα
1331 3379 1433 3451 τῆς
1496 3380 1755 3450 γυναικὸς
1797 3382 1828 3435 ὁ

240 3462 404 3535 ἀνήρ.
427 3465 527 3517 Διὰ
554 3466 721 3538 τριῶν
743 3466 868 3539 ἔσχε
888 3469 948 3523 τὸ
979 3470 1146 3525 κακὸν
1183 3469 1281 3543 τὴν
1310 3471 1543 3542 γένεσιν.
1591 3473 1736 3545 Πρὸς
1774 3473 1826 3528 τί

246 3572 342 3625 μοι
378 3554 566 3625 βλέπει
596 3558 856 3631 τούτωνή
913 3561 1135 3633 μνήμης
1167 3563 1326 3617 Ἔστι
1356 3564 1478 3618 τινά
1505 3563 1599 3618 τοὺ
1620 3563 1825 3627 ἀγαθοῦ

239 3646 399 3712 τάξιν
435 3647 525 3702 διά
553 3649 651 3722 τῆς
679 3651 738 3706 ἐν
766 3652 842 3723 τῷ
864 3651 1018 3725 κακῷ
1056 3653 1260 3720 τάξεως
1300 3658 1652 3729 κατανοῆσαι.
1688 3659 1828 3730 Τρία

243 3736 432 3808 ﬁdem»
477 3741 652 3796 ταῦτα
688 3743 783 3797 τοὺ
814 3745 986 3799 κακοῦ
1030 3746 1210 3817 δοχεῖα
1233 3764 1247 3778 ο
1280 3748 1494 3820 πρῶτον
1529 3750 1627 3820 μὲν
1652 3791 1666 3815 ,
1699 3752 1756 3805 ὲν
1783 3744 1829 3820 ᾧ

239 3829 307 3885 τὸ
340 3831 558 3904 πρῶτον
588 3835 816 3909 συνέστη
843 3853 857 3868 °
888 3837 1160 3910 δεύτερον,
1208 3841 1288 3905 εἰς
1317 3840 1345 3894 ὃ
1375 3842 1646 3915 μετερρύη
1668 3861 1681 3875 ο
1713 3841 1832 3915 τρί-

239 3941 358 3990 τον,
389 3927 448 3981 ὲν
470 3920 513 3995 ᾧ
557 3927 694 3998 μετά
737 3928 909 3982 ταῦτα
943 3931 1252 4000 ἐπεγένετο.
1296 3930 1510 4006 Ἐπειδὴ
1559 3934 1737 3988 τοίνυν
1771 3934 1830 3988 ἐν

238 4022 360 4084 τοῖς
392 4021 539 4093 τρισί
565 4022 776 4094 τούτοις
803 4027 835 4094 ἡ
870 4022 1036 4078 κακία
1070 4025 1500 4099 ὲπλὴμμυρε,τῇ
1525 4027 1828 4100 διαϐολικῇ,

240 4111 417 4181 λέγω,
448 4112 628 4183 φύσει,
670 4116 767 4171 καὶ
811 4115 892 4188 τῷ
937 4115 1045 4171 τῶν
1092 4118 1367 4186 γυναικῶν
1417 4118 1582 4188 γένει,
1624 4121 1718 4173 καὶ
1752 4120 1831 4191 τῷ

244 4203 578 4276 πληρώματι
602 4206 711 4262 τῶν
745 4208 954 4281 ἀνδρῶν
979 4225 995 4240 ο
1026 4208 1217 4263 τούτου
1248 4209 1407 4281 χάριν
1442 4210 1748 4276 ἀκολούθως
1771 4215 1831 4267 ὲν

248 4299 427 4370 τρισὶν
454 4299 688 4373 ἡμέραις
726 4302 760 4372 ὴ
815 4302 968 4367 νόσος
996 4300 1400 4372 ἐξαφανίζεται,
1436 4303 1653 4375 ἑκάστῳ
1682 4304 1830 4374 γένει

1929 3380 2225 3451 adjungam
2261 3381 2328 3436 iis
2373 3396 2495 3450 qua:
2524 3380 2671 3435 dicta
2705 3379 2873 3436 sunt?
2917 3380 2977 3433 In
3009 3389 3263 3450 serpente
3308 3379 3509 3433 malum

1929 3482 2179 3528 exortum
2208 3480 2311 3530 est.
2338 3472 2538 3538 Mulier
2577 3472 2832 3528 draconis
2863 3470 3079 3527 insidiis
3116 3472 3341 3542 decepta
3385 3471 3506 3526 fuit.

1929 3563 2173 3620 Mulieris
2207 3565 2477 3619 illecebris
2541 3565 2624 3619 vir
2670 3564 2789 3633 ipse
2848 3564 3037 3618 cessit.
3099 3562 3299 3619 Tribus
3360 3564 3510 3619 hisce

1929 3655 2192 3727 gradibus
2249 3657 2452 3709 malum
2513 3657 2756 3711 emersit.
2817 3654 3088 3721 Quorsum
3136 3655 3249 3710 haec
3301 3665 3511 3725 spectat

1932 3747 2385 3801 commemoratio
2411 3746 2434 3800 Ἰ
2458 3743 2609 3801 Licet
2638 3761 2702 3801 ex
2728 3746 2831 3799 hoc
2853 3745 2980 3798 mali
3008 3744 3198 3800 ordine
3219 3745 3509 3814 quemdam

1932 3836 2063 3893 boni
2087 3837 2334 3893 ordinem
2360 3837 2436 3892 illi
2465 3837 2885 3907 respondentem
2909 3836 3361 3892 animadvertere.
3388 3836 3510 3892 Hmc

1934 3931 2037 3984 tria
2061 3945 2226 3986 cerno
2255 3930 2381 3983 mali
2412 3929 2756 4000 receptacula
2782 3948 2796 3984 :
2829 3930 3085 4000 primum,
3119 3930 3173 3983 in
3201 3944 3307 3999 quo
3333 3929 3510 3999 primo

1935 4022 2225 4078 constitit:
2278 4022 2533 4088 alterum,
2581 4023 2637 4077 in
2667 4022 2812 4094 quod
2849 4020 3113 4090 deﬂuxit;
3167 4023 3412 4089 tertium,
3455 4024 3511 4079 in

1934 4129 2047 4185 quo
2085 4124 2273 4184 postea
2304 4113 2540 4169 inhaesit.
2584 4112 2764 4179 Quare
2791 4128 2915 4168 cum
2950 4113 3007 4167 in
3040 4112 3126 4169 his
3157 4112 3335 4168 tribus
3359 4113 3515 4167 mali-

1934 4209 2012 4263 tia
2065 4208 2411 4273 redundarit,
2452 4221 2649 4276 nempe
2688 4207 2744 4261 in
2798 4212 2992 4260 natura
3023 4204 3313 4267 diabolica,
3371 4213 3424 4261 et
3458 4206 3515 4260 in

1941 4317 2139 4374 genere
2170 4299 2485 4369 mulierum,
2521 4307 2575 4355 et
2605 4299 2660 4353 in
2690 4298 2934 4355 virorum
2975 4300 3346 4370 plenitudine;
3378 4314 3514 4353 con-

242 4390 358 4445 τῶν
399 4392 457 4445 ὲν
488 4392 657 4465 κακίᾳ
694 4393 1061 4465 νενοσηκότων
1101 4396 1229 4466 μιᾶς
1254 4394 1467 4467 ἡμέρας
1507 4396 1828 4469 ἀποκληρω-

1936 4403 2259 4451 sentaneum
2312 4392 2435 4457 fuit,
2493 4401 2552 4448 ut
2600 4391 2765 4447 trium
2817 4392 3030 4448 dierum
3065 4391 3242 4463 spatio
3292 4393 3517 4445 morbus

246 4480 438 4553 θείσης
478 4482 612 4555 πρὸς
650 4484 795 4538 ἴασιν
817 4502 829 4515 ο
862 4488 920 4538 ἔν
966 4485 1066 4558 μιᾷ
1094 4485 1276 4558 ἡμέρᾳ
1304 4486 1355 4539 οἰ
1402 4486 1593 4560 ἄνδρες
1623 4488 1722 4561 τῆς
1744 4490 1833 4543 νό-

250 4592 345 4628 σου
401 4574 784 4647 καθαίρονται·
837 4577 896 4632 έν
943 4581 1011 4650 τῇ
1062 4578 1313 4653 δευτέρᾳ,
1339 4578 1401 4634 τδ
1425 4580 1536 4635 τῶν
1561 4582 1836 4651 γυναικῶν

249 4665 615 4737 θεραπεύεται
645 4668 804 4736 γένος
822 4685 837 4699 ·
873 4672 932 4723 ἐν
958 4673 1024 4743 τῇ
1048 4671 1336 4745 τελευταίᾳ
1353 4711 1369 4738 ,
1391 4671 1617 4746 ἔσχατος
1643 4673 1836 4746 ἐχθρὸς

249 4762 607 4831 καταργεῖται
632 4764 664 4816 ὁ
687 4761 936 4831 θάνατος,
968 4764 1063 4817 καὶ
1097 4764 1224 4836 περὶ
1260 4764 1423 4820 αὑτὸν
1442 4766 1609 4840 ἀρχαί
1629 4784 1710 4833 τε,
1741 4766 1837 4822 καὶ

245 4853 513 4921 ἐξουσίαι,
543 4857 640 4910 καὶ
684 4854 945 4926 δυνάμεις
991 4856 1102 4911 τῶν
1149 4858 1541 4930 ἀντικειμένων
1560 4860 1838 4933 δυνάμεων

244 4946 356 5000 τῶν
380 4964 442 5000 τε
477 4946 915 5020 προκαθημένων
932 4949 1402 5018 συναφανίζονται.
1431 4951 1525 5022 Μὴ
1556 4950 1843 5025 θαυμάσῃς

244 5040 306 5094 δὲ
352 5040 402 5092 εἰ
456 5043 728 5111 χρονικοῖς
781 5040 1145 5111 διαστήμασιν
1192 5044 1226 5111 ἡ
1272 5041 1366 5095 τοῦ
1421 5041 1624 5113 ἀγαθοῦ
1664 5044 1842 5110 κτίσις

245 5133 652 5202 ὲπιμερίζεται.
683 5134 795 5187 Καὶ
839 5131 949 5203 γὰρ
1000 5133 1152 5203 παρὰ
1201 5134 1299 5205 τὴν
1338 5133 1561 5206 πρώτην
1598 5135 1693 5190 τοῦ
1748 5137 1840 5191 κό-

249 5236 392 5290 σμου
417 5219 651 5288 γένεσιν,
682 5222 781 5275 οὑκ
831 5223 1012 5291 ἠτόνει
1040 5223 1072 5293 ἡ
1111 5221 1231 5275 θεία
1273 5223 1500 5296 δύναμις
1538 5226 1754 5284 ἅπαντα
1778 5230 1837 5283 ὲν

248 5313 455 5382 ἀκαρεῖ
498 5312 783 5367 τελειῶσαι
821 5312 888 5367 τὰ
924 5312 1076 5376 ὄντα,
1106 5313 1220 5366 ἀλλ’
1257 5315 1406 5386 ὅμως
1438 5318 1838 5390 συμπαραλαμτ

247 5404 405 5458 ϐάνει
439 5406 506 5475 τῇ
534 5403 865 5476 δημιουργίᾳ
892 5404 999 5458 τῶν
1032 5403 1202 5457 ὄντων
1229 5405 1324 5459 καὶ
1366 5406 1435 5459 τά
1468 5408 1694 5479 χρονικὰ
1719 5410 1838 5463 δια-

249 5498 542 5570 στήματα·
569 5494 643 5560 ὡς
676 5496 792 5550 τόδε
821 5496 922 5567 μέν
966 5514 1020 5550 τι
1056 5494 1198 5561 κατά
1223 5495 1337 5567 τὴν·
1357 5496 1579 5570 πρώτην
1624 5499 1836 5571 ἡμέραν

321 5677 369 5709 ⁸⁸
402 5676 548 5733 Psai.
581 5692 701 5742 χλιιι,
733 5676 787 5731 5.
864 5676 930 5710 ⁸³⁸
951 5674 1129 5734 Judic.
1172 5690 1283 5745 xw,
1319 5674 1376 5732 6.

1938 4488 2323 4558 expelleretur,
2372 4486 2605 4558 singulis
2637 4484 2931 4556 generibus
2959 4484 3169 4540 malitia
3219 4482 3518 4537 labor’anti-
3568 4550 3573 4557 ι

1938 4580 2042 4636 bus
2065 4580 2273 4636 tributo
2303 4579 2602 4635 curationis
2627 4577 2735 4643 die,
2771 4573 2838 4633 ut
2856 4592 2966 4633 uno
2988 4576 3206 4647 quidem
3230 4574 3333 4629 viri
3364 4589 3519 4628 cura-
3569 4568 3576 4623 '.

1939 4681 2151 4738 rentur,
2205 4673 2378 4729 altero
2426 4672 2756 4728 feminarum
2806 4675 3295 4746 gends,_extremo
3331 4676 3513 4722 autem

1938 4771 2217 4818 extremus
2250 4760 2445 4824 hostis,
2479 4775 2646 4824 mors,
2679 4759 3075 4820 destrueretur,
3111 4764 3165 4812 et
3191 4755 3284 4825 qui
3318 4755 3514 4810 mortis

1938 4855 2174 4912 ministri
2204 4864 2333 4911 sunt
2358 4852 2659 4924 principes,
2705 4858 2758 4907 et
2786 4856 3083 4921 potestates
3115 4849 3379 4903 virtutum
3420 4848 3518 4902 ad-

1938 4946 2306 5002 versariarum
2363 4951 2418 5003 et
2475 4943 2860 5013 imperantium
2916 4940 3355 5012 proﬂigarentur.
3407 4938 3519 4994 Nec

1939 5036 2231 5093 admireris
2263 5035 2389 5092 boni
2416 5042 2738 5107 proventum
2770 5032 2884 5089 fieri
2911 5031 3174 5101 temporis
3205 5031 3516 5086 intervallo.

1939 5129 2075 5185 Nam
2129 5136 2183 5185 et
2231 5128 2288 5183 in
2345 5127 2521 5199 prima
2577 5125 2769 5180 mundi
2814 5125 3195 5198 procreatione
3242 5134 3518 5181 momento

1941 5227 2155 5293 poterat
2211 5219 2394 5273 divina
2449 5219 2628 5272 virtus
2687 5225 2885 5271 cuncta
2935 5214 3215 5285 perficere,
3278 5224 3516 5271 attamen

1940 5329 2125 5371 rerum
2184 5310 2532 5369 fabricationi
2587 5317 2831 5379 tempora
2878 5306 3196 5377 distribuit;
3241 5318 3294 5363 ut
3344 5309 3520 5379 primo

1940 5407 2160 5478 quidem
2193 5403 2280 5461 die
2305 5418 2434 5475 pars
2458 5417 2646 5459 earum
2670 5388 2780 5456 una
2803 5401 3251 5468 constitueretur,
3282 5400 3521 5459 secundo

1944 5507 2125 5556 autem
2178 5498 2370 5566 altera,
2418 5504 2582 5568 atque
2631 5494 2709 5549 ita
2735 5492 3000 5566 deinceps
3040 5490 3288 5565 reliquae,
3346 5492 3520 5550 donec
