4084 6158
629 229 724 284 6H

1897 215 1957 270 S.
1996 211 2327 271 GBEGORII
2364 209 2658 268 NYSSENI

3762 215 3878 273 6i2

630 346 812 400 omnia
861 339 1095 412 perfecta
1134 343 1283 400 sunt,
1316 343 1371 392 et
1404 334 1674 398 absoluta,
1726 347 1791 388 eo
1821 332 2033 389 dierum
2089 348 2193 388 nu-

2298 328 2646 399 τελειωθῆναι
2671 326 2732 380 τὸ
2753 326 2919 398 μέρος
2945 327 3044 398 τῆς
3073 327 3300 392 κτίσεως
3322 367 3339 395 ,
3364 328 3422 382 ἐν
3457 327 3512 382 δὲ
3541 330 3607 400 τῇ
3639 328 3878 402 δευτέρᾳ

630 449 802 497 ιιιριιο,
837 433 927 501 qui
959 431 1193 498 scriptus
1234 436 1337 493 est,
1373 426 1478 482 Deo
1505 433 1701 481 cuncta
1733 423 2085 494 perﬁciente:
2117 421 2198 478 sic

629 526 792 578 etiam
825 523 911 576 hic
942 537 1005 575 ea
1030 519 1309 588 sapientiae
1333 517 1564 582 ratione,
1589 530 1710 584 qua:
1733 514 1912 569 verbis
1934 511 2198 583 explicari

630 632 737 669 non
789 621 988 680 potest,
1022 611 1198 664 tribus
1241 609 1433 662 diebus
1485 607 1687 660 malum
1739 604 1976 675 ejicitur,
2023 610 2076 658 et
2103 617 2200 657 er.-

629 705 869 758 cluditur
897 704 966 757 ab
1019 700 1350 762 hominibus,
1411 697 1750 761 mulieribus,
1807 702 1862 750 et
1901 709 1931 747 a
1970 707 2198 762 serpen-

630 797 761 848 tium
811 808 1030 864 genere,
1085 792 1140 845 in
1169 789 1370 860 quibus
1421 789 1613 858 primis
1643 794 1838 842 natura
1868 784 1986 840 vitii
2015 793 2198 839 ortum

631 885 841 938 habuit.

703 1065 828 1119 Haec
860 1063 926 1118 de
955 1063 1119 1117 trium
1142 1049 1353 1116 dierum
1369 1059 1580 1114 numeri
1611 1071 1778 1112 causa
1799 1053 2194 1126 cogitavimus:

631 1165 799 1218 recte,
850 1169 1062 1218 necne,
1118 1151 1428 1206 auditorum
1503 1148 1768 1219 judicium
1819 1156 1956 1202 esto.
2015 1143 2200 1214 Neque

630 1249 776 1302 enim
823 1245 987 1299 verba
1030 1250 1219 1298 nostra
1269 1248 1472 1296 certam
1519 1237 2002 1294 demonstrationis
2035 1235 2200 1290 ratio-

630 1353 754 1393 nem
792 1337 990 1391 habere
1027 1335 1299 1397 volumus,
1341 1331 1435 1386 sed
1470 1331 1541 1384 ita
1569 1327 1860 1399 quaerendo
1893 1343 1993 1382 nos
2040 1343 2198 1383 exer-

630 1443 835 1484 cemus.
861 1425 1014 1491 Quod
1045 1425 1090 1479 si
1125 1438 1186 1477 re
1229 1421 1345 1492 ipsa
1397 1419 1718 1490 praeﬁnitum
1753 1417 1948 1471 horum
1989 1415 2198 1470 dierum

631 1533 921 1575 numerum
967 1518 1126 1586 plane
1176 1514 1262 1569 vis
1305 1511 1616 1583 perspicere
1666 1508 1883 1580 (neque
1927 1509 2070 1563 enim
2124 1508 2197 1562 illi

631 1625 824 1680 parum
873 1609 1046 1672 deest,
1098 1606 1145 1662 si
1197 1612 1322 1674 post
1387 1604 1575 1658 horam
1643 1615 1840 1655 nouam
1893 1613 2200 1670 parasceva:

631 1714 844 1772 tempus
873 1699 1209 1765 consideres,
1241 1711 1349 1769 qua
1383 1694 1600 1767 quidem
1631 1693 1762 1763 hora
1794 1690 2057 1746 Dominus
2093 1688 2198 1742 Pa-

631 1793 731 1848 tris
756 1792 1009 1846 mauibus
1041 1790 1295 1860 spiritum
1332 1783 1776 1854 commendavit),
1805 1781 2082 1853 paulisper
2108 1787 2194 1835 at-

2297 421 2357 474 τὸ
2389 421 2605 491 ἕτερον·
2638 420 2734 472 καὶ
2775 418 2974 489 ἐφεξῆς
3023 420 3222 489 ὁμοίως
3261 420 3571 492 ἐπεραιώθη
3611 419 3678 474 τὰ
3716 422 3874 485 ὄντα,

2301 513 2490 582 ῥηταῖς
2515 508 2750 580 ἡμέραις
2773 508 2868 563 τοῦ
2905 508 3040 562 Θεοῦ
3069 508 3166 581 τὴν
3194 510 3370 564 κτίσιν
3426 510 3643 564 ἅπασαν
3673 529 3879 584 συναρ-

2302 601 2581 672 μόσαντος.
2606 598 2764 653 Οὕτω
2787 599 2880 653 καὶ
2902 599 3131 652 ἐνταῦθα
3158 599 3299 654 κατά
3328 601 3418 654 τὸν
3439 602 3675 672 ἄρρητον
3701 602 3874 656 αὑτοῦ

2297 692 2397 762 τῆς
2440 690 2628 760 σοφίας
2662 689 2836 758 λόγον,
2862 691 2918 743 ἐν
2961 691 3139 761 τρισὶν
3167 691 3401 762 ἡμέραις
3446 693 3553 744 τῶν
3610 693 3776 746 ὄντων
3806 695 3874 746 τὸ

2299 784 2465 838 κακὸν
2497 781 2837 848 ἐξοικίζεται,
2870 782 2928 849 ἐξ
2949 782 3188 855 ἀνδρῶν,
3217 784 3281 836 ἐκ
3317 783 3622 852 γυναικῶν,
3647 786 3738 838 καί¹
3769 786 3873 838 τοῦ

2297 874 2485 943 γένους
2509 871 2617 926 τῶν
2659 870 2854 940 δφεων,
2884 871 2942 923 ἐν
2969 865 3048 934 οἷς
3083 869 3318 942 πρώτοις
3350 872 3384 942 ή
3412 871 3510 942 τῆς
3541 871 3734 938 κακίας
3775 873 3853 942 φύ

2300 983 2383 1029 σις
2407 965 2533 1035 ἔσχε
2554 964 2652 1034 τὴν
2687 961 2919 1031 γένεσιν.

2381 1056 2538 1109 Ἀλλά
2577 1055 2704 1126 περὶ
2736 1053 2834 1125 μὲν
2879 1055 2975 1124 τῆς
3003 1053 3094 1107 τοῦ
3133 1052 3365 1124 ἀριθμοῦ
3397 1053 3504 1106 τῶν
3532 1053 3747 1124 ἡμερῶν
3778 1054 3840 1106 αί

2297 1149 2416 1212 τίας
2437 1190 2452 1215 ,
2502 1146 2676 1202 ταῦτα
2711 1148 3086 1217 ὑπενοήσαμεν
3110 1162 3123 1176 ο
3179 1145 3289 1197 εἴτε
3319 1144 3376 1197 δὲ
3413 1144 3607 1215 ὀρθῶς,
3636 1145 3743 1198 εἴτε
3770 1147 3873 1198 καὶ

2301 1241 2397 1311 μὴ,
2433 1243 2490 1293 ἐν
2523 1241 2589 1310 τῇ
2633 1239 2810 1310 κρίσει
2861 1237 2966 1291 τῶν
3001 1236 3284 1308 ἀκροατῶν
3317 1236 3733 1307 καταλείψομεν.
3789 1238 3872 1290 Οὐ

2299 1331 2407 1402 γὰρ
2435 1330 2706 1399 ἀπόφασις
2741 1331 2770 1382 6
2795 1329 2950 1397 λόγος
2979 1329 3147 1392 ἐστὶν,
3177 1326 3310 1379 ἀλλά
3339 1327 3612 1396 γυμνασία
3639 1328 3733 1380 καὶ
3770 1327 3875 1398 ζή-

2297 1440 2474 1494 τησις.
2508 1422 2572 1476 El
2602 1422 2660 1474 δὲ
2693 1421 2874 1491 ζητεῖς
2917 1421 2983 1473 δι’
3014 1419 3297 1491 ἀκριϐείας
3336 1418 3460 1470 ἰδεῖν
3503 1419 3559 1470 ἐν
3597 1418 3674 1488 τῷ
3707 1419 3875 1472 πάθει

2297 1513 2406 1567 τῶν
2457 1513 2676 1586 ἡμερῶν
2715 1512 2917 1564 τούτων
2943 1512 3042 1582 τὴν
3075 1508 3410 1581 προθεσμίαν
3440 1509 3641 1581 (λείπει
3663 1511 3771 1581 γὰρ
3791 1510 3876 1580 τῷ

2304 1604 2520 1675 ἀριθμῷ
2545 1605 2646 1657 οὑκ
2672 1603 2872 1671 ὀλίγον,
2919 1604 2968 1656 εί
3001 1601 3137 1673 μετά
3168 1599 3265 1672 τὴν
3295 1601 3521 1671 ἐννάτην
3561 1600 3658 1670 τῆς
3701 1619 3880 1672 παρα-

2306 1696 2507 1765 σκευῆς
2535 1695 2682 1766 ῶραν
2710 1692 3000 1766 ἀριθμοίης
3025 1693 3116 1746 τὸν
3147 1692 3358 1764 χρόνον,
3386 1694 3479 1760 ἀφ’
3506 1685 3573 1763 ἧς
3617 1695 3733 1755 ταῖς
3767 1710 3876 1746 πα-

2301 1790 2517 1858 τρικαῖς
2549 1787 2706 1858 χερσὶ
2733 1785 2794 1839 τὸ
2825 1785 3040 1854 πνεῦμα
3071 1783 3378 1857 παρέθετο),
3411 1784 3605 1856 μικρὸν
3628 1783 3871 1853 ἐπίσχες,

631 1884 811 1948 tende,
839 1891 894 1937 et
917 1881 1168 1946 fortasse,
1198 1879 1340 1950 quod
1371 1877 1596 1949 quaaris,
1633 1875 1898 1929 invenies.
1925 1871 2193 1939 Quonam,

2299 1879 2394 1932 καὶ
2423 1877 2649 1948 παρέξει
2683 1894 2764 1930 σοι
2795 1876 2955 1946 τυχὸν
3001 1877 3029 1930 6
3057 1875 3213 1944 λόγος
3253 1877 3350 1946 τὴν
3396 1875 3523 1945 περὶ
3555 1875 3742 1928 τούτου
3773 1892 3876 1928 ca.-

626 1974 868 2043 inquies,
894 1983 1054 2042 pacto
1071 1971 1092 2025 ί
1108 1969 1312 2026 Divina:
1334 1967 1585 2040 potentia:
1614 1963 2043 2036 magnitudinem
2067 1977 2198 2016 con-

631 2066 829 2129 sidera,
860 2072 916 2120 et
945 2063 1090 2134 quod
1119 2063 1261 2118 scire
1293 2061 1469 2132 cupis,
1526 2058 1819 2129 intelliges.
1869 2054 2198 2122 Recordare,

2301 1971 2545 2040 φήνειαν.
2597 1968 2694 2032 Τίς
2719 1963 2811 2022 οὖν
2845 1969 2872 2020 ὁ
2903 1967 3058 2036 λόγος
3085 1983 3100 2032 ;
3157 1965 3481 2034 Ἀνάϐλεψον
3506 1966 3584 2030 είς
3612 1965 3672 2018 τὸ
3703 1982 3874 2035 μεγα-

2300 2064 2442 2116 λεῖον
2473 2064 2572 2131 τῆς
2604 2060 2753 2124 θείας
2792 2059 3103 2130 δυνάμεως,
3161 2058 3254 2111 καὶ
3280 2058 3378 2112 οὐκ
3411 2058 3694 2126 ἀγνοήσεις
3721 2059 3780 2110 τὸ
3816 2059 3876 2109 ἐν

629 2155 760 2226 quid
800 2155 868 2209 de
905 2169 964 2210 se
994 2153 1258 2208 Dominus
1311 2149 1700 2222 pronuntiarit,
1759 2155 1816 2204 et
1843 2162 1963 2203 eam
2024 2147 2193 2216 ipsius

2303 2153 2451 2224 τόπῳ
2480 2151 2834 2222 ζητούμενον.
2863 2149 3139 2222 Μνήσθητι
3169 2150 3268 2218 τῆς
3294 2149 3626 2219 Δεσποτικῆς
3658 2149 3873 2217 ἀποφά-

629 2264 751 2306 esse
778 2248 1032 2303 virtutem
1050 2259 1370 2316 cognosces,
1413 2251 1472 2297 ut
1513 2241 1810 2307 voluntate,
1859 2254 1968 2293 non
2017 2249 2193 2306 autem

2306 2263 2464 2310 σεως,
2489 2243 2540 2297 τί
2569 2245 2696 2315 περὶ
2725 2241 2887 2296 αὐτοῦ
2915 2239 3273 2309 ἀποφαίνεται
3298 2242 3326 2294 6
3356 2239 3448 2292 τοῦ
3475 2239 3676 2303 παντὸς
3704 2239 3877 2310 ἐξημ-

631 2348 840 2392 natura:
893 2335 1218 2390 necessitate
1273 2332 1509 2385 animam
1559 2344 1590 2383 a
1628 2343 1855 2398 corpore
1905 2327 2193 2398 disiungat.

2308 2339 2470 2409 μένος
2497 2336 2560 2390 τδ
2602 2336 2802 2408 κράτος
2835 2351 2848 2366 ·
2879 2332 2997 2396 πῶς
3048 2333 3478 2405 αὑτοκρατορικῇ
3508 2331 3741 2404 ἐξουσίᾳ,
3775 2333 3877 2386 καὶ

632 2427 802 2482 Nemo
832 2427 998 2489 enim,
1029 2423 1227 2494 inquit,
1259 2422 1398 2476 tollit
1427 2421 1662 2474 animam
1689 2433 1857 2472 meam
1890 2435 1923 2470 a
1973 2435 2074 2477 me.
2110 2418 2193 2472 sed

2300 2429 2361 2483 οὑ
2408 2428 2622 2498 φύσεως
2668 2427 2881 2499 ἀνάγκῃ
2927 2424 3268 2492 διαζεύγνυσι
3310 2424 3409 2496 τὴν
3452 2423 3626 2496 ψυχὴν
3667 2425 3734 2477 ἐκ
3775 2425 3876 2478 τοῦ

632 2537 725 2590 ego
757 2534 895 2587 pono
939 2517 1092 2570 illam
1136 2533 1167 2568 a
1217 2515 1428 2582 meipso.
1479 2511 1807 2566 Potestatem
1845 2511 1986 2564 enim
2034 2509 2193 2563 habeo

2303 2520 2554 2590 σώματος
2579 2560 2592 2585 ,
2637 2519 2694 2570 ἐν
2723 2511 2804 2580 οἷς
2839 2533 3021 2588 φησιν,
3061 2517 3142 2570 ὅτι
3174 2514 3387 2580 Οὐδείς
3428 2516 3579 2583 αἴρει
3611 2515 3726 2582 τὴν
3755 2519 3877 2584 gru-

629 2610 856 2679 ponendi
883 2626 1021 2672 eam,
1052 2618 1101 2662 et
1122 2615 1430 2676 potestatem
1479 2604 1642 2658 habeo
1687 2603 1880 2658 iterum
1926 2617 2193 2656 assumen-

2303 2612 2424 2680 χήν
2445 2626 2584 2679 μου,
2611 2608 2747 2662 ἀλλ’
2772 2605 2889 2676 ἐγὼ
2919 2607 3114 2674 τίθημι
3134 2603 3329 2672 αὐτὴν
3357 2604 3457 2673 ἀφ’
3476 2604 3712 2660 ἑαυτοῦ.
3743 2605 3874 2670 ’85-

636 2703 694 2756 di
715 2703 782 2755 ³ο.
817 2700 932 2754 Hoc
962 2700 1122 2754 nobis
1153 2699 1226 2753 ita
1256 2697 1574 2762 constituto,
1603 2694 1890 2765 perspicue
1909 2693 2114 2764 patebit
2143 2693 2193 2748 id

2304 2701 2521 2756 ουσίαν
2562 2699 2678 2768 ἔχω
2710 2697 2895 2753 θεῖναι
2921 2695 3144 2764 αὐτὴν,
3172 2695 3270 2750 καί
3303 2695 3594 2759 ἐξουσίαν
3620 2697 3738 2765 ἔχω
3766 2697 3875 2751 πάι

631 2793 778 2864 quod
807 2791 1101 2861 qua'situm
1141 2796 1245 2844 est.

2302 2793 2405 2845 λιν
2429 2789 2637 2844 λαϐεῖν
2673 2787 2886 2853 αὑτήν.
2926 2785 3095 2840 Τοῦτό
3127 2803 3215 2856 μοι
3243 2786 3441 2858 στήτω,
3471 2785 3564 2839 καὶ
3594 2784 3654 2838 τὸ
3680 2783 3874 2857 ζητού-

2307 2896 2466 2951 μενον
2507 2879 2913 2950 σεσαφήνισται.

703 2974 804 3040 Qui
838 2971 984 3026 enim
1011 2973 1278 3038 potestate
1318 2979 1420 3019 sua
1456 2973 1651 3020 cuncta
1679 2964 1940 3034 disponit,
1970 2979 2078 3018 non
2131 2979 2193 3019 ex

2381 2969 2441 3022 Ὃ
2487 2970 2596 3039 γὰρ
2645 2967 2821 3021 πάντα
2871 2965 3012 3020 κατὰ
3065 2964 3164 3037 τὴν
3217 2965 3537 3040 δεσποτικὴν
3585 2959 3873 3024 αὐθεντίαν

633 3065 943 3138 proditione
997 3057 1103 3114 sibi
1155 3053 1558 3126 impendentem
1614 3056 2032 3119 necessitatem,
2087 3070 2193 3109 non

2301 3059 2636 3130 οἰκονομῶν,
2690 3058 2789 3112 οὐκ
2842 3056 3098 3128 ἀναμένει
3161 3057 3258 3129 τὴν
3313 3058 3378 3110 ἐκ
3429 3059 3528 3130 τῆς
3582 3061 3872 3130 προδοσίας

632 3157 950 3214 .‘udaaorum
973 3149 1130 3222 quasi
1163 3148 1476 3219 praedonum
1501 3146 1783 3216 impetum,
1813 3163 1922 3202 non
1949 3147 2192 3218 iniquam

635 3247 797 3303 Pilati
831 3243 1159 3300 sententiam
1192 3244 1497 3309 exspectat,
1546 3244 1608 3292 ut
1648 3253 1837 3292 eorum
1888 3239 2095 3292 malitia
2129 3239 2201 3295 sit

635 3336 945 3396 communis
993 3332 1276 3388 hominum
1311 3329 1507 3386 salutis
1537 3329 1866 3398 principium
1899 3339 1950 3384 et
1994 3344 2196 3396 causa;

635 3432 734 3489 sed
781 3426 1013 3483 consilio
1061 3438 1162 3478 suo
1209 3422 1547 3485 antevertit,
1594 3429 1650 3475 et
1696 3435 1898 3474 arcano
1945 3419 2200 3474 sacriﬁcii

633 3536 854 3593 genere,
884 3515 1031 3589 quod
1071 3516 1140 3570 ab
1171 3513 1485 3570 hominibus
1524 3512 1675 3568 cerni
1711 3527 1819 3566 non
1850 3520 2084 3581 poterat,
2114 3527 2201 3566 se-

631 3616 811 3686 ipsum
845 3625 944 3681 pro
971 3609 1130 3664 nobis
1169 3606 1406 3661 hostiam
1451 3604 1632 3668 oﬁ‘ert,
1673 3611 1728 3658 et
1772 3604 2051 3657 victimam
2089 3603 2196 3656 im-

632 3707 831 3766 molat,
875 3701 1134 3758 sacerdos
1166 3697 1330 3753 simul
1358 3696 1650 3759 exsistens,
1681 3703 1736 3749 et
1759 3708 1933 3763 agnus
1963 3691 2078 3758 Dei,
2110 3693 2200 3748 ille

631 3797 723 3867 qui
761 3794 948 3848 mundi
985 3799 1270 3862 peccatum
1320 3787 1482 3842 tollit.
1519 3785 1750 3852 Quando
1785 3784 1839 3839 id
1900 3784 2200 3855 praestitit?

631 3900 754 3939 cum
787 3895 988 3948 corpus
1020 3892 1178 3933 suum
1217 3875 1500 3944 discipulis
1525 3875 1865 3944 congregatis
1901 3873 2196 3939 edendum,

629 3983 683 4026 et
723 3969 1043 4037 sanguinem
1075 3963 1368 4018 bibendum
1400 3961 1650 4032 praebuit,
1692 3969 1824 4015 tunc
1868 3970 2054 4032 aperte
2099 3961 2195 4017 de-

629 4060 859 4116 claravit
890 4056 1014 4126 agni
1049 4052 1377 4110 sacriﬁcium
1400 4052 1511 4122 jam
1539 4066 1662 4107 esse
1697 4051 2019 4122 perlectum.
2058 4051 2194 4107 Nam

629 4151 868 4206 victima:
898 4161 1099 4216 corpus
1127 4159 1236 4198 non
1281 4153 1365 4198 est
1411 4140 1478 4196 ad
1532 4141 1800 4197 edendum
1835 4143 2112 4208 idoneum,
2148 4143 2196 4199 si

628 4244 928 4296 animatum
984 4238 1072 4291 sit.
1124 4235 1306 4301 Quare
1361 4249 1483 4288 cum
1535 4249 1736 4304 corpus
1779 4235 2088 4300 edendum,
2141 4242 2196 4290 et

2298 3152 2562 3221 ἀνάγκην,
2611 3149 2705 3204 καὶ
2729 3149 2828 3221 τὴν
2860 3147 3153 3220 λῃστρικὴν
3195 3148 3381 3217 ἔφοδον
3419 3149 3526 3203 τῶν
3572 3151 3872 3222 Ἰουδαίων,

2298 3239 2395 3294 καὶ
2437 3239 2536 3310 τὴν
2579 3237 2672 3291 τοῦ
2717 3237 2950 3292 Πιλάτου
2993 3237 3306 3308 παράνομον
3347 3238 3542 3309 κρίσιν,
3587 3239 3726 3294 ὥστε
3767 3243 3873 3314 τὴν

2299 3329 2520 3384 ἐκείνων
2601 3330 2798 3383 κακίαν
2878 3328 3120 3399 ἀρχηγὸν
3169 3330 3260 3382 καὶ
3305 3330 3483 3384 αίτίαν
3533 3331 3630 3401 τῆς
3684 3337 3874 3406 κοινῆς

2297 3421 2406 3476 τῶν
2445 3421 2744 3493 ἀνθρώπων
2794 3419 3066 3493 σωτηρίας
3103 3419 3392 3488 γενέσθαι·
3439 3421 3575 3476 ἀλλά
3621 3425 3873 3496 προλαμ-

2299 3514 2449 3570 ϐάνει
2489 3516 2554 3585 τῇ
2616 3513 2896 3584 οίκονομίᾳ
2926 3511 3024 3584 τὴν
3063 3511 3268 3582 ἔφοδον,
3315 3512 3452 3568 κατά
3495 3514 3586 3568 τὸν
3629 3516 3871 3588 ἄρρητον

2297 3607 2394 3676 τῆς
2426 3605 2741 3678 ἱερουργίας
2767 3604 2988 3675 τρόπον,
3017 3605 3111 3659 καὶ
3139 3607 3252 3668 τοῖς
3287 3604 3592 3677 ἀνθρώποις
3615 3607 3867 3679 ἀόρατον,

2297 3699 2392 3751 καὶ
2416 3698 2605 3750 ἑαυτὸν
2651 3697 2990 3768 προσήνεγκε
3032 3696 3346 3767 προσφορὰν
3375 3698 3469 3750 καὶ
3495 3698 3685 3752 θυσίαν
3727 3699 3870 3771 ὑπὲρ

2297 3787 2474 3857 ἡμῶν,
2519 3787 2548 3838 6
2577 3787 2753 3858 ἱερεὺς
2780 3787 2914 3855 ἅμα,
2943 3785 3034 3838 καὶ
3065 3785 3093 3837 ὁ
3122 3783 3292 3855 ἀμνὸς
3320 3785 3412 3838 τοῦ
3451 3785 3606 3849 Θεοῦ,
3637 3790 3664 3840 ό
3697 3788 3870 3858 αἴρων

2295 3876 2392 3944 τὴν
2427 3875 2698 3944 ἁμαρτίαν
2727 3873 2822 3926 τοῦ
2848 3872 3074 3944 κόσμου.
3107 3874 3244 3927 Πότε
3268 3875 3425 3928 τοῦτο
3451 3891 3464 3940 ;
3502 3877 3628 3929 Ὅτε
3659 3877 3867 3947 βρωτόν

2297 3964 2488 4018 ἐαυτοῦ
2530 3964 2592 4018 τὸ
2630 3963 2790 4034 σῶμα
2825 3963 2905 4027 είς
2951 3962 3151 4034 βρῶσιν
3208 3965 3394 4032 σαφῶς
3421 3964 3750 4018 ἐνδείκνυται
3789 3967 3866 4037 τῷ

2295 4058 2396 4128 ήδη
2420 4055 2746 4126 γεγενῆσθαι
2775 4054 2958 4127 ἐντελῆ
2979 4052 3071 4108 τοῦ
3095 4053 3269 4126 ἀμνοῦ
3297 4054 3393 4126 τὴν
3418 4055 3628 4109 θυσίαν.
3656 4057 3732 4111 Οὐ
3753 4059 3866 4130 γὰρ

2295 4150 2361 4204 ἂν
2393 4146 2461 4222 ῆν
2489 4149 2550 4203 τὸ
2580 4150 2738 4221 σῶμα
2762 4148 2856 4203 τοῦ
2886 4149 3084 4221 ίερείου
3117 4148 3253 4220 πρὸς
3301 4149 3499 4220 ἐδωδὴν
3535 4150 3861 4220 ἐπιτήδειον,

2295 4240 2452 4310 εἴπερ
2479 4239 2718 4310 ἔμψυχον
2735 4235 2822 4310 ἦν.
2849 4236 3059 4293 Οὐκοῦν
3085 4238 3174 4292 ὅτε
3205 4237 3444 4309 παρέσχε
3464 4240 3576 4301 τοῖς
3593 4239 3862 4309 μαθηταῖς

625 4329 947 4399 sanguinem
979 4325 1268 4378 bibendum
1299 4324 1587 4393 discipulis
1635 4325 1900 4390 exhibuit,
1941 4325 2053 4393 jam
2101 4337 2190 4376 ar-

2294 4332 2558 4401 ἐμφαγεῖν
2579 4330 2673 4384 τοῦ
2709 4328 2978 4399 σώματος,
3004 4328 3098 4382 καὶ
3125 4328 3219 4381 τοῦ
3243 4329 3472 4397 αἵματος
3497 4329 3732 4399 ἐμπιεῖν,
3754 4330 3858 4401 ήδη

623 4440 760 4477 caua
795 4431 848 4474 et
900 4433 1009 4471 non
1061 4416 1378 4485 aspcctabili
1412 4417 1624 4471 ratione
1672 4431 1874 4485 corpus
1928 4423 2047 4469 erat
2085 4416 2190 4468 im-

624 4518 911 4579 molatum,
948 4521 1005 4565 ut
1035 4511 1209 4580 ipsius
1247 4511 1566 4580 mysterium
1603 4510 1911 4579 peragentis
1932 4509 2188 4579 potestati

619 4606 966 4660 collibuerat.
1006 4601 1069 4655 Et
1097 4601 1277 4654 anima
1309 4601 1363 4653 in
1406 4601 1511 4654 illis
1537 4611 1673 4666 erat,
1704 4601 1756 4654 in
1780 4601 1979 4670 quibus
1999 4599 2188 4655 eadem

620 4701 737 4768 ipsa
771 4703 1014 4766 potestas
1051 4693 1201 4746 illam
1234 4691 1505 4761 deposuit,
1550 4692 1822 4761 simulque
1851 4707 1973 4747 cum
2005 4692 2185 4746 divina

619 4789 844 4853 virtute,
879 4799 1000 4854 quae
1033 4798 1154 4835 cum
1180 4781 1270 4834 illa
1299 4789 1420 4836 erat
1449 4780 1764 4849 conjuncta,
1799 4781 1852 4834 in
1877 4795 1940 4836 ea
1967 4781 2188 4851 regione

618 4877 805 4932 cordis
838 4882 1058 4928 versata
1088 4880 1189 4926 est.
1227 4871 1413 4940 Itaque
1443 4871 1489 4926 si
1513 4872 1638 4942 quis
1676 4872 1801 4926 inde
1851 4881 2064 4942 tempus
2097 4872 2184 4926 in-

618 4969 788 5036 cipiat
827 4963 1088 5026 dimetiri,
1121 4977 1244 5016 cum
1281 4961 1611 5016 sacriﬁcium
1656 4961 1766 5017 Deo
1801 4964 2002 5017 laetum
2037 4973 2120 5019 cst
2155 4978 2186 5017 a

619 5071 818 5126 magno
839 5055 932 5108 illo
965 5052 1217 5121 Principe
1262 5052 1630 5117 sacerdotum,
1661 5055 1754 5123 qui
1789 5055 2023 5120 ratione,
2063 5070 2186 5124 quze

619 5166 718 5203 nec
752 5147 935 5202 verbis
961 5143 1247 5214 explicari,
1277 5159 1377 5197 nec
1409 5145 1584 5199 oculis
1612 5147 1844 5214 perspici
1875 5147 2078 5215 potuit,
2105 5162 2184 5201 se-

619 5254 796 5308 ipsum
862 5251 959 5306 pro
1021 5233 1299 5288 communi
1371 5233 1651 5287 hominum
1708 5235 1882 5289 salute
1925 5244 2182 5304 tanquam

618 5345 814 5400 agnum
844 5327 1062 5390 obtulit,
1113 5341 1221 5380 non
1271 5324 1489 5383 recedet
1523 5340 1553 5379 a
1598 5327 1844 5380 veritate.
1881 5325 2006 5379 Erat
2037 5327 2180 5380 enim

621 5436 840 5491 vespera
869 5462 884 5483 ,
929 5435 1053 5475 cum
1103 5432 1318 5473 sacrum
1373 5415 1506 5470 illud
1547 5431 1748 5486 corpus
1782 5413 2134 5471 comederunt
2167 5437 2178 5470 :

621 5527 778 5581 quam
809 5509 1028 5580 quidem
1062 5522 1347 5578 vesperam
1398 5523 1526 5574 nox,
1556 5525 1674 5579 quae
1706 5523 2034 5579 parasceven
2082 5524 2178 5562 an-

688 5602 732 5633 ³⁶
787 5601 941 5655 Joan.
974 5600 1146 5665 L18.

2291 4421 2428 4474 κατὰ
2451 4421 2512 4473 τὸ
2543 4419 2766 4490 θελητὺν
2817 4419 2885 4488 τῇ
2919 4415 3136 4488 ἐξουσίᾳ
3160 4416 3255 4469 τοῦ
3283 4416 3344 4469 τὸ
3389 4418 3683 4486 μυστήριον
3711 4418 3860 4470 οίκο-

2288 4511 2579 4582 νομοῦντος
2599 4510 2851 4580 ἀρρήτως
2877 4524 2937 4559 τε
2969 4507 3063 4559 καὶ
3083 4507 3326 4578 ἀοράτως
3346 4507 3408 4560 τὸ
3435 4507 3592 4577 σῶμα
3612 4506 3856 4561 ἐτέθυτο.

2289 4601 2400 4655 Καὶ
2423 4601 2456 4669 ἡ
2503 4598 2646 4669 ψυχὴ
2687 4599 2745 4650 ἐν
2778 4597 3004 4658 ἐκείνοις
3043 4592 3131 4668 ἦν,
3164 4599 3222 4650 ἐν
3249 4590 3330 4660 οἷς
3367 4596 3535 4666 αὐτὴν
3575 4598 3608 4666 ή
3640 4597 3856 4661 ἐξουσία

2287 4691 2382 4746 τοῦ
2411 4689 2814 4761 οίκονομοῦντος
2837 4687 3128 4741 ἐναπέθετο
3157 4687 3296 4756 μετά
3325 4686 3423 4757 τῆς
3445 4685 3857 4756 ἐγκεκραμένης

2288 4785 2424 4854 αὐτῇ
2467 4781 2616 4844 θείας
2653 4781 2949 4851 δυνάμεως,
2983 4779 3072 4832 τὸν
3104 4781 3160 4831 ἐν
3207 4777 3405 4849 καρδίᾳ
3434 4778 3639 4830 ἐκεῖνον
3680 4775 3860 4846 χῶρον

2289 4872 2674 4946 περιπολοῦσα.
2727 4871 2932 4925 Οὐκοῦν
2977 4871 3070 4939 ἀφ’
3103 4863 3163 4923 οῦ
3214 4868 3494 4940 προσήχθη
3537 4867 3616 4939 τῷ
3651 4868 3770 4938 Θεῷ
3822 4869 3858 4939 ἡ

2287 4965 2444 5018 θυσία
2470 4965 2621 5035 παρά
2648 4963 2740 5017 τοῦ
2770 4963 3004 5035 μεγάλου
3041 4962 3378 5034 ’Δρχιερέως,
3412 4960 3505 5014 τοῦ
3544 4960 3634 5015 τὸν
3661 4960 3859 5014 ἐαυτοῦ

2285 5056 2454 5126 ἀμνὸν
2471 5057 2608 5126 ὑπὲρ
2625 5055 2724 5124 τῆς
2745 5055 2928 5124 κοινῆς
2948 5053 3216 5124 ἁμαρτίας
3233 5053 3486 5122 ἀρρήτως
3505 5069 3562 5104 τε
3583 5053 3680 5105 καὶ
3697 5051 3863 5120 ἀορά-

2283 5164 2389 5210 τως
2413 5147 2878 5218 ίερουργήσαντος,
2901 5145 3008 5199 ἀπὺ
3021 5145 3142 5196 τότε
3164 5161 3245 5205 τις
3274 5142 3523 5212 ἀριθμῶν
3552 5143 3644 5195 τὸν
3667 5145 3859 5216 χρόνον

2283 5237 2383 5308 τῆς
2411 5237 2665 5308 ἀληθείας
2695 5237 2793 5307 οὐχ
2817 5236 3213 5307 ἁμαρτήσεται.
3258 5233 3495 5303 Ἐσπέρα
3527 5234 3626 5301 μὲν
3656 5233 3761 5304 γὰρ
3783 5229 3859 5305 ἦν

2283 5331 2370 5383 ὅτε
2406 5329 2621 5401 ἐϐρώθη
2660 5329 2720 5382 τὸ
2768 5330 2909 5398 ἱερὸν
2946 5329 3119 5380 ἐκεῖνο
3179 5325 3273 5378 καὶ
3314 5325 3465 5392 ἅγιον
3507 5325 3686 5395 σῶμα.
3739 5325 3858 5392 Νὺξ

2283 5418 2338 5472 δὲ
2367 5419 2465 5490 τὴν
2496 5418 2731 5489 ἐσπέραν
2752 5418 2965 5488 ἐκείνην
2993 5419 3026 5488 ἡ
3055 5417 3160 5488 πρὸ
3180 5419 3277 5488 τῆς
3307 5421 3661 5490 παρασκευῆς
3684 5417 3856 5470 διεδέ-

2285 5508 2431 5572 ξατο.
2475 5505 2608 5562 Εἷτα
2635 5510 2668 5579 ἡ
2699 5507 2798 5578 τῆς
2829 5507 3179 5578 παρασκευῆς
3211 5508 3413 5577 ἡμέρα,
3444 5510 3511 5580 τῇ
3544 5509 3858 5579 ἐπεισάκτῳ
