4084 6158
380 220 489 276 615

1253 201 1258 205 ’
1305 217 1373 272 IN
1411 215 1686 273 CHRISTI
1745 208 2376 268 RESURRECTIONEM
2416 209 2626 266 ORAT.
2668 209 2701 263 ι.

3535 212 3638 266 614

385 326 566 388 νυκτὶδ
587 331 977 402 διατμηθεῖσα,
1024 333 1104 395 εἰς
1144 333 1273 403 μίαν
1299 332 1466 388 νύκτα
1509 335 1602 386 καὶ
1641 329 1960 412 είεήμέρας

2071 328 2288 394 tccedit,
2304 328 2539 397 excepit.
2569 325 2708 381 l-luic
2731 328 3001 383 successit
3021 325 3340 381 Parascevae
3363 324 3501 391 dies,
3521 343 3642 396 qua:

385 423 482 478 δύο
515 421 971 492 καταψηφίζεται.
1002 422 1186 493 Είγὰρ
1209 423 1269 476 τὸ
1297 424 1484 488 σκότος
1510 427 1538 476 ό
1567 423 1698 487 Θεὸς
1735 424 1960 478 ἐκάλεσε

386 515 578 580 νύκτα,
610 515 667 569 ὲν
709 513 765 566 δὲ
805 516 925 577 ταῖς
970 515 1146 585 τρισὶν
1196 514 1366 584 ῶραις
1404 515 1618 583 ἐγένετο
1649 514 1838 576 σκότος
1871 515 1964 568 ἐπὶ

387 608 568 659 πᾶσαν
597 604 696 674 τὴν
719 603 1042 672 οἰκουμένην
1072 619 1086 631 ’
1119 602 1258 674 αὕτη
1302 605 1446 656 ἐστὶν
1476 606 1510 674 ἡ
1540 602 1680 657 κατὰ
1711 604 1769 656 τὸ
1803 603 1965 673 μέσον

385 698 484 766 τῆς
519 695 730 766 ἡμέρας
781 695 1237 764 καινοτομηθείσα
1267 693 1392 760 νὺξ,
1439 695 1507 747 τὰ
1555 695 1648 747 δύο
1706 695 1966 764 τμήματα

385 788 494 841 τῶν
529 786 751 858 ἡμερῶν
787 787 854 839 δι’
905 787 1105 857 ἑαυτῆς
1143 787 1578 857 περιγράφουσα,
1614 786 1675 839 τὸ
1721 787 1816 858 μὲν
1860 787 1967 840 ἀπὸ

386 879 482 932 τοῦ
509 878 708 950 ὗρθρου
758 879 850 930 ἐπὶ
869 877 966 950 τὴν
987 878 1152 948 ἕκτην
1180 878 1349 950 ὥραν,
1372 879 1432 931 τὸ
1459 879 1514 932 δὲ
1549 877 1655 931 ἀπὸ
1677 879 1774 948 τῆς
1802 879 1955 932 ἐννά-

387 987 488 1042 της
517 970 610 1023 ἐπὶ
641 970 741 1039 τὴν
780 969 1037 1039 ἑσπέραν.
1092 970 1254 1023 Ὥστε
1282 964 1421 1021 εἶναι
1452 970 1612 1040 μέχρι
1636 968 1846 1030 τούτου,
1871 967 1966 1020 δύο

387 1063 589 1124 νύκτας
613 1062 704 1115 καὶ
729 1061 946 1131 ἡμέρας
967 1059 1077 1113 δύο.
1111 1055 1263 1124 Εἶτα,
1296 1059 1401 1131 πρὸ
1421 1060 1513 1112 τοῦ
1543 1059 1823 1113 Σαϐϐἀτου
1845 1057 1963 1123 νὺξ,

389 1152 484 1205 καὶ
523 1150 664 1222 μετά
695 1151 898 1218 ταύτην
933 1151 967 1221 ἡ
1015 1150 1108 1210 τοῦ
1153 1150 1432 1204 Σαϐϐἀτου
1462 1151 1669 1222 ἡμέρα,
1697 1150 1836 1220 ἔχεις
1870 1150 1970 1214 τὰς

385 1245 538 1314 τρεῖς
579 1241 798 1305 νύκτας.
852 1242 1095 1312 Ζήτησόν
1129 1259 1220 1312 μοι
1259 1241 1442 1296 λοιπὸν
1475 1243 1573 1312 τὴν
1605 1243 1969 1312 ἀναστάσιμον

387 1333 556 1402 ὥραν,
586 1332 680 1385 καὶ
709 1332 961 1402 εὑρήσεις
1000 1332 1096 1403 τὴν
1131 1334 1187 1384 ἐν
1212 1335 1324 1396 τοῖς
1349 1333 1663 1402 εἰρημένοις
1693 1332 1966 1403 ἀλήθειαν.

388 1425 530 1478 Πότε
558 1419 649 1477 οὖν
669 1423 846 1490 τοῦτο;
885 1424 1029 1492 Ὀψὲ
1047 1424 1384 1488 Σαϐϐάτων,
1402 1423 1674 1488 Ματθαῖος
1695 1423 1964 1494 βοᾷ.Αὓτη

386 1531 469 1567 τοι
496 1516 530 1585 ἡ
552 1513 670 1584 ὥρα
700 1512 799 1583 τῆς
817 1514 1185 1577 Ἀναστάσεως
1212 1512 1350 1566 κατά
1367 1513 1463 1584 τὴν
1486 1512 1578 1566 τοῦ
1603 1513 1833 1582 ἀγγέλου
1866 1530 1972 1582 φω-

388 1607 507 1676 νήν.
540 1599 706 1668 Οὗτος
733 1605 855 1675 ὅρος
880 1604 979 1672 τῆς
1010 1605 1067 1656 ἐν
1101 1604 1297 1676 καρδίᾳ
1323 1605 1422 1675 τῆς
1454 1605 1555 1675 γῆς
1578 1603 1852 1673 διαγωγῆς
1876 1603 1968 1656 τοῦ

2069 425 2230 471 nocte
2258 417 2348 469 illa
2377 425 2604 487 propter
2634 416 2768 471 solis
2799 415 3240 470 obscurationetn
3270 415 3556 485 interjecta
3584 417 3640 470 in

2069 509 2187 563 dies
2226 508 2366 562 duos
2415 518 2470 562 et
2526 519 2742 562 noctem
2792 508 2954 562 unam
2996 508 3170 562 divisa
3219 515 3326 562 est.
3383 505 3541 570 Nam,
3592 507 3639 562 si

2074 602 2218 657 Deus
2247 611 2464 658 noctem
2516 605 2772 658 tenebras
2810 604 3102 673 appellavit
3125 605 3190 669 ³¹,
3225 604 3399 660 tribus
3460 589 3664 658 autem.

2072 693 2223 748 horis
2247 693 2484 748 tenebrae
2503 693 2660 749 factae
2687 703 2816 749 sunt
2839 710 3002 765 super
3020 696 3330 771 universam
3348 703 3549 750 terram
3567 695 3636 758 ³⁸,

2072 785 2309 854 spatium
2347 784 2480 838 illttd
2507 786 2561 838 in
2599 784 2704 841 diei
2744 786 2924 840 medio
2969 787 3328 841 constitutum
3364 801 3470 840 nox
3517 786 3638 847 fuit,

2072 891 2193 945 qua:
2225 876 2455 943 singulis
2512 876 2661 932 illius
2711 892 2777 931 ex
2827 886 3058 948 utraque
3097 888 3253 948 parte
3307 878 3640 933 sectionibus

2074 969 2235 1022 binos
2263 967 2380 1021 dies
2412 967 2661 1022 deﬁnivit
2708 987 2722 1023 :
2766 984 2938 1022 unum
2971 967 3188 1038 quidem
3241 969 3309 1024 ab
3351 977 3475 1023 ortu
3513 970 3643 1023 solis

2074 1075 2250 1135 usque
2279 1059 2345 1112 ad
2374 1069 2578 1114 sextam
2628 1061 2842 1124 horam,
2889 1061 3124 1115 alterum
3180 1069 3362 1114 autem
3391 1062 3459 1116 ab
3510 1061 3642 1115 hora

2074 1166 2218 1205 nona
2247 1166 2420 1220 usque
2450 1151 2516 1205 ad
2558 1166 2864 1221 vesperam.
2893 1150 3071 1219 Atque
3104 1150 3178 1204 ita
3206 1152 3343 1205 duas
3391 1151 3502 1220 jam
3545 1167 3643 1206 no-

2074 1249 2190 1296 ctes
2230 1241 2518 1306 habemus,
2559 1249 2613 1296 et
2669 1240 2893 1296 totidem
2929 1241 3068 1296 dies.
3104 1239 3242 1294 Hinc
3277 1240 3501 1295 Sabbati
3533 1257 3643 1295 nox

2074 1341 2158 1388 est
2187 1333 2503 1398 subsecuta,
2541 1341 2595 1387 et
2626 1331 2846 1387 Sabbati
2871 1332 3009 1388 dies.
3034 1331 3112 1386 Ex
3139 1332 3340 1402 quibus
3373 1342 3482 1386 tres
3501 1332 3640 1394 dies,

2077 1432 2131 1478 et
2180 1434 2375 1480 noctes
2427 1425 2613 1480 itidem
2654 1433 2767 1482 tres
2809 1425 3197 1482 conﬁciuntur.
3233 1424 3526 1495 Reliquum
3560 1435 3645 1481 est

2077 1522 2136 1570 ut
2163 1516 2584 1572 resurrectionis
2619 1518 2807 1572 horam
2860 1517 3241 1588 inquiramus:
3287 1533 3392 1587 qua
3423 1518 3643 1587 quidem

2077 1607 2320 1673 inventa,
2361 1607 2564 1662 veritas
2610 1607 2869 1664 exstabit.
2924 1607 3155 1675 Quando
3205 1610 3372 1679 igitur
3402 1609 3644 1665 surrexit

388 1698 614 1770 Κυρίου.
632 1698 1021 1770 Ἐσπέραςγάρ
1039 1697 1137 1768 ήδη
1162 1697 1380 1768 βαθείας
1407 1697 1775 1768 γεγενημένης
1799 1696 1968 1768 (ἀρχὴ

2074 1695 2380 1754 Dominus?
2410 1697 2630 1769 Vespere
2658 1698 3013 1754 Sabbatorum
3035 1742 3049 1766 ,
3088 1699 3188 1754 tibi
3223 1699 3511 1754 Matthaaus
3537 1700 3646 1753 cla-

387 1791 445 1845 δέ
469 1787 537 1863 ἦν
587 1791 686 1861 τῆς
715 1791 905 1854 νυκτὸς
940 1791 1154 1860 ἐκείνης
1186 1791 1218 1862 ἡ
1247 1791 1472 1864 ἑσπέρα,
1502 1790 1568 1861 ἣν
1605 1789 1906 1860 διαδέχεται
1934 1789 1968 1858 ἡ

389 1883 490 1953 μία
513 1881 618 1936 τῶν
648 1880 938 1935 Σαϐϐάτων
977 1881 1219 1953 ἡμέρα),
1266 1882 1384 1959 τότε
1415 1885 1444 1935 ό
1490 1881 1710 1952 σεισμὸς
1739 1880 1965 1949 γίνεται.

390 1972 523 2026 Τότε
551 1973 580 2024 ὁ
609 1973 1046 2043 καταστράπτων
1086 1976 1198 2037 τοῖς
1238 1974 1528 2044 ἐνδύμασιν
1572 1972 1799 2042 ἄγγελος
1838 1973 1971 2024 ἀπο-

389 2063 562 2117 κυλίει
587 2062 678 2116 τὸν
709 2062 854 2116 λίθον
883 2063 976 2116 τοῦ
1003 2063 1293 2134 μνημείου.
1323 2065 1386 2117 Αἱ
1415 2064 1472 2116 δὲ
1490 2067 1748 2133 γυναῖκες
1779 2061 1970 2132 μικρὸν

389 2155 803 2227 ἑπορθρίσασαι,
831 2155 1234 2225 ὑποφαινούσης
1263 2155 1361 2226 ἤδη
1391 2156 1488 2227 τῆς
1515 2155 1626 2226 ὴμέ
1639 2172 1736 2224 ρας
1767 2153 1829 2206 τὸ
1850 2154 1973 2222 φέγ-

388 2264 505 2316 γος,
529 2245 604 2309 ὡς
629 2246 724 2300 καί
757 2263 878 2300 τινα
920 2246 1148 2317 ἡλιακὴν
1181 2246 1353 2315 αὐγὴν
1389 2247 1488 2316 τῆς
1512 2246 1779 2315 ἀνατολῆς
1803 2245 1971 2314 ὑπερ-

390 2337 699 2410 φαίνεσθαι,
725 2337 845 2392 τότε
874 2336 1142 2409 ἱστοροῦσι
1171 2337 1268 2407 τὴν
1423 2334 1798 2406 γεγενημένην
1837 2333 1970 2388 ἀνάο

392 2447 615 2484 στασιν·
649 2431 706 2483 αἳ
738 2430 800 2482 τὸ
826 2429 926 2500 μὲν
956 2429 1139 2500 θαῦμα
1170 2428 1433 2498 ἑγνωσαν,
1476 2427 1574 2498 τὴν
1612 2428 1668 2480 δὲ
1701 2425 1848 2498 ὥραν
1871 2426 1970 2480 οὐκ

390 2521 765 2594 ἐδιδάχθησαν.
787 2521 908 2574 Ὅτι
943 2521 1042 2592 μὲν
1068 2520 1175 2592 γὰρ
1205 2519 1436 2592 ἠγέρθη,
1483 2514 1606 2572 εἶπε
1637 2518 1773 2589 πρὸς
1799 2518 1970 2582 αὐτὰς

389 2615 421 2667 ὁ
451 2611 682 2681 ἄγγελος
709 2629 724 2644 ο
771 2611 832 2664 τὸ
859 2612 915 2664 δὲ
955 2611 1106 2674 πότε,
1139 2609 1218 2680 τῷ
1262 2613 1464 2682 ῥήματι
1508 2611 1568 2662 οὐ
1609 2609 1966 2682 προσέθηκεν.

406 2703 544 2756 Ἀλλ’
590 2705 619 2756 ό
665 2702 838 2772 μέγας
887 2701 1162 2764 Ματθαῖος
1209 2701 1364 2772 μόνος
1415 2701 1523 2753 τῶν
1570 2699 1969 2769 εὐαγγελιστῶν

391 2797 611 2849 πάντων
633 2794 724 2848 τὸν
750 2793 941 2864 καιρὸν
972 2794 1038 2846 δι’
1065 2793 1352 2866 ἀκριϐείας
1376 2794 1776 2865 ἐπεσημήνατο,
1801 2791 1969 2846 εἰπὼν

388 2887 486 2957 τὴν
519 2887 757 2958 ἑσπέραν
783 2881 923 2940 εἶναι
942 2885 1037 2938 τοῦ
1062 2886 1362 2949 Σαϐϐἀτου,
1393 2884 1489 2957 τὴν
1517 2884 1667 2956 ῶραν
1688 2885 1785 2956 τῆς
1818 2885 1969 2939 Ἀνα-

395 2995 663 3043 στασεως.

2075 1807 2132 1846 ra
2163 1805 2298 1846 voce
2337 1789 2625 1846 denuntiat
2647 1791 2712 1845 ³³.
2750 1791 2875 1846 Haec
2908 1799 2993 1848 est
3030 1792 3456 1847 resurrectionis
3487 1792 3642 1858 hora,

2072 1882 2374 1940 secundum
2433 1881 2614 1954 angeli
2663 1897 2875 1938 vocem.
2910 1881 3010 1938 Hic
3052 1884 3317 1940 terminus
3368 1883 3468 1939 fuit
3497 1898 3675 1940 com-'

2072 1972 2397 2029 morationis
2423 1971 2640 2028 Domini
2691 1975 2745 2027 in
2779 1973 2944 2029 corde
2993 1983 3172 2030 terrae.
3231 1973 3470 2046 Vespera
3499 1975 3644 2030 enim

2043 2066 2181 2136 .jam
2213 2064 2504 2136 profunda,
2540 2080 2663 2135 qum
2690 2065 2909 2135 quidem
2953 2080 3180 2136 vespera
3231 2067 3433 2133 noctis,
3480 2081 3644 2137 quam

2072 2171 2178 2212 una
2207 2157 2570 2212 Sabbatorum
2595 2156 2715 2212 dies
2741 2157 3122 2226 consequitur,
3153 2157 3482 2229 principium
3505 2168 3642 2222 erat,

2073 2255 2413 2304 terraemotus
2446 2245 2626 2304 factus
2651 2254 2752 2302 est.
2789 2246 2944 2302 Tunc
2984 2247 3213 2319 angelus
3250 2248 3304 2301 in
3353 2247 3646 2302 vestimen-

2071 2340 2144 2395 tis
2184 2339 2398 2410 fulgens
2431 2338 2662 2394 revolvit
2688 2338 2922 2409 lapidem
2968 2339 3330 2394 monumenti.
3387 2338 3643 2394 Mulieres

2073 2437 2257 2484 autem
2279 2445 2439 2484 mane
2462 2439 2774 2501 surgentes,
2806 2445 2930 2484 cum
2957 2429 3065 2486 diei
3085 2431 3197 2501 jam
3219 2432 3310 2485 lux
3339 2438 3645 2501 appareret,

2070 2529 2122 2578 et
2152 2521 2385 2577 orientis
2412 2522 2548 2578 solis
2600 2522 2862 2592 splendor
2913 2529 3254 2588 cerneretur,
3300 2533 3412 2576 tum
3468 2524 3645 2576 visum

2072 2618 2305 2681 pergunt
2333 2611 2818 2676 resurrectionem,
2861 2627 2982 2682 qua:
3013 2611 3128 2681 jam
3181 2611 3329 2668 facta
3378 2621 3539 2668 erat:
3593 2620 3648 2669 et

2071 2702 2397 2756 miraculum
2426 2701 2649 2771 quidem
2683 2712 3080 2774 cognoverunt,
3116 2704 3304 2758 horam
3333 2714 3509 2760 autem
3538 2720 3645 2775 qua

2070 2791 2409 2861 contigisset,
2445 2807 2554 2846 non
2598 2791 2928 2848 didicerunt.
2963 2794 3205 2865 Angelus
3255 2796 3402 2850 enim
3457 2811 3644 2850 surre—

2071 2883 2217 2937 xisse
2248 2882 2468 2952 quidem
2504 2881 2794 2938 Dominum
2846 2883 3157 2950 nuntiavit;
3192 2885 3412 2955 quando
3465 2895 3645 2940 autem
3677 2884 3685 2893 ’

2072 2973 2394 3039 surrexerit,
2428 2988 2536 3028 non
2567 2972 2845 3044 patefecit.
2877 2974 2946 3028 At
2977 2991 3208 3046 magnus
3237 2976 3520 3044 Matthazus
3552 2992 3643 3033 so-

394 3073 482 3126 lus
524 3087 588 3126 ex
646 3070 906 3127 omnibus
947 3069 1300 3140 evangelistis
1355 3075 1570 3138 tempus
1621 3077 1878 3124 accurate
1924 3066 2238 3136 descripsit,
2303 3064 2494 3121 dicens
2538 3065 2986 3123 Rcsurrectionis
3053 3067 3245 3123 horam
3294 3066 3465 3124 fuisse
3508 3066 3641 3125 Sab-

390 3165 504 3220 bati
532 3179 834 3232 vesperam.

465 3214 530 3310 ἐι
632 3214 1031 3309 ἶιταύίιέαντοῡτον
1061 3253 1172 3323 ἔχει
1200 3253 1292 3306 τὸν
1324 3253 1542 3324 τρόπον,
1587 3253 1815 3324 ἕστηκεν
1833 3253 1964 3323 ἡμῖν

2138 3249 2270 3316 Quae
2299 3264 2424 3305 cum
2461 3251 2537 3304 ita
2567 3266 2627 3306 se
2658 3250 2917 3316 habeant,
2949 3259 3166 3308 constat
3197 3254 3356 3309 nobis
3403 3253 3643 3324 praefini-

368 3348 426 3418 ⁴ὴ
458 3345 784 3416 προθεσμία,
824 3346 933 3399 ἀπὸ
961 3346 1060 3415 τῆς
1090 3344 1230 3415 μετὰ
1266 3345 1363 3416 τὴν
1405 3345 1664 3416 πέμπτην
1706 3343 1964 3413 ἑσπέρας,

388 3439 474 3502 εἰς
514 3439 736 3510 τὴντοῦ
767 3438 1046 3491 Σαϐϐἀτου
1089 3439 1328 3509 ἑσπέραν
1369 3436 1824 3508 διαμετρουμένου
1872 3434 1967 3489 τοῦ

389 3527 610 3600 χρόνου,
654 3531 753 3600 τῆς
783 3528 1078 3599 ἐμϐολίμου
1110 3529 1304 3591 νυκτὸς
1325 3567 1339 3590 ,
1392 3527 1574 3590 καθὼς
1607 3526 1843 3598 εἴρηται,
1869 3525 1968 3596 τὴν

391 3619 748 3690 παρασκευὴν
786 3622 866 3683 εἰς
909 3621 1118 3691 ἡμέρας
1147 3620 1240 3674 δύο
1277 3619 1369 3673 καὶ
1397 3619 1566 3673 νύκτα
1603 3620 1733 3690 μίαν
1761 3635 1971 3690 κερμα-

388 3712 666 3784 τιζούσης.
701 3712 847 3764 Ἔδει
875 3714 984 3782 γὰρ
1008 3712 1098 3764 ἐπὶ
1133 3711 1227 3764 τοῦ
1256 3712 1608 3776 δεσπόζοντος
1635 3712 1693 3763 ἐν
1720 3713 1786 3782 τῇ
1815 3710 1971 3763 δυνα-

388 3806 547 3876 στείᾳ
572 3803 739 3858 αὐτοῦ
761 3804 856 3857 τοῦ
893 3805 1106 3870 αἰῶνος,
1147 3805 1221 3876 μὴ
1246 3807 1356 3868 τοῖς
1389 3803 1836 3874 συντεταγμένοις
1879 3801 1967 3856 τοῦ

389 3895 584 3966 χρόνου
617 3894 837 3966 μέτροις
875 3894 945 3948 τὰ
976 3894 1112 3966 ἔργα
1154 3896 1273 3948 κατ’
1321 3895 1566 3966 ἀνάγκην
1600 3894 1971 3968 συμπαρατεί-

390 3984 579 4039 νεσθαι
600 4000 614 4016 ·
643 3984 779 4038 ἀλλά
799 3984 938 4054 πρὸς
965 3983 1063 4054 τὴν
1086 3984 1192 4037 τῶν
1213 3983 1380 4038 ὄντων
1408 3983 1596 4055 χρείαν
1629 3983 1969 4053 καινοτομεῖ-

392 4077 518 4130 σθαι
546 4077 640 4130 τοῦ
661 4077 855 4146 χρόνου
877 4077 946 4130 τά
969 4076 1162 4148 μέτρα,
1197 4077 1292 4128 καὶ
1320 4075 1722 4147 συντομώτερον
1744 4075 1840 4147 τὴν
1863 4074 1971 4128 τῶν

390 4167 612 4236 ἀγαθῶν
644 4169 924 4239 ἐνέργειαν
953 4167 1054 4236 τῆς
1086 4167 1237 4230 θείας
1283 4168 1563 4233 δυνάμεως
1595 4166 1967 4238 ἐπιτελούσης,

395 4256 738 4329 κολοϐὡτερα
776 4258 869 4311 τοῦ
915 4257 1107 4330 χρόνου
1147 4257 1522 4326 σχεδιασθῆναι
1553 4257 1619 4310 τὰ
1651 4257 1823 4329 μέτρα
1848 4274 1860 4287 ·
1897 4258 1971 4320 ὼς

395 4349 534 4420 μήτε
559 4348 816 4401 ἐλάττονα
860 4349 966 4404 τῶν
993 4349 1160 4421 τριῶν
1195 4349 1419 4420 ἡμερῶν
1461 4349 1554 4403 καὶ
1576 4349 1680 4403 τῶν
1707 4348 1972 4403 τοσούτων

391 4439 602 4494 νυκτῶν
626 4441 996 4511 ἀριθμηθῆναι
1023 4441 1112 4494 τὸν
1141 4441 1354 4511 χρόνον.
1415 4440 1632 4511 Ἐπειδὴ
1661 4440 1848 4494 τοῦτον
1881 4440 1972 4494 τὸν

388 4528 628 4600 ἀριθμὸν
657 4531 685 4583 ό
730 4531 988 4601 μυστικὸς
1027 4534 1122 4586 καὶ
1163 4532 1476 4604 ἀπόρρητος
1507 4532 1756 4603 ἐπιζητεί
1781 4532 1966 4601 λόγος,

2068 3350 2185 3396 tum
2219 3341 2388 3413 tridui
2420 3342 2658 3413 spatium
2689 3358 2720 3396 a
2742 3358 2966 3411 vespera
2995 3351 3118 3413 post
3155 3345 3403 3415 quintam
3452 3360 3627 3414 usque

2067 3433 2137 3487 ad
2186 3449 2468 3504 vesperam
2524 3433 2750 3488 Sabbati
2797 3443 3010 3502 tempus
3079 3437 3503 3491 resurrectionis
3564 3438 3639 3490 ita

2067 3523 2502 3592 dimetientibus,
2563 3532 2621 3578 ut
2678 3525 2965 3593 interiecta
3004 3540 3130 3588 nox,
3181 3528 3642 3595 quemadmodum

2069 3616 2274 3670 dictum
2304 3624 2410 3682 est,
2451 3624 2902 3680 eonmtmeretur,
2934 3631 3056 3686 quae
3079 3631 3410 3686 parasceven
3445 3619 3500 3674 in
3523 3619 3642 3673 dies

2070 3707 2210 3762 duos
2241 3715 2295 3762 et
2321 3715 2538 3762 noctem
2581 3721 2745 3761 unam
2795 3707 3054 3777 partitur.
3096 3707 3334 3764 Decebat
3382 3710 3548 3775 enim,
3581 3719 3641 3763 ut

2071 3797 2125 3851 in
2164 3797 2286 3868 ejus
2317 3797 2572 3867 imperio,
2603 3798 2698 3868 qui
2736 3799 2955 3854 saaculis
2985 3797 3320 3867 dominatur,
3373 3815 3511 3854 nova
3549 3815 3640 3853 ra-

2071 3886 2218 3943 tione
2249 3888 2427 3958 spatia
2459 3888 2722 3958 temporis
2763 3889 3314 3944 accommodarentur
3347 3891 3414 3945 ad
3458 3907 3640 3946 rerum

2071 3978 2383 4043 utilitatem,
2415 3994 2525 4034 non
2557 3989 2737 4035 autem
2772 3996 2863 4036 res
2886 3983 3205 4038 necessario
3241 3984 3460 4038 statutis
3507 3991 3643 4037 tem-

2070 4070 2223 4138 poris
2278 4071 2531 4127 terminis
2575 4073 3020 4137 extenderentur,
3074 4081 3129 4128 et
3166 4072 3353 4128 divina
3401 4075 3641 4144 potentia

2071 4160 2306 4215 celerius
2334 4160 2477 4214 bona
2504 4161 2666 4217 nobis
2693 4161 2760 4215 ad
2791 4163 2996 4218 exitum
3029 4164 3380 4232 perducente,
3427 4165 3643 4220 termini

2073 4251 2336 4320 temporis
2367 4251 2441 4305 ita
2475 4251 2954 4317 contraherentur,
2989 4262 3048 4308 ut
3083 4269 3192 4308 non
3249 4256 3535 4325 pauciores
3561 4264 3642 4308 ta.

2071 4357 2214 4406 men,
2260 4357 2420 4411 quam
2455 4351 2566 4398 tres
2604 4343 2726 4399 dies
2782 4351 2838 4399 et
2887 4347 3116 4401 totidem
3155 4356 3345 4402 noctes
3386 4348 3643 4402 contine-

2071 4443 2212 4486 rent.
2249 4432 2404 4488 llunc
2427 4435 2572 4489 enim
2608 4450 2900 4492 numerum
2929 4439 3162 4508 mystica
3191 4447 3244 4493 et
3265 4452 3467 4492 arcana
3503 4439 3644 4492 ratio

2074 4524 2404 4592 postulabat,
2427 4540 2496 4580 ne
2516 4526 2678 4580 solita
2713 4526 2926 4582 dierum
2949 4539 3002 4582 et
3026 4528 3265 4583 noctium
3295 4529 3471 4597 spatia
3500 4529 3645 4584 cele-

393 4621 535 4691 μήτε
565 4621 636 4675 τά
680 4622 886 4692 συνήθη
927 4623 1036 4676 τῶν
1067 4623 1289 4694 ἡμερῶν
1321 4641 1379 4676 τε
1409 4624 1502 4676 καὶ
1531 4622 1738 4678 νυκτῶν
1767 4625 1968 4694 ἀναμέ-

2076 4631 2189 4671 rem
2255 4617 2454 4673 divina:
2503 4619 2726 4674 virtutis
2793 4621 3064 4676 actionem
3118 4621 3478 4677 retardarent.
3537 4623 3642 4688 Qui

391 4728 592 4764 νουσαν
619 4711 963 4784 διαστήματα
997 4714 1131 4784 πρὸς
1173 4715 1232 4768 τὸ
1260 4715 1422 4784 τάχος
1451 4715 1549 4786 τῆς
1570 4716 1847 4786 ἐνεργείας
1871 4716 1968 4786 τὴν

392 4802 546 4855 θείαν
585 4803 970 4872 ἐμποδίζεσθαι
1011 4804 1255 4876 δύναμιν.
1304 4805 1365 4860 Ὀ
1409 4807 1517 4878 γὰρ
1559 4806 1806 4872 ἐξουσίαν
1832 4805 1968 4876 ἔχων

392 4893 490 4945 καὶ
529 4891 701 4946 θεῖναι
741 4893 834 4962 ἀφ’
878 4894 1071 4947 ἑαυτοῦ
1108 4897 1208 4966 τὴν
1249 4895 1427 4967 ψυχὴν
1451 4899 1543 4951 καὶ
1566 4897 1850 4950 ἀναλαϐεῖν
1881 4897 1968 4950 ὅτε

391 4981 665 5045 ἐϐούλετο,
714 4981 960 5045 ἐξουσίαν
1009 4977 1152 5052 εἶχεν
1185 4982 1260 5046 ὡς
1309 4984 1534 5056 ποιητὴς
1583 4984 1689 5039 τῶν
1733 4985 1965 5048 αἰώνων,

390 5071 515 5142 οὐχὶ
541 5071 826 5125 δουλεῦσαι
865 5071 952 5124 διὰ
977 5072 1084 5126 τῶν
1112 5072 1285 5144 ἔργων
1310 5074 1388 5145 τῷ
1421 5075 1616 5146 χρόνῳ,
1654 5075 1788 5129 ἀλλὰ
1811 5079 1968 5146 ποι-ἵ]⁴

392 5179 485 5216 σαι
524 5163 667 5216 κατά
697 5163 767 5215 τά
790 5163 926 5234 ἔργα
952 5163 1043 5217 τὸν
1073 5165 1282 5234 χρόνον.
1333 5167 1474 5219 Ἀλλ’
1499 5167 1650 5220 οὔπω
1682 5167 1776 5220 τοῦ
1815 5167 1973 5236 μεγίά

393 5271 522 5307 στου
548 5254 657 5308 τῶν
692 5255 996 5324 κεφαλαίων
1023 5258 1050 5309 ὁ
1073 5256 1228 5324 λόγος
1258 5257 1454 5326 ἥψατο.
1493 5260 1684 5329 Ζητεῖν
1709 5259 1818 5330 γάρ
1845 5260 1970 5322 τοὺς

394 5345 892 5416 φιλομαθεστέρους
917 5347 1085 5412 εἰκὸς,
1111 5346 1228 5411 πῶς
1258 5349 1315 5400 ἐν
1341 5348 1418 5418 τῷ
1440 5349 1617 5421 χρόνῳ
1641 5350 1819 5420 τρισὶν
1845 5351 1972 5404 ἑαυ-

389 5437 484 5492 τὸν
518 5438 547 5490 ὁ
590 5439 793 5510 Κύριος
845 5439 1045 5504 δίδωσι,
1086 5442 1151 5511 τῇ
1191 5457 1253 5493 τε
1285 5440 1482 5513 καρδίᾳ
1515 5442 1613 5513 τῆς
1637 5443 1740 5511 γῆς
1768 5444 1860 5496 καὶ
1893 5441 1970 5512 τῷ

461 5614 509 5649 ³¹
541 5611 678 5668 Gen.
715 5629 754 5676 ι,
782 5615 832 5667 5.
911 5617 953 5648 ³⁸
993 5615 1180 5670 Matth.
1235 5631 1405 5680 xxv“,
1444 5617 1534 5670 45.

2071 4707 2215 4762 enim
2244 4717 2298 4763 et
2329 4710 2593 4778 ponenda:
2617 4718 2672 4766 et
2695 4726 2915 4766 rursum
2945 4715 3223 4767 sumendae
3262 4715 3476 4778 animae,
3517 4730 3642 4768 cum

2071 4799 2252 4863 vellet,
2283 4799 2520 4855 habebat
2548 4809 2895 4870 potestatem,
2922 4810 3135 4872 poterat
3166 4805 3351 4868 etiam,
3379 4812 3641 4872 tanquam

2073 4891 2396 4946 saaculorum
2433 4901 2646 4959 auctor,
2675 4892 2908 4960 efﬁcere,
2936 4902 2993 4947 ut
3025 4893 3333 4949 actionibus
3356 4894 3470 4949 suis
3506 4902 3643 4948 tem-

2075 4998 2177 5054 pus
2211 4983 2522 5047 inserviret,
2568 4999 2680 5038 nou
2719 4992 2902 5039 autem
2939 4986 3188 5040 actiones
3228 4985 3478 5053 tempori.
3536 4984 3643 5039 Sed

2075 5090 2254 5129 rerum
2286 5074 2646 5134 maximarum
2673 5083 2837 5145 caput
2873 5077 3114 5131 nondum
3142 5077 3449 5146 attigimus.
3505 5076 3641 5130 Illud

2069 5169 2212 5221 enim
2247 5183 2276 5219 a
2306 5168 2566 5224 studiosis
2595 5171 2836 5238 oportuit
2858 5169 3197 5238 investigari,
3227 5168 3501 5238 quomodo
3535 5182 3645 5222 uno

2071 5262 2370 5330 eodemque
2402 5268 2648 5332 tempore
2674 5261 2938 5318 Dominus
2978 5277 3035 5317 se
3075 5262 3254 5318 tribus
3285 5262 3372 5317 his
3411 5261 3643 5329 dederit,

2071 5349 2222 5404 cordi
2248 5357 2425 5417 terrae,
2464 5352 2718 5422 paradiso
2743 5366 2868 5406 cum
2909 5353 3145 5418 latrone,
3187 5352 3479 5420 Patrisque
3527 5366 3646 5406 ma-

2069 5443 2249 5498 nibus.
2292 5441 2427 5498 Nam
2455 5444 2520 5499 ad
2552 5443 2851 5516 pharismos
2899 5443 3150 5516 quidem,
3178 5443 3644 5514 quemadmodum,

1612 5617 1658 5649 ³³
1716 5616 1906 5671 Matth.
1949 5633 2139 5682 xxvm,
2180 5620 2229 5672 1.
