4084 6158
488 230 593 289 6-15
1228 216 1242 226 “
1685 223 1742 280 S.
1776 222 2103 279 GREGORll
2136 222 2432 281 NYSSENI
3634 227 3740 285 6l6

484 345 686 416 inquit,
712 342 888 397 Jonas
936 339 1040 411 fuit
1081 339 1136 394 in
1165 346 1341 393 ventre
1369 338 1472 392 ceti
1524 337 1693 392 tribus
1726 337 1945 392 diebus:
1982 338 2059 393 sic

2160 338 2474 410 παραδείσῳ
2525 338 2622 392 σὺν
2663 337 2742 410 τῷ
2766 338 2938 413 λῃστῇ
2968 337 3063 392 καὶ
3093 337 3212 400 ταῖς
3241 334 3523 409 πατρῴαις
3555 342 3738 411 χερσί.

468 439 587 493 erit
614 446 664 491 et
689 434 869 489 Filius
887 432 1112 486 hominis
1134 432 1191 484 in
1221 431 1376 485 corde
1396 438 1549 484 terra:
1575 429 1830 484 triduano
1849 437 2062 499 tempo-

413 586 433 603 .
486 530 564 583 ris
581 527 758 595 spatio
774 525 841 578 “.
864 525 942 578 Ad
963 524 1228 577 latronem
1247 529 1452 586 autem,
1478 518 1648 574 Hodie
1670 535 1870 572 mecum
1889 519 1991 573 eris
2009 519 2064 572 in

486 618 739 689 paradiso
752 613 796 646 ³⁸
818 633 832 682 ;
855 614 921 668 ad
939 601 1151 669 Patrem
1171 628 1322 676 vero,
1339 612 1404 666 In
1420 627 1606 665 manus
1628 621 1747 664 tuas
1760 609 2063 664 commendo

487 712 734 779 spiritum
769 722 939 761 meum
963 706 1029 760 ⁸⁸.
1063 704 1234 761 Nemo
1282 705 1427 759 cnim
1460 711 1554 757 aut
1575 702 1893 773 paradisum
1918 699 2064 770 apud

489 804 541 856 in
551 801 693 856 feros
718 817 840 857 esse
855 800 1072 865 dixerit,
1092 805 1186 853 aut
1209 797 1416 851 inferos
1439 795 1491 850 in
1510 794 1780 865 paradiso,
1800 801 1859 847 ut
1870 793 2061 848 eodem

489 901 733 960 tempore
772 890 1065 958 utrobique
1104 886 1305 950 fuerit,
1363 893 1457 939 aut
1507 884 1593 937 his
1632 882 1813 959 Patris
1869 894 2064 936 manus

489 982 740 1037 indicari.
767 982 834 1034 At
868 981 983 1034 haec
1014 979 1101 1050 pie
1135 976 1614 1033 considerantibus
1646 988 1716 1029 ne
1761 973 2062 1044 quaestione

488 1074 707 1143 quidem
737 1073 968 1126 fortasse
994 1068 1284 1124 videantur
1321 1066 1509 1137 digna.
1544 1065 1648 1131 Qui
1689 1063 1834 1119 enim
1876 1064 2061 1118 divina

487 1163 731 1232 potentia
765 1176 864 1215 sua
898 1159 1102 1228 ubique
1132 1166 1237 1223 est,
1272 1156 1319 1211 is
1339 1165 1393 1210 et
1416 1157 1583 1211 rebus
1603 1154 1756 1209 adest
1782 1153 2059 1218 omnibus,

487 1263 540 1307 et
570 1253 719 1306 nullo
741 1249 1054 1305 excluditur
1076 1249 1217 1301 loco.
1253 1245 1453 1301 Verum
1483 1261 1584 1315 ego
1605 1245 1874 1300 rationem
1897 1245 2060 1308 aliam
2086 1269 2096 1282 -

454 1353 746 1415 .przctcrea
782 1341 1000 1396 memini
1038 1354 1122 1393 tne
1149 1337 1426 1403 didicisse,
1464 1351 1630 1407 quam
1655 1337 1834 1404 vobis,
1857 1336 1905 1391 si
1938 1336 2061 1406 pla-

487 1444 593 1497 cet.
638 1432 876 1488 breviter
925 1429 1229 1501 explicabo.
1268 1426 1501 1493 Quando
1552 1426 1790 1497 Spiritus
1835 1432 2061 1481 sanctus

487 1527 543 1578 in
591 1522 873 1593 Virginem
919 1521 1089 1584 venit,
1126 1519 1288 1589 eique
1339 1517 1614 1573 Altissimi
1648 1517 1827 1573 virtus
1865 1517 2061 1572 obum-

485 1614 752 1679 bravit",
793 1621 853 1667 ut
900 1612 1065 1666 homo
1111 1625 1288 1666 novus
1329 1609 1385 1664 in
1414 1610 1536 1679 ipsa
1584 1609 1918 1679 gigneretur,
1965 1606 2060 1677 qui

2164 428 2308 496 Πρὸς
2352 429 2479 492 τοὺς
2508 428 2835 498 Φαρισαίους
2875 429 2974 497 μὲν
3001 426 3110 498 γάρ
3159 443 3346 497 φησιν,
3387 427 3471 480 ὅτι
3504 428 3740 499 Ὠσπερ

2175 518 2369 587 Ἰωνᾶς
2402 520 2521 590 μὲν
2549 518 2629 593 ἦν
2656 521 2726 574 ὲν
2760 519 2836 588 τῇ
2868 521 3066 586 κοιλίᾳ
3105 518 3212 574 τοῦ
3240 519 3500 589 κήτους,
3548 522 3741 590 οὕτως

2161 611 2333 665 ἔσται
2359 613 2458 667 καί
2482 616 2515 667 ό
2544 612 2681 679 Υἱὸς
2713 612 2822 667 τοῦ
2859 612 3174 680 ἀνθρώπου
3209 611 3280 665 ἐν
3298 611 3375 680 τῇ
3395 612 3611 682 καρδίᾳ
3629 612 3740 682 τῆς

2162 701 2294 773 γῆς,
2319 703 2459 757 κατὰ
2488 704 2549 757 τὸ
2577 705 2871 776 τριήμερον
2897 703 2991 757 τοῦ
3020 703 3210 775 χρόνου
3243 704 3519 776 διάστημα
3540 723 3555 738 .
3599 707 3741 779 πρὸς

2161 794 2252 849 τὸν
2280 794 2503 867 λῃστὴν,
2536 796 2617 849 ὅτι
2648 796 2917 865 Σήμερον
2937 794 3066 865 μετ’
3096 795 3242 865 ἐμοῦ
3264 797 3378 866 ἔσῃ
3408 797 3478 851 ὲν
3513 796 3596 864 τῷ
3627 815 3739 853 πα-

2153 882 2416 952 ραδείσῳ
2437 900 2451 916 ο
2484 883 2624 954 πρὸς
2652 882 2709 938 δέ
2733 883 2825 939 τὸν
2867 884 3107 957 Πατέρα,
3146 885 3231 938 ὅτι
3274 889 3379 953 Ε’ίς
3395 887 3601 957 χεῷάς
3618 906 3738 944 σου

2161 976 2518 1046 παρατίθημι
2557 976 2625 1030 τὸ
2664 974 2901 1047 πνεῦμὰ
2932 993 3072 1048 μου.
3108 978 3245 1033 Οὔτε
3285 981 3395 1052 γὰρ
3427 983 3485 1035 ἐν
3509 982 3740 1054 ὑποχθο-

2161 1068 2291 1133 νίοις
2314 1080 2399 1132 τις
2428 1069 2494 1123 ἂν
2531 1066 2622 1123 τὸν
2669 1070 2996 1141 παράδεισον
3015 1112 3031 1137 ,
3081 1070 3205 1125 οὔτε
3243 1074 3303 1127 έν
3334 1074 3648 1145 παραδείσῳ
3668 1076 3738 1131 τὰ

2161 1160 2455 1232 ὕποχθόνια
2478 1179 2492 1194 ·
2528 1156 2670 1216 ὥστε
2704 1163 2845 1216 κατά
2893 1162 3088 1216 ταύτὸν
3128 1164 3186 1216 ἐν
3217 1164 3549 1236 ἀμφοτέροις
3574 1165 3735 1233 εἶναι,

2160 1253 2193 1323 ἢ
2224 1257 2380 1324 χεῖρα
2401 1254 2496 1308 τοῦ
2518 1254 2727 1326 Πατρὸς
2755 1254 3007 1323 λέγεσθαι
3031 1254 3221 1310 ταῦτα.
3264 1255 3424 1310 Ἀλλά
3438 1256 3596 1310 τοῦτο
3615 1258 3734 1328 μὲν,

2161 1343 2220 1394 ἐν
2249 1346 2361 1408 τοῖς
2408 1343 2649 1408 εὐσεϐῶς
2690 1344 3059 1415 λογιζομένοις
3098 1345 3261 1416 τυχὸν
3295 1347 3417 1399 οὐδὲ
3455 1343 3738 1419 ζητήσεως

2159 1432 2326 1497 ἀξιον.
2375 1434 2433 1488 '0
2462 1434 2571 1506 γὰρ
2604 1434 2880 1506 πανταχοῦ
2908 1432 2983 1489 ὢν
3017 1435 3106 1490 διὰ
3127 1434 3228 1506 τῆς
3250 1436 3399 1500 θείας
3431 1437 3737 1509 δυνάμεως,

2160 1524 2254 1578 καὶ
2278 1523 2444 1578 παντὶ
2471 1527 2703 1601 πάρεστι
2728 1528 2822 1580 καὶ
2855 1526 3067 1589 οὐδενὸς
3093 1526 3468 1581 ἀπολείπεται.
3511 1526 3653 1597 Ἐγὼ
3677 1528 3738 1581 δὲ

2160 1616 2254 1670 καὶ
2279 1617 2465 1689 ἕτερον
2490 1612 2609 1671 οἴδα
2643 1618 2801 1687 λόγον
2834 1619 2962 1689 περὶ
2985 1617 3174 1673 τούτου
3192 1608 3415 1688 μαθὼν,
3448 1619 3510 1672 δν
3547 1619 3735 1689 βουλο-

488 1716 773 1778 propterea
818 1712 1045 1760 vocatus
1082 1710 1167 1759 est
1209 1716 1409 1768 novus,
1436 1673 1668 1772 quod-av
1701 1698 1812 1755 Deo
1860 1673 2058 1771 praeter

2168 1708 2347 1779 μένοις
2368 1673 2496 1781 ύμῖν
2520 1709 2587 1764 δι’
2609 1673 2803 1780 ὀλίγων
2827 1673 3147 1783 ἐκθήσομαι.
3173 1673 3303 1765 "Qte
3327 1673 3490 1783 ἦλθεν
3515 1673 3610 1765 ἐπὶ
3635 1711 3737 1784 τὴν

487 1802 768 1856 hominum
798 1793 1254 1853 consuetudinem
1282 1801 1501 1850 creatus
1539 1799 1645 1857 est,
1679 1799 1739 1847 ut
1782 1791 1879 1848 Dei
1909 1798 2059 1848 esset

486 1891 823 1947 domicilium
852 1903 963 1942 non
1001 1883 1379 1940 manufactum
1408 1901 1424 1953 ;
1458 1899 1638 1954 neque
1664 1882 1810 1938 enim
1850 1882 1906 1936 in
1936 1896 2056 1936 ma-

486 1983 744 2046 nufaclis,
775 1980 881 2035 hoc
905 1987 1009 2056 est,
1043 1977 1326 2033 hominum
1357 1991 1526 2047 opera
1571 1973 1911 2030 constructis
1954 1972 2054 2027 Al-

485 2077 733 2132 tissimus
762 2072 974 2126 babitat
994 2071 1063 2138 ⁸⁸,
1087 2079 1219 2125 tunc
1251 2068 1531 2139 Sapientia
1566 2068 1673 2123 sibi
1703 2067 1925 2123 domum
1958 2081 2056 2121 ex-

484 2165 789 2222 aediﬁcaute
807 2163 875 2226 ”,
908 2161 1333 2217 obumbratione
1380 2165 1645 2229 tanquam
1688 2158 1832 2230 signi
1881 2156 2057 2213 forma

485 2257 638 2311 intus
666 2252 896 2309 aediﬁcio
922 2253 1244 2318 constituto,
1293 2250 1510 2325 duabus
1534 2250 1645 2306 illis
1672 2250 1942 2321 partibus,
1989 2264 2059 2305 ex

485 2349 685 2422 quibus
715 2346 951 2401 humana
985 2350 1204 2402 constat
1240 2351 1433 2398 natura
1467 2342 1746 2414 (animum
1772 2350 1827 2398 et
1857 2355 2061 2412 corpus

486 2438 820 2512 intelligo),
871 2437 1116 2508 potentia
1164 2434 1348 2489 divina
1396 2434 1693 2505 conjuncta
1756 2441 1881 2500 est,
1939 2448 2061 2490 sese

485 2537 705 2607 utrique
731 2533 939 2605 pariter
993 2529 1382 2584 commiscens.
1418 2525 1717 2598 Oportebat
1765 2527 1935 2593 enim,
1973 2533 2057 2593 ut,

484 2643 613 2684 cum
681 2633 915 2694 utraque
974 2636 1103 2693 pars
1155 2630 1380 2691 prepter
1444 2628 1731 2689 peccatum
1787 2620 2060 2690 supplicio

485 2718 681 2774 mortis
713 2723 859 2772 esset
887 2713 1126 2770 obnoxia
1152 2711 1462 2783 (siquidem
1491 2712 1687 2766 animae
1715 2726 1867 2768 mors
1912 2721 1999 2768 est
2026 2724 2060 2766 a

400 2876 410 2888 .
484 2825 615 2866 vera
639 2812 747 2864 vita
778 2808 1075 2878 sejunctio,
1103 2804 1357 2875 corporis
1396 2812 1577 2858 autem
1625 2817 1775 2859 mors
1814 2812 1899 2859 est
1940 2804 2057 2874 ipsa

486 2903 768 2971 corruptio
816 2910 873 2955 et
935 2896 1299 2966 dissolutio),
1337 2896 1646 2966 oportebat,
1695 2896 1941 2965 inquam,
1994 2903 2057 2950 ut

486 2994 610 3048 vitae
638 2989 954 3059 conjunctio
987 2987 1056 3041 ab
1079 2994 1314 3055 utraque
1361 2992 1517 3055 parte
1562 2992 1792 3038 mortem
1824 2983 2059 3054 expelle-
2085 3009 2129 3071 α

486 3093 590 3139 ret.
623 3081 814 3151 Itaque
855 3078 1141 3133 divinitate
1171 3077 1396 3146 utrique
1436 3075 1678 3131 hominis
1718 3074 1859 3145 parti
1893 3090 2057 3145 copu-

486 3179 620 3240 lata,
655 3176 709 3229 iu
749 3183 982 3243 utraque
1011 3170 1302 3243 perspicua
1334 3167 1654 3223 excellentis
1683 3175 1892 3221 natura:
1920 3166 2062 3221 indi-

485 3271 572 3323 cia
623 3274 939 3338 patuerunt.
975 3265 1193 3334 Corpus
1227 3260 1374 3316 enim
1425 3264 1634 3312 attactu
1679 3271 1784 3313 suo
1837 3257 2059 3312 morbos

486 3375 711 3423 curans,
743 3357 1085 3413 divinitatem
1115 3368 1226 3426 pra:
1246 3368 1306 3410 se
1340 3349 1548 3406 ferebat
1574 3366 1590 3416 ;
1626 3349 1846 3404 animus
1877 3356 2059 3402 autem

487 3452 689 3520 potenti
721 3449 812 3502 illa
853 3448 1133 3502 voluntate
1174 3443 1416 3499 divinam
1445 3440 1702 3495 virtutem
1750 3439 2052 3493 indicabat.

485 3539 952 3608 Quemadmodum
986 3537 1130 3593 enim
1159 3532 1418 3605 tangendi
1451 3546 1650 3588 sensus
1682 3540 1768 3587 est
1811 3528 2060 3598 corporis

484 3635 760 3706 proprius,
796 3633 876 3688 sic
912 3630 1079 3686 animi
1111 3628 1368 3699 proprius
1395 3633 1476 3682 est
1514 3623 1815 3680 voluntatis
1856 3631 2055 3675 motus.

484 3726 711 3781 Accedit
767 3725 1019 3794 leprosus
1065 3734 1296 3791 corpore
1346 3719 1460 3788 jam
1532 3716 1837 3773 dissolutus
1896 3721 2060 3785 atque

483 3818 786 3872 confectus.
821 3814 1110 3880 Quomodo
1162 3821 1387 3867 curatur
1438 3823 1470 3862 a
1510 3807 1781 3899 Domino?
1829 3806 2059 3863 Animus

484 3910 621 3969 vult,
676 3921 880 3975 corpus
912 3904 934 3976 [
972 3904 1212 3973 attingit.
1255 3901 1501 3969 Utroque
1548 3899 1712 3953 modo
1769 3899 2060 3968 expellitur

486 4000 730 4053 morbus.
767 3996 962 4050 Statim
1003 3994 1172 4060 enim,
1199 4000 1258 4046 ut
1288 3991 1554 4061 scriptum
1586 3998 1671 4046 est
1692 3989 1761 4057 ‘°,
1807 3989 2060 4046 discessit

485 4088 692 4160 abeo]
725 4090 894 4156 lepra.
947 4085 1185 4139 Rursum
1242 4097 1368 4138 cum
1419 4090 1497 4137 tot
1544 4081 1826 4135 hominum
1884 4081 2059 4135 millia

486 4179 629 4251 apud
669 4194 728 4234 se
756 4176 1109 4232 considerent
1150 4175 1204 4229 in
1238 4173 1557 4239 solitudine,
1591 4171 1765 4229 noluit
1792 4187 1887 4228 eos
1912 4171 2059 4241 jeju-

486 4286 589 4326 nos
620 4268 913 4323 dimittere.
947 4265 1196 4320 Manibus
1234 4264 1401 4334 igitur
1453 4279 1621 4335 panes
1652 4263 1833 4335 fregit.

2162 1798 2435 1870 Παρθένον
2474 1801 2533 1854 τὸ
2567 1800 2792 1872 Πνεῦμα
2827 1801 2890 1855 τὸ
2922 1801 3098 1871 ἀγιον,
3129 1803 3224 1856 καὶ
3260 1804 3295 1874 ή
3339 1802 3433 1856 τοῦ
3476 1803 3734 1872 Ὑψίστου

2163 1889 2390 1962 δύναμις
2419 1891 2555 1964 αὐτῇ
2582 1893 2925 1958 ἐπεσκίασεν,
2958 1892 3051 1946 ἐπὶ
3075 1892 3156 1963 τῷ
3184 1894 3276 1946 τὸν
3308 1895 3495 1949 καινὸν
3524 1893 3736 1966 ἀνθρω-

2164 1996 2265 2034 πον
2305 1983 2365 2035 ἐν
2396 1982 2532 2053 αὐτῇ
2564 1984 2823 2055 συστῆναι
2849 1983 2976 2055 (τὸν
3011 1983 3100 2037 διὰ
3125 1983 3281 2037 τοῦτο
3305 1984 3491 2038 καινὸν
3522 1984 3736 2054 ὠνομα-

2166 2072 2382 2143 σμένον,
2412 2072 2493 2126 ὅντι
2522 2073 2662 2127 κατὰ
2682 2073 2813 2127 Θεὸν
2849 2073 3093 2145 ἐκτίσθη,
3131 2075 3191 2128 οὐ
3212 2074 3353 2128 κατά
3389 2074 3738 2146 ἀνθρωπίνην

2166 2163 2472 2235 συνήθειαν,
2502 2163 2644 2217 ὥστε
2693 2164 2942 2232 γενέσθαι
2983 2163 3117 2218 Θεοῦ
3151 2165 3353 2235 δοχεῖον
3394 2165 3739 2236 ἀχειροποίη-

2161 2270 2254 2307 τον
2278 2269 2294 2285 °
2328 2255 2391 2307 οὐ
2425 2255 2531 2325 γὰρ
2570 2257 2811 2309 κατοικεῖ
2835 2256 2893 2308 ἐν
2917 2257 3334 2326 χειροποιήτοις,
3359 2257 3471 2319 τοῖς
3500 2255 3609 2315 ὑπὸ
3633 2256 3735 2309 ἀν-

2161 2343 2415 2414 θρώπων,
2444 2345 2607 2414 λέγω,
2631 2346 3173 2417 κατεσκευασμένοις,
3199 2349 3228 2400 ὁ
3259 2345 3544 2417 "Td/term)
3563 2364 3578 2379 ’
3609 2347 3735 2401 τότε

2160 2435 2347 2498 αὐτοῖς
2387 2435 2478 2489 τὸν
2520 2434 2666 2490 οἶκον
2698 2437 2797 2508 τῆς
2834 2436 3031 2506 Σοφίας
3070 2435 3478 2508 οίκοδομούσης,
3528 2437 3624 2491 καὶ
3653 2437 3735 2510 τῷ

2159 2525 2262 2597 τῆς
2293 2526 2571 2598 δυνάμεως
2600 2527 3005 2598 ἀποσκιάσματι
3034 2527 3198 2580 οἱονεὶ
3239 2526 3394 2598 τύπῳ
3438 2527 3736 2599 σφραγῖδος

2161 2618 2373 2673 ἔνδοθεν
2413 2616 2957 2690 καταμορφωθέντος,
3001 2617 3122 2671 τότε
3162 2614 3513 2691 ἀμφοτέροις,
3551 2617 3619 2672 δι’
3657 2610 3737 2671 ὧν

2160 2712 2195 2782 ἡ
2228 2710 2544 2781 ἀνθρωπίνη
2579 2709 2740 2779 φύσις
2769 2710 3064 2780 συνέστηκε
3085 2709 3264 2781 (ψυχῇ
3301 2727 3363 2763 τε
3383 2752 3399 2775 ,
3435 2709 3577 2778 λέγω
3598 2749 3614 2775 ,
3639 2710 3736 2763 καὶ

2162 2801 2445 2873 σώματι),
2494 2803 2527 2872 ἡ
2570 2800 2690 2854 θεία
2742 2803 3135 2872 κατακιρνᾶται
3187 2800 3436 2873 δύναμις,
3490 2801 3737 2873 ἐκατέρῳ

2162 2893 2510 2964 καταλλήλως
2554 2893 2751 2965 ἑαυτὴν
2798 2894 3167 2966 καταμίξασα.
3252 2893 3402 2948 Ἔδει
3462 2894 3569 2965 γάρ
3627 2887 3734 2948 τῶν

2161 2984 2253 3039 δύο
2289 2984 2493 3038 τούτων
2532 2983 2622 3038 διὰ
2653 2986 2752 3057 τῆς
2791 2988 3074 3058 παρακοῆς
3109 2987 3490 3056 νεκρωθέντων
3525 2986 3734 3058 (ἐπειδὴ

2160 3078 2429 3155 νέκρωσις
2479 3071 2586 3149 ἦν,
2635 3072 2734 3147 τῆς
2781 3076 2878 3149 μὲν
2917 3077 3095 3148 ψυχῆς
3139 3080 3173 3149 ἡ
3229 3077 3330 3147 τῆς
3377 3077 3544 3141 ὅντως
3590 3076 3734 3145 ζωῆς

2159 3166 2508 3240 ἀλλοτρίωσις
2531 3185 2544 3199 ·
2564 3168 2658 3222 τοῦ
2693 3167 2939 3239 σώματος
2967 3168 3024 3222 δὲ
3053 3171 3085 3241 ή
3120 3169 3294 3241 φθορά
3320 3185 3381 3220 τε
3433 3169 3526 3222 καὶ
3559 3167 3735 3221 διάλυ-

2162 3262 2292 3330 σις),
2319 3260 2646 3333 ἀμφοτέρων
2689 3259 2893 3314 τούτων
2920 3262 2986 3331 τῇ
3022 3261 3272 3331 ἐπιμιξίᾳ
3306 3260 3404 3330 τῆς
3433 3259 3576 3328 ζωῆς
3605 3258 3738 3323 ἐξοι-

2163 3350 2418 3421 κισθῆναι
2444 3350 2535 3404 τὸν
2559 3350 2807 3405 θάνατον.
2853 3350 2998 3421 Πρὸς
3025 3350 3285 3419 ἑκάτερον
3309 3349 3486 3403 τοίνυν
3511 3349 3619 3401 τῶν
3640 3346 3734 3401 τοῦ

2161 3440 2445 3513 ἀνθρώπου
2465 3460 2575 3514 τμη
2584 3442 2769 3514 μάτων
2792 3440 3141 3514 καταλλήλως
3159 3442 3259 3514 τῆς
3287 3440 3536 3512 θεότητος
3566 3441 3633 3511 ἐμ
3645 3457 3737 3510 μι-

2160 3532 2412 3605 χθείσης,
2460 3534 2527 3587 δι’
2582 3534 2907 3606 ἀμφοτέρων
2952 3534 3181 3606 ἐπίδηλα
3230 3534 3328 3606 τῆς
3366 3533 3740 3605 ὑπερεχούσης

2161 3626 2375 3696 φύσεως
2414 3625 2484 3680 τά
2527 3625 2883 3698 γνωρίσματα
2918 3621 3007 3698 ἦν.
3072 3626 3146 3678 Τὸ
3177 3627 3275 3697 μὲν
3302 3626 3410 3695 γὰρ
3453 3626 3613 3695 σῶμα
3639 3622 3737 3694 τὴν

2159 3718 2218 3770 ἐν
2251 3716 2401 3788 αύτῷ
2433 3716 2663 3787 θεότητα
2694 3716 2784 3770 διά
2814 3717 2913 3786 τῆς
2965 3717 3109 3787 ἁφῆς
3132 3716 3231 3779 τὰς
3263 3717 3433 3779 ἰάσεις
3480 3712 3739 3785 ἐνεργοῦν

2159 3810 2519 3878 ἐπεσήμαινεδ
2537 3808 2571 3878 ἡ
2592 3806 2650 3860 δὲ
2662 3807 2903 3879 ψυχὴτῷ
2921 3807 3131 3878 δυνατῷ
3152 3807 3342 3876 ἐκείνῳ
3361 3806 3625 3877 θελήματι
3642 3808 3738 3877 τὴν

2160 3899 2311 3954 θείαν
2347 3897 2680 3954 ἐνεδείκνυτο
2717 3899 2964 3969 δύναμιν.
3028 3899 3238 3969 Ὥσπερ
3270 3899 3378 3969 γὰρ
3412 3899 3611 3968 ἡκατά
3640 3898 3738 3968 τὴν

2159 3990 2303 4061 ἁφὴν
2331 3988 2581 4058 αἴσθησις
2605 3986 2701 4042 τοῦ
2731 3988 2980 4060 σώματός
3002 3991 3149 4042 ἐστιν
3183 3989 3309 4055 ίδία,
3334 3987 3476 4041 οὓτω
3504 3988 3601 4041 καὶ
3633 3989 3736 4057 τῆς

2158 4082 2338 4154 ψυχῆς
2386 4084 2419 4152 ὴ
2462 4080 2602 4135 κατὰ
2648 4082 2967 4154 προαίρεσιν
3007 4081 3241 4152 κίνησις.
3306 4080 3671 4151 Προσέρχεται
3706 4082 3737 4133 ὁ

2158 4175 2359 4247 λεπρὸς
2387 4172 2726 4246 διεῤῥυηκὼς
2756 4173 2858 4245 ἤδη
2886 4175 2981 4228 καί¹
3007 4173 3375 4245 ἠχρειωμένος
3394 4174 3473 4242 τῷ
3501 4173 3732 4243 σώματι.

2160 4264 2285 4328 Πῶς
2313 4265 2522 4334 γίνεται
2562 4264 2654 4318 ἐπὶ
2691 4263 2880 4318 τούτου
2921 4265 3072 4336 παρά
3113 4264 3208 4317 τοῦ
3242 4247 3447 4334 Κυρίου
3489 4265 3521 4334 ἡ
3555 4265 3733 4328 ίασιςς

495 4361 561 4415 Ἦ
582 4359 728 4431 ψυχὴ
757 4357 900 4411 θέλει
928 4358 1023 4412 καὶ
1054 4356 1116 4409 τὸ
1143 4355 1302 4427 σῶμα
1397 4394 1412 4410 .
1438 4357 1472 4427 ὴ
1503 4355 1699 4426 λέπρα.
1742 4356 1914 4410 Πάλιν
1937 4356 2064 4421 τοὺς
2100 4360 2158 4413 ἐν
2186 4357 2405 4420 πολλαῖς
2436 4355 2641 4427 χιλιάσι
2663 4354 2807 4410 κατά
2822 4355 2919 4425 τὴν
2948 4354 3153 4427 ἔρημον
3207 4353 3355 4425 αὐτῷ
3410 4350 3707 4424 προσεδρεύ

487 4466 705 4514 σαντας,
751 4447 1016 4501 ἀπολῦσαι
1057 4446 1154 4517 μὲν
1202 4447 1420 4515 νήστεις
1476 4446 1535 4498 οὐ
1567 4445 1747 4498 θέλει⁸
1794 4448 1916 4510 ταῖς
1974 4448 2131 4519 χερσὶ
2165 4444 2222 4501 δέ
2254 4447 2537 4501 διακλᾶται
2557 4448 2680 4510 τοὺς
2709 4446 2925 4516 ἄρτους.

557 4541 721 4597 Vides
758 4539 1032 4612 quomodo
1093 4537 1349 4593 divinitas
1396 4537 1614 4607 utrique
1646 4537 1785 4606 parti
1832 4539 2057 4608 conjun-
2090 4543 2133 4597 D

484 4641 573 4688 cla
606 4647 702 4703 per
727 4640 1015 4700 utramque
1041 4626 1374 4690 declaratur,
1418 4640 1544 4680 cum
1578 4634 1634 4680 et
1676 4641 1877 4696 corpus
1911 4635 2058 4698 agat,

483 4735 539 4781 et
593 4725 810 4779 animus
846 4723 1018 4778 velit?
1074 4719 1271 4776 Verum
1321 4734 1430 4773 non
1476 4727 1561 4773 est
1589 4733 1815 4773 necesse
1883 4726 1941 4773 ut
1972 4734 2061 4776 res

485 4831 678 4871 omnes
726 4813 1072 4868 admirandas
1120 4812 1309 4866 eodem
1344 4818 1502 4880 pacto
1558 4809 1827 4881 perfectas
1869 4826 2062 4866 recen-

487 4923 724 4965 seamus.
760 4905 900 4960 Sunt
933 4905 1077 4960 enim
1116 4903 1371 4958 omnibus
1409 4910 1570 4957 notae.
1597 4901 1960 4969 Quamobrem
1991 4902 2060 4959 ad

487 5000 563 5064 id,
589 4999 747 5068 cujus
779 4999 949 5067 gratia
984 4997 1099 5050 haec
1130 5010 1622 5050 commemoramus
1644 5036 1658 5061 ,
1701 5001 2058 5050 revertemur.

487 5091 771 5159 Quomodo
837 5089 1027 5144 eodem
1069 5097 1315 5157 tempore
1352 5095 1405 5141 et
1465 5087 1605 5156 apud
1645 5086 1869 5150 inferos,
1906 5096 1960 5141 et
2007 5088 2061 5142 in

487 5185 741 5254 paradiso
767 5182 1027 5237 Dominus
1069 5180 1254 5245 fuerit,
1306 5178 1588 5248 quzeritur.
1637 5179 1806 5247 Cujus
1842 5181 2060 5248 quidem

486 5276 804 5346 qumstionis
824 5290 929 5327 una
953 5273 1152 5329 solutio
1175 5279 1277 5335 cst,
1314 5278 1374 5324 ut
1403 5269 1673 5334 dicamus,
1703 5271 1836 5324 nihil
1879 5272 2059 5325 avium

489 5376 582 5421 aut
612 5367 954 5420 inaccessqu
993 5379 1114 5419 esse
1139 5362 1266 5428 Deo,
1300 5361 1354 5416 in
1381 5375 1490 5432 quo
1523 5361 1704 5416 omnia
1728 5363 2057 5418 consistunt.

2242 4531 2403 4609 Ὁρᾷς
2448 4536 2566 4601 πῶς
2603 4537 2670 4590 δι’
2695 4537 3077 4608 ἀμφοτέρωνή
3111 4538 3169 4590 ἐν
3206 4536 3451 4608 ἐκατέρῳ
3482 4553 3737 4609 συμπαρ-

2162 4629 2477 4700 ομαρτοῦσα
2518 4628 2708 4699 θεότης
2747 4628 3131 4699 δημοσιεύεται
3156 4668 3170 4693 ,
3200 4628 3280 4699 τῷ
3326 4645 3385 4682 τε
3424 4628 3737 4699 ἐνεργοῦντι

2159 4722 2391 4794 σώματι,
2430 4722 2525 4774 καὶ
2565 4722 2634 4793 τῇ
2662 4719 2807 4793 ὁρμῇ
2851 4721 2944 4774 τοῦ
2978 4723 3036 4777 ἐν
3069 4724 3136 4794 τῇ
3166 4720 3308 4793 ψυχῇ
3336 4721 3618 4793 γινομένου
3646 4720 3735 4775 θε-

2157 4812 2417 4883 λήματος.
2462 4812 2572 4865 Kal
2593 4810 2647 4867 τί
2696 4813 2800 4884 χρὴ
2835 4810 3013 4866 πάντα
3038 4808 3288 4878 διεξιέναι
3319 4812 3457 4865 αὐτά
3483 4809 3738 4883 θαύματα

2157 4902 2526 4974 ὁμοιοτρόπως
2576 4900 3003 4973 ἐπιτελούμενα,
3049 4905 3161 4967 τοῖς
3200 4902 3481 4973 προδήλοις
3515 4905 3737 4974 ἐνασχοο

2159 4995 2354 5050 λοῦντα
2401 4996 2494 5050 τὸν
2545 4996 2739 5066 λόγονς
2789 4997 2928 5051 Ἀλλ’
2969 4991 3031 5052 οὗ
3073 4997 3230 5069 χάριν
3278 4996 3387 5049 τῶν
3429 4995 3737 5068 εἰρημένων

2160 5087 2458 5159 ἐμνήσθην,
2500 5089 2636 5161 πρὸς
2678 5091 2853 5143 έκεῖνο
2876 5089 2970 5144 καὶ
3013 5089 3407 5161 μεταϐήσομαι.
3443 5086 3568 5152 Πῶς
3595 5088 3737 5142 κατά

2158 5180 2353 5233 ταύτὸν
2393 5181 2487 5235 καὶ
2516 5183 2575 5233 ἐν
2618 5180 2696 5252 τῷ
2740 5180 2839 5252 ᾄδῃ
2879 5181 2974 5236 καὶ
3004 5184 3061 5236 ἐν
3094 5181 3171 5253 τῷ
3202 5180 3512 5252 παραδείσῳ
3556 5182 3585 5233 ὁ
3632 5180 3737 5232 Κύ-

2162 5288 2276 5341 ριος
2300 5289 2314 5338 ;
2340 5266 2412 5326 0³5
2446 5272 2759 5343 ζητήματος
2784 5272 2938 5337 λύσις
2965 5273 3082 5327 ἐστὶ
3110 5272 3227 5344 μία,
3254 5272 3314 5326 τὸ
3346 5270 3515 5343 μηδὲν
3539 5270 3733 5325 ἄϐατον

2158 5358 2296 5415 εἶναι
2328 5362 2473 5435 Θεῷ,
2526 5365 2583 5418 ἐν
2623 5358 2668 5433 ᾧ
2709 5365 2776 5419 τὰ
2822 5365 2997 5420 πάντα
3026 5365 3371 5435 συνέστηκεν.
3435 5361 3633 5434 Ἑτέρα
3677 5360 3731 5413 δὲ

560 5565 606 5637 'f
635 5564 822 5619 Matth.
859 5582 958 5629 xtt,
993 5566 1083 5622 40.
1162 5567 1213 5637 ³⁸ί
1241 5565 1372 5628 Luc,
1429 5581 1583 5627 χχιιι,
1634 5566 1723 5621 45.
1800 5568 1849 5601 ⁸⁸
1873 5568 2026 5636 Ibid,
2060 5602 2062 5610 ι

2225 5570 2268 5603 ³⁷
2295 5569 2426 5625 Luc.
2460 5587 2497 5637 l,
2546 5571 2633 5627 55.
2716 5571 2758 5605 ³⁸
2786 5570 2906 5627 Act.
2951 5585 3081 5635 xvn,
3114 5568 3204 5624 24.
3280 5568 3325 5601 ³³
3362 5567 3520 5622 Prov.
3569 5581 3645 5630 ut.
3680 5562 3727 5617 l.

489 5634 535 5667 “
566 5635 754 5690 Matth.
801 5653 916 5704 vttt,
958 5638 1015 5693 3.
1091 5637 1131 5670 δι
1174 5636 1363 5691 Matth.
1398 5652 1488 5702 xv,
1519 5636 1586 5690 5‘2
1614 5654 1733 5706 sqq.
