  <div class='ocr_page' id='page_1' title='image "/cluster/home/n/w/nwhite01/storage/ocr_20150623/46/mdp.39015011915447/316.png"; bbox 0 0 4084 6158; ppageno 0'>
   <div class='ocr_carea' id='block_1_1' title="bbox 301 326 406 380">
    <p class='ocr_par' dir='ltr' id='par_1_1' title="bbox 301 326 406 380">
     <span class='ocr_line' id='line_1_1' title="bbox 301 326 406 380; baseline -0.019 0"><span class='ocrx_word' id='word_1_1' title='bbox 301 326 406 380; x_wconf 77' lang='grc'><strong>617</strong></span> 
     </span>
    </p>
   </div>
   <div class='ocr_carea' id='block_1_2' title="bbox 1252 325 2635 387">
    <p class='ocr_par' dir='ltr' id='par_1_2' title="bbox 1252 325 2635 387">
     <span class='ocr_line' id='line_1_2' title="bbox 1252 325 2635 387; baseline -0.001 -2"><span class='ocrx_word' id='word_1_2' title='bbox 1252 329 1317 386; x_wconf 84' lang='lat' dir='ltr'><strong>IN</strong></span> <span class='ocrx_word' id='word_1_3' title='bbox 1361 329 1635 387; x_wconf 80' lang='lat' dir='ltr'><strong>CHRISTI</strong></span> <span class='ocrx_word' id='word_1_4' title='bbox 1676 325 2307 385; x_wconf 78' lang='lat' dir='ltr'><strong>RESURRECTIONEM</strong></span> <span class='ocrx_word' id='word_1_5' title='bbox 2347 330 2554 387; x_wconf 85' lang='lat' dir='ltr'><strong>ORAT.</strong></span> <span class='ocrx_word' id='word_1_6' title='bbox 2594 330 2635 384; x_wconf 93' lang='grc'><strong>1.</strong></span> 
     </span>
    </p>
   </div>
   <div class='ocr_carea' id='block_1_3' title="bbox 3463 326 3568 382">
    <p class='ocr_par' dir='ltr' id='par_1_3' title="bbox 3463 326 3568 382">
     <span class='ocr_line' id='line_1_3' title="bbox 3463 326 3568 382; baseline 0.029 -4"><span class='ocrx_word' id='word_1_7' title='bbox 3463 326 3568 382; x_wconf 76' lang='grc'><strong>618</strong></span> 
     </span>
    </p>
   </div>
   <div class='ocr_carea' id='block_1_4' title="bbox 217 423 1881 518">
    <p class='ocr_par' dir='ltr' id='par_1_4' title="bbox 217 423 1873 518">
     <span class='ocr_line' id='line_1_4' title="bbox 217 423 1873 518; baseline 0.002 -24"><span class='ocrx_word' id='word_1_8' title='bbox 217 423 220 426; x_wconf 32' lang='grc'><strong>’</strong></span> <span class='ocrx_word' id='word_1_9' title='bbox 299 442 438 513; x_wconf 69' lang='grc' dir='ltr'>πρὴς</span> <span class='ocrx_word' id='word_1_10' title='bbox 465 441 532 513; x_wconf 78' lang='grc' dir='ltr'>ἢν</span> <span class='ocrx_word' id='word_1_11' title='bbox 566 439 658 494; x_wconf 91' lang='grc' dir='ltr'><strong>νῦν</strong></span> <span class='ocrx_word' id='word_1_12' title='bbox 685 442 714 495; x_wconf 99' lang='lat'><strong>6</strong></span> <span class='ocrx_word' id='word_1_13' title='bbox 742 441 897 512; x_wconf 83' lang='grc' dir='ltr'>λόγος</span> <span class='ocrx_word' id='word_1_14' title='bbox 926 444 1112 516; x_wconf 81' lang='grc' dir='ltr'><strong>βλέπει</strong></span> <span class='ocrx_word' id='word_1_15' title='bbox 1137 463 1149 475; x_wconf 91' lang='grc'><strong>·</strong></span> <span class='ocrx_word' id='word_1_16' title='bbox 1182 446 1265 499; x_wconf 86' lang='grc' dir='ltr'>ὄτι</span> <span class='ocrx_word' id='word_1_17' title='bbox 1304 447 1424 500; x_wconf 82' lang='grc' dir='ltr'><strong>ὅλον</strong></span> <span class='ocrx_word' id='word_1_18' title='bbox 1470 449 1562 501; x_wconf 69' lang='grc' dir='ltr'>τὸν</span> <span class='ocrx_word' id='word_1_19' title='bbox 1588 447 1873 518; x_wconf 81' lang='grc' dir='ltr'>ἄνθρωπον</span> 
     </span>
    </p>
   </div>
   <div class='ocr_carea' id='block_1_5' title="bbox 1985 423 3564 518">
    <p class='ocr_par' dir='ltr' id='par_1_5' title="bbox 1985 443 3564 516">
     <span class='ocr_line' id='line_1_5' title="bbox 1985 443 3564 516; baseline -0.001 -18"><span class='ocrx_word' id='word_1_20' title='bbox 1985 447 2163 502; x_wconf 72' lang='lat' dir='ltr'><strong>Altera</strong></span> <span class='ocrx_word' id='word_1_21' title='bbox 2199 448 2398 502; x_wconf 91' lang='lat' dir='ltr'><strong>solutio</strong></span> <span class='ocrx_word' id='word_1_22' title='bbox 2435 457 2520 503; x_wconf 90' lang='lat' dir='ltr'><strong>est</strong></span> <span class='ocrx_word' id='word_1_23' title='bbox 2545 447 2660 510; x_wconf 92' lang='lat' dir='ltr'><strong>illa,</strong></span> <span class='ocrx_word' id='word_1_24' title='bbox 2683 445 2748 500; x_wconf 88' lang='lat' dir='ltr'><strong>ad</strong></span> <span class='ocrx_word' id='word_1_25' title='bbox 2775 460 2938 516; x_wconf 90' lang='lat' dir='ltr'><strong>quam</strong></span> <span class='ocrx_word' id='word_1_26' title='bbox 2969 458 3112 499; x_wconf 74' lang='lat' dir='ltr'><strong>nunc</strong></span> <span class='ocrx_word' id='word_1_27' title='bbox 3146 443 3325 498; x_wconf 89' lang='lat' dir='ltr'><strong>oratio</strong></span> <span class='ocrx_word' id='word_1_28' title='bbox 3377 452 3564 498; x_wconf 85' lang='lat' dir='ltr'><strong>nostra</strong></span> 
     </span>
    </p>
   </div>
   <div class='ocr_carea' id='block_1_6' title="bbox 294 530 1882 608">
    <p class='ocr_par' dir='ltr' id='par_1_6' title="bbox 294 530 1882 608">
     <span class='ocr_line' id='line_1_6' title="bbox 294 530 1882 608; baseline 0.004 -26"><span class='ocrx_word' id='word_1_29' title='bbox 294 531 392 583; x_wconf 86' lang='grc' dir='ltr'><strong>τοῦ</strong></span> <span class='ocrx_word' id='word_1_30' title='bbox 424 530 558 584; x_wconf 82' lang='grc' dir='ltr'>Θεοῦ</span> <span class='ocrx_word' id='word_1_31' title='bbox 604 531 690 585; x_wconf 80' lang='grc' dir='ltr'><strong>διὰ</strong></span> <span class='ocrx_word' id='word_1_32' title='bbox 739 533 842 602; x_wconf 73' lang='grc' dir='ltr'>τῆς</span> <span class='ocrx_word' id='word_1_33' title='bbox 871 535 1006 606; x_wconf 72' lang='grc' dir='ltr'>πρὸς</span> <span class='ocrx_word' id='word_1_34' title='bbox 1031 537 1223 590; x_wconf 79' lang='grc' dir='ltr'>ἑαυτὸν</span> <span class='ocrx_word' id='word_1_35' title='bbox 1275 537 1627 608; x_wconf 73' lang='grc' dir='ltr'><strong>ἀνακράσεως</strong></span> <span class='ocrx_word' id='word_1_36' title='bbox 1665 538 1746 601; x_wconf 88' lang='grc' dir='ltr'><strong>είς</strong></span> <span class='ocrx_word' id='word_1_37' title='bbox 1783 537 1882 607; x_wconf 81' lang='grc' dir='ltr'><strong>τὴν</strong></span> 
     </span>
    </p>
   </div>
   <div class='ocr_carea' id='block_1_7' title="bbox 297 624 1883 702">
    <p class='ocr_par' dir='ltr' id='par_1_7' title="bbox 297 624 1883 702">
     <span class='ocr_line' id='line_1_7' title="bbox 297 624 1883 702; baseline 0.004 -26"><span class='ocrx_word' id='word_1_38' title='bbox 297 624 449 679; x_wconf 89' lang='grc' dir='ltr'>θείαν</span> <span class='ocrx_word' id='word_1_39' title='bbox 481 624 642 694; x_wconf 88' lang='grc' dir='ltr'>φύσιν</span> <span class='ocrx_word' id='word_1_40' title='bbox 670 629 1198 694; x_wconf 82' lang='grc' dir='ltr'>μετασκευάσαντος,</span> <span class='ocrx_word' id='word_1_41' title='bbox 1231 631 1289 684; x_wconf 84' lang='grc' dir='ltr'><strong>ὲν</strong></span> <span class='ocrx_word' id='word_1_42' title='bbox 1313 629 1392 700; x_wconf 82' lang='grc' dir='ltr'>τῷ</span> <span class='ocrx_word' id='word_1_43' title='bbox 1419 630 1598 702; x_wconf 86' lang='grc' dir='ltr'>καιρῷ</span> <span class='ocrx_word' id='word_1_44' title='bbox 1616 631 1714 700; x_wconf 82' lang='grc' dir='ltr'>τῆς</span> <span class='ocrx_word' id='word_1_45' title='bbox 1743 631 1883 684; x_wconf 88' lang='grc' dir='ltr'><strong>κατά</strong></span> 
     </span>
    </p>
   </div>
   <div class='ocr_carea' id='block_1_8' title="bbox 296 715 1884 793">
    <p class='ocr_par' dir='ltr' id='par_1_8' title="bbox 296 715 1884 793">
     <span class='ocr_line' id='line_1_8' title="bbox 296 715 1884 793; baseline 0.004 -25"><span class='ocrx_word' id='word_1_46' title='bbox 296 716 356 768; x_wconf 89' lang='grc' dir='ltr'><strong>τὸ</strong></span> <span class='ocrx_word' id='word_1_47' title='bbox 384 715 556 779; x_wconf 87' lang='grc' dir='ltr'>πάθος</span> <span class='ocrx_word' id='word_1_48' title='bbox 599 718 912 788; x_wconf 77' lang='grc' dir='ltr'>οἰκονομίας</span> <span class='ocrx_word' id='word_1_49' title='bbox 942 719 1003 773; x_wconf 86' lang='grc' dir='ltr'><strong>ού</strong></span> <span class='ocrx_word' id='word_1_50' title='bbox 1036 719 1266 788; x_wconf 85' lang='grc' dir='ltr'>θατέρου</span> <span class='ocrx_word' id='word_1_51' title='bbox 1299 721 1495 793; x_wconf 85' lang='grc' dir='ltr'>μέρους</span> <span class='ocrx_word' id='word_1_52' title='bbox 1535 721 1596 774; x_wconf 82' lang='grc' dir='ltr'><strong>τὸ</strong></span> <span class='ocrx_word' id='word_1_53' title='bbox 1623 721 1770 786; x_wconf 82' lang='grc' dir='ltr'>ἆ-παξ</span> <span class='ocrx_word' id='word_1_54' title='bbox 1794 722 1884 789; x_wconf 85' lang='grc' dir='ltr'><strong>ὲγ-</strong></span> 
     </span>
    </p>
   </div>
   <div class='ocr_carea' id='block_1_9' title="bbox 297 805 1879 882">
    <p class='ocr_par' dir='ltr' id='par_1_9' title="bbox 297 805 1879 882">
     <span class='ocr_line' id='line_1_9' title="bbox 297 805 1879 882; baseline 0.005 -25"><span class='ocrx_word' id='word_1_55' title='bbox 297 805 498 878; x_wconf 80' lang='grc' dir='ltr'>κραθὲν</span> <span class='ocrx_word' id='word_1_56' title='bbox 534 806 886 878; x_wconf 83' lang='grc' dir='ltr'>ἀνεχώρησεν</span> <span class='ocrx_word' id='word_1_57' title='bbox 917 808 1336 881; x_wconf 84' lang='grc' dir='ltr'>(ἀμεταμέλητα</span> <span class='ocrx_word' id='word_1_58' title='bbox 1357 811 1465 882; x_wconf 84' lang='grc' dir='ltr'>γὰρ</span> <span class='ocrx_word' id='word_1_59' title='bbox 1495 810 1589 864; x_wconf 89' lang='grc' dir='ltr'><strong>τοῦ</strong></span> <span class='ocrx_word' id='word_1_60' title='bbox 1619 811 1752 864; x_wconf 84' lang='grc' dir='ltr'>Θεοῦ</span> <span class='ocrx_word' id='word_1_61' title='bbox 1808 811 1879 865; x_wconf 78' lang='grc' dir='ltr'>τὰ</span> 
     </span>
    </p>
   </div>
   <div class='ocr_carea' id='block_1_10' title="bbox 295 898 1880 977">
    <p class='ocr_par' dir='ltr' id='par_1_10' title="bbox 295 898 1880 977">
     <span class='ocr_line' id='line_1_10' title="bbox 295 898 1880 977; baseline 0.006 -27"><span class='ocrx_word' id='word_1_62' title='bbox 295 898 668 970; x_wconf 81' lang='grc' dir='ltr'>χαρίσματα)·</span> <span class='ocrx_word' id='word_1_63' title='bbox 723 901 859 955; x_wconf 79' lang='grc' dir='ltr'>ἀλλὰ</span> <span class='ocrx_word' id='word_1_64' title='bbox 900 903 997 973; x_wconf 83' lang='grc' dir='ltr'><strong>τὴν</strong></span> <span class='ocrx_word' id='word_1_65' title='bbox 1038 904 1138 974; x_wconf 80' lang='grc' dir='ltr'><strong>μὲν</strong></span> <span class='ocrx_word' id='word_1_66' title='bbox 1168 903 1350 975; x_wconf 70' lang='grc' dir='ltr'>ψυχὴν</span> <span class='ocrx_word' id='word_1_67' title='bbox 1397 904 1492 958; x_wconf 91' lang='grc' dir='ltr'><strong>τοῦ</strong></span> <span class='ocrx_word' id='word_1_68' title='bbox 1538 905 1809 975; x_wconf 87' lang='grc' dir='ltr'>σώματος,</span> <span class='ocrx_word' id='word_1_69' title='bbox 1847 907 1880 977; x_wconf 82' lang='grc' dir='ltr'>ή</span> 
     </span>
    </p>
   </div>
   <div class='ocr_carea' id='block_1_11' title="bbox 297 990 1882 1067">
    <p class='ocr_par' dir='ltr' id='par_1_11' title="bbox 297 990 1882 1067">
     <span class='ocr_line' id='line_1_11' title="bbox 297 990 1882 1067; baseline 0.004 -25"><span class='ocrx_word' id='word_1_70' title='bbox 297 990 486 1058; x_wconf 83' lang='grc' dir='ltr'>θεότης</span> <span class='ocrx_word' id='word_1_71' title='bbox 518 991 780 1054; x_wconf 82' lang='grc' dir='ltr'>ἑκουσίως</span> <span class='ocrx_word' id='word_1_72' title='bbox 802 991 1096 1060; x_wconf 77' lang='grc' dir='ltr'>διέζευξεν,</span> <span class='ocrx_word' id='word_1_73' title='bbox 1131 995 1330 1066; x_wconf 80' lang='grc' dir='ltr'>ἑαυτὴν</span> <span class='ocrx_word' id='word_1_74' title='bbox 1369 995 1425 1049; x_wconf 84' lang='grc' dir='ltr'>δὲ</span> <span class='ocrx_word' id='word_1_75' title='bbox 1458 997 1515 1049; x_wconf 83' lang='grc' dir='ltr'>ὲν</span> <span class='ocrx_word' id='word_1_76' title='bbox 1551 995 1882 1067; x_wconf 70' lang='grc' dir='ltr'>ἀμφοτέροις</span> 
     </span>
    </p>
   </div>
   <div class='ocr_carea' id='block_1_12' title="bbox 299 1081 1880 1159">
    <p class='ocr_par' dir='ltr' id='par_1_12' title="bbox 299 1081 1880 1159">
     <span class='ocr_line' id='line_1_12' title="bbox 299 1081 1880 1159; baseline 0.004 -24"><span class='ocrx_word' id='word_1_77' title='bbox 299 1082 566 1153; x_wconf 78' lang='grc' dir='ltr'>μένουσαν</span> <span class='ocrx_word' id='word_1_78' title='bbox 598 1083 817 1148; x_wconf 75' lang='grc' dir='ltr'>ἔδειξεν.</span> <span class='ocrx_word' id='word_1_79' title='bbox 882 1085 982 1138; x_wconf 89' lang='grc' dir='ltr'><strong>Διὰ</strong></span> <span class='ocrx_word' id='word_1_80' title='bbox 1024 1087 1120 1156; x_wconf 87' lang='grc' dir='ltr'>μὲν</span> <span class='ocrx_word' id='word_1_81' title='bbox 1155 1087 1265 1159; x_wconf 86' lang='grc' dir='ltr'>γὰρ</span> <span class='ocrx_word' id='word_1_82' title='bbox 1317 1087 1406 1140; x_wconf 86' lang='grc' dir='ltr'><strong>τοῦ</strong></span> <span class='ocrx_word' id='word_1_83' title='bbox 1451 1086 1719 1158; x_wconf 85' lang='grc' dir='ltr'>σώματος,</span> <span class='ocrx_word' id='word_1_84' title='bbox 1753 1089 1812 1141; x_wconf 84' lang='grc' dir='ltr'>ὲν</span> 
     </span>
    </p>
   </div>
   <div class='ocr_carea' id='block_1_13' title="bbox 295 1174 1878 1254">
    <p class='ocr_par' dir='ltr' id='par_1_13' title="bbox 295 1174 1878 1254">
     <span class='ocr_line' id='line_1_13' title="bbox 295 1174 1878 1254; baseline 0.006 -28"><span class='ocrx_word' id='word_1_85' title='bbox 295 1174 394 1245; x_wconf 81' lang='grc' dir='ltr'>τὴν</span> <span class='ocrx_word' id='word_1_86' title='bbox 427 1176 492 1228; x_wconf 83' lang='grc' dir='ltr'><strong>ἐκ</strong></span> <span class='ocrx_word' id='word_1_87' title='bbox 513 1175 607 1228; x_wconf 90' lang='grc' dir='ltr'><strong>τοῦ</strong></span> <span class='ocrx_word' id='word_1_88' title='bbox 627 1175 858 1230; x_wconf 83' lang='grc' dir='ltr'>Θανάτου</span> <span class='ocrx_word' id='word_1_89' title='bbox 890 1179 1240 1250; x_wconf 76' lang='grc' dir='ltr'>καταφθορὰν</span> <span class='ocrx_word' id='word_1_90' title='bbox 1269 1180 1370 1234; x_wconf 82' lang='grc' dir='ltr'><strong>οὐκ</strong></span> <span class='ocrx_word' id='word_1_91' title='bbox 1402 1181 1638 1248; x_wconf 71' lang='grc' dir='ltr'>ἐδέξατο,</span> <span class='ocrx_word' id='word_1_92' title='bbox 1669 1184 1878 1254; x_wconf 82' lang='grc' dir='ltr'>κατήρ-</span> 
     </span>
    </p>
   </div>
   <div class='ocr_carea' id='block_1_14' title="bbox 296 1263 1882 1343">
    <p class='ocr_par' dir='ltr' id='par_1_14' title="bbox 296 1263 1882 1343">
     <span class='ocr_line' id='line_1_14' title="bbox 296 1263 1882 1343; baseline 0.009 -30"><span class='ocrx_word' id='word_1_93' title='bbox 296 1281 435 1334; x_wconf 84' lang='grc' dir='ltr'>γησε</span> <span class='ocrx_word' id='word_1_94' title='bbox 484 1263 575 1317; x_wconf 82' lang='grc' dir='ltr'>τὸν</span> <span class='ocrx_word' id='word_1_95' title='bbox 621 1265 813 1336; x_wconf 79' lang='grc' dir='ltr'>ἔχοντα</span> <span class='ocrx_word' id='word_1_96' title='bbox 839 1266 933 1320; x_wconf 86' lang='grc' dir='ltr'><strong>τοῦ</strong></span> <span class='ocrx_word' id='word_1_97' title='bbox 965 1267 1194 1323; x_wconf 88' lang='grc' dir='ltr'>θανάτου</span> <span class='ocrx_word' id='word_1_98' title='bbox 1226 1270 1286 1323; x_wconf 79' lang='grc' dir='ltr'><strong>τὸ</strong></span> <span class='ocrx_word' id='word_1_99' title='bbox 1316 1271 1535 1340; x_wconf 87' lang='grc' dir='ltr'>κράτος,</span> <span class='ocrx_word' id='word_1_100' title='bbox 1582 1272 1668 1326; x_wconf 75' lang='grc' dir='ltr'><strong>διὰ</strong></span> <span class='ocrx_word' id='word_1_101' title='bbox 1702 1272 1759 1326; x_wconf 82' lang='grc' dir='ltr'>δὲ</span> <span class='ocrx_word' id='word_1_102' title='bbox 1779 1274 1882 1343; x_wconf 80' lang='grc' dir='ltr'>τῆς</span> 
     </span>
    </p>
   </div>
   <div class='ocr_carea' id='block_1_15' title="bbox 293 1341 1880 1434">
    <p class='ocr_par' dir='ltr' id='par_1_15' title="bbox 293 1341 1880 1434">
     <span class='ocr_line' id='line_1_15' title="bbox 293 1341 1880 1434; baseline 0.006 -25"><span class='ocrx_word' id='word_1_103' title='bbox 293 1357 472 1428; x_wconf 70' lang='grc' dir='ltr'>ψυχῆς</span> <span class='ocrx_word' id='word_1_104' title='bbox 500 1357 800 1428; x_wconf 82' lang='grc' dir='ltr'>ὡδοποίησε</span> <span class='ocrx_word' id='word_1_105' title='bbox 845 1359 924 1430; x_wconf 82' lang='grc' dir='ltr'>τῷ</span> <span class='ocrx_word' id='word_1_106' title='bbox 964 1360 1132 1433; x_wconf 80' lang='grc' dir='ltr'>λῃστῇ</span> <span class='ocrx_word' id='word_1_107' title='bbox 1172 1363 1269 1433; x_wconf 80' lang='grc' dir='ltr'>τὴν</span> <span class='ocrx_word' id='word_1_108' title='bbox 1307 1363 1400 1416; x_wconf 75' lang='grc' dir='ltr'>ἐπὶ</span> <span class='ocrx_word' id='word_1_109' title='bbox 1428 1363 1520 1416; x_wconf 83' lang='grc' dir='ltr'><strong>τὸν</strong></span> <span class='ocrx_word' id='word_1_110' title='bbox 1554 1341 1880 1434; x_wconf 74' lang='grc' dir='ltr'>παράδεισον</span> 
     </span>
    </p>
   </div>
   <div class='ocr_carea' id='block_1_16' title="bbox 293 1450 1880 1528">
    <p class='ocr_par' dir='ltr' id='par_1_16' title="bbox 293 1450 1880 1528">
     <span class='ocr_line' id='line_1_16' title="bbox 293 1450 1880 1528; baseline 0.004 -25"><span class='ocrx_word' id='word_1_111' title='bbox 293 1450 499 1503; x_wconf 78' lang='grc' dir='ltr'>εἴσοδον</span> <span class='ocrx_word' id='word_1_112' title='bbox 520 1467 535 1482; x_wconf 75' lang='grc' dir='ltr'><strong>ο</strong></span> <span class='ocrx_word' id='word_1_113' title='bbox 585 1451 677 1503; x_wconf 73' lang='grc' dir='ltr'>καὶ</span> <span class='ocrx_word' id='word_1_114' title='bbox 699 1451 767 1504; x_wconf 80' lang='grc' dir='ltr'>τὰ</span> <span class='ocrx_word' id='word_1_115' title='bbox 790 1452 884 1504; x_wconf 90' lang='grc' dir='ltr'><strong>δύο</strong></span> <span class='ocrx_word' id='word_1_116' title='bbox 914 1452 1036 1506; x_wconf 76' lang='grc' dir='ltr'>κατ’</span> <span class='ocrx_word' id='word_1_117' title='bbox 1066 1454 1228 1507; x_wconf 81' lang='grc' dir='ltr'>αὑτὸν</span> <span class='ocrx_word' id='word_1_118' title='bbox 1255 1455 1578 1528; x_wconf 78' lang='grc' dir='ltr'>ἐνεργεῖται,</span> <span class='ocrx_word' id='word_1_119' title='bbox 1609 1456 1676 1509; x_wconf 85' lang='grc' dir='ltr'>δι’</span> <span class='ocrx_word' id='word_1_120' title='bbox 1703 1457 1880 1526; x_wconf 85' lang='grc' dir='ltr'>ἀμφο-</span> 
     </span>
    </p>
   </div>
   <div class='ocr_carea' id='block_1_17' title="bbox 293 1545 1879 1621">
    <p class='ocr_par' dir='ltr' id='par_1_17' title="bbox 293 1545 1879 1621">
     <span class='ocr_line' id='line_1_17' title="bbox 293 1545 1879 1621; baseline 0.006 -26"><span class='ocrx_word' id='word_1_121' title='bbox 293 1545 471 1615; x_wconf 82' lang='grc' dir='ltr'>τέρων</span> <span class='ocrx_word' id='word_1_122' title='bbox 500 1545 602 1615; x_wconf 83' lang='grc' dir='ltr'>τῆς</span> <span class='ocrx_word' id='word_1_123' title='bbox 631 1545 883 1616; x_wconf 88' lang='grc' dir='ltr'>θεότητος</span> <span class='ocrx_word' id='word_1_124' title='bbox 909 1546 969 1599; x_wconf 81' lang='grc' dir='ltr'>τὸ</span> <span class='ocrx_word' id='word_1_125' title='bbox 1001 1547 1205 1614; x_wconf 84' lang='grc' dir='ltr'>ἀγαθὸν</span> <span class='ocrx_word' id='word_1_126' title='bbox 1228 1548 1620 1620; x_wconf 84' lang='grc' dir='ltr'>κατορθούσης·</span> <span class='ocrx_word' id='word_1_127' title='bbox 1657 1550 1747 1603; x_wconf 85' lang='grc' dir='ltr'>διὰ</span> <span class='ocrx_word' id='word_1_128' title='bbox 1781 1552 1879 1621; x_wconf 80' lang='grc' dir='ltr'><strong>μὲν</strong></span> 
     </span>
    </p>
   </div>
   <div class='ocr_carea' id='block_1_18' title="bbox 292 1633 1882 1709">
    <p class='ocr_par' dir='ltr' id='par_1_18' title="bbox 292 1633 1882 1709">
     <span class='ocr_line' id='line_1_18' title="bbox 292 1633 1882 1709; baseline 0.005 -23"><span class='ocrx_word' id='word_1_129' title='bbox 292 1635 393 1703; x_wconf 83' lang='grc' dir='ltr'>τῆς</span> <span class='ocrx_word' id='word_1_130' title='bbox 431 1634 525 1688; x_wconf 89' lang='grc' dir='ltr'><strong>τοῦ</strong></span> <span class='ocrx_word' id='word_1_131' title='bbox 553 1633 805 1706; x_wconf 84' lang='grc' dir='ltr'>σώματος</span> <span class='ocrx_word' id='word_1_132' title='bbox 833 1635 1166 1708; x_wconf 84' lang='grc' dir='ltr'>ἀφθαρσίας,</span> <span class='ocrx_word' id='word_1_133' title='bbox 1197 1638 1295 1709; x_wconf 83' lang='grc' dir='ltr'>τὴν</span> <span class='ocrx_word' id='word_1_134' title='bbox 1324 1637 1418 1692; x_wconf 87' lang='grc' dir='ltr'><strong>τοῦ</strong></span> <span class='ocrx_word' id='word_1_135' title='bbox 1451 1638 1678 1694; x_wconf 87' lang='grc' dir='ltr'>θανάτου</span> <span class='ocrx_word' id='word_1_136' title='bbox 1718 1641 1882 1694; x_wconf 86' lang='grc' dir='ltr'>κατά-</span> 
     </span>
    </p>
   </div>
   <div class='ocr_carea' id='block_1_19' title="bbox 294 1725 1878 1798">
    <p class='ocr_par' dir='ltr' id='par_1_19' title="bbox 294 1725 1878 1798">
     <span class='ocr_line' id='line_1_19' title="bbox 294 1725 1878 1798; baseline 0.003 -21"><span class='ocrx_word' id='word_1_137' title='bbox 294 1725 448 1778; x_wconf 84' lang='grc' dir='ltr'>λυσιν</span> <span class='ocrx_word' id='word_1_138' title='bbox 474 1743 488 1756; x_wconf 88' lang='grc'><strong>·</strong></span> <span class='ocrx_word' id='word_1_139' title='bbox 517 1725 604 1779; x_wconf 81' lang='grc' dir='ltr'><strong>διὰ</strong></span> <span class='ocrx_word' id='word_1_140' title='bbox 633 1725 689 1778; x_wconf 79' lang='grc' dir='ltr'>δὲ</span> <span class='ocrx_word' id='word_1_141' title='bbox 719 1727 816 1796; x_wconf 81' lang='grc' dir='ltr'>τῆς</span> <span class='ocrx_word' id='word_1_142' title='bbox 842 1726 1020 1796; x_wconf 81' lang='grc' dir='ltr'>ψυχῆς</span> <span class='ocrx_word' id='word_1_143' title='bbox 1051 1726 1189 1798; x_wconf 82' lang='grc' dir='ltr'>πρὸς</span> <span class='ocrx_word' id='word_1_144' title='bbox 1211 1726 1307 1797; x_wconf 81' lang='grc' dir='ltr'><strong>τὴν</strong></span> <span class='ocrx_word' id='word_1_145' title='bbox 1352 1728 1488 1782; x_wconf 88' lang='grc' dir='ltr'>ίδίαν</span> <span class='ocrx_word' id='word_1_146' title='bbox 1517 1729 1701 1782; x_wconf 78' lang='grc' dir='ltr'>ἑστίαν</span> <span class='ocrx_word' id='word_1_147' title='bbox 1729 1731 1878 1782; x_wconf 78' lang='grc' dir='ltr'>ἐπει-</span> 
     </span>
    </p>
   </div>
   <div class='ocr_carea' id='block_1_20' title="bbox 295 1797 1952 1891">
    <p class='ocr_par' dir='ltr' id='par_1_20' title="bbox 295 1797 1952 1891">
     <span class='ocr_line' id='line_1_20' title="bbox 295 1797 1952 1891; baseline 0.003 -20"><span class='ocrx_word' id='word_1_148' title='bbox 295 1819 553 1889; x_wconf 83' lang='grc' dir='ltr'>γομένης,</span> <span class='ocrx_word' id='word_1_149' title='bbox 583 1819 682 1890; x_wconf 83' lang='grc' dir='ltr'><strong>τὴν</strong></span> <span class='ocrx_word' id='word_1_150' title='bbox 710 1819 803 1872; x_wconf 73' lang='grc' dir='ltr'>ἐπὶ</span> <span class='ocrx_word' id='word_1_151' title='bbox 827 1819 918 1872; x_wconf 86' lang='grc' dir='ltr'><strong>τὸν</strong></span> <span class='ocrx_word' id='word_1_152' title='bbox 953 1797 1277 1889; x_wconf 81' lang='grc' dir='ltr'>παράδεισον</span> <span class='ocrx_word' id='word_1_153' title='bbox 1307 1820 1415 1875; x_wconf 82' lang='grc' dir='ltr'>τῶν</span> <span class='ocrx_word' id='word_1_154' title='bbox 1443 1821 1744 1891; x_wconf 81' lang='grc' dir='ltr'>ἀνθρώπων</span> <span class='ocrx_word' id='word_1_155' title='bbox 1772 1824 1872 1876; x_wconf 79' lang='grc' dir='ltr'><strong>ὲπ-</strong></span> <span class='ocrx_word' id='word_1_156' title='bbox 1911 1797 1952 1855; x_wconf 72' lang='grc' dir='ltr'>Β</span> 
     </span>
    </p>
   </div>
   <div class='ocr_carea' id='block_1_21' title="bbox 295 1907 1878 1985">
    <p class='ocr_par' dir='ltr' id='par_1_21' title="bbox 295 1907 1878 1985">
     <span class='ocr_line' id='line_1_21' title="bbox 295 1907 1878 1985; baseline 0.001 -19"><span class='ocrx_word' id='word_1_157' title='bbox 295 1911 499 1966; x_wconf 88' lang='grc' dir='ltr'>άνοδον.</span> <span class='ocrx_word' id='word_1_158' title='bbox 558 1909 712 1964; x_wconf 77' lang='grc' dir='ltr'>Ἐπεὶ</span> <span class='ocrx_word' id='word_1_159' title='bbox 751 1907 845 1964; x_wconf 84' lang='grc' dir='ltr'><strong>οὖν</strong></span> <span class='ocrx_word' id='word_1_160' title='bbox 886 1909 1105 1966; x_wconf 76' lang='grc' dir='ltr'>διπλοῦν</span> <span class='ocrx_word' id='word_1_161' title='bbox 1142 1912 1239 1980; x_wconf 85' lang='grc' dir='ltr'><strong>μὲν</strong></span> <span class='ocrx_word' id='word_1_162' title='bbox 1282 1913 1340 1966; x_wconf 80' lang='grc' dir='ltr'><strong>τὸ</strong></span> <span class='ocrx_word' id='word_1_163' title='bbox 1380 1912 1718 1985; x_wconf 81' lang='grc' dir='ltr'>ἀνθρώπινον</span> <span class='ocrx_word' id='word_1_164' title='bbox 1748 1913 1878 1984; x_wconf 90' lang='grc' dir='ltr'>σύγ-</span> 
     </span>
    </p>
   </div>
   <div class='ocr_carea' id='block_1_22' title="bbox 295 2002 1874 2076">
    <p class='ocr_par' dir='ltr' id='par_1_22' title="bbox 295 2002 1874 2076">
     <span class='ocr_line' id='line_1_22' title="bbox 295 2002 1874 2076; baseline 0.002 -20"><span class='ocrx_word' id='word_1_165' title='bbox 295 2020 508 2074; x_wconf 86' lang='grc' dir='ltr'>κραμα,</span> <span class='ocrx_word' id='word_1_166' title='bbox 534 2002 681 2072; x_wconf 86' lang='grc' dir='ltr'>άπλῆ</span> <span class='ocrx_word' id='word_1_167' title='bbox 715 2003 772 2055; x_wconf 80' lang='grc' dir='ltr'>δὲ</span> <span class='ocrx_word' id='word_1_168' title='bbox 805 2004 897 2056; x_wconf 89' lang='grc' dir='ltr'><strong>καὶ</strong></span> <span class='ocrx_word' id='word_1_169' title='bbox 922 2003 1198 2074; x_wconf 81' lang='grc' dir='ltr'>μονοειδὴς</span> <span class='ocrx_word' id='word_1_170' title='bbox 1229 2005 1261 2074; x_wconf 84' lang='grc' dir='ltr'>ἠ</span> <span class='ocrx_word' id='word_1_171' title='bbox 1291 2004 1391 2074; x_wconf 80' lang='grc' dir='ltr'>τῆς</span> <span class='ocrx_word' id='word_1_172' title='bbox 1421 2004 1670 2076; x_wconf 84' lang='grc' dir='ltr'>θεότητος</span> <span class='ocrx_word' id='word_1_173' title='bbox 1692 2005 1874 2076; x_wconf 82' lang='grc' dir='ltr'>φύσις,</span> 
     </span>
    </p>
   </div>
   <div class='ocr_carea' id='block_1_23' title="bbox 295 2092 1876 2167">
    <p class='ocr_par' dir='ltr' id='par_1_23' title="bbox 295 2092 1876 2167">
     <span class='ocr_line' id='line_1_23' title="bbox 295 2092 1876 2167; baseline 0.003 -20"><span class='ocrx_word' id='word_1_174' title='bbox 295 2097 352 2148; x_wconf 85' lang='grc' dir='ltr'>ὲν</span> <span class='ocrx_word' id='word_1_175' title='bbox 389 2093 468 2165; x_wconf 82' lang='grc' dir='ltr'>τῷ</span> <span class='ocrx_word' id='word_1_176' title='bbox 492 2093 669 2167; x_wconf 87' lang='grc' dir='ltr'>καιρῷ</span> <span class='ocrx_word' id='word_1_177' title='bbox 700 2093 802 2162; x_wconf 81' lang='grc' dir='ltr'>τῆς</span> <span class='ocrx_word' id='word_1_178' title='bbox 824 2092 920 2147; x_wconf 89' lang='grc' dir='ltr'><strong>τοῦ</strong></span> <span class='ocrx_word' id='word_1_179' title='bbox 942 2094 1194 2164; x_wconf 85' lang='grc' dir='ltr'>σώματος</span> <span class='ocrx_word' id='word_1_180' title='bbox 1219 2095 1326 2148; x_wconf 82' lang='grc' dir='ltr'><strong>ἀπὸ</strong></span> <span class='ocrx_word' id='word_1_181' title='bbox 1354 2095 1455 2165; x_wconf 80' lang='grc' dir='ltr'>τῆς</span> <span class='ocrx_word' id='word_1_182' title='bbox 1472 2095 1648 2166; x_wconf 83' lang='grc' dir='ltr'>ψυχῆς</span> <span class='ocrx_word' id='word_1_183' title='bbox 1671 2094 1876 2160; x_wconf 83' lang='grc' dir='ltr'>διαζεύ-</span> 
     </span>
    </p>
   </div>
   <div class='ocr_carea' id='block_1_24' title="bbox 295 2183 1874 2258">
    <p class='ocr_par' dir='ltr' id='par_1_24' title="bbox 295 2183 1874 2258">
     <span class='ocr_line' id='line_1_24' title="bbox 295 2183 1874 2258; baseline 0.002 -20"><span class='ocrx_word' id='word_1_184' title='bbox 295 2186 467 2251; x_wconf 79' lang='grc' dir='ltr'>ξεως,</span> <span class='ocrx_word' id='word_1_185' title='bbox 501 2187 562 2238; x_wconf 84' lang='grc' dir='ltr'><strong>ού</strong></span> <span class='ocrx_word' id='word_1_186' title='bbox 595 2185 1026 2254; x_wconf 80' lang='grc' dir='ltr'>συνδιασχίζεται</span> <span class='ocrx_word' id='word_1_187' title='bbox 1059 2183 1137 2256; x_wconf 83' lang='grc' dir='ltr'>τῷ</span> <span class='ocrx_word' id='word_1_188' title='bbox 1166 2185 1408 2256; x_wconf 83' lang='grc' dir='ltr'>συνθέτῳ</span> <span class='ocrx_word' id='word_1_189' title='bbox 1443 2186 1503 2240; x_wconf 79' lang='grc' dir='ltr'><strong>τὸ</strong></span> <span class='ocrx_word' id='word_1_190' title='bbox 1548 2186 1874 2258; x_wconf 88' lang='grc' dir='ltr'>ἀδιαίρετον,</span> 
     </span>
    </p>
   </div>
   <div class='ocr_carea' id='block_1_25' title="bbox 293 2276 1877 2350">
    <p class='ocr_par' dir='ltr' id='par_1_25' title="bbox 293 2276 1877 2350">
     <span class='ocr_line' id='line_1_25' title="bbox 293 2276 1877 2350; baseline 0 -18"><span class='ocrx_word' id='word_1_191' title='bbox 293 2277 434 2332; x_wconf 82' lang='grc' dir='ltr'>ἀλλὰ</span> <span class='ocrx_word' id='word_1_192' title='bbox 466 2278 527 2330; x_wconf 77' lang='grc' dir='ltr'><strong>τὸ</strong></span> <span class='ocrx_word' id='word_1_193' title='bbox 553 2277 788 2347; x_wconf 75' lang='grc' dir='ltr'>ἔμπαλιν</span> <span class='ocrx_word' id='word_1_194' title='bbox 828 2276 1054 2344; x_wconf 88' lang='grc' dir='ltr'>γίνεται.</span> <span class='ocrx_word' id='word_1_195' title='bbox 1119 2279 1197 2349; x_wconf 81' lang='grc' dir='ltr'><strong>Τῇ</strong></span> <span class='ocrx_word' id='word_1_196' title='bbox 1236 2277 1345 2348; x_wconf 83' lang='grc' dir='ltr'>γὰρ</span> <span class='ocrx_word' id='word_1_197' title='bbox 1375 2279 1586 2350; x_wconf 83' lang='grc' dir='ltr'>ἐνότητι</span> <span class='ocrx_word' id='word_1_198' title='bbox 1609 2279 1707 2349; x_wconf 86' lang='grc' dir='ltr'>τῆς</span> <span class='ocrx_word' id='word_1_199' title='bbox 1728 2278 1877 2343; x_wconf 85' lang='grc' dir='ltr'>Θείας</span> 
     </span>
    </p>
   </div>
   <div class='ocr_carea' id='block_1_26' title="bbox 293 2352 1878 2442">
    <p class='ocr_par' dir='ltr' id='par_1_26' title="bbox 293 2352 1878 2442">
     <span class='ocr_line' id='line_1_26' title="bbox 293 2352 1878 2442; baseline 0.003 -20"><span class='ocrx_word' id='word_1_200' title='bbox 293 2370 513 2438; x_wconf 83' lang='grc' dir='ltr'>φύσεως</span> <span class='ocrx_word' id='word_1_201' title='bbox 535 2352 639 2440; x_wconf 82' lang='grc' dir='ltr'>τῆς</span> <span class='ocrx_word' id='word_1_202' title='bbox 660 2369 800 2423; x_wconf 89' lang='grc' dir='ltr'><strong>κατά</strong></span> <span class='ocrx_word' id='word_1_203' title='bbox 829 2370 890 2422; x_wconf 87' lang='grc' dir='ltr'>τὺ</span> <span class='ocrx_word' id='word_1_204' title='bbox 916 2365 1033 2423; x_wconf 75' lang='grc' dir='ltr'>ἴσον</span> <span class='ocrx_word' id='word_1_205' title='bbox 1057 2371 1115 2422; x_wconf 85' lang='grc' dir='ltr'>ὲν</span> <span class='ocrx_word' id='word_1_206' title='bbox 1143 2370 1474 2442; x_wconf 83' lang='grc' dir='ltr'>ἀμφοτέροις</span> <span class='ocrx_word' id='word_1_207' title='bbox 1499 2370 1685 2442; x_wconf 78' lang='grc' dir='ltr'>οὔσης,</span> <span class='ocrx_word' id='word_1_208' title='bbox 1716 2372 1878 2426; x_wconf 88' lang='grc' dir='ltr'>πάλιν</span> 
     </span>
    </p>
   </div>
   <div class='ocr_carea' id='block_1_27' title="bbox 293 2462 1879 2535">
    <p class='ocr_par' dir='ltr' id='par_1_27' title="bbox 293 2462 1879 2535">
     <span class='ocr_line' id='line_1_27' title="bbox 293 2462 1879 2535; baseline 0.001 -19"><span class='ocrx_word' id='word_1_209' title='bbox 293 2463 431 2534; x_wconf 76' lang='grc' dir='ltr'>πρὸς</span> <span class='ocrx_word' id='word_1_210' title='bbox 459 2462 661 2533; x_wconf 77' lang='grc' dir='ltr'>ἄλληλα</span> <span class='ocrx_word' id='word_1_211' title='bbox 692 2462 761 2515; x_wconf 83' lang='grc' dir='ltr'>τὰ</span> <span class='ocrx_word' id='word_1_212' title='bbox 784 2462 1047 2515; x_wconf 84' lang='grc' dir='ltr'>διεστῶτα</span> <span class='ocrx_word' id='word_1_213' title='bbox 1077 2462 1405 2532; x_wconf 84' lang='grc' dir='ltr'>συμφύεται.</span> <span class='ocrx_word' id='word_1_214' title='bbox 1432 2465 1543 2518; x_wconf 71' lang='grc' dir='ltr'>Καὶ</span> <span class='ocrx_word' id='word_1_215' title='bbox 1563 2465 1705 2518; x_wconf 79' lang='grc' dir='ltr'>οὕτω</span> <span class='ocrx_word' id='word_1_216' title='bbox 1733 2465 1879 2535; x_wconf 83' lang='grc' dir='ltr'>γίνε-</span> 
     </span>
    </p>
   </div>
   <div class='ocr_carea' id='block_1_28' title="bbox 290 2553 1879 2628">
    <p class='ocr_par' dir='ltr' id='par_1_28' title="bbox 290 2553 1879 2628">
     <span class='ocr_line' id='line_1_28' title="bbox 290 2553 1879 2628; baseline 0.001 -21"><span class='ocrx_word' id='word_1_217' title='bbox 290 2557 450 2617; x_wconf 79' lang='grc' dir='ltr'>ται,ὁ</span> <span class='ocrx_word' id='word_1_218' title='bbox 476 2554 701 2616; x_wconf 88' lang='grc' dir='ltr'>θάνατος</span> <span class='ocrx_word' id='word_1_219' title='bbox 720 2553 838 2623; x_wconf 86' lang='grc' dir='ltr'>μὲν,</span> <span class='ocrx_word' id='word_1_220' title='bbox 869 2555 932 2606; x_wconf 81' lang='grc' dir='ltr'>ἐκ</span> <span class='ocrx_word' id='word_1_221' title='bbox 960 2554 1059 2624; x_wconf 83' lang='grc' dir='ltr'>τῆς</span> <span class='ocrx_word' id='word_1_222' title='bbox 1079 2553 1187 2607; x_wconf 84' lang='grc' dir='ltr'>τῶν</span> <span class='ocrx_word' id='word_1_223' title='bbox 1211 2556 1646 2624; x_wconf 85' lang='grc' dir='ltr'>συμπεφυκότων</span> <span class='ocrx_word' id='word_1_224' title='bbox 1675 2556 1879 2628; x_wconf 86' lang='grc' dir='ltr'>διαιρέ-</span> 
     </span>
    </p>
   </div>
   <div class='ocr_carea' id='block_1_29' title="bbox 297 2643 1878 2717">
    <p class='ocr_par' dir='ltr' id='par_1_29' title="bbox 297 2643 1878 2717">
     <span class='ocr_line' id='line_1_29' title="bbox 297 2643 1878 2717; baseline 0.002 -20"><span class='ocrx_word' id='word_1_225' title='bbox 297 2662 458 2708; x_wconf 85' lang='grc' dir='ltr'>σεως·</span> <span class='ocrx_word' id='word_1_226' title='bbox 495 2647 527 2715; x_wconf 86' lang='grc' dir='ltr'><strong>ή</strong></span> <span class='ocrx_word' id='word_1_227' title='bbox 559 2644 853 2707; x_wconf 86' lang='grc' dir='ltr'>ἀνάστασις</span> <span class='ocrx_word' id='word_1_228' title='bbox 884 2643 961 2706; x_wconf 84' lang='grc' dir='ltr'><strong>δὲ,</strong></span> <span class='ocrx_word' id='word_1_229' title='bbox 982 2645 1048 2696; x_wconf 83' lang='grc' dir='ltr'>ὲκ</span> <span class='ocrx_word' id='word_1_230' title='bbox 1078 2643 1178 2714; x_wconf 80' lang='grc' dir='ltr'>τῆς</span> <span class='ocrx_word' id='word_1_231' title='bbox 1204 2644 1312 2697; x_wconf 86' lang='grc' dir='ltr'><strong>τῶν</strong></span> <span class='ocrx_word' id='word_1_232' title='bbox 1343 2644 1721 2717; x_wconf 80' lang='grc' dir='ltr'>διαιρεθέντων</span> <span class='ocrx_word' id='word_1_233' title='bbox 1748 2645 1878 2700; x_wconf 82' lang='grc' dir='ltr'><strong>ἑνώ-</strong></span> 
     </span>
    </p>
   </div>
   <div class='ocr_carea' id='block_1_30' title="bbox 299 2733 1877 2808">
    <p class='ocr_par' dir='ltr' id='par_1_30' title="bbox 299 2733 1877 2808">
     <span class='ocr_line' id='line_1_30' title="bbox 299 2733 1877 2808; baseline 0.001 -19"><span class='ocrx_word' id='word_1_234' title='bbox 299 2753 458 2799; x_wconf 83' lang='grc' dir='ltr'>σεως.</span> <span class='ocrx_word' id='word_1_235' title='bbox 523 2737 588 2788; x_wconf 84' lang='grc' dir='ltr'>Εί</span> <span class='ocrx_word' id='word_1_236' title='bbox 634 2735 692 2788; x_wconf 82' lang='grc' dir='ltr'>δὲ</span> <span class='ocrx_word' id='word_1_237' title='bbox 737 2733 918 2806; x_wconf 84' lang='grc' dir='ltr'>ζητεῖς</span> <span class='ocrx_word' id='word_1_238' title='bbox 958 2734 1075 2798; x_wconf 84' lang='grc' dir='ltr'><strong>πῶς</strong></span> <span class='ocrx_word' id='word_1_239' title='bbox 1119 2735 1178 2787; x_wconf 83' lang='grc' dir='ltr'>ὲν</span> <span class='ocrx_word' id='word_1_240' title='bbox 1215 2734 1292 2805; x_wconf 80' lang='grc' dir='ltr'>τῷ</span> <span class='ocrx_word' id='word_1_241' title='bbox 1339 2736 1651 2808; x_wconf 78' lang='grc' dir='ltr'>παραδείσῳ</span> <span class='ocrx_word' id='word_1_242' title='bbox 1684 2735 1779 2802; x_wconf 85' lang='grc' dir='ltr'><strong>ὢν,</strong></span> <span class='ocrx_word' id='word_1_243' title='bbox 1819 2739 1877 2790; x_wconf 85' lang='grc' dir='ltr'>ὲν</span> 
     </span>
    </p>
   </div>
   <div class='ocr_carea' id='block_1_31' title="bbox 293 2823 1879 2899">
    <p class='ocr_par' dir='ltr' id='par_1_31' title="bbox 293 2823 1879 2899">
     <span class='ocr_line' id='line_1_31' title="bbox 293 2823 1879 2899; baseline 0 -19"><span class='ocrx_word' id='word_1_244' title='bbox 293 2829 415 2890; x_wconf 86' lang='grc' dir='ltr'>ταῖς</span> <span class='ocrx_word' id='word_1_245' title='bbox 442 2825 601 2896; x_wconf 76' lang='grc' dir='ltr'>χερσὶ</span> <span class='ocrx_word' id='word_1_246' title='bbox 621 2825 715 2878; x_wconf 88' lang='grc' dir='ltr'><strong>τοῦ</strong></span> <span class='ocrx_word' id='word_1_247' title='bbox 744 2824 958 2896; x_wconf 81' lang='grc' dir='ltr'>Πατρὸς</span> <span class='ocrx_word' id='word_1_248' title='bbox 989 2823 1180 2877; x_wconf 82' lang='grc' dir='ltr'>ἑαυτὸν</span> <span class='ocrx_word' id='word_1_249' title='bbox 1205 2825 1587 2895; x_wconf 87' lang='grc' dir='ltr'>παρατίθεται,</span> <span class='ocrx_word' id='word_1_250' title='bbox 1610 2828 1879 2899; x_wconf 83' lang='grc' dir='ltr'>ἑρμηνεύ-</span> 
     </span>
    </p>
   </div>
   <div class='ocr_carea' id='block_1_32' title="bbox 299 2918 1875 2991">
    <p class='ocr_par' dir='ltr' id='par_1_32' title="bbox 299 2918 1875 2991">
     <span class='ocr_line' id='line_1_32' title="bbox 299 2918 1875 2991; baseline 0.001 -18"><span class='ocrx_word' id='word_1_251' title='bbox 299 2937 383 2973; x_wconf 89' lang='grc' dir='ltr'><strong>σει</strong></span> <span class='ocrx_word' id='word_1_252' title='bbox 409 2937 490 2972; x_wconf 90' lang='grc' dir='ltr'><strong>σοι</strong></span> <span class='ocrx_word' id='word_1_253' title='bbox 518 2921 546 2971; x_wconf 87' lang='grc' dir='ltr'>ὁ</span> <span class='ocrx_word' id='word_1_254' title='bbox 567 2918 768 2989; x_wconf 78' lang='grc' dir='ltr'>ὑψηλὸς</span> <span class='ocrx_word' id='word_1_255' title='bbox 803 2918 1030 2980; x_wconf 79' lang='grc' dir='ltr'>Ἡσαΐας</span> <span class='ocrx_word' id='word_1_256' title='bbox 1058 2918 1118 2970; x_wconf 84' lang='grc' dir='ltr'><strong>τὸ</strong></span> <span class='ocrx_word' id='word_1_257' title='bbox 1149 2918 1498 2988; x_wconf 69' lang='grc' dir='ltr'>περὶτούτων</span> <span class='ocrx_word' id='word_1_258' title='bbox 1528 2919 1875 2991; x_wconf 79' lang='grc' dir='ltr'>ζητούμενον.</span> 
     </span>
    </p>
   </div>
   <div class='ocr_carea' id='block_1_33' title="bbox 297 3008 1879 3084">
    <p class='ocr_par' dir='ltr' id='par_1_33' title="bbox 297 3008 1879 3084">
     <span class='ocr_line' id='line_1_33' title="bbox 297 3008 1879 3084; baseline 0.003 -22"><span class='ocrx_word' id='word_1_259' title='bbox 297 3008 436 3064; x_wconf 81' lang='grc' dir='ltr'>Εἷπε</span> <span class='ocrx_word' id='word_1_260' title='bbox 468 3008 578 3078; x_wconf 77' lang='grc' dir='ltr'>γὰρ</span> <span class='ocrx_word' id='word_1_261' title='bbox 621 3010 826 3070; x_wconf 78' lang='grc' dir='ltr'>ἐκεῖνος</span> <span class='ocrx_word' id='word_1_262' title='bbox 855 3009 918 3060; x_wconf 81' lang='grc' dir='ltr'>ὲκ</span> <span class='ocrx_word' id='word_1_263' title='bbox 961 3010 1252 3078; x_wconf 84' lang='grc' dir='ltr'>προσώπου</span> <span class='ocrx_word' id='word_1_264' title='bbox 1301 3009 1396 3062; x_wconf 90' lang='grc' dir='ltr'><strong>τοῦ</strong></span> <span class='ocrx_word' id='word_1_265' title='bbox 1435 3010 1570 3063; x_wconf 84' lang='grc' dir='ltr'>Θεοῦ</span> <span class='ocrx_word' id='word_1_266' title='bbox 1620 3012 1748 3082; x_wconf 87' lang='grc' dir='ltr'><strong>περί</strong></span> <span class='ocrx_word' id='word_1_267' title='bbox 1781 3013 1879 3084; x_wconf 84' lang='grc' dir='ltr'>τῆς</span> 
     </span>
    </p>
   </div>
   <div class='ocr_carea' id='block_1_34' title="bbox 295 3098 1877 3173">
    <p class='ocr_par' dir='ltr' id='par_1_34' title="bbox 295 3098 1877 3173">
     <span class='ocr_line' id='line_1_34' title="bbox 295 3098 1877 3173; baseline 0.001 -18"><span class='ocrx_word' id='word_1_268' title='bbox 295 3101 412 3155; x_wconf 80' lang='grc' dir='ltr'>ἄνω</span> <span class='ocrx_word' id='word_1_269' title='bbox 451 3098 805 3171; x_wconf 83' lang='grc' dir='ltr'>Ἰερουσαλὴμ</span> <span class='ocrx_word' id='word_1_270' title='bbox 825 3137 839 3162; x_wconf 90' lang='grc'><strong>,</strong></span> <span class='ocrx_word' id='word_1_271' title='bbox 880 3098 946 3168; x_wconf 73' lang='grc' dir='ltr'>ἦν</span> <span class='ocrx_word' id='word_1_272' title='bbox 970 3099 1069 3150; x_wconf 83' lang='grc' dir='ltr'><strong>οὐκ</strong></span> <span class='ocrx_word' id='word_1_273' title='bbox 1116 3099 1282 3168; x_wconf 83' lang='grc' dir='ltr'>ἄλλην</span> <span class='ocrx_word' id='word_1_274' title='bbox 1312 3101 1462 3171; x_wconf 85' lang='grc' dir='ltr'><strong>παρά</strong></span> <span class='ocrx_word' id='word_1_275' title='bbox 1496 3102 1588 3155; x_wconf 80' lang='grc' dir='ltr'><strong>τὸν</strong></span> <span class='ocrx_word' id='word_1_276' title='bbox 1619 3104 1877 3173; x_wconf 87' lang='grc' dir='ltr'>παράδει-</span> 
     </span>
    </p>
   </div>
   <div class='ocr_carea' id='block_1_35' title="bbox 297 3189 1879 3263">
    <p class='ocr_par' dir='ltr' id='par_1_35' title="bbox 297 3189 1879 3263">
     <span class='ocr_line' id='line_1_35' title="bbox 297 3189 1879 3263; baseline 0.002 -18"><span class='ocrx_word' id='word_1_277' title='bbox 297 3209 391 3245; x_wconf 89' lang='grc' dir='ltr'><strong>σον</strong></span> <span class='ocrx_word' id='word_1_278' title='bbox 419 3189 559 3245; x_wconf 81' lang='grc' dir='ltr'>εἶναι</span> <span class='ocrx_word' id='word_1_279' title='bbox 592 3190 940 3262; x_wconf 87' lang='grc' dir='ltr'>πιστεύομεν,</span> <span class='ocrx_word' id='word_1_280' title='bbox 965 3191 1046 3244; x_wconf 83' lang='grc' dir='ltr'>ὅτι</span> <span class='ocrx_word' id='word_1_281' title='bbox 1081 3192 1205 3244; x_wconf 80' lang='grc' dir='ltr'><strong>Ἐπί</strong></span> <span class='ocrx_word' id='word_1_282' title='bbox 1231 3189 1350 3245; x_wconf 81' lang='grc' dir='ltr'><strong>τῶν</strong></span> <span class='ocrx_word' id='word_1_283' title='bbox 1370 3193 1584 3262; x_wconf 76' lang='grc' dir='ltr'>χειρῶν</span> <span class='ocrx_word' id='word_1_284' title='bbox 1605 3213 1722 3263; x_wconf 83' lang='grc' dir='ltr'>μου</span> <span class='ocrx_word' id='word_1_285' title='bbox 1748 3195 1879 3256; x_wconf 80' lang='grc' dir='ltr'><strong>ἐζω-</strong></span> 
     </span>
    </p>
   </div>
   <div class='ocr_carea' id='block_1_36' title="bbox 295 3279 1878 3356">
    <p class='ocr_par' dir='ltr' id='par_1_36' title="bbox 295 3279 1878 3356">
     <span class='ocr_line' id='line_1_36' title="bbox 295 3279 1878 3356; baseline 0.002 -19"><span class='ocrx_word' id='word_1_286' title='bbox 295 3282 580 3352; x_wconf 66' lang='grc' dir='ltr'>γράφησά</span> <span class='ocrx_word' id='word_1_287' title='bbox 615 3299 732 3338; x_wconf 89' lang='grc' dir='ltr'><strong>σου</strong></span> <span class='ocrx_word' id='word_1_288' title='bbox 770 3283 843 3336; x_wconf 85' lang='grc' dir='ltr'>τὰ</span> <span class='ocrx_word' id='word_1_289' title='bbox 889 3285 1078 3352; x_wconf 79' lang='grc' dir='ltr'>τείχη.</span> <span class='ocrx_word' id='word_1_290' title='bbox 1139 3283 1200 3335; x_wconf 77' lang='grc' dir='ltr'><strong>Εἰ</strong></span> <span class='ocrx_word' id='word_1_291' title='bbox 1244 3279 1336 3336; x_wconf 86' lang='grc' dir='ltr'><strong>οῦν</strong></span> <span class='ocrx_word' id='word_1_292' title='bbox 1362 3285 1419 3337; x_wconf 83' lang='grc' dir='ltr'>ὲν</span> <span class='ocrx_word' id='word_1_293' title='bbox 1451 3288 1568 3347; x_wconf 84' lang='grc' dir='ltr'>ταῖς</span> <span class='ocrx_word' id='word_1_294' title='bbox 1594 3286 1749 3356; x_wconf 73' lang='grc' dir='ltr'>χερσὶ</span> <span class='ocrx_word' id='word_1_295' title='bbox 1785 3286 1878 3340; x_wconf 85' lang='grc' dir='ltr'><strong>τοῦ</strong></span> 
     </span>
    </p>
   </div>
   <div class='ocr_carea' id='block_1_37' title="bbox 297 3374 1882 3447">
    <p class='ocr_par' dir='ltr' id='par_1_37' title="bbox 297 3374 1882 3447">
     <span class='ocr_line' id='line_1_37' title="bbox 297 3374 1882 3447; baseline 0.002 -19"><span class='ocrx_word' id='word_1_296' title='bbox 297 3375 516 3447; x_wconf 83' lang='grc' dir='ltr'>Πατρὺς</span> <span class='ocrx_word' id='word_1_297' title='bbox 549 3375 991 3446; x_wconf 86' lang='grc' dir='ltr'>περιγέγραπται</span> <span class='ocrx_word' id='word_1_298' title='bbox 1027 3378 1060 3444; x_wconf 81' lang='grc' dir='ltr'>ἡ</span> <span class='ocrx_word' id='word_1_299' title='bbox 1099 3374 1473 3446; x_wconf 84' lang='grc' dir='ltr'>Ἰερουσαλὴμ,</span> <span class='ocrx_word' id='word_1_300' title='bbox 1504 3377 1625 3446; x_wconf 74' lang='grc' dir='ltr'>ἥτις</span> <span class='ocrx_word' id='word_1_301' title='bbox 1669 3377 1815 3431; x_wconf 75' lang='grc' dir='ltr'>ἐστὶν</span> <span class='ocrx_word' id='word_1_302' title='bbox 1853 3379 1882 3430; x_wconf 90' lang='lat'><strong>6</strong></span> 
     </span>
    </p>
   </div>
   <div class='ocr_carea' id='block_1_38' title="bbox 298 3465 1880 3538">
    <p class='ocr_par' dir='ltr' id='par_1_38' title="bbox 298 3465 1880 3538">
     <span class='ocr_line' id='line_1_38' title="bbox 298 3465 1880 3538; baseline 0.001 -20"><span class='ocrx_word' id='word_1_303' title='bbox 298 3465 654 3536; x_wconf 85' lang='grc' dir='ltr'>παράδεισος,</span> <span class='ocrx_word' id='word_1_304' title='bbox 681 3466 924 3537; x_wconf 83' lang='grc' dir='ltr'>δηλονότι</span> <span class='ocrx_word' id='word_1_305' title='bbox 961 3466 989 3517; x_wconf 94' lang='lat'><strong>6</strong></span> <span class='ocrx_word' id='word_1_306' title='bbox 1018 3465 1074 3518; x_wconf 83' lang='grc' dir='ltr'>ὲν</span> <span class='ocrx_word' id='word_1_307' title='bbox 1104 3465 1416 3538; x_wconf 79' lang='grc' dir='ltr'>παραδείσῳ</span> <span class='ocrx_word' id='word_1_308' title='bbox 1447 3467 1732 3537; x_wconf 84' lang='grc' dir='ltr'>γενόμενος</span> <span class='ocrx_word' id='word_1_309' title='bbox 1763 3469 1880 3532; x_wconf 84' lang='grc' dir='ltr'>ταῖς</span> 
     </span>
    </p>
   </div>
   <div class='ocr_carea' id='block_1_39' title="bbox 296 3555 1877 3630">
    <p class='ocr_par' dir='ltr' id='par_1_39' title="bbox 296 3555 1877 3630">
     <span class='ocr_line' id='line_1_39' title="bbox 296 3555 1877 3630; baseline 0.001 -19"><span class='ocrx_word' id='word_1_310' title='bbox 296 3557 584 3628; x_wconf 78' lang='grc' dir='ltr'>πατρῴαις</span> <span class='ocrx_word' id='word_1_311' title='bbox 633 3557 848 3619; x_wconf 79' lang='grc' dir='ltr'>πάντως</span> <span class='ocrx_word' id='word_1_312' title='bbox 893 3556 1224 3610; x_wconf 76' lang='grc' dir='ltr'>ἐνδιαιτᾶται</span> <span class='ocrx_word' id='word_1_313' title='bbox 1273 3558 1584 3629; x_wconf 86' lang='grc' dir='ltr'>παλάμαις,</span> <span class='ocrx_word' id='word_1_314' title='bbox 1636 3561 1693 3612; x_wconf 85' lang='grc' dir='ltr'><strong>ὲν</strong></span> <span class='ocrx_word' id='word_1_315' title='bbox 1725 3555 1877 3630; x_wconf 71' lang='grc' dir='ltr'>αἷςή</span> 
     </span>
    </p>
   </div>
   <div class='ocr_carea' id='block_1_40' title="bbox 297 3649 1882 3722">
    <p class='ocr_par' dir='ltr' id='par_1_40' title="bbox 297 3649 1882 3722">
     <span class='ocr_line' id='line_1_40' title="bbox 297 3649 1882 3722; baseline 0 -18"><span class='ocrx_word' id='word_1_316' title='bbox 297 3651 422 3704; x_wconf 87' lang='grc' dir='ltr'>θεία</span> <span class='ocrx_word' id='word_1_317' title='bbox 446 3651 598 3714; x_wconf 88' lang='grc' dir='ltr'>πόλις</span> <span class='ocrx_word' id='word_1_318' title='bbox 639 3649 739 3722; x_wconf 79' lang='grc' dir='ltr'><strong>τὴν</strong></span> <span class='ocrx_word' id='word_1_319' title='bbox 769 3649 1113 3721; x_wconf 82' lang='grc' dir='ltr'>περιγραφὴν</span> <span class='ocrx_word' id='word_1_320' title='bbox 1146 3650 1278 3722; x_wconf 81' lang='grc' dir='ltr'>ἔχει.</span> <span class='ocrx_word' id='word_1_321' title='bbox 1311 3652 1420 3705; x_wconf 81' lang='grc' dir='ltr'><strong>Καὶ</strong></span> <span class='ocrx_word' id='word_1_322' title='bbox 1462 3651 1637 3704; x_wconf 81' lang='grc' dir='ltr'>ταῦτα</span> <span class='ocrx_word' id='word_1_323' title='bbox 1665 3651 1764 3721; x_wconf 82' lang='grc' dir='ltr'><strong>μὲν</strong></span> <span class='ocrx_word' id='word_1_324' title='bbox 1802 3653 1882 3714; x_wconf 84' lang='grc' dir='ltr'>εἰς</span> 
     </span>
    </p>
   </div>
   <div class='ocr_carea' id='block_1_41' title="bbox 295 3744 573 3798">
    <p class='ocr_par' dir='ltr' id='par_1_41' title="bbox 295 3744 573 3798">
     <span class='ocr_line' id='line_1_41' title="bbox 295 3744 573 3798; baseline -0.007 0"><span class='ocrx_word' id='word_1_325' title='bbox 295 3744 573 3798; x_wconf 86' lang='grc' dir='ltr'>τοσοῦτον.</span> 
     </span>
    </p>
   </div>
   <div class='ocr_carea' id='block_1_42' title="bbox 372 3833 1882 3905">
    <p class='ocr_par' dir='ltr' id='par_1_42' title="bbox 372 3833 1882 3905">
     <span class='ocr_line' id='line_1_42' title="bbox 372 3833 1882 3905; baseline 0 -18"><span class='ocrx_word' id='word_1_326' title='bbox 372 3834 517 3887; x_wconf 86' lang='grc' dir='ltr'>Ὀσα</span> <span class='ocrx_word' id='word_1_327' title='bbox 541 3834 597 3888; x_wconf 81' lang='grc' dir='ltr'>δὲ</span> <span class='ocrx_word' id='word_1_328' title='bbox 641 3835 750 3887; x_wconf 84' lang='grc' dir='ltr'>τῶν</span> <span class='ocrx_word' id='word_1_329' title='bbox 794 3835 1068 3889; x_wconf 87' lang='grc' dir='ltr'>’Ῑουδαίων</span> <span class='ocrx_word' id='word_1_330' title='bbox 1119 3833 1390 3904; x_wconf 88' lang='grc' dir='ltr'>ἀκούομεν</span> <span class='ocrx_word' id='word_1_331' title='bbox 1440 3833 1882 3905; x_wconf 87' lang='grc' dir='ltr'>κατατρεχόντων</span> 
     </span>
    </p>
   </div>
   <div class='ocr_carea' id='block_1_43' title="bbox 296 3924 1880 4000">
    <p class='ocr_par' dir='ltr' id='par_1_43' title="bbox 296 3924 1880 4000">
     <span class='ocr_line' id='line_1_43' title="bbox 296 3924 1880 4000; baseline -0.001 -20"><span class='ocrx_word' id='word_1_332' title='bbox 296 3928 357 3982; x_wconf 82' lang='grc' dir='ltr'>ὲν</span> <span class='ocrx_word' id='word_1_333' title='bbox 405 3928 608 3998; x_wconf 78' lang='grc' dir='ltr'>σφοδρᾷ</span> <span class='ocrx_word' id='word_1_334' title='bbox 653 3928 958 4000; x_wconf 80' lang='grc' dir='ltr'>κατηγορίᾳ</span> <span class='ocrx_word' id='word_1_335' title='bbox 1012 3927 1106 3980; x_wconf 84' lang='grc' dir='ltr'><strong>τοῦ</strong></span> <span class='ocrx_word' id='word_1_336' title='bbox 1160 3927 1447 3998; x_wconf 89' lang='grc' dir='ltr'>δόγματος,</span> <span class='ocrx_word' id='word_1_337' title='bbox 1495 3926 1642 3991; x_wconf 80' lang='grc' dir='ltr'>ἄξιον</span> <span class='ocrx_word' id='word_1_338' title='bbox 1686 3924 1752 3979; x_wconf 80' lang='grc' dir='ltr'>ἂν</span> <span class='ocrx_word' id='word_1_339' title='bbox 1798 3926 1880 3996; x_wconf 76' lang='grc' dir='ltr'>εἴη</span> 
     </span>
    </p>
   </div>
   <div class='ocr_carea' id='block_1_44' title="bbox 297 4017 1884 4091">
    <p class='ocr_par' dir='ltr' id='par_1_44' title="bbox 297 4017 1884 4091">
     <span class='ocr_line' id='line_1_44' title="bbox 297 4017 1884 4091; baseline -0.001 -19"><span class='ocrx_word' id='word_1_340' title='bbox 297 4020 616 4091; x_wconf 82' lang='grc' dir='ltr'>προσθεῖναι</span> <span class='ocrx_word' id='word_1_341' title='bbox 653 4020 738 4073; x_wconf 79' lang='grc' dir='ltr'>διὰ</span> <span class='ocrx_word' id='word_1_342' title='bbox 771 4020 1016 4090; x_wconf 83' lang='grc' dir='ltr'>βραχέων</span> <span class='ocrx_word' id='word_1_343' title='bbox 1036 4020 1112 4089; x_wconf 84' lang='grc' dir='ltr'>τῷ</span> <span class='ocrx_word' id='word_1_344' title='bbox 1133 4020 1294 4087; x_wconf 84' lang='grc' dir='ltr'>λόγῳ.</span> <span class='ocrx_word' id='word_1_345' title='bbox 1329 4019 1560 4088; x_wconf 83' lang='grc' dir='ltr'>Λέγουσι</span> <span class='ocrx_word' id='word_1_346' title='bbox 1586 4019 1695 4088; x_wconf 84' lang='grc' dir='ltr'>γὰρ</span> <span class='ocrx_word' id='word_1_347' title='bbox 1721 4021 1779 4071; x_wconf 78' lang='grc' dir='ltr'><strong>ἐν</strong></span> <span class='ocrx_word' id='word_1_348' title='bbox 1807 4017 1884 4089; x_wconf 81' lang='grc' dir='ltr'>τῷ</span> 
     </span>
    </p>
   </div>
   <div class='ocr_carea' id='block_1_45' title="bbox 298 4109 1882 4181">
    <p class='ocr_par' dir='ltr' id='par_1_45' title="bbox 298 4109 1882 4181">
     <span class='ocr_line' id='line_1_45' title="bbox 298 4109 1882 4181; baseline -0.001 -18"><span class='ocrx_word' id='word_1_349' title='bbox 298 4112 434 4180; x_wconf 73' lang='grc' dir='ltr'>περὶ</span> <span class='ocrx_word' id='word_1_350' title='bbox 471 4111 566 4164; x_wconf 85' lang='grc' dir='ltr'><strong>τοῦ</strong></span> <span class='ocrx_word' id='word_1_351' title='bbox 600 4111 792 4180; x_wconf 83' lang='grc' dir='ltr'>Πάσχα</span> <span class='ocrx_word' id='word_1_352' title='bbox 819 4111 962 4181; x_wconf 83' lang='grc' dir='ltr'>λόγῳ</span> <span class='ocrx_word' id='word_1_353' title='bbox 981 4113 1092 4174; x_wconf 85' lang='grc' dir='ltr'>τοῖς</span> <span class='ocrx_word' id='word_1_354' title='bbox 1128 4111 1399 4173; x_wconf 81' lang='grc' dir='ltr'>Ἰουδαίοις</span> <span class='ocrx_word' id='word_1_355' title='bbox 1427 4109 1882 4179; x_wconf 78' lang='grc' dir='ltr'>’νενομοθετῆσθαι</span> 
     </span>
    </p>
   </div>
   <div class='ocr_carea' id='block_1_46' title="bbox 295 4202 1882 4276">
    <p class='ocr_par' dir='ltr' id='par_1_46' title="bbox 295 4202 1882 4276">
     <span class='ocr_line' id='line_1_46' title="bbox 295 4202 1882 4276; baseline -0.002 -18"><span class='ocrx_word' id='word_1_356' title='bbox 295 4206 454 4276; x_wconf 74' lang='grc' dir='ltr'>παρὰ</span> <span class='ocrx_word' id='word_1_357' title='bbox 490 4205 583 4258; x_wconf 84' lang='grc' dir='ltr'><strong>τοῦ</strong></span> <span class='ocrx_word' id='word_1_358' title='bbox 606 4206 882 4268; x_wconf 84' lang='grc' dir='ltr'>Μωῦσέως</span> <span class='ocrx_word' id='word_1_359' title='bbox 907 4204 1004 4274; x_wconf 79' lang='grc' dir='ltr'>τὴν</span> <span class='ocrx_word' id='word_1_360' title='bbox 1032 4203 1629 4275; x_wconf 85' lang='grc' dir='ltr'>τεσσαρεσκαιδεκάτην</span> <span class='ocrx_word' id='word_1_361' title='bbox 1667 4202 1760 4255; x_wconf 91' lang='grc' dir='ltr'><strong>τοῦ</strong></span> <span class='ocrx_word' id='word_1_362' title='bbox 1794 4219 1882 4255; x_wconf 85' lang='grc' dir='ltr'>σε·</span> 
     </span>
    </p>
   </div>
   <div class='ocr_carea' id='block_1_47' title="bbox 295 4295 1884 4368">
    <p class='ocr_par' dir='ltr' id='par_1_47' title="bbox 295 4295 1884 4368">
     <span class='ocr_line' id='line_1_47' title="bbox 295 4295 1884 4368; baseline -0.001 -18"><span class='ocrx_word' id='word_1_363' title='bbox 295 4297 522 4368; x_wconf 88' lang='grc' dir='ltr'>ληναίου</span> <span class='ocrx_word' id='word_1_364' title='bbox 546 4297 744 4368; x_wconf 81' lang='grc' dir='ltr'>δρόμου</span> <span class='ocrx_word' id='word_1_365' title='bbox 789 4297 1063 4368; x_wconf 87' lang='grc' dir='ltr'>περίοδον,</span> <span class='ocrx_word' id='word_1_366' title='bbox 1106 4297 1199 4349; x_wconf 70' lang='grc' dir='ltr'><strong>καὶ</strong></span> <span class='ocrx_word' id='word_1_367' title='bbox 1222 4295 1330 4349; x_wconf 82' lang='grc' dir='ltr'>τῶν</span> <span class='ocrx_word' id='word_1_368' title='bbox 1362 4295 1503 4348; x_wconf 82' lang='grc' dir='ltr'><strong>ἐπτά</strong></span> <span class='ocrx_word' id='word_1_369' title='bbox 1541 4295 1760 4366; x_wconf 81' lang='grc' dir='ltr'>ἡμερῶν</span> <span class='ocrx_word' id='word_1_370' title='bbox 1787 4295 1884 4364; x_wconf 84' lang='grc' dir='ltr'>τὴν</span> 
     </span>
    </p>
   </div>
   <div class='ocr_carea' id='block_1_48' title="bbox 292 4386 1884 4458">
    <p class='ocr_par' dir='ltr' id='par_1_48' title="bbox 292 4386 1884 4458">
     <span class='ocr_line' id='line_1_48' title="bbox 292 4386 1884 4458; baseline -0.003 -15"><span class='ocrx_word' id='word_1_371' title='bbox 292 4390 713 4458; x_wconf 80' lang='grc' dir='ltr'>ἀζυμοφαγίαν,</span> <span class='ocrx_word' id='word_1_372' title='bbox 765 4389 858 4442; x_wconf 70' lang='grc' dir='ltr'><strong>καὶ</strong></span> <span class='ocrx_word' id='word_1_373' title='bbox 891 4389 1020 4458; x_wconf 71' lang='grc' dir='ltr'>ὄψον</span> <span class='ocrx_word' id='word_1_374' title='bbox 1067 4388 1307 4450; x_wconf 77' lang='grc' dir='ltr'>ὲπὶτοῖς</span> <span class='ocrx_word' id='word_1_375' title='bbox 1354 4387 1584 4457; x_wconf 78' lang='grc' dir='ltr'>ἀζύμοις</span> <span class='ocrx_word' id='word_1_376' title='bbox 1615 4386 1884 4440; x_wconf 85' lang='grc' dir='ltr'>ποιεῖσθαι</span> 
     </span>
    </p>
   </div>
   <div class='ocr_carea' id='block_1_49' title="bbox 1985 535 3565 610">
    <p class='ocr_par' dir='ltr' id='par_1_49' title="bbox 1985 535 3565 610">
     <span class='ocr_line' id='line_1_49' title="bbox 1985 535 3565 610; baseline -0.003 -17"><span class='ocrx_word' id='word_1_377' title='bbox 1985 547 2234 608; x_wconf 81' lang='lat' dir='ltr'><strong>spectat:</strong></span> <span class='ocrx_word' id='word_1_378' title='bbox 2282 555 2478 610; x_wconf 85' lang='lat' dir='ltr'><strong>nempe</strong></span> <span class='ocrx_word' id='word_1_379' title='bbox 2530 539 2698 594; x_wconf 90' lang='lat' dir='ltr'><strong>Deum</strong></span> <span class='ocrx_word' id='word_1_380' title='bbox 2747 539 2840 609; x_wconf 86' lang='lat' dir='ltr'><strong>qui</strong></span> <span class='ocrx_word' id='word_1_381' title='bbox 2897 545 3070 592; x_wconf 90' lang='lat' dir='ltr'><strong>totum</strong></span> <span class='ocrx_word' id='word_1_382' title='bbox 3129 535 3404 592; x_wconf 89' lang='lat' dir='ltr'><strong>hominem</strong></span> <span class='ocrx_word' id='word_1_383' title='bbox 3469 551 3565 605; x_wconf 85' lang='lat' dir='ltr'><strong>per</strong></span> 
     </span>
    </p>
   </div>
   <div class='ocr_carea' id='block_1_50' title="bbox 1985 627 3562 702">
    <p class='ocr_par' dir='ltr' id='par_1_50' title="bbox 1985 627 3562 702">
     <span class='ocr_line' id='line_1_50' title="bbox 1985 627 3562 702; baseline -0.004 -15"><span class='ocrx_word' id='word_1_384' title='bbox 1985 647 2140 687; x_wconf 91' lang='lat' dir='ltr'><strong>suam</strong></span> <span class='ocrx_word' id='word_1_385' title='bbox 2166 648 2291 685; x_wconf 91' lang='lat' dir='ltr'><strong>cum</strong></span> <span class='ocrx_word' id='word_1_386' title='bbox 2325 632 2418 685; x_wconf 90' lang='lat' dir='ltr'><strong>illo</strong></span> <span class='ocrx_word' id='word_1_387' title='bbox 2448 631 2893 702; x_wconf 88' lang='lat' dir='ltr'><strong>conjunctionem</strong></span> <span class='ocrx_word' id='word_1_388' title='bbox 2943 631 2998 685; x_wconf 94' lang='lat' dir='ltr'><strong>in</strong></span> <span class='ocrx_word' id='word_1_389' title='bbox 3036 636 3287 684; x_wconf 85' lang='lat' dir='ltr'><strong>naturam</strong></span> <span class='ocrx_word' id='word_1_390' title='bbox 3322 627 3562 683; x_wconf 84' lang='lat' dir='ltr'><strong>divinam</strong></span> 
     </span>
    </p>
   </div>
   <div class='ocr_carea' id='block_1_51' title="bbox 1983 719 3563 793">
    <p class='ocr_par' dir='ltr' id='par_1_51' title="bbox 1983 719 3563 793">
     <span class='ocr_line' id='line_1_51' title="bbox 1983 719 3563 793; baseline -0.003 -17"><span class='ocrx_word' id='word_1_391' title='bbox 1983 729 2311 788; x_wconf 89' lang='lat' dir='ltr'><strong>mutaverat,</strong></span> <span class='ocrx_word' id='word_1_392' title='bbox 2343 723 2538 778; x_wconf 91' lang='lat' dir='ltr'><strong>mortis</strong></span> <span class='ocrx_word' id='word_1_393' title='bbox 2595 731 2839 793; x_wconf 87' lang='lat' dir='ltr'><strong>tempore</strong></span> <span class='ocrx_word' id='word_1_394' title='bbox 2881 736 2911 774; x_wconf 90' lang='lat' dir='ltr'><strong>a</strong></span> <span class='ocrx_word' id='word_1_395' title='bbox 2961 728 3154 775; x_wconf 90' lang='lat' dir='ltr'><strong>neutra</strong></span> <span class='ocrx_word' id='word_1_396' title='bbox 3188 719 3354 784; x_wconf 92' lang='lat' dir='ltr'><strong>illius,</strong></span> <span class='ocrx_word' id='word_1_397' title='bbox 3401 733 3563 788; x_wconf 89' lang='lat' dir='ltr'><strong>quem</strong></span> 
     </span>
    </p>
   </div>
   <div class='ocr_carea' id='block_1_52' title="bbox 1984 809 3563 884">
    <p class='ocr_par' dir='ltr' id='par_1_52' title="bbox 1984 809 3563 884">
     <span class='ocr_line' id='line_1_52' title="bbox 1984 809 3563 884; baseline -0.003 -17"><span class='ocrx_word' id='word_1_398' title='bbox 1984 813 2152 868; x_wconf 87' lang='lat' dir='ltr'><strong>semel</strong></span> <span class='ocrx_word' id='word_1_399' title='bbox 2214 824 2618 884; x_wconf 88' lang='lat' dir='ltr'><strong>assumpserat,</strong></span> <span class='ocrx_word' id='word_1_400' title='bbox 2681 822 2836 884; x_wconf 88' lang='lat' dir='ltr'><strong>parte</strong></span> <span class='ocrx_word' id='word_1_401' title='bbox 2908 811 3225 867; x_wconf 87' lang='lat' dir='ltr'><strong>recessisse.</strong></span> <span class='ocrx_word' id='word_1_402' title='bbox 3274 809 3563 880; x_wconf 86' lang='lat' dir='ltr'><strong>Nunquam</strong></span> 
     </span>
    </p>
   </div>
   <div class='ocr_carea' id='block_1_53' title="bbox 1982 899 3564 974">
    <p class='ocr_par' dir='ltr' id='par_1_53' title="bbox 1982 899 3564 974">
     <span class='ocr_line' id='line_1_53' title="bbox 1982 899 3564 974; baseline -0.003 -16"><span class='ocrx_word' id='word_1_403' title='bbox 1982 905 2126 958; x_wconf 90' lang='lat' dir='ltr'><strong>enim</strong></span> <span class='ocrx_word' id='word_1_404' title='bbox 2160 905 2312 960; x_wconf 92' lang='lat' dir='ltr'><strong>illum</strong></span> <span class='ocrx_word' id='word_1_405' title='bbox 2346 921 2570 961; x_wconf 90' lang='lat' dir='ltr'><strong>suorum</strong></span> <span class='ocrx_word' id='word_1_406' title='bbox 2613 920 2901 961; x_wconf 89' lang='lat' dir='ltr'><strong>munerum</strong></span> <span class='ocrx_word' id='word_1_407' title='bbox 2937 904 3165 974; x_wconf 75' lang='lat' dir='ltr'><strong>paenitet</strong></span> <span class='ocrx_word' id='word_1_408' title='bbox 3188 903 3257 956; x_wconf 68' lang='grc' dir='ltr'><strong>δ’.</strong></span> <span class='ocrx_word' id='word_1_409' title='bbox 3295 899 3564 955; x_wconf 85' lang='lat' dir='ltr'><strong>Divinitas</strong></span> 
     </span>
    </p>
   </div>
   <div class='ocr_carea' id='block_1_54' title="bbox 1980 993 3561 1069">
    <p class='ocr_par' dir='ltr' id='par_1_54' title="bbox 1980 993 3561 1069">
     <span class='ocr_line' id='line_1_54' title="bbox 1980 993 3561 1069; baseline -0.002 -19"><span class='ocrx_word' id='word_1_410' title='bbox 1980 1012 2114 1066; x_wconf 82' lang='lat' dir='ltr'><strong>ergo</strong></span> <span class='ocrx_word' id='word_1_411' title='bbox 2153 998 2432 1053; x_wconf 85' lang='lat' dir='ltr'><strong>voluntate</strong></span> <span class='ocrx_word' id='word_1_412' title='bbox 2453 998 2669 1069; x_wconf 85' lang='lat' dir='ltr'><strong>quidem</strong></span> <span class='ocrx_word' id='word_1_413' title='bbox 2703 1000 2944 1053; x_wconf 87' lang='lat' dir='ltr'><strong>animum</strong></span> <span class='ocrx_word' id='word_1_414' title='bbox 2966 1011 2994 1049; x_wconf 89' lang='lat' dir='ltr'><strong>a</strong></span> <span class='ocrx_word' id='word_1_415' title='bbox 3019 1009 3250 1066; x_wconf 85' lang='lat' dir='ltr'><strong>corpore</strong></span> <span class='ocrx_word' id='word_1_416' title='bbox 3271 993 3561 1064; x_wconf 80' lang='lat' dir='ltr'><strong>disjttnxit,</strong></span> 
     </span>
    </p>
   </div>
   <div class='ocr_carea' id='block_1_55' title="bbox 1981 1086 3560 1160">
    <p class='ocr_par' dir='ltr' id='par_1_55' title="bbox 1981 1086 3560 1160">
     <span class='ocr_line' id='line_1_55' title="bbox 1981 1086 3560 1160; baseline -0.005 -16"><span class='ocrx_word' id='word_1_417' title='bbox 1981 1088 2079 1144; x_wconf 88' lang='lat' dir='ltr'><strong>sed</strong></span> <span class='ocrx_word' id='word_1_418' title='bbox 2134 1088 2189 1143; x_wconf 92' lang='lat' dir='ltr'><strong>in</strong></span> <span class='ocrx_word' id='word_1_419' title='bbox 2251 1098 2486 1160; x_wconf 90' lang='lat' dir='ltr'><strong>utroque</strong></span> <span class='ocrx_word' id='word_1_420' title='bbox 2533 1098 2712 1145; x_wconf 85' lang='lat' dir='ltr'><strong>tamen</strong></span> <span class='ocrx_word' id='word_1_421' title='bbox 2763 1104 2823 1145; x_wconf 88' lang='lat' dir='ltr'><strong>se</strong></span> <span class='ocrx_word' id='word_1_422' title='bbox 2868 1102 3091 1142; x_wconf 88' lang='lat' dir='ltr'><strong>manere</strong></span> <span class='ocrx_word' id='word_1_423' title='bbox 3141 1086 3560 1140; x_wconf 83' lang='lat' dir='ltr'><strong>demonstravit.</strong></span> 
     </span>
    </p>
   </div>
   <div class='ocr_carea' id='block_1_56' title="bbox 1981 1177 3565 1251">
    <p class='ocr_par' dir='ltr' id='par_1_56' title="bbox 1981 1177 3565 1251">
     <span class='ocr_line' id='line_1_56' title="bbox 1981 1177 3565 1251; baseline -0.003 -19"><span class='ocrx_word' id='word_1_424' title='bbox 1981 1178 2116 1232; x_wconf 89' lang='lat' dir='ltr'><strong>Nam</strong></span> <span class='ocrx_word' id='word_1_425' title='bbox 2157 1194 2253 1250; x_wconf 88' lang='lat' dir='ltr'><strong>per</strong></span> <span class='ocrx_word' id='word_1_426' title='bbox 2299 1196 2522 1251; x_wconf 89' lang='lat' dir='ltr'><strong>corpus,</strong></span> <span class='ocrx_word' id='word_1_427' title='bbox 2554 1181 2610 1235; x_wconf 91' lang='lat' dir='ltr'><strong>in</strong></span> <span class='ocrx_word' id='word_1_428' title='bbox 2657 1195 2766 1250; x_wconf 92' lang='lat' dir='ltr'><strong>quo</strong></span> <span class='ocrx_word' id='word_1_429' title='bbox 2806 1177 3214 1247; x_wconf 90' lang='lat' dir='ltr'><strong>corruptionem</strong></span> <span class='ocrx_word' id='word_1_430' title='bbox 3268 1191 3335 1230; x_wconf 82' lang='lat' dir='ltr'><strong>ex</strong></span> <span class='ocrx_word' id='word_1_431' title='bbox 3388 1185 3565 1230; x_wconf 89' lang='lat' dir='ltr'><strong>morte</strong></span> 
     </span>
    </p>
   </div>
   <div class='ocr_carea' id='block_1_57' title="bbox 1982 1267 3565 1342">
    <p class='ocr_par' dir='ltr' id='par_1_57' title="bbox 1982 1267 3565 1342">
     <span class='ocr_line' id='line_1_57' title="bbox 1982 1267 3565 1342; baseline -0.003 -17"><span class='ocrx_word' id='word_1_432' title='bbox 1982 1274 2394 1342; x_wconf 82' lang='lat' dir='ltr'><strong>provenientem</strong></span> <span class='ocrx_word' id='word_1_433' title='bbox 2437 1289 2546 1328; x_wconf 90' lang='lat' dir='ltr'><strong>non</strong></span> <span class='ocrx_word' id='word_1_434' title='bbox 2590 1272 2903 1335; x_wconf 71' lang='lat' dir='ltr'><strong>admisit“,</strong></span> <span class='ocrx_word' id='word_1_435' title='bbox 2935 1269 3129 1325; x_wconf 90' lang='lat' dir='ltr'><strong>evertit</strong></span> <span class='ocrx_word' id='word_1_436' title='bbox 3157 1283 3304 1330; x_wconf 92' lang='lat' dir='ltr'><strong>eum,</strong></span> <span class='ocrx_word' id='word_1_437' title='bbox 3345 1268 3435 1337; x_wconf 90' lang='lat' dir='ltr'><strong>qui</strong></span> <span class='ocrx_word' id='word_1_438' title='bbox 3467 1267 3565 1320; x_wconf 85' lang='lat' dir='ltr'><strong>ha-</strong></span> 
     </span>
    </p>
   </div>
   <div class='ocr_carea' id='block_1_58' title="bbox 1980 1359 3562 1435">
    <p class='ocr_par' dir='ltr' id='par_1_58' title="bbox 1980 1359 3562 1435">
     <span class='ocr_line' id='line_1_58' title="bbox 1980 1359 3562 1435; baseline -0.004 -17"><span class='ocrx_word' id='word_1_439' title='bbox 1980 1363 2142 1418; x_wconf 87' lang='lat' dir='ltr'><strong>bebat</strong></span> <span class='ocrx_word' id='word_1_440' title='bbox 2162 1366 2356 1421; x_wconf 89' lang='lat' dir='ltr'><strong>mortis</strong></span> <span class='ocrx_word' id='word_1_441' title='bbox 2409 1364 2795 1435; x_wconf 71' lang='lat' dir='ltr'><strong>imperium“:</strong></span> <span class='ocrx_word' id='word_1_442' title='bbox 2841 1379 2939 1433; x_wconf 88' lang='lat' dir='ltr'><strong>per</strong></span> <span class='ocrx_word' id='word_1_443' title='bbox 2973 1362 3214 1417; x_wconf 88' lang='lat' dir='ltr'><strong>animum</strong></span> <span class='ocrx_word' id='word_1_444' title='bbox 3252 1367 3432 1413; x_wconf 89' lang='lat' dir='ltr'><strong>autem</strong></span> <span class='ocrx_word' id='word_1_445' title='bbox 3483 1359 3562 1412; x_wconf 89' lang='lat' dir='ltr'><strong>la-</strong></span> 
     </span>
    </p>
   </div>
   <div class='ocr_carea' id='block_1_59' title="bbox 1981 1452 3564 1524">
    <p class='ocr_par' dir='ltr' id='par_1_59' title="bbox 1981 1452 3564 1524">
     <span class='ocr_line' id='line_1_59' title="bbox 1981 1452 3564 1524; baseline -0.003 -18"><span class='ocrx_word' id='word_1_446' title='bbox 1981 1455 2123 1507; x_wconf 87' lang='lat' dir='ltr'><strong>troni</strong></span> <span class='ocrx_word' id='word_1_447' title='bbox 2181 1455 2434 1524; x_wconf 82' lang='lat' dir='ltr'><strong>patefecit</strong></span> <span class='ocrx_word' id='word_1_448' title='bbox 2472 1455 2681 1509; x_wconf 88' lang='lat' dir='ltr'><strong>aditum</strong></span> <span class='ocrx_word' id='word_1_449' title='bbox 2738 1454 2795 1510; x_wconf 91' lang='lat' dir='ltr'><strong>in</strong></span> <span class='ocrx_word' id='word_1_450' title='bbox 2852 1452 3210 1523; x_wconf 79' lang='lat' dir='ltr'><strong>paradisum:</strong></span> <span class='ocrx_word' id='word_1_451' title='bbox 3270 1457 3564 1517; x_wconf 86' lang='lat' dir='ltr'><strong>utrumque</strong></span> 
     </span>
    </p>
   </div>
   <div class='ocr_carea' id='block_1_60' title="bbox 1979 1541 3561 1616">
    <p class='ocr_par' dir='ltr' id='par_1_60' title="bbox 1979 1541 3561 1616">
     <span class='ocr_line' id='line_1_60' title="bbox 1979 1541 3561 1616; baseline -0.003 -20"><span class='ocrx_word' id='word_1_452' title='bbox 1979 1553 2159 1598; x_wconf 89' lang='lat' dir='ltr'><strong>autem</strong></span> <span class='ocrx_word' id='word_1_453' title='bbox 2191 1545 2382 1600; x_wconf 91' lang='lat' dir='ltr'><strong>eodem</strong></span> <span class='ocrx_word' id='word_1_454' title='bbox 2411 1553 2659 1616; x_wconf 88' lang='lat' dir='ltr'><strong>tempore</strong></span> <span class='ocrx_word' id='word_1_455' title='bbox 2681 1545 2982 1616; x_wconf 81' lang='lat' dir='ltr'><strong>perfectum</strong></span> <span class='ocrx_word' id='word_1_456' title='bbox 3015 1554 3118 1609; x_wconf 88' lang='lat' dir='ltr'><strong>est,</strong></span> <span class='ocrx_word' id='word_1_457' title='bbox 3151 1541 3438 1596; x_wconf 80' lang='lat' dir='ltr'><strong>divinitate</strong></span> <span class='ocrx_word' id='word_1_458' title='bbox 3466 1554 3561 1608; x_wconf 87' lang='lat' dir='ltr'><strong>per</strong></span> 
     </span>
    </p>
   </div>
   <div class='ocr_carea' id='block_1_61' title="bbox 1982 1637 3564 1707">
    <p class='ocr_par' dir='ltr' id='par_1_61' title="bbox 1982 1637 3564 1707">
     <span class='ocr_line' id='line_1_61' title="bbox 1982 1637 3564 1707; baseline -0.001 -19"><span class='ocrx_word' id='word_1_459' title='bbox 1982 1642 2272 1706; x_wconf 89' lang='lat' dir='ltr'><strong>utramque</strong></span> <span class='ocrx_word' id='word_1_460' title='bbox 2300 1637 2539 1693; x_wconf 86' lang='lat' dir='ltr'><strong>hominis</strong></span> <span class='ocrx_word' id='word_1_461' title='bbox 2579 1646 2788 1707; x_wconf 87' lang='lat' dir='ltr'><strong>partem</strong></span> <span class='ocrx_word' id='word_1_462' title='bbox 2822 1637 2936 1691; x_wconf 68' lang='lat' dir='ltr'><strong>haec</strong></span> <span class='ocrx_word' id='word_1_463' title='bbox 2966 1637 3110 1692; x_wconf 89' lang='lat' dir='ltr'><strong>bona</strong></span> <span class='ocrx_word' id='word_1_464' title='bbox 3149 1642 3464 1704; x_wconf 68' lang='lat' dir='ltr'><strong>praestante,</strong></span> <span class='ocrx_word' id='word_1_465' title='bbox 3506 1640 3564 1686; x_wconf 91' lang='lat' dir='ltr'><strong>ut</strong></span> 
     </span>
    </p>
   </div>
   <div class='ocr_carea' id='block_1_62' title="bbox 1981 1724 3562 1800">
    <p class='ocr_par' dir='ltr' id='par_1_62' title="bbox 1981 1724 3562 1800">
     <span class='ocr_line' id='line_1_62' title="bbox 1981 1724 3562 1800; baseline -0.001 -19"><span class='ocrx_word' id='word_1_466' title='bbox 1981 1741 2080 1796; x_wconf 88' lang='lat' dir='ltr'><strong>per</strong></span> <span class='ocrx_word' id='word_1_467' title='bbox 2127 1728 2378 1798; x_wconf 90' lang='lat' dir='ltr'><strong>corporis</strong></span> <span class='ocrx_word' id='word_1_468' title='bbox 2430 1730 2902 1800; x_wconf 87' lang='lat' dir='ltr'><strong>incorruptionem</strong></span> <span class='ocrx_word' id='word_1_469' title='bbox 2950 1735 3180 1783; x_wconf 89' lang='lat' dir='ltr'><strong>mortem</strong></span> <span class='ocrx_word' id='word_1_470' title='bbox 3231 1727 3404 1797; x_wconf 87' lang='lat' dir='ltr'><strong>ipsam</strong></span> <span class='ocrx_word' id='word_1_471' title='bbox 3443 1724 3562 1780; x_wconf 88' lang='lat' dir='ltr'><strong>dis-</strong></span> 
     </span>
    </p>
   </div>
   <div class='ocr_carea' id='block_1_63' title="bbox 1983 1817 3562 1889">
    <p class='ocr_par' dir='ltr' id='par_1_63' title="bbox 1983 1817 3562 1889">
     <span class='ocr_line' id='line_1_63' title="bbox 1983 1817 3562 1889; baseline -0.001 -19"><span class='ocrx_word' id='word_1_472' title='bbox 1983 1818 2252 1884; x_wconf 75' lang='lat' dir='ltr'><strong>solveret,</strong></span> <span class='ocrx_word' id='word_1_473' title='bbox 2315 1835 2410 1889; x_wconf 89' lang='lat' dir='ltr'><strong>per</strong></span> <span class='ocrx_word' id='word_1_474' title='bbox 2446 1821 2616 1874; x_wconf 90' lang='lat' dir='ltr'><strong>animi</strong></span> <span class='ocrx_word' id='word_1_475' title='bbox 2676 1834 2807 1874; x_wconf 85' lang='lat' dir='ltr'><strong>vero</strong></span> <span class='ocrx_word' id='word_1_476' title='bbox 2847 1820 2903 1874; x_wconf 91' lang='lat' dir='ltr'><strong>in</strong></span> <span class='ocrx_word' id='word_1_477' title='bbox 2948 1818 3078 1874; x_wconf 89' lang='lat' dir='ltr'><strong>sede</strong></span> <span class='ocrx_word' id='word_1_478' title='bbox 3141 1817 3362 1888; x_wconf 87' lang='lat' dir='ltr'><strong>propria</strong></span> <span class='ocrx_word' id='word_1_479' title='bbox 3428 1828 3562 1870; x_wconf 90' lang='lat' dir='ltr'><strong>con-</strong></span> 
     </span>
    </p>
   </div>
   <div class='ocr_carea' id='block_1_64' title="bbox 1983 1907 3562 1980">
    <p class='ocr_par' dir='ltr' id='par_1_64' title="bbox 1983 1907 3562 1980">
     <span class='ocr_line' id='line_1_64' title="bbox 1983 1907 3562 1980; baseline -0.003 -15"><span class='ocrx_word' id='word_1_480' title='bbox 1983 1909 2320 1965; x_wconf 88' lang='lat' dir='ltr'><strong>stitutionem</strong></span> <span class='ocrx_word' id='word_1_481' title='bbox 2349 1911 2659 1966; x_wconf 88' lang='lat' dir='ltr'><strong>hominibus</strong></span> <span class='ocrx_word' id='word_1_482' title='bbox 2693 1911 2900 1964; x_wconf 80' lang='lat' dir='ltr'><strong>aditum</strong></span> <span class='ocrx_word' id='word_1_483' title='bbox 2943 1910 2996 1963; x_wconf 94' lang='lat' dir='ltr'><strong>in</strong></span> <span class='ocrx_word' id='word_1_484' title='bbox 3033 1909 3346 1980; x_wconf 87' lang='lat' dir='ltr'><strong>paradisum</strong></span> <span class='ocrx_word' id='word_1_485' title='bbox 3380 1907 3562 1977; x_wconf 81' lang='lat' dir='ltr'><strong>aperi-</strong></span> 
     </span>
    </p>
   </div>
   <div class='ocr_carea' id='block_1_65' title="bbox 1984 1998 3556 2072">
    <p class='ocr_par' dir='ltr' id='par_1_65' title="bbox 1984 1998 3556 2072">
     <span class='ocr_line' id='line_1_65' title="bbox 1984 1998 3556 2072; baseline -0.003 -17"><span class='ocrx_word' id='word_1_486' title='bbox 1984 2009 2086 2056; x_wconf 87' lang='lat' dir='ltr'><strong>ret.</strong></span> <span class='ocrx_word' id='word_1_487' title='bbox 2124 2001 2390 2068; x_wconf 86' lang='lat' dir='ltr'><strong>Quoniam</strong></span> <span class='ocrx_word' id='word_1_488' title='bbox 2428 2002 2591 2072; x_wconf 82' lang='lat' dir='ltr'><strong>igitur</strong></span> <span class='ocrx_word' id='word_1_489' title='bbox 2619 2002 2818 2072; x_wconf 77' lang='lat' dir='ltr'><strong>duplex</strong></span> <span class='ocrx_word' id='word_1_490' title='bbox 2863 2008 2943 2057; x_wconf 88' lang='lat' dir='ltr'><strong>est</strong></span> <span class='ocrx_word' id='word_1_491' title='bbox 2982 2001 3218 2054; x_wconf 86' lang='lat' dir='ltr'><strong>hominis</strong></span> <span class='ocrx_word' id='word_1_492' title='bbox 3255 1998 3556 2060; x_wconf 86' lang='lat' dir='ltr'><strong>concretio,</strong></span> 
     </span>
    </p>
   </div>
   <div class='ocr_carea' id='block_1_66' title="bbox 1985 2091 3562 2160">
    <p class='ocr_par' dir='ltr' id='par_1_66' title="bbox 1985 2091 3562 2160">
     <span class='ocr_line' id='line_1_66' title="bbox 1985 2091 3562 2160; baseline -0.004 -14"><span class='ocrx_word' id='word_1_493' title='bbox 1985 2092 2214 2160; x_wconf 87' lang='lat' dir='ltr'><strong>simplex</strong></span> <span class='ocrx_word' id='word_1_494' title='bbox 2252 2101 2430 2147; x_wconf 90' lang='lat' dir='ltr'><strong>autem</strong></span> <span class='ocrx_word' id='word_1_495' title='bbox 2478 2100 2641 2160; x_wconf 90' lang='lat' dir='ltr'><strong>atque</strong></span> <span class='ocrx_word' id='word_1_496' title='bbox 2677 2106 2785 2145; x_wconf 90' lang='lat' dir='ltr'><strong>una</strong></span> <span class='ocrx_word' id='word_1_497' title='bbox 2827 2091 3128 2145; x_wconf 88' lang='lat' dir='ltr'><strong>divinitatis</strong></span> <span class='ocrx_word' id='word_1_498' title='bbox 3175 2097 3393 2153; x_wconf 89' lang='lat' dir='ltr'><strong>natura,</strong></span> <span class='ocrx_word' id='word_1_499' title='bbox 3438 2100 3562 2141; x_wconf 90' lang='lat' dir='ltr'><strong>eum</strong></span> 
     </span>
    </p>
   </div>
   <div class='ocr_carea' id='block_1_67' title="bbox 1985 2175 3562 2250">
    <p class='ocr_par' dir='ltr' id='par_1_67' title="bbox 1985 2175 3562 2250">
     <span class='ocr_line' id='line_1_67' title="bbox 1985 2175 3562 2250; baseline -0.006 -15"><span class='ocrx_word' id='word_1_500' title='bbox 1985 2182 2150 2236; x_wconf 88' lang='lat' dir='ltr'><strong>homo</strong></span> <span class='ocrx_word' id='word_1_501' title='bbox 2197 2182 2492 2236; x_wconf 88' lang='lat' dir='ltr'><strong>dirimatur</strong></span> <span class='ocrx_word' id='word_1_502' title='bbox 2533 2189 2699 2250; x_wconf 87' lang='lat' dir='ltr'><strong>atque</strong></span> <span class='ocrx_word' id='word_1_503' title='bbox 2739 2180 3094 2242; x_wconf 81' lang='lat' dir='ltr'><strong>distrahatur,</strong></span> <span class='ocrx_word' id='word_1_504' title='bbox 3144 2177 3406 2233; x_wconf 85' lang='lat' dir='ltr'><strong>divinitas</strong></span> <span class='ocrx_word' id='word_1_505' title='bbox 3445 2175 3562 2244; x_wconf 88' lang='lat' dir='ltr'><strong>ipsa</strong></span> 
     </span>
    </p>
   </div>
   <div class='ocr_carea' id='block_1_68' title="bbox 1985 2272 3560 2350">
    <p class='ocr_par' dir='ltr' id='par_1_68' title="bbox 1985 2272 3560 2350">
     <span class='ocr_line' id='line_1_68' title="bbox 1985 2272 3560 2350; baseline -0.006 -15"><span class='ocrx_word' id='word_1_506' title='bbox 1985 2279 2399 2350; x_wconf 84' lang='lat' dir='ltr'><strong>quaeindividua</strong></span> <span class='ocrx_word' id='word_1_507' title='bbox 2425 2287 2529 2344; x_wconf 89' lang='lat' dir='ltr'><strong>est,</strong></span> <span class='ocrx_word' id='word_1_508' title='bbox 2552 2296 2661 2334; x_wconf 92' lang='lat' dir='ltr'><strong>non</strong></span> <span class='ocrx_word' id='word_1_509' title='bbox 2696 2287 3001 2346; x_wconf 83' lang='lat' dir='ltr'><strong>separatur,</strong></span> <span class='ocrx_word' id='word_1_510' title='bbox 3028 2275 3122 2332; x_wconf 91' lang='lat' dir='ltr'><strong>sed</strong></span> <span class='ocrx_word' id='word_1_511' title='bbox 3152 2283 3344 2328; x_wconf 88' lang='lat' dir='ltr'><strong>contra</strong></span> <span class='ocrx_word' id='word_1_512' title='bbox 3375 2272 3560 2344; x_wconf 88' lang='lat' dir='ltr'><strong>potius</strong></span> 
     </span>
    </p>
   </div>
   <div class='ocr_carea' id='block_1_69' title="bbox 1985 2365 3564 2444">
    <p class='ocr_par' dir='ltr' id='par_1_69' title="bbox 1985 2365 3564 2444">
     <span class='ocr_line' id='line_1_69' title="bbox 1985 2365 3564 2444; baseline -0.003 -19"><span class='ocrx_word' id='word_1_513' title='bbox 1985 2380 2209 2444; x_wconf 89' lang='lat' dir='ltr'><strong>propter</strong></span> <span class='ocrx_word' id='word_1_514' title='bbox 2240 2371 2507 2427; x_wconf 88' lang='lat' dir='ltr'><strong>unitatem</strong></span> <span class='ocrx_word' id='word_1_515' title='bbox 2535 2378 2744 2427; x_wconf 62' lang='lat' dir='ltr'><strong>natura:</strong></span> <span class='ocrx_word' id='word_1_516' title='bbox 2793 2371 3014 2435; x_wconf 67' lang='lat' dir='ltr'><strong>divinae,</strong></span> <span class='ocrx_word' id='word_1_517' title='bbox 3045 2384 3165 2440; x_wconf 71' lang='lat' dir='ltr'><strong>qua:</strong></span> <span class='ocrx_word' id='word_1_518' title='bbox 3199 2368 3412 2438; x_wconf 89' lang='lat' dir='ltr'><strong>utrique</strong></span> <span class='ocrx_word' id='word_1_519' title='bbox 3449 2365 3564 2419; x_wconf 88' lang='lat' dir='ltr'><strong>ho—</strong></span> 
     </span>
    </p>
   </div>
   <div class='ocr_carea' id='block_1_70' title="bbox 1986 2462 3564 2536">
    <p class='ocr_par' dir='ltr' id='par_1_70' title="bbox 1986 2462 3564 2536">
     <span class='ocr_line' id='line_1_70' title="bbox 1986 2462 3564 2536; baseline -0.003 -20"><span class='ocrx_word' id='word_1_520' title='bbox 1986 2463 2154 2519; x_wconf 87' lang='lat' dir='ltr'><strong>minis</strong></span> <span class='ocrx_word' id='word_1_521' title='bbox 2181 2467 2323 2536; x_wconf 90' lang='lat' dir='ltr'><strong>parti</strong></span> <span class='ocrx_word' id='word_1_522' title='bbox 2353 2481 2418 2521; x_wconf 84' lang='lat' dir='ltr'><strong>ex</strong></span> <span class='ocrx_word' id='word_1_523' title='bbox 2447 2480 2605 2535; x_wconf 72' lang='lat' dir='ltr'><strong>mque</strong></span> <span class='ocrx_word' id='word_1_524' title='bbox 2631 2464 2794 2531; x_wconf 84' lang='lat' dir='ltr'><strong>inest,</strong></span> <span class='ocrx_word' id='word_1_525' title='bbox 2841 2477 2962 2534; x_wconf 68' lang='lat' dir='ltr'><strong>quae</strong></span> <span class='ocrx_word' id='word_1_526' title='bbox 2995 2462 3245 2532; x_wconf 72' lang='lat' dir='ltr'><strong>seiuncta</strong></span> <span class='ocrx_word' id='word_1_527' title='bbox 3287 2467 3564 2529; x_wconf 88' lang='lat' dir='ltr'><strong>separata-</strong></span> 
     </span>
    </p>
   </div>
   <div class='ocr_carea' id='block_1_71' title="bbox 1987 2552 3564 2627">
    <p class='ocr_par' dir='ltr' id='par_1_71' title="bbox 1987 2552 3564 2627">
     <span class='ocr_line' id='line_1_71' title="bbox 1987 2552 3564 2627; baseline -0.003 -17"><span class='ocrx_word' id='word_1_528' title='bbox 1987 2572 2093 2627; x_wconf 93' lang='lat' dir='ltr'><strong>que</strong></span> <span class='ocrx_word' id='word_1_529' title='bbox 2124 2569 2299 2622; x_wconf 87' lang='lat' dir='ltr'><strong>erant,</strong></span> <span class='ocrx_word' id='word_1_530' title='bbox 2331 2573 2551 2614; x_wconf 89' lang='lat' dir='ltr'><strong>rursum</strong></span> <span class='ocrx_word' id='word_1_531' title='bbox 2585 2564 2785 2612; x_wconf 90' lang='lat' dir='ltr'><strong>coeunt</strong></span> <span class='ocrx_word' id='word_1_532' title='bbox 2819 2565 2873 2611; x_wconf 90' lang='lat' dir='ltr'><strong>ct</strong></span> <span class='ocrx_word' id='word_1_533' title='bbox 2918 2555 3349 2625; x_wconf 80' lang='lat' dir='ltr'><strong>conjunguntur.</strong></span> <span class='ocrx_word' id='word_1_534' title='bbox 3383 2552 3564 2622; x_wconf 88' lang='lat' dir='ltr'><strong>Atque</strong></span> 
     </span>
    </p>
   </div>
   <div class='ocr_carea' id='block_1_72' title="bbox 1987 2646 3562 2720">
    <p class='ocr_par' dir='ltr' id='par_1_72' title="bbox 1987 2646 3562 2720">
     <span class='ocr_line' id='line_1_72' title="bbox 1987 2646 3562 2720; baseline -0.002 -18"><span class='ocrx_word' id='word_1_535' title='bbox 1987 2649 2063 2704; x_wconf 89' lang='lat' dir='ltr'><strong>ita</strong></span> <span class='ocrx_word' id='word_1_536' title='bbox 2101 2665 2166 2704; x_wconf 81' lang='lat' dir='ltr'><strong>ex</strong></span> <span class='ocrx_word' id='word_1_537' title='bbox 2197 2651 2433 2720; x_wconf 88' lang='lat' dir='ltr'><strong>partium</strong></span> <span class='ocrx_word' id='word_1_538' title='bbox 2488 2649 2913 2719; x_wconf 86' lang='lat' dir='ltr'><strong>conjunctarum</strong></span> <span class='ocrx_word' id='word_1_539' title='bbox 2961 2646 3233 2702; x_wconf 89' lang='lat' dir='ltr'><strong>divisione</strong></span> <span class='ocrx_word' id='word_1_540' title='bbox 3278 2659 3429 2699; x_wconf 91' lang='lat' dir='ltr'><strong>mors</strong></span> <span class='ocrx_word' id='word_1_541' title='bbox 3472 2657 3562 2699; x_wconf 88' lang='lat' dir='ltr'><strong>se-</strong></span> 
     </span>
    </p>
   </div>
   <div class='ocr_carea' id='block_1_73' title="bbox 1987 2738 3564 2816">
    <p class='ocr_par' dir='ltr' id='par_1_73' title="bbox 1987 2738 3564 2816">
     <span class='ocr_line' id='line_1_73' title="bbox 1987 2738 3564 2816; baseline -0.007 -17"><span class='ocrx_word' id='word_1_542' title='bbox 1987 2741 2196 2816; x_wconf 88' lang='lat' dir='ltr'><strong>quitur,</strong></span> <span class='ocrx_word' id='word_1_543' title='bbox 2229 2758 2294 2797; x_wconf 80' lang='lat' dir='ltr'><strong>ex</strong></span> <span class='ocrx_word' id='word_1_544' title='bbox 2345 2742 2646 2797; x_wconf 88' lang='lat' dir='ltr'><strong>divisarum</strong></span> <span class='ocrx_word' id='word_1_545' title='bbox 2702 2747 2888 2795; x_wconf 89' lang='lat' dir='ltr'><strong>autem</strong></span> <span class='ocrx_word' id='word_1_546' title='bbox 2937 2738 3328 2808; x_wconf 87' lang='lat' dir='ltr'><strong>conjunctione</strong></span> <span class='ocrx_word' id='word_1_547' title='bbox 3378 2750 3564 2790; x_wconf 90' lang='lat' dir='ltr'><strong>resur-</strong></span> 
     </span>
    </p>
   </div>
   <div class='ocr_carea' id='block_1_74' title="bbox 1987 2826 3566 2903">
    <p class='ocr_par' dir='ltr' id='par_1_74' title="bbox 1987 2826 3566 2903">
     <span class='ocr_line' id='line_1_74' title="bbox 1987 2826 3566 2903; baseline -0.007 -14"><span class='ocrx_word' id='word_1_548' title='bbox 1987 2835 2178 2891; x_wconf 89' lang='lat' dir='ltr'><strong>rectio.</strong></span> <span class='ocrx_word' id='word_1_549' title='bbox 2219 2833 2373 2900; x_wconf 87' lang='lat' dir='ltr'><strong>Quod</strong></span> <span class='ocrx_word' id='word_1_550' title='bbox 2426 2835 2472 2889; x_wconf 91' lang='lat' dir='ltr'><strong>si</strong></span> <span class='ocrx_word' id='word_1_551' title='bbox 2532 2833 2735 2903; x_wconf 66' lang='lat' dir='ltr'><strong>qumris</strong></span> <span class='ocrx_word' id='word_1_552' title='bbox 2777 2831 3052 2902; x_wconf 92' lang='lat' dir='ltr'><strong>quomodo</strong></span> <span class='ocrx_word' id='word_1_553' title='bbox 3094 2830 3148 2884; x_wconf 89' lang='lat' dir='ltr'><strong>in</strong></span> <span class='ocrx_word' id='word_1_554' title='bbox 3201 2826 3453 2899; x_wconf 87' lang='lat' dir='ltr'><strong>paradiso</strong></span> <span class='ocrx_word' id='word_1_555' title='bbox 3505 2839 3566 2880; x_wconf 92' lang='lat' dir='ltr'><strong>se</strong></span> 
     </span>
    </p>
   </div>
   <div class='ocr_carea' id='block_1_75' title="bbox 1986 2915 3563 2985">
    <p class='ocr_par' dir='ltr' id='par_1_75' title="bbox 1986 2915 3563 2985">
     <span class='ocr_line' id='line_1_75' title="bbox 1986 2915 3563 2985; baseline -0.005 -7"><span class='ocrx_word' id='word_1_556' title='bbox 1986 2925 2166 2980; x_wconf 88' lang='lat' dir='ltr'><strong>Patris</strong></span> <span class='ocrx_word' id='word_1_557' title='bbox 2201 2925 2455 2980; x_wconf 87' lang='lat' dir='ltr'><strong>manibus</strong></span> <span class='ocrx_word' id='word_1_558' title='bbox 2492 2923 2912 2985; x_wconf 83' lang='lat' dir='ltr'><strong>commendarit,</strong></span> <span class='ocrx_word' id='word_1_559' title='bbox 2947 2921 3046 2976; x_wconf 90' lang='lat' dir='ltr'><strong>tibi</strong></span> <span class='ocrx_word' id='word_1_560' title='bbox 3091 2919 3344 2975; x_wconf 88' lang='lat' dir='ltr'><strong>sublimis</strong></span> <span class='ocrx_word' id='word_1_561' title='bbox 3391 2915 3563 2972; x_wconf 83' lang='lat' dir='ltr'><strong>Isaias</strong></span> 
     </span>
    </p>
   </div>
   <div class='ocr_carea' id='block_1_76' title="bbox 1989 3007 3562 3083">
    <p class='ocr_par' dir='ltr' id='par_1_76' title="bbox 1989 3007 3562 3083">
     <span class='ocr_line' id='line_1_76' title="bbox 1989 3007 3562 3083; baseline -0.004 -17"><span class='ocrx_word' id='word_1_562' title='bbox 1989 3013 2341 3083; x_wconf 89' lang='lat' dir='ltr'><strong>respondebit</strong></span> <span class='ocrx_word' id='word_1_563' title='bbox 2362 3013 2429 3067; x_wconf 90' lang='lat' dir='ltr'><strong>de</strong></span> <span class='ocrx_word' id='word_1_564' title='bbox 2452 3012 2662 3068; x_wconf 80' lang='lat' dir='ltr'><strong>coeleSti</strong></span> <span class='ocrx_word' id='word_1_565' title='bbox 2690 3011 3015 3078; x_wconf 89' lang='lat' dir='ltr'><strong>Jerusalem,</strong></span> <span class='ocrx_word' id='word_1_566' title='bbox 3045 3023 3207 3079; x_wconf 89' lang='lat' dir='ltr'><strong>quam</strong></span> <span class='ocrx_word' id='word_1_567' title='bbox 3251 3007 3386 3061; x_wconf 89' lang='lat' dir='ltr'><strong>nihil</strong></span> <span class='ocrx_word' id='word_1_568' title='bbox 3415 3007 3562 3061; x_wconf 88' lang='lat' dir='ltr'><strong>aliud</strong></span> 
     </span>
    </p>
   </div>
   <div class='ocr_carea' id='block_1_77' title="bbox 1988 3099 3564 3176">
    <p class='ocr_par' dir='ltr' id='par_1_77' title="bbox 1988 3099 3564 3176">
     <span class='ocr_line' id='line_1_77' title="bbox 1988 3099 3564 3176; baseline -0.004 -16"><span class='ocrx_word' id='word_1_569' title='bbox 1988 3106 2095 3162; x_wconf 90' lang='lat' dir='ltr'><strong>nisi</strong></span> <span class='ocrx_word' id='word_1_570' title='bbox 2131 3106 2445 3176; x_wconf 84' lang='lat' dir='ltr'><strong>paradisum</strong></span> <span class='ocrx_word' id='word_1_571' title='bbox 2477 3121 2600 3161; x_wconf 91' lang='lat' dir='ltr'><strong>esse</strong></span> <span class='ocrx_word' id='word_1_572' title='bbox 2622 3105 2899 3160; x_wconf 90' lang='lat' dir='ltr'><strong>credimus</strong></span> <span class='ocrx_word' id='word_1_573' title='bbox 2925 3120 2989 3159; x_wconf 85' lang='lat' dir='ltr'><strong>ex</strong></span> <span class='ocrx_word' id='word_1_574' title='bbox 3022 3103 3118 3158; x_wconf 90' lang='lat' dir='ltr'><strong>Dei</strong></span> <span class='ocrx_word' id='word_1_575' title='bbox 3146 3117 3380 3173; x_wconf 87' lang='lat' dir='ltr'><strong>persona</strong></span> <span class='ocrx_word' id='word_1_576' title='bbox 3410 3119 3424 3155; x_wconf 92' lang='lat'>:</span> <span class='ocrx_word' id='word_1_577' title='bbox 3461 3099 3564 3154; x_wconf 88' lang='lat' dir='ltr'><strong>De-</strong></span> 
     </span>
    </p>
   </div>
   <div class='ocr_carea' id='block_1_78' title="bbox 1983 3189 3561 3266">
    <p class='ocr_par' dir='ltr' id='par_1_78' title="bbox 1983 3189 3561 3266">
     <span class='ocr_line' id='line_1_78' title="bbox 1983 3189 3561 3266; baseline -0.003 -18"><span class='ocrx_word' id='word_1_578' title='bbox 1983 3196 2169 3263; x_wconf 82' lang='lat' dir='ltr'><strong>scripsi</strong></span> <span class='ocrx_word' id='word_1_579' title='bbox 2199 3211 2376 3249; x_wconf 82' lang='lat' dir='ltr'><strong>muros</strong></span> <span class='ocrx_word' id='word_1_580' title='bbox 2397 3237 2412 3261; x_wconf 97' lang='lat'><strong>,</strong></span> <span class='ocrx_word' id='word_1_581' title='bbox 2460 3195 2748 3266; x_wconf 90' lang='lat' dir='ltr'><strong>inquiens,</strong></span> <span class='ocrx_word' id='word_1_582' title='bbox 2797 3204 2915 3249; x_wconf 80' lang='lat' dir='ltr'><strong>tuos</strong></span> <span class='ocrx_word' id='word_1_583' title='bbox 2948 3195 3000 3247; x_wconf 82' lang='lat' dir='ltr'><strong>in</strong></span> <span class='ocrx_word' id='word_1_584' title='bbox 3048 3194 3289 3247; x_wconf 66' lang='lat' dir='ltr'><strong>manibus</strong></span> <span class='ocrx_word' id='word_1_585' title='bbox 3335 3193 3464 3246; x_wconf 79' lang='lat' dir='ltr'><strong>meis</strong></span> <span class='ocrx_word' id='word_1_586' title='bbox 3492 3189 3561 3243; x_wconf 71' lang='grc'><strong>⁸³.</strong></span> 
     </span>
    </p>
   </div>
   <div class='ocr_carea' id='block_1_79' title="bbox 1984 3284 3563 3357">
    <p class='ocr_par' dir='ltr' id='par_1_79' title="bbox 1984 3284 3563 3357">
     <span class='ocr_line' id='line_1_79' title="bbox 1984 3284 3563 3357; baseline 0.001 -18"><span class='ocrx_word' id='word_1_587' title='bbox 1984 3286 2164 3352; x_wconf 84' lang='lat' dir='ltr'><strong>Quare</strong></span> <span class='ocrx_word' id='word_1_588' title='bbox 2190 3287 2234 3343; x_wconf 93' lang='lat' dir='ltr'><strong>si</strong></span> <span class='ocrx_word' id='word_1_589' title='bbox 2264 3287 2590 3356; x_wconf 87' lang='lat' dir='ltr'><strong>Jerusalem,</strong></span> <span class='ocrx_word' id='word_1_590' title='bbox 2618 3287 2721 3343; x_wconf 90' lang='lat' dir='ltr'><strong>hoc</strong></span> <span class='ocrx_word' id='word_1_591' title='bbox 2743 3295 2848 3350; x_wconf 88' lang='lat' dir='ltr'><strong>est,</strong></span> <span class='ocrx_word' id='word_1_592' title='bbox 2885 3286 3198 3357; x_wconf 88' lang='lat' dir='ltr'><strong>paradisus,</strong></span> <span class='ocrx_word' id='word_1_593' title='bbox 3227 3286 3280 3340; x_wconf 91' lang='lat' dir='ltr'><strong>in</strong></span> <span class='ocrx_word' id='word_1_594' title='bbox 3309 3284 3563 3340; x_wconf 89' lang='lat' dir='ltr'><strong>manibus</strong></span> 
     </span>
    </p>
   </div>
   <div class='ocr_carea' id='block_1_80' title="bbox 1982 3376 3563 3448">
    <p class='ocr_par' dir='ltr' id='par_1_80' title="bbox 1982 3376 3563 3448">
     <span class='ocr_line' id='line_1_80' title="bbox 1982 3376 3563 3448; baseline -0.001 -17"><span class='ocrx_word' id='word_1_595' title='bbox 1982 3376 2162 3432; x_wconf 87' lang='lat' dir='ltr'><strong>Patris</strong></span> <span class='ocrx_word' id='word_1_596' title='bbox 2190 3379 2462 3448; x_wconf 88' lang='lat' dir='ltr'><strong>descripta</strong></span> <span class='ocrx_word' id='word_1_597' title='bbox 2497 3387 2599 3442; x_wconf 88' lang='lat' dir='ltr'><strong>est,</strong></span> <span class='ocrx_word' id='word_1_598' title='bbox 2633 3386 2849 3434; x_wconf 90' lang='lat' dir='ltr'><strong>constat</strong></span> <span class='ocrx_word' id='word_1_599' title='bbox 2884 3392 3033 3442; x_wconf 91' lang='lat' dir='ltr'><strong>eum,</strong></span> <span class='ocrx_word' id='word_1_600' title='bbox 3067 3377 3160 3448; x_wconf 91' lang='lat' dir='ltr'><strong>qui</strong></span> <span class='ocrx_word' id='word_1_601' title='bbox 3205 3377 3259 3431; x_wconf 92' lang='lat' dir='ltr'><strong>in</strong></span> <span class='ocrx_word' id='word_1_602' title='bbox 3305 3376 3563 3446; x_wconf 86' lang='lat' dir='ltr'><strong>paradiso</strong></span> 
     </span>
    </p>
   </div>
   <div class='ocr_carea' id='block_1_81' title="bbox 1984 3467 3558 3540">
    <p class='ocr_par' dir='ltr' id='par_1_81' title="bbox 1984 3467 3558 3540">
     <span class='ocr_line' id='line_1_81' title="bbox 1984 3467 3558 3540; baseline -0.004 -15"><span class='ocrx_word' id='word_1_603' title='bbox 1984 3471 2075 3534; x_wconf 90' lang='lat' dir='ltr'><strong>sit,</strong></span> <span class='ocrx_word' id='word_1_604' title='bbox 2106 3471 2161 3524; x_wconf 94' lang='lat' dir='ltr'><strong>in</strong></span> <span class='ocrx_word' id='word_1_605' title='bbox 2206 3469 2387 3526; x_wconf 89' lang='lat' dir='ltr'><strong>Patris</strong></span> <span class='ocrx_word' id='word_1_606' title='bbox 2427 3471 2713 3536; x_wconf 89' lang='lat' dir='ltr'><strong>manibus,</strong></span> <span class='ocrx_word' id='word_1_607' title='bbox 2763 3471 2819 3525; x_wconf 93' lang='lat' dir='ltr'><strong>in</strong></span> <span class='ocrx_word' id='word_1_608' title='bbox 2876 3471 3078 3540; x_wconf 92' lang='lat' dir='ltr'><strong>quibus</strong></span> <span class='ocrx_word' id='word_1_609' title='bbox 3130 3467 3558 3537; x_wconf 84' lang='lat' dir='ltr'><strong>descriptionem</strong></span> 
     </span>
    </p>
   </div>
   <div class='ocr_carea' id='block_1_82' title="bbox 1983 3558 3562 3627">
    <p class='ocr_par' dir='ltr' id='par_1_82' title="bbox 1983 3558 3562 3627">
     <span class='ocr_line' id='line_1_82' title="bbox 1983 3558 3562 3627; baseline -0.003 -13"><span class='ocrx_word' id='word_1_610' title='bbox 1983 3561 2149 3616; x_wconf 86' lang='lat' dir='ltr'><strong>habet</strong></span> <span class='ocrx_word' id='word_1_611' title='bbox 2179 3561 2364 3615; x_wconf 88' lang='lat' dir='ltr'><strong>divina</strong></span> <span class='ocrx_word' id='word_1_612' title='bbox 2387 3561 2603 3626; x_wconf 85' lang='lat' dir='ltr'><strong>civitas,</strong></span> <span class='ocrx_word' id='word_1_613' title='bbox 2636 3561 2985 3616; x_wconf 86' lang='lat' dir='ltr'><strong>commorari.</strong></span> <span class='ocrx_word' id='word_1_614' title='bbox 3019 3562 3096 3613; x_wconf 85' lang='lat' dir='ltr'><strong>Ac</strong></span> <span class='ocrx_word' id='word_1_615' title='bbox 3124 3559 3192 3614; x_wconf 86' lang='lat' dir='ltr'><strong>de</strong></span> <span class='ocrx_word' id='word_1_616' title='bbox 3222 3558 3308 3613; x_wconf 88' lang='lat' dir='ltr'><strong>his</strong></span> <span class='ocrx_word' id='word_1_617' title='bbox 3345 3558 3562 3627; x_wconf 89' lang='lat' dir='ltr'><strong>quidem</strong></span> 
     </span>
    </p>
   </div>
   <div class='ocr_carea' id='block_1_83' title="bbox 1985 3650 2274 3706">
    <p class='ocr_par' dir='ltr' id='par_1_83' title="bbox 1985 3650 2274 3706">
     <span class='ocr_line' id='line_1_83' title="bbox 1985 3650 2274 3706; baseline 0.003 -3"><span class='ocrx_word' id='word_1_618' title='bbox 1985 3650 2274 3706; x_wconf 89' lang='lat' dir='ltr'><strong>hactenus.</strong></span> 
     </span>
    </p>
   </div>
   <div class='ocr_carea' id='block_1_84' title="bbox 2058 3844 3563 3918">
    <p class='ocr_par' dir='ltr' id='par_1_84' title="bbox 2058 3844 3563 3918">
     <span class='ocr_line' id='line_1_84' title="bbox 2058 3844 3563 3918; baseline -0.002 -16"><span class='ocrx_word' id='word_1_619' title='bbox 2058 3848 2258 3904; x_wconf 83' lang='lat' dir='ltr'><strong>Verum</strong></span> <span class='ocrx_word' id='word_1_620' title='bbox 2302 3847 2431 3918; x_wconf 90' lang='lat' dir='ltr'><strong>quia</strong></span> <span class='ocrx_word' id='word_1_621' title='bbox 2470 3847 2645 3903; x_wconf 62' lang='lat' dir='ltr'><strong>Judaei</strong></span> <span class='ocrx_word' id='word_1_622' title='bbox 2708 3847 3056 3902; x_wconf 86' lang='lat' dir='ltr'><strong>vehementer</strong></span> <span class='ocrx_word' id='word_1_623' title='bbox 3100 3844 3411 3900; x_wconf 87' lang='lat' dir='ltr'><strong>institutum</strong></span> <span class='ocrx_word' id='word_1_624' title='bbox 3461 3860 3563 3900; x_wconf 87' lang='lat' dir='ltr'><strong>no-</strong></span> 
     </span>
    </p>
   </div>
   <div class='ocr_carea' id='block_1_85' title="bbox 1986 3937 3564 4008">
    <p class='ocr_par' dir='ltr' id='par_1_85' title="bbox 1986 3937 3564 4008">
     <span class='ocr_line' id='line_1_85' title="bbox 1986 3937 3564 4008; baseline -0.004 -9"><span class='ocrx_word' id='word_1_625' title='bbox 1986 3951 2160 4000; x_wconf 89' lang='lat' dir='ltr'><strong>strum</strong></span> <span class='ocrx_word' id='word_1_626' title='bbox 2206 3949 2506 4006; x_wconf 88' lang='lat' dir='ltr'><strong>accusant,</strong></span> <span class='ocrx_word' id='word_1_627' title='bbox 2544 3955 2655 3995; x_wconf 89' lang='lat' dir='ltr'><strong>non</strong></span> <span class='ocrx_word' id='word_1_628' title='bbox 2692 3939 2926 3995; x_wconf 91' lang='lat' dir='ltr'><strong>alienum</strong></span> <span class='ocrx_word' id='word_1_629' title='bbox 2972 3939 3095 4004; x_wconf 90' lang='lat' dir='ltr'><strong>erit,</strong></span> <span class='ocrx_word' id='word_1_630' title='bbox 3129 3945 3207 4002; x_wconf 91' lang='lat' dir='ltr'><strong>ut,</strong></span> <span class='ocrx_word' id='word_1_631' title='bbox 3251 3952 3372 4008; x_wconf 69' lang='lat' dir='ltr'><strong>quae</strong></span> <span class='ocrx_word' id='word_1_632' title='bbox 3405 3937 3564 3992; x_wconf 89' lang='lat' dir='ltr'><strong>nobis</strong></span> 
     </span>
    </p>
   </div>
   <div class='ocr_carea' id='block_1_86' title="bbox 1987 4028 3565 4107">
    <p class='ocr_par' dir='ltr' id='par_1_86' title="bbox 1987 4028 3565 4107">
     <span class='ocr_line' id='line_1_86' title="bbox 1987 4028 3565 4107; baseline -0.002 -20"><span class='ocrx_word' id='word_1_633' title='bbox 1987 4033 2294 4102; x_wconf 88' lang='lat' dir='ltr'><strong>objiciunt,</strong></span> <span class='ocrx_word' id='word_1_634' title='bbox 2339 4031 2584 4107; x_wconf 71' lang='lat' dir='ltr'><strong>previter</strong></span> <span class='ocrx_word' id='word_1_635' title='bbox 2643 4029 2979 4088; x_wconf 86' lang='lat' dir='ltr'><strong>refellamus.</strong></span> <span class='ocrx_word' id='word_1_636' title='bbox 3031 4030 3230 4084; x_wconf 85' lang='lat' dir='ltr'><strong>Dicunt</strong></span> <span class='ocrx_word' id='word_1_637' title='bbox 3284 4028 3452 4101; x_wconf 77' lang='lat' dir='ltr'><strong>igitur</strong></span> <span class='ocrx_word' id='word_1_638' title='bbox 3508 4029 3565 4084; x_wconf 91' lang='lat' dir='ltr'><strong>in</strong></span> 
     </span>
    </p>
   </div>
   <div class='ocr_carea' id='block_1_87' title="bbox 1986 4121 3564 4192">
    <p class='ocr_par' dir='ltr' id='par_1_87' title="bbox 1986 4121 3564 4192">
     <span class='ocr_line' id='line_1_87' title="bbox 1986 4121 3564 4192; baseline -0.001 -13"><span class='ocrx_word' id='word_1_639' title='bbox 1986 4124 2255 4182; x_wconf 90' lang='lat' dir='ltr'><strong>Paschate</strong></span> <span class='ocrx_word' id='word_1_640' title='bbox 2280 4122 2610 4179; x_wconf 88' lang='lat' dir='ltr'><strong>celebrando</strong></span> <span class='ocrx_word' id='word_1_641' title='bbox 2637 4124 2718 4178; x_wconf 92' lang='lat' dir='ltr'><strong>sic</strong></span> <span class='ocrx_word' id='word_1_642' title='bbox 2758 4139 2788 4176; x_wconf 92' lang='lat' dir='ltr'><strong>a</strong></span> <span class='ocrx_word' id='word_1_643' title='bbox 2831 4122 2981 4177; x_wconf 80' lang='lat' dir='ltr'><strong>Mose</strong></span> <span class='ocrx_word' id='word_1_644' title='bbox 3028 4121 3564 4192; x_wconf 86' lang='lat' dir='ltr'><strong>quartumdecimum</strong></span> 
     </span>
    </p>
   </div>
   <div class='ocr_carea' id='block_1_88' title="bbox 1988 4213 3563 4284">
    <p class='ocr_par' dir='ltr' id='par_1_88' title="bbox 1988 4213 3563 4284">
     <span class='ocr_line' id='line_1_88' title="bbox 1988 4213 3563 4284; baseline 0.002 -16"><span class='ocrx_word' id='word_1_645' title='bbox 1988 4216 2130 4271; x_wconf 72' lang='lat' dir='ltr'><strong>luna:</strong></span> <span class='ocrx_word' id='word_1_646' title='bbox 2167 4228 2365 4270; x_wconf 87' lang='lat' dir='ltr'><strong>cursus</strong></span> <span class='ocrx_word' id='word_1_647' title='bbox 2410 4215 2700 4270; x_wconf 89' lang='lat' dir='ltr'><strong>circuitum</strong></span> <span class='ocrx_word' id='word_1_648' title='bbox 2739 4213 2790 4267; x_wconf 92' lang='lat' dir='ltr'><strong>in</strong></span> <span class='ocrx_word' id='word_1_649' title='bbox 2825 4213 2942 4284; x_wconf 78' lang='lat' dir='ltr'><strong>lege</strong></span> <span class='ocrx_word' id='word_1_650' title='bbox 2997 4214 3376 4284; x_wconf 85' lang='lat' dir='ltr'><strong>praescriptum</strong></span> <span class='ocrx_word' id='word_1_651' title='bbox 3418 4230 3563 4280; x_wconf 85' lang='lat' dir='ltr'><strong>esse,</strong></span> 
     </span>
    </p>
   </div>
   <div class='ocr_carea' id='block_1_89' title="bbox 1987 4304 3564 4377">
    <p class='ocr_par' dir='ltr' id='par_1_89' title="bbox 1987 4304 3564 4377">
     <span class='ocr_line' id='line_1_89' title="bbox 1987 4304 3564 4377; baseline -0.002 -15"><span class='ocrx_word' id='word_1_652' title='bbox 1987 4314 2048 4362; x_wconf 86' lang='lat' dir='ltr'><strong>ut</strong></span> <span class='ocrx_word' id='word_1_653' title='bbox 2073 4314 2280 4377; x_wconf 91' lang='lat' dir='ltr'><strong>septem</strong></span> <span class='ocrx_word' id='word_1_654' title='bbox 2339 4305 2534 4361; x_wconf 87' lang='lat' dir='ltr'><strong>diebus</strong></span> <span class='ocrx_word' id='word_1_655' title='bbox 2567 4321 2707 4375; x_wconf 86' lang='lat' dir='ltr'><strong>pane</strong></span> <span class='ocrx_word' id='word_1_656' title='bbox 2756 4305 2874 4362; x_wconf 89' lang='lat' dir='ltr'><strong>sine</strong></span> <span class='ocrx_word' id='word_1_657' title='bbox 2927 4304 3229 4370; x_wconf 81' lang='lat' dir='ltr'><strong>fermento,</strong></span> <span class='ocrx_word' id='word_1_658' title='bbox 3280 4314 3336 4359; x_wconf 84' lang='lat' dir='ltr'><strong>et</strong></span> <span class='ocrx_word' id='word_1_659' title='bbox 3379 4304 3564 4360; x_wconf 85' lang='lat' dir='ltr'><strong>herbis</strong></span> 
     </span>
    </p>
   </div>
   <div class='ocr_carea' id='block_1_90' title="bbox 1988 4394 3563 4468">
    <p class='ocr_par' dir='ltr' id='par_1_90' title="bbox 1988 4394 3563 4468">
     <span class='ocr_line' id='line_1_90' title="bbox 1988 4394 3563 4468; baseline -0.003 -16"><span class='ocrx_word' id='word_1_660' title='bbox 1988 4398 2190 4454; x_wconf 87' lang='lat' dir='ltr'><strong>amaris</strong></span> <span class='ocrx_word' id='word_1_661' title='bbox 2225 4411 2330 4468; x_wconf 91' lang='lat' dir='ltr'><strong>pro</strong></span> <span class='ocrx_word' id='word_1_662' title='bbox 2374 4397 2604 4453; x_wconf 86' lang='lat' dir='ltr'><strong>obsonio</strong></span> <span class='ocrx_word' id='word_1_663' title='bbox 2647 4405 2998 4452; x_wconf 82' lang='lat' dir='ltr'><strong>vescerentur</strong></span> <span class='ocrx_word' id='word_1_664' title='bbox 3017 4396 3085 4453; x_wconf 73' lang='lat'><strong>‘°.</strong></span> <span class='ocrx_word' id='word_1_665' title='bbox 3115 4396 3479 4465; x_wconf 87' lang='lat' dir='ltr'><strong>Quapropter,</strong></span> <span class='ocrx_word' id='word_1_666' title='bbox 3515 4394 3563 4449; x_wconf 90' lang='lat' dir='ltr'><strong>si</strong></span> 
     </span>
    </p>
   </div>
   <div class='ocr_carea' id='block_1_91' title="bbox 291 4477 1881 4559">
    <p class='ocr_par' dir='ltr' id='par_1_91' title="bbox 291 4477 1879 4550">
     <span class='ocr_line' id='line_1_91' title="bbox 291 4477 1879 4550; baseline -0.001 -17"><span class='ocrx_word' id='word_1_667' title='bbox 291 4480 408 4533; x_wconf 82' lang='grc' dir='ltr'>τῶν</span> <span class='ocrx_word' id='word_1_668' title='bbox 428 4480 692 4549; x_wconf 84' lang='grc' dir='ltr'>πικρίδων</span> <span class='ocrx_word' id='word_1_669' title='bbox 721 4481 818 4550; x_wconf 80' lang='grc' dir='ltr'>τὴν</span> <span class='ocrx_word' id='word_1_670' title='bbox 842 4480 996 4533; x_wconf 89' lang='grc' dir='ltr'>πόαν.</span> <span class='ocrx_word' id='word_1_671' title='bbox 1050 4481 1112 4532; x_wconf 73' lang='lat' dir='ltr'><strong>Et</strong></span> <span class='ocrx_word' id='word_1_672' title='bbox 1145 4477 1239 4533; x_wconf 75' lang='grc' dir='ltr'><strong>οὖν</strong></span> <span class='ocrx_word' id='word_1_673' title='bbox 1264 4477 1530 4549; x_wconf 76' lang='grc' dir='ltr'>ἐπιμελὴς</span> <span class='ocrx_word' id='word_1_674' title='bbox 1554 4479 1682 4548; x_wconf 79' lang='grc' dir='ltr'>ὑμῖν</span> <span class='ocrx_word' id='word_1_675' title='bbox 1722 4478 1754 4549; x_wconf 84' lang='grc' dir='ltr'><strong>ἡ</strong></span> <span class='ocrx_word' id='word_1_676' title='bbox 1778 4479 1879 4548; x_wconf 81' lang='grc' dir='ltr'><strong>τῆς</strong></span> 
     </span>
    </p>
   </div>
   <div class='ocr_carea' id='block_1_92' title="bbox 1985 4477 3565 4559">
    <p class='ocr_par' dir='ltr' id='par_1_92' title="bbox 1986 4486 3565 4559">
     <span class='ocr_line' id='line_1_92' title="bbox 1986 4486 3565 4559; baseline -0.002 -16"><span class='ocrx_word' id='word_1_677' title='bbox 1986 4489 2517 4558; x_wconf 85' lang='lat' dir='ltr'><strong>quartumdecimum</strong></span> <span class='ocrx_word' id='word_1_678' title='bbox 2545 4531 2564 4555; x_wconf 87' lang='lat'><strong>,</strong></span> <span class='ocrx_word' id='word_1_679' title='bbox 2609 4488 2896 4559; x_wconf 85' lang='lat' dir='ltr'><strong>inquiunt,</strong></span> <span class='ocrx_word' id='word_1_680' title='bbox 2926 4488 3068 4543; x_wconf 91' lang='lat' dir='ltr'><strong>diem</strong></span> <span class='ocrx_word' id='word_1_681' title='bbox 3102 4488 3431 4550; x_wconf 86' lang='lat' dir='ltr'><strong>observatis,</strong></span> <span class='ocrx_word' id='word_1_682' title='bbox 3491 4486 3565 4541; x_wconf 81' lang='lat' dir='ltr'><strong>si-</strong></span> 
     </span>
    </p>
   </div>
   <div class='ocr_carea' id='block_1_93' title="bbox 291 4571 1880 4642">
    <p class='ocr_par' dir='ltr' id='par_1_93' title="bbox 291 4571 1880 4642">
     <span class='ocr_line' id='line_1_93' title="bbox 291 4571 1880 4642; baseline -0.001 -17"><span class='ocrx_word' id='word_1_683' title='bbox 291 4571 895 4642; x_wconf 78' lang='grc' dir='ltr'>τεσσαρεσκαιδεκάτης</span> <span class='ocrx_word' id='word_1_684' title='bbox 929 4573 1046 4625; x_wconf 76' lang='grc' dir='ltr'>ἐστὶ</span> <span class='ocrx_word' id='word_1_685' title='bbox 1075 4572 1476 4642; x_wconf 84' lang='grc' dir='ltr'>παρατήρησις,</span> <span class='ocrx_word' id='word_1_686' title='bbox 1511 4586 1880 4641; x_wconf 86' lang='grc' dir='ltr'>συμπαραφυ-</span> 
     </span>
    </p>
   </div>
   <div class='ocr_carea' id='block_1_94' title="bbox 290 4660 1881 4733">
    <p class='ocr_par' dir='ltr' id='par_1_94' title="bbox 290 4660 1881 4733">
     <span class='ocr_line' id='line_1_94' title="bbox 290 4660 1881 4733; baseline -0.001 -17"><span class='ocrx_word' id='word_1_687' title='bbox 290 4663 600 4725; x_wconf 84' lang='grc' dir='ltr'>λαττέσθω,</span> <span class='ocrx_word' id='word_1_688' title='bbox 644 4665 806 4733; x_wconf 76' lang='grc' dir='ltr'>φησὶν</span> <span class='ocrx_word' id='word_1_689' title='bbox 835 4665 863 4716; x_wconf 88' lang='lat'><strong>6</strong></span> <span class='ocrx_word' id='word_1_690' title='bbox 907 4664 1190 4728; x_wconf 86' lang='grc' dir='ltr'>Ἰουδαῖος,</span> <span class='ocrx_word' id='word_1_691' title='bbox 1230 4663 1391 4732; x_wconf 75' lang='grc' dir='ltr'>καὶὴ</span> <span class='ocrx_word' id='word_1_692' title='bbox 1441 4662 1629 4732; x_wconf 70' lang='grc' dir='ltr'>πικρὶς</span> <span class='ocrx_word' id='word_1_693' title='bbox 1676 4660 1770 4713; x_wconf 78' lang='grc' dir='ltr'>καὶ</span> <span class='ocrx_word' id='word_1_694' title='bbox 1821 4662 1881 4714; x_wconf 86' lang='grc' dir='ltr'><strong>τὸ</strong></span> 
     </span>
    </p>
   </div>
   <div class='ocr_carea' id='block_1_95' title="bbox 290 4751 1877 4825">
    <p class='ocr_par' dir='ltr' id='par_1_95' title="bbox 290 4751 1877 4825">
     <span class='ocr_line' id='line_1_95' title="bbox 290 4751 1877 4825; baseline -0.002 -19"><span class='ocrx_word' id='word_1_695' title='bbox 290 4753 530 4823; x_wconf 80' lang='grc' dir='ltr'>ἄζυμον.</span> <span class='ocrx_word' id='word_1_696' title='bbox 584 4753 645 4804; x_wconf 75' lang='lat' dir='ltr'><strong>Et</strong></span> <span class='ocrx_word' id='word_1_697' title='bbox 694 4753 750 4805; x_wconf 78' lang='grc' dir='ltr'><strong>δὲ</strong></span> <span class='ocrx_word' id='word_1_698' title='bbox 787 4753 958 4806; x_wconf 89' lang='grc' dir='ltr'>ταῦτα</span> <span class='ocrx_word' id='word_1_699' title='bbox 1003 4754 1096 4806; x_wconf 89' lang='grc' dir='ltr'><strong>τοῦ</strong></span> <span class='ocrx_word' id='word_1_700' title='bbox 1133 4752 1476 4825; x_wconf 79' lang='grc' dir='ltr'>παρορᾶσθαι</span> <span class='ocrx_word' id='word_1_701' title='bbox 1514 4751 1670 4819; x_wconf 78' lang='grc' dir='ltr'>ἄξια,</span> <span class='ocrx_word' id='word_1_702' title='bbox 1727 4751 1808 4815; x_wconf 86' lang='grc' dir='ltr'><strong>τίς</strong></span> <span class='ocrx_word' id='word_1_703' title='bbox 1845 4754 1877 4824; x_wconf 82' lang='grc' dir='ltr'><strong>ἡ</strong></span> 
     </span>
    </p>
   </div>
   <div class='ocr_carea' id='block_1_96' title="bbox 293 4844 1881 4915">
    <p class='ocr_par' dir='ltr' id='par_1_96' title="bbox 293 4844 1881 4915">
     <span class='ocr_line' id='line_1_96' title="bbox 293 4844 1881 4915; baseline 0.001 -18"><span class='ocrx_word' id='word_1_704' title='bbox 293 4845 429 4914; x_wconf 78' lang='grc' dir='ltr'>περὶ</span> <span class='ocrx_word' id='word_1_705' title='bbox 475 4844 689 4914; x_wconf 78' lang='grc' dir='ltr'>ἐκείνης</span> <span class='ocrx_word' id='word_1_706' title='bbox 725 4844 964 4915; x_wconf 86' lang='grc' dir='ltr'>σπουδή;</span> <span class='ocrx_word' id='word_1_707' title='bbox 1013 4846 1087 4897; x_wconf 85' lang='grc' dir='ltr'><strong>Οὐ</strong></span> <span class='ocrx_word' id='word_1_708' title='bbox 1128 4844 1236 4915; x_wconf 80' lang='grc' dir='ltr'>γὰρ</span> <span class='ocrx_word' id='word_1_709' title='bbox 1276 4845 1339 4915; x_wconf 86' lang='grc' dir='ltr'>δὴ</span> <span class='ocrx_word' id='word_1_710' title='bbox 1377 4844 1470 4898; x_wconf 92' lang='grc' dir='ltr'><strong>τοῦ</strong></span> <span class='ocrx_word' id='word_1_711' title='bbox 1519 4845 1683 4898; x_wconf 75' lang='grc' dir='ltr'>αὑτοῦ</span> <span class='ocrx_word' id='word_1_712' title='bbox 1723 4862 1881 4915; x_wconf 92' lang='grc' dir='ltr'>νομο-</span> 
     </span>
    </p>
   </div>
   <div class='ocr_carea' id='block_1_97' title="bbox 292 4934 1882 5006">
    <p class='ocr_par' dir='ltr' id='par_1_97' title="bbox 292 4934 1882 5006">
     <span class='ocr_line' id='line_1_97' title="bbox 292 4934 1882 5006; baseline 0.002 -18"><span class='ocrx_word' id='word_1_713' title='bbox 292 4935 476 4999; x_wconf 84' lang='grc' dir='ltr'>θέτου,</span> <span class='ocrx_word' id='word_1_714' title='bbox 510 4935 571 4987; x_wconf 86' lang='grc' dir='ltr'>τὸ</span> <span class='ocrx_word' id='word_1_715' title='bbox 598 4935 696 5005; x_wconf 83' lang='grc' dir='ltr'><strong>μέν</strong></span> <span class='ocrx_word' id='word_1_716' title='bbox 726 4953 777 4988; x_wconf 91' lang='grc' dir='ltr'><strong>τι</strong></span> <span class='ocrx_word' id='word_1_717' title='bbox 811 4934 1017 4988; x_wconf 84' lang='grc' dir='ltr'>δίκαιον</span> <span class='ocrx_word' id='word_1_718' title='bbox 1043 4937 1137 4989; x_wconf 77' lang='grc' dir='ltr'><strong>καὶ</strong></span> <span class='ocrx_word' id='word_1_719' title='bbox 1164 4935 1514 5006; x_wconf 74' lang='grc' dir='ltr'>ψυχωφελὲς,</span> <span class='ocrx_word' id='word_1_720' title='bbox 1539 4937 1600 4989; x_wconf 82' lang='grc' dir='ltr'>τὸ</span> <span class='ocrx_word' id='word_1_721' title='bbox 1627 4936 1683 4990; x_wconf 86' lang='grc' dir='ltr'>δὲ</span> <span class='ocrx_word' id='word_1_722' title='bbox 1711 4937 1882 5006; x_wconf 78' lang='grc' dir='ltr'>ἄχρη-</span> 
     </span>
    </p>
   </div>
   <div class='ocr_carea' id='block_1_98' title="bbox 295 5022 1880 5099">
    <p class='ocr_par' dir='ltr' id='par_1_98' title="bbox 295 5022 1880 5099">
     <span class='ocr_line' id='line_1_98' title="bbox 295 5022 1880 5099; baseline -0.001 -18"><span class='ocrx_word' id='word_1_723' title='bbox 295 5045 426 5081; x_wconf 87' lang='grc' dir='ltr'>στον</span> <span class='ocrx_word' id='word_1_724' title='bbox 451 5022 692 5098; x_wconf 79' lang='grc' dir='ltr'>κρίνεται</span> <span class='ocrx_word' id='word_1_725' title='bbox 719 5028 812 5081; x_wconf 74' lang='grc' dir='ltr'><strong>καὶ</strong></span> <span class='ocrx_word' id='word_1_726' title='bbox 843 5027 1146 5099; x_wconf 72' lang='grc' dir='ltr'>ἀπόϐλητον</span> <span class='ocrx_word' id='word_1_727' title='bbox 1169 5045 1182 5058; x_wconf 86' lang='grc'><strong>·</strong></span> <span class='ocrx_word' id='word_1_728' title='bbox 1216 5028 1291 5090; x_wconf 83' lang='grc' dir='ltr'>ὡς</span> <span class='ocrx_word' id='word_1_729' title='bbox 1316 5029 1631 5099; x_wconf 79' lang='grc' dir='ltr'>ἐπάναγκες</span> <span class='ocrx_word' id='word_1_730' title='bbox 1653 5024 1816 5092; x_wconf 80' lang='grc' dir='ltr'>εἶναι,</span> <span class='ocrx_word' id='word_1_731' title='bbox 1847 5027 1880 5098; x_wconf 81' lang='grc' dir='ltr'>ἢ</span> 
     </span>
    </p>
   </div>
   <div class='ocr_carea' id='block_1_99' title="bbox 295 5119 1881 5194">
    <p class='ocr_par' dir='ltr' id='par_1_99' title="bbox 295 5119 1881 5194">
     <span class='ocr_line' id='line_1_99' title="bbox 295 5119 1881 5194; baseline -0.001 -21"><span class='ocrx_word' id='word_1_732' title='bbox 295 5121 482 5175; x_wconf 85' lang='grc' dir='ltr'>πάντα</span> <span class='ocrx_word' id='word_1_733' title='bbox 509 5120 902 5194; x_wconf 86' lang='grc' dir='ltr'>κατορθοῦσθαι</span> <span class='ocrx_word' id='word_1_734' title='bbox 923 5120 1050 5189; x_wconf 83' lang='grc' dir='ltr'>παρ’</span> <span class='ocrx_word' id='word_1_735' title='bbox 1083 5119 1257 5190; x_wconf 82' lang='grc' dir='ltr'>ἡμῶν,</span> <span class='ocrx_word' id='word_1_736' title='bbox 1288 5121 1385 5175; x_wconf 86' lang='grc' dir='ltr'>ὅσα</span> <span class='ocrx_word' id='word_1_737' title='bbox 1417 5123 1546 5192; x_wconf 71' lang='grc' dir='ltr'>περὶ</span> <span class='ocrx_word' id='word_1_738' title='bbox 1569 5119 1664 5174; x_wconf 85' lang='grc' dir='ltr'><strong>τοῦ</strong></span> <span class='ocrx_word' id='word_1_739' title='bbox 1689 5120 1881 5190; x_wconf 88' lang='grc' dir='ltr'>Πάσχα</span> 
     </span>
    </p>
   </div>
   <div class='ocr_carea' id='block_1_100' title="bbox 293 5207 1882 5284">
    <p class='ocr_par' dir='ltr' id='par_1_100' title="bbox 293 5207 1882 5284">
     <span class='ocr_line' id='line_1_100' title="bbox 293 5207 1882 5284; baseline 0.001 -19"><span class='ocrx_word' id='word_1_740' title='bbox 293 5212 665 5281; x_wconf 78' lang='grc' dir='ltr'>διηγόρευται,</span> <span class='ocrx_word' id='word_1_741' title='bbox 704 5214 736 5283; x_wconf 86' lang='grc' dir='ltr'>ἢ</span> <span class='ocrx_word' id='word_1_742' title='bbox 790 5212 1013 5284; x_wconf 77' lang='grc' dir='ltr'>μηδενὸς</span> <span class='ocrx_word' id='word_1_743' title='bbox 1051 5213 1196 5282; x_wconf 84' lang='grc' dir='ltr'>ἡμᾶς</span> <span class='ocrx_word' id='word_1_744' title='bbox 1246 5213 1616 5284; x_wconf 87' lang='grc' dir='ltr'>περιέχεσθαι.</span> <span class='ocrx_word' id='word_1_745' title='bbox 1682 5212 1746 5265; x_wconf 92' lang='grc' dir='ltr'>Τί</span> <span class='ocrx_word' id='word_1_746' title='bbox 1790 5207 1882 5266; x_wconf 87' lang='grc' dir='ltr'><strong>οῦν</strong></span> 
     </span>
    </p>
   </div>
   <div class='ocr_carea' id='block_1_101' title="bbox 292 5303 1881 5375">
    <p class='ocr_par' dir='ltr' id='par_1_101' title="bbox 292 5303 1881 5375">
     <span class='ocr_line' id='line_1_101' title="bbox 292 5303 1881 5375; baseline 0 -20"><span class='ocrx_word' id='word_1_747' title='bbox 292 5306 502 5375; x_wconf 78' lang='grc' dir='ltr'>ἡμείς;</span> <span class='ocrx_word' id='word_1_748' title='bbox 539 5305 885 5375; x_wconf 62' lang='grc' dir='ltr'>Μνησθιῖψεν</span> <span class='ocrx_word' id='word_1_749' title='bbox 918 5303 1010 5358; x_wconf 92' lang='grc' dir='ltr'><strong>τοῦ</strong></span> <span class='ocrx_word' id='word_1_750' title='bbox 1045 5303 1510 5374; x_wconf 83' lang='grc' dir='ltr'>παραγγείλαντος</span> <span class='ocrx_word' id='word_1_751' title='bbox 1540 5344 1554 5367; x_wconf 91' lang='grc'><strong>,</strong></span> <span class='ocrx_word' id='word_1_752' title='bbox 1588 5303 1662 5374; x_wconf 86' lang='grc' dir='ltr'><strong>μὴ</strong></span> <span class='ocrx_word' id='word_1_753' title='bbox 1700 5303 1881 5372; x_wconf 78' lang='grc' dir='ltr'>φοϐεῖ-</span> 
     </span>
    </p>
   </div>
   <div class='ocr_carea' id='block_1_102' title="bbox 295 5394 1882 5468">
    <p class='ocr_par' dir='ltr' id='par_1_102' title="bbox 295 5394 1882 5468">
     <span class='ocr_line' id='line_1_102' title="bbox 295 5394 1882 5468; baseline -0.003 -18"><span class='ocrx_word' id='word_1_754' title='bbox 295 5397 426 5450; x_wconf 80' lang='grc' dir='ltr'>σθαι</span> <span class='ocrx_word' id='word_1_755' title='bbox 455 5396 546 5449; x_wconf 83' lang='grc' dir='ltr'><strong>τὸν</strong></span> <span class='ocrx_word' id='word_1_756' title='bbox 574 5396 875 5468; x_wconf 79' lang='grc' dir='ltr'>ὀνειδισμὸν</span> <span class='ocrx_word' id='word_1_757' title='bbox 898 5396 1006 5449; x_wconf 83' lang='grc' dir='ltr'>τῶν</span> <span class='ocrx_word' id='word_1_758' title='bbox 1027 5394 1351 5467; x_wconf 84' lang='grc' dir='ltr'>ἀνθρώπων,</span> <span class='ocrx_word' id='word_1_759' title='bbox 1379 5397 1470 5448; x_wconf 69' lang='grc' dir='ltr'><strong>καὶ</strong></span> <span class='ocrx_word' id='word_1_760' title='bbox 1498 5395 1576 5466; x_wconf 82' lang='grc' dir='ltr'>τῷ</span> <span class='ocrx_word' id='word_1_761' title='bbox 1593 5394 1882 5466; x_wconf 84' lang='grc' dir='ltr'>φαυλισμῷ</span> 
     </span>
    </p>
   </div>
   <div class='ocr_carea' id='block_1_103' title="bbox 293 5484 1881 5560">
    <p class='ocr_par' dir='ltr' id='par_1_103' title="bbox 293 5484 1881 5560">
     <span class='ocr_line' id='line_1_103' title="bbox 293 5484 1881 5560; baseline -0.004 -18"><span class='ocrx_word' id='word_1_762' title='bbox 293 5488 482 5542; x_wconf 79' lang='grc' dir='ltr'>αὐτῶν</span> <span class='ocrx_word' id='word_1_763' title='bbox 519 5489 592 5560; x_wconf 84' lang='grc' dir='ltr'><strong>μὴ</strong></span> <span class='ocrx_word' id='word_1_764' title='bbox 631 5489 915 5558; x_wconf 79' lang='grc' dir='ltr'>ἡττᾶσθαι.</span> <span class='ocrx_word' id='word_1_765' title='bbox 970 5488 1203 5557; x_wconf 86' lang='grc' dir='ltr'>Οῐδαμεν</span> <span class='ocrx_word' id='word_1_766' title='bbox 1246 5487 1353 5557; x_wconf 85' lang='grc' dir='ltr'>γὰρ</span> <span class='ocrx_word' id='word_1_767' title='bbox 1384 5485 1493 5539; x_wconf 83' lang='grc' dir='ltr'>τῶν</span> <span class='ocrx_word' id='word_1_768' title='bbox 1529 5484 1756 5556; x_wconf 78' lang='grc' dir='ltr'>ἀζύμων</span> <span class='ocrx_word' id='word_1_769' title='bbox 1783 5485 1881 5556; x_wconf 81' lang='grc' dir='ltr'><strong>τὴν</strong></span> 
     </span>
    </p>
   </div>
   <div class='ocr_carea' id='block_1_104' title="bbox 291 5577 1881 5652">
    <p class='ocr_par' dir='ltr' id='par_1_104' title="bbox 291 5577 1881 5652">
     <span class='ocr_line' id='line_1_104' title="bbox 291 5577 1881 5652; baseline -0.001 -20"><span class='ocrx_word' id='word_1_770' title='bbox 291 5580 598 5651; x_wconf 82' lang='grc' dir='ltr'>ψυχωφελῆ</span> <span class='ocrx_word' id='word_1_771' title='bbox 635 5580 1050 5652; x_wconf 81' lang='grc' dir='ltr'>παρατήρησιν,</span> <span class='ocrx_word' id='word_1_772' title='bbox 1085 5579 1180 5633; x_wconf 82' lang='grc' dir='ltr'><strong>καὶ</strong></span> <span class='ocrx_word' id='word_1_773' title='bbox 1212 5577 1320 5632; x_wconf 85' lang='grc' dir='ltr'><strong>τῶν</strong></span> <span class='ocrx_word' id='word_1_774' title='bbox 1355 5577 1614 5650; x_wconf 88' lang='grc' dir='ltr'>πικρίδων</span> <span class='ocrx_word' id='word_1_775' title='bbox 1654 5577 1715 5630; x_wconf 87' lang='grc' dir='ltr'><strong>τὸ</strong></span> <span class='ocrx_word' id='word_1_776' title='bbox 1752 5577 1881 5647; x_wconf 82' lang='grc' dir='ltr'>κέρ-</span> 
     </span>
    </p>
   </div>
   <div class='ocr_carea' id='block_1_105' title="bbox 1991 4576 3561 4645">
    <p class='ocr_par' dir='ltr' id='par_1_105' title="bbox 1991 4576 3561 4645">
     <span class='ocr_line' id='line_1_105' title="bbox 1991 4576 3561 4645; baseline -0.002 -11"><span class='ocrx_word' id='word_1_777' title='bbox 1991 4581 2102 4636; x_wconf 89' lang='lat' dir='ltr'><strong>mul</strong></span> <span class='ocrx_word' id='word_1_778' title='bbox 2137 4581 2300 4636; x_wconf 87' lang='lat' dir='ltr'><strong>etiam</strong></span> <span class='ocrx_word' id='word_1_779' title='bbox 2334 4581 2435 4636; x_wconf 91' lang='lat' dir='ltr'><strong>hos</strong></span> <span class='ocrx_word' id='word_1_780' title='bbox 2475 4581 2630 4637; x_wconf 86' lang='lat' dir='ltr'><strong>cibos</strong></span> <span class='ocrx_word' id='word_1_781' title='bbox 2661 4579 2949 4636; x_wconf 89' lang='lat' dir='ltr'><strong>comedite.</strong></span> <span class='ocrx_word' id='word_1_782' title='bbox 2988 4577 3084 4634; x_wconf 88' lang='lat' dir='ltr'><strong>Sin</strong></span> <span class='ocrx_word' id='word_1_783' title='bbox 3117 4577 3243 4632; x_wconf 86' lang='lat' dir='ltr'><strong>illos</strong></span> <span class='ocrx_word' id='word_1_784' title='bbox 3268 4576 3561 4645; x_wconf 85' lang='lat' dir='ltr'><strong>respuitis,</strong></span> 
     </span>
    </p>
   </div>
   <div class='ocr_carea' id='block_1_106' title="bbox 1989 4666 3566 4738">
    <p class='ocr_par' dir='ltr' id='par_1_106' title="bbox 1989 4666 3566 4738">
     <span class='ocr_line' id='line_1_106' title="bbox 1989 4666 3566 4738; baseline -0.001 -14"><span class='ocrx_word' id='word_1_785' title='bbox 1989 4685 2089 4724; x_wconf 90' lang='lat' dir='ltr'><strong>cur</strong></span> <span class='ocrx_word' id='word_1_786' title='bbox 2122 4673 2179 4726; x_wconf 90' lang='lat' dir='ltr'><strong>in</strong></span> <span class='ocrx_word' id='word_1_787' title='bbox 2235 4673 2324 4728; x_wconf 92' lang='lat' dir='ltr'><strong>die</strong></span> <span class='ocrx_word' id='word_1_788' title='bbox 2382 4671 2722 4728; x_wconf 83' lang='lat' dir='ltr'><strong>observando</strong></span> <span class='ocrx_word' id='word_1_789' title='bbox 2797 4669 3041 4726; x_wconf 85' lang='lat' dir='ltr'><strong>studium</strong></span> <span class='ocrx_word' id='word_1_790' title='bbox 3102 4666 3566 4738; x_wconf 85' lang='lat' dir='ltr'><strong>ponitis?Neque</strong></span> 
     </span>
    </p>
   </div>
   <div class='ocr_carea' id='block_1_107' title="bbox 1987 4760 3565 4832">
    <p class='ocr_par' dir='ltr' id='par_1_107' title="bbox 1987 4760 3565 4832">
     <span class='ocr_line' id='line_1_107' title="bbox 1987 4760 3565 4832; baseline -0.004 -15"><span class='ocrx_word' id='word_1_791' title='bbox 1987 4764 2132 4818; x_wconf 87' lang='lat' dir='ltr'><strong>enim</strong></span> <span class='ocrx_word' id='word_1_792' title='bbox 2165 4764 2460 4819; x_wconf 89' lang='lat' dir='ltr'><strong>dicendum</strong></span> <span class='ocrx_word' id='word_1_793' title='bbox 2481 4772 2586 4826; x_wconf 88' lang='lat' dir='ltr'><strong>est,</strong></span> <span class='ocrx_word' id='word_1_794' title='bbox 2620 4776 2740 4832; x_wconf 73' lang='lat' dir='ltr'><strong>qua:</strong></span> <span class='ocrx_word' id='word_1_795' title='bbox 2766 4761 2835 4814; x_wconf 91' lang='lat' dir='ltr'><strong>ab</strong></span> <span class='ocrx_word' id='word_1_796' title='bbox 2861 4761 3052 4816; x_wconf 90' lang='lat' dir='ltr'><strong>eodem</strong></span> <span class='ocrx_word' id='word_1_797' title='bbox 3085 4760 3402 4829; x_wconf 76' lang='lat' dir='ltr'><strong>legislatore</strong></span> <span class='ocrx_word' id='word_1_798' title='bbox 3434 4767 3565 4814; x_wconf 82' lang='lat' dir='ltr'><strong>sunt</strong></span> 
     </span>
    </p>
   </div>
   <div class='ocr_carea' id='block_1_108' title="bbox 1988 4850 3560 4922">
    <p class='ocr_par' dir='ltr' id='par_1_108' title="bbox 1988 4850 3560 4922">
     <span class='ocr_line' id='line_1_108' title="bbox 1988 4850 3560 4922; baseline -0.003 -12"><span class='ocrx_word' id='word_1_799' title='bbox 1988 4855 2313 4917; x_wconf 85' lang='lat' dir='ltr'><strong>constituta,</strong></span> <span class='ocrx_word' id='word_1_800' title='bbox 2341 4854 2539 4922; x_wconf 83' lang='lat' dir='ltr'><strong>partim</strong></span> <span class='ocrx_word' id='word_1_801' title='bbox 2565 4867 2687 4910; x_wconf 79' lang='lat' dir='ltr'><strong>esse</strong></span> <span class='ocrx_word' id='word_1_802' title='bbox 2711 4860 2971 4921; x_wconf 85' lang='lat' dir='ltr'><strong>tanquam</strong></span> <span class='ocrx_word' id='word_1_803' title='bbox 2992 4854 3140 4921; x_wconf 87' lang='lat' dir='ltr'><strong>justa</strong></span> <span class='ocrx_word' id='word_1_804' title='bbox 3167 4861 3334 4918; x_wconf 87' lang='lat' dir='ltr'><strong>atque</strong></span> <span class='ocrx_word' id='word_1_805' title='bbox 3359 4850 3560 4905; x_wconf 83' lang='lat' dir='ltr'><strong>animis</strong></span> 
     </span>
    </p>
   </div>
   <div class='ocr_carea' id='block_1_109' title="bbox 1988 4938 3564 5016">
    <p class='ocr_par' dir='ltr' id='par_1_109' title="bbox 1988 4938 3564 5016">
     <span class='ocr_line' id='line_1_109' title="bbox 1988 4938 3564 5016; baseline -0.004 -18"><span class='ocrx_word' id='word_1_806' title='bbox 1988 4945 2140 4999; x_wconf 88' lang='lat' dir='ltr'><strong>utilia</strong></span> <span class='ocrx_word' id='word_1_807' title='bbox 2171 4943 2580 5012; x_wconf 88' lang='lat' dir='ltr'><strong>comprobanda</strong></span> <span class='ocrx_word' id='word_1_808' title='bbox 2614 4983 2630 5008; x_wconf 92' lang='lat'><strong>,</strong></span> <span class='ocrx_word' id='word_1_809' title='bbox 2669 4941 2866 5011; x_wconf 86' lang='lat' dir='ltr'><strong>partim</strong></span> <span class='ocrx_word' id='word_1_810' title='bbox 2899 4947 2958 4994; x_wconf 90' lang='lat' dir='ltr'><strong>ut</strong></span> <span class='ocrx_word' id='word_1_811' title='bbox 3004 4940 3208 5009; x_wconf 86' lang='lat' dir='ltr'><strong>injusta</strong></span> <span class='ocrx_word' id='word_1_812' title='bbox 3247 4947 3298 5016; x_wconf 82' lang='lat' dir='ltr'><strong>et</strong></span> <span class='ocrx_word' id='word_1_813' title='bbox 3351 4938 3564 4994; x_wconf 89' lang='lat' dir='ltr'><strong>inutilia</strong></span> 
     </span>
    </p>
   </div>
   <div class='ocr_carea' id='block_1_110' title="bbox 1985 5029 3562 5104">
    <p class='ocr_par' dir='ltr' id='par_1_110' title="bbox 1985 5029 3562 5104">
     <span class='ocr_line' id='line_1_110' title="bbox 1985 5029 3562 5104; baseline -0.004 -16"><span class='ocrx_word' id='word_1_814' title='bbox 1985 5033 2344 5104; x_wconf 89' lang='lat' dir='ltr'><strong>repudianda.</strong></span> <span class='ocrx_word' id='word_1_815' title='bbox 2381 5030 2478 5087; x_wconf 85' lang='lat' dir='ltr'><strong>His</strong></span> <span class='ocrx_word' id='word_1_816' title='bbox 2530 5031 2869 5101; x_wconf 75' lang='lat' dir='ltr'><strong>argumentis</strong></span> <span class='ocrx_word' id='word_1_817' title='bbox 2897 5029 3267 5093; x_wconf 87' lang='lat' dir='ltr'><strong>concludunt,</strong></span> <span class='ocrx_word' id='word_1_818' title='bbox 3319 5036 3415 5082; x_wconf 86' lang='lat' dir='ltr'><strong>aut</strong></span> <span class='ocrx_word' id='word_1_819' title='bbox 3443 5042 3562 5082; x_wconf 91' lang='lat' dir='ltr'><strong>om-</strong></span> 
     </span>
    </p>
   </div>
   <div class='ocr_carea' id='block_1_111' title="bbox 1984 5119 3566 5195">
    <p class='ocr_par' dir='ltr' id='par_1_111' title="bbox 1984 5119 3566 5195">
     <span class='ocr_line' id='line_1_111' title="bbox 1984 5119 3566 5195; baseline -0.005 -16"><span class='ocrx_word' id='word_1_820' title='bbox 1984 5125 2100 5190; x_wconf 87' lang='lat' dir='ltr'><strong>nia,</strong></span> <span class='ocrx_word' id='word_1_821' title='bbox 2131 5139 2256 5195; x_wconf 73' lang='lat' dir='ltr'><strong>quae</strong></span> <span class='ocrx_word' id='word_1_822' title='bbox 2311 5123 2366 5178; x_wconf 89' lang='lat' dir='ltr'><strong>in</strong></span> <span class='ocrx_word' id='word_1_823' title='bbox 2407 5121 2678 5177; x_wconf 87' lang='lat' dir='ltr'><strong>Paschate</strong></span> <span class='ocrx_word' id='word_1_824' title='bbox 2707 5119 3035 5176; x_wconf 90' lang='lat' dir='ltr'><strong>celebrando</strong></span> <span class='ocrx_word' id='word_1_825' title='bbox 3060 5119 3218 5188; x_wconf 88' lang='lat' dir='ltr'><strong>jussa</strong></span> <span class='ocrx_word' id='word_1_826' title='bbox 3275 5127 3438 5182; x_wconf 85' lang='lat' dir='ltr'><strong>sunt,</strong></span> <span class='ocrx_word' id='word_1_827' title='bbox 3468 5127 3566 5172; x_wconf 87' lang='lat' dir='ltr'><strong>aut</strong></span> 
     </span>
    </p>
   </div>
   <div class='ocr_carea' id='block_1_112' title="bbox 1984 5210 3562 5283">
    <p class='ocr_par' dir='ltr' id='par_1_112' title="bbox 1984 5210 3562 5283">
     <span class='ocr_line' id='line_1_112' title="bbox 1984 5210 3562 5283; baseline -0.007 -9"><span class='ocrx_word' id='word_1_828' title='bbox 1984 5216 2122 5276; x_wconf 88' lang='lat' dir='ltr'><strong>nihil</strong></span> <span class='ocrx_word' id='word_1_829' title='bbox 2153 5215 2452 5270; x_wconf 83' lang='lat' dir='ltr'><strong>observare</strong></span> <span class='ocrx_word' id='word_1_830' title='bbox 2484 5229 2584 5269; x_wconf 90' lang='lat' dir='ltr'><strong>nos</strong></span> <span class='ocrx_word' id='word_1_831' title='bbox 2633 5220 2908 5283; x_wconf 87' lang='lat' dir='ltr'><strong>oportere.</strong></span> <span class='ocrx_word' id='word_1_832' title='bbox 2944 5211 3082 5278; x_wconf 90' lang='lat' dir='ltr'><strong>Quid</strong></span> <span class='ocrx_word' id='word_1_833' title='bbox 3143 5218 3325 5266; x_wconf 90' lang='lat' dir='ltr'><strong>autem</strong></span> <span class='ocrx_word' id='word_1_834' title='bbox 3361 5226 3461 5265; x_wconf 88' lang='lat' dir='ltr'><strong>nos</strong></span> <span class='ocrx_word' id='word_1_835' title='bbox 3495 5210 3562 5263; x_wconf 88' lang='lat' dir='ltr'><strong>ad</strong></span> 
     </span>
    </p>
   </div>
   <div class='ocr_carea' id='block_1_113' title="bbox 1991 5299 3567 5366">
    <p class='ocr_par' dir='ltr' id='par_1_113' title="bbox 1991 5299 3567 5366">
     <span class='ocr_line' id='line_1_113' title="bbox 1991 5299 3567 5366; baseline -0.006 -4"><span class='ocrx_word' id='word_1_836' title='bbox 1991 5309 2105 5362; x_wconf 59' lang='lat' dir='ltr'><strong>hare</strong></span> <span class='ocrx_word' id='word_1_837' title='bbox 2133 5308 2156 5359; x_wconf 89' lang='lat'><strong>?</strong></span> <span class='ocrx_word' id='word_1_838' title='bbox 2185 5304 2591 5361; x_wconf 72' lang='lat' dir='ltr'><strong>Meminerimus</strong></span> <span class='ocrx_word' id='word_1_839' title='bbox 2623 5302 2782 5357; x_wconf 90' lang='lat' dir='ltr'><strong>nobis</strong></span> <span class='ocrx_word' id='word_1_840' title='bbox 2811 5315 2935 5358; x_wconf 90' lang='lat' dir='ltr'><strong>esse</strong></span> <span class='ocrx_word' id='word_1_841' title='bbox 2990 5300 3330 5366; x_wconf 84' lang='lat' dir='ltr'><strong>mandatum,</strong></span> <span class='ocrx_word' id='word_1_842' title='bbox 3367 5316 3435 5354; x_wconf 89' lang='lat' dir='ltr'><strong>ne</strong></span> <span class='ocrx_word' id='word_1_843' title='bbox 3475 5299 3567 5353; x_wconf 85' lang='lat' dir='ltr'><strong>ho-</strong></span> 
     </span>
    </p>
   </div>
   <div class='ocr_carea' id='block_1_114' title="bbox 1992 5390 3561 5471">
    <p class='ocr_par' dir='ltr' id='par_1_114' title="bbox 1992 5390 3561 5471">
     <span class='ocr_line' id='line_1_114' title="bbox 1992 5390 3561 5471; baseline -0.004 -23"><span class='ocrx_word' id='word_1_844' title='bbox 1992 5396 2199 5448; x_wconf 90' lang='lat' dir='ltr'><strong>minum</strong></span> <span class='ocrx_word' id='word_1_845' title='bbox 2250 5393 2555 5448; x_wconf 89' lang='lat' dir='ltr'><strong>maledictis</strong></span> <span class='ocrx_word' id='word_1_846' title='bbox 2589 5401 2644 5447; x_wconf 89' lang='lat' dir='ltr'><strong>et</strong></span> <span class='ocrx_word' id='word_1_847' title='bbox 2672 5390 3020 5445; x_wconf 91' lang='lat' dir='ltr'><strong>contumeliis</strong></span> <span class='ocrx_word' id='word_1_848' title='bbox 3053 5391 3476 5471; x_wconf 79' lang='lat' dir='ltr'><strong>succumbamus</strong></span> <span class='ocrx_word' id='word_1_849' title='bbox 3495 5390 3561 5442; x_wconf 70' lang='grc'><strong>⁸⁷.</strong></span> 
     </span>
    </p>
   </div>
   <div class='ocr_carea' id='block_1_115' title="bbox 1990 5480 3566 5556">
    <p class='ocr_par' dir='ltr' id='par_1_115' title="bbox 1990 5480 3566 5556">
     <span class='ocr_line' id='line_1_115' title="bbox 1990 5480 3566 5556; baseline -0.002 -16"><span class='ocrx_word' id='word_1_850' title='bbox 1990 5486 2252 5542; x_wconf 85' lang='lat' dir='ltr'><strong>Novimus</strong></span> <span class='ocrx_word' id='word_1_851' title='bbox 2284 5487 2470 5542; x_wconf 85' lang='lat' dir='ltr'><strong>utilem</strong></span> <span class='ocrx_word' id='word_1_852' title='bbox 2522 5485 2678 5556; x_wconf 90' lang='lat' dir='ltr'><strong>panis</strong></span> <span class='ocrx_word' id='word_1_853' title='bbox 2725 5484 2846 5539; x_wconf 88' lang='lat' dir='ltr'><strong>sine</strong></span> <span class='ocrx_word' id='word_1_854' title='bbox 2877 5483 3144 5538; x_wconf 77' lang='lat' dir='ltr'><strong>fermento</strong></span> <span class='ocrx_word' id='word_1_855' title='bbox 3193 5480 3433 5537; x_wconf 86' lang='lat' dir='ltr'><strong>confecti</strong></span> <span class='ocrx_word' id='word_1_856' title='bbox 3465 5481 3566 5538; x_wconf 90' lang='lat' dir='ltr'><strong>ob-</strong></span> 
     </span>
    </p>
   </div>
   <div class='ocr_carea' id='block_1_116' title="bbox 1993 5574 3566 5643">
    <p class='ocr_par' dir='ltr' id='par_1_116' title="bbox 1993 5574 3566 5643">
     <span class='ocr_line' id='line_1_116' title="bbox 1993 5574 3566 5643; baseline -0.004 -9"><span class='ocrx_word' id='word_1_857' title='bbox 1993 5579 2381 5643; x_wconf 78' lang='lat' dir='ltr'><strong>servationem,</strong></span> <span class='ocrx_word' id='word_1_858' title='bbox 2416 5592 2520 5633; x_wconf 89' lang='lat' dir='ltr'><strong>nec</strong></span> <span class='ocrx_word' id='word_1_859' title='bbox 2547 5590 2858 5632; x_wconf 86' lang='lat' dir='ltr'><strong>amararum</strong></span> <span class='ocrx_word' id='word_1_860' title='bbox 2884 5574 3180 5631; x_wconf 84' lang='lat' dir='ltr'><strong>herbarum</strong></span> <span class='ocrx_word' id='word_1_861' title='bbox 3209 5574 3447 5640; x_wconf 90' lang='lat' dir='ltr'><strong>lucrum,</strong></span> <span class='ocrx_word' id='word_1_862' title='bbox 3471 5579 3566 5628; x_wconf 89' lang='lat' dir='ltr'><strong>aut</strong></span> 
     </span>
    </p>
   </div>
   <div class='ocr_carea' id='block_1_117' title="bbox 370 5750 1881 5827">
    <p class='ocr_par' dir='ltr' id='par_1_117' title="bbox 370 5761 1815 5827">
     <span class='ocr_line' id='line_1_117' title="bbox 370 5761 1815 5827; baseline -0.003 -11"><span class='ocrx_word' id='word_1_863' title='bbox 370 5763 416 5795; x_wconf 68' lang='grc' dir='ltr'>δ’</span> <span class='ocrx_word' id='word_1_864' title='bbox 443 5761 606 5816; x_wconf 81' lang='lat' dir='ltr'><strong>Rom.</strong></span> <span class='ocrx_word' id='word_1_865' title='bbox 649 5776 724 5827; x_wconf 76' lang='grc' dir='ltr'>ιι,</span> <span class='ocrx_word' id='word_1_866' title='bbox 747 5761 835 5817; x_wconf 69' lang='lat'><strong>29.</strong></span> <span class='ocrx_word' id='word_1_867' title='bbox 911 5762 957 5794; x_wconf 74' lang='lat'>“</span> <span class='ocrx_word' id='word_1_868' title='bbox 984 5762 1105 5817; x_wconf 86' lang='lat' dir='ltr'><strong>Act.</strong></span> <span class='ocrx_word' id='word_1_869' title='bbox 1139 5762 1287 5825; x_wconf 71' lang='lat'><strong>11,27</strong></span> <span class='ocrx_word' id='word_1_870' title='bbox 1384 5763 1427 5794; x_wconf 75' lang='lat'><strong>“</strong></span> <span class='ocrx_word' id='word_1_871' title='bbox 1451 5761 1613 5818; x_wconf 82' lang='lat' dir='ltr'><strong>licbt&#39;.</strong></span> <span class='ocrx_word' id='word_1_872' title='bbox 1643 5777 1699 5823; x_wconf 87' lang='grc' dir='ltr'><strong>ιι,</strong></span> <span class='ocrx_word' id='word_1_873' title='bbox 1730 5761 1815 5816; x_wconf 71' lang='grc'><strong>14.</strong></span> 
     </span>
    </p>
   </div>
   <div class='ocr_carea' id='block_1_118' title="bbox 1985 5750 3562 5827">
    <p class='ocr_par' dir='ltr' id='par_1_118' title="bbox 1989 5750 3562 5827">
     <span class='ocr_line' id='line_1_118' title="bbox 1989 5750 3562 5827; baseline -0.008 -13"><span class='ocrx_word' id='word_1_874' title='bbox 1989 5772 2071 5814; x_wconf 88' lang='lat' dir='ltr'><strong>sa.</strong></span> <span class='ocrx_word' id='word_1_875' title='bbox 2099 5773 2222 5827; x_wconf 66' lang='grc' dir='ltr'>τιν,</span> <span class='ocrx_word' id='word_1_876' title='bbox 2265 5759 2354 5812; x_wconf 78' lang='grc'><strong>12.</strong></span> <span class='ocrx_word' id='word_1_877' title='bbox 2431 5758 2474 5790; x_wconf 68' lang='lat'><strong>‘°</strong></span> <span class='ocrx_word' id='word_1_878' title='bbox 2493 5756 2665 5813; x_wconf 78' lang='lat' dir='ltr'><strong>Exod.</strong></span> <span class='ocrx_word' id='word_1_879' title='bbox 2699 5771 2795 5824; x_wconf 79' lang='lat' dir='ltr'><strong>xu,</strong></span> <span class='ocrx_word' id='word_1_880' title='bbox 2831 5754 2884 5809; x_wconf 92' lang='lat'><strong>8.</strong></span> <span class='ocrx_word' id='word_1_881' title='bbox 2962 5753 3005 5786; x_wconf 67' lang='grc'><strong>⁸⁷</strong></span> <span class='ocrx_word' id='word_1_882' title='bbox 3027 5751 3220 5807; x_wconf 80' lang='lat' dir='ltr'><strong>Matth.</strong></span> <span class='ocrx_word' id='word_1_883' title='bbox 3252 5769 3304 5817; x_wconf 90' lang='lat' dir='ltr'><strong>v,</strong></span> <span class='ocrx_word' id='word_1_884' title='bbox 3338 5750 3407 5807; x_wconf 76' lang='lat'><strong><em>59</em></strong></span> <span class='ocrx_word' id='word_1_885' title='bbox 3438 5765 3562 5821; x_wconf 85' lang='lat' dir='ltr'><strong>sqq.</strong></span> 
     </span>
    </p>
   </div>
   <div class='ocr_carea' id='block_1_119' title="bbox 491 5857 1194 5921">
    <p class='ocr_par' dir='ltr' id='par_1_119' title="bbox 491 5857 1194 5921">
     <span class='ocr_line' id='line_1_119' title="bbox 491 5857 1194 5921; baseline 0 -1"><span class='ocrx_word' id='word_1_886' title='bbox 491 5862 764 5921; x_wconf 76' lang='grc' dir='ltr'>ΡΑτιιοι.</span> <span class='ocrx_word' id='word_1_887' title='bbox 807 5857 922 5918; x_wconf 77' lang='lat' dir='ltr'><strong>Gn.</strong></span> <span class='ocrx_word' id='word_1_888' title='bbox 971 5858 1194 5920; x_wconf 78' lang='lat' dir='ltr'><strong>XLVI.</strong></span> 
     </span>
    </p>
   </div>
   <div class='ocr_carea' id='block_1_120' title="bbox 3146 5847 3224 5906">
    <p class='ocr_par' dir='ltr' id='par_1_120' title="bbox 3146 5847 3224 5906">
     <span class='ocr_line' id='line_1_120' title="bbox 3146 5847 3224 5906; baseline 0.026 -2"><span class='ocrx_word' id='word_1_889' title='bbox 3146 5847 3224 5906; x_wconf 74' lang='lat'><strong>20</strong></span> 
     </span>
    </p>
   </div>
  </div>
