4084 6158
513 367 618 416 6W

1789 340 1847 392 S.
1887 333 2216 392 GREGORII
2242 332 2330 388 ΝΥ
2342 327 2539 387 SSEM

3546 312 3765 368 ’ϐἇθ

515 481 625 536 diei
660 472 1093 548 quartadecima:
1124 481 1283 523 usum
1315 464 1652 535 ignoramus.
1690 456 1801 512 Lex
1823 497 1838 519 ,
1870 466 1930 510 ut
1958 468 2088 523 pau-
2122 502 2128 517 λ

2228 469 2304 515 ος,
2324 448 2419 504 καὶ
2446 448 2548 517 τῆς
2575 434 3170 515 τεσσαρεσκαιδεκάτης
3199 434 3262 488 τὸ
3285 433 3577 505 χρήσιμον.
3622 431 3682 484 ⁸0
3707 431 3760 485 δὲ

2235 543 2247 548 -
2401 532 2429 548 ..
2482 540 2492 548 .
2554 537 2567 548 .
2749 532 2770 548 ..
2828 531 2865 548 ..
2890 532 2904 548 .
2932 529 2974 548 ,κ
2993 529 3059 548 ι---
3144 522 3572 548 ._-_--.u..-a-.
3592 521 3650 548 οη
3670 528 3760 548 ...ιη

518 521 625 536 ...υ
661 521 1090 548 Ψ....-..ν--------
1339 521 1368 535 υ
1960 521 1975 523 _

518 573 601 627 eis
631 571 899 623 rationem
952 563 1092 616 hanc
1123 558 1463 628 explicemus
1496 593 1512 618 ,
1562 551 1869 604 futurorum
1919 546 2091 599 bono-

2228 543 2345 609 όγος
2373 532 2526 601 οὗτός
2552 537 2719 597 ἐστιν,
2746 532 2805 586 ὃν
2828 531 2904 585 δι’
2925 529 3120 595 όλίγων
3141 522 3572 594 ἐπισκεψόμεθαο
3592 521 3650 576 '0
3669 528 3768 592 τὴν

519 677 641 718 rum
676 660 924 714 umbram
956 653 1245 709 continens
1260 650 1330 714 ⁵⁸,
1372 659 1541 701 unum
1588 641 1721 696 illud
1750 637 2093 709 propositum

522 754 707 814 habet,
765 756 824 803 ut
860 744 1030 801 variis
1060 740 1334 796 mandatis
1370 739 1534 791 homo
1569 733 1638 788 ab
1671 731 1911 786 inimista
1942 737 2095 783 natu-

521 858 595 897 rae
617 855 730 897 suae
762 836 970 893 malitia
1015 840 1299 905 purgetur.
1330 827 1445 882 Huc
1475 830 1685 895 spectat
1720 817 2094 881 circumcisio,

525 935 632 988 huc
661 928 887 985 Sabliati
920 966 936 991 ,
980 926 1091 979 huc
1124 923 1400 983 ciborum,
1436 918 1543 972 huc
1572 912 1740 969 variae
1777 908 2096 964 animalium

525 1017 936 1079 immolationis,
964 1014 1073 1068 huc
1105 1011 1351 1066 omnium
1395 1004 1629 1074 denique
1659 1000 1794 1069 legis
1838 1008 2099 1050 caeremo—

527 1113 741 1168 uiarum
775 1116 830 1164 et
860 1105 1246 1161 institutorum
1276 1094 1609 1154 observatio.
1644 1092 1889 1160 Longum
1921 1095 2099 1141 autem

520 1210 695 1269 esset,
723 1216 786 1257 ea
820 1213 943 1269 quae
970 1197 1055 1252 lex
1103 1209 1202 1264 per
1239 1191 1525 1261 aenigmata
1559 1183 1907 1256 praescribit,
1944 1193 2102 1233 mun-

511 1293 721 1347 ditiam
784 1288 952 1343 animi
1007 1283 1367 1356 signiﬁcantia
1403 1319 1418 1343 ,
1481 1275 1757 1347 sigillatim
1795 1284 2102 1327 recensere.

528 1379 994 1450 Quemadmodum
1021 1376 1186 1446 igitur
1205 1388 1302 1444 per
1327 1368 1796 1425 eireumcisionem
1812 1403 1828 1429 ,
1851 1377 1970 1434 qum
1994 1361 2107 1432 spi-

516 1479 640 1529 ~~ritu
664 1472 957 1543 peragitur,
987 1475 1178 1523 natura
1202 1463 1528 1534 cupiditates
1560 1455 1770 1528 abjicit,
1797 1455 1960 1510 vitam
1985 1467 2108 1507 car-

529 1569 591 1623 ni
625 1542 914 1621 obnoxiam
952 1567 1241 1630 amputans
1288 1562 1344 1610 et
1376 1549 1781 1609 circumcidens
1805 1585 1824 1612 ,
1852 1559 1948 1616 per
1975 1542 2111 1598 Sab-

528 1660 721 1714 batum
755 1663 935 1709 autem
957 1648 1321 1712 instituimur,
1354 1652 1415 1699 ut
1439 1644 1787 1714 quiescentes
1812 1651 1843 1689 a
1873 1630 2111 1706 peccatis

535 1748 932 1808 abstineamus,
983 1748 1036 1796 et
1095 1736 1413 1793 animalium
1477 1730 1736 1789 mactatio
1780 1741 1884 1782 nos
1917 1725 2109 1787 docet,

2195 634 2352 686 σκιὰν
2383 630 2491 684 τῶν
2539 625 2838 699 μελλόντων
2871 618 3088 690 ἀγαθῶν
3116 617 3256 689 ἔχων
3291 614 3475 686 νόμος,
3500 614 3641 684 πρὸς
3674 612 3769 667 ενα

2196 722 2339 777 κατὰ
2363 722 2425 776 τὸ
2469 716 2878 790 προηγούμενον
2928 711 3113 781 βλέπει
3144 706 3346 761 σκοπὸν
3371 746 3387 772 ,
3415 706 3562 769 ὅπως
3592 702 3661 758 ἂν
3683 701 3769 757 διά

2195 815 2303 869 τῶν
2333 811 2590 866 ποικίλων
2626 803 3103 878 παραγγελμάτων
3141 795 3438 869 καθαρθείη
3459 795 3563 865 τῆς
3599 795 3766 864 ἐμμι·

2196 905 2416 977 χθείσης
2458 899 2657 962 κακίας
2694 900 2724 952 ὁ
2751 895 3053 965 ἄνθρωπος.
3093 888 3267 943 Τοῦτο
3302 889 3361 940 ἐν
3381 888 3448 958 τῇ
3476 885 3766 955 περιτομῇ,

2198 976 2357 1050 τοῦτο
2383 995 2440 1047 ἐν
2464 990 2542 1062 τῷ
2563 987 2848 1057 Σαϐϐάτῳ,
2872 982 3028 1038 τοῦτο
3054 983 3111 1034 ἐν
3141 981 3209 1050 τῇ
3234 978 3344 1031 τῶν
3364 976 3641 1046 ἐδωδίμων
3668 989 3769 1027 πα-

2205 1087 2521 1161 ρατηρήσει,
2559 1081 2717 1135 τοῦτο
2755 1081 2812 1133 ἐν
2853 1079 2920 1148 τῇ
2955 1074 3174 1145 ποικίλῃ
3206 1067 3495 1140 ζωοθυσίᾳ,
3532 1066 3692 1120 τοῦτο
3714 1067 3771 1119 ἐν

2202 1158 2313 1242 τοῖς
2354 1174 2474 1230 καθ’
2513 1174 2744 1227 ἕκαστον
2796 1167 3228 1240 παρατηρήμασι
3281 1160 3642 1232 κατορθοῦται
3679 1158 3772 1212 τοῦ

2203 1268 2388 1338 νόμου.
2450 1262 2559 1317 Καὶ
2605 1258 2813 1331 μακρὸν
2855 1256 2921 1311 ἂν
2961 1255 3046 1325 εἴη
3095 1255 3161 1308 τὰ
3213 1252 3344 1322 περὶ
3391 1250 3624 1304 ἑκάστου
3643 1250 3774 1319 ήμῖν

2205 1350 2613 1427 αἰνιγματωδῶς
2641 1352 2721 1413 είς
2759 1348 2820 1402 τὺ
2855 1346 2948 1401 τοῦ
2991 1345 3105 1416 βίου
3152 1341 3447 1411 καθάρσιον
3494 1337 3648 1409 παρά
3682 1337 3773 1390 τοῦ

2209 1449 2373 1519 νόμου
2425 1441 2731 1514 δηλούμενα
2769 1439 2837 1491 δι’
2885 1436 3166 1508 ἀκριϐείας
3204 1429 3533 1487 ἐκτίθεσθαι.
3568 1427 3776 1499 Ὠσπερ

2207 1538 2385 1592 τοίνυν
2416 1534 2503 1588 διὰ
2524 1533 2624 1602 τῆς
2650 1528 2949 1601 περιτομῆς
2975 1527 3074 1598 τῆς
3095 1521 3478 1594 πνευματικῶς
3503 1519 3777 1574 ἐπιτελουο

2215 1627 2379 1697 μένης
2402 1624 2437 1694 ή
2463 1622 2621 1691 φύσις
2640 1619 2700 1674 τδ
2725 1615 2969 1689 ἐμπαθὲς
2991 1613 3326 1678 ἀποτίθεται,
3351 1608 3779 1682 περιαιρουμένη

2212 1715 2303 1768 τὸν
2334 1710 2585 1784 σαρκώδη
2613 1709 2726 1781 βίον
2750 1725 2767 1739 ·
2815 1705 2908 1760 διά
2936 1705 2994 1759 δὲ
3019 1702 3116 1759 τοῦ
3147 1701 3547 1772 Σαϐϐατισμοῦ,
3586 1700 3686 1772 τὴν
3721 1700 3781 1752 ἐν

480 1864 487 1872 ι
536 1848 602 1896 ιιι
652 1834 1088 1909 perturbationes
1117 1839 1173 1887 et
1204 1829 1335 1886 vitia
1380 1833 1715 1885 mactemus,
1764 1826 1821 1874 et
1858 1817 2106 1873 ciborum

2228 1805 2285 1877 τῷ
2306 1803 2460 1874 κακῷ
2482 1801 2752 1874 ἀπραξίαν
2779 1799 3086 1854 διδάσκεται
3107 1813 3122 1828 ο
3149 1797 3184 1869 ή
3211 1795 3268 1850 δέ
3294 1794 3560 1860 ζωοθυσία
3614 1808 3786 1846 κατα-ο

2294 1892 2349 1909 ον
2473 1891 2485 1909 ι
2543 1888 2676 1909 igne-
2739 1887 2826 1909 ---Α
2856 1888 2885 1909 ,ι
2915 1884 3273 1909 ----.-.-.-..ι-...
3301 1880 3422 1909 ---ι
3462 1882 3529 1909 -λ
3561 1880 3778 1909 a-.!...-_

536 1906 943 1984 immundorum
968 1917 1283 1977 interdictio
1311 1930 1413 1970 nos
1435 1918 1640 1974 monet,
1681 1917 1739 1963 ut
1771 1906 1840 1962 ab
1892 1906 2105 1974 impura

538 2013 928 2083 immnndaque
954 2011 1063 2064 vita
1102 2005 1428 2063 recedamus
1461 2020 1476 2057 :
1513 2001 1595 2058 sic
1642 2008 1698 2053 et
1728 1996 1845 2050 haec
1875 1990 2108 2049 celebri-

539 2117 625 2164 tas
668 2106 815 2161 illam
840 2082 1071 2158 indicat
1123 2096 1521 2159 celebritatem,
1563 2088 1632 2144 ad
1672 2099 1841 2159 quam
1891 2082 2112 2138 animus

541 2213 639 2272 per
667 2209 853 2267 azyma
889 2200 1248 2263 praaparatur,
1279 2187 1412 2241 dum
1451 2189 1661 2254 septem
1708 2176 1905 2234 diebus
1934 2188 1965 2228 a
2005 2171 2113 2228 fer-

541 2269 728 2346 mento
747 2287 904 2358 jubet
928 2282 1231 2339 alistinere.
1264 2277 1484 2348 Septem
1517 2273 1664 2328 enim
1688 2269 1902 2325 dierum
1925 2278 2115 2321 nume-

541 2393 640 2435 rus
681 2378 1098 2447 praetereuntem
1149 2368 1296 2423 hunc
1326 2361 1591 2433 temporis
1622 2372 1845 2414 cursum
1902 2351 2113 2425 signino

542 2476 653 2536 cat,
681 2444 779 2538 qui
807 2479 902 2537 per
923 2456 1291 2518 hebdomadas
1329 2449 1792 2509 circumvolvitur.
1825 2444 2119 2516 Diligenter

542 2560 688 2617 enim
704 2530 966 2628 quotidie
990 2548 1291 2606 cavendum
1319 2552 1434 2611 est,
1474 2555 1544 2597 ne
1583 2538 1705 2593 dies
1734 2536 1950 2591 instans
1981 2530 2121 2586 ullas

544 2620 816 2707 hesterna:
885 2641 1106 2700 malitiae
1164 2637 1428 2710 reliquias
1481 2637 1812 2693 conservet,
1860 2639 1932 2680 ne
1987 2620 2121 2694 quid

546 2738 867 2796 acerbitatis
944 2741 1039 2788 aut
1095 2725 1481 2787 amaritudinis
1533 2720 1804 2777 hodierno
1855 2714 2124 2770 fermento

548 2826 752 2884 veteris
778 2821 1150 2894 improbitatis
1184 2815 1368 2872 mistio
1404 2812 1600 2884 pariat.
1648 2807 1744 2864 Sot
1795 2820 1858 2860 ne
1918 2799 2125 2857 occidat

542 2930 707 2986 nuper
731 2887 1066 2967 iracundiam
1093 2914 1343 2971 vestram,
1398 2898 1579 2970 inquit
1615 2892 1909 2967 Apostolus
1933 2889 2000 2957 δ’,
2031 2887 2127 2959 qui

542 2980 815 3080 praecipit,
848 3010 905 3056 ut
937 3000 1079 3056 diem
1117 2996 1312 3052 festum
1365 2991 1726 3054 celebremus,
1780 3000 1886 3040 non
1931 2983 1985 3037 in
2025 2980 2130 3049 fer-

553 3069 735 3153 inum;
750 3092 932 3155 veteri,
968 3104 1061 3144 nec
1089 3086 1346 3156 fermento
1381 3079 1607 3136 malitiae
1637 3087 1688 3132 et
1746 3074 2012 3146 nequitia,
2036 3069 2127 3125 sed

553 3189 608 3242 in
643 3183 847 3255 azymis
891 3175 1210 3234 sinceritatis
1258 3182 1307 3229 et
1360 3168 1686 3226 veritatis”.
1734 3164 1891 3232 Quod
1946 3169 2127 3216 autem

556 3277 625 3334 de
654 3252 762 3330 uno
793 3270 1012 3326 malitiae
1042 3280 1242 3340 genere
1276 3261 1598 3327 didicimus,
1629 3258 1684 3313 id
1711 3255 1875 3313 simili
1918 3252 2132 3308 ratione

557 3367 627 3423 de
671 3361 898 3443 reliquis
952 3357 1174 3414 malitiae
1238 3351 1530 3428 generibus
1597 3348 1806 3403 dictum
1853 3343 2133 3400 existime-

560 3433 705 3512 mus.
759 3448 1085 3507 Amaritudo
1143 3445 1287 3502 enim
1322 3459 1355 3499 e
1384 3441 1494 3495 vita
1540 3447 1817 3510 torporem
1874 3441 1930 3490 et
1982 3433 2136 3501 igna-

552 3547 706 3603 viam
738 3542 981 3614 expellit,
1036 3546 1093 3594 et
1139 3535 1287 3591 illius
1327 3532 1450 3589 loco
1493 3530 1686 3585 l'ortem
1720 3535 1775 3582 et
1839 3525 2032 3581 duram
2080 3528 2136 3577 et

552 3613 825 3707 asperam,
887 3628 1108 3688 vivendi
1163 3626 1432 3682 rationem
1492 3618 1814 3686 introducit,
1866 3613 2134 3687 siquidem

561 3706 743 3782 omnis
788 3720 1079 3791 disciplina
1119 3714 1390 3789 principio
1432 3711 1646 3768 videtur
1705 3722 1811 3764 non
1870 3706 2131 3770 laetitiam,

566 3816 660 3874 sed
696 3800 1003 3870 molestiam
1032 3807 1249 3864 aﬂ'erre.

642 4069 825 4134 Quare
870 4065 967 4137 qui
1010 4063 1136 4120 vitae
1169 4061 1340 4116 totius
1366 4055 1776 4115 liebdomadem
1795 4055 1946 4110 nulla
1970 4051 2139 4109 veteri

573 4159 784 4217 malitia
834 4155 1203 4217 commistam,
1256 4150 1349 4208 sed
1394 4150 1464 4204 ab
1496 4148 1670 4219 ipsius
1717 4145 1981 4202 fermento
2006 4143 2144 4198 libe—

574 4265 694 4307 ram
746 4247 1043 4317 transigit,
1083 4242 1498 4314 temperantiam
1553 4239 1611 4294 in
1676 4237 1827 4292 victu
1882 4244 2141 4305 tanquam

573 4341 867 4400 obsonium
919 4336 1209 4400 adhibens,
1237 4335 1286 4390 is
1329 4334 1398 4389 ab
1450 4332 1598 4388 omni
1653 4328 2001 4385 tenebricosa
2040 4325 2144 4380 mi-

579 4433 762 4491 stione
791 4445 850 4486 se
896 4429 1074 4499 ipsum
1128 4433 1339 4480 avocat.
1374 4421 1489 4478 Hoc
1542 4424 1685 4477 enim
1708 4417 2145 4489 quartadecima;

578 4529 722 4581 lunae
766 4535 963 4579 cursus
1037 4517 1330 4590 signiﬁcat.
1377 4514 1511 4569 Nam
1541 4527 1678 4582 .cum
1736 4518 1912 4565 totum
1970 4509 2145 4579 ipsius
2175 4506 2220 4562 D

577 4629 803 4673 cursum
834 4626 1029 4668 novem
1055 4618 1110 4666 et
1163 4607 1354 4678 viginti
1388 4605 1508 4661 dies
1554 4618 1680 4658 cum
1718 4600 1945 4657 dimidio
1968 4599 2144 4655 conﬁ-

579 4711 748 4771 ciant,
790 4720 900 4776 quo
932 4701 1151 4774 quidem
1181 4699 1360 4769 spatio
1388 4698 1518 4752 luna
1555 4703 1670 4749 tum
1711 4693 2007 4749 crescendo
2040 4692 2152 4747 cir-

581 4801 766 4857 culum
798 4796 1028 4869 perlicit,
1058 4801 1171 4849 tum
1207 4789 1576 4848 decrescendo
1608 4786 1875 4842 minuitur
1895 4824 1910 4849 ,
1943 4794 2003 4839 ut
2033 4798 2152 4840 om-

582 4893 641 4947 ni
681 4902 907 4959 prorsus
935 4887 1055 4940 luce
1083 4882 1320 4946 deﬁciat,
1358 4882 1436 4944 tit,
1470 4889 1531 4936 ut
1580 4879 1775 4933 borum
1812 4877 2025 4932 dierum
2064 4874 2152 4929 di-

576 4977 814 5034 midium
839 4974 1052 5031 numeri
1076 4971 1486 5044 quatuordecim
1509 4971 1625 5026 dies
1648 4977 1702 5026 et
1733 4969 1892 5039 paulo
1921 4967 2155 5037 amplius

578 5069 883 5125 contineat.
923 5066 1058 5121 Cum
1096 5064 1262 5134 igitur
1312 5062 1532 5132 proprio
1580 5075 1747 5116 cursu
1807 5058 2157 5130 progrediens

584 5165 862 5215 nocturno
891 5156 1070 5226 spatio
1099 5156 1180 5210 sic
1210 5153 1396 5208 orbem
1430 5167 1589 5208 suum
1630 5151 1751 5206 luce
1780 5148 2154 5220 compleverit,

591 5259 653 5307 ut
685 5250 794 5307 diei
839 5246 1119 5317 splendori
1154 5245 1384 5299 nitorem
1439 5243 1698 5313 adjungat
1752 5257 1933 5305 suum,
1969 5239 2157 5310 sequi-

590 5352 701 5407 tur,
749 5347 812 5395 ut
838 5353 1014 5409 neque
1042 5336 1279 5406 vesperi,
1325 5349 1502 5405 neque
1526 5349 1687 5388 mane
1729 5333 1982 5389 tenebras
2015 5332 2158 5387 ullas

593 5434 738 5487 sinat
781 5428 1097 5499 interponi,
1146 5427 1348 5497 quibus
1399 5424 1659 5480 continua
1689 5424 1827 5480 lucis
1875 5424 2045 5478 series
2084 5424 2161 5477 in-

594 5531 987 5591 terrumpatur,
1030 5532 1155 5573 cum
1207 5517 1262 5572 in
1292 5516 1573 5571 elementis
1614 5526 1903 5598 perpetua.
1935 5513 2160 5569 luminis

673 5740 721 5775 ⁸⁸
754 5736 915 5795 Hebr.
947 5755 1005 5803 ι,
1039 5738 1091 5793 1.
1166 5737 1213 5772 ⁸⁸
1235 5736 1433 5814 Ephes.
1472 5753 1544 5804 tv,
1573 5737 1662 5793 26.
1740 5737 1785 5769 ⁸ο
1813 5735 1980 5792 lCor.
2013 5753 2064 5803 v,
2100 5736 2158 5791 8.

2205 1892 2400 1963 σφάζει
2430 1891 2499 1945 τὰ
2535 1888 2705 1960 πάθη,
2737 1887 2832 1942 καὶ
2855 1888 2890 1959 ἡ
2915 1884 3276 1956 νενομισμένη
3300 1880 3428 1954 περὶ
3462 1882 3532 1935 τὰ
3559 1880 3782 1952 βρώμα-

2206 2005 2277 2042 τα
2304 1985 2414 2038 τῶν
2468 1981 2794 2054 ἀκαθάρτων
2841 1979 3112 2051 διάκρισις
3152 1976 3507 2048 συμϐουλεύει
3548 1990 3634 2026 σοι
3688 1970 3782 2025 τοῦ

2212 2076 2505 2151 ρυποῦντός
2549 2091 2610 2129 τε
2642 2073 2738 2128 καὶ
2770 2071 3083 2143 ἀκαθάρτου
3115 2070 3233 2140 βίου
3264 2068 3363 2138 τὴν
3405 2066 3774 2136 ἀλλοτρίωσιν·

2210 2169 2352 2223 οὔτω
2395 2167 2490 2221 καὶ⁵
2515 2167 2549 2236 ή
2592 2166 2752 2237 ἑορτή
2797 2181 2879 2218 σοι
2911 2162 3048 2234 αὕτη
3087 2161 3188 2232 τὴν
3227 2157 3420 2229 ἑορτὴν
3442 2155 3660 2225 ἐκείνην
3694 2153 3780 2206 ἐν-

2211 2259 2513 2321 δείκνυται,
2555 2254 2693 2327 πρὸς
2736 2254 2805 2326 ἣν
2836 2254 2870 2324 ἡ
2900 2252 3046 2323 ψυχὴ
3084 2251 3173 2305 διὰ
3214 2248 3323 2303 τῶν
3349 2245 3574 2319 ἀζύμων
3611 2259 3785 2316 παρα·-

2217 2347 2560 2413 σκευάζεται,
2603 2347 2659 2400 ἐν
2687 2344 2828 2398 ἑπτὰ
2855 2341 3085 2414 ἡμέραις
3114 2341 3211 2413 τῆς
3249 2339 3343 2394 τοῦ
3375 2336 3625 2410 ζυμωτοῦ
3654 2332 3789 2407 βρώ-

2218 2456 2355 2503 σεως
2386 2434 2795 2506 καθαρεύουσα,
2850 2427 2924 2489 ὧν
2974 2433 3037 2486 τὸ
3076 2433 3306 2500 αίνιγμα
3348 2428 3591 2483 τοιοῦτόν
3620 2429 3785 2480 ἐστιν·

2228 2531 2289 2583 '0
2333 2527 2440 2581 τῶν
2486 2525 2625 2579 ἐπτά
2679 2523 2900 2596 ἡμερῶν
2954 2522 3186 2596 ἀριθμὸς
3231 2521 3327 2576 τὸν
3377 2517 3665 2591 παροδικόν
3710 2532 3790 2569 σοι

2220 2620 2404 2674 τοῦτον
2428 2618 2619 2690 χρόνον
2655 2616 3014 2681 ἐκδείκνυται,
3036 2613 3126 2668 τὸν
3154 2613 3221 2665 δι’
3250 2613 3560 2684 ἑϐδομάδων
3591 2611 3792 2664 ἀνακυο

2223 2709 2538 2782 κλούμενον.
2588 2709 2679 2763 Ἐν
2705 2702 2750 2777 ᾧ
2777 2706 2883 2779 χρὴ
2906 2706 2972 2759 δι’
3002 2703 3315 2775 ἐπιμελείας
3340 2706 3420 2768 εἰς
3442 2703 3543 2773 τὴν
3566 2697 3792 2755 ἐνεστῶ⁶

2226 2821 2324 2858 σαν
2352 2802 2568 2874 ἡμέραν
2629 2801 2794 2872 μηδὲν
2836 2803 2935 2871 τῆς
2959 2797 3149 2870 χθιζῆς
3179 2797 3375 2861 κακίας
3399 2794 3651 2865 λείψανον
3681 2792 3793 2847 δια-

2228 2894 2497 2960 σώζεσθαι
2523 2932 2539 2958 ,
2585 2893 2660 2957 ώς
2699 2893 2765 2947 ἂν
2799 2893 2872 2965 μή
2902 2909 3022 2945 τινα
3062 2890 3251 2961 στύψιν
3282 2889 3378 2943 καὶ
3421 2888 3569 2955 όξίδα
3591 2886 3671 2958 τῷ
3706 2902 3800 2955 ση-

2232 2982 2437 3057 μερινῷ
2469 2981 2751 3053 φυράματι
2778 2981 2813 3051 ή
2851 2981 2948 3050 τῆς
2979 2977 3146 3033 ἑώλου
3173 2976 3369 3040 κακίας
3396 2976 3692 3045 ποιήσειεν.
3736 2972 3798 3025 '0

2231 3076 2407 3146 iich
2444 3073 2530 3144 μὴ
2579 3069 2866 3126 ἐπιδυέτω
2921 3070 3020 3124 ἐπὶ
3065 3067 3146 3134 τῷ
3186 3063 3568 3137 παροργισμῷ
3613 3061 3795 3133 ὑμῶν.

2232 3165 2398 3237 φησὶν
2425 3167 2453 3220 ὁ
2491 3163 2832 3227 Ἀπὸστολος,
2900 3164 2933 3216 ὁ
2960 3161 3048 3231 μὴ
3093 3160 3165 3215 ἐν
3202 3159 3348 3229 ζύμῃ
3379 3154 3623 3223 παλαιᾷ,
3648 3153 3803 3225 μηδὲ

2230 3259 2302 3313 ἐν
2325 3256 2470 3328 ζύμῃ
2500 3257 2714 3323 κακίας
2737 3255 2836 3310 καί
2860 3253 3176 3322 πονηρίας,
3213 3251 3351 3306 ἀλλ’
3371 3249 3442 3303 ἐν
3461 3247 3702 3317 ἀζύμοις
3725 3246 3801 3299 ει-

2231 3351 2557 3420 λικρινείας
2606 3348 2706 3403 καί
2745 3347 3030 3415 ἀληθείας
3067 3342 3340 3417 ἑορτάζειν
3368 3341 3797 3411 ἐγκελευόμενος.

2239 3440 2305 3493 Ὃ
2331 3439 2388 3494 δέ
2419 3439 2546 3510 περὶ
2578 3437 2670 3491 τοῦ
2703 3437 2821 3499 ἐνὸς
2850 3437 2950 3507 τῆς
2969 3435 3167 3499 κακίας
3192 3432 3367 3496 εἴδους
3389 3432 3655 3501 ἔγνωμεν,
3678 3433 3804 3487 ἀνα·

2233 3529 2411 3599 λόγως
2427 3529 2584 3582 τοῦτο
2608 3528 2734 3599 περὶ
2765 3527 2872 3582 τῶν
2895 3527 3096 3580 λοιπῶν
3119 3526 3214 3596 τῆς
3246 3524 3445 3588 κακίας
3476 3522 3634 3577 εἰδῶν
3667 3521 3807 3575 διδα-

2237 3621 2479 3691 σκόμεθα
2504 3639 2517 3651 ·
2574 3621 2609 3691 ἡ
2635 3619 2694 3673 δὲ
2740 3618 2929 3689 πικρὶς
2967 3616 3217 3670 ἐκϐάλλει
3261 3615 3323 3669 τὸ
3362 3613 3803 3669 καταϐεϐλακευ-

2239 3712 2398 3782 μένον
2444 3712 2501 3765 ἐν
2549 3708 2628 3781 τῷ
2672 3707 2771 3779 βίῳ
2808 3708 2902 3762 καὶ
2949 3706 3169 3761 ἔκλυτον
3190 3723 3206 3738 θ
3267 3705 3578 3773 ἀντεισάγει
3623 3702 3684 3757 δέ
3719 3703 3805 3756 τὶν

2236 3801 2481 3872 ἐγκρατῆ
2507 3802 2602 3855 καὶ
2633 3798 3062 3869 κατεσκληκότα,
3112 3799 3208 3853 καὶ
3239 3800 3303 3869 τῇ
3338 3796 3592 3867 αἰσθήσει
3616 3794 3806 3863 δύσλη-

2238 3909 2370 3947 πτον
2401 3890 2533 3960 βίον.
2577 3890 2797 3959 Ἐπειδὴ
2842 3890 2991 3943 πᾶσα
3025 3889 3242 3944 παιδεία
3282 3889 3345 3942 ού
3393 3889 3540 3942 δοκεῖ
3573 3886 3710 3958 πρὸς
3750 3883 3809 3938 τὸ

2240 3982 2412 4054 παρὸν
2438 3983 2612 4053 χαρᾶς
2644 3978 2803 4047 εἶναι,
2831 3980 2968 4036 ἀλλά
2990 3979 3187 4050 λύπης,

2325 4073 2382 4126 ’0
2411 4071 2590 4126 τοίνυν
2620 4071 2709 4126 διά
2745 4071 2926 4142 πάσης
2951 4070 3049 4139 τῆς
3080 4068 3177 4124 τοῦ
3220 4068 3336 4139 βίου
3366 4067 3558 4122 τούτου
3588 4066 3810 4137 ἑϐδομά-

2241 4164 2329 4226 δος
2365 4164 2718 4234 ἀνεπίμικτον
2751 4163 2982 4225 παλαιᾶς
3011 4161 3206 4225 κακίας
3247 4160 3340 4215 καὶ
3367 4160 3575 4230 ἄζυμον
3605 4158 3703 4231 τὴν
3729 4158 3812 4212 ἀεὶ

2242 4252 2544 4307 ἐνεστῶσαν
2584 4252 2863 4325 κατορθῶν
2893 4252 3125 4322 ἡμέραν,
3160 4250 3289 4319 ὄψον
3326 4250 3424 4319 τῆς
3449 4249 3595 4318 ζωῆς
3637 4246 3814 4302 ποιού-

2248 4361 2404 4416 μενος
2430 4344 2527 4416 τὴν
2552 4344 2895 4416 ἐγκράτειαν,
2926 4335 3078 4406 οὗτος
3110 4342 3300 4397 ἐαυτὸν
3331 4342 3509 4411 πάσης
3546 4338 3816 4408 σκοτεινῆς

2245 4434 2521 4505 ἐπιμιξίας
2551 4435 2794 4506 χωρίζει.
2834 4433 3002 4487 Τοῦτο
3039 4433 3149 4504 γάρ
3191 4434 3224 4504 ἡ
3257 4431 3816 4502 τεσσαρεσκαιδεκάτη

2245 4524 2340 4577 τοῦ
2369 4525 2649 4594 σεληναίου
2669 4525 2867 4595 δρόμου
2910 4524 3262 4579 ἐνδείκνυται.
3300 4521 3519 4593 Ἐπειδὴ
3540 4521 3651 4592 γὰρ
3671 4520 3820 4574 ἐννέα

2249 4616 2385 4670 είσὶν
2416 4617 2470 4668 αί
2498 4617 2667 4668 πᾶσαι
2698 4614 2792 4668 τοῦ
2830 4614 3108 4685 σεληναίου
3137 4615 3335 4689 δρόμου
3355 4655 3370 4681 ,
3402 4613 3497 4667 καὶ
3521 4612 3698 4667 εἴκοσι
3735 4612 3821 4665 καὶ⁵

2251 4705 2474 4777 ἡμίσεια
2495 4746 2509 4771 ,
2539 4707 2597 4759 ἐν
2625 4701 2712 4769 αἷς
2737 4707 2802 4759 ἐκ
2846 4704 3135 4775 νεομηνίας
3158 4707 3192 4777 ἢ
3225 4705 3420 4776 σελήνη
3450 4703 3519 4757 δι’
3551 4702 3824 4773 αὐξήσεως

2251 4796 2596 4849 τελειωθεῖσα
2642 4796 2719 4868 τῷ
2748 4796 2953 4867 κύκλῳ,
2985 4797 3144 4851 πάλιν
3168 4795 3255 4850 διὰ
3289 4796 3566 4866 μειώσεως
3609 4795 3692 4857 είς
3732 4792 3827 4862 τὴν

2259 4884 2498 4955 παντελῆ
2524 4884 2617 4938 τοῦ
2644 4885 2819 4954 φωτὸς
2844 4885 3082 4955 ἔκλειψιν
3104 4885 3478 4956 ἐπανέρχεται,
3504 4882 3748 4953 δηλονότι
3768 4881 3828 4935 τὸ

2259 4977 2428 5048 ἥμισυ
2472 4975 2567 5029 τοῦ
2608 4977 3069 5048 μνημονευθέντος
3109 4976 3343 5050 ἀριθμοῦ
3387 4973 3831 5045 τεσσαρεσκαιδε-

2261 5068 2400 5138 κάτη
2419 5068 2554 5129 ἐστὶ,
2575 5069 2668 5121 καὶ
2687 5068 2879 5139 μικρὸν
2903 5068 2981 5121 ἔτι
3009 5070 3164 5139 πρός.
3190 5067 3421 5133 Οὐκοῦν,
3441 5067 3570 5120 ὅταν
3587 5068 3645 5119 ἐν
3664 5065 3831 5133 τούτῳ

2261 5159 2398 5232 τύχῃ
2428 5156 2561 5213 οὖσα
2588 5162 2621 5232 ἡ
2652 5162 2844 5231 σελήνη
2865 5160 2942 5232 τῷ
2959 5162 3219 5233 σχήματι,
3242 5160 3428 5230 ἐπειδὴ
3459 5157 3831 5231 συμπροῖοῦσα

2264 5252 2404 5305 κατά
2418 5251 2508 5305 τὸν
2523 5251 2651 5305 ἴδιον
2673 5252 2871 5324 δρόμον
2894 5252 2971 5322 τῷ
2992 5251 3288 5323 νυκτερινῷ
3303 5251 3651 5320 διαστήματι,
3671 5263 3833 5319 προσ-

2261 5342 2441 5411 τίθησι
2488 5343 2549 5395 τὸ
2581 5343 2766 5395 λεῖπον
2802 5343 2878 5413 τῷ
2913 5343 3117 5414 κύκλῳ,
3139 5343 3278 5397 ὥστε
3326 5341 3703 5414 πληρωθεῖσαν
3733 5354 3834 5407 φω-

2264 5429 2355 5492 τδς
2380 5432 2501 5494 ταῖς
2530 5431 2721 5499 αὐγαῖς
2750 5434 2847 5504 τῆς
2872 5432 3083 5503 ἡμέρας
3112 5432 3210 5496 τὰς
3235 5433 3364 5503 παρ’
3393 5429 3595 5500 ἑαυτῆς
3620 5428 3835 5497 λαμπη-

2266 5518 2422 5582 δόνας
2452 5522 3042 5595 συμπαρακαταμίξαι,
3072 5521 3147 5585 ὼς
3191 5523 3327 5593 μήτε
3371 5521 3514 5576 κατά
3552 5521 3650 5592 τήν
3675 5514 3834 5571 ἑσπέ·
