4084 6158
338 368 437 428 621

1295 352 1363 409 ΙΝ
1407 348 1682 408 CHRISTI
1724 343 2352 403 RESURRECTIONEM
2386 341 2592 398 ORAT.
2631 340 2670 393 1.

3477 332 3582 388 6‘22

338 498 463 553 ραν,
502 479 638 549 μήτε
672 476 813 530 κατά
843 476 934 530 τὸν
968 472 1183 546 δρθρον,
1225 473 1446 534 σκότους
1483 468 1605 522 τινὰ
1640 465 1911 537 παρενθή-

2038 461 2298 515 .ucccssio
2349 469 2586 515 maneat.
2630 458 2951 528 Priusquam
2977 455 3121 509 enim
3155 452 3287 509 solis
3320 449 3583 505 occiden-

337 590 441 640 κην
464 568 717 638 διακόψαι
747 567 840 621 τοῦ
865 566 1039 634 φωτὸς
1063 565 1160 635 τὴν
1194 563 1491 632 συνέχειαν,
1515 564 1573 614 ἐν
1600 562 1666 630 τῇ
1696 559 1914 628 διαδοχῇ

342 664 445 719 .aw
479 661 776 731 στοιχείων,
803 658 1107 730 ἀδιαιρέτου
1135 657 1231 727 τῆς
1259 655 1432 725 αὐγῆς
1465 651 1750 725 μενούσης.
1782 650 1916 720 Πρὶν

335 755 444 827 γὰρ
474 751 719 824 ἀκριϐῶς
758 750 855 821 τὴν
894 748 1124 821 ἡλιακὴν
1164 748 1358 802 ἀκτῖνα
1402 746 1714 807 καταδῦναι,
1765 745 1915 797 ἀντι·

337 845 587 913 φαίνεται
616 843 682 896 δι’
712 841 926 904 εὐθείας
951 841 985 911 ή
1016 839 1208 911 σελήνη
1243 839 1320 910 τῷ
1352 838 1486 909 ήλίῳ
1528 838 1670 892 κατὰ
1699 836 1759 891 τὺ
1798 836 1917 890 διά-

340 949 539 1005 μετρον
560 973 575 998 ,
608 931 704 984 καὶ
730 928 808 1001 τῷ
839 929 954 999 ἰδίῳ
984 928 1122 998 φωτὶ
1150 926 1495 997 καταλάμπει
1532 925 1594 977 τὸ
1627 922 1918 993 ὑποκείμε-

337 1042 446 1079 νον.
469 1023 581 1078 Καὶ
607 1022 767 1076 πάλιν
799 1020 928 1091 πρὶν
956 1020 1172 1083 πάντως
1200 1018 1290 1073 τὸν
1324 1017 1520 1073 κύκλον
1547 1016 1718 1085 αὐτῆς
1750 1014 1916 1068 ὑπελ-

338 1114 453 1168 θεῖν
468 1115 559 1167 τὸν
578 1113 846 1185 ὁρίζοντα,
877 1114 989 1176 τοῖς
1011 1111 1283 1181 λειψάνοις
1314 1110 1408 1163 τοῦ
1443 1108 1725 1179 σεληναίου
1745 1107 1919 1177 φωτὸς

338 1207 374 1275 ή
414 1205 515 1275 τῆς
563 1205 777 1277 ἡμέρας
821 1203 964 1274 αὐγὴ
1022 1204 1435 1274 κατακιρνᾶται.
1478 1203 1587 1256 Καὶ
1633 1201 1775 1257 οὕτω
1821 1203 1920 1273 τῆς

340 1295 674 1366 πανσελήνου
704 1294 916 1364 ἐκείνης
953 1292 1165 1364 ἡμέρας
1204 1292 1265 1346 τδ
1308 1292 1496 1355 σκότος
1519 1289 1918 1361 ἐξαφανίζεται,

339 1387 483 1440 κατά
510 1403 570 1439 τε
603 1385 695 1438 τὸν
735 1385 929 1456 ὄρθρον
971 1386 1065 1439 καὶ
1098 1385 1196 1453 τὴν
1250 1383 1520 1456 ἑσπέραν,
1555 1387 1619 1456 τῇ
1654 1384 1762 1436 τῶν
1804 1401 1919 1454 φω-

342 1479 557 1549 στήρων
606 1475 822 1546 διαδοχῇ
870 1475 1343 1547 λαμπρυνόμενον.
1392 1476 1571 1547 Ὅπερ
1609 1477 1791 1529 τοίνυν
1844 1474 1922 1546 τῷ

339 1566 583 1638 αἰσθητῷ
626 1566 764 1635 φωτὶ
814 1564 955 1619 κατὰ
1005 1566 1102 1636 τὴν
1144 1564 1738 1636 τεσσαρεσκαιδεκάτην
1786 1582 1923 1634 συμ-

344 1656 541 1719 ϐαίνει,
573 1654 634 1707 τὸ
670 1652 757 1707 διὰ
792 1653 972 1723 πάσης
1004 1653 1195 1716 νυκτός
1233 1670 1294 1705 τε
1325 1653 1418 1706 καὶ
1464 1654 1680 1724 ἡμέρας
1706 1653 1925 1723 ἀπαρά-

343 1746 529 1800 δεκτον
571 1740 711 1799 εἶναι
743 1744 843 1815 τῆς
877 1744 1154 1815 ἐπιμιξίας
1185 1742 1279 1796 τοῦ
1327 1743 1570 1809 σκότους,
1605 1743 1761 1797 τοῦτο
1800 1742 1924 1814 βού-

2018 552 2089 607 tis
2126 553 2261 607 radii
2305 553 2461 622 plane
2513 550 2789 612 deﬁciant,
2821 565 2851 604 e
2890 546 3111 618 regione
3156 545 3399 600 cernitur
3431 543 3581 616 luna,

2019 660 2136 714 qua
2163 645 2282 698 luce
2310 658 2409 699 sua
2440 641 2701 696 mundum
2748 641 3008 696 illustrat.
3065 638 3128 691 Et
3162 652 3379 692 rursum
3439 642 3587 689 antc-

2017 751 2181 808 quam
2229 736 2357 789 hinc
2417 749 2584 789 cursu
2641 732 2894 788 confecto
2926 732 3053 786 luna
3110 729 3387 793 discedat,
3443 727 3585 781 lucis

2016 828 2136 896 ejus
2171 826 2417 896 reliquiis
2464 824 2569 879 dici
2620 824 2878 896 splendor
2907 821 3241 892 adjungitur.
3291 820 3468 889 Atque
3510 817 3586 872 ita

2016 937 2080 975 ex
2116 919 2205 973 illa
2238 927 2418 983 nocte,
2448 932 2556 988 qua
2588 916 2716 972 luna
2757 916 2912 986 plena
2939 921 3045 979 est,
3087 913 3324 968 tenebrae
3368 909 3586 981 penitus

2017 1010 2403 1074 excluduntur,
2454 1018 2643 1064 mutua
2703 1007 2836 1063 solis
2899 1016 2953 1062 et
3005 1005 3147 1059 lunae
3200 1013 3316 1058 tum
3376 1002 3587 1074 vesperi

2019 1113 2133 1159 tum
2168 1118 2329 1157 mane
2379 1101 2749 1157 successione.
2782 1097 2937 1164 Quod
2970 1097 3134 1167 igitur
3165 1097 3273 1151 luci
3328 1095 3589 1152 sensibus

2018 1192 2278 1263 expositae
2307 1190 2716 1263 quartadecima
2744 1190 2835 1244 die
2869 1187 3159 1258 contingit,
3203 1197 3261 1241 ut
3289 1203 3385 1257 per
3417 1195 3590 1242 totam

2019 1294 2233 1339 noctem
2268 1292 2434 1355 atque
2460 1283 2603 1338 diem
2638 1281 2843 1336 nullam
2878 1280 3230 1335 tenebrarum
3279 1279 3589 1334 mistionem

2020 1376 2293 1441 admittat,
2328 1376 2382 1431 id
2418 1375 2720 1446 spiritualis
2757 1375 2843 1430 lex
2869 1374 2985 1428 vult
3028 1386 3152 1428 esse
3181 1370 3591 1438 documentum,

2022 1476 2082 1521 ut
2117 1481 2213 1537 per
2237 1476 2405 1521 totam
2438 1468 2563 1522 vitae
2591 1466 2986 1522 hebdomadam
3049 1464 3366 1535 praeclarum
3424 1480 3594 1519 unum

2021 1558 2230 1614 Pascha
2272 1566 2326 1613 et
2366 1573 2395 1613 a
2442 1558 2683 1614 tenebris
2726 1556 3156 1613 remotissimum
3202 1555 3545 1612 celebrantes
3577 1595 3594 1622 ,

2023 1662 2185 1703 omne
2216 1649 2477 1719 temporis
2525 1648 2765 1719 spatium
2809 1648 2865 1702 in
2896 1648 3016 1703 luce
3050 1649 3440 1719 transigamus.
3472 1647 3597 1703 llaec

2024 1748 2111 1795 est
2159 1739 2471 1796 celebrandi
2520 1739 2808 1796 Paschatis
2854 1740 2995 1812 apud
3034 1740 3375 1797 Christianos
3427 1742 3593 1798 insti-

344 1838 494 1891 λεται
527 1840 556 1889 ό
598 1810 1158 1906 πνευματικὸς-νόμος
1181 1872 1195 1896 .
1227 1833 1492 1904 σύμϐολον
1523 1833 1774 1902 γενέσθαι
1800 1810 1922 1898 ’τοῖς

2038 1832 2164 1886 ιυιίο
2218 1840 2380 1903 atque
2408 1832 2739 1888 observatio.
2801 1810 3011 1887 Idcirco
3077 1833 3597 1902 quartamdecimam

346 1924 730 1997 πνευματικῶς
758 1925 1127 1995 ἑορτάζουσιν,
1156 1924 1294 1978 ὥστε
1322 1924 1410 1978 διὰ
1445 1924 1624 1995 πάσης
1652 1923 1752 1995 τῆς
1780 1925 1922 1979 κατὰ

344 2017 447 2089 τήν
474 2017 622 2088 ζωὴν
648 2015 960 2085 ἑϐδομάδος,
993 2014 1051 2068 ἒν
1095 2015 1285 2086 Πάσχα
1318 2015 1577 2083 φωτεινὸν
1634 2014 1729 2067 καὶ
1757 2015 1915 2069 άσκόο

344 2127 527 2164 τιστον
553 2110 671 2164 ὅλον
701 2108 791 2162 τὸν
828 2108 1016 2179 χρόνον
1044 2109 1228 2172 αὐτοῖς
1270 2107 1368 2178 τῆς
1397 2106 1541 2178 ζωῆς
1568 2104 1919 2177 ἐργάζεσθαι.

346 2201 498 2271 Δῦτη
524 2200 632 2269 γὰρ
667 2198 775 2254 τῶν
805 2199 933 2270 περὶ
969 2198 1030 2252 τὸ
1078 2197 1271 2268 Πάσχα
1302 2196 1776 2268 παραγγελμάτων
1812 2199 1925 2260 τοῖς

347 2293 694 2365 Χριστιανοῖς
724 2293 756 2361 ή
791 2290 1143 2354 κατάστασις.
1180 2290 1278 2344 Διὰ
1310 2288 1465 2343 τοῦτο
1507 2287 1642 2361 πρὸς
1664 2287 1766 2359 τὴν
1798 2305 1923 2343 τεσ-

352 2382 853 2454 σαρεσκαιδεκάτην
889 2381 1178 2452 βλέπομεν,
1211 2380 1299 2435 διὰ
1322 2379 1415 2435 τοῦ
1445 2379 1704 2452 αἰσθητοῦ
1734 2379 1924 2434 τούτου

350 2477 451 2529 καὶ
482 2472 668 2531 ύλικοῦ
702 2474 899 2543 φωτὸς,
929 2472 1024 2526 τοῦ
1048 2472 1210 2526 eam
1235 2489 1295 2525 τε
1324 2473 1419 2526 καὶ
1441 2472 1633 2544 νοητοῦ
1660 2475 1759 2545 τὴν
1789 2489 1926 2543 φαν-

350 2564 548 2619 τασίαν
578 2564 1082 2635 ἀναλαμϐάνοντες,
1119 2564 1196 2627 ὡς
1240 2562 1303 2617 τὸ
1335 2564 1434 2634 μὲν
1479 2562 1655 2620 δοκεῖν
1698 2564 1929 2637 σελήνην

352 2653 667 2725 πλήθουσαν
693 2654 989 2724 ἐπιζητεῖν,
1010 2653 1070 2706 τὸ
1102 2653 1230 2724 παρ’
1259 2652 1459 2725 ἑαυτῆς
1483 2653 1688 2724 φέγγος
1713 2654 1934 2727 διαρκὲς

352 2745 737 2817 παρεχομένην
768 2745 900 2815 ἡμῖν
938 2744 1248 2815 παννύχιον,
1282 2746 1350 2815 τῇ
1380 2744 1436 2799 δὲ
1471 2744 1731 2818 ἀληθείᾳ,
1768 2746 1935 2817 νόμον

355 2836 492 2906 ἡμῖν
520 2831 660 2889 εἶναι
688 2836 749 2889 τὸ
774 2837 1148 2908 παρατήρημα
1173 2836 1267 2890 τοῦ
1297 2836 1475 2892 πάντα
1496 2837 1589 2892 τὸν
1610 2837 1820 2910 χρόνον,
1843 2838 1935 2893 τὸν

2028 1922 2172 1978 hanc
2208 1923 2351 1979 diem
2383 1924 2738 1987 attendimus,
2771 1933 2828 1979 ut
2856 1939 2923 1979 ex
2966 1923 3069 1979 hac
3100 1925 3239 1989 luce,
3271 1939 3392 1995 quae
3432 1939 3599 1981 sensu

2029 2013 2331 2086 percipitur
2386 2022 2441 2069 et
2479 2013 2535 2069 in
2571 2014 2802 2069 materia
2833 2014 2940 2070 sita
2987 2023 3071 2071 est
3097 2053 3113 2080 ,
3143 2015 3320 2070 lucem
3361 2033 3393 2069 a
3427 2023 3601 2071 mate-

2028 2107 2111 2161 ria
2142 2106 2450 2176 sejunctam
2478 2115 2530 2161 et
2565 2121 2689 2177 quae
2721 2107 2838 2162 sola
2875 2116 3056 2163 mente
3098 2106 3599 2178 comprehenditur,

2032 2196 2424 2267 intelligamus,
2464 2204 2540 2262 et,
2567 2196 2698 2251 dum
2736 2196 2987 2252 videmur
3037 2198 3223 2252 lunam‘
3269 2199 3483 2268 plenam
3516 2197 3602 2252 in-

2031 2290 2269 2362 quirere,
2322 2304 2444 2360 qua:
2494 2296 2815 2360 perpetuum
2844 2304 2910 2345 ex
2964 2304 3024 2346 se
3053 2290 3235 2345 lumen
3273 2298 3386 2346 tota
3444 2301 3606 2348 nocte

2034 2382 2290 2453 praebeat,
2325 2381 2459 2437 nihil
2494 2382 2640 2436 aliud
2688 2382 2846 2438 nobis
2894 2397 2957 2438 ca
3002 2397 3062 2439 re
3114 2383 3286 2455 legem
3351 2385 3604 2454 praescri-

2033 2474 2167 2531 bere
2226 2474 2606 2530 existimemus
2635 2515 2648 2540 ,
2683 2474 2793 2531 nisi
2843 2482 2902 2530 ut
2949 2490 3113 2531 omne
3171 2484 3385 2547 tempus
3411 2521 3425 2543 ,
3460 2477 3604 2548 quod

2036 2581 2147 2622 nox
2184 2565 2410 2637 diesque
2465 2565 2787 2631 dimetitur,
2815 2565 3113 2621 virtutibus
3171 2566 3504 2620 illustratum
3554 2576 3610 2624 et

2037 2656 2416 2729 Splendidum,
2447 2663 2502 2713 et
2541 2657 2708 2713 nullis
2771 2657 3079 2715 tenebrosis
3131 2659 3445 2715 actionibus
3484 2675 3608 2730 per-

2039 2752 2265 2807 mistum
2300 2750 2711 2821 inquinatumve
2739 2752 3112 2808 traducamus.
3165 2752 3244 2808 Ac
3270 2753 3338 2808 de
3371 2753 3459 2808 his
3483 2753 3609 2824 qui-

2040 2842 2164 2898 dem
2212 2842 2369 2899 satis.

356 2928 516 2981 νυκτὶ
570 2929 666 2982 κα1⁷
708 2929 894 3000 ήμέρᾳ
949 2927 1444 3001 διαμετρούμενον,
1493 2930 1746 3004 λαμπρὸν
1802 2936 1935 3007 ἡμῖν
1973 2935 2209 3008 διαρκῶς
2245 2931 2405 3001 εἶναι,
2458 2935 2551 2989 καὶ
2590 2935 2698 2989 τῶν
2729 2933 2906 3005 ἔργων
2944 2933 3052 2989 τῶν
3093 2935 3379 2990 σκοτεινῶν
3422 2934 3610 2990 άνεπίυ

363 3034 577 3090 μικτον.
604 3020 716 3071 Καὶ
737 3020 863 3089 περὶ
894 3021 993 3090 μὲν
1017 3018 1241 3086 τούτων,
1258 3022 1511 3077 τοσαῦτα.

441 3115 579 3169 Ὅσα
617 3114 674 3168 δὲ
718 3116 748 3169 ὁ
784 3116 1018 3187 σταυρὸς
1065 3118 1381 3189 ἐμπεριέχει
1430 3120 1700 3192 νοήματα,
1754 3121 1821 3176 δι’
1871 3114 1933 3176 ού

2114 3119 2247 3187 Quae
2277 3135 2406 3176 vero
2437 3118 2505 3175 ad
2531 3133 2750 3175 crucem
2780 3118 3054 3189 pertinent
3082 3160 3096 3186 ,
3138 3134 3234 3189 per
3279 3133 3441 3189 quam
3492 3138 3615 3193 pas-

359 3206 657 3262 τελειοῦται
685 3208 746 3261 τὸ
782 3209 912 3280 περὶ
939 3209 1000 3262 τὸ
1032 3210 1203 3272 πάθος
1237 3211 1561 3282 μυστήριον,
1608 3212 1692 3276 τίς
1722 3211 1786 3266 ἂν
1835 3216 1935 3284 ῥα-

361 3300 495 3363 δίως
521 3298 598 3369 τῷ
632 3299 776 3370 λόγῳ
813 3300 1165 3372 σαφηνίσειε;
1202 3301 1292 3372 Μὴ
1326 3302 1432 3373 γὰρ
1456 3302 1556 3355 οὐκ
1584 3298 1724 3373 ἦσαν
1755 3304 1937 3374 μυρίοι

362 3390 559 3462 τρόποι
595 3392 733 3461 πρὸς
773 3391 1002 3446 θάνατον
1038 3392 1326 3463 φέροντες,
1371 3394 1438 3447 δι’
1485 3387 1561 3447 ὧν
1600 3391 1670 3466 ἦν
1716 3394 1940 3449 δυνατὸν

367 3479 722 3552 πληρωθῆναι
749 3480 848 3551 τὴν
876 3480 1015 3552 ύπέρ
1038 3481 1196 3552 ἡμῶν
1217 3480 1309 3535 τοῦ
1341 3482 1569 3537 θανάτου
1597 3482 1938 3553 οίκονομίανς

380 3572 522 3624 ’Ἀλλ’
548 3572 614 3625 ἐκ
640 3571 855 3627 πάντων
880 3565 1031 3635 οὗτος
1056 3573 1264 3644 ὡρίσθη
1294 3576 1424 3645 παρ’
1451 3575 1614 3628 αύτοῦ
1643 3573 1735 3628 τοῦ
1766 3572 1943 3644 ἐαυτῷ

366 3663 490 3716 κατ’
523 3662 770 3728 ἐξουσίαν
792 3663 854 3716 τὸ
876 3663 1042 3726 πάθος
1065 3663 1366 3733 ὁρίσαντος.
1387 3663 1484 3717 Δεῖ
1500 3664 1628 3735 γάρ,
1655 3665 1807 3735 φησὶ,
1836 3663 1945 3718 τὸν

378 3750 520 3805 Υίύν
549 3749 653 3804 τοῦ
679 3749 1010 3820 ἀνθρώπου.
1037 3754 1151 3806 Ούκ
1180 3749 1322 3818 εἶπε,
1359 3754 1439 3807 Τά
1483 3755 1578 3809 καὶ
1606 3754 1675 3809 τὰ
1699 3755 1944 3808 πείσεται

366 3845 400 3897 ὁ
424 3843 554 3907 Υίὸς
582 3842 676 3896 τοῦ
703 3842 1012 3914 ἀνθρώπου,
1039 3845 1115 3908 ὡς
1141 3847 1206 3901 ἄν
1228 3863 1313 3911 τις
1342 3846 1522 3911 ἁπλῶς
1548 3846 1690 3901 εἴποι
1713 3864 1947 3918 προαγο-

373 3935 553 4007 ρεύων
599 3935 661 3988 τὸ
701 3935 990 4006 λεγόμενον
1010 3975 1026 4000 ,
1056 3936 1192 3990 ἀλλά
1226 3937 1288 3990 τὸ
1320 3938 1616 4008 ἀναγκαῖον
1654 3937 1794 3992 κατά
1827 3955 1947 3992 τινα

372 4026 534 4096 λόγον
588 4025 896 4099 ἀπόρρητον
950 4026 1201 4096 γενέσθαι
1249 4028 1459 4097 ὀφεῖλον
1513 4029 1826 4099 δογματίζει
1868 4026 1949 4099 τῷ

376 4118 615 4190 ῥήματι,
644 4119 702 4171 ἐν
737 4116 817 4188 τῷ
845 4118 1042 4183 εἰπεῖν,
1073 4120 1156 4172 ὅτι
1181 4118 1282 4172 Δεῖ
1303 4118 1409 4173 τόν
1447 4117 1586 4173 Υίὸν
1605 4119 1711 4173 τοῦ
1731 4118 1951 4187 ἀνθρώ-

373 4224 496 4264 που
548 4210 749 4263 πολλὰ
803 4207 1015 4264 παθεῖν
1054 4208 1152 4261 καὶ
1202 4207 1757 4276 ἀποδοκιμασθῆναι
1775 4247 1791 4272 ,
1849 4208 1949 4262 καί

373 4300 794 4370 σταυρωθῆναι
811 4340 827 4367 ,
876 4301 973 4355 καὶ
1022 4299 1097 4368 τῇ
1142 4301 1310 4369 τρίτῃ
1356 4299 1545 4369 ἡμέρα
1592 4298 1947 4369 ἀναστῆναι.

2039 3212 2215 3267 sionis
2251 3212 2569 3284 mysterium
2595 3210 2893 3281 perﬁcitur,
2930 3210 3056 3281 quis
3085 3226 3150 3268 ea
3182 3210 3341 3268 facile
3380 3212 3617 3271 dicendo

2038 3313 2202 3372 queat
2253 3301 2571 3372 explicare?
2596 3301 2791 3355 Annon
2822 3300 2968 3356 enim
3000 3301 3426 3358 innumerabiles
3460 3313 3618 3360 erant

2040 3394 2305 3450 moriendi
2342 3394 2603 3460 rationes,
2632 3393 2835 3463 quibus
2861 3392 3055 3447 mortis
3085 3407 3186 3462 pro
3207 3394 3368 3449 nobis
3418 3394 3624 3451 obeun-

2041 3487 2125 3543 das
2194 3485 2484 3541 consilium
2552 3483 2760 3552 expleri
2818 3482 3262 3551 poteratiﬂanc
3316 3492 3498 3540 tamen
3549 3502 3618 3543 ex

2042 3564 2298 3628 Omnibus
2341 3587 2506 3627 unam
2550 3571 2616 3636 is,
2662 3572 2754 3639 qui
2799 3575 2989 3627 mortis
3017 3612 3033 3638 ,
3075 3587 3238 3642 quam
3284 3575 3466 3637 vellet,
3500 3577 3620 3646 opi-

2043 3666 2263 3723 nionem
2315 3663 2579 3727 habebat,
2633 3662 2737 3717 sibi
2795 3661 2996 3733 delegit
3046 3670 3212 3733 atque
3254 3667 3613 3738 praescripsit.

2047 3754 2267 3824 Oportet
2301 3753 2469 3816 enim,
2506 3751 2727 3821 inquit,
2762 3749 2966 3807 Filium
3004 3751 3250 3808 hominis.
3303 3754 3421 3811 Non
3448 3756 3617 3821 dixit,

2047 3846 2162 3901 hinc
2189 3854 2243 3901 et
2308 3845 2425 3899 hare
2459 3843 2633 3899 Filius
2697 3843 2939 3899 hominis
2992 3846 3248 3914 patietur,
3301 3854 3359 3900 ut
3421 3847 3619 3919 aliquis

2048 3939 2233 3993 futura
2290 3937 2666 4007 praenuntians
2722 3937 3049 4006 simpliciter
3086 3937 3346 4007 dixisset,
3382 3940 3480 3996 sed
3525 3955 3621 3997 ne-

2048 4029 2349 4085 cessarium
2417 4042 2618 4083 arcana
2688 4028 2922 4097 quadam
2987 4027 3202 4083 ratione
3259 4044 3327 4085 ac
3377 4031 3619 4088 debitum

2048 4135 2171 4177 esse
2200 4118 2493 4189 signiﬁcat,
2524 4118 2678 4183 dum,
2713 4118 2962 4187 Oportet,
2996 4119 3190 4189 inquit,
3222 4119 3423 4176 Filium
3449 4123 3621 4178 homi-

2052 4212 2135 4265 nis
2164 4208 2334 4263 multa
2379 4209 2513 4279 pati,
2554 4217 2605 4262 et
2666 4208 2959 4276 reprobari,
3024 4219 3075 4264 et
3109 4211 3372 4281 cruei/igi,
3412 4221 3463 4266 et
3519 4222 3624 4267 ter-

2053 4303 2129 4357 tia
2156 4302 2243 4358 die
2275 4317 2542 4375 resurgere
2564 4300 2631 4356 ".
2666 4300 2785 4354 Vim
2811 4301 2957 4356 enim
3001 4301 3149 4357 illius
3182 4304 3357 4366 verbi,
3389 4313 3619 4371 oportet,

377 4395 730 4465 Κατανόησόν
775 4411 865 4464 μοι
910 4393 1019 4464 γὰρ
1060 4393 1155 4447 τοῦ
1199 4393 1301 4447 Δεῖ
1328 4394 1427 4464 τὴν
1467 4392 1726 4455 διάνοιαν,
1765 4392 1831 4445 δι’
1877 4385 1935 4462 ἦς

2054 4394 2185 4448 mihi
2218 4393 2529 4458 considera,
2563 4403 2617 4448 et
2650 4393 2893 4448 invenies
2932 4392 2986 4447 id
3034 4392 3088 4447 in
3126 4408 3190 4448 ea
3234 4394 3527 4457 contineri,
3565 4404 3624 4448 ut

375 4488 691 4557 εὑρίσκεται
719 4486 780 4540 τὸ
815 4487 889 4557 μὴ
916 4488 1025 4541 δεῖν
1059 4486 1289 4557 άλλωςῆ
1327 4486 1413 4540 διὰ
1443 4485 1536 4540 τοῦ
1577 4484 1808 4556 σταυροῦ
1853 4501 1935 4552 γει

2058 4484 2350 4557 signiﬁcet,
2396 4484 2509 4539 fieri
2561 4484 2718 4538 aliter
2772 4497 2881 4538 non
2938 4490 3221 4552 oportere,
3274 4484 3377 4538 nisi
3427 4493 3485 4538 ut
3530 4499 3625 4554 per

375 4576 566 4631 νέσθαι
602 4576 819 4641 πάντως
842 4576 903 4630 τὸ
934 4577 1103 4641 πάθος
1128 4577 1190 4631 τὸ
1219 4575 1698 4648 δογματιζόμενον.
1734 4576 1832 4639 Τίς
1858 4570 1951 4628 οὖν

376 4673 407 4725 δ
452 4670 582 4742 περὶ
624 4669 813 4723 τούτου
848 4670 1035 4739 λόγος;
1084 4672 1262 4725 Μόνον
1309 4668 1404 4724 τοῦ
1450 4668 1687 4741 μεγάλου
1735 4666 1949 4721 Παύλου

377 4765 518 4829 ἐστὶ,
560 4764 654 4818 τοῦ
704 4766 770 4817 ἐκ
798 4763 907 4817 τῶν
950 4764 1203 4835 ἀρρήτων
1246 4762 1506 4834 ῥημάτων
1537 4759 1950 4821 παιδευθέντας,

378 4856 417 4911 ἃ
444 4857 502 4909 ἐν
527 4857 638 4919 τοῖς
667 4855 880 4919 ἀδύτοις
900 4854 994 4908 τοῦ
1017 4854 1342 4925 παραδείσου
1370 4853 1597 4924 μυηθεὶς
1619 4850 1951 4923 ἠκροάσατο,

382 4948 479 5001 καὶ
509 4947 572 4999 τὸ
600 4947 727 5017 περὶ
756 4946 947 4998 τούτου
982 4947 1275 5016 μυστήριον
1305 4944 1658 5013 διασαφῆσαι,
1688 4940 1870 5004 καθὼς
1892 4943 1949 4994 ἐν

387 5039 546 5110 μέρει
592 5037 683 5091 διὰ
726 5037 836 5090 τῶν
883 5036 1019 5107 πρὸς
1068 5036 1344 5104 Ἐφεσίους
1388 5035 1560 5103 λόγων
1602 5032 1664 5086 τὸ
1715 5031 1953 5104 κρυπτὸν

384 5113 683 5204 ὑπηνίξατο
710 5129 885 5198 λέγων
903 5147 915 5159 ·
957 5129 1089 5182 Ἵνα
1121 5126 1485 5196 ἐξισχύσητε
1519 5122 1955 5178 καταλαϐέσθαι

384 5225 510 5279 σὺν
533 5221 685 5277 πᾶσι
717 5221 841 5287 τοῖς
886 5220 1105 5290 ἁγίοις,
1142 5218 1199 5271 τί
1234 5217 1297 5270 τὸ
1331 5216 1557 5282 πλάτος
1589 5217 1686 5269 καί
1722 5214 1920 5284 μῆκος
1942 5253 1956 5278 ,

384 5318 453 5373 τὸ
469 5315 662 5380 ,ϐάθος
679 5314 774 5368 καί
798 5314 975 5381 ὕψος,
996 5309 1217 5381 γνῶναί
1240 5327 1301 5363 τε
1321 5310 1434 5378 τὴν
1460 5308 1960 5377 ὑπερϐάλλουσαν

386 5408 632 5478 ἀγάπην
670 5403 778 5475 τῆς
810 5404 1083 5475 γνώσεως
1120 5402 1227 5456 τοῦ
1271 5400 1545 5469 Χριστοῦ,
1590 5402 1690 5453 ἵνα
1727 5402 1961 5468 πληρω-

388 5498 532 5568 θῆτε
553 5499 642 5562 εις
670 5495 794 5550 πᾶν
817 5494 885 5548 τὸ
925 5493 1214 5562 πλήρωμα
1250 5490 1357 5543 τοῦ
1388 5490 1554 5543 Θεοῦ.
1593 5490 1668 5541 Ού
1703 5488 1812 5558 γὰρ
1851 5489 1956 5558 ἀρ-

2058 4592 2276 4632 crucem
2315 4591 2465 4632 mors
2513 4583 2819 4646 oppetatur.
2872 4573 3003 4641 Quae
3047 4574 3275 4643 hujusce
3309 4573 3384 4629 rei
3415 4575 3626 4630 causa?

2056 4668 2209 4724 Pauli
2229 4670 2402 4724 solius
2420 4675 2504 4724 est
2527 4682 2644 4722 eam
2667 4680 2958 4735 exponere,
2985 4678 3080 4733 per
3100 4678 3302 4718 arcana
3324 4664 3412 4717 illa
3433 4665 3620 4729 verba,

2057 4777 2179 4833 quae
2202 4762 2252 4816 in
2276 4761 2453 4831 adytis
2477 4757 2714 4826 paradisi
2735 4755 3064 4811 constitutus
3084 4753 3289 4810 audivit
3308 4772 3320 4805 :
3339 4755 3526 4811 solius.
3548 4756 3625 4810 in-

2058 4866 2245 4921 quam,
2269 4850 2418 4903 Pauli
2448 4855 2554 4912 est,
2589 4848 2693 4901 hoc
2716 4845 2898 4917 crucis
2931 4842 3250 4914 mysterium
3285 4842 3582 4912 explanare
3608 4885 3622 4909 ,

2060 4939 2513 5012 quemadmodum
2542 4939 2704 4994 etiam
2737 4953 2802 4992 ex
2830 4945 2981 5006 parte
3000 4935 3177 5003 aliqua
3214 4934 3267 4987 in
3299 4932 3529 5003 epistola
3558 4936 3624 4989 ad

2059 5033 2324 5104 Ephesios
2352 5030 2515 5095 facit,
2536 5031 2664 5084 dum
2698 5043 2958 5083 arcanum
2993 5027 3098 5081 hoc
3151 5025 3485 5096 patefaciens
3508 5065 3525 5090 ,
3560 5023 3625 5078 Ut

2061 5126 2298 5194 possitis,
2325 5120 2522 5190 inquit,
2551 5118 2977 5186 comprehendere
2998 5134 3115 5172 cum
3143 5116 3383 5171 omnibus
3408 5116 3626 5179 sanctis,

2062 5230 2177 5283 qua:
2208 5213 2278 5266 sit
2309 5208 2558 5273 latitudo,
2586 5218 2635 5262 et
2665 5207 2953 5277 longitudo,
2984 5219 3033 5260 et
3067 5207 3391 5267 sublimitas,
3433 5215 3481 5259 et
3505 5221 3629 5274 pro-

2064 5301 2307 5371 fundum,
2344 5299 2478 5353 scire
2506 5300 2663 5352 etiam
2701 5299 3168 5365 supereminentem
3199 5299 3430 5353 scientia:
3451 5298 3630 5351 chari—

2068 5403 2230 5446 tatem
2293 5389 2511 5453 Christi,
2542 5386 2942 5454 utimpleamini
2979 5388 3034 5439 in
3075 5404 3280 5442 onmem
3341 5387 3629 5457 plenitudi-

2067 5502 2182 5539 nem
2200 5484 2297 5539 Dei
2316 5483 2383 5537 ".
2416 5480 2601 5550 Neque
2629 5478 2773 5532 enim
2801 5476 3001 5529 frustra
3020 5476 3239 5531 divinus
3262 5480 3352 5532 ille
3382 5478 3629 5548 Apostoli

388 5564 500 5662 γῶς
545 5592 575 5644 ὁ
618 5587 759 5650 θεῖος
808 5589 1010 5648 ἐκεῖνος
1051 5582 1325 5654 ὀφθαλμὸς
1367 5581 1461 5633 τοῦ
1513 5578 1854 5641 Ἀποστόλου,
1902 5595 1931 5631 τ

2070 5576 2264 5630 oculus
2294 5573 2475 5630 crucis
2516 5573 2739 5642 ﬁguram
2775 5567 3122 5638 excogitavit.
3160 5564 3269 5621 Sed
3307 5582 3372 5622 ea
3411 5568 3540 5623 item
3574 5581 3632 5620 re

462 5772 506 5804 δι
534 5768 725 5824 Matth.
760 5783 870 5831 xvi,
898 5768 958 5821 (21
992 5768 1196 5838 ;Marc.
1232 5782 1351 5834 vm,
1388 5765 1445 5821 5i
1474 5780 1488 5830 ;
1517 5759 1647 5813 Luc.
1681 5773 1755 5821 ix,
1790 5754 1894 5825 22;
1927 5749 2087 5808 Joan.
2119 5767 2215 5821 xu,
2252 5751 2314 5805 3|
2344 5766 2465 5821 sqq.
2542 5750 2585 5781 ⁵³
2619 5745 2815 5815 Ephcs.
2858 5758 2941 5808 ιη,
2984 5741 3070 5808 18,
3099 5740 3184 5794 19.
