4084 6158
453 369 560 424 623

1717 369 1778 425 S.
1817 367 2147 424 GREGORII
2169 364 2464 422 NYSSENI

3596 370 3699 426 626

452 486 611 541 facile
641 485 897 552 ostendit,
928 501 987 541 se
1018 485 1274 542 omnibus
1308 485 1631 557 ignorantiae
1672 488 1916 558 squamis
1950 489 1991 543 al

2122 487 2307 558 σχῆμα
2334 485 2426 540 τοῦ
2484 486 2715 559 σταυροῦ
2751 488 3074 558 κατενόησεν
3098 503 3112 518 ·
3148 490 3260 542 ἀλλ’
3285 482 3452 550 ἔδειξε
3482 492 3578 541 καὶ
3607 489 3694 541 διὰ

449 577 622 631 oculis
682 577 876 631 mentis
927 577 1223 643 excussis,
1262 579 1436 647 ipsam
1488 593 1671 632 rerum
1733 579 2022 633 veritatem

447 667 592 722 clare
654 667 1022 736 perspexisse.
1049 667 1209 722 Novit
1243 668 1410 731 enim,
1444 683 1506 722 ea
1549 669 1721 739 ﬁgura
1743 710 1758 735 ,
1791 679 2024 738 quatuor

446 756 706 811 cornibus
733 771 764 812 e
801 757 982 813 medio
1018 758 1467 827 provenientihus
1491 757 1797 828 descripta,
1831 772 2022 829 pOten-

447 849 577 902 tiam
637 863 734 917 per
785 850 970 902 omnia
1059 857 1452 904 commeantem
1520 858 1573 904 et
1621 850 2018 920 providentiam

445 941 614 1005 illius,
646 940 738 1009 qui
780 943 834 993 in
863 940 978 1009 ipsa
1014 939 1395 995 manifestatus
1433 947 1518 994 est
1549 985 1561 1005 ,
1618 940 1934 1012 signiﬁcari,
1967 950 2021 994 et

445 1033 651 1088 idcirco
681 1039 865 1103 partes
923 1033 1074 1089 illius
1119 1032 1367 1103 singulas
1415 1035 1650 1102 propriis
1707 1034 2018 1089 nominibus

443 1125 754 1195 appellavit.
790 1121 922 1176 Eam
946 1123 1090 1177 enim
1115 1162 1128 1186 ,
1159 1139 1278 1194 qua:
1319 1136 1348 1174 a
1381 1123 1558 1178 medio
1614 1123 1868 1179 deorsum
1898 1139 2023 1179 ver-

441 1217 558 1285 git',
592 1214 920 1286 profundum
952 1221 1112 1268 vocat
1146 1231 1160 1280 ;
1211 1229 1332 1283 qua:
1366 1225 1541 1269 autem
1578 1231 1816 1281 sursum,
1845 1215 2018 1270 subli-

442 1311 718 1373 unitatem;
747 1306 1088 1362 latitudinem
1130 1323 1258 1362 vero
1307 1307 1779 1377 etlongitndincm
1843 1307 1963 1362 illas
1998 1349 2012 1374 ,

439 1414 559 1468 qua:
606 1401 858 1467 utrinque
907 1407 1229 1453 transversa:
1265 1400 1658 1468 protenduntur
1685 1437 1698 1454 .
1758 1407 1813 1451 ut
1841 1437 1854 1462 ,
1896 1412 2016 1466 qua:

439 1490 566 1543 hinc
623 1503 653 1542 a
707 1488 886 1543 medio
947 1488 1270 1558 producitur
1298 1532 1310 1553 ,
1350 1489 1583 1544 latitudo
1612 1529 1627 1553 ,
1672 1506 1793 1560 quae
1831 1497 2012 1543 autem

439 1578 624 1640 illinc,
662 1577 944 1648 longitudo
1011 1578 1323 1633 nominetur
1355 1598 1368 1633 :
1409 1580 1607 1649 quibus
1657 1591 1841 1648 aperte
1878 1578 2009 1632 mihi

437 1669 649 1724 videtur
673 1682 929 1723 sermone
965 1667 1267 1735 declarare,
1306 1670 1437 1722 nihil
1493 1669 1545 1722 in
1595 1669 1759 1725 rebus
1811 1668 2010 1724 creatis

434 1776 592 1825 esse,
629 1759 773 1829 quod
806 1775 913 1814 non
953 1759 1136 1814 divina
1190 1769 1382 1814 natura
1432 1761 1705 1814 incolume
1749 1768 1966 1814 tueatur
1991 1802 2005 1825 ,

2125 580 2312 632 τούτου
2339 579 2544 650 σαφῶς,
2570 580 2651 633 δτι
2672 581 2777 644 πᾶς
2802 581 2900 652 τῆς
2922 580 3144 649 ἀγνοίας
3165 579 3386 643 λεπίδας
3409 579 3696 634 ἀποϐαλὼν

2123 671 2230 724 τῶν
2251 671 2532 742 ὀμμάτων,
2555 671 2689 742 πρὸς
2713 672 2881 742 αὐτὴν
2904 674 3004 744 ὁρᾷ
3032 671 3282 743 καθαρῶς
3301 671 3398 742 τὴν
3417 671 3694 742 ἀλήθειαν.

2122 757 2245 816 Οἵδε
2274 761 2381 834 γάρ
2409 761 2489 814 ὅτι
2517 761 2576 814 τὸ
2603 761 2786 831 σχῆμα
2810 761 2964 815 τοῦτο
2988 762 3241 831 τέτταρσι
3268 760 3556 834 προϐολαῖς
3589 760 3696 814 ἀπὸ

2119 854 2221 924 τῆς
2254 856 2310 907 tv
2337 853 2413 925 τῷ
2444 854 2595 924 μέσῳ
2627 855 2897 925 συμϐολῆς
2927 853 3297 927 μεριζόμενον,
3323 854 3422 925 τὴν
3452 854 3540 908 διὰ
3564 853 3666 907 πάν

2119 963 2226 998 των
2258 947 2498 1016 ἥκουσαν
2528 945 2622 998 τοῦ
2655 948 2712 998 tv
2757 947 2905 1017 αὐτῷ
2944 946 3200 1016 φανέντος
3237 945 3464 1017 δύναμίν
3501 963 3560 998 τε
3599 946 3695 998 καί⁸

2121 1036 2377 1108 πρόνοιαν
2437 1036 2809 1107 διασημαίνει,
2866 1038 2959 1090 καὶ
3010 1037 3200 1091 τούτου
3249 1039 3409 1108 χάριν
3458 1037 3692 1107 ἑκάστην

2120 1127 2384 1201 προϐολὴν
2416 1129 2743 1192 ἰδιαζούσαις
2775 1129 3132 1201 κατονομάζει
3161 1132 3398 1200 εἰκονιίίς⁸
3426 1129 3584 1201 βάθος
3607 1129 3691 1182 λέ-

2117 1237 2228 1288 γων
2281 1220 2339 1273 τὸ
2367 1221 2430 1273 ὲκ
2455 1220 2549 1274 τοῦ
2581 1222 2744 1291 μέσου
2772 1221 2921 1275 κάτω
2941 1263 2955 1284 ,
2983 1223 3076 1276 καὶ
3105 1222 3238 1292 ὕψος
3269 1221 3332 1275 τὸ
3357 1223 3686 1294 ὑπερκείμε-

2115 1328 2232 1368 νον·
2267 1312 2466 1375 πλάτος
2491 1313 2547 1365 δὲ
2580 1314 2672 1366 καὶ
2706 1314 2896 1385 μῆκος,
2923 1313 2984 1366 τὸ
3012 1315 3075 1366 ὲκ
3107 1313 3333 1384 πλαγίου
3362 1314 3684 1385 παρατεινό-

2119 1419 2277 1472 μενον
2321 1403 2458 1472 μετὰ
2491 1403 2590 1472 τὴν
2631 1403 2903 1474 συμϐολὴν
2947 1405 3287 1475 ἑκατέρωθεν
3317 1423 3329 1436 ·
3366 1405 3440 1470 ὡς
3491 1405 3552 1459 τὸ
3593 1406 3690 1477 μὲν

2115 1493 2263 1546 ἔνθεν
2285 1493 2375 1547 τοῦ
2399 1495 2583 1565 μέσου,
2608 1493 2826 1557 πλάτος,
2845 1494 2903 1547 τὸ
2927 1494 2982 1547 δὲ
3007 1495 3292 1565 ἑτέρωθεν,
3315 1494 3486 1565 μῆκος
3518 1512 3685 1567 προσ·

2112 1583 2438 1656 αγορεῦσαι·
2483 1585 2549 1637 δι’
2600 1578 2674 1637 ὧν
2711 1584 2868 1637 τοῦτό
2934 1601 3022 1655 μοι
3073 1585 3218 1638 δοκεί
3263 1586 3448 1656 σαφῶς
3497 1586 3684 1658 διαση-

2115 1676 2323 1746 μαίνειν
2354 1675 2431 1746 τῷ
2471 1675 2633 1746 λόγῳ,
2667 1677 2748 1728 ὅτι
2787 1677 2935 1728 οὐδὲν
2977 1677 3087 1730 τῶν
3123 1678 3289 1731 ὄντων
3327 1679 3492 1743 ἐστὶν,
3541 1679 3569 1731 ό
3610 1680 3685 1750 μὴ

2109 1769 2173 1838 τῇ
2230 1767 2351 1837 θείᾳ
2401 1766 2767 1836 διακρατεῖται
2820 1766 2999 1834 φύσει,
3052 1767 3112 1820 τὸ
3161 1767 3568 1838 ὑπερουράνιον,
3623 1771 3684 1822 τὸ

434 1851 580 1922 quod
605 1859 689 1906 est
714 1865 880 1921 supra
910 1851 1104 1918 cmlos,
1135 1851 1280 1920 quod
1312 1852 1414 1906 sub
1461 1859 1626 1914 terra,
1661 1849 1915 1920 quodque
1938 1850 1991 1903 ac

2109 1856 2458 1927 ὑποχθόνιον,
2484 1858 2546 1910 τὸ
2573 1858 2666 1910 ἐπὶ
2707 1857 2774 1910 τὰ
2803 1857 3015 1926 πέρατα
3061 1857 3169 1911 τῶν
3209 1858 3376 1912 ὄντων
3419 1859 3681 1913 πάντοθεν

433 1953 677 1997 extrema
717 1943 904 1995 mundi
954 1949 1332 1997 transversum
1371 1941 1611 2010 undique
1641 1941 2002 2011 protenditur.

431 2032 564 2087 Nam
593 2048 690 2103 per
717 2033 1075 2099 altitudinem,
1109 2033 1161 2087 id
1183 2032 1326 2102 quod
1353 2040 1438 2088 est
1475 2048 1730 2100 sursum;
1758 2048 1853 2103 per
1879 2047 2006 2104 pro-

434 2125 681 2191 fundum,
719 2125 862 2198 quod
916 2124 1368 2192 subterraneum;
1400 2140 1496 2194 per
1517 2125 1910 2196 longitudinem
1949 2133 2003 2180 et

429 2215 768 2271 latitudinem
834 2215 889 2269 in
953 2214 1132 2269 medio
1166 2215 1345 2285 posita
1395 2224 1638 2270 extrema
1679 2215 1951 2286 signiﬁcat
1983 2259 1999 2283 ,

427 2320 548 2374 qum
578 2320 608 2358 a
638 2306 839 2359 virtute
866 2311 1041 2359 totum
1075 2304 1180 2358 hoc
1227 2305 1541 2359 universum
1599 2312 1784 2359 tuente
1821 2305 1999 2359 conti-

426 2404 644 2451 nentur.
678 2395 838 2450 Potes
869 2403 1052 2450 autem
1081 2410 1145 2449 ex
1172 2394 1241 2450 iis
1263 2409 1384 2464 quae
1414 2393 1470 2448 in
1498 2394 1679 2448 anima
1712 2402 1803 2448 tua
1841 2394 1997 2460 ﬁunt,

425 2501 486 2541 ea
516 2503 636 2556 qua:
658 2486 725 2541 de
756 2486 864 2541 Deo
898 2486 1187 2557 cogitanda
1235 2493 1366 2540 sunt
1413 2485 1686 2540 declarata
1751 2495 1998 2542 contem-

426 2579 582 2649 plari.
619 2579 828 2634 leum
866 2579 1008 2633 enim
1035 2577 1276 2648 suspice,
1303 2585 1356 2632 et
1390 2585 1573 2647 partes
1607 2577 1823 2632 inﬁmas
1880 2578 1997 2632 ani-

426 2684 513 2721 mo
556 2668 951 2737 complectere,
1011 2675 1393 2734 extremosque
1427 2680 1490 2719 ac
1533 2680 1778 2722 summos
1843 2668 1996 2723 orbis

424 2759 686 2812 terminos
729 2758 1060 2827 cogitatione
1117 2755 1553 2825 comprehende,
1591 2766 1757 2827 atque
1813 2759 1995 2814 consi-

422 2848 572 2911 dera,
604 2863 850 2917 quaenam
886 2847 1126 2917 potentia
1168 2859 1424 2916 tanquam
1453 2847 1824 2904 universitatis
1869 2850 1992 2903 vin-

422 2940 605 2994 culum
641 2940 754 2995 hmc
789 2940 971 2994 omnia
1011 2939 1287 2993 devinciat
1345 2945 1506 3007 atque
1550 2942 1828 2996 contineat
1862 2959 1876 2995 :
1908 2942 1991 2994 vi-

421 3028 682 3097 debisque
706 3036 899 3097 sponte
933 3042 1030 3081 sua
1057 3029 1108 3080 in
1138 3042 1201 3082 ea
1229 3026 1430 3080 divina:
1471 3029 1727 3096 potentia:
1753 3038 1992 3085 contem~

2107 1950 2172 2004 ἐκ
2227 1949 2455 2018 πλαγίου
2501 1948 2983 2020 παρατεινόμενον.
3026 1949 3288 2019 Σημαίνει
3325 1949 3434 2021 γάρ
3467 1951 3553 2004 διὰ
3583 1950 3679 2020 μὲν

2105 2038 2196 2093 τοῦ
2232 2039 2416 2109 ὕψους,
2452 2039 2511 2091 τὸ
2553 2040 2962 2110 ὑπερκείμενον·
3005 2040 3092 2093 διὰ
3127 2040 3183 2093 δὲ
3220 2040 3311 2094 τοῦ
3359 2041 3574 2110 βάθους,
3617 2043 3679 2095 τὸ

2106 2131 2419 2203 ὑποχθόνιον
2439 2147 2452 2162 ·
2484 2130 2560 2202 τῷ
2591 2133 2754 2202 μήκει
2783 2131 2839 2184 δὲ
2871 2132 2962 2184 καὶ
2993 2131 3071 2202 τῷ
3104 2131 3314 2197 πλάτει,
3352 2133 3421 2185 τά
3459 2131 3547 2185 διὰ
3578 2133 3677 2202 μέ-

2105 2242 2196 2278 σου
2229 2224 2459 2297 πέρατα,
2488 2224 2557 2277 τὰ
2586 2224 2690 2277 ὑπὸ
2715 2225 2813 2294 τῆς
2847 2225 2954 2277 πᾶν
2979 2223 3376 2294 διακρατούσης
3399 2225 3678 2295 δυνάμεως

2107 2315 2456 2386 συνεχόμενα.
2489 2313 2670 2367 Ἔστω
2690 2313 2746 2366 δὲ
2779 2313 2866 2366 διά
2890 2313 2996 2366 τῶν
3021 2314 3078 2366 tv
3100 2316 3165 2384 τῇ
3197 2316 3259 2384 σῇ
3281 2313 3425 2384 ψυχῇ
3457 2315 3676 2384 γινομέ-

2101 2425 2206 2460 νων
2235 2409 2292 2460 ὲν
2325 2409 2390 2479 τῇ
2426 2407 2553 2478 περὶ
2591 2405 2724 2459 Θεοῦ
2766 2405 3004 2477 ὲννοίᾳή
3049 2405 3156 2459 τῶν
3193 2405 3500 2476 λεγομένων
3544 2407 3678 2459 άπό-

2097 2501 2282 2568 δειξις.
2327 2499 2650 2570 Ἀνάϐλεψον
2679 2499 2786 2570 γάρ
2813 2501 2893 2563 είς
2921 2499 3012 2552 τὸν
3036 2499 3286 2570 οὐρανὸν,
3311 2499 3404 2552 καὶ
3433 2499 3502 2553 τά
3526 2499 3678 2552 κάτω

2100 2591 2236 2664 βάθη
2261 2592 2338 2662 τῷ
2358 2591 2604 2664 λογισμῷ
2630 2592 2982 2662 κατανόησον,
3007 2589 3242 2643 ἔκτεινον
3266 2590 3359 2643 ἐπὶ
3382 2591 3448 2643 τὰ
3472 2591 3677 2660 πλάγια

2097 2685 2279 2739 καὶτὰ
2305 2685 2448 2756 άκρα
2473 2685 2572 2754 τῆς
2600 2685 2690 2738 τοῦ
2720 2684 2917 2747 παντὸς
2944 2685 3254 2747 συστάσεως
3283 2683 3382 2756 τὴν
3413 2683 3674 2750 διάνοιαν,

2095 2775 2188 2826 καὶ
2237 2775 2446 2843 λόγισαι
2487 2774 2571 2837 τίς
2619 2775 2765 2826 ἐστιν
2800 2775 2832 2845 ἡ
2880 2774 3052 2828 ταῦτα
3088 2773 3382 2843 συνέχουσα
3423 2774 3673 2844 δύναμις,

2093 2859 2204 2916 οἷόν
2229 2882 2312 2927 τις
2343 2864 2632 2934 σύνδεσμος
2663 2862 2755 2916 τοῦ
2790 2864 2988 2926 παντὸς
3012 2865 3290 2934 γινομένη.
3323 2864 3427 2918 Καὶ
3449 2861 3568 2933 ὃψεί
3594 2865 3673 2929 ὡς

2093 2951 2412 3022 αὐτομάτως
2444 2951 2501 3004 tv
2528 2955 2594 3022 τῇ
2628 2951 2836 3022 διανοίᾳ
2863 2955 2895 3022 ὴ
2931 2954 3058 3024 περὶ
3083 2957 3180 3024 τῆς
3209 2953 3358 3019 θείας
3391 2955 3671 3024 δυνάμεως

2091 3042 2268 3096 ἔννοια
2301 3043 2361 3096 τὺ
2401 3047 2584 3115 σχῆμα
2615 3043 2707 3096 τοῦ
2742 3044 2976 3114 σταυροῦ
3017 3045 3436 3118 ἐγχαράσσεται,
3472 3049 3534 3099 ὲκ
3563 3047 3670 3101 τῶν

421 3119 657 3190 platione
686 3119 870 3174 crucis
901 3118 1124 3189 ﬁguram
1149 3119 1378 3190 exprimi
1417 3119 1471 3172 in
1499 3120 1682 3174 animo
1710 3137 1775 3178 ac
1807 3130 1987 3178 mente

2095 3135 2435 3206 ὑψηλοτέρων
2459 3137 2550 3188 ἐπὶ
2572 3136 2639 3189 τά
2671 3135 2807 3206 βάθη
2836 3136 3092 3206 καθῆκον,
3120 3137 3212 3191 καὶ
3241 3137 3333 3192 ἐπὶ
3358 3138 3426 3191 τά
3464 3138 3668 3209 πέρατα

421 3220 534 3276 tua,
571 3225 600 3262 a
626 3211 838 3280 superis
886 3211 950 3263 ad
995 3209 1166 3264 infera
1194 3253 1207 3275 ,
1248 3210 1316 3264 ab
1356 3210 1613 3266 extremis
1640 3212 1707 3267 ad
1747 3222 1989 3270 extrema

419 3307 724 3370 protentam
758 3309 920 3370 atque
949 3302 1294 3371 descriptam.

489 3390 746 3462 Figuram
775 3392 917 3446 hanc
945 3406 1172 3461 n‘iagnus
1208 3391 1369 3446 etiam
1387 3391 1554 3449 David
1573 3395 1640 3449 de
1667 3409 1726 3450 se
1762 3395 1992 3462 loquens

416 3483 688 3554 expressit
722 3498 734 3534 :
773 3482 889 3548 Quo
919 3481 1021 3545 ibo,
1065 3483 1259 3552 inquit,
1294 3500 1327 3537 a
1364 3486 1555 3554 spiritu
1599 3499 1708 3552 tuo,
1748 3496 1919 3556 etquo
1959 3503 1991 3540 a

414 3575 550 3642 faeie
575 3585 670 3628 tua
696 3574 950 3643 fugiam?
981 3573 1042 3628 Si
1096 3575 1378 3628 escendero
1404 3577 1459 3629 in
1517 3577 1701 3630 caelum
1735 3576 1872 3648 (haac
1907 3587 1991 3634 est

413 3667 771 3736 sublimitas),
801 3676 854 3719 tu
909 3665 1021 3718 illic
1055 3681 1128 3719 es.
1162 3664 1220 3719 Si
1250 3666 1567 3722 descendere
1617 3670 1674 3722 in
1726 3669 1989 3737 infernum

413 3759 539 3827 (hoc
568 3768 650 3812 est
683 3757 1055 3827 profundum),
1076 3757 1223 3810 ades.
1249 3756 1310 3810 Si
1329 3775 1599 3826 sumpsero
1624 3775 1821 3827 pennas
1845 3778 1985 3816 meas

410 3845 670 3906 diluculo,
705 3844 756 3896 id
787 3854 890 3906 est,
919 3845 984 3896 ad
1017 3853 1195 3897 ortum
1224 3845 1355 3898 solis
1394 3846 1531 3914 (btec
1565 3856 1649 3903 est
1708 3851 1982 3920 latitudo),

408 3946 457 3990 ct
487 3936 859 3988 habitaveroin
884 3939 1130 3988 extremis
1163 3938 1326 3989 maris
1355 3937 1434 3990 "2
1488 3939 1569 3994 sic
1618 3941 1760 3994 enim
1819 3957 1984 3998 occa-

410 4040 532 4078 sum
556 4026 791 4095 appellat
817 4027 953 4095 (haec
979 4037 1061 4081 est
1089 4027 1418 4098 longitudo).
1445 4029 1637 4087 Cernis
1677 4048 1785 4103 quo
1821 4034 1984 4089 modo

409 4118 594 4172 crucis
624 4117 851 4187 figuram
885 4119 1197 4174 describat?
1233 4119 1313 4174 Tu
1343 4136 1426 4186 es,
1491 4124 1686 4193 inquit,
1742 4126 1835 4194 qui
1887 4129 1984 4196 per

406 4209 588 4262 omnia
619 4222 911 4272 commeas,
947 4213 1043 4286 qui
1077 4222 1271 4266 cuneta
1298 4211 1561 4278 devincis,
1584 4216 1677 4285 qui
1712 4217 1766 4270 in
1799 4217 1982 4286 teipso

407 4299 826 4369 comprehendis
862 4283 1137 4357 universa.
1173 4301 1253 4356 Tu
1279 4319 1443 4375 Supra
1474 4321 1554 4370 es,
1584 4283 1640 4361 tu
1693 4322 1752 4362 es
1812 4283 1976 4362 intra.

408 4393 465 4446 In
496 4391 597 4446 hac
623 4401 866 4446 extrema
910 4404 1061 4461 parte
1089 4408 1278 4448 manus
1307 4405 1393 4450 est
1422 4405 1535 4457 tua,
1595 4407 1648 4452 et
1702 4399 1756 4451 in
1810 4398 1977 4453 altera

2093 3228 2200 3280 τῶν
2230 3228 2414 3299 ἄκρων
2443 3229 2748 3302 ὲγκαρσίως
2772 3230 3246 3301 παρατεινόμενον.

2165 3383 2332 3438 Τοῦτο
2367 3385 2429 3438 τὸ
2475 3386 2659 3456 σχῆμα
2704 3388 2795 3440 καὶ¹
2836 3388 2864 3439 ό
2914 3387 3086 3456 μέγας
3131 3388 3294 3442 Δαϐὶδ
3340 3390 3396 3443 tv
3425 3389 3501 3459 τῷ
3541 3389 3664 3442 καθ’

2091 3477 2283 3530 ἑαυτὸν
2319 3477 2527 3548 ὕμνησε
2553 3477 2714 3548 λόγῳ·
2748 3480 2872 3532 Ποῦ
2901 3479 3167 3547 πορευθῶ
3195 3480 3311 3536 ἀπὸ
3342 3481 3448 3534 τοῦ
3481 3482 3663 3534 Uret}-

2084 3570 2272 3636 ματός
2299 3584 2436 3628 σου.
2468 3569 2564 3622 καὶ
2586 3568 2702 3622 ἀπὸ
2724 3568 2831 3624 τοῦ
2854 3570 3178 3638 προσώπου
3197 3586 3312 3625 σου
3335 3571 3452 3624 ποῦ
3471 3573 3663 3640 statim;

2103 3659 2242 3712 Ἐὰν
2283 3657 2481 3712 ἀναϐῶ
2526 3661 2613 3724 είς
2657 3659 2763 3714 τὸν
2803 3661 3062 3727 οὐρανὸν
3108 3660 3304 3730 (τοῦτο
3351 3661 3411 3713 τὸ
3465 3661 3594 3730 ὕψος
3617 3661 3659 3730 ).

2101 3749 2240 3804 Ἐὰν
2264 3749 2495 3803 καταϐῶ
2519 3752 2604 3816 εἰς
2632 3750 2738 3803 τὸν
2764 3750 2917 3820 ᾅδην
2946 3750 3137 3821 (τοῦτο
3163 3753 3223 3804 τὸ
3255 3751 3417 3822 βάθος
3441 3753 3480 3823 ).
3526 3753 3662 3806 Ἐὰν

2087 3841 2436 3910 ἀναλάϐοιμι
2462 3845 2566 3908 τὰς
2591 3841 2886 3910 πτέρυγάς
2901 3860 3020 3910 μου
3052 3844 3178 3896 κατ’
3203 3844 3433 3910 ὄρθρον,
3463 3845 3492 3897 ὅ
3514 3844 3660 3896 ἐστιν

2086 3935 2118 4004 ἡ
2160 3935 2391 4005 ἀνατολὴ
2425 3933 2516 3987 τοῦ
2561 3935 2713 4005 ἡλίου
2749 3935 2935 4004 (τοῦτο
2971 3935 3030 3986 τὸ
3067 3935 3319 4005 πλάτος).
3365 3939 3432 3989 El
3481 3923 3681 3988 κατα-ι’

2085 4026 2459 4096 σκηνώσαιμι
2491 4030 2578 4092 είς
2609 4028 2680 4081 τὰ
2707 4028 2934 4096 ἔσχατα
2987 4027 3096 4094 τῆς
3139 4027 3456 4096 θαλάσσης
3496 4028 3658 4098 (οὕτω

2082 4117 2192 4189 γάρ
2225 4117 2323 4181 τὰς
2353 4118 2562 4188 δυσμάς
2600 4116 2912 4188 όνομάζει)·
2970 4117 3125 4170 τοῦτο
3153 4118 3216 4170 τὸ
3261 4119 3452 4188 μῆκος.
3495 4119 3657 4189 Ὁρᾷς

2081 4207 2199 4270 πῶς
2240 4207 2612 4277 διαζωγραξρεί
2659 4207 2720 4259 τὸ
2763 4206 2857 4260 τοῦ
2911 4206 3143 4278 σταυροῦ
3191 4209 3377 4278 σχῆμα
3419 4207 3507 4261 διά
3546 4207 3654 4259 τῶν

2080 4297 2415 4367 λεγομένων;
2464 4298 2534 4350 Σὺ
2569 4293 2638 4362 εἶ,
2675 4299 2858 4369 φησὶν,
2911 4301 2939 4350 ὁ
2969 4298 3056 4351 διὰ
3086 4297 3302 4352 πάντων
3341 4298 3524 4368 ἥκων,
3555 4298 3652 4350 καὶ

2080 4389 2373 4460 σύνδεσμος
2405 4389 2511 4443 τῶν
2545 4391 2860 4460 γινομένων,
2895 4389 2988 4443 καὶ
3024 4390 3199 4443 πάντα
3229 4390 3286 4442 ἐν
3316 4389 3492 4458 ἑαυτῷ
3528 4389 3647 4442 δια-

407 4481 504 4535 viae
531 4481 642 4535 dux
675 4489 758 4536 est
778 4480 1002 4537 dextera
1033 4493 1143 4537 tua.
1183 4484 1264 4538 0b
1291 4485 1343 4538 id
1390 4501 1619 4556 magnus
1669 4487 1796 4541 item
1831 4488 1974 4557 Apo-

2095 4480 2366 4550 lup6dvmv
2405 4481 2472 4533 τά
2508 4481 2736 4551 πέρατα.
2789 4481 2934 4533 Ἀνω
2967 4482 3030 4533 σὺ
3073 4477 3144 4540 εἴ,
3176 4481 3325 4534 κάτω
3355 4481 3418 4534 σὺ
3459 4481 3646 4550 πάρει,

403 4572 598 4639 stolus,
641 4587 765 4627 cum
801 4575 981 4627 omnia
1038 4573 1142 4629 ﬁde
1190 4583 1243 4630 et
1275 4577 1583 4646 cognitione
1628 4578 1830 4646 repleta
1860 4578 1975 4633 fue—

402 4667 536 4728 rint,
570 4665 686 4720 fore
709 4666 860 4730 dicit,
890 4674 948 4718 ut
982 4666 1046 4730 is,
1080 4665 1172 4735 qui
1205 4681 1370 4736 super
1405 4669 1586 4720 omnia
1619 4675 1723 4733 est,
1771 4668 1826 4721 in
1873 4683 1972 4722 no-

402 4758 546 4811 mine
567 4756 694 4811 Jesu
725 4755 930 4810 Christi
971 4756 1247 4822 adoretur,
1297 4769 1350 4810 et
1395 4773 1422 4809 a
1459 4759 1796 4824 cmlestibus,
1838 4769 1892 4813 et
1938 4773 1966 4813 ιι

392 4845 778 4911 terrestribus,
810 4853 863 4900 et
899 4845 969 4898 ab
999 4845 1229 4899 infernis
1268 4847 1313 4877 ”
1341 4864 1354 4900 :
1383 4847 1580 4915 quibus
1631 4847 1812 4902 verbis
1870 4862 1967 4916 per

397 4938 577 4993 crucis
620 4938 846 5008 ﬁguram
865 4939 1054 4993 dividit
1069 4938 1270 4993 Christi
1287 4939 1674 4994 adorationem.
1717 4941 1968 4995 Ctelestis

387 5035 540 5086 enim
570 5032 718 5100 regio
752 5031 806 5084 in
839 5030 1060 5086 sublimi
1094 5033 1277 5087 crucis
1312 5043 1464 5100 parte
1493 5033 1828 5088 adorationis
1851 5034 1965 5087 cul-

389 5131 508 5176 tuin
541 5123 777 5186 exhibet,
812 5122 1082 5176 mundana
1110 5123 1162 5176 in
1205 5123 1421 5188 mediis,
1475 5122 1686 5177 inferna
1715 5125 1781 5178 ad
1833 5139 1961 5194 pro-

393 5214 620 5268 fundum
652 5215 906 5283 pertinet.
954 5213 1101 5269 Idem
1146 5231 1264 5270 mea
1303 5217 1522 5285 quidem
1559 5219 1829 5272 sententia
1885 5219 1962 5272 si-

392 5306 616 5374 gniﬁcat
650 5306 813 5359 etiam
853 5307 965 5358 iota
998 5306 1149 5370 illud,
1184 5309 1227 5362 si
1263 5322 1386 5361 cum
1417 5309 1571 5376 apice
1603 5307 1957 5376 coniunctum

391 5394 942 5463 consideretur,qnod
974 5405 1026 5449 ct
1050 5398 1189 5449 emlo
1226 5397 1497 5461 stabilius,
1527 5407 1581 5451 et
1612 5406 1758 5451 terra
1789 5397 1954 5448 [irini-

392 5498 477 5545 us,
514 5492 566 5536 et
603 5485 746 5536 omni
781 5500 959 5538 rerum
988 5487 1380 5540 constitutione
1431 5488 1634 5540 certius
1691 5498 1792 5540 est.
1837 5486 1955 5540 Cae—

392 5573 498 5626 lum
529 5575 740 5627 enimet
805 5585 942 5628 terra
987 5577 1380 5643 transibunt”,
1427 5586 1500 5637 cl,
1548 5576 1723 5644 Hujus
1773 5578 1957 5630 mundi

459 5750 506 5782 ³³
536 5747 678 5803 Psal.
713 5761 974 5812 cxxxvm,
1026 5751 1053 5801 7
1082 5762 1201 5816 sqq.

2079 4572 2136 4623 tv
2167 4571 2246 4640 τῷ
2292 4572 2485 4637 πέρατι
2532 4569 2705 4640 τούτῳ
2757 4572 2790 4641 ἠ
2839 4571 2960 4640 χείρ
3008 4569 3100 4623 σού
3139 4571 3306 4635 ἐστιν,
3351 4571 3455 4636 καὶ,
3485 4572 3541 4623 tv
3569 4571 3651 4640 τῷ

2077 4663 2310 4733 ἑτέρῳή
2353 4661 2502 4726 δεξιά
2549 4679 2643 4714 σου
2689 4661 2893 4730 ὁδηγεῖ.
2939 4661 3037 4714 Διὰ
3075 4661 3230 4714 τοῦτο
3275 4662 3367 4715 καὶ
3411 4664 3440 4714 ὁ
3473 4661 3650 4732 μέγας

2088 4754 2426 4817 Ἀπόστολος,
2455 4754 2581 4806 ἔνθα
2608 4754 2867 4824 πληρωθῇ
2891 4754 2956 4808 τὰ
2984 4755 3157 4808 πάντα
3179 4755 3276 4824 τῆς
3301 4755 3535 4816 πίστεως
3552 4756 3648 4807 καὶ

2072 4845 2450 4915 ἐπιγνώσεως,
2517 4847 2936 4915 προσκυνεῖσθαι
3007 4847 3152 4915 λέγει
3213 4849 3304 4899 τὸν
3351 4847 3490 4917 ὑπὲρ
3536 4849 3645 4901 πᾶν

2071 4939 2238 5008 ὄνομα
2267 4938 2394 4990 ὅντα
2427 4941 2484 4990 ὲν
2527 4939 2604 5008 τῷ
2644 4940 2865 5008 ὀνόματι
2918 4938 3091 5010 Ἰησοῦ
3138 4937 3402 5008 Χριστοῦ,
3437 4937 3540 4990 ὑπό
3581 4954 3642 4990 τε

2069 5029 2177 5082 τῶν
2199 5030 2464 5101 οὐρανίων
2488 5030 2581 5082 καὶ
2603 5029 2711 5082 τῶν
2733 5029 2987 5097 ἐπιγείων
3007 5029 3100 5082 καὶ
3121 5029 3227 5082 τῶν
3248 5027 3638 5098 καταχθονίων·

2068 5120 2230 5173 πάλιν
2277 5120 2370 5172 καὶ
2412 5121 2499 5174 διά
2529 5119 2733 5174 τούτων
2781 5120 2920 5173 κατᾶ
2957 5120 3016 5174 τὸ
3062 5120 3245 5190 σχῆμα
3273 5120 3366 5172 τοῦ
3403 5119 3639 5190 σταυροῦ

2069 5210 2280 5282 μερίζει
2316 5210 2410 5262 τοῦ
2442 5211 2674 5281 σταυροῦ
2708 5211 2807 5282 τὴν
2847 5210 3236 5282 προσκύνησιν.
3283 5211 3346 5264 Ἦ
3395 5210 3494 5280 μὲν
3529 5209 3638 5281 γάρ

2065 5303 2433 5373 ὑπερκόσμιος
2459 5301 2611 5370 λῆξις
2648 5302 2706 5354 tv
2733 5301 2810 5372 τῷ
2845 5302 2957 5355 άνω
2981 5300 3075 5355 τοῦ
3109 5298 3342 5370 σταυροῦ
3373 5293 3528 5370 μέρει
3558 5298 3638 5368 τῷ

2062 5394 2304 5464 Δεσπότῃ
2332 5393 2527 5463 πληροῖ
2546 5392 2642 5462 τὴν
2673 5392 3060 5464 προσκύνησιν·
3093 5393 3126 5461 ἡ
3152 5391 3208 5444 δὲ
3241 5389 3552 5459 ἐγκόσμιος,
3575 5389 3634 5440 tv

2061 5488 2172 5546 τοῖς
2208 5486 2410 5555 μέσοις·
2457 5487 2490 5553 ἡ
2540 5484 2596 5536 δὲ
2639 5484 2986 5554 ὑποχθόνιος,
3033 5482 3126 5536 τοῦ
3181 5481 3377 5552 βάθους
3428 5480 3630 5550 ἔχεται.

2063 5575 2232 5628 Τοῦτο
2275 5576 2368 5628 καὶ
2400 5575 2460 5627 τὸ
2503 5573 2664 5631 Ἰῶτά
2696 5577 2809 5628 ἐστι
2851 5574 2988 5628 κατὰ
3038 5574 3127 5628 τὸν
3177 5574 3306 5641 ἐμὸν
3351 5571 3526 5639 λόγον,
3569 5568 3636 5622 τὸ

1281 5750 1324 5780 ⁵·
1355 5749 1587 5817 Philipp.
1616 5766 1676 5814 η,
1732 5751 1814 5804 to.
1889 5750 1934 5783 ⁸³
1973 5749 2160 5806 Matth.
2194 5766 2341 5815 xxrv,
2366 5750 2454 5804 '55.
