  <div class='ocr_page' id='page_1' title='image "/cluster/home/n/w/nwhite01/storage/ocr_20150623/46/mdp.39015011915447/320.png"; bbox 0 0 4084 6158; ppageno 0'>
   <div class='ocr_carea' id='block_1_1' title="bbox 334 194 527 289">
    <p class='ocr_par' dir='ltr' id='par_1_1' title="bbox 334 194 527 289">
     <span class='ocr_line' id='line_1_1' title="bbox 334 194 527 289; baseline 0 -1"><span class='ocrx_word' id='word_1_1' title='bbox 334 194 349 209; x_wconf 78' lang='grc'><strong>’</strong></span> <span class='ocrx_word' id='word_1_2' title='bbox 420 235 527 289; x_wconf 75' lang='lat'><strong>625</strong></span> 
     </span>
    </p>
   </div>
   <div class='ocr_carea' id='block_1_2' title="bbox 1370 239 2746 319">
    <p class='ocr_par' dir='ltr' id='par_1_2' title="bbox 1370 239 2746 319">
     <span class='ocr_line' id='line_1_2' title="bbox 1370 239 2746 319; baseline 0.016 -23"><span class='ocrx_word' id='word_1_3' title='bbox 1370 239 1440 297; x_wconf 86' lang='lat' dir='ltr'><strong>IN</strong></span> <span class='ocrx_word' id='word_1_4' title='bbox 1473 242 1751 303; x_wconf 82' lang='lat' dir='ltr'><strong>CHRISTI</strong></span> <span class='ocrx_word' id='word_1_5' title='bbox 1782 247 2424 316; x_wconf 78' lang='lat' dir='ltr'><strong>RESURRECTIONEM</strong></span> <span class='ocrx_word' id='word_1_6' title='bbox 2455 261 2668 319; x_wconf 83' lang='lat' dir='ltr'><strong>ORAT.</strong></span> <span class='ocrx_word' id='word_1_7' title='bbox 2704 265 2746 319; x_wconf 88' lang='grc' dir='ltr'><strong>Ι.</strong></span> 
     </span>
    </p>
   </div>
   <div class='ocr_carea' id='block_1_3' title="bbox 3562 273 3666 329">
    <p class='ocr_par' dir='ltr' id='par_1_3' title="bbox 3562 273 3666 329">
     <span class='ocr_line' id='line_1_3' title="bbox 3562 273 3666 329; baseline 0 0"><span class='ocrx_word' id='word_1_8' title='bbox 3562 273 3666 329; x_wconf 67' lang='grc' dir='ltr'><strong>θῖϐ</strong></span> 
     </span>
    </p>
   </div>
   <div class='ocr_carea' id='block_1_4' title="bbox 425 348 2004 455">
    <p class='ocr_par' dir='ltr' id='par_1_4' title="bbox 425 348 1985 455">
     <span class='ocr_line' id='line_1_4' title="bbox 425 348 1985 455; baseline 0.013 -53"><span class='ocrx_word' id='word_1_9' title='bbox 425 350 565 421; x_wconf 76' lang='grc' dir='ltr'>μετὰ</span> <span class='ocrx_word' id='word_1_10' title='bbox 720 351 947 423; x_wconf 81' lang='grc' dir='ltr'><strong>κεραίας</strong></span> <span class='ocrx_word' id='word_1_11' title='bbox 969 354 1363 429; x_wconf 82' lang='grc' dir='ltr'><strong>θεωρούμενον,</strong></span> <span class='ocrx_word' id='word_1_12' title='bbox 1392 361 1422 414; x_wconf 82' lang='grc' dir='ltr'><strong>ὃ</strong></span> <span class='ocrx_word' id='word_1_13' title='bbox 1453 364 1548 416; x_wconf 67' lang='grc' dir='ltr'>καὶ</span> <span class='ocrx_word' id='word_1_14' title='bbox 1599 364 1708 419; x_wconf 84' lang='grc' dir='ltr'>τῶν</span> <span class='ocrx_word' id='word_1_15' title='bbox 1740 367 1985 438; x_wconf 82' lang='grc' dir='ltr'><strong>οὐρανῶν</strong></span> 
     </span>
    </p>
   </div>
   <div class='ocr_carea' id='block_1_5' title="bbox 2102 348 3664 455">
    <p class='ocr_par' dir='ltr' id='par_1_5' title="bbox 2102 375 3664 455">
     <span class='ocr_line' id='line_1_5' title="bbox 2102 375 3664 455; baseline 0.01 -29"><span class='ocrx_word' id='word_1_16' title='bbox 2102 375 2265 445; x_wconf 75' lang='lat' dir='ltr'><strong>ﬁgura</strong></span> <span class='ocrx_word' id='word_1_17' title='bbox 2295 381 2537 446; x_wconf 67' lang='lat' dir='ltr'><strong>preterit</strong></span> <span class='ocrx_word' id='word_1_18' title='bbox 2566 381 2635 446; x_wconf 78' lang='grc'><strong>⁸⁸,</strong></span> <span class='ocrx_word' id='word_1_19' title='bbox 2663 382 2775 435; x_wconf 80' lang='lat' dir='ltr'><strong>iota</strong></span> <span class='ocrx_word' id='word_1_20' title='bbox 2803 390 2979 436; x_wconf 84' lang='lat' dir='ltr'><strong>autem</strong></span> <span class='ocrx_word' id='word_1_21' title='bbox 3014 398 3080 437; x_wconf 80' lang='lat' dir='ltr'><strong>ea:</strong></span> <span class='ocrx_word' id='word_1_22' title='bbox 3110 384 3239 454; x_wconf 78' lang='lat' dir='ltr'><strong>lege,</strong></span> <span class='ocrx_word' id='word_1_23' title='bbox 3269 393 3319 439; x_wconf 88' lang='lat' dir='ltr'><strong>et</strong></span> <span class='ocrx_word' id='word_1_24' title='bbox 3351 400 3485 455; x_wconf 73' lang='lat' dir='ltr'><strong>apex</strong></span> <span class='ocrx_word' id='word_1_25' title='bbox 3530 402 3664 443; x_wconf 78' lang='lat' dir='ltr'><strong>unus</strong></span> 
     </span>
    </p>
   </div>
   <div class='ocr_carea' id='block_1_6' title="bbox 426 439 1996 531">
    <p class='ocr_par' dir='ltr' id='par_1_6' title="bbox 426 439 1996 531">
     <span class='ocr_line' id='line_1_6' title="bbox 426 439 1996 531; baseline 0.013 -40"><span class='ocrx_word' id='word_1_26' title='bbox 426 439 798 512; x_wconf 65' lang='grc' dir='ltr'>μονιμώτερω</span> <span class='ocrx_word' id='word_1_27' title='bbox 819 483 834 509; x_wconf 90' lang='grc'><strong>,</strong></span> <span class='ocrx_word' id='word_1_28' title='bbox 862 445 957 499; x_wconf 75' lang='grc' dir='ltr'><strong>καὶ</strong></span> <span class='ocrx_word' id='word_1_29' title='bbox 980 446 1080 516; x_wconf 82' lang='grc' dir='ltr'><strong>τῆς</strong></span> <span class='ocrx_word' id='word_1_30' title='bbox 1106 449 1209 519; x_wconf 81' lang='grc' dir='ltr'><strong>γῆς</strong></span> <span class='ocrx_word' id='word_1_31' title='bbox 1238 451 1663 525; x_wconf 85' lang='grc' dir='ltr'>σταθερὼτερον,</span> <span class='ocrx_word' id='word_1_32' title='bbox 1696 456 1789 509; x_wconf 82' lang='grc' dir='ltr'>καὶ</span> <span class='ocrx_word' id='word_1_33' title='bbox 1816 457 1996 531; x_wconf 80' lang='grc' dir='ltr'>πάσης</span> 
     </span>
    </p>
   </div>
   <div class='ocr_carea' id='block_1_7' title="bbox 419 531 1997 617">
    <p class='ocr_par' dir='ltr' id='par_1_7' title="bbox 419 531 1997 617">
     <span class='ocr_line' id='line_1_7' title="bbox 419 531 1997 617; baseline 0.015 -36"><span class='ocrx_word' id='word_1_34' title='bbox 419 533 522 601; x_wconf 81' lang='grc' dir='ltr'>τῆς</span> <span class='ocrx_word' id='word_1_35' title='bbox 545 531 651 584; x_wconf 86' lang='grc' dir='ltr'><strong>τῶν</strong></span> <span class='ocrx_word' id='word_1_36' title='bbox 672 532 840 587; x_wconf 77' lang='grc' dir='ltr'>ὄντων</span> <span class='ocrx_word' id='word_1_37' title='bbox 864 537 1174 603; x_wconf 85' lang='grc' dir='ltr'><strong>συστάσεως</strong></span> <span class='ocrx_word' id='word_1_38' title='bbox 1199 540 1600 615; x_wconf 82' lang='grc' dir='ltr'>διαρκέστερον.</span> <span class='ocrx_word' id='word_1_39' title='bbox 1644 546 1707 600; x_wconf 90' lang='lat'><strong>&#39;0</strong></span> <span class='ocrx_word' id='word_1_40' title='bbox 1739 549 1997 617; x_wconf 79' lang='grc' dir='ltr'>οὐρανὸς</span> 
     </span>
    </p>
   </div>
   <div class='ocr_carea' id='block_1_8' title="bbox 423 618 1997 709">
    <p class='ocr_par' dir='ltr' id='par_1_8' title="bbox 423 618 1997 709">
     <span class='ocr_line' id='line_1_8' title="bbox 423 618 1997 709; baseline 0.014 -37"><span class='ocrx_word' id='word_1_41' title='bbox 423 618 523 673; x_wconf 75' lang='grc' dir='ltr'>καὶ</span> <span class='ocrx_word' id='word_1_42' title='bbox 556 621 596 688; x_wconf 76' lang='grc' dir='ltr'><strong><em>ἠ</em></strong></span> <span class='ocrx_word' id='word_1_43' title='bbox 637 620 716 691; x_wconf 82' lang='grc' dir='ltr'>τῆ</span> <span class='ocrx_word' id='word_1_44' title='bbox 745 627 1179 693; x_wconf 64' lang='grc' dir='ltr'><strong>παρελεύσεται</strong></span> <span class='ocrx_word' id='word_1_45' title='bbox 1201 645 1215 661; x_wconf 82' lang='grc'><em>’</em></span> <span class='ocrx_word' id='word_1_46' title='bbox 1249 632 1362 697; x_wconf 71' lang='grc' dir='ltr'>καὶ,</span> <span class='ocrx_word' id='word_1_47' title='bbox 1385 633 1573 689; x_wconf 78' lang='grc' dir='ltr'>Ὅλου</span> <span class='ocrx_word' id='word_1_48' title='bbox 1615 636 1724 691; x_wconf 83' lang='grc' dir='ltr'>τοῦ</span> <span class='ocrx_word' id='word_1_49' title='bbox 1765 638 1997 709; x_wconf 83' lang='grc' dir='ltr'><strong>κόσμου</strong></span> 
     </span>
    </p>
   </div>
   <div class='ocr_carea' id='block_1_9' title="bbox 423 709 1993 797">
    <p class='ocr_par' dir='ltr' id='par_1_9' title="bbox 423 709 1993 797">
     <span class='ocr_line' id='line_1_9' title="bbox 423 709 1993 797; baseline 0.014 -35"><span class='ocrx_word' id='word_1_50' title='bbox 423 709 673 781; x_wconf 75' lang='grc' dir='ltr'><strong>παράγει</strong></span> <span class='ocrx_word' id='word_1_51' title='bbox 704 712 769 767; x_wconf 87' lang='grc' dir='ltr'>τὸ</span> <span class='ocrx_word' id='word_1_52' title='bbox 802 714 1012 785; x_wconf 81' lang='grc' dir='ltr'>σχῆμα</span> <span class='ocrx_word' id='word_1_53' title='bbox 1030 734 1043 746; x_wconf 82' lang='grc'><strong>’</strong></span> <span class='ocrx_word' id='word_1_54' title='bbox 1074 718 1140 772; x_wconf 85' lang='grc' dir='ltr'>τὸ</span> <span class='ocrx_word' id='word_1_55' title='bbox 1169 719 1237 774; x_wconf 81' lang='grc' dir='ltr'>δὲ</span> <span class='ocrx_word' id='word_1_56' title='bbox 1271 721 1410 776; x_wconf 73' lang='grc' dir='ltr'>ἰῶτα</span> <span class='ocrx_word' id='word_1_57' title='bbox 1438 724 1506 778; x_wconf 80' lang='grc' dir='ltr'>ἐκ</span> <span class='ocrx_word' id='word_1_58' title='bbox 1534 726 1638 781; x_wconf 84' lang='grc' dir='ltr'>τοῦ</span> <span class='ocrx_word' id='word_1_59' title='bbox 1663 728 1873 797; x_wconf 83' lang='grc' dir='ltr'>νόμου,</span> <span class='ocrx_word' id='word_1_60' title='bbox 1898 730 1993 784; x_wconf 78' lang='grc' dir='ltr'>καὶ</span> 
     </span>
    </p>
   </div>
   <div class='ocr_carea' id='block_1_10' title="bbox 423 801 1997 892">
    <p class='ocr_par' dir='ltr' id='par_1_10' title="bbox 423 801 1997 892">
     <span class='ocr_line' id='line_1_10' title="bbox 423 801 1997 892; baseline 0.017 -40"><span class='ocrx_word' id='word_1_61' title='bbox 423 801 465 892; x_wconf 70' lang='grc' dir='ltr'><strong><em>ἠ</em></strong></span> <span class='ocrx_word' id='word_1_62' title='bbox 495 804 703 870; x_wconf 82' lang='grc' dir='ltr'>κεραία</span> <span class='ocrx_word' id='word_1_63' title='bbox 730 806 802 859; x_wconf 88' lang='grc' dir='ltr'><strong>οὐ</strong></span> <span class='ocrx_word' id='word_1_64' title='bbox 824 807 1242 879; x_wconf 80' lang='grc' dir='ltr'>παραδέχεται.</span> <span class='ocrx_word' id='word_1_65' title='bbox 1284 813 1349 867; x_wconf 87' lang='grc' dir='ltr'><em>Ἠ</em></span> <span class='ocrx_word' id='word_1_66' title='bbox 1371 816 1662 884; x_wconf 82' lang='grc' dir='ltr'>ὲγκάθετος</span> <span class='ocrx_word' id='word_1_67' title='bbox 1687 820 1939 892; x_wconf 79' lang='grc' dir='ltr'>γραμμὴ,</span> <span class='ocrx_word' id='word_1_68' title='bbox 1963 822 1997 892; x_wconf 78' lang='grc' dir='ltr'>ή</span> 
     </span>
    </p>
   </div>
   <div class='ocr_carea' id='block_1_11' title="bbox 424 891 1997 984">
    <p class='ocr_par' dir='ltr' id='par_1_11' title="bbox 424 891 1997 984">
     <span class='ocr_line' id='line_1_11' title="bbox 424 891 1997 984; baseline 0.014 -39"><span class='ocrx_word' id='word_1_69' title='bbox 424 891 632 984; x_wconf 63' lang='lat' dir='ltr'><strong>amem</strong></span> <span class='ocrx_word' id='word_1_70' title='bbox 652 896 753 984; x_wconf 55' lang='lat' dir='ltr'><strong>aut</strong></span> <span class='ocrx_word' id='word_1_71' title='bbox 778 898 841 951; x_wconf 82' lang='grc' dir='ltr'>τδ</span> <span class='ocrx_word' id='word_1_72' title='bbox 864 899 1024 970; x_wconf 81' lang='grc' dir='ltr'><strong>βάθος</strong></span> <span class='ocrx_word' id='word_1_73' title='bbox 1057 902 1392 975; x_wconf 86' lang='grc' dir='ltr'>καθήκουσα,</span> <span class='ocrx_word' id='word_1_74' title='bbox 1423 908 1556 963; x_wconf 80' lang='grc' dir='ltr'>ἰῶτα</span> <span class='ocrx_word' id='word_1_75' title='bbox 1578 909 1792 979; x_wconf 81' lang='grc' dir='ltr'>λέγεται</span> <span class='ocrx_word' id='word_1_76' title='bbox 1827 929 1841 944; x_wconf 90' lang='lat'><strong>-</strong></span> <span class='ocrx_word' id='word_1_77' title='bbox 1882 913 1915 984; x_wconf 84' lang='grc' dir='ltr'>ή</span> <span class='ocrx_word' id='word_1_78' title='bbox 1942 891 1997 967; x_wconf 60' lang='grc' dir='ltr'><strong>δὲ</strong></span> 
     </span>
    </p>
   </div>
   <div class='ocr_carea' id='block_1_12' title="bbox 428 982 1994 1072">
    <p class='ocr_par' dir='ltr' id='par_1_12' title="bbox 428 982 1994 1072">
     <span class='ocr_line' id='line_1_12' title="bbox 428 982 1994 1072; baseline 0.014 -38"><span class='ocrx_word' id='word_1_79' title='bbox 428 982 737 1053; x_wconf 74' lang='grc' dir='ltr'>ὲγκαρσίως</span> <span class='ocrx_word' id='word_1_80' title='bbox 761 987 1001 1062; x_wconf 80' lang='grc' dir='ltr'>ἀγομένη</span> <span class='ocrx_word' id='word_1_81' title='bbox 1037 991 1126 1046; x_wconf 78' lang='grc' dir='ltr'>διὰ</span> <span class='ocrx_word' id='word_1_82' title='bbox 1148 993 1402 1064; x_wconf 79' lang='grc' dir='ltr'><strong>πλαγίου,</strong></span> <span class='ocrx_word' id='word_1_83' title='bbox 1422 1000 1619 1070; x_wconf 88' lang='grc' dir='ltr'>κεραία</span> <span class='ocrx_word' id='word_1_84' title='bbox 1650 982 1994 1072; x_wconf 77' lang='grc' dir='ltr'>ὀνομάζεται,</span> 
     </span>
    </p>
   </div>
   <div class='ocr_carea' id='block_1_13' title="bbox 428 1073 1997 1164">
    <p class='ocr_par' dir='ltr' id='par_1_13' title="bbox 428 1073 1997 1164">
     <span class='ocr_line' id='line_1_13' title="bbox 428 1073 1997 1164; baseline 0.015 -38"><span class='ocrx_word' id='word_1_85' title='bbox 428 1073 612 1164; x_wconf 80' lang='grc' dir='ltr'>καθὼς</span> <span class='ocrx_word' id='word_1_86' title='bbox 645 1077 760 1132; x_wconf 77' lang='grc' dir='ltr'>ἐστι</span> <span class='ocrx_word' id='word_1_87' title='bbox 796 1081 889 1134; x_wconf 81' lang='grc' dir='ltr'><strong>καὶ</strong></span> <span class='ocrx_word' id='word_1_88' title='bbox 928 1085 1079 1155; x_wconf 84' lang='grc' dir='ltr'>παρά</span> <span class='ocrx_word' id='word_1_89' title='bbox 1103 1084 1212 1139; x_wconf 85' lang='grc' dir='ltr'><strong>τῶν</strong></span> <span class='ocrx_word' id='word_1_90' title='bbox 1247 1090 1675 1163; x_wconf 82' lang='grc' dir='ltr'><strong>ναυτιλλομένων</strong></span> <span class='ocrx_word' id='word_1_91' title='bbox 1702 1092 1858 1146; x_wconf 81' lang='grc' dir='ltr'>τοῦτο</span> <span class='ocrx_word' id='word_1_92' title='bbox 1896 1111 1997 1164; x_wconf 86' lang='grc' dir='ltr'>μα-</span> 
     </span>
    </p>
   </div>
   <div class='ocr_carea' id='block_1_14' title="bbox 428 1162 1998 1254">
    <p class='ocr_par' dir='ltr' id='par_1_14' title="bbox 428 1162 1998 1254">
     <span class='ocr_line' id='line_1_14' title="bbox 428 1162 1998 1254; baseline 0.013 -38"><span class='ocrx_word' id='word_1_93' title='bbox 428 1162 560 1220; x_wconf 80' lang='grc' dir='ltr'>θεῖν.</span> <span class='ocrx_word' id='word_1_94' title='bbox 586 1166 658 1254; x_wconf 53' lang='grc' dir='ltr'><strong>Τὸ</strong></span> <span class='ocrx_word' id='word_1_95' title='bbox 685 1169 793 1241; x_wconf 85' lang='grc' dir='ltr'>γὰρ</span> <span class='ocrx_word' id='word_1_96' title='bbox 825 1170 978 1237; x_wconf 84' lang='grc' dir='ltr'>ξύλον</span> <span class='ocrx_word' id='word_1_97' title='bbox 1009 1174 1069 1228; x_wconf 82' lang='grc' dir='ltr'>τὸ</span> <span class='ocrx_word' id='word_1_98' title='bbox 1091 1175 1181 1230; x_wconf 82' lang='grc' dir='ltr'><strong>διὰ</strong></span> <span class='ocrx_word' id='word_1_99' title='bbox 1207 1178 1436 1249; x_wconf 80' lang='grc' dir='ltr'>πλαγίου</span> <span class='ocrx_word' id='word_1_100' title='bbox 1455 1162 1533 1252; x_wconf 81' lang='grc' dir='ltr'>τῷ</span> <span class='ocrx_word' id='word_1_101' title='bbox 1558 1180 1687 1253; x_wconf 80' lang='grc' dir='ltr'>ἱστῷ</span> <span class='ocrx_word' id='word_1_102' title='bbox 1718 1162 1998 1254; x_wconf 77' lang='grc' dir='ltr'>ἐπικείμε-</span> 
     </span>
    </p>
   </div>
   <div class='ocr_carea' id='block_1_15' title="bbox 395 1249 1990 1343">
    <p class='ocr_par' dir='ltr' id='par_1_15' title="bbox 395 1249 1990 1343">
     <span class='ocr_line' id='line_1_15' title="bbox 395 1249 1990 1343; baseline 0.015 -38"><span class='ocrx_word' id='word_1_103' title='bbox 395 1335 399 1339; x_wconf 57' lang='lat'><strong>_</strong></span> <span class='ocrx_word' id='word_1_104' title='bbox 427 1270 539 1318; x_wconf 87' lang='grc' dir='ltr'>νον,</span> <span class='ocrx_word' id='word_1_105' title='bbox 561 1249 622 1309; x_wconf 76' lang='grc' dir='ltr'><strong>οὐ</strong></span> <span class='ocrx_word' id='word_1_106' title='bbox 649 1259 742 1312; x_wconf 74' lang='grc' dir='ltr'>καὶ</span> <span class='ocrx_word' id='word_1_107' title='bbox 770 1261 868 1332; x_wconf 78' lang='grc' dir='ltr'>τὴν</span> <span class='ocrx_word' id='word_1_108' title='bbox 899 1263 1090 1336; x_wconf 81' lang='grc' dir='ltr'>ὀθόνην</span> <span class='ocrx_word' id='word_1_109' title='bbox 1122 1266 1432 1338; x_wconf 81' lang='grc' dir='ltr'>ὲξαπλοῦσι,</span> <span class='ocrx_word' id='word_1_110' title='bbox 1466 1249 1691 1342; x_wconf 79' lang='grc' dir='ltr'>κεραίαν</span> <span class='ocrx_word' id='word_1_111' title='bbox 1717 1249 1990 1343; x_wconf 79' lang='grc' dir='ltr'>λέγουσιν,</span> 
     </span>
    </p>
   </div>
   <div class='ocr_carea' id='block_1_16' title="bbox 424 1343 1998 1436">
    <p class='ocr_par' dir='ltr' id='par_1_16' title="bbox 424 1343 1998 1436">
     <span class='ocr_line' id='line_1_16' title="bbox 424 1343 1998 1436; baseline 0.016 -40"><span class='ocrx_word' id='word_1_112' title='bbox 511 1343 602 1398; x_wconf 81' lang='grc' dir='ltr'><strong>τοῦ</strong></span> <span class='ocrx_word' id='word_1_113' title='bbox 627 1349 898 1419; x_wconf 81' lang='grc' dir='ltr'>σχήματος</span> <span class='ocrx_word' id='word_1_114' title='bbox 916 1353 1284 1425; x_wconf 78' lang='grc' dir='ltr'>ὀνομάζοντες.</span> <span class='ocrx_word' id='word_1_115' title='bbox 1303 1358 1393 1413; x_wconf 88' lang='grc' dir='ltr'>Διό</span> <span class='ocrx_word' id='word_1_116' title='bbox 1416 1362 1666 1431; x_wconf 87' lang='grc' dir='ltr'>μοιδοκεί</span> <span class='ocrx_word' id='word_1_117' title='bbox 1690 1364 1824 1436; x_wconf 83' lang='grc' dir='ltr'>πρὸς</span> <span class='ocrx_word' id='word_1_118' title='bbox 1842 1366 1998 1421; x_wconf 81' lang='grc' dir='ltr'>τοῦτο</span> 
     </span>
    </p>
   </div>
   <div class='ocr_carea' id='block_1_17' title="bbox 430 1435 1997 1524">
    <p class='ocr_par' dir='ltr' id='par_1_17' title="bbox 430 1435 1997 1524">
     <span class='ocr_line' id='line_1_17' title="bbox 430 1435 1997 1524; baseline 0.015 -37"><span class='ocrx_word' id='word_1_119' title='bbox 430 1435 646 1524; x_wconf 75' lang='grc' dir='ltr'>βλέπειν</span> <span class='ocrx_word' id='word_1_120' title='bbox 665 1440 700 1510; x_wconf 77' lang='grc' dir='ltr'>ἡ</span> <span class='ocrx_word' id='word_1_121' title='bbox 726 1439 848 1495; x_wconf 88' lang='grc' dir='ltr'>θεία</span> <span class='ocrx_word' id='word_1_122' title='bbox 869 1444 961 1497; x_wconf 82' lang='grc' dir='ltr'>τοῦ</span> <span class='ocrx_word' id='word_1_123' title='bbox 987 1446 1316 1518; x_wconf 82' lang='grc' dir='ltr'>Εὐαγγελίου</span> <span class='ocrx_word' id='word_1_124' title='bbox 1350 1454 1525 1524; x_wconf 74' lang='grc' dir='ltr'><strong>φωνή⁹</strong></span> <span class='ocrx_word' id='word_1_125' title='bbox 1553 1454 1635 1507; x_wconf 81' lang='grc' dir='ltr'>ὅτι</span> <span class='ocrx_word' id='word_1_126' title='bbox 1657 1435 1830 1509; x_wconf 77' lang='grc' dir='ltr'>ἐκεῖνό</span> <span class='ocrx_word' id='word_1_127' title='bbox 1853 1457 1997 1511; x_wconf 83' lang='grc' dir='ltr'>ἐστιν</span> 
     </span>
    </p>
   </div>
   <div class='ocr_carea' id='block_1_18' title="bbox 428 1522 1997 1620">
    <p class='ocr_par' dir='ltr' id='par_1_18' title="bbox 428 1522 1997 1620">
     <span class='ocr_line' id='line_1_18' title="bbox 428 1522 1997 1620; baseline 0.016 -41"><span class='ocrx_word' id='word_1_128' title='bbox 428 1529 486 1581; x_wconf 84' lang='grc' dir='ltr'>ὲν</span> <span class='ocrx_word' id='word_1_129' title='bbox 517 1522 561 1597; x_wconf 84' lang='grc' dir='ltr'>ᾦ</span> <span class='ocrx_word' id='word_1_130' title='bbox 590 1530 659 1583; x_wconf 73' lang='grc' dir='ltr'><strong>τὰ</strong></span> <span class='ocrx_word' id='word_1_131' title='bbox 682 1531 859 1588; x_wconf 84' lang='grc' dir='ltr'>πάντα</span> <span class='ocrx_word' id='word_1_132' title='bbox 892 1537 1210 1610; x_wconf 86' lang='grc' dir='ltr'>συνέστηκε,</span> <span class='ocrx_word' id='word_1_133' title='bbox 1236 1542 1297 1595; x_wconf 80' lang='grc' dir='ltr'>τὸ</span> <span class='ocrx_word' id='word_1_134' title='bbox 1324 1543 1433 1597; x_wconf 84' lang='grc' dir='ltr'>τῶν</span> <span class='ocrx_word' id='word_1_135' title='bbox 1463 1522 1533 1598; x_wconf 75' lang='grc' dir='ltr'>ὲν</span> <span class='ocrx_word' id='word_1_136' title='bbox 1549 1546 1698 1618; x_wconf 89' lang='grc' dir='ltr'><strong>αὐτῷ</strong></span> <span class='ocrx_word' id='word_1_137' title='bbox 1731 1566 1997 1620; x_wconf 87' lang='grc' dir='ltr'>περικρα-</span> 
     </span>
    </p>
   </div>
   <div class='ocr_carea' id='block_1_19' title="bbox 427 1620 1996 1709">
    <p class='ocr_par' dir='ltr' id='par_1_19' title="bbox 427 1620 1996 1709">
     <span class='ocr_line' id='line_1_19' title="bbox 427 1620 1996 1709; baseline 0.015 -39"><span class='ocrx_word' id='word_1_138' title='bbox 427 1620 704 1688; x_wconf 86' lang='grc' dir='ltr'>τουμένων</span> <span class='ocrx_word' id='word_1_139' title='bbox 734 1625 1065 1697; x_wconf 86' lang='grc' dir='ltr'>ἀῖδιώτερον,</span> <span class='ocrx_word' id='word_1_140' title='bbox 1096 1630 1124 1683; x_wconf 85' lang='grc' dir='ltr'><strong>ὃ</strong></span> <span class='ocrx_word' id='word_1_141' title='bbox 1151 1632 1249 1702; x_wconf 82' lang='grc' dir='ltr'>τὴν</span> <span class='ocrx_word' id='word_1_142' title='bbox 1278 1633 1469 1688; x_wconf 79' lang='grc' dir='ltr'>ἑαυτοῦ</span> <span class='ocrx_word' id='word_1_143' title='bbox 1495 1633 1722 1705; x_wconf 81' lang='grc' dir='ltr'>δύναμιν</span> <span class='ocrx_word' id='word_1_144' title='bbox 1744 1638 1843 1709; x_wconf 84' lang='grc' dir='ltr'>τὴν</span> <span class='ocrx_word' id='word_1_145' title='bbox 1873 1656 1996 1693; x_wconf 80' lang='grc' dir='ltr'>συν·</span> 
     </span>
    </p>
   </div>
   <div class='ocr_carea' id='block_1_20' title="bbox 429 1702 2070 1797">
    <p class='ocr_par' dir='ltr' id='par_1_20' title="bbox 429 1702 2070 1797">
     <span class='ocr_line' id='line_1_20' title="bbox 429 1702 2070 1797; baseline 0.015 -39"><span class='ocrx_word' id='word_1_146' title='bbox 429 1709 727 1782; x_wconf 80' lang='grc' dir='ltr'>τηρητικὴν</span> <span class='ocrx_word' id='word_1_147' title='bbox 771 1712 990 1769; x_wconf 90' lang='grc' dir='ltr'>πάντων</span> <span class='ocrx_word' id='word_1_148' title='bbox 1028 1717 1136 1771; x_wconf 86' lang='grc' dir='ltr'><strong>τῶν</strong></span> <span class='ocrx_word' id='word_1_149' title='bbox 1177 1720 1348 1775; x_wconf 76' lang='grc' dir='ltr'>ὄντων</span> <span class='ocrx_word' id='word_1_150' title='bbox 1369 1762 1383 1786; x_wconf 90' lang='grc'><strong>,</strong></span> <span class='ocrx_word' id='word_1_151' title='bbox 1428 1719 1539 1777; x_wconf 72' lang='grc' dir='ltr'>οἷον</span> <span class='ocrx_word' id='word_1_152' title='bbox 1572 1702 1641 1778; x_wconf 50' lang='grc' dir='ltr'><strong>διί</strong></span> <span class='ocrx_word' id='word_1_153' title='bbox 1673 1702 1999 1797; x_wconf 48' lang='grc' dir='ltr'>αίνίέτματος</span> <span class='ocrx_word' id='word_1_154' title='bbox 2028 1702 2070 1757; x_wconf 75' lang='grc' dir='ltr'>Β</span> 
     </span>
    </p>
   </div>
   <div class='ocr_carea' id='block_1_21' title="bbox 430 1799 2000 1888">
    <p class='ocr_par' dir='ltr' id='par_1_21' title="bbox 430 1799 2000 1888">
     <span class='ocr_line' id='line_1_21' title="bbox 430 1799 2000 1888; baseline 0.015 -38"><span class='ocrx_word' id='word_1_155' title='bbox 430 1799 525 1851; x_wconf 82' lang='grc' dir='ltr'>καὶ</span> <span class='ocrx_word' id='word_1_156' title='bbox 558 1801 827 1874; x_wconf 73' lang='grc' dir='ltr'>ἐσόπτρου</span> <span class='ocrx_word' id='word_1_157' title='bbox 862 1806 1007 1871; x_wconf 81' lang='grc' dir='ltr'>τινὸς</span> <span class='ocrx_word' id='word_1_158' title='bbox 1031 1808 1125 1861; x_wconf 80' lang='grc' dir='ltr'>τοῦ</span> <span class='ocrx_word' id='word_1_159' title='bbox 1160 1811 1300 1865; x_wconf 76' lang='grc' dir='ltr'>κατὰ</span> <span class='ocrx_word' id='word_1_160' title='bbox 1328 1814 1420 1867; x_wconf 84' lang='grc' dir='ltr'>τὸν</span> <span class='ocrx_word' id='word_1_161' title='bbox 1455 1816 1684 1887; x_wconf 79' lang='grc' dir='ltr'>σταυρὸν</span> <span class='ocrx_word' id='word_1_162' title='bbox 1723 1821 2000 1888; x_wconf 81' lang='grc' dir='ltr'>σχήματος</span> 
     </span>
    </p>
   </div>
   <div class='ocr_carea' id='block_1_22' title="bbox 429 1889 1999 1976">
    <p class='ocr_par' dir='ltr' id='par_1_22' title="bbox 429 1889 1999 1976">
     <span class='ocr_line' id='line_1_22' title="bbox 429 1889 1999 1976; baseline 0.014 -35"><span class='ocrx_word' id='word_1_163' title='bbox 429 1889 796 1949; x_wconf 76' lang='grc' dir='ltr'>ὑποδείκνυσι.</span> <span class='ocrx_word' id='word_1_164' title='bbox 839 1897 935 1950; x_wconf 80' lang='grc' dir='ltr'><strong>Διὰ</strong></span> <span class='ocrx_word' id='word_1_165' title='bbox 977 1897 1040 1968; x_wconf 80' lang='grc' dir='ltr'><strong>δὴ</strong></span> <span class='ocrx_word' id='word_1_166' title='bbox 1082 1901 1237 1956; x_wconf 84' lang='grc' dir='ltr'>τοῦτό</span> <span class='ocrx_word' id='word_1_167' title='bbox 1281 1921 1474 1976; x_wconf 86' lang='grc' dir='ltr'>φησιν,</span> <span class='ocrx_word' id='word_1_168' title='bbox 1506 1906 1587 1959; x_wconf 82' lang='grc' dir='ltr'>ὅτι</span> <span class='ocrx_word' id='word_1_169' title='bbox 1617 1906 1698 1959; x_wconf 84' lang='grc' dir='ltr'><strong>δεῖ</strong></span> <span class='ocrx_word' id='word_1_170' title='bbox 1729 1907 1817 1960; x_wconf 82' lang='grc' dir='ltr'>τὸν</span> <span class='ocrx_word' id='word_1_171' title='bbox 1872 1909 1999 1964; x_wconf 81' lang='grc' dir='ltr'>Υίὸν</span> 
     </span>
    </p>
   </div>
   <div class='ocr_carea' id='block_1_23' title="bbox 425 1980 1999 2072">
    <p class='ocr_par' dir='ltr' id='par_1_23' title="bbox 425 1980 1999 2072">
     <span class='ocr_line' id='line_1_23' title="bbox 425 1980 1999 2072; baseline 0.014 -40"><span class='ocrx_word' id='word_1_172' title='bbox 425 1980 519 2072; x_wconf 74' lang='grc' dir='ltr'><strong>τοῦ</strong></span> <span class='ocrx_word' id='word_1_173' title='bbox 550 1982 861 2054; x_wconf 85' lang='grc' dir='ltr'>ἀνθρώπου,</span> <span class='ocrx_word' id='word_1_174' title='bbox 893 1989 989 2061; x_wconf 84' lang='grc' dir='ltr'><strong>οὐχ</strong></span> <span class='ocrx_word' id='word_1_175' title='bbox 1018 1992 1203 2056; x_wconf 84' lang='grc' dir='ltr'>ἁπλῶς</span> <span class='ocrx_word' id='word_1_176' title='bbox 1240 1994 1548 2063; x_wconf 75' lang='grc' dir='ltr'><strong>ἀποθανεῖν,</strong></span> <span class='ocrx_word' id='word_1_177' title='bbox 1584 1997 1720 2052; x_wconf 78' lang='grc' dir='ltr'>ἀλλὰ</span> <span class='ocrx_word' id='word_1_178' title='bbox 1754 2016 1999 2072; x_wconf 80' lang='grc' dir='ltr'>σταυρω-</span> 
     </span>
    </p>
   </div>
   <div class='ocr_carea' id='block_1_24' title="bbox 427 2070 2000 2160">
    <p class='ocr_par' dir='ltr' id='par_1_24' title="bbox 427 2070 2000 2160">
     <span class='ocr_line' id='line_1_24' title="bbox 427 2070 2000 2160; baseline 0.015 -37"><span class='ocrx_word' id='word_1_179' title='bbox 427 2070 609 2143; x_wconf 82' lang='grc' dir='ltr'>θῆναι,</span> <span class='ocrx_word' id='word_1_180' title='bbox 653 2076 740 2130; x_wconf 75' lang='grc' dir='ltr'>ἵνα</span> <span class='ocrx_word' id='word_1_181' title='bbox 782 2078 1004 2151; x_wconf 82' lang='grc' dir='ltr'>γένηται</span> <span class='ocrx_word' id='word_1_182' title='bbox 1046 2084 1157 2147; x_wconf 84' lang='grc' dir='ltr'>τοῖς</span> <span class='ocrx_word' id='word_1_183' title='bbox 1196 2085 1669 2160; x_wconf 84' lang='grc' dir='ltr'>διορατικωτέροις</span> <span class='ocrx_word' id='word_1_184' title='bbox 1698 2070 1943 2160; x_wconf 84' lang='grc' dir='ltr'>θεολόγος</span> <span class='ocrx_word' id='word_1_185' title='bbox 1971 2094 2000 2146; x_wconf 91' lang='lat'><strong>6</strong></span> 
     </span>
    </p>
   </div>
   <div class='ocr_carea' id='block_1_25' title="bbox 429 2167 2001 2255">
    <p class='ocr_par' dir='ltr' id='par_1_25' title="bbox 429 2167 2001 2255">
     <span class='ocr_line' id='line_1_25' title="bbox 429 2167 2001 2255; baseline 0.011 -36"><span class='ocrx_word' id='word_1_186' title='bbox 429 2167 663 2237; x_wconf 83' lang='grc' dir='ltr'><strong>σταυρὸς</strong></span> <span class='ocrx_word' id='word_1_187' title='bbox 708 2168 806 2241; x_wconf 82' lang='grc' dir='ltr'>τὴν</span> <span class='ocrx_word' id='word_1_188' title='bbox 845 2173 1249 2247; x_wconf 85' lang='grc' dir='ltr'>παντοδύναμον</span> <span class='ocrx_word' id='word_1_189' title='bbox 1287 2177 1534 2243; x_wconf 77' lang='grc' dir='ltr'>ἐξουσίαν</span> <span class='ocrx_word' id='word_1_190' title='bbox 1579 2180 1673 2234; x_wconf 80' lang='grc' dir='ltr'>τοῦ</span> <span class='ocrx_word' id='word_1_191' title='bbox 1719 2182 1805 2234; x_wconf 80' lang='grc' dir='ltr'><strong>ἐπ’</strong></span> <span class='ocrx_word' id='word_1_192' title='bbox 1853 2182 2001 2255; x_wconf 87' lang='grc' dir='ltr'><strong>αὐτῷ</strong></span> 
     </span>
    </p>
   </div>
   <div class='ocr_carea' id='block_1_26' title="bbox 422 2254 2001 2345">
    <p class='ocr_par' dir='ltr' id='par_1_26' title="bbox 422 2254 2001 2345">
     <span class='ocr_line' id='line_1_26' title="bbox 422 2254 2001 2345; baseline 0.014 -37"><span class='ocrx_word' id='word_1_193' title='bbox 422 2254 743 2327; x_wconf 79' lang='grc' dir='ltr'><strong>δειχθέντος,</strong></span> <span class='ocrx_word' id='word_1_194' title='bbox 775 2263 865 2315; x_wconf 73' lang='grc' dir='ltr'>καὶ</span> <span class='ocrx_word' id='word_1_195' title='bbox 901 2263 1076 2319; x_wconf 81' lang='grc' dir='ltr'>πάντα</span> <span class='ocrx_word' id='word_1_196' title='bbox 1112 2268 1169 2319; x_wconf 85' lang='grc' dir='ltr'><strong>έν</strong></span> <span class='ocrx_word' id='word_1_197' title='bbox 1199 2269 1364 2322; x_wconf 78' lang='grc' dir='ltr'>πᾶσιν</span> <span class='ocrx_word' id='word_1_198' title='bbox 1393 2269 1570 2336; x_wconf 78' lang='grc' dir='ltr'>ὄντος,</span> <span class='ocrx_word' id='word_1_199' title='bbox 1606 2254 2001 2345; x_wconf 83' lang='grc' dir='ltr'>ἁνακηρύσσων</span> 
     </span>
    </p>
   </div>
   <div class='ocr_carea' id='block_1_27' title="bbox 422 2345 2000 2437">
    <p class='ocr_par' dir='ltr' id='par_1_27' title="bbox 422 2345 2000 2437">
     <span class='ocr_line' id='line_1_27' title="bbox 422 2345 2000 2437; baseline 0.013 -38"><span class='ocrx_word' id='word_1_200' title='bbox 422 2345 503 2416; x_wconf 84' lang='grc' dir='ltr'>τῷ</span> <span class='ocrx_word' id='word_1_201' title='bbox 524 2351 782 2421; x_wconf 84' lang='grc' dir='ltr'>σχήματι.</span> <span class='ocrx_word' id='word_1_202' title='bbox 807 2354 897 2425; x_wconf 81' lang='grc' dir='ltr'><strong>Μὴ</strong></span> <span class='ocrx_word' id='word_1_203' title='bbox 928 2361 1460 2433; x_wconf 85' lang='grc' dir='ltr'>παρασιωπήσωμεν,</span> <span class='ocrx_word' id='word_1_204' title='bbox 1484 2362 1723 2433; x_wconf 71' lang='grc' dir='ltr'>ἀδελφοὶ,</span> <span class='ocrx_word' id='word_1_205' title='bbox 1754 2367 1887 2437; x_wconf 81' lang='grc' dir='ltr'>μηδὲ</span> <span class='ocrx_word' id='word_1_206' title='bbox 1909 2367 2000 2420; x_wconf 84' lang='grc' dir='ltr'>τὸν</span> 
     </span>
    </p>
   </div>
   <div class='ocr_carea' id='block_1_28' title="bbox 422 2438 2001 2528">
    <p class='ocr_par' dir='ltr' id='par_1_28' title="bbox 422 2438 2001 2528">
     <span class='ocr_line' id='line_1_28' title="bbox 422 2438 2001 2528; baseline 0.014 -38"><span class='ocrx_word' id='word_1_207' title='bbox 422 2438 737 2512; x_wconf 82' lang='grc' dir='ltr'>εὐσχήμονα</span> <span class='ocrx_word' id='word_1_208' title='bbox 779 2445 1069 2520; x_wconf 74' lang='grc' dir='ltr'>βουλευτὴν</span> <span class='ocrx_word' id='word_1_209' title='bbox 1114 2452 1352 2520; x_wconf 79' lang='grc' dir='ltr'>ἐκεῖνον,</span> <span class='ocrx_word' id='word_1_210' title='bbox 1398 2452 1490 2509; x_wconf 83' lang='grc' dir='ltr'>τὸν</span> <span class='ocrx_word' id='word_1_211' title='bbox 1527 2455 1634 2509; x_wconf 81' lang='grc' dir='ltr'><strong>ἀπὸ</strong></span> <span class='ocrx_word' id='word_1_212' title='bbox 1678 2456 2001 2528; x_wconf 84' lang='grc' dir='ltr'>Ἀριμαθίας</span> 
     </span>
    </p>
   </div>
   <div class='ocr_carea' id='block_1_29' title="bbox 436 2529 2003 2620">
    <p class='ocr_par' dir='ltr' id='par_1_29' title="bbox 436 2529 2003 2620">
     <span class='ocr_line' id='line_1_29' title="bbox 436 2529 2003 2620; baseline 0.013 -38"><span class='ocrx_word' id='word_1_213' title='bbox 436 2529 655 2603; x_wconf 82' lang='grc' dir='ltr'>Ἰωσὴφ,</span> <span class='ocrx_word' id='word_1_214' title='bbox 673 2533 731 2597; x_wconf 85' lang='grc' dir='ltr'><strong>δς</strong></span> <span class='ocrx_word' id='word_1_215' title='bbox 758 2535 928 2607; x_wconf 84' lang='grc' dir='ltr'>δῶρον</span> <span class='ocrx_word' id='word_1_216' title='bbox 957 2540 1017 2592; x_wconf 85' lang='grc' dir='ltr'>τὸ</span> <span class='ocrx_word' id='word_1_217' title='bbox 1044 2540 1309 2612; x_wconf 79' lang='grc' dir='ltr'>ἄχραντον</span> <span class='ocrx_word' id='word_1_218' title='bbox 1344 2545 1437 2598; x_wconf 78' lang='grc' dir='ltr'>καὶ</span> <span class='ocrx_word' id='word_1_219' title='bbox 1459 2545 1614 2615; x_wconf 84' lang='grc' dir='ltr'>ἆγιον</span> <span class='ocrx_word' id='word_1_220' title='bbox 1641 2548 1816 2600; x_wconf 79' lang='grc' dir='ltr'>ἐκεῖνο</span> <span class='ocrx_word' id='word_1_221' title='bbox 1846 2547 2003 2620; x_wconf 83' lang='grc' dir='ltr'>σῶμα</span> 
     </span>
    </p>
   </div>
   <div class='ocr_carea' id='block_1_30' title="bbox 422 2619 2005 2708">
    <p class='ocr_par' dir='ltr' id='par_1_30' title="bbox 422 2619 2005 2708">
     <span class='ocr_line' id='line_1_30' title="bbox 422 2619 2005 2708; baseline 0.012 -35"><span class='ocrx_word' id='word_1_222' title='bbox 422 2619 621 2690; x_wconf 76' lang='grc' dir='ltr'>λαϐὼν,</span> <span class='ocrx_word' id='word_1_223' title='bbox 656 2625 901 2698; x_wconf 83' lang='grc' dir='ltr'>καθαράν</span> <span class='ocrx_word' id='word_1_224' title='bbox 922 2633 1264 2704; x_wconf 81' lang='grc' dir='ltr'>περιτίθησιν</span> <span class='ocrx_word' id='word_1_225' title='bbox 1291 2636 1439 2708; x_wconf 86' lang='grc' dir='ltr'><strong>αὐτῷ</strong></span> <span class='ocrx_word' id='word_1_226' title='bbox 1463 2637 1692 2705; x_wconf 84' lang='grc' dir='ltr'>σινδόνα,</span> <span class='ocrx_word' id='word_1_227' title='bbox 1718 2639 1815 2692; x_wconf 76' lang='grc' dir='ltr'>καὶ</span> <span class='ocrx_word' id='word_1_228' title='bbox 1840 2639 2005 2694; x_wconf 87' lang='grc' dir='ltr'>καθα-</span> 
     </span>
    </p>
   </div>
   <div class='ocr_carea' id='block_1_31' title="bbox 426 2713 2002 2802">
    <p class='ocr_par' dir='ltr' id='par_1_31' title="bbox 426 2713 2002 2802">
     <span class='ocr_line' id='line_1_31' title="bbox 426 2713 2002 2802; baseline 0.01 -31"><span class='ocrx_word' id='word_1_229' title='bbox 426 2713 507 2802; x_wconf 80' lang='grc' dir='ltr'>ρῷ</span> <span class='ocrx_word' id='word_1_230' title='bbox 546 2720 799 2791; x_wconf 85' lang='grc' dir='ltr'>μνημείῳ</span> <span class='ocrx_word' id='word_1_231' title='bbox 827 2722 1221 2782; x_wconf 79' lang='grc' dir='ltr'>ἐναποτίθεται.</span> <span class='ocrx_word' id='word_1_232' title='bbox 1256 2729 1439 2799; x_wconf 85' lang='grc' dir='ltr'>Νόμος</span> <span class='ocrx_word' id='word_1_233' title='bbox 1473 2732 1605 2802; x_wconf 81' lang='grc' dir='ltr'>ἡμῖν</span> <span class='ocrx_word' id='word_1_234' title='bbox 1636 2730 1775 2785; x_wconf 69' lang='grc' dir='ltr'>ἔστω</span> <span class='ocrx_word' id='word_1_235' title='bbox 1817 2733 1879 2786; x_wconf 83' lang='grc' dir='ltr'>τὸ</span> <span class='ocrx_word' id='word_1_236' title='bbox 1909 2733 2002 2787; x_wconf 79' lang='grc' dir='ltr'><strong>τοῦ</strong></span> 
     </span>
    </p>
   </div>
   <div class='ocr_carea' id='block_1_32' title="bbox 423 2801 2065 2895">
    <p class='ocr_par' dir='ltr' id='par_1_32' title="bbox 423 2801 2065 2895">
     <span class='ocr_line' id='line_1_32' title="bbox 423 2801 2065 2895; baseline 0.017 -42"><span class='ocrx_word' id='word_1_237' title='bbox 423 2801 761 2895; x_wconf 76' lang='grc' dir='ltr'>εὐσχήμονος</span> <span class='ocrx_word' id='word_1_238' title='bbox 820 2809 1028 2865; x_wconf 80' lang='grc' dir='ltr'>ἐκείνου</span> <span class='ocrx_word' id='word_1_239' title='bbox 1061 2813 1348 2883; x_wconf 85' lang='grc' dir='ltr'>βουλευτοῦ</span> <span class='ocrx_word' id='word_1_240' title='bbox 1391 2818 1550 2891; x_wconf 80' lang='grc' dir='ltr'>ἔργον</span> <span class='ocrx_word' id='word_1_241' title='bbox 1589 2821 1684 2875; x_wconf 84' lang='grc' dir='ltr'><strong>τοῦ</strong></span> <span class='ocrx_word' id='word_1_242' title='bbox 1718 2823 1815 2877; x_wconf 78' lang='grc' dir='ltr'>καὶ</span> <span class='ocrx_word' id='word_1_243' title='bbox 1857 2825 2004 2895; x_wconf 79' lang='grc' dir='ltr'>ἡμᾶς</span> <span class='ocrx_word' id='word_1_244' title='bbox 2052 2824 2065 2838; x_wconf 88' lang='grc'><strong><em>“</em></strong></span> 
     </span>
    </p>
   </div>
   <div class='ocr_carea' id='block_1_33' title="bbox 423 2894 2003 2994">
    <p class='ocr_par' dir='ltr' id='par_1_33' title="bbox 423 2894 2003 2994">
     <span class='ocr_line' id='line_1_33' title="bbox 423 2894 2003 2994; baseline 0.015 -49"><span class='ocrx_word' id='word_1_245' title='bbox 423 2894 626 2994; x_wconf 59' lang='grc' dir='ltr'>ὁμοίως</span> <span class='ocrx_word' id='word_1_246' title='bbox 659 2897 1036 2968; x_wconf 76' lang='grc' dir='ltr'>βουλεύεσθαι,</span> <span class='ocrx_word' id='word_1_247' title='bbox 1087 2907 1215 2962; x_wconf 83' lang='grc' dir='ltr'>ὅταν</span> <span class='ocrx_word' id='word_1_248' title='bbox 1243 2909 1512 2994; x_wconf 43' lang='grc' dir='ltr'>λάϐωμεν.</span> <span class='ocrx_word' id='word_1_249' title='bbox 1531 2914 1705 2967; x_wconf 79' lang='grc' dir='ltr'>έκεῖνο</span> <span class='ocrx_word' id='word_1_250' title='bbox 1737 2914 1798 2968; x_wconf 80' lang='grc' dir='ltr'>τὸ</span> <span class='ocrx_word' id='word_1_251' title='bbox 1832 2915 2003 2988; x_wconf 82' lang='grc' dir='ltr'>δῶρον</span> 
     </span>
    </p>
   </div>
   <div class='ocr_carea' id='block_1_34' title="bbox 2097 470 3666 534">
    <p class='ocr_par' dir='ltr' id='par_1_34' title="bbox 2097 470 3666 534">
     <span class='ocr_line' id='line_1_34' title="bbox 2097 470 3666 534; baseline 0.011 -16"><span class='ocrx_word' id='word_1_252' title='bbox 2097 482 2201 519; x_wconf 86' lang='lat' dir='ltr'><strong>non</strong></span> <span class='ocrx_word' id='word_1_253' title='bbox 2225 470 2461 534; x_wconf 78' lang='lat' dir='ltr'><strong>prwterit</strong></span> <span class='ocrx_word' id='word_1_254' title='bbox 2490 471 2556 526; x_wconf 83' lang='grc'><strong>⁸⁷.</strong></span> <span class='ocrx_word' id='word_1_255' title='bbox 2592 471 2758 527; x_wconf 80' lang='lat' dir='ltr'><strong>Linea</strong></span> <span class='ocrx_word' id='word_1_256' title='bbox 2790 482 2939 527; x_wconf 89' lang='lat' dir='ltr'><strong>recta</strong></span> <span class='ocrx_word' id='word_1_257' title='bbox 2975 490 3007 529; x_wconf 92' lang='lat' dir='ltr'><strong>e</strong></span> <span class='ocrx_word' id='word_1_258' title='bbox 3036 476 3263 531; x_wconf 84' lang='lat' dir='ltr'><strong>sublimi</strong></span> <span class='ocrx_word' id='word_1_259' title='bbox 3283 477 3337 531; x_wconf 89' lang='lat' dir='ltr'><strong>in</strong></span> <span class='ocrx_word' id='word_1_260' title='bbox 3371 478 3539 532; x_wconf 89' lang='lat' dir='ltr'><strong>imum</strong></span> <span class='ocrx_word' id='word_1_261' title='bbox 3571 480 3666 534; x_wconf 86' lang='lat' dir='ltr'><strong>de—</strong></span> 
     </span>
    </p>
   </div>
   <div class='ocr_carea' id='block_1_35' title="bbox 2096 555 3666 634">
    <p class='ocr_par' dir='ltr' id='par_1_35' title="bbox 2096 555 3666 634">
     <span class='ocr_line' id='line_1_35' title="bbox 2096 555 3666 634; baseline 0.008 -24"><span class='ocrx_word' id='word_1_262' title='bbox 2096 555 2367 612; x_wconf 78' lang='lat' dir='ltr'><strong>scendens</strong></span> <span class='ocrx_word' id='word_1_263' title='bbox 2399 557 2510 613; x_wconf 91' lang='lat' dir='ltr'><strong>iota</strong></span> <span class='ocrx_word' id='word_1_264' title='bbox 2560 559 2784 615; x_wconf 88' lang='lat' dir='ltr'><strong>dicitur.</strong></span> <span class='ocrx_word' id='word_1_265' title='bbox 2841 562 3075 634; x_wconf 88' lang='lat' dir='ltr'><strong>Oblique</strong></span> <span class='ocrx_word' id='word_1_266' title='bbox 3133 573 3312 621; x_wconf 90' lang='lat' dir='ltr'><strong>autem</strong></span> <span class='ocrx_word' id='word_1_267' title='bbox 3376 566 3444 621; x_wconf 86' lang='lat' dir='ltr'><strong>ad</strong></span> <span class='ocrx_word' id='word_1_268' title='bbox 3495 568 3666 624; x_wconf 88' lang='lat' dir='ltr'><strong>latera</strong></span> 
     </span>
    </p>
   </div>
   <div class='ocr_carea' id='block_1_36' title="bbox 2098 646 3666 728">
    <p class='ocr_par' dir='ltr' id='par_1_36' title="bbox 2098 646 3666 728">
     <span class='ocr_line' id='line_1_36' title="bbox 2098 646 3666 728; baseline 0.008 -30"><span class='ocrx_word' id='word_1_269' title='bbox 2098 646 2414 718; x_wconf 73' lang='lat' dir='ltr'><strong>pertingens</strong></span> <span class='ocrx_word' id='word_1_270' title='bbox 2444 664 2582 719; x_wconf 79' lang='lat' dir='ltr'><strong>apex</strong></span> <span class='ocrx_word' id='word_1_271' title='bbox 2609 653 2947 715; x_wconf 86' lang='lat' dir='ltr'><strong>nominatur,</strong></span> <span class='ocrx_word' id='word_1_272' title='bbox 3009 655 3063 709; x_wconf 87' lang='lat' dir='ltr'><strong>id</strong></span> <span class='ocrx_word' id='word_1_273' title='bbox 3091 658 3235 726; x_wconf 90' lang='lat' dir='ltr'><strong>quod</strong></span> <span class='ocrx_word' id='word_1_274' title='bbox 3270 658 3338 712; x_wconf 91' lang='lat' dir='ltr'><strong>ab</strong></span> <span class='ocrx_word' id='word_1_275' title='bbox 3389 657 3525 728; x_wconf 84' lang='lat' dir='ltr'><strong>ipsis</strong></span> <span class='ocrx_word' id='word_1_276' title='bbox 3575 673 3666 712; x_wconf 87' lang='lat' dir='ltr'><strong>na-</strong></span> 
     </span>
    </p>
   </div>
   <div class='ocr_carea' id='block_1_37' title="bbox 2100 734 3667 815">
    <p class='ocr_par' dir='ltr' id='par_1_37' title="bbox 2100 734 3667 815">
     <span class='ocr_line' id='line_1_37' title="bbox 2100 734 3667 815; baseline 0.009 -26"><span class='ocrx_word' id='word_1_277' title='bbox 2100 734 2408 805; x_wconf 85' lang='lat' dir='ltr'><strong>vigantibus</strong></span> <span class='ocrx_word' id='word_1_278' title='bbox 2438 736 2565 793; x_wconf 88' lang='lat' dir='ltr'><strong>licet</strong></span> <span class='ocrx_word' id='word_1_279' title='bbox 2595 739 2830 804; x_wconf 88' lang='lat' dir='ltr'><strong>discere,</strong></span> <span class='ocrx_word' id='word_1_280' title='bbox 2866 743 2959 811; x_wconf 81' lang='lat' dir='ltr'><strong>qui</strong></span> <span class='ocrx_word' id='word_1_281' title='bbox 2995 744 3201 815; x_wconf 89' lang='lat' dir='ltr'><strong>lignum</strong></span> <span class='ocrx_word' id='word_1_282' title='bbox 3230 747 3364 801; x_wconf 90' lang='lat' dir='ltr'><strong>illud</strong></span> <span class='ocrx_word' id='word_1_283' title='bbox 3389 754 3667 802; x_wconf 86' lang='lat' dir='ltr'><strong>transver-</strong></span> 
     </span>
    </p>
   </div>
   <div class='ocr_carea' id='block_1_38' title="bbox 2097 827 3666 906">
    <p class='ocr_par' dir='ltr' id='par_1_38' title="bbox 2097 827 3666 906">
     <span class='ocr_line' id='line_1_38' title="bbox 2097 827 3666 906; baseline 0.006 -23"><span class='ocrx_word' id='word_1_284' title='bbox 2097 841 2219 883; x_wconf 91' lang='lat' dir='ltr'><strong>sum</strong></span> <span class='ocrx_word' id='word_1_285' title='bbox 2248 827 2391 882; x_wconf 89' lang='lat' dir='ltr'><strong>malo</strong></span> <span class='ocrx_word' id='word_1_286' title='bbox 2417 827 2695 897; x_wconf 87' lang='lat' dir='ltr'><strong>adjacens,</strong></span> <span class='ocrx_word' id='word_1_287' title='bbox 2748 832 2835 885; x_wconf 92' lang='lat' dir='ltr'><strong>cui</strong></span> <span class='ocrx_word' id='word_1_288' title='bbox 2894 833 3009 888; x_wconf 83' lang='lat' dir='ltr'><strong>vela</strong></span> <span class='ocrx_word' id='word_1_289' title='bbox 3067 836 3427 906; x_wconf 88' lang='lat' dir='ltr'><strong>suspendunt,</strong></span> <span class='ocrx_word' id='word_1_290' title='bbox 3479 837 3666 894; x_wconf 72' lang='lat' dir='ltr'><strong>Graece</strong></span> 
     </span>
    </p>
   </div>
   <div class='ocr_carea' id='block_1_39' title="bbox 2096 917 3662 999">
    <p class='ocr_par' dir='ltr' id='par_1_39' title="bbox 2096 917 3662 999">
     <span class='ocr_line' id='line_1_39' title="bbox 2096 917 3662 999; baseline 0.008 -27"><span class='ocrx_word' id='word_1_291' title='bbox 2096 917 2288 972; x_wconf 85' lang='lat' dir='ltr'><strong>eodem</strong></span> <span class='ocrx_word' id='word_1_292' title='bbox 2327 920 2549 975; x_wconf 84' lang='lat' dir='ltr'><strong>nomine</strong></span> <span class='ocrx_word' id='word_1_293' title='bbox 2594 936 2703 993; x_wconf 89' lang='lat' dir='ltr'><strong>quo</strong></span> <span class='ocrx_word' id='word_1_294' title='bbox 2741 923 2952 992; x_wconf 77' lang='lat' dir='ltr'><strong>apicem</strong></span> <span class='ocrx_word' id='word_1_295' title='bbox 2997 926 3302 994; x_wconf 86' lang='lat' dir='ltr'><strong>nominant,</strong></span> <span class='ocrx_word' id='word_1_296' title='bbox 3337 943 3531 999; x_wconf 88' lang='lat' dir='ltr'><strong>nempe</strong></span> <span class='ocrx_word' id='word_1_297' title='bbox 3570 943 3662 984; x_wconf 89' lang='lat' dir='ltr'><strong>ce-</strong></span> 
     </span>
    </p>
   </div>
   <div class='ocr_carea' id='block_1_40' title="bbox 2096 1008 3665 1089">
    <p class='ocr_par' dir='ltr' id='par_1_40' title="bbox 2096 1008 3665 1089">
     <span class='ocr_line' id='line_1_40' title="bbox 2096 1008 3665 1089; baseline 0.008 -26"><span class='ocrx_word' id='word_1_298' title='bbox 2096 1023 2282 1064; x_wconf 74' lang='lat' dir='ltr'><strong>neam.</strong></span> <span class='ocrx_word' id='word_1_299' title='bbox 2309 1008 2670 1076; x_wconf 84' lang='lat' dir='ltr'><strong>Quamobrem</strong></span> <span class='ocrx_word' id='word_1_300' title='bbox 2697 1014 2879 1069; x_wconf 87' lang='lat' dir='ltr'><strong>divina</strong></span> <span class='ocrx_word' id='word_1_301' title='bbox 2904 1017 3021 1070; x_wconf 75' lang='lat' dir='ltr'><strong>haec</strong></span> <span class='ocrx_word' id='word_1_302' title='bbox 3044 1009 3322 1089; x_wconf 86' lang='lat' dir='ltr'><strong>Evangelii</strong></span> <span class='ocrx_word' id='word_1_303' title='bbox 3347 1021 3508 1076; x_wconf 87' lang='lat' dir='ltr'><strong>verba</strong></span> <span class='ocrx_word' id='word_1_304' title='bbox 3528 1020 3665 1075; x_wconf 85' lang='lat' dir='ltr'><strong>mibi</strong></span> 
     </span>
    </p>
   </div>
   <div class='ocr_carea' id='block_1_41' title="bbox 2097 1101 3664 1182">
    <p class='ocr_par' dir='ltr' id='par_1_41' title="bbox 2097 1101 3664 1182">
     <span class='ocr_line' id='line_1_41' title="bbox 2097 1101 3664 1182; baseline 0.008 -26"><span class='ocrx_word' id='word_1_305' title='bbox 2097 1101 2352 1157; x_wconf 85' lang='lat' dir='ltr'><strong>videntur</strong></span> <span class='ocrx_word' id='word_1_306' title='bbox 2381 1104 2435 1157; x_wconf 93' lang='lat' dir='ltr'><strong>in</strong></span> <span class='ocrx_word' id='word_1_307' title='bbox 2464 1106 2646 1161; x_wconf 89' lang='lat' dir='ltr'><strong>crucis</strong></span> <span class='ocrx_word' id='word_1_308' title='bbox 2673 1105 2844 1176; x_wconf 85' lang='lat' dir='ltr'><strong>ligura</strong></span> <span class='ocrx_word' id='word_1_309' title='bbox 2870 1115 3129 1177; x_wconf 86' lang='lat' dir='ltr'><strong>tanquam</strong></span> <span class='ocrx_word' id='word_1_310' title='bbox 3160 1111 3444 1179; x_wconf 69' lang='lat' dir='ltr'><strong>aanigmate</strong></span> <span class='ocrx_word' id='word_1_311' title='bbox 3466 1121 3521 1167; x_wconf 92' lang='lat' dir='ltr'><strong>et</strong></span> <span class='ocrx_word' id='word_1_312' title='bbox 3537 1127 3664 1182; x_wconf 89' lang='lat' dir='ltr'><strong>spe-</strong></span> 
     </span>
    </p>
   </div>
   <div class='ocr_carea' id='block_1_42' title="bbox 2097 1193 3665 1270">
    <p class='ocr_par' dir='ltr' id='par_1_42' title="bbox 2097 1193 3665 1270">
     <span class='ocr_line' id='line_1_42' title="bbox 2097 1193 3665 1270; baseline 0.007 -23"><span class='ocrx_word' id='word_1_313' title='bbox 2097 1193 2222 1250; x_wconf 89' lang='lat' dir='ltr'><strong>culo</strong></span> <span class='ocrx_word' id='word_1_314' title='bbox 2256 1193 2494 1265; x_wconf 88' lang='lat' dir='ltr'><strong>quodam</strong></span> <span class='ocrx_word' id='word_1_315' title='bbox 2529 1194 2661 1252; x_wconf 92' lang='lat' dir='ltr'><strong>illud</strong></span> <span class='ocrx_word' id='word_1_316' title='bbox 2699 1198 3012 1264; x_wconf 87' lang='lat' dir='ltr'><strong>ostendere,</strong></span> <span class='ocrx_word' id='word_1_317' title='bbox 3051 1199 3107 1253; x_wconf 90' lang='lat' dir='ltr'><strong>in</strong></span> <span class='ocrx_word' id='word_1_318' title='bbox 3137 1215 3248 1270; x_wconf 90' lang='lat' dir='ltr'><strong>quo</strong></span> <span class='ocrx_word' id='word_1_319' title='bbox 3293 1203 3478 1256; x_wconf 88' lang='lat' dir='ltr'><strong>omnia</strong></span> <span class='ocrx_word' id='word_1_320' title='bbox 3527 1218 3665 1258; x_wconf 86' lang='lat' dir='ltr'><strong>con--</strong></span> 
     </span>
    </p>
   </div>
   <div class='ocr_carea' id='block_1_43' title="bbox 2097 1283 3664 1356">
    <p class='ocr_par' dir='ltr' id='par_1_43' title="bbox 2097 1283 3664 1356">
     <span class='ocr_line' id='line_1_43' title="bbox 2097 1283 3664 1356; baseline 0.003 -18"><span class='ocrx_word' id='word_1_321' title='bbox 2097 1284 2377 1350; x_wconf 86' lang='lat' dir='ltr'><strong>stiterunt,</strong></span> <span class='ocrx_word' id='word_1_322' title='bbox 2409 1283 2552 1354; x_wconf 91' lang='lat' dir='ltr'><strong>quod</strong></span> <span class='ocrx_word' id='word_1_323' title='bbox 2593 1285 2872 1348; x_wconf 87' lang='lat' dir='ltr'><strong>omnibus,</strong></span> <span class='ocrx_word' id='word_1_324' title='bbox 2903 1301 3027 1356; x_wconf 73' lang='lat' dir='ltr'><strong>qua:</strong></span> <span class='ocrx_word' id='word_1_325' title='bbox 3063 1286 3117 1340; x_wconf 87' lang='lat' dir='ltr'><strong>in</strong></span> <span class='ocrx_word' id='word_1_326' title='bbox 3148 1287 3267 1356; x_wconf 89' lang='lat' dir='ltr'><strong>ipso</strong></span> <span class='ocrx_word' id='word_1_327' title='bbox 3291 1291 3664 1355; x_wconf 83' lang='lat' dir='ltr'><strong>continentur,</strong></span> 
     </span>
    </p>
   </div>
   <div class='ocr_carea' id='block_1_44' title="bbox 2098 1374 3666 1448">
    <p class='ocr_par' dir='ltr' id='par_1_44' title="bbox 2098 1374 3666 1448">
     <span class='ocr_line' id='line_1_44' title="bbox 2098 1374 3666 1448; baseline 0.003 -18"><span class='ocrx_word' id='word_1_328' title='bbox 2098 1374 2354 1430; x_wconf 79' lang='lat' dir='ltr'><strong>stabilius</strong></span> <span class='ocrx_word' id='word_1_329' title='bbox 2380 1385 2480 1439; x_wconf 86' lang='lat' dir='ltr'><strong>est,</strong></span> <span class='ocrx_word' id='word_1_330' title='bbox 2514 1384 2677 1446; x_wconf 87' lang='lat' dir='ltr'><strong>atque</strong></span> <span class='ocrx_word' id='word_1_331' title='bbox 2719 1387 3018 1441; x_wconf 83' lang='lat' dir='ltr'><strong>aeternum,</strong></span> <span class='ocrx_word' id='word_1_332' title='bbox 3053 1378 3214 1448; x_wconf 86' lang='lat' dir='ltr'><strong>cujus</strong></span> <span class='ocrx_word' id='word_1_333' title='bbox 3252 1383 3493 1448; x_wconf 88' lang='lat' dir='ltr'><strong>potentia</strong></span> <span class='ocrx_word' id='word_1_334' title='bbox 3529 1396 3666 1435; x_wconf 86' lang='lat' dir='ltr'><strong>cun-</strong></span> 
     </span>
    </p>
   </div>
   <div class='ocr_carea' id='block_1_45' title="bbox 2098 1465 3666 1539">
    <p class='ocr_par' dir='ltr' id='par_1_45' title="bbox 2098 1465 3666 1539">
     <span class='ocr_line' id='line_1_45' title="bbox 2098 1465 3666 1539; baseline 0.003 -20"><span class='ocrx_word' id='word_1_335' title='bbox 2098 1472 2185 1519; x_wconf 88' lang='lat' dir='ltr'><strong>cta</strong></span> <span class='ocrx_word' id='word_1_336' title='bbox 2217 1466 2552 1521; x_wconf 82' lang='lat' dir='ltr'><strong>moderatur.</strong></span> <span class='ocrx_word' id='word_1_337' title='bbox 2581 1465 2816 1523; x_wconf 77' lang='lat' dir='ltr'><strong>Proinde</strong></span> <span class='ocrx_word' id='word_1_338' title='bbox 2841 1467 3104 1525; x_wconf 87' lang='lat' dir='ltr'><strong>Dominus</strong></span> <span class='ocrx_word' id='word_1_339' title='bbox 3129 1469 3225 1535; x_wconf 85' lang='lat' dir='ltr'><strong>ait,</strong></span> <span class='ocrx_word' id='word_1_340' title='bbox 3275 1477 3526 1539; x_wconf 84' lang='lat' dir='ltr'><strong>oportere</strong></span> <span class='ocrx_word' id='word_1_341' title='bbox 3576 1469 3666 1524; x_wconf 83' lang='lat' dir='ltr'><strong>Fi-</strong></span> 
     </span>
    </p>
   </div>
   <div class='ocr_carea' id='block_1_46' title="bbox 2097 1554 3660 1629">
    <p class='ocr_par' dir='ltr' id='par_1_46' title="bbox 2097 1554 3660 1629">
     <span class='ocr_line' id='line_1_46' title="bbox 2097 1554 3660 1629; baseline 0.001 -19"><span class='ocrx_word' id='word_1_342' title='bbox 2097 1554 2229 1610; x_wconf 88' lang='lat' dir='ltr'><strong>lium</strong></span> <span class='ocrx_word' id='word_1_343' title='bbox 2263 1556 2520 1622; x_wconf 87' lang='lat' dir='ltr'><strong>hominis,</strong></span> <span class='ocrx_word' id='word_1_344' title='bbox 2559 1572 2670 1611; x_wconf 90' lang='lat' dir='ltr'><strong>non</strong></span> <span class='ocrx_word' id='word_1_345' title='bbox 2704 1558 3023 1628; x_wconf 85' lang='lat' dir='ltr'><strong>simpliciter</strong></span> <span class='ocrx_word' id='word_1_346' title='bbox 3050 1561 3212 1624; x_wconf 87' lang='lat' dir='ltr'><strong>mori,</strong></span> <span class='ocrx_word' id='word_1_347' title='bbox 3243 1560 3340 1616; x_wconf 88' lang='lat' dir='ltr'><strong>sed</strong></span> <span class='ocrx_word' id='word_1_348' title='bbox 3390 1559 3660 1629; x_wconf 81' lang='lat' dir='ltr'><strong>cruciﬁgi,</strong></span> 
     </span>
    </p>
   </div>
   <div class='ocr_carea' id='block_1_47' title="bbox 2100 1644 3668 1717">
    <p class='ocr_par' dir='ltr' id='par_1_47' title="bbox 2100 1644 3668 1717">
     <span class='ocr_line' id='line_1_47' title="bbox 2100 1644 3668 1717; baseline 0 -16"><span class='ocrx_word' id='word_1_349' title='bbox 2100 1655 2158 1701; x_wconf 94' lang='lat' dir='ltr'><strong>ut</strong></span> <span class='ocrx_word' id='word_1_350' title='bbox 2174 1662 2308 1701; x_wconf 81' lang='lat' dir='ltr'><strong>crux</strong></span> <span class='ocrx_word' id='word_1_351' title='bbox 2327 1644 2493 1701; x_wconf 89' lang='lat' dir='ltr'><strong>Deum</strong></span> <span class='ocrx_word' id='word_1_352' title='bbox 2513 1654 2731 1716; x_wconf 77' lang='lat' dir='ltr'><strong>gestans</strong></span> <span class='ocrx_word' id='word_1_353' title='bbox 2759 1646 3090 1703; x_wconf 86' lang='lat' dir='ltr'><strong>adversariis</strong></span> <span class='ocrx_word' id='word_1_354' title='bbox 3104 1648 3538 1717; x_wconf 87' lang='lat' dir='ltr'><strong>omnipotentem</strong></span> <span class='ocrx_word' id='word_1_355' title='bbox 3562 1646 3668 1701; x_wconf 87' lang='lat' dir='ltr'><strong>illi-</strong></span> 
     </span>
    </p>
   </div>
   <div class='ocr_carea' id='block_1_48' title="bbox 2101 1738 3665 1810">
    <p class='ocr_par' dir='ltr' id='par_1_48' title="bbox 2101 1738 3665 1810">
     <span class='ocr_line' id='line_1_48' title="bbox 2101 1738 3665 1810; baseline -0.001 -16"><span class='ocrx_word' id='word_1_356' title='bbox 2101 1740 2285 1810; x_wconf 84' lang='lat' dir='ltr'><strong>us,qui</strong></span> <span class='ocrx_word' id='word_1_357' title='bbox 2315 1740 2371 1794; x_wconf 92' lang='lat' dir='ltr'><strong>in</strong></span> <span class='ocrx_word' id='word_1_358' title='bbox 2390 1739 2506 1810; x_wconf 89' lang='lat' dir='ltr'><strong>ipsa</strong></span> <span class='ocrx_word' id='word_1_359' title='bbox 2524 1741 2805 1809; x_wconf 85' lang='lat' dir='ltr'><strong>penderet,</strong></span> <span class='ocrx_word' id='word_1_360' title='bbox 2823 1739 2953 1804; x_wconf 85' lang='lat' dir='ltr'><strong>vim,</strong></span> <span class='ocrx_word' id='word_1_361' title='bbox 2974 1740 3180 1810; x_wconf 89' lang='lat' dir='ltr'><strong>quique</strong></span> <span class='ocrx_word' id='word_1_362' title='bbox 3195 1740 3378 1794; x_wconf 81' lang='lat' dir='ltr'><strong>omnia</strong></span> <span class='ocrx_word' id='word_1_363' title='bbox 3413 1740 3468 1794; x_wconf 92' lang='lat' dir='ltr'><strong>in</strong></span> <span class='ocrx_word' id='word_1_364' title='bbox 3484 1738 3665 1794; x_wconf 80' lang='lat' dir='ltr'><strong>omni-</strong></span> 
     </span>
    </p>
   </div>
   <div class='ocr_carea' id='block_1_49' title="bbox 2098 1829 3669 1900">
    <p class='ocr_par' dir='ltr' id='par_1_49' title="bbox 2098 1829 3669 1900">
     <span class='ocr_line' id='line_1_49' title="bbox 2098 1829 3669 1900; baseline -0.003 -13"><span class='ocrx_word' id='word_1_365' title='bbox 2098 1831 2202 1887; x_wconf 90' lang='lat' dir='ltr'><strong>bus</strong></span> <span class='ocrx_word' id='word_1_366' title='bbox 2222 1837 2306 1885; x_wconf 88' lang='lat' dir='ltr'><strong>est</strong></span> <span class='ocrx_word' id='word_1_367' title='bbox 2331 1830 2399 1893; x_wconf 80' lang='grc'><strong>⁸³,</strong></span> <span class='ocrx_word' id='word_1_368' title='bbox 2423 1829 2592 1900; x_wconf 81' lang='lat' dir='ltr'><strong>ﬁgura</strong></span> <span class='ocrx_word' id='word_1_369' title='bbox 2609 1845 2709 1885; x_wconf 89' lang='lat' dir='ltr'><strong>sua</strong></span> <span class='ocrx_word' id='word_1_370' title='bbox 2742 1829 3088 1900; x_wconf 80' lang='lat' dir='ltr'><strong>patelaceret.</strong></span> <span class='ocrx_word' id='word_1_371' title='bbox 3106 1829 3315 1886; x_wconf 83' lang='lat' dir='ltr'><strong>Nobilis</strong></span> <span class='ocrx_word' id='word_1_372' title='bbox 3340 1830 3428 1885; x_wconf 91' lang='lat' dir='ltr'><strong>ille</strong></span> <span class='ocrx_word' id='word_1_373' title='bbox 3447 1841 3669 1886; x_wconf 82' lang='lat' dir='ltr'><strong>senator</strong></span> 
     </span>
    </p>
   </div>
   <div class='ocr_carea' id='block_1_50' title="bbox 2097 1918 3668 1990">
    <p class='ocr_par' dir='ltr' id='par_1_50' title="bbox 2097 1918 3668 1990">
     <span class='ocr_line' id='line_1_50' title="bbox 2097 1918 3668 1990; baseline -0.002 -16"><span class='ocrx_word' id='word_1_374' title='bbox 2097 1918 2321 1990; x_wconf 86' lang='lat' dir='ltr'><strong>Joseph,</strong></span> <span class='ocrx_word' id='word_1_375' title='bbox 2362 1918 2579 1980; x_wconf 82' lang='lat' dir='ltr'><strong>fratres.</strong></span> <span class='ocrx_word' id='word_1_376' title='bbox 2617 1920 2686 1973; x_wconf 90' lang='lat' dir='ltr'><strong>ab</strong></span> <span class='ocrx_word' id='word_1_377' title='bbox 2717 1920 3047 1974; x_wconf 77' lang='lat' dir='ltr'><strong>Arimatluea</strong></span> <span class='ocrx_word' id='word_1_378' title='bbox 3076 1934 3186 1974; x_wconf 89' lang='lat' dir='ltr'><strong>non</strong></span> <span class='ocrx_word' id='word_1_379' title='bbox 3215 1927 3299 1976; x_wconf 84' lang='lat' dir='ltr'><strong>est</strong></span> <span class='ocrx_word' id='word_1_380' title='bbox 3323 1919 3668 1974; x_wconf 85' lang='lat' dir='ltr'><strong>nobissilen-</strong></span> 
     </span>
    </p>
   </div>
   <div class='ocr_carea' id='block_1_51' title="bbox 2100 2011 3671 2082">
    <p class='ocr_par' dir='ltr' id='par_1_51' title="bbox 2100 2011 3671 2082">
     <span class='ocr_line' id='line_1_51' title="bbox 2100 2011 3671 2082; baseline -0.001 -15"><span class='ocrx_word' id='word_1_381' title='bbox 2100 2013 2178 2067; x_wconf 92' lang='lat' dir='ltr'><strong>tio</strong></span> <span class='ocrx_word' id='word_1_382' title='bbox 2217 2011 2646 2082; x_wconf 58' lang='lat' dir='ltr'><strong>praetereundus,</strong></span> <span class='ocrx_word' id='word_1_383' title='bbox 2700 2011 2945 2080; x_wconf 90' lang='lat' dir='ltr'><strong>quicum</strong></span> <span class='ocrx_word' id='word_1_384' title='bbox 2982 2012 3317 2067; x_wconf 79' lang='lat' dir='ltr'><strong>immaculati</strong></span> <span class='ocrx_word' id='word_1_385' title='bbox 3382 2012 3671 2081; x_wconf 83' lang='lat' dir='ltr'><strong>sanctique</strong></span> 
     </span>
    </p>
   </div>
   <div class='ocr_carea' id='block_1_52' title="bbox 2098 2102 3670 2175">
    <p class='ocr_par' dir='ltr' id='par_1_52' title="bbox 2098 2102 3670 2175">
     <span class='ocr_line' id='line_1_52' title="bbox 2098 2102 3670 2175; baseline -0.003 -14"><span class='ocrx_word' id='word_1_386' title='bbox 2098 2106 2245 2161; x_wconf 87' lang='lat' dir='ltr'><strong>illius</strong></span> <span class='ocrx_word' id='word_1_387' title='bbox 2273 2104 2524 2175; x_wconf 86' lang='lat' dir='ltr'><strong>corporis</strong></span> <span class='ocrx_word' id='word_1_388' title='bbox 2554 2118 2755 2159; x_wconf 90' lang='lat' dir='ltr'><strong>munus</strong></span> <span class='ocrx_word' id='word_1_389' title='bbox 2801 2104 3128 2171; x_wconf 85' lang='lat' dir='ltr'><strong>accepisset,</strong></span> <span class='ocrx_word' id='word_1_390' title='bbox 3163 2103 3398 2159; x_wconf 87' lang='lat' dir='ltr'><strong>sindone</strong></span> <span class='ocrx_word' id='word_1_391' title='bbox 3462 2102 3670 2157; x_wconf 89' lang='lat' dir='ltr'><strong>mundo</strong></span> 
     </span>
    </p>
   </div>
   <div class='ocr_carea' id='block_1_53' title="bbox 2100 2193 3670 2263">
    <p class='ocr_par' dir='ltr' id='par_1_53' title="bbox 2100 2193 3670 2263">
     <span class='ocr_line' id='line_1_53' title="bbox 2100 2193 3670 2263; baseline 0 -16"><span class='ocrx_word' id='word_1_392' title='bbox 2100 2194 2232 2248; x_wconf 90' lang='lat' dir='ltr'><strong>illud</strong></span> <span class='ocrx_word' id='word_1_393' title='bbox 2259 2194 2509 2255; x_wconf 86' lang='lat' dir='ltr'><strong>involvit,</strong></span> <span class='ocrx_word' id='word_1_394' title='bbox 2544 2203 2598 2247; x_wconf 92' lang='lat' dir='ltr'><strong>et</strong></span> <span class='ocrx_word' id='word_1_395' title='bbox 2632 2193 2687 2246; x_wconf 90' lang='lat' dir='ltr'><strong>in</strong></span> <span class='ocrx_word' id='word_1_396' title='bbox 2721 2201 3076 2247; x_wconf 80' lang='lat' dir='ltr'><strong>monumento</strong></span> <span class='ocrx_word' id='word_1_397' title='bbox 3104 2207 3261 2247; x_wconf 67' lang='lat' dir='ltr'><strong>novo</strong></span> <span class='ocrx_word' id='word_1_398' title='bbox 3281 2209 3345 2247; x_wconf 88' lang='lat' dir='ltr'><strong>ac</strong></span> <span class='ocrx_word' id='word_1_399' title='bbox 3390 2209 3527 2263; x_wconf 87' lang='lat' dir='ltr'><strong>puro</strong></span> <span class='ocrx_word' id='word_1_400' title='bbox 3552 2193 3670 2248; x_wconf 87' lang='lat' dir='ltr'><strong>col-</strong></span> 
     </span>
    </p>
   </div>
   <div class='ocr_carea' id='block_1_54' title="bbox 2100 2281 3667 2354">
    <p class='ocr_par' dir='ltr' id='par_1_54' title="bbox 2100 2281 3667 2354">
     <span class='ocr_line' id='line_1_54' title="bbox 2100 2281 3667 2354; baseline -0.002 -15"><span class='ocrx_word' id='word_1_401' title='bbox 2100 2285 2316 2339; x_wconf 85' lang='lat' dir='ltr'><strong>locavit.</strong></span> <span class='ocrx_word' id='word_1_402' title='bbox 2361 2281 2516 2348; x_wconf 87' lang='lat' dir='ltr'><strong>Quod</strong></span> <span class='ocrx_word' id='word_1_403' title='bbox 2556 2283 2624 2337; x_wconf 88' lang='lat' dir='ltr'><strong>ab</strong></span> <span class='ocrx_word' id='word_1_404' title='bbox 2653 2282 2882 2338; x_wconf 85' lang='lat' dir='ltr'><strong>honesto</strong></span> <span class='ocrx_word' id='word_1_405' title='bbox 2915 2284 3018 2338; x_wconf 82' lang='lat' dir='ltr'><strong>hoc</strong></span> <span class='ocrx_word' id='word_1_406' title='bbox 3034 2292 3285 2339; x_wconf 83' lang='lat' dir='ltr'><strong>senatore</strong></span> <span class='ocrx_word' id='word_1_407' title='bbox 3305 2291 3516 2354; x_wconf 86' lang='lat' dir='ltr'><strong>gestum</strong></span> <span class='ocrx_word' id='word_1_408' title='bbox 3561 2290 3667 2347; x_wconf 84' lang='lat' dir='ltr'><strong>est,</strong></span> 
     </span>
    </p>
   </div>
   <div class='ocr_carea' id='block_1_55' title="bbox 2099 2371 3670 2441">
    <p class='ocr_par' dir='ltr' id='par_1_55' title="bbox 2099 2371 3670 2441">
     <span class='ocr_line' id='line_1_55' title="bbox 2099 2371 3670 2441; baseline -0.003 -13"><span class='ocrx_word' id='word_1_409' title='bbox 2099 2373 2259 2428; x_wconf 88' lang='lat' dir='ltr'><strong>nobis</strong></span> <span class='ocrx_word' id='word_1_410' title='bbox 2281 2372 2351 2428; x_wconf 82' lang='lat' dir='ltr'><strong>sit</strong></span> <span class='ocrx_word' id='word_1_411' title='bbox 2391 2378 2651 2441; x_wconf 86' lang='lat' dir='ltr'><strong>tanquam</strong></span> <span class='ocrx_word' id='word_1_412' title='bbox 2682 2371 2791 2435; x_wconf 82' lang='lat' dir='ltr'><strong>lex,</strong></span> <span class='ocrx_word' id='word_1_413' title='bbox 2821 2380 2877 2425; x_wconf 91' lang='lat' dir='ltr'><strong>ut</strong></span> <span class='ocrx_word' id='word_1_414' title='bbox 2921 2371 3061 2426; x_wconf 89' lang='lat' dir='ltr'><strong>idem</strong></span> <span class='ocrx_word' id='word_1_415' title='bbox 3111 2385 3210 2426; x_wconf 87' lang='lat' dir='ltr'><strong>nos</strong></span> <span class='ocrx_word' id='word_1_416' title='bbox 3256 2385 3473 2439; x_wconf 81' lang='lat' dir='ltr'><strong>quoque</strong></span> <span class='ocrx_word' id='word_1_417' title='bbox 3528 2384 3670 2440; x_wconf 71' lang='lat' dir='ltr'><strong>pra:-</strong></span> 
     </span>
    </p>
   </div>
   <div class='ocr_carea' id='block_1_56' title="bbox 2102 2460 3675 2530">
    <p class='ocr_par' dir='ltr' id='par_1_56' title="bbox 2102 2460 3675 2530">
     <span class='ocr_line' id='line_1_56' title="bbox 2102 2460 3675 2530; baseline -0.004 -9"><span class='ocrx_word' id='word_1_418' title='bbox 2102 2473 2331 2529; x_wconf 90' lang='lat' dir='ltr'><strong>stemus,</strong></span> <span class='ocrx_word' id='word_1_419' title='bbox 2359 2478 2484 2517; x_wconf 90' lang='lat' dir='ltr'><strong>cum</strong></span> <span class='ocrx_word' id='word_1_420' title='bbox 2521 2460 2653 2515; x_wconf 88' lang='lat' dir='ltr'><strong>illud</strong></span> <span class='ocrx_word' id='word_1_421' title='bbox 2684 2461 2933 2530; x_wconf 91' lang='lat' dir='ltr'><strong>corporis</strong></span> <span class='ocrx_word' id='word_1_422' title='bbox 2970 2477 3170 2517; x_wconf 89' lang='lat' dir='ltr'><strong>munus</strong></span> <span class='ocrx_word' id='word_1_423' title='bbox 3202 2460 3555 2530; x_wconf 86' lang='lat' dir='ltr'><strong>suscipimus,</strong></span> <span class='ocrx_word' id='word_1_424' title='bbox 3605 2475 3675 2515; x_wconf 83' lang='lat' dir='ltr'><strong>ne</strong></span> 
     </span>
    </p>
   </div>
   <div class='ocr_carea' id='block_1_57' title="bbox 2103 2549 3673 2614">
    <p class='ocr_par' dir='ltr' id='par_1_57' title="bbox 2103 2549 3673 2614">
     <span class='ocr_line' id='line_1_57' title="bbox 2103 2549 3673 2614; baseline -0.005 -3"><span class='ocrx_word' id='word_1_425' title='bbox 2103 2556 2158 2613; x_wconf 90' lang='lat' dir='ltr'><strong>id</strong></span> <span class='ocrx_word' id='word_1_426' title='bbox 2186 2556 2409 2612; x_wconf 86' lang='lat' dir='ltr'><strong>sordido</strong></span> <span class='ocrx_word' id='word_1_427' title='bbox 2432 2555 2784 2610; x_wconf 77' lang='lat' dir='ltr'><strong>conscientia:</strong></span> <span class='ocrx_word' id='word_1_428' title='bbox 2809 2555 2976 2608; x_wconf 84' lang='lat' dir='ltr'><strong>linteo</strong></span> <span class='ocrx_word' id='word_1_429' title='bbox 3013 2553 3374 2614; x_wconf 84' lang='lat' dir='ltr'><strong>involvamus,</strong></span> <span class='ocrx_word' id='word_1_430' title='bbox 3430 2567 3565 2605; x_wconf 80' lang='lat' dir='ltr'><strong>neve</strong></span> <span class='ocrx_word' id='word_1_431' title='bbox 3616 2549 3673 2603; x_wconf 91' lang='lat' dir='ltr'><strong>in</strong></span> 
     </span>
    </p>
   </div>
   <div class='ocr_carea' id='block_1_58' title="bbox 2102 2641 3676 2710">
    <p class='ocr_par' dir='ltr' id='par_1_58' title="bbox 2102 2641 3676 2710">
     <span class='ocr_line' id='line_1_58' title="bbox 2102 2641 3676 2710; baseline -0.006 -7"><span class='ocrx_word' id='word_1_432' title='bbox 2102 2647 2286 2703; x_wconf 90' lang='lat' dir='ltr'><strong>cordis</strong></span> <span class='ocrx_word' id='word_1_433' title='bbox 2317 2654 2673 2701; x_wconf 88' lang='lat' dir='ltr'><strong>monumento</strong></span> <span class='ocrx_word' id='word_1_434' title='bbox 2734 2654 3075 2699; x_wconf 88' lang='lat' dir='ltr'><strong>mortuorum</strong></span> <span class='ocrx_word' id='word_1_435' title='bbox 3127 2643 3350 2697; x_wconf 88' lang='lat' dir='ltr'><strong>ossibus</strong></span> <span class='ocrx_word' id='word_1_436' title='bbox 3414 2641 3676 2710; x_wconf 87' lang='lat' dir='ltr'><strong>omnique</strong></span> 
     </span>
    </p>
   </div>
   <div class='ocr_carea' id='block_1_59' title="bbox 2105 2734 3676 2806">
    <p class='ocr_par' dir='ltr' id='par_1_59' title="bbox 2105 2734 3676 2806">
     <span class='ocr_line' id='line_1_59' title="bbox 2105 2734 3676 2806; baseline -0.005 -13"><span class='ocrx_word' id='word_1_437' title='bbox 2105 2737 2457 2793; x_wconf 87' lang='lat' dir='ltr'><strong>immunditia</strong></span> <span class='ocrx_word' id='word_1_438' title='bbox 2483 2736 2644 2806; x_wconf 90' lang='lat' dir='ltr'><strong>pleno</strong></span> <span class='ocrx_word' id='word_1_439' title='bbox 2669 2751 3019 2804; x_wconf 87' lang='lat' dir='ltr'><strong>reponamus.</strong></span> <span class='ocrx_word' id='word_1_440' title='bbox 3059 2735 3162 2789; x_wconf 87' lang='lat' dir='ltr'><strong>Sed</strong></span> <span class='ocrx_word' id='word_1_441' title='bbox 3201 2734 3598 2803; x_wconf 82' lang='lat' dir='ltr'><strong>unusquisque,</strong></span> <span class='ocrx_word' id='word_1_442' title='bbox 3616 2741 3676 2785; x_wconf 86' lang='lat' dir='ltr'><strong>ut</strong></span> 
     </span>
    </p>
   </div>
   <div class='ocr_carea' id='block_1_60' title="bbox 2103 2821 3677 2896">
    <p class='ocr_par' dir='ltr' id='par_1_60' title="bbox 2103 2821 3677 2896">
     <span class='ocr_line' id='line_1_60' title="bbox 2103 2821 3677 2896; baseline -0.006 -13"><span class='ocrx_word' id='word_1_443' title='bbox 2103 2826 2296 2883; x_wconf 86' lang='lat' dir='ltr'><strong>scribit</strong></span> <span class='ocrx_word' id='word_1_444' title='bbox 2328 2827 2660 2896; x_wconf 88' lang='lat' dir='ltr'><strong>Apostolus,</strong></span> <span class='ocrx_word' id='word_1_445' title='bbox 2695 2840 2755 2880; x_wconf 88' lang='lat' dir='ltr'><strong>se</strong></span> <span class='ocrx_word' id='word_1_446' title='bbox 2792 2824 2969 2894; x_wconf 88' lang='lat' dir='ltr'><strong>ipsum</strong></span> <span class='ocrx_word' id='word_1_447' title='bbox 2994 2825 3211 2895; x_wconf 89' lang='lat' dir='ltr'><strong>probet,</strong></span> <span class='ocrx_word' id='word_1_448' title='bbox 3239 2838 3309 2877; x_wconf 90' lang='lat' dir='ltr'><strong>ne</strong></span> <span class='ocrx_word' id='word_1_449' title='bbox 3353 2837 3555 2877; x_wconf 87' lang='lat' dir='ltr'><strong>munus</strong></span> <span class='ocrx_word' id='word_1_450' title='bbox 3596 2821 3677 2875; x_wconf 90' lang='lat' dir='ltr'><strong>in-</strong></span> 
     </span>
    </p>
   </div>
   <div class='ocr_carea' id='block_1_61' title="bbox 2103 2914 3677 2991">
    <p class='ocr_par' dir='ltr' id='par_1_61' title="bbox 2103 2914 3677 2991">
     <span class='ocr_line' id='line_1_61' title="bbox 2103 2914 3677 2991; baseline -0.004 -16"><span class='ocrx_word' id='word_1_451' title='bbox 2103 2920 2264 2991; x_wconf 80' lang='lat' dir='ltr'><strong>digne</strong></span> <span class='ocrx_word' id='word_1_452' title='bbox 2284 2919 2599 2989; x_wconf 73' lang='lat' dir='ltr'><strong>suscipienti</strong></span> <span class='ocrx_word' id='word_1_453' title='bbox 2617 2918 2687 2974; x_wconf 89' lang='lat' dir='ltr'><strong>sit</strong></span> <span class='ocrx_word' id='word_1_454' title='bbox 2708 2918 2764 2972; x_wconf 91' lang='lat' dir='ltr'><strong>in</strong></span> <span class='ocrx_word' id='word_1_455' title='bbox 2780 2916 3047 2988; x_wconf 80' lang='lat' dir='ltr'><strong>judicium</strong></span> <span class='ocrx_word' id='word_1_456' title='bbox 3066 2918 3136 2970; x_wconf 74' lang='grc'><strong>⁵³.</strong></span> <span class='ocrx_word' id='word_1_457' title='bbox 3166 2916 3385 2981; x_wconf 81' lang='lat' dir='ltr'><strong>Verum,</strong></span> <span class='ocrx_word' id='word_1_458' title='bbox 3409 2915 3537 2968; x_wconf 91' lang='lat' dir='ltr'><strong>dum</strong></span> <span class='ocrx_word' id='word_1_459' title='bbox 3561 2914 3677 2969; x_wconf 71' lang='lat' dir='ltr'><strong>tunc</strong></span> 
     </span>
    </p>
   </div>
   <div class='ocr_carea' id='block_1_62' title="bbox 424 2975 2004 3092">
    <p class='ocr_par' dir='ltr' id='par_1_62' title="bbox 424 2975 2001 3092">
     <span class='ocr_line' id='line_1_62' title="bbox 424 2975 2001 3092; baseline 0.018 -57"><span class='ocrx_word' id='word_1_460' title='bbox 424 2982 829 3092; x_wconf 37' lang='lat' dir='ltr'><strong>coﬁhoépatoi</strong></span> <span class='ocrx_word' id='word_1_461' title='bbox 876 2994 952 3066; x_wconf 76' lang='grc' dir='ltr'>μὴ</span> <span class='ocrx_word' id='word_1_462' title='bbox 987 2997 1350 3073; x_wconf 75' lang='grc' dir='ltr'>ὲρῤυπωμένῃ</span> <span class='ocrx_word' id='word_1_463' title='bbox 1643 2975 2001 3078; x_wconf 67' lang='grc' dir='ltr'>συνειδήσεως</span> 
     </span>
    </p>
   </div>
   <div class='ocr_carea' id='block_1_63' title="bbox 2102 2975 3679 3092">
    <p class='ocr_par' dir='ltr' id='par_1_63' title="bbox 2107 2975 3679 3083">
     <span class='ocr_line' id='line_1_63' title="bbox 2107 2975 3679 3083; baseline -0.005 -15"><span class='ocrx_word' id='word_1_464' title='bbox 2107 2975 2323 3083; x_wconf 57' lang='lat' dir='ltr'><strong>loquor,</strong></span> <span class='ocrx_word' id='word_1_465' title='bbox 2353 2975 2536 3066; x_wconf 68' lang='lat' dir='ltr'><strong>lucida</strong></span> <span class='ocrx_word' id='word_1_466' title='bbox 2566 3012 2742 3081; x_wconf 78' lang='lat' dir='ltr'><strong>angeli</strong></span> <span class='ocrx_word' id='word_1_467' title='bbox 2784 3011 2923 3066; x_wconf 81' lang='lat' dir='ltr'><strong>stola</strong></span> <span class='ocrx_word' id='word_1_468' title='bbox 2954 3009 3153 3065; x_wconf 88' lang='lat' dir='ltr'><strong>mentis</strong></span> <span class='ocrx_word' id='word_1_469' title='bbox 3185 3009 3353 3064; x_wconf 88' lang='lat' dir='ltr'><strong>aciem</strong></span> <span class='ocrx_word' id='word_1_470' title='bbox 3379 3006 3512 3062; x_wconf 80' lang='lat' dir='ltr'><strong>milii</strong></span> <span class='ocrx_word' id='word_1_471' title='bbox 3556 3022 3679 3077; x_wconf 92' lang='lat' dir='ltr'><strong>per-</strong></span> 
     </span>
    </p>
   </div>
   <div class='ocr_carea' id='block_1_64' title="bbox 429 3068 2002 3173">
    <p class='ocr_par' dir='ltr' id='par_1_64' title="bbox 429 3068 2002 3173">
     <span class='ocr_line' id='line_1_64' title="bbox 429 3068 2002 3173; baseline 0.017 -45"><span class='ocrx_word' id='word_1_472' title='bbox 429 3068 622 3173; x_wconf 77' lang='grc' dir='ltr'>σινδόνι</span> <span class='ocrx_word' id='word_1_473' title='bbox 652 3081 983 3155; x_wconf 78' lang='grc' dir='ltr'>λαμϐάνειν,</span> <span class='ocrx_word' id='word_1_474' title='bbox 1023 3091 1158 3160; x_wconf 79' lang='grc' dir='ltr'>μηδὲ</span> <span class='ocrx_word' id='word_1_475' title='bbox 1195 3068 1512 3164; x_wconf 46' lang='grc' dir='ltr'>ὀδωδότι·ηὲξ</span> <span class='ocrx_word' id='word_1_476' title='bbox 1554 3068 1757 3153; x_wconf 69' lang='grc' dir='ltr'>δστέων</span> <span class='ocrx_word' id='word_1_477' title='bbox 1794 3068 2002 3173; x_wconf 68' lang='grc' dir='ltr'>νεκρῶν</span> 
     </span>
    </p>
   </div>
   <div class='ocr_carea' id='block_1_65' title="bbox 426 3169 2004 3264">
    <p class='ocr_par' dir='ltr' id='par_1_65' title="bbox 426 3169 2004 3264">
     <span class='ocr_line' id='line_1_65' title="bbox 426 3169 2004 3264; baseline 0.023 -43"><span class='ocrx_word' id='word_1_478' title='bbox 426 3169 523 3264; x_wconf 76' lang='grc' dir='ltr'>καὶ</span> <span class='ocrx_word' id='word_1_479' title='bbox 575 3173 755 3245; x_wconf 80' lang='grc' dir='ltr'>πάσης</span> <span class='ocrx_word' id='word_1_480' title='bbox 804 3176 1145 3252; x_wconf 81' lang='grc' dir='ltr'>ἀκαθαρσίας</span> <span class='ocrx_word' id='word_1_481' title='bbox 1200 3185 1280 3257; x_wconf 82' lang='grc' dir='ltr'><strong>τῷ</strong></span> <span class='ocrx_word' id='word_1_482' title='bbox 1333 3188 1573 3259; x_wconf 83' lang='grc' dir='ltr'>μνήματι</span> <span class='ocrx_word' id='word_1_483' title='bbox 1627 3192 1727 3263; x_wconf 77' lang='grc' dir='ltr'>τῆς</span> <span class='ocrx_word' id='word_1_484' title='bbox 1779 3169 2004 3264; x_wconf 73' lang='grc' dir='ltr'>καρδίας</span> 
     </span>
    </p>
   </div>
   <div class='ocr_carea' id='block_1_66' title="bbox 426 3261 2001 3349">
    <p class='ocr_par' dir='ltr' id='par_1_66' title="bbox 426 3261 2001 3349">
     <span class='ocr_line' id='line_1_66' title="bbox 426 3261 2001 3349; baseline 0.016 -37"><span class='ocrx_word' id='word_1_485' title='bbox 426 3261 840 3321; x_wconf 85' lang='grc' dir='ltr'>ὲναποτίθεσθαι</span> <span class='ocrx_word' id='word_1_486' title='bbox 881 3285 893 3298; x_wconf 91' lang='grc'><strong>·</strong></span> <span class='ocrx_word' id='word_1_487' title='bbox 938 3271 1093 3337; x_wconf 84' lang='grc' dir='ltr'>ἀλλὰ,</span> <span class='ocrx_word' id='word_1_488' title='bbox 1146 3275 1329 3341; x_wconf 84' lang='grc' dir='ltr'>καθώς</span> <span class='ocrx_word' id='word_1_489' title='bbox 1372 3295 1537 3349; x_wconf 79' lang='grc' dir='ltr'>φησιν</span> <span class='ocrx_word' id='word_1_490' title='bbox 1574 3281 1603 3332; x_wconf 97' lang='lat'><strong>6</strong></span> <span class='ocrx_word' id='word_1_491' title='bbox 1652 3261 2001 3347; x_wconf 80' lang='grc' dir='ltr'>’Ᾱπόστολος,</span> 
     </span>
    </p>
   </div>
   <div class='ocr_carea' id='block_1_67' title="bbox 425 3352 2006 3444">
    <p class='ocr_par' dir='ltr' id='par_1_67' title="bbox 425 3352 2006 3444">
     <span class='ocr_line' id='line_1_67' title="bbox 425 3352 2006 3444; baseline 0.02 -41"><span class='ocrx_word' id='word_1_492' title='bbox 425 3352 744 3424; x_wconf 78' lang='grc' dir='ltr'>δοκιμάζειν</span> <span class='ocrx_word' id='word_1_493' title='bbox 778 3357 1008 3415; x_wconf 75' lang='grc' dir='ltr'>ἕκαστον</span> <span class='ocrx_word' id='word_1_494' title='bbox 1043 3363 1234 3419; x_wconf 79' lang='grc' dir='ltr'>ἑαυτὸν</span> <span class='ocrx_word' id='word_1_495' title='bbox 1255 3404 1269 3430; x_wconf 87' lang='grc'><strong>,</strong></span> <span class='ocrx_word' id='word_1_496' title='bbox 1300 3368 1390 3422; x_wconf 84' lang='grc' dir='ltr'><strong>ἴνα</strong></span> <span class='ocrx_word' id='word_1_497' title='bbox 1426 3367 1501 3440; x_wconf 85' lang='grc' dir='ltr'>μὴ</span> <span class='ocrx_word' id='word_1_498' title='bbox 1552 3373 1727 3442; x_wconf 81' lang='grc' dir='ltr'>κρῖμα</span> <span class='ocrx_word' id='word_1_499' title='bbox 1769 3374 1801 3443; x_wconf 79' lang='grc' dir='ltr'>ὴ</span> <span class='ocrx_word' id='word_1_500' title='bbox 1846 3373 2006 3444; x_wconf 80' lang='grc' dir='ltr'>χάρις</span> 
     </span>
    </p>
   </div>
   <div class='ocr_carea' id='block_1_68' title="bbox 428 3443 2005 3536">
    <p class='ocr_par' dir='ltr' id='par_1_68' title="bbox 428 3443 2005 3536">
     <span class='ocr_line' id='line_1_68' title="bbox 428 3443 2005 3536; baseline 0.003 -24"><span class='ocrx_word' id='word_1_501' title='bbox 428 3443 654 3536; x_wconf 58' lang='grc' dir='ltr'>γένηται</span> <span class='ocrx_word' id='word_1_502' title='bbox 683 3447 760 3519; x_wconf 81' lang='grc' dir='ltr'>τῷ</span> <span class='ocrx_word' id='word_1_503' title='bbox 786 3450 1017 3518; x_wconf 82' lang='grc' dir='ltr'>ἀναξίως</span> <span class='ocrx_word' id='word_1_504' title='bbox 1055 3455 1329 3528; x_wconf 84' lang='grc' dir='ltr'>δεχομένῳ</span> <span class='ocrx_word' id='word_1_505' title='bbox 1355 3460 1456 3531; x_wconf 86' lang='grc' dir='ltr'>τὴν</span> <span class='ocrx_word' id='word_1_506' title='bbox 1489 3460 1665 3531; x_wconf 85' lang='grc' dir='ltr'>χάριν.</span> <span class='ocrx_word' id='word_1_507' title='bbox 1709 3463 1870 3517; x_wconf 84' lang='grc' dir='ltr'>Ἀλλὰ</span> <span class='ocrx_word' id='word_1_508' title='bbox 1896 3443 2005 3536; x_wconf 55' lang='grc' dir='ltr'>γὰρ</span> 
     </span>
    </p>
   </div>
   <div class='ocr_carea' id='block_1_69' title="bbox 431 3535 2005 3623">
    <p class='ocr_par' dir='ltr' id='par_1_69' title="bbox 431 3535 2005 3623">
     <span class='ocr_line' id='line_1_69' title="bbox 431 3535 2005 3623; baseline 0.016 -39"><span class='ocrx_word' id='word_1_509' title='bbox 431 3535 636 3603; x_wconf 83' lang='grc' dir='ltr'>μεταξύ</span> <span class='ocrx_word' id='word_1_510' title='bbox 661 3537 834 3607; x_wconf 74' lang='grc' dir='ltr'>λέγων</span> <span class='ocrx_word' id='word_1_511' title='bbox 868 3543 1286 3619; x_wconf 77' lang='grc' dir='ltr'>αίσθάνομαιτῇ</span> <span class='ocrx_word' id='word_1_512' title='bbox 1317 3553 1549 3621; x_wconf 81' lang='grc' dir='ltr'>φωτεινῇ</span> <span class='ocrx_word' id='word_1_513' title='bbox 1580 3552 1738 3623; x_wconf 81' lang='grc' dir='ltr'>στολῇ</span> <span class='ocrx_word' id='word_1_514' title='bbox 1764 3552 1857 3606; x_wconf 86' lang='grc' dir='ltr'>τοῦ</span> <span class='ocrx_word' id='word_1_515' title='bbox 1903 3535 2005 3623; x_wconf 14' lang='grc' dir='ltr'><strong>ἁγία</strong></span> 
     </span>
    </p>
   </div>
   <div class='ocr_carea' id='block_1_70' title="bbox 428 3625 2007 3715">
    <p class='ocr_par' dir='ltr' id='par_1_70' title="bbox 428 3625 2007 3715">
     <span class='ocr_line' id='line_1_70' title="bbox 428 3625 2007 3715; baseline 0.014 -38"><span class='ocrx_word' id='word_1_516' title='bbox 428 3625 589 3692; x_wconf 78' lang='grc' dir='ltr'>γέλου</span> <span class='ocrx_word' id='word_1_517' title='bbox 615 3634 1180 3709; x_wconf 85' lang='grc' dir='ltr'>καταστραπτόμενος,</span> <span class='ocrx_word' id='word_1_518' title='bbox 1202 3639 1294 3691; x_wconf 87' lang='grc' dir='ltr'><strong>καί</strong></span> <span class='ocrx_word' id='word_1_519' title='bbox 1323 3657 1424 3709; x_wconf 89' lang='grc' dir='ltr'><strong>μου</strong></span> <span class='ocrx_word' id='word_1_520' title='bbox 1454 3641 1678 3696; x_wconf 85' lang='grc' dir='ltr'>διασείει</span> <span class='ocrx_word' id='word_1_521' title='bbox 1699 3644 1788 3712; x_wconf 80' lang='grc' dir='ltr'><strong>ὑφ’</strong></span> <span class='ocrx_word' id='word_1_522' title='bbox 1813 3644 2007 3715; x_wconf 82' lang='grc' dir='ltr'>ἡδονῆς</span> 
     </span>
    </p>
   </div>
   <div class='ocr_carea' id='block_1_71' title="bbox 428 3715 2008 3805">
    <p class='ocr_par' dir='ltr' id='par_1_71' title="bbox 428 3715 2008 3805">
     <span class='ocr_line' id='line_1_71' title="bbox 428 3715 2008 3805; baseline 0.015 -39"><span class='ocrx_word' id='word_1_523' title='bbox 428 3715 528 3786; x_wconf 80' lang='grc' dir='ltr'>τὴν</span> <span class='ocrx_word' id='word_1_524' title='bbox 562 3718 787 3788; x_wconf 85' lang='grc' dir='ltr'>καρδίαν</span> <span class='ocrx_word' id='word_1_525' title='bbox 822 3721 849 3772; x_wconf 89' lang='grc' dir='ltr'>ὁ</span> <span class='ocrx_word' id='word_1_526' title='bbox 889 3722 1093 3791; x_wconf 82' lang='grc' dir='ltr'>γλυκὺς</span> <span class='ocrx_word' id='word_1_527' title='bbox 1128 3727 1335 3792; x_wconf 81' lang='grc' dir='ltr'>ἐκεῖνος</span> <span class='ocrx_word' id='word_1_528' title='bbox 1369 3731 1610 3802; x_wconf 80' lang='grc' dir='ltr'>σεισμὸς,</span> <span class='ocrx_word' id='word_1_529' title='bbox 1644 3734 1672 3785; x_wconf 92' lang='lat'><strong>6</strong></span> <span class='ocrx_word' id='word_1_530' title='bbox 1704 3732 1798 3786; x_wconf 81' lang='grc' dir='ltr'>τὸν</span> <span class='ocrx_word' id='word_1_531' title='bbox 1838 3735 2008 3805; x_wconf 84' lang='grc' dir='ltr'>βαρὺν</span> 
     </span>
    </p>
   </div>
   <div class='ocr_carea' id='block_1_72' title="bbox 428 3806 2008 3890">
    <p class='ocr_par' dir='ltr' id='par_1_72' title="bbox 428 3806 2008 3890">
     <span class='ocr_line' id='line_1_72' title="bbox 428 3806 2008 3890; baseline 0.014 -32"><span class='ocrx_word' id='word_1_532' title='bbox 428 3806 577 3861; x_wconf 91' lang='grc' dir='ltr'>λίθον</span> <span class='ocrx_word' id='word_1_533' title='bbox 614 3809 709 3863; x_wconf 81' lang='grc' dir='ltr'>τοῦ</span> <span class='ocrx_word' id='word_1_534' title='bbox 749 3812 1087 3884; x_wconf 81' lang='grc' dir='ltr'>ἀνθρωπίνου</span> <span class='ocrx_word' id='word_1_535' title='bbox 1132 3820 1415 3889; x_wconf 79' lang='grc' dir='ltr'>μνήματος</span> <span class='ocrx_word' id='word_1_536' title='bbox 1459 3823 1804 3890; x_wconf 85' lang='grc' dir='ltr'>άποκυλίων,</span> <span class='ocrx_word' id='word_1_537' title='bbox 1852 3825 1919 3878; x_wconf 78' lang='grc' dir='ltr'><strong>δι’</strong></span> <span class='ocrx_word' id='word_1_538' title='bbox 1947 3821 2008 3882; x_wconf 77' lang='grc' dir='ltr'><strong>οὗ</strong></span> 
     </span>
    </p>
   </div>
   <div class='ocr_carea' id='block_1_73' title="bbox 340 3897 2008 3991">
    <p class='ocr_par' dir='ltr' id='par_1_73' title="bbox 340 3897 2008 3991">
     <span class='ocr_line' id='line_1_73' title="bbox 340 3897 2008 3991; baseline 0.013 -39"><span class='ocrx_word' id='word_1_539' title='bbox 340 3897 353 3904; x_wconf 88' lang='grc'><em>’</em></span> <span class='ocrx_word' id='word_1_540' title='bbox 428 3902 704 3971; x_wconf 75' lang='grc' dir='ltr'>ἀνοίγεται</span> <span class='ocrx_word' id='word_1_541' title='bbox 742 3908 906 3961; x_wconf 79' lang='grc' dir='ltr'>πᾶσιν</span> <span class='ocrx_word' id='word_1_542' title='bbox 937 3908 970 3979; x_wconf 85' lang='grc' dir='ltr'>ή</span> <span class='ocrx_word' id='word_1_543' title='bbox 1005 3909 1143 3983; x_wconf 83' lang='grc' dir='ltr'>θύρα</span> <span class='ocrx_word' id='word_1_544' title='bbox 1171 3913 1271 3983; x_wconf 79' lang='grc' dir='ltr'>τῆς</span> <span class='ocrx_word' id='word_1_545' title='bbox 1295 3916 1661 3981; x_wconf 84' lang='grc' dir='ltr'>ἀναστάσεως.</span> <span class='ocrx_word' id='word_1_546' title='bbox 1702 3919 2008 3991; x_wconf 82' lang='grc' dir='ltr'>Δράμωμεν</span> 
     </span>
    </p>
   </div>
   <div class='ocr_carea' id='block_1_74' title="bbox 431 3993 2006 4081">
    <p class='ocr_par' dir='ltr' id='par_1_74' title="bbox 431 3993 2006 4081">
     <span class='ocr_line' id='line_1_74' title="bbox 431 3993 2006 4081; baseline 0.014 -36"><span class='ocrx_word' id='word_1_547' title='bbox 431 3993 528 4046; x_wconf 81' lang='grc' dir='ltr'><strong>καὶ</strong></span> <span class='ocrx_word' id='word_1_548' title='bbox 577 3996 736 4065; x_wconf 78' lang='grc' dir='ltr'>ἡμεῖς</span> <span class='ocrx_word' id='word_1_549' title='bbox 779 4000 872 4054; x_wconf 74' lang='grc' dir='ltr'><strong>ἐπὶ</strong></span> <span class='ocrx_word' id='word_1_550' title='bbox 910 4002 1009 4072; x_wconf 82' lang='grc' dir='ltr'>τὴν</span> <span class='ocrx_word' id='word_1_551' title='bbox 1061 4003 1190 4058; x_wconf 89' lang='grc' dir='ltr'>θέαν</span> <span class='ocrx_word' id='word_1_552' title='bbox 1232 4005 1324 4059; x_wconf 76' lang='grc' dir='ltr'>τοῦ</span> <span class='ocrx_word' id='word_1_553' title='bbox 1368 4007 1671 4079; x_wconf 79' lang='grc' dir='ltr'>παραδόξου</span> <span class='ocrx_word' id='word_1_554' title='bbox 1713 4009 2006 4081; x_wconf 77' lang='grc' dir='ltr'>θεάματος*</span> 
     </span>
    </p>
   </div>
   <div class='ocr_carea' id='block_1_75' title="bbox 2106 3099 3675 3174">
    <p class='ocr_par' dir='ltr' id='par_1_75' title="bbox 2106 3099 3675 3174">
     <span class='ocr_line' id='line_1_75' title="bbox 2106 3099 3675 3174; baseline -0.005 -14"><span class='ocrx_word' id='word_1_555' title='bbox 2106 3104 2348 3174; x_wconf 79' lang='lat' dir='ltr'><strong>stringit,</strong></span> <span class='ocrx_word' id='word_1_556' title='bbox 2377 3110 2431 3158; x_wconf 89' lang='lat' dir='ltr'><strong>et</strong></span> <span class='ocrx_word' id='word_1_557' title='bbox 2462 3102 2640 3157; x_wconf 91' lang='lat' dir='ltr'><strong>dulcis</strong></span> <span class='ocrx_word' id='word_1_558' title='bbox 2667 3102 2760 3157; x_wconf 91' lang='lat' dir='ltr'><strong>ille</strong></span> <span class='ocrx_word' id='word_1_559' title='bbox 2784 3110 2942 3157; x_wconf 58' lang='lat' dir='ltr'><strong>terra)</strong></span> <span class='ocrx_word' id='word_1_560' title='bbox 2979 3109 3181 3164; x_wconf 90' lang='lat' dir='ltr'><strong>motus,</strong></span> <span class='ocrx_word' id='word_1_561' title='bbox 3213 3116 3322 3171; x_wconf 89' lang='lat' dir='ltr'><strong>quo</strong></span> <span class='ocrx_word' id='word_1_562' title='bbox 3350 3100 3530 3171; x_wconf 81' lang='lat' dir='ltr'><strong>gravis</strong></span> <span class='ocrx_word' id='word_1_563' title='bbox 3583 3099 3675 3153; x_wconf 90' lang='lat' dir='ltr'><strong>ille</strong></span> 
     </span>
    </p>
   </div>
   <div class='ocr_carea' id='block_1_76' title="bbox 2104 3191 3674 3262">
    <p class='ocr_par' dir='ltr' id='par_1_76' title="bbox 2104 3191 3674 3262">
     <span class='ocr_line' id='line_1_76' title="bbox 2104 3191 3674 3262; baseline -0.003 -12"><span class='ocrx_word' id='word_1_564' title='bbox 2104 3195 2329 3250; x_wconf 89' lang='lat' dir='ltr'><strong>humani</strong></span> <span class='ocrx_word' id='word_1_565' title='bbox 2365 3192 2704 3248; x_wconf 91' lang='lat' dir='ltr'><strong>monumenti</strong></span> <span class='ocrx_word' id='word_1_566' title='bbox 2731 3191 2870 3262; x_wconf 84' lang='lat' dir='ltr'><strong>lapis</strong></span> <span class='ocrx_word' id='word_1_567' title='bbox 2912 3194 3192 3248; x_wconf 80' lang='lat' dir='ltr'><strong>revolutus</strong></span> <span class='ocrx_word' id='word_1_568' title='bbox 3229 3200 3334 3255; x_wconf 87' lang='lat' dir='ltr'><strong>est,</strong></span> <span class='ocrx_word' id='word_1_569' title='bbox 3389 3191 3674 3246; x_wconf 74' lang='lat' dir='ltr'><strong>omnibus~</strong></span> 
     </span>
    </p>
   </div>
   <div class='ocr_carea' id='block_1_77' title="bbox 2106 3282 3680 3358">
    <p class='ocr_par' dir='ltr' id='par_1_77' title="bbox 2106 3282 3680 3358">
     <span class='ocr_line' id='line_1_77' title="bbox 2106 3282 3680 3358; baseline -0.003 -17"><span class='ocrx_word' id='word_1_570' title='bbox 2106 3302 2211 3358; x_wconf 89' lang='lat' dir='ltr'><strong>que</strong></span> <span class='ocrx_word' id='word_1_571' title='bbox 2241 3283 2663 3350; x_wconf 84' lang='lat' dir='ltr'><strong>resurrectionis</strong></span> <span class='ocrx_word' id='word_1_572' title='bbox 2698 3282 2843 3339; x_wconf 81' lang='lat' dir='ltr'><strong>fores</strong></span> <span class='ocrx_word' id='word_1_573' title='bbox 2875 3282 3159 3353; x_wconf 78' lang='lat' dir='ltr'><strong>patefactae</strong></span> <span class='ocrx_word' id='word_1_574' title='bbox 3187 3291 3316 3339; x_wconf 88' lang='lat' dir='ltr'><strong>sunt</strong></span> <span class='ocrx_word' id='word_1_575' title='bbox 3335 3320 3349 3348; x_wconf 86' lang='lat'><strong>,</strong></span> <span class='ocrx_word' id='word_1_576' title='bbox 3382 3298 3495 3355; x_wconf 63' lang='lat' dir='ltr'><strong>prae</strong></span> <span class='ocrx_word' id='word_1_577' title='bbox 3523 3283 3680 3337; x_wconf 72' lang='lat' dir='ltr'><strong>volu~</strong></span> 
     </span>
    </p>
   </div>
   <div class='ocr_carea' id='block_1_78' title="bbox 2106 3373 3682 3449">
    <p class='ocr_par' dir='ltr' id='par_1_78' title="bbox 2106 3373 3682 3449">
     <span class='ocr_line' id='line_1_78' title="bbox 2106 3373 3682 3449; baseline -0.002 -18"><span class='ocrx_word' id='word_1_578' title='bbox 2106 3385 2257 3449; x_wconf 90' lang='lat' dir='ltr'><strong>ptate</strong></span> <span class='ocrx_word' id='word_1_579' title='bbox 2280 3392 2378 3431; x_wconf 84' lang='lat' dir='ltr'><strong>cur</strong></span> <span class='ocrx_word' id='word_1_580' title='bbox 2404 3391 2587 3432; x_wconf 90' lang='lat' dir='ltr'><strong>meum</strong></span> <span class='ocrx_word' id='word_1_581' title='bbox 2617 3374 2882 3430; x_wconf 88' lang='lat' dir='ltr'><strong>concutit.</strong></span> <span class='ocrx_word' id='word_1_582' title='bbox 2913 3373 3212 3430; x_wconf 85' lang='lat' dir='ltr'><strong>Curramus</strong></span> <span class='ocrx_word' id='word_1_583' title='bbox 3234 3383 3289 3429; x_wconf 90' lang='lat' dir='ltr'><strong>et</strong></span> <span class='ocrx_word' id='word_1_584' title='bbox 3314 3390 3417 3428; x_wconf 87' lang='lat' dir='ltr'><strong>nos</strong></span> <span class='ocrx_word' id='word_1_585' title='bbox 3449 3373 3518 3428; x_wconf 89' lang='lat' dir='ltr'><strong>ad</strong></span> <span class='ocrx_word' id='word_1_586' title='bbox 3548 3388 3682 3429; x_wconf 84' lang='lat' dir='ltr'><strong>cort-</strong></span> 
     </span>
    </p>
   </div>
   <div class='ocr_carea' id='block_1_79' title="bbox 2107 3464 3678 3539">
    <p class='ocr_par' dir='ltr' id='par_1_79' title="bbox 2107 3464 3678 3539">
     <span class='ocr_line' id='line_1_79' title="bbox 2107 3464 3678 3539; baseline -0.004 -15"><span class='ocrx_word' id='word_1_587' title='bbox 2107 3469 2443 3539; x_wconf 87' lang='lat' dir='ltr'><strong>spiciendum</strong></span> <span class='ocrx_word' id='word_1_588' title='bbox 2476 3467 2849 3536; x_wconf 89' lang='lat' dir='ltr'><strong>spectaculum</strong></span> <span class='ocrx_word' id='word_1_589' title='bbox 2879 3464 2983 3519; x_wconf 89' lang='lat' dir='ltr'><strong>hoc</strong></span> <span class='ocrx_word' id='word_1_590' title='bbox 3037 3479 3237 3518; x_wconf 81' lang='lat' dir='ltr'><strong>novum</strong></span> <span class='ocrx_word' id='word_1_591' title='bbox 3262 3471 3315 3519; x_wconf 93' lang='lat' dir='ltr'><strong>et</strong></span> <span class='ocrx_word' id='word_1_592' title='bbox 3339 3464 3678 3519; x_wconf 86' lang='lat' dir='ltr'><strong>admirabile.</strong></span> 
     </span>
    </p>
   </div>
   <div class='ocr_carea' id='block_1_80' title="bbox 2109 3554 3685 3626">
    <p class='ocr_par' dir='ltr' id='par_1_80' title="bbox 2109 3554 3685 3626">
     <span class='ocr_line' id='line_1_80' title="bbox 2109 3554 3685 3626; baseline -0.002 -13"><span class='ocrx_word' id='word_1_593' title='bbox 2109 3559 2407 3613; x_wconf 85' lang='lat' dir='ltr'><strong>Sabbatum</strong></span> <span class='ocrx_word' id='word_1_594' title='bbox 2441 3557 2586 3613; x_wconf 89' lang='lat' dir='ltr'><strong>enim</strong></span> <span class='ocrx_word' id='word_1_595' title='bbox 2631 3556 2742 3626; x_wconf 90' lang='lat' dir='ltr'><strong>jam</strong></span> <span class='ocrx_word' id='word_1_596' title='bbox 2778 3555 2981 3610; x_wconf 79' lang='lat' dir='ltr'><strong>illuxit.</strong></span> <span class='ocrx_word' id='word_1_597' title='bbox 3043 3554 3123 3610; x_wconf 85' lang='lat' dir='ltr'><strong>Ne</strong></span> <span class='ocrx_word' id='word_1_598' title='bbox 3171 3555 3574 3625; x_wconf 86' lang='lat' dir='ltr'><strong>permittamus,</strong></span> <span class='ocrx_word' id='word_1_599' title='bbox 3624 3565 3685 3610; x_wconf 86' lang='lat' dir='ltr'><strong>ut</strong></span> 
     </span>
    </p>
   </div>
   <div class='ocr_carea' id='block_1_81' title="bbox 2108 3646 3683 3709">
    <p class='ocr_par' dir='ltr' id='par_1_81' title="bbox 2108 3646 3683 3709">
     <span class='ocr_line' id='line_1_81' title="bbox 2108 3646 3683 3709; baseline -0.004 0"><span class='ocrx_word' id='word_1_600' title='bbox 2108 3653 2367 3709; x_wconf 88' lang='lat' dir='ltr'><strong>mulieres</strong></span> <span class='ocrx_word' id='word_1_601' title='bbox 2389 3657 2756 3706; x_wconf 88' lang='lat' dir='ltr'><strong>antevertant.</strong></span> <span class='ocrx_word' id='word_1_602' title='bbox 2781 3647 2903 3702; x_wconf 85' lang='lat' dir='ltr'><strong>Sint</strong></span> <span class='ocrx_word' id='word_1_603' title='bbox 2930 3646 3096 3702; x_wconf 89' lang='lat' dir='ltr'><strong>etiam</strong></span> <span class='ocrx_word' id='word_1_604' title='bbox 3126 3647 3182 3700; x_wconf 91' lang='lat' dir='ltr'><strong>in</strong></span> <span class='ocrx_word' id='word_1_605' title='bbox 3207 3647 3461 3701; x_wconf 85' lang='lat' dir='ltr'><strong>manibus</strong></span> <span class='ocrx_word' id='word_1_606' title='bbox 3476 3647 3683 3703; x_wconf 88' lang='lat' dir='ltr'><strong>nostris</strong></span> 
     </span>
    </p>
   </div>
   <div class='ocr_carea' id='block_1_82' title="bbox 2107 3736 3680 3811">
    <p class='ocr_par' dir='ltr' id='par_1_82' title="bbox 2107 3736 3680 3811">
     <span class='ocr_line' id='line_1_82' title="bbox 2107 3736 3680 3811; baseline -0.004 -15"><span class='ocrx_word' id='word_1_607' title='bbox 2107 3750 2352 3796; x_wconf 85' lang='lat' dir='ltr'><strong>aromata</strong></span> <span class='ocrx_word' id='word_1_608' title='bbox 2380 3741 2502 3796; x_wconf 80' lang='lat' dir='ltr'><strong>ﬁdei</strong></span> <span class='ocrx_word' id='word_1_609' title='bbox 2552 3755 2809 3811; x_wconf 67' lang='lat' dir='ltr'><strong>purumne</strong></span> <span class='ocrx_word' id='word_1_610' title='bbox 2866 3736 3242 3793; x_wconf 68' lang='lat' dir='ltr'><strong>conscientiae.</strong></span> <span class='ocrx_word' id='word_1_611' title='bbox 3293 3736 3352 3791; x_wconf 90' lang='lat' dir='ltr'><strong>lu</strong></span> <span class='ocrx_word' id='word_1_612' title='bbox 3405 3737 3493 3792; x_wconf 83' lang='lat' dir='ltr'><strong>bis</strong></span> <span class='ocrx_word' id='word_1_613' title='bbox 3534 3739 3680 3791; x_wconf 82' lang='lat' dir='ltr'><strong>enim</strong></span> 
     </span>
    </p>
   </div>
   <div class='ocr_carea' id='block_1_83' title="bbox 2108 3827 3682 3898">
    <p class='ocr_par' dir='ltr' id='par_1_83' title="bbox 2108 3827 3682 3898">
     <span class='ocr_line' id='line_1_83' title="bbox 2108 3827 3682 3898; baseline -0.001 -13"><span class='ocrx_word' id='word_1_614' title='bbox 2108 3831 2359 3887; x_wconf 85' lang='lat' dir='ltr'><strong>consistit</strong></span> <span class='ocrx_word' id='word_1_615' title='bbox 2390 3832 2570 3886; x_wconf 86' lang='lat' dir='ltr'><strong>bonus</strong></span> <span class='ocrx_word' id='word_1_616' title='bbox 2602 3829 2737 3886; x_wconf 88' lang='lat' dir='ltr'><strong>odor</strong></span> <span class='ocrx_word' id='word_1_617' title='bbox 2762 3828 2989 3883; x_wconf 87' lang='lat' dir='ltr'><strong>Christi.</strong></span> <span class='ocrx_word' id='word_1_618' title='bbox 3023 3827 3099 3882; x_wconf 90' lang='lat' dir='ltr'><strong>Ne</strong></span> <span class='ocrx_word' id='word_1_619' title='bbox 3113 3842 3424 3898; x_wconf 64' lang='lat' dir='ltr'><strong>quaeramus</strong></span> <span class='ocrx_word' id='word_1_620' title='bbox 3445 3828 3682 3897; x_wconf 87' lang='lat' dir='ltr'><strong>amplius</strong></span> 
     </span>
    </p>
   </div>
   <div class='ocr_carea' id='block_1_84' title="bbox 2107 3918 3683 3991">
    <p class='ocr_par' dir='ltr' id='par_1_84' title="bbox 2107 3918 3683 3991">
     <span class='ocr_line' id='line_1_84' title="bbox 2107 3918 3683 3991; baseline -0.001 -15"><span class='ocrx_word' id='word_1_621' title='bbox 2107 3924 2375 3978; x_wconf 78' lang='lat' dir='ltr'><strong>viventem</strong></span> <span class='ocrx_word' id='word_1_622' title='bbox 2404 3937 2527 3975; x_wconf 86' lang='lat' dir='ltr'><strong>cum</strong></span> <span class='ocrx_word' id='word_1_623' title='bbox 2584 3918 2839 3975; x_wconf 87' lang='lat' dir='ltr'><strong>mortuis.</strong></span> <span class='ocrx_word' id='word_1_624' title='bbox 2882 3918 3145 3975; x_wconf 82' lang='lat' dir='ltr'><strong>Dominus</strong></span> <span class='ocrx_word' id='word_1_625' title='bbox 3181 3919 3326 3974; x_wconf 88' lang='lat' dir='ltr'><strong>enim</strong></span> <span class='ocrx_word' id='word_1_626' title='bbox 3346 3934 3470 3975; x_wconf 88' lang='lat' dir='ltr'><strong>eum</strong></span> <span class='ocrx_word' id='word_1_627' title='bbox 3505 3933 3537 3973; x_wconf 84' lang='lat' dir='ltr'><strong>a</strong></span> <span class='ocrx_word' id='word_1_628' title='bbox 3573 3935 3683 3991; x_wconf 85' lang='lat' dir='ltr'><strong>quo</strong></span> 
     </span>
    </p>
   </div>
   <div class='ocr_carea' id='block_1_85' title="bbox 2110 4010 3682 4083">
    <p class='ocr_par' dir='ltr' id='par_1_85' title="bbox 2110 4010 3682 4083">
     <span class='ocr_line' id='line_1_85' title="bbox 2110 4010 3682 4083; baseline -0.003 -14"><span class='ocrx_word' id='word_1_629' title='bbox 2110 4018 2191 4070; x_wconf 90' lang='lat' dir='ltr'><strong>sic</strong></span> <span class='ocrx_word' id='word_1_630' title='bbox 2228 4014 2544 4083; x_wconf 88' lang='lat' dir='ltr'><strong>requiritur,</strong></span> <span class='ocrx_word' id='word_1_631' title='bbox 2591 4012 2771 4083; x_wconf 83' lang='lat' dir='ltr'><strong>rejicit</strong></span> <span class='ocrx_word' id='word_1_632' title='bbox 2819 4020 2875 4066; x_wconf 91' lang='lat' dir='ltr'><strong>et</strong></span> <span class='ocrx_word' id='word_1_633' title='bbox 2911 4019 3083 4076; x_wconf 90' lang='lat' dir='ltr'><strong>arcet,</strong></span> <span class='ocrx_word' id='word_1_634' title='bbox 3135 4010 3327 4066; x_wconf 91' lang='lat' dir='ltr'><strong>dicens</strong></span> <span class='ocrx_word' id='word_1_635' title='bbox 3362 4027 3377 4064; x_wconf 92' lang='lat'><strong>:</strong></span> <span class='ocrx_word' id='word_1_636' title='bbox 3413 4010 3543 4066; x_wconf 80' lang='lat' dir='ltr'><strong>Noli</strong></span> <span class='ocrx_word' id='word_1_637' title='bbox 3601 4028 3682 4065; x_wconf 88' lang='lat' dir='ltr'><strong>me</strong></span> 
     </span>
    </p>
   </div>
   <div class='ocr_carea' id='block_1_86' title="bbox 430 4082 2004 4175">
    <p class='ocr_par' dir='ltr' id='par_1_86' title="bbox 430 4082 2004 4169">
     <span class='ocr_line' id='line_1_86' title="bbox 430 4082 2004 4169; baseline 0.013 -35"><span class='ocrx_word' id='word_1_638' title='bbox 430 4082 710 4153; x_wconf 80' lang='grc' dir='ltr'>διαγέγονε</span> <span class='ocrx_word' id='word_1_639' title='bbox 750 4088 859 4161; x_wconf 77' lang='grc' dir='ltr'><strong>γὰρ</strong></span> <span class='ocrx_word' id='word_1_640' title='bbox 906 4091 1005 4164; x_wconf 73' lang='grc' dir='ltr'>ήδη</span> <span class='ocrx_word' id='word_1_641' title='bbox 1050 4094 1111 4146; x_wconf 87' lang='grc' dir='ltr'>τὸ</span> <span class='ocrx_word' id='word_1_642' title='bbox 1149 4095 1462 4149; x_wconf 75' lang='grc' dir='ltr'>Σάϐϐατονο</span> <span class='ocrx_word' id='word_1_643' title='bbox 1515 4097 1590 4169; x_wconf 85' lang='grc' dir='ltr'>μὴ</span> <span class='ocrx_word' id='word_1_644' title='bbox 1636 4099 1866 4153; x_wconf 87' lang='grc' dir='ltr'>κατόπιν</span> <span class='ocrx_word' id='word_1_645' title='bbox 1901 4101 2004 4155; x_wconf 82' lang='grc' dir='ltr'><strong>τῶν</strong></span> 
     </span>
    </p>
   </div>
   <div class='ocr_carea' id='block_1_87' title="bbox 2102 4082 3683 4175">
    <p class='ocr_par' dir='ltr' id='par_1_87' title="bbox 2111 4082 3683 4175">
     <span class='ocr_line' id='line_1_87' title="bbox 2111 4082 3683 4175; baseline -0.001 -15"><span class='ocrx_word' id='word_1_646' title='bbox 2111 4082 2322 4175; x_wconf 78' lang='lat' dir='ltr'><strong>tangere</strong></span> <span class='ocrx_word' id='word_1_647' title='bbox 2345 4105 2420 4157; x_wconf 86' lang='grc'><strong>⁶⁰.</strong></span> <span class='ocrx_word' id='word_1_648' title='bbox 2455 4102 2596 4158; x_wconf 86' lang='lat' dir='ltr'><strong>Cum</strong></span> <span class='ocrx_word' id='word_1_649' title='bbox 2625 4113 2805 4157; x_wconf 87' lang='lat' dir='ltr'><strong>autem</strong></span> <span class='ocrx_word' id='word_1_650' title='bbox 2841 4103 3144 4159; x_wconf 81' lang='lat' dir='ltr'><strong>ascendere</strong></span> <span class='ocrx_word' id='word_1_651' title='bbox 3180 4103 3249 4159; x_wconf 90' lang='lat' dir='ltr'><strong>ad</strong></span> <span class='ocrx_word' id='word_1_652' title='bbox 3277 4102 3521 4170; x_wconf 89' lang='lat' dir='ltr'><strong>Patrem,</strong></span> <span class='ocrx_word' id='word_1_653' title='bbox 3551 4112 3683 4158; x_wconf 90' lang='lat' dir='ltr'><strong>tunc</strong></span> 
     </span>
    </p>
   </div>
   <div class='ocr_carea' id='block_1_88' title="bbox 431 4181 2012 4262">
    <p class='ocr_par' dir='ltr' id='par_1_88' title="bbox 431 4181 2012 4262">
     <span class='ocr_line' id='line_1_88' title="bbox 431 4181 2012 4262; baseline 0.01 -30"><span class='ocrx_word' id='word_1_654' title='bbox 431 4181 709 4248; x_wconf 82' lang='grc' dir='ltr'>γυναικῶν</span> <span class='ocrx_word' id='word_1_655' title='bbox 747 4184 1164 4256; x_wconf 82' lang='grc' dir='ltr'>ἀπαντήσωμεν.</span> <span class='ocrx_word' id='word_1_656' title='bbox 1210 4188 1403 4241; x_wconf 87' lang='grc' dir='ltr'>Ἔσται</span> <span class='ocrx_word' id='word_1_657' title='bbox 1436 4189 1530 4242; x_wconf 81' lang='grc' dir='ltr'>καὶ</span> <span class='ocrx_word' id='word_1_658' title='bbox 1561 4191 1619 4244; x_wconf 81' lang='grc' dir='ltr'>ὲν</span> <span class='ocrx_word' id='word_1_659' title='bbox 1654 4193 1775 4255; x_wconf 85' lang='grc' dir='ltr'>ταῖς</span> <span class='ocrx_word' id='word_1_660' title='bbox 1814 4193 2012 4262; x_wconf 78' lang='grc' dir='ltr'>ἡμετέ-</span> 
     </span>
    </p>
   </div>
   <div class='ocr_carea' id='block_1_89' title="bbox 435 4273 2006 4350">
    <p class='ocr_par' dir='ltr' id='par_1_89' title="bbox 435 4273 2006 4350">
     <span class='ocr_line' id='line_1_89' title="bbox 435 4273 2006 4350; baseline 0.009 -28"><span class='ocrx_word' id='word_1_661' title='bbox 435 4286 557 4340; x_wconf 86' lang='grc' dir='ltr'>ραις</span> <span class='ocrx_word' id='word_1_662' title='bbox 589 4274 744 4344; x_wconf 83' lang='grc' dir='ltr'>χερσὶ</span> <span class='ocrx_word' id='word_1_663' title='bbox 773 4273 843 4328; x_wconf 84' lang='grc' dir='ltr'>τὰ</span> <span class='ocrx_word' id='word_1_664' title='bbox 887 4275 1178 4347; x_wconf 82' lang='grc' dir='ltr'>ἀρώματα,</span> <span class='ocrx_word' id='word_1_665' title='bbox 1206 4279 1239 4349; x_wconf 84' lang='grc' dir='ltr'>ὴ</span> <span class='ocrx_word' id='word_1_666' title='bbox 1276 4277 1455 4341; x_wconf 89' lang='grc' dir='ltr'>πίστις</span> <span class='ocrx_word' id='word_1_667' title='bbox 1483 4279 1577 4332; x_wconf 79' lang='grc' dir='ltr'>καὶ</span> <span class='ocrx_word' id='word_1_668' title='bbox 1608 4282 1638 4350; x_wconf 78' lang='grc' dir='ltr'>ἡ</span> <span class='ocrx_word' id='word_1_669' title='bbox 1684 4282 2006 4350; x_wconf 85' lang='grc' dir='ltr'>συνείδησις.</span> 
     </span>
    </p>
   </div>
   <div class='ocr_carea' id='block_1_90' title="bbox 2110 4192 3683 4267">
    <p class='ocr_par' dir='ltr' id='par_1_90' title="bbox 2110 4192 3683 4267">
     <span class='ocr_line' id='line_1_90' title="bbox 2110 4192 3683 4267; baseline -0.003 -17"><span class='ocrx_word' id='word_1_670' title='bbox 2110 4211 2195 4250; x_wconf 90' lang='lat' dir='ltr'><strong>me</strong></span> <span class='ocrx_word' id='word_1_671' title='bbox 2227 4194 2408 4249; x_wconf 84' lang='lat' dir='ltr'><strong>licebit</strong></span> <span class='ocrx_word' id='word_1_672' title='bbox 2432 4194 2720 4267; x_wconf 81' lang='lat' dir='ltr'><strong>attingere.</strong></span> <span class='ocrx_word' id='word_1_673' title='bbox 2780 4192 2860 4265; x_wconf 82' lang='lat' dir='ltr'><strong>[Id</strong></span> <span class='ocrx_word' id='word_1_674' title='bbox 2888 4200 2996 4257; x_wconf 89' lang='lat' dir='ltr'><strong>est,</strong></span> <span class='ocrx_word' id='word_1_675' title='bbox 3028 4208 3154 4248; x_wconf 92' lang='lat' dir='ltr'><strong>cum</strong></span> <span class='ocrx_word' id='word_1_676' title='bbox 3201 4209 3314 4248; x_wconf 88' lang='lat' dir='ltr'><strong>non</strong></span> <span class='ocrx_word' id='word_1_677' title='bbox 3364 4209 3683 4263; x_wconf 84' lang='lat' dir='ltr'><strong>corpoream</strong></span> 
     </span>
    </p>
   </div>
   <div class='ocr_carea' id='block_1_91' title="bbox 2110 4283 3683 4356">
    <p class='ocr_par' dir='ltr' id='par_1_91' title="bbox 2110 4283 3683 4356">
     <span class='ocr_line' id='line_1_91' title="bbox 2110 4283 3683 4356; baseline 0 -18"><span class='ocrx_word' id='word_1_678' title='bbox 2110 4285 2347 4356; x_wconf 88' lang='lat' dir='ltr'><strong>amplius</strong></span> <span class='ocrx_word' id='word_1_679' title='bbox 2408 4285 2769 4354; x_wconf 83' lang='lat' dir='ltr'><strong>servilemque</strong></span> <span class='ocrx_word' id='word_1_680' title='bbox 2801 4284 3054 4349; x_wconf 80' lang='lat' dir='ltr'><strong>formam,</strong></span> <span class='ocrx_word' id='word_1_681' title='bbox 3093 4285 3186 4340; x_wconf 89' lang='lat' dir='ltr'><strong>sed</strong></span> <span class='ocrx_word' id='word_1_682' title='bbox 3215 4300 3362 4349; x_wconf 79' lang='lat' dir='ltr'><strong>eum,</strong></span> <span class='ocrx_word' id='word_1_683' title='bbox 3387 4283 3591 4352; x_wconf 84' lang='lat' dir='ltr'><strong>quiest</strong></span> <span class='ocrx_word' id='word_1_684' title='bbox 3629 4284 3683 4338; x_wconf 88' lang='lat' dir='ltr'><strong>in</strong></span> 
     </span>
    </p>
   </div>
   <div class='ocr_carea' id='block_1_92' title="bbox 432 4359 2004 4446">
    <p class='ocr_par' dir='ltr' id='par_1_92' title="bbox 432 4359 2004 4443">
     <span class='ocr_line' id='line_1_92' title="bbox 432 4359 2004 4443; baseline 0.008 -30"><span class='ocrx_word' id='word_1_685' title='bbox 432 4359 582 4432; x_wconf 77' lang='grc' dir='ltr'>Αὕτη</span> <span class='ocrx_word' id='word_1_686' title='bbox 621 4364 729 4435; x_wconf 81' lang='grc' dir='ltr'>γὰρ</span> <span class='ocrx_word' id='word_1_687' title='bbox 758 4365 850 4418; x_wconf 78' lang='grc' dir='ltr'>τοῦ</span> <span class='ocrx_word' id='word_1_688' title='bbox 888 4366 1125 4437; x_wconf 81' lang='grc' dir='ltr'>Χριστοῦ</span> <span class='ocrx_word' id='word_1_689' title='bbox 1151 4369 1298 4421; x_wconf 78' lang='grc' dir='ltr'>ἐστιν</span> <span class='ocrx_word' id='word_1_690' title='bbox 1321 4369 1353 4440; x_wconf 83' lang='grc' dir='ltr'>ή</span> <span class='ocrx_word' id='word_1_691' title='bbox 1380 4368 1595 4425; x_wconf 85' lang='grc' dir='ltr'>εὐωδία.</span> <span class='ocrx_word' id='word_1_692' title='bbox 1633 4371 1845 4441; x_wconf 83' lang='grc' dir='ltr'>Μηκέτι</span> <span class='ocrx_word' id='word_1_693' title='bbox 1869 4371 2004 4443; x_wconf 79' lang='grc' dir='ltr'>μετὰ</span> 
     </span>
    </p>
   </div>
   <div class='ocr_carea' id='block_1_93' title="bbox 2102 4359 3683 4446">
    <p class='ocr_par' dir='ltr' id='par_1_93' title="bbox 2110 4369 3683 4446">
     <span class='ocr_line' id='line_1_93' title="bbox 2110 4369 3683 4446; baseline -0.002 -18"><span class='ocrx_word' id='word_1_694' title='bbox 2110 4375 2281 4446; x_wconf 83' lang='lat' dir='ltr'><strong>gloria</strong></span> <span class='ocrx_word' id='word_1_695' title='bbox 2317 4372 2515 4436; x_wconf 87' lang='lat' dir='ltr'><strong>Patris,</strong></span> <span class='ocrx_word' id='word_1_696' title='bbox 2546 4374 2640 4441; x_wconf 89' lang='lat' dir='ltr'><strong>qui</strong></span> <span class='ocrx_word' id='word_1_697' title='bbox 2666 4382 2749 4428; x_wconf 91' lang='lat' dir='ltr'><strong>est</strong></span> <span class='ocrx_word' id='word_1_698' title='bbox 2772 4372 2828 4428; x_wconf 88' lang='lat' dir='ltr'><strong>in</strong></span> <span class='ocrx_word' id='word_1_699' title='bbox 2865 4370 3039 4428; x_wconf 80' lang='lat' dir='ltr'><strong>forma</strong></span> <span class='ocrx_word' id='word_1_700' title='bbox 3074 4372 3192 4439; x_wconf 85' lang='lat' dir='ltr'><strong>Dei,</strong></span> <span class='ocrx_word' id='word_1_701' title='bbox 3240 4380 3294 4426; x_wconf 91' lang='lat' dir='ltr'><strong>et</strong></span> <span class='ocrx_word' id='word_1_702' title='bbox 3328 4369 3496 4426; x_wconf 89' lang='lat' dir='ltr'><strong>Deum</strong></span> <span class='ocrx_word' id='word_1_703' title='bbox 3548 4369 3683 4426; x_wconf 82' lang='lat' dir='ltr'><strong>Ver-</strong></span> 
     </span>
    </p>
   </div>
   <div class='ocr_carea' id='block_1_94' title="bbox 431 4454 2007 4535">
    <p class='ocr_par' dir='ltr' id='par_1_94' title="bbox 431 4454 2007 4535">
     <span class='ocr_line' id='line_1_94' title="bbox 431 4454 2007 4535; baseline 0.006 -29"><span class='ocrx_word' id='word_1_704' title='bbox 431 4454 543 4507; x_wconf 85' lang='grc' dir='ltr'>τῶν</span> <span class='ocrx_word' id='word_1_705' title='bbox 578 4456 786 4528; x_wconf 84' lang='grc' dir='ltr'>νεκρῶν</span> <span class='ocrx_word' id='word_1_706' title='bbox 819 4458 908 4512; x_wconf 72' lang='grc' dir='ltr'><strong>τὸν</strong></span> <span class='ocrx_word' id='word_1_707' title='bbox 943 4458 1122 4524; x_wconf 75' lang='grc' dir='ltr'>ζῶντα</span> <span class='ocrx_word' id='word_1_708' title='bbox 1153 4459 1498 4531; x_wconf 78' lang='grc' dir='ltr'>ζητήσωμεν.</span> <span class='ocrx_word' id='word_1_709' title='bbox 1546 4462 1648 4514; x_wconf 84' lang='grc' dir='ltr'><strong>Τὸν</strong></span> <span class='ocrx_word' id='word_1_710' title='bbox 1687 4463 1795 4535; x_wconf 80' lang='grc' dir='ltr'>γὰρ</span> <span class='ocrx_word' id='word_1_711' title='bbox 1833 4463 2007 4527; x_wconf 73' lang='grc' dir='ltr'>οὓτως</span> 
     </span>
    </p>
   </div>
   <div class='ocr_carea' id='block_1_95' title="bbox 429 4547 2006 4625">
    <p class='ocr_par' dir='ltr' id='par_1_95' title="bbox 429 4547 2006 4625">
     <span class='ocr_line' id='line_1_95' title="bbox 429 4547 2006 4625; baseline 0.005 -23"><span class='ocrx_word' id='word_1_712' title='bbox 429 4547 594 4602; x_wconf 70' lang='grc' dir='ltr'>αὐτὸν</span> <span class='ocrx_word' id='word_1_713' title='bbox 618 4548 904 4619; x_wconf 78' lang='grc' dir='ltr'>ζητοῦντα,</span> <span class='ocrx_word' id='word_1_714' title='bbox 931 4553 1231 4607; x_wconf 79' lang='grc' dir='ltr'>ἀπωθεῖται</span> <span class='ocrx_word' id='word_1_715' title='bbox 1256 4554 1285 4606; x_wconf 90' lang='lat'><strong>6</strong></span> <span class='ocrx_word' id='word_1_716' title='bbox 1307 4552 1529 4624; x_wconf 84' lang='grc' dir='ltr'>Κύριος,</span> <span class='ocrx_word' id='word_1_717' title='bbox 1550 4553 1743 4622; x_wconf 78' lang='grc' dir='ltr'>λέγων’</span> <span class='ocrx_word' id='word_1_718' title='bbox 1764 4555 1861 4624; x_wconf 81' lang='grc' dir='ltr'><strong>Μή</strong></span> <span class='ocrx_word' id='word_1_719' title='bbox 1885 4573 2006 4625; x_wconf 85' lang='grc' dir='ltr'><strong>μου</strong></span> 
     </span>
    </p>
   </div>
   <div class='ocr_carea' id='block_1_96' title="bbox 432 4638 2006 4717">
    <p class='ocr_par' dir='ltr' id='par_1_96' title="bbox 432 4638 2006 4717">
     <span class='ocr_line' id='line_1_96' title="bbox 432 4638 2006 4717; baseline 0.004 -24"><span class='ocrx_word' id='word_1_720' title='bbox 432 4638 628 4693; x_wconf 70' lang='grc' dir='ltr'>ἄπῖου</span> <span class='ocrx_word' id='word_1_721' title='bbox 664 4656 678 4669; x_wconf 73' lang='grc'><strong><em>⁸</em></strong></span> <span class='ocrx_word' id='word_1_722' title='bbox 709 4641 824 4694; x_wconf 83' lang='grc' dir='ltr'>ἀλλ’</span> <span class='ocrx_word' id='word_1_723' title='bbox 855 4642 986 4696; x_wconf 86' lang='grc' dir='ltr'>ὅταν</span> <span class='ocrx_word' id='word_1_724' title='bbox 1010 4643 1196 4697; x_wconf 72' lang='grc' dir='ltr'>ἀναὸὦ</span> <span class='ocrx_word' id='word_1_725' title='bbox 1229 4642 1364 4715; x_wconf 81' lang='grc' dir='ltr'>πρὸς</span> <span class='ocrx_word' id='word_1_726' title='bbox 1388 4645 1480 4697; x_wconf 80' lang='grc' dir='ltr'>τὸν</span> <span class='ocrx_word' id='word_1_727' title='bbox 1505 4645 1891 4717; x_wconf 48' lang='grc' dir='ltr'>Πατέραητότε</span> <span class='ocrx_word' id='word_1_728' title='bbox 1924 4664 2006 4700; x_wconf 88' lang='grc' dir='ltr'><strong>σοι</strong></span> 
     </span>
    </p>
   </div>
   <div class='ocr_carea' id='block_1_97' title="bbox 430 4730 2007 4805">
    <p class='ocr_par' dir='ltr' id='par_1_97' title="bbox 430 4730 2007 4805">
     <span class='ocr_line' id='line_1_97' title="bbox 430 4730 2007 4805; baseline 0.007 -22"><span class='ocrx_word' id='word_1_729' title='bbox 430 4730 639 4797; x_wconf 75' lang='grc' dir='ltr'>ἔξεστιν</span> <span class='ocrx_word' id='word_1_730' title='bbox 669 4732 956 4787; x_wconf 73' lang='grc' dir='ltr'>ἅπτεσθαι.</span> <span class='ocrx_word' id='word_1_731' title='bbox 1001 4735 1346 4805; x_wconf 79' lang='grc' dir='ltr'>Ἀκούσωμεν</span> <span class='ocrx_word' id='word_1_732' title='bbox 1375 4735 1429 4788; x_wconf 89' lang='grc' dir='ltr'><strong>τί</strong></span> <span class='ocrx_word' id='word_1_733' title='bbox 1461 4737 1872 4804; x_wconf 81' lang='grc' dir='ltr'>εὐαγγελίζεται</span> <span class='ocrx_word' id='word_1_734' title='bbox 1911 4739 2007 4794; x_wconf 78' lang='grc' dir='ltr'>καὶ</span> 
     </span>
    </p>
   </div>
   <div class='ocr_carea' id='block_1_98' title="bbox 432 4823 2006 4899">
    <p class='ocr_par' dir='ltr' id='par_1_98' title="bbox 432 4823 2006 4899">
     <span class='ocr_line' id='line_1_98' title="bbox 432 4823 2006 4899; baseline 0.004 -23"><span class='ocrx_word' id='word_1_735' title='bbox 432 4826 468 4893; x_wconf 78' lang='grc' dir='ltr'><strong>ή</strong></span> <span class='ocrx_word' id='word_1_736' title='bbox 493 4823 628 4896; x_wconf 84' lang='grc' dir='ltr'>γυνὴ</span> <span class='ocrx_word' id='word_1_737' title='bbox 657 4826 689 4896; x_wconf 83' lang='grc' dir='ltr'>ἠ</span> <span class='ocrx_word' id='word_1_738' title='bbox 714 4826 1055 4896; x_wconf 71' lang='grc' dir='ltr'>προλαϐοῦσα</span> <span class='ocrx_word' id='word_1_739' title='bbox 1076 4828 1165 4880; x_wconf 78' lang='grc' dir='ltr'>τὸν</span> <span class='ocrx_word' id='word_1_740' title='bbox 1191 4827 1356 4899; x_wconf 81' lang='grc' dir='ltr'>ἄνδρα</span> <span class='ocrx_word' id='word_1_741' title='bbox 1383 4828 1472 4881; x_wconf 75' lang='grc' dir='ltr'><strong>διὰ</strong></span> <span class='ocrx_word' id='word_1_742' title='bbox 1496 4830 1597 4896; x_wconf 82' lang='grc' dir='ltr'>τῆς</span> <span class='ocrx_word' id='word_1_743' title='bbox 1621 4828 1877 4893; x_wconf 86' lang='grc' dir='ltr'>πίστεως,</span> <span class='ocrx_word' id='word_1_744' title='bbox 1909 4829 2006 4883; x_wconf 74' lang='grc' dir='ltr'>καὶ</span> 
     </span>
    </p>
   </div>
   <div class='ocr_carea' id='block_1_99' title="bbox 434 4916 2006 4989">
    <p class='ocr_par' dir='ltr' id='par_1_99' title="bbox 434 4916 2006 4989">
     <span class='ocr_line' id='line_1_99' title="bbox 434 4916 2006 4989; baseline 0.003 -19"><span class='ocrx_word' id='word_1_745' title='bbox 434 4916 614 4981; x_wconf 77' lang='grc' dir='ltr'>καλῶς</span> <span class='ocrx_word' id='word_1_746' title='bbox 664 4917 822 4970; x_wconf 80' lang='grc' dir='ltr'>τοῦτο</span> <span class='ocrx_word' id='word_1_747' title='bbox 871 4919 1174 4988; x_wconf 81' lang='grc' dir='ltr'>ποιήσασα,</span> <span class='ocrx_word' id='word_1_748' title='bbox 1227 4920 1316 4974; x_wconf 81' lang='grc' dir='ltr'>ἵνα</span> <span class='ocrx_word' id='word_1_749' title='bbox 1349 4920 1438 4974; x_wconf 76' lang='grc' dir='ltr'><strong>διὰ</strong></span> <span class='ocrx_word' id='word_1_750' title='bbox 1485 4918 1581 4973; x_wconf 79' lang='grc' dir='ltr'>τοῦ</span> <span class='ocrx_word' id='word_1_751' title='bbox 1633 4917 2006 4989; x_wconf 81' lang='grc' dir='ltr'>κατάρξασθαι</span> 
     </span>
    </p>
   </div>
   <div class='ocr_carea' id='block_1_100' title="bbox 434 5009 2007 5086">
    <p class='ocr_par' dir='ltr' id='par_1_100' title="bbox 434 5009 2007 5086">
     <span class='ocr_line' id='line_1_100' title="bbox 434 5009 2007 5086; baseline -0.007 -10"><span class='ocrx_word' id='word_1_752' title='bbox 434 5009 570 5080; x_wconf 70' lang='grc' dir='ltr'>πρὸς</span> <span class='ocrx_word' id='word_1_753' title='bbox 601 5009 661 5063; x_wconf 67' lang='grc' dir='ltr'>τὸ</span> <span class='ocrx_word' id='word_1_754' title='bbox 686 5009 890 5079; x_wconf 80' lang='grc' dir='ltr'>ἀγαθὸν</span> <span class='ocrx_word' id='word_1_755' title='bbox 918 5009 1045 5081; x_wconf 69' lang='grc' dir='ltr'>περὶ</span> <span class='ocrx_word' id='word_1_756' title='bbox 1074 5011 1171 5080; x_wconf 78' lang='grc' dir='ltr'>τῆς</span> <span class='ocrx_word' id='word_1_757' title='bbox 1192 5012 1287 5065; x_wconf 83' lang='grc' dir='ltr'>τοῦ</span> <span class='ocrx_word' id='word_1_758' title='bbox 1320 5013 1492 5066; x_wconf 80' lang='grc' dir='ltr'>κακοῦ</span> <span class='ocrx_word' id='word_1_759' title='bbox 1520 5012 1697 5075; x_wconf 84' lang='grc' dir='ltr'>αἰτίας</span> <span class='ocrx_word' id='word_1_760' title='bbox 1731 5014 2007 5086; x_wconf 81' lang='grc' dir='ltr'>ἀπολογή-</span> 
     </span>
    </p>
   </div>
   <div class='ocr_carea' id='block_1_101' title="bbox 435 5097 2006 5174">
    <p class='ocr_par' dir='ltr' id='par_1_101' title="bbox 435 5097 2006 5174">
     <span class='ocr_line' id='line_1_101' title="bbox 435 5097 2006 5174; baseline 0.006 -23"><span class='ocrx_word' id='word_1_761' title='bbox 435 5116 614 5170; x_wconf 78' lang='grc' dir='ltr'>σηται.</span> <span class='ocrx_word' id='word_1_762' title='bbox 662 5101 728 5154; x_wconf 92' lang='grc' dir='ltr'>Τί</span> <span class='ocrx_word' id='word_1_763' title='bbox 755 5097 849 5154; x_wconf 83' lang='grc' dir='ltr'><strong>οὖν</strong></span> <span class='ocrx_word' id='word_1_764' title='bbox 872 5103 985 5153; x_wconf 76' lang='grc' dir='ltr'>ἐστι</span> <span class='ocrx_word' id='word_1_765' title='bbox 1013 5101 1073 5154; x_wconf 85' lang='grc' dir='ltr'>τὸ</span> <span class='ocrx_word' id='word_1_766' title='bbox 1096 5104 1195 5174; x_wconf 83' lang='grc' dir='ltr'>τῆς</span> <span class='ocrx_word' id='word_1_767' title='bbox 1222 5105 1478 5173; x_wconf 82' lang='grc' dir='ltr'>γυναικὸς</span> <span class='ocrx_word' id='word_1_768' title='bbox 1497 5105 1855 5174; x_wconf 79' lang='grc' dir='ltr'>Εὐαγγέλιον;</span> <span class='ocrx_word' id='word_1_769' title='bbox 1891 5107 2006 5160; x_wconf 84' lang='grc' dir='ltr'><strong>Ὄν-</strong></span> 
     </span>
    </p>
   </div>
   <div class='ocr_carea' id='block_1_102' title="bbox 430 5192 2005 5268">
    <p class='ocr_par' dir='ltr' id='par_1_102' title="bbox 430 5192 2005 5268">
     <span class='ocr_line' id='line_1_102' title="bbox 430 5192 2005 5268; baseline 0.004 -23"><span class='ocrx_word' id='word_1_770' title='bbox 430 5210 538 5257; x_wconf 85' lang='grc' dir='ltr'><strong>τως</strong></span> <span class='ocrx_word' id='word_1_771' title='bbox 572 5196 672 5247; x_wconf 86' lang='grc' dir='ltr'><strong>οὐκ</strong></span> <span class='ocrx_word' id='word_1_772' title='bbox 706 5193 766 5260; x_wconf 82' lang='grc' dir='ltr'>ὲξ</span> <span class='ocrx_word' id='word_1_773' title='bbox 799 5192 1123 5266; x_wconf 82' lang='grc' dir='ltr'>ἀνθρώπων,</span> <span class='ocrx_word' id='word_1_774' title='bbox 1147 5195 1268 5249; x_wconf 81' lang='grc' dir='ltr'>οὐδὲ</span> <span class='ocrx_word' id='word_1_775' title='bbox 1295 5196 1363 5250; x_wconf 86' lang='grc' dir='ltr'><strong>δι’</strong></span> <span class='ocrx_word' id='word_1_776' title='bbox 1398 5196 1720 5268; x_wconf 83' lang='grc' dir='ltr'>ἀνθρώπων,</span> <span class='ocrx_word' id='word_1_777' title='bbox 1747 5196 1882 5251; x_wconf 83' lang='grc' dir='ltr'>ἀλλὰ</span> <span class='ocrx_word' id='word_1_778' title='bbox 1917 5197 2005 5251; x_wconf 84' lang='grc' dir='ltr'><strong>διὰ</strong></span> 
     </span>
    </p>
   </div>
   <div class='ocr_carea' id='block_1_103' title="bbox 445 5284 2003 5360">
    <p class='ocr_par' dir='ltr' id='par_1_103' title="bbox 445 5284 2003 5360">
     <span class='ocr_line' id='line_1_103' title="bbox 445 5284 2003 5360; baseline 0.003 -24"><span class='ocrx_word' id='word_1_779' title='bbox 445 5284 619 5354; x_wconf 79' lang='grc' dir='ltr'>Ἰησοῦ</span> <span class='ocrx_word' id='word_1_780' title='bbox 653 5284 915 5354; x_wconf 84' lang='grc' dir='ltr'>Χριστοῦ.</span> <span class='ocrx_word' id='word_1_781' title='bbox 970 5286 1169 5340; x_wconf 80' lang='grc' dir='ltr'>’Λκουε</span> <span class='ocrx_word' id='word_1_782' title='bbox 1211 5288 1340 5360; x_wconf 85' lang='grc' dir='ltr'>γάρ,</span> <span class='ocrx_word' id='word_1_783' title='bbox 1385 5288 1570 5358; x_wconf 77' lang='grc' dir='ltr'>φησὶν,</span> <span class='ocrx_word' id='word_1_784' title='bbox 1614 5288 1643 5342; x_wconf 85' lang='grc' dir='ltr'><strong>ὃ</strong></span> <span class='ocrx_word' id='word_1_785' title='bbox 1689 5287 2003 5342; x_wconf 78' lang='grc' dir='ltr'>ἐντέταλται</span> 
     </span>
    </p>
   </div>
   <div class='ocr_carea' id='block_1_104' title="bbox 436 5376 2002 5450">
    <p class='ocr_par' dir='ltr' id='par_1_104' title="bbox 436 5376 2002 5450">
     <span class='ocr_line' id='line_1_104' title="bbox 436 5376 2002 5450; baseline 0.003 -22"><span class='ocrx_word' id='word_1_786' title='bbox 436 5376 565 5446; x_wconf 70' lang='grc' dir='ltr'>ἡμῖν</span> <span class='ocrx_word' id='word_1_787' title='bbox 590 5377 619 5428; x_wconf 92' lang='lat'><strong>6</strong></span> <span class='ocrx_word' id='word_1_788' title='bbox 650 5376 851 5447; x_wconf 80' lang='grc' dir='ltr'>Κύριος</span> <span class='ocrx_word' id='word_1_789' title='bbox 883 5377 1019 5450; x_wconf 70' lang='grc' dir='ltr'>πρὸς</span> <span class='ocrx_word' id='word_1_790' title='bbox 1047 5378 1189 5448; x_wconf 82' lang='grc' dir='ltr'>ὑμᾶς</span> <span class='ocrx_word' id='word_1_791' title='bbox 1214 5379 1408 5442; x_wconf 81' lang='grc' dir='ltr'>εἰπεῖν,</span> <span class='ocrx_word' id='word_1_792' title='bbox 1434 5381 1577 5450; x_wconf 76' lang='grc' dir='ltr'>ὑμᾶς</span> <span class='ocrx_word' id='word_1_793' title='bbox 1605 5378 1701 5444; x_wconf 79' lang='grc' dir='ltr'>οὓς</span> <span class='ocrx_word' id='word_1_794' title='bbox 1728 5380 1823 5433; x_wconf 75' lang='grc' dir='ltr'>καὶ</span> <span class='ocrx_word' id='word_1_795' title='bbox 1847 5378 2002 5433; x_wconf 81' lang='grc' dir='ltr'>ἀδελ-</span> 
     </span>
    </p>
   </div>
   <div class='ocr_carea' id='block_1_105' title="bbox 432 5467 2006 5542">
    <p class='ocr_par' dir='ltr' id='par_1_105' title="bbox 432 5467 2006 5542">
     <span class='ocr_line' id='line_1_105' title="bbox 432 5467 2006 5542; baseline 0.003 -22"><span class='ocrx_word' id='word_1_796' title='bbox 432 5469 564 5536; x_wconf 65' lang='grc' dir='ltr'>φοὺς</span> <span class='ocrx_word' id='word_1_797' title='bbox 597 5467 762 5523; x_wconf 80' lang='grc' dir='ltr'>αὐτοῦ</span> <span class='ocrx_word' id='word_1_798' title='bbox 798 5469 1194 5542; x_wconf 80' lang='grc' dir='ltr'>κατονομάζει,</span> <span class='ocrx_word' id='word_1_799' title='bbox 1228 5471 1310 5524; x_wconf 84' lang='grc' dir='ltr'>ὅτι</span> <span class='ocrx_word' id='word_1_800' title='bbox 1341 5472 1670 5541; x_wconf 79' lang='grc' dir='ltr'>Πορεὺομαι</span> <span class='ocrx_word' id='word_1_801' title='bbox 1705 5470 1857 5540; x_wconf 80' lang='grc' dir='ltr'>πρὸς</span> <span class='ocrx_word' id='word_1_802' title='bbox 1898 5469 2006 5525; x_wconf 77' lang='grc' dir='ltr'><strong>τὸν</strong></span> 
     </span>
    </p>
   </div>
   <div class='ocr_carea' id='block_1_106' title="bbox 2107 4462 3683 4535">
    <p class='ocr_par' dir='ltr' id='par_1_106' title="bbox 2107 4462 3683 4535">
     <span class='ocr_line' id='line_1_106' title="bbox 2107 4462 3683 4535; baseline -0.003 -14"><span class='ocrx_word' id='word_1_803' title='bbox 2107 4468 2258 4531; x_wconf 92' lang='lat' dir='ltr'><strong>bum,</strong></span> <span class='ocrx_word' id='word_1_804' title='bbox 2288 4466 2393 4520; x_wconf 84' lang='lat' dir='ltr'><strong>ﬁde</strong></span> <span class='ocrx_word' id='word_1_805' title='bbox 2426 4465 2814 4535; x_wconf 87' lang='lat' dir='ltr'><strong>conceperitis,</strong></span> <span class='ocrx_word' id='word_1_806' title='bbox 2850 4476 2981 4520; x_wconf 91' lang='lat' dir='ltr'><strong>tunc</strong></span> <span class='ocrx_word' id='word_1_807' title='bbox 3010 4479 3117 4529; x_wconf 88' lang='lat' dir='ltr'><strong>me,</strong></span> <span class='ocrx_word' id='word_1_808' title='bbox 3171 4478 3280 4518; x_wconf 93' lang='lat' dir='ltr'><strong>non</strong></span> <span class='ocrx_word' id='word_1_809' title='bbox 3318 4470 3499 4517; x_wconf 90' lang='lat' dir='ltr'><strong>autem</strong></span> <span class='ocrx_word' id='word_1_810' title='bbox 3550 4462 3683 4517; x_wconf 84' lang='lat' dir='ltr'><strong>sim-</strong></span> 
     </span>
    </p>
   </div>
   <div class='ocr_carea' id='block_1_107' title="bbox 2107 4553 3680 4632">
    <p class='ocr_par' dir='ltr' id='par_1_107' title="bbox 2107 4553 3680 4632">
     <span class='ocr_line' id='line_1_107' title="bbox 2107 4553 3680 4632; baseline -0.004 -18"><span class='ocrx_word' id='word_1_811' title='bbox 2107 4561 2299 4632; x_wconf 89' lang='lat' dir='ltr'><strong>plicem</strong></span> <span class='ocrx_word' id='word_1_812' title='bbox 2329 4559 2472 4615; x_wconf 88' lang='lat' dir='ltr'><strong>servi</strong></span> <span class='ocrx_word' id='word_1_813' title='bbox 2497 4557 2752 4622; x_wconf 81' lang='lat' dir='ltr'><strong>formam,</strong></span> <span class='ocrx_word' id='word_1_814' title='bbox 2794 4554 3079 4627; x_wconf 88' lang='lat' dir='ltr'><strong>adoretis.]</strong></span> <span class='ocrx_word' id='word_1_815' title='bbox 3130 4553 3431 4608; x_wconf 80' lang='lat' dir='ltr'><strong>Audiamus</strong></span> <span class='ocrx_word' id='word_1_816' title='bbox 3476 4553 3680 4608; x_wconf 88' lang='lat' dir='ltr'><strong>bonum</strong></span> 
     </span>
    </p>
   </div>
   <div class='ocr_carea' id='block_1_108' title="bbox 2105 4640 3678 4719">
    <p class='ocr_par' dir='ltr' id='par_1_108' title="bbox 2105 4640 3678 4719">
     <span class='ocr_line' id='line_1_108' title="bbox 2105 4640 3678 4719; baseline -0.006 -15"><span class='ocrx_word' id='word_1_817' title='bbox 2105 4651 2385 4712; x_wconf 89' lang='lat' dir='ltr'><strong>nuntium,</strong></span> <span class='ocrx_word' id='word_1_818' title='bbox 2416 4663 2580 4719; x_wconf 89' lang='lat' dir='ltr'><strong>quem</strong></span> <span class='ocrx_word' id='word_1_819' title='bbox 2612 4647 2769 4701; x_wconf 90' lang='lat' dir='ltr'><strong>nobis</strong></span> <span class='ocrx_word' id='word_1_820' title='bbox 2795 4644 2991 4700; x_wconf 89' lang='lat' dir='ltr'><strong>mulier</strong></span> <span class='ocrx_word' id='word_1_821' title='bbox 3018 4642 3195 4707; x_wconf 77' lang='lat' dir='ltr'><strong>atl‘ert,</strong></span> <span class='ocrx_word' id='word_1_822' title='bbox 3226 4656 3349 4713; x_wconf 73' lang='lat' dir='ltr'><strong>qua:</strong></span> <span class='ocrx_word' id='word_1_823' title='bbox 3382 4640 3487 4697; x_wconf 68' lang='lat' dir='ltr'><strong>title</strong></span> <span class='ocrx_word' id='word_1_824' title='bbox 3508 4642 3678 4711; x_wconf 85' lang='lat' dir='ltr'><strong>prior,</strong></span> 
     </span>
    </p>
   </div>
   <div class='ocr_carea' id='block_1_109' title="bbox 2104 4732 3679 4814">
    <p class='ocr_par' dir='ltr' id='par_1_109' title="bbox 2104 4732 3679 4814">
     <span class='ocr_line' id='line_1_109' title="bbox 2104 4732 3679 4814; baseline -0.004 -17"><span class='ocrx_word' id='word_1_825' title='bbox 2104 4757 2267 4814; x_wconf 87' lang='lat' dir='ltr'><strong>quam</strong></span> <span class='ocrx_word' id='word_1_826' title='bbox 2298 4740 2403 4807; x_wconf 87' lang='lat' dir='ltr'><strong>vir,</strong></span> <span class='ocrx_word' id='word_1_827' title='bbox 2431 4739 2670 4800; x_wconf 88' lang='lat' dir='ltr'><strong>accedit,</strong></span> <span class='ocrx_word' id='word_1_828' title='bbox 2702 4750 2768 4792; x_wconf 89' lang='lat' dir='ltr'><strong>ac</strong></span> <span class='ocrx_word' id='word_1_829' title='bbox 2797 4734 2992 4792; x_wconf 88' lang='lat' dir='ltr'><strong>merito</strong></span> <span class='ocrx_word' id='word_1_830' title='bbox 3020 4734 3261 4806; x_wconf 86' lang='lat' dir='ltr'><strong>quidem,</strong></span> <span class='ocrx_word' id='word_1_831' title='bbox 3287 4741 3346 4788; x_wconf 90' lang='lat' dir='ltr'><strong>ut</strong></span> <span class='ocrx_word' id='word_1_832' title='bbox 3402 4732 3679 4804; x_wconf 84' lang='lat' dir='ltr'><strong>incipiens</strong></span> 
     </span>
    </p>
   </div>
   <div class='ocr_carea' id='block_1_110' title="bbox 2107 4822 3681 4901">
    <p class='ocr_par' dir='ltr' id='par_1_110' title="bbox 2107 4822 3681 4901">
     <span class='ocr_line' id='line_1_110' title="bbox 2107 4822 3681 4901; baseline -0.004 -16"><span class='ocrx_word' id='word_1_833' title='bbox 2107 4832 2223 4901; x_wconf 84' lang='lat' dir='ltr'><strong>ipsa</strong></span> <span class='ocrx_word' id='word_1_834' title='bbox 2250 4829 2318 4884; x_wconf 87' lang='lat' dir='ltr'><strong>ad</strong></span> <span class='ocrx_word' id='word_1_835' title='bbox 2348 4831 2547 4884; x_wconf 90' lang='lat' dir='ltr'><strong>bonum</strong></span> <span class='ocrx_word' id='word_1_836' title='bbox 2589 4842 2836 4891; x_wconf 91' lang='lat' dir='ltr'><strong>currere,</strong></span> <span class='ocrx_word' id='word_1_837' title='bbox 2859 4825 3034 4880; x_wconf 85' lang='lat' dir='ltr'><strong>diluat</strong></span> <span class='ocrx_word' id='word_1_838' title='bbox 3061 4823 3293 4888; x_wconf 83' lang='lat' dir='ltr'><strong>crimen,</strong></span> <span class='ocrx_word' id='word_1_839' title='bbox 3336 4823 3393 4878; x_wconf 90' lang='lat' dir='ltr'><strong>in</strong></span> <span class='ocrx_word' id='word_1_840' title='bbox 3420 4822 3567 4895; x_wconf 90' lang='lat' dir='ltr'><strong>quod</strong></span> <span class='ocrx_word' id='word_1_841' title='bbox 3592 4823 3681 4878; x_wconf 81' lang='lat' dir='ltr'><strong>in-</strong></span> 
     </span>
    </p>
   </div>
   <div class='ocr_carea' id='block_1_111' title="bbox 2107 4914 3679 4986">
    <p class='ocr_par' dir='ltr' id='par_1_111' title="bbox 2107 4914 3679 4986">
     <span class='ocr_line' id='line_1_111' title="bbox 2107 4914 3679 4986; baseline -0.005 -9"><span class='ocrx_word' id='word_1_842' title='bbox 2107 4922 2265 4986; x_wconf 90' lang='lat' dir='ltr'><strong>cidit,</strong></span> <span class='ocrx_word' id='word_1_843' title='bbox 2307 4935 2431 4975; x_wconf 91' lang='lat' dir='ltr'><strong>cum</strong></span> <span class='ocrx_word' id='word_1_844' title='bbox 2460 4927 2585 4974; x_wconf 89' lang='lat' dir='ltr'><strong>ante</strong></span> <span class='ocrx_word' id='word_1_845' title='bbox 2615 4918 2861 4975; x_wconf 89' lang='lat' dir='ltr'><strong>cucurrit</strong></span> <span class='ocrx_word' id='word_1_846' title='bbox 2890 4916 2956 4971; x_wconf 91' lang='lat' dir='ltr'><strong>ad</strong></span> <span class='ocrx_word' id='word_1_847' title='bbox 2985 4915 3211 4970; x_wconf 86' lang='lat' dir='ltr'><strong>malum.</strong></span> <span class='ocrx_word' id='word_1_848' title='bbox 3244 4914 3469 4986; x_wconf 88' lang='lat' dir='ltr'><strong>Ecquod</strong></span> <span class='ocrx_word' id='word_1_849' title='bbox 3512 4914 3679 4984; x_wconf 87' lang='lat' dir='ltr'><strong>igitur</strong></span> 
     </span>
    </p>
   </div>
   <div class='ocr_carea' id='block_1_112' title="bbox 2106 5003 3677 5079">
    <p class='ocr_par' dir='ltr' id='par_1_112' title="bbox 2106 5003 3677 5079">
     <span class='ocr_line' id='line_1_112' title="bbox 2106 5003 3677 5079; baseline -0.005 -10"><span class='ocrx_word' id='word_1_850' title='bbox 2106 5021 2190 5070; x_wconf 89' lang='lat' dir='ltr'><strong>est</strong></span> <span class='ocrx_word' id='word_1_851' title='bbox 2220 5013 2324 5065; x_wconf 87' lang='lat' dir='ltr'><strong>hoc</strong></span> <span class='ocrx_word' id='word_1_852' title='bbox 2348 5010 2596 5066; x_wconf 89' lang='lat' dir='ltr'><strong>mulieris</strong></span> <span class='ocrx_word' id='word_1_853' title='bbox 2645 5003 3041 5079; x_wconf 82' lang='lat' dir='ltr'><strong>Evangelium?</strong></span> <span class='ocrx_word' id='word_1_854' title='bbox 3081 5004 3197 5061; x_wconf 81' lang='lat' dir='ltr'><strong>Non</strong></span> <span class='ocrx_word' id='word_1_855' title='bbox 3246 5021 3313 5060; x_wconf 81' lang='lat' dir='ltr'><strong>ex</strong></span> <span class='ocrx_word' id='word_1_856' title='bbox 3362 5004 3677 5061; x_wconf 88' lang='lat' dir='ltr'><strong>hominibus</strong></span> 
     </span>
    </p>
   </div>
   <div class='ocr_carea' id='block_1_113' title="bbox 2108 5093 3679 5175">
    <p class='ocr_par' dir='ltr' id='par_1_113' title="bbox 2108 5093 3679 5175">
     <span class='ocr_line' id='line_1_113' title="bbox 2108 5093 3679 5175; baseline -0.008 -16"><span class='ocrx_word' id='word_1_857' title='bbox 2108 5101 2373 5175; x_wconf 82' lang='lat' dir='ltr'><strong>profecto,</strong></span> <span class='ocrx_word' id='word_1_858' title='bbox 2411 5115 2591 5170; x_wconf 84' lang='lat' dir='ltr'><strong>neque</strong></span> <span class='ocrx_word' id='word_1_859' title='bbox 2624 5113 2719 5169; x_wconf 85' lang='lat' dir='ltr'><strong>per</strong></span> <span class='ocrx_word' id='word_1_860' title='bbox 2747 5099 3019 5162; x_wconf 82' lang='lat' dir='ltr'><strong>homines,</strong></span> <span class='ocrx_word' id='word_1_861' title='bbox 3061 5097 3156 5153; x_wconf 90' lang='lat' dir='ltr'><strong>sed</strong></span> <span class='ocrx_word' id='word_1_862' title='bbox 3184 5111 3280 5168; x_wconf 90' lang='lat' dir='ltr'><strong>per</strong></span> <span class='ocrx_word' id='word_1_863' title='bbox 3313 5093 3679 5151; x_wconf 72' lang='lat' dir='ltr'><strong>Jesumtlhri-</strong></span> 
     </span>
    </p>
   </div>
   <div class='ocr_carea' id='block_1_114' title="bbox 2110 5188 3677 5261">
    <p class='ocr_par' dir='ltr' id='par_1_114' title="bbox 2110 5188 3677 5261">
     <span class='ocr_line' id='line_1_114' title="bbox 2110 5188 3677 5261; baseline -0.003 -13"><span class='ocrx_word' id='word_1_864' title='bbox 2110 5202 2280 5250; x_wconf 90' lang='lat' dir='ltr'><strong>stum.</strong></span> <span class='ocrx_word' id='word_1_865' title='bbox 2319 5191 2542 5256; x_wconf 82' lang='lat' dir='ltr'><strong>Audite,</strong></span> <span class='ocrx_word' id='word_1_866' title='bbox 2577 5189 2777 5261; x_wconf 84' lang='lat' dir='ltr'><strong>inquit,</strong></span> <span class='ocrx_word' id='word_1_867' title='bbox 2811 5189 2956 5260; x_wconf 89' lang='lat' dir='ltr'><strong>quod</strong></span> <span class='ocrx_word' id='word_1_868' title='bbox 2995 5189 3127 5244; x_wconf 87' lang='lat' dir='ltr'><strong>mihi</strong></span> <span class='ocrx_word' id='word_1_869' title='bbox 3163 5188 3446 5254; x_wconf 89' lang='lat' dir='ltr'><strong>Dominus,</strong></span> <span class='ocrx_word' id='word_1_870' title='bbox 3479 5194 3540 5241; x_wconf 93' lang='lat' dir='ltr'><strong>ut</strong></span> <span class='ocrx_word' id='word_1_871' title='bbox 3578 5201 3677 5243; x_wconf 82' lang='lat' dir='ltr'><strong>vo-</strong></span> 
     </span>
    </p>
   </div>
   <div class='ocr_carea' id='block_1_115' title="bbox 2109 5272 3676 5354">
    <p class='ocr_par' dir='ltr' id='par_1_115' title="bbox 2109 5272 3676 5354">
     <span class='ocr_line' id='line_1_115' title="bbox 2109 5272 3676 5354; baseline -0.004 -12"><span class='ocrx_word' id='word_1_872' title='bbox 2109 5285 2196 5342; x_wconf 88' lang='lat' dir='ltr'><strong>bis</strong></span> <span class='ocrx_word' id='word_1_873' title='bbox 2232 5299 2372 5354; x_wconf 86' lang='lat' dir='ltr'><strong>quos</strong></span> <span class='ocrx_word' id='word_1_874' title='bbox 2416 5282 2614 5337; x_wconf 81' lang='lat' dir='ltr'><strong>fratres</strong></span> <span class='ocrx_word' id='word_1_875' title='bbox 2644 5281 2809 5336; x_wconf 88' lang='lat' dir='ltr'><strong>etiam</strong></span> <span class='ocrx_word' id='word_1_876' title='bbox 2863 5282 3129 5350; x_wconf 85' lang='lat' dir='ltr'><strong>nominat,</strong></span> <span class='ocrx_word' id='word_1_877' title='bbox 3162 5272 3509 5345; x_wconf 83' lang='lat' dir='ltr'><strong>nuntiarem,</strong></span> <span class='ocrx_word' id='word_1_878' title='bbox 3559 5279 3676 5351; x_wconf 88' lang='lat' dir='ltr'><strong>ipse</strong></span> 
     </span>
    </p>
   </div>
   <div class='ocr_carea' id='block_1_116' title="bbox 2109 5371 3676 5440">
    <p class='ocr_par' dir='ltr' id='par_1_116' title="bbox 2109 5371 3676 5440">
     <span class='ocr_line' id='line_1_116' title="bbox 2109 5371 3676 5440; baseline -0.004 -9"><span class='ocrx_word' id='word_1_879' title='bbox 2109 5374 2407 5432; x_wconf 90' lang='lat' dir='ltr'><strong>mandavit.</strong></span> <span class='ocrx_word' id='word_1_880' title='bbox 2454 5371 2716 5437; x_wconf 74' lang='lat' dir='ltr'><strong>Ascendo,</strong></span> <span class='ocrx_word' id='word_1_881' title='bbox 2766 5371 2965 5440; x_wconf 86' lang='lat' dir='ltr'><strong>inquit,</strong></span> <span class='ocrx_word' id='word_1_882' title='bbox 3011 5371 3081 5426; x_wconf 82' lang='lat' dir='ltr'><strong>ad</strong></span> <span class='ocrx_word' id='word_1_883' title='bbox 3133 5372 3351 5428; x_wconf 81' lang='lat' dir='ltr'><strong>Patrem</strong></span> <span class='ocrx_word' id='word_1_884' title='bbox 3393 5387 3587 5437; x_wconf 82' lang='lat' dir='ltr'><strong>meum,</strong></span> <span class='ocrx_word' id='word_1_885' title='bbox 3623 5379 3676 5426; x_wconf 83' lang='lat' dir='ltr'><strong>et</strong></span> 
     </span>
    </p>
   </div>
   <div class='ocr_carea' id='block_1_117' title="bbox 2106 5461 3672 5531">
    <p class='ocr_par' dir='ltr' id='par_1_117' title="bbox 2106 5461 3672 5531">
     <span class='ocr_line' id='line_1_117' title="bbox 2106 5461 3672 5531; baseline -0.005 -8"><span class='ocrx_word' id='word_1_886' title='bbox 2106 5468 2320 5523; x_wconf 83' lang='lat' dir='ltr'><strong>Patrem</strong></span> <span class='ocrx_word' id='word_1_887' title='bbox 2361 5474 2611 5531; x_wconf 66' lang='lat' dir='ltr'><strong>vestrum,</strong></span> <span class='ocrx_word' id='word_1_888' title='bbox 2644 5461 2811 5516; x_wconf 84' lang='lat' dir='ltr'><strong>Deum</strong></span> <span class='ocrx_word' id='word_1_889' title='bbox 2842 5476 3034 5525; x_wconf 85' lang='lat' dir='ltr'><strong>meum,</strong></span> <span class='ocrx_word' id='word_1_890' title='bbox 3063 5470 3113 5516; x_wconf 80' lang='lat' dir='ltr'><strong>et</strong></span> <span class='ocrx_word' id='word_1_891' title='bbox 3151 5461 3319 5518; x_wconf 87' lang='lat' dir='ltr'><strong>Deum</strong></span> <span class='ocrx_word' id='word_1_892' title='bbox 3349 5473 3574 5518; x_wconf 74' lang='lat' dir='ltr'><strong>vestrum</strong></span> <span class='ocrx_word' id='word_1_893' title='bbox 3605 5462 3672 5515; x_wconf 76' lang='lat'><strong>“.</strong></span> 
     </span>
    </p>
   </div>
   <div class='ocr_carea' id='block_1_118' title="bbox 504 5615 3533 5720">
    <p class='ocr_par' dir='ltr' id='par_1_118' title="bbox 504 5615 3533 5720">
     <span class='ocr_line' id='line_1_118' title="bbox 504 5615 3533 5720; baseline -0.004 -14"><span class='ocrx_word' id='word_1_894' title='bbox 504 5655 550 5685; x_wconf 73' lang='grc'><strong>³⁸</strong></span> <span class='ocrx_word' id='word_1_895' title='bbox 580 5654 601 5706; x_wconf 89' lang='lat' dir='ltr'><strong>l</strong></span> <span class='ocrx_word' id='word_1_896' title='bbox 639 5653 768 5708; x_wconf 87' lang='lat' dir='ltr'><strong>Cor.</strong></span> <span class='ocrx_word' id='word_1_897' title='bbox 804 5670 897 5720; x_wconf 87' lang='lat' dir='ltr'><strong>vn,</strong></span> <span class='ocrx_word' id='word_1_898' title='bbox 926 5652 1013 5709; x_wconf 77' lang='lat'><strong>3|.</strong></span> <span class='ocrx_word' id='word_1_899' title='bbox 1089 5656 1132 5687; x_wconf 82' lang='lat'><strong>&quot;</strong></span> <span class='ocrx_word' id='word_1_900' title='bbox 1165 5653 1354 5711; x_wconf 80' lang='lat' dir='ltr'><strong>Matth.</strong></span> <span class='ocrx_word' id='word_1_901' title='bbox 1387 5671 1438 5719; x_wconf 71' lang='grc' dir='ltr'><strong>ν,</strong></span> <span class='ocrx_word' id='word_1_902' title='bbox 1478 5654 1564 5710; x_wconf 76' lang='grc'><strong>18.</strong></span> <span class='ocrx_word' id='word_1_903' title='bbox 1643 5654 1687 5686; x_wconf 81' lang='grc'><strong>⁵⁸</strong></span> <span class='ocrx_word' id='word_1_904' title='bbox 1717 5653 1735 5707; x_wconf 89' lang='lat' dir='ltr'><strong>l</strong></span> <span class='ocrx_word' id='word_1_905' title='bbox 1769 5652 1893 5709; x_wconf 89' lang='lat' dir='ltr'><strong>Cor.</strong></span> <span class='ocrx_word' id='word_1_906' title='bbox 1931 5669 2020 5718; x_wconf 82' lang='lat' dir='ltr'><strong>xv,</strong></span> <span class='ocrx_word' id='word_1_907' title='bbox 2058 5651 2149 5706; x_wconf 78' lang='lat'><strong>28.</strong></span> <span class='ocrx_word' id='word_1_908' title='bbox 2224 5650 2269 5682; x_wconf 85' lang='lat'>&quot;</span> <span class='ocrx_word' id='word_1_909' title='bbox 2304 5649 2321 5704; x_wconf 93' lang='lat' dir='ltr'><strong>l</strong></span> <span class='ocrx_word' id='word_1_910' title='bbox 2354 5615 2483 5705; x_wconf 74' lang='lat' dir='ltr'><strong>cur.</strong></span> <span class='ocrx_word' id='word_1_911' title='bbox 2517 5663 2594 5711; x_wconf 77' lang='lat' dir='ltr'><strong>xi,</strong></span> <span class='ocrx_word' id='word_1_912' title='bbox 2623 5643 2713 5698; x_wconf 65' lang='lat'><strong>“2.8.</strong></span> <span class='ocrx_word' id='word_1_913' title='bbox 2793 5640 2835 5671; x_wconf 82' lang='grc'><strong>⁶⁰</strong></span> <span class='ocrx_word' id='word_1_914' title='bbox 2857 5638 3016 5694; x_wconf 81' lang='lat' dir='ltr'><strong>Joan.</strong></span> <span class='ocrx_word' id='word_1_915' title='bbox 3040 5654 3133 5700; x_wconf 72' lang='lat' dir='ltr'><strong>xx.</strong></span> <span class='ocrx_word' id='word_1_916' title='bbox 3162 5638 3250 5696; x_wconf 83' lang='lat' dir='ltr'><strong>l7.</strong></span> <span class='ocrx_word' id='word_1_917' title='bbox 3326 5641 3368 5672; x_wconf 75' lang='grc'><strong>⁸⁸</strong></span> <span class='ocrx_word' id='word_1_918' title='bbox 3401 5640 3533 5695; x_wconf 87' lang='lat' dir='ltr'><strong>ibid.</strong></span> 
     </span>
    </p>
   </div>
  </div>
