4084 6158
405 273 510 331 627

1712 283 1770 338 S.
1802 281 2130 341 GRECORII
2164 284 2453 342 NYSSENI

3540 295 3643 352 6'23

407 398 451 451 0
487 397 742 451 nuntium
789 398 1105 467 praeclarum
1145 407 1200 453 et
1232 397 1469 453 bonum!
1522 399 1625 466 Qui
1676 418 1776 472 pro
1814 404 1973 460 nobis

2079 409 2307 479 Πατέρα
2320 428 2460 480 μου,
2491 408 2587 463 καὶ
2611 408 2839 478 Πατέρα
2868 411 3053 480 ὑμῶν,
3086 411 3183 466 καὶ
3213 413 3360 466 Geor
3380 430 3522 483 μου,
3546 416 3644 469 καὶ

407 488 588 545 factus
617 496 700 542 est
733 487 916 552 homo,
967 488 1015 543 is
1043 501 1167 544 cum
1220 490 1291 544 sit
1327 488 1673 563 Unigcnitus,
1723 510 1833 564 quo
1867 512 1969 551 nos

406 576 605 634 fratres
638 577 833 633 elliciat
857 592 1008 641 suos,
1044 595 1103 634 se
1128 580 1400 636 hominem
1425 583 1489 639 ad
1529 599 1718 638 verum
1752 584 1967 640 Patrem

405 670 646 735 adducit,
704 678 762 724 ut
794 687 890 740 per
938 686 998 727 se
1035 672 1212 742 ipsum
1248 688 1441 729 omnes
1482 684 1749 744 cognatos
1783 692 1968 732 secum

405 760 606 826 trahat,
645 775 714 815 ne
749 760 926 830 possit
977 761 1087 816 illis
1136 763 1371 833 amplius
1414 764 1601 833 objici,
1656 764 1801 835 quod
1851 781 1967 830 eos,

403 852 497 922 qui
530 858 723 906 natura
752 852 826 907 dii
855 867 962 906 non
988 862 1138 916 sunt,
1178 854 1545 910 adoraverint.
1592 855 1801 912 Etenim
1844 873 1967 911 cum

404 943 472 996 ad
503 942 772 998 viventem
802 951 855 998 et
892 959 1081 999 verum
1131 944 1301 1000 Deum
1351 945 1689 1001 adorandum
1730 948 1968 1003 revocati

400 1035 537 1099 sint,
564 1035 634 1090 ab
662 1034 972 1091 hmreditate
997 1046 1222 1106 paterna
1252 1045 1510 1108 tanquam
1548 1039 1739 1109 rejecti
1784 1055 1970 1110 repro-

405 1127 626 1195 batique
659 1142 767 1181 non
807 1137 1039 1198 possunt
1069 1128 1307 1191 excludi,
1337 1131 1593 1200 quoniam
1628 1130 1822 1186 Filium
1875 1147 1969 1187 ve-

405 1231 527 1271 rum
558 1215 658 1286 ipsi
679 1232 774 1286 per
803 1217 1149 1286 adoptionem
1177 1218 1268 1273 lilii
1294 1220 1465 1274 secuti
1488 1229 1637 1277 sunt.
1656 1219 1758 1286 Qui
1782 1221 1968 1277 multis

403 1307 460 1360 in
498 1306 762 1362 fratribus
793 1307 1216 1378 primogenitum
1246 1319 1513 1364 creaturae
1533 1325 1593 1365 se
1627 1325 1724 1380 per
1745 1325 1967 1366 carnem

401 1397 662 1464 etﬁciens,
697 1413 913 1453 omnem
966 1405 1217 1453 naturam
1253 1400 1568 1464 humanam,
1592 1402 1751 1471 cujus
1801 1406 1972 1473 parti-

402 1504 528 1559 ceps
553 1503 677 1544 esse
694 1488 883 1553 voluit,
901 1498 1195 1558 assumpta.-
1210 1489 1394 1544 carnis
1420 1490 1827 1545 necessitudine
1862 1491 1966 1546 sibi

402 1578 708 1648 conjunxit.
740 1577 845 1635 Sed
879 1581 1004 1650 quia
1037 1581 1193 1650 panis
1232 1596 1455 1650 azymus
1486 1588 1613 1637 ante
1633 1580 1843 1638 Pascha
1870 1598 1969 1653 pro

402 1670 634 1725 obsonio
668 1668 867 1724 herbas
922 1682 1137 1724 amaras
1170 1669 1357 1735 habet,
1392 1669 1677 1727 videamus
1728 1687 1835 1742 qua
1876 1671 1966 1741 ju-

2076 500 2223 555 Θεὸν
2253 500 2439 570 ὑμῶν.
2475 502 2538 553 Ὢ
2578 500 2757 555 καλῶν
2797 519 2857 555 τε
2886 503 2978 556 καὶ
3007 502 3224 571 ἀγαθῶν
3273 504 3640 572 εὐαγγελίωνι

2083 591 2142 643 '0
2178 591 2243 643 δι’
2276 591 2419 660 ἡμᾶς
2467 591 2753 662 γενόμενος
2784 591 2905 644 καθ’
2938 593 3104 663 ἡμᾶς.
3141 593 3226 646 ἵνα
3254 593 3342 647 διὰ
3371 594 3465 648 τοῦ
3495 595 3646 663 γενέ-

2080 679 2203 733 σθαι
2231 683 2364 751 ἡμῖν
2412 681 2679 750 ὁμογενὴς
2699 719 2714 744 ,
2745 681 3004 750 ἀδελφοὺς
3027 685 3175 754 ἡμᾶς
3200 682 3388 737 ἐαυτοῦ
3417 685 3642 755 ποιήσῃ,

2074 772 2338 841 προσάγει
2355 771 2446 824 τὸν
2468 772 2661 825 ἑαυτοῦ
2683 772 2966 842 ἄνθρωπον
2981 772 3058 843 τῷ
3081 773 3316 845 ἀληθινῷ
3340 777 3532 846 Πατρὶ,
3559 776 3645 829 ἵνα

2073 862 2140 916 δι’
2170 862 2334 916 αὑτοῦ
2363 862 2506 916 ἅπαν
2540 864 2600 918 τὸ
2622 864 2878 935 ὁμογενὲς
2914 865 3298 936 ἐφελκύσηται,
3343 865 3418 930 ὡς
3450 868 3644 938 μηκέτι

2073 956 2272 1020 ὄνειδος
2293 951 2560 1022 εἶναιτοῖς
2586 956 2898 1010 δουλεύσασι
2919 959 3030 1021 τοῖς
3053 958 3127 1028 μὴ
3154 956 3312 1025 φύσει
3339 954 3460 1011 οὖσι
3484 957 3644 1022 Θεοῖς.

2074 1048 2173 1102 Διά
2227 1048 2287 1100 τὺ
2333 1047 2703 1119 προσαχθῆναι
2748 1048 2909 1102 πάλιν
2943 1047 3022 1119 τῷ
3059 1047 3221 1113 ζῶντι
3273 1048 3369 1102 καὶ
3410 1048 3646 1119 ἀληθινῷ

2073 1138 2211 1210 Θεῷ,
2252 1139 2377 1211 μηδ’
2425 1138 2762 1210 ἀποσλήτους
2807 1137 2900 1192 καὶ
2936 1136 3351 1208 ἀποκηρύκτους
3396 1138 3497 1208 τῆς
3538 1156 3645 1192 πα-

2072 1232 2254 1304 τρῴας
2298 1230 2661 1303 κληρονομίας
2692 1229 2979 1299 γενέσθαι,
3005 1230 3130 1293 τοὺς
3160 1228 3236 1299 τῷ
3272 1228 3387 1299 Υίῷ
3429 1228 3516 1283 διά
3550 1230 3646 1299 τῆς

2074 1325 2342 1389 υἱοθεσίας
2388 1322 2850 1394 ἀκολουθήσαντας
2881 1340 2896 1354 ο
2944 1323 2972 1375 ὁ
3015 1323 3073 1375 ἐν
3120 1321 3332 1385 πολλοῖς
3399 1320 3647 1391 ἀδελφοῖς

2074 1415 2418 1487 πρωτότοκον
2457 1414 2546 1468 διὰ
2573 1414 2672 1483 τῆς
2716 1411 2916 1483 σαρκὸς
2946 1412 3180 1482 ποιήσας
3215 1410 3436 1475 ἑαυτὸν,
3469 1412 3647 1464 πᾶσαν

2073 1505 2170 1577 τὴν
2201 1505 2378 1558 κτίσιν
2416 1499 2483 1574 ῆς
2515 1499 2837 1572 ἐκοινώνησε
2869 1500 2957 1554 διὰ
2985 1499 3087 1569 τῆς
3114 1499 3515 1571 ἀνακραθείσης
3547 1499 3648 1556 αὖ·

2071 1597 2150 1667 τῷ
2175 1596 2375 1668 σαρκὸς
2395 1593 2759 1647 ἐπεσπάσατο.
2796 1590 2935 1644 Ἀλλ’
2959 1591 3144 1662 ἐπειδὴ
3170 1593 3197 1645 ὁ
3217 1591 3322 1662 πρὸ
3341 1590 3434 1644 τοῦ
3458 1591 3649 1662 Πάσχα

2076 1688 2220 1749 σῖτος
2253 1686 2282 1738 ὁ
2311 1684 2538 1753 ἀζυμος,
2577 1682 2705 1752 ὄψον
2740 1680 2835 1752 τήν
2867 1679 3089 1751 πικρίδα
3134 1679 3268 1751 ἔχει,
3305 1680 3503 1751 ἴδωμεν
3544 1682 3649 1735 τίνι

401 1754 684 1814 etutditate
716 1762 842 1826 post
871 1755 1329 1810 resurrectionem
1358 1758 1517 1826 panis
1545 1755 1815 1813 efﬁciatur
1850 1760 1971 1815 dul-

2079 1775 2339 1847 ἡδύσματι
2361 1775 2389 1827 ὁ
2415 1774 2552 1844 μετὰ
2576 1774 2674 1844 τὴν
2694 1768 2984 1827 ἀνάστασιν
3005 1773 3165 1843 ἄρτος
3187 1770 3456 1843 ἡδύνεται.
3486 1773 3649 1844 Ὁρᾷς

402 1847 506 1902 cis.
548 1846 741 1902 Cernis
772 1847 827 1901 in
855 1846 1107 1902 manibus
1141 1845 1355 1902 Domini
1387 1847 1551 1903 Petro
1582 1850 1830 1919 piscante
1868 1867 1967 1921 pa-

403 1955 524 1994 nem
557 1949 611 1995 et
627 1938 808 1995 favum
842 1938 1054 1994 mellis?
1091 1937 1220 1993 Inde
1239 1941 1550 2007 considera,
1588 1942 1643 1996 in
1675 1942 1806 2015 quid
1829 1958 1972 2000 ama-

402 2028 585 2083 ritudo
615 2028 739 2083 vita:
763 2034 1148 2083 commutetur.
1188 2028 1367 2094 Quare
1392 2046 1491 2087 nos
1517 2031 1643 2087 item
1681 2048 1747 2087 cx
1787 2033 1970 2103 pisca-

401 2130 459 2175 tu
485 2120 779 2175 verborum
814 2118 911 2174 Dei
951 2120 1063 2190 jam
1114 2119 1181 2173 ad
1214 2136 1409 2191 panem
1477 2123 1630 2177 illum
1690 2124 1969 2181 caelestem

401 2223 778 2278 accurramus,
819 2224 981 2279 quem
1050 2210 1166 2279 spei
1211 2210 1372 2266 favus
1420 2211 1635 2269 dulcem
1682 2215 1861 2271 reddit
1914 2218 1968 2272 in

399 2300 620 2358 Christo
652 2298 787 2357 Jesu
812 2300 1044 2357 Domino
1077 2309 1290 2368 nostro,
1328 2303 1418 2358 cui
1469 2306 1644 2376 gloria
1675 2314 1729 2361 ct
1774 2316 1970 2378 poten-

399 2394 475 2448 tia
503 2406 612 2448 una
645 2407 770 2448 cum
798 2392 959 2448 Patre
985 2401 1041 2448 et
1073 2392 1278 2464 Spiritu
1310 2404 1525 2460 sancto,
1554 2413 1701 2453 nunc
1726 2408 1780 2454 et
1818 2415 1965 2456 sem-

400 2497 517 2553 per,
552 2483 692 2540 etin
723 2484 920 2540 saecula
955 2486 1300 2541 saeculorum.
1337 2487 1529 2543 Amen.
1856 2490 1861 2495 ’

1021 2625 1279 2683 ORATIO
1310 2628 1326 2683 Ι
1335 2627 1373 2683 1.

398 2768 479 2824 De
504 2768 884 2822 resurrectione
911 2765 1124 2821 Domini
1150 2769 1320 2822 nostri
1346 2764 1476 2822 Iesu
1509 2764 1730 2828 Christi.
1757 2776 1806 2823 et
1836 2768 1973 2836 quod

468 2836 615 2893 nullo
639 2837 793 2906 modo
821 2838 957 2891 inter
1016 2853 1070 2892 se
1122 2839 1379 2891 contrarii
1418 2835 1749 2906 evangelista:
1804 2835 1977 2893 diver-

467 2908 545 2965 sis
577 2905 746 2961 modis
773 2907 1038 2977 memoriae
1067 2906 1398 2974 prodiderint
1425 2924 1487 2962 ea
1519 2905 1635 2977 qua:
1667 2907 1975 2963 acciderunt

469 2979 524 3034 in
552 2977 928 3031 resurrectione
956 2975 1336 3033 Emmanuelis.

469 3126 794 3196 Quanquam
843 3139 1033 3180 omnes
1061 3123 1278 3194 quidem
1315 3127 1733 3195 propemodum,
1761 3129 1970 3193 dilecti,

398 3232 520 3275 eam
550 3231 672 3288 quae
700 3232 730 3270 a
761 3215 921 3272 nobis
953 3216 1008 3270 in
1054 3214 1334 3271 Dominica
1367 3225 1528 3273 nocte
1567 3220 1855 3276 commode
1887 3228 1973 3274 at-

399 3325 508 3382 que
533 3315 903 3379 competenter
956 3307 1266 3363 introducta
1293 3315 1396 3373 est,
1447 3309 1861 3381 Evangeliorum
1880 3329 1977 3384 ap-

395 3401 635 3472 probant
677 3400 964 3457 lectionem
1007 3399 1076 3455 de
1104 3399 1509 3455 resurrectione
1556 3402 1738 3468 magni
1788 3402 1881 3459 Dei
1921 3412 1977 3460 et

402 3492 710 3549 Servatoris
736 3490 911 3546 nostri
932 3489 1060 3547 Jesu
1090 3489 1295 3546 Christi
1337 3511 1351 3546 :
1380 3493 1628 3547 nonnulli
1656 3500 1836 3550 tamen
1868 3494 1974 3550 uti-

401 3587 607 3641 litatem
632 3585 850 3655 quidem
884 3599 943 3640 se
989 3583 1232 3641 sensisse
1294 3599 1401 3639 non
1438 3592 1657 3656 negant,
1689 3586 1782 3641 sed
1827 3587 1975 3657 quod

400 3682 596 3749 putent
649 3692 710 3734 se
754 3675 1049 3747 aliquando
1098 3677 1296 3731 tectius
1353 3683 1408 3731 et
1455 3677 1746 3734 obscurius
1783 3677 1977 3735 doctos

400 3783 546 3835 esse,
568 3766 637 3824 de
660 3769 853 3824 eadem
884 3782 945 3823 re
971 3782 1081 3822 non
1118 3767 1332 3834 eadem,
1360 3768 1455 3823 sed
1482 3769 1755 3825 contraria
1789 3777 1843 3824 et
1878 3784 1974 3823 au-

402 3859 635 3914 ditorem
660 3859 836 3929 magis
860 3857 929 3912 ad
949 3857 1382 3912 incredulitatem
1402 3859 1717 3914 inducentia
1748 3860 1979 3916 dicenti-

402 3949 508 4005 bus
532 3949 905 4019 evangelistis,
933 3949 1239 4019 perturbari
1274 3963 1335 4004 se
1352 3948 1525 4006 aiunt.
1549 3950 1651 4005 Cui
1680 3952 1826 4007 enim
1855 3967 1977 4007 cre-

404 4039 646 4097 dendum
680 4047 764 4095 est
789 4038 1103 4103 iMatthaeo,
1136 4040 1228 4109 qui
1252 4040 1466 4109 vesperi
1500 4039 1862 4097 Sabbatorum
1895 4059 1980 4098 re-

405 4126 808 4185 surrectionem
833 4126 1100 4183 accidisse
1125 4127 1355 4183 scribit?
1375 4143 1444 4183 an
1488 4128 1707 4196 Joanni,
1748 4131 1842 4201 qui
1877 4131 1981 4187 hoc

2073 1867 2168 1921 τοῦ
2220 1869 2426 1938 Πέτρου
2477 1865 2778 1928 ἀλιεύοντος
2825 1864 2883 1917 ἐν
2934 1866 3056 1928 ταῖς
3101 1862 3257 1935 χερσὶ
3298 1862 3393 1917 τοῦ
3442 1865 3646 1935 Κυρίου

2074 1959 2238 2030 ἄρτον
2270 1957 2362 2010 καὶ
2396 1954 2586 2026 κηρίον
2624 1953 2866 2025 μέλιτος;
2910 1954 3101 2024 νόησον
3145 1954 3198 2007 τί
3251 1971 3333 2007 σοι
3373 1955 3406 2025 ή
3458 1955 3650 2027 πικρία

2070 2049 2166 2104 τοῦ
2215 2049 2329 2119 βίου
2380 2046 2869 2110 κατασκευάζεται.
2916 2045 3125 2099 Οὐκοῦν
3178 2045 3507 2109 ἀναστάντες
3554 2046 3649 2100 καὶ

2070 2144 2233 2214 ἡμεῖς
2261 2142 2326 2193 ὲκ
2364 2139 2462 2210 τῆς
2490 2138 2598 2193 τῶν
2620 2137 2796 2207 λόγων
2825 2136 3028 2200 ἀλείας,
3064 2136 3164 2208 ἤδη
3191 2136 3270 2207 τῷ
3302 2136 3452 2208 ἄρτῳ
3484 2153 3650 2206 προσ-

2070 2235 2388 2305 δράμωμεν,
2431 2231 2490 2285 ὃν
2531 2229 2951 2299 καταγλυκαίνει
2990 2228 3052 2283 τὸ
3087 2229 3277 2301 κηρίον
3312 2228 3413 2297 τῆς
3441 2227 3650 2298 ἀγαθῆς

2070 2326 2305 2390 ἐλπίδος,
2335 2327 2392 2378 ἐν
2413 2322 2635 2395 Χριστῷ
2672 2321 2845 2393 Ἰησοῦ
2866 2321 2944 2392 τῷ
2968 2320 3158 2391 Κυρίῳ
3181 2319 3360 2390 ήμῶν,
3462 2321 3496 2390 ή
3526 2319 3651 2385 δόξα

2072 2421 2167 2475 καὶ
2194 2419 2256 2473 τὸ
2298 2418 2499 2490 κράτος
2530 2419 2627 2472 σὺν
2649 2415 2727 2487 τῷ
2752 2412 2928 2485 Πατρὶ
2953 2413 3048 2466 καὶ
3075 2411 3150 2481 τῷ
3180 2411 3319 2481 ἁγίῳ
3349 2409 3647 2480 Πνεύματι,

2071 2513 2167 2568 νῦν
2192 2513 2285 2568 καὶ
2315 2513 2402 2568 ἀεὶ
2436 2512 2529 2567 καὶ
2556 2512 2635 2575 εἰς
2662 2509 2786 2572 τοὺς
2814 2506 3016 2569 αἰῶνας
3053 2503 3160 2558 τῶν
3192 2500 3420 2557 αἰώνων.
3456 2500 3647 2572 Ἀμήν.

2685 2618 2905 2675 ΛΟΓΟΣ
2947 2617 3024 2671 B’.

2071 2740 2213 2810 Περὶ
2258 2734 2801 2810 τῆςῃὰναστάςεως
2841 2731 2947 2810 τοῦ
2991 2725 3417 2810 ιςιξρίουῂέιῷν
3457 2724 3652 2810 Ἰησοῦ

2143 2797 2400 2879 Χριστοῦ
2426 2847 2441 2869 ,
2490 2805 2589 2879 καὶ
2620 2804 2724 2879 Δὅτι
2760 2797 2911 2879 κατὰ
2929 2797 3125 2879 μῃδὲῖ
3157 2797 3453 2879 ἀιιτὶήλοις
3483 2797 3655 2849 ἐναν-

2143 2866 2451 2941 τῖωθέντεξ
2490 2876 2545 2928 ol
2575 2866 3035 2944 enumeraret,
3070 2869 3364 2944 διαφόρως
3389 2866 3465 2944 τε,
3501 2880 3654 2944 φυιε.

2151 2935 2442 3015 ϐεϐηκότα
2471 2944 2545 3015 τῇ
2572 2935 2905 2999 ἀναστάσει
2932 2939 3039 2995 τοῦ
3075 2935 3461 3009 Ἐμμανουὴλ
3495 2935 3654 2990 ἱστό-

2145 3034 2367 3089 ρησαν.

2143 3130 2353 3193 Πάντες
2388 3128 2521 3199 μὲν,
2557 3125 2871 3195 ἀγαπητοὶ,
2918 3122 2995 3186 ὡς
3042 3123 3215 3174 εἰπεῖν
3239 3159 3252 3184 ,
3301 3117 3652 3187 ἀποδέχονται

2074 3223 2171 3295 τὴν
2199 3224 2256 3276 ἐν
2302 3222 2371 3291 τῇ
2407 3220 2658 3289 Κυριακῇ
2708 3214 2866 3270 νυκτὶ
2899 3213 3029 3286 παρ’
3071 3211 3226 3283 ἡμῶν
3274 3209 3655 3280 είσηγηθεῖσαν

2077 3311 2348 3383 ἁρμοδίως
2385 3307 2493 3363 τῶν
2542 3305 2701 3378 ἱερῶν
2751 3301 3100 3372 Εὐαγγελίων
3138 3299 3441 3368 ἀνάγνωσιν
3467 3338 3482 3360 ,
3529 3295 3656 3366 περὶ

2074 3403 2176 3473 τῆς
2222 3398 2572 3461 ἀναστάσεως
2625 3393 2716 3449 τοῦ
2776 3391 3012 3465 μεγάλου
3074 3389 3209 3444 Θεοῦ
3262 3389 3357 3444 καὶ
3405 3387 3657 3458 Σωτῆρος

2076 3487 2235 3559 ήμῶν
2278 3484 2453 3557 Ἰησοῦ
2485 3480 2743 3555 Χριστοῦ.
2777 3481 2937 3546 Τινὲς
2979 3479 3160 3552 μέντοι
3198 3479 3261 3533 τὸ
3310 3481 3407 3548 μὲν
3434 3476 3658 3547 ὠφελεῖ-

2079 3579 2201 3634 σθαι
2234 3576 2553 3652 ὁμολογοῦσι
2578 3590 2592 3605 ⁸
2629 3574 2959 3645 πυκνότερον
2990 3573 3047 3628 δέ
3080 3591 3197 3636 πως
3231 3570 3534 3643 ἀκροᾶσθαι
3578 3569 3657 3623 δο-

2077 3671 2322 3735 κοῦντες,
2352 3667 2715 3740 ταράττεσθαι
2736 3683 2888 3736 φασι,
2904 3664 3013 3718 τῶν
3036 3660 3433 3732 εὐαγγελιστῶν
3478 3660 3552 3731 μὴ
3588 3657 3660 3713 τὰ

2077 3764 2507 3834 αύτάσλεγόντων
2529 3764 2658 3835 περὶ
2680 3760 2774 3815 τοῦ
2797 3760 2961 3814 αὑτοῦ
2992 3755 3331 3831 πράγματος,
3362 3756 3477 3811 ἀλλ’
3508 3757 3660 3811 ἐνανο

2077 3855 2189 3919 τία,
2211 3854 2304 3908 καὶ
2331 3855 2422 3908 τὸν
2446 3852 2722 3924 ἀκροατὴν
2750 3850 2949 3922 μᾶλλον
2998 3849 3136 3921 πρὸς
3174 3847 3273 3919 τὴν
3298 3846 3551 3901 ἀπιστίαν
3579 3846 3661 3898 ἐν·

2079 3947 2340 4018 αγόντων.
2388 3946 2507 3999 Τίνι
2546 3946 2655 4015 γὰρ
2687 3942 3041 4007 πιστευτέον;
3082 3939 3344 4010 Ματθαίῳ
3394 3938 3658 4009 γράφοντι

2078 4038 2177 4109 τὴν
2198 4037 2491 4092 ἀνάστασιν
2525 4035 2621 4104 ὀψὲ
2650 4034 2976 4106 γεγενῆσθαι
3003 4031 3296 4085 Σαϐὄάτων
3316 4072 3330 4097 ,
3362 4030 3396 4104 ἢ
3439 4029 3659 4099 Ἰωάννῃ

2079 4129 2246 4183 ταύτδ
2272 4127 2429 4182 τοῦτο
2452 4126 2854 4198 συμϐεϐηκέναι
2904 4123 3049 4195 πρωῒ
3086 4124 3166 4177 ἔτι
3209 4122 3427 4186 σκοτίας
3469 4120 3656 4189 οὔσης,

406 4220 551 4277 idem
586 4232 767 4283 mane,
799 4232 924 4272 cum
976 4218 1157 4273 adhuc
1181 4220 1419 4275 tenebrae
1450 4228 1657 4288 essent,
1679 4222 1976 4292 contigisse

2083 4221 2425 4293 ἱστορηκότι,
2455 4220 2489 4290 ἢ
2545 4220 2727 4290 Λουκᾷ
2769 4217 2863 4272 καὶ
2891 4217 3140 4288 Μάρκῳο
3175 4214 3252 4286 τῷ
3313 4213 3412 4285 μὲν
3466 4211 3659 4284 ὄρθρον

409 4308 686 4367 memoriae
736 4310 1011 4381 prodidit?
1053 4311 1136 4365 An
1191 4310 1352 4367 Lucae
1381 4320 1434 4367 et
1458 4312 1688 4370 Marco:
1745 4330 1976 4384 quorum

2085 4308 2253 4379 βαθὺν
2276 4346 2291 4373 ,
2318 4307 2396 4379 τῷ
2424 4307 2479 4360 δὲ
2524 4306 2785 4377 ἀνατολὴν
2821 4305 2971 4377 ἡλίου
3020 4303 3112 4357 τὸν
3139 4303 3300 4357 αὑτὸν
3332 4301 3518 4374 καιρὸν
3545 4301 3661 4354 ὀνο-

411 4406 499 4461 hic
521 4413 702 4459 ortum
733 4405 886 4469 solis,
926 4404 1017 4460 ille
1038 4404 1367 4475 profundum
1399 4406 1700 4462 diluculum
1733 4409 1976 4463 eumdem

2092 4400 2361 4472 μάσαντι;
2396 4399 2539 4470 Πρδς
2576 4394 2668 4453 οὖν
2695 4397 2794 4469 τὴν
2825 4395 2918 4452 τοῦ
2962 4395 3318 4467 ὑποκειμένου
3345 4394 3659 4466 προϐλήμα-

410 4498 698 4555 articulum
718 4499 1128 4570 temporis,quo
1148 4497 1241 4552 illa
1257 4499 1605 4569 contigerint,
1648 4500 1976 4556 nominavitl

2086 4509 2177 4557 τος
2201 4492 2373 4556 λύσιν,
2401 4489 2624 4545 καὶτῶν
2651 4489 2826 4543 ἀλλων
2863 4489 2972 4543 τῶν
2996 4487 3138 4541 κατὰ
3159 4487 3257 4558 τὴν
3284 4486 3528 4554 ἐξέτασιν
3550 4484 3659 4537 τῶν

408 4591 491 4646 Δι]
556 4591 883 4647 solutionem
930 4590 1095 4660 igitur
1124 4588 1391 4659 propositi
1418 4588 1589 4654 dubii,
1643 4590 1989 4660 aliarumque

411 4679 559 4735 circa
605 4680 994 4736 scrutationem
1033 4680 1306 4733 dictorum
1333 4678 1696 4735 exorientium
1731 4681 1984 4748 quaestiu-

410 4788 567 4838 num,
593 4773 823 4829 excitari
852 4787 975 4839 nos,
1005 4772 1423 4836 licetinﬁrmos,
1447 4786 1479 4826 a
1522 4770 1652 4836 Deo,
1686 4771 1779 4841 qui
1805 4787 1987 4827 resur-

412 4865 574 4927 rexit,
597 4875 652 4919 et
698 4864 914 4934 planam
944 4863 1204 4919 adhibere
1254 4864 1758 4934 interpretationem
1823 4878 1987 4933 opor-

413 4962 513 5012 tet.
542 4954 755 5010 Etenim
782 4969 908 5009 eum
942 4953 1034 5022 qui
1077 4968 1264 5008 semen
1293 4952 1543 5008 lectionis
1574 4952 1793 5022 dejecit,
1842 4966 1992 5007 eam-

412 5059 523 5117 que
575 5044 633 5099 in
667 5043 896 5100 auribus
947 5044 1332 5099 universorum
1384 5044 1609 5113 sparsit,
1644 5058 1859 5115 aequum
1903 5050 1990 5098 cst

414 5136 544 5193 inde
584 5149 804 5207 quoque
856 5143 1102 5190 ortarum
1139 5135 1503 5204 quaestionum
1554 5133 1782 5190 reddere
1834 5136 1992 5189 ratio-

416 5244 567 5284 nem.
607 5226 720 5282 Hoc
755 5228 941 5297 itaque
971 5226 1153 5282 facere
1186 5226 1378 5295 etiam,
1403 5234 1565 5296 atque
1592 5240 1659 5280 ex
1687 5225 1796 5281 illis
1833 5226 1989 5296 ipsis,

415 5336 539 5389 quae
594 5334 759 5388 super
814 5318 901 5374 his
976 5318 1289 5374 dubitantes
1360 5316 1641 5382 dicebant,
1725 5316 1988 5371 rationem

418 5409 622 5467 inferre
650 5412 909 5466 conabor.
946 5411 1129 5480 Neque
1178 5410 1322 5465 enim
1373 5409 1517 5464 sacri
1575 5407 1990 5477 Evangeliorum

420 5503 743 5572 scriptores,
805 5503 888 5557 vel
936 5502 1138 5571 vesperi
1206 5501 1594 5565 Sabhatorum,
1655 5499 1739 5553 vel
1797 5498 1990 5568 majori

423 5605 575 5667 parte
604 5595 780 5649 noctis
811 5595 1101 5665 praeterita,
1135 5594 1219 5647 vcl
1248 5592 1488 5647 diluculo
1518 5607 1730 5653 rursus,
1768 5591 1848 5643 vel
1871 5598 1994 5658 post

422 5686 622 5748 solaris
649 5686 784 5741 radii
835 5701 1130 5751 cmcrsum,
1185 5684 1553 5740 resurrexissc
1587 5683 1875 5737 Dominum
1906 5681 1991 5736 di-

2089 4584 2268 4656 ῥητῶν
2293 4582 2680 4652 ἀναφυομένων
2708 4580 3004 4651 ζητήσεων,
3036 4578 3375 4649 διεγερθῆναι
3409 4577 3488 4630 δεῖ
3513 4575 3663 4646 παρά

2086 4676 2181 4729 τοῦ
2225 4674 2555 4736 ἀναστάντος
2587 4671 2742 4735 Θεοῦ,
2778 4671 2977 4742 καίπερ
3009 4669 3254 4733 ἀσθενεῖς
3290 4669 3448 4731 ὄντας
3479 4668 3657 4738 ἡμᾶς,

2088 4766 2184 4818 καὶ
2222 4766 2320 4834 τὴν
2349 4762 2644 4834 ἑρμηνείαν
2681 4760 3031 4831 παραστῆσαι
3064 4760 3230 4830 σαφῆ.
3262 4759 3368 4813 Καὶ
3394 4758 3500 4828 γάρ
3539 4759 3567 4811 ὁ
3602 4755 3663 4809 τὸ

2092 4855 2312 4927 σπέρμα
2334 4855 2434 4924 τῆς
2461 4852 2817 4922 ἀναγνώσεως
2841 4851 3279 4923 καταϐαλόμενος
3302 4890 3317 4913 ,
3347 4852 3440 4904 καὶ
3463 4850 3667 4920 ταύτην

2092 4946 2367 5009 πλατύνας
2401 4946 2457 5000 ἐν
2491 4948 2609 5007 ταῖς
2643 4945 2897 4999 ἁπάντων
2925 4945 3116 5007 ἀκοαῖς
3141 4986 3156 5007 ,
3184 4941 3391 5005 δίκαιός
3430 4943 3544 4994 ἐστι
3572 4939 3669 4993 καὶ

2090 5037 2199 5091 τῶν
2229 5036 2442 5105 φύντων
2469 5036 2717 5090 ἐντεῦθεν
2738 5037 3107 5107 ἐρωτημάτων
3137 5031 3424 5089 ἀποδοῦναι
3464 5032 3553 5085 τὸν
3580 5029 3669 5084 λό-

2094 5146 2209 5198 γον.
2240 5129 2411 5183 Τοῦτο
2428 5129 2492 5199 δὴ
2525 5129 2620 5183 καὶ
2658 5129 2878 5200 ποιῆσαι
2915 5129 3267 5200 πειράσομαι,
3299 5126 3359 5191 ἐξ
3388 5124 3565 5179 αὐτῶν
3592 5117 3670 5178 ὧν

2093 5223 2141 5274 ot
2179 5219 2622 5289 ὲπαπορήσαντες
2651 5217 2856 5287 ἔφασαν
2885 5217 2982 5288 τήν
3006 5217 3159 5270 λύσιν
3196 5216 3510 5283 ἐπαγαγεῖν.
3538 5211 3671 5266 Οὐδὲ

2092 5312 2202 5382 γάρ
2228 5308 2381 5366 εἶπον
2414 5312 2463 5364 οί
2490 5310 2596 5364 τῶν
2635 5310 2982 5379 Εὑαγγελίων
3012 5310 3149 5380 ἱεροὶ
3184 5307 3518 5377 συγγραφεῖς
3536 5345 3551 5367 ,
3574 5304 3670 5373 ὀψὲ

2094 5404 2406 5468 Σαϐϐάτων,
2443 5402 2476 5473 ἢ
2509 5402 2897 5473 παρῳχηκότος
2924 5401 3017 5455 τοῦ
3051 5400 3294 5462 πλείονος
3331 5397 3429 5466 τῆς
3459 5395 3671 5460 νυκτὸς,

2095 5497 2347 5569 ἥὸρθρου
2372 5496 2554 5550 πάλιν.
2585 5495 2618 5562 ἢ
2647 5494 2782 5565 μετὰ
2813 5493 2910 5564 τὴν
2942 5494 3040 5561 τῆς
3068 5490 3300 5563 ἡλιακῆς
3334 5491 3550 5550 ἀκτῖνος
3588 5487 3664 5557 βο·

2094 5588 2190 5660 λὴν
2222 5586 2516 5658 ὲγηγέρθαι
2545 5586 2637 5639 τὸν
2669 5585 2873 5654 Κύριον
2897 5603 2909 5616 ·
2939 5583 3086 5637 οὓτω
3122 5581 3230 5653 γάρ
3254 5580 3320 5635 ἂν
3358 5578 3673 5640 ἐναντίωσις

2094 5677 2183 5751 ἦν,
2217 5681 2276 5733 τὸ
2305 5680 2363 5735 ἓν
2399 5681 2628 5752 πρᾶγμα
2671 5679 2779 5732 τῶν
2814 5675 3273 5747 συγγεγραφότων
3307 5673 3402 5743 οὐχ
3430 5671 3509 5724 ἐνὶ
3540 5670 3675 5740 μᾶλ-
