4084 6158
341 302 448 360 629

1240 296 1311 353 IN
1345 297 1628 357 CHRISTI
1664 299 2302 365 RESURRECTIONEM
2338 306 2545 364 ORAT.
2585 306 2646 363 ll.

3499 305 3609 360 630

340 423 453 488 λον,
488 419 604 477 ἀλλ’
630 419 689 473 ἐν
715 417 993 491 διαφόροις
1020 418 1420 491 ίστορησάντων
1443 419 1770 492 γεγενῆσθαι
1800 439 1924 476 και-

2039 435 2247 481 xerunt.
2285 426 2377 482 Sic
2409 426 2554 482 enim
2594 424 2959 479 contrarietas
3005 430 3172 487 esset,
3211 423 3256 477 si
3292 438 3461 478 unum
3493 422 3608 481 fac-

340 515 462 588 ροῐς
490 531 505 546 ο
542 512 678 567 ἀλλά
727 511 828 575 τάς
878 513 1144 580 γυναῖκας
1193 509 1440 582 ἔγραψαν
1463 552 1479 577 ,
1521 512 1709 567 ἄλλοτε
1756 513 1933 579 άλλως

341 602 845 676 ἐπιπαραγενέσθαι
890 601 971 672 τῷ
1014 602 1199 672 τάφῳ,
1231 602 1327 656 καὶ
1374 604 1438 656 οὐ
1478 605 1621 659 κατά
1648 605 1740 659 τὸν
1772 606 1933 659 αὐτὸν

340 694 533 766 καιρόν
553 711 567 723 ·
601 693 722 757 πῶς
753 693 866 763 γάρ
894 696 992 756 τὰς
1027 692 1299 763 διαφόρως
1331 692 1592 757 ἐλθούσας
1615 734 1631 759 ,
1667 695 1848 759 πάσας
1875 697 1933 750 δὲ

338 788 542 861 ὁμοίως
565 786 861 858 ἀκηκοέναι
889 785 1041 858 παρά
1063 785 1171 839 τῶν
1196 784 1443 854 ἀγγέλων
1470 788 1599 858 περὶ
1625 786 1719 840 τοῦ
1759 787 1934 858 Σωτῆ-

342 898 467 954 ρος,
493 881 580 933 ὅτι
621 875 891 948 Ἠγέρθη,
922 877 1035 929 οὐκ
1061 874 1233 929 ἐστιν
1257 868 1375 928 ὦδε
1393 914 1409 939 ,
1440 876 1513 946 μὴ
1543 876 1935 947 προστεθέντος

341 969 437 1026 τοῦ
469 968 622 1034 nete;
647 968 725 1032 ὡς
771 968 892 1021 κατ’
947 964 1163 1036 ἐκείνην
1215 964 1314 1035 μὲν
1359 965 1802 1037 ὁμολογουμένως
1837 968 1931 1022 καὶ

344 1061 649 1134 συμφώνως
680 1060 780 1131 τὴν
816 1058 966 1112 Θείαν
1005 1057 1177 1112 νύκτα
1204 1060 1305 1129 τῆς
1343 1058 1690 1121 ἀναστάσεως
1711 1058 1933 1130 γενομέ-

342 1172 478 1227 νηςο
540 1153 766 1225 μηδενὸς
813 1151 872 1204 δὲ
922 1151 1022 1220 τὴν
1059 1149 1210 1219 ὥραν
1263 1148 1743 1219 ὲπισημηναμένου
1770 1188 1785 1210 ,
1831 1151 1931 1221 τὴν

343 1246 513 1301 πᾶσιν
550 1243 850 1312 ἄγνωστον,
886 1240 1025 1312 πλὴν
1046 1240 1142 1294 τοῦ
1173 1239 1502 1305 ἀναστάντος
1531 1239 1687 1301 Θεοῦ,
1720 1240 1931 1295 καὶτοῦ

344 1335 562 1408 Πατρός
591 1334 687 1388 τοῦ
719 1333 882 1404 μόνου
910 1330 1270 1400 γινώσκοντος
1312 1331 1457 1387 οὕτω
1499 1332 1591 1388 τὸν
1636 1332 1765 1387 Υἱὸν
1790 1372 1807 1399 ,
1854 1332 1931 1398 ὡς

345 1426 512 1489 αὐτὸς
548 1425 815 1493 ἔγνωσται
838 1422 917 1494 τῷ
948 1423 1210 1496 Πατρὶ....
1239 1423 1350 1480 Καὶ
1370 1422 1464 1478 τοῦ
1497 1423 1813 1495 Πνεύματος
1834 1423 1929 1478 τοῦ

347 1519 527 1573 πάντα
562 1515 890 1588 ὲρευνῶντος
916 1555 929 1578 ,
952 1516 1046 1568 καὶ
1069 1515 1138 1569 τά
1164 1514 1302 1587 βάθη
1332 1514 1427 1568 τοῦ
1460 1514 1617 1569 Θεοῦ.
1654 1515 1932 1580 Ματθαϊος

344 1609 457 1680 γὰρ
508 1607 611 1678 ἔφη
665 1606 880 1678 Μαρίαν
920 1605 1019 1677 τὴν
1055 1604 1418 1676 Μαγδαληνὴν
1472 1607 1568 1660 καὶ
1616 1605 1714 1678 τὴν
1765 1606 1932 1676 ἀλλην

2034 524 2172 578 tum,
2199 530 2308 571 non
2344 516 2397 568 in
2429 529 2538 569 uno
2562 514 2769 584 potius,
2800 514 2893 568 sed
2920 512 2972 566 in
2998 512 3234 567 diversis
3261 512 3608 582 temporibus

2033 605 2301 662 accidisse
2349 606 2656 676 scriptores
2709 606 2989 660 memoriae
3044 603 3440 675 prodidissent.
3495 604 3604 659 Sed

2033 696 2296 754 mulieres
2330 697 2708 768 scripserunt,
2737 696 2847 751 alio
2884 706 3131 766 tempore
3159 697 3298 752 alias
3325 696 3392 754 ad
3426 698 3609 766 sepul-

2031 805 2187 846 crum
2216 790 2455 853 venisse,
2486 799 2543 846 et
2584 806 2689 845 non
2717 790 2865 845 circa
2895 787 3146 844 eumdem
3176 790 3440 859 temporis
3472 788 3610 843 arti-

2032 883 2240 949 culum,
2273 882 2570 952 (quomodo
2601 882 2747 939 enim
2794 897 2908 947 eas,
2939 896 3059 951 qua:
3087 881 3323 937 diversis
3348 881 3612 951 tempori-

2029 973 2133 1029 bus
2168 975 2501 1047 venerunt?)
2551 990 2742 1031 omnes
2774 989 2902 1029 vero
2936 973 3191 1028 similiter
3219 973 3498 1028 audivisse
3540 972 3610 1028 ab

2031 1064 2245 1134 angelis
2273 1063 2341 1119 de
2373 1063 2687 1128 Servatore,
2736 1062 3001 1125 Surrexit,
3029 1077 3130 1115 non
3164 1072 3241 1115 est
3279 1061 3363 1114 hic
3400 1060 3417 1091 ⁸
3449 1078 3462 1114 :
3498 1074 3611 1114 non

2032 1155 2246 1225 adjecto
2300 1156 2539 1225 quando.
2567 1154 2736 1222 Quasi
2769 1154 2824 1208 in
2849 1153 2943 1207 illa
3002 1152 3187 1207 divina
3214 1158 3373 1207 nocte
3403 1151 3613 1220 absque

2031 1245 2435 1310 controversia,
2485 1253 2541 1301 et
2602 1245 2657 1299 in
2691 1244 2797 1299 hoc
2826 1236 3084 1298 omnibus
3141 1241 3614 1297 consentientibus

2031 1335 2366 1390 resurrectio
2422 1334 2638 1405 quidem
2691 1333 2974 1399 acciderit,
3029 1347 3191 1388 nemo
3241 1346 3372 1387 vero
3419 1331 3614 1385 horam

2032 1430 2326 1495 notaverit,
2350 1444 2473 1500 qua:
2525 1427 2780 1483 omnibus
2838 1428 3020 1497 ignota
3049 1432 3190 1489 erat,
3252 1433 3615 1495 praeterquam

2031 1535 2156 1576 cum
2195 1520 2326 1585 Deo,
2389 1521 2482 1591 qui
2526 1518 2850 1581 resurrexit,
2888 1524 3003 1571 tum
3047 1514 3220 1578 Patri,
3248 1513 3340 1584 qui
3363 1514 3514 1569 solus
3541 1513 3616 1566 ita

2032 1613 2215 1668 noscit
2248 1611 2466 1677 Filium,
2518 1618 2576 1665 ut
2629 1611 2746 1681 ipse
2780 1609 3034 1679 cognitus
3069 1615 3156 1664 est
3207 1622 3238 1661 ιι
3266 1605 3443 1660 Filio:
3499 1614 3616 1659 tum

344 1699 566 1771 Μαρίαν
587 1698 687 1768 ὀψὲ
732 1696 1027 1752 Σαύϐάτων
1076 1697 1169 1752 ἐπὶ
1197 1697 1296 1768 τὴν
1323 1695 1452 1751 θέαν
1487 1697 1804 1767 ἐληλυθέναι
1832 1697 1929 1752 τοῦ

2039 1705 2287 1774 Spiritui.
2318 1704 2408 1774 qui
2442 1703 2626 1757 omnia
2654 1709 2955 1766 scrutatur,
2994 1700 3159 1754 etiam
3214 1697 3619 1768 profunditates

342 1791 551 1859 τάφου·
601 1788 824 1858 σεισμόν
870 1805 930 1841 τε
971 1786 1303 1857 γεγενῆσθαι
1338 1786 1513 1858 μέγαν
1538 1805 1552 1818 ’
1599 1788 1831 1857 ἄγγελον
1870 1788 1928 1842 δὲ

2039 1773 2153 1852 Dei.
2180 1773 2462 1850 Matthmus
2490 1795 2635 1849 enim
2667 1793 2801 1848 dixit
2833 1794 2855 1824 ²
2890 1791 3117 1846 Mariam
3150 1788 3524 1860 Magdalenam
3563 1796 3619 1841 et

343 1878 781 1950 καταϐεϐηκέναι
823 1877 883 1943 ἐξ
912 1876 1144 1948 οὐρανοῦ
1165 1915 1181 1941 ,
1219 1878 1281 1931 τὸ
1331 1879 1429 1948 μὲν
1474 1874 1613 1942 εἶδος
1641 1880 1925 1951 ἀστραπῇ,

344 1972 485 2043 χιόνι
506 1971 571 2025 δὲ
593 1972 696 2041 τὴν
722 1969 913 2041 στολὴν
938 1969 1341 2041 παραπλήσιονο
1364 1970 1449 2023 ἵνα
1479 1970 1559 2041 τῷ
1593 1971 1690 2041 μὲν
1713 1970 1930 2042 φοὸερῷ

345 2062 671 2136 καταπλήξῃ
705 2063 831 2125 τοὺς
857 2061 1103 2129 φύλακας
1146 2061 1217 2131 (οἳ
1246 2061 1338 2114 καὶ
1357 2061 1456 2130 τὴν
1482 2061 1611 2115 θέαν
1639 2062 1741 2116 οὐκ
1772 2065 1928 2131 ἐνεγ-

347 2163 568 2227 κόντες,
615 2158 814 2232 μικροῦ
848 2158 943 2211 καὶ
982 2156 1263 2211 ἀπώλοντο
1315 2157 1679 2219 καταστάντες
1718 2155 1797 2227 τῷ
1820 2156 1929 2211 δέει

346 2254 582 2320 νεκροὶὶ,
622 2250 699 2322 τῷ
733 2249 941 2322 φαιδρῷ
965 2249 1022 2303 δὲ
1049 2247 1487 2320 προσκαλέσηται
1516 2247 1614 2312 τὰς
1642 2250 1928 2315 γυναῖκας,

346 2345 446 2399 καὶ
473 2347 675 2414 θάρσος
704 2343 979 2413 ἐμποιήσῃ
1017 2343 1135 2404 ταῖς
1166 2340 1267 2410 τὴν
1298 2339 1460 2407 φύσιν
1492 2340 1808 2409 εύπτοήτοις
1835 2340 1931 2394 καὶ

344 2436 582 2499 δειλαῖς,
616 2435 709 2487 καὶ
751 2432 849 2503 τὴν
886 2433 1179 2485 ἀνάστασιν
1227 2430 1292 2482 δι’
1327 2430 1491 2484 αὐτοῦ
1528 2431 1624 2483 τοῦ
1654 2431 1932 2501 σχήματος

345 2525 645 2597 ἀναγγείλῃ
677 2522 1008 2596 περιχαρῶς.
1049 2523 1200 2576 Ἐπεὶ
1229 2521 1322 2575 καὶ
1358 2520 1563 2575 τούτων
1619 2521 1780 2592 χάριν
1819 2522 1929 2589 άπη

346 2612 713 2669 ἑσταλτοοτὺν
742 2611 852 2682 γὰρ
883 2609 1029 2664 λίθον
1061 2610 1414 2675 ἀποκυλίσας,
1438 2603 1598 2680 εὗρεν
1626 2610 1931 2681 ἐγηγερμέο

346 2722 439 2758 νον
484 2702 578 2756 τὸν
615 2703 817 2773 Κύριον
839 2743 855 2768 ,
889 2700 1274 2771 κεκλεισμένον
1314 2699 1407 2754 τὸν
1429 2700 1601 2771 τάφον
1626 2740 1641 2765 ,
1687 2700 1782 2754 καὶ
1811 2703 1932 2764 ταῖς

348 2795 614 2866 σφραγῖσι
667 2791 1177 2861 κατησφαλισμένον
1208 2832 1224 2856 ,
1289 2791 1385 2844 καὶ
1432 2794 1501 2863 τῇ
1565 2793 1928 2862 στρατιωτικῇ

349 2884 570 2955 φρουρᾷ
604 2880 1024 2952 πεφυλαγμένον
1045 2921 1060 2945 ,
1103 2881 1437 2936 ἀπολιπόντα
1472 2881 1790 2953 θεοπρεπῶς
1812 2922 1826 2946 ,
1872 2882 1932 2936 ὃν

347 2977 551 3047 τρόπον
575 2976 669 3030 καὶ
698 2974 808 3029 τῶν
831 2972 1011 3046 θυρῶν
1037 2974 1436 3046 κεκλεισμένων
1469 2975 1599 3028 εἴσω
1626 2977 1719 3030 τοῦ
1750 2978 1932 3049 δωμα-

2035 1888 2198 1943 aliam
2263 1887 2487 1942 Mariam
2530 1886 2741 1957 vesperi
2793 1883 3162 1939 Sabbatorum
3210 1877 3507 1936 venissead
3542 1877 3621 1932 vi-

2034 1981 2271 2037 dendum
2312 1980 2624 2049 sepulcrum
2661 1995 2674 2030 :
2728 1984 2888 2032 terra:
2917 1981 3123 2027 motum
3179 1977 3360 2026 autem
3413 1968 3620 2024 factum

2034 2087 2158 2127 esse
2187 2085 2441 2141 magnum
2475 2086 2488 2122 ι
2517 2076 2682 2138 atque
2714 2066 2967 2137 angelum
2984 2063 3053 2119 de
3080 2062 3220 2118 coelo
3247 2058 3621 2122 descendisse,

2035 2163 2196 2232 cujus
2231 2169 2489 2231 aspectus
2521 2161 2737 2231 quidem
2768 2156 2992 2228 fulguri,
3018 2155 3157 2210 stola
3183 2168 3311 2208 vero
3333 2150 3447 2207 nivi
3474 2152 3623 2205 haud

2035 2250 2323 2306 dissimilis
2358 2250 2543 2317 fuerit,
2601 2256 2662 2302 ut
2717 2247 2838 2317 ipso
2895 2243 3127 2300 terribili
3165 2242 3388 2313 quidem
3432 2240 3620 2294 habitu

2035 2340 2486 2413 perterrefaceret
2538 2339 2817 2402 custodes,
2858 2337 2950 2408 qui
3006 2337 3173 2392 etiam
3239 2348 3345 2388 non
3385 2331 3622 2387 ferentes

2038 2432 2324 2497 visionem,
2352 2445 2543 2500 parum
2567 2430 2741 2485 abfuit
2775 2430 2908 2500 quin
2963 2430 3224 2499 perirent,
3257 2424 3456 2481 mortui
3495 2423 3623 2478 facti

2035 2530 2182 2576 metu
2216 2538 2229 2575 :
2258 2521 2498 2577 candore
2536 2536 2667 2576 vero
2698 2522 2954 2575 invitaret
2984 2519 3337 2582 mulieres,et
3363 2516 3621 2571 ﬁduciam

2036 2612 2287 2681 injiceret
2329 2620 2527 2667 natura
2574 2612 2782 2668 timidis
2831 2627 2899 2666 ac
2942 2609 3339 2674 t‘ormidolosis,
3370 2622 3627 2663 resurre-

2036 2704 2382 2772 ctionemque
2417 2718 2512 2771 per
2535 2700 2723 2773 ipsum
2762 2703 3008 2757 habitum
3036 2716 3161 2757 cum
3188 2699 3395 2772 ingenti
3441 2699 3629 2752 la-titia

2036 2794 2407 2847 annuntiaret.
2448 2790 2545 2847 llis
2581 2791 2729 2846 enim
2754 2790 2821 2845 de
2854 2792 3038 2845 causis
3067 2792 3273 2846 missus
3313 2796 3452 2844 crat.
3483 2786 3636 2841 Cum

2036 2886 2183 2942 enim
2209 2884 2444 2956 lapidem
2497 2884 2852 2948 revolvisset,
2878 2884 3081 2953 reperit
3100 2881 3473 2937 resurrexisse
3508 2879 3618 2933 Do-

2038 2976 2271 3041 minum,
2323 2975 2584 3044 sepulcro
2611 2975 2756 3045 quod
2788 2974 2984 3045 sigillis
3016 2972 3289 3028 munitum
3323 2970 3523 3035 fuerat,
3560 2983 3631 3023 ac

345 3069 469 3123 τίου
499 3066 790 3138 γενόμενος
831 3068 944 3130 τοῖς
998 3065 1268 3138 μαθηταῖς
1315 3066 1662 3138 ἑπεφοίτησε.
1709 3069 1801 3123 Διὸ
1837 3070 1932 3123 καὶ

2040 3066 2295 3139 praesidio
2324 3067 2558 3122 militum
2602 3066 3036 3132 custodiebatur,
3077 3066 3222 3122 sicut
3251 3062 3419 3119 Deum
3465 3066 3629 3116 dece-

348 3159 573 3228 ελεγενο
609 3159 734 3211 Οὐκ
773 3156 948 3211 ἐστιν
984 3150 1136 3219 ὧδε,
1176 3156 1317 3211 ἀλλ’
1352 3156 1574 3225 ἠγέρθη
1600 3174 1616 3189 ο
1659 3159 1880 3228 μηνύων
1906 3162 1937 3213 ό

2043 3162 2160 3224 bat,
2192 3160 2382 3215 clauso
2410 3159 2626 3222 relicto,
2675 3157 3137 3229 quemadmodum
3181 3152 3386 3210 clausis
3408 3166 3635 3223 quoque

348 3249 584 3319 ἄγγελος
620 3248 721 3318 τῆς
745 3246 951 3312 οἰκείας
980 3246 1218 3318 ἀφίξεως
1248 3248 1936 3322 προτεθαυματουργῆσθαι

2039 3251 2225 3322 ianuis
2256 3260 2552 3322 penetrans
2606 3250 2663 3305 in
2712 3250 3053 3305 domicilium
3089 3247 3159 3303 ad
3186 3246 3491 3317 discipulos
3533 3258 3632 3299 ac-

347 3342 451 3411 τὴν
481 3338 578 3393 τοῦ
603 3338 863 3410 Σωτῆρος
889 3337 1204 3404 ἀνάστασιν,
1230 3339 1297 3409 ἣν
1323 3336 1401 3401 ὡς
1427 3338 1560 3400 Θεὸς
1587 3339 1694 3412 ἰδίᾳ
1711 3341 1935 3411 δυνάμει

2039 3344 2227 3399 cessit.
2263 3342 2446 3409 Quare
2494 3341 2662 3396 etiam
2715 3341 2931 3396 dicebat
2961 3359 2975 3395 :
3016 3338 3232 3394 Nonest
3259 3339 3367 3401 hic,
3391 3335 3486 3393 sed
3512 3352 3634 3390 sur-

351 3432 688 3505 πληρώσας,
723 3432 823 3502 τὴν
870 3430 1184 3502 οἰκονομίαν
1231 3431 1535 3502 ἐνήργησεν
1566 3470 1582 3497 ,
1635 3432 1936 3505 ἀγγελικῆς

2040 3436 2178 3490 rexit
2225 3449 2245 3490 :
2279 3432 2601 3505 signiﬁcans
2648 3433 2876 3503 angelus
2941 3439 3069 3487 ante
3123 3445 3285 3485 suum
3331 3429 3636 3484 adventum-

352 3524 677 3596 συμμαχίας
723 3524 783 3577 ού
816 3522 1050 3594 δεηθείς.
1084 3523 1149 3576 Ei
1180 3522 1289 3594 γὰρ
1321 3522 1482 3578 τοῦτο
1531 3524 1606 3597 μὴ
1644 3520 1711 3597 ἦν
1731 3565 1747 3590 ,
1780 3520 1935 3581 εἶπεν

2039 3531 2435 3587 admirabiliter
2471 3528 2742 3585 accidisse
2789 3524 3246 3580 resurrectionem
3294 3518 3646 3585 Servateris,

2040 3637 2204 3692 quam
2232 3628 2291 3675 ut
2314 3620 2457 3677 Deus
2489 3618 2710 3690 propria
2739 3617 2940 3671 virtute
2966 3626 3273 3683 exsequens
3302 3611 3357 3665 in
3392 3609 3487 3675 iis,
3505 3626 3629 3679 quae

2041 3713 2311 3783 disposita
2365 3725 2430 3765 ac
2487 3709 2761 3765 destinata
2803 3713 2996 3770 erant,
3045 3701 3369 3774 peragendis
3416 3702 3631 3756 nullum

2045 3803 2362 3875 angelorum
2402 3800 2668 3856 auxilium
2695 3796 3049 3855 desideravit.
3086 3793 3202 3850 Nisi
3244 3794 3393 3850 enim
3424 3792 3529 3847 hoc
3550 3790 3627 3846 ita
3674 3824 3685 3833 -

349 3616 442 3681 ἂν,
489 3614 620 3669 Ἰδοὺ
658 3613 950 3686 ἐγείρεται,
978 3613 1155 3684 δηλῶν
1179 3613 1240 3667 τὸ
1276 3616 1595 3686 παραυτίκα
1620 3617 1930 3688 γινόμενον·

351 3705 547 3777 ἐπειδὴ
587 3705 646 3760 δὲ
674 3704 1025 3777 προεγεγόνει
1049 3704 1129 3777 τῷ
1160 3706 1557 3779 παρεληλυθότι
1586 3708 1761 3780 χρόνῳ
1801 3727 1937 3781 χρη-

352 3800 590 3870 σάμενος
609 3840 623 3865 ,
653 3797 857 3870 ἔφησεν
875 3814 891 3828 ·
929 3799 1052 3852 Οὐκ
1082 3798 1256 3852 ἐστιν
1276 3791 1414 3863 ὧδε,
1445 3799 1581 3853 ἀλλ’
1605 3799 1847 3869 ἠγέρθη.

351 3896 527 3955 esset,
554 3888 787 3944 dixisset
820 3905 836 3942 :
871 3885 1013 3942 Ecce
1058 3887 1314 3958 resurgit,
1343 3888 1661 3958 signiﬁcans
1685 3889 1762 3957 id,
1790 3891 1939 3963 quod
1978 3894 2165 3950 statim
2201 3893 2391 3961 ﬁeret;
2446 3892 2542 3949 sed
2571 3891 2831 3964 quoniam
2879 3898 3007 3945 ante
3065 3886 3266 3944 factum
3307 3895 3448 3953 erat,
3488 3900 3630 3959 pm-

352 3982 520 4039 terito
560 3987 804 4050 tempore
843 3987 1002 4035 utens
1037 3979 1175 4035 dixit
1204 3998 1217 4035 :
1250 3979 1374 4035 Non
1403 3990 1482 4036 est
1516 3982 1623 4049 hic,
1649 3983 1747 4039 sed
1793 3987 2045 4042 surrexit.

427 4075 605 4129 Κάκεῖ
627 4074 684 4128 δὲ
707 4074 772 4128 ἐκ
799 4072 989 4127 τούτου
1009 4072 1281 4128 δείκνυται
1309 4074 1516 4145 σαφῶς,
1533 4075 1612 4139 ὡς
1639 4077 1688 4129 oi
1719 4076 1944 4132 ἀπόστο-

353 4165 440 4218 λοι
464 4162 822 4236 κηρύττοντες
864 4162 926 4216 τὸ
952 4162 1284 4231 Εὑαγγέλιον
1307 4202 1324 4227 ,
1373 4163 1558 4233 ελεγον
1584 4165 1679 4219 τὸν
1709 4167 1945 4238 Χριστὸν

356 4256 656 4329 ὲγηγὲρθαι
693 4257 798 4310 ὑπὸ
823 4254 916 4309 τοῦ
972 4256 1220 4328 Πατρὸς,
1267 4256 1356 4311 διὰ
1406 4257 1467 4310 τὸ
1494 4257 1606 4311 τῶν
1637 4258 1945 4315 ἀκουόντων

355 4350 585 4413 ἀσθενὲς
603 4388 618 4412 ,
651 4349 1053 4422 εύπαράδεκτον
1084 4350 1178 4402 τὸν
1209 4349 1366 4418 λόγον
1392 4350 1565 4423 ταύτῃ
1603 4354 1944 4408 κατασκευά-

357 4441 563 4507 ζοντες.
599 4442 656 4495 '0
687 4441 745 4494 δὲ
771 4441 1002 4510 ἄγγελος
1036 4442 1134 4512 τὴν
1176 4441 1665 4516 εὐαγγελιζομένην
1689 4444 1790 4516 τὴν
1819 4446 1946 4500 ἀνά-

359 4553 553 4590 στασιν
589 4536 756 4607 ῥήξας
787 4536 991 4605 φωνὴν,
1021 4535 1233 4607 γυμνὴν
1272 4537 1546 4607 ὲκφαίνων
1585 4540 1685 4611 τὴν
1713 4540 1940 4612 θεοπρε-

358 4626 634 4696 πεστάτην
658 4625 904 4692 ἐξουσίαν
933 4625 1026 4680 τοῦ
1063 4626 1392 4692 ἀναστάντος
1416 4628 1543 4682 ὲόόα
1569 4644 1581 4657 ·
1619 4632 1742 4684 Οὐκ
1769 4630 1941 4685 ἔστιν

355 4714 496 4779 ὧδε,
530 4717 669 4771 ἀλλ’
700 4715 943 4785 ἠγέρθη.
981 4716 1090 4768 Καὶ
1116 4715 1177 4768 τὸ
1220 4715 1520 4787 ὲγηγέρθαι
1551 4716 1609 4770 δὲ
1647 4718 1810 4772 αὑτὸν
1836 4719 1942 4773 ὑπὸ

361 4806 455 4863 τοῦ
484 4807 697 4877 [ἰατρὸς
733 4805 1009 4875 λέγεσθαι,
1036 4805 1146 4858 τῶν
1179 4807 1277 4877 μὲν
1305 4806 1631 4871 ἀκουόντων,
1674 4807 1749 4872 ὡς
1781 4808 1938 4881 ἔφην,

358 4900 635 4971 οἰκονομεῖ
682 4897 745 4953 τὸ
782 4897 1039 4960 ἀσθενέςο
1066 4896 1158 4950 τὸν
1188 4897 1244 4950 δὲ
1282 4898 1446 4952 αὑτὸν
1488 4897 1600 4968 ἔχει
1639 4900 1765 4953 νοῦν
1789 4940 1803 4961 ,
1848 4901 1944 4954 καὶ

358 4992 460 5062 οὐχ
495 4990 701 5061 ἕτερον.
743 4990 832 5042 Ἐν
877 4989 981 5042 τίνι
1016 4989 1125 5061 γὰρ
1174 4990 1203 5042 ό
1239 4990 1427 5061 Πατὴρ
1456 4992 1704 5062 ὲνεργεῖς
1747 4993 1836 5045 Ἐν
1873 4994 1939 5063 τῇ

360 5083 539 5153 οἰκείᾳ
567 5081 794 5152 δυνάμει
825 5079 1087 5151 δηλονότι.
1118 5079 1216 5145 Τίς
1246 5079 1304 5133 δέ
1346 5081 1546 5153 ἐστινὴ
1580 5081 1809 5153 δύναμις
1849 5082 1942 5137 τοῦ

362 5173 607 5245 Πατρός;
639 5173 828 5237 Οὐδεὶς
878 5171 1069 5238 ἄλλος,
1122 5171 1155 5243 ἢ
1187 5173 1217 5226 ὁ
1264 5174 1496 5245 Χριστός
1521 5191 1535 5205 ο
1571 5175 1804 5245 Χριστὸς
1836 5175 1945 5247 γάρ

361 5262 501 5317 Θεοῦ
545 5263 809 5334 δύναμις,
841 5264 935 5317 καὶ
963 5262 1098 5315 Θεοῦ
1143 5263 1325 5332 σοφία.
1370 5264 1580 5318 Οὐκοῦν
1622 5265 1812 5320 ἑαυτὸν
1848 5267 1946 5320 ἀν-

364 5357 596 5427 έστησεν
621 5357 651 5409 ό
676 5356 884 5427 Σωτὴρ,
918 5356 965 5408 εί
992 5355 1085 5408 καὶ
1129 5355 1235 5409 ὑπὸ
1266 5354 1361 5409 τοῦ
1392 5357 1603 5429 Πατρός
1637 5358 1934 5430 ὲγηγέρθαι

362 5448 602 5517 λέγεται.
637 5449 712 5501 Τὸ
740 5448 796 5501 δὲ
829 5447 973 5517 Ὀψὲ
990 5446 1323 5511 Σαϐϐάτων,
1346 5448 1406 5501 ού
1436 5448 1534 5520 τὴν
1575 5449 1815 5521 ἑσπέραν
1844 5449 1943 5521 τὴν

367 5539 512 5596 κατά
538 5539 639 5611 τὴν
687 5539 838 5593 δύσιν
884 5540 975 5594 τοῦ
1016 5539 1169 5610 ἡλίου
1222 5538 1407 5609 δηλοῖ·
1445 5540 1564 5595 οὐδὲ
1599 5541 1706 5612 γᾲρ
1752 5541 1947 5605 ἑνικῶς

445 5713 673 5769 'Mattb.
706 5717 952 5781 XXVIII,6
1050 5718 1068 5747 ’
1098 5715 1229 5772 ibid.
1267 5715 1283 5768 ι
1317 5731 1439 5786 sqq.

2116 4061 2294 4149 Atque
2339 4077 2474 4133 illud
2519 4078 2683 4134 etiam
2710 4091 2774 4132 ex
2833 4075 2938 4130 hoc
2968 4081 3156 4145 aperte
3189 4073 3628 4133 demonstratur,

2045 4168 2191 4239 quod
2215 4168 2476 4238 apostoli,
2499 4183 2623 4223 cum
2647 4165 3007 4237 praedicarent
3025 4162 3629 4235 Evangelium,propter

2044 4261 2423 4316 inﬁrmitatem
2453 4258 2792 4315 audientium
2827 4257 3085 4314 dicebant
3124 4255 3405 4311 Christum
3437 4269 3628 4309 resus-

2041 4352 2266 4406 citatum
2304 4366 2426 4406 esse
2452 4365 2483 4404 a
2508 4347 2690 4414 Patre,
2745 4346 3141 4418 acceptabilem
3176 4353 3231 4400 et
3262 4341 3621 4399 commenda—

2045 4442 2208 4498 bilem
2238 4443 2343 4496 hoc
2359 4441 2522 4496 modo
2555 4454 2864 4497 sermonem
2893 4438 3209 4493 reddentes.
3248 4432 3356 4489 Sed
3376 4432 3627 4502 angelus,

2044 4533 2137 4603 qui
2158 4531 2369 4602 primus
2402 4532 2825 4589 resurrccﬁonis
2841 4528 3303 4585 annuntiatricem
3325 4540 3514 4581 vocem
3533 4539 3627 4578 ru-

2046 4624 2145 4695 pit,
2187 4624 2387 4679 nudam
2426 4624 2723 4695 designans
2774 4639 2841 4679 ac
2894 4621 3199 4691 majestatis
3251 4616 3624 4689 plenissimam

2049 4717 2280 4787 ideoque
2318 4716 2554 4772 maxime
2580 4715 2997 4770 convenientem
3027 4711 3170 4782 ejus,
3206 4710 3300 4781 qui
3321 4722 3628 4764 resurrexe-

2047 4815 2151 4874 rat,
2178 4816 2520 4877 potestatem,
2552 4806 2825 4859 clamabat
2859 4823 2872 4876 ε
2914 4802 3037 4858 Non
3068 4809 3145 4856 est
3170 4801 3277 4865 hic,
3311 4797 3406 4854 sed
3440 4812 3613 4853 surre-

2044 4900 2147 4953 xit.
2180 4897 2369 4969 itaque
2423 4895 2571 4968 quod
2619 4896 2819 4950 dicitur
2846 4909 2970 4949 eum
3018 4891 3403 4948 resuscitatum
3433 4902 3557 4943 esse
3594 4900 3626 4941 ιι

2049 4987 2232 5055 Patre,
2263 4987 2599 5043 audientium
2633 4986 2876 5056 quidem,
2913 4993 2971 5038 ut
3002 4983 3138 5046 dixi,
3171 4979 3494 5052 disponebat
3541 4984 3627 5032 at-

2049 5097 2157 5152 que
2178 5080 2564 5137 moderabatur
2591 5078 2986 5142 inﬁrmitatem,
3015 5074 3266 5130 eumdem
3305 5086 3430 5127 vero
3457 5068 3629 5125 conti-

2051 5181 2165 5237 net,
2194 5178 2378 5227 etnon
2406 5170 2574 5224 alium
2598 5168 2955 5225 intellectum.
2982 5163 3117 5219 Nam
3146 5163 3200 5216 in
3232 5177 3341 5233 quo
3368 5168 3627 5230 operatur

2052 5261 2252 5317 Pater?
2288 5259 2347 5316 ιιι
2399 5259 2622 5331 propria
2665 5257 2912 5329 potentia
2968 5253 3223 5309 videlicet
3286 5261 3342 5309 et
3399 5253 3623 5306 virtute.

2051 5350 2310 5419 Quaenam
2342 5359 2425 5407 est
2444 5357 2626 5405 autem
2650 5348 2827 5402 virtus
2860 5360 2924 5399 ac
2953 5344 3195 5415 potentia
3214 5341 3429 5396 Patris?
3458 5339 3628 5395 Nemo

2054 5444 2195 5499 alius
2222 5452 2586 5513 praeterquam
2640 5437 2940 5495 Christus:
2998 5435 3256 5491 Christus
3319 5433 3465 5490 enim
3531 5429 3628 5485 Det

2056 5539 2230 5593 virtus
2257 5552 2317 5593 ac
2346 5534 2605 5607 potentia,
2639 5532 2842 5601 Deique
2870 5526 3138 5602 sapientia
3171 5537 3273 5583 est.
3305 5526 3443 5598 Ergo
3482 5523 3633 5595 seip-
