4084 6158
479 313 579 368 551

1709 313 1766 369 S.
1798 312 2124 370 GREGORII
2162 313 2458 370 NYSSENI

3621 309 3728 367 ϐδὲ

477 451 597 491 ειιω
620 436 969 490 resuscitavit
991 433 1263 499 Christus,
1304 436 1408 491 etsi
1437 451 1465 489 a
1500 435 1660 492 Patre
1682 437 1885 492 dicitur
1923 453 2046 494 esse

2156 435 2298 493 εἶπεν
2333 438 2460 507 Ὀψὲ
2495 436 2791 499 Σαϐϐάτου,
2825 434 2962 489 ἀλλὰ
2991 432 3387 505 πληθυντικῶς,
3415 433 3564 502 Ὀψὲ
3585 436 3728 489 Saﬁ-

476 527 854 581 resuscitatus.
876 524 1150 592 Craterum
1202 526 1298 596 ὀψὲ
1339 527 1652 593 Σαϐϐάτων,
1688 529 1740 583 id
1778 540 1881 596 est,
1929 546 2047 585 sero

475 616 558 670 vel
581 617 776 685 vesperi
801 615 1289 682 Sabbatorum,non
1325 619 1596 689 signiﬁcat
1623 635 1928 690 vesperum,
1954 621 2046 690 qui

476 714 597 775 post
631 721 886 760 occasum
923 707 1054 762 solis
1085 707 1188 761 fuit
1215 727 1226 761 :
1256 723 1433 778 neque
1478 711 1624 765 enim
1694 712 2048 781 singulariter

473 798 629 861 dixit,
662 813 786 853 sero
815 797 1062 866 Sabbati,
1081 799 1176 855 sed
1200 801 1502 870 pluraliter,
1523 819 1644 858 sero
1662 801 2045 858 Sabbatorum.

476 889 710 944 Sabbata
745 905 872 944 vero
901 905 1097 946 omnen
1125 893 1480 961 septimanam
1518 907 1712 949 vocare
1742 894 1919 949 solent
1943 892 2050 949 lle-

475 975 624 1030 bra‘i.
658 976 790 1030 Nam
815 992 882 1031 ne
917 979 1133 1047 longius
1167 979 1349 1044 abeas,
1375 983 1738 1053 evangelistae,
1767 1000 1872 1036 um.
1914 981 2048 1037 Sab-

474 1066 735 1131 batorum,
757 1067 1011 1137 inquiunt
1043 1089 1054 1124 :
1085 1085 1210 1124 cum
1268 1070 1557 1126 dicendum
1613 1073 1828 1140 fuisset,
1862 1070 2048 1127 Primo

473 1157 562 1213 die
608 1159 944 1228 septimanae.
993 1157 1084 1214 Sic
1133 1161 1391 1216 nimirum
1438 1165 1600 1218 etiam
1661 1165 1716 1220 in
1769 1167 2048 1221 communi

474 1251 873 1306 consuetudine
929 1253 1154 1317 utimur,
1227 1255 1525 1308 secundum
1582 1255 1942 1312 Sabbatorum
1994 1266 2050 1313 et

473 1342 694 1396 tertium
751 1341 1111 1398 Sabbalorum
1143 1347 1477 1415 appellantes
1501 1349 1800 1403 secundum
1853 1360 1903 1406 et
1936 1361 2050 1406 ter-

474 1433 608 1485 tium
642 1433 785 1486 diem
821 1436 1285 1502 septimanaeNon
1314 1438 1451 1492 dixit
1481 1439 1664 1509 igitur,
1690 1455 1814 1494 sero
1841 1442 2052 1497 Sabba-

472 1523 532 1587 ti,
568 1533 660 1578 aut
697 1526 906 1594 vesperi
943 1525 1184 1592 Sabbati,
1216 1538 1273 1582 ut
1335 1546 1620 1598 vesperum
1657 1532 1936 1588 illiusdiei
1973 1535 2050 1588 si-

471 1613 798 1682 gnilicaret:
849 1616 943 1668 sed
987 1614 1114 1670 Sero
1169 1616 1543 1684 Sabbutoru'n,
1597 1628 1655 1672 ut
1705 1622 1938 1686 tardius,
1994 1630 2048 1677 et

2150 531 2357 586 ϐάτων.
2397 529 2649 583 Σάϐϐατα
2705 529 2764 582 δὲ
2823 527 2922 599 τὴν
2981 528 3164 580 πᾶσαν
3219 526 3485 596 ἑϐδομάδα
3548 527 3732 580 καλεῖν

2162 620 2429 690 Ἑϐραίοις
2459 617 2821 682 ἑθος.Αὒτίκα
2855 615 2984 685 γοῦν
3018 616 3067 668 οί
3098 613 3483 682 εὐαγγελισταὶ
3512 617 3579 684 τῇ
3613 611 3731 680 Μιᾷ

2148 713 2268 766 τῶν
2309 711 2644 766 Σαϐϐάτωνο
2703 710 2836 778 φασὶ
2888 709 2964 773 δὲ,
3029 708 3108 777 Τῇ
3148 706 3341 780 πρώτῃ
3397 706 3580 776 ἡμέρα
3629 705 3730 776 τῆς

2149 802 2458 872 ἑϐδομάδος,
2491 802 2686 854 εἰπεῖν.
2727 798 2883 853 Οὕτω
2914 796 2978 868 δὴ
3007 797 3100 851 καὶ
3125 797 3184 851 ἑν
3213 800 3278 867 τῇ
3326 796 3583 867 συνηθείᾳ
3631 812 3728 849 κε-

2150 895 2254 966 χρή
2265 893 2402 964 μεθα
2425 931 2438 956 ,
2467 891 2724 962 δευτέραν
2755 889 3067 956 Σαϐϐάτων,
3095 889 3190 942 καὶ
3219 889 3413 959 τρίτην
3436 887 3729 941 Σαϐϐάτων

2151 983 2648 1056 προσαγορεύοντες
2673 981 2770 1052 τὴν
2802 979 3058 1050 δευτέραν
3109 980 3202 1034 καὶ
3230 979 3420 1050 τρίτην
3458 979 3556 1049 τῆς
3589 977 3730 1032 ἑϐδο-

2154 1077 2321 1148 μάδος
2352 1075 2580 1147 ἡμέραν.
2614 1074 2728 1127 Οὐκ
2762 1068 2918 1125 εἶπεν
2953 1067 3078 1136 οὖν,
3122 1071 3252 1140 Ὀψὲ
3306 1070 3585 1123 Σαϐϐάτου
3612 1109 3627 1133 ,
3666 1070 3726 1140 ἦ,

2163 1167 2436 1236 Ἑσπέρας
2485 1163 2762 1218 Σαϐϐάτου
2788 1202 2803 1226 ,
2839 1162 2926 1215 ἴνα
2971 1161 3069 1232 τὴν
3095 1161 3329 1230 ἑσπέραν
3380 1160 3478 1230 τῆς
3514 1160 3727 1230 ἡμέρας

2150 1258 2364 1327 ἐκείνης
2387 1256 2600 1326 δηλώσῃ
2620 1270 2634 1286 ⁶
2670 1254 2804 1319 ἀλλ’,
2840 1251 2975 1321 Ὀψὲ
3013 1252 3345 1314 Σαϐϐάτων,
3376 1252 3463 1304 ἵνα
3505 1250 3566 1304 τὸ
3597 1251 3726 1321 βρά-

2149 1350 2258 1403 διον
2296 1348 2392 1402 κα⁶ι
2439 1347 2572 1401 πολὺ
2605 1344 2883 1414 διεστηκὸς
2918 1344 3158 1415 ἑμφήνῃ.
3197 1342 3309 1395 Καὶ
3336 1343 3444 1413 γάρ
3489 1359 3591 1394 που
3632 1341 3727 1394 καὶ

2149 1442 2320 1505 οὕτως
2345 1441 2476 1510 ἡμῖν
2494 1435 2722 1507 σύνηθες
2746 1435 2944 1504 λέγειν’
2992 1433 3122 1501 Ὀψὲ
3144 1431 3237 1486 τοῦ
3268 1429 3460 1502 καιροῦ
3487 1430 3729 1500 παραγὲ⁹

2150 1550 2346 1602 γονας,
2401 1531 2495 1602 ὀψὲ
2539 1530 2638 1600 τῆς
2668 1527 2854 1598 ὥρας,
2911 1525 3009 1594 ὀψὲ
3057 1527 3157 1593 τῆς
3200 1522 3422 1594 χρείας·
3465 1522 3584 1590 ούχὶ
3627 1521 3728 1592 τὴν

2150 1623 2409 1692 ἑσπέραν,
2446 1622 2540 1673 καὶ
2570 1619 2660 1672 τὸν
2699 1617 2837 1688 μετὰ
2863 1616 3015 1687 ἡλίου
3053 1613 3262 1684 δυσμὰς
3311 1614 3501 1683 χρόνον
3533 1610 3725 1682 δηλοῦ-

473 1706 701 1760 multum
755 1704 967 1760 distans
1020 1708 1306 1763 indicaret.
1343 1708 1552 1763 Etenim
1606 1712 1899 1780 aliquando
1947 1729 2046 1768 nos

2156 1731 2234 1766 σιν
2259 1730 2271 1742 ·
2306 1712 2440 1766 ἀλλὰ
2477 1710 2537 1763 τὸ
2588 1708 2836 1779 βράδιον,
2884 1707 2980 1759 καὶ
3043 1705 3269 1759 κατόπιν
3315 1704 3418 1773 τῆς
3447 1703 3660 1773 χρείας,
3696 1701 3727 1772 ἦ

465 1814 689 1868 quoque
729 1799 801 1851 ita
826 1798 1007 1854 dicere
1037 1800 1299 1861 solemus,
1335 1801 1431 1870 ὀψὲ
1469 1802 1562 1854 τοῦ
1589 1778 1782 1874 καιροῦ
1800 1807 2045 1876 παραγέ-·

2156 1805 2242 1858 τοῦ
2281 1802 2471 1874 καιροῦ
2525 1801 2777 1870 γενέσθαι
2828 1798 2920 1851 τὸν
2952 1797 3149 1868 τρόπον
3203 1794 3390 1848 τοῦτον
3448 1793 3729 1864 μηνύουσι.

472 1906 655 1956 γονας,
680 1889 731 1942 id
766 1898 870 1951 est,
893 1906 1009 1943 sero
1037 1892 1120 1944 vel
1149 1891 1353 1944 tardius
1375 1891 1444 1945 ad
1474 1903 1671 1960 tempus
1696 1896 1878 1948 venisti
1909 1911 1927 1948 .'
1951 1897 2049 1964 ὀψὲ

471 1979 571 2048 τῆς
609 1979 778 2050 ὥρας,
811 1980 864 2034 id
901 1988 1006 2044 est,
1063 1998 1178 2034 sero
1225 1983 1310 2037 vel
1361 1983 1566 2037 tardius
1597 1985 1664 2037 ad
1693 1988 1874 2039 harant
1910 1987 2050 2056 εόψὲ

469 2070 571 2139 τῆς
611 2071 818 2140 χρείας,
853 2070 906 2124 id
949 2081 1056 2135 est,
1104 2089 1218 2126 sero
1261 2087 1324 2126 ac
1359 2073 1585 2136 tardius,
1624 2091 1784 2144 quam
1828 2092 1960 2130 usus
1996 2085 2051 2131 et

471 2162 771 2216 necessitas
804 2164 1138 2231 postulasset
1174 2181 1187 2217 :
1239 2181 1350 2219 non
1383 2181 1686 2234 vesperam,
1713 2183 1886 2235 neque
1915 2177 2052 2222 tem-

473 2266 599 2321 pus,
633 2251 778 2320 quod
820 2259 944 2320 post
967 2267 1224 2307 occasum
1257 2255 1387 2309 solis
1410 2264 1514 2320 εει,
1538 2257 1930 2325 signiﬁcantes.
1961 2260 2055 2313 sed

473 2341 706 2407 tardius,
734 2349 786 2396 et
822 2351 944 2411 post
969 2357 1132 2411 quam
1161 2359 1296 2398 usus
1323 2352 1375 2398 et
1405 2348 1710 2400 necessitas
1747 2349 2050 2414 postulave-

470 2433 540 2488 rit
563 2441 658 2487 aut
684 2441 806 2503 post
853 2442 1068 2504 tempus
1103 2435 1452 2489 commodum
1486 2445 1540 2490 et
1571 2447 1936 2505 opportunum
1973 2439 2051 2490 l'a-

469 2535 617 2579 etum
645 2541 768 2582 esse
792 2526 1070 2596 quippiam
1091 2527 1192 2581 hoc
1223 2527 1385 2581 modo
1411 2527 1732 2582 indicantes.
1765 2529 1938 2597 Atque
1954 2529 2050 2598 ὀψὲ

469 2618 778 2684 Σαϐϐάτων,
816 2618 872 2673 id
905 2627 1010 2682 est,
1039 2634 1155 2672 sero
1182 2619 1266 2672 vel
1296 2620 1491 2686 vesperi
1517 2617 1898 2682 Sabbatorum,
1933 2621 2049 2674 lon-

469 2711 590 2779 gius
619 2719 674 2766 et
707 2710 918 2765 tardius
949 2711 1236 2781 praeterita:
1266 2713 1584 2780 septimana:
1624 2721 1836 2781 tempus
1859 2713 2037 2781 signi-

472 2801 615 2854 ficat.
655 2799 912 2870 lmpletur
967 2801 1221 2869 quislibet
1299 2799 1602 2868 septimana
1657 2816 1854 2856 occasu
1913 2803 2047 2857 solis

403 2891 411 2898 ’
471 2891 769 2945 Sabbatum
829 2892 1156 2960 excipiente.
1189 2890 1323 2943 Nam
1385 2893 1547 2945 etiam
1606 2891 1890 2948 Mattlizcus
1922 2909 2044 2947 cum

2153 1897 2263 1948 Καὶ
2280 1895 2341 1946 τὸ
2374 1893 2518 1961 Ὀψὲ
2537 1890 2937 1956 Σαϐϐἁτων,τὸ
2960 1889 3148 1959 πόρρω
3162 1886 3255 1940 καὶ
3277 1885 3492 1956 βράδιον
3511 1885 3609 1953 τῆς
3633 1900 3733 1936 πε-

2156 1987 2479 2060 ραιωθείσης
2512 1983 2803 2054 ἑϐδομάδος
2831 1982 2996 2052 δηλοῖ.
3044 1979 3350 2050 Πληροῦται
3395 1978 3453 2030 δὲ
3499 1976 3733 2046 ἑϐδομὰς

2155 2079 2356 2147 ἑκάστη
2382 2118 2395 2142 ,
2419 2079 2539 2138 ταῖς
2574 2075 2710 2145 μετὰ.
2733 2073 2795 2126 τὸ
2815 2072 3089 2126 Σάϐϐατον
3116 2071 3266 2140 ἡλίου
3295 2069 3543 2138 δυσμαῖς.
3575 2067 3734 2137 Ἀμέ-

2155 2169 2235 2221 λει
2267 2170 2360 2222 καὶ
2386 2167 2445 2220 τὸ
2488 2166 2620 2219 πολὺ
2650 2163 2931 2234 διεστηκὸς
2959 2163 3054 2216 τοῦ
3100 2159 3296 2231 καιροῦ
3329 2159 3466 2228 πρὸς
3498 2158 3557 2211 τὸ
3584 2155 3735 2220 τέλος

2157 2264 2254 2330 τῆς
2284 2257 2662 2329 πληρωθείσης
2686 2255 2978 2326 ἑϐδομάδος
3017 2254 3046 2306 ὁ
3080 2251 3353 2314 Ματθαῖος
3379 2249 3554 2320 δηλῶν
3579 2287 3594 2313 ,
3639 2246 3736 2300 καὶ

2155 2351 2344 2420 ὥσπερ
2373 2347 2689 2419 ἑρμηνεύων
2724 2345 2934 2408 ἑαυτὸν,
2961 2346 3228 2414 ἑπήγαγε,
3257 2340 3338 2410 Τῇ
3369 2339 3735 2408 dammam!)-

2155 2457 2236 2509 σῃ
2270 2444 2356 2507 είς
2389 2441 2537 2510 μίαν
2565 2438 2899 2492 Σαϐϐἀτων.
2932 2437 3290 2506 Παρῳχήκει,
3325 2432 3489 2500 φησὶν
3513 2470 3528 2494 ,
3571 2432 3603 2499 ἡ
3638 2428 3734 2494 νὺξ

2151 2530 2402 2585 τοσοῦτον
2423 2569 2439 2594 ,
2481 2529 2558 2593 ὡς
2585 2526 2725 2582 εἶναι
2750 2528 2840 2580 τὸν
2868 2526 3058 2597 καιρὸν
3095 2526 3196 2596 τῆς
3225 2525 3336 2576 τῶν
3361 2520 3734 2592 ἀλεκτρυόνων

2157 2622 2313 2693 βοῆς,
2343 2622 2463 2692 ἥτις
2494 2620 2556 2672 τὸ
2598 2619 2714 2688 φῶς
2755 2621 2855 2690 τῆς
2901 2617 3199 2689 μελλούσης
3234 2615 3448 2685 ἡμέρας
3495 2627 3733 2680 προανα-

2156 2712 2428 2781 κρούεται.
2461 2709 2642 2780 Ταύτῇ
2667 2727 2749 2763 τοι
2774 2749 2789 2772 ,
2823 2709 3015 2779 καὶτῷ
3040 2708 3218 2778 καιρῷ
3242 2706 3433 2776 τούτῳ,
3459 2704 3554 2757 καὶ
3581 2701 3641 2755 ού
3668 2703 3733 2771 τῇ

2159 2803 2294 2874 μετὰ
2325 2805 2385 2856 τὸ
2416 2802 2691 2855 Σάϐϐατόν
2715 2802 2925 2872 ἑσπέρα
2947 2800 3305 2862 καταλύοντες
3332 2797 3433 2860 τὰς
3461 2793 3732 2865 νηστείας,

2155 2897 2250 2966 τῆς
2276 2893 2612 2966 εὐφροσύνης
2645 2892 2947 2967 ἀρχόμεθα,
2987 2892 3087 2961 τῆς
3117 2889 3260 2945 κατὰ
3291 2888 3505 2942 πάντων
3534 2899 3733 2957 κρατη-

470 2983 729 3052 temporis
781 2983 1091 3046 articulum,
1127 2985 1223 3051 qui
1295 2983 1522 3036 multum
1573 2983 1813 3037 distabat
1871 3000 1900 3039 a
1949 2985 2050 3040 ﬁne

2161 2989 2332 3057 σάσης
2361 2984 2648 3056 συνηθείας
2672 2983 3076 3055 συνηγορούσης
3112 2982 3191 3053 τῷ
3217 2980 3524 3052 πράγματι.

471 3072 696 3141 Expleta:
748 3071 1085 3141 septimanae,
1119 3071 1472 3140 signiﬁcaret,
1504 3079 1560 3124 et
1585 3074 1743 3141 quasi
1785 3075 2023 3144 seipsum
2062 3077 2538 3146 interpretaretur,
2573 3074 2798 3144 adjecit,
2833 3074 2966 3138 Qua:
3023 3073 3284 3127 illucescit
3313 3073 3370 3124 in
3405 3085 3566 3123 unam
3602 3065 3732 3122 Sab-

471 3165 734 3218 batorum.
819 3161 1184 3224 Przeterierat,
1265 3161 1477 3230 inquit,
1539 3161 1592 3214 in
1645 3170 1857 3216 tantum
1923 3179 2030 3217 nox
2067 3173 2124 3218 ut
2161 3175 2304 3221 esset
2357 3173 2574 3235 tempus
2603 3165 2871 3234 gallorum
2919 3173 3136 3227 cantus,
3174 3163 3268 3232 qui
3317 3166 3512 3216 cantus
3557 3159 3733 3213 lucem

470 3257 640 3311 futuri
674 3255 781 3311 diei
841 3254 1116 3324 prazcedit.
1168 3251 1321 3307 Tunc
1369 3253 1625 3306 nimirum
1656 3263 1820 3324 atque
1857 3255 1912 3309 in
1941 3256 2047 3310 hoc
2085 3257 2320 3312 articulo
2361 3257 2642 3328 temporis,
2715 3272 2826 3312 non
2881 3263 3061 3310 autem
3095 3268 3320 3324 vespera
3345 3266 3465 3322 qua:
3530 3248 3737 3304 Subba-

471 3364 584 3408 tum
643 3351 971 3420 insequitur,
1034 3348 1285 3404 ﬁnientes
1320 3347 1548 3416 jejunia,
1615 3347 1909 3417 incipimus
1979 3365 2080 3404 nos
2155 3352 2431 3407 oblectare
2486 3360 2652 3422 atque
2729 3351 2922 3415 laztari,
2963 3347 3383 3412 consuetudine,
3431 3361 3551 3416 qua:
3595 3343 3734 3414 apud

470 3462 660 3504 omnes
688 3443 945 3507 obtinuit,
978 3443 1116 3497 hanc
1142 3457 1254 3497 rem
1289 3443 1708 3510 comprobante.

491 3569 510 3590 .
537 3537 673 3592 Cum
721 3537 889 3606 igitur
925 3535 1011 3589 hic
1040 3534 1304 3605 temporis
1347 3544 1492 3588 esset
1531 3534 1824 3600 articulus,
1879 3535 2052 3590 Maria

471 3630 790 3701 Magdalcna
839 3638 1006 3698 atque
1052 3629 1223 3683 altera
1269 3627 1518 3696 ejusdem
1557 3629 1795 3686 nominis
1847 3630 1914 3684 ad
1966 3645 2054 3685 se-

472 3721 720 3790 pulcrum
764 3725 1055 3782 venerunt,
1103 3725 1157 3773 et
1209 3718 1480 3788 angelum,
1523 3720 1618 3789 qui
1655 3719 1722 3774 de
1772 3720 1913 3775 coelo
1951 3720 2051 3776 de-

427 3802 787 3877 fscenderat,
837 3809 1297 3882 quemadmodum
1338 3809 1545 3864 dictum
1592 3818 1700 3877 est,
1745 3811 2050 3868 viderunt:

474 3904 593 3974 qui,
639 3904 887 3958 revoluto
914 3902 1111 3970 lapide,
1141 3915 1306 3970 super
1353 3916 1479 3954 eum
1531 3901 1758 3958 sedebat
1805 3920 1881 3958 :a
1941 3919 2052 3975 quo

475 3993 640 4050 etiam
688 3994 934 4046 invitata:
979 3991 1236 4045 viderunt
1285 3991 1488 4056 locum,
1537 3993 1630 4046 ubi
1670 3993 1886 4063 positus
1934 4004 2054 4050 erat

475 4083 746 4138 Dominus
777 4099 790 4136 :
821 4089 877 4138 et
921 4097 1144 4136 currere
1170 4083 1361 4151 jusszc.
1416 4099 1646 4152 quaeque
1697 4096 2048 4155 acceperant,

477 4177 737 4230 mandata
778 4175 1065 4244 discipulis
1096 4175 1277 4240 edere,
1308 4190 1543 4246 egressae
1590 4177 1842 4233 celeriter
1871 4194 1902 4234 e
1937 4194 2054 4234 mo-

478 4275 744 4322 numento
806 4267 1102 4321 currebant
1135 4285 1149 4319 :
1181 4268 1364 4337 itaque
1428 4269 1782 4325 currentibus
1833 4270 2048 4325 obviam

478 4363 659 4416 factus
690 4359 853 4417 Jesus
885 4360 1178 4430 appellavit
1202 4377 1318 4424 eas,
1352 4360 1563 4425 dicens,
1594 4363 1752 4417 Avete
1769 4365 1811 4419 ³.
1839 4363 2050 4418 Etenim

2156 4375 2308 4426 ρετε.
2337 4358 2444 4410 Καὶ
2493 4357 2601 4426 γὰρ
2631 4355 2734 4408 ἔδει
2763 4353 2979 4427 πρῶτον
3026 4351 3086 4404 τὸ
3138 4349 3414 4419 γυναικῶν
3441 4351 3598 4420 γένος
3647 4350 3742 4403 καὶ

477 4454 768 4524 oportebat
794 4454 1033 4523 primum
1077 4453 1401 4508 muliebrem
1432 4469 1622 4508 sexum
1663 4463 1718 4508 ct
1763 4456 1831 4510 ab
1861 4457 2054 4526 angelo

476 4548 681 4601 bonum
712 4544 1138 4601 resurrectionis
1168 4544 1422 4613 accipere
1468 4545 1742 4610 nuntium,
1783 4552 1838 4601 et
1870 4545 2058 4600 Domi-

477 4653 609 4691 num
672 4635 893 4701 videre,
945 4644 1006 4704 let
1052 4636 1285 4706 primam
1344 4636 1412 4690 ab
1467 4652 1533 4692 eo
1584 4653 1775 4692 vocem
1829 4639 2054 4706 audire,

476 4729 653 4782 Aucte.
703 4727 974 4794 Quoniam
1028 4727 1222 4782 mulier
1277 4743 1495 4798 quoque
1551 4728 1729 4799 prima
1775 4731 2058 4786 audiverat

479 4819 728 4875 fraudem
778 4821 1072 4890 serpentis,
1127 4828 1180 4875 et
1222 4829 1414 4894 contra
1465 4832 1795 4892 prmceptum
1849 4823 2057 4878 viderat

479 4911 615 4982 ligni
648 4912 924 4966 interdicti
965 4911 1226 4977 fructum,
1261 4921 1316 4966 et
1347 4927 1505 4982 poena
1537 4913 1774 4968 tristitia:
1806 4927 1871 4967 ac
1897 4913 2025 4968 dolo

478 5002 556 5056 ris
585 5000 949 5056 condemnata
994 5001 1190 5057 fuerat.
1224 5001 1566 5073 Quapropter
1609 5006 1773 5059 etiam
1822 5004 2055 5059 adorare

481 5091 740 5146 Servator
767 5103 822 5147 et
851 5093 1014 5163 pedes
1045 5093 1456 5164 apprehendere
1483 5101 1537 5148 et
1564 5105 1906 5152 contrectare
1932 5111 2056 5166 per-

483 5186 753 5246 mittebat,
787 5195 846 5239 ut
877 5187 945 5240 iis
975 5202 1096 5256 qua:
1125 5187 1314 5257 prima:
1345 5187 1692 5243 desciverant
1725 5198 1778 5244 et
1803 5190 2056 5243 alienatae

483 5285 640 5331 erant
667 5278 735 5331 ab
765 5292 850 5342 eo,
909 5287 964 5332 et
999 5277 1290 5346 discipulis
1323 5278 1578 5350 gaudium
1605 5279 1938 5334 annuntiare
1961 5280 2052 5348 ju-

480 5366 678 5429 bebat,
740 5380 866 5420 cum
924 5369 1238 5434 mulierem,
1317 5384 1440 5439 qua:
1502 5371 1739 5426 tristitiae
1805 5370 2056 5426 ministra

484 5457 694 5511 Adamo
729 5458 928 5523 fuerat,
968 5459 1152 5529 gaudii
1204 5462 1449 5516 nuntiam
1500 5463 1635 5519 viris
1692 5478 1815 5519 esse
1866 5463 2048 5526 vellet,

483 5549 775 5604 contrariis
802 5554 1076 5606 contraria
1123 5568 1348 5610 curans.
1391 5553 1648 5611 Euntibus
1687 5565 1866 5613 autem
1914 5556 2048 5621 illis,

557 5723 577 5757 ³
611 5722 802 5779 Matth.
841 5741 1034 5791 xxviii,
1065 5728 1095 5781 9
1128 5743 1247 5796 sqq.

2229 3533 2334 3587 Τοῦ
2388 3533 2581 3604 καιροῦ
2618 3531 2799 3586 τοίνυν
2849 3530 3001 3592 ὄντος
3041 3526 3228 3583 τούτου
3251 3567 3268 3592 ,
3321 3529 3355 3598 ἡ
3405 3527 3735 3599 Μαγδαληνὴ

2157 3626 2344 3695 Μαρία
2387 3625 2481 3677 καὶ
2521 3625 2556 3694 ἡ
2611 3621 2902 3694 ὁμώνυμος
2945 3621 3038 3674 ἑπὶ
3067 3621 3237 3689 τάφον
3277 3614 3480 3690 ἦλθον,
3522 3620 3616 3674 καὶ
3646 3619 3736 3673 τὸν

2158 3717 2389 3787 ἄγγελον
2416 3716 2508 3769 τὸν
2541 3716 2600 3782 ἑξ
2653 3713 2884 3788 ούρανοῦ
2911 3711 3326 3782 καταϐεϐηκότα
3351 3711 3441 3764 τὸν
3485 3728 3744 3782 προειρη-

2160 3808 2319 3880 μένον
2362 3807 2655 3862 ἐθεάσαντο
2705 3804 2906 3876 τρόπον
2929 3844 2944 3869 ,
2997 3803 3404 3857 ἁποκυλίσαντα
3439 3803 3530 3855 τὸν
3559 3810 3567 3816 ‘
3595 3801 3737 3855 λίθον

2159 3902 2254 3954 καὶ⁵
2285 3901 2371 3953 ἐπ’
2406 3899 2566 3952 αὐτὸν
2599 3895 2978 3968 καθεζόμενον,
3006 3895 3096 3964 ὑφ’
3119 3888 3180 3948 οὗ
3205 3894 3300 3948 καὶ
3327 3893 3737 3965 προκληθεῖσαι,

2158 3994 2250 4047 τὸν
2278 3992 2440 4045 τόπον
2475 3986 2634 4055 εἶδον,
2660 3989 2793 4042 ὅπου
2823 3986 2997 4040 ἔκειτο
3041 3989 3070 4039 ὁ
3100 3985 3302 4057 Κύριος
3325 4027 3339 4050 ,
3374 3986 3468 4038 καὶ
3503 4002 3736 4056 προστα-

2157 4085 2371 4157 χθεῖσαι
2398 4086 2510 4146 τοῖς
2543 4081 2810 4154 μαθηταῖς
2846 4079 3073 4151 δραμεῖν
3097 4077 3191 4130 καὶ
3218 4077 3566 4145 ἀπαγγεῖλαι,
3601 4077 3751 4143 ἐξελ·

2159 4173 2348 4226 θοῦσαι
2391 4171 2527 4242 ταχὺ
2560 4170 2655 4224 τοῦ
2687 4169 2966 4240 μνήματος
2991 4166 3225 4236 ἔδραμον
3251 4182 3264 4196 ·
3297 4166 3392 4219 καὶ
3420 4165 3484 4236 δὴ
3517 4164 3736 4237 τρεχού-

2159 4283 2278 4329 σαις
2309 4264 2768 4335 προσαπαντήσας
2807 4264 2836 4316 ό
2893 4259 3096 4331 Ἰησοῦς
3151 4256 3538 4329 προσεφώνησε
3559 4273 3574 4288 ⁸
3605 4258 3734 4311 Xal-

2157 4454 2254 4524 τὴν
2296 4451 2590 4505 ἀνάστασιν
2643 4445 3093 4516 εύαγγελισθῆναι
3149 4442 3298 4513 παρὰ
3329 4442 3423 4495 τοῦ
3479 4441 3736 4510 ἀγγέλου,

2157 4541 2368 4596 καὶτὸν
2396 4538 2595 4609 Κύριον
2633 4535 2782 4600 ἰδεῖν,
2813 4535 2905 4588 καὶ
2937 4531 3160 4603 πρώτην
3193 4531 3322 4601 παρ’
3355 4528 3519 4583 αὐτοῦ
3555 4527 3737 4597 φωνὴν

2157 4632 2422 4694 ἀκοῦσαι,
2465 4630 2545 4693 τὸ,
2579 4627 2840 4694 Χαίρετε.
2894 4623 3046 4677 Ἐπεὶ
3098 4623 3192 4676 καὶ
3240 4622 3375 4691 γυνὴ
3403 4619 3593 4692 πρώτη
3637 4620 3738 4688 τῆς

2159 4728 2373 4795 ἀπάτης
2402 4722 2494 4776 τοῦ
2527 4721 2702 4790 ὄφεως
2730 4719 2953 4790 ἤκουσε,
3000 4716 3094 4768 καὶ
3134 4710 3240 4766 εἶδε
3274 4713 3604 4784 παρανόμως
3645 4710 3737 4763 τὸν

2159 4818 2253 4872 τοῦ
2281 4812 2727 4886 ἀπηγορευμένου
2757 4808 2913 4874 ξύλου
2939 4806 3171 4878 καρπὸν,
3211 4805 3306 4858 καὶ
3333 4803 3478 4876 λύπῃ
3521 4800 3736 4856 κατεδι-

2166 4911 2394 4975 κάζετοο
2431 4907 2511 4959 διὸ
2550 4906 2642 4959 καὶ
2690 4902 3012 4973 προσκυνεῖν
3061 4899 3088 4951 ὁ
3131 4897 3322 4969 Σωτὴρ
3369 4898 3462 4949 καὶ
3513 4894 3737 4964 κρατεῖν

2164 5005 2290 5066 τοὺς
2341 4999 2504 5061 πόδας
2555 4994 2885 5066 συνεχώρει,
2937 4990 3012 5053 ὡς
3062 4989 3304 5060 πρώταις
3337 4985 3738 5046 ὰποπεσούσαις

2165 5095 2257 5148 καὶ
2305 5086 2775 5160 ἀλλοτριωθείσαις
2811 5082 2974 5137 αὑτοῦ
2999 5123 3012 5147 ,
3049 5081 3142 5134 καὶ
3183 5082 3294 5143 τοῖς
3329 5079 3595 5149 μαθηταῖς
3640 5075 3738 5145 τὴν

2164 5184 2338 5257 χαρὰν
2368 5179 2702 5250 διαγγέλλειν
2731 5175 2982 5228 ἐκέλευσε
3001 5213 3016 5238 ,
3056 5173 3230 5244 χαρᾶς
3261 5169 3488 5238 ἄγγελον
3515 5166 3740 5238 ἀνδράσι

2163 5277 2396 5346 γυναῖκα
2428 5270 2682 5341 γενέσθαι
2715 5267 3061 5340 βουλόμενος,
3093 5265 3193 5334 τῆς
3240 5261 3416 5333 λύπης
3449 5259 3526 5331 τῷ
3566 5259 3738 5329 Ἀδὰμ

2161 5366 2456 5438 γενομένην
2499 5364 2743 5418 διάκονον
2772 5399 2787 5424 ,
2837 5358 2906 5411 τὰ
2957 5356 3172 5410 ἐναντία
3215 5353 3302 5407 διὰ
3337 5352 3446 5406 τῶν
3483 5351 3738 5405 ἑναντίων

2165 5459 2410 5530 ἰώμενος.
2435 5450 2856 5522 Πορευομένων
2875 5447 2944 5502 δὲ
2959 5446 3174 5512 αὐτῶν,
3197 5445 3385 5515 φησιν,
3407 5441 3736 5512 ἀπαγγεῖλαι

2159 5554 2271 5616 τοῖς
2300 5549 2593 5622 μαθηταῖς,
2627 5544 2755 5600 ιδού
2793 5558 2950 5607 τινες
2979 5538 3089 5608 τῆς
3117 5535 3491 5604 κουστωδίας
3521 5533 3734 5591 ἐλθόν-

3783 4589 3794 4621 l
