4084 6158
386 274 494 330 653

1314 275 1383 330 IN
1421 276 1700 335 CHRISTI
1732 279 2376 344 RESURRECTIONEM
2403 284 2610 343 ORAT.
2642 285 2705 341 ll.

3560 283 3659 342 634

392 394 495 473 τες
520 380 609 447 εις
636 378 753 473 τὴν
787 382 1000 451 πόλιν,
1032 386 1409 458 ἀπήγγειλαν
1438 393 1566 460 τοῖς
1592 396 1981 466 ἀρχιερεῦσιν

2086 403 2290 473 inquit,
2340 413 2400 459 ut
2431 403 2690 457 mandata
2733 400 3004 457 referrent
3032 398 3349 472 discipulis,
3382 415 3500 457 ecce
3539 403 3661 472 qui-

392 468 632 525 ἄπαντα
657 471 730 525 τὰ
764 477 1075 546 γενόμενα.
1114 478 1228 534 Καὶ
1253 486 1664 555 συναχθέντες
1686 490 1838 559 μετὰ
1861 489 1983 546 τῶν

392 742 483 795 ὅτι
520 744 578 797 οί
610 748 866 816 μαθηταὶ
896 752 1088 807 αὐτοῦ
1132 755 1355 824 νυκτὸς
1400 759 1683 830 ἐλθόντες
1709 763 1982 834 ἔκλεψαν

391 835 580 891 αὐτὸν
620 840 792 909 ἡμῶν
816 844 1214 915 κοιμωμένων,
1239 851 1341 904 καὶ
1363 850 1474 906 ἐὰν
1497 854 1775 925 ἀκουσθῇ
1803 857 1981 912 τοῦτο

389 928 490 985 ἐπὶ
520 931 631 986 τοῦ
667 931 964 1003 ἡγεμόνος
989 975 1005 999 ,
1051 940 1225 1010 ἡμεῖς
1274 944 1566 1015 πείσομεν
1606 946 1832 1009 αὐτὸν,
1880 948 1980 1002 καί

390 1019 550 1090 ὑμᾶς
594 1021 957 1094 ἀμερίμνους
1002 1029 1338 1102 ποιήσομεν
1377 1052 1391 1065 ·
1456 1039 1512 1090 οἱ
1575 1036 1641 1090 δὲ
1689 1039 1982 1107 λαϐόντες

394 1112 466 1165 τὰ
486 1113 758 1183 ἀργύρια.
793 1115 1095 1188 ἐποίησαν
1131 1124 1213 1189 ὡς
1252 1124 1696 1196 ἐδιδάχθησαν,
1753 1130 1854 1193 καὶ
1893 1131 1984 1185 διο-

398 1206 706 1304 εςξημίσθη
744 1211 780 1263 ὁ
826 1213 1008 1282 λόγος
1037 1211 1219 1284 οὗτος
1273 1217 1435 1288 παρὰ
1472 1220 1782 1291 Ἰουδαίοις
1804 1226 1981 1296 μέχρι

397 1296 506 1363 τῆς
539 1296 826 1370 σήμερον.

476 1471 542 1526 Ἦ
576 1474 673 1545 μὲν
706 1471 799 1531 οὖν
820 1475 953 1550 ἄλλη
985 1482 1172 1553 Μαρία
1196 1484 1421 1559 (ταύτην
1460 1486 1517 1542 δὲ
1551 1483 1692 1543 εἶναι
1723 1489 1822 1561 τὴν
1847 1490 1981 1546 Θεο-

392 1565 551 1619 τόκον
581 1569 856 1623 πιστεύειν
891 1572 1199 1643 ἀκόλουθον,
1241 1578 1322 1632 ὄτι
1377 1581 1511 1652 μηδὲ
1552 1582 1852 1656 ἀπελείφθη
1883 1585 1979 1640 τοῦ

2081 494 2207 548 dam
2242 491 2307 547 de
2333 494 2576 546 custodia
2618 494 2674 546 in
2699 490 2880 546 urbem
2913 500 3182 557 venerunt,
3234 507 3298 545 ac
3330 492 3664 546 renuntiave-

2081 591 2205 637 runt
2236 580 2562 651 principibus
2589 579 2923 636 sacerdotum
2952 581 3154 643 omnia.
3185 595 3303 650 qua:
3331 580 3658 638 acciderant.

2082 676 2252 743 Atque
2282 672 2364 726 illi
2388 673 2580 735 coacti,
2613 687 2819 740 unaque
2847 687 2964 725 cum
2992 670 3289 726 senioribus
3318 670 3499 726 habito
3531 687 3660 725 con-
3686 688 3691 692 '

2080 763 2205 817 sitio
2232 763 2365 816 satis
2401 778 2648 832 magnam
2680 761 2955 829 pecuniam
2984 760 3241 815 dederunt
3282 760 3546 815 militibus
3573 760 3659 814 di-

2080 863 2252 909 centes
2284 867 2303 907 :
2330 851 2521 915 Dicite,
2575 852 2712 924 quod
2746 851 2998 922 discipuli
3051 851 3167 921 ejus
3218 861 3369 907 nocte
3403 852 3656 915 venerint,

2078 954 2131 1000 et
2183 944 2540 1014 subripuerint
2582 959 2703 999 eum
2740 943 2885 999 vobis
2923 941 3324 998 dormientibus.
3362 941 3432 996 Et
3465 942 3513 995 si
3560 943 3659 996 hoc

2080 1035 2313 1091 delatum
2345 1034 2503 1104 fuerit
2547 1035 2616 1088 ad
2649 1036 2952 1103 prlcsidem,
2998 1050 3093 1087 nos
3125 1031 3558 1101 persuadebimus
3584 1032 3656 1098 ei,

2077 1134 2129 1180 et
2154 1141 2241 1179 vos
2269 1140 2481 1179 securos
2510 1121 2811 1177 reddemus.
2843 1121 2937 1176 Illi
2961 1132 3138 1175 autem
3171 1131 3385 1189 accepta
3412 1121 3654 1189 pecunia,

2080 1217 2312 1286 fecerunt
2358 1212 2799 1287 quemadmodum
2837 1223 2991 1267 erant
3016 1213 3189 1267 edocti
3216 1229 3235 1268 :
3259 1224 3308 1267 et
3351 1215 3654 1284 divulgatus

2078 1320 2154 1364 est
2203 1310 2288 1364 hic
2352 1325 2535 1364 rumor
2581 1306 2722 1377 apud
2762 1303 2982 1361 Iudicas
3033 1321 3195 1377 usque
3245 1306 3301 1359 in
3346 1304 3656 1361 hodiernum

2079 1402 2217 1455 diem
2243 1402 2284 1456 ⁸.

2149 1494 2332 1563 Atque
2359 1492 2532 1547 altera
2565 1490 2786 1561 quidem
2829 1487 2999 1543 Maria
3036 1487 3198 1559 (hanc
3228 1493 3412 1542 autem
3446 1484 3646 1557 Deipa-

2080 1598 2197 1637 ram
2252 1582 2425 1638 fuisse
2473 1582 2698 1637 credere
2743 1588 3175 1636 consentaneum
3222 1586 3308 1633 est
3348 1576 3652 1648 :quoniam

394 1656 600 1721 πάθους
623 1699 636 1722 ,
667 1659 782 1714 ἀλλ’
809 1662 999 1718 ἵστατο
1042 1666 1192 1738 παρὰ
1224 1669 1302 1741 τῷ
1328 1672 1580 1744 σταυρῷ,
1610 1673 1687 1738 ὡς
1729 1675 1980 1746 Ἰωάννης

2082 1689 2185 1729 nec
2235 1688 2265 1726 a
2313 1672 2574 1744 passione
2620 1671 2841 1742 quidem
2894 1670 3090 1735 abfuit,
3144 1669 3263 1725 scd'
3299 1668 3479 1723 stabat
3499 1666 3654 1739 ju'xla

396 1749 680 1834 ἱστόρησεν
709 1792 723 1816 ,
832 1755 925 1809 καὶ
955 1755 1160 1828 ἔπρεπε
1189 1759 1257 1813 τὰ
1285 1762 1386 1830 τῆς
1416 1765 1592 1834 χαρᾶς
1623 1765 1975 1834 εὐαγγελίσα-

2081 1781 2332 1832 crucem,
2387 1772 2448 1821 ut
2490 1762 2730 1818 Joannes
2780 1762 3058 1818 meumr-iac
3114 1759 3430 1830 prodidit",

3489 1774 3654 1830 quam

394 1830 540 1906 σθαι,
566 1845 694 1918 ῥίζῃ
721 1847 818 1917 τῆς
856 1850 1031 1919 χαρᾶς
1061 1848 1219 1923 οὔσῃ,
1255 1854 1350 1906 καὶ
1377 1830 1556 1920 καλῶς
1587 1830 1867 1932 ἀκουσάσῃ
1894 1859 1975 1924 τὸ,

2081 1856 2243 1912 etiam
2294 1830 2524 1911 decebat
2569 1868 2657 1917 ea,
2705 1868 2828 1923 quae
2876 1853 2943 1906 ad
2982 1851 3240 1922 gaudium
3287 1849 3656 1920 pertinebant,

393 1935 571 2005 Χαῖρε
594 1979 610 2000 ,
665 1941 1106 2011 κεχαριτωμένη
1128 1985 1143 2009 ,
1179 1949 1212 1999 ό
1242 1948 1460 2015 Κύριος
1508 1951 1659 2020 μετά
1703 1951 1887 2023 σοῦ),
1919 1952 1981 2006 τὸ

394 2028 725 2101 πρόσταγμα
771 2030 866 2086 τοῦ
906 2034 1114 2107 Κυρίου
1169 2037 1451 2110 πληροῦσα
1475 2080 1490 2106 ,
1542 2044 1655 2104 τοῖς
1711 2042 1981 2114 μαθηταῖς

394 2119 613 2184 πάντως
637 2122 991 2194 ἀπήγγειλεν.
1033 2129 1108 2182 Οὐ
1154 2129 1264 2201 γάρ
1287 2127 1355 2201 ἦν
1390 2132 1547 2204 θέμις
1584 2132 1659 2206 μὴ
1687 2134 1977 2207 πληρωθῆο

394 2228 486 2265 ναι
518 2212 577 2266 τὸ
604 2213 747 2268 οὕτω
793 2217 973 2287 σοφῶς
1003 2220 1360 2294 οίκονομηθὲν
1392 2242 1452 2278 τε
1486 2225 1579 2279 καὶ
1620 2226 1978 2299 προσταχθὲν,

298 2310 301 2313 ’
395 2307 447 2358 εἰ
500 2306 595 2360 καὶ⁴
641 2308 950 2379 ἠπίστησαν
984 2312 1033 2365 οἱ
1070 2313 1420 2382 ἀκούσαντες.
1467 2318 1622 2371 Ἐπεὶ
1651 2319 1748 2373 καὶ
1789 2318 1980 2374 ἕπεται

395 2397 555 2451 τοῦτο
589 2398 849 2464 πολλάκις
890 2403 956 2473 τῇ
990 2401 1097 2456 τῶν
1139 2405 1633 2478 ἀπαγγελλομένων
1689 2409 1981 2481 θαυμάτων

397 2487 692 2559 ὑπερϐολῇ.
725 2489 798 2541 Οὐ
822 2489 933 2562 γὰρ
959 2489 1025 2545 ἂν
1055 2493 1216 2564 ἀργοὶ
1246 2493 1543 2566 διέμειναν,
1563 2500 1609 2549 εί
1631 2497 1977 2552 ἐπίστευσαν.

409 2578 476 2631 Ἦ
514 2578 572 2631 δὲ
601 2580 934 2653 Μαγδαληνὴ
986 2586 1437 2657 συμπορευομένη
1472 2589 1537 2658 τῇ
1574 2587 1819 2660 Θεοτὸκῳ
1843 2629 1858 2650 ,
1886 2589 1981 2643 καὶ

397 2668 536 2740 πρὸς
562 2669 660 2742 τὴν
688 2672 1027 2741 ἀπαγγελίαν
1045 2675 1246 2745 ὁμοίως
1271 2677 1597 2750 ἐπειγομένη
1621 2719 1634 2740 ,
1666 2678 1900 2733 πέπονθέ
1925 2697 1979 2733 τι

396 2761 492 2814 καὶ
522 2760 858 2833 ἀνθρώπινον
884 2781 897 2795 ο
926 2764 1020 2818 καὶ
1056 2764 1245 2838 ὥσπερ
1284 2770 1312 2821 ὁ
1344 2767 1550 2840 Πέτρος
1591 2768 1695 2823 ὑπὸ
1743 2769 1979 2842 Ἡρώδου

398 2851 757 2925 συλληφθεὶς,
788 2854 882 2909 καὶ
919 2855 1007 2910 διά
1042 2855 1139 2911 τοῦ
1174 2858 1409 2928 ἀγγέλου
1458 2860 1564 2915 τῶν
1598 2861 1843 2917 ἁλύσεων
1888 2863 1984 2916 λυ-

397 2943 513 3007 θεὶς
540 2946 880 3015 αὐτομάτως,
904 2948 999 3002 καὶ
1026 2948 1128 3020 τῆς
1153 2950 1403 3022 φυλακῆς
1431 2950 1538 3017 ἔξω
1564 2953 1981 3025 γενόμενος,καὶ

398 3036 626 3091 ἐπιπολὺ
656 3037 913 3108 βαδίσας,
946 3040 1024 3104 ὡς
1070 3042 1165 3095 καὶ
1220 3042 1319 3112 τὴν
1382 3044 1483 3114 τῆς
1539 3046 1747 3110 πόλεως
1802 3047 1980 3117 πύλην

2079 1938 2431 2009 annuntiare,
2464 1954 2526 2000 ut
2550 1958 2672 2014 quae
2702 1944 2858 1998 radix
2894 1942 3081 2013 gaudii
3109 1951 3280 2007 esset,
3312 1955 3377 1995 ac
3396 1939 3660 2010 praeclare

2076 2038 2384 2094 audivisset
2420 2035 2578 2099 illud,
2628 2036 2759 2100 Ave,
2810 2034 2988 2104 gratia
3035 2032 3213 2103 plena,
3270 2031 3530 2086 Dominus
3581 2038 3658 2083 te-

2079 2123 2306 2195 cum“),
2372 2122 2696 2178 mandatum
2742 2121 2957 2178 Domini
3010 2136 3322 2191 exsequens
3369 2108 3659 2189 discipulis

2078 2217 2306 2270 omnino
2352 2215 2628 2286 exposuit.
2663 2212 2786 2269 Non
2836 2213 2983 2268 enim
3037 2212 3123 2268 fas
3175 2221 3293 2268 erat
3330 2228 3439 2268 non
3480 2211 3658 2266 adim-

2079 2308 2215 2378 pleri
2268 2305 2344 2371 id,
2389 2307 2538 2377 quod
2583 2307 2655 2360 ita
2694 2308 2846 2362 clare
2894 2306 3250 2377 dispositum,
3304 2303 3660 2360 administra-

2080 2408 2219 2466 tum,
2268 2407 2323 2453 et
2369 2407 2698 2469 praaceptum
2754 2406 2894 2467 erat,
2948 2399 3169 2454 tametsi
3213 2413 3326 2453 non
3372 2396 3660 2452 crederent

2079 2492 2175 2562 qui
2225 2492 2542 2547 audiebant.
2583 2476 2854 2557 Quoniam
2898 2491 3007 2546 hoc
3046 2505 3265 2561 quoque
3316 2503 3462 2558 saepe
3512 2487 3661 2543 acci-

2079 2566 2209 2641 dere
2254 2570 2418 2651 solet,
2438 2584 2570 2639 dum
2610 2583 2879 2639 immensa
2923 2582 3189 2638 miracula
3231 2580 3656 2635 annnntiantur.

2079 2672 2268 2745 Neque
2292 2673 2438 2729 enim
2473 2674 2637 2728 otiosi
2684 2672 3145 2742 permansissent,
3182 2672 3228 2728 si
3277 2669 3658 2726 credidissent.

2081 2767 2154 2821 At
2177 2765 2511 2838 Magdalente
2541 2782 2652 2822 una
2685 2781 2812 2821 cum
2842 2764 3077 2835 Deipara
3114 2765 3339 2819 abeunti
3377 2772 3433 2818 et
3471 2762 3663 2817 simili-

2082 2866 2166 2913 ter
2206 2858 2272 2912 ad
2322 2857 2763 2912 annuntiandum
2811 2855 3127 2927 pr0peranti
3163 2855 3363 2910 accidit
3401 2853 3660 2925 quiddam

2083 2964 2237 3005 more
2273 2950 2516 3004 humano
2544 2967 2558 3004 :
2586 2957 2641 3004 et
2690 2947 3150 3019 quemadmodum
3200 2945 3395 3001 Petrus
3444 2944 3513 2999 ab
3556 2942 3662 2998 lle-

2082 3043 2217 3098 rode
2245 3042 2706 3112 comprehensus,
2734 3048 2792 3095 et
2831 3054 2931 3110 per
2963 3039 3217 3110 angelum
3266 3036 3468 3092 solutis
3513 3035 3662 3090 ultro

395 3129 623 3184 διελθεῖν
642 3170 658 3196 ,
685 3131 884 3203 ἀληθὲς
915 3133 1016 3187 οὐκ
1039 3132 1177 3204 ᾤετο
1207 3134 1268 3188 τὸ
1292 3136 1574 3206 γινόμενον
1598 3175 1613 3202 ,
1649 3139 1764 3192 ἀλλ’
1796 3138 1977 3207 ἐνόμι-

2084 3131 2296 3186 catenis
2355 3146 2423 3186 ex
2468 3129 2722 3187 custodia
2772 3130 3027 3194 eductus,
3089 3129 3435 3197 multumque
3497 3124 3661 3196 spatii

397 3221 491 3285 ξεν
531 3221 716 3292 ὅραμα
756 3222 975 3294 βλέπειν
1001 3241 1015 3257 ·
1049 3224 1190 3279 οὕτω
1222 3227 1317 3281 καὶ
1353 3226 1494 3298 αὕτη
1532 3229 1629 3300 τὴν
1675 3230 1980 3302 ὑπερϐολὴν

394 3307 492 3363 τοῦ
538 3309 815 3382 θαύματος
843 3312 1006 3365 οἱονεὶ¹
1043 3312 1271 3384 ἄκαιρόν
1303 3330 1425 3367 τινα
1472 3313 1800 3386 λογισαμένη
1820 3355 1836 3381 ,
1887 3317 1981 3370 καὶ

397 3400 516 3470 ἅμα
572 3398 683 3453 τῶν
733 3399 991 3471 φυλάκων
1039 3401 1458 3473 ὲπιφθασάντων
1510 3402 1604 3456 καὶ
1657 3401 1980 3474 ἀρξαμένων

398 3487 537 3559 μετά
561 3486 671 3549 τῶν
698 3486 1001 3560 ἀρχιερέων
1038 3490 1138 3562 τὴν
1168 3491 1536 3561 συκοφαντίαν
1564 3491 1808 3561 ὑφαίνειν
1841 3492 1980 3546 κατά

392 3580 494 3652 τῆς
524 3581 905 3646 ἀναστάσεως·
934 3581 1235 3654 αἰσθομένη
1277 3583 1493 3647 πάντως
1544 3583 1784 3638 τοιούτου
1838 3584 1982 3649 τινὸς

393 3672 909 3745 ἐπιψιθυριξομένου
935 3714 951 3740 ,
991 3675 1118 3738 τοὺς
1167 3676 1265 3746 τῆς
1293 3675 1623 3747 ἀμφιϐολίας
1652 3675 1982 3748 παρεδέξατο

393 3764 688 3834 λογισμοὺς
705 3806 722 3832 ,
754 3764 969 3835 καὶτῆς
988 3766 1328 3835 ἀπαγγελίας
1359 3769 1730 3840 ὀλιγωρήσας,
1763 3768 1858 3821 καὶ
1884 3766 1979 3821 τοῦ

396 3857 668 3929 σωτηρίου
720 3858 1178 3930 προστάγματος,
1230 3860 1369 3931 πρὸς
1412 3860 1505 3913 τὸν
1566 3858 1735 3930 τάφον
1784 3858 1982 3930 ἐχώρει

395 3946 541 4019 πρωῒ
563 3989 579 4014 ,
615 3949 867 4025 σκοτίας
915 3949 1002 4004 ἐτι
1057 3950 1250 4017 οὔσης
1282 3993 1301 4016 ,
1359 3950 1436 4014 ὼς
1484 3951 1738 4022 Ἰωάννης
1793 3950 1980 4021 φησίν.

398 4041 609 4112 Ὠσπερ
656 4040 767 4113 γὰρ
813 4042 1194 4115 συνεχώρησεν
1245 4045 1273 4096 ὁ
1305 4043 1512 4115 Κύριος
1556 4043 1647 4097 τὸν
1680 4043 1882 4114 Θωμᾶν
1921 4042 1983 4111 ἐξ

394 4132 651 4197 ἀπιστίας
679 4134 883 4198 εἰπεῖν,
937 4133 1079 4189 Ἐὰν
1106 4133 1193 4204 μὴ
1230 4134 1335 4188 ἴδω
1358 4134 1429 4189 ἐν
1451 4135 1580 4201 ταῖς
1617 4136 1832 4205 χερσὶν
1871 4137 1981 4192 αὐ·

394 4223 504 4278 τοῦ
524 4223 632 4278 τὸν
656 4225 849 4278 τύπον
872 4223 991 4279 τῶν
1015 4224 1204 4292 ἥλων,
1225 4223 1325 4278 και
1346 4223 1522 4288 βάλω
1548 4225 1657 4280 τὸν
1676 4226 1985 4283 δάκτυλόν

389 4332 512 4386 μου
529 4317 617 4381 εις
638 4315 748 4369 τὸν
785 4316 979 4370 τύπον
1002 4314 1119 4369 τῶν
1144 4315 1332 4383 ἥλων,
1358 4315 1458 4370 καὶ
1472 4315 1648 4382 βάλω
1670 4317 1788 4389 τὴν
1813 4318 1985 4390 χεῖρά

390 4421 512 4474 μου
538 4405 626 4469 είς
648 4402 761 4472 τὴν
783 4404 1054 4473 πλευρὰν
1084 4404 1293 4468 αὐτοῦ,
1323 4405 1396 4458 οὐ
1417 4404 1505 4475 μὴ
1534 4407 1859 4462 πιστεύσωο
1890 4408 1984 4463 καὶ

394 4495 484 4549 διὰ
510 4495 607 4567 τῆς
627 4497 834 4549 ἐκείνου
865 4495 1322 4567 πολυπράγμονος
1343 4497 1601 4562 ἀπιστίας
1623 4499 1718 4552 καὶ
1741 4501 1978 4573 ἐπαφῆς,

393 4589 555 4658 ἡμεῖς
587 4589 667 4651 είς
701 4588 799 4657 τὴν
854 4588 1036 4641 πίστιν
1091 4587 1504 4660 ἐϐεϐαιώθημεν
1530 4629 1546 4656 ,
1596 4591 1655 4643 ἐν
1683 4582 1728 4659 ᾧ
1762 4590 1981 4662 σώματι

395 4679 667 4735 πέπονθεν
685 4719 701 4745 ,
737 4682 797 4734 ὲν
822 4680 971 4753 αύτῷ
1000 4682 1095 4735 καὶ
1141 4680 1442 4754 ἐγηγέρθαι
1473 4684 1862 4749 πιστεύσαντες
1889 4686 1982 4741 τὸν

408 4772 789 4843 Ἐμμανουὴλ,
822 4774 948 4837 τοὺς
978 4776 1077 4845 τῆς
1105 4773 1377 4846 δοκήσεως
1403 4773 1606 4846 μύθους
1649 4776 1981 4847 ἀποπεμψά⁸

398 4880 578 4936 μενοιο
606 4863 696 4919 τὸν
720 4864 881 4919 αὐτὸν
905 4866 1103 4937 τρόπον
1129 4869 1223 4921 καὶ
1245 4868 1344 4940 τὴν
1369 4869 1734 4941 Μαγδαληνὴν
1760 4870 1982 4942 Μαρίαν

395 4956 533 5027 πρὸς
584 4956 843 5021 ἀπιστίας
877 4957 1322 5030 ύπονοστήσασαν
1348 4999 1364 5024 ,
1415 4961 1510 5015 καὶ
1564 4961 1982 5034 μεγαλευχερῶς

395 5046 553 5103 τοῦτο
586 5049 864 5104 παθοῦσαν
895 5050 1034 5120 (οὐκ
1065 5050 1257 5123 ἄδηλον
1292 5052 1398 5125 γὰρ
1436 5052 1498 5106 τδ
1525 5053 1624 5125 τῆς
1666 5053 1984 5123 γυναικείας

397 5139 673 5195 εύὸλισθον
722 5140 1016 5212 φύσεως),
1069 5142 1364 5215 συνεχώρει
1408 5143 1496 5198 διὰ
1529 5145 1629 5216 τῆς
1685 5145 1978 5217 περιέργου

399 5228 722 5302 ζητήσεως,
777 5230 1097 5301 πιστότερον
1144 5231 1482 5303 ἐργάσασθαι
1533 5231 1594 5286 τὸ
1652 5231 1836 5303 θαῦμα
1881 5231 1983 5301 τῆς

398 5322 746 5388 ἀναστάσεως
769 5363 786 5389 ,
837 5322 1075 5386 πίστεως
1135 5323 1381 5394 ὑπάρχον
1442 5325 1586 5398 πέρα
1629 5326 1726 5379 καὶ
1778 5325 1982 5390 παντὸς

397 5414 683 5487 λογισμοῦ.
711 5417 824 5470 Καὶ
849 5415 989 5489 μετά
1027 5413 1201 5470 ταῦτα
1246 5415 1345 5485 τῆς
1392 5416 1696 5485 ἀμφιϐόλου
1743 5415 1980 5480 διανοίας

398 5505 631 5562 ἐλθοῦσα
653 5547 669 5576 ,
697 5508 791 5562 καὶ
821 5507 1003 5563 ἰδοῦσα
1038 5506 1198 5579 μόνον
1228 5506 1321 5561 τὸν
1357 5505 1503 5562 λίθον
1548 5508 1982 5564 ἀποκυλισθέντα

2013 4462 2060 4519 D

2083 3235 2433 3291 progressus,
2481 3236 2592 3290 quo
2622 3222 2690 3275 ad
2725 3230 2939 3291 portam
2969 3233 3189 3291 quoque
3216 3220 3370 3274 urbis
3410 3217 3664 3273 transiis-

2082 3322 2190 3375 set,
2239 3327 2352 3367 non
2398 3313 2627 3382 putabat
2658 3326 2849 3368 verum
2888 3326 3011 3367 esse
3044 3308 3192 3381 quod
3234 3308 3517 3380 agebatur,
3562 3310 3662 3364 sed
3750 3356 3765 3369 .,

2084 3401 2349 3457 visionem
2402 3416 2462 3458 se
2506 3401 2704 3458 .videre
2755 3402 3106 3459 existimabat
3147 3402 3269 3457 :ita
3325 3403 3490 3457 etiam
3545 3400 3661 3456 hanc

2081 3508 2206 3548 cum
2242 3494 2620 3551 excellentiam
2671 3493 2923 3548 miraculi
2973 3492 3141 3549 veluti
3185 3492 3560 3564 importunum
3600 3500 3664 3548 et

2084 3586 2528 3657 intempestivum
2562 3583 2819 3657 quiddam
2858 3599 2982 3642 esse
3023 3591 3326 3653 reputaret,
3372 3591 3427 3639 et
3468 3584 3659 3648 simul,

2084 3685 2446 3749 posteaquam
2483 3678 2742 3734 custodes
2786 3676 3235 3740 antevertissent,
3270 3684 3480 3730 etcum
3520 3689 3660 3744 pon-

2084 3770 2326 3825 titlcibus
2358 3769 2661 3840 cmpissent
2688 3776 2886 3833 texere
2915 3766 3247 3822 calumniam
3279 3765 3546 3821 adversus
3576 3780 3668 3820 re-

2083 3860 2509 3923 surrectionem,
2550 3875 2782 3932 prorsus
2821 3860 2931 3914 tale
2973 3858 3231 3929 quiddam
3280 3856 3662 3913 subsusurrari

2082 3950 2377 4016 sensisset,
2411 3949 2789 4021 ambiguitatis
2820 3965 2885 4005 ac
2909 3948 3269 4005 dubitationis
3298 3947 3664 4019 cogitationes

2082 4042 2308 4098 admisit
2338 4060 2354 4096 :
2382 4042 2742 4113 neglectaque
2772 4041 3184 4096 renuntiatione
3222 4048 3390 4111 atque
3432 4039 3664 4095 salutari

2083 4132 2365 4200 mandato,
2398 4132 2468 4187 ad
2499 4133 2815 4204 sepulcrum
2840 4132 3099 4187 tendebat
3127 4148 3310 4197 mane,
3330 4130 3469 4186 Cum
3492 4130 3663 4183 adhuc

2086 4224 2310 4281 tenebrw
2360 4232 2554 4289 essent,
2610 4230 2672 4277 ut
2711 4219 2954 4277 Joannes
3004 4222 3142 4276 ait’.
3188 4220 3663 4287 Quemadmodum

2084 4320 2230 4376 enim
2263 4315 2518 4388 permisit
2564 4313 2853 4379 Dominus,
2898 4322 2959 4368 ut
2984 4327 3050 4368 ex
3086 4311 3472 4367 incredulitate
3516 4309 3664 4366 Tho-

2085 4428 2203 4467 mas
2235 4411 2471 4473 diceret,
2511 4406 2640 4463 Nisi
2673 4406 2849 4462 videro
2883 4409 2941 4460 in
2968 4405 3214 4460 manibus
3238 4404 3353 4474 ejus
3390 4402 3664 4473 vestigium

2082 4505 2374 4568 clavorum,
2422 4512 2472 4557 et
2526 4502 2736 4556 mittam
2784 4499 3009 4571 digitum
3064 4514 3234 4553 meum
3286 4499 3341 4550 iu
3391 4495 3665 4565 vestigium

2082 4597 2373 4659 clavorum,
2409 4595 2618 4648 mittam
2651 4594 2776 4647 item
2807 4607 3025 4646 manum
3053 4606 3224 4645 meam
3258 4588 3313 4643 iu
3344 4587 3485 4641 latus
3524 4586 3662 4656 ejus,

2084 4702 2190 4740 non
2232 4683 2486 4740 credam“
2518 4701 2533 4738 :
2566 4697 2631 4737 ac
2666 4697 2763 4752 per
2796 4682 3079 4737 curiosam
3119 4679 3268 4734 illius
3308 4677 3666 4732 incredulita-

2084 4785 2195 4833 tem
2232 4785 2288 4832 et
2317 4774 2837 4837 contrectationem,
2874 4787 2978 4828 nos
3015 4773 3070 4826 in
3102 4787 3222 4827 eam
3263 4768 3423 4825 ﬁdem
3454 4769 3663 4824 contir-

2084 4869 2221 4925 mati
2270 4883 2486 4935 sumus,
2534 4874 2595 4921 ut
2634 4866 2856 4921 omissis
2911 4864 3238 4936 opinionum
3284 4876 3350 4917 ac
3393 4862 3665 4934 suspicio-

2085 4976 2217 5016 num
2249 4961 2474 5027 l‘abulis,
2511 4974 2621 5032 quo
2652 4972 2886 5027 corpore
2912 4972 3114 5027 passus
3140 4964 3243 5022 est,
3278 4955 3471 5012 eodem
3497 4955 3661 5011 etiam

2087 5051 2483 5108 resuscitatum
2519 5066 2644 5107 esse
2671 5049 2963 5104 credamus
2992 5046 3400 5102 Emmanuelem
3431 5064 3445 5101 :
3470 5045 3663 5101 eodem

2084 5143 2248 5198 modo
2282 5141 2508 5197 Mariam
2559 5156 2783 5213 quoque
2829 5138 3202 5211 Magdalenam
3251 5138 3320 5193 ad
3362 5139 3667 5194 increduli-

2082 5242 2252 5292 tatem
2287 5249 2592 5298 reversam,
2642 5250 2768 5289 cum
2809 5235 2915 5289 hoc
2946 5233 3113 5289 etiam
3162 5230 3382 5287 [acilius
3428 5232 3479 5286 ei
3519 5231 3663 5285 acci-

2082 5327 2257 5383 disset
2292 5330 2423 5397 (non
2448 5326 2634 5397 ignota
2671 5334 2758 5380 est
2786 5325 2933 5379 enim
2964 5323 3253 5379 muliebris
3286 5337 3453 5379 sexus
3492 5322 3663 5394 fragi-

2087 5420 2215 5474 litas
2252 5429 2309 5474 et
2343 5417 2584 5473 facilitas
2618 5415 2686 5471 ad
2732 5415 2994 5485 lapsum),
3033 5430 3132 5484 per
3162 5415 3437 5471 curiosam
3477 5421 3530 5470 ct
3564 5429 3663 5469 su-

2090 5524 2420 5582 pervacuam
2460 5506 2900 5582 inquisitionem,
2939 5508 3270 5564 miraculum
3302 5508 3664 5566 resurrectio-

469 5688 494 5719 ’⁸
522 5683 712 5740 Matth.
740 5700 933 5750 xxvm,
972 5687 1152 5744 ll-lt‘s’.
1229 5684 1431 5743 l‘Joan.
1494 5703 1606 5755 xix,
1631 5688 1720 5745 25.
1800 5688 1820 5720 ⁶
1850 5687 1982 5747 Luc.
2009 5703 2049 5757 ι,
2080 5687 2170 5747 28.
2247 5690 2268 5724 ⁷
2295 5688 2456 5747 Joan.
2499 5705 2587 5756 sx,
2626 5687 2675 5743 i.
2751 5686 2773 5718 ⁸
2803 5684 2938 5741 ibid.
2979 5683 3071 5738 25.
