4084 6158
457 292 566 351 655

1704 295 1762 353 8.
1799 295 2133 354 GREGORH
2172 297 2469 358 NYSSENI

3581 301 3684 358 656

449 413 561 478 nis,
598 413 743 484 quod
781 428 995 470 omnem
1048 413 1206 468 ﬁdem
1251 412 1746 484 cogitationemque
1791 427 2015 486 superat

2139 421 2218 490 τῆς
2250 421 2418 493 θύρας
2459 421 2554 476 τοῦ
2593 425 2871 494 μνήματος
2893 463 2906 483 ,
2936 422 2996 475 οὐ
3029 421 3132 492 μὴν
3162 421 3388 489 ἄγγελον
3430 422 3516 473 ἐπ’
3547 421 3692 492 αὐτῷ

450 514 614 575 atque
635 505 873 568 excedit,
899 504 1217 558 credibilius
1245 503 1456 559 edicere
1487 507 1858 575 permittebat.
1881 507 2016 562 Cum

455 597 555 650 hac
583 597 745 666 igitur
787 595 1035 664 ambigua
1066 605 1247 650 mente
1277 597 1570 658 accedens,
1616 613 1741 651 cum
1782 599 2018 668 lapidem

451 685 721 739 duntaxat
756 684 824 736 ab
864 684 1008 737 ostio
1040 685 1377 738 monumenti
1412 687 1718 738 revolutum
1765 686 2017 753 vidisset,

452 775 698 844 angelum
749 782 930 826 autem
982 790 1087 827 non
1132 777 1367 844 amplius
1415 791 1581 846 super
1623 791 1710 841 eo,
1761 785 1820 830 ut
1857 779 2020 846 paulo

453 871 599 927 ante,
647 865 956 930 sedentem;
1003 866 1070 918 ab
1119 867 1503 922 incredulitate
1556 869 1699 922 vinci
1755 884 1814 923 se
1857 883 2017 938 passa

451 964 557 1019 est,
585 955 1027 1024 imaginationem
1074 965 1128 1011 et
1162 959 1549 1012 alienationem
1585 960 1783 1014 mentis
1815 975 1882 1013 ex
1922 975 2017 1028 pa-

2122 510 2372 581 καθάπερ
2401 513 2498 582 ἤδη
2534 513 2859 582 καθήμενον.
2882 510 3076 564 δέδωκε
3103 513 3168 581 τῇ
3202 511 3456 582 άπιστείιῖ⁴
3480 511 3540 564 τὸ
3571 529 3695 580 κρα-

2124 603 2237 654 τεῖν
2262 644 2277 666 ,
2336 603 2637 671 φαντασίαν
2683 601 2926 672 οἰηθεῖσαι
2969 600 3067 671 τὴν
3105 601 3234 653 θέαν
3289 601 3382 653 καὶ
3419 600 3693 667 ἔκστασιν,

2122 692 2216 744 καὶ¹
2247 692 2344 760 ούχ
2390 692 2466 753 ὼς
2516 691 2686 762 ἀληθῆ
2713 735 2726 757 ,
2771 691 2885 744 ἀλλ’
2912 691 2987 754 ὡς
3035 691 3240 760 ψευδῆ·
3277 691 3368 744 καὶ
3414 691 3697 762 δραμοῦσα

2122 784 2258 852 πρὸς
2300 783 2390 835 τὸν
2418 782 2622 853 Πέτρον
2655 783 2750 836 καὶ
2784 783 2875 836 τὸν
2919 782 3074 836 ἄλλον
3109 782 3354 852 μαθητὴν
3379 823 3394 845 ,
3436 783 3494 834 ὃν
3528 782 3696 851 ἐφίλει

2135 872 2370 942 Ἰησοῦς,
2421 873 2548 925 ἐϐόα
2584 873 2812 940 λέγουσα
2833 891 2845 902 ·
2877 868 3070 940 Ἶιρον
3105 872 3212 925 τὸν
3251 874 3468 940 Κύριον
3495 875 3562 926 ἐκ
3591 875 3697 928 τοῦ

2115 959 2429 1026 μνημείου,
2465 959 2683 1014 καὶούκ
2719 957 2849 1014 οῖδα
2882 961 2998 1014 ποῦ
3029 961 3255 1026 ἔθηκαν
3276 963 3480 1014 αὐτόν.

451 1066 584 1104 vore
638 1051 922 1120 repentino
981 1059 1321 1107 contractam
1387 1069 1509 1109 esse
1549 1056 1874 1110 existimans
1927 1054 2001 1119 id,
2074 1053 2222 1123 quod
2291 1055 2444 1124 prius
2474 1055 2704 1119 viderat,
2752 1055 2914 1124 idque
2961 1072 3068 1109 non
3099 1071 3196 1124 pro
3236 1072 3388 1118 vero,
3431 1057 3528 1112 sed
3603 1072 3700 1126 pro

457 1144 596 1197 falso
625 1145 860 1199 ducebat
889 1163 901 1198 :
933 1160 1169 1216 cumque
1223 1148 1552 1202 accurrisset
1600 1149 1663 1203 ad
1706 1147 1930 1204 Petrum
1972 1157 2028 1203 et
2067 1149 2134 1203 ad
2185 1149 2353 1202 alium
2406 1149 2760 1218 discipulum,
2791 1165 2951 1220 quem
3004 1152 3265 1221 diligebat
3328 1151 3515 1216 Jesus,
3588 1153 3701 1206 cla-

457 1233 670 1294 mabat,
724 1233 910 1289 dicens
951 1235 1338 1290 :Sustulerunt
1392 1237 1673 1291 Dominum
1726 1254 1792 1292 ea:
1849 1249 2202 1304 monumento,
2227 1249 2276 1293 et
2306 1241 2476 1293 nescio
2507 1240 2596 1293 ubi
2625 1241 2890 1308 posuerint
2929 1243 3109 1294 eum“.

529 1323 694 1380 Vides
725 1325 869 1394 quod
907 1340 1031 1379 cum
1063 1341 1130 1380 ex
1173 1312 1242 1381 iis
1273 1342 1393 1397 quze
1423 1337 1547 1398 post
1577 1329 1894 1383 relationem
1927 1345 2024 1383 ουκ

460 1419 676 1472 stodnm
711 1428 877 1473 noctu
913 1419 1054 1488 apud
1078 1420 1298 1476 Iudaeos
1326 1421 1560 1476 conﬁcta
1591 1432 1771 1486 erant,
1815 1421 2022 1492 aliquid

461 1509 568 1562 tale
615 1507 683 1561 ad
735 1523 897 1564 aures
939 1510 1058 1579 ejus
1091 1512 1452 1580 pervenisset,
1504 1519 1685 1565 mente
1733 1513 2024 1565 immutata

461 1609 627 1669 atque
664 1601 959 1670 depravata
985 1610 1068 1655 est
1101 1619 1114 1655 :
1153 1616 1216 1655 ac
1253 1603 1460 1671 putavit
1493 1601 1840 1658 adversarios
1875 1602 2024 1655 fura-

463 1701 549 1745 tos
580 1707 703 1746 esse
728 1707 928 1760 corpus
959 1690 1111 1755 Jesu,
1143 1701 1201 1744 nt
1235 1691 1438 1747 furtum
1476 1692 1534 1746 in
1572 1692 1856 1762 apostolos
1893 1706 2028 1746 con-

466 1784 690 1837 ferrent.
731 1783 801 1836 At
833 1781 1027 1838 Petrus
1051 1791 1105 1839 et
1135 1781 1374 1838 Joannes
1415 1785 1536 1838 sine
1581 1799 1732 1838 mora
1777 1798 2031 1838 surrexe-

465 1883 630 1937 runt,
685 1883 739 1929 et
787 1874 855 1928 ad
912 1875 1224 1944 sepulcrum
1271 1885 1652 1930 cucurrerunt.
1717 1874 1837 1930 Non
1883 1875 2030 1931 enim

465 1981 665 2019 novum
716 1973 771 2020 et
826 1966 1169 2034 inopinatum
1218 1974 1340 2021 erat
1393 1966 1537 2036 quod
1585 1966 1894 2030 dicebatur,
1949 1973 2028 2031 ut,

465 2056 611 2125 quod
653 2056 719 2110 ad
769 2057 1224 2111 resurrectionem
1271 2057 1488 2121 attinet,
1525 2055 1683 2111 ﬁdem
1718 2072 1825 2110 non
1860 2056 2030 2110 habe-

466 2157 585 2202 rent
617 2165 630 2200 :
661 2148 772 2200 imo
810 2161 936 2202 vero
971 2149 1134 2200 etiam
1173 2147 1434 2201 credibile
1466 2155 1517 2201 et
1559 2162 1667 2201 non
1701 2145 2029 2201 discordans

465 2246 522 2292 et
557 2237 794 2292 alienum
828 2247 944 2292 erat
973 2252 999 2290 a
1031 2237 1236 2290 malitia
1262 2235 1510 2291 Judaica.
1541 2235 1811 2307 lulrepide
1851 2248 2030 2291 autem

463 2337 519 2384 ct
553 2329 759 2397 absque
791 2336 937 2384 metu
972 2329 1025 2383 id
1079 2329 1335 2398 agebant,
1368 2344 1492 2381 cum
1535 2329 1814 2383 silentium
1861 2335 2029 2390 esset,

467 2421 707 2476 tenebris
749 2419 993 2474 nondum
1049 2420 1342 2484 discussis,
1386 2418 1604 2488 Deoque
1660 2419 1911 2473 ﬁduciam
1953 2421 2034 2476 eis

468 2520 628 2580 atque
663 2510 830 2565 animi
872 2511 1220 2580 prmsentiam
1263 2509 1738 2566 subministrante.
1773 2508 1879 2564 Sed
1909 2525 2033 2564 cum

465 2617 531 2657 co
561 2602 861 2665 venissent,
907 2601 1202 2655 manifesta
1244 2611 1408 2671 atque
1435 2601 1710 2656 evidentia
1743 2602 1898 2672 signa
1948 2616 2036 2654 re-

468 2693 832 2748 surrectionis
866 2693 1215 2747 invenerunt.
1247 2693 1446 2747 Vident
1475 2693 1621 2747 enim
1668 2692 1725 2746 in
1773 2693 2036 2762 sepulcro

471 2785 785 2838 linteamina
817 2784 1092 2852 jacentia:
1141 2784 1288 2852 quod
1343 2799 1685 2853 nequaquam
1722 2784 2033 2846 accidisset,

470 2872 517 2926 si
569 2887 769 2941 corpus
808 2871 952 2926 furto
1001 2874 1276 2926 sublatum
1328 2871 1545 2927 fuisset.
1599 2873 1841 2927 Primum
1888 2875 2032 2927 enim

2207 1330 2368 1400 Ὁρᾷς
2405 1330 2482 1394 ὡς
2535 1331 2600 1384 ἐκ
2651 1330 2759 1382 τῶν
2797 1329 3256 1400 λογοποιηθέντων
3288 1330 3503 1402 νύκτωρ
3554 1332 3702 1402 παρὰ

2138 1421 2410 1484 Ἰουδαίοις
2439 1422 2574 1490 μετά
2618 1421 2714 1492 τὴν
2753 1420 2858 1472 τῶν
2888 1421 3144 1489 φυλάκων
3185 1421 3554 1494 παραγγελίαν
3608 1441 3702 1475 πε-

2131 1512 2496 1585 ριηχιηθ]εῖσά
2537 1531 2590 1565 τι
2628 1514 2902 1580 τοιοῦτον,
2940 1513 3252 1584 παρηνέχθη
3289 1513 3380 1564 τὸν
3415 1513 3700 1583 λογισμόνο

2054 1633 2101 1691 Β
2130 1604 2222 1656 καὶ
2242 1603 2393 1674 ᾠήθη
2427 1605 2549 1666 τους
2570 1605 2842 1667 ἐναντίους
2875 1604 3068 1672 κλέψαι
3096 1604 3154 1655 τὸ
3194 1602 3352 1672 σῶμα
3372 1601 3466 1655 τοῦ
3507 1601 3701 1672 Ἰησοῦ,

2131 1695 2219 1748 ’ίνα
2246 1694 2344 1765 τὴν
2374 1694 2579 1763 κλοπὴν
2603 1696 2714 1756 τοῖς
2745 1693 3062 1755 ἀποστόλοις
3085 1692 3476 1763 ἐπιφημίσωσι.
3511 1692 3654 1762 Πλὴν
3676 1695 3705 1745 ὁ

2131 1787 2336 1856 Πέτρος
2371 1786 2466 1838 καὶ
2509 1785 2757 1856 Ἰωάννης
2797 1785 3026 1854 ἑτοίμως
3057 1784 3412 1854 διανέστησαν
3437 1825 3452 1848 ,
3490 1784 3582 1836 καὶ
3614 1784 3706 1836 ἐπὶ

2130 1879 2221 1932 τόν
2251 1877 2419 1946 τάφον
2452 1876 2703 1946 ἔδραμον.
2736 1875 2810 1928 Οὐ
2839 1875 2942 1946 γὰρ
2971 1871 3039 1945 ἦν
3066 1875 3364 1944 παράδοξον
3393 1874 3450 1926 τὸ
3480 1874 3708 1943 λεγόμε-

2130 1985 2219 2021 νον
2243 2010 2257 2034 ,
2305 1969 2370 2022 ἶν’
2404 1967 2478 2030 ὼς
2510 1968 2602 2019 ἐπὶ
2640 1966 2738 2036 τῆς
2766 1966 3114 2027 ἀναστάσεως
3147 1967 3491 2034 ἀπιστήσουσι
3515 1982 3529 1995 ·
3574 1965 3707 2034 μᾶλ-

2130 2059 2221 2114 λον
2252 2060 2307 2112 δὲ
2350 2061 2442 2113 καὶ
2483 2059 2669 2111 πιστὸν
2718 2059 2812 2111 καὶ
2861 2059 2961 2111 οὐκ
3014 2057 3218 2128 ἀπᾷδον
3269 2057 3368 2126 τῆς
3413 2057 3706 2126 Ἰουδαϊκῆς

2131 2148 2486 2219 κακουργίας.
2525 2148 2762 2216 Ἀιρόϐως
2788 2147 2844 2200 δὲ
2882 2147 3039 2200 τοῦτο
3075 2146 3289 2198 ἐποίουν
3314 2186 3329 2209 ,
3366 2146 3458 2198 καὶ
3485 2145 3708 2215 ήσυχῖας

2133 2243 2486 2315 ὑπαρχούσης
2542 2243 2633 2295 καὶ
2665 2243 2744 2295 ἐτι
2807 2241 3031 2304 σκότους
3079 2240 3264 2305 ὄντος,
3307 2241 3402 2292 καὶ
3447 2238 3582 2309 πρὸς
3615 2237 3707 2289 τοῦ

2133 2336 2269 2390 Θεοῦ
2325 2335 2384 2388 τὺ
2439 2335 2657 2405 θαρρεῖν
2710 2332 2983 2394 λαϐόντες.
3042 2330 3202 2384 Ἀλλά
3259 2329 3504 2392 ἐλθόντες
3555 2324 3710 2398 εὖρον

2118 2427 2336 2500 ⁵ἐναργῆ
2390 2425 2459 2478 τά
2498 2426 2694 2494 σημεῖα
2722 2424 2818 2494 τῆς
2851 2422 3215 2482 ἀναστάσεως.
3263 2420 3459 2490 Ὀρῶσι
3501 2420 3609 2486 γὰρ
3653 2421 3710 2471 ἐν

2133 2519 2212 2590 τῷ
2249 2520 2489 2589 μνήματι
2515 2516 2582 2570 τὰ
2605 2517 2784 2569 ὀθόνια
2819 2515 3073 2584 κείμεναο
3105 2510 3262 2564 τοῦτο
3282 2513 3338 2564 δὲ
3367 2512 3466 2564 οὐκ
3495 2511 3558 2564 ἄν
3582 2526 3710 2562 ποτε

2136 2609 2350 2679 ἐγένετο
2375 2648 2389 2672 ,
2423 2609 2725 2670 κλαπέντος
2754 2606 2846 2658 τοῦ
2901 2603 3171 2674 σώματος.
3205 2603 3427 2672 Πρῶτον
3468 2602 3565 2671 μὲν
3602 2601 3710 2671 γὰρ

2135 2704 2247 2765 τοῖς
2277 2701 2536 2763 κλέπταις
2581 2698 2732 2767 φίλον
2781 2698 2843 2751 τὸ
2897 2695 3255 2750 λωποδυτεῖνο
3293 2693 3483 2747 ἔπειτα
3529 2693 3618 2754 δέ,
3653 2692 3714 2744 τὸ

2135 2790 2345 2860 ταχέως
2371 2791 2609 2860 ἐνεργεῖν
2634 2789 2770 2859 ἄγαν
2802 2787 2899 2858 τὴν
2924 2787 3157 2857 κλοπὴν,
3195 2786 3282 2838 ἵνα
3316 2784 3388 2855 μὴ
3420 2782 3712 2853 φωραθῶσι

2140 2881 2232 2934 καὶ
2262 2879 2331 2933 τὰ
2357 2879 2611 2932 πάνδεινα
2652 2879 2882 2931 πάθωσι.
2917 2878 3050 2947 Περὶ
3097 2875 3152 2929 δέ
3193 2875 3287 2928 τοῦ
3343 2875 3590 2944 σώματος
3619 2873 3714 2926 τοῦ

473 2962 684 3018 furibus
731 2978 851 3016 mos
888 2973 972 3017 est
1005 2973 1182 3017 vestes
1210 2964 1497 3019 detrahere
1541 2975 1702 3034 atque
1748 2966 1984 3034 spoliare
2019 2983 2031 3018 :

2150 2970 2324 3042 Ἰησοῦ
2354 2970 2626 3041 γέγραφεν
2652 2971 2680 3022 ὁ
2718 2969 2970 3036 Ἰωάννης
2993 2962 3094 3021 ὧδέ
3132 2985 3249 3030 πως
3268 2983 3282 2996 ·
3325 2965 3591 3032 ’Ἑδησαν
3617 2967 3722 3019 αὐ-

473 3055 670 3109 deinde
699 3053 989 3107 admodum
1022 3053 1271 3108 celeriter
1315 3055 1660 3109 committere
1703 3054 1932 3118 furtum,
1968 3071 2035 3109 ne

476 3147 531 3201 in
572 3149 692 3216 ipso
729 3145 972 3200 facinore
1020 3143 1345 3214 deprehensi
1398 3146 1632 3213 pessime
1683 3148 2032 3202 mulctentur.

476 3236 552 3291 De
589 3251 822 3304 corpore
851 3243 1034 3288 autem
1063 3233 1194 3288 Jesu
1242 3235 1295 3289 in
1325 3235 1469 3288 liunc
1499 3234 1612 3290 fere
1639 3237 1856 3290 modum
1896 3237 2038 3292 scri-

478 3329 586 3398 psit
613 3324 851 3380 Joannes
878 3343 892 3380 :
930 3326 1291 3380 Obvinxerunt
1321 3341 1438 3379 eum
1471 3325 1644 3379 linteis
1688 3342 1804 3379 cum
1832 3342 2042 3379 aroma-

478 3418 638 3482 tibus,
687 3428 842 3487 prout
872 3434 982 3470 mos
1015 3426 1128 3470 erat
1159 3416 1367 3471 Judaei:
1415 3416 1631 3485 sepelire
1649 3417 1712 3469 ¹⁰.
1759 3417 2042 3482 Quomodo

479 3509 642 3578 igitur
680 3524 788 3562 non
822 3508 979 3562 multi
1010 3508 1213 3578 negotii
1245 3523 1333 3563 res
1362 3506 1669 3562 iurantibus
1696 3506 1890 3563 fuisset
1922 3507 2044 3560 vin-

478 3599 600 3654 cula
625 3599 856 3661 solvere,
888 3614 1201 3668 corpusque
1225 3598 1430 3651 nudare
1462 3596 1893 3662 linteaminibus,
1920 3611 2043 3666 quin

475 3695 588 3762 jam
630 3693 1006 3754 adhaesissent,
1049 3699 1103 3746 et
1144 3690 1305 3746 facile
1351 3691 1511 3745 avelli
1568 3704 1676 3744 non
1711 3690 2043 3758 potuissent,

481 3800 544 3838 ac
569 3786 882 3853 priusquam
907 3783 1150 3837 detracta
1173 3791 1358 3836 essent
1379 3780 1801 3850 rumperentur?
1823 3779 2047 3835 Mistura

480 3875 626 3930 enim
661 3878 808 3930 aloes
827 3883 881 3928 et
917 3873 1171 3944 myrrhae,
1211 3887 1374 3942 quam
1400 3873 1660 3925 attulerat
1695 3871 2046 3940 Nicodemus,

481 3972 736 4021 conserta
767 3972 821 4018 et
859 3965 1134 4032 implicata
1167 3969 1340 4016 erant.
1373 3961 1514 4027 Quin
1544 3963 1707 4016 etiam
1741 3963 2046 4027 sudarium,

485 4056 629 4124 quod
667 4055 844 4108 fuerat
873 4054 928 4106 in
959 4053 1136 4122 capite
1165 4052 1306 4122 ejus,
1343 4068 1450 4106 non
1482 4068 1606 4106 cum
1637 4054 2048 4111 linteaminibus

487 4149 744 4219 positum,
800 4145 896 4201 sed
945 4147 1232 4214 separatim
1283 4146 1585 4200 involutum
1646 4147 1701 4201 in
1751 4163 1922 4202 unum
1971 4149 2050 4202 Ιο-

486 4257 633 4305 cum,
679 4239 882 4294 nullius
929 4238 1330 4308 trepidationis,
1363 4239 1519 4308 quasi
1570 4238 1722 4294 furto
1767 4241 2045 4296 sublatum

485 4348 686 4403 corpus
717 4331 930 4395 fuisset,
973 4330 1232 4384 indicium
1261 4338 1400 4386 erat.
1427 4329 1530 4396 Qui
1566 4332 1710 4385 enim
1739 4332 1931 4395 otium,
1963 4341 2046 4385 ta—

487 4427 662 4496 lisque
715 4423 987 4479 securitas
1040 4420 1252 4476 furibus
1309 4421 1522 4486 fuisset,
1574 4431 1635 4474 ut
1678 4432 2046 4492 tegumentum

482 4519 646 4574 etiam
693 4517 893 4586 capitis
939 4523 1066 4585 apte
1099 4515 1461 4577 involverent,
1513 4521 1569 4566 et
1620 4513 1916 4582 separatim
1963 4513 2051 4568 de-

487 4609 788 4682 ponerent?
842 4607 1028 4678 Itaque
1076 4608 1180 4660 hoc
1223 4607 1385 4659 etiam
1425 4603 1716 4658 manifesto
1763 4605 2047 4658 veritatem

488 4700 909 4756 resurrectionis
943 4697 1263 4753 ostendebat
1297 4716 1310 4750 :
1343 4695 1504 4749 simul
1532 4704 1711 4748 autem
1736 4695 1899 4748 etiam
1934 4710 2050 4766 my-

487 4791 714 4850 sterium
761 4805 791 4843 a
840 4789 1021 4843 divina
1065 4786 1352 4856 majestate
1391 4784 1538 4839 haud
1573 4785 1812 4839 alienum
1855 4785 2050 4840 innue-

487 4885 579 4938 bat
609 4901 622 4937 :
659 4883 910 4935 nimirum
954 4879 1099 4949 quod
1135 4886 1298 4946 caput
1329 4877 1548 4930 deitatis
1591 4877 1771 4931 locum
1800 4876 2050 4931 obtinens

488 4975 663 5045 (juxta
711 4972 868 5036 illud,
919 4970 1090 5038 Caput
1136 4967 1338 5022 Christi
1388 4968 1616 5036 Deus“)
1650 4977 1698 5023 ct
1741 4969 1832 5038 qui
1870 4969 1937 5022 de
1989 4983 2054 5023 eo

488 5069 708 5116 exstant
752 5074 1054 5121 sermones,
1111 5065 1332 5110 manent
1382 5058 1525 5110 circa
1574 5058 1757 5112 carnis
1807 5058 2056 5112 humanae

491 5153 920 5222 assumptionem
949 5150 1106 5219 quasi
1142 5149 1367 5202 involuti
1407 5158 1570 5217 atque
1600 5147 2006 5205 indissolubiles
2036 5168 2048 5203 :

491 5246 703 5301 etiamsi
746 5243 1028 5308 inferiora,
1061 5259 1180 5311 quae
1211 5241 1356 5295 circa
1395 5239 1813 5308 dispositionem
1869 5252 1921 5295 et
1960 5241 2048 5295 ad-

496 5337 969 5394 ministrationem.
1017 5351 1177 5405 quam
1228 5335 1279 5387 in
1326 5348 1490 5387 carne
1519 5332 1747 5404 peregit,
1796 5340 1851 5388 et
1906 5333 2053 5386 circa

491 5446 634 5496 eaut,
680 5447 841 5499 quam
874 5445 998 5482 cum
1044 5428 1354 5482 hominibus
1403 5426 1456 5479 in
1491 5434 1635 5478 terra
1682 5423 2055 5478 conversatio-

497 5536 618 5574 nem
681 5521 868 5574 habuit
919 5521 1170 5589 (quarum
1238 5534 1417 5572 rerum
1476 5517 1688 5587 ﬁgura,
1741 5515 2054 5568 linteamina

575 5704 594 5733 ⁸
633 5699 788 5753 Joan.
818 5715 907 5760 xx,
945 5699 1027 5752 15.
1110 5697 1146 5726 ¹⁰
1183 5694 1472 5757 Jo:m.x1x,
1507 5693 1584 5745 £0.
1665 5693 1701 5723 ”
1737 5690 1752 5744 l
1789 5690 1912 5745 Cor.
1947 5704 2020 5753 ιιι,
2056 5688 2108 5740 5.

2136 3062 2200 3114 τὸ
2243 3061 2313 3113 ἐν
2351 3061 2605 3123 ὀθονίοις
2628 3061 2779 3127 μετὰ
2826 3056 2944 3110 τῶν
2971 3056 3326 3126 ἀρωμάτων,
3358 3055 3552 3119 καθὼς
3578 3055 3714 3117 ἔθος

2137 3148 2216 3222 ἦν
2243 3151 2366 3217 τοῖς
2405 3149 2704 3216 Ἰουδαίοις
2744 3147 3130 3217 ἐνταφιάζειν.
3168 3146 3292 3209 Πῶς
3336 3141 3430 3198 οῦν
3477 3145 3578 3198 οὐκ
3617 3146 3705 3214 ἐρο

2138 3243 2310 3311 γῶδες
2337 3245 2446 3303 τοῖς
2473 3242 2762 3294 κλέπτουσι
2802 3241 2864 3293 τὸ
2889 3239 3036 3292 λύειν
3063 3239 3188 3301 τοὺς
3218 3237 3455 3306 δεσμοὺς
3476 3275 3491 3299 ,
3523 3237 3618 3289 καὶ
3657 3235 3718 3287 τὸ

2142 3335 2299 3404 σῶμα
2333 3334 2440 3387 τῶν
2473 3333 2700 3386 ὀθονίων
2752 3328 3121 3401 ἀπογυμνοῦν,
3165 3325 3716 3400 προσκεκολλημένων

2143 3425 2235 3476 καὶ
2263 3422 2724 3483 δυσαποσπάστως
2755 3421 3006 3490 ἐχόντων,
3037 3420 3130 3473 καὶ
3153 3418 3282 3489 πρὶν
3317 3414 3712 3486 ἀπαμφιασθῆ-

2142 3530 2230 3568 ναι
2266 3513 2616 3583 ρηγνυμένων
2647 3529 2660 3576 ;
2691 3511 2939 3579 Μίγματι
2993 3509 3100 3580 γὰρ
3136 3509 3300 3578 ἀλόης
3342 3507 3436 3562 καὶ
3477 3506 3718 3576 σμύρνης

2147 3606 2578 3676 συνεπλέκησαν,
2624 3605 2759 3674 ὅπερ
2799 3604 3022 3672 ἐκόμιτε
3051 3602 3380 3670 Νικόδημος.
3429 3599 3589 3652 ’Λλλά
3625 3601 3717 3651 καὶ

2144 3697 2205 3751 τὸ
2238 3696 2515 3767 σουδάριον
2541 3736 2555 3760 ,
2589 3695 2617 3747 ὃ
2643 3691 2709 3765 ἦν
2743 3695 2835 3748 ἐπὶ
2861 3694 2961 3762 τῆς
2986 3691 3225 3762 κεφαλῆς
3251 3688 3416 3742 αὐτοῦ
3441 3728 3456 3752 ,
3488 3689 3549 3740 ού
3585 3687 3718 3757 μετά

2145 3787 2254 3840 τῶν
2285 3787 2500 3840 ὀθονίων
2526 3785 2790 3855 κείμενον,
2827 3782 2959 3836 ἀλλά
2987 3782 3153 3852 χωρὶς
3183 3777 3620 3846 ἐντετυλιγμένον
3641 3777 3719 3828 είς

2145 3871 2243 3926 ἕνα
2300 3874 2461 3925 τόπον
2481 3911 2495 3935 ,
2535 3871 2722 3924 οὐδένα
2751 3870 2973 3941 θόρυϐον
3001 3869 3075 3932 ὼς
3109 3869 3201 3922 ἐπὶ
3252 3865 3498 3920 κλεπτῶν
3531 3865 3718 3936 ἐδήλου

2147 3965 2417 4018 λαϐόντων
2445 3963 2506 4015 τὸ
2545 3964 2721 4033 σῶμα.
2748 3961 2854 4015 Ποῦ
2879 3961 2986 4031 γὰρ
3017 3959 3208 4030 σχολὴν
3234 3953 3380 4028 εἶχον
3412 3959 3460 4010 οἱ
3490 3956 3714 4009 κλέπται

2149 4055 2244 4110 καὶ
2273 4054 2522 4120 τοιαύτην
2549 4053 2750 4114 ἄδειαν,
2781 4051 2856 4114 ὡς
2893 4052 2986 4104 καὶ
3015 4051 3074 4104 τὸ
3105 4051 3203 4120 τῆς
3237 4048 3477 4119 κεφαλῆς
3508 4049 3712 4117 κάλυμο

2155 4165 2229 4220 μα
2255 4148 2394 4201 κατὰ
2422 4146 2573 4212 τάξιν
2599 4147 2758 4200 εἱλεῖν
2787 4145 2880 4199 καὶ
2928 4144 3134 4198 τιθέναι
3189 4143 3356 4215 χωρίς
3380 4161 3394 4208 ;
3431 4145 3597 4196 ’Ὥστε
3628 4142 3715 4195 καὶ

2149 4237 2308 4292 τοῦτο
2357 4239 2636 4307 συνίστησι
2674 4235 2859 4306 σαφῶς
2907 4238 3005 4306 τῆς
3045 4235 3392 4298 ἀναστάσεως
3443 4234 3541 4305 τὴν
3584 4233 3712 4302 ἀλή-

2150 4331 2334 4384 θειανο
2365 4328 2480 4398 ἅμα
2512 4329 2570 4381 δὲ
2599 4330 2694 4382 καὶ
2727 4327 3020 4398 μυστήριον
3057 4325 3359 4396 παρεδήλου
3395 4325 3714 4396 θεοπρεπὲς,

2147 4420 2222 4483 ὡς
2249 4423 2282 4490 ή
2313 4420 2516 4491 κεφαλὴ
2543 4421 2638 4490 τῆς
2665 4420 2915 4490 θεότητος
2947 4417 3097 4484 τάξιν
3128 4417 3398 4486 ἐπέχουσα
3431 4418 3608 4486 (κατὰ
3637 4416 3715 4477 τὸ.

2161 4513 2235 4567 ’Π
2260 4512 2494 4581 κεφαλὴ
2518 4513 2621 4566 τοῦ
2641 4511 2895 4579 Χριστοῦ
2923 4514 2955 4564 ό
2977 4510 3142 4579 Θεὸς)
3165 4551 3178 4571 ,
3207 4512 3303 4563 καὶ
3329 4511 3378 4562 οἱ
3405 4510 3532 4580 περὶ
3557 4507 3721 4577 αὐτῆς

2151 4604 2300 4672 λόγοι
2356 4605 2576 4675 μένουσι
2644 4605 2738 4655 καὶ
2789 4602 2926 4671 μετὰ
2971 4603 3068 4672 τὴν
3117 4601 3526 4672 ἐνανθρώτξησιν
3566 4602 3722 4652 οἱονεὶ

2155 4694 2577 4766 ἐνειλημ[μ]ένοι
2611 4696 2703 4747 καὶ
2755 4695 3025 4748 ἀδιάλυτοι
3051 4712 3064 4724 θ
3098 4693 3198 4748 κᾶν
3231 4694 3301 4746 τά
3329 4695 3478 4746 κάτω
3504 4693 3572 4745 τὰ
3597 4692 3720 4760 περὶ

2154 4788 2250 4857 τὴν
2284 4789 2542 4856 ἔνσαρκον
2570 4787 2876 4856 οἰκονομίαν
2896 4827 2910 4847 ,
2937 4787 3030 4840 καὶ
3060 4786 3157 4856 τὴν
3192 4786 3283 4838 ἐπὶ
3321 4785 3422 4854 γῆς
3449 4784 3585 4854 μετά
3632 4784 3721 4836 ἁν-

2158 4877 2388 4946 Ορώπων
2419 4877 2759 4946 ἀναστροφὴν
2787 4869 2882 4943 (ὧν
2909 4874 3076 4938 τύπος
3111 4871 3178 4943 ἦν
3208 4874 3277 4926 τὰ
3313 4874 3511 4940 ὀθόνια)
3537 4915 3551 4938 ,
3588 4871 3727 4926 κατᾶ

2157 4971 2216 5024 τὸ
2239 4969 2459 5022 δυνατὸν
2490 4970 2621 5039 ἡμῖν
2655 4967 2956 5020 διαλέλυταί
2985 4983 3043 5018 τε
3090 4965 3183 5018 καὶ
3210 4964 3575 5033 ἐψηλάφηται.
3621 4964 3727 5015 Καὶ

2157 5061 2325 5114 ταῦτα
2376 5060 2571 5121 ἰδόντες
2618 5060 2666 5110 οἱ
2719 5059 2845 5127 περὶ
2880 5057 2970 5109 τὸν
3003 5057 3203 5126 Πέτρον
3242 5056 3564 5107 ἐπίστευσαν
3589 5094 3604 5114 ,
3633 5055 3727 5123 οὐχ

2158 5150 2341 5212 ἁπλῶς
2384 5151 2561 5220 μόνον,
2585 5149 2719 5202 ἀλλὰ
2740 5148 2832 5201 καὶ
2860 5147 3125 5217 κρείττονι
3154 5147 3230 5216 νῷ
3272 5146 3364 5200 καὶ
3391 5144 3729 5214 ἀποστολικῷ

2157 5235 2498 5306 θεασάμενοι.
2543 5237 2760 5306 Πλήρης
2793 5235 2898 5305 γὰρ
2947 5231 3015 5306 ἦν
3042 5237 3070 5288 ό
3113 5236 3280 5304 τάφος
3330 5234 3540 5302 φωτὸς,
3591 5234 3731 5287 ὥστε

2157 5328 2250 5381 καὶ
2273 5327 2464 5389 νυκτὸς
2497 5325 2661 5394 οὔσης
2699 5326 2814 5389 ἔτι,
2853 5323 3053 5386 διπλῶς
3096 5323 3390 5378 θεάσασθαι
3442 5322 3510 5376 τὰ
3560 5323 3726 5384 ἔνδον,

2157 5419 2251 5472 καὶ
2280 5417 2552 5486 αἰσθητῶς
2578 5418 2670 5470 καὶ
2693 5415 3093 5486 πνευματικῶς.
3121 5416 3180 5466 Εἰ
3205 5414 3308 5486 γάρ
3341 5413 3456 5482 φῶς
3480 5415 3729 5478 δικαίοις,

2158 5509 2298 5564 κατὰ
2329 5509 2387 5562 τὸ
2425 5508 2804 5579 γεγραμμένον
2830 5547 2843 5573 ,
2881 5507 2968 5560 διὰ
3025 5506 3256 5569 παντὸς,
3301 5505 3480 5574 πολλῷ
3535 5505 3729 5574 μᾶλλον
