4084 6158
306 282 413 339 637
1191 277 1261 334 LV
1318 278 1597 337 CHRISTI
1648 280 2289 340 RESURRECTIONEM
2311 282 2517 341 ORAT.
2551 282 2619 340 11.
3464 286 3568 343 6'58

301 400 388 471 τῷ
421 398 533 453 τῶν
561 397 782 452 δικαίων
821 396 959 469 Θεῷ.
999 399 1120 451 οὐκ
1152 398 1534 454 ἐπίστευσαν
1564 399 1633 453 δὲ
1655 439 1671 464 ,
1704 401 1887 471 φησὶν,

1992 401 2173 470 erant)
2208 403 2549 467 acciderunt,
2582 409 2849 473 quantum
2889 417 3011 473 ejus
3040 400 3155 456 ﬁeri
3193 401 3371 472 potuit
3398 416 3428 456 a
3470 419 3571 456 no-

306 491 437 546 ἐπεὶ
465 490 714 561 μηδέπω
744 488 998 559 ᾔδεισαν
1023 488 1139 557 τὴν
1171 491 1447 560 Γραφὴν,
1479 491 1567 545 ὅτι
1591 492 1687 545 δεῖ
1705 491 1892 547 αὐτὸν

1998 490 2085 546 bis
2136 492 2403 547 dissoluta
2466 501 2630 563 atque
2683 500 3022 549 contrectata
3067 494 3197 548 siut.
3246 493 3424 563 Atque
3484 493 3572 548 his

306 583 379 638 ἐκ
407 581 635 649 νεκρῶν
660 580 1021 651 ἀναστῆναι.
1055 581 1160 635 Καὶ
1201 583 1305 653 μὴν
1331 585 1553 655 ᾔδεισαν
1581 582 1675 637 τοῦ
1705 583 1891 653 Σωτῆ-

1996 582 2135 655 visis
2178 583 2374 638 Petrus
2421 591 2476 638 et
2522 599 2708 640 comes
2734 584 2855 654 ejus
2884 584 3259 650 crediderunt,
3293 600 3418 639 eum
3460 602 3570 641 non

313 688 403 743 ρος
432 671 616 733 αὐτοῖς
650 670 910 733 πολλάκις
942 652 1373 741 προειρηκότος,
1407 672 1482 735 ὡς
1504 652 1887 741 ἀναστήσεται·

1998 652 2324 745 simpliciter
2355 675 2555 741 solum,
2596 679 2953 730 verumetiam
2979 677 3344 746 prazstantiori
3389 688 3573 733 mente

310 761 426 816 ἀλλ’
461 762 559 832 οὐχ
586 761 661 825 ὡς
703 761 810 814 ἀπὸ
840 761 937 832 τῆς
974 762 1195 833 Γραφῆς
1250 762 1602 835 πεπεισμένοι
1645 763 1740 816 καὶ
1785 761 1893 816 τῶν

1998 780 2062 820 ac
2090 780 2258 822 sensu
2290 765 2595 836 apostolico
2623 781 2736 821 rem
2768 774 3124 836 spectassent.
3166 765 3392 822 Plenum
3424 767 3571 822 enim

309 852 520 907 ἐκεῖθεν
566 853 882 925 φερομένων
910 854 1174 925 χρησμῶν
1209 854 1229 925 (
1258 853 1351 918 οὓς
1384 856 1458 925 μὴ
1510 854 1737 925 ἐκϐῆναι
1785 854 1894 908 τῶν

1992 856 2216 912 luminis
2258 865 2377 912 erat
2406 858 2741 927 sepulcrum,
2773 865 2834 912 ut
2863 856 3076 913 etiamsi
3122 872 3227 912 nox
3265 857 3446 913 adhuc
3486 873 3574 913 es-

311 945 583 998 ἀδύνατων
604 941 672 1016 ἦν
696 948 714 1014 )
738 986 752 1011 ,
783 946 899 999 ἀλλ’
928 945 1008 1000 ἔτι
1039 946 1167 1018 περὶ
1201 946 1300 1018 τὴν
1332 947 1513 1001 πίστιν
1549 946 1890 1013 ὀκλάζοντες.

1992 955 2096 1012 set,
2130 948 2427 1020 dupliciter
2462 959 2669 1013 tamen,
2702 958 2814 1004 tum
2860 950 3218 1015 sensibiliter,
3267 960 3380 1004 tum
3410 951 3573 1019 spiri-

314 1040 534 1094 tualiter
567 1041 817 1096 viderent
850 1056 913 1095 ea
963 1056 1084 1111 quas
1115 1041 1266 1097 intus
1304 1049 1480 1096 erant.
1518 1040 1651 1096 Nam
1707 1042 1753 1097 si
1798 1044 1886 1098 lux
1918 1042 2086 1112 justis
2121 1052 2407 1113 perpetuo,
2446 1052 2609 1114 prout
2657 1045 2922 1114 scriptum
2964 1053 3071 1109 est,
3147 1047 3316 1099 multo
3394 1045 3574 1117 magis

307 1133 583 1204 justorum
650 1132 778 1188 Deo.
848 1132 969 1187 Non
1000 1134 1337 1189 crediderunt
1380 1146 1579 1200 autem,
1612 1136 1813 1206 inquit,
1842 1137 1969 1207 quia
2006 1136 2238 1191 nondum
2269 1147 2518 1191 noverant
2560 1135 2912 1206 Scripturam,
2941 1135 3078 1206 quod
3108 1145 3363 1205 oporteret
3396 1153 3512 1190 eum
3541 1154 3576 1192 α

311 1214 534 1282 mortuis
565 1243 831 1298 resurgere
858 1229 923 1283 ".
955 1229 1116 1299 Atqui
1148 1230 1420 1294 sciebant,
1486 1232 1613 1301 quia
1658 1233 1921 1295 Serrator
1958 1232 2042 1288 eis
2094 1248 2239 1303 smpe
2310 1233 2658 1303 praedixerat,
2681 1214 2861 1304 'quod
2923 1242 3338 1289 resurrecturus
3381 1241 3527 1289 esset
3557 1252 3571 1288 :

311 1316 410 1372 sed
451 1333 560 1373 non
612 1328 869 1390 tanquam
902 1334 933 1373 a
973 1318 1280 1391 Scriptura,
1333 1331 1499 1394 atque
1546 1323 1679 1380 inde
1746 1323 1934 1394 petitis
1972 1325 2218 1380 oraculis
2268 1325 2409 1394 (qua:
2461 1324 2575 1380 ﬁeri
2613 1339 2724 1381 non
2776 1331 3011 1395 poterat,
3083 1323 3215 1395 quin
3270 1324 3574 1396 evenirent)

311 1413 555 1479 adducti,
588 1414 682 1470 sed
710 1421 970 1485 tanquam
998 1414 1150 1470 circa
1186 1416 1345 1473 [idem
1381 1419 1561 1474 adhuc
1598 1419 1946 1475 labascentes
1976 1427 2143 1490 atque
2177 1420 2581 1476 claudicantes.

386 1506 691 1579 Παρίστησι
743 1506 801 1561 δὲ
850 1506 913 1561 τὸ
951 1507 1156 1580 γυμνὸν
1192 1511 1283 1564 τὸν
1332 1511 1538 1582 Ἰησοῦν
1570 1512 1888 1584 ἀναστῆναι,

2068 1510 2337 1568 Caeterum
2366 1512 2513 1582 quod
2547 1484 2725 1568 nudus
2744 1510 2903 1568 Iesus
2930 1512 3141 1582 absque
3169 1509 3576 1565 linteaminibus

306 1596 417 1652 τῶν
467 1596 688 1652 ὀθονίων
746 1596 916 1667 χωρὶς
940 1638 955 1664 ,
1005 1598 1066 1651 τὸ
1106 1598 1370 1671 μηδαμῶς
1408 1600 1569 1654 αὐτὸν
1622 1601 1704 1655 ἔτι
1751 1601 1892 1656 κατὰ

1992 1604 2315 1670 resurrexit,
2352 1603 2627 1674 signiﬁcat
2654 1619 2779 1658 eum
2820 1618 3169 1673 nequaquam
3210 1601 3438 1671 posthac
3466 1601 3571 1656 cibi

309 1688 491 1756 σάρκα
517 1688 929 1760 γνωσθήσεσθαι
969 1691 1174 1762 τροφῆς
1211 1689 1244 1760 ἦ
1279 1691 1442 1744 ποτοῦ
1474 1691 1889 1764 δεηοησόμενον,

306 1781 341 1852 ἢ
368 1781 678 1853 ἐνδυμάτων
719 1781 1032 1853 περιϐολῆς.
1065 1783 1127 1836 El
1155 1783 1248 1837 καὶ
1285 1784 1383 1854 τὴν
1423 1784 1729 1855 οἰκονομίαν
1757 1785 1893 1857 πλη-

311 1873 422 1943 ρῶν
446 1914 462 1937 ,
510 1873 719 1937 τούτοις
756 1872 898 1927 ἑκὼν
929 1873 1201 1946 ὑπέθηκεν
1229 1876 1419 1929 ἑαυτὸν
1443 1918 1457 1943 ,
1488 1876 1563 1941 ὡς
1589 1876 1690 1948 τῆς
1721 1877 1893 1948 αὐτῆς

308 1963 525 2035 φύσεως
556 1966 893 2037 κοινωνήσας
926 1967 1056 2037 ἡμῖν
1084 2007 1101 2034 ,
1135 1966 1325 2020 ἔπειτα
1369 1966 1426 2021 δὲ
1472 1967 1623 2040 δηλοῖ
1650 1969 1745 2023 καὶ
1794 1968 1892 2041 τὴν

305 2054 402 2110 τοῦ
442 2055 614 2121 ’Δδὰμ
638 2057 718 2120 είς
745 2057 806 2111 τὸ
826 2057 1052 2129 ἀρχαῖον
1078 2058 1542 2124 ἀποκατάστασιν,
1572 2060 1661 2114 ὅτε
1688 2061 1893 2132 γυμνὸς

305 2143 376 2219 ἦν
403 2149 461 2203 ὲν
487 2148 566 2220 τῷ
603 2148 916 2221 παραδείσῳ
968 2152 1062 2206 καὶ
1102 2152 1202 2207 οὐκ
1250 2153 1530 2224 ᾐσχύνετο.
1558 2153 1758 2208 Λοιπὸν
1782 2153 1893 2225 γὰρ

306 2242 383 2303 ὼς
407 2240 540 2305 Θεὸς
562 2280 578 2306 ,
608 2242 657 2295 εί
688 2242 780 2295 καὶ
809 2243 1225 2316 σεσαρκωμένος
1245 2284 1261 2309 ,
1309 2244 1432 2315 δόξῃ
1481 2246 1546 2315 τῇ
1592 2245 1892 2317 θεοπρεπε-

309 2333 480 2404 στάτῃ
513 2332 927 2405 περιεϐέϐλητο,
960 2332 1122 2398 αὐτὸς
1151 2332 1228 2388 ὣν
1255 2335 1284 2387 6
1317 2334 1750 2405 ἀναϐαλλόμενος
1776 2335 1892 2404 φῶς

306 2422 385 2487 ὡς
420 2424 656 2494 ἱμάτιον,
764 2442 929 2496 φησιν
968 2426 997 2478 6
1026 2426 1308 2497 προφήτης
1334 2425 1517 2481 Δαὸίδ.
1560 2426 1698 2480 Ἀλλ’
1730 2429 1759 2481 6
1792 2428 1892 2497 μὲν

306 2513 515 2586 Πέτρος
546 2514 637 2570 καὶ
676 2516 929 2586 Ἰωάννης
969 2516 1332 2581 πιστωθέντες
1373 2519 1437 2571 ὲκ
1473 2517 1581 2571 τῶν
1632 2517 1890 2589 τεθεαμέ-

305 2622 437 2670 νων,
480 2605 789 2677 ἀνεχώρουν
836 2606 1054 2661 οἴκαδε·
1105 2610 1172 2678 τῇ
1203 2608 1388 2680 Μαρίᾳ
1421 2608 1479 2662 δὲ
1528 2606 1679 2663 εἷπον
1715 2609 1888 2666 οὐδέν.

318 2697 601 2768 ᾯκονόμει
656 2697 765 2768 γὰρ
809 2699 837 2751 ὁ
874 2697 1033 2769 μόνος
1088 2697 1285 2766 σοφὸς,
1336 2699 1411 2763 ὼς
1453 2699 1789 2754 ἀπιστοῦσαν
1826 2703 1893 2757 ὲκ

306 2787 436 2851 θέας
460 2788 630 2860 αὐτὴν
658 2788 1028 2860 προσάγεσθαι
1062 2789 1289 2861 μᾶλλον,
1319 2791 1353 2862 ἢ
1380 2791 1568 2861 ἀκοῆς.
1610 2789 1891 2860 Εἱστήκει

303 2880 487 2934 τοίνυν
515 2880 667 2949 πρὸς
692 2880 774 2945 τῷ
805 2879 1070 2951 μνήματι
1099 2881 1217 2946 ἔξω
1266 2882 1566 2936 κλαίουσα
1585 2923 1600 2945 ,
1640 2883 1738 2937 καὶ
1780 2898 1891 2936 πα-

301 2973 637 3042 ρακύψασα
659 2968 821 3027 εἶδεν
843 2972 1139 3043 ἀγγέλους
1188 2973 1298 3028 δύο
1334 2973 1595 3040 λευκοὺς
1626 2974 1721 3027 καὶ
1756 2990 1890 3043 φαι-

306 3063 491 3134 δροὺς
517 3063 594 3134 τῇ
638 3063 866 3134 στολῇ,
908 3063 1337 3135 καθεζομένους
1363 3064 1471 3118 ἕνα
1510 3064 1659 3133 πρὸς
1690 3064 1766 3133 τῇ
1794 3081 1892 3119 κε⁶

305 3154 505 3227 φαλῇ,
539 3155 640 3211 καὶ
665 3156 775 3210 ἕνα
816 3155 968 3224 πρὸς
1020 3155 1147 3220 τοῖς
1176 3155 1382 3223 ποσὶν,
1431 3156 1582 3210 ὅπου
1608 3155 1800 3209 ἔκειτο
1825 3154 1892 3209 τὸ

304 3247 483 3319 σῶμα
516 3249 624 3304 τοῦ
668 3248 874 3318 Ἰησοῦ
898 3264 912 3279 ·
960 3248 1054 3322 καὶ
1108 3248 1226 3301 δέον
1276 3248 1369 3302 τὸν
1415 3247 1647 3319 ὀδυρμὸν
1687 3250 1767 3310 είς
1802 3248 1894 3300 εὐ-

306 3338 585 3413 φροσύνην
614 3340 955 3412 μεταϐαλεῖν,
981 3340 1088 3394 τῶν
1109 3339 1361 3412 δακρύων
1387 3340 1487 3395 ούκ
1508 3340 1721 3411 ἔληγεν,
1750 3338 1891 3393 ὥστε

304 3433 435 3497 τοὺς
465 3432 728 3502 ἀγγέλους
758 3434 920 3487 οἱονεὶ
953 3434 1071 3504 μετ’
1118 3434 1491 3505 ἐπιτιμήσεως
1520 3434 1694 3486 εἰπεῖν
1718 3450 1733 3465 ο
1775 3432 1895 3487 Γύ-

304 3538 429 3588 ναι,
487 3523 546 3576 τί
591 3523 852 3587 relatae;
895 3521 1095 3575 ὡσανεὶ
1114 3521 1330 3590 ἔλεγον·
1379 3522 1671 3577 Γυναικεῖα
1718 3519 1892 3575 ταῦτα

305 3612 379 3668 τά
425 3613 672 3684 δάκρυα,
707 3613 808 3666 οὐκ
837 3611 1097 3686 εὔφρονος
1137 3613 1252 3667 νοῦ.
1285 3612 1396 3667 Ποῦ
1425 3613 1535 3685 γὰρ
1569 3613 1750 3685 χώραν
1780 3613 1893 3684 ἔχει

303 3704 370 3762 τὸ
408 3706 546 3778 μετὰ
576 3705 833 3776 τοιαύτην
879 3704 1007 3760 θέαν
1040 3705 1362 3777 ὀδύρεσθαι;
1389 3705 1634 3777 Κάκείνη
1664 3705 1764 3776 τῆς
1799 3706 1896 3758 αὐ-

304 3802 408 3872 τῆς
444 3797 701 3862 ἀπιστίας
737 3798 972 3870 ἐχομένη
1012 3796 1407 3869 (παρετείνετο
1451 3797 1559 3870 γὰρ
1586 3798 1646 3852 τὸ
1681 3797 1891 3864 πάθος,

308 3892 400 3947 ἵνα
429 3894 542 3955 τοῖς
588 3887 732 3945 κατὰ
785 3890 981 3961 μικρὸν
1026 3887 1436 3960 προτιθεμένοις
1481 3890 1563 3954 είς
1594 3888 1774 3943 πίστιν
1806 3907 1895 3943 τε-

304 3983 467 4046 λείως
499 3980 927 4054 ὲκκαθαρθείη),
959 3981 1096 4053 πρὸς
1137 3981 1334 4044 αὐτοὺς
1378 3977 1529 4036 εἶπεν
1571 3983 1656 4036 ὅτι
1701 3976 1897 4050 τΗραν

306 4074 419 4127 τὸν
452 4072 668 4141 Κύριόν
699 4088 820 4141 μου
859 4070 930 4124 ἐκ
969 4070 1078 4125 τοῦ
1122 4071 1418 4140 μνημείου
1438 4110 1452 4134 ,
1498 4070 1738 4125 καὶούκ
1762 4065 1895 4124 οἶδα

305 4161 430 4218 ποῦ
458 4162 685 4231 ἔθηκαν
723 4159 930 4215 αὐτόν.
965 4158 1075 4213 Καὶ
1111 4158 1297 4213 ταῦτα
1321 4157 1580 4212 εἰποῦσα
1621 4156 1891 4227 ἐστράφη

1991 1705 2240 1766 potus-te,
2269 1704 2363 1750 aut
2392 1696 2839 1751 indumentorum
2872 1695 3197 1766 gestaminis
3227 1701 3392 1762 atque
3439 1708 3573 1763 ope-

1991 1787 2211 1842 rimenti
2237 1796 2486 1859 egentem
2527 1787 2579 1841 iu
2624 1801 2792 1842 carne
2841 1786 3123 1857 cognitum
3170 1785 3257 1839 iri.
3297 1783 3361 1838 Et
3405 1785 3451 1838 si
3490 1784 3568 1847 id,

1992 1883 2141 1952 quod
2197 1881 2502 1946 decretum,
2550 1878 2874 1948 dispositum
2923 1893 2987 1934 ac
3044 1878 3374 1933 destinatum
3432 1884 3571 1942 erat,

1991 1956 2301 2045 exsequens
2328 1980 2379 2028 et
2411 1971 2807 2027 administrans
2842 1978 3037 2044 sponte
3070 1985 3166 2026 sua
3203 1984 3261 2024 se
3294 1968 3382 2024 his
3408 1969 3573 2025 rebus

1994 2065 2250 2137 subjecit,
2300 2072 2361 2119 ut
2407 2062 2498 2133 qui
2542 2061 2787 2131 ejusdem
2835 2061 3119 2115 nobiscum
3159 2068 3365 2114 naturae
3409 2061 3575 2130 parti-

1993 2171 2123 2225 ceps
2168 2161 2316 2211 esset
2350 2175 2361 2209 :
2393 2152 2590 2209 deinde
2636 2150 2910 2221 signiﬁcat
2937 2150 3099 2205 etiam
3149 2150 3341 2205 Adami
3378 2151 3431 2204 in
3462 2151 3576 2221 pri—

1994 2249 2199 2302 stinum
2233 2256 2433 2302 statum
2466 2244 2899 2307 restitutionem,
2928 2243 2983 2298 in
3012 2258 3122 2312 quo
3147 2241 3332 2299 nudus
3365 2252 3485 2300 erat
3516 2244 3571 2299 in

1993 2337 2271 2408 paradiso,
2305 2345 2497 2392 etnon
2531 2333 2914 2391 erubescebat.
2948 2332 3082 2387 Nam
3111 2333 3179 2389 de
3212 2340 3409 2389 czetero
3444 2342 3570 2388 tan-

1991 2444 2155 2500 quam
2202 2428 2365 2495 Deus,
2420 2428 2547 2484 licet
2589 2427 2942 2492 incarnatus,
2999 2425 3194 2498 gloria,
3241 2443 3363 2498 qua:
3402 2426 3571 2483 Deum

1992 2521 2229 2577 maxime
2263 2521 2442 2586 decet,
2472 2519 2851 2574 circumdatus
2896 2527 3035 2585 erat,
3073 2533 3199 2573 cum
3236 2519 3351 2590 ipse
3389 2519 3459 2575 sit
3500 2520 3570 2583 is,

1992 2613 2083 2682 qui
2112 2612 2320 2668 lumine
2352 2620 2612 2682 tanquam
2646 2611 2814 2682 pallio
2846 2610 3114 2676 induitur,
3142 2618 3203 2665 ut
3234 2611 3412 2681 inquit
3445 2627 3574 2681 pro-

1989 2704 2152 2774 pheta
2182 2703 2352 2759 David
2376 2703 2439 2756 ⁸³.
2477 2702 2556 2758 Ac
2594 2700 2789 2756 Petrus
2825 2701 3043 2771 quidem
3080 2709 3131 2755 et
3157 2699 3419 2763 Joannes,
3466 2700 3573 2757 ﬁde

1992 2793 2128 2864 ipsis
2165 2810 2231 2848 ex
2270 2795 2337 2849 iis
2405 2807 2527 2863 quae
2562 2792 2812 2847 viderant
2862 2790 3027 2854 facta,
3058 2792 3281 2847 domum
3336 2804 3575 2847 reverte-

1994 2894 2155 2952 runt;
2181 2885 2363 2943 Maria:
2388 2901 2518 2942 vero
2556 2885 2695 2940 nihil
2733 2884 3008 2939 dixerunt.
3057 2885 3301 2940 Curabat
3329 2886 3475 2939 enim
3516 2892 3573 2941 et

1992 2991 2214 3046 operam
2256 2977 2419 3032 dabat
2470 2978 2538 3043 is,
2577 2977 2670 3047 qui
2704 2977 2856 3033 solus
2885 2976 3106 3047 sapiens
3149 2986 3252 3043 εει,
3300 2986 3357 3031 ut
3411 2976 3569 3032 tidem

1991 3081 2100 3122 nou
2132 3066 2341 3123 habens
2373 3082 2468 3138 per
2499 3082 2563 3122 ea
2590 3083 2711 3137 quae
2752 3067 2961 3124 videret
3007 3069 3212 3139 potius,
3256 3083 3419 3138 quam
3449 3082 3574 3138 qua:

1992 3159 2229 3225 audiret,
2279 3161 2344 3213 ad
2375 3158 2709 3214 credendum
2752 3159 3139 3216 adduceretur.
3176 3160 3365 3216 Stabat
3408 3160 3575 3232 igitur

1982 3249 2145 3320 juxta
2177 3260 2570 3305 monumentum
2607 3250 2742 3320 foris
2767 3250 3012 3320 plorans,
3044 3261 3233 3306 etcum
3263 3251 3573 3307 inclinasset

1991 3356 2068 3403 se,
2099 3339 2230 3394 vidit
2265 3339 2481 3409 angelos
2517 3341 2652 3396 duos
2679 3350 2816 3396 veste
2840 3342 3074 3397 candida
3101 3343 3333 3414 insignes
3361 3354 3409 3399 et
3446 3343 3575 3398 illu-

1991 3441 2149 3498 stres,
2186 3432 2423 3486 sedentes
2468 3449 2635 3486 unum
2679 3435 2748 3487 ad
2788 3444 2969 3503 caput,
3017 3434 3250 3488 alterunt
3291 3435 3361 3488 ad
3394 3434 3571 3505 pedes,

1990 3523 2082 3576 ubi
2095 3523 2345 3592 jacuerat
2369 3539 2559 3593 corpus
2589 3521 2720 3578 Iesu
2743 3524 2788 3556 ¹⁸
2821 3544 2835 3580 :
2869 3534 2924 3580 et
2963 3539 3088 3580 cum
3128 3526 3570 3582 lamentationem

1992 3613 2181 3669 laetitia
2212 3625 2552 3670 commutare
2588 3623 2888 3685 oporteret,
2929 3615 3225 3686 lacrymari
3264 3631 3373 3670 non
3420 3616 3571 3673 desi-

1992 3704 2192 3767 stebat,
2227 3704 2364 3761 adeo
2395 3715 2455 3760 ut
2489 3708 2667 3777 angeli
2701 3707 2858 3777 quasi
2913 3722 3037 3763 cum
3083 3708 3459 3778 increpatione
3485 3710 3570 3763 di-

1992 3803 2184 3851 cerent
2211 3813 2226 3850 :
2263 3796 2482 3862 Mulier,
2523 3797 2651 3869 quid
2681 3799 2775 3869 ﬂes
2795 3800 2820 3853 ἵ
2844 3798 3071 3870 perinde
3101 3814 3166 3854 ac
3204 3802 3249 3856 si
3280 3800 3524 3855 dicerent
3552 3819 3568 3857 :

1992 3887 2286 3946 Muliebres
2346 3890 2430 3945 hae
2473 3898 2604 3948 sunt
2666 3892 2965 3963 lacrytnae,
3027 3907 3137 3947 non
3211 3893 3319 3948 lauti
3380 3893 3569 3949 animi.

1993 3979 2097 4046 Qui
2143 3982 2289 4036 enim
2335 3981 2518 4037 locum
2565 3983 2732 4039 habet
2781 3984 3100 4039 lamentatio
3129 3994 3252 4056 post
3304 3986 3411 4040 tale
3456 4000 3575 4054 spe-

1993 4072 2311 4127 ctaculum?
2342 4072 2520 4145 Atque
2547 4075 2639 4129 illa
2688 4076 2743 4130 in
2780 4075 2970 4131 eadem
3023 4077 3408 4133 incredulitate
3449 4092 3574 4148 per-

1993 4178 2256 4220 severans
2289 4163 2713 4237 (prorogabatur
2740 4168 2885 4221 enim
2929 4176 2983 4222 et
3027 4169 3422 4224 extendebatur
3447 4185 3573 4239 per-

303 4256 397 4321 εὶς
438 4253 514 4308 τὰ
545 4252 737 4306 ὀπίσω
754 4292 772 4319 ,
823 4248 924 4305 καὶ
986 4248 1192 4317 θεωρεῖ
1218 4246 1324 4302 τὸν
1360 4247 1602 4315 Ἰησοῦν
1641 4248 1891 4316 ἑστῶτα,

1996 4257 2259 4321 turbatio,
2295 4268 2355 4313 ut
2384 4273 2479 4328 per
2506 4274 2569 4313 ea
2613 4274 2737 4329 qua:
2763 4259 3024 4328 paulatim
3053 4260 3471 4330 adjiciebantur,
3504 4261 3572 4316 ad

305 4342 410 4399 καὶ
439 4345 554 4398 οὐκ
604 4342 736 4413 ᾔδει
771 4343 862 4397 ὅτι
899 4339 1129 4409 Ἰησοῦς
1172 4337 1338 4391 ἐστι’
1366 4338 1522 4392 τοῦτο
1559 4339 1656 4409 μὲν
1685 4341 1749 4393 ὲκ
1780 4340 1888 4395 τῶν

303 4434 561 4506 δακρύων
586 4432 1038 4504 ὲπισκοτουμένη,
1069 4431 1165 4485 καὶ
1191 4425 1301 4483 οἷον
1331 4428 1489 4500 άχλύῖ
1518 4429 1890 4503 βεϐαρημένη,

303 4528 467 4582 τοῦτο
507 4527 565 4581 δὲ
598 4525 693 4581 τοῦ
728 4525 901 4597 Ἰησοῦ
949 4522 1358 4595 οἰκονομοῦντος
1387 4520 1448 4576 τὸ
1482 4523 1557 4592 μὴ
1586 4520 1893 4591 γνωσθῆναι

303 4620 447 4691 αὐτῇ
472 4636 487 4650 ·
511 4619 593 4673 διὸ
631 4617 727 4671 καὶ
761 4612 883 4671 εἷπε
905 4634 920 4648 ·
949 4617 1139 4671 Γύναι
1163 4656 1178 4681 ,
1217 4615 1275 4668 τι
1312 4613 1583 4679 salutate;
1618 4612 1757 4669 Τίνα
1797 4610 1897 4680 ζη-

302 4711 470 4778 τεῖς;
513 4710 745 4780 Ἐκείνη
770 4708 1039 4764 δοκοῦσα
1076 4707 1167 4761 ὅτι
1210 4708 1243 4760 ό
1278 4707 1583 4774 κηπουρός
1608 4705 1740 4758 ἐστι
1758 4744 1773 4768 ,
1793 4702 1894 4758 λέ-

302 4821 397 4877 τει
420 4800 583 4868 αὐτῷ
605 4821 618 4835 ·
648 4803 859 4871 Κύριε,
902 4803 954 4855 εὶ
999 4798 1082 4855 σὺ
1108 4798 1453 4864 ἐϐάστασας
1499 4796 1720 4859 αὐτὸν,
1761 4796 1894 4851 εἰπέ

301 4913 407 4967 μοι
444 4894 564 4949 ποῦ
596 4896 817 4963 ἔθηκας
845 4891 1031 4947 αὐτὸν
1053 4929 1070 4955 ,
1120 4889 1282 4959 κάγὼ
1334 4888 1526 4943 αὑτὸν
1567 4886 1708 4957 ἀρῶ.
1741 4888 1894 4958 Τάχα

302 4984 363 5039 δὲ
402 4985 504 5038 οὐκ
546 4983 651 5049 ἔξω
692 4983 788 5037 τοῦ
820 4981 1119 5052 πρέποντος
1151 4978 1426 5050 κηπουρὸν
1455 4979 1727 5034 ύπέλαὸεν
1756 4976 1893 5035 εἶναι

303 5076 399 5130 τὸν
437 5076 644 5146 Ἰησοῦν
669 5095 682 5108 ·
712 5075 791 5146 τῷ
823 5075 937 5127 δντι
968 5073 1076 5144 γὰρ
1103 5069 1170 5144 ἦν
1200 5072 1361 5136 αὐτὸς
1387 5074 1416 5126 ὁ
1437 5072 1533 5127 τοῦ
1567 5073 1894 5145 παραδείσου

303 5168 555 5240 γεωργὸς
591 5167 797 5239 ἀληθὴς
840 5166 932 5219 καὶ
961 5164 1258 5226 ἀθάνατος,
1290 5165 1347 5216 ὲν
1377 5163 1456 5234 τῷ
1480 5164 1574 5217 τοῦ
1617 5166 1896 5235 μνήματος

306 5263 474 5332 κήπῳ
516 5259 768 5330 καθάπερ
817 5260 875 5311 ὲν
923 5256 1000 5327 τῷ
1028 5256 1342 5328 παραδείσῳ
1377 5257 1477 5328 τὴν
1516 5260 1772 5325 γυναῖκα,
1794 5256 1892 5328 τὴν

305 5354 370 5420 ἐξ
391 5353 649 5418 ἀπιστίας
672 5352 765 5406 τὸν
806 5351 975 5420 Ἀδὰμ
1010 5350 1102 5403 τὸν
1140 5348 1355 5420 πρῶτον
1382 5350 1655 5420 κηπουρὸν
1682 5351 1895 5423 άπατή-

308 5442 903 5515 σασαν,διορθούμενος.
934 5440 1122 5504 Οὕτως
1152 5436 1246 5493 οὖν
1278 5439 1491 5493 ἅπαντα
1518 5438 1887 5511 μυστηριώδη,

307 5537 405 5593 καὶ
434 5536 607 5606 λόγων
629 5534 840 5605 ἔμπλεα
866 5533 1151 5604 θειοτέρων
1179 5530 1272 5585 καὶ
1301 5529 1540 5601 ὑψηλῶν.

1996 4347 2329 4402 credendum
2380 4347 2624 4419 perfecte
2671 4350 3090 4422 expurgaretur)
3128 4350 3196 4405 ad
3245 4366 3342 4405 eos
3387 4350 3570 4409 dixit:

1996 4437 2342 4493 Sustulerant
2386 4439 2671 4494 Dominum
2704 4457 2877 4495 meum
2906 4456 2972 4496 ea:
3001 4449 3361 4505 monumento,
3395 4450 3443 4493 et
3482 4457 3573 4495 neu

1994 4529 2104 4581 scio
2141 4527 2231 4582 ubi
2262 4530 2534 4596 posuerint
2567 4546 2705 4585 eum.
2754 4530 2921 4601 Atque
2956 4530 3066 4584 lucc
3110 4530 3283 4583 locuta
3321 4545 3572 4585 conversa

1994 4629 2072 4673 est
2102 4629 2413 4685 retrorsum,
2468 4630 2518 4674 et
2556 4621 2692 4675 ridet
2734 4619 2916 4675 Jesum
2949 4630 3200 4686 stantem,
3246 4637 3338 4675 nec
3376 4620 3572 4674 sciebat

1995 4710 2133 4781 quod
2164 4709 2319 4767 Jesus
2341 4723 2497 4767 esset.
2539 4711 2742 4767 Partim
2773 4712 2918 4782 quod
2960 4727 3070 4782 prie
3114 4713 3371 4784 lacrymis
3399 4712 3571 4768 oﬂ'usa

1997 4803 2261 4867 tene-bris,
2300 4810 2352 4857 et
2382 4803 2540 4872 quasi
2583 4804 2818 4874 caligine
2865 4814 3088 4874 gravata
3140 4814 3333 4870 esset;
3373 4805 3569 4874 partim

1995 4893 2141 4963 quod
2185 4896 2348 4949 etiam
2377 4892 2538 4949 Jesus
2595 4895 2804 4951 interea
2846 4911 2958 4950 rem
2998 4894 3074 4949 ita
3113 4895 3452 4964 disponeret,
3512 4904 3571 4950 ut

1996 4987 2064 5039 ab
2103 5001 2166 5040 ea
2203 5002 2309 5039 non
2342 4997 2754 5055 agnosceretur.
2796 4988 3164 5055 Quamobrem
3199 4988 3362 5041 etiam
3389 4987 3522 5041 dixit
3552 5007 3566 5044 :

1998 5080 2210 5145 Mulier,
2244 5082 2369 5152 quid
2393 5082 2620 5151 ploras?
2652 5083 2817 5150 Quem
2847 5084 3042 5153 quwris
3066 5086 3090 5139 ?
3118 5081 3225 5136 Illa
3255 5082 3568 5136 existimans

1990 5169 2128 5239 quod
2190 5169 2504 5226 hortulanus
2572 5182 2737 5239 esset,
2789 5172 2918 5226 dicit
2977 5175 3084 5227 ei:
3128 5172 3366 5236 Domine,
3402 5172 3451 5228 si
3514 5182 3568 5225 tu

1993 5263 2281 5330 asportasti
2313 5279 2451 5331 eum,
2491 5264 2578 5317 die
2629 5264 2778 5331 mihi,
2830 5264 2919 5318 ubi
2962 5266 3200 5333 posueris
3242 5281 3378 5329 eum,
3415 5273 3569 5333 atque

1988 5368 2078 5421 ego
2109 5369 2226 5406 eum
2258 5351 2465 5408 tollam.
2498 5351 2748 5407 Forsitan
2776 5361 2957 5408 autem
2983 5370 3093 5409 non
3124 5354 3223 5409 abs
3265 5367 3345 5421 rc,
3393 5369 3569 5423 neque

1994 5455 2148 5497 extra
2183 5445 2465 5511 decorum,
2503 5443 2850 5498 hortulanum
2891 5459 3013 5500 esse
3060 5446 3287 5515 putabat
3333 5443 3564 5501 Jcsum:

1997 5548 2131 5591 sane
2161 5536 2308 5592 enim
2338 5538 2457 5609 ipse
2482 5551 2647 5593 verus
2670 5542 2726 5592 et
2762 5536 3089 5593 immortalis
3123 5537 3365 5608 agricola
3407 5552 3569 5609 para-

307 5630 414 5685 disi
446 5636 587 5693 crat,
625 5628 683 5680 in
741 5626 902 5680 horto
930 5623 1296 5689 monumenti,
1335 5625 1479 5683 sicut
1520 5622 1575 5676 in
1632 5621 1889 5691 paradiso
1929 5626 2234 5695 mulierem,
2294 5646 2417 5703 quae
2449 5630 2721 5687 Adamum
2764 5630 2999 5701 primum
3041 5628 3391 5687 hortulanum
3442 5643 3565 5701 per-

380 5750 425 5782 “
445 5746 703 5813 Joar..xx,
726 5745 779 5802 9.
860 5745 1066 5802 “Psal.
1091 5760 1208 5813 cut,
1249 5743 1302 5799 ἓ.
1383 5743 1422 5774 ’³
1453 5742 1605 5798 Joan.
1644 5758 1735 5808 xx,
1772 5742 1828 5797 il
1867 5759 1988 5816 sqq.
