4084 6158
552 277 659 334 659

1783 270 1841 330 S.
1882 268 2211 329 GREGORII
2242 267 2537 327 NYSSENI

3701 266 3807 327 640

553 390 988 448 incredulitatem
1020 391 1342 462 deceperat,
1373 390 1586 463 lapsam
1631 391 1917 463 corrigens
1978 397 2140 461 atque
2176 388 2492 446 emendans.
2542 385 2634 444 Sis
2668 385 2835 459 igitur
2863 386 3116 444 universa
3178 382 3570 459 mysteriorum
3620 384 3805 455 plena,

554 482 970 553 rationibusque
994 482 1196 538 divinis
1212 497 1277 538 ac
1309 483 1639 540 sublimibus
1668 483 1869 539 referta
1900 491 2049 540 sunt.

622 576 891 633 (laterum
918 590 1042 631 cum
1073 575 1189 632 haec
1223 577 1452 634 dixisset
1478 577 1669 648 Maria,
1704 584 1759 634 et
1785 579 1933 635 circa
1966 591 2124 633 scru-
2152 575 2200 634 Α

552 668 812 724 tationem
867 671 1115 739 corporis
1162 671 1399 726 sollicita
1432 671 1683 736 haereret,
1729 685 1794 726 ac
1816 670 1928 740 jam
1962 664 2129 726 etiam

555 758 726 828 magis
755 773 1019 815 conversa
1061 771 1207 818 esset
1238 770 1298 817 ut
1341 763 1533 828 abiret,
1592 763 1729 819 satis
1774 764 2020 819 territam
2073 770 2131 818 et

551 844 919 905 exanimatam
957 854 1309 923 conspicatus
1345 855 1414 919 is,
1453 854 1546 925 qui
1576 862 1828 925 penetrat
1855 869 2028 925 usque
2060 853 2130 911 ad

552 938 875 994 divisionem
913 943 1110 998 animae
1160 955 1326 1016 atque
1371 947 1617 1017 spiritus,
1658 955 1873 1002 artuum
1911 950 2131 1017 quoque

551 1046 617 1086 ac
641 1033 999 1090 medullarum
1024 1037 1088 1102 ",
1125 1039 1216 1107 qui
1246 1038 1498 1108 judicare
1521 1054 1737 1109 quoque
1761 1040 1866 1094 scit
1890 1040 1959 1094 de
1980 1039 2131 1110 cogi-

555 1122 853 1179 tationibus
900 1125 1084 1181 cordis
1131 1142 1196 1182 ac
1249 1130 1448 1184 mentis
1496 1129 1904 1201 agitationibus,
1967 1131 2128 1185 unica

550 1228 687 1270 voce
739 1214 1176 1274 incredulitatem
1239 1220 1465 1285 exemit,
1536 1223 1826 1291 visumque
1883 1223 2128 1279 mulieris

551 1304 699 1360 acuit
747 1304 812 1360 ad
851 1307 1206 1377 agnitionem,
1257 1324 1381 1364 cum
1431 1309 1663 1366 dixisset
1712 1311 1887 1366 solum
1919 1318 1979 1365 ut
2012 1312 2128 1381 ipse

552 1396 785 1462 sciebat,
813 1412 938 1451 cum
972 1399 1353 1471 redargutione
1381 1408 1436 1456 et
1471 1409 1621 1456 motu
1651 1401 1719 1456 ad
1748 1402 2125 1468 reverentiam,

554 1484 753 1541 Maria.
782 1488 960 1559 Atque
1006 1490 1094 1544 illa
1141 1490 1413 1561 extempl’o
1451 1508 1737 1559 conversa,
1772 1501 1827 1547 et
1863 1493 2124 1559 Raboum',

551 1579 698 1647 quod
756 1580 956 1633 dicitur
996 1583 1259 1651 magister,
1295 1598 1417 1637 eum
1453 1584 1781 1654 appellabat,
1824 1590 1877 1636 et
1916 1584 2128 1639 divinos

551 1669 674 1725 illus
724 1670 887 1739 pedes
933 1674 1237 1726 conabatur
1288 1674 1733 1744 apprehendere:
1784 1682 1838 1730 et
1895 1675 2126 1739 audivit,

553 1760 638 1815 Ne
693 1778 773 1816 me
820 1772 1028 1834 tangas.
1083 1766 1334 1820 Nondum
1375 1767 1513 1821 enim
1554 1750 1770 1821 arcendi
1810 1768 1879 1821 ad
1910 1768 2127 1823 Patrem

552 1867 763 1906 meum:
815 1852 939 1918 hoc,
998 1854 1196 1923 inquit,
1239 1856 1443 1909 donum
1490 1856 1603 1923 jam
1633 1868 1953 1923 consecuta,
2008 1874 2129 1928 quae

552 1959 660 1998 una
690 1959 813 1998 cum
847 1945 1016 1998 altera
1050 1944 1219 1999 Maria
1259 1953 1313 2001 et
1340 1949 1695 2002 contrectasti
1730 1966 1814 2005 me
1843 1957 1896 2004 et
1930 1950 2125 2004 adora-

548 2036 697 2102 visti,
733 2036 1006 2107 pedesque
1027 2038 1270 2100 tenuisti,
1296 2039 1671 2108 contempsisti
1701 2040 1836 2096 adeo
1881 2049 1938 2094 ut
1959 2042 2121 2096 etiam

547 2141 657 2182 non
706 2127 1028 2193 credideris,
1075 2144 1140 2183 ac
1179 2128 1314 2183 nihil
1344 2143 1600 2200 magnum
1629 2130 1695 2185 de
1726 2147 1810 2186 me
1844 2131 1896 2186 in
1940 2133 2124 2186 animo

545 2222 868 2291 concepisti,
891 2223 986 2277 sed
1017 2223 1194 2277 adhuc
1211 2224 1358 2279 circa
1382 2236 1796 2280 monumentum
1823 2227 2122 2296 quaerebas,

546 2310 641 2381 qui
688 2310 954 2366 divinitus
1002 2328 1167 2382 supra
1204 2314 1346 2383 apud
1382 2314 1598 2372 Patrem
1637 2330 1809 2370 eram.
1847 2316 1925 2371 Ac
1978 2331 2125 2370 nunc

546 2415 617 2455 ne
671 2416 756 2456 me
809 2401 1066 2471 attingas.
1120 2405 1168 2459 si
1215 2406 1405 2461 eadem
1461 2405 1661 2462 mentis
1714 2407 2009 2477 agitatione
2057 2406 2124 2461 ad

545 2490 762 2549 Patrem
810 2497 1186 2554 ascensionem
1217 2498 1411 2555 deesse
1442 2499 1570 2553 mihi
1613 2499 1918 2555 existimas.
1975 2498 2126 2554 Non-

544 2584 670 2639 dum
700 2588 860 2648 enim.
891 2595 951 2641 ut
985 2598 1047 2643 tu
1079 2588 1307 2659 cogitas,
1344 2590 1558 2645 ascendi
1581 2590 1650 2644 ad
1686 2589 1893 2645 Patrem
1917 2608 2124 2657 meum;

546 2678 637 2732 sed
686 2678 815 2732 vade
845 2679 915 2733 ad
962 2680 1157 2750 fratres
1191 2698 1353 2748 meos,
1404 2691 1454 2737 et
1487 2682 1572 2736 dic
1610 2683 1686 2737 eis
1710 2698 1729 2737 :
1763 2683 2003 2738 Ascendo
2055 2683 2124 2737 ad

551 2768 767 2825 Patrem
795 2788 986 2835 meum,
1022 2781 1074 2827 et
1115 2772 1333 2829 Patrem
1364 2786 1615 2840 vestrum,
1651 2784 1702 2829 et
1733 2774 1899 2829 Deum
1930 2792 2123 2838 meum,

547 2877 612 2914 ac
661 2859 828 2914 Deum
888 2873 1136 2917 uestrum.
1202 2862 1497 2932 Quoniam,
1559 2866 1759 2935 inquit,
1821 2866 2123 2922 secundum

547 2964 768 3005 carnem
805 2951 1199 3020 primogenitus
1240 2951 1314 3005 fui
1358 2953 1498 3007 inter
1528 2956 1729 3010 multos
1765 2956 1982 3019 fratres,
2016 2971 2122 3009 non

547 3042 682 3096 mibi
714 3058 882 3106 nunc,
914 3042 1008 3099 sed
1037 3044 1191 3100 vobis
1218 3043 1499 3109 fratribus,
1540 3047 1900 3115 corporaliter
1927 3062 2123 3102 ascen-

546 3133 673 3188 dam
706 3134 774 3188 ad
805 3131 1021 3188 Patrem
1053 3151 1255 3195 meum.
1281 3144 1335 3190 et
1360 3135 1573 3190 Patrem
1598 3145 1858 3202 vestrum,
1883 3145 1938 3191 et
1954 3136 2122 3193 Deum

547 3242 753 3291 meum,
813 3242 878 3282 ac
916 3227 1086 3282 Deum
1135 3235 1403 3283 vestrum.
1444 3227 1561 3284 Nisi
1600 3229 1745 3283 enim
1779 3228 1919 3284 Deus
1969 3245 2124 3284 meus
2152 3269 2194 3325 Ο

548 3317 853 3388 appellatus
875 3325 1043 3385 esset,
1071 3333 1196 3373 cum
1227 3319 1591 3377 innocentiam
1619 3319 1871 3373 humana:
1892 3328 2123 3385 naturae,

548 3417 840 3481 propterea
868 3411 1033 3481 quod,
1068 3411 1214 3465 sicut
1265 3411 1318 3465 in
1364 3411 1634 3481 principio
1663 3414 1901 3481 generis,
1934 3426 2128 3479 pecca-

549 3511 665 3560 tum
694 3503 1033 3573 ignorabam,
1061 3504 1116 3558 in
1146 3520 1232 3560 me
1260 3505 1395 3559 vidit
1421 3521 1434 3556 :
1465 3512 1645 3559 vester
1670 3503 1831 3559 Pater
1860 3505 1940 3560 vel
1966 3504 2125 3565 Deus,

548 3601 738 3666 utpote
780 3611 972 3651 eorum
1001 3597 1093 3667 qui
1130 3597 1198 3651 ab
1230 3611 1297 3652 eo
1341 3596 1634 3651 abalienati
1671 3597 1859 3660 eratis,
1893 3595 2130 3665 appella-

549 3694 640 3743 tus
685 3701 796 3741 non
844 3695 1005 3741 esset.
1052 3685 1396 3757 Quapropter
1436 3687 1599 3741 etiam
1650 3684 1856 3740 Paulus
1888 3684 2128 3740 Hebraeis

549 3779 801 3837 scribens
845 3779 1103 3834 dicebat:
1158 3777 1284 3833 Non
1327 3779 1466 3832 enim
1509 3779 1562 3831 in
1604 3778 1915 3846 manufacta
1941 3788 2128 3831 sancta

548 3871 786 3926 introivit
816 3869 1083 3934 Christus,
1132 3869 1202 3921 ad
1239 3867 1643 3922 similitudinem
1671 3869 1818 3936 facta
1846 3885 2085 3923 verorum
2108 3883 2127 3922 :

549 3958 640 4013 sed
670 3960 724 4011 in
760 3959 930 4025 ipsum
960 3959 1171 4023 cretum,
1210 3965 1268 4010 ut
1297 3967 1549 4026 appareat
1581 3974 1719 4010 nunc
1764 3959 1819 4011 in
1852 3971 2129 4026 conspectu

553 4048 654 4102 Dei
681 4063 777 4115 pro
817 4050 965 4102 nobis
991 4050 1055 4103 ¹⁶.
1102 4047 1265 4103 Venit
1308 4049 1473 4118 igitur
1507 4047 1823 4119 Magdalena
1858 4048 2045 4112 Maria,
2078 4058 2131 4104 et

553 4138 846 4193 annuntiat
871 4139 1179 4210 discipulis,
1232 4140 1376 4212 quod
1429 4141 1657 4197 vidisset
1710 4140 1994 4196 Dominum
2037 4142 2130 4211 qui

555 4230 673 4285 haec
717 4230 947 4285 dixisset
996 4232 1121 4287 sibi.
1150 4231 1286 4287 Cum
1339 4235 1578 4289 venisset
1606 4241 1808 4296 autem.
1872 4243 2035 4303 atque
2065 4248 2129 4288 ea

555 4321 958 4387 annuntiasset,
1015 4307 1211 4379 rursus
1268 4324 1477 4380 invenit
1526 4325 1754 4378 Mariam
1810 4323 2021 4390 Jacobi,
2077 4332 2132 4380 et

552 4412 847 4477 Joannam.
878 4423 931 4470 et
959 4414 1097 4471 alias
1127 4416 1421 4472 nonnullas
1442 4431 1567 4471 cum
1600 4416 1757 4485 ipsis,
1789 4432 1914 4471 cum
1964 4430 2133 4486 appa-

554 4514 679 4562 ratu
711 4514 1016 4560 aromatum
1043 4513 1097 4561 et
1120 4513 1524 4577 unguentorum
1555 4507 1623 4562 ad
1656 4507 1967 4577 sepulcrum
2001 4522 2131 4577 pro-

2309 570 2470 625 Ἀλλὰ
2499 569 2672 624 ταῦτα
2707 570 2807 641 τῆς
2839 568 3059 639 Μαρίας
3090 566 3375 640 εἰπούσης,
3398 565 3495 622 καὶ
3528 567 3659 638 περὶ
3706 567 3808 640 τὴν

2229 662 2456 735 ἔρευναν
2488 659 2831 731 ἐπτοημένης
2870 658 2965 711 τοῦ
3011 657 3281 728 σώματος,
3317 657 3409 711 καὶ
3441 656 3640 728 μᾶλλον
3687 657 3802 711 ἐπι-

2230 752 2595 824 στραφείσης,
2646 752 2788 805 ὥστε
2850 751 2943 805 καὶ
2994 749 3344 821 πορευθῆναι,
3392 748 3809 820 βασανισθεῖσαν

2231 846 2429 910 ίκανῶς
2458 843 2792 916 θεασάμενος
2811 842 2839 895 ὁ
2864 841 3231 912 διικνούμενος
3259 841 3389 913 ἀχρι
3421 840 3687 912 μερισμοῦ
3705 842 3810 912 ψυ-

2228 937 2329 1009 χῆς
2354 936 2449 990 καὶ
2478 934 2808 1005 πνεύματος,
2841 931 3034 1003 ἁρμῶν
3062 950 3122 985 τε
3148 932 3244 987 καὶ
3273 931 3505 1003 μυελῶν,
3543 933 3638 986 καὶ
3685 948 3810 1004 κρι-

2227 1027 2376 1091 τικὸς
2420 1026 2768 1097 ἐνθυμήσεων
2818 1023 2913 1078 καὶ
2946 1022 3164 1078 ἐννοιῶν
3208 1022 3432 1093 καρδίας
3457 1039 3471 1052 ’
3517 1024 3666 1093 φωνῇ
3708 1023 3810 1093 μιᾷ

2227 1119 2326 1188 τὴν
2355 1117 2611 1171 ἀπιστίαν
2639 1114 2882 1185 ἐξέκοψε,
2927 1114 3021 1168 καὶ
3061 1112 3123 1167 τὸ
3163 1112 3380 1184 βλέμμα
3419 1112 3521 1182 τῆς
3552 1113 3807 1180 γυναικὸς

2228 1209 2396 1276 ῶξυνε
2430 1208 2565 1279 πρὸς
2593 1208 2905 1276 ἐπίγνωσιν,
2936 1205 3104 1259 εἰπὼν
3135 1205 3399 1275 μόνον,ὡς
3430 1205 3591 1268 αὐτὸς
3619 1206 3809 1272 ἐγίνω-

2230 1316 2323 1353 σκε
2349 1337 2364 1361 ,
2405 1297 2773 1368 ἐντροπικῶς’
2821 1295 3076 1367 Μαριάμ.
3135 1297 3245 1350 Ka't
3299 1296 3640 1366 παραχρῆμα
3683 1297 3805 1349 ἐπιο

2230 1390 2550 1459 στραφεῖσα,
2581 1388 2691 1454 καὶ,
2710 1387 3005 1450 Ῥαϐουγὶ,
3024 1385 3492 1457 προσηγόρευσεν,
3516 1385 3546 1438 δ
3565 1385 3804 1453 λέγεται,

2227 1477 2596 1541 Διδάσκαλε,
2642 1476 2735 1529 καὶ
2782 1474 2890 1528 τῶν
2925 1474 3084 1528 θείων
3134 1473 3313 1528 ποδῶν
3367 1474 3590 1527 ἐκείνων
3622 1474 3807 1544 ἐζήτει

2226 1567 2507 1631 λαϐέσθαι,
2544 1566 2638 1620 καὶ
2674 1566 2895 1637 ’ἢκουσε⁸
2936 1564 3030 1633 Μή
3071 1581 3191 1634 μου
3228 1563 3441 1618 ἅπτου.
3484 1563 3656 1617 Οὔπω
3696 1564 3807 1632 γὰρ

2227 1662 2565 1730 ἀναϐέϐηκα
2592 1663 2736 1731 πρὸς
2772 1661 2880 1716 τὸν
2906 1661 3137 1729 Πατέρα
3164 1679 3304 1731 μου.
3352 1660 3588 1731 Ταύτης,
3619 1662 3804 1731 φησὶν,

2228 1753 2328 1824 ἤδη
2358 1753 2457 1825 τῆς
2504 1753 2686 1823 φωνῆς
2714 1751 2951 1824 τυχοῦσα
2997 1752 3098 1822 τῆς
3148 1752 3376 1822 δωρεᾶς,
3432 1752 3524 1805 καὶ
3557 1750 3805 1823 ἁψαμένη

2233 1863 2330 1917 μου
2364 1845 2503 1916 μετά
2526 1847 2624 1917 τῆς
2652 1846 2815 1916 ἄλλης
2847 1845 3087 1917 Μαρίας,
3115 1845 3210 1898 καὶ
3243 1845 3693 1916 προσκυνήσασα,
3713 1844 3808 1897 καὶ

2160 1929 2199 1983 Β
2228 1938 2353 2000 τοὺς
2382 1936 2545 1999 πόδας
2590 1937 2910 2006 κρατήσασα
2944 1935 3387 2006 κατηφρόνησας,
3433 1935 3509 1998 ῶς
3554 1933 3651 1988 καὶ
3679 1935 3809 1988 ἀπι-

2228 2028 2444 2097 στῆσαι,
2499 2028 2592 2080 καὶ
2634 2026 2786 2080 οὐδὲν
2819 2026 2962 2097 μέγα
2998 2025 3277 2098 διενοήθης
3310 2025 3439 2097 περὶ
3484 2023 3640 2095 ἐμοῦ,
3692 2024 3809 2078 ἀλλ’

2227 2118 2305 2171 ἔτι
2340 2119 2467 2192 περὶ
2493 2120 2553 2174 τὸ
2584 2123 2770 2191 μνῆμα
2809 2120 3018 2190 ἐζήτεις
3044 2110 3140 2172 ’τὸν
3179 2118 3383 2174 ἀνωθεν
3434 2116 3630 2181 θεῖκῶς
3672 2116 3810 2187 πρὸς

2224 2210 2314 2262 τδν
2344 2210 2562 2281 Πατέρα
2596 2210 2926 2281 ὑπάρχοντα.
2966 2208 3075 2263 Καὶ
3124 2206 3219 2260 νῦν
3267 2208 3343 2279 μή
3393 2223 3494 2278 μου
3528 2205 3724 2266 ἅπτου.
3756 2207 3807 2259 εί

2230 2304 2366 2374 μετά
2390 2303 2487 2374 τῆς
2515 2304 2685 2374 αὐτῆς
2732 2302 2965 2363 διανοίας
3002 2300 3062 2354 τὸ
3091 2300 3226 2368 πρὸς
3270 2298 3362 2353 τὸν
3410 2299 3634 2370 Πατέρα
3676 2298 3810 2351 ἀνα-

2227 2394 2385 2465 ϐῆναι
2413 2393 2650 2463 νομίζεις
2688 2392 2952 2445 ἐλλείπειν
2987 2408 3094 2461 μοι.
3133 2389 3306 2444 Οὔπω
3335 2390 3443 2458 γὰρ
3470 2388 3808 2453 ἀναϐέϐηκα

2226 2483 2366 2538 κατά
2412 2482 2471 2537 σέ
2521 2483 2671 2551 πρὸς
2707 2482 2812 2535 τὸν
2852 2481 3084 2550 Πατέρα
3121 2498 3242 2550 μου
3272 2495 3285 2509 °
3344 2476 3512 2546 πλὴν
3548 2479 3807 2548 πορεύου

2226 2577 2375 2643 πρὸς
2409 2575 2550 2640 τοὺς
2586 2568 2887 2642 ἀδελφούς
2901 2590 3043 2641 μου,
3077 2570 3173 2624 καὶ
3203 2567 3332 2624 ειπὲ
3370 2568 3575 2637 αὐτοῖς
3597 2585 3610 2598 ·
3651 2570 3808 2623 Ἁνα-

2229 2669 2407 2722 6αΙνω
2429 2667 2580 2736 πρὸς
2599 2667 2705 2720 τὸν
2724 2665 2955 2734 Πατέρα
2966 2682 3105 2734 μου,
3131 2664 3228 2717 καὶ
3251 2663 3478 2732 Πατέρα
3500 2663 3686 2734 ὑμῶν,
3708 2662 3809 2717 καὶ

2230 2758 2378 2812 Θεόν
2411 2775 2552 2827 μου,
2584 2757 2681 2810 καὶ
2716 2754 2864 2809 Θεὸν
2892 2753 3098 2824 ὑμῶνυ
3142 2753 3359 2825 Ἐπειδὴ
3387 2752 3609 2821 γέγονα,
3654 2751 3807 2822 φησι,

2228 2847 2369 2902 κατὰ
2416 2848 2593 2918 σάρκα
2627 2847 2966 2917 πρωτότοκος
3015 2846 3073 2899 ἐν
3118 2844 3330 2908 πολλοῖς
3373 2844 3657 2913 ἀδελφοῖς,
3707 2842 3806 2896 οὐκ

2227 2939 2447 3011 ἐμαυτῷ
2492 2940 2607 3004 νῦν,
2656 2939 2769 2993 ἁλλ’
2822 2939 2950 3009 ὑμῖν
2995 2939 3107 3001 τοῖς
3152 2936 3432 3006 ἀδελφοῖς,
3482 2934 3809 3007 σωματικῶς

2227 3033 2570 3104 ἀναΰήσομαι
2598 3032 2731 3102 πρὸς
2750 3031 2838 3084 τὸν
2869 3029 3087 3100 Πατέρα
3118 3047 3242 3102 μου,
3272 3026 3366 3081 καὶ
3394 3028 3614 3099 Πατέρα
3634 3025 3805 3097 ὑμῶν,

2228 3125 2319 3178 καὶ
2351 3124 2482 3177 Θεόν
2513 3141 2637 3194 μου.
2669 3126 2763 3177 καὶ
2787 3123 2917 3177 Θεὸν
2946 3122 3119 3194 ὑμῶν.
3168 3122 3232 3175 Et
3264 3121 3340 3192 μὴ
3372 3120 3479 3191 γὰρ
3509 3119 3644 3191 ἐμοῦ
3674 3119 3805 3183 Θεὸς

2228 3217 2619 3288 ἐχρημάτισας,
2664 3217 2722 3269 ἐν
2755 3215 2878 3285 ἐμοὶ
2923 3214 2986 3269 τὸ
3038 3214 3266 3285 ἄμωμον
3309 3212 3408 3282 τῆς
3452 3209 3800 3283 ἀνθρωπίνης

2228 3308 2439 3376 φύσεως
2476 3307 2561 3361 διὰ
2591 3307 2652 3360 τὸ
2677 3308 2888 3376 ἀγνοεῖν
2918 3306 3190 3377 ἁμαρτίαν
3212 3346 3227 3370 ,
3277 3304 3353 3369 ὡς
3383 3303 3441 3358 ἐν
3470 3303 3692 3376 ἀπαρχῇ
3718 3300 3806 3357 τοῦ

2227 3402 2416 3471 γένους
2446 3400 2591 3465 ἰδὼν,
2618 3402 2718 3455 οὐκ
2745 3401 2809 3453 ἂν
2840 3400 2868 3452 ὑ
2877 3399 2992 3470 μῶν
3020 3397 3222 3469 ἐκλήθη
3253 3398 3459 3468 Πατὴρ,
3487 3397 3521 3467 ἢ
3553 3396 3685 3460 Θεὸς
3705 3394 3809 3448 τῶν

2228 3492 2750 3563 ἀπηλλοτριωμένων
2783 3489 2968 3543 αὐτοῦ.
3015 3488 3107 3542 Διὸ
3151 3490 3246 3543 καὶ
3274 3486 3488 3551 Παῦλος
3536 3486 3808 3558 Ἑϐραίοις

2228 3582 2557 3636 ἐπιστέλλων
2581 3582 2784 3651 ἐλεγενο
2814 3580 2898 3636 Οὐ
2922 3581 3031 3651 γὰρ
3051 3580 3431 3650 χειροποίητα
3456 3578 3593 3648 ἅγια
3617 3575 3810 3645 εἰσῆλ-

2228 3674 2332 3726 θεν
2362 3674 2394 3725 ὀ
2426 3670 2677 3738 Χριστὸς
2704 3670 3000 3723 ἀντίτυπα
3041 3669 3161 3722 τῶν
3192 3665 3514 3735 ἀληθινῶν,
3562 3667 3701 3722 ἀλλ’
3729 3668 3810 3731 εἰς

2227 3758 2413 3813 αὐτὸν
2426 3758 2531 3811 τὸν
2541 3757 2918 3826 οὐρανὸν-νῦν
2927 3755 3415 3829 ἑ[ιι]φανισθῆναι
3428 3753 3508 3819 τῷ
3519 3753 3811 3822 προσώπῳ

2231 3845 2377 3901 Θεοῦ
2400 3844 2547 3913 ὑπὲρ
2572 3845 2760 3913 ἡμῶν.
2788 3844 3046 3914 Ἔρχεται
3077 3841 3169 3897 οὖν
3198 3845 3230 3916 ἡ
3261 3842 3594 3912 Μαγδαληνὴ
3627 3841 3809 3911 Μαρία

2229 3932 2645 4000 ἀπαγγέλλουσα
2667 3934 2778 3995 τοῖς
2808 3932 3093 4003 μαθηταῖς,
3118 3931 3197 3985 ὃτι
3219 3930 3431 4002 ἑώρακε
3452 3929 3544 3982 τὸν
3583 3928 3805 4000 Κύριον,

2230 4021 2325 4075 καὶ
2356 4023 2528 4073 ταῦτα
2555 4017 2705 4072 εἶπεν
2732 4021 2888 4091 αὐτῇ.
2924 4018 3348 4089 Παραγενομένη
3395 4017 3452 4071 δέ
3494 4018 3589 4070 καὶ
3633 4018 3808 4085 ἀπαγ-

2230 4109 2477 4178 γείλασα,
2527 4107 2687 4161 πάλιν
2721 4107 2964 4179 εὑρίσκει
2996 4105 3212 4177 Μαρίαν
3244 4102 3341 4175 τὴν
3383 4103 3642 4158 Ἰακώϐου
3667 4145 3682 4170 ,
3721 4105 3811 4157 καὶ

2244 4197 2493 4249 Ἰωάνναν
2516 4236 2530 4258 ,
2583 4196 2677 4249 καὶ
2709 4195 2872 4257 ἄλλας
2904 4194 3001 4248 σὺν
3035 4195 3226 4258 αὑταῖς
3276 4193 3414 4263 μετά
3461 4191 3810 4263 παρασκευῆς

2232 4281 2540 4352 ἀρωμάτων
2574 4281 2668 4333 καὶ
2704 4280 2889 4351 μύρων
2936 4280 3072 4350 πρὸς
3102 4279 3192 4332 τὸν
3234 4279 3405 4348 τάφον
3432 4280 3808 4350 ἐπειγομένας,

2230 4368 2324 4422 τοῦ
2350 4370 2572 4432 σκότους
2597 4369 3071 4440 ὑποχωρήσαντος,
3101 4368 3195 4422 καὶ
3221 4366 3419 4439 ὄρθρου
3456 4366 3645 4437 βαθέος
3667 4368 3811 4431 ὃντος

2234 4458 2552 4524 (τουτέστιν,
2589 4456 2853 4529 ἀκριϐῶς,
2903 4456 2999 4510 καὶ
3048 4456 3173 4526 ἄρτι
3212 4457 3427 4526 πρῶτον
3464 4455 3809 4527 ἀρξαμένου).

2236 4546 2416 4610 καθώς
2444 4563 2607 4615 φησιν
2653 4547 2681 4599 ὁ
2725 4547 2957 4609 Λουκᾶς,
3009 4546 3105 4598 καὶ
3150 4545 3460 4615 ἀναμίξασα
3492 4545 3692 4614 ἐαυτὴν
3721 4545 3813 4596 σὺν

554 4599 898 4669 perantes",
938 4597 1210 4654 discussis
1262 4599 1524 4666 tenebris,
1569 4614 1634 4656 ac
1673 4599 1944 4670 profundo
1985 4600 2130 4656 dilu-

561 4685 676 4707 με,
717 4686 845 4707 ,.__
902 4694 983 4707 η,
1235 4705 1286 4707 __
1337 4704 1453 4707 mw
1528 4697 1564 4707 μ,
1850 4691 1861 4702 .
2051 4692 2062 4703 .

2237 4597 2789 4704 αῦταῖς,δέἶιτορεῦετο,
2918 4597 2994 4688 ’τὸ
3017 4634 3221 4707 θερμὸν
3247 4597 3350 4688 τοῦ
3374 4633 3543 4688 πόθου
3568 4597 3666 4687 τοῦ
3691 4633 3814 4704 περὶ

554 4685 682 4741 culo
715 4686 850 4757 (hoc
894 4694 998 4747 est.
1044 4689 1197 4759 justo
1230 4705 1294 4745 ac
1337 4704 1486 4756 vero,
1516 4697 1571 4745 et
1603 4707 1748 4746 nunc
1782 4691 2014 4761 primum
2049 4692 2124 4745 in-

556 4777 844 4849 cipiente),
880 4786 938 4831 ut
985 4780 1161 4850 inquit
1196 4779 1369 4836 Lucas
1395 4781 1460 4847 η,
1495 4787 1552 4837 et
1596 4781 1900 4852 adiungens
1932 4798 1993 4838 se
2024 4798 2134 4836 una

555 4885 682 4924 cum
713 4870 794 4924 eis
826 4871 956 4936 ibat,
988 4886 1051 4925 ac
1085 4881 1306 4942 propter
1330 4873 1529 4929 ardens
1555 4888 1683 4943 erga
1714 4872 1898 4928 Jesum
1923 4872 2136 4928 desidec

557 4961 702 5030 rium
728 4961 839 5017 dux
877 4978 1068 5018 earum
1093 4963 1401 5031 videbatur,
1446 4980 1510 5019 ac
1540 4973 1762 5035 propter
1798 4965 1939 5018 hanc
1975 4964 2136 5019 clari-

559 5062 748 5114 tatem.
777 5069 938 5123 quam
958 5070 1022 5109 ex
1061 5053 1207 5109 facto
1238 5055 1431 5125 adepta
1463 5064 1567 5119 est,
1603 5058 1777 5126 prima
1802 5057 1946 5127 apud
1973 5072 2135 5111 evan-

559 5146 783 5218 gelistas
816 5154 1155 5202 numeratur.
1187 5147 1454 5216 Cupiebat
1492 5147 1636 5202 enim
1678 5148 1838 5202 etiam
1876 5148 1984 5203 illis
2021 5164 2131 5203 non

559 5253 626 5300 ex
655 5238 743 5302 iis,
783 5254 905 5307 quae
932 5238 1001 5293 ab
1040 5254 1163 5294 sese
1195 5249 1248 5295 et
1278 5239 1348 5294 ab
1379 5240 1548 5293 altera
1577 5238 1745 5294 Maria
1774 5240 2131 5308 audivissent,

562 5326 660 5381 sed
714 5341 781 5382 ex
841 5327 1160 5398 illis,ipsis,
1215 5344 1337 5398 quae
1369 5330 1650 5395 vidissent,
1682 5332 1766 5386 vel
1815 5333 2130 5402 angelorum

563 5419 853 5487 praesentia
890 5419 1046 5474 ﬁdem
1086 5419 1199 5475 ﬁeri
1248 5422 1706 5479 resurrectionis:
1758 5430 1813 5478 et
1853 5431 1972 5478 erat
2009 5438 2134 5478 cum

561 5507 646 5565 eis
697 5508 994 5580 prudenter
1025 5526 1091 5566 ac
1126 5510 1307 5567 dedita
1329 5527 1495 5583 opera
1534 5521 1742 5579 tacens,
1781 5514 2024 5583 nihilque
2052 5513 2136 5568 di-

2233 4724 2327 4778 τδν
2378 4723 2607 4793 Ἰησοῦν,
2634 4721 2885 4793 ἐξάρχειν
2936 4721 3116 4777 αὐτῶν
3158 4721 3391 4777 δοκοῦσα
3417 4760 3432 4787 ,
3477 4721 3576 4775 καὶ
3624 4721 3813 4791 πρώτη

2236 4811 2389 4883 παρὰ
2430 4813 2544 4874 τοῖς
2583 4810 2996 4879 εὐαγγελισταῖς
3024 4809 3440 4881 ἀριθμουμένη,
3490 4807 3578 4862 διὰ
3625 4808 3689 4862 τὸ
3731 4811 3815 4861 ἐν·-

2234 4898 2426 4951 τεῦθεν
2456 4897 2745 4968 ἐπίσημον.
2791 4897 3084 4968 Ἐπεθύμει
3133 4899 3242 4967 γὰρ
3271 4897 3367 4951 καὶ
3405 4895 3599 4959 αὑτὰς.
3628 4895 3733 4949 οὐκ
3758 4892 3816 4956 ἐξ

2237 4981 2312 5041 ὧν
2346 4985 2477 5056 παρ’
2522 4985 2692 5053 αὐτῆς
2720 4985 2818 5038 καὶ
2848 4985 2949 5056 τῆς
2994 4985 3161 5055 ἄλλης
3204 4983 3424 5056 Μαρίας
3456 4982 3678 5054 ήκουον,
3704 4981 3813 5035 ἀλλ’

2237 5075 2297 5140 ἐξ
2327 5075 2497 5145 αὐτῆς
2517 5077 2619 5143 τῆς
2642 5073 2811 5139 θείας,
2847 5073 2881 5145 ἢ
2909 5074 3156 5144 ἀγγέλων
3188 5071 3511 5136 ἐπιστασίας
3538 5070 3815 5141 πιστωθῆ-

2236 5180 2324 5217 ναι
2352 5163 2487 5233 πρὸς
2520 5161 2617 5233 τὴν
2644 5163 2936 5216 ἀνάστασιν
2959 5178 2972 5191 ·
3019 5160 3116 5216 καὶ
3149 5160 3316 5232 συνῆν
3349 5161 3542 5224 αὑταῖς
3582 5158 3816 5221 συνετῶς

2239 5250 2524 5314 σιωπῶσα,
2568 5250 2663 5304 καὶ
2694 5250 2860 5321 μηδὲν
2888 5249 3124 5318 λέγουσα
3149 5246 3658 5319 διαπορευομέναις,
3684 5245 3815 5303 ἀλλὰ

2237 5339 2335 5408 τὴν
2381 5337 2491 5392 τῶν
2540 5339 2881 5408 πραγμὼτων
2923 5338 3266 5408 ἀναμένουσα
3315 5337 3556 5408 Μαρίαν,
3603 5336 3699 5390 καὶ
3730 5351 3813 5387 πι-

2242 5425 2504 5478 στεύουσα
2533 5426 2627 5479 καὶ
2655 5425 2849 5488 αὐταῖς
2875 5425 3059 5488 αὐτοῖς
3087 5422 3331 5494 ὄμμασιν
3366 5422 3503 5476 ίδίαν
3531 5423 3655 5476 τινὰ
3685 5420 3813 5489 πλη·

2244 5513 2499 5583 ροφορίαν
2520 5511 2862 5584 δοθήσεσθαι.
2890 5512 3001 5566 Kal.
3023 5510 3087 5583 δὴ
3111 5510 3200 5565 τὸν
3223 5509 3370 5564 λίθον
3391 5504 3813 5579 ἀποκεκυλισμέ-

639 5682 683 5717 ⁸⁶
715 5681 878 5739 llebr.
912 5699 983 5749 tv,
1012 5685 1096 5740 {2.
1176 5688 1219 5719 “
1252 5684 1417 5743 llcbr.
1450 5703 1524 5756 ix,
1565 5686 1652 5743 24.
1734 5688 1774 5721 ⁸⁷
1806 5685 1939 5743 Luc.
1975 5703 2124 5754 xxiv,

2229 5693 2407 5759 DSqq.;
2441 5686 2606 5742 Marc.
2636 5703 2743 5753 3m,
2791 5687 2809 5741 Ι
2846 5703 2964 5759 sqq.
3044 5686 3085 5717 ¹⁸
3110 5683 3241 5740 Luc.
3268 5699 3416 5749 XXIV,
3447 5684 3498 5739 1.
