4084 6158
318 289 417 348 6H

1238 291 1307 348 IN
1330 269 1608 349 CHRISTI
1647 291 2285 354 RESURRECTIONEM
2314 295 2522 354 ORAT.
2555 299 2624 356 ιι.

3471 306 3578 363 542

319 425 411 464 νον
457 396 664 462 ἰδοῦσαι
696 406 792 462 τοῦ
847 408 1149 479 μνήματος,
1197 406 1342 461 ἔνδον
1375 407 1642 476 ἐγένοντο,
1684 408 1780 463 καὶ
1805 409 1890 479 οὗ)

2008 423 2161 476 cens,
2209 426 2334 466 cum
2366 412 2702 470 admirantes
2727 419 2891 486 atque
2921 413 3234 472 dubitantes
3260 430 3380 472 eam
3408 417 3577 475 inter-

318 498 578 568 εὑροῦσαι
604 498 666 552 τὸ
693 498 854 569 σῶμα
880 498 976 552 τοῦ
1014 498 1211 569 Ἰησοῦ,
1238 499 1332 554 καὶ
1358 499 1749 569 ἀπορούμεναι,
1781 498 1890 569 βλέ-

2005 507 2225 571 rogaret
2249 519 2265 568 ;
2294 502 2389 556 sed
2417 505 2771 572 exspectabat
2814 520 2997 560 rerum
3027 515 3297 576 gestarum
3329 506 3577 565 testimo-

316 605 511 642 πουσιν
559 589 886 653 ὲπιστάντας
938 590 1129 654 αὐταῖς
1174 589 1372 661 ἄνδρας
1414 590 1509 644 δύο
1535 592 1656 654 ταῖς
1687 590 1890 654 στολαῖς

2005 589 2181 652 nium,
2213 599 2267 645 et
2287 591 2545 648 credebat
2566 593 2683 648 fore
2708 601 2770 648 ut
2789 597 2953 650 etiam
2988 597 3098 652 illis
3129 597 3405 668 sigillatim
3426 609 3575 656 certa

323 680 820 751 ὲξαστράπτοντας,
855 682 948 734 καὶ
971 682 1168 752 ἤκουον
1191 680 1322 752 παρ’
1347 680 1527 734 αὐτῶν
1550 698 1566 712 σ
1603 682 1663 734 Τί
1682 679 1890 759 ζητεῖτε

2008 679 2148 736 fides
2173 680 2442 751 plenaque
2464 685 2756 752 persuasio
2780 701 2875 755 per
2900 686 3183 741 oculorum
3215 687 3365 743 ﬁeret
3390 687 3573 759 inspeo

315 761 425 824 τὸν
449 769 636 830 ζῶντα
657 771 811 840 μετὰ
836 769 956 824 τῶν
972 769 1238 838 νεκρῶν;
1266 772 1388 824 Οὐκ
1411 771 1582 826 ἐστιν
1597 764 1734 836 ὦδε,
1760 753 1899 825 ἀλλ’

314 860 557 929 ἠγέρθη,
606 862 701 915 καὶ
745 860 812 914 τὰ
854 861 1001 932 ἑξῆς.
1056 861 1168 914 Καὶ
1215 857 1662 931 ὑποστρέψασαι,
1710 860 1898 932 φησιν,

315 952 424 1004 ἀπὸ
472 951 565 1004 τοῦ
602 949 906 1021 μνημείου,
953 950 1291 1022 ἀπήγγειλαν
1339 950 1513 1005 ταῦτα
1559 951 1736 1005 πάντα
1784 954 1898 1016 τοῖς

314 1042 533 1109 ινδεκα,
563 1041 659 1095 καὶ
694 1042 828 1096 πᾶσι
854 1045 965 1105 τοῖς
995 1043 1222 1106 λοιποῖς.

2007 773 2265 827 ctionem.
2292 773 2479 845 Itaque
2502 789 2629 830 cum
2656 777 2888 847 lapidem
2920 792 2949 831 a
2981 786 3334 834 monumento
3363 779 3576 836 revolu-

2006 870 2123 918 tum
2163 863 2449 928 vidissent,
2495 866 2757 938 ingressae
2793 875 2942 933 sunt,
2991 876 3045 924 et
3072 885 3179 923 non
3206 870 3429 925 invento
3455 886 3576 926 cor-

2003 968 2137 1025 pore
2159 953 2309 1022 Jesu,
2352 956 2529 1012 anxiae
2559 966 2724 1029 atque
2759 959 3072 1013 hazsitantes
3100 958 3285 1013 vident
3331 968 3576 1016 astantes

2000 1044 2105 1099 sibi
2126 1045 2275 1101 viros
2304 1046 2445 1103 duos
2474 1048 2631 1104 stolis
2660 1050 2817 1118 quasi
2850 1049 3285 1130 eﬂ‘ulgurantes;
3313 1063 3345 1104 a
3373 1051 3575 1120 quibus

315 1133 643 1189 audiverunt
671 1151 686 1187 :
715 1133 855 1201 Quid
893 1135 1133 1205 queritis
1169 1136 1417 1189 viventem
1452 1151 1571 1188 cum
1614 1134 1840 1191 mortuis
1862 1136 1889 1190 ἵ
1926 1151 2031 1190 non
2058 1146 2135 1190 est
2158 1137 2262 1202 hic,
2295 1138 2386 1194 sed
2410 1141 2639 1194 surrexit
2666 1141 2730 1205 ",
2763 1146 2870 1195 etc.
2936 1138 3003 1193 Et
3048 1154 3300 1206 reversae,
3378 1141 3574 1213 inquit,

317 1230 347 1272 a
388 1231 745 1278 monumento
795 1223 1191 1278 nuntiaverunt
1226 1225 1340 1278 haec
1389 1224 1574 1279 omnia
1633 1226 1887 1280 undecim
1926 1224 2037 1279 illis
2073 1227 2229 1292 viris,
2257 1237 2312 1281 ct
2340 1231 2554 1285 caeteris
2582 1230 2859 1286 omnibus.

400 1312 540 1367 Ἀλλ’
570 1313 647 1376 ὡς
675 1312 877 1383 πλῆθος
906 1313 1056 1377 ὄντες
1076 1351 1092 1377 ,
1144 1313 1343 1384 μᾶλλον
1372 1314 1681 1384 ἠπίστησαν
1712 1315 1807 1369 καὶ
1834 1313 1896 1367 τὸ

314 1402 657 1470 ἀπαγγελθὲν
689 1402 941 1472 έσκωψαν
971 1403 1065 1456 καὶ
1086 1402 1398 1461 διέπτυσαν.
1453 1405 1757 1473 Ἐφάνησαν
1786 1402 1897 1474 γὰρ

314 1494 447 1547 ώσεὶ
484 1493 647 1564 λῆρος
688 1493 758 1549 τά
786 1496 1007 1566 ῥήματα
1035 1495 1233 1561 αὐτῶν,
1266 1494 1362 1549 καὶ
1394 1496 1655 1566 ἠπίστουν
1683 1496 1894 1561 αὐταῖς,

314 1583 455 1638 ὥστε
486 1585 579 1638 τὸν
613 1586 818 1657 Πέτρον
865 1585 1001 1657 πρὸς
1032 1586 1133 1657 τὴν
1166 1584 1387 1640 ἐκείνων
1421 1585 1678 1663 ἀπιστίαγ
1707 1585 1892 1639 διανα-

2076 1313 2185 1370 Sed
2218 1325 2280 1370 ut
2303 1327 2463 1372 erant
2497 1320 2695 1389 vulgus
2724 1327 2779 1374 et
2808 1321 3098 1376 multitudo
3123 1321 3371 1385 confusa,
3400 1321 3576 1394 magis

2003 1403 2071 1457 ad
2101 1405 2541 1463 incredulitatem
2577 1408 2933 1476 deﬂexerunt,
2976 1418 3143 1480 atque
3168 1410 3220 1464 id
3261 1411 3406 1480 quod
3437 1413 3579 1467 rela-

2001 1505 2118 1551 tum
2144 1505 2285 1561 erat,
2321 1500 2739 1566 carillabantur,
2787 1503 3120 1571 respuebant
3163 1510 3218 1556 et
3245 1502 3575 1557 aversaban—

2002 1592 2111 1639 tur.
2142 1584 2482 1642 Videbantur
2531 1589 2678 1642 enim
2727 1589 2895 1645 verba
2933 1606 3121 1645 earum
3169 1591 3328 1661 quasi
3375 1590 3577 1647 delira-

316 1678 549 1741 στάντα,
600 1677 693 1730 καὶ
723 1678 908 1748 ἡρέμα
951 1695 1067 1740 πως
1096 1678 1189 1732 καὶ
1214 1678 1377 1731 αὑτὸν
1406 1677 1771 1749 θορυϐηθέντα
1802 1676 1890 1731 καὶ

1997 1683 2201 1742 menta,
2230 1692 2409 1747 neque
2446 1679 2604 1734 ﬁdem
2648 1680 2759 1736 illis
2786 1680 3076 1743 habebant,
3108 1679 3244 1736 adeo
3283 1689 3343 1735 ut
3378 1679 3576 1736 Petrus

313 1767 660 1833 σαλευθέντα,
712 1769 871 1822 πάλιν
897 1769 992 1823 ἐπὶ
1018 1768 1080 1822 τὸ
1113 1771 1377 1839 μνημεῖον
1402 1768 1628 1840 δραμεῖν
1657 1767 1753 1821 καὶ
1780 1784 1888 1822 πα-

316 1860 575 1932 ρακύψαι,
624 1862 718 1915 καὶ
764 1862 892 1915 ἰδεῖν
918 1860 1079 1916 πάλιν
1111 1862 1181 1916 τά
1223 1861 1407 1915 ὀθόνια
1452 1862 1699 1932 κείμενα,
1747 1861 1891 1932 ἅπερ

312 1948 570 2004 εἰσελθὼν
614 1950 714 2021 ἤδη
762 1951 856 2004 καὶ
904 1949 1239 2022 θεασάμενος
1281 1950 1668 2023 ἀκριϐέστερον
1698 1991 1712 2015 ,
1768 1951 1892 2007 ὅθεν

309 2040 599 2110 ἀρκεσθεὶς
627 2041 709 2111 τῷ
743 2041 1067 2113 παρακύψαι
1097 2043 1278 2113 μόνον,
1314 2042 1407 2097 καὶ
1441 2042 1606 2113 μηδὲν
1647 2041 1770 2097 ίδὼν
1798 2041 1892 2095 ἀλ-

309 2131 605 2203 λοιότερον,
649 2132 860 2203 ἀπῆλθε
903 2133 1198 2205 θαυμάζων
1240 2134 1334 2188 καὶ
1363 2134 1799 2204 ἐκπληττόμενος
1824 2133 1893 2188 τὸ

308 2224 555 2294 γεγονὸς,
582 2225 678 2279 καὶ
703 2225 940 2292 δοξάζων
967 2225 1060 2279 τὸν
1086 2225 1263 2280 ταῦτα
1285 2227 1737 2297 οἰκονομήσαντα.
1781 2228 1892 2283 Καὶ

309 2314 477 2368 πάλιν
532 2316 565 2384 ἡ
626 2315 958 2387 Μαγδαληνὴ
1002 2316 1230 2387 Μαρία,
1283 2315 1535 2389 καθάπερ
1586 2320 1704 2381 ταῖς
1763 2320 1895 2392 περὶ

323 2405 579 2495 Ἰωάννην
624 2405 823 2476 ὄρθρου
869 2405 1059 2477 βαθέος
1104 2407 1473 2477 συνεπορεύθη
1518 2408 1807 2480 φερούσαις
1853 2409 1893 2464 ἃ.

307 2492 454 2559 ἦσαν
498 2492 855 2567 ἑτοιμάσασαι
905 2497 1012 2568 πρὸ
1053 2495 1149 2549 τοῦ
1204 2497 1481 2551 Σαϐϐάτου
1534 2498 1679 2570 μύρα
1709 2517 1769 2553 τε
1797 2501 1892 2554 καὶ

308 2587 582 2659 ἀρώματα
608 2607 623 2622 ’
674 2590 765 2643 τὸν
793 2589 954 2644 αὐτὸν
997 2589 1197 2658 τρόπον
1228 2590 1321 2644 καὶ
1348 2593 1414 2662 τῇ
1448 2590 1717 2665 Σαλώμῃ,
1763 2592 1891 2664 ξένῃ

309 2679 536 2746 γυναικὶ
565 2678 716 2743 παρά
748 2676 846 2741 τὰς
875 2677 1041 2743 ἄλλας
1070 2680 1169 2743 τὰς
1199 2679 1612 2753 ὠνομασμένας,
1650 2681 1892 2753 βραδέως

315 2769 436 2840 μὲν,
467 2769 794 2841 ὠνησαμένη
836 2769 895 2822 δὲ
938 2770 1089 2840 ὅμως
1135 2768 1427 2840 ἀρώματα,
1469 2769 1604 2827 ἀλλὰ
1649 2771 1790 2840 μετὰ
1828 2771 1891 2826 τὸ

309 2859 611 2925 Σάϐϐατον,
640 2861 851 2922 ἀόκνως
886 2859 1023 2928 μετά
1048 2862 1149 2931 τῆς
1175 2860 1344 2931 αὐτῆς
1371 2860 1609 2924 διανοίας
1636 2860 1888 2931 συνέτρε-

309 2970 375 3025 χε
400 2990 415 3018 ,
468 2949 860 3024 παραλαϐοῦσα
907 2951 1001 3006 καὶ
1048 2950 1265 3023 Μαρίαν
1307 2951 1408 3022 τὴν
1463 2951 1716 3007 Ἰακώϐου
1767 2951 1887 3021 μεθ’

310 3021 564 3116 εαυτῆς,
594 3043 734 3098 ὥστε
777 3043 872 3097 καὶ
911 3045 978 3114 τῇ
1011 3021 1282 3114 ἀγορασίᾳ
1317 3021 1426 3096 τῶν
1454 3042 1761 3114 ἀρωμάτων
1794 3059 1885 3096 κε·
1912 3021 1954 3079 C

308 3131 701 3203 κοινωνηκέναι
729 3131 924 3185 δοκεῖν.
957 3131 1371 3201 Κοινωνήσασαι
1399 3131 1505 3201 γὰρ
1535 3132 1634 3201 τῆς
1659 3131 1799 3195 ὁδοῦ,
1828 3132 1889 3185 τὸ

311 3224 421 3279 πᾶν
445 3223 641 3288 κοινῶς
679 3223 987 3292 ἐλογίσαντο
1019 3220 1340 3294 σπούδασμα
1362 3239 1376 3253 ⁸
1422 3222 1532 3278 Καὶ
1568 3223 1714 3278 λίαν
1739 3224 1890 3293 πρωῒ

243 3369 253 3375 ,
305 3313 423 3384 τῆς
452 3312 594 3384 μιᾶς
618 3313 930 3368 Σαϐϐάτων
969 3314 1245 3382 ἔρχονται
1280 3313 1377 3368 ἐπὶ
1407 3313 1476 3367 τὸ
1498 3314 1727 3387 μνῆμα.
1767 3315 1888 3368 Ἔτι

306 3407 423 3467 τοῖς
455 3404 863 3477 ἀκριϐεστέροις
906 3403 1016 3458 τῶν
1048 3404 1399 3474 ἀντιγράφων
1446 3404 1746 3475 ἐμφέρεται
1793 3406 1887 3478 δη·

306 3495 454 3558 λοῦν,
482 3494 558 3557 ὡς
591 3495 724 3565 πρὸς
752 3496 871 3558 ταῖς
903 3494 1005 3565 ἤδη
1035 3495 1452 3564 γεγενημέναις,
1485 3497 1580 3549 καὶ
1612 3495 1750 3567 αὕτη
1774 3495 1886 3550 τῶν

306 3586 581 3656 γυναικῶν
606 3588 641 3656 ἡ
668 3587 759 3638 ἐπὶ
778 3585 839 3638 τὸ
867 3584 1055 3655 μνῆμα
1083 3585 1265 3655 ἄφιξις
1289 3585 1614 3657 γέγονεν.Τὸ
1632 3587 1710 3650 δὲ,
1736 3586 1890 3641 Δία)⁸

306 3678 794 3749 πρωῖ,σαφηνίζων
807 3679 835 3731 ὁ
850 3676 1096 3747 Μάρκος,
1113 3677 1553 3742 Ἀνατείλακτος
1563 3678 1667 3733 τοῦ
1682 3678 1887 3746 ἡλίου,

304 3772 667 3842 προσέθηκεν.
713 3769 823 3824 Καὶ
860 3771 1095 3839 ἔλεγον,
1130 3770 1283 3841 φησι,
1329 3769 1480 3839 πρὸς
1515 3770 1750 3834 ἑαυτάς·
1790 3771 1888 3836 Τίς

304 3860 668 3915 ἀποκυλίσει
707 3858 854 3928 ἡμῖν
893 3859 1002 3913 τὸν
1026 3860 1202 3914 λίθον
1254 3858 1373 3913 ἀπὸ
1411 3857 1525 3928 τῆς
1562 3859 1746 3927 θύρας
1777 3859 1886 3913 τοῦ

300 3950 633 4021 μνημείου;
666 3951 773 4004 Καὶ
804 3948 1222 4018 ἀναϐλέψασαι
1255 3951 1581 4018 θεωροῦσιν
1618 3952 1708 4006 ὅτι
1737 3952 1885 4009 ἀπο-

305 4043 653 4096 κεκύλισται
695 4045 728 4095 ὁ
755 4042 945 4107 λίθος.
973 4036 1085 4095 Ἦν
1119 4042 1230 4110 γὰρ
1251 4041 1440 4112 μέγας
1472 4044 1726 4111 σφόδρα.
1772 4042 1886 4114 Τῆς

305 4135 416 4205 γὰρ
443 4133 710 4203 Σαλώμης
736 4133 958 4194 δικαίως
986 4130 1389 4203 ἀπορουμένης,
1422 4134 1497 4196 ὡς
1529 4134 1590 4187 τὸ
1625 4136 1885 4206 παράπαν

304 4226 386 4300 μὴ
432 4223 847 4294 ὲπιδημησάσης
891 4221 969 4292 τῷ
1011 4221 1200 4292 τάφῳ,
1248 4223 1344 4277 καὶ
1386 4223 1559 4278 ταῦτα
1604 4226 1741 4296 πρὸς
1785 4227 1885 4290 τὰς

303 4314 739 4387 συμϐαδιζούσας
785 4313 1084 4385 λεγούσης,
1138 4314 1341 4368 ἐκεῖναι
1392 4314 1603 4387 σιωπὴν
1654 4316 1884 4385 ἄγουσαι
1912 4347 1963 4408 D

299 4407 447 4464 κατά
487 4407 581 4461 τὸν
620 4405 908 4477 εἰρημένον
939 4405 1198 4477 ἀνωτέρω
1225 4406 1444 4477 τρόπον,
1482 4407 1579 4460 καὶ
1622 4409 1747 4472 τοὺς
1787 4409 1885 4479 ὀφ-

300 4500 546 4570 θαλμοὺς
571 4499 796 4569 ἀρασαι,
831 4497 911 4570 τῷ
940 4498 1214 4570 βλέμματι
1244 4497 1342 4568 τὴν
1375 4498 1665 4568 ἀπόκρισιν
1693 4501 1882 4572 ἐποιήο

304 4608 508 4645 σαντο·
557 4591 654 4645 καὶ
698 4592 809 4664 γὰρ
852 4591 882 4643 ὁ
927 4590 1074 4654 λίθος
1114 4589 1609 4659 ἀτιοκεκυλισμένος
1640 4590 1732 4643 ὑπ’
1759 4589 1882 4659 ὄψιν

300 4680 576 4745 ἐφαίνετο.
606 4678 707 4733 Διά
724 4678 783 4733 δὲ
808 4679 908 4751 τὴν
932 4679 1113 4750 κοινὴν
1137 4678 1231 4732 καὶ
1257 4679 1385 4749 μίαν
1410 4678 1714 4747 ὁδοιπορίαν
1743 4680 1880 4751 πρὸς

299 4771 537 4843 ἀλλήλας
561 4770 729 4833 αύτάς
753 4769 1091 4840 ὴπορηκέναι
1118 4769 1214 4824 καὶ
1240 4769 1525 4840 διειλέχθαι
1547 4769 1875 4843 γέγραπται,

298 4865 368 4934 τῇ
405 4844 635 4934 ἀληθείᾳ
662 4862 763 4932 τῆς
798 4861 1035 4932 ἱστορίας
1077 4863 1175 4916 καίΙ
1197 4863 1262 4933 τῇ
1298 4861 1459 4930 φύσει
1483 4860 1591 4917 τῶν
1620 4863 1878 4933 πραγμά-

300 4970 410 5008 των
436 4952 592 5024 ήμῶν
626 4951 1020 5024 προσεχόντων,
1054 4951 1150 5007 καὶ
1170 4951 1549 5024 διακρινόντων
1573 4952 1717 5016 τίνος
1748 4954 1877 5007 ῑδιον

301 5042 516 5115 ὑπῆρχε
546 5045 606 5096 τὸ
628 5043 923 5113 διαπορεῖν.
957 5040 1070 5104 Τὰς
1106 5041 1214 5113 γὰρ
1245 5042 1346 5112 ἤδη
1388 5041 1645 5105 πολλάκις
1677 5042 1879 5096 ἀποκεο

300 5135 625 5206 κυλισμένον
652 5134 995 5205 θεασαμένας
1024 5133 1114 5187 τὸν
1140 5133 1307 5197 λίθον,
1344 5133 1471 5203 περὶ
1494 5133 1684 5187 τούτου
1714 5150 1877 5205 φρονο

298 5224 470 5289 τίζειν
507 5224 789 5280 ἀπίθανον.
834 5222 971 5277 Ἀλλ’
999 5221 1187 5292 ἐπειδὴ
1210 5224 1330 5285 ταῖς
1360 5221 1511 5293 παρά
1543 5222 1619 5292 τῷ
1661 5223 1877 5295 Μάρκῳ

297 5316 526 5380 ταύταις
558 5318 819 5385 γυναιξὶν,
866 5315 1092 5386 ἀγνοοῦν
1122 5314 1183 5368 τὸ
1208 5315 1305 5384 τῆς
1346 5312 1613 5385 Σαλώμης
1641 5316 1878 5387 ἐμφέρε-

298 5426 390 5462 ται
416 5409 724 5480 πρόσωπον,
754 5408 979 5484 ἀμάχως
999 5409 1027 5462 ό
1052 5406 1208 5475 λόγος
1230 5403 1341 5475 ἔχει
1368 5406 1429 5459 τὸ
1453 5406 1694 5461 πιθανόν.
1728 5407 1879 5463 Ἐπεὶ

300 5500 568 5553 κάκείνων
598 5501 697 5552 οὐκ
727 5498 1016 5552 ἀκόλουθον
1045 5496 1107 5551 τὸ
1132 5496 1312 5565 λέγειν
1331 5511 1345 5527 ·
1382 5496 1478 5563 Τίς
1513 5496 1875 5554 ἀποκυλίσει

373 5676 416 5708 ιθ
448 5673 583 5730 Luc.
613 5689 759 5738 xxiv,
784 5673 836 5729 5.
913 5677 959 5708 ¹⁰
982 5676 1149 5731 Marc.
1194 5691 1303 5741 xw,
1336 5673 1372 5727 2
1405 5688 1524 5742 sqq.

1992 1767 2158 1822 etiam
2188 1769 2305 1840 ipse
2332 1771 2593 1841 paulatim
2621 1779 2842 1841 propter
2881 1771 3096 1826 illorum
3136 1771 3574 1828 incredulitatem

1944 1850 1949 1855 ’
1992 1859 2180 1930 aliquo
2224 1863 2389 1916 modo
2435 1864 2790 1933 perturbatus
2836 1870 2891 1919 ct
2930 1863 3203 1920 ﬂuctuans
3250 1865 3571 1931 surrexerit,

1992 1966 2059 2006 ac
2091 1967 2288 2008 rursus
2321 1954 2388 2006 ad
2420 1962 2836 2009 monumentum
2881 1956 3209 2018 cucurrerit,
3244 1962 3408 2024 atque
3445 1968 3576 2025 pro-

1993 2041 2236 2109 spiciens
2266 2042 2463 2097 iterum
2491 2057 2715 2112 quoque
2737 2042 2936 2097 viderit
2964 2043 3285 2099 linteamina
3309 2046 3571 2114 iacentia,

1995 2146 2117 2201 quae
2143 2131 2256 2202 jam
2289 2142 2448 2187 antea
2477 2132 2761 2203 ingressus
2789 2134 3008 2203 plenius
3031 2142 3086 2189 et
3116 2136 3363 2190 exactius
3389 2135 3576 2206 inspe-

1991 2231 2167 2287 xerat,
2201 2222 2345 2277 unde
2383 2224 2564 2277 solum
2599 2223 2951 2292 prospexisse
2986 2232 3298 2289 contentus,
3345 2238 3412 2279 ac
3435 2225 3575 2280 nihil

1991 2329 2023 2369 a
2050 2314 2234 2383 priore
2258 2320 2404 2368 statu
2454 2314 2805 2368 immutatum
2849 2316 3223 2385 conspicatus,
3258 2316 3392 2371 abiit
3433 2331 3570 2373 cou-

1992 2411 2269 2460 sternatus
2294 2411 2349 2460 et
2377 2404 2658 2460 admirans
2687 2404 2742 2460 id
2770 2406 2917 2476 quod
2958 2406 3272 2463 acciderat:
3303 2422 3369 2463 ac
3400 2407 3572 2479 glori-

1992 2493 2164 2551 ﬁcans
2190 2510 2314 2550 eum
2342 2496 2433 2564 qui
2459 2496 2573 2550 base
2589 2495 2665 2551 ita
2686 2496 2998 2553 ordinasset
3023 2504 3079 2552 et
3104 2496 3566 2554 administrassct.

1990 2586 2071 2639 Ac
2117 2585 2288 2640 Maria
2319 2585 2636 2656 Magdalcna
2685 2602 2902 2654 rursus,
2960 2588 3416 2658 quemadmodum
3459 2602 3571 2644 una

1991 2691 2118 2732 cum
2157 2676 2246 2740 iis,
2274 2692 2403 2745 qua;
2434 2692 2560 2732 cum
2604 2676 2816 2733 Joanna
2859 2688 3037 2744 erant,
3083 2679 3408 2736 mulieribus
3440 2694 3568 2751 por-

1990 2766 2236 2822 tantibus
2263 2781 2385 2836 quas
2429 2774 2557 2823 ante
2605 2766 2906 2823 Sabbatum
2947 2778 3404 2839 praeparaverant,
3464 2786 3571 2825 un-

1990 2866 2192 2927 guenta
2222 2866 2389 2927 atque
2420 2868 2690 2923 aromata,
2724 2858 2997 2929 profundo
3040 2861 3283 2916 diluculo
3327 2861 3573 2932 profecta

1992 2956 2154 3002 erat:
2202 2949 2279 3003 ita
2322 2963 2445 3005 cum
2476 2948 2695 3006 Salome
2726 2936 2946 3021 quoque
2990 2953 3222 3007 muliere
3256 2953 3571 3022 peregrina,

1988 3052 2111 3108 qua:
2140 3047 2337 3108 praeter
2382 3040 2696 3094 nominatas
2746 3041 2874 3095 licet
2907 3040 3090 3105 tarde,
3146 3049 3356 3097 emerat
3384 3050 3571 3099 tamen

1990 3137 2254 3191 aromata.
2279 3127 2377 3183 sed
2409 3136 2534 3198 post
2562 3126 2892 3196 Sabbatum,
2922 3130 3111 3186 eadem
3142 3139 3322 3187 mente
3341 3131 3574 3204 impigre

1988 3217 2267 3283 currebat,
2299 3227 2580 3290 assumpta
2631 3235 2816 3276 secum
2847 3222 3016 3277 etiam
3052 3221 3221 3277 Maria
3254 3223 3464 3292 Jacobi,
3495 3226 3575 3281 ita

1988 3316 2049 3364 ut
2075 3309 2241 3363 etiam
2271 3309 2326 3363 in
2348 3311 2697 3382 coemptione
2736 3322 3040 3368 aromatum
3087 3314 3248 3370 sociae
3276 3314 3448 3372 fuisse
3496 3316 3572 3373 vi-

1987 3396 2385 3457 deantur.Cum
2416 3401 2564 3455 enim
2597 3401 2759 3456 socia:
2783 3410 2971 3458 essent
2996 3402 3230 3469 itineris,
3263 3412 3429 3459 totam
3453 3420 3571 3460 rem

1988 3497 2197 3559 gestam
2231 3505 2527 3547 commune
2576 3491 2817 3549 studium
2856 3506 2981 3547 esse
3042 3494 3464 3551 existimabant:
3498 3494 3572 3550 Et

1987 3580 2139 3636 valde
2166 3597 2320 3635 mane
2360 3597 2468 3636 una
2502 3580 2864 3637 Sabbatorum
2890 3585 3099 3638 veniunt
3138 3586 3208 3638 ad
3257 3600 3569 3641 monumen-

1990 3671 2193 3729 tum”.
2253 3673 2526 3728 Prazterea
2581 3673 2638 3729 in
2694 3673 3064 3730 exactioribus
3113 3690 3178 3730 ac
3230 3676 3569 3745 plenioribus

1986 3762 2392 3832 exemplaribus
2422 3763 2736 3821 continetur
2765 3764 2843 3832 id,
2868 3765 3012 3835 quod
3038 3766 3402 3837 signiﬁcatur,
3428 3782 3571 3837 prte-

1989 3864 2069 3910 ter
2098 3855 2208 3924 jam
2236 3854 2407 3913 factas
2436 3854 2781 3911 visitationes
2804 3856 2966 3911 etiam
3003 3857 3147 3913 hunc
3176 3858 3466 3914 mulierum
3495 3859 3569 3914 ad

1986 3953 2405 4001 monumentum
2459 3946 2758 4016 contigisse
2821 3962 3127 4006 accessum.
3189 3950 3327 4016 Quid
3382 3959 3567 4007 autem

1984 4036 2106 4093 λίαν
2141 4038 2308 4108 πρωΐ,
2354 4037 2408 4092 id
2436 4046 2544 4101 est,
2577 4039 2727 4094 valde
2756 4057 2931 4105 mane,
2981 4041 3072 4096 hic
3112 4043 3393 4111 eXplicans
3422 4042 3567 4101 Mar-

1986 4141 2110 4191 cus,
2139 4127 2359 4195 adjecit,
2385 4135 2500 4179 orto
2530 4125 2658 4181 sole.
2695 4126 2760 4181 Et
2790 4128 3057 4192 dicebant,
3089 4131 3292 4199 inquit.
3319 4132 3389 4185 ad
3423 4133 3564 4186 invi—

1986 4234 2094 4275 cem
2121 4234 2139 4272 :
2166 4218 2301 4285 Quis
2355 4218 2579 4274 resolvet
2622 4220 2769 4274 nobis
2797 4204 3050 4289 lapidem
3085 4222 3151 4275 ab
3189 4223 3328 4278 ostio
3377 4239 3564 4279 monu-

1988 4311 2191 4366 menti?
2220 4321 2270 4364 et
2301 4310 2528 4364 sublatis
2560 4310 2728 4367 oculis
2756 4312 2930 4367 vident
2977 4313 3205 4381 lapidem
3246 4315 3562 4370 revolutum.

1988 4396 2126 4453 Erat
2156 4400 2297 4454 enim
2323 4415 2543 4471 magnus
2573 4399 2744 4453 valde.
2771 4400 2908 4455 Cum
2942 4402 3088 4455 cnim
3121 4399 3336 4456 Salome
3367 4403 3567 4458 merito

1986 4489 2284 4557 dubitaret,
2311 4498 2371 4546 ut
2396 4506 2519 4562 qua:
2546 4493 2769 4547 omnino
2800 4491 2867 4547 ad
2899 4493 3208 4562 sepulcrum
3239 4507 3346 4546 non
3374 4506 3562 4547 acces-

1986 4583 2170 4650 sisset,
2206 4591 2369 4654 atque
2401 4585 2514 4642 haec
2541 4586 2606 4640 ad
2634 4586 2863 4641 comites
2896 4599 3027 4641 suas
3070 4582 3298 4651 diceret,
3342 4584 3447 4640 illm
3479 4593 3563 4640 ta-

1984 4684 2193 4741 centes,
2232 4685 2398 4747 prout
2438 4677 2693 4746 supcrius
2731 4676 2935 4732 dictum
2980 4684 3085 4741 est,
3133 4691 3259 4732 cum
3302 4677 3562 4732 sustulis-

1984 4773 2109 4822 sent
2162 4767 2377 4832 oculos,
2435 4775 2660 4836 aspectu
2711 4766 2831 4836 ipso
2878 4781 3205 4837 responsum
3251 4766 3554 4824 dederunt:

1983 4859 2184 4915 etenim
2236 4857 2377 4928 lapis
2427 4857 2714 4914 revolutus
2773 4858 2827 4912 in
2877 4867 3177 4928 conspectu
3238 4860 3556 4930 apparebat.

1982 4947 2251 5017 Quoniam
2301 4956 2483 5004 autem
2524 4961 2632 5003 una
2666 4947 2841 5011 ibant,
2892 4954 2947 5005 et
2979 4963 3272 5005 commune
3319 4949 3401 5007 eis
3455 4950 3560 5007 iter

1983 5044 2123 5101 erat,
2156 5037 2364 5093 idcirco
2394 5036 2539 5092 inter
2567 5051 2627 5091 se
2659 5036 2864 5092 dixisse
2894 5050 2959 5090 ac
2986 5035 3268 5092 dubitasse
3292 5038 3557 5108 scriptum

1984 5140 2091 5194 est,
2144 5130 2189 5185 si
2236 5144 2421 5185 rerum
2468 5139 2720 5186 naturam
2776 5137 2943 5197 atque
3000 5127 3240 5183 historiae
3273 5130 3557 5185 veritatem

1979 5222 2417 5289 consideremus,
2457 5237 2520 5279 ac
2575 5214 2977 5290 discernamus,
3028 5219 3188 5290 cujus
3214 5234 3402 5275 earum
3432 5236 3559 5291 pro-

1982 5317 2159 5387 prium
2208 5314 2375 5371 fuerit
2413 5314 2688 5373 dubitare.
2746 5315 2880 5373 Nam
2927 5330 3041 5376 eas.
3105 5328 3227 5383 quae
3255 5311 3370 5381 jam
3414 5327 3558 5383 saepe

1981 5408 2215 5479 lapidem
2248 5410 2559 5464 revolutum
2587 5408 2872 5471 vidissent,
2906 5407 2976 5463 de
2995 5407 3099 5461 hoc
3125 5403 3391 5461 sollicitas
3410 5419 3555 5470 esse,

1982 5498 2264 5570 probabile
2293 5513 2403 5555 non
2433 5506 2571 5556 erat.
2601 5498 2708 5555 Sed
2739 5499 2999 5570 quoniam
3042 5497 3185 5551 inter
3216 5496 3317 5552 bas
3357 5495 3557 5552 mulie-
