4084 6158
548 332 657 388 663

1792 329 1852 384 S.
1890 324 2217 385 GRECORII
2255 324 2547 383 NYSSENI

3689 322 3789 375 644

548 456 661 506 res,
699 440 769 498 de
808 442 1009 512 quibus
1038 449 1124 497 est
1148 439 1292 511 apud
1325 439 1587 506 Marcum,
1637 456 1874 512 persona
1904 440 2113 497 Salome

2213 442 2364 511 ,ἡμῖν
2387 442 2493 495 τὸν
2530 442 2726 503 λίθον,
2775 439 2882 493 τῶν
2935 436 3200 493 Ἰουδαίων
3243 434 3660 507 σφραγισάντων
3693 437 3792 508 τὴν

548 533 737 601 ignara
767 531 1020 595 infertur,
1055 531 1263 601 absque
1293 534 1692 594 controversia,
1720 531 1897 585 oratio
1914 533 2120 600 proba-

549 622 678 677 bilis
698 636 762 675 ac
789 621 1103 677 verisimilis
1123 630 1227 677 est.
1247 621 1382 677 Nam
1411 637 1513 676 nec
1541 622 1664 675 illas
1690 631 2119 675 consentaneum

546 718 632 766 est
662 711 889 774 dixisse,
927 711 1057 776 Qui:
1096 713 1320 767 resolvet
1360 710 1511 766 nobis
1552 712 1798 778 lapidem,
1835 721 2119 781 propterea

545 799 691 867 quod
719 796 889 853 Judaei
918 800 1302 869 obsignassent
1329 801 1536 856 aditum
1589 801 1849 871 sepulcri,
1878 799 2118 853 adhibita

544 889 793 943 custodia
828 891 1082 953 militum,
1116 897 1171 945 et
1206 891 1403 947 tertius
1431 892 1549 947 dies
1584 892 1836 945 instaret.
1865 890 2118 944 Dixerant

543 981 689 1036 enim
720 982 971 1037 scelerati
1018 984 1094 1037 illi
1143 983 1212 1037 ad
1251 983 1531 1039 Pilatum:
1585 984 1863 1039 Recordali
1911 999 2115 1046 sumus,

542 1073 680 1142 quod
702 1074 955 1141 impostor
978 1074 1068 1128 ille
1088 1074 1251 1143 dixit,
1276 1091 1393 1128 cum
1420 1074 1590 1129 adhuc
1613 1076 1800 1128 viveret
1824 1088 1841 1124 :
1866 1072 1994 1127 Post
2016 1082 2120 1126 tres

541 1164 653 1218 dies
684 1179 954 1233 resurgam
977 1164 1044 1218 πί.
1081 1164 1137 1218 Si
1168 1166 1427 1221 mulieres
1476 1165 1641 1237 igitur
1671 1164 1919 1220 sciebant
1954 1163 2121 1216 mira-

540 1255 748 1317 culum,
802 1254 946 1324 quod
981 1270 1077 1324 per
1129 1256 1381 1325 angelum
1427 1255 1630 1310 factum
1679 1262 1818 1317 erat,
1871 1263 1925 1309 et
1973 1252 2119 1323 quod

542 1344 682 1413 lapis
728 1352 974 1398 remotus
1022 1353 1189 1409 esset,
1240 1355 1293 1398 et
1322 1345 1579 1401 custodes
1605 1343 1946 1415 expavefacti
1973 1358 2120 1397 mor—

541 1434 759 1504 tuisque
779 1435 988 1491 similes
1018 1435 1149 1490 facti
1184 1437 1555 1502 recessissent,
1581 1435 1852 1506 quomodo
1874 1435 2121 1490 sollicitae

540 1535 595 1580 et
624 1527 798 1580 anxia
819 1525 887 1581 de
929 1525 1272 1581 revolutione
1319 1526 1517 1596 lapidis
1572 1525 1775 1581 erant?
1810 1524 1905 1578 Sin
1936 1532 2118 1578 autem

540 1615 862 1670 miraculum
909 1617 1256 1687 ignorabant,
1296 1616 1597 1672 custodiam
1645 1616 1881 1670 militum
1932 1615 2120 1670 consi-

537 1705 734 1760 derare
775 1720 840 1760 ac
900 1721 1009 1760 non
1040 1707 1108 1763 de
1153 1706 1448 1776 aperiendo
1477 1712 1834 1761 monumento
1878 1707 2117 1776 cogitare

537 1797 839 1865 oportebat.
870 1794 1096 1863 Verum,
1144 1772 1204 1850 ut
1232 1797 1368 1863 dixi,
1404 1796 1622 1852 Salome
1650 1805 1705 1852 et
1746 1796 1852 1852 hoc
1896 1772 2116 1868 ignora-
2146 1772 2188 1830 Β

539 1887 652 1952 bat,
683 1896 736 1942 et
794 1887 972 1956 ipsius
1026 1889 1198 1944 solius
1231 1903 1295 1943 ea
1342 1890 1505 1943 verba
1560 1897 1738 1943 erant.
1774 1886 1912 1942 Nam
1946 1888 2116 1943 Maria

537 1976 852 2049 Magdalena
883 1986 1050 2048 atque
1076 1978 1247 2034 altera
1296 1978 1467 2033 Maria
1496 1995 1619 2034 cum
1648 1979 1924 2035 sedissent
1955 1994 1986 2034 e
2024 1995 2114 2034 reo

534 2069 700 2140 gione
753 2062 1025 2141 sepulcri,
1064 2068 1522 2141 quemadmodum
1568 2072 1850 2126 memorias
1879 2071 2118 2143 prodidit

539 2161 825 2217 Matthazus
847 2163 912 2227 “,
940 2177 1247 2234 magnoque
1277 2163 1460 2219 studio
1489 2172 1649 2232 atque
1674 2162 1946 2218 industria
1972 2164 2116 2220 assi-

535 2249 729 2306 dentes
757 2251 810 2305 id
841 2251 1099 2322 egissent,
1143 2261 1260 2307 tum
1294 2252 1576 2322 signacula
1607 2250 1941 2321 Judmorum,
1995 2265 2111 2309 tum

537 2349 869 2397 armatorum
925 2342 1232 2397 custodiam
1286 2343 1460 2398 oculis
1518 2343 1637 2398 suis
1691 2355 2110 2415 conspexerant.

535 2430 787 2502 ingressa
830 2442 1015 2490 autem
1050 2433 1266 2490 Salome
1299 2451 1422 2491 eum
1475 2445 1706 2508 utraque
1736 2437 1926 2503 Maria,
1961 2439 2113 2495 vide-

535 2533 663 2578 runt
706 2524 960 2595 juvenem
987 2525 1268 2582 sedentem
1317 2542 1348 2581 a
1397 2527 1629 2593 dextris,
1684 2530 1941 2583 amictum
1974 2529 2112 2584 stola

533 2613 788 2681 candida,
813 2624 868 2671 et
884 2628 1222 2687 expaverunt
1239 2632 1431 2673 omnes
1458 2620 1538 2674 "z
1569 2621 1682 2674 haec
1702 2620 1944 2690 quidem.
1965 2621 2112 2691 quod

535 2704 641 2762 ﬁde
662 2707 949 2778 indigeret,
974 2722 1037 2764 ac
1064 2710 1238 2779 magis
1268 2710 1508 2765 humano
1534 2726 1681 2765 more
1708 2710 1899 2777 aﬂecta
1924 2721 2106 2767 esset:

536 2796 644 2851 illae
674 2812 805 2852 vero
830 2800 975 2869 quod
1006 2801 1205 2868 saepius
1240 2800 1308 2854 ad
1353 2809 1767 2856 monumentum
1807 2803 2107 2868 venissent,

534 2889 862 2958 curioseque
923 2903 989 2943 ac
1042 2904 1210 2959 supra
1268 2905 1432 2960 quam
1490 2907 1717 2949 necesse
1764 2902 1928 2965 atque
1972 2909 2111 2965 opus

532 2987 703 3041 esset,
742 2978 1002 3048 deinceps
1039 2981 1325 3049 explorare
1363 2988 1530 3052 atque
1558 2982 1889 3055 investigare
1922 3001 2110 3041 resur-

2220 532 2422 586 εἴσοδον
2465 531 2559 585 τού
2592 532 2787 601 τάφου,
2834 532 2929 584 καὶ
2971 530 3070 601 τὴν
3094 528 3202 583 τῶν
3230 528 3580 600 στρατιωτῶν
3610 544 3786 599 παρα-

2219 623 2676 692 καταστησάντων
2728 622 2989 695 φρουρὰν,
3017 621 3111 674 καὶ
3135 621 3231 691 τῆς
3249 621 3437 691 τρίτης
3468 621 3681 691 ἡμέρας
3704 623 3792 673 ὲν·

2218 713 2479 784 εστώσης.
2515 715 2658 785 Πρὸς
2701 715 2810 786 γὰρ
2857 713 2949 768 τὸν
2998 714 3228 768 Πιλᾶτον
3274 708 3427 767 εἷπον
3471 714 3521 767 oi.
3571 713 3792 785 μιαροί·

2231 804 2649 874 Ἐμνήσθημεν
2695 806 2785 858 ὅτι
2844 808 2878 859 ό
2933 798 3162 872 πλάνος
3214 806 3443 873 ἐκεῖνος
3493 803 3665 861 εἶπεν
3704 808 3793 861 ἔτι

2219 891 2364 953 ζ’ὧνο
2420 895 2582 949 Μετὰ
2624 894 2780 964 τρεῖς
2822 895 3046 965 ἡμέρας
3089 897 3404 966 ἐγείρομαι.
3459 897 3523 950 Et
3569 898 3671 967 μὲν
3698 884 3793 952 οὗν

2219 985 2439 1056 ᾔδεισαν
2491 987 2549 1039 αἱ
2592 988 2849 1054 γυναῖκες
2893 986 2954 1039 τὸ
2994 985 3081 1039 διά
3112 987 3206 1039 τοῦ
3236 987 3468 1054 ἀγγέλου
3500 987 3793 1057 γενόμενον

2220 1077 2425 1148 θαῦμα,
2475 1079 2575 1148 τήν
2619 1095 2678 1130 τε
2724 1076 3047 1148 ἀποκίνησιν
3077 1077 3172 1130 τοῦ
3202 1078 3373 1142 λίθου,
3406 1079 3499 1132 καὶ
3541 1078 3639 1149 τὴν
3682 1078 3793 1131 τῶν

2220 1168 2475 1238 φυλάκων
2500 1171 2566 1222 ὲκ
2592 1168 2684 1222 τοῦ
2720 1168 2884 1237 φόϐου
2910 1169 3177 1242 νέκρωσιν
3208 1187 3269 1221 τε
3295 1170 3390 1223 καὶ
3418 1169 3788 1240 ἀναχώρησιν,

2219 1260 2334 1323 πῶς
2375 1260 2663 1331 διηπόρουν
2708 1262 2835 1330 περὶ
2877 1260 2972 1314 τοῦ
3015 1261 3444 1330 ἀποκυλισθῆναι
3483 1261 3575 1314 τὸν
3606 1261 3789 1326 λιθονς

2218 1350 2283 1404 Ei
2307 1352 2363 1404 δὲ
2398 1352 2624 1420 ἠγνόουν
2665 1351 2727 1404 τὸ
2755 1351 2961 1421 θαῦμα,
2991 1353 3089 1423 τὴν
3115 1352 3509 1423 στρατιωτικὴν
3539 1354 3786 1423 φρουρὰν

2220 1445 2417 1497 ἐννοεῖν
2444 1444 2571 1506 ἔδει,
2600 1445 2694 1498 καὶ
2722 1444 2819 1516 τὴν
2842 1445 3041 1512 ἄνοιξιν
3065 1445 3159 1498 τοῦ
3192 1446 3470 1516 μνήματος
3496 1444 3568 1515 μὴ
3588 1446 3794 1514 φαντά-

2219 1535 2422 1599 ζεσθαι.
2459 1536 2615 1597 Ἀλλ’,
2650 1537 2726 1599 ὼς
2766 1537 2920 1606 ἔφην,
2952 1538 2986 1606 ή
3018 1535 3247 1606 Σαλώμη
3274 1536 3369 1589 καὶ
3396 1535 3552 1589 τοῦτο
3582 1536 3787 1606 ἠγνόει,

2217 1628 2312 1680 καὶ
2344 1627 2511 1697 αὐτῆς
2557 1626 2724 1698 μόνης
2772 1626 2841 1680 τά
2886 1628 3103 1698 ῥήματα
3131 1622 3219 1698 ἦν.
3263 1626 3451 1698 Μαρία
3484 1626 3590 1697 γάρ
3618 1628 3652 1696 ή
3680 1625 3790 1679 Μαι

2218 1715 2452 1787 γδαληνὴ
2480 1717 2576 1770 καὶ
2599 1717 2633 1787 ή
2660 1716 2792 1786 άλλη
2831 1717 3038 1786 Μαρία,
3070 1714 3416 1768 καθεσθεῖσαι
3444 1714 3537 1768 τοῦ
3568 1717 3790 1786 μνήμα-

2215 1822 2306 1869 τος
2341 1803 2400 1869 ἐξ
2427 1804 2693 1869 ἐναντίας,
2727 1803 2803 1867 ὡς
2832 1804 2862 1855 ὁ
2896 1804 3167 1868 Ματθαῖος
3194 1804 3475 1876 ἱστόρησε,
3524 1805 3618 1856 καὶ
3642 1803 3792 1871 φιλο-

2216 1897 2393 1960 πόνως
2422 1896 2905 1968 προσεδρεύσασαι,
2940 1896 3033 1949 καὶ
3057 1896 3157 1958 τὰς
3186 1894 3482 1967 σφραγῖδας
3509 1894 3619 1947 τῶν
3656 1894 3789 1949 Ἰου-

2214 1987 2398 2053 δαίων,
2423 1988 2518 2042 καὶ
2536 1987 2635 2061 τήν
2654 1987 2763 2041 τῶν
2790 1987 3024 2041 ὁπλιτῶν
3044 1987 3289 2059 φυλακὴν
3309 1987 3429 2056 ὄψει
3459 1984 3785 2058 παρέλαϐον.

2213 2076 2544 2131 Είσελθοῢσα
2572 2076 2629 2130 δὲ
2660 2078 2693 2148 ἡ
2728 2075 2965 2147 Σαλώμη
3008 2077 3106 2129 σὺν
3141 2078 3261 2139 ταῖς
3292 2075 3534 2146 Μαρίαις
3559 2076 3786 2146 ἀμφοῖν,

2213 2167 2493 2223 νεανίσκον
2528 2164 2668 2221 εἶδον
2705 2166 3009 2237 καθήμενον
3049 2167 3106 2220 ὲν
3142 2168 3252 2229 τοῖς
3301 2165 3514 2230 δεξιοῖς,
3564 2165 3787 2236 περιϐε-

2214 2262 2481 2334 ϐλημένον
2511 2261 2703 2333 στολὴν
2732 2261 2964 2330 λευκὴν,
3013 2261 3106 2314 καὶ
3144 2258 3487 2330 ἑπτοήθησαν
3535 2260 3744 2313 ἅπασαι
3766 2277 3783 2290 ο

2213 2351 2248 2421 ή
2276 2351 2476 2422 μὲν,ὡς
2499 2349 2689 2414 ἐνδεῶς
2709 2349 2904 2420 ἔχουσα
2928 2349 3165 2412 πίστεως
3191 2350 3283 2402 καὶ
3305 2349 3401 2403 ἀνθ
3408 2349 3789 2420 ριπινώτερον

2212 2441 2526 2513 διακειμένη
2553 2457 2568 2472 ⁸
2602 2442 2659 2494 αἱ
2699 2441 2780 2508 δὲ,
2822 2440 2899 2504 ὡς
2936 2440 3392 2512 ὲπιχωριάζουσαι
3448 2440 3656 2511 συχνῶς
3708 2440 3787 2511 τῷ

2217 2535 2478 2605 μνήματι,
2509 2534 2603 2588 καὶ
2635 2533 3106 2604 πολυπραγμονεῖν
3147 2532 3399 2586 δοκοῦσαι
3423 2531 3606 2586 λοιπὸν
3643 2533 3787 2605 πέρα

2210 2627 2305 2681 τοῦ
2333 2626 2542 2691 δέοντος
2574 2627 2671 2698 τὴν
2697 2627 3008 2681 ἀνάστασιν.
3040 2624 3137 2678 Διὰ
3156 2624 3265 2697 γὰρ
3294 2624 3452 2677 τοῦτο
3484 2625 3574 2677 καὶ
3608 2626 3785 2678 νεανί-

2214 2736 2338 2783 σκος
2365 2718 2521 2791 ὤφθη
2544 2718 2890 2788 καταπλῆξαι
2909 2716 2986 2787 τῷ
3009 2715 3225 2788 μεγέθει
3251 2716 3344 2770 καὶ
3372 2715 3533 2784 φόϐον
3561 2716 3787 2787 ἐμποιῆ-

2213 2830 2302 2866 σαι
2325 2812 2640 2883 δυνάμενος,
2663 2810 2760 2865 καὶ
2788 2812 2981 2881 μιγνὺς
3003 2809 3079 2879 τῷ
3103 2808 3319 2879 φοϐερῷ
3341 2808 3403 2861 τὸ
3434 2808 3677 2880 φαιδρὸν,
3699 2809 3786 2863 διὰ

2209 2902 2303 2957 τοῦ
2345 2900 2539 2955 λευκοῦ
2566 2902 2666 2972 τῆς
2689 2901 2903 2971 στολῆς,
2933 2902 3027 2955 καὶ
3050 2901 3126 2964 ὡς
3166 2902 3223 2955 ὲν
3251 2901 3432 2971 ἑορτῇ,
3461 2900 3555 2953 καὶ
3588 2902 3675 2953 ἴνα
3710 2900 3786 2972 μὴ

2211 2993 2430 3063 παγῶσι
2499 2993 2577 3063 τῷ
2627 2993 2737 3046 δέει
2757 3033 2771 3058 ,
2820 2992 3171 3065 σφοδρότερον
3219 2993 3408 3055 αὐταῖς
3456 2991 3782 3061 διαλέγεται,

533 3071 837 3125 rectionem
881 3069 1219 3125 viderentur.
1257 3071 1390 3126 Nam
1440 3072 1647 3129 idcirco
1692 3075 1852 3130 etiam
1890 3076 2109 3147 juvenis

2213 3084 2480 3139 παιδεύων
2532 3083 2702 3146 αὐτάς
2741 3082 2807 3136 δι’
2860 3078 2935 3137 ὧν
2975 3083 3126 3152 ἔλεγε
3169 3083 3305 3154 μετά
3347 3081 3613 3146 τοσαύτας
3657 3083 3783 3147 θέας

533 3161 808 3232 apparuit,
837 3162 929 3231 qui
955 3161 1329 3233 magnitudine
1364 3164 1788 3234 perterrefacere
1816 3181 1879 3222 ac
1906 3176 2106 3223 metum

532 3255 758 3326 injicere
807 3263 1010 3325 posset,
1058 3270 1122 3310 ac
1148 3257 1345 3311 terrori
1398 3257 1738 3314 alacritatem
1768 3267 1823 3314 et
1865 3261 2105 3316 laetitiam

532 3346 792 3412 miscens,
823 3362 921 3417 per
951 3346 1245 3402 candorem
1278 3349 1457 3414 stolae,
1509 3363 1635 3403 cum
1688 3357 1912 3419 propter
1960 3352 2105 3407 diem

531 3436 747 3493 scilicet
778 3438 1001 3505 festum,
1054 3446 1168 3494 tum
1203 3454 1271 3494 ne
1302 3447 1448 3495 metu
1483 3439 1902 3505 obticescerent,
1953 3455 2107 3496 acer-

535 3528 658 3587 bius
686 3545 781 3587 eas
808 3531 1127 3600 alloquitur,
1162 3531 1440 3601 castigans
1484 3529 1667 3587 verbis
1699 3536 1753 3586 et
1785 3530 2103 3598 admonens,

533 3635 602 3677 ne
633 3630 756 3691 post
783 3630 863 3677 tot
895 3623 1263 3693 Spectationes
1292 3622 1526 3676 curiosa:
1554 3629 1762 3691 essent,
1802 3623 1896 3685 sed
1922 3623 2106 3693 potius

533 3713 701 3767 llrmze
741 3722 1024 3769 manerent
1070 3714 1122 3768 in
1158 3713 1248 3777 iis,
1291 3728 1413 3784 quae
1459 3712 1766 3771 vidissent:
1815 3712 1900 3768 Ite
1936 3714 2102 3782 enim,

532 3804 730 3873 inquit,
783 3804 941 3859 dicite
995 3804 1273 3874 discipulis
1327 3805 1442 3874 ejus
1496 3813 1547 3858 et
1591 3804 1748 3860 Petro
1792 3805 2106 3877 (discipulis

531 3895 773 3965 quidem,
801 3906 989 3965 utpote
1020 3897 1090 3951 iis
1118 3898 1208 3966 qui
1231 3912 1375 3967 saepe
1398 3911 1509 3951 non
1531 3898 1883 3952 crediderunt
1907 3915 1921 3951 :
1945 3897 2104 3953 Petro

529 4001 682 4050 vero,
743 3997 801 4039 ut
843 3987 937 4054 qui
984 3987 1182 4040 iterum
1215 3990 1405 4042 eadem
1453 3989 1736 4044 vobiscum
1785 3989 2104 4044 curiositate

530 4072 801 4127 adductus
848 4077 912 4126 ait
959 4084 1375 4131 monumentum
1429 4076 1607 4147 venit)
1661 4078 1799 4148 quod
1848 4078 2103 4147 praecedet

529 4179 617 4217 vos
649 4162 703 4215 in
736 4161 1014 4218 Galilwam
1039 4180 1058 4217 :
1100 4166 1173 4220 ibi
1212 4184 1329 4221 eum
1389 4169 1625 4223 videbitis
1670 4170 1805 4223 sicut
1845 4171 1979 4223 dixit
2011 4187 2103 4224 vo-

529 4253 610 4306 bis
636 4252 701 4317 “,
722 4255 874 4309 vobis
898 4256 1220 4334 mulieribus
1241 4275 1357 4313 sero
1382 4257 1758 4327 Sabbatorum,
1785 4278 1847 4317 ea
1869 4262 1957 4317 die
1982 4277 2104 4331 quae

2216 3175 2291 3246 μὴ
2323 3174 2628 3246 περιέργως
2656 3173 2982 3239 διακεῖσθαι,
3017 3172 3247 3242 βεϐαίως
3278 3173 3335 3241 δὲ
3368 3173 3566 3243 μᾶλλον
3595 3174 3682 3242 ἐφ’
3704 3168 3784 3235 οἷς

2212 3261 2350 3318 εἶδον
2392 3266 2634 3319 ἑστάναι.
2691 3264 2966 3334 Ὑπάγετε
3014 3263 3142 3333 γάρ,
3183 3262 3367 3333 φησιν,
3401 3264 3608 3318 εἴπατε
3660 3264 3783 3330 τοῖς

2206 3355 2497 3425 μαθηταῖς
2525 3354 2709 3409 αὐτοῦ
2732 3353 2933 3419 καὶτῷ
2964 3355 3162 3422 Πέτρφ
3205 3356 3335 3425 (τοῖς
3372 3354 3471 3424 μὲν
3494 3353 3781 3425 menacing,

2211 3447 2286 3510 ὼς
2307 3447 2565 3510 πολλάκις
2594 3446 2922 3517 ήπιστηκόσι
2944 3462 2959 3477 ·
2990 3446 3066 3516 τῷ
3092 3446 3149 3499 δὲ
3179 3446 3391 3516 Πέτρῳ.
3423 3445 3498 3508 ὡς
3527 3447 3662 3516 μετά
3688 3446 3783 3515 τῆς

2210 3534 2378 3604 αὐτῆς
2406 3535 2533 3604 ὑμῖν
2555 3534 3084 3606 πολυπραγμοσύνης
3114 3534 3362 3605 δεύτερον
3391 3534 3484 3588 ἐπὶ
3507 3535 3571 3587 τὸ
3596 3536 3782 3606 μνῆμα

2209 3624 2471 3695 ἐλθόντι),
2507 3623 2596 3677 ὅτι
2637 3622 2880 3693 προάγει
2929 3623 3083 3691 ὑμᾶς
3133 3625 3221 3688 εις
3263 3624 3378 3693 τὴν
3422 3626 3776 3688 Γαλιλαίαν,

2208 3717 2333 3772 ἐκεῖ
2359 3697 2547 3771 auida
2575 3716 2824 3785 ὄψεσθε,
2862 3715 3056 3782 καθὼς
3083 3712 3254 3770 εἶπεν
3284 3717 3426 3787 ὑμῖν
3451 3731 3465 3746 ·
3510 3718 3640 3789 ὑμῖν
3666 3721 3782 3779 ταῖς

2208 3807 2474 3877 γυναιξὶν,
2504 3806 2649 3875 Ὀψὲ
2669 3805 3003 3871 Σαϐϐάτων,
3040 3807 3107 3876 τῇ
3133 3806 3518 3879 ἐπιφωσκούσῃ
3548 3808 3627 3872 είς
3656 3807 3780 3879 μίαν

2208 3899 2501 3954 Σαϐϐάτων
2542 3901 2858 3967 ἐπιφανεὶς,
2910 3897 2985 3961 ὡς
3028 3900 3058 3951 ὁ
3102 3897 3377 3962 Ματθαῖος
3424 3899 3776 3969 συνέγραψεν.

2208 3991 2333 4053 Τοῖς
2367 3989 2477 4060 γάρ
2526 3987 2791 4059 μαθηταῖς
2839 3988 3093 4041 οὐδέποτε
3158 3989 3403 4056 φαίνεται
3466 3991 3666 4059 φήσας,
3705 3990 3778 4053 ὡς

2210 4078 2349 4150 μετά
2372 4080 2470 4150 τὴν
2493 4078 2707 4150 ἔγερσιν
2745 4079 2925 4141 αὐτοῖς
2962 4080 3018 4131 ὲν
3052 4080 3115 4149 τῇ
3154 4078 3412 4150 Γαλιλαίᾳ
3442 4082 3738 4150 φανήσεται
3759 4097 3773 4111 ·

2193 4171 2390 4241 εῖμήτι
2433 4187 2498 4239 γε
2533 4172 2708 4224 ἐκεῖνο
2751 4172 2867 4241 ἐρεῖ
2915 4187 3030 4233 τις,
3072 4171 3208 4241 ὅπερ
3253 4173 3282 4224 ό
3336 4172 3636 4236 Ματθαίος,
3686 4172 3777 4226 καὶ

2206 4264 2429 4334 Μάρκος
2456 4262 2691 4333 ἔγραψε,
2730 4263 2867 4334 μετά
2897 4263 2958 4315 τὸ
2990 4263 3199 4315 δεῖπνον
3227 4263 3289 4316 τὸ
3335 4264 3593 4333 μυστικὸν
3629 4264 3777 4328 ἐξελ-

532 4345 759 4400 lucesrit
804 4351 856 4400 in
906 4349 1137 4419 primam
1186 4348 1582 4416 Sabbatorum,
1625 4361 1683 4407 ut
1725 4353 2007 4409 Matthzcus
2054 4354 2100 4387 ⁸⁸

2213 4354 2405 4408 θόντων
2426 4355 2604 4409 αὐτῶν
2627 4358 2705 4418 εἰς
2733 4357 2795 4409 τὸ
2833 4356 2956 4427 ὅρος
2977 4356 3083 4411 τῶν
3115 4356 3339 4410 Ἐλαιῶν
3367 4357 3506 4428 μετά
3530 4357 3593 4410 τὸ
3616 4358 3780 4428 ὑμνῆ-

528 4439 879 4509 conscripsit.
921 4439 1214 4511 Discipulis
1244 4444 1387 4496 enim
1416 4460 1695 4515 nunquam
1727 4453 1950 4515 apparet
1976 4461 2097 4500 eum

2213 4460 2317 4510 σαι,
2347 4444 2451 4496 ὑπὸ
2483 4444 2576 4497 τοῦ
2619 4444 2867 4515 Σωτῆρος
2896 4445 3182 4516 εἰρημένον
3208 4439 3311 4498 ὧδέ
3341 4462 3454 4508 πως
3477 4461 3492 4476 ο
3518 4444 3682 4499 Μετά
3710 4442 3779 4497 δὲ

527 4530 753 4595 dixisse,
790 4533 935 4601 quod
967 4542 1089 4602 post
1133 4535 1590 4590 resurrectionem
1627 4538 1761 4607 ipsis
1792 4538 1847 4591 in
1879 4537 2098 4592 Galilaea

2213 4537 2270 4590 τὸ
2294 4535 2606 4606 ἐγερθῆναι
2626 4535 2964 4605 με,προάξω
2991 4536 3147 4604 ὑμᾶς
3165 4539 3252 4603 εις
3282 4536 3397 4605 τὴν
3419 4538 3773 4591 Γαλιλαίαν.

529 4622 880 4690 appariturus
902 4633 1067 4689 esset,
1107 4625 1215 4680 nisi
1247 4624 1384 4680 forte
1407 4627 1531 4696 quis
1559 4627 1693 4682 illud
1722 4629 1944 4692 dixerit,
1998 4628 2139 4699 quod
2219 4636 2268 4683 et
2301 4627 2603 4690 Matthaeus,
2655 4636 2711 4681 et
2742 4627 2957 4684 Marcus
3012 4629 3353 4699 scripserunt
3397 4642 3523 4700 post
3565 4644 3776 4685 cumam

530 4715 817 4785 mysticam
846 4717 1169 4773 exeuntibus
1202 4717 1335 4787 ipsis
1360 4717 1509 4773 dicto
1541 4719 1739 4790 hymno
1771 4722 1824 4775 in
1853 4731 2091 4777 montem
2134 4720 2438 4783 Olivarum,
2489 4721 2558 4773 ab
2594 4718 2886 4775 Servatore
2958 4721 3041 4778 sic
3100 4722 3505 4792 quodammodo
3546 4724 3773 4789 dictum,

528 4800 819 4875 Postquam
858 4817 1032 4859 autem
1064 4823 1419 4875 resurrexero,
1463 4809 1755 4878 praecedam
1784 4828 1869 4866 vos
1898 4813 1953 4866 in
1988 4811 2264 4868 Galilaeam
2287 4814 2355 4870 ’⁸.

594 4891 844 4964 Egressae
872 4905 1049 4951 autem
1085 4913 1116 4953 e
1153 4909 1507 4955 monumento
1553 4902 1737 4958 Mariae
1764 4911 1819 4959 et
1855 4904 2094 4972 Salome,

2283 4904 2623 4970 Ἑξελθοῦσαι
2654 4904 2710 4957 δὲ
2742 4903 2807 4957 ὲκ
2846 4904 2940 4957 τοῦ
2977 4905 3257 4976 μνήματος
3288 4907 3345 4960 αἱ
3377 4906 3588 4977 Μαρίαι
3624 4908 3715 4963 καὶ
3741 4911 3772 4979 ή

524 4990 764 5041 tremore
796 4993 959 5057 atque
1005 4996 1216 5046 terrore
1260 5003 1525 5062 correptae
1575 4996 1976 5067 profugiebant,
2033 5012 2098 5054 ac

2213 4996 2456 5067 Σαλώμη,
2486 4996 2674 5067 τρόμῳ
2707 4996 2802 5050 καὶ
2830 4994 3089 5066 ἐκπλήξει
3131 4997 3505 5067 συνεχόμεναι,
3539 4999 3774 5067 φυγάδες

526 5075 732 5130 nemini
761 5077 1059 5147 quidquam
1100 5079 1395 5135 dicebant:
1432 5083 1682 5138 timebant
1702 5087 1864 5151 enim,
1897 5089 2094 5157 partim

2213 5089 2464 5158 ἐγένοντο,
2504 5088 2598 5142 καὶ
2625 5088 2801 5142 οὐδενὶ
2832 5088 2985 5142 οὐδὲν
2999 5074 3174 5143 ῗῑπον
3200 5105 3214 5120 ο
3261 5090 3613 5159 Ἐφοϐοῦντο
3642 5090 3771 5160 γὼ),

525 5167 741 5236 quidem
775 5180 994 5238 propter
1025 5179 1289 5226 terrorem
1324 5173 1713 5238 adolescentis,
1735 5179 1931 5246 partim
1967 5193 2088 5233 veri.

2213 5181 2353 5234 τοῦτο
2387 5181 2483 5251 μὲν
2509 5181 2596 5234 διὰ
2621 5180 2683 5234 τὸ
2711 5179 2938 5251 φοϐερὸν
2966 5181 3060 5234 τοῦ
3087 5180 3390 5247 νεανίσκου,
3422 5180 3583 5235 τοῦτο
3610 5181 3669 5235 δὲ
3688 5182 3773 5236 διὰ

524 5258 671 5327 quod
697 5258 808 5327 jam
839 5259 955 5316 dies
982 5278 1306 5333 progressus
1339 5273 1506 5328 esset,
1555 5275 1609 5321 et
1637 5267 1807 5323 Judaei
1872 5271 1974 5338 (ut
2008 5278 2094 5326 est

2213 5270 2254 5323 τὸ
2283 5270 2382 5340 τὴν
2417 5270 2630 5341 ἡμέραν
2672 5272 2774 5342 ήδη
2808 5271 3114 5342 προελθεῖν,
3160 5273 3254 5327 καὶ
3295 5273 3423 5333 τοὺς
3464 5272 3769 5337 Ἰουδαίους,

526 5348 857 5421 verisimile)
887 5365 1105 5407 sursum
1136 5353 1391 5411 deorsum
1422 5356 1842 5414 obambulantes
1876 5361 1942 5414 ad
1977 5375 2086 5415 cae-

2213 5361 2272 5424 ἰις
2314 5362 2480 5425 εἰκὸς,
2535 5362 2806 5432 φονῶντας
2838 5364 2950 5418 ἀνω
2982 5364 3075 5417 καὶ
3107 5365 3255 5417 κάτω
3284 5365 3641 5435 περινοστεῖν.
3687 5365 3772 5416 Ἐν

527 5436 645 5493 dem
676 5443 847 5509 parati
877 5440 1081 5498 essent.
1117 5443 1173 5498 ln
1201 5448 1608 5517 exemplaribus
1639 5450 1805 5518 paulo
1855 5450 2088 5521 diligen—

2213 5450 2297 5517 μὲν
2324 5454 2436 5515 τοῖς
2466 5453 2871 5528 ἀκριϐεστέροις
2902 5454 3259 5527 ἀντιγράφοις
3285 5454 3346 5507 τὸ
3377 5455 3516 5525 μετά
3546 5456 3769 5528 Μάρκον

623 5640 666 5717 ξι
702 5639 887 5717 Matth.
921 5655 1089 5717 xxvii,
1122 5640 1212 5717 θᾷ.
1322 5643 1368 5674 υ
1397 5641 1585 5717 Matth.
1623 5659 1812 5711 xxwu,
1851 5643 1875 5696 i
1911 5659 2033 5717 sqq.
2146 5648 2194 5689 ’⁸
2230 5650 2397 5708 Marc.
2436 5667 2544 5717 xvr,
2585 5655 2637 5710 5.
2748 5658 2797 5690 ’δ
2844 5658 2974 5715 ibid.
3005 5659 3058 5714 7.
3171 5660 3217 5693 "
3236 5658 3423 5715 Matth.
3479 5671 3673 5714 xxvm.
3711 5655 3761 5711 l.

2146 5648 2194 5689 ’⁸
2230 5650 2397 5708 Marc.
2436 5667 2544 5721 xvr,
2585 5655 2637 5710 5.

524 5711 566 5743 ²⁶
605 5710 792 5763 Matth.
823 5725 971 5768 xxvi.
996 5711 1097 5773 3‘2;
1129 5710 1293 5766 Marc.
1325 5728 1436 5775 xlv,
1464 5713 1554 5767 Ἣ.
