4084 6158
336 280 442 335 655

1223 270 1290 326 IN
1327 268 1603 326 CHRISTI
1635 267 2269 323 RESURREUI‘IUNEM
2298 265 2507 321 ΟΒᾹΤ.
2533 266 2596 320 ll.

3473 271 3579 326 646

337 391 667 467 Εὑαγγέλιον
726 390 887 462 μέχρι
933 388 1047 453 τοῦ,
1090 385 1448 455 Ἐφοϐοὗντο
1498 384 1635 455 γὰρ,
1690 382 1801 452 ἔχει
1849 381 1911 435 τὸ

2026 379 2134 433 tius
2184 385 2239 433 et
2285 380 2532 434 exactius
2584 377 2806 448 scriptis
2870 377 3222 448 Evangelium
3277 379 3579 435 secundum

335 483 512 546 τέλος.
560 482 646 534 Ἐν
677 480 735 533 δέ
758 496 868 532 τισι
901 479 1216 550 πρόσκειται
1247 476 1339 528 καὶ
1377 475 1547 528 ταῦτα
1566 489 1579 502 °
1627 470 1910 536 Ἀναστὰς

336 575 406 628 δὲ
428 572 579 641 πρωῒ
605 570 805 639 πρώτῃ
847 568 1160 623 Σαϐϐἁτων
1201 566 1393 636 ἐφάνη
1439 564 1674 634 πρῶτον
1717 562 1914 629 Μαρίᾳ

335 663 408 731 τῇ
433 659 828 731 Μαγδαληνῇ,
859 659 960 728 ἀφ’
981 653 1055 728 ἧς
1078 655 1423 723 ἐκϐεϐλήκει
1446 654 1595 707 ἑπτὰ
1616 651 1910 721 δαιμόνια.

336 753 507 806 Τοῦτο
536 753 594 805 δὲ
638 749 951 805 ἐναντίωσίν
999 765 1120 802 τινα
1168 747 1316 800 δοκεῖ
1354 744 1497 816 ἔχειν
1538 741 1674 814 πρὸς
1699 740 1770 794 τὰ
1819 740 1914 811 έμ-

337 841 571 913 προσθεν
606 843 737 912 ἡμῖν
780 838 1065 910 εἰρημένα.
1112 837 1225 906 Τῆς
1274 835 1383 906 γὰρ
1421 834 1568 905 ῶρας
1600 835 1699 902 τῆς
1724 830 1915 894 νυκτὸς

336 930 612 1001 ἀγνώστου
637 932 1028 1001 τυγχανούσης,
1053 926 1175 981 καθ’
1202 927 1271 998 ἢν
1291 928 1321 980 δ
1345 924 1534 997 Σωτὴρ
1554 923 1776 993 ἀνέστη,
1799 920 1917 984 πῶς

337 1023 571 1077 ἐνταῦθα
598 1023 897 1092 ἀναστῆναι
935 1018 1087 1087 πρωῒ
1127 1019 1435 1089 γέγραπται
1461 1031 1477 1080 ;
1524 1013 1661 1067 Ἀλλ’
1686 1013 1807 1067 οὐδὲ
1832 1013 1919 1065 ὲν-

337 1114 518 1167 αντίον
551 1113 846 1183 φανήσεται
876 1108 937 1163 τὸ
963 1108 1155 1179 ῥητὸν,
1198 1108 1248 1161 ει
1298 1105 1415 1176 μετ’
1452 1105 1760 1175 ἐπιστήμης
1789 1104 1920 1157 ἀνα-

338 1203 678 1274 γνωσόμεθα.
703 1202 814 1256 Καὶ
837 1200 946 1271 γὰρ
969 1198 1252 1264 ὑποστίξαι
1269 1196 1377 1269 χρὴ
1406 1194 1656 1259 συνετῶς,
1681 1194 1918 1258 ἀναστὰς

338 1294 429 1357 δὲ,
472 1293 567 1346 καὶ
595 1290 764 1354 οὕτως
790 1289 1088 1357 ἐπαγαγεῖν
1113 1326 1128 1348 ,
1176 1285 1333 1355 Πρωτ
1375 1282 1676 1337 Σαϐϐάτου
1724 1280 1917 1351 ἐφάνη

338 1381 575 1452 πρῶτον
589 1381 782 1449 Μαρίᾳ
803 1377 876 1448 τῇ
892 1375 1374 1446 Μαγδαληνῇ,ἴνα
1393 1374 1453 1426 τὸ
1473 1373 1571 1443 μὲν
1599 1371 1916 1438 Ἀναστὰς,

338 1472 438 1545 ἔχῃ
474 1472 572 1541 τὴν
603 1469 880 1540 ἀναφορὰν
915 1466 1220 1539 συμφώνως
1264 1466 1341 1537 τῷ
1371 1463 1635 1535 Ματθαίῳ
1666 1463 1800 1536 πρὸς
1828 1463 1920 1517 τὸν

343 1560 680 1635 προλαϐόντα
709 1558 897 1629 καιρόν
923 1573 938 1590 ο
965 1557 1027 1610 τὸ
1053 1557 1131 1623 δὲ,
1158 1555 1333 1622 Πρωῒ,
1365 1554 1500 1626 πρὸς
1517 1552 1614 1625 τὴν
1639 1555 1706 1624 τῇ
1732 1552 1922 1624 Μαρίᾳ

340 1651 640 1723 γενομένην
684 1649 1005 1717 ἐπιφάνειαν
1030 1645 1339 1716 ἀποδοθείη,
1362 1644 1554 1717 πρώτῃ
1576 1643 1674 1697 σὺν
1698 1646 1763 1716 τῇ
1785 1642 1919 1714 άλλη

340 1713 551 1816 Μαρίᾳ,
596 1713 697 1797 οιαὶ
744 1713 907 1794 πάλιν
955 1738 1089 1809 μόνη
1154 1713 1464 1807 θεασαμένη
1524 1713 1622 1789 τὸν
1670 1713 1917 1806 Κῦνριονν·
1950 1713 1994 1770 Β

341 1830 489 1904 πρωϊ
514 1833 622 1904 γάρ
648 1833 796 1885 ἐστιν
829 1830 973 1885 ἅπαν
1003 1829 1062 1884 τὸ
1085 1828 1389 1899 διάστημα,
1436 1825 1499 1879 τὸ
1529 1823 1665 1896 μετά
1694 1823 1790 1896 τὴν
1814 1821 1921 1877 τῶν

342 1925 715 1998 ἀλεκτρυόνων
757 1924 905 1996 βοήν.
933 1922 1225 1993 Τεσσάρων
1270 1920 1450 1974 τοίνυν
1486 1919 1653 1972 ὄντων
1691 1914 1917 1988 καιρῶν,

343 2016 440 2071 καὶ
465 2015 734 2069 τοσούτων
775 2015 1044 2084 ἀφίξεων,
1091 2012 1214 2066 καθ’
1241 2011 1307 2075 ἀς
1335 2010 1392 2064 αἱ
1432 2011 1684 2079 γυναῖκες
1731 2007 1824 2061 ἐπὶ
1860 2005 1924 2061 τὸ

346 2107 537 2178 μνῆμα
589 2102 753 2179 ἦλθον
774 2143 790 2170 ,
851 2105 1078 2159 ἕκαστον
1127 2100 1519 2171 εὐαγγελιστὴν
1576 2098 1673 2151 ἕνα
1733 2096 1922 2168 καιρὸν

342 2197 660 2269 ᾠκονόμησε
692 2195 900 2268 γράψαι
930 2194 992 2247 τὸ
1018 2191 1245 2264 Πνεῦμα
1287 2192 1348 2245 τὺ
1391 2191 1564 2259 ἃγιον.
1614 2188 1724 2243 Καὶ
1752 2189 1780 2241 ὁ
1824 2187 1922 2258 μὲν

344 2287 638 2354 Ματθαῖος,
682 2286 781 2350 τὰς
804 2285 902 2356 ὀψὲ
927 2284 1221 2338 Σαϐϐάτων
1250 2280 1697 2353 παραγενομένας
1738 2278 1830 2333 ἐπὶ
1860 2277 1924 2331 τὸ

345 2378 538 2450 μνῆμα
566 2376 839 2448 ἱστόρησε,
888 2375 983 2428 καὶ
1013 2373 1243 2443 ἄγγελον
1285 2372 1381 2424 ἕνα
1424 2368 1836 2438 καταϐεϐηκότα
1864 2365 1924 2432 ἐξ

342 2466 574 2540 οὐρανοῦ
604 2467 699 2521 καὶ
727 2466 818 2520 τὸν
842 2464 988 2519 λίθον
1019 2461 1423 2518 ἀποκυλίσαντα
1449 2474 1462 2488 ⁶
1498 2460 1527 2512 ὁ
1554 2458 1611 2511 δὲ
1649 2457 1921 2527 Ἰωάννης,

343 2558 563 2631 Μαρίαν
604 2557 702 2630 τὴν
745 2554 1111 2627 Μαγδαληνὴν
1158 2549 1474 2623 ἐληλυθέναι
1524 2548 1690 2619 μόνην
1741 2549 1800 2600 ὲν
1847 2545 1926 2618 τῷ

345 2652 524 2704 σκότει
564 2648 671 2721 πρὸ
711 2649 809 2720 τῆς
851 2647 925 2700 ἔω
957 2645 1339 2715 συγγέγραφε,
1390 2639 1485 2694 uel.
1525 2637 1619 2692 δύο
1660 2635 1923 2706 ἀγγέλους

347 2740 495 2793 ἔνδον
534 2737 628 2791 τοῦ
658 2737 830 2805 τάφου
857 2734 1152 2789 θεάσασθαι
1177 2749 1192 2765 ⁸
1226 2731 1442 2794 Λουκᾶς
1481 2728 1561 2796 δὲ,
1587 2727 1753 2791 άλλας
1783 2726 1925 2781 κατὰ

344 2829 542 2884 ταύτὸν
589 2829 692 2891 τὸν,
723 2826 920 2899 ὄρθρον
940 2841 956 2855 ⁸
1009 2825 1235 2897 Μάρκος
1277 2822 1358 2888 δὲ,
1392 2820 1583 2892 ἑτέραν
1611 2820 1924 2890 ἀνίσχοντος

347 2920 524 2993 ἡλίου,
555 2916 1118 2991 συναναμεμιγμένων
1148 2914 1309 2969 τινῶν
1338 2914 1435 2967 καὶ
1480 2911 1590 2966 τῶν
1618 2912 1719 2983 ἤδη
1754 2928 1927 2983 παρα-

2013 466 2254 521 Marcum
2295 466 2582 532 hactenus,
2617 467 2659 519 Τ
2663 468 2888 520 innabant
2926 467 3089 532 enim,
3127 466 3285 524 linem
3314 468 3496 524 habet.
3522 467 3581 523 ln

2011 557 2296 612 nonnullis
2325 557 2537 626 adjecta
2565 567 2694 611 sunt
2720 559 2889 611 etiam
2924 558 3060 621 haec,
3097 555 3231 611 Cum
3270 560 3581 613 surrexisset

2015 657 2189 701 autem
2221 662 2373 700 mane
2396 647 2565 714 primo
2595 646 2679 701 die
2706 645 3063 701 Sabbatorum
3081 650 3328 718 apparuit
3352 650 3582 717 primum

2016 737 2209 792 Maria:
2233 737 2592 808 Magdaleme,
2615 754 2679 793 ex
2708 755 2810 809 qua
2831 741 3053 809 ejecerat
3080 751 3275 810 septem
3294 742 3578 796 dwmouia.

2016 825 2130 882 lloc
2159 836 2338 882 autem
2372 831 2714 884 contrarium
2752 832 3012 901 quiddam
3042 833 3131 897 iis,
3181 848 3303 903 qua:
3336 848 3367 887 a
3425 833 3584 887 nobis

2018 933 2183 989 Supra
2230 920 2377 975 dicta
2426 930 2577 987 sunt,
2628 925 2909 980 continere
2962 923 3192 979 videtur.
3253 923 3387 978 Cum
3437 924 3583 979 enim

2020 1010 2155 1066 hora
2187 1013 2390 1077 noctis,
2432 1029 2539 1083 qua
2566 1013 2828 1069 Servatur
2855 1015 3117 1081 surrexit,
3150 1016 3331 1085 ignota
3360 1015 3452 1081 sit,
3490 1017 3585 1086 qui

2018 1104 2098 1171 ﬁt,
2133 1114 2189 1159 ut
2216 1104 2269 1158 in
2299 1105 2403 1160 hoc
2434 1106 2576 1169 loco,
2611 1122 2766 1161 mane
2817 1121 2942 1161 eum
3003 1108 3391 1172 resurrexisse,
3449 1113 3587 1163 serio

2016 1202 2171 1264 ptum
2200 1196 2314 1250 sit?
2344 1195 2452 1251 Sed
2489 1198 2593 1252 hoc
2614 1197 2820 1252 dictum
2866 1198 3019 1252 nullo
3051 1198 3212 1251 modo
3249 1199 3585 1254 contrarium

2019 1284 2325 1355 apparebit,
2359 1286 2406 1341 si
2450 1294 2576 1356 apte
2619 1297 2785 1356 atque
2836 1287 3075 1341 scienter
3121 1287 3436 1357 legerimus.
3490 1289 3586 1341 Et-

2019 1375 2165 1430 enim
2204 1375 2502 1431 subnotare
2531 1385 2587 1431 et
2610 1376 3054 1446 subdistinguere
3085 1376 3243 1430 docte
3278 1385 3442 1446 atque
3499 1378 3586 1431 iu-

2020 1467 2328 1538 telligenter
2362 1475 2597 1537 oportet.
2629 1467 2768 1523 Cum
2800 1470 3135 1524 surrexisset
3170 1476 3350 1523 autem
3378 1485 3391 1520 :
3424 1476 3590 1537 atque

2021 1557 2097 1610 ita
2126 1556 2461 1628 subiungere
2490 1566 2912 1627 consequenter,
2944 1576 3096 1613 mane
3145 1560 3315 1627 primo
3348 1558 3433 1612 die
3460 1556 3591 1612 Sab-

2024 1646 2136 1703 bati
2162 1649 2407 1718 apparuit
2433 1650 2665 1717 primunt
2685 1649 2878 1705 Maria:
2895 1651 3227 1721 Magdaleme
3243 1667 3262 1705 :
3285 1658 3343 1706 ut
3363 1652 3589 1706 verbum

2023 1738 2245 1809 quidem
2285 1740 2545 1807 ἀναστάς,
2585 1741 2641 1796 id
2687 1749 2795 1806 est,
2844 1759 2964 1796 cum
3009 1745 3345 1807 surrexisset,
3390 1756 3592 1797 convc-

2021 1828 2265 1885 nientem
2296 1845 2422 1885 eum
2457 1830 2710 1887 Matthan
2743 1832 2813 1887 ad
2851 1833 3105 1902 superius
3132 1840 3345 1903 tempus
3373 1831 3592 1888 relatio-

2022 1935 2149 1976 nem
2188 1919 2429 1977 haheat:
2464 1924 2693 1978 verbum
2741 1938 2900 1989 vero,
2935 1925 3110 1995 πρωῒ,
3159 1923 3213 1978 id
3256 1935 3371 1989 est,
3414 1939 3588 1991 mane,

2024 2010 2075 2067 ei
2108 2027 2231 2083 qua:
2275 2011 2460 2068 Maria:
2510 2012 2655 2069 facta
2703 2023 2809 2078 cst,
2860 2015 3188 2085 apparitioni
3226 2016 3588 2071 attribuatur:

2025 2118 2148 2174 quae
2177 2104 2356 2174 prima
2396 2118 2523 2159 cum
2572 2107 2741 2161 altera
2786 2104 2980 2171 Maria,
3033 2114 3196 2177 atque
3232 2107 3428 2162 iterum
3474 2108 3593 2163 sola

2023 2194 2238 2250 viderat
2278 2194 2562 2251 Dominum
2615 2215 2630 2252 :
2661 2197 2806 2268 πρωί
2844 2198 3014 2264 enim,
3066 2199 3119 2253 id
3153 2207 3256 2263 est,
3297 2215 3470 2264 mane,
3505 2199 3593 2255 vel

2025 2284 2283 2352 diluculo,
2317 2285 2632 2341 universum
2681 2286 2815 2342 illud
2864 2287 3100 2357 spatium
3139 2295 3242 2351 est,
3271 2288 3414 2359 quod
3466 2295 3594 2358 post

2028 2377 2293 2447 gallorum
2319 2389 2538 2432 cantum
2591 2378 2901 2435 intercedit.
2934 2380 3071 2434 Cum
3118 2380 3284 2450 igitur
3312 2388 3594 2451 quaterna:

2029 2474 2336 2537 temporum
2363 2467 2474 2522 sint
2502 2468 2672 2532 vices,
2702 2469 3039 2538 totidemque
3083 2482 3362 2533 accessus,
3392 2468 3595 2537 quibus

2028 2559 2287 2614 mulieres
2316 2559 2385 2613 ad
2417 2568 2834 2614 monumentum
2862 2567 3151 2626 venerunt,
3184 2557 3423 2629 Spiritus
3466 2573 3597 2613 san-

2028 2659 2153 2707 ctus
2180 2666 2293 2707 rem
2324 2650 2400 2705 ita
2428 2652 2765 2722 dispensavit
2797 2659 2961 2722 atque
2988 2652 3282 2717 ordinavit,
3309 2658 3369 2706 ut
3392 2650 3594 2718 singuli

2028 2742 2379 2813 evangelista
2413 2741 2660 2811 singulos
2688 2750 2993 2813 temporum
3031 2742 3293 2798 articulos
3342 2741 3595 2797 conscri-

2029 2831 2238 2887 berent.
2285 2832 2362 2885 A'c
2414 2830 2701 2887 Mattlneus
2752 2833 2970 2902 quidem
3023 2833 3166 2898 illas,
3214 2846 3337 2902 quae
3386 2831 3597 2901 vesperi
3658 2864 3663 2869 ι

2032 2921 2395 2979 Sabbatorum
2444 2933 2712 2980 venerunt
2757 2925 2826 2979 ad
2876 2931 3313 2987 monumentum,
3367 2923 3596 2978 historia

346 3013 674 3084 γενομένων.
702 3011 812 3065 Καὶ
840 3011 962 3073 ταῖς
991 3009 1087 3080 μὲν
1113 3006 1208 3061 δύο
1235 3006 1434 3077 ἄνδρας
1464 3005 1789 3067 ὲπιστάντας
1826 3001 1925 3054 αὐ-

2030 3014 2463 3084 comprehendit,
2519 3024 2574 3072 et
2612 3015 2864 3085 angelum
2919 3028 3087 3069 unum
3138 3011 3489 3069 descendisse
3532 3013 3603 3069 de

346 3105 469 3167 ταῖς
492 3119 509 3136 ο
561 3106 680 3166 ταῖς
723 3101 780 3155 δὲ
821 3099 1131 3171 καθήμενον
1181 3099 1238 3151 ὲν
1279 3098 1392 3159 τοῖς
1426 3092 1622 3158 δεξιοῖς
1649 3093 1929 3147 νεανίσκον

351 3195 481 3249 ἰδεῖν
507 3209 523 3226 ’
576 3193 790 3257 στολαῖς
831 3192 889 3245 δὲ
938 3191 1183 3253 ἅπαντας
1232 3186 1639 3260 ἠμφιεσμένους
1685 3184 1927 3246 λευκαῖς.

352 3287 515 3340 Ὥστε
541 3284 797 3340 δύνασθαί
821 3300 943 3338 τινα
971 3281 1113 3336 κατὰ
1152 3280 1249 3351 τὴν
1294 3278 1401 3332 τῶν
1445 3275 1651 3349 καιρῶν
1679 3274 1831 3342 τάξιν
1862 3273 1931 3329 τὰ

349 3379 484 3452 παρ’
517 3378 745 3432 ἑκάστου
774 3374 1137 3448 γεγραμμένα
1169 3370 1448 3435 συνθέντα,
1490 3368 1619 3440 μίαν
1669 3368 1932 3440 ἁρμονίαν

349 3471 448 3526 καὶ
471 3470 531 3526 ἓν
556 3469 716 3540 σῶμα
745 3468 925 3538 πάσης
954 3467 1054 3537 τῆς
1084 3464 1321 3537 ἱστορίας
1352 3460 1690 3535 ἐργάσασθαι
1713 3477 1728 3493 ο
1759 3458 1932 3513 καθά-

353 3579 462 3637 περ
504 3562 623 3626 ὲνδς
668 3560 729 3614 τὸ
775 3560 883 3614 πᾶν
933 3557 1270 3630 γεγραφότος
1317 3554 1413 3608 καὶ
1477 3553 1538 3607 οὐ
1587 3551 1814 3607 πολλῶν.
1870 3550 1933 3604 Et

356 3656 457 3727 μὲν
485 3653 598 3727 γὰρ
636 3654 765 3724 μιᾶς
810 3652 1046 3722 ἀφίξεως
1093 3653 1201 3706 τῶν
1244 3650 1518 3720 γυναικῶν
1545 3650 1604 3703 ἐν
1636 3649 1718 3702 ἑνὶ
1757 3646 1934 3720 καιρῷ

349 3745 652 3817 γενομένης
699 3744 747 3797 οί
794 3744 1060 3815 τέσσαρες
1106 3741 1549 3813 ἐμνημόνευσαν,
1594 3738 1688 3793 καὶ
1718 3740 1780 3791 οὐ
1808 3737 1936 3800 τοὺς

351 3837 552 3901 αὐτοὺς
603 3830 754 3889 εἷπον
798 3832 1065 3902 ἀγγέλους
1096 3830 1444 3901 ἐπιφανῆναι,
1486 3829 1519 3900 ἦ
1552 3828 1680 3899 μίαν
1711 3827 1805 3882 καὶ
1836 3825 1936 3898 τὴν

351 3926 526 3996 αὐτὴν
554 3923 895 3993 ἐπιφάνειαν,
919 3921 1385 3993 ἧγουνηόπτασίαν,
1405 3919 1641 3982 ἅπαντες
1661 3916 1933 3980 εἰπόντες,

352 4015 561 4086 ταύτην
587 4015 794 4084 ἔφασαν
825 4016 883 4068 ὲν
909 4014 1185 4085 διαφόροις
1222 4011 1547 4083 γεγενῆσθαι
1581 4011 1808 4081 καιροῖς,
1836 4008 1936 4078 οὐχ

355 4104 476 4167 ἑνὸς
508 4102 977 4175 μνημονεύσαντες
1000 4101 1229 4165 ἕκαστος
1255 4100 1473 4171 χρόνου,
1501 4097 1795 4167 διαφωνίας
1823 4092 1937 4166 εἷχε

360 4195 574 4267 μέμψιν
599 4197 627 4248 ὁ
657 4193 836 4261 λόγος.
870 4194 934 4246 El
959 4191 1016 4245 δὲ
1043 4191 1136 4245 καὶ
1164 4192 1213 4244 οἱ
1246 4190 1428 4260 καιροὶ
1459 4188 1705 4259 διάφοροι
1749 4187 1842 4241 καὶ
1867 4186 1936 4241 τὰ

2033 3102 2196 3168 coelo,
2225 3104 2317 3174 qui
2348 3105 2583 3176 lapidem
2622 3104 2943 3160 revolvisset
2966 3103 3053 3168 '7;
3106 3101 3346 3158 Joannes
3393 3109 3600 3162 autem,

2033 3191 2260 3249 Mariam
2325 3194 2700 3267 Magdalenam
2764 3194 2983 3249 venisse
3032 3193 3207 3249 solam
3255 3192 3309 3246 in
3360 3192 3603 3246 tenebris

2033 3293 2159 3341 ante
2191 3287 2367 3341 lucem
2412 3286 2764 3357 conscripsit,
2801 3293 2964 3355 atque
3001 3284 3229 3354 angelos
3271 3283 3409 3338 duos
3456 3282 3601 3336 intra

2035 3384 2449 3430 monumentum
2485 3374 2688 3430 vidisse
2710 3376 2795 3428 ὐς
2824 3374 3004 3428 Lucas
3053 3374 3190 3428 alias
3233 3373 3381 3427 circa
3417 3372 3601 3441 ipsum

2033 3465 2332 3521 diluculum
2356 3468 2423 3534 ";
2447 3465 2661 3522 Marcus
2685 3481 2812 3522 vero
2834 3467 2996 3519 aliam
3017 3465 3227 3521 oriente
3249 3466 3385 3528 sole,
3404 3464 3602 3534 adjun-

2035 3557 2140 3612 Ctis
2169 3557 2470 3622 nonnullis,
2500 3572 2620 3626 qua:
2645 3557 2758 3626 jam
2783 3557 2949 3611 etiam
2984 3562 3144 3610 antea
3175 3555 3243 3609 ad
3276 3570 3603 3609 monumen-

2037 3655 2152 3701 tum
2190 3646 2425 3702 fuissent
2452 3647 2517 3703 '°.
2545 3648 2723 3715 Atque
2758 3647 2879 3702 illas
2917 3646 3138 3716 quidem
3169 3646 3308 3701 duos
3342 3646 3487 3701 viros
3511 3646 3605 3715 qui

2037 3739 2173 3809 ipsis
2216 3738 2562 3803 astitissent;
2598 3739 2698 3793 has
2731 3753 2860 3794 vero
2890 3737 3168 3793 sedentem
3208 3753 3240 3792 a
3285 3737 3492 3793 dextris
3514 3737 3607 3807 ju-

2035 3843 2229 3883 venem
2260 3828 2506 3897 vidisse;
2541 3837 2705 3900 atque
2753 3844 2944 3886 omnes
2995 3830 3152 3885 stolis
3199 3830 3337 3885 albis
3385 3829 3608 3884 indutos

2037 3919 2210 3976 luisse
2261 3921 2537 3977 memoriae
2588 3920 2968 3992 prodiderunt.
3019 3922 3208 3991 itaque
3253 3923 3300 3977 si
3343 3920 3468 3991 quis
3517 3936 3605 3987 ea,

2037 4028 2161 4084 quae
2188 4014 2391 4085 singuli
2416 4013 2716 4069 secundum
2754 4012 3001 4067 ordinem
3032 4020 3338 4083 temporum
3371 4014 3610 4085 scripse-

2039 4110 2190 4168 runt,
2269 4104 2660 4173 composuerit,
2712 4102 2885 4171 possit
2944 4118 3105 4156 unam
3159 4104 3609 4167 consonantiam,

2040 4193 2607 4263 concordantiamque
2632 4200 2687 4248 et
2717 4208 2885 4247 unum
2917 4208 3120 4261 corpus
3155 4193 3401 4250 historiae
3439 4195 3610 4249 totius

359 4287 650 4358 πρόσωπα,
688 4285 782 4339 καὶ
809 4285 866 4337 αἱ
895 4284 1005 4337 τῶν
1033 4280 1403 4351 ἐπιφανέντων
1434 4279 1583 4349 ὄψεις
1625 4280 1725 4349 οὐχ
1751 4280 1807 4331 αἱ
1837 4278 1925 4330 αὑ-

2041 4284 2294 4340 eﬂicere:
2326 4285 2552 4352 perinde
2580 4300 2644 4339 ac
2674 4285 2720 4340 si
2762 4300 2904 4340 unus
2931 4293 3096 4340 totam
3125 4300 3239 4341 rem
3283 4293 3512 4356 gestam,
3556 4294 3613 4339 et

356 4376 452 4429 ταὶ
502 4373 640 4447 (τοῦ
672 4372 806 4428 Θεοῦ
849 4371 1198 4443 βουληθέντος
1229 4370 1317 4424 διὰ
1360 4368 1568 4422 πολλῶν
1603 4370 1821 4441 τρόπων
1848 4384 1925 4419 πι-

2046 4391 2154 4430 non
2184 4376 2494 4446 complures
2525 4376 2896 4446 scripsissent.
2929 4376 3065 4432 Nam
3104 4377 3152 4434 si
3199 4376 3362 4432 unius
3392 4375 3611 4446 quidem

361 4465 673 4522 στώσασθαι
705 4466 777 4519 ’τὸ
807 4465 1032 4519 ἄπιστον
1062 4461 1247 4533 θαῦμα
1278 4463 1376 4532 τῆς
1406 4458 1793 4530 ἀναστάσεως)
1842 4460 1925 4512 καλ

2044 4469 2309 4524 adventus
2342 4469 2652 4534 mulierum,
2689 4468 2782 4540 qui
2825 4469 2880 4524 in
2919 4485 3031 4525 uno
3079 4468 3338 4540 temporis
3382 4467 3615 4521 articulo

359 4557 515 4629 τὸτῷ
534 4556 676 4629 ἄλλῳ
706 4556 780 4628 μὴ
796 4555 987 4626 λεχθὲν
1013 4555 1200 4625 ἕτερος
1229 4554 1340 4606 ίστό
1350 4569 1511 4624 ρησεν
1530 4551 1925 4620 εὐαγγελιστήςε

2054 4556 2368 4623 accidisset,
2403 4572 2596 4613 omnes
2627 4568 2865 4629 quatuor
2893 4559 3223 4615 mentionem
3255 4558 3529 4623 fecissent,
3559 4564 3617 4611 et

363 4649 484 4715 πῶς
511 4650 611 4702 οὐκ
639 4649 782 4703 ἐστιν
817 4651 851 4719 ἡ
876 4649 1123 4719 διήγησις
1152 4646 1258 4728 ⁸ὅλη
1289 4644 1504 4718 καθαρὰ
1553 4645 1648 4699 καὶ
1686 4642 1925 4714 ὲλευθέρι

2049 4648 2270 4703 eosdem
2308 4650 2533 4719 angelos
2566 4649 2834 4705 dixissent
2864 4649 3225 4719 apparuisse:
3272 4649 3357 4702 vel
3387 4663 3496 4702 una
3530 4656 3617 4702 at-

363 4742 547 4812 πάσης
576 4741 746 4812 λαϐῆς
765 4756 779 4807 ;

2057 4754 2167 4810 que
2195 4738 2383 4794 eadem
2438 4739 2783 4808 apparitione
2826 4739 2942 4792 sive
2991 4738 3207 4794 visione
3240 4737 3309 4792 ah
3339 4736 3616 4793 universis

363 4837 535 4900 edita,
568 4834 711 4888 hanc
741 4833 797 4886 in
828 4831 1062 4887 diversis
1101 4832 1441 4902 temporibus
1501 4829 1774 4886 accidisse
1840 4830 2132 4899 dixissent,
2189 4844 2244 4888 et
2290 4847 2399 4887 non
2444 4833 2608 4887 unius
2678 4833 2911 4903 quisque
2983 4832 3243 4902 temporis
3286 4831 3617 4886 mentionem

369 4928 663 4992 fecissent,
700 4924 1083 4995 discrepantia}
1135 4932 1298 4995 atque
1341 4925 1701 4981 dissensionis
1756 4927 2234 4996 reprehensionem
2267 4928 2505 4999 ellugere
2563 4929 2809 4984 narratio
2877 4943 2984 4983 non
3014 4936 3218 4999 posset.
3278 4928 3387 4999 Sin.
3436 4935 3617 4982 autem

370 5032 427 5078 ct
459 5036 707 5093 persona:
738 5029 793 5076 et
822 5031 1071 5089 tempora
1098 5018 1314 5075 diversa
1371 5019 1614 5085 fuerunt,
1649 5027 1704 5075 et
1753 5001 1946 5074 eorum
2024 5022 2119 5092 qui
2167 5031 2562 5091 apparuerunt,
2619 5022 2787 5077 facies
2835 5036 2944 5076 non
3002 5020 3244 5076 eaedem:
3302 5035 3424 5075 cum
3480 5018 3622 5074 Deus

374 5115 753 5186 compluribus
781 5112 961 5169 modis
989 5113 1148 5168 tidem
1176 5112 1357 5169 facere
1384 5115 1619 5169 voluerit
1678 5114 1986 5169 incredibili
2029 5116 2296 5172 miraculo
2328 5118 2782 5183 resurrectionis;
2809 5127 2863 5172 et
2884 5117 3026 5186 quod
3051 5131 3194 5171 unus
3256 5114 3619 5184 praetermisit,

376 5211 520 5266 alius
546 5209 781 5264 historia
815 5215 1137 5280 persecutus
1162 5215 1248 5263 est
1280 5208 1615 5278 evangelista
1645 5227 1657 5263 :
1691 5208 1784 5279 qui
1831 5207 1945 5264 ﬁeri
1985 5218 2187 5282 potest,
2219 5220 2276 5265 ut
2324 5226 2434 5266 non
2488 5220 2599 5265 tota
2639 5211 2883 5264 narratio
2914 5225 3050 5280 pura
3102 5217 3155 5264 et
3188 5210 3256 5265 ab
3324 5210 3471 5265 omni
3540 5224 3623 5264 re-

376 5305 745 5377 prehensione
773 5304 945 5360 libera
973 5305 1044 5359 sit
1064 5302 1089 5356 ?

463 5395 678 5470 Ἐπειδὴ
723 5398 781 5452 δὲ
826 5396 1035 5451 πολλῶν
1068 5394 1296 5468 Μαριῶν
1340 5398 1399 5449 ὲν
1446 5398 1557 5459 τοῖς
1602 5396 1921 5466 Εὑαγγελίοι

2129 5390 2401 5459 Quoniam
2428 5398 2610 5445 autem
2640 5388 2937 5443 multarum
2969 5388 3262 5445 Mariarum
3301 5391 3355 5446 in
3382 5389 3628 5462 Evange-

379 5489 605 5560 φέρεται
649 5488 869 5560 μνήμη,
917 5489 1064 5559 τρεῖς
1117 5480 1255 5540 εἶναι
1295 5484 1392 5550 τὰς
1442 5487 1616 5550 πάσας
1664 5485 1920 5556 γινώσκει

2056 5485 2145 5542 liis
2178 5482 2382 5540 mentio
2408 5482 2488 5549 lit,
2518 5490 2631 5539 tres
2678 5495 2911 5537 numero
2964 5496 3155 5537 omnes
3203 5496 3329 5541 csse
3380 5492 3627 5541 statuere

455 5660 497 5693 ²τ
532 5659 723 5719 Matth.
761 5680 949 5733 sunt,
982 5668 1005 5721 l
1037 5683 1158 5739 sqq.
1235 5666 1280 5701 “
1313 5664 1463 5720 Joan.
1498 5682 1586 5720 xx.
1615 5666 1637 5720 l
1674 5681 1795 5736 sqq.
1874 5664 1918 5697 ’⁸³
1950 5663 2083 5720 Luc.
2117 5679 2265 5733 xxiv,
2295 5662 2318 5717 l
2352 5678 2474 5736 sqq.
2557 5661 2600 5694 ³⁸
2634 5657 2801 5715 Marc.
2838 5672 2954 5726 ινι,
2987 5658 3014 5715 l
3045 5673 3165 5731 sqq.
