4084 6158
435 287 537 342 6H

1681 263 1736 320 S.
1773 256 2098 319 GREGORII
2133 254 2428 312 NYSSENI

3584 247 3686 306 648

433 400 699 454 debemus
728 414 742 451 :
774 408 911 466 quas
936 391 1171 446 Joannes
1197 383 1642 457 coznprcltensim
1674 377 2008 440 numeravit,

2132 371 2431 442 Ξφείλομεν,
2463 370 2528 433 ἀς
2552 370 2580 422 ό
2611 368 2861 438 Ἰωάννης
2883 366 3177 438 συλλήϐδην
3197 365 3468 438 ἠρίθμησε
3491 366 3686 436 φήσαςο

437 504 563 544 cum
609 489 813 542 diceret
866 501 882 537 :
928 481 1154 538 Stabant
1201 489 1378 531 autem
1413 476 1578 544 juxta
1625 487 1831 526 crucem
1879 466 2009 521 Iesu

439 588 610 633 mater
641 579 775 642 ejus,
801 584 850 629 et
881 590 1034 628 soror
1058 572 1247 625 matris
1287 569 1423 637 ejus,
1461 565 1634 618 Maria
1668 561 1934 630 Cleopluv,
1961 568 2008 612 et

439 670 620 724 Maria
652 666 970 736 Magdalena
991 664 1056 716 ³³.
1099 663 1232 715 Nam
1266 661 1487 713 Mariam
1524 654 1713 710 Jacobi
1762 662 1816 708 et
1867 651 2011 705 Josee

438 769 666 816 matrem
703 758 846 828 apud
881 757 1019 811 alios
1065 753 1433 822 evangelistas
1483 747 1844 807 nominatam,
1886 741 2010 796 Dei-

439 864 622 921 param
652 857 703 902 et
737 863 842 901 non
876 848 1038 899 aliam
1071 859 1192 898 esse
1222 843 1519 896 credimus.
1553 838 1819 904 Quoniam
1864 834 2008 887 enim

439 938 514 989 ita
543 934 871 1003 dispositum
920 941 977 987 et
1021 931 1352 985 destinatum
1404 936 1544 990 erat,
1582 933 1642 980 ut
1677 933 1732 980 et
1791 923 2010 977 divinus

439 1038 634 1101 partus
664 1029 1107 1089 obumbraretur,
1153 1033 1208 1079 et
1243 1022 1615 1094 sanguinariis
1663 1019 1868 1074 Judaais
1903 1033 2008 1071 non

440 1120 906 1182 manifestaretur,
950 1117 1095 1186 quod
1136 1117 1281 1168 circa
1330 1115 1507 1184 ipsum
1552 1124 1788 1180 tempus,
1813 1125 1918 1178 quo
1945 1107 2012 1160 ad

440 1215 641 1268 lectum
685 1210 925 1280 jugalem
980 1207 1228 1262 ducenda
1279 1214 1435 1267 erat,
1485 1204 1636 1272 virgo
1681 1217 1746 1255 ex
1806 1198 2012 1267 Spiritu

440 1311 632 1360 sancto
666 1301 1013 1370 concepisset
1048 1318 1060 1353 :
1097 1295 1558 1367 quemadmodum
1593 1293 1815 1346 Litteris
1855 1305 2014 1343 man-

441 1394 625 1448 datum
667 1399 772 1454 est,
818 1389 963 1458 quod
1011 1395 1066 1442 et
1108 1389 1192 1441 vir
1234 1385 1400 1456 hujus
1439 1391 1492 1438 et
1543 1391 1698 1452 pater
1743 1380 1869 1434 Jesu
1900 1378 2015 1410 "°”

443 1493 668 1537 vocatus
704 1481 775 1536 sit
805 1479 1008 1548 Joseph
1053 1497 1066 1533 :
1100 1478 1286 1533 eodem
1334 1475 1496 1529 modo
1534 1473 1677 1527 Josm
1730 1479 1784 1524 et
1828 1468 2016 1522 Jacobi

444 1575 678 1628 ﬁliorum
722 1569 925 1640 Joseph
975 1569 1113 1624 fabri
1156 1585 1223 1624 ex
1262 1567 1538 1638 prioribus
1571 1563 1776 1634 nuptiis
1812 1571 1864 1616 et
1909 1576 2019 1630 prae

445 1671 659 1719 mortua
707 1677 875 1716 uxore
927 1660 1190 1729 puerilem
1227 1668 1438 1713 aetatem
1506 1655 1780 1726 agentium
1843 1660 2020 1705 mater

2103 463 2511 528 Είστήκεισαν
2541 460 2609 513 δὲ
2641 459 2799 528 παρὰ
2836 458 2916 524 τῷ
2957 458 3196 526 σταυρῷ
3237 459 3342 511 τοῦ
3379 459 3604 526 Ἰησοῦ,
3650 460 3688 527 ἡ

2105 553 2303 622 μήτηρ
2338 553 2546 616 αὐτοῦ,
2583 553 2682 605 καὶ
2719 554 2758 620 ἠ
2803 551 3034 620 ἀδελφὴ
3075 551 3182 619 τῆς
3221 553 3446 621 μητρὸς
3482 553 3688 620 αὑτοῦ,

2109 648 2308 713 Μαρία
2348 647 2384 714 ἡ
2419 646 2526 699 τοῦ
2585 648 2825 714 Κλεόφα
2863 646 2960 698 καί
3004 645 3198 714 Μαρία
3229 645 3266 710 ἠ
3298 645 3683 712 Μαγδαληνή.

2110 737 2340 806 Μαριὰμ
2373 735 2482 804 γὰρ
2514 735 2610 804 τὴν
2650 732 2928 799 Ἰακώϐου,
2960 736 3055 789 καὶ
3096 734 3252 804 Ἰωσῆ
3299 736 3507 806 μητέρα
3541 737 3691 804 παρά

2110 829 2224 890 τοῖς
2259 826 2438 887 ἄλλοις
2473 823 2884 892 εὐαγγελισταῖς
2930 823 3341 894 ὠνομασμένην,
3376 825 3473 895 τὴν
3504 825 3693 878 Θεοτό-

2124 935 2218 970 κον
2264 913 2426 979 εἶναι,
2457 916 2548 968 καὶ
2567 917 2666 968 οὐκ
2694 915 2878 984 ἄλλην,
2918 916 3380 986 πεπιστεύκαμεν.
3425 916 3693 988 Καθάπερ

2112 1006 2220 1076 γὰρ
2251 1005 2338 1059 διά
2381 1004 2480 1076 τὴν
2523 1005 2834 1074 οἰκονομίαν
2879 1006 2972 1059 καὶ⁹
3021 1006 3099 1075 τῷ
3144 1006 3561 1076 ὲπισκιασθῆναι
3603 1008 3694 1061 τὸν

2115 1097 2254 1149 θεῖον
2297 1094 2453 1148 τόκον
2478 1132 2492 1157 ,
2538 1094 2628 1147 καὶ
2680 1094 2755 1164 μὴ
2808 1095 3184 1166 φανερωθῆναι
3234 1097 3346 1158 τοῖς
3392 1095 3692 1165 μιαιφόνοις

2128 1173 2403 1248 Ἰουδαίοις
2449 1185 2579 1256 παρ’
2630 1186 2759 1238 αὐτὸ
2814 1186 2875 1237 τὸ
2927 1185 3136 1255 μέλλειν
3183 1187 3276 1238 ἐπὶ
3315 1187 3412 1256 τὴν
3446 1186 3692 1240 παστάδα

2115 1279 2344 1348 ἄγεσθαι
2371 1277 2468 1348 τὴν
2496 1278 2769 1348 Παρθένον
2795 1279 2860 1330 ἐκ
2890 1278 3026 1330 ΙΙνεύ
3037 1296 3200 1348 ματος
3229 1278 3382 1346 ἀγίου
3415 1277 3692 1332 συλλαϐεῖν

2117 1371 2568 1441 ἀναγέγραπται·
2624 1371 2699 1433 ὼς
2749 1370 2916 1440 ἄνδρα
2973 1369 3176 1439 ταύτης
3218 1370 3556 1442 χρηματίσαι
3603 1370 3694 1425 τὸν

2131 1462 2328 1533 Ἰωσὴφ
2349 1501 2364 1526 ,
2403 1463 2496 1515 καὶ
2531 1463 2742 1532 πατέρα
2787 1460 2878 1514 τοῦ
2923 1459 3095 1532 Ἰησοῦ
3124 1479 3137 1492 ·
3188 1461 3280 1514 τὸν
3312 1461 3473 1516 αὐτὸν
3498 1462 3695 1532 τρόπον

2118 1555 2210 1608 τοῦ
2253 1555 2410 1626 Ἰωσῆ
2442 1555 2536 1608 καὶ
2566 1554 2655 1606 τοῦ
2689 1553 2944 1606 Ἰακώϐου
2971 1554 3172 1607 παίδων
3201 1554 3367 1607 ὄντων
3395 1551 3491 1606 τοῦ
3519 1554 3697 1606 τέκτο-

2120 1662 2209 1708 νος
2244 1644 2460 1714 Ἰωσὴφ,
2488 1643 2743 1714 παιδικὴν
2771 1643 3011 1711 ἀγόντων
3049 1645 3146 1714 τὴν
3205 1643 3420 1713 ἡλικίαν
3459 1644 3524 1697 ἐκ
3561 1661 3699 1713 προσ

447 1754 676 1824 Deipara
707 1761 761 1808 et
793 1728 1172 1822 appellabatur
1225 1758 1280 1805 et
1312 1748 1738 1804 nominabatur:
1792 1745 1906 1798 lucc
1938 1743 2011 1796 ni-

2132 1736 2482 1805 ηγησαμένων
2501 1735 2691 1804 γάμων
2720 1736 2813 1788 καὶ
2840 1735 3390 1805 προτετελευτηκυίας
3418 1734 3695 1804 γυναικὸς,

445 1845 642 1899 mirum
672 1845 1049 1898 obtrectantes
1079 1843 1242 1896 etiam
1277 1840 1449 1895 Judaei
1485 1840 1551 1894 de
1599 1839 1890 1892 Servatore
1939 1835 2022 1888 di-

445 1937 681 1991 cebant:
721 1935 799 1988 An
833 1951 935 1986 non
965 1933 1049 1986 hic
1080 1940 1159 1986 est
1198 1932 1343 2000 ﬁlius
1391 1930 1582 1999 fabri?
1626 1928 1817 1981 Nonne
1857 1936 2023 1980 mater

445 2029 557 2095 ejus
586 2035 802 2080 vocatur
837 2023 1042 2089 Maria,
1067 2033 1114 2077 et
1145 2023 1338 2092 fratres
1382 2023 1495 2090 ejus
1531 2020 1788 2084 Jacobus,
1838 2029 1886 2072 et
1921 2017 2021 2071 Jo-

446 2135 548 2183 ses,
583 2126 629 2172 et
659 2117 866 2176 Simon.
901 2125 952 2170 et
995 2115 1168 2168 ludas
1191 2115 1280 2167 “1?
1323 2116 1496 2182 Atque
1550 2111 1756 2165 idcirco
1785 2109 2024 2164 Joannes

446 2205 688 2276 quidem,
727 2214 787 2258 ut
819 2204 912 2274 qui
947 2204 1120 2260 libere
1151 2203 1389 2257 divinam
1439 2201 1727 2256 historiam
1779 2199 2026 2253 conscri-

446 2300 618 2362 beret,
654 2313 798 2362 eam,
835 2312 958 2366 qua:
991 2296 1165 2351 stabat
1203 2296 1357 2365 juxta
1387 2308 1628 2359 crucem,
1673 2291 1726 2345 id
1769 2291 1913 2361 quod
1941 2305 2025 2344 re-

450 2393 567 2462 ipsa
597 2399 734 2454 erat,
787 2399 1014 2445 matrem
1058 2387 1188 2442 Jesu
1247 2385 1581 2455 appellavit:
1633 2383 1820 2438 caeteri
1882 2394 2018 2435 vero

447 2484 819 2554 cvangelistaa,
851 2481 944 2551 qui
977 2480 1210 2534 multum
1244 2479 1393 2554 circa
1424 2473 1840 2543 dispositionem
1871 2471 2025 2524 labo-

452 2584 735 2641 raverunt,
756 2581 914 2627 certo
936 2571 1170 2626 consilio
1198 2581 1423 2622 matrem
1448 2580 1566 2620 eam
1593 2563 1781 2618 Jacobi
1813 2573 1866 2616 et
1886 2561 2028 2617 Josae

450 2667 861 2736 appellaverunt
891 2664 910 2735 (
939 2661 996 2715 hi
1045 2661 1190 2716 enim
1225 2657 1388 2728 primi
1440 2664 1614 2720 erant,
1661 2663 1715 2710 et
1763 2653 2026 2723 insignes,

451 2758 548 2811 ﬁlii
595 2755 870 2824 Josephi)
931 2755 1035 2807 hoc
1079 2758 1267 2821 aperte
1323 2749 1668 2818 signiﬁcante
1721 2746 2025 2816 Scriptura,

452 2845 602 2917 quod
656 2846 758 2899 hac
806 2843 1167 2912 dispositione
1215 2849 1270 2896 et
1321 2841 1660 2894 ordinatione
1707 2847 1867 2906 atque
1903 2835 2029 2889 inde

453 2942 715 3002 concepta
749 2932 1011 3002 Opinione
1055 2933 1260 2999 absque
1301 2929 1545 2998 periculo
1574 2927 1741 2981 Maria
1787 2922 2029 2995 passioni

452 3026 680 3081 salutari
721 3025 1002 3078 intererat.
1026 3022 1160 3075 Nam
1191 3022 1236 3075 si
1257 3021 1451 3090 vulgus
1475 3035 1594 3073 eam
1619 3033 1742 3072 esse
1763 3017 2027 3086 virginem
2056 3057 2099 3114 C

453 3118 725 3181 Scivisset,
745 3118 956 3186 perdita
984 3116 1214 3170 forsitan
1237 3114 1432 3167 fuisset
1453 3111 1520 3166 ab
1568 3110 1769 3165 invidis
1803 3108 2027 3163 Iudaeis.

455 3205 716 3274 Reperias
749 3214 928 3260 autem
962 3205 1082 3260 eam
1136 3204 1300 3258 etiam
1353 3203 1516 3256 unius
1571 3201 1740 3256 solius
1795 3200 2031 3253 ﬁliorum

454 3300 678 3370 Iosephi
719 3309 946 3354 matrem
981 3298 1125 3368 apud
1158 3297 1524 3366 cvangelistas
1550 3294 1886 3347 nominatam
1913 3305 2035 3346 esse

457 3391 684 3446 Mariam
739 3390 950 3455 Jacobi,
999 3400 1054 3444 et
1097 3389 1324 3442 Mariam
1382 3387 1546 3442 Josaa.
1587 3384 1803 3440 Marcus
1855 3391 2033 3437 autem

455 3482 643 3538 Jacobi
664 3484 836 3553 parvi,
860 3491 914 3538 et
940 3482 1083 3537 Josa:
1107 3489 1336 3536 matrem
1366 3495 1486 3534 eam
1511 3479 1748 3542 vocavit,
1777 3475 2036 3547 quoniam

458 3576 596 3630 alter
624 3583 744 3630 erat
777 3574 1018 3629 Jacobus
1073 3573 1303 3642 Alpltaei,
1345 3587 1576 3640 magnus
1627 3569 1858 3633 idcirco,
1909 3567 2036 3636 quia

458 3667 746 3722 duodecim
793 3666 1058 3736 apostolis
1092 3669 1529 3717 connumeratus
1569 3667 1709 3716 erat.
1744 3658 1881 3713 Nam
1913 3672 2040 3728 par-

458 3771 561 3812 vus
595 3771 705 3811 non
735 3763 854 3810 erat
878 3755 946 3810 de
978 3767 1212 3809 numero
1241 3767 1454 3808 eorum.

532 4013 609 4067 De
641 4013 735 4065 illo
768 4019 953 4066 autem
1008 4011 1211 4080 aliquis
1265 4010 1518 4066 fortassis
1566 4010 1712 4065 haud
1768 4010 2043 4066 immerito

463 4102 869 4159 addubitavcrit
898 4119 911 4156 :
945 4116 1056 4171 quo
1094 4109 1256 4172 pacto
1285 4101 1547 4156 Servator
1577 4102 1865 4171 discipulis
1919 4117 2045 4171 par-

465 4200 561 4254 tim
599 4212 695 4267 pcr
727 4196 972 4266 angelos,
1000 4197 1200 4266 partim
1237 4211 1337 4250 sua
1374 4196 1549 4266 ipsius
1578 4212 1712 4251 voce
1742 4197 2042 4266 pollicitus,

465 4289 610 4361 quod
639 4285 921 4358 proiectus
955 4287 1008 4341 in
1030 4286 1307 4341 Galilaeam
1330 4289 1410 4342 eis
1432 4289 1788 4357 appariturus
1811 4296 1957 4342 esset
1973 4286 2041 4351 ³⁵,

2127 1827 2308 1897 μήτηρ
2337 1829 2369 1894 ή
2396 1826 2657 1889 Θεοτόκος
2695 1825 3134 1896 προσηγορεύετό
3159 1843 3216 1879 τε
3246 1828 3338 1879 καὶ
3367 1826 3697 1897 ὠνομάζετο.

2124 1916 2309 1970 Ταῦτά
2350 1935 2430 1970 τοι
2484 1919 2577 1970 καί¹
2636 1916 3078 1988 βλασφημοῦντες
3121 1916 3262 1969 κατά
3307 1916 3400 1968 τοῦ
3451 1917 3699 1988 Σωτῆρος

2124 2008 2307 2078 ἔλεγον
2331 2010 2378 2061 οί
2414 2009 2653 2062 Ἰουδαῖοι
2681 2026 2695 2039 ο
2749 2012 2870 2078 Οὐχ
2905 2004 3083 2073 οὗτός
3112 2009 3282 2061 ἐστιν
3312 2011 3342 2060 ὁ
3372 2006 3476 2060 τοῦ
3500 2006 3702 2060 τέκτο-

2123 2121 2230 2168 νος
2255 2105 2418 2169 υἱός;
2463 2106 2575 2172 οὐχ
2609 2104 2646 2171 ἡ
2670 2103 2868 2172 μήτηρ
2892 2102 3077 2156 αὐτοῦ
3106 2103 3335 2168 λέγεται
3361 2100 3571 2166 Μαρία,
3605 2098 3702 2152 καί

2125 2198 2180 2250 οἱ
2205 2194 2451 2263 ἀδελφοὶ
2479 2193 2685 2256 αὐτοῦ,
2720 2192 3114 2258 Ἰάκωϐος,καί
3153 2191 3338 2257 Ἰωσὴ,
3365 2189 3462 2244 καὶ
3487 2191 3702 2258 Σίμων,

2126 2287 2223 2340 καὶ
2261 2286 2528 2352 Ἰούὸίις;
2571 2285 2683 2339 Καὶ
2711 2284 2797 2338 διὰ
2842 2284 2999 2338 τοῦτο
3047 2285 3075 2336 ὁ
3125 2283 3222 2354 μὲν
3274 2283 3562 2352 Ἰωάννης,
3609 2282 3703 2334 καὶ

2128 2379 2279 2452 παρά
2307 2380 2384 2450 τῷ
2420 2377 2635 2448 σταυρῷ
2679 2377 2942 2440 ἑστῶσαν,
2977 2371 3064 2429 οἶα
3111 2375 3174 2446 δὴ
3223 2375 3359 2445 μετὰ
3395 2373 3704 2445 παρρησίας

2129 2470 2414 2540 θεολογῶν,
2441 2473 2503 2523 ἐκ
2530 2469 2630 2539 τῆς
2658 2468 2912 2538 ἀληθείας
2939 2467 3107 2535 αὐτῆς
3145 2465 3351 2535 μητέρα
3389 2464 3482 2517 τοῦ
3531 2462 3703 2534 Ἰησοῦ

2128 2563 2568 2635 προσηγόρευσεν
2596 2574 2610 2588 ⁸
2662 2561 2711 2612 οἱ
2742 2559 2798 2612 δὲ
2829 2559 3004 2611 λοιποὶ
3051 2557 3157 2610 τῶν
3195 2554 3593 2624 εὐαγγελιστῶν
3636 2553 3705 2607 τὰ

2130 2655 2300 2708 πολλὰ
2327 2654 2454 2725 περὶ
2474 2653 2570 2724 τὴν
2594 2652 2901 2723 οἰκονομίαν
2925 2649 3330 2721 ἀσχοληθέντες,
3353 2648 3707 2718 οἰκονομικίὶς

2130 2747 2298 2818 αὐτὴν
2335 2748 2548 2818 μητέρα
2612 2744 2866 2800 Ἰακώϐου
2911 2744 3008 2796 καὶ
3061 2744 3216 2813 Ἰωσῆ
3260 2742 3706 2814 προσηγόρευσαν

2133 2833 2298 2910 (οῦτοι
2333 2839 2440 2908 γὰρ
2470 2834 2611 2907 ἦσαν
2645 2838 2692 2888 οἱ
2731 2835 2934 2907 πρῶτοι
2965 2834 3059 2889 καὶ
3104 2836 3361 2905 ἐπίσημοι
3404 2833 3592 2898 παῖδες
3615 2832 3707 2887 τοῦ
3799 2869 3806 2872 -

2144 2931 2396 3000 ’1ωσήφ)ο
2421 2929 2577 2981 τοῦτο
2609 2927 2891 2998 δηλοῦντος
2920 2925 3011 2978 τοῦ
3041 2926 3198 2994 λόγου
3231 2925 3435 2993 σαφῶς,
3463 2925 3543 2978 ὅτι
3573 2923 3711 2996 μετά

2132 3019 2334 3090 ταύτης
2363 3022 2459 3090 τῆς
2506 3019 2836 3088 οἰκονομίας,
2887 3017 2979 3070 καὶ
3023 3017 3120 3087 τῆς
3150 3016 3397 3070 ἐντεῦθεν
3437 3015 3708 3078 ὑπονοίας,

2132 3111 2428 3172 ἀκινδύνως
2452 3111 2484 3180 ἡ
2510 3108 2698 3178 Μαρία
2725 3106 2802 3177 τῷ
2831 3106 3080 3177 σωτηρίῳ
3103 3106 3263 3158 πάθει
3283 3105 3486 3177 παρῆν.
3516 3106 3578 3158 Εἰ
3604 3103 3711 3175 γὰρ

2134 3201 2402 3272 παρθένος
2454 3199 2863 3269 ὑπεγινώσκετο
2911 3202 3020 3263 τοῖς
3065 3199 3306 3260 πολλοῖς,
3348 3197 3453 3249 ὑπὸ
3481 3196 3588 3249 τῶν
3618 3197 3714 3266 βα-

2136 3292 2348 3345 σκάνων
2395 3291 2661 3344 Ἰουδαίων
2693 3289 2938 3344 ἀπώλετο
2973 3290 3056 3344 ἄν.
3097 3291 3251 3342 Ἔστι
3283 3289 3338 3341 δὲ
3361 3288 3531 3359 αὐτὴν
3561 3287 3711 3358 παρὰ

2134 3383 2248 3443 τοῖς
2294 3379 2706 3449 εὐαγγελισταῖς
2755 3381 2848 3433 καί
2891 3380 2983 3432 τοῦ
3014 3381 3128 3443 ἑνὸς
3169 3381 3328 3450 μόνου
3361 3380 3465 3434 τῶν
3509 3381 3714 3434 παίδων

2135 3470 2229 3525 τοῦ
2269 3470 2464 3542 Ἰωσὴφ
2490 3471 2883 3542 ὠνομασμένην
2917 3473 3095 3542 εὑρεῖν
3134 3473 3350 3544 Μαρίαν
3393 3474 3491 3543 τὴν
3529 3471 3715 3525 Ἰακώ-

2139 3563 2255 3629 ϐου,
2281 3563 2376 3616 καὶ
2403 3561 2619 3633 Μαρίαν
2647 3562 2743 3634 τὴν
2781 3563 2957 3632 Ἰωσῆ.
3006 3563 3063 3614 '0
3090 3562 3146 3615 δὲ
3174 3563 3418 3634 Μάρκος,
3459 3561 3713 3615 Ἰακώϐου

2139 3653 2230 3706 τοῦ
2282 3651 2476 3724 μικροῦ
2517 3653 2610 3706 καὶ
2649 3653 2803 3721 Ἰωσῆ
2839 3653 3045 3724 μητέρα
3078 3653 3243 3724 αὐτὴν
3271 3651 3440 3718 εἶπεν,
3487 3654 3715 3723 ἐπείπερ

2138 3746 2206 3820 ἦν
2238 3750 2392 3812 ἄλλος
2435 3749 2686 3811 Ἰάκωϐος
2715 3750 2742 3801 ὀ
2767 3747 2858 3800 τοῦ
2900 3748 3175 3816 Ἁλφαίου,
3203 3747 3289 3800 διὰ
3321 3749 3476 3800 τοῦτο
3518 3747 3712 3817 μέγας,

2140 3842 2220 3894 ὅτι
2244 3844 2355 3903 τοῖς
2379 3838 2692 3902 ἀποστόλοις
2716 3842 2827 3902 τοῖς
2856 3839 3060 3892 δώδεκα
3096 3839 3483 3910 συνηρίθμητο.
3531 3839 3586 3890 '0
3610 3838 3715 3909 γάρ

2146 3929 2339 4000 μικρὸς
2363 3929 2462 3981 οὐκ
2486 3923 2554 3995 ἦν
2587 3928 2766 3991 αὐτοῖς
2795 3928 3127 3999 ἐναρίθμιος.

2227 4022 2431 4073 Ἐκεῖνο
2468 4019 2524 4072 δὲ
2562 4019 2627 4073 ἄν
2672 4035 2756 4082 τις
2795 4020 3020 4083 εἰκότως
3070 4021 3500 4090 ὲπαπορήσειεν,
3541 4017 3658 4082 πῶς
3690 4018 3718 4070 ὁ

2144 4112 2334 4182 Σωτὴρ
2375 4111 2748 4182 ὑποσχόμενος
2792 4115 2908 4174 τοῖς
2960 4111 3263 4182 μαθηταῖς,
3308 4111 3467 4164 τοῦτο
3499 4112 3596 4180 μὲν
3626 4112 3718 4164 καί⁸

2145 4197 2233 4250 διᾶ
2253 4198 2357 4251 τῶν
2384 4199 2651 4267 ἀγγέλων,
2678 4200 2840 4252 τοῦτο
2865 4201 2920 4252 δὲ
2943 4200 3033 4252 καί
3062 4200 3150 4252 διὰ
3170 4201 3267 4270 τῆς
3288 4202 3494 4265 οἰκείας
3513 4203 3717 4270 φωνῆς,

2147 4291 2228 4344 ὃτι
2250 4294 2328 4354 εἰς
2360 4293 2458 4363 τὴν
2491 4292 2782 4346 Γαλιλαίαν
2820 4294 3147 4364 ἀφικόμενος
3191 4295 3520 4366 ὀφθήσεται,
3548 4296 3716 4366 ἐφάνη

465 4382 618 4436 visus
649 4382 721 4435 sit
767 4379 1129 4449 Jerosolymis
1157 4393 1374 4448 quoque
1403 4379 1735 4447 promissum
1759 4385 2029 4447 praestare.

2151 4381 2248 4452 τὴν
2284 4383 2615 4451 ἐπαγγελίαν
2654 4385 2748 4436 καὶ
2795 4384 2853 4435 ὲν
2897 4383 3244 4453 Ἰερουσαλὴμ
3279 4385 3519 4457 πληρῶν.
3565 4385 3720 4440 Κατά

465 4474 600 4529 Nam
635 4474 937 4528 secundum
992 4471 1196 4526 Lucam
1230 4472 1450 4541 quidem
1480 4472 1534 4525 in
1578 4473 1694 4541 ipsa
1719 4471 1808 4526 die
1857 4488 2043 4527 resur-

467 4567 729 4623 rectionis
775 4565 908 4635 ipsis
937 4564 1192 4619 undecim
1223 4564 1570 4633 congregatis
1595 4563 1676 4616 ³⁶ε
1709 4572 1767 4616 ut
1799 4561 2040 4620 Joannes

466 4665 649 4711 autem
678 4657 888 4720 scribit,
916 4664 970 4710 et
998 4657 1052 4709 in
1087 4656 1190 4708 hoc
1223 4655 1362 4724 ipso,
1389 4665 1439 4708 et
1473 4665 1666 4708 octavo
1698 4653 1786 4709 die
1819 4661 2043 4724 praestat

467 4747 861 4817 apparitionem
893 4754 1048 4801 stans
1117 4746 1172 4799 in
1203 4746 1383 4801 medio
1435 4760 1496 4799 ac
1539 4744 1763 4810 dicens,
1800 4745 1920 4800 Paa:
1965 4762 2049 4801 vo-

469 4839 548 4893 bis
579 4839 646 4905 ³⁷,
678 4846 842 4908 atque
863 4839 1025 4892 etiam
1059 4838 1282 4892 Thema:
1321 4851 1381 4892 se
1409 4837 1863 4892 contrectandum
1910 4853 2048 4908 pra:-

468 4931 623 4986 bens.
658 4930 859 4985 Verum
901 4930 1004 5001 hpc
1035 4930 1383 4985 liberalitatis
1415 4937 1469 4984 et
1515 4930 1870 4984 humanitatis
1904 4929 2046 4983 divi-

469 5022 580 5078 tias
608 5024 874 5088 ostendit,
915 5039 1019 5078 non
1054 5021 1328 5076 mendacii
1375 5023 1584 5076 crimen
1621 5022 1888 5076 continet.
1922 5021 2042 5074 Non

468 5117 616 5172 enim
651 5115 809 5185 dixit,
841 5115 902 5171 In
932 5115 1154 5170 Galilaea
1183 5114 1452 5169 duntaxat
1499 5129 1586 5168 me
1615 5115 1900 5178 videbunt,
1952 5129 2046 5168 ne-

469 5223 576 5277 que
595 5221 717 5265 verc
755 5207 1114 5277 nerosolytnis
1146 5207 1322 5270 visus,
1345 5221 1453 5259 non
1483 5206 1735 5275 apparuit
1755 5207 1808 5259 in
1825 5204 2048 5259 Galilata

473 5298 632 5352 εἰσιιύ
668 5299 1000 5368 promiserat
1028 5299 1045 5368 (
1072 5298 1178 5351 hoc
1203 5298 1349 5353 enim
1389 5305 1537 5352 esset
1583 5313 1715 5353 suos
1761 5313 2048 5353 sermones

474 5390 644 5447 falsos
674 5392 905 5448 reddere
935 5390 1316 5461 mentiendo),
1346 5391 1440 5446 sed
1472 5392 1518 5446 si
1549 5400 1604 5446 et
1643 5393 1699 5446 in
1743 5390 2048 5446 Jerusalem

2115 4526 2119 4530 _
2152 4474 2251 4544 μὲν
2294 4473 2384 4526 τὸν
2423 4476 2637 4526 Λουκᾶν
2669 4475 2726 4526 ὲν
2755 4475 2893 4545 αὐτῇ
2928 4478 2993 4544 τῇ
3027 4475 3209 4546 ἡμέρᾳ
3246 4475 3346 4546 τῆς
3374 4477 3722 4539 ἀναστάσεως

2151 4565 2630 4637 συνηθροισμένοις
2655 4569 2766 4630 τοῖς
2792 4567 2983 4620 ἕνδεκα
3004 4585 3019 4600 ο
3055 4568 3194 4621 κατά
3224 4568 3278 4620 δὲ
3306 4569 3397 4621 τὸν
3451 4569 3722 4638 Ἰωάννην,

2147 4657 2242 4710 καὶ
2263 4659 2320 4709 ὲν
2352 4658 2488 4728 αὐτῇ
2520 4659 2614 4710 καὶ
2644 4657 2702 4710 ὲν
2729 4661 2794 4729 τῇ
2825 4658 2984 4729 ὀγδόῃ
3014 4659 3196 4730 ἡμέρα
3223 4663 3454 4713 ποιεῖται
3476 4660 3574 4731 τὴν
3601 4663 3720 4713 ἑπι-

2149 4751 2397 4819 φάνειαν,
2426 4751 2554 4814 στὰς
2578 4754 2635 4805 ὲν
2666 4752 2834 4822 μέσῳ,
2861 4752 2956 4804 καὶ
2987 4752 3406 4820 λέγων,Εἰρήνη
3433 4752 3597 4822 ὑμῖν,
3630 4754 3723 4806 καὶ

2147 4842 2223 4914 τῷ
2256 4844 2426 4916 Θωμᾷ
2453 4843 2710 4916 ψηλαφᾷν
2736 4845 2970 4908 ἐνδιδοὺς
2991 4845 3199 4899 ἑαυτόν.
3235 4843 3395 4897 Ἀλλά
3417 4843 3573 4896 τοῦτο
3602 4843 3723 4912 φιλο

2154 4935 2444 5008 ανθρώπου
2480 4937 2794 5008 φιλοτιμίας
2838 4936 3063 4991 πλοῦτον
3111 4936 3457 5008 παρίστησιν,
3490 4935 3551 4988 οὐ
3589 4935 3720 5004 ψεύ-

2153 5029 2274 5092 δους
2307 5029 2419 5100 ἔχει
2453 5030 2808 5101 κατηγορίαν.
2840 5030 2913 5082 Οὐ
2947 5029 3056 5099 γὰρ
3105 5024 3278 5093 εἶπεν,
3342 5029 3431 5082 Ἐν
3457 5031 3522 5100 τῇ
3570 5027 3723 5080 Γαλι-

2155 5121 2281 5190 λαίᾳ
2309 5137 2377 5189 με
2407 5119 2624 5188 ὄψονται
2661 5121 2840 5190 μόνον,
2870 5120 2992 5172 οὔτε
3017 5119 3120 5190 μὴν
3153 5122 3210 5173 ὲν
3244 5119 3598 5190 Ἰερουσαλὴμ
3623 5135 3716 5187 φα-

2157 5211 2287 5274 νεὶς,
2325 5210 2423 5262 οὐκ
2456 5208 2611 5280 ὤφθη
2636 5210 2778 5264 κατὰ
2805 5212 2903 5282 τὴν
2938 5211 3227 5265 Γαλιλαίαν
3266 5211 3341 5274 ὼς
3367 5211 3724 5282 ἐπηγγείλατο

2161 5302 2180 5372 (
2212 5301 2366 5354 τοῦτο
2395 5301 2501 5371 γὰρ
2528 5298 2595 5373 ἦν
2619 5304 2678 5355 τὸ
2703 5305 2827 5366 τοὺς
2863 5304 3094 5368 οἰκείους
3125 5304 3428 5373 ψεύσασθαι
3474 5303 3664 5372 λόγους
3689 5308 3722 5361 l'

2160 5395 2210 5447 εἰ
2231 5394 2285 5447 δὲ
2312 5394 2406 5447 καὶ
2441 5395 2499 5448 ὲν
2543 5394 2895 5466 Ἰερουσαλὴμ
2924 5395 3435 5466 ἀποκεκλεισμένοις
3464 5396 3521 5449 ὲν
3551 5395 3726 5466 δωμα-

545 5598 584 5628 ³¹
617 5595 924 5673 Joan.__xtx,
950 5601 1039 5655 95.
1119 5602 1238 5673 ³⁹ζ³³
1271 5601 1464 5662 Matth.
1499 5620 1606 5672 xw,
1641 5602 1740 5673 l9;
1773 5601 1906 5660 Luc.
1944 5619 2004 5673 ll,

2205 5603 2251 5636 ³⁸
2280 5603 2448 5660 Marc.
2483 5619 2558 5672 γι,
2583 5603 2635 5660 5.
2712 5603 2757 5636 ³³
2789 5601 2981 5658 Matth.
3009 5617 3181 5668 xxvn,
3214 5602 3268 5655 7.
3346 5600 3392 5634 ³⁸
3415 5599 3549 5658 Luc.
3582 5613 3722 5662 utv,

472 5668 542 5722 '56
576 5684 697 5735 sqq.
779 5670 821 5700 ³⁷
850 5670 1010 5724 Joau.
1044 5688 1136 5731 xx.
1165 5671 1228 5724 21
1266 5689 1386 5742 sqq.
