4084 6158
265 375 366 432 649

1160 367 1226 423 IN
1266 366 1546 424 CllRlST‘i
1578 362 2218 423 RESURRECTIONEM
2256 358 2469 422 ORAT.
2506 364 2574 420 ll.

3426 356 3531 414 653

264 489 364 560 τεῳ
396 486 484 540 διὰ
516 484 605 539 τὸν
638 477 801 554 φόϐον
835 481 944 536 τῶν
982 480 1246 536 Ἰουδαίων
1287 480 1534 549 ἐπεφάνη
1563 478 1841 549 δεομένοις
1869 507 1880 539 λ

1983 484 2165 548 ropter
2196 487 2398 532 metmn
2437 476 2749 532 Judaeorum
2796 473 3075 530 conclusis
3127 472 3182 527 in
3242 470 3529 529 domicilio

266 579 364 650 τῆς
391 575 557 632 αὑτοῦ
594 576 925 647 παρουσίας,
967 574 1061 630 καὶ
1089 573 1187 645 τὴν
1225 571 1560 643 ἐπαγγελίαν
1599 570 1849 643 ἐπλήρωο

267 686 359 722 σεν
384 672 443 723 ἐν
471 670 539 740 τῇ
554 667 829 738 Γαλιλαίᾳ
850 666 1059 736 φανεὶς,
1085 665 1344 733 ἐκφυγεῖν
1374 661 1489 716 ἔστι
1514 663 1696 715 πᾶσαν
1724 675 1849 715 κατ-

269 760 514 832 ηγορίαν,
551 759 841 829 ἀμφότερα
874 756 1134 827 γινόμενα
1163 752 1562 828 φιλανθρώπως
1598 752 1717 823 ἅμα
1754 750 1850 804 καὶ

269 852 504 922 άληθῶς.
557 851 713 923 Ἐμοὶ
755 851 813 905 δὲ
843 850 996 904 δοκεί
1022 848 1223 920 πολλὴν
1255 846 1492 918 ἔμφασιν
1516 844 1659 917 ἔχειν
1687 844 1748 898 τὸ
1775 843 1853 896 εἱ-

271 943 507 1018 ρημένον
538 942 693 1014 παρὰ
722 941 806 1013 τῷ
847 940 1117 1013 Ματθαίῳ
1139 939 1268 1011 περὶ
1299 938 1410 992 τῶν
1451 936 1732 1009 μαθητῶν,
1765 935 1849 999 τὸ,

273 1037 408 1091 Ἵνα
427 1033 774 1088 ἀπέλθωσιν
785 1034 873 1098 εἰς
888 1031 1004 1102 τὴν
1019 1030 1376 1096 Γαλιλαίαν,
1395 1028 1571 1085 κάκεῖ
1579 1044 1657 1098 με
1677 1026 1854 1096 ὄψον-

272 1143 388 1181 ται.
440 1124 660 1179 Πολλῶν
699 1128 809 1196 γάρ
856 1125 1042 1187 αὐτοῖς
1073 1121 1290 1176 ἔσεσθαι
1330 1119 1683 1191 ἐπιφανειῶν,
1717 1116 1856 1188 πρὸς

273 1218 407 1290 μίαν
439 1218 515 1282 ὡς
561 1217 836 1289 ἐξαίρετον
886 1215 1038 1288 παρὰ
1082 1216 1182 1279 τὰς
1224 1214 1389 1279 άλλας
1434 1212 1735 1267 ἀποϐλέπει
1788 1209 1856 1264 τὰ

273 1309 372 1380 τῆς
395 1308 745 1377 ἐπαγγελίας,
768 1308 892 1362 καθ’
908 1308 973 1380 ἢν
1002 1307 1225 1379 ἔμελλεν
1253 1306 1435 1369 αὐτοῖς
1463 1305 1556 1358 ἐπὶ
1576 1303 1670 1358 τοῦ
1697 1302 1856 1374 ὅρους

276 1399 637 1471 φανήσεσθαι.
657 1399 792 1453 Τότε
809 1398 917 1469 γὰρ
938 1395 1396 1469 προσεληλυθόσιν
1411 1392 1561 1464 αὐτῷ
1574 1393 1671 1446 καὶ
1690 1407 1859 1463 προσ-

281 1490 612 1562 κεκυνηκόσι
635 1529 650 1555 ,
694 1488 855 1543 τινῶν
899 1487 1346 1560 ἀμφιδαλλόντων
1371 1527 1385 1552 ,
1433 1485 1551 1556 μετ’
1608 1483 1857 1549 ἐξουσίας

240 1581 382 1651 εέφη
416 1579 774 1651 θεοπρεποῦς,
815 1579 1024 1647 Ἐδόθη
1050 1596 1152 1649 μοι
1178 1576 1348 1635 πᾶσα
1366 1576 1621 1641 ἐξουσία
1646 1575 1715 1629 ἐν
1756 1576 1858 1629 οὐ-

276 1671 438 1740 ρανῷ
466 1672 565 1726 καὶ
597 1672 697 1726 ἐπὶ
736 1669 868 1742 τῆς.
906 1673 975 1725 Ἀ
1002 1671 1111 1743 γὰρ
1143 1665 1257 1742 εἶχε
1291 1667 1539 1740 φυσικῶς
1570 1668 1647 1743 ῶς
1678 1665 1811 1730 Θεὸς
1839 1706 1856 1731 ,

280 1738 457 1816 ταῦτα
499 1761 717 1831 λέγεται
744 1738 1518 1834 τλαμὸάνεινὼςηγενόμενθς
1572 1738 1859 1833 ἅνθρωπος

1951 569 2301 639 adventuque
2331 578 2386 625 et
2415 567 2706 639 praesentia
2742 582 2843 622 sua
2875 581 3015 637 opus
3062 564 3392 621 habentibus
3437 579 3536 635 ap-

1948 660 2154 730 paruit,
2186 667 2241 715 et
2271 659 2601 731 promissum
2636 657 2888 729 praestitit
2948 657 3004 712 in
3044 654 3266 712 Galilaaa
3315 666 3534 728 quoque

1950 751 2126 816 visus,
2163 765 2289 805 cum
2319 758 2555 820 utraque
2583 749 2815 820 benigne
2858 748 3017 817 juxta
3059 761 3125 802 ac
3162 762 3287 803 vere
3318 746 3536 803 accide-

1949 842 2084 908 rint,
2113 840 2350 912 eﬂ'ugere
2377 840 2506 897 licet
2537 855 2753 896 omnem
2786 838 3248 895 criminatioumn.
3272 837 3403 894 Mihi
3437 853 3537 893 au-

1952 942 2062 991 tem
2095 947 2345 1005 magnam
2380 948 2445 988 ac
2492 934 2748 989 latentem
2784 933 3002 988 videtur
3048 932 3103 986 in
3142 947 3204 988 se
3255 931 3537 988 continere

1957 1023 2439 1093 signiﬁcationem,
2467 1022 2611 1093 quod
2652 1021 2798 1091 apud
2840 1021 3152 1075 Matthaaum
3193 1021 3402 1077 dictum
3451 1030 3539 1078 est

1954 1115 2023 1172 de
2053 1115 2364 1183 discipulis,
2400 1129 2617 1186 nempe,
2645 1112 2712 1167 Ut
2740 1113 2931 1167 abeant
2963 1112 3019 1166 in
3050 1110 3352 1180 Galilteam,
3384 1123 3540 1184 atque

1955 1208 2027 1263 ibi
2062 1224 2143 1263 me
2189 1207 2513 1262 videbunt“.
2553 1208 2688 1262 Cum
2716 1206 2860 1261 enim
2889 1204 3130 1260 futurum
3159 1213 3325 1271 esset,
3357 1213 3416 1260 ut
3439 1216 3543 1261 sm-

1956 1300 2080 1372 pius
2113 1302 2197 1357 eis
2231 1307 2540 1372 appareret,
2568 1299 2635 1354 ad
2684 1313 2847 1353 unam
2885 1306 3146 1369 tauquam
3206 1300 3539 1368 praecipuam

1956 1403 2011 1448 et
2042 1399 2244 1463 praeter
2272 1402 2501 1447 caeteras
2546 1380 2800 1445 eximiam
2844 1389 3243 1460 apparitionem
3293 1396 3544 1459 spectant

1955 1483 2121 1538 verba
2171 1482 2574 1553 promissionis,
2604 1482 2761 1551 iuxta
2805 1495 2971 1552 quam
3022 1478 3376 1551 appariturus
3424 1489 3546 1534 erat

1954 1577 2035 1631 eis
2072 1575 2125 1629 in
2158 1582 2361 1630 monte.
2392 1573 2526 1628 Nam
2567 1581 2701 1628 tunc
2729 1588 2856 1628 cum
2909 1573 3277 1629 accessissent
3324 1580 3380 1628 et
3410 1571 3545 1629 ado-

1956 1674 2177 1724 rassent
2209 1682 2372 1733 eum,
2412 1665 2742 1736 quibusdam
2789 1664 3215 1737 ambigentibus,
3269 1680 3395 1721 eum
3447 1679 3549 1719 au-

1958 1759 2215 1814 ctoritate
2263 1758 2424 1828 plena
2470 1755 2777 1828 maiestatis
2823 1756 3023 1813 divinae
3054 1756 3195 1812 dixit
3233 1778 3246 1814 :
3288 1756 3433 1811 Data
3467 1764 3548 1812 est

277 1853 657 1924 οἰκονομικῶς.
692 1851 783 1906 Διὸ
818 1854 911 1906 καὶ
939 1852 1090 1921 ἐλεγε
1105 1867 1119 1883 ·
1142 1853 1415 1918 Δόξασόν
1426 1867 1504 1921 με
1526 1849 1631 1911 σὺ,
1653 1847 1864 1917 Πάτερ,

1981 1851 2098 1906 mihi
2124 1858 2358 1917 potestas
2387 1850 2557 1904 omnis
2581 1850 2638 1904 in
2668 1854 2798 1903 caelo
2824 1857 2872 1903 et
2891 1848 2946 1902 in
2978 1857 3122 1903 terra
3136 1849 3202 1904 ³³.
3260 1846 3396 1904 Nam
3427 1866 3549 1920 qua:

280 1944 442 2014 παρὰ
465 1942 701 2011 σεαυτῷ
733 1943 809 2014 τῇ
853 1944 1032 2014 δόξῃ,
1072 1938 1113 2018 ᾖ
1142 1941 1311 2016 εἶχον
1346 1944 1462 2015 πρὸ
1496 1942 1602 1998 τοῦ
1630 1942 1736 1997 τὸν
1764 1942 1868 1995 κό-

280 2055 445 2108 σμον
469 2034 622 2093 εἶναι
654 2038 815 2107 παρὰ
842 2039 966 2092 σοι.
1005 2038 1070 2092 Et
1099 2036 1209 2109 γὰρ
1241 2036 1316 2108 μὴ
1346 2032 1492 2106 εῖχεν
1525 2033 1695 2099 αὐτὴν
1730 2031 1868 2086 ἰδίαν

288 2128 367 2192 ῶς
396 2127 528 2191 Θεὸς
547 2167 562 2194 ,
603 2127 713 2182 τῶν
746 2126 1026 2182 ἀδυνάτων
1050 2123 1120 2200 ἦν
1151 2126 1315 2181 αὐτὸν
1343 2124 1570 2196 ταύτην,
1612 2123 1689 2188 ὼς
1716 2122 1870 2177 ἀλλο-

281 2218 441 2290 τρίαν
459 2217 668 2285 λαϐεῖν,
699 2217 795 2272 τοῦ
823 2217 960 2273 Θεοῦ
991 2219 1085 2274 καὶ
1114 2217 1326 2291 Πατρὸς
1349 2216 1438 2271 διὰ
1464 2214 1559 2269 τοῦ
1581 2215 1870 2286 Προφήτου

282 2309 558 2378 λέγοντος,
588 2308 708 2379 Τὴν
733 2309 924 2375 δόξαν
952 2328 1070 2383 μου
1098 2310 1279 2380 ἑτέρῳ
1312 2311 1385 2365 οὺ
1408 2307 1611 2365 δώσω,
1627 2306 1738 2360 Καὶ
1759 2306 1874 2360 ἐπι-

283 2402 443 2474 φέρει
464 2400 651 2455 λοιπὸν
673 2401 742 2455 τὰ
764 2401 1011 2473 ῥήματα,
1031 2402 1098 2457 δι’
1127 2397 1203 2457 ὧν
1235 2400 1458 2472 ἔμελλον
1486 2400 1587 2471 τὴν
1613 2397 1872 2466 οἰκουμέ-

284 2510 386 2564 νην
427 2492 556 2564 ὅλην
586 2493 933 2566 σαγηνεύειν,
964 2495 1059 2549 καὶ
1092 2494 1150 2549 ἐν
1196 2487 1277 2557 οἷς
1309 2495 1455 2547 ἐστιν
1500 2490 1646 2546 ἅπαν
1685 2488 1748 2543 τὸ
1777 2490 1875 2561 τῆς

286 2583 571 2649 εὐσεϐείας
609 2586 924 2659 μυστήριον.
963 2583 1361 2654 Πορευθέντες
1412 2582 1546 2654 γὰρ,
1578 2579 1735 2652 φησὶ,
1760 2594 1875 2648 μα·-

287 2677 622 2746 θητεύσατε
641 2675 841 2733 πάντα
866 2675 939 2732 τὰ
956 2676 1125 2747 ἔθνη,
1138 2673 1534 2743 βαπτίζοντες
1551 2671 1774 2738 αὐτοὺς
1791 2671 1879 2737 είς

290 2766 359 2822 τό
381 2767 571 2838 ὄνομα
589 2767 697 2823 τοῦ
724 2767 977 2838 Πατρός,
1003 2768 1240 2823 καὶτοῦ
1268 2766 1428 2831 Υὶοῦ.
1447 2766 1549 2822 καὶ
1571 2764 1680 2821 τοῦ
1701 2763 1878 2836 ἁγίου

291 2858 667 2928 Πνεύματος,
706 2857 1098 2927 διδάσκοντες
1156 2857 1380 2926 αὐτοὺς
1427 2855 1629 2928 τηρεῖν
1679 2853 1879 2909 πάντα

290 2952 416 3007 ὅσα
450 2950 840 3022 ἐνετειλάμην
869 2950 1030 3022 ὑμῖν.
1080 2951 1194 3006 Καὶ
1225 2948 1552 3024 προστίθησι
1579 2946 1769 3002 λοιπὸν
1805 2943 1877 2998 τά

294 3044 360 3099 τὸ
383 3042 540 3108 τέλος
573 3042 682 3096 τῶν
726 3043 990 3114 ῥημάτων
1021 3042 1227 3098 τούτων
1268 3044 1364 3098 καὶ
1389 3042 1489 3115 τὴν
1519 3041 1746 3095 ἔκϐασιν
1779 3040 1877 3108 ἐγ-

294 3136 580 3208 γυώμεναο
608 3133 718 3190 Καὶ
748 3134 876 3190 ἰδοὺ
908 3134 1023 3207 ἐγὼ
1046 3137 1174 3206 μεθ’
1203 3135 1372 3206 ὑμῶν
1396 3136 1514 3205 ειμι
1536 3133 1740 3198 πάσας
1770 3131 1881 3198 τὰς

1972 1944 2301 2000 naturaliter
2355 1943 2594 1998 habebat
2644 1946 2907 2012 tanquam
2951 1939 3131 2009 Deus,
3190 1941 3308 1997 haec
3351 1941 3552 1998 dicitur

1969 2036 2223 2106 accipere
2280 2041 2544 2105 tanquam
2618 2033 2783 2088 homo
2846 2039 3000 2089 certo
3059 2032 3294 2088 consilio
3348 2032 3546 2091 lactus.

1971 2127 2334 2194 Quamobrem
2384 2127 2550 2182 etiam
2587 2124 2848 2182 dicebat:
2895 2123 3155 2195 Gloriﬁea
3203 2141 3305 2193 me,
3362 2125 3549 2192 Pater,

1973 2219 2116 2290 apud
2152 2220 2481 2290 temetipsum
2515 2218 2710 2289 gloria,
2750 2233 2911 2287 quam
2957 2216 3215 2273 habebam
3268 2226 3552 2288 antequam

1974 2312 2203 2368 mundus
2232 2322 2367 2368 esset
2396 2310 2538 2382 apud
2566 2319 2614 2366 te
2643 2311 2711 2363 ⁸ο.
2742 2308 2861 2367 Nisi
2898 2309 3044 2366 enim
3097 2309 3243 2366 hanc
3274 2312 3555 2383 propriam

1976 2403 2220 2470 haberet,
2255 2410 2314 2458 ut
2358 2401 2527 2465 Deus,
2564 2402 2680 2459 lieri
2714 2415 2826 2457 non
2877 2410 3088 2472 posset,
3142 2408 3206 2456 ut
3253 2416 3374 2457 eam
3426 2409 3554 2458 tan-

1976 2513 2142 2569 quam
2173 2498 2408 2552 alienam
2442 2496 2736 2567 acciperet,
2769 2494 2881 2551 Deo
2905 2503 2960 2551 ct
2985 2493 3151 2552 Patre
3190 2510 3288 2566 per
3319 2496 3560 2566 prophe-

1977 2597 2087 2644 tam
2122 2586 2368 2643 dicente:
2400 2585 2643 2641 Gloriam
2670 2600 2840 2640 meam
2868 2582 3025 2639 alteri
3067 2600 3172 2639 non
3201 2583 3338 2640 dabo
3363 2584 3432 2640 δι.
3477 2585 3559 2641 Ac

1982 2678 2182 2737 deinde
2210 2678 2461 2749 adiungit
2492 2676 2680 2743 verba,
2710 2676 2909 2747 quibus
2936 2682 3112 2732 totum
3159 2675 3348 2733 orbem
3380 2685 3560 2733 terra-

1976 2785 2099 2827 rum
2122 2768 2430 2825 habitatum
2452 2767 2666 2839 capturi
2696 2774 2751 2824 et
2767 2766 2925 2839 quasi
2942 2767 3207 2824 irretituri
3222 2774 3404 2836 erant,
3417 2776 3473 2824 et
3502 2767 3561 2824 in

1977 2864 2179 2937 quibus
2204 2862 2457 2921 consistit
2476 2862 2793 2919 universum
2811 2862 3133 2935 mysterium
3150 2862 3390 2934 pietatis.
3418 2861 3565 2920 Eun-

1981 2968 2057 3014 tes
2080 2956 2250 3022 enim,
2280 2955 2482 3027 inquit,
2505 2953 2685 3012 docete
2701 2970 2878 3010 omnes
2902 2963 3102 3026 gentes,
3125 2954 3453 3025 baptizantes
3473 2971 3562 3012 eos

1979 3050 2035 3105 in
2056 3048 2264 3104 nomine
2281 3045 2483 3113 Patris,
2499 3056 2548 3102 et
2580 3044 2738 3113 Filii,
2760 3055 2812 3102 et
2832 3044 3067 3117 Spiritus
3097 3048 3290 3113 sancti,
3319 3047 3564 3104 docentes

1980 3156 2070 3195 eos
2106 3155 2315 3196 servare
2356 3138 2557 3204 omnia,
2600 3154 2718 3209 qua:
2745 3139 2969 3208 praecepi
3015 3137 3250 3196 vobis“.
3286 3140 3367 3196 Ac
3408 3138 3566 3197 dein-

297 3230 546 3302 ἡμέρας,
583 3227 694 3295 ἕως
729 3226 842 3297 τῆς
876 3227 1235 3295 συντελείας
1267 3227 1374 3282 τοῦ
1404 3224 1645 3292 αἰῶνος.
1679 3222 1880 3295 Ἀμήν.

1986 3246 2120 3302 ceps
2154 3230 2344 3302 adjicit
2375 3244 2441 3286 ea
2489 3229 2693 3301 quibus
2726 3229 2890 3286 (luem
2930 3230 3128 3288 horum
3168 3232 3462 3290 verborum
3512 3241 3570 3291 et

298 3324 403 3378 Διὰ
437 3321 613 3378 ταῦτα
679 3321 865 3390 ἔλεγεν
889 3337 904 3351 ο
960 3320 1387 3391 Ἀπαγγείλατε
1427 3317 1552 3384 τοῖς
1599 3314 1885 3386 ἀᾶιλφοῖς

299 3431 443 3486 μου,
483 3413 586 3467 ἵνα
609 3411 954 3469 ἀπέλθωσιν
973 3411 1063 3476 είς
1086 3408 1203 3478 τὴν
1229 3406 1591 3471 Γαλιλαίαν,
1614 3403 1789 3460 κάκεῖ
1808 3420 1886 3475 με

301 3506 583 3576 ὄψονται.
622 3503 768 3576 Πρὸς
797 3501 1001 3573 ταύτην
1030 3500 1129 3573 τὴν
1165 3499 1310 3571 ὄψιν,
1336 3499 1413 3562 ὡς
1451 3495 1588 3551 ἰδίαν
1624 3495 1748 3550 τινὰ
1792 3494 1888 3548 καὶ

300 3596 603 3671 ἐξαίρετον,
633 3594 708 3659 ὡς
730 3594 888 3666 ἔφην,
918 3590 1358 3662 ἀποτεινόμενος,
1387 3589 1455 3661 ἢν
1481 3588 1666 3652 αὐτοῖς
1688 3585 1889 3658 μᾶλλον

302 3690 401 3744 καὶ
427 3689 495 3742 δι’
523 3687 727 3761 ἐτέρων
761 3684 1025 3757 ῥημάτων
1056 3683 1418 3756 προεμήνυεν,
1455 3679 1493 3734 ἃ
1516 3681 1629 3742 τοῖς
1661 3678 1891 3746 εὐαγγε-

303 3782 475 3846 λικοίς
502 3780 826 3851 γράμμασιν
866 3778 968 3832 οὐκ
995 3774 1320 3847 ἐμφέρεται.
1373 3770 1437 3825 Et
1465 3769 1575 3843 γὰρ
1612 3768 1686 3841 μὴ
1730 3767 1891 3821 τοῦτο

304 3868 394 3944 ἦν,
424 3871 527 3924 οὐκ
554 3870 620 3924 ἂν
642 3865 796 3922 εἶπεν
823 3869 853 3922 ὁ
882 3865 1162 3928 Ματθαῖος
1182 3880 1195 3893 ⁸
1221 3865 1287 3918 οι
1304 3861 1374 3916 δὲ
1396 3860 1611 3916 ἕνδεκα
1633 3856 1892 3930 μαθηταὶ

307 3964 733 4034 ἐπορεύθησαν
771 3961 861 4028 εις
898 3959 1016 4028 τὴν
1045 3956 1383 4012 Γαλιλαίαν
1408 3956 1497 4021 εις
1528 3952 1594 4008 τὸ
1627 3952 1788 4022 ὄρος,
1809 3945 1883 4007 οὗ

307 4056 563 4122 ἐτάξατο
583 4051 789 4118 αὐτοῖς
815 4052 847 4105 ὁ
875 4048 1134 4117 ’Ῑησοῦς’
1159 4045 1398 4117 οὐδαμοῦ
1420 4044 1531 4098 τῶν
1546 4041 1895 4111 Εὐαγγελίων

311 4150 406 4204 ἐπὶ
429 4144 526 4200 τοῦ
551 4144 712 4217 ὅρους
736 4124 1113 4213 ὑποσχομένου
1144 4136 1238 4192 τοῦ
1271 4136 1478 4208 Κυρίου
1501 4133 1772 4189 ποιεῖσθαι
1795 4133 1896 4202 τὴν

308 4236 661 4307 ἐπιφάνειαν.
708 4232 865 4287 Ἐπεὶ
893 4229 1001 4302 πρὸ
1043 4228 1251 4298 ταύτης
1284 4226 1387 4298 τῆς
1416 4225 1546 4289 θέας
1586 4224 1688 4294 τῆς
1726 4223 1785 4277 ἐν
1818 4221 1898 4295 τῷ

307 4331 431 4402 ὄρει
453 4370 469 4395 ,
511 4328 604 4382 καὶ
649 4326 742 4380 ἐπὶ
766 4323 867 4396 τῆς
905 4322 1177 4394 θαλάττης
1204 4320 1388 4384 αὐτοῖς
1418 4318 1521 4389 τῆς
1555 4315 1896 4388 Τιϐεριάδος,

306 4420 439 4489 ἥτις
475 4416 595 4471 ἐστὶ
639 4416 738 4487 τῆς
781 4412 1095 4477 Γαλιλαίας,
1128 4412 1303 4482 ἐφάνη
1334 4409 1426 4463 τὸν
1472 4406 1706 4489 ἀριθμὸν
1749 4402 1900 4461 οὖσιν

309 4486 461 4566 ἑπτά
485 4525 500 4539 ·
543 4507 738 4577 Πέτρῳ
782 4506 879 4560 καὶ
927 4505 1134 4577 Θωμᾷ,
1171 4503 1267 4558 καὶ
1304 4500 1597 4573 Ναθαναὴλ
1615 4486 1643 4566 ,’
1666 4499 1763 4554 καὶ
1785 4500 1900 4563 τοῖς

310 4605 458 4667 υἱοῖς
506 4598 829 4664 Ζεϐεδαίου,
875 4599 971 4653 καὶ
998 4597 1179 4661 ἄλλοις
1226 4595 1322 4650 δύο
1351 4594 1461 4649 τῶν
1493 4592 1773 4666 μαθητῶν,
1823 4591 1900 4656 ὡς

328 4695 589 4765 Ἰωάννης
611 4690 967 4762 συνέγραψεν.
1001 4690 1160 4744 Ἀλλά
1187 4690 1324 4761 πρὸς
1348 4689 1409 4743 τὸ
1422 4687 1548 4759 ὅρος
1568 4685 1900 4748 ἀπέϐλεπεν,

310 4783 406 4843 οὗ
424 4785 677 4850 ἐτάξατο
700 4784 905 4849 αὐτοῖς
922 4787 955 4837 ό
969 4783 1219 4851 Ἰησοῦς,
1242 4782 1324 4848 τὸ,
1342 4781 1525 4837 Κάκεῖ
1531 4797 1608 4851 με
1629 4779 1901 4848 ὄψονται,

307 4877 527 4950 δηλαδὴ
562 4866 886 4948 θεοπρεπῶς
925 4872 1328 4944 ἐντελλόμενος,
1367 4871 1763 4941 Πορευθέντες
1794 4884 1908 4940 μα-

308 4971 656 5040 θητεύσατε
673 4969 871 5022 πάντα
888 4966 960 5021 τὰ
983 4966 1148 5033 ἔθνη,
1170 4964 1562 5030 ,ϐαπτίζοντες
1579 4962 1800 5027 αὐτοὺς
1820 4964 1910 5028 είς

310 5065 389 5121 τὸ
418 5061 611 5132 ὄνομα
637 5060 745 5115 τοῦ
778 5057 1011 5128 Πατρὸς
1036 5057 1135 5111 καὶ
1165 5056 1270 5111 τοῦ
1306 5055 1444 5111 Υἱοῦ
1474 5056 1573 5110 καὶ
1605 5054 1709 5110 τοῦ
1736 5055 1911 5124 ἁγίου

311 5155 693 5225 Πνεύματος.
721 5152 832 5207 Καὶ
869 5152 978 5223 γὰρ
1009 5149 1128 5204 οὐδὲ
1166 5146 1273 5203 ἀπὸ
1312 5147 1516 5203 σκοποῦ
1562 5166 1652 5219 μοι
1678 5147 1911 5202 δοκεῖτὸ

312 5249 380 5301 ὲν
410 5244 492 5314 τῷ
523 5244 642 5315 ὄρει
673 5243 774 5313 τῆς
805 5241 1094 5305 Γαλιλαίας
1123 5241 1219 5294 καὶ
1246 5240 1320 5311 μὴ
1350 5238 1579 5310 ἐτέρωθί
1603 5256 1708 5293 που
1738 5239 1912 5294 ταῦτα

309 5334 584 5408 εἰρῆσθαι
616 5333 687 5388 τὰ
708 5335 948 5405 ῥήματα.
973 5330 1233 5387 Γαλιλαία
1258 5330 1388 5402 γὰρ,
1414 5333 1453 5400 ἠ
1480 5331 1908 5398 Κατακυλιστὴ

308 5429 392 5494 τῇ
442 5422 659 5478 Ἐλλάδι
702 5422 917 5496 γλώττῃ
961 5421 1348 5496 ἑρμηνεύεται.
1395 5421 1487 5474 Διὸ
1515 5422 1611 5475 καὶ
1644 5420 1844 5490 Γελγὲλ
1880 5425 1913 5476 ὁ

313 5513 524 5587 τροχὸς
563 5511 912 5585 ὀνομάζεται.
948 5514 1216 5586 Καθάπερ
1265 5508 1358 5566 οὖν
1407 5511 1468 5577 ἐξ
1509 5511 1671 5584 ὅρους
1704 5512 1911 5584 ὑψηλοῦ

408 5717 670 5793 ῗξῌαιιιι.
710 5715 973 5783 xxvm,7.
1049 5717 1091 5749 ’9
1128 5716 1259 5771 ibid.
1284 5717 1366 5772 l8.
1452 5716 1495 5748 ‘°
1524 5714 1682 5773 Joan.
1716 5730 1846 5784 xm,
1876 5718 1931 5793 5.

311 5788 380 5824 ⁵⁵
408 5790 541 5845 ibid.
589 5787 673 5843 ίϐ.

667 5880 939 5943 ΡΑτιιοι..
973 5879 1082 5940 Gn.
1131 5880 1336 5943 XLVI.

1985 3332 2242 3380 eventum
2277 3323 2532 3394 spondet.
2578 3323 2645 3377 Et
2669 3339 2784 3378 ecce
2824 3339 2920 3394 ego
2950 3323 3221 3379 vobiscum
3249 3340 3366 3379 sum
3396 3325 3572 3380 omni-

1989 3414 2085 3469 bus
2117 3412 2302 3469 diebus
2325 3428 2491 3483 usque
2511 3411 2581 3466 ad
2611 3413 3120 3468 consummationem
3140 3414 3345 3469 sa'euli.
3366 3414 3560 3469 Amen.

1988 3503 2303 3576 Propterea
2337 3503 2557 3559 dicebat
2606 3522 2620 3558 :
2675 3501 2995 3560 Renuntiate
3034 3503 3295 3573 fratribus
3342 3505 3473 3560 meis
3511 3517 3572 3561 ut

1991 3598 2181 3652 abeant
2208 3597 2263 3650 in
2313 3593 2621 3658 Galilaeam,
2669 3604 2825 3663 atque
2868 3593 2943 3649 ibi
2997 3610 3078 3649 me
3113 3594 3446 3652 videbunt”.
3488 3598 3573 3654 Ad

1993 3686 2138 3740 hanc
2195 3683 2621 3754 apparitionem,
2655 3689 2918 3754 tanquam
2953 3684 3234 3756 propriam
3275 3688 3571 3758 quamdam

1992 3785 2157 3848 atque
2187 3774 2540 3847 praecipuam,
2577 3784 2637 3830 ut
2667 3775 2803 3842 dixi,
2835 3776 3173 3847 respiciens‘:
3201 3792 3366 3848 quam
3400 3780 3575 3851 magis

1992 3869 2156 3926 etiam
2190 3869 2273 3924 eis
2304 3882 2400 3939 per
2435 3867 2542 3922 alia
2574 3866 2740 3925 verba
2779 3866 3143 3939 praedixerat,
3175 3885 3300 3941 quae
3332 3870 3390 3927 in
3417 3886 3558 3928 evar.

1993 3962 2186 4035 gelicis
2216 3962 2442 4033 scriptis
2469 3966 2590 4018 non
2623 3962 2997 4018 continentur.
3032 3960 3150 4020 Nisi
3183 3966 3331 4021 enim
3364 3965 3470 4024 hoc
3502 3969 3579 4023 ita

1995 4059 2163 4117 esset,
2191 4066 2302 4107 non
2335 4051 2570 4107 dixisset
2603 4048 2893 4107 Mattbazus
2920 4070 2934 4106 :
2964 4049 3218 4108 Undecim
3245 4062 3422 4111 autem
3451 4074 3580 4127 apo-

1997 4145 2124 4199 stoli
2156 4142 2402 4199 abierunt
2425 4144 2483 4197 in
2513 4141 2820 4209 Galilaeam,
2861 4145 2918 4199 in
2962 4154 3193 4202 montem
3228 4149 3318 4203 ubi
3377 4152 3581 4205 consti-

1999 4242 2174 4288 tuerat
2226 4232 2302 4286 eis
2339 4229 2498 4287 Iesus
2518 4230 2604 4286 διε
2660 4247 2786 4288 eum
2832 4248 3107 4305 nusquam
3158 4236 3214 4291 in
3271 4236 3581 4309 Evangeliis

1998 4325 2280 4396 pollicitus
2317 4324 2390 4379 sit
2426 4322 2690 4380 Dominus
2740 4324 2795 4380 in
2843 4336 3027 4383 monte
3054 4342 3114 4385 se
3138 4326 3413 4384 facturum
3459 4345 3584 4387 esse

2000 4417 2420 4488 apparitionem.
2454 4414 2590 4471 Nam
2616 4427 2744 4472 ante
2775 4418 2921 4473 hanc
2942 4420 3345 4490 apparitionem
3372 4437 3496 4492 qua:
3525 4422 3583 4479 in

1932 4557 1979 4617 υ
2002 4517 2188 4617 monte
2222 4508 2447 4617 accidit,
2480 4509 2645 4564 etiam
2679 4510 2747 4566 ad
2797 4525 2951 4567 mare
2990 4526 3214 4582 quoque
3249 4511 3585 4582 Tiberiadis,

2002 4600 2151 4672 quod
2180 4608 2266 4657 est
2309 4599 2568 4666 Galilaam,
2610 4602 2866 4670 apparuit
2915 4602 3049 4668 illis,
3100 4604 3195 4672 qui
3243 4613 3453 4676 septem
3486 4624 3589 4664 nu-

2004 4708 2161 4750 mero
2189 4708 2299 4749 una
2348 4701 2509 4750 erant
2535 4728 2559 4757 ,ν
2590 4691 2757 4750 Petro
2798 4694 3085 4762 nimirum,
3117 4695 3362 4765 Thomas,
3385 4698 3593 4757 Natha—

2006 4784 2176 4851 naeli,
2211 4791 2267 4840 et
2297 4783 2426 4839 ﬁliis
2453 4781 2724 4849 Zebedaai,
2759 4784 2993 4857 aliisque
3036 4788 3255 4845 duobus
3301 4805 3367 4846 ex
3417 4792 3592 4850 disci-

2009 4876 2191 4946 pulis,
2242 4883 2302 4929 ut
2359 4872 2603 4931 Joannes
2642 4870 2935 4947 scriptum
2967 4878 3212 4949 reliquit.
3266 4878 3468 4939 Verum
3521 4886 3592 4940 ad

2013 4976 2280 5034 montem,
2302 4967 2393 5020 ubi
2415 4969 2763 5023 constituerat
2789 4969 2866 5024 eis
2890 4969 3072 5036 Iesus,
3099 4972 3431 5042 respiciebat
3456 4977 3593 5039 illud

2010 5060 2263 5123 verbum,
2296 5056 2380 5112 Ibi
2405 5075 2488 5114 me
2514 5060 2783 5129 videbunt,
2823 5062 3024 5119 divinae
3073 5064 3380 5136 maiestatis
3432 5071 3594 5140 plena

2010 5152 2267 5209 videlicet
2293 5151 2544 5208 oratione
2578 5154 2845 5211 mandans
2875 5165 2931 5210 et
2974 5157 3322 5228 praecipiens.
3364 5160 3591 5230 Euntes,

2014 5242 2193 5298 docete
2219 5257 2396 5296 omnes
2417 5251 2616 5311 gentes,
2632 5242 2963 5312 baptizantes
2979 5262 3066 5301 eos
3087 5248 3142 5302 in
3158 5251 3370 5306 nomine
3387 5251 3595 5317 Patris,

2013 5342 2062 5388 et
2092 5329 2249 5399 Filii,
2279 5341 2329 5386 et
2362 5330 2593 5400 Spiritus
2622 5335 2815 5387 sancti.
2870 5334 3085 5391 Etenim
3120 5354 3222 5395 nec
3254 5341 3355 5398 abs
3390 5359 3448 5399 re
3477 5345 3600 5416 qui-

2021 5424 2143 5480 dem
2179 5424 2335 5491 mihi,
2367 5438 2471 5480 nec
2517 5435 2672 5481 extra
2697 5429 3037 5498 propositum
3080 5433 3322 5501 videtur,
3365 5438 3512 5508 quod
3544 5440 3600 5495 in

2026 5528 2210 5573 monte
2240 5517 2497 5585 Galilaeae,
2528 5529 2579 5577 et
2612 5536 2720 5578 non
2767 5522 2951 5594 aliquo
2981 5526 3091 5583 alio
3135 5528 3258 5585 loco
3287 5530 3404 5586 haec
3439 5532 3602 5588 verba

2008 5718 2052 5752 δ’
2085 5720 2188 5776 lsa.
2225 5737 2359 5789 xm,
2388 5736 2441 5780 δ.
2504 5725 2549 5757 ’⁸
2584 5723 2776 5779 Matth.
2808 5740 3001 5792 xmzt,
3040 5729 3120 5797 l9,
3145 5729 3235 5785 ‘20.
3315 5732 3363 5765 "
3392 5732 3526 5789 ibid.
3554 5731 3602 5785 7.

3216 5892 3294 5953 21
