4084 6158
578 445 673 502 651
1785 443 1841 499 S.
1867 442 2192 499 GREGORII
2225 442 2521 501 NYSSENI
3719 447 3827 502 652

576 567 722 618 dicta
751 563 985 618 fuerunt.
1021 561 1154 616 Nam
1190 560 1412 617 Galilma
1441 561 1624 632 lingua
1679 563 1866 618 Grmca
1904 580 2116 617 κατακυ

2244 564 2336 617 τοῦ
2382 565 2656 636 Σωτηρίου
2697 565 2961 636 στόματος
3009 561 3404 635 προενεχθέντα
3429 563 3598 619 ταῦτα
3626 563 3694 618 τὰ
3727 567 3827 635 ῥή-

573 655 752 725 λιστή,
793 654 846 708 id
871 662 976 716 est,
1009 652 1273 717 devoluta,
1309 653 1426 708 sive
1455 651 1765 706 devolubilis
1815 655 2124 722 interpreta-

2254 671 2418 724 ματα,
2452 655 2607 724 δίκην
2637 656 2831 727 τροχοῦ
2873 655 3014 709 κατὰ
3046 655 3148 724 τῆς
3185 654 3510 726 οἰκουμένης
3543 655 3828 728 ἓκυλίσθη,

575 757 683 811 tur,
707 746 850 801 unde
877 747 1041 802 etiam
1075 746 1257 816 Gelgel
1287 745 1419 800 llota
1449 747 1782 800 nominatur.
1801 745 1968 814 [gitur
1996 746 2116 799 velu

2251 747 2344 799 καί
2387 747 2565 800 πᾶσαν
2595 747 2903 818 ἐπέδραμεν
2922 762 2935 776 ·
2977 747 3075 800 καὶ
3113 745 3520 817 ἐϐαπτίσθησαν
3550 748 3826 812 ἅπαντες,

569 853 637 892 ex
681 846 867 893 monte
913 839 1152 905 excelso,
1189 836 1489 892 Salvatoris
1523 836 1775 891 videlicet
1809 851 1904 891 ore
1931 837 2124 906 prolat:

2250 837 2344 889 καὶ
2385 837 2454 890 τὰ
2484 835 2611 908 ἔθνη
2641 838 2736 890 καί
2757 837 2968 906 πόλεις,
2998 839 3100 904 Εἰς
3128 836 3195 891 τὸ
3233 837 3421 906 ὄνομα
3450 837 3557 893 τοῦ
3595 838 3822 906 Πατρός

569 929 686 982 hinc
744 929 930 994 verba,
966 936 1100 983 rota:
1151 929 1203 982 in
1253 927 1498 994 modum,
1544 928 1598 981 in
1635 927 1820 982 orbem
1872 937 2124 982 terrarun

2249 927 2471 983 καὶτοῦ
2499 927 2636 982 Υίοῦ
2665 928 2764 982 καί
2794 930 2900 984 τσῦ
2925 930 3098 1001 ἁγίου
3135 930 3500 999 Πνεύματος.

571 1023 872 1077 habitatum
904 1022 1154 1078 devoluta
1186 1033 1336 1089 sunt,
1365 1029 1418 1077 et
1448 1035 1666 1076 omnem
1700 1029 2124 1092 percurrcrunt;
2149 1029 2311 1092 atque
2332 1021 2572 1078 universi
2606 1020 2864 1093 baptizati
2896 1033 3042 1090 sunt,
3067 1029 3120 1077 et
3142 1030 3350 1093 gentes,
3377 1029 3431 1077 et
3467 1019 3735 1084 civitates
3768 1021 3825 1076 in

567 1115 775 1169 nomine
803 1113 1008 1178 Patris,
1045 1125 1093 1169 et
1135 1113 1288 1178 Filii,
1329 1123 1378 1168 et
1415 1113 1644 1182 Spiritus
1686 1114 1878 1167 sancti.

637 1204 902 1258 Caeterum
938 1203 1023 1258 his
1058 1202 1241 1257 verbis
1272 1202 1475 1257 auditis
1496 1243 1510 1267 ,
1543 1201 1800 1272 discipuli
1832 1201 1899 1256 ad
1934 1202 2138 1256 nullam

566 1305 782 1366 gentem
819 1295 1004 1350 statim
1041 1294 1269 1364 profecti
1301 1303 1464 1358 sunt,
1497 1294 1594 1349 sed
1626 1304 1949 1350 manserunt
1979 1292 2138 1350 Jeru-

566 1388 733 1442 salem
768 1400 943 1454 usque
979 1386 1044 1440 ad
1079 1384 1435 1441 Pentecoswn
1458 1426 1473 1450 ,
1510 1392 1897 1455 exspectantes
1931 1387 2136 1442 adven-

567 1491 678 1530 tum
718 1485 774 1532 et
817 1478 1164 1546 praesentiam
1205 1477 1441 1548 Spiritus
1481 1478 1696 1542 sancti,
1737 1477 1832 1547 qui
1874 1478 1926 1530 in
1961 1477 2136 1547 igneis

565 1567 766 1637 linguis
799 1566 864 1621 ad
899 1583 993 1624 eos
1028 1569 1279 1623 accessit.
1320 1567 1455 1622 Nam
1491 1583 1614 1622 cum
1655 1569 1728 1623 ita
1762 1569 1930 1624 variis
1959 1565 2136 1623 modis

561 1659 643 1714 eis
675 1657 741 1713 ad
773 1659 1139 1729 quadraginta
1171 1659 1290 1715 dies
1325 1672 1647 1729 appareret,
1689 1666 1745 1715 et
1775 1669 2134 1730 congregaret

564 1750 619 1803 in
669 1764 872 1815 animi,
909 1749 1372 1820 quemadmodum
1413 1748 1588 1806 Lucas
1623 1749 1700 1804 ait
1752 1749 1808 1804 in
1861 1751 2131 1821 principio

563 1840 685 1894 libri
721 1839 986 1893 Actorum
1034 1839 1101 1902 ",
1143 1839 1495 1910 prmcipiebat
1521 1846 1574 1894 ct
1610 1839 1906 1893 mandabat
1955 1857 2018 1894 ne
2063 1842 2130 1894 ab

2330 1204 2490 1259 Ἀλλὰ
2519 1207 2726 1260 τούτων
2757 1205 3091 1269 ἀκούσαντες
3138 1203 3247 1258 τῶν
3279 1205 3539 1277 ῥημάτιον
3561 1205 3611 1259 οἰ
3641 1205 3821 1276 μαθη-

2243 1297 2370 1363 ταὶ,
2413 1299 2562 1370 πρὸς
2589 1298 2743 1352 οὐδὲν
2788 1297 2939 1362 ἔθνος
2989 1295 3365 1368 ἐπορεύθησαν
3415 1295 3656 1363 εὐθέως,
3703 1297 3821 1351 ἀλλ’

2242 1387 2433 1458 ἔμενον
2480 1391 2539 1443 έν
2624 1387 2978 1460 Ἰερουσαλὴμ
3037 1387 3198 1459 μέχρι
3251 1387 3350 1456 τῆς
3405 1387 3818 1460 Πεντηκοστῆς,

2243 1474 2600 1544 ἀναμένοντες
2624 1475 2722 1548 τὴν
2753 1474 2874 1545 ένδη
2884 1475 3010 1544 μίαν
3036 1474 3128 1528 τοῦ
3157 1475 3312 1542 ἁγίου
3336 1474 3672 1547 Πνεῦματος,
3695 1478 3820 1548 ἥτις

2243 1565 2426 1629 αὐτοῖς
2460 1566 2517 1618 ὲν
2549 1565 2802 1636 πυρίναις
2842 1565 3166 1637 ἐπεφοίτησε
3193 1565 3484 1635 γλώσσαις.
3527 1566 3682 1620 Οὕτω
3708 1568 3819 1640 γὰρ

2245 1656 2430 1720 αὐτοῖς
2463 1657 2556 1710 ἐπὶ
2585 1657 2986 1729 τεσσαράκοντα
3026 1657 3238 1728 ἡμέρας
3260 1657 3530 1730 διαφόρως
3557 1661 3818 1729 φαινόμε-

2237 1762 2327 1808 νος
2356 1747 2954 1819 καί.συναυλιζόμενος,
3043 1765 3206 1819 φησιν
3229 1748 3287 1803 ὲν
3315 1750 3454 1822 ἀρχῇ
3487 1749 3579 1804 τοῦ
3609 1751 3816 1819 βιϐλίου

2235 1836 2347 1889 τῶν
2380 1838 2639 1908 Πράξεων
2661 1840 2689 1892 ὁ
2718 1841 2932 1904 Λουκᾶς
2968 1840 3304 1894 Ἐνετέλλετο
3347 1842 3440 1895 καὶ
3468 1843 3816 1914 παρήγγελλε

558 1929 904 2000 Jerosolymis
927 1929 1254 1984 discederent
1276 1969 1289 1990 ,
1317 1928 1406 1983 sed
1431 1939 1485 1982 ut
1509 1939 1869 1999 exspectarent
1896 1932 2124 1998 promis-

2241 1926 2435 1995 λέγων,
2484 1930 2624 1982 Ἀπὸ
2669 1930 3093 2000 Ἰεροσολύμων
3125 1929 3211 2000 μὴ
3241 1930 3612 2000 χωρίζὲσθαι,
3655 1933 3818 1988 ἀλλὰ

560 2038 677 2076 sum
697 2021 906 2085 Patris,
934 2025 998 2075 de
1018 2037 1119 2092 quo
1146 2021 1369 2092 (inquit)
1395 2021 1623 2075 audistis
1654 2037 1720 2075 ex
1744 2037 1852 2082 me,
1883 2023 2129 2090 quoniam

557 2109 794 2165 Joannes
826 2110 1034 2180 quidem
1075 2126 1214 2181 aqua
1251 2111 1578 2178 baptizavit,
1612 2127 1701 2165 vos
1741 2123 1914 2165 autem
1957 2111 2129 2180 bapti-

559 2201 813 2256 zabimini
845 2201 1049 2270 Spiritu
1075 2213 1277 2255 sancto.
1312 2200 1618 2256 Admodum
1652 2211 1834 2258 autem
1869 2203 2126 2272 pulchre,

559 2293 635 2364 μὴ
670 2293 994 2364 χωρίζεσθαι
1025 2293 1102 2363 (id
1133 2301 1293 2349 sonat
1325 2292 1514 2348 Latine
1549 2309 1611 2347 ne
1636 2303 2012 2361 separarentur
2047 2295 2129 2348 vel

554 2385 982 2456 disjungerentur
1006 2388 1047 2455 ),
1084 2387 1186 2441 hoc
1219 2393 1326 2450 est,
1369 2401 1438 2440 ne
1478 2386 1636 2456 longe
1674 2386 1978 2450 distarent,
2023 2403 2128 2442 neu

557 2478 745 2547 procul
797 2478 1091 2539 abessent,
1148 2492 1255 2530 non
1314 2483 1496 2531 autem
1553 2475 1727 2538 dixit,
1779 2491 1848 2530 ne
1902 2491 2128 2546 prorsus

553 2571 764 2626 exirent
792 2586 859 2624 ex
895 2568 1221 2625 Jerusalem.
1265 2567 1400 2623 Nam
1433 2583 1539 2638 qua
1572 2569 1783 2622 ratione
1811 2567 1914 2622 hoc
1951 2570 2127 2624 dictu-

556 2679 650 2732 rus
692 2661 922 2726 fuisset,
969 2662 1062 2726 qui
1113 2670 1450 2732 prarceperat
1493 2661 1601 2726 eis,
1656 2669 1716 2714 ut
1765 2661 1817 2714 in
1851 2659 2126 2715 Galilaeam

555 2757 802 2812 venirent
823 2756 853 2811 ἰ·
889 2755 1044 2821 Quod
1080 2763 1265 2809 autem
1304 2755 1355 2806 in
1393 2753 1501 2808 line
1536 2750 1817 2822 Evangelii
1850 2751 2012 2806 Lucae
2043 2751 2128 2806 di-

552 2858 699 2902 ctum
731 2854 854 2901 est:
895 2845 961 2899 Et
997 2845 1189 2898 accidit
1216 2843 1342 2896 dum
1375 2843 1697 2898 benediceret
1731 2843 1830 2908 eis,
1881 2842 2126 2896 discessit

552 2938 616 2991 ab
667 2938 777 2999 eis,
825 2946 874 2989 et
922 2935 1207 2989 tollebatur
1256 2935 1311 2988 in
1359 2936 1548 2989 coelum
1593 2935 1659 2988 “.
1693 2935 1935 3004 Itemque
1977 2933 2125 3002 quod

552 3031 694 3099 apud
735 3028 976 3082 Marcum
1020 3028 1284 3096 scriptum
1313 3035 1400 3082 est
1427 3045 1440 3081 :
1474 3027 1550 3080 Ac
1586 3026 1846 3082 Dominus
1876 3024 2122 3097 quidem,

550 3127 826 3188 postquam
871 3115 1072 3170 locutus
1101 3116 1286 3185 fuisset
1325 3115 1401 3169 eis
1422 3154 1439 3180 ,
1495 3124 1798 3184 assumptus
1830 3116 1995 3170 estin
2024 3131 2125 3170 car-

551 3211 695 3271 tum,
735 3217 783 3262 et
824 3205 960 3262 sedit
999 3223 1031 3260 a
1066 3207 1269 3261 dextris
1302 3206 1396 3261 Dei
1429 3206 1514 3260 ‘7:
1554 3206 1968 3277 intelligendum
2004 3215 2126 3274 est,

2233 2019 2582 2088 περιμένειν
2607 2021 2722 2087 τὴν
2743 2021 3105 2091 ἐπαγγελίαν
3131 2020 3238 2075 τοῦ
3258 2023 3510 2091 Πατρός,
3528 2021 3608 2091 ἣν
3633 2025 3818 2092 ἡκού-

2231 2112 2380 2164 σατέ
2387 2130 2528 2181 μου,
2553 2113 2644 2167 ὅτι
2671 2112 2943 2182 Ἰωάννης
2961 2112 3078 2182 μὲν
3097 2113 3420 2168 ἐϐάπτισεν
3436 2113 3624 2180 ὕδατι,
3643 2118 3814 2186 ὑμεῖς

2231 2201 2299 2254 δὲ
2331 2203 2828 2272 ,βαπτισθήσεσθε
2873 2205 2944 2258 ἐν
2979 2205 3280 2273 Πνεύματι
3319 2205 3486 2276 ἁγίῳ.
3519 2208 3714 2272 Καλῶς
3753 2209 3815 2262 δὲ

2230 2293 2369 2361 ἄγαν
2397 2293 2456 2346 τὺ
2482 2295 2556 2366 μὴ
2591 2293 2952 2366 χωρίζεσθαι,
2997 2293 3154 2348 τοῦτό
3193 2295 3309 2349 ἐστι
3351 2296 3426 2368 μὴ
3459 2297 3676 2368 μακρὰν
3704 2299 3814 2369 ἁφ-

2234 2382 2520 2449 ίστασθαι,
2569 2385 2705 2457 μηδὲ
2739 2385 2926 2457 πόρῤω
2967 2383 3246 2454 γίνεσθαι,
3290 2388 3387 2441 καὶ
3424 2388 3524 2442 οὐκ
3567 2387 3689 2443 εἷπε
3732 2390 3810 2462 μὴ

2230 2473 2427 2538 ἐξιέναι
2479 2474 2540 2528 τὸ
2597 2475 2859 2546 παράπαν
2921 2475 3022 2545 τῆς
3091 2475 3466 2547 Ἰερουσαλήμ.
3520 2475 3646 2540 Πῶς
3696 2478 3810 2549 γὰρ

2229 2565 2418 2636 ἔμελλε
2463 2565 2620 2619 τοῦτο
2665 2569 2860 2633 εἰπεῖν,
2914 2569 2942 2621 ό
2989 2565 3296 2638 προστάξας
3341 2569 3524 2631 αὐτοῖς
3577 2569 3658 2632 είς
3707 2569 3811 2640 τὴν

2227 2658 2516 2712 Γαλιλαίαν
2551 2657 2762 2724 ὲλθεῖν;
2803 2658 2915 2712 Καὶ
2954 2657 3016 2711 τδ
3045 2657 3333 2728 εἰρημένον
3364 2657 3421 2710 δὲ
3457 2660 3516 2713 ἐν
3547 2658 3623 2730 τῷ
3662 2659 3808 2714 τέλει

2225 2747 2320 2802 τοῦ
2351 2748 2680 2817 Εὑαγγελίου
2706 2748 2782 2820 τῷ
2811 2747 3027 2819 Λουκᾷ·
3075 2750 3178 2804 Καὶ
3215 2746 3450 2818 ἐγένετο
3489 2749 3551 2802 ἐν
3588 2749 3668 2816 τῷ
3699 2752 3805 2804 εὐ-

2225 2839 2430 2909 λογεῖν
2454 2840 2643 2894 αὑτὸν
2661 2839 2903 2906 αὐτοὺς,
2931 2837 3138 2908 διέστη
3183 2840 3284 2896 ἀπ’
3310 2839 3527 2906 αὐτῶν,
3569 2843 3665 2894 καὶ
3701 2841 3808 2897 dr-

2226 2929 2468 3000 εφέρετο
2507 2931 2594 2996 εἰς
2622 2930 2728 2984 τὸν
2755 2931 3036 3000 οὐρανόν.
3081 2931 3309 3003 ὀμοίως
3345 2931 3403 2986 δὲ
3431 2933 3527 2987 καί.
3560 2933 3622 2986 τὸ
3654 2933 3807 3005 παρὰ

2226 3020 2303 3092 τῷ
2340 3021 2554 3093 Μάρκῳ
2583 3021 2988 3094 γεγραμμένονο
3033 3023 3096 3076 '0
3123 3022 3240 3092 μὲν
3279 3017 3394 3079 οὖν
3421 3025 3636 3092 Κύριος
3653 3027 3807 3094 μετὰ

2226 3111 2294 3166 τὸ
2333 3111 2602 3180 λαλῆσαι
2639 3111 2876 3178 αὐτοῖς,
2907 3113 3218 3182 ἀνελήφθη
3259 3115 3346 3180 εὶς
3381 3114 3487 3167 τόν
3518 3118 3803 3184 οὐρανὸν.

2229 3202 2327 3257 καί
2354 3201 2636 3258 ἐκάθισεν
2662 3202 2730 3256 ἐκ
2771 3202 2982 3267 δεξιῶν
3013 3204 3119 3259 τοῦ
3164 3205 3339 3259 Θεοῦ’
3381 3206 3598 3277 νοητέον
3641 3209 3700 3263 ὲν
3736 3211 3803 3280 τῇ

549 3302 819 3358 accidisse
851 3301 1269 3371 quadragesimo
1299 3299 1419 3363 die,
1457 3274 1762 3354 secundum
1797 3299 1850 3352 id
1885 3299 2037 3369 quod
2069 3301 2124 3354 in

2239 3293 2647 3364 τεσσαρακοστῇ
2700 3291 2882 3364 ἡμέρᾳ
2924 3291 3275 3363 γεγενῆσθαι,
3327 3274 3472 3348 κατᾶ
3505 3296 3566 3349 τὺ
3589 3297 3649 3350 ὲν
3682 3274 3805 3363 ταῖς

549 3395 705 3450 Actis
732 3394 1009 3450 memoria:
1038 3393 1315 3464 proditum
1343 3401 1444 3448 est.
1474 3390 1607 3458 Quae
1631 3390 1776 3445 enim
1805 3391 2044 3447 breviter
2072 3399 2126 3447 et

547 3487 811 3543 cencisim
842 3486 897 3540 in
925 3484 1234 3556 Evangeliis
1255 3484 1544 3549 dixerunt,
1568 3484 1684 3538 haec
1715 3483 1908 3537 latiore
1932 3498 2124 3538 narra-

547 3580 695 3635 tione
723 3579 1066 3649 explicantur
1092 3588 1144 3633 et
1173 3577 1544 3633 declarantur.
1579 3574 1704 3630 Hzec
1731 3582 1895 3640 sunt,
1922 3590 2045 3645 quae
2070 3575 2122 3629 in

544 3673 876 3745 evangelicis
923 3670 1253 3727 lectionibus
1286 3671 1578 3724 Dominicae
1617 3669 1796 3724 noctis
1841 3668 2126 3723 continen-

544 3775 659 3829 tur,
680 3781 799 3835 qua:
828 3765 1166 3831 ignorantem
1194 3762 1514 3831 perturbare
1543 3760 1775 3830 possint,
1805 3773 1923 3829 qua?
1958 3758 2123 3813 etiam

546 3855 702 3907 vobis
723 3864 979 3921 tanquam
1003 3851 1244 3906 debitum
1266 3849 1626 3919 dependimus
1651 3866 1664 3902 :
1690 3866 1786 3904 vos
1802 3858 1981 3905 autem
2004 3865 2124 3919 qua:

551 3941 749 3994 facturi
787 3941 908 3995 sitis
941 3940 1055 3993 haec
1087 3938 1371 3993 audientes
1392 3977 1408 4002 ,
1435 3939 1704 3994 erubesco
1736 3940 1919 3994 dicere
1939 3980 1954 4000 .
1985 3953 2120 3993 con-

549 4033 802 4087 siderans
843 4046 1177 4086 concursum
1223 4030 1291 4084 ad
1343 4032 1717 4102 spectaculum
1746 4071 1762 4095 ,
1806 4033 2123 4102 rabiemque

548 4121 940 4176 multitudinis.
973 4120 1216 4177 Prmbe'at
1248 4131 1430 4178 autem
1465 4123 1624 4179 nobis
1656 4123 1918 4182 Dominus
1949 4125 2121 4178 virtu-

549 4214 750 4284 temad
785 4213 1172 4269 declinandum
1217 4229 1246 4268 a
1291 4216 1436 4270 malo
1471 4223 1525 4270 et
1559 4216 1624 4270 ad
1661 4216 1863 4270 bonum
1910 4215 2117 4270 facien-

545 4309 675 4360 dum
711 4319 806 4376 per
835 4308 1061 4376 gratiam
1091 4313 1255 4376 atque
1284 4307 1670 4377 benignitatem
1706 4306 1914 4360 Domini
1946 4314 2000 4360 et
2027 4305 2120 4360 Dei

544 4406 600 4451 et
632 4395 940 4452 Servatoris
970 4397 1142 4450 nostri
1169 4395 1298 4450 Jesu
1327 4395 1534 4450 Christi
1567 4415 1580 4449 :
1613 4397 1699 4449 cui
1731 4395 1904 4466 gloria
1935 4405 1988 4448 et
2020 4396 2122 4448 im-

547 4489 755 4557 perium
803 4503 927 4541 cum
975 4485 1173 4558 [Patre
1205 4485 1300 4557 et]
1348 4486 1560 4556 Spiritu
1609 4493 1838 4550 sancto,
1884 4501 2030 4539 nunc
2065 4493 2122 4540 et

542 4594 779 4648 semper,
811 4585 866 4632 et
898 4580 954 4630 in
991 4577 1187 4632 sazcula
1221 4576 1570 4630 sreculorum.
1605 4576 1798 4628 Amen.

1138 4709 1396 4766 ORATIO
1438 4709 1521 4764 ΙΙΙ.

540 4832 616 4886 De
648 4847 798 4886 sacro
824 4830 956 4897 [esto
984 4826 1202 4880 Pascha:
1226 4833 1284 4897 et
1302 4821 1826 4897 deAResurrectione,
1856 4819 2036 4873 habita
2064 4819 2117 4871 in

1003 4913 1194 4966 magna
1233 4896 1317 4949 die
1357 4889 1653 4947 Dominica.

609 5037 885 5107 Panperes
910 5035 1182 5097 homines,
1207 5032 1297 5102 qui
1320 5031 1438 5086 dies
1464 5030 1636 5088 festos
1663 5034 1883 5091 amant,
1910 5035 1963 5081 et
1989 5041 2112 5080 cum

539 5131 746 5185 lubenti
768 5144 832 5183 ac
851 5137 1041 5198 parato
1067 5126 1273 5191 animo,
1291 5133 1406 5178 tum
1435 5123 1621 5176 habitu
1649 5120 1911 5190 cultuque
1935 5123 2118 5190 splen-

539 5224 670 5278 dido
696 5229 998 5277 conventus
1023 5234 1087 5274 ac
1113 5217 1461 5273 celebritates
1494 5214 1880 5284 frequentant,
1915 5213 2018 5267 etsi
2048 5212 2115 5266 de

539 5328 644 5368 suo
697 5311 802 5367 sibi
856 5309 1211 5380 suppeditare
1267 5313 1520 5376 sumptus
1581 5304 1649 5358 ad
1703 5304 2112 5368 eam,cuistu-

539 5408 691 5470 dent,
720 5404 1043 5473 elegantiam
1076 5415 1184 5454 non
1215 5405 1466 5469 possunt,
1493 5410 1522 5448 a
1552 5396 1696 5450 notis
1731 5403 1914 5449 tamen
1950 5404 2112 5463 atque

541 5496 863 5568 propinquis
890 5509 1105 5550 omnem
1135 5490 1481 5561 magniﬁcum
1514 5503 1578 5542 ac
1614 5487 1914 5557 pretiosum
2010 5501 2110 5539 or-

539 5597 730 5644 natum
777 5592 1166 5655 corrogantes,
1207 5583 1488 5643 elﬁciunt,
1539 5586 1599 5633 ut
1639 5577 1777 5632 nihil
1821 5577 1924 5632 sibi
1971 5577 2112 5630 desit

540 5685 606 5739 ad
647 5687 973 5753 praesentem
1012 5691 1194 5732 usum.
1233 5671 1390 5740 Quod
1426 5669 1558 5725 mihi
1594 5683 1818 5740 quoque
1853 5667 2108 5738 praesenti

608 5860 650 5890 ’⁵
687 5860 804 5911 Act.
837 5872 874 5918 ι,
916 5853 959 5915 ί,
995 5853 1045 5907 5.

2229 3381 2496 3451 Πράξεσιν
2523 3383 2895 3452 ἱστορημένον.
2930 3385 2996 3436 Ἀ
3024 3383 3133 3455 γὰρ
3150 3384 3500 3455 ἐπιτεμόντες
3532 3387 3590 3439 ὲν
3619 3387 3803 3458 Εὐαγ-

2227 3471 2423 3539 γελίοις
2472 3473 2759 3543 εἰρήκασι,
2807 3472 2979 3527 ταῦτα
3039 3473 3117 3545 τῷ
3166 3474 3354 3529 πλάτει
3412 3477 3511 3547 τῆς
3561 3478 3809 3550 ίστορίας

2226 3560 2552 3626 ἑξαπλοῦται
2605 3563 2699 3615 καὶ
2751 3563 3129 3632 σαφηνίζεται.
3176 3564 3362 3621 Ταῦτά
3409 3569 3526 3622 ἐστι
3577 3569 3647 3624 τὰ
3690 3573 3806 3634 τοῖς

2225 3651 2597 3719 εὐαγγελικοῖς
2660 3653 3049 3724 ἀναγνώσμασι
3103 3657 3203 3726 τῆς
3264 3657 3552 3729 Κυριακῆς
3609 3661 3806 3726 νυκτὸς

2226 3742 2618 3814 περιεχόμενα,
2661 3743 2754 3796 καὶ
2786 3744 3033 3815 θορυϐεῖν
3071 3745 3160 3799 τὸν
3187 3748 3481 3816 ἀγνοοῦντα
3505 3749 3803 3822 δυνάμενα,

2223 3833 2258 3886 ἃ
2307 3833 2402 3886 καὶ
2447 3833 2524 3896 ὡς
2568 3833 2728 3904 χρέος
2779 3835 2908 3904 ὑμῖν
2957 3836 3330 3907 κατεθέμεθα·
3380 3838 3540 3908 ὑμεῖς
3582 3839 3640 3893 δὲ
3683 3841 3809 3895 τίνα

2225 3928 2396 3978 ποιεῖν
2431 3925 2673 3994 ὀφείλετε
2703 3925 2907 3980 τούτων
2943 3927 3266 3992 ἀκούοντες,
3302 3929 3539 4002 ἐρυθριῶ
3580 3930 3804 3998 λέγειν,

2221 4016 2312 4069 τὸν
2337 4017 2430 4070 ἐπὶ
2464 4019 2563 4082 τὰς
2591 4015 2719 4081 θέας
2747 4016 2943 4089 δρόμον
2972 4019 3068 4071 καὶ
3096 4017 3194 4090 τὴν
3218 4019 3420 4074 λύσσαν
3447 4021 3558 4074 τῶν
3590 4022 3806 4077 πολλῶν

2221 4107 2586 4179 λογιζόμενος.
2622 4111 2900 4182 Παράσχοι
2928 4110 2984 4163 δὲ
3005 4112 3136 4181 ἡμῖν
3168 4112 3198 4164 ὁ
3219 4112 3420 4184 Κύριος
3444 4111 3693 4184 δύναμιν,
3721 4115 3806 4182 εἰς

2220 4200 2282 4253 τὸ
2316 4201 2586 4254 ἐκκλίνειν
2632 4202 2740 4255 ἀπὸ
2778 4201 2982 4267 κακοῦ,
3015 4203 3109 4256 καὶ
3142 4205 3316 4257 ποιεῖν
3345 4203 3570 4272 ἀγαθὸν.
3613 4205 3804 4276 χάριτι

2223 4292 2315 4346 καὶ
2346 4293 2724 4364 φιλανθρωπίᾳ
2767 4294 2860 4347 τοῦ
2895 4294 3098 4365 Κυρίου
3137 4295 3229 4348 καὶ
3257 4295 3391 4348 Θεοῦ
3429 4298 3522 4349 καί
3549 4297 3804 4367 Σωτῆρος

2224 4386 2381 4456 ἡμῶν
2427 4386 2603 4456 Ἰησοῦ
2647 4386 2886 4459 Χριστοῦ
2906 4403 2918 4418 ·
2953 4379 2998 4454 ᾦ
3032 4387 3068 4457 ἡ
3101 4386 3229 4452 δόξα
3261 4389 3354 4441 καί
3381 4388 3442 4441 τὸ
3470 4388 3673 4458 κράτος
3705 4389 3806 4442 σὺν

2221 4477 2298 4548 τῷ
2329 4479 2466 4549 ἁγίῳ
2502 4478 2800 4549 Πνεῦματι,
2831 4478 2927 4532 νῦν
2967 4476 3060 4532 καί
3093 4478 3179 4530 ἀεὶ
3209 4479 3303 4532 καὶ
3341 4479 3420 4542 εἰς
3444 4478 3571 4541 τοὺς
3597 4479 3806 4542 αἰῶνας

2220 4569 2330 4622 τῶν
2359 4570 2588 4623 αἰώνων.
2643 4569 2836 4639 Ἀμήν.

2849 4701 3067 4754 ΛΟΓΟΣ
3107 4701 3160 4752 Γ⁹

2226 4817 2330 4880 Εἰς
2377 4812 2442 4866 τὸ
2473 4812 2645 4881 ἅγιον
2677 4813 2914 4882 Πάσχα,
2948 4814 3043 4867 καὶ
3073 4813 3341 4882 περὶτῆς
3377 4813 3797 4880 ἀναστάσεως,

2552 4883 2769 4952 ἐλέχθη
2809 4882 2881 4951 τῇ
2902 4883 3139 4954 μεγάλῃ
3163 4882 3451 4952 Κυριακῇ.

2290 5025 2352 5076 Οἱ
2382 5023 2609 5092 πένητες
2644 5021 2750 5076 τῶν
2791 5021 3114 5092 ἀνθρώπων,
3151 5021 3420 5094 φιλέορτοί
3448 5039 3506 5074 τε
3534 5023 3632 5076 καὶ
3664 5039 3801 5095 προ-

2217 5115 2374 5185 θύμῳ
2401 5117 2467 5186 τῇ
2502 5114 2671 5185 ψυχῇ,
2716 5113 2811 5168 καὶ
2835 5114 3023 5185 γαύρῳ
3057 5114 3137 5186 τῷ
3173 5117 3447 5185 σχήματι,
3479 5114 3582 5177 τὰς
3621 5132 3802 5185 πανηο

2217 5205 2404 5276 γύρεις
2430 5194 2904 5274 κατασπαζόμενοι
2927 5245 2942 5271 ,
2977 5204 3079 5260 κᾶν
3115 5207 3329 5269 ἑαυτοῖς
3361 5205 3438 5276 μὴ
3477 5206 3801 5276 ὲπαρκῶσιν

2210 5299 2296 5360 εἰς
2322 5295 2419 5368 τὴν
2443 5293 2882 5366 σπουδαζομένην
2905 5296 3257 5367 φαιδρότητα,
3283 5296 3433 5365 παρὰ
3452 5295 3564 5348 τῶν
3581 5296 3801 5349 οἰκείων

2219 5388 2312 5442 καὶ
2333 5387 2622 5458 γνωρίμων
2643 5387 2822 5440 πᾶσαν
2849 5388 3194 5442 πολυτέλειαν
3218 5387 3616 5459 ὲρανιζόμενοι,
3645 5387 3801 5440 ἀνεν-

2218 5481 2355 5543 δεεῖς
2378 5479 2602 5542 ἑαυτοὺς
2623 5479 2700 5540 εἰς
2723 5477 2820 5549 τὴν
2837 5479 3207 5550 προκειμένην
3227 5479 3416 5550 χρείαν
3439 5478 3800 5549 παρασκευά-

2220 5574 2423 5637 ζουσιν.
2452 5571 2630 5640 Ὅπερ
2655 5570 2797 5623 δοκῶ
2831 5571 2968 5643 πρὸς
2992 5574 3092 5644 τὴν
3131 5570 3414 5644 παροῦσαν
3444 5572 3662 5642 ἡμέραν
3692 5570 3800 5625 πά-

2223 5681 2368 5734 σχειν
2410 5661 2541 5732 ἐγώ.
2591 5661 2756 5716 Οὐδὲν
2795 5663 2902 5734 γὰρ
2945 5662 3081 5733 ἔχων
3114 5663 3531 5738 μεγαλοπρεπὲς
3580 5664 3638 5716 ἐν
3674 5664 3799 5727 ταῖς

1128 5851 1168 5882 ⁵⁸
1197 5850 1327 5905 Luc.
1356 5863 1501 5916 xxxv,
1535 5846 1622 5900 5|.
1701 5846 1742 5876 ⁸⁷
1778 5842 1944 5898 Marc.
1983 5855 2093 5909 1m,
2126 5837 2211 5895 19.
