4084 6158
366 350 472 408 655

1270 349 1340 406 IN
1379 350 1655 407 CHRISTI
1696 348 2329 407 RESURRECTIONEM
2368 350 2577 408 ORAT.
2620 352 2709 409 Ill.

3508 353 3613 410 65$

370 462 756 535 προκειμέναις
776 463 1070 537 εύφημίαις
1098 467 1225 539 παρ’
1249 468 1488 538 ἐμαυτοῦ
1513 469 1784 524 συντελεῖν
1807 467 1943 540 πρὸς

2063 465 2134 522 lie
2167 467 2419 523 accidere
2443 468 2681 524 videtur.
2725 469 2859 524 Cum
2893 468 3040 524 enim
3074 469 3190 538 ipse
3221 467 3352 523 nihil
3391 472 3618 539 pracla-

367 555 467 624 τὴν
505 555 654 624 ἱεράν
691 555 850 628 ᾠδὴν.
879 558 945 629 ἣν
985 557 1188 630 ἀρτίως
1231 560 1462 632 ᾔσαμεν,
1509 560 1939 632 καταφεύξομαι.

381 647 623 701 Ἐκεῖθεν
659 647 738 711 δὲ,
766 649 885 712 ταῖς
920 649 1194 720 ἀφορμαῖς
1236 652 1598 723 χρησάμενος,
1622 651 1861 707 ἀποτίσω
1882 651 1944 705 τὸ

366 739 529 809 χρέος
574 741 642 809 τῇ
679 737 932 810 Γραφικῇ
965 740 1106 804 λέξει
1163 743 1514 814 προσυφήνας
1553 743 1648 796 καὶ
1689 743 1756 796 τά
1796 743 1941 814 ὲμά,

369 829 424 882 εἴ
445 846 568 883 τινα
598 831 706 900 ἄρα
737 831 832 884 καὶ
858 832 1115 902 τυγχάνει
1143 831 1292 905 παρά
1318 833 1398 905 τῷ
1433 833 1623 904 πένητι
1649 833 1820 904 δούλῳ
1847 835 1944 903 τῆς

370 921 451 983 είς
491 920 582 973 τὸν
611 921 891 992 Δεσπότην
930 923 1280 993 εὐχαριστίας
1323 922 1590 994 ἐγκώμια.
1628 923 1820 992 Ἔλεγε
1845 924 1946 976 τοί-

372 1028 469 1065 νυν
499 1011 703 1080 ἀρτίως
729 1013 758 1064 6
785 1011 968 1076 Δαόὶδ,
1001 1013 1096 1065 καὶ
1119 1015 1280 1084 ἡμεῖς
1309 1017 1425 1084 μετ’
1456 1015 1684 1068 ἐκείνου·
1719 1014 1946 1068 Αἰνεῖτε

373 1101 482 1156 τὸν
509 1102 749 1171 Κύριον,
801 1103 996 1157 πάντα
1037 1104 1110 1158 τὰ
1149 1105 1318 1172 ἔθνη,
1353 1105 1707 1160 ἐπαινέσατε
1737 1105 1943 1172 αὐτὸν,

373 1192 597 1260 πάντες
620 1197 674 1248 οί
697 1195 854 1248 λαοί.
885 1195 1065 1248 Πάντα
1089 1195 1179 1248 τὸν
1205 1195 1265 1258 ἐξ
1303 1196 1472 1267 Ἀδὰμ
1501 1195 1784 1268 ἄνθρωπον
1811 1197 1947 1268 πρὸς

371 1287 465 1341 τὸν
511 1286 680 1356 ῦμνον
725 1287 881 1338 καλεῖ
904 1326 919 1351 ,
975 1286 1180 1358 μηδένα
1226 1287 1648 1359 καταλιμπάνων
1688 1288 1792 1354 ἔξω
1841 1289 1944 1360 τῆς

375 1380 620 1449 κλήσεως
643 1392 658 1408 ο
698 1377 832 1430 ἀλλά
863 1378 991 1440 τοὺς
1031 1379 1368 1450 Ἑσπερίους,
1399 1380 1525 1441 τοὺς
1570 1380 1788 1448 Ἐᾠους,
1814 1381 1944 1443 τοὺς

376 1471 509 1541 παρ’
537 1469 801 1539 ἑκάτερα,
842 1469 896 1521 et
917 1487 1001 1533 τις
1028 1468 1230 1540 ἄρκτου
1258 1469 1454 1537 γείτων
1481 1472 1572 1524 καὶ
1600 1471 1699 1541 τῆς
1731 1487 1947 1540 μεσημ-

376 1562 539 1634 ϐρίας
575 1561 815 1624 ἔνοικος,
841 1559 978 1630 ὁμοῦ
1012 1559 1219 1623 πάντας
1257 1560 1578 1630 δημαγωγεῖ
1613 1559 1690 1631 τῷ
1725 1561 1943 1632 ψαλμῷ.

376 1653 490 1708 Καὶ
531 1649 764 1721 ἀλλαχοῦ
806 1649 906 1721 μὲν
953 1649 1061 1703 ἀπὸ
1109 1649 1310 1720 μέρους
1353 1649 1463 1703 τισὶ
1508 1648 1616 1701 τῶν
1647 1647 1948 1719 ἀνθρώπων

377 1741 846 1814 προσδιαλέγεται,
877 1739 909 1808 ἢ
935 1741 1060 1803 τοὺς
1084 1741 1263 1803 ὁσίους
1288 1738 1486 1804 καλῶν,
1524 1739 1558 1810 ἢ
1593 1739 1719 1802 τοὺς
1755 1739 1950 1803 παῖδας

2042 571 2165 611 rum
2205 564 2371 627 atque
2407 557 2758 628 magniﬁcum
2795 573 2824 610 a
2861 572 2948 612 me
2987 555 3107 628 ipso
3141 556 3349 628 possim
3382 556 3449 610 ad
3482 571 3616 628 pro-

2043 648 2253 720 positas
2284 648 2473 719 laudes
2501 648 2964 704 concelebrandas
2992 646 3268 710 conferre,
3301 646 3369 702 ad
3401 661 3618 702 sacram

2043 743 2390 806 cantionem,
2424 757 2588 812 quam
2632 743 2793 813 paulo
2843 750 2968 796 ante
3018 739 3434 804 coneinuimus,
3489 753 3622 794 con—

2044 832 2291 904 fugiam:
2349 843 2514 903 atque
2579 833 2702 889 inde
2748 844 3072 905 argumento
3119 841 3282 904 atque
3329 833 3623 888 occasione

2044 928 2264 992 sumpta
2295 921 2525 977 dictioni
2554 921 2854 992 Scripturze
2885 936 3004 976 mea
3031 936 3250 991 quoque
3279 919 3622 988 conjungcns

2044 1020 2100 1068 et
2133 1013 2290 1082 quasi
2340 1020 2624 1076 attexens,
2670 1013 2882 1067 solvam
2922 1027 2998 1066 aes
3041 1012 3278 1065 alienum
3313 1028 3326 1064 :
3365 1011 3412 1065 si
3460 1009 3624 1064 modo

2045 1104 2209 1159 etiam
2260 1103 2458 1173 aliquae
2512 1103 2738 1174 pauperi
2781 1117 2942 1158 servo
2974 1117 3040 1156 ex
3077 1101 3246 1156 animi
3293 1101 3628 1172 gratitudine

2045 1209 2175 1265 erga
2224 1195 2509 1250 dominum
2561 1210 2724 1250 suum
2773 1193 3032 1264 profectae
3073 1193 3260 1248 laudes
3303 1200 3622 1263 suppetunt.

2047 1286 2272 1342 Dicebat
2316 1287 2484 1357 igitur
2519 1287 2683 1357 paulo
2727 1295 2854 1340 ante
2891 1284 3061 1340 David
3084 1325 3100 1349 ,
3135 1293 3189 1339 et
3225 1298 3327 1339 nos
3360 1297 3467 1336 una
3500 1299 3626 1337 cum

2050 1378 2194 1432 illo:
2249 1376 2496 1432 Laudate
2551 1377 2868 1442 Dominum,
2916 1393 3096 1432 omnes
3143 1385 3356 1447 gentos,
3413 1373 3628 1428 laudate

2047 1485 2166 1523 eum
2187 1507 2202 1531 ,
2236 1485 2413 1523 omnes
2441 1471 2622 1539 populi
2660 1470 2699 1523 ί.
2738 1469 2967 1524 Omnem
3000 1471 3280 1524 hominem
3316 1466 3384 1521 ab
3421 1464 3629 1519 Adamo

2051 1574 2224 1628 usque
2247 1598 2260 1622 ,
2297 1561 2568 1615 neminem
2605 1547 3028 1630 praetermittens
3059 1573 3219 1629 quem
3249 1571 3356 1611 non
3392 1555 3589 1609 invitet
3611 1594 3627 1615 .

2053 1652 2118 1706 ad
2159 1651 2422 1720 hymnum
2464 1659 2655 1714 vocat;
2709 1650 2805 1707 sed
2850 1650 3256 1710 occidentales,
3288 1646 3627 1710 orientales,

2053 1754 2108 1801 et
2154 1746 2200 1801 si
2250 1742 2378 1815 quis
2433 1742 2582 1798 circa
2629 1743 2964 1807 alterutros,
3021 1742 3106 1796 vel
3161 1737 3631 1810 septentrionibus

379 1837 517 1908 πρὸς
542 1835 708 1904 ῦμνον
737 1833 966 1904 ἐγείρων
986 1848 1001 1863 °
1042 1833 1138 1886 ἐπὶ
1172 1831 1229 1886 δὲ
1259 1831 1354 1885 τοῦ
1395 1832 1662 1904 παρόντος
1691 1830 1818 1902 ἔθνη
1857 1832 1953 1885 καὶ

2063 1839 2314 1902 vicinus,
2375 1836 2460 1891 vel
2513 1836 2942 1890 meridianarum
2987 1825 3225 1904 partium
3279 1829 3460 1886 incola
3505 1836 3628 1890 est,

378 1927 545 1990 λαοὺς
577 1925 656 1995 τῷ
697 1924 980 1996 ψαλτηρίῳ
1017 1925 1258 1993 συνάγει.
1300 1923 1468 1978 Ὅταν
1507 1922 1645 1993 γὰρ,
1683 1922 1827 1978 κατά
1865 1923 1954 1977 τὸν

392 2015 737 2080 ’Δπόστολον,
768 2014 1044 2086 παρελύθη
1075 2015 1137 2067 τὸ
1166 2014 1352 2085 σχῆμα
1380 2011 1472 2066 τοῦ
1505 2013 1712 2082 κόσμου
1734 2013 1954 2078 τούτου,

383 2105 640 2177 βασιλεὺς
669 2105 727 2158 δὲ
757 2105 851 2158 καὶ
873 2103 1004 2168 Θεὸς
1035 2105 1281 2174 ἐπεφάνη
1310 2105 1473 2158 πᾶσιν
1500 2105 1528 2157 ὁ
1557 2104 1812 2175 Χριστὸς,
1845 2105 1955 2157 πᾶ-

383 2209 482 2246 σαν
504 2191 680 2262 ψυχὴν
707 2192 932 2246 ἄπιστον
957 2190 1064 2261 πλη
1071 2191 1397 2262 ροφορήσας,
1417 2191 1509 2243 καὶ
1530 2190 1780 2260 γλῶσσαν
1798 2189 1955 2261 βλάση

382 2301 562 2357 φημον
601 2281 938 2354 χαλινώσας,
983 2283 1158 2353 στήσῃ
1199 2282 1256 2335 δέ
1294 2282 1562 2353 Ἐλλήνων
1593 2282 1692 2354 τὴν
1741 2282 1961 2352 ματαιό-

379 2393 542 2446 τητα,
587 2375 682 2429 καὶ
725 2374 992 2428 Ἰουδαίων
1018 2373 1114 2444 τὴν
1155 2373 1384 2443 πλάνην.
1424 2373 1520 2428 καὶ
1558 2373 1666 2427 τῶν
1695 2374 1960 2445 αἱρέσεων

382 2469 485 2540 τὴν
527 2467 836 2538 ἀδάμαστον
889 2464 1266 2535 γλωσσαλγίαν
1287 2482 1301 2497 ·
1333 2464 1456 2518 τότε
1499 2464 1587 2536 δὴ,
1629 2465 1751 2519 τότε
1781 2466 1960 2519 πάντα

381 2557 456 2613 τὰ
484 2556 612 2628 ἔθνη
659 2555 753 2610 καὶ
783 2557 832 2609 οί
871 2554 966 2609 ἀπ’
992 2555 1183 2618 αἰῶνος
1222 2553 1342 2608 λαοὶ¹
1368 2555 1774 2626 ὑποκύψαντες,
1819 2555 1962 2627 ἄμα-

382 2666 482 2722 χον
517 2649 618 2720 τὴν
648 2647 1017 2720 προσκύνησιν
1057 2646 1469 2718 ἀναπέμψουσιν
1494 2688 1509 2713 ,
1547 2647 1640 2702 καὶ
1671 2648 1959 2720 θαυμαστή

384 2759 472 2805 1τις
504 2740 658 2794 ἔσται
694 2739 984 2811 συμφωνία
1019 2738 1348 2810 δοξολογίας,
1375 2738 1486 2792 τῶν
1516 2739 1614 2811 μὲν
1637 2739 1799 2794 ὁσίων
1834 2757 1963 2794 συν-

387 2834 538 2906 ήθως
586 2831 918 2903 ὑμνούντων,
948 2831 1058 2885 τῶν
1097 2831 1154 2885 δὲ
1199 2831 1433 2894 ἀσεϐῶν,
1465 2829 1523 2897 ἐξ
1559 2830 1804 2901 ἀνάγκης
1851 2832 1964 2885 ἱκε-

387 2925 673 2978 τευόντων.
726 2923 836 2976 Καὶ
874 2923 994 2975 τότε
1036 2920 1252 2992 ἀληθῶς
1284 2923 1312 2974 6
1340 2920 1603 2984 ἑπινίκιος
1637 2920 1802 2992 ῦμνος
1835 2937 1966 2992 συμ-

391 3015 584 3085 φώνως
632 3013 785 3084 παρὰ
829 3013 1048 3078 πάντων
1094 3011 1391 3082 ᾲσθήσεται
1417 3049 1431 3074 ,
1465 3011 1559 3064 καὶ¹
1607 3008 1717 3078 τῷν
1762 3027 1966 3081 κρατη-

392 3109 595 3163 θέντων
625 3107 721 3160 καὶ
752 3105 863 3158 τῶν
888 3104 1254 3174 νικησάντωνο
1279 3102 1401 3156 τότε
1428 3102 1522 3155 καὶ
1547 3102 1575 3155 6
1603 3103 1702 3173 τῆς
1722 3100 1967 3172 ταραχῆς

2058 1926 2220 1983 simul
2258 1940 2448 1980 omnes
2484 1924 2654 1979 allicit
2694 1932 2746 1980 et
2782 1924 2976 1978 invitat
3022 1923 3126 1977 hoc
3183 1921 3416 1992 psalmo.
3449 1918 3632 1988 Atque

2059 2017 2196 2073 alias
2229 2015 2449 2086 quidem
2485 2015 2771 2086 speciatim
2818 2013 3112 2068 nonnullos
3143 2011 3397 2065 homines
3441 2008 3630 2078 appel-

2061 2108 2172 2172 lat,
2205 2113 2299 2160 aut
2347 2112 2570 2160 sanctos
2612 2119 2852 2168 vocans,
2901 2109 2996 2157 aut
3028 2115 3228 2172 pueros
3260 2099 3328 2154 ad
3362 2097 3628 2170 hymnum

2058 2197 2306 2252 excitans
2333 2213 2347 2250 :
2379 2196 2435 2250 itt
2467 2197 2723 2266 praesenti
2753 2209 2884 2249 vero
2915 2203 3102 2264 gentes
3134 2207 3197 2247 ac
3228 2190 3461 2262 populos
3491 2188 3634 2260 psal-

2063 2290 2204 2346 terio
2234 2289 2381 2360 cogit
2408 2289 2462 2342 in
2492 2303 2684 2344 unum.
2713 2286 2852 2342 Cum
2879 2287 3056 2351 enim,
3083 2293 3143 2340 ut
3164 2283 3461 2355 Apostolus
3485 2281 3563 2335 ait
3586 2282 3632 2344 θ,

2063 2379 2240 2450 ﬁgura
2287 2377 2454 2449 hujus
2495 2377 2684 2433 mundi
2729 2377 3042 2443 transierit,
3092 2390 3189 2430 rex
3231 2388 3360 2430 vero
3393 2387 3458 2428 ac
3491 2372 3636 2428 Deus

2059 2469 2350 2535 Christus,
2387 2467 2537 2524 omni
2578 2468 2760 2522 anima
2797 2467 3080 2522 incredula
3115 2464 3184 2520 ad
3219 2465 3436 2536 plenam
3473 2461 3634 2518 Iidem

2063 2577 2128 2618 ac
2154 2569 2361 2617 certam
2399 2560 2767 2631 cognitionem
2805 2559 3088 2624 traducta,
3127 2557 3424 2628 linguaque
3461 2554 3636 2609 male-

2063 2654 2186 2712 dica
2220 2653 2462 2709 cohibita
2496 2661 2662 2723 atque
2697 2651 2945 2717 frenata,
2987 2649 3245 2704 omnibus
3283 2645 3637 2719 apparuerit;

2063 2745 2366 2802 inhibuerit
2417 2745 2549 2800 item
2603 2741 2920 2798 Graecorum
2957 2741 3251 2794 vanitatem
3276 2777 3290 2802 ,
3330 2745 3386 2792 et
3423 2735 3642 2791 Iudaeo.

2065 2853 2186 2894 run
2218 2851 2494 2903 errorem,
2525 2845 2579 2891 et
2608 2834 2886 2889 haereseon
2918 2832 3244 2886 indomitum
3272 2830 3470 2899 linguae
3499 2843 3642 2884 mor-

2065 2932 2216 2987 bum.
2249 2928 2405 2985 Tunc
2439 2927 2702 2983 nimirum
2722 2968 2738 2993 ,
2769 2935 2901 2981 tunc
2932 2939 3124 2980 omnes
3158 2930 3344 2995 gentes
3364 2963 3378 2985 ,
3410 2932 3463 2978 et
3491 2921 3585 2994 qui
3615 2937 3642 2975 a

2067 3022 2268 3078 saeculo
2316 3035 2492 3092 usque
2542 3028 2674 3075 sunt
2717 3017 2906 3090 populi
2955 3015 3382 3088 procumbentes
3414 3028 3644 3069 consen-

2066 3114 2290 3168 tientem
2326 3119 2380 3167 et
2411 3111 2738 3166 concordem
2774 3108 3152 3164 adorationem
3184 3106 3525 3178 praestabunt
3549 3145 3563 3168 ,
3589 3113 3646 3160 et

393 3198 647 3260 ὑπαίτιος
672 3197 701 3248 ὁ
727 3195 826 3266 τὴν
862 3193 964 3248 τοῦ
993 3193 1263 3246 Δεσπότου
1298 3191 1623 3260 φαντασθεὶς
1653 3191 1831 3258 ἀξίαν,
1864 3208 1963 3261 μα-

2069 3201 2410 3258 admirabilis
2435 3203 2658 3273 quidam
2689 3209 2994 3257 concentus
3026 3207 3080 3256 et
3106 3214 3412 3255 consensus
3440 3195 3645 3269 glorilio

395 3289 612 3358 στιγίας
637 3287 856 3358 οἰκέτης
887 3285 1181 3358 ὀφθήσεται
1213 3285 1369 3347 πᾶσι,
1401 3283 1532 3354 παρ’
1561 3282 1808 3351 ἀγγέλων
1826 3281 1963 3354 πρὸς

389 3377 496 3448 τὴν
521 3377 789 3448 τιμωρίαν
821 3375 1140 3446 συρόμενος,
1170 3373 1263 3426 καὶ
1308 3372 1511 3437 πάντες
1549 3375 1599 3426 οἱ
1624 3373 1722 3444 τῆς
1754 3373 1963 3427 ἐκείνου

393 3469 594 3532 κακίας
622 3467 890 3538 ὑπηρέται
923 3465 1017 3520 καὶ
1047 3465 1319 3535 συνεργοὶ,
1357 3466 1476 3529 ταῖς
1507 3463 1843 3534 πρεπούσαις
1876 3480 1969 3517 κο-

395 3564 588 3618 λάσεσι
616 3562 712 3615 καὶ
728 3559 906 3622 δίκαις
937 3557 1408 3630 ὑποϐληθήσονται
1427 3571 1442 3587 ο
1470 3551 1551 3620 εἷς
1578 3555 1635 3608 δὲ
1669 3555 1968 3625 φανήσεται

397 3651 657 3723 βασιλεὺς
679 3649 774 3704 καὶ
812 3647 1025 3720 κριτὴς,
1057 3647 1238 3710 κοινὸς
1267 3645 1546 3715 Δεσπότης
1579 3644 1732 3714 παρὰ
1754 3642 1970 3696 πάντων

394 3739 854 3812 ὁμολογούμενος·
887 3737 1088 3809 ἡσυχία
1119 3736 1178 3790 δὲ
1208 3736 1358 3790 ἔσται
1391 3733 1798 3804 κατεσταλμένη
1819 3773 1834 3797 ,
1866 3731 1973 3786 ὦσ-

396 3848 506 3904 περ
533 3831 662 3885 ὅταν
695 3829 958 3900 ἄρχοντος
988 3828 1082 3880 ἐπὶ
1131 3826 1376 3898 βήματος
1419 3825 1735 3896 καθημένου
1763 3865 1777 3891 ,
1811 3825 1840 3877 ὁ
1876 3822 1973 3892 μὲν

394 3921 578 3994 κήρυξ
606 3919 958 3992 ὑποσημαίνῃ
992 3917 1092 3990 τὴν
1137 3917 1371 3989 σιωπὴν,
1408 3919 1458 3971 οί
1485 3917 1607 3971 λαοὶ
1636 3916 1692 3969 δὲ
1730 3916 1825 3968 καὶ
1853 3914 1974 3983 όψιν

400 4015 498 4067 καὶ
519 4012 690 4084 ἀκοὴν
717 4009 1213 4080 συντείναντες,τὴν
1236 4009 1335 4079 τῆς
1355 4007 1693 4079 δημηγορίας
1713 4007 1974 4077 ἀκρόασιν

395 4107 506 4158 ἀνα
512 4103 761 4175 μένωσιν.
779 4102 880 4156 Διά
893 4101 1069 4165 τοῦτο,
1088 4101 1314 4157 Αἰνεῖτε
1326 4100 1432 4154 τὸν
1445 4101 1682 4168 Κύριον,
1695 4099 1889 4152 πάντα
1904 4097 1976 4152 τὰ

399 4196 548 4262 ἔθνη
567 4235 582 4259 ,
603 4193 959 4248 ἐπαινέσατε
979 4192 1186 4257 αὑτὸν,
1219 4191 1441 4257 πάντες
1462 4194 1517 4245 ot
1543 4193 1681 4245 λαοί
1686 4230 1700 4243 .
1719 4190 1976 4244 Αίνέσατε

395 4285 477 4349 ὡς
489 4284 738 4349 δυνατὸν,
751 4285 1077 4338 ὲπαινέσατε
1089 4283 1167 4347 ὡς
1199 4282 1576 4352 φιλάνθρωπον
1589 4298 1602 4313 ·
1616 4283 1699 4335 ἀει
1716 4282 1979 4345 πεσόντας

399 4376 502 4430 καὶ
542 4376 766 4446 νεκροὺς
807 4376 966 4437 ὄντας
1009 4372 1165 4438 αὖθις
1202 4374 1563 4444 ὲζωοποίησε,
1597 4375 1693 4427 καὶ
1721 4374 1781 4427 τὸ
1821 4374 1981 4444 πονῆ-

2065 3291 2300 3349 cationis
2333 3292 2473 3357 erit,
2515 3291 2724 3348 sanctis
2765 3292 2989 3362 quidem
3032 3307 3185 3346 more
3235 3292 3400 3347 solito
3453 3289 3643 3346 laudes

2065 3383 2425 3447 dicentibus,
2463 3382 2648 3453 impiis
2702 3389 2884 3436 autem
2936 3395 3003 3436 ex
3057 3381 3386 3436 necessitate
3431 3378 3642 3448 suppli-

2067 3475 2344 3530 cantibus.
2385 3474 2450 3527 Et
2496 3481 2627 3528 tunc
2664 3487 2856 3527 revera
2887 3472 3132 3526 victoria:
3163 3485 3382 3525 carmen
3416 3485 3648 3524 consen-

2069 3565 2269 3618 tienter
2301 3563 2369 3617 ab
2408 3561 2666 3616 omnibus
2705 3569 2938 3616 canetur
2975 3568 3088 3614 tam
3127 3559 3320 3625 vietis,
3361 3574 3528 3629 quam
3562 3558 3649 3612 vi-

2071 3652 2352 3716 ctoribus,
2391 3658 2506 3706 tum
2539 3650 2708 3706 etiam
2742 3666 2940 3707 servus
2968 3650 3058 3705 ille
3083 3649 3314 3705 verbero
3345 3649 3520 3704 turbae
3553 3663 3647 3702 au-

2073 3754 2231 3810 ctor,
2280 3745 2373 3815 qui
2404 3744 2508 3799 sibi
2535 3743 2738 3799 domini
2769 3745 2853 3799 sui
2893 3743 3213 3814 dignitatem
3257 3742 3650 3814 imaginatione

2075 3841 2388 3906 sumpserat
2421 3843 2475 3888 et
2515 3839 2864 3904 arrogaverat
2884 3872 2899 3898 ,
2932 3832 3208 3887 videbitur
3236 3847 3430 3887 omnes
3459 3832 3650 3885 admo-

2075 3939 2242 3989 nens,
2281 3923 2411 3978 dum
2451 3922 2520 3978 ab
2563 3924 2774 3994 angelis
2809 3924 2875 3978 ad
2919 3922 3251 3992 supplicium
3293 3922 3560 3987 trahetur,
3596 3931 3651 3977 et

2077 4029 2272 4070 omnes
2299 4015 2451 4070 illius
2483 4015 2744 4084 nequitiae
2774 4014 3010 4069 ministri
3043 4021 3098 4068 et
3125 4015 3260 4070 socii
3293 4014 3493 4070 debitis
3521 4027 3654 4083 sup-

2077 4107 2265 4174 pliciis
2313 4122 2377 4162 ac
2423 4108 2605 4178 pomis
2649 4107 2992 4163 afﬁcientur:
3041 4124 3182 4165 unus
3226 4119 3406 4163 autem
3449 4123 3545 4162 rex
3586 4120 3653 4162 ac

2074 4198 2239 4269 judex
2273 4199 2596 4269 apparebit,
2629 4214 2790 4268 quem
2847 4213 3038 4256 omnes
3075 4214 3421 4254 communem
3461 4197 3651 4252 Domi-

2080 4307 2210 4345 nttm
2246 4304 2369 4346 esse
2403 4290 2811 4345 conﬁteantur:
2847 4293 3008 4362 quies
3049 4292 3178 4347 item
3225 4290 3331 4346 erit
3373 4298 3538 4360 atque
3571 4289 3650 4344 si-

2082 4381 2308 4436 lentium
2333 4422 2348 4446 ,
2385 4382 2850 4452 quemadmodum
2897 4384 3012 4439 ﬁeri
3056 4384 3227 4449 solet,
3261 4396 3383 4436 cum
3423 4396 3522 4450 pro
3551 4381 3652 4434 tri-

403 4483 505 4521 σαν
532 4464 723 4530 σκεῦος
746 4465 1084 4520 ἀνενεώσατο
1108 4465 1290 4529 πάλιν,
1321 4465 1416 4518 καὶ
1444 4465 1542 4535 τὴν
1571 4466 1629 4518 ὲν
1649 4467 1762 4527 τοῖς
1788 4465 1963 4533 τάφοις

2083 4473 2268 4526 bunali
2302 4473 2524 4528 sedente
2553 4482 2784 4543 praetore
2814 4489 2992 4545 praeco
3024 4473 3305 4529 silentium
3339 4471 3563 4535 indicit,
3599 4477 3655 4526 ct

399 4557 513 4612 τῶν
539 4557 808 4626 λειψάνων
837 4557 1028 4628 ἀηδίαν
1063 4559 1142 4621 είς
1196 4557 1335 4622 ζῶον
1368 4556 1643 4627 ἄφθαρτον
1686 4556 1982 4628 φιλανθρώ-
2012 4544 2056 4598 Ῑ)

402 4665 524 4712 πως
568 4649 858 4719 ἐμόρφωσε
879 4689 894 4711 ,
931 4649 1027 4702 καὶ
1067 4648 1245 4720 ψυχὴν
1287 4649 1385 4720 τὴν
1429 4648 1536 4719 πρὸ
1578 4649 1858 4720 τεσσάρων
1897 4666 1979 4719 χι-

399 4738 603 4792 λιάδων
635 4737 770 4790 ἐτῶν
811 4735 1214 4791 καταλιποῦσαν
1241 4736 1304 4789 τὸ
1345 4735 1522 4806 σῶμα,
1554 4735 1630 4799 ὡς
1663 4736 1728 4787 ὲκ
1763 4737 1980 4807 μακρᾶς

402 4829 753 4901 ἀποδημίας,
793 4830 872 4892 εἰς
911 4828 1048 4882 ἰδίαν
1086 4827 1264 4882 οἰκίαν
1293 4829 1658 4899 ἐπανήγαγεν,
1694 4829 1845 4882 οὐδὲν
1874 4829 1983 4882 ἀπὸ

401 4921 600 4994 χρόνου
629 4922 722 4976 καὶ
745 4920 917 4991 λήθης
953 4918 1298 4991 ξενιζομένην
1323 4919 1460 4988 πρὸς
1496 4917 1559 4973 τὸ
1584 4920 1712 4973 ίδιον
1730 4919 1980 4991 ὄργανον,

403 5014 546 5070 ἀλλὰ
579 5013 776 5068 θᾶττον
807 5013 894 5066 ἐπ’
917 5011 1052 5064 αὐτὸ
1072 5010 1378 5082 χωροῦσαν,
1406 5012 1440 5083 ἢ
1474 5011 1624 5083 ὅρνις
1646 5013 1740 5066 ἐπὶ
1764 5013 1864 5085 τὴν
1885 5029 1985 5067 κα-

403 5103 529 5158 λιὰν
557 5103 654 5175 τὴν
676 5103 883 5158 οἰκείαν
903 5101 1256 5156 καθίπταται.

2081 4563 2269 4634 populi
2301 4564 2529 4620 auribus
2560 4571 2613 4619 et
2639 4566 2817 4621 oculis
2851 4565 3018 4620 simul
3047 4565 3243 4619 intenti
3271 4561 3655 4617 concionantis

2083 4669 2275 4710 vocem
2328 4663 2669 4724 exspectant.
2732 4653 2986 4719 Idcirco,
3037 4653 3276 4708 Laudate
3330 4651 3654 4711 Dominum,

2083 4763 2261 4800 omnes
2289 4756 2464 4817 gentes
2487 4787 2502 4812 ,
2540 4745 2755 4800 laudate
2788 4761 2905 4800 eum
2925 4785 2942 4810 ,
2976 4762 3152 4800 omnes
3186 4744 3384 4813 populi.
3415 4740 3658 4796 Laudate
3720 4784 3729 4790 .

2083 4844 2346 4907 tanquam
2379 4843 2655 4906 potentem
2676 4878 2691 4904 ,
2728 4837 2948 4892 laudate
2983 4847 3243 4905 tanquam
3273 4835 3567 4905 benignum
3601 4840 3658 4887 et

2085 4929 2386 4984 humanum
2419 4950 2430 4983 :
2467 4928 2724 4998 quoniam
2759 4943 2855 4986 eos
2890 4929 2982 5000 qui
3019 4927 3332 4984 cecidennt
3359 4937 3413 4981 et
3456 4923 3659 4979 mortui

2089 5017 2308 5073 fuerant
2333 5058 2347 5083 ,
2383 5033 2581 5073 rursus
2611 5017 2736 5072 vitae
2782 5018 3057 5081 restituit,
3088 5033 3185 5073 vas
3216 5015 3449 5071 fractum
3479 5013 3546 5070 de
3575 5015 3662 5068 in-

2090 5115 2247 5179 tegro
2274 5109 2593 5171 renovavit,
2629 5109 2794 5163 situm
2840 5118 3004 5179 atque
3042 5107 3499 5180 injucunditatem
3535 5105 3662 5161 reli-

403 5199 706 5270 quiarum,
737 5213 859 5268 qua:
901 5198 956 5252 in
1002 5197 1273 5266 sepulcris
1346 5207 1547 5262 erant,
1619 5198 1688 5252 ad
1762 5199 1965 5254 animal
2039 5202 2459 5275 incorruptibile
2505 5205 2736 5273 benigne
2783 5205 3022 5275 redegit,
3075 5204 3311 5258 animant
3369 5217 3490 5274 quae
3535 5210 3664 5257 ante

403 5298 654 5360 quatuor
685 5289 855 5344 millia
886 5303 1154 5343 annorum
1198 5303 1400 5358 corpus
1433 5289 1752 5359 reliquerat,
1793 5293 1958 5346 veluti
1991 5308 2058 5348 ex
2089 5293 2252 5365 longa
2299 5295 2738 5365 peregrinatione
2767 5294 2831 5347 ad
2864 5309 3024 5348 suum
3052 5293 3393 5348 domicilium
3422 5292 3660 5354 reduxit,

406 5397 642 5453 eamque
674 5396 785 5438 non
820 5397 932 5452 pra:
966 5382 1145 5453 spatio
1171 5383 1434 5452 temporis
1468 5393 1521 5438 et
1552 5385 1826 5442 oblivione
1861 5388 2018 5458 quasi
2061 5390 2405 5459 peregrinam
2435 5405 2565 5464 erga
2598 5405 2759 5446 suum
2795 5391 3224 5445 instrumentum
3257 5389 3529 5453 affectam,
3566 5389 3662 5444 sed

407 5477 578 5532 citius
618 5475 686 5530 ad
720 5477 776 5532 id
816 5479 1154 5541 tendentem,
1181 5489 1346 5546 quam
1381 5476 1502 5532 avis
1538 5477 1604 5532 ad
1644 5476 1832 5532 nidum
1863 5493 2026 5535 suum
2057 5479 2292 5536 devolat.

483 5566 742 5638 Εῖπωμεν
767 5567 875 5638 γὰρ
901 5568 968 5623 τὰ
995 5571 1170 5623 οίκεῖα
1199 5567 1300 5638 τῆς
1329 5567 1544 5639 ἑορτῆς,
1574 5569 1661 5623 ἵνα
1685 5571 1993 5636 ἀκολούθως

492 5739 509 5772 ⁸
544 5737 690 5796 Psal.
719 5755 860 5806 CXVI,
900 5740 948 5794 Ι.
1027 5743 1044 5772 ¹
1078 5739 1096 5794 1
1136 5741 1261 5796 Cor.
1303 5755 1396 5807 vn,
1440 5738 1532 5797 5!.

2175 5570 2432 5631 Dicamus
2457 5574 2604 5632 enim
2635 5588 2841 5645 eaquae
2889 5573 3108 5645 proprie
3155 5571 3220 5626 ad
3287 5571 3485 5628 festum
3539 5582 3660 5641 pero
