4084 6158
511 377 616 434 635

1771 371 1846 426 -S.
1889 369 2212 428 GREGORII
2250 372 2543 429 NYSSENI

3673 373 3774 428 656

513 493 727 550 tinent,
757 494 814 539 ut
861 483 926 538 ad
965 484 1112 553 ipsas
1175 495 1264 538 res
1307 482 1722 538 accommodate
1780 490 1835 537 et
1889 496 2086 537 conve-

2197 484 2282 536 καὶ
2317 483 2612 555 προσφυῶς
2653 485 2763 547 τοῖς
2809 485 3128 556 πράγμασιν
3163 484 3530 558 ἐορτάσωμεν.
3559 485 3633 540 Τὸ
3670 487 3775 558 γὰρ

513 583 734 635 uienter
781 577 1058 632 feriemur.
1123 573 1257 629 Nam
1300 577 1444 645 quod
1506 575 1865 646 improprium
1903 583 1987 629 est
2035 584 2090 630 et

513 673 746 727 alienum
773 710 787 734 ,
829 679 1188 739 praeterquam
1224 669 1370 738 quod
1417 667 1554 722 nihil
1594 667 1856 737 prodest,
1893 685 1984 724 res
2007 676 2092 723 est

515 761 823 816 inordinata
847 800 862 826 ,
908 760 1270 830 incomposita
1304 768 1469 830 atque
1499 759 1741 815 absurda
1763 800 1777 825 ,
1839 776 1948 814 non
1999 775 2088 815 so-

517 859 627 910 lum
665 857 718 909 in
749 856 817 911 iis
839 855 1184 910 orationibus
1208 897 1224 921 ,
1251 870 1373 924 qua:
1406 854 1473 910 de
1504 855 1769 926 religione
1803 870 1865 910 ac
1892 856 2095 926 pietate

513 947 807 1011 habentur,
838 961 1026 1001 verum
1068 949 1232 1001 etiam
1266 947 1320 1001 in
1357 947 1597 1002 externis
1620 987 1636 1010 ,
1683 957 1738 1001 et
1767 947 1833 1001 iis
1869 962 1989 1016 qua:
2026 945 2093 1000 ad

515 1038 850 1094 mundanam
866 1041 1155 1108 pertinent
1175 1039 1518 1109 sapientiam.
1548 1037 1682 1104 Quis
1707 1038 1850 1093 enim
1877 1046 2096 1093 estora-

514 1143 601 1185 tor
632 1131 706 1184 ita
747 1130 953 1185 stultus
986 1130 1232 1200 adeoque
1284 1132 1584 1194 ridiculus,
1622 1132 1713 1201 qui
1765 1131 1831 1186 ad
1863 1131 2086 1200 nuptias

516 1222 796 1276 hilaritate
844 1229 899 1275 et
947 1221 1294 1289 jucunditate
1332 1224 1521 1292 plenas
1573 1232 1838 1284 vocatus,
1904 1222 2096 1276 relicto

515 1322 642 1382 apto
671 1320 723 1365 et
753 1310 998 1378 iucundo
1025 1326 1224 1380 genere
1258 1312 1526 1367 orationis
1547 1351 1561 1377 ,
1602 1313 1745 1382 quod
1782 1326 2094 1367 accommo-

442 1398 448 1405 ’
516 1404 704 1456 datum
729 1402 837 1465 sit,
887 1416 949 1455 ac
981 1403 1138 1470 quasi
1179 1405 1591 1474 congratnlctur
1615 1405 1876 1459 hilaritati
1911 1419 1975 1459 ac
2021 1403 2097 1459 ιθ-

516 1494 746 1547 stivitati
781 1501 1119 1556 conventus,
1171 1494 1346 1548 tristia
1382 1493 1628 1564 qumdam
1661 1495 1902 1548 carmina
1937 1502 2098 1563 atque

517 1584 771 1655 lugubria
819 1585 1170 1654 pronuntiet,
1202 1593 1256 1639 et
1279 1602 1342 1640 ex
1384 1584 1652 1655 tragoedia
1691 1585 1894 1655 petitas
1949 1585 2098 1638 cala-

518 1679 736 1733 mitates
771 1677 826 1731 in
849 1677 1102 1731 convivio
1134 1677 1364 1746 nuptiali
1393 1685 1447 1730 et
1477 1676 1533 1729 i-n
1560 1676 1804 1730 thalamo
1838 1673 2100 1730 occinat?

516 1771 625 1823 Aut
664 1786 729 1824 ex
759 1769 1040 1823 contrario
1067 1779 1287 1822 mortuo
1342 1767 1509 1822 alicui
1547 1767 1703 1839 justa
1761 1768 1989 1838 exsequi
2043 1777 2098 1823 et

2191 576 2456 629 ἀνοίκειον
2511 575 2606 630 καὶ
2656 575 2936 646 ἀλλότριον
2979 576 3117 648 πρὸς
3166 576 3243 648 τῷ
3295 577 3464 649 μηδὲν
3509 577 3772 647 ὠφελεὶν,

2192 667 2420 720 ἄτακτόν
2465 669 2579 720 ἐστι
2621 667 2715 720 καὶ
2761 667 3070 732 ἀλλόκοτον,
3113 668 3214 722 οὐκ
3243 669 3305 722 ἐν
3350 670 3462 733 τοῖς
3497 670 3628 740 περὶ
3648 669 3777 742 θρηη

2196 759 2381 822 σκείας
2405 760 2498 812 καὶ
2523 758 2805 823 εὐσεϐείας
2831 759 3030 828 λόγοις,
3057 760 3194 814 ἀλλά
3218 760 3314 815 καὶ
3333 761 3429 815 ἐπὶ
3449 762 3557 815 τῶν
3581 763 3774 827 ἔξωθεν

2195 850 2411 922 καὶτῆς
2443 851 2536 904 τοῦ
2563 852 2771 924 κόσμου
2805 853 3017 921 σοφίας.
3075 853 3173 917 Τίς
3205 852 3314 925 γὰρ
3347 853 3520 918 οὕτως
3554 855 3776 925 ἀνόητος

2194 943 2227 1012 ἦ
2279 943 2628 1012 ὐπεργελοῖος
2674 945 2879 1016 ῥήτωρ,
2925 945 3000 1008 ὼς
3058 944 3279 1015 κληθεὶς
3326 946 3408 1009 είς
3444 945 3776 1024 φαιδρότητα

2195 1035 2372 1104 γάμου
2407 1037 2708 1107 ἀποστῆναι
2739 1037 2836 1106 μὲν
2871 1037 2980 1090 τῶν
3017 1037 3288 1109 ἁρμοδίων
3319 1037 3497 1106 λόγων
3520 1039 3614 1092 καὶ
3641 1037 3774 1106 γλα-

2197 1127 2384 1199 φυρῶν
2418 1128 2894 1183 συνευπαθούντων
2919 1132 3040 1194 ταῖς
3063 1131 3159 1200 τῆς
3188 1129 3549 1202 πανηγύρεως
3567 1130 3770 1200 χάρισι,

2195 1218 2363 1291 γοερά
2405 1219 2462 1273 δέ
2513 1220 2648 1291 μέλη
2691 1219 2908 1290 θρηνεῖν
2941 1221 3034 1274 καὶ
3062 1220 3130 1274 τά
3167 1222 3232 1274 ἐκ
3271 1220 3581 1292 τραγῳδίας
3635 1221 3774 1274 κακά

2195 1312 2304 1365 τῶν
2350 1313 2638 1366 παστάδων
2683 1312 3174 1384 κατολοφύρεσθαι;
3221 1311 3341 1383 ἢτὺ
3371 1312 3607 1384 ἔμπαλιν
3653 1314 3772 1366 ἐπι-

2196 1403 2416 1474 ταχθεὶς
2457 1405 2537 1457 ἐνὶ
2565 1404 2671 1457 τῶν
2698 1405 3164 1476 τετελευτηκότων
3196 1405 3266 1457 τὰ
3298 1403 3659 1475 νενομισμένα
3684 1420 3774 1456 τε·

2198 1493 2327 1557 λείν,
2360 1491 2708 1547 ἐπιλαθέσθαι
2756 1493 2856 1564 μὲν
2898 1493 2993 1546 τοῦ
3027 1493 3256 1559 πάθους,
3309 1493 3693 1565 φαιδρύνεσθαι
3721 1494 3774 1547 δὲ

2199 1586 2334 1654 πρὸς
2365 1583 2456 1638 τὸν
2481 1584 2783 1654 κατηφείας
2813 1585 3051 1656 γέμοντα
3080 1585 3368 1654 σύλλογον;
3401 1586 3464 1638 Ei
3493 1585 3553 1639 δέ
3584 1586 3643 1638 ἐν
3665 1589 3776 1650 τοῖς

2196 1679 2513 1748 ἐγκοσμίοις
2535 1679 2698 1732 καλὸν
2723 1681 2756 1747 ἡ
2788 1677 2940 1744 τάξις
2961 1679 3056 1733 καὶ
3082 1680 3380 1751 ἐπιστήμη,
3405 1678 3586 1751 πολλῷ
3607 1679 3775 1751 δήπου

2201 1766 2361 1820 πλέον
2390 1769 2447 1820 ἐν
2490 1770 2600 1830 τοῖς
2637 1767 2892 1838 μεγάλοις
2924 1769 3019 1822 καὶ
3062 1769 3326 1840 οὐρανίοις
3353 1769 3772 1842 ἁρμοδιώτερον.

518 1862 826 1916 orationem
878 1859 1165 1914 funebrem
1197 1860 1398 1914 habere
1437 1859 1663 1930 jussus,
1715 1860 1920 1916 oblitus
1948 1875 2092 1931 prte-

2197 1857 2430 1929 Χριστὸς
2452 1858 2629 1911 τοίνυν
2669 1859 2866 1929 ἀνέστη
2910 1861 3148 1931 σήμερον
3177 1862 3205 1914 6
3231 1860 3382 1926 Θεὸς,
3416 1863 3445 1916 6
3469 1861 3718 1933 ἀπαθὴς,
3742 1863 3772 1914 6

519 1951 694 2006 sentis
753 1964 951 2012 casus,
989 1945 1298 2018 jucundum
1353 1963 1413 2003 se
1460 1949 1700 2018 praebeat
1757 1959 1812 2005 et
1859 1949 2091 2004 hilarem

517 2042 660 2111 apud
693 2040 950 2096 moestitia
983 2040 1201 2109 plenum
1220 2040 1586 2096 conventum?
1611 2039 1765 2106 Quod
1791 2041 1833 2096 si
1856 2041 1909 2095 in
1934 2042 2112 2124 rebus

517 2133 812 2189 mundanis
881 2147 969 2188 res
1017 2131 1220 2187 decora
1269 2143 1356 2188 est
1403 2133 1541 2187 ordo
1605 2139 1769 2204 atque
1827 2133 2094 2198 scientia,

515 2226 691 2280 multo
721 2222 966 2295 profecto
995 2224 1170 2295 magis
1220 2239 1339 2279 eam
1391 2225 1674 2280 observari
1737 2225 1996 2281 convenit
2039 2226 2096 2280 in

514 2319 682 2374 rebus
723 2317 938 2387 magnis
993 2325 1161 2387 atque
1219 2317 1556 2373 coelestibus.
1621 2316 1876 2373 Christus
1930 2317 2097 2388 igitur

514 2411 676 2466 nobis
707 2410 1008 2466 resurretit
1036 2409 1198 2465 hodie
1230 2409 1375 2464 Deus
1398 2447 1414 2474 ,
1469 2409 1880 2464 calamitatibus
1925 2417 1979 2464 et
2003 2423 2095 2464 ca-

515 2501 671 2556 sibus
701 2501 936 2571 amplius
968 2516 1076 2554 non
1109 2502 1381 2556 obnoxius
1405 2541 1418 2562 .
1467 2500 1797 2555 immortalis
1820 2499 1919 2571 (Ac
1952 2501 2093 2556 sub-

511 2595 648 2648 siste
676 2608 970 2663 parumper
1005 2593 1342 2659 tu,ethnice,
1363 2592 1570 2649 omisso
1597 2592 1862 2663 petulanti
1887 2606 1952 2646 ac
1973 2607 2097 2662 pro-

518 2693 676 2738 tervo
698 2685 845 2752 risu,
879 2684 1058 2754 quoad
1093 2684 1278 2738 omnia
1330 2683 1625 2752 audiveris)
1653 2697 1765 2738 non
1795 2681 1862 2737 ad
1897 2697 2094 2738 neces-

501 2777 734 2830 ~sitatem
761 2789 990 2830 casuum
1019 2815 1035 2839 ,
1073 2775 1157 2831 vel
1191 2775 1260 2830 de
1301 2775 1441 2830 cmlo
1470 2774 1806 2831 descendere
1835 2783 2094 2842 coactus,

517 2868 600 2922 vel
659 2867 1118 2922 resurrectionem
1164 2876 1420 2936 tanquam
1477 2867 1912 2937 inexspectatum
1961 2865 2088 2921 ino-

497 2956 1191 3028 :pinatumvebenciicium
1229 2967 1435 3027 praeter
1493 2973 1646 3028 spem
1678 2959 1937 3028 adeptus,
1993 2957 2090 3013 sed

513 3049 609 3120 qui
639 3048 882 3104 novisset
924 3048 1170 3103 omnium
1207 3063 1388 3118 rerum
1423 3048 1583 3104 ﬁnem
1608 3088 1623 3113 ,
1669 3061 1830 3120 atque
1880 3050 1954 3102 ita
1987 3049 2092 3104 ini-

509 3138 937 3207 tiumfecisset,
970 3139 1146 3209 utqui
1203 3139 1258 3193 in
1291 3139 1467 3194 oculis
1497 3139 1804 3196 divinitatis
1861 3139 2091 3196 haberet

513 3233 922 3303 propositorum
949 3231 1318 3302 cognitionem
1341 3270 1356 3294 ,
1386 3239 1441 3287 et
1478 3233 1804 3301 priusquam
1828 3230 1898 3288 de
1948 3232 2091 3288 coelo

513 3323 898 3388 descenderet,
929 3323 1136 3378 videret
1168 3330 1225 3378 et
1265 3323 1508 3393 gentium
1531 3322 2004 3394 perturbationem
2035 3331 2092 3380 et

498 3417 776 3472 duritiam
807 3416 1060 3480 lsraelis,
1091 3425 1144 3472 et
1171 3414 1406 3469 Pilatum
1437 3430 1534 3485 pro
1567 3415 1828 3470 tribunali
1857 3414 2048 3470 sedere
2073 3455 2091 3481 ,

512 3521 568 3564 et
597 3507 856 3579 Caipham
896 3516 1104 3564 vestem
1131 3508 1237 3563 sibi
1275 3505 1590 3563 discindere
1608 3545 1631 3570 ,,
1663 3514 1718 3562 et
1771 3505 2091 3562 seditiosam

513 3604 724 3674 plebem
757 3602 837 3657 ira
868 3601 1232 3666 inﬂammari,
1285 3609 1339 3655 et
1373 3599 1568 3655 Judam
1599 3598 1864 3669 prodere,
1901 3607 1956 3654 et
1995 3597 2096 3655 Pe-

505 3705 656 3748 trum
695 3707 1064 3764 propugnare,
1092 3700 1147 3747 et
1177 3692 1338 3763 paulo
1368 3697 1491 3762 post
1513 3690 1754 3760 seipsum
1776 3703 1874 3759 per
1912 3704 2094 3746 resur-

513 3785 812 3840 rectionem
842 3785 1166 3855 adgloriam
1199 3782 1630 3838 immortalitatis
1664 3781 2089 3838 transformare:

515 3891 580 3930 ac
632 3875 899 3946 quidquid
957 3875 1201 3929 futurum
1253 3880 1406 3939 erat,
1466 3873 1779 3943 cognitione
1844 3874 2094 3943 praeseri-

515 3973 671 4034 ptnm
719 3963 953 4026 habens,
991 3979 1099 4016 non
1126 3961 1340 4016 distulit
1365 3961 1686 4016 beneﬁcium
1720 3963 1924 4017 homini
1957 3978 2094 4034 pra:-

515 4063 705 4119 stare,
763 4068 939 4123 neque
982 4053 1033 4107 in
1062 4053 1366 4122 longiorem
1403 4052 1546 4107 diem
1609 4053 1844 4108 contulit
1899 4069 2090 4109 earum

514 4158 697 4198 rerum
730 4141 1263 4198 administrationem
1290 4183 1305 4209 ,
1347 4141 1443 4198 sed
1467 4141 1930 4213 quemadmodum
1978 4143 2086 4207 illi,

515 4236 606 4306 qui
627 4233 860 4290 debilem
878 4232 1122 4304 'aliqucm
1160 4235 1228 4289 ab
1261 4235 1466 4306 impetu
1525 4236 1792 4291 torrentis
1825 4241 1882 4290 et
1928 4249 2089 4290 vora-

514 4326 654 4396 ginis
681 4324 798 4396 rapi
829 4322 1051 4387 vident,
1083 4323 1210 4378 licet
1254 4323 1395 4378 haud
1433 4324 1748 4394 ignorantes
1773 4324 1918 4394 quod
1971 4323 2090 4380 fieri

513 4416 708 4487 possit,
743 4422 802 4468 ut
832 4429 991 4469 caeno
1016 4415 1273 4469 torrentis
1301 4414 1405 4485 ipsi
1450 4429 1668 4485 quoque
1705 4414 2087 4479 involvantur,

2197 1948 2462 2011 ἀθάνατος
2492 1949 2512 2018 (
2527 1949 2619 2002 καὶ
2650 1950 2842 2021 μικρὸν
2877 1951 3098 2021 ἐπίσχες
3124 1952 3151 2004 6
3179 1950 3406 2016 ἐθνικὸς,
3453 1953 3650 2024 παρεὶς
3684 1954 3774 2007 τὸν

2199 2040 2448 2112 προπετῆ
2495 2040 2736 2109 γέλωτα,
2793 2041 2984 2112 μέχρις
3023 2041 3089 2095 ἂν
3121 2042 3336 2097 πάντων
3382 2042 3676 2116 ἀκούσῃς),
3713 2047 3772 2098 οὐ

2197 2132 2334 2201 πρὸς
2381 2131 2625 2202 ἀνάγκην
2655 2131 2862 2198 παθὼν,
2894 2132 3012 2186 οὐδὲ
3045 2132 3143 2202 τὴν
3181 2135 3239 2200 ἐξ
3277 2133 3520 2204 οὐρανῶν
3552 2135 3775 2191 κάθοδον

2199 2221 2461 2292 βιασθεὶς,
2489 2222 2610 2275 οὐδέ
2637 2221 2733 2292 τὴν
2763 2221 3058 2276 ἀνάστασιν
3087 2223 3162 2285 ὡς
3183 2224 3588 2296 ἀπροσδόκητον
3624 2228 3777 2299 εὐερ-

2197 2313 2386 2382 γεσίαν
2424 2313 2556 2384 παρ’
2595 2311 2816 2374 ἐλπίδας
2849 2311 3044 2383 εὑρὼν,
3083 2311 3197 2365 ἀλλ’
3226 2312 3382 2378 εἰδὼς
3420 2315 3639 2369 πάντων
3670 2317 3775 2370 τῶν

2197 2404 2538 2474 πραγμάτων
2567 2401 2626 2455 τὸ
2655 2401 2826 2465 τέλος,
2871 2402 2965 2455 καὶ
3001 2400 3146 2456 οὕτω
3193 2402 3292 2474 τὴν
3334 2403 3509 2475 ἀρχὴν
3549 2406 3777 2476 ποιησά-

2201 2512 2381 2564 μενος,
2404 2493 2543 2564 ἔχων
2586 2495 2644 2547 ἐν
2668 2491 2962 2564 ὀφθαλμοῖς
2989 2493 3090 2563 τῆς
3119 2493 3372 2564 θεότητος
3413 2495 3521 2549 τῶν
3557 2515 3777 2568 προκει-

2201 2587 2377 2656 μένων
2406 2585 2503 2656 τὴν
2532 2583 2753 2654 γνῶσιν,
2797 2584 2889 2637 καὶ
2925 2584 3054 2656 πρὶν
3098 2585 3156 2651 ἐξ
3186 2584 3431 2656 οὐρανῶν
3461 2588 3773 2655 κατελθεῖν,

2199 2676 2412 2746 βλέπων
2439 2675 2534 2730 καὶ
2553 2674 2662 2728 τῶν
2684 2674 2851 2729 ἐθνῶν
2884 2676 2983 2748 τὴν
3012 2676 3277 2747 ταραχὴν,
3306 2677 3515 2732 καὶτοῦ
3561 2679 3778 2752 Ἰσραὴλ

2195 2768 2297 2840 τὴν
2345 2767 2686 2839 σκληρότητα
2706 2806 2722 2831 ,
2771 2767 2866 2821 καὶ
2909 2767 3140 2821 Πιλάτον
3194 2769 3635 2842 προκαθήμενον,
3683 2773 3777 2826 καὶ

2196 2859 2452 2928 Καϊάφαν
2474 2859 2620 2930 αὐτῷ
2647 2859 2746 2930 τὴν
2771 2857 2973 2930 ἐσθῆτα
2999 2861 3539 2931 περισπαράσσοντα,
3561 2864 3658 2918 καὶ
3685 2864 3776 2919 τὸν

2200 2949 2468 3022 στασιώδη
2517 2950 2687 3022 δῆμον
2733 2951 3159 3023 φλεγμαίνοντα,
3207 2955 3302 3006 καὶ
3345 2952 3548 3008 Ἰούδαν
3593 2956 3776 3027 προδι-

2198 3041 2380 3107 δόντα,
2411 3041 2504 3118 καὶ
2552 3040 2757 3112 Πέτρον
2791 3041 3266 3114 ὐπερμαχόμενον,
3311 3044 3406 3100 καὶ
3431 3047 3554 3117 μετ’
3598 3047 3775 3118 ὀλίγον

2198 3133 2388 3186 ἐαυτὸν
2418 3112 2484 3204 τῇ
2518 3133 2810 3188 ἀναστάσει
2852 3112 2949 3198 εἰς
2971 3112 3129 3198 δόξαν
3156 3112 3462 3208 ἀφθαρσίας
3498 3112 3776 3210 μεταμορ-

2201 3223 2471 3294 φούμενον
2492 3240 2505 3255 ’
2535 3225 2629 3278 καὶ
2653 3227 2760 3278 πᾶν
2797 3225 2859 3279 τὸ
2892 3225 3084 3297 μέλλον
3123 3226 3260 3298 ἔχων
3284 3229 3774 3301 ὑπογεγραμμένον

2198 3318 2265 3387 τῇ
2305 3314 2538 3384 γνώσει,
2586 3317 2687 3370 οὐκ
2733 3317 3027 3372 ἀνεϐάλετο
3073 3317 3172 3391 τὴν
3231 3321 3312 3384 είς
3357 3320 3450 3375 τὸν
3490 3322 3774 3394 ἄνθρωπον

2201 3408 2382 3477 χάριν,
2425 3407 2545 3460 οὐδὲ
2589 3407 2884 3479 ὑπερέθετο
2927 3408 3027 3480 τὴν
3059 3410 3401 3481 οἰκονομίαν·
3437 3411 3554 3466 ἀλλ’
3585 3413 3775 3488 ὥσπερ

2200 3499 2249 3549 οἱ
2285 3497 2376 3551 τὸν
2409 3498 2610 3568 ἀσθενῆ
2654 3500 2803 3570 παρὰ
2832 3501 3110 3572 χαράδρας
3143 3501 3436 3574 συρόμενον
3465 3502 3772 3574 βλέποντες,

2199 3589 2400 3653 εἰδότες
2429 3590 2504 3653 ὡς
2544 3589 2774 3644 ἐστικαὶ
2817 3593 3062 3665 βορϐόρῳ
3101 3592 3194 3646 τοῦ
3233 3595 3537 3667 χειμάρρου
3569 3597 3776 3670 ἐνειλη-

2201 3680 2382 3751 θῆναι,
2428 3681 2521 3735 καὶ
2561 3683 2662 3749 τῆς
2717 3683 2929 3756 πληγῆς
2957 3685 3287 3756 ἀνασχέσθαι
3317 3686 3427 3740 τῶν
3457 3685 3620 3742 λίθων
3667 3689 3775 3743 τῶν

2201 3772 2624 3842 συνωθουμένων
2669 3775 2819 3845 παρὰ
2864 3776 2958 3829 τοῦ
2992 3776 3204 3845 ὐδατος,
3247 3779 3399 3850 ὅμως
3429 3781 3520 3836 διά
3545 3782 3609 3836 τὸ
3640 3801 3776 3853 συμ-

2199 3863 2370 3927 παθὲς
2411 3864 2471 3917 τὸ
2517 3866 2646 3937 περὶ
2691 3867 2782 3920 τὸν
2823 3867 3202 3926 κινδυνεύοντα
3244 3871 3346 3926 οὐκ
3401 3873 3622 3928 ὀκνοῦσι
3676 3874 3774 3946 τὴν

2199 3955 2430 4009 εἴσοδον·
2491 3955 2632 4010 οὓτω
2684 3959 2779 4012 καὶ
2828 3960 2858 4011 ὁ
2918 3959 3297 4032 φιλάνθρωπος
3335 3963 3490 4033 ήμῶν
3543 3964 3732 4038 Σωτήρ
3752 4004 3769 4031 ,

2198 4047 2477 4119 ἐθελοντὴς
2519 4049 2812 4120 ὑϐριστικά
2845 4051 2939 4106 καὶ
2971 4052 3142 4124 ἄτιμα
3174 4053 3523 4122 κατεδέξατο,
3565 4057 3652 4111 ἵνα
3681 4059 3772 4112 τὸν

2199 4141 2258 4208 ἐξ
2304 4140 2522 4212 ἀπάτης
2575 4141 2944 4215 ἀπολλύμενον
2998 4143 3146 4218 σώσῃ
3167 4185 3181 4210 ,
3234 4147 3500 4219 κατῆλθεν
3552 4152 3636 4216 είς
3681 4150 3771 4205 τὸν

2200 4231 2334 4300 βίον,
2376 4230 2564 4303 ἐπειδὴ
2609 4233 2827 4305 προῄδει
2868 4235 2962 4290 καὶ
2998 4234 3098 4306 τὴν
3125 4235 3310 4292 ἀνοδον
3339 4237 3566 4304 ἔνδοξον.
3614 4242 3772 4295 Ἀπο-

2199 4323 2378 4376 θανεῖν
2417 4322 2496 4394 τῷ
2530 4324 2856 4397 ἀνθρωπίνῳ
2898 4326 3091 4380 ἑαυτὸν
3132 4327 3532 4401 συνεχώρησεν,
3583 4332 3770 4404 ἐπειδὴ

2198 4412 2294 4466 καὶ
2321 4413 2420 4486 τὴν
2453 4413 2672 4485 ἔγερσιν
2717 4417 3136 4487 προεγίνωσκεν.
3176 4420 3256 4472 υύ
3287 4420 3394 4490 γὰρ
3432 4420 3510 4484 ὡς
3551 4415 3634 4485 εἷς
3665 4423 3770 4475 τῶν

510 4519 564 4563 et
592 4508 858 4579 lapidum,
879 4522 1020 4578 quos
1050 4522 1236 4562 secum
1274 4521 1414 4577 aqua
1449 4506 1592 4577 rapit
1621 4515 1785 4577 atque
1814 4507 2087 4576 provehit,

2198 4505 2394 4559 κοινῶν
2440 4505 2766 4577 ἀνθρώπων,
2802 4507 3193 4578 ῥιψοκινδύνως
3235 4511 3438 4582 ἐτόλμα
3465 4515 3532 4584 τῇ
3577 4514 3772 4584 ἀδηλίᾳ

509 4603 712 4657 ictibus
737 4599 1027 4665 ltedantur,
1043 4608 1224 4654 tamen
1241 4615 1356 4668 prae
1372 4598 1750 4654 misericordia
1773 4600 2094 4670 periclitan-

2195 4597 2290 4651 τοῦ
2323 4599 2608 4670 μέλλοντος
2646 4598 2959 4670 ἐπιτρέπων
2997 4599 3096 4671 τὴν
3119 4601 3364 4666 ἑκϐασιν,
3395 4602 3512 4657 ἀλλ’
3541 4604 3618 4670 ὡς
3643 4605 3773 4668 Θεὸς

513 4694 588 4749 tis
612 4693 825 4764 ingredi
849 4707 959 4748 non
1002 4701 1299 4763 gravantur
1329 4707 1344 4742 :
1375 4690 1447 4745 ita
1474 4689 1732 4746 Servator
1765 4698 1955 4746 noster
1982 4691 2088 4746 bu-

2197 4691 2460 4762 ῲκονόμει
2499 4690 2562 4744 τὸ
2611 4689 2988 4760 προκείμενον,
3021 4692 3114 4746 ἐπὶ
3145 4693 3295 4766 ῥητῷ
3329 4693 3422 4749 καὶ⁵
3445 4695 3775 4766 ἐγνωσμένῳ

510 4800 707 4841 manus
731 4785 875 4838 ultro
903 4799 965 4836 ac
990 4791 1186 4854 sponte
1215 4799 1313 4837 sua
1341 4779 1749 4838 contumeliosa'
1769 4789 1823 4839 et
1851 4782 2084 4854 ignomi-
2183 4783 2263 4854 τῷ
2289 4782 2452 4837 τέλει.

509 4882 664 4935 niosa
690 4879 954 4948 suscepit,
982 4885 1041 4932 ut
1069 4892 1191 4932 cum
1223 4878 1316 4947 qui
1349 4876 1543 4933 fraude
1567 4879 1824 4948 perierat,
1853 4889 2117 4943 servaret,
2137 4876 2420 4934 descendit
2441 4879 2496 4934 in
2519 4879 3078 4948 mundum,quoniam
3103 4880 3435 4950 pmvidebat
3461 4881 3630 4937 etiam
3661 4883 3776 4954 glo-

510 4975 716 5026 :‘iosum
736 4984 1049 5026 ascensura.
1073 4968 1205 5024 Mori
1230 4985 1288 5024 se
1317 4970 1502 5041 generi
1531 4972 1767 5025 humano
1785 4971 2058 5040 permisit,
2089 4972 2348 5042 quoniam
2371 4970 2830 5027 resurrectionem
2847 4987 3067 5043 quoque
3091 4975 3490 5043 praesentiebat,
3514 4986 3568 5031 et
3591 4977 3774 5030 animo

509 5064 860 5135 praevidebat.
892 5063 1010 5117 Non
1033 5064 1179 5118 enim
1213 5065 1553 5120 sicuti—unus
1579 5080 1644 5119 ex
1670 5066 1986 5136 vulgaribus
2013 5067 2328 5122 hominibus
2356 5077 2560 5123 temere
2599 5082 2722 5124 sese
2766 5068 3025 5138 periculis
3052 5069 3370 5139 objiciebat,
3396 5071 3772 5127 incertitudini

509 5155 679 5209 futuri
709 5163 941 5210 eventus
989 5170 1102 5208 rem
1136 5157 1489 5211 committens
1515 5196 1528 5220 ,
1571 5157 1667 5210 sed
1708 5165 1968 5227 tanquam
1995 5157 2136 5215 Deus
2172 5174 2284 5214 rem
2329 5158 2665 5228 pr0positam
2691 5167 2842 5213 certo
2866 5159 3250 5230 destinatoque
3275 5159 3379 5215 ﬁne
3407 5162 3653 5230 regebat.

580 5239 711 5300 Ηατ
732 5246 900 5316 igitur
927 5255 1004 5300 est
1035 5246 1144 5300 dies
1166 5286 1184 5308 ,
1216 5264 1377 5317 quam
1413 5249 1535 5317 fecit
1579 5248 1866 5314 Dominus,
1903 5250 2085 5304 exsul--

511 5346 678 5392 temus
720 5346 770 5391 et
822 5337 1063 5392 laetemur
1108 5338 1162 5390 in
1203 5341 1318 5404 ea“,
1357 5339 1863 5396 non-ebrietatibus
1899 5349 1954 5396 et
1997 5356 2088 5396 co-

509 5430 973 5491 niessationibus.
1043 5445 1148 5484 non
1209 5431 1394 5487 eboris
1463 5441 1517 5484 et
1556 5430 2080 5486 debacchationibus

509 5522 755 5584 insanis,
781 5522 874 5577 sed
914 5522 1114 5577 divinis
1153 5537 1216 5576 ac
1250 5521 1359 5578 Deo
1395 5525 1847 5580 com'enientibus
1872 5525 2085 5595 cogita-

508 5612 773 5670 tionibus.
815 5612 988 5670 llodie
1012 5614 1328 5670 universum
1363 5615 1551 5672 orbem
1591 5625 1862 5684 terrarum
1898 5617 2081 5674 videre

593 5793 611 5821 ³
631 5788 779 5845 Psa!.
805 5807 973 5857 cxvn,
1001 5794 1089 5847 ‘24.

2267 5250 2430 5318 Αὕτη
2479 5250 2656 5304 τοίνυν
2695 5251 2732 5318 ὴ
2754 5249 2964 5319 ἡμέρα,
2996 5249 3077 5317 ἢν
3113 5251 3404 5319 ἐποίησεν
3443 5255 3478 5304 d
3523 5255 3770 5321 Κύριος-ο

2189 5342 2694 5412 ἀγαλλιασώμεθα
2711 5342 2824 5402 καὶ
2871 5343 3294 5412 εὐφρανθῶμεν
3344 5344 3414 5398 ἐν
3460 5344 3637 5414 αὐτῇ,
3696 5346 3770 5415 μὴ

2196 5433 2390 5504 μέθαις
2421 5436 2514 5488 καὶ
2546 5433 2772 5505 κώμοις,
2809 5432 2884 5506 μὴ
2921 5436 3102 5505 χοροῖς
3126 5435 3219 5487 καὶ
3251 5435 3595 5507 παροινίαις,
3637 5435 3772 5490 ἀλλὰ

2191 5529 2312 5590 ταῖς
2341 5525 2630 5580 θεοειδέσιν
2653 5525 2903 5589 ἐννοίαις.
2939 5526 3183 5597 Σήμερον
3225 5525 3444 5580 ἃπασαν
3475 5527 3576 5599 τὴν
3596 5530 3772 5581 οἰκου-

2195 5618 2363 5692 μένην
2391 5619 2538 5674 ἕστιν
2569 5618 2696 5674 ἰδεῖν
2722 5617 2799 5682 ὡς
2821 5617 2947 5674 μίαν
2973 5617 3148 5672 οἰκίαν
3182 5617 3262 5683 εἰς
3295 5621 3615 5691 συμφωνίαν
3653 5621 3771 5683 ἐνὸς
