4084 6158
353 231 461 294 657

1280 231 1345 287 IN
1379 229 1656 288 CHRISTI
1701 184 2572 292 RESURRECTIONEbl-ORAT.
2606 232 2693 288 Ill.

3520 236 3624 289 θεῖε

357 351 686 427 πράγματος
732 351 1095 423 συγχυθεῖσαν
1143 350 1251 405 τοῦ·
1286 352 1430 408 κατὰ
1472 352 1760 423 συνήθειαν
1806 353 1945 423 πράν-

2058 353 2220 417 licet,
2243 353 2471 421 perinde
2509 352 2639 407 ac-si
2680 366 2789 406 una
2820 350 3017 407 domus
3063 358 3243 413 esset.
3268 350 3320 404 in
3350 350 3515 408 unius
3553 357 3630 409 rei

357 463 591 518 γματος,
626 445 1162 517 μετασκευασθεῖσαν
1192 443 1248 498 δὲ
1285 445 1364 498 ἐνὶ
1398 444 1702 516 συνθήματι
1746 446 1824 508 είς
1846 443 1945 515 τὴν

361 536 599 609 σπουδὴν
622 539 724 609 τῆς
752 537 936 607 εὐχῆς
955 538 1021 590 Ai.
1048 536 1313 608 λεωφόρου.
1341 538 1465 601 τοὺς
1501 536 1814 609 ὁδοιπόρους
1846 537 1947 591 οὑκ

361 628 576 700 έχουσι·
630 626 877 683 θάλασσα
933 628 1176 700 σήμερον
1225 628 1438 682 ναυτῶν
1495 629 1590 682 καὶ
1642 629 1946 699 πλωτήρων

362 718 568 790 ἔρημος
582 734 596 747 ·
625 716 872 788 γεωργὺς
890 715 988 788 τὴν
1012 715 1300 787 σκαπάνην
1320 715 1492 769 καὶτὸ
1506 714 1745 786 ἄροτρον
1759 715 1942 787 ῥίψας,

361 812 445 874 είς
471 808 534 862 τδ
556 805 652 862 τοῦ
680 806 1032 879 ἐορτάζοντος
1067 807 1251 877 σχῆμα
1281 804 1720 859 ἐκαλλωπίσατο-·
1761 806 1817 858 αί
1847 821 1947 858 κα-

363 903 587 975 πηλεῐαι
616 900 718 972 τῆς
750 897 1021 970 ἐμπορίας
1049 896 1427 969 σχολάζουσιν’
1462 898 1520 952 αί
1551 896 1803 968 ὀχλήσεις
1826 895 1947 949 ἐλύ-

362 994 557 1067 θησαν,
590 993 666 1057 ὡς
690 990 900 1064 χειμὼν
947 990 1302 1060 ἐπιφανέντος
1343 989 1533 1060 ἔαρος·
1575 988 1795 1061 θόρυϐοι
1854 989 1948 1043 καὶ⁸

360 1082 601 1156 ταραχαῖ
642 1082 739 1135 καὶ
780 1080 941 1146 ζάλαι
979 1079 1074 1134 τοῦ
1113 1079 1252 1151 βίου,
1280 1081 1344 1152 τῇ
1398 1079 1591 1152 εἰρήνῃ
1621 1079 1716 1149 τῆς
1753 1078 1948 1150 ἑορτῆς

361 1174 741 1245 ὗπεξέστησαν
759 1188 775 1204 ο
803 1174 831 1227 6
870 1171 1041 1243 πένης
1068 1172 1145 1236 ὡς
1171 1171 1426 1235 πλούσιος
1458 1171 1859 1237 καλλωπίζεται
1878 1188 1893 1205 ο
1919 1173 1948 1225 6

364 1265 621 1329 πλούσιος
665 1264 769 1336 τῆς
796 1262 1084 1335 συνηθείας
1129 1261 1586 1336 περιφανέστερος
1635 1263 1946 1318 δείκνυταιο

361 1359 393 1412 6
418 1355 732 1428 πρεσϐύτης
758 1355 835 1420 ὡς
875 1354 995 1418 νέος
1028 1353 1211 1427 τρέχει
1243 1354 1380 1426 πρὸς
1403 1354 1502 1427 τὴν
1531 1356 1821 1426 μετουσίαν
1849 1356 1949 1426 τῆς

361 1448 705 1521 εὐφροσύνης
724 1464 739 1480 ο
766 1447 796 1500 6
824 1445 1076 1519 ἀσθενὴς,
1106 1446 1201 1500 καὶ
1236 1447 1337 1518 τὴν
1369 1447 1527 1501 νόσον
1569 1446 1814 1518 βιάζεται
1838 1463 1851 1476 ’
1887 1449 1950 1502 τὸ

362 1541 579 1596 παιδίον
623 1544 693 1613 τῇ
724 1539 994 1614 ἐξαλλαγῇ
1032 1542 1131 1612 τῆς
1168 1539 1395 1609 ἐσθῆτος
1454 1538 1726 1611 αίσθητῶς
1760 1541 1949 1612 ἑορτά-

366 1633 486 1699 ζει,
540 1632 730 1704 ἐπειδή
779 1631 986 1703 νοητῶς
1032 1631 1245 1686 οὐδέπω
1289 1630 1535 1686 δύναται.
1575 1630 1641 1684 Ἦ
1680 1630 1949 1702 παρθένος

2047 444 2116 501 de
2147 460 2299 500 more
2342 445 2457 500 fieri
2489 444 2665 500 solitae
2717 459 3047 500 consensum
3099 457 3165 498 ac
3226 443 3386 512 quasi
3422 457 3626 500 conse-

2047 537 2294 593 nnntiam
2337 537 2540 593 coiisse
2568 544 2733 606 atque
2794 537 3108 600 coaluisse,
3151 549 3385 605 unoque.
3429 535 3626 605 signo,

2047 628 2208 698 quasi
2244 636 2451 683 tessera
2503 636 2727 693 accepta
2783 625 2852 680 ad
2902 626 3147 682 studium
3208 624 3478 680 orationis
3517 631 3631 678 tra-

2047 720 2299 775 ductum.
2336 717 2450 774 Viae
2470 718 2704 789 publicae
2740 717 3045 773 viatoribus
3084 724 3308 782 carent,
3350 730 3502 771 mare
3540 716 3632 777 lto-

2045 811 2137 869 die
2163 826 2193 866 a
2231 811 2418 867 nautis
2445 819 2501 867 et
2527 810 2841 866 vectoribus
2878 809 3152 865 desertum
3187 826 3201 863 :
3236 808 3482 879 agricola
3509 822 3633 862 ara-

2047 908 2139 957 tro
2193 914 2259 955 ae
2293 901 2476 973 ligone
2512 900 2756 971 projecto
2791 900 2846 954 in
2905 900 3151 955 habitum
3185 899 3435 955 feriantis
3478 914 3632 954 com-

2046 993 2261 1065 positus
2286 1000 2790 1054 etresornatusest,
2818 1006 3083 1062 cauponae
3103 1008 3132 1046 a
3153 998 3365 1062 quaestu
3390 999 3627 1047 vacant:

2049 1087 2311 1159 strepitus
2342 1095 2619 1159 tanquam
2645 1086 2832 1142 hiems
2859 1094 3147 1156 appetente
3190 1100 3318 1141 vere
3372 1096 3633 1142 cessant:

2048 1180 2317 1236 tumultus
2340 1222 2354 1245 ,
2397 1181 2606 1246 turbae,
2640 1179 2762 1234 vita:
2790 1177 3044 1250 procellae
3073 1177 3195 1249 paci
3230 1186 3284 1233 et
3311 1179 3481 1247 quieti
3523 1179 3633 1237 diei

2050 1268 2177 1327 festi
2238 1271 2633 1337 decesserunt,
2696 1285 2903 1341 pauper
2952 1278 3013 1325 ut
3070 1269 3223 1326 dives
3287 1277 3624 1325 exornatur.

2048 1361 2200 1417 dives
2234 1362 2398 1417 solito
2422 1361 2763 1433 splendidior
2790 1359 3170 1429 conspicitur;
3204 1373 3369 1413 senex
3405 1358 3634 1426 perinde

2050 1469 2114 1509 ac
2142 1453 2367 1523 juvenis
2392 1453 2636 1509 accurrit
2668 1494 2686 1522 ,
2730 1460 2793 1509 ut
2822 1448 3094 1523 particeps
3137 1449 3343 1505 latitia:
3378 1449 3508 1512 fiat,
3545 1450 3632 1505 in-

2053 1545 2244 1601 tirnms
2286 1560 2509 1616 quoque
2546 1545 2658 1600 vim
2718 1545 2914 1600 morbo
2941 1540 3142 1599 ali‘e'rt:
3183 1541 3400 1612 puellus
3447 1541 3632 1598 infans

2049 1636 2357 1693 mutatione
2377 1637 2551 1693 vestis
2574 1651 2740 1692 sensu
2758 1643 2984 1691 externo
3009 1633 3205 1689 festum
3219 1632 3369 1698 colit,
3393 1631 3634 1704 quando-

366 1724 770 1798 ὑπεργάννυται
800 1724 899 1797 τὴν
925 1722 1125 1797 ψυχὴν,
1163 1723 1244 1778 ὅτι
1270 1722 1372 1794 τῆς
1407 1722 1543 1788 ιδίας
1568 1722 1783 1788 ἐλπίδος
1810 1724 1952 1796 λαμ-

2058 1728 2274 1799 quidcm
2300 1728 2549 1784 interiori
2570 1726 2738 1782 animi
2766 1741 2936 1782 sensu
2966 1723 3209 1780 nondum
3234 1732 3436 1796 potest.
3464 1722 3632 1795 Virgo

363 1817 514 1889 πράν
553 1817 647 1872 καὶ
689 1815 833 1872 οὕτω
875 1816 1196 1889 τιμωμένην
1236 1815 1339 1887 τὴν
1383 1816 1691 1889 ὑπόμνησιν
1724 1815 1943 1888 βλέπει·

364 1912 401 1983 η
420 1909 665 1981 ἕγγαμος
691 1909 800 1981 ὅλῳ
826 1908 908 1981 τῷ
930 1908 1259 1982 πληρώματι
1284 1908 1388 1980 τῆς
1412 1909 1589 1974 οίκίας
1616 1908 1950 1983 ἑορτάζουσα

365 2002 575 2076 χαίρει·
599 2001 698 2056 νῦν
722 2002 832 2074 γὰρ
856 2001 1016 2073 αὑτὴ,
1054 2000 1149 2056 καὶ
1177 2002 1208 2055 6
1242 2001 1509 2069 σύνοικος,
1543 2002 1638 2056 καὶ
1662 2004 1710 2057 oi
1738 2003 1946 2071 παῖδες,

364 2094 461 2148 καὶ⁸
487 2094 536 2147 οί
576 2092 782 2148 οἰκέται
799 2132 814 2157 ,
845 2091 941 2148 καὶ
968 2091 1173 2157 πάντες
1203 2091 1442 2162 ἐφέστιοι
1468 2092 1812 2161 ἀγάλλονται.
1838 2096 1950 2149 Καὶ

364 2187 555 2258 ὥσπερ
599 2185 661 2241 τὸ
705 2184 912 2257 σμῆνος
956 2183 1068 2239 τῶν
1116 2183 1387 2256 μελισσῶν
1417 2184 1480 2238 τὸ
1511 2185 1639 2240 νέον
1663 2186 1759 2240 καὶ
1798 2186 1952 2258 άρτί-

363 2294 544 2342 τοκον,
584 2274 801 2348 πρῶτον
846 2273 952 2346 τῆς
989 2273 1337 2340 καταδύσεως
1367 2274 1401 2346 ἦ
1451 2274 1575 2332 τῶν-
1604 2275 1952 2333 καλαθίσκων

363 2369 503 2441 πρὸς
530 2368 626 2422 τὸν
647 2367 787 2441 ἀέρα
816 2367 911 2422 καὶ
941 2366 1003 2422 τὺ
1035 2366 1150 2438 φῶς
1177 2367 1559 2440 ἐξιπτάμενον,
1591 2368 1793 2441 ἄθρουν
1812 2368 1949 2442 ὁμοῦ

363 2461 461 2516 καὶ
495 2460 838 2533 συνηγμένον
882 2460 975 2515 ἔνι’
1013 2459 1193 2533 κλάδῳ
1218 2460 1437 2534 δένδρου
1472 2462 1947 2533 προσπλάσσεται·

361 2551 542 2618 οὕτως
587 2553 682 2608 ἐπὶ
737 2551 945 2624 ταύτης
990 2553 1093 2626 τῆς
1138 2554 1334 2627 ἑορτῆς
1381 2553 1657 2627 ὁλόκληρα
1703 2554 1772 2610 τά
1816 2555 1951 2628 γένη

362 2645 505 2717 πρὸς
529 2645 629 2710 τὰς
654 2644 856 2710 ἑστίας·
879 2645 1182 2718 συντρέχει.
1217 2646 1328 2701 Καὶ
1357 2645 1574 2718 άληθῶς
1613 2649 1689 2721 τῇ
1723 2650 1954 2721 μιμήσει

365 2735 506 2807 πρὸς
534 2735 636 2809 τὴν
687 2736 988 2809 μέλλουσαν
1013 2737 1227 2811 ἡμέραν
1261 2739 1297 2810 ἠ
1317 2738 1579 2812 παροῦσα
1610 2739 1793 2807 καλῶς
1815 2742 1952 2797 ἀνα-

363 2826 612 2899 φέρεται.
658 2828 1027 2901 ’Δθροιστικαὶ
1092 2829 1550 2905 γὰρμάνθρὼπων
1607 2831 1950 2906 ἀμφότεραι,

364 2920 553 2992 ἐκείνη
584 2921 696 2975 τῶν
738 2921 990 2989 καθόλου,
1030 2921 1172 2994 αὕτη
1201 2923 1310 2978 τῶν
1357 2924 1451 2978 ἐπὶ
1501 2924 1736 2998 μέρουςσ
1782 2927 1871 2982 ἴνα
1895 2927 1954 2982 δέ

365 3009 430 3065 τὸ
456 3010 819 3084 ἀληθέστερον
840 3012 1104 3084 εἴπωμεν,
1144 3012 1270 3068 ὅσον
1296 3014 1378 3079 είς
1416 3013 1750 3087 φαιδρότητα
1795 3015 1953 3088 φέρει

367 3104 467 3159 καὶ
491 3072 779 3176 εὐθυμίαν,
808 3105 953 3177 αὓτη
979 3072 1567 3180 ἧς’ψοσῶκῶμένης
1591 3072 1952 3182 χαριεστέρα,
1980 3072 2027 3137 c

365 3190 561 3263 ἐπειδὴ
599 3190 721 3246 τότε
774 3191 874 3265 μὲν
913 3192 1229 3262 ἐπάναγκες
1272 3194 1382 3249 καὶ·
1411 3195 1545 3260 τοὺς
1596 3196 1958 3270 ὀδυρομένους

362 3282 619 3355 ὁρᾶσθαι,
648 3276 740 3354 ,ὧν
783 3287 841 3339 αἱ
888 3284 1156 3358 ἁμαρτίαι
1186 3285 1699 3343 ἀποκαλύπτονται·
1758 3287 1857 3344 νῦν
1897 3290 1957 3346 δέ

365 3375 719 3441 ἀνεπίδεκτος
744 3375 852 3432 τῶν
886 3376 1227 3451 σκυθρωπῶν
1247 3380 1397 3433 ἐστιν
1418 3379 1453 3452 η
1474 3379 1763 3436 εὐπάθεια.
1797 3381 1872 3436 '0
1895 3398 1957 3436 τε

365 3467 482 3541 γὰρ
507 3468 714 3535 δίκαιος
745 3469 1122 3542 εὐφραίνεται,
1143 3469 1239 3525 καὶ
1266 3470 1297 3523 6
1328 3470 1392 3525 τὸ
1413 3471 1652 3537 συνειδὸς
1680 3472 1757 3544 μὴ
1782 3472 1958 3529 καθα-

368 3556 551 3629 ρεύων
572 3558 829 3628 ἀναμένει
856 3558 957 3631 τὴν
997 3561 1063 3615 ἐκ
1084 3560 1184 3630 τῆς
1215 3561 1501 3632 μετανοίας
1528 3561 1837 3634 διόρθωσιν,
1864 3564 1960 3617 καὶ

367 3650 525 3703 πᾶσα
549 3649 760 3722 η”λύπη
789 3652 888 3705 ἐπὶ
917 3650 1021 3721 τῆς
1060 3651 1346 3724 παρούσης
1369 3653 1583 3724 ἡμέρας
1614 3654 1954 3726 κοιμίζεται·

364 3741 550 3805 οὐδεὶς
582 3741 642 3795 δὲ
669 3740 814 3795 οὕτω
844 3741 1175 3808 κατώδυνος,
1196 3742 1271 3807 ὡς
1291 3743 1476 3798 ἄνεσιν
1508 3743 1583 3817 μὴ
1611 3744 1868 3817 εὑρέσθαι
1889 3748 1957 3819 τῇ

370 3833 825 3907 μεγαλοπρεπείᾳ
851 3835 965 3920 τῆς·
984 3834 1178 3907 ἑορτῆς
1196 3852 1211 3866 ’
1245 3834 1344 3890 νῦν
1369 3838 1399 3891 6
1424 3836 1709 3910 δεσμώτης
1732 3837 1921 3894 λύεται
1941 3855 1956 3870 ·

364 3928 417 3981 6'
439 3922 724 3996 χρεώστης
742 3922 963 3996 ἀφίεται
978 3940 991 3955 ⁸
1013 3925 1042 3978 6
1063 3923 1249 3988 δοῦλος
1268 3923 1647 3996 ἐλευθεροῦται
1669 3923 1748 3996 τῷ
1769 3924 1960 3997 ἀγαθῷ

365 4016 470 4070 καὶ
492 4013 860 4086 φιλανθρώπῳ
873 4014 975 4086 τῆς
1008 4012 1336 4086 Ἐκκλησίας
1353 4012 1693 4087 κηρύγματι,
1718 4016 1778 4069 οὑ
1807 4019 1962 4089 ραπι⁸

366 4108 605 4179 ξάμενος
638 4107 965 4180 ἀσχημόνως
1000 4108 1144 4163 κατὰ
1190 4111 1291 4180 τῆς
1335 4110 1588 4179 παρειάς,
1624 4109 1721 4163 καὶ
1775 4109 1958 4182 πληγῇ

363 4203 473 4272 τῆς
521 4201 735 4275 πληγῆς
772 4202 1101 4275 ἀφιέμενος,
1145 4201 1265 4256 οὐδὲ
1307 4201 1496 4273 ὥσπερ
1546 4203 1606 4256 ἐν
1649 4206 1842 4275 πομπῇ
1883 4202 1981 4274 τῷ

364 4292 535 4364 δήμῳ
572 4292 920 4365 δεικνύμενος
944 4294 1030 4363 ἐφ’
1059 4292 1249 4365 ὑψηλῷ
1280 4291 1518 4365 βήματι,
1560 4293 1719 4366 ὕϐριν
1743 4294 1801 4349 δὲ
1823 4294 1965 4366 ἔχων

2051 1824 2105 1878 in
2134 1821 2320 1876 animo
2345 1835 2449 1878 suo
2487 1820 2842 1878 vehementer
2881 1818 3098 1874 limatur
3123 1857 3153 1884 ,.
3194 1817 3489 1888 qttod'sute
3517 1819 3631 1885 spei

2051 1914 2491 1971 recerdationem
2545 1912 2704 1969 adeo;
2736 1912 3023 1985 splendide
3086 1911 3349 1966 honorari
3404 1912 3626 1975 cernit;

2050 2004 2465 2063 materfamilias
2498 2020 2625 2060 cum
2660 2011 2778 2061 toto
2808 2019 2971 2075 grege
2996 2002 3195 2059 domus
3219 2039 3236 2066 .
3282 2004 3500 2058 nemine
3549 2003 3633 2055 fa-

2051 2097 2365 2154 miliarium‘
2395 2104 2560 2168 atque
2622 2095 3048 2153 domesticorum
3110 2094 3379 2157 absente,
3431 2093 3630 2149 festum

2050 2190 2339 2248 celebrans
2371 2191 2592 2246 laetatur
2627 2206 2640 2245 :
2676 2203 2825 2244 nunc
2851 2188 2998 2243 enim
3030 2186 3150 2258 ipsa
3205 2192 3372 2257 atque
3405 2185 3636 2240 maritus

2050 2294 2105 2341 et
2130 2283 2324 2352 liberi,
2374 2291 2429 2340 et
2469 2283 2654 2351 servi,
2679 2296 2983 2349 omnesque
3017 2279 3306 2337 domestici
3355 2279 3633 2333 laetantur.

2052 2373 2132 2431 Ac
2154 2376 2321 2432 veluti
2352 2391 2552 2432 novum
2576 2389 2643 2431 ac
2699 2389 2893 2431 recens
2924 2372 3132 2429 editum
3187 2386 3418 2429 examen
3472 2386 3635 2440 apum

2052 2480 2119 2522 ex
2155 2466 2399 2522 latibulis
2429 2465 2669 2537 primum
2711 2471 2768 2521 et
2828 2461 3143 2518 alvearibus
3175 2454 3341 2518 simul
3385 2468 3636 2515 coactum

2054 2565 2219 2629 atque
2248 2557 2556 2614 confertum
2587 2556 2645 2613 in
2675 2570 2862 2613 aerem
2895 2569 2961 2610 ac
2991 2551 3169 2609 lucem
3220 2553 3446 2609 evolaus
3484 2567 3638 2605 ramo

2053 2650 2290 2721 alicujus
2331 2649 2546 2706 arboris
2596 2662 2719 2707 sese
2773 2646 3015 2718 applicat
3050 2652 3106 2702 et
3158 2643 3444 2700 considit:
3493 2643 3640 2698 haud

2054 2740 2214 2796 aliter
2234 2739 2289 2795 in
2322 2739 2428 2795 hoc
2460 2738 2601 2795 festo
2639 2739 2868 2809 integra;
2905 2735 3128 2792 familia:
3168 2733 3237 2788 ad
3287 2734 3445 2790 sedes
3476 2748 3624 2803 qua:-

2055 2844 2166 2901 que
2217 2843 2350 2887 suas
2398 2828 2711 2886 conﬂuunt.
2747 2830 2828 2884 Ac
2885 2825 3135 2899 profecto
3159 2826 3280 2896 ipsa
3330 2825 3639 2880 imitatione

2054 2920 2443 2993 pret-sensdies
2463 2920 2532 2976 ad
2562 2919 2807 2976 futurum
2842 2927 2991 2976 recte
3027 2916 3271 2974 refertur
3303 2925 3467 2987 atque
3490 2931 3641 2972 com-

2054 3021 2302 3082 paratur.
2331 3011 2575 3085 Uterque
2602 3011 2749 3068 enim
2784 3010 3071 3066 hominum
3111 3018 3478 3079 congregator
3511 3017 3595 3064 est
3623 3026 3636 3061 :

2059 3106 2149 3163 ille
2174 3106 2583 3172 universorum,
2604 3105 2695 3162 hic
2724 3103 3089 3177 singularium
3123 3122 3137 3159 :
3167 3110 3227 3158 ut
3248 3110 3429 3157 autem
3458 3101 3642 3157 verius

2057 3196 2343 3265 dicamus,
2376 3205 2647 3270 quantum
2677 3197 2748 3254 ad
2808 3196 3056 3253 laetitiam
3103 3195 3345 3267 pertinet
3365 3202 3421 3251 et
3453 3194 3643 3249 hilari-

2057 3295 2261 3345 tatem:
2304 3287 2421 3345 bazc
2452 3303 2619 3361 quam
2649 3289 2742 3344 illa
2766 3330 2783 3357 ,
2837 3304 2960 3360 quae
2990 3294 3380 3359 exspectatur,
3435 3286 3643 3359 gratior

2058 3395 2124 3436 ac
2171 3381 2475 3452 jucundior
2526 3389 2643 3448 est,
2698 3380 2903 3451 quippe
2944 3386 3077 3435 tunc
3136 3378 3359 3449 quidem
3413 3393 3645 3435 necesse

2057 3481 2145 3529 est
2169 3474 2332 3529 etiam
2356 3473 2722 3528 lamentantes
2741 3471 2938 3534 videri,
2971 3484 3208 3542 quorum
3236 3468 3493 3523 videlicet
3521 3484 3645 3537 pec-

2060 3576 2185 3622 cata
2213 3567 2586 3639 detegantur;
2642 3568 2934 3637 praesentis
2989 3580 3124 3622 vero
3184 3564 3291 3620 diei
3321 3564 3644 3634 jucunditas

2062 3656 2244 3713 nullos
2273 3657 2516 3712 admittit
2543 3657 2731 3713 tristes
2758 3663 2814 3712 et
2843 3655 3029 3711 animo
3049 3654 3341 3711 demissos.
3396 3651 3530 3708 Nam
3591 3662 3645 3709 et

2056 3749 2244 3821 justus
2272 3748 2525 3814 laetatur,
2559 3757 2614 3804 et
2651 3748 2698 3804 is
2724 3747 2817 3820 qui
2852 3746 3248 3803 conscientiam
3305 3760 3496 3816 puram
3534 3760 3644 3800 non

2061 3840 2224 3896 habet
2259 3879 2275 3905 ,
2313 3856 2381 3897 ex
2421 3840 2807 3912 resipiscentia
2836 3839 2924 3894 sui
2958 3837 3356 3894 correctionem
3416 3844 3602 3908 sperat
3625 3876 3642 3901 ,

2062 3941 2227 4004 atque
2268 3931 2451 3989 omnis
2487 3932 2541 3986 in
2566 3930 2823 4003 praesenti
2871 3929 2962 3987 die
3019 3928 3241 3986 tristitia
3292 3929 3492 4001 sopita.
3524 3936 3642 3985 est:

2064 4024 2247 4080 nullus
2268 4030 2452 4079 autem
2488 4024 2625 4079 adeo
2657 4021 2987 4095 aegritudine
3027 4036 3253 4091 pressus
3286 4029 3340 4076 et
3366 4020 3644 4075 obnoxius

2063 4122 2179 4179 est,
2243 4113 2379 4184 quin
2444 4128 2540 4184 per
2596 4112 2765 4183 hujus
2820 4111 2951 4169 festi
2998 4110 3458 4184 magnificentiam
3519 4112 3647 4165 mali

2064 4204 2149 4261 sui
2183 4206 2561 4262 remissionem
2596 4204 2798 4261 sentiat
2832 4213 2995 4275 atque
3044 4203 3290 4259 levamen
3333 4222 3346 4257 :
3410 4201 3517 4255 hoc
3539 4188 3650 4256 'die

2064 4299 2191 4355 nexi
2243 4300 2579 4355 solvuntur:
2616 4296 2837 4354 debitor
2881 4296 3221 4362 dimittitur;
3258 4309 3450 4350 servus
3505 4293 3650 4348 bono

366 4384 483 4441 καῖ
520 4384 893 4458 ἐρυθριασμδν
952 4384 1051 4457 τὴν
1096 4386 1273 4459 ἀρχὴν
1305 4386 1406 4456 τῆς
1441 4385 1787 4458 ἐλευθερίας
1845 4386 1956 4442 ἀλὶέ

2066 4398 2121 4444 et
2157 4388 2403 4445 humano
2445 4386 2725 4460 praeconio
2763 4398 2928 4458 atque
2960 4385 3142 4442 edicto
3172 4382 3428 4439 Ecclesiae
3457 4398 3650 4438 manu-

364 4474 522 4530 οὑτω
562 4474 804 4547 κοσμίως
845 4474 1175 4547 ἀφιέμενος,
1223 4476 1298 4540 ὡς
1335 4475 1695 4545 γινώσκεται,
1741 4477 1965 4549 εὐεργε-

362 4567 695 4622 cetrae-xui
717 4569 746 4622 6
769 4567 948 4639 μένων
985 4568 1078 4622 ἐπὶ
1106 4568 1205 4639 τῆς
1228 4567 1474 4632 δουλείας
1506 4567 1607 4624 ἔτι.
1639 4569 1703 4623 Εί
1732 4570 1841 4641 γάρ
1869 4572 1964 4625 καὶ

366 4661 549 4717 πολλὰ
583 4661 680 4716 καὶ
720 4661 890 4735 βαρέα
913 4664 983 4716 τὰ
1018 4663 1236 4735 ἀμαρτή
1247 4680 1409 4734 ματα,
1440 4662 1774 4734 παραίτησιν
1796 4664 1965 4736 ὑπερο

368 4752 635 4807 σαίνοντα
660 4753 755 4808 καὶ
791 4750 1146 4824 συγγνώμην,
1181 4751 1498 4823 αἰδούμενος
1544 4752 1573 4805 6
1599 4752 1879 4824 Δεσπότης
1902 4754 1966 4807 τὸ

364 4846 477 4919 τῆς
509 4845 727 4918 ῆμέρας
767 4843 1005 4916 γαληνὸν
1036 4845 1133 4899 καὶ
1175 4844 1578 4917 φιλάνθρωπον,
1626 4844 1843 4918 δέχεται
1872 4846 1965 4899 τὸν

366 4937 817 5010 ἀπερριμμένον,
868 4937 963 4991 καὶ
1006 4938 1063 4990 ἐν
1092 4936 1205 4999 τοῖς
1244 4935 1463 5007 ἀτίμοις
1503 4935 1800 5009 ὁρώμενον,
1837 4937 1913 5003 ὡς
1937 4940 1967 4993 ό

370 5032 585 5106 Φαραῶ
628 5031 722 5085 τὸν
764 5029 1004 5102 οίνοχόον
1033 5030 1099 5083 ἐκ
1130 5026 1226 5082 τοῦ
1256 5028 1655 5100 δεσμωτηρίου.
1691 5024 1814 5084 Οἵδε
1855 5030 1966 5102 γάρ

364 5129 456 5192 ὡς
495 5123 640 5181 κατὰ
665 5123 765 5197 τὴν
811 5120 1150 5196 προθεσμίαν
1196 5121 1298 5190 τῆς
1334 5121 1708 5188 ἀναστάσεως,
1745 5116 1812 5196 ἦς
1843 5124 1965 5178 καθ’

362 5217 673 5289 ὁμοιότητα
693 5214 794 5287 τὴν
832 5213 1113 5287 παροῦσαν
1143 5211 1419 5284 τιμῶμεν,
1453 5213 1644 5286 χρῄζει
1686 5216 1779 5270 καὶ
1804 5215 1965 5281 αὐτὸς

238 5342 245 5347 .
362 5310 476 5377 τῆς
497 5307 847 5375 ἀνεξικακίας
874 5305 1086 5378 καὶτῆς
1103 5304 1438 5376 ἀγαθότητος
1451 5306 1544 5360 τοῦ
1561 5308 1626 5359 Δε
1635 5308 1855 5370 σπότου,
1875 5311 1970 5363 καὶ

360 5400 641 5467 δανείζων
670 5398 904 5454 ἐνταῦθα
933 5399 1026 5452 τὸν
1056 5397 1224 5461 ἔλεον,
1273 5395 1553 5469 προσδοκᾷ
1584 5396 1684 5469 τὴν
1713 5398 1968 5453 ἀπόδοσιν

361 5496 441 5549 ἔν
488 5491 690 5565 καιρῷ.
734 5490 1033 5545 Ἠκούσατε
1055 5522 1072 5557 ,
1109 5490 1176 5544 οί¹
1206 5486 1502 5555 δεσπόταις
1549 5488 1825 5556 Φυλάξατε
1874 5490 1966 5544 τὸν

363 5584 542 5654 λόγον
568 5584 647 5648 ὼς
675 5580 903 5653 ἀγαθὸν,
945 5580 1022 5652 μὴ
1045 5578 1338 5651 διαϐάλητέ
1360 5596 1427 5649 με
1447 5579 1600 5650 παρὰ
1622 5582 1733 5643 τοῖς
1759 5578 1966 5645 δούλοις

359 5678 458 5742 ὡς
479 5675 694 5749 ψευδῶς
743 5673 840 5745 τὴν
883 5673 1093 5745 ἡμέραν
1124 5670 1563 5745 ἐγκωμιάζοντα’
1607 5671 1833 5742 ἀφέλετε
1870 5672 1965 5741 τὴν

2071 4480 2346 4547 mittitur,
2388 4496 2490 4538 nec
2529 4489 2712 4538 tamen
2747 4481 2920 4552 alapis
2955 4478 3098 4535 foede
3131 4492 3195 4533 os
3235 4475 3356 4546 ejus
3385 4473 3648 4538 caeditur,

2072 4575 2339 4647 plagaque
2373 4589 2403 4629 a
2445 4574 2602 4647 plaga
2629 4574 2942 4630 liberatur:
2980 4585 3115 4636 nec,
3183 4566 3647 4639 quemadmodum

2072 4670 2127 4723 in
2154 4678 2356 4740 pompa
2385 4667 2501 4722 fieri
2535 4668 2709 4731 solet,
2745 4666 2799 4720 in
2852 4663 3001 4720 edito
3036 4670 3200 4733 atque
3251 4657 3473 4714 sublimi
3524 4672 3652 4727 sug-

2070 4767 2225 4832 gesto
2277 4758 2481 4831 populo
2536 4762 2890 4822 ostentatur,
2930 4769 2963 4809 a
3006 4754 3209 4811 rubore
3256 4763 3313 4808 et
3368 4756 3652 4804 contume-

2072 4853 2145 4907 lia
2173 4851 2480 4907 libertatem
2499 4862 2654 4903 suam
2679 4862 2911 4904 exorsus
2940 4864 2954 4902 :
2981 4845 3076 4903 sed
3107 4845 3180 4898 ita
3205 4844 3403 4898 decore
3432 4855 3498 4895 ac
3553 4840 3653 4896 ho-

2074 4948 2227 4998 neste
2251 4938 2584 5004 dimittitur,
2649 4947 2709 4994 ut
2765 4946 2969 4994 notum
3005 4947 3131 5002 est;
3187 4931 3460 4990 beneficio
3521 4930 3652 4987 item

2073 5030 2309 5086 alii'citur
2360 5029 2430 5093 is,
2467 5029 2563 5099 qui
2618 5028 2801 5084 adhue
2856 5029 2911 5084 in
2967 5027 3230 5083 servitute
3263 5029 3468 5078 manet.
3516 5019 3653 5076 Nam

2074 5122 2294 5179 etiamsi
2320 5120 2494 5176 multa
2525 5135 2591 5175 ac
2615 5120 2803 5192 gravia
2852 5119 2966 5174 sint
2991 5115 3220 5180 delicta,
3256 5129 3379 5184 quae
3436 5111 3656 5168 veniam

2076 5229 2141 5270 ac
2169 5212 2613 5284 deprecationem
2652 5208 2961 5273 excedant,
2989 5206 3157 5275 hujus
3182 5205 3290 5261 diei
3338 5202 3657 5261 serenitatis

2074 5315 2129 5361 et
2170 5302 2529 5360 humanitatis
2570 5300 2927 5357 veneratione
2974 5296 3241 5353 Dominus
3281 5295 3487 5366 recipit
3507 5294 3657 5365 abje-

2072 5406 2252 5463 ctum,
2304 5406 2357 5453 et
2389 5397 2533 5451 inter
2559 5393 2696 5449 viles
2726 5400 2780 5447 et
2800 5433 2805 5439 .
2828 5391 3227 5463 ignominiosos
3257 5387 3616 5459 conspicuum
3640 5426 3656 5447 ,

2076 5486 2535 5560 quemadmodum
2558 5485 2776 5541 Pharao
2800 5498 2866 5538 ex
2906 5497 3131 5539 carcere
3163 5474 3507 5553 pincernam.
3546 5475 3656 5530 No-

2077 5580 2156 5635 vit
2183 5579 2331 5636 enim
2361 5580 2478 5651 ipse
2520 5588 2767 5650 tempore
2800 5574 3195 5633 resurrectioni
3237 5572 3551 5636 destinato,
3586 5567 3687 5621 ad;

2078 5671 2669 5745 cujus-similitudinem
2697 5676 3018 5740 praesentem
3042 5666 3183 5725 diem
3200 5664 3665 5743 cohonestamns,
