  <div class='ocr_page' id='page_1' title='image "/cluster/home/n/w/nwhite01/storage/ocr_20150623/46/mdp.39015011915447/337.png"; bbox 0 0 4084 6158; ppageno 0'>
   <div class='ocr_carea' id='block_1_1' title="bbox 498 289 604 348">
    <p class='ocr_par' dir='ltr' id='par_1_1' title="bbox 498 289 604 348">
     <span class='ocr_line' id='line_1_1' title="bbox 498 289 604 348; baseline -0.019 0"><span class='ocrx_word' id='word_1_1' title='bbox 498 289 604 348; x_wconf 80' lang='lat'><strong>659</strong></span> 
     </span>
    </p>
   </div>
   <div class='ocr_carea' id='block_1_2' title="bbox 1717 282 2472 343">
    <p class='ocr_par' dir='ltr' id='par_1_2' title="bbox 1717 282 2472 343">
     <span class='ocr_line' id='line_1_2' title="bbox 1717 282 2472 343; baseline -0.003 -4"><span class='ocrx_word' id='word_1_2' title='bbox 1717 285 1774 342; x_wconf 91' lang='lat' dir='ltr'><strong>S.</strong></span> <span class='ocrx_word' id='word_1_3' title='bbox 1815 283 2145 343; x_wconf 79' lang='lat' dir='ltr'><strong>GBEGORH</strong></span> <span class='ocrx_word' id='word_1_4' title='bbox 2179 282 2472 339; x_wconf 74' lang='lat' dir='ltr'><strong>NYSSEN]</strong></span> 
     </span>
    </p>
   </div>
   <div class='ocr_carea' id='block_1_3' title="bbox 3641 268 3737 326">
    <p class='ocr_par' dir='ltr' id='par_1_3' title="bbox 3641 268 3737 326">
     <span class='ocr_line' id='line_1_3' title="bbox 3641 268 3737 326; baseline -0.01 0"><span class='ocrx_word' id='word_1_5' title='bbox 3641 268 3737 326; x_wconf 83' lang='lat'><strong>660</strong></span> 
     </span>
    </p>
   </div>
   <div class='ocr_carea' id='block_1_4' title="bbox 495 387 2079 488">
    <p class='ocr_par' dir='ltr' id='par_1_4' title="bbox 495 401 2066 472">
     <span class='ocr_line' id='line_1_4' title="bbox 495 401 2066 472; baseline 0.003 -14"><span class='ocrx_word' id='word_1_6' title='bbox 495 403 663 458; x_wconf 85' lang='lat' dir='ltr'><strong>etiam</strong></span> <span class='ocrx_word' id='word_1_7' title='bbox 709 401 949 472; x_wconf 89' lang='lat' dir='ltr'><strong>seipsum</strong></span> <span class='ocrx_word' id='word_1_8' title='bbox 1005 416 1144 472; x_wconf 87' lang='lat' dir='ltr'><strong>opus</strong></span> <span class='ocrx_word' id='word_1_9' title='bbox 1187 401 1390 459; x_wconf 89' lang='lat' dir='ltr'><strong>habere</strong></span> <span class='ocrx_word' id='word_1_10' title='bbox 1440 403 1664 460; x_wconf 88' lang='lat' dir='ltr'><strong>lenitate</strong></span> <span class='ocrx_word' id='word_1_11' title='bbox 1705 421 1770 461; x_wconf 88' lang='lat' dir='ltr'><strong>ac</strong></span> <span class='ocrx_word' id='word_1_12' title='bbox 1822 408 2066 462; x_wconf 78' lang='lat' dir='ltr'><strong>bonitate</strong></span> 
     </span>
    </p>
   </div>
   <div class='ocr_carea' id='block_1_5' title="bbox 2181 387 3739 488">
    <p class='ocr_par' dir='ltr' id='par_1_5' title="bbox 2181 387 3739 474">
     <span class='ocr_line' id='line_1_5' title="bbox 2181 387 3739 474; baseline -0.01 -16"><span class='ocrx_word' id='word_1_13' title='bbox 2181 405 2341 474; x_wconf 54' lang='grc' dir='ltr'>λύπην</span> <span class='ocrx_word' id='word_1_14' title='bbox 2379 401 2488 456; x_wconf 87' lang='grc' dir='ltr'><strong>τῶν</strong></span> <span class='ocrx_word' id='word_1_15' title='bbox 2533 398 2862 469; x_wconf 80' lang='grc' dir='ltr'>θλιϐομένων</span> <span class='ocrx_word' id='word_1_16' title='bbox 2917 393 3126 464; x_wconf 77' lang='grc' dir='ltr'>ψυχῶν,</span> <span class='ocrx_word' id='word_1_17' title='bbox 3177 391 3253 454; x_wconf 83' lang='grc' dir='ltr'>ὡς</span> <span class='ocrx_word' id='word_1_18' title='bbox 3298 391 3328 443; x_wconf 86' lang='grc' dir='ltr'><strong>ό</strong></span> <span class='ocrx_word' id='word_1_19' title='bbox 3383 387 3589 459; x_wconf 79' lang='grc' dir='ltr'>Κύριος</span> <span class='ocrx_word' id='word_1_20' title='bbox 3637 388 3739 442; x_wconf 90' lang='grc' dir='ltr'><strong>τῶν</strong></span> 
     </span>
    </p>
   </div>
   <div class='ocr_carea' id='block_1_6' title="bbox 502 491 2066 563">
    <p class='ocr_par' dir='ltr' id='par_1_6' title="bbox 502 491 2066 563">
     <span class='ocr_line' id='line_1_6' title="bbox 502 491 2066 563; baseline 0.004 -15"><span class='ocrx_word' id='word_1_21' title='bbox 502 494 756 559; x_wconf 82' lang='lat' dir='ltr'><strong>Domini,</strong></span> <span class='ocrx_word' id='word_1_22' title='bbox 791 503 846 548; x_wconf 87' lang='lat' dir='ltr'><strong>et</strong></span> <span class='ocrx_word' id='word_1_23' title='bbox 889 493 1046 563; x_wconf 88' lang='lat' dir='ltr'><strong>quasi</strong></span> <span class='ocrx_word' id='word_1_24' title='bbox 1074 500 1264 549; x_wconf 90' lang='lat' dir='ltr'><strong>mutuo</strong></span> <span class='ocrx_word' id='word_1_25' title='bbox 1300 491 1738 552; x_wconf 82' lang='lat' dir='ltr'><strong>misericordiam</strong></span> <span class='ocrx_word' id='word_1_26' title='bbox 1805 499 1894 553; x_wconf 92' lang='lat' dir='ltr'><strong>hic</strong></span> <span class='ocrx_word' id='word_1_27' title='bbox 1927 499 2066 555; x_wconf 89' lang='lat' dir='ltr'><strong>dans</strong></span> 
     </span>
    </p>
   </div>
   <div class='ocr_carea' id='block_1_7' title="bbox 498 583 2065 657">
    <p class='ocr_par' dir='ltr' id='par_1_7' title="bbox 498 583 2065 657">
     <span class='ocr_line' id='line_1_7' title="bbox 498 583 2065 657; baseline 0.001 -18"><span class='ocrx_word' id='word_1_28' title='bbox 498 591 781 655; x_wconf 79' lang='lat' dir='ltr'><strong>exspectat</strong></span> <span class='ocrx_word' id='word_1_29' title='bbox 813 583 866 636; x_wconf 91' lang='lat' dir='ltr'><strong>in</strong></span> <span class='ocrx_word' id='word_1_30' title='bbox 899 592 1139 652; x_wconf 89' lang='lat' dir='ltr'><strong>tempore</strong></span> <span class='ocrx_word' id='word_1_31' title='bbox 1171 598 1272 640; x_wconf 90' lang='lat' dir='ltr'><strong>suo</strong></span> <span class='ocrx_word' id='word_1_32' title='bbox 1293 585 1611 641; x_wconf 71' lang='lat' dir='ltr'><strong>relationem</strong></span> <span class='ocrx_word' id='word_1_33' title='bbox 1649 594 1704 642; x_wconf 90' lang='lat' dir='ltr'><strong>et</strong></span> <span class='ocrx_word' id='word_1_34' title='bbox 1733 601 2065 657; x_wconf 89' lang='lat' dir='ltr'><strong>compensa-</strong></span> 
     </span>
    </p>
   </div>
   <div class='ocr_carea' id='block_1_8' title="bbox 498 671 2064 735">
    <p class='ocr_par' dir='ltr' id='par_1_8' title="bbox 498 671 2064 735">
     <span class='ocr_line' id='line_1_8' title="bbox 498 671 2064 735; baseline 0.003 -10"><span class='ocrx_word' id='word_1_35' title='bbox 498 675 722 728; x_wconf 84' lang='lat' dir='ltr'><strong>tionem.</strong></span> <span class='ocrx_word' id='word_1_36' title='bbox 778 671 1045 735; x_wconf 86' lang='lat' dir='ltr'><strong>Audistis.</strong></span> <span class='ocrx_word' id='word_1_37' title='bbox 1097 672 1300 728; x_wconf 88' lang='lat' dir='ltr'><strong>domini</strong></span> <span class='ocrx_word' id='word_1_38' title='bbox 1351 695 1364 730; x_wconf 91' lang='lat'><strong>:</strong></span> <span class='ocrx_word' id='word_1_39' title='bbox 1413 675 1700 732; x_wconf 88' lang='lat' dir='ltr'><strong>Custodite</strong></span> <span class='ocrx_word' id='word_1_40' title='bbox 1758 692 2064 733; x_wconf 85' lang='lat' dir='ltr'><strong>sermonem</strong></span> 
     </span>
    </p>
   </div>
   <div class='ocr_carea' id='block_1_9' title="bbox 497 764 2067 839">
    <p class='ocr_par' dir='ltr' id='par_1_9' title="bbox 497 764 2067 839">
     <span class='ocr_line' id='line_1_9' title="bbox 497 764 2067 839; baseline 0.002 -19"><span class='ocrx_word' id='word_1_41' title='bbox 497 781 598 835; x_wconf 91' lang='lat' dir='ltr'><strong>pro</strong></span> <span class='ocrx_word' id='word_1_42' title='bbox 627 767 806 832; x_wconf 86' lang='lat' dir='ltr'><strong>bono,</strong></span> <span class='ocrx_word' id='word_1_43' title='bbox 855 781 924 821; x_wconf 87' lang='lat' dir='ltr'><strong>ne</strong></span> <span class='ocrx_word' id='word_1_44' title='bbox 979 764 1280 822; x_wconf 88' lang='lat' dir='ltr'><strong>traducatis</strong></span> <span class='ocrx_word' id='word_1_45' title='bbox 1318 783 1405 823; x_wconf 90' lang='lat' dir='ltr'><strong>me</strong></span> <span class='ocrx_word' id='word_1_46' title='bbox 1448 768 1592 838; x_wconf 91' lang='lat' dir='ltr'><strong>apud</strong></span> <span class='ocrx_word' id='word_1_47' title='bbox 1629 784 1850 834; x_wconf 90' lang='lat' dir='ltr'><strong>servos,</strong></span> <span class='ocrx_word' id='word_1_48' title='bbox 1905 769 2067 839; x_wconf 89' lang='lat' dir='ltr'><strong>quasi</strong></span> 
     </span>
    </p>
   </div>
   <div class='ocr_carea' id='block_1_10' title="bbox 499 857 2066 925">
    <p class='ocr_par' dir='ltr' id='par_1_10' title="bbox 499 857 2066 925">
     <span class='ocr_line' id='line_1_10' title="bbox 499 857 2066 925; baseline 0.001 -14"><span class='ocrx_word' id='word_1_49' title='bbox 499 858 638 912; x_wconf 79' lang='lat' dir='ltr'><strong>falso</strong></span> <span class='ocrx_word' id='word_1_50' title='bbox 696 872 760 912; x_wconf 86' lang='lat' dir='ltr'><strong>ac</strong></span> <span class='ocrx_word' id='word_1_51' title='bbox 813 872 920 911; x_wconf 86' lang='lat' dir='ltr'><strong>non</strong></span> <span class='ocrx_word' id='word_1_52' title='bbox 973 857 1188 912; x_wconf 84' lang='lat' dir='ltr'><strong>sincere</strong></span> <span class='ocrx_word' id='word_1_53' title='bbox 1236 858 1492 915; x_wconf 85' lang='lat' dir='ltr'><strong>laudibus</strong></span> <span class='ocrx_word' id='word_1_54' title='bbox 1550 859 1822 916; x_wconf 85' lang='lat' dir='ltr'><strong>celebrem</strong></span> <span class='ocrx_word' id='word_1_55' title='bbox 1890 861 2066 925; x_wconf 90' lang='lat' dir='ltr'><strong>diem,</strong></span> 
     </span>
    </p>
   </div>
   <div class='ocr_carea' id='block_1_11' title="bbox 498 946 2067 1016">
    <p class='ocr_par' dir='ltr' id='par_1_11' title="bbox 498 946 2067 1016">
     <span class='ocr_line' id='line_1_11' title="bbox 498 946 2067 1016; baseline 0 -15"><span class='ocrx_word' id='word_1_56' title='bbox 498 947 759 1001; x_wconf 86' lang='lat' dir='ltr'><strong>dimittite</strong></span> <span class='ocrx_word' id='word_1_57' title='bbox 803 946 1180 1016; x_wconf 49' lang='lat' dir='ltr'><strong>aegritudinem</strong></span> <span class='ocrx_word' id='word_1_58' title='bbox 1238 946 1451 1002; x_wconf 76' lang='lat' dir='ltr'><strong>aﬂlictis</strong></span> <span class='ocrx_word' id='word_1_59' title='bbox 1480 955 1536 1002; x_wconf 90' lang='lat' dir='ltr'><strong>et</strong></span> <span class='ocrx_word' id='word_1_60' title='bbox 1593 947 1771 1002; x_wconf 70' lang='lat' dir='ltr'><strong>anxiis</strong></span> <span class='ocrx_word' id='word_1_61' title='bbox 1831 947 2067 1012; x_wconf 88' lang='lat' dir='ltr'><strong>animis,</strong></span> 
     </span>
    </p>
   </div>
   <div class='ocr_carea' id='block_1_12' title="bbox 500 1031 2070 1106">
    <p class='ocr_par' dir='ltr' id='par_1_12' title="bbox 500 1031 2070 1106">
     <span class='ocr_line' id='line_1_12' title="bbox 500 1031 2070 1106; baseline 0.001 -17"><span class='ocrx_word' id='word_1_62' title='bbox 500 1033 959 1105; x_wconf 85' lang='lat' dir='ltr'><strong>quemadmodum</strong></span> <span class='ocrx_word' id='word_1_63' title='bbox 1017 1031 1279 1088; x_wconf 87' lang='lat' dir='ltr'><strong>Dominus</strong></span> <span class='ocrx_word' id='word_1_64' title='bbox 1337 1035 1660 1106; x_wconf 85' lang='lat' dir='ltr'><strong>corporibus</strong></span> <span class='ocrx_word' id='word_1_65' title='bbox 1689 1034 2070 1090; x_wconf 84' lang='lat' dir='ltr'><strong>mortiﬁcatio-</strong></span> 
     </span>
    </p>
   </div>
   <div class='ocr_carea' id='block_1_13' title="bbox 501 1123 2071 1194">
    <p class='ocr_par' dir='ltr' id='par_1_13' title="bbox 501 1123 2071 1194">
     <span class='ocr_line' id='line_1_13' title="bbox 501 1123 2071 1194; baseline 0.002 -16"><span class='ocrx_word' id='word_1_66' title='bbox 501 1140 624 1180; x_wconf 89' lang='lat' dir='ltr'><strong>nem</strong></span> <span class='ocrx_word' id='word_1_67' title='bbox 659 1143 673 1180; x_wconf 91' lang='lat'><strong>:</strong></span> <span class='ocrx_word' id='word_1_68' title='bbox 711 1125 980 1181; x_wconf 91' lang='lat' dir='ltr'><strong>traducite</strong></span> <span class='ocrx_word' id='word_1_69' title='bbox 1009 1123 1239 1180; x_wconf 79' lang='lat' dir='ltr'><strong>infames</strong></span> <span class='ocrx_word' id='word_1_70' title='bbox 1272 1125 1340 1179; x_wconf 91' lang='lat' dir='ltr'><strong>ad</strong></span> <span class='ocrx_word' id='word_1_71' title='bbox 1387 1126 1758 1194; x_wconf 87' lang='lat' dir='ltr'><strong>honestatem;</strong></span> <span class='ocrx_word' id='word_1_72' title='bbox 1800 1125 2071 1182; x_wconf 86' lang='lat' dir='ltr'><strong>restituite</strong></span> 
     </span>
    </p>
   </div>
   <div class='ocr_carea' id='block_1_14' title="bbox 499 1216 2070 1288">
    <p class='ocr_par' dir='ltr' id='par_1_14' title="bbox 499 1216 2070 1288">
     <span class='ocr_line' id='line_1_14' title="bbox 499 1216 2070 1288; baseline 0.001 -16"><span class='ocrx_word' id='word_1_73' title='bbox 499 1217 797 1287; x_wconf 74' lang='lat' dir='ltr'><strong>ignominia</strong></span> <span class='ocrx_word' id='word_1_74' title='bbox 829 1227 1043 1272; x_wconf 89' lang='lat' dir='ltr'><strong>notatos</strong></span> <span class='ocrx_word' id='word_1_75' title='bbox 1073 1218 1126 1270; x_wconf 91' lang='lat' dir='ltr'><strong>in</strong></span> <span class='ocrx_word' id='word_1_76' title='bbox 1169 1216 1324 1270; x_wconf 73' lang='lat' dir='ltr'><strong>latina:</strong></span> <span class='ocrx_word' id='word_1_77' title='bbox 1355 1217 1721 1288; x_wconf 83' lang='lat' dir='ltr'><strong>integritatem</strong></span> <span class='ocrx_word' id='word_1_78' title='bbox 1748 1235 1763 1283; x_wconf 89' lang='lat'><strong>;</strong></span> <span class='ocrx_word' id='word_1_79' title='bbox 1798 1217 2070 1273; x_wconf 86' lang='lat' dir='ltr'><strong>traducite</strong></span> 
     </span>
    </p>
   </div>
   <div class='ocr_carea' id='block_1_15' title="bbox 502 1306 2072 1378">
    <p class='ocr_par' dir='ltr' id='par_1_15' title="bbox 502 1306 2072 1378">
     <span class='ocr_line' id='line_1_15' title="bbox 502 1306 2072 1378; baseline 0.001 -17"><span class='ocrx_word' id='word_1_80' title='bbox 502 1309 570 1363; x_wconf 89' lang='lat' dir='ltr'><strong>ad</strong></span> <span class='ocrx_word' id='word_1_81' title='bbox 602 1307 859 1378; x_wconf 80' lang='lat' dir='ltr'><strong>gaudium</strong></span> <span class='ocrx_word' id='word_1_82' title='bbox 891 1306 1117 1363; x_wconf 81' lang='lat' dir='ltr'><strong>aillictos</strong></span> <span class='ocrx_word' id='word_1_83' title='bbox 1146 1347 1162 1371; x_wconf 91' lang='lat'><strong>,</strong></span> <span class='ocrx_word' id='word_1_84' title='bbox 1211 1306 1279 1360; x_wconf 86' lang='lat' dir='ltr'><strong>ad</strong></span> <span class='ocrx_word' id='word_1_85' title='bbox 1345 1307 1650 1363; x_wconf 87' lang='lat' dir='ltr'><strong>libertatem</strong></span> <span class='ocrx_word' id='word_1_86' title='bbox 1703 1311 1972 1364; x_wconf 87' lang='lat' dir='ltr'><strong>sermonis</strong></span> <span class='ocrx_word' id='word_1_87' title='bbox 2013 1307 2072 1362; x_wconf 85' lang='lat' dir='ltr'><strong>li-</strong></span> 
     </span>
    </p>
   </div>
   <div class='ocr_carea' id='block_1_16' title="bbox 501 1400 2072 1472">
    <p class='ocr_par' dir='ltr' id='par_1_16' title="bbox 501 1400 2072 1472">
     <span class='ocr_line' id='line_1_16' title="bbox 501 1400 2072 1472; baseline 0 -16"><span class='ocrx_word' id='word_1_88' title='bbox 501 1400 664 1456; x_wconf 84' lang='lat' dir='ltr'><strong>ducia</strong></span> <span class='ocrx_word' id='word_1_89' title='bbox 717 1415 783 1454; x_wconf 91' lang='lat' dir='ltr'><strong>ac</strong></span> <span class='ocrx_word' id='word_1_90' title='bbox 844 1401 1096 1456; x_wconf 86' lang='lat' dir='ltr'><strong>libertate</strong></span> <span class='ocrx_word' id='word_1_91' title='bbox 1155 1411 1423 1456; x_wconf 82' lang='lat' dir='ltr'><strong>carentes.</strong></span> <span class='ocrx_word' id='word_1_92' title='bbox 1480 1400 1707 1456; x_wconf 86' lang='lat' dir='ltr'><strong>Educite</strong></span> <span class='ocrx_word' id='word_1_93' title='bbox 1747 1418 1813 1456; x_wconf 79' lang='lat' dir='ltr'><strong>ex</strong></span> <span class='ocrx_word' id='word_1_94' title='bbox 1872 1403 2072 1472; x_wconf 80' lang='lat' dir='ltr'><strong>angulo</strong></span> 
     </span>
    </p>
   </div>
   <div class='ocr_carea' id='block_1_17' title="bbox 503 1491 2074 1563">
    <p class='ocr_par' dir='ltr' id='par_1_17' title="bbox 503 1491 2074 1563">
     <span class='ocr_line' id='line_1_17' title="bbox 503 1491 2074 1563; baseline 0.002 -18"><span class='ocrx_word' id='word_1_95' title='bbox 503 1502 762 1562; x_wconf 89' lang='lat' dir='ltr'><strong>tanquam</strong></span> <span class='ocrx_word' id='word_1_96' title='bbox 795 1507 858 1546; x_wconf 84' lang='lat' dir='ltr'><strong>ex</strong></span> <span class='ocrx_word' id='word_1_97' title='bbox 883 1492 1150 1562; x_wconf 86' lang='lat' dir='ltr'><strong>sepulcris</strong></span> <span class='ocrx_word' id='word_1_98' title='bbox 1177 1491 1474 1563; x_wconf 75' lang='lat' dir='ltr'><strong>proiectos.</strong></span> <span class='ocrx_word' id='word_1_99' title='bbox 1507 1493 1823 1549; x_wconf 82' lang='lat' dir='ltr'><strong>Eﬂlorescat</strong></span> <span class='ocrx_word' id='word_1_100' title='bbox 1860 1505 1912 1548; x_wconf 90' lang='lat' dir='ltr'><strong>et</strong></span> <span class='ocrx_word' id='word_1_101' title='bbox 1941 1495 2074 1549; x_wconf 93' lang='lat' dir='ltr'><strong>emi-</strong></span> 
     </span>
    </p>
   </div>
   <div class='ocr_carea' id='block_1_18' title="bbox 502 1582 2072 1648">
    <p class='ocr_par' dir='ltr' id='par_1_18' title="bbox 502 1582 2072 1648">
     <span class='ocr_line' id='line_1_18' title="bbox 502 1582 2072 1648; baseline -0.001 -8"><span class='ocrx_word' id='word_1_102' title='bbox 502 1592 629 1640; x_wconf 85' lang='lat' dir='ltr'><strong>neat</strong></span> <span class='ocrx_word' id='word_1_103' title='bbox 669 1584 721 1638; x_wconf 96' lang='lat' dir='ltr'><strong>in</strong></span> <span class='ocrx_word' id='word_1_104' title='bbox 755 1583 1008 1638; x_wconf 91' lang='lat' dir='ltr'><strong>omnibus</strong></span> <span class='ocrx_word' id='word_1_105' title='bbox 1041 1582 1202 1638; x_wconf 91' lang='lat' dir='ltr'><strong>sicuti</strong></span> <span class='ocrx_word' id='word_1_106' title='bbox 1235 1582 1334 1638; x_wconf 84' lang='lat' dir='ltr'><strong>ﬂos</strong></span> <span class='ocrx_word' id='word_1_107' title='bbox 1357 1625 1373 1648; x_wconf 86' lang='lat'><strong>,</strong></span> <span class='ocrx_word' id='word_1_108' title='bbox 1418 1583 1584 1638; x_wconf 91' lang='lat' dir='ltr'><strong>decor</strong></span> <span class='ocrx_word' id='word_1_109' title='bbox 1623 1583 1731 1638; x_wconf 88' lang='lat' dir='ltr'><strong>diei</strong></span> <span class='ocrx_word' id='word_1_110' title='bbox 1764 1582 1905 1639; x_wconf 83' lang='lat' dir='ltr'><strong>festi.</strong></span> <span class='ocrx_word' id='word_1_111' title='bbox 1937 1583 2072 1638; x_wconf 89' lang='lat' dir='ltr'><strong>Nam</strong></span> 
     </span>
    </p>
   </div>
   <div class='ocr_carea' id='block_1_19' title="bbox 503 1673 2073 1745">
    <p class='ocr_par' dir='ltr' id='par_1_19' title="bbox 503 1673 2073 1745">
     <span class='ocr_line' id='line_1_19' title="bbox 503 1673 2073 1745; baseline 0.001 -14"><span class='ocrx_word' id='word_1_112' title='bbox 503 1677 549 1731; x_wconf 91' lang='lat' dir='ltr'><strong>si</strong></span> <span class='ocrx_word' id='word_1_113' title='bbox 572 1674 770 1730; x_wconf 88' lang='lat' dir='ltr'><strong>natalis</strong></span> <span class='ocrx_word' id='word_1_114' title='bbox 808 1673 926 1729; x_wconf 88' lang='lat' dir='ltr'><strong>dies</strong></span> <span class='ocrx_word' id='word_1_115' title='bbox 966 1673 1202 1729; x_wconf 84' lang='lat' dir='ltr'><strong>hominis</strong></span> <span class='ocrx_word' id='word_1_116' title='bbox 1230 1675 1373 1744; x_wconf 82' lang='lat' dir='ltr'><strong>regis</strong></span> <span class='ocrx_word' id='word_1_117' title='bbox 1406 1689 1678 1730; x_wconf 91' lang='lat' dir='ltr'><strong>carcerem</strong></span> <span class='ocrx_word' id='word_1_118' title='bbox 1710 1676 1921 1745; x_wconf 89' lang='lat' dir='ltr'><strong>aperit:</strong></span> <span class='ocrx_word' id='word_1_119' title='bbox 1957 1677 2073 1732; x_wconf 86' lang='lat' dir='ltr'><strong>dies</strong></span> 
     </span>
    </p>
   </div>
   <div class='ocr_carea' id='block_1_20' title="bbox 2171 479 3740 566">
    <p class='ocr_par' dir='ltr' id='par_1_20' title="bbox 2171 479 3740 566">
     <span class='ocr_line' id='line_1_20' title="bbox 2171 479 3740 566; baseline -0.012 -16"><span class='ocrx_word' id='word_1_120' title='bbox 2171 495 2438 566; x_wconf 84' lang='grc' dir='ltr'>σωμάτων</span> <span class='ocrx_word' id='word_1_121' title='bbox 2464 492 2562 564; x_wconf 84' lang='grc' dir='ltr'><strong>τὴν</strong></span> <span class='ocrx_word' id='word_1_122' title='bbox 2602 491 2897 560; x_wconf 82' lang='grc' dir='ltr'>νέκρωσιν’</span> <span class='ocrx_word' id='word_1_123' title='bbox 2950 483 3419 556; x_wconf 80' lang='grc' dir='ltr'>μεταμορφώσατε</span> <span class='ocrx_word' id='word_1_124' title='bbox 3455 481 3583 544; x_wconf 80' lang='grc' dir='ltr'>τοὺς</span> <span class='ocrx_word' id='word_1_125' title='bbox 3629 479 3740 534; x_wconf 84' lang='grc' dir='ltr'>ἀτί-</span> 
     </span>
    </p>
   </div>
   <div class='ocr_carea' id='block_1_21' title="bbox 2171 567 3737 657">
    <p class='ocr_par' dir='ltr' id='par_1_21' title="bbox 2171 567 3737 657">
     <span class='ocr_line' id='line_1_21' title="bbox 2171 567 3737 657; baseline -0.013 -18"><span class='ocrx_word' id='word_1_126' title='bbox 2171 603 2304 657; x_wconf 84' lang='grc' dir='ltr'><strong>μους</strong></span> <span class='ocrx_word' id='word_1_127' title='bbox 2349 586 2427 647; x_wconf 79' lang='lat' dir='ltr'><strong>si;</strong></span> <span class='ocrx_word' id='word_1_128' title='bbox 2480 579 2796 651; x_wconf 77' lang='grc' dir='ltr'>ἐπιτιμίαν,</span> <span class='ocrx_word' id='word_1_129' title='bbox 2843 576 2970 639; x_wconf 74' lang='grc' dir='ltr'>τοὺς</span> <span class='ocrx_word' id='word_1_130' title='bbox 3017 572 3366 644; x_wconf 73' lang='grc' dir='ltr'>θλιϐομένους</span> <span class='ocrx_word' id='word_1_131' title='bbox 3403 572 3482 634; x_wconf 78' lang='grc' dir='ltr'><strong>εἰς</strong></span> <span class='ocrx_word' id='word_1_132' title='bbox 3535 567 3737 638; x_wconf 89' lang='grc' dir='ltr'>χαράν,</span> 
     </span>
    </p>
   </div>
   <div class='ocr_carea' id='block_1_22' title="bbox 2165 660 3740 748">
    <p class='ocr_par' dir='ltr' id='par_1_22' title="bbox 2165 660 3740 748">
     <span class='ocr_line' id='line_1_22' title="bbox 2165 660 3740 748; baseline -0.012 -18"><span class='ocrx_word' id='word_1_133' title='bbox 2165 677 2293 740; x_wconf 77' lang='grc' dir='ltr'>τοὺς</span> <span class='ocrx_word' id='word_1_134' title='bbox 2340 674 2823 748; x_wconf 73' lang='grc' dir='ltr'>ἀπαρῤησιάστους</span> <span class='ocrx_word' id='word_1_135' title='bbox 2899 668 2978 731; x_wconf 79' lang='grc' dir='ltr'><strong>εἰς</strong></span> <span class='ocrx_word' id='word_1_136' title='bbox 3029 664 3362 736; x_wconf 74' lang='grc' dir='ltr'>παρρησίαν.</span> <span class='ocrx_word' id='word_1_137' title='bbox 3419 660 3740 729; x_wconf 83' lang='grc' dir='ltr'>Ἐξαγάγετε</span> 
     </span>
    </p>
   </div>
   <div class='ocr_carea' id='block_1_23' title="bbox 2166 749 3741 838">
    <p class='ocr_par' dir='ltr' id='par_1_23' title="bbox 2166 749 3741 838">
     <span class='ocr_line' id='line_1_23' title="bbox 2166 749 3741 838; baseline -0.013 -16"><span class='ocrx_word' id='word_1_138' title='bbox 2166 769 2265 838; x_wconf 84' lang='grc' dir='ltr'>τῆς</span> <span class='ocrx_word' id='word_1_139' title='bbox 2295 765 2496 835; x_wconf 79' lang='grc' dir='ltr'><strong>γωνίας</strong></span> <span class='ocrx_word' id='word_1_140' title='bbox 2531 765 2656 826; x_wconf 83' lang='grc' dir='ltr'>τοὺς</span> <span class='ocrx_word' id='word_1_141' title='bbox 2699 759 2975 833; x_wconf 78' lang='grc' dir='ltr'>ῥιφέντας,</span> <span class='ocrx_word' id='word_1_142' title='bbox 3015 755 3090 820; x_wconf 85' lang='grc' dir='ltr'>ὼς</span> <span class='ocrx_word' id='word_1_143' title='bbox 3134 755 3354 822; x_wconf 72' lang='grc' dir='ltr'>τάφων·</span> <span class='ocrx_word' id='word_1_144' title='bbox 3387 749 3741 821; x_wconf 80' lang='grc' dir='ltr'>ὲπανθησάτω</span> 
     </span>
    </p>
   </div>
   <div class='ocr_carea' id='block_1_24' title="bbox 2168 838 3740 924">
    <p class='ocr_par' dir='ltr' id='par_1_24' title="bbox 2168 838 3740 924">
     <span class='ocr_line' id='line_1_24' title="bbox 2168 838 3740 924; baseline -0.014 -14"><span class='ocrx_word' id='word_1_145' title='bbox 2168 857 2228 910; x_wconf 82' lang='grc' dir='ltr'><strong>τὸ</strong></span> <span class='ocrx_word' id='word_1_146' title='bbox 2253 855 2355 924; x_wconf 83' lang='grc' dir='ltr'>τῆς</span> <span class='ocrx_word' id='word_1_147' title='bbox 2389 853 2581 924; x_wconf 77' lang='grc' dir='ltr'><strong>ἑορτῆς</strong></span> <span class='ocrx_word' id='word_1_148' title='bbox 2621 849 2815 912; x_wconf 85' lang='grc' dir='ltr'>κάλλος</span> <span class='ocrx_word' id='word_1_149' title='bbox 2851 847 2928 910; x_wconf 85' lang='grc' dir='ltr'><strong>ὡς</strong></span> <span class='ocrx_word' id='word_1_150' title='bbox 2966 844 3125 908; x_wconf 75' lang='grc' dir='ltr'>ἄνθος</span> <span class='ocrx_word' id='word_1_151' title='bbox 3169 845 3280 907; x_wconf 83' lang='grc' dir='ltr'>τοῖς</span> <span class='ocrx_word' id='word_1_152' title='bbox 3325 842 3507 894; x_wconf 80' lang='grc' dir='ltr'>πᾶσιν.</span> <span class='ocrx_word' id='word_1_153' title='bbox 3536 840 3599 892; x_wconf 82' lang='lat' dir='ltr'><strong>El.</strong></span> <span class='ocrx_word' id='word_1_154' title='bbox 3638 838 3740 908; x_wconf 76' lang='grc' dir='ltr'><strong>γὰρ</strong></span> 
     </span>
    </p>
   </div>
   <div class='ocr_carea' id='block_1_25' title="bbox 2171 928 3743 1015">
    <p class='ocr_par' dir='ltr' id='par_1_25' title="bbox 2171 928 3743 1015">
     <span class='ocr_line' id='line_1_25' title="bbox 2171 928 3743 1015; baseline -0.013 -17"><span class='ocrx_word' id='word_1_155' title='bbox 2171 941 2433 1015; x_wconf 86' lang='grc' dir='ltr'>βασιλέως</span> <span class='ocrx_word' id='word_1_156' title='bbox 2467 938 2756 1011; x_wconf 88' lang='grc' dir='ltr'>ἀνθρώπου</span> <span class='ocrx_word' id='word_1_157' title='bbox 2784 935 3058 1006; x_wconf 86' lang='grc' dir='ltr'>γενέθλιος</span> <span class='ocrx_word' id='word_1_158' title='bbox 3087 932 3272 1005; x_wconf 76' lang='grc' dir='ltr'>ἡμέρα</span> <span class='ocrx_word' id='word_1_159' title='bbox 3300 929 3506 998; x_wconf 84' lang='grc' dir='ltr'>ἀνοίγει</span> <span class='ocrx_word' id='word_1_160' title='bbox 3534 928 3743 997; x_wconf 87' lang='grc' dir='ltr'>δεσμω-</span> 
     </span>
    </p>
   </div>
   <div class='ocr_carea' id='block_1_26' title="bbox 2168 1017 3743 1106">
    <p class='ocr_par' dir='ltr' id='par_1_26' title="bbox 2168 1017 3743 1106">
     <span class='ocr_line' id='line_1_26' title="bbox 2168 1017 3743 1106; baseline -0.013 -16"><span class='ocrx_word' id='word_1_161' title='bbox 2168 1037 2393 1106; x_wconf 79' lang='grc' dir='ltr'>τήριον,</span> <span class='ocrx_word' id='word_1_162' title='bbox 2452 1035 2487 1104; x_wconf 81' lang='grc' dir='ltr'><strong>ἡ</strong></span> <span class='ocrx_word' id='word_1_163' title='bbox 2538 1030 2802 1092; x_wconf 83' lang='grc' dir='ltr'>ὲπινίκιος</span> <span class='ocrx_word' id='word_1_164' title='bbox 2855 1027 3037 1099; x_wconf 75' lang='grc' dir='ltr'>ἡμέρα</span> <span class='ocrx_word' id='word_1_165' title='bbox 3080 1022 3314 1096; x_wconf 82' lang='grc' dir='ltr'>Χριστὸς</span> <span class='ocrx_word' id='word_1_166' title='bbox 3362 1018 3598 1081; x_wconf 78' lang='grc' dir='ltr'>ἀναστὰς</span> <span class='ocrx_word' id='word_1_167' title='bbox 3651 1017 3743 1070; x_wconf 79' lang='grc' dir='ltr'><strong>οὐκ</strong></span> 
     </span>
    </p>
   </div>
   <div class='ocr_carea' id='block_1_27' title="bbox 2169 1112 3744 1198">
    <p class='ocr_par' dir='ltr' id='par_1_27' title="bbox 2169 1112 3744 1198">
     <span class='ocr_line' id='line_1_27' title="bbox 2169 1112 3744 1198; baseline -0.012 -16"><span class='ocrx_word' id='word_1_168' title='bbox 2169 1128 2370 1198; x_wconf 81' lang='grc' dir='ltr'><strong>ἀφήσει</strong></span> <span class='ocrx_word' id='word_1_169' title='bbox 2393 1125 2518 1188; x_wconf 73' lang='grc' dir='ltr'>τοὺς</span> <span class='ocrx_word' id='word_1_170' title='bbox 2547 1120 2974 1192; x_wconf 83' lang='grc' dir='ltr'>τεθλιμμένους;</span> <span class='ocrx_word' id='word_1_171' title='bbox 3010 1117 3075 1170; x_wconf 75' lang='lat' dir='ltr'><strong>Ui</strong></span> <span class='ocrx_word' id='word_1_172' title='bbox 3109 1115 3334 1186; x_wconf 78' lang='grc' dir='ltr'>πτωχοὶ,</span> <span class='ocrx_word' id='word_1_173' title='bbox 3352 1114 3451 1184; x_wconf 83' lang='grc' dir='ltr'><strong>τὴν</strong></span> <span class='ocrx_word' id='word_1_174' title='bbox 3482 1112 3744 1182; x_wconf 81' lang='grc' dir='ltr'>ὑμετέραν</span> 
     </span>
    </p>
   </div>
   <div class='ocr_carea' id='block_1_28' title="bbox 2168 1201 3743 1289">
    <p class='ocr_par' dir='ltr' id='par_1_28' title="bbox 2168 1201 3743 1289">
     <span class='ocr_line' id='line_1_28' title="bbox 2168 1201 3743 1289; baseline -0.013 -16"><span class='ocrx_word' id='word_1_175' title='bbox 2168 1218 2368 1289; x_wconf 83' lang='grc' dir='ltr'>τροφὸν</span> <span class='ocrx_word' id='word_1_176' title='bbox 2395 1213 2715 1271; x_wconf 77' lang='grc' dir='ltr'>ἀσπάσασθε</span> <span class='ocrx_word' id='word_1_177' title='bbox 2737 1231 2751 1245; x_wconf 88' lang='grc'><strong>·</strong></span> <span class='ocrx_word' id='word_1_178' title='bbox 2783 1215 2832 1266; x_wconf 86' lang='lat' dir='ltr'><strong>ol</strong></span> <span class='ocrx_word' id='word_1_179' title='bbox 2857 1211 2932 1264; x_wconf 87' lang='grc' dir='ltr'><strong>διε</strong></span> <span class='ocrx_word' id='word_1_180' title='bbox 2942 1208 3242 1282; x_wconf 78' lang='grc' dir='ltr'>ρῤυηκότες</span> <span class='ocrx_word' id='word_1_181' title='bbox 3264 1205 3358 1260; x_wconf 78' lang='grc' dir='ltr'>καὶ</span> <span class='ocrx_word' id='word_1_182' title='bbox 3385 1201 3743 1273; x_wconf 67' lang='grc' dir='ltr'>λελωϐημένον.</span> 
     </span>
    </p>
   </div>
   <div class='ocr_carea' id='block_1_29' title="bbox 2169 1293 3746 1379">
    <p class='ocr_par' dir='ltr' id='par_1_29' title="bbox 2169 1293 3746 1379">
     <span class='ocr_line' id='line_1_29' title="bbox 2169 1293 3746 1379; baseline -0.01 -16"><span class='ocrx_word' id='word_1_183' title='bbox 2169 1311 2238 1365; x_wconf 88' lang='grc' dir='ltr'><strong>τά</strong></span> <span class='ocrx_word' id='word_1_184' title='bbox 2272 1309 2530 1379; x_wconf 83' lang='grc' dir='ltr'>σώματα,</span> <span class='ocrx_word' id='word_1_185' title='bbox 2579 1306 2678 1376; x_wconf 82' lang='grc' dir='ltr'><strong>τὴν</strong></span> <span class='ocrx_word' id='word_1_186' title='bbox 2711 1305 2947 1375; x_wconf 82' lang='grc' dir='ltr'>ίωμένην</span> <span class='ocrx_word' id='word_1_187' title='bbox 2980 1300 3134 1372; x_wconf 85' lang='grc' dir='ltr'>ὑμῶν</span> <span class='ocrx_word' id='word_1_188' title='bbox 3175 1299 3272 1363; x_wconf 89' lang='grc' dir='ltr'><strong>τάς</strong></span> <span class='ocrx_word' id='word_1_189' title='bbox 3312 1295 3618 1368; x_wconf 84' lang='grc' dir='ltr'>συμφοράς.</span> <span class='ocrx_word' id='word_1_190' title='bbox 3655 1293 3746 1348; x_wconf 85' lang='grc' dir='ltr'>Διά</span> 
     </span>
    </p>
   </div>
   <div class='ocr_carea' id='block_1_30' title="bbox 2171 1387 3745 1473">
    <p class='ocr_par' dir='ltr' id='par_1_30' title="bbox 2171 1387 3745 1473">
     <span class='ocr_line' id='line_1_30' title="bbox 2171 1387 3745 1473; baseline -0.01 -18"><span class='ocrx_word' id='word_1_191' title='bbox 2171 1403 2280 1473; x_wconf 77' lang='grc' dir='ltr'><strong>γὰρ</strong></span> <span class='ocrx_word' id='word_1_192' title='bbox 2331 1400 2428 1471; x_wconf 81' lang='grc' dir='ltr'>τὴν</span> <span class='ocrx_word' id='word_1_193' title='bbox 2479 1399 2585 1453; x_wconf 86' lang='grc' dir='ltr'><strong>ἀπὸ</strong></span> <span class='ocrx_word' id='word_1_194' title='bbox 2631 1397 2731 1467; x_wconf 76' lang='grc' dir='ltr'>τῆς</span> <span class='ocrx_word' id='word_1_195' title='bbox 2803 1394 3153 1456; x_wconf 82' lang='grc' dir='ltr'><strong>ἀναστάσεως</strong></span> <span class='ocrx_word' id='word_1_196' title='bbox 3207 1390 3396 1444; x_wconf 70' lang='grc' dir='ltr'>ἐλπίδα</span> <span class='ocrx_word' id='word_1_197' title='bbox 3447 1390 3541 1442; x_wconf 82' lang='grc' dir='ltr'><strong>καὶ</strong></span> <span class='ocrx_word' id='word_1_198' title='bbox 3584 1387 3745 1459; x_wconf 75' lang='grc' dir='ltr'>ἀρετὴ</span> 
     </span>
    </p>
   </div>
   <div class='ocr_carea' id='block_1_31' title="bbox 2175 1482 3744 1558">
    <p class='ocr_par' dir='ltr' id='par_1_31' title="bbox 2175 1482 3744 1558">
     <span class='ocr_line' id='line_1_31' title="bbox 2175 1482 3744 1558; baseline -0.01 -10"><span class='ocrx_word' id='word_1_199' title='bbox 2175 1494 2532 1558; x_wconf 77' lang='grc' dir='ltr'><strong>σπουδάζεται</strong></span> <span class='ocrx_word' id='word_1_200' title='bbox 2582 1491 2676 1544; x_wconf 65' lang='grc' dir='ltr'><strong>καλ⁸</strong></span> <span class='ocrx_word' id='word_1_201' title='bbox 2715 1488 2882 1543; x_wconf 86' lang='grc' dir='ltr'>κακία</span> <span class='ocrx_word' id='word_1_202' title='bbox 2931 1489 3204 1558; x_wconf 80' lang='grc' dir='ltr'>μισεῖται,</span> <span class='ocrx_word' id='word_1_203' title='bbox 3239 1484 3361 1537; x_wconf 73' lang='grc' dir='ltr'>ἐπεὶ</span> <span class='ocrx_word' id='word_1_204' title='bbox 3404 1482 3744 1543; x_wconf 78' lang='grc' dir='ltr'>ἀναστάσεως</span> 
     </span>
    </p>
   </div>
   <div class='ocr_carea' id='block_1_32' title="bbox 2175 1574 3747 1660">
    <p class='ocr_par' dir='ltr' id='par_1_32' title="bbox 2175 1574 3747 1660">
     <span class='ocr_line' id='line_1_32' title="bbox 2175 1574 3747 1660; baseline -0.01 -20"><span class='ocrx_word' id='word_1_205' title='bbox 2175 1585 2557 1660; x_wconf 83' lang='grc' dir='ltr'><strong>ἀνῃρημένης,</strong></span> <span class='ocrx_word' id='word_1_206' title='bbox 2619 1577 2700 1645; x_wconf 72' lang='grc' dir='ltr'><strong>εἷς</strong></span> <span class='ocrx_word' id='word_1_207' title='bbox 2743 1580 2895 1652; x_wconf 81' lang='grc' dir='ltr'>παρὰ.</span> <span class='ocrx_word' id='word_1_208' title='bbox 2943 1580 3078 1631; x_wconf 84' lang='grc' dir='ltr'>πᾶσι</span> <span class='ocrx_word' id='word_1_209' title='bbox 3135 1575 3354 1648; x_wconf 89' lang='grc' dir='ltr'>κρατῶν</span> <span class='ocrx_word' id='word_1_210' title='bbox 3402 1574 3747 1646; x_wconf 76' lang='grc' dir='ltr'>εὑρεθήσεται</span> 
     </span>
    </p>
   </div>
   <div class='ocr_carea' id='block_1_33' title="bbox 2173 1661 3748 1746">
    <p class='ocr_par' dir='ltr' id='par_1_33' title="bbox 2173 1661 3748 1746">
     <span class='ocr_line' id='line_1_33' title="bbox 2173 1661 3748 1746; baseline -0.008 -15"><span class='ocrx_word' id='word_1_211' title='bbox 2173 1678 2326 1746; x_wconf 83' lang='grc' dir='ltr'>λόγος</span> <span class='ocrx_word' id='word_1_212' title='bbox 2346 1694 2359 1707; x_wconf 91' lang='grc'><strong>·</strong></span> <span class='ocrx_word' id='word_1_213' title='bbox 2390 1675 2672 1745; x_wconf 76' lang='grc' dir='ltr'>Φὰγωμεν</span> <span class='ocrx_word' id='word_1_214' title='bbox 2701 1673 2800 1726; x_wconf 77' lang='grc' dir='ltr'>καὶ</span> <span class='ocrx_word' id='word_1_215' title='bbox 2830 1672 3082 1741; x_wconf 81' lang='grc' dir='ltr'><strong>πίωμεν·</strong></span> <span class='ocrx_word' id='word_1_216' title='bbox 3118 1669 3328 1737; x_wconf 74' lang='grc' dir='ltr'>αὔριον</span> <span class='ocrx_word' id='word_1_217' title='bbox 3359 1666 3469 1738; x_wconf 78' lang='grc' dir='ltr'><strong>γὰρ</strong></span> <span class='ocrx_word' id='word_1_218' title='bbox 3493 1661 3748 1731; x_wconf 65' lang='lat' dir='ltr'><strong>amont-</strong></span> 
     </span>
    </p>
   </div>
   <div class='ocr_carea' id='block_1_34' title="bbox 502 1763 2432 1838">
    <p class='ocr_par' dir='ltr' id='par_1_34' title="bbox 502 1763 2432 1838">
     <span class='ocr_line' id='line_1_34' title="bbox 502 1763 2432 1838; baseline 0.001 -20"><span class='ocrx_word' id='word_1_219' title='bbox 502 1764 736 1820; x_wconf 87' lang='lat' dir='ltr'><strong>victoria</strong></span> <span class='ocrx_word' id='word_1_220' title='bbox 776 1764 1008 1819; x_wconf 86' lang='lat' dir='ltr'><strong>celebris</strong></span> <span class='ocrx_word' id='word_1_221' title='bbox 1055 1770 1110 1818; x_wconf 87' lang='lat' dir='ltr'><strong>et</strong></span> <span class='ocrx_word' id='word_1_222' title='bbox 1146 1763 1375 1818; x_wconf 86' lang='lat' dir='ltr'><strong>illustris</strong></span> <span class='ocrx_word' id='word_1_223' title='bbox 1404 1803 1420 1828; x_wconf 86' lang='lat'><strong>,</strong></span> <span class='ocrx_word' id='word_1_224' title='bbox 1476 1763 1730 1818; x_wconf 87' lang='lat' dir='ltr'><strong>Christus</strong></span> <span class='ocrx_word' id='word_1_225' title='bbox 1785 1780 2076 1835; x_wconf 79' lang='lat' dir='ltr'><strong>resurgens</strong></span> <span class='ocrx_word' id='word_1_226' title='bbox 2111 1767 2150 1820; x_wconf 88' lang='grc' dir='ltr'><strong>Β</strong></span> <span class='ocrx_word' id='word_1_227' title='bbox 2183 1784 2432 1838; x_wconf 80' lang='grc' dir='ltr'>σκομεν.</span> 
     </span>
    </p>
   </div>
   <div class='ocr_carea' id='block_1_35' title="bbox 501 1850 3747 1933">
    <p class='ocr_par' dir='ltr' id='par_1_35' title="bbox 501 1850 3747 1933">
     <span class='ocr_line' id='line_1_35' title="bbox 501 1850 3747 1933; baseline -0.003 -21"><span class='ocrx_word' id='word_1_228' title='bbox 501 1856 764 1923; x_wconf 84' lang='lat' dir='ltr'><strong>amictos,</strong></span> <span class='ocrx_word' id='word_1_229' title='bbox 830 1871 1128 1926; x_wconf 90' lang='lat' dir='ltr'><strong>oppressos</strong></span> <span class='ocrx_word' id='word_1_230' title='bbox 1182 1866 1237 1911; x_wconf 90' lang='lat' dir='ltr'><strong>et</strong></span> <span class='ocrx_word' id='word_1_231' title='bbox 1284 1859 1616 1914; x_wconf 86' lang='lat' dir='ltr'><strong>constrictos</strong></span> <span class='ocrx_word' id='word_1_232' title='bbox 1673 1874 1780 1913; x_wconf 88' lang='lat' dir='ltr'><strong>non</strong></span> <span class='ocrx_word' id='word_1_233' title='bbox 1839 1860 2114 1916; x_wconf 81' lang='lat' dir='ltr'><strong>dimittet?</strong></span> <span class='ocrx_word' id='word_1_234' title='bbox 2168 1863 2476 1933; x_wconf 86' lang='lat' dir='ltr'><strong>Pauperes,</strong></span> <span class='ocrx_word' id='word_1_235' title='bbox 2529 1857 2920 1931; x_wconf 86' lang='lat' dir='ltr'><strong>amplectimini</strong></span> <span class='ocrx_word' id='word_1_236' title='bbox 2971 1865 3209 1914; x_wconf 77' lang='lat' dir='ltr'><strong>vestram</strong></span> <span class='ocrx_word' id='word_1_237' title='bbox 3272 1854 3542 1909; x_wconf 90' lang='lat' dir='ltr'><strong>nutricem</strong></span> <span class='ocrx_word' id='word_1_238' title='bbox 3598 1869 3612 1906; x_wconf 91' lang='lat'>:</span> <span class='ocrx_word' id='word_1_239' title='bbox 3659 1850 3747 1920; x_wconf 89' lang='lat' dir='ltr'><strong>qui</strong></span> 
     </span>
    </p>
   </div>
   <div class='ocr_carea' id='block_1_36' title="bbox 503 1939 3746 2020">
    <p class='ocr_par' dir='ltr' id='par_1_36' title="bbox 503 1939 3746 2020">
     <span class='ocr_line' id='line_1_36' title="bbox 503 1939 3746 2020; baseline -0.003 -18"><span class='ocrx_word' id='word_1_240' title='bbox 503 1948 743 2012; x_wconf 65' lang='lat' dir='ltr'><strong>oblmsa,</strong></span> <span class='ocrx_word' id='word_1_241' title='bbox 776 1947 1004 2011; x_wconf 90' lang='lat' dir='ltr'><strong>vitiata,</strong></span> <span class='ocrx_word' id='word_1_242' title='bbox 1061 1958 1320 2017; x_wconf 87' lang='lat' dir='ltr'><strong>corrupta</strong></span> <span class='ocrx_word' id='word_1_243' title='bbox 1381 1948 1700 2005; x_wconf 88' lang='lat' dir='ltr'><strong>mutilatave</strong></span> <span class='ocrx_word' id='word_1_244' title='bbox 1748 1963 1980 2020; x_wconf 86' lang='lat' dir='ltr'><strong>corpora</strong></span> <span class='ocrx_word' id='word_1_245' title='bbox 2033 1953 2274 2019; x_wconf 85' lang='lat' dir='ltr'><strong>habetis,</strong></span> <span class='ocrx_word' id='word_1_246' title='bbox 2340 1952 2670 2007; x_wconf 89' lang='lat' dir='ltr'><strong>curatricem</strong></span> <span class='ocrx_word' id='word_1_247' title='bbox 2719 1960 3023 2006; x_wconf 86' lang='lat' dir='ltr'><strong>vestrarum</strong></span> <span class='ocrx_word' id='word_1_248' title='bbox 3085 1945 3455 2001; x_wconf 85' lang='lat' dir='ltr'><strong>calamitatum</strong></span> <span class='ocrx_word' id='word_1_249' title='bbox 3521 1939 3746 2012; x_wconf 90' lang='lat' dir='ltr'><strong>(diem)</strong></span> 
     </span>
    </p>
   </div>
   <div class='ocr_carea' id='block_1_37' title="bbox 503 2029 3750 2109">
    <p class='ocr_par' dir='ltr' id='par_1_37' title="bbox 503 2029 3750 2109">
     <span class='ocr_line' id='line_1_37' title="bbox 503 2029 3750 2109; baseline -0.004 -16"><span class='ocrx_word' id='word_1_250' title='bbox 503 2039 756 2102; x_wconf 87' lang='lat' dir='ltr'><strong>salutate,</strong></span> <span class='ocrx_word' id='word_1_251' title='bbox 782 2038 983 2109; x_wconf 85' lang='lat' dir='ltr'><strong>quippe</strong></span> <span class='ocrx_word' id='word_1_252' title='bbox 1027 2048 1249 2109; x_wconf 85' lang='lat' dir='ltr'><strong>propter</strong></span> <span class='ocrx_word' id='word_1_253' title='bbox 1273 2054 1426 2109; x_wconf 87' lang='lat' dir='ltr'><strong>spem</strong></span> <span class='ocrx_word' id='word_1_254' title='bbox 1457 2039 1880 2095; x_wconf 87' lang='lat' dir='ltr'><strong>resurrectionis</strong></span> <span class='ocrx_word' id='word_1_255' title='bbox 1927 2041 2115 2097; x_wconf 86' lang='lat' dir='ltr'><strong>virtuti</strong></span> <span class='ocrx_word' id='word_1_256' title='bbox 2149 2045 2437 2106; x_wconf 82' lang='lat' dir='ltr'><strong>studetur,</strong></span> <span class='ocrx_word' id='word_1_257' title='bbox 2476 2049 2531 2096; x_wconf 91' lang='lat' dir='ltr'><strong>et</strong></span> <span class='ocrx_word' id='word_1_258' title='bbox 2570 2041 2764 2097; x_wconf 83' lang='lat' dir='ltr'><strong>vitium</strong></span> <span class='ocrx_word' id='word_1_259' title='bbox 2795 2040 2923 2096; x_wconf 87' lang='lat' dir='ltr'><strong>odio</strong></span> <span class='ocrx_word' id='word_1_260' title='bbox 2963 2035 3225 2098; x_wconf 84' lang='lat' dir='ltr'><strong>habetur,</strong></span> <span class='ocrx_word' id='word_1_261' title='bbox 3252 2032 3510 2104; x_wconf 89' lang='lat' dir='ltr'><strong>quoniam</strong></span> <span class='ocrx_word' id='word_1_262' title='bbox 3542 2029 3750 2084; x_wconf 84' lang='lat' dir='ltr'><strong>sublata</strong></span> 
     </span>
    </p>
   </div>
   <div class='ocr_carea' id='block_1_38' title="bbox 501 2123 3647 2206">
    <p class='ocr_par' dir='ltr' id='par_1_38' title="bbox 501 2123 3647 2206">
     <span class='ocr_line' id='line_1_38' title="bbox 501 2123 3647 2206; baseline -0.004 -18"><span class='ocrx_word' id='word_1_263' title='bbox 501 2132 904 2190; x_wconf 88' lang='lat' dir='ltr'><strong>resurrectione</strong></span> <span class='ocrx_word' id='word_1_264' title='bbox 934 2149 1075 2189; x_wconf 88' lang='lat' dir='ltr'><strong>unus</strong></span> <span class='ocrx_word' id='word_1_265' title='bbox 1105 2132 1248 2203; x_wconf 91' lang='lat' dir='ltr'><strong>apud</strong></span> <span class='ocrx_word' id='word_1_266' title='bbox 1279 2147 1470 2187; x_wconf 91' lang='lat' dir='ltr'><strong>omnes</strong></span> <span class='ocrx_word' id='word_1_267' title='bbox 1501 2131 1756 2188; x_wconf 89' lang='lat' dir='ltr'><strong>obtinens</strong></span> <span class='ocrx_word' id='word_1_268' title='bbox 1783 2148 1964 2189; x_wconf 88' lang='lat' dir='ltr'><strong>sermo</strong></span> <span class='ocrx_word' id='word_1_269' title='bbox 1996 2137 2312 2206; x_wconf 84' lang='lat' dir='ltr'><strong>reperietur.</strong></span> <span class='ocrx_word' id='word_1_270' title='bbox 2339 2138 2571 2192; x_wconf 82' lang='lat' dir='ltr'><strong>Edamus</strong></span> <span class='ocrx_word' id='word_1_271' title='bbox 2599 2147 2646 2192; x_wconf 85' lang='lat' dir='ltr'><strong>et</strong></span> <span class='ocrx_word' id='word_1_272' title='bbox 2677 2135 2916 2189; x_wconf 75' lang='lat' dir='ltr'><strong>bibamus</strong></span> <span class='ocrx_word' id='word_1_273' title='bbox 2949 2147 2968 2186; x_wconf 89' lang='lat'><strong><em>:</em></strong></span> <span class='ocrx_word' id='word_1_274' title='bbox 2999 2147 3120 2186; x_wconf 82' lang='lat' dir='ltr'><strong>cras</strong></span> <span class='ocrx_word' id='word_1_275' title='bbox 3141 2129 3278 2182; x_wconf 83' lang='lat' dir='ltr'><strong>enim</strong></span> <span class='ocrx_word' id='word_1_276' title='bbox 3306 2127 3590 2179; x_wconf 84' lang='lat' dir='ltr'><strong>moriemur</strong></span> <span class='ocrx_word' id='word_1_277' title='bbox 3606 2123 3647 2176; x_wconf 67' lang='grc'><strong>⁸.</strong></span> 
     </span>
    </p>
   </div>
   <div class='ocr_carea' id='block_1_39' title="bbox 568 2221 2073 2296">
    <p class='ocr_par' dir='ltr' id='par_1_39' title="bbox 568 2221 2073 2296">
     <span class='ocr_line' id='line_1_39' title="bbox 568 2221 2073 2296; baseline 0.001 -18"><span class='ocrx_word' id='word_1_278' title='bbox 568 2223 652 2278; x_wconf 69' lang='lat' dir='ltr'><strong>Ad</strong></span> <span class='ocrx_word' id='word_1_279' title='bbox 703 2223 851 2278; x_wconf 89' lang='lat' dir='ltr'><strong>hunc</strong></span> <span class='ocrx_word' id='word_1_280' title='bbox 911 2222 1053 2278; x_wconf 91' lang='lat' dir='ltr'><strong>diem</strong></span> <span class='ocrx_word' id='word_1_281' title='bbox 1111 2221 1410 2294; x_wconf 78' lang='lat' dir='ltr'><strong>respiciens</strong></span> <span class='ocrx_word' id='word_1_282' title='bbox 1446 2223 1740 2292; x_wconf 84' lang='lat' dir='ltr'><strong>Apostolus</strong></span> <span class='ocrx_word' id='word_1_283' title='bbox 1801 2233 2073 2296; x_wconf 88' lang='lat' dir='ltr'><strong>tempora—</strong></span> 
     </span>
    </p>
   </div>
   <div class='ocr_carea' id='block_1_40' title="bbox 505 2307 2075 2378">
    <p class='ocr_par' dir='ltr' id='par_1_40' title="bbox 505 2307 2075 2378">
     <span class='ocr_line' id='line_1_40' title="bbox 505 2307 2075 2378; baseline 0.002 -10"><span class='ocrx_word' id='word_1_284' title='bbox 505 2314 642 2368; x_wconf 90' lang='lat' dir='ltr'><strong>riam</strong></span> <span class='ocrx_word' id='word_1_285' title='bbox 678 2314 842 2368; x_wconf 83' lang='lat' dir='ltr'><strong>vitam</strong></span> <span class='ocrx_word' id='word_1_286' title='bbox 876 2315 1198 2378; x_wconf 89' lang='lat' dir='ltr'><strong>contemnit,</strong></span> <span class='ocrx_word' id='word_1_287' title='bbox 1246 2323 1300 2368; x_wconf 86' lang='lat' dir='ltr'><strong>et</strong></span> <span class='ocrx_word' id='word_1_288' title='bbox 1348 2312 1588 2368; x_wconf 81' lang='lat' dir='ltr'><strong>futuram</strong></span> <span class='ocrx_word' id='word_1_289' title='bbox 1618 2315 1892 2370; x_wconf 87' lang='lat' dir='ltr'><strong>desiderat</strong></span> <span class='ocrx_word' id='word_1_290' title='bbox 1917 2328 1971 2370; x_wconf 88' lang='lat' dir='ltr'><strong>et</strong></span> <span class='ocrx_word' id='word_1_291' title='bbox 2000 2307 2075 2371; x_wconf 47' lang='lat' dir='ltr'><strong>af;</strong></span> 
     </span>
    </p>
   </div>
   <div class='ocr_carea' id='block_1_41' title="bbox 500 2405 2075 2474">
    <p class='ocr_par' dir='ltr' id='par_1_41' title="bbox 500 2405 2075 2474">
     <span class='ocr_line' id='line_1_41' title="bbox 500 2405 2075 2474; baseline 0.001 -13"><span class='ocrx_word' id='word_1_292' title='bbox 500 2405 687 2469; x_wconf 75' lang='lat' dir='ltr'><strong>fectat,</strong></span> <span class='ocrx_word' id='word_1_293' title='bbox 715 2416 1016 2462; x_wconf 81' lang='lat' dir='ltr'><strong>extenuans</strong></span> <span class='ocrx_word' id='word_1_294' title='bbox 1073 2414 1251 2460; x_wconf 89' lang='lat' dir='ltr'><strong>autem</strong></span> <span class='ocrx_word' id='word_1_295' title='bbox 1308 2421 1394 2468; x_wconf 81' lang='lat' dir='ltr'><strong>ea,</strong></span> <span class='ocrx_word' id='word_1_296' title='bbox 1441 2421 1562 2474; x_wconf 70' lang='lat' dir='ltr'><strong>qua:</strong></span> <span class='ocrx_word' id='word_1_297' title='bbox 1622 2406 1894 2472; x_wconf 87' lang='lat' dir='ltr'><strong>videntur,</strong></span> <span class='ocrx_word' id='word_1_298' title='bbox 1931 2407 1991 2462; x_wconf 90' lang='lat' dir='ltr'><strong>Si</strong></span> <span class='ocrx_word' id='word_1_299' title='bbox 2021 2409 2075 2462; x_wconf 77' lang='lat' dir='ltr'><strong>in</strong></span> 
     </span>
    </p>
   </div>
   <div class='ocr_carea' id='block_1_42' title="bbox 501 2495 2076 2565">
    <p class='ocr_par' dir='ltr' id='par_1_42' title="bbox 501 2495 2076 2565">
     <span class='ocr_line' id='line_1_42' title="bbox 501 2495 2076 2565; baseline 0.001 -16"><span class='ocrx_word' id='word_1_300' title='bbox 501 2497 625 2562; x_wconf 80' lang='lat' dir='ltr'><strong>hac,</strong></span> <span class='ocrx_word' id='word_1_301' title='bbox 667 2495 862 2565; x_wconf 75' lang='lat' dir='ltr'><strong>inquit,</strong></span> <span class='ocrx_word' id='word_1_302' title='bbox 894 2497 999 2549; x_wconf 82' lang='lat' dir='ltr'><strong>vita</strong></span> <span class='ocrx_word' id='word_1_303' title='bbox 1042 2511 1182 2563; x_wconf 81' lang='lat' dir='ltr'><strong>spem</strong></span> <span class='ocrx_word' id='word_1_304' title='bbox 1231 2496 1524 2563; x_wconf 81' lang='lat' dir='ltr'><strong>posuimus,</strong></span> <span class='ocrx_word' id='word_1_305' title='bbox 1582 2498 1810 2550; x_wconf 76' lang='lat' dir='ltr'><strong>maxime</strong></span> <span class='ocrx_word' id='word_1_306' title='bbox 1841 2499 2076 2550; x_wconf 86' lang='lat' dir='ltr'><strong>omnium</strong></span> 
     </span>
    </p>
   </div>
   <div class='ocr_carea' id='block_1_43' title="bbox 505 2585 2086 2657">
    <p class='ocr_par' dir='ltr' id='par_1_43' title="bbox 505 2585 2086 2657">
     <span class='ocr_line' id='line_1_43' title="bbox 505 2585 2086 2657; baseline 0.002 -17"><span class='ocrx_word' id='word_1_307' title='bbox 505 2590 776 2642; x_wconf 72' lang='lat' dir='ltr'><strong>hominum</strong></span> <span class='ocrx_word' id='word_1_308' title='bbox 837 2585 1245 2642; x_wconf 76' lang='lat' dir='ltr'><strong>miserabiliores</strong></span> <span class='ocrx_word' id='word_1_309' title='bbox 1311 2603 1495 2641; x_wconf 81' lang='lat' dir='ltr'><strong>sumus</strong></span> <span class='ocrx_word' id='word_1_310' title='bbox 1521 2589 1563 2640; x_wconf 79' lang='grc'><strong>⁵.</strong></span> <span class='ocrx_word' id='word_1_311' title='bbox 1633 2585 1862 2657; x_wconf 81' lang='lat' dir='ltr'><strong>Propter</strong></span> <span class='ocrx_word' id='word_1_312' title='bbox 1946 2589 2086 2643; x_wconf 83' lang='lat' dir='ltr'><strong>hanc</strong></span> 
     </span>
    </p>
   </div>
   <div class='ocr_carea' id='block_1_44' title="bbox 504 2676 2086 2734">
    <p class='ocr_par' dir='ltr' id='par_1_44' title="bbox 504 2676 2086 2734">
     <span class='ocr_line' id='line_1_44' title="bbox 504 2676 2086 2734; baseline -0.002 0"><span class='ocrx_word' id='word_1_313' title='bbox 504 2679 647 2734; x_wconf 91' lang='lat' dir='ltr'><strong>diem</strong></span> <span class='ocrx_word' id='word_1_314' title='bbox 701 2678 953 2732; x_wconf 86' lang='lat' dir='ltr'><strong>homines</strong></span> <span class='ocrx_word' id='word_1_315' title='bbox 1010 2677 1256 2731; x_wconf 70' lang='lat' dir='ltr'><strong>haaredes</strong></span> <span class='ocrx_word' id='word_1_316' title='bbox 1300 2676 1391 2731; x_wconf 87' lang='lat' dir='ltr'><strong>Dei</strong></span> <span class='ocrx_word' id='word_1_317' title='bbox 1435 2685 1487 2731; x_wconf 89' lang='lat' dir='ltr'><strong>et</strong></span> <span class='ocrx_word' id='word_1_318' title='bbox 1535 2676 1846 2733; x_wconf 58' lang='lat' dir='ltr'><strong>coheredes</strong></span> <span class='ocrx_word' id='word_1_319' title='bbox 1881 2677 2086 2732; x_wconf 89' lang='lat' dir='ltr'><strong>Christi</strong></span> 
     </span>
    </p>
   </div>
   <div class='ocr_carea' id='block_1_45' title="bbox 504 2767 2086 2838">
    <p class='ocr_par' dir='ltr' id='par_1_45' title="bbox 504 2767 2086 2838">
     <span class='ocr_line' id='line_1_45' title="bbox 504 2767 2086 2838; baseline -0.003 -13"><span class='ocrx_word' id='word_1_320' title='bbox 504 2771 794 2826; x_wconf 83' lang='lat' dir='ltr'><strong>exsistunt.</strong></span> <span class='ocrx_word' id='word_1_321' title='bbox 825 2767 1055 2837; x_wconf 87' lang='lat' dir='ltr'><strong>Propter</strong></span> <span class='ocrx_word' id='word_1_322' title='bbox 1085 2768 1230 2821; x_wconf 90' lang='lat' dir='ltr'><strong>hunc</strong></span> <span class='ocrx_word' id='word_1_323' title='bbox 1263 2767 1404 2822; x_wconf 91' lang='lat' dir='ltr'><strong>diem</strong></span> <span class='ocrx_word' id='word_1_324' title='bbox 1461 2783 1588 2837; x_wconf 87' lang='lat' dir='ltr'><strong>pars</strong></span> <span class='ocrx_word' id='word_1_325' title='bbox 1619 2769 1887 2838; x_wconf 84' lang='lat' dir='ltr'><strong>corporis,</strong></span> <span class='ocrx_word' id='word_1_326' title='bbox 1925 2783 2086 2836; x_wconf 90' lang='lat' dir='ltr'><strong>quam</strong></span> 
     </span>
    </p>
   </div>
   <div class='ocr_carea' id='block_1_46' title="bbox 509 2859 2086 2928">
    <p class='ocr_par' dir='ltr' id='par_1_46' title="bbox 509 2859 2086 2928">
     <span class='ocr_line' id='line_1_46' title="bbox 509 2859 2086 2928; baseline -0.002 -12"><span class='ocrx_word' id='word_1_327' title='bbox 509 2872 634 2916; x_wconf 81' lang='lat' dir='ltr'><strong>ante</strong></span> <span class='ocrx_word' id='word_1_328' title='bbox 665 2860 811 2914; x_wconf 90' lang='lat' dir='ltr'><strong>mille</strong></span> <span class='ocrx_word' id='word_1_329' title='bbox 841 2875 1016 2914; x_wconf 89' lang='lat' dir='ltr'><strong>annos</strong></span> <span class='ocrx_word' id='word_1_330' title='bbox 1050 2860 1353 2913; x_wconf 63' lang='lat' dir='ltr'><strong>carnivoraa</strong></span> <span class='ocrx_word' id='word_1_331' title='bbox 1385 2875 1512 2914; x_wconf 92' lang='lat' dir='ltr'><strong>aves</strong></span> <span class='ocrx_word' id='word_1_332' title='bbox 1545 2859 1901 2928; x_wconf 82' lang='lat' dir='ltr'><strong>comederint,</strong></span> <span class='ocrx_word' id='word_1_333' title='bbox 1944 2859 2086 2913; x_wconf 88' lang='lat' dir='ltr'><strong>inte-</strong></span> 
     </span>
    </p>
   </div>
   <div class='ocr_carea' id='block_1_47' title="bbox 511 2949 2080 3022">
    <p class='ocr_par' dir='ltr' id='par_1_47' title="bbox 511 2949 2080 3022">
     <span class='ocr_line' id='line_1_47' title="bbox 511 2949 2080 3022; baseline -0.001 -16"><span class='ocrx_word' id='word_1_334' title='bbox 511 2967 607 3022; x_wconf 85' lang='lat' dir='ltr'><strong>gra</strong></span> <span class='ocrx_word' id='word_1_335' title='bbox 631 2951 954 3022; x_wconf 84' lang='lat' dir='ltr'><strong>reperietur.</strong></span> <span class='ocrx_word' id='word_1_336' title='bbox 1003 2960 1057 3005; x_wconf 88' lang='lat' dir='ltr'><strong>et</strong></span> <span class='ocrx_word' id='word_1_337' title='bbox 1093 2965 1254 3021; x_wconf 87' lang='lat' dir='ltr'><strong>quam</strong></span> <span class='ocrx_word' id='word_1_338' title='bbox 1286 2949 1371 3005; x_wconf 87' lang='lat' dir='ltr'><strong>vel</strong></span> <span class='ocrx_word' id='word_1_339' title='bbox 1397 2965 1582 3015; x_wconf 81' lang='lat' dir='ltr'><strong>canes,</strong></span> <span class='ocrx_word' id='word_1_340' title='bbox 1630 2950 1714 3004; x_wconf 85' lang='lat' dir='ltr'><strong>vel</strong></span> <span class='ocrx_word' id='word_1_341' title='bbox 1745 2959 1864 3006; x_wconf 89' lang='lat' dir='ltr'><strong>cete</strong></span> <span class='ocrx_word' id='word_1_342' title='bbox 1922 2958 2080 3005; x_wconf 66' lang='lat' dir='ltr'><strong>caete-</strong></span> 
     </span>
    </p>
   </div>
   <div class='ocr_carea' id='block_1_48' title="bbox 2250 2217 3752 2299">
    <p class='ocr_par' dir='ltr' id='par_1_48' title="bbox 2250 2217 3752 2299">
     <span class='ocr_line' id='line_1_48' title="bbox 2250 2217 3752 2299; baseline -0.009 -17"><span class='ocrx_word' id='word_1_343' title='bbox 2250 2229 2393 2299; x_wconf 85' lang='grc' dir='ltr'>Πρὸς</span> <span class='ocrx_word' id='word_1_344' title='bbox 2421 2229 2624 2299; x_wconf 81' lang='grc' dir='ltr'>ταύτην</span> <span class='ocrx_word' id='word_1_345' title='bbox 2653 2227 2867 2297; x_wconf 82' lang='grc' dir='ltr'>βλέπων</span> <span class='ocrx_word' id='word_1_346' title='bbox 2894 2221 3262 2283; x_wconf 76' lang='grc' dir='ltr'>όἊπόστολος.</span> <span class='ocrx_word' id='word_1_347' title='bbox 3275 2220 3374 2290; x_wconf 82' lang='grc' dir='ltr'><strong>τὴν</strong></span> <span class='ocrx_word' id='word_1_348' title='bbox 3399 2217 3631 2288; x_wconf 80' lang='grc' dir='ltr'>ἡμέραν,</span> <span class='ocrx_word' id='word_1_349' title='bbox 3659 2217 3752 2285; x_wconf 85' lang='grc' dir='ltr'>τῆς</span> 
     </span>
    </p>
   </div>
   <div class='ocr_carea' id='block_1_49' title="bbox 2180 2308 3752 2391">
    <p class='ocr_par' dir='ltr' id='par_1_49' title="bbox 2180 2308 3752 2391">
     <span class='ocr_line' id='line_1_49' title="bbox 2180 2308 3752 2391; baseline -0.01 -17"><span class='ocrx_word' id='word_1_350' title='bbox 2180 2320 2324 2391; x_wconf 82' lang='grc' dir='ltr'><strong>ζωῆς</strong></span> <span class='ocrx_word' id='word_1_351' title='bbox 2375 2321 2474 2391; x_wconf 83' lang='grc' dir='ltr'>τῆς</span> <span class='ocrx_word' id='word_1_352' title='bbox 2527 2319 2812 2390; x_wconf 65' lang='grc' dir='ltr'>ἐπικαίρου</span> <span class='ocrx_word' id='word_1_353' title='bbox 2853 2315 3219 2386; x_wconf 78' lang='grc' dir='ltr'>καταφρονεῖο</span> <span class='ocrx_word' id='word_1_354' title='bbox 3272 2310 3530 2379; x_wconf 69' lang='grc' dir='ltr'>ἐπιθυμεῖ</span> <span class='ocrx_word' id='word_1_355' title='bbox 3561 2308 3618 2361; x_wconf 79' lang='grc' dir='ltr'>δὲ</span> <span class='ocrx_word' id='word_1_356' title='bbox 3659 2308 3752 2378; x_wconf 83' lang='grc' dir='ltr'>τῆς</span> 
     </span>
    </p>
   </div>
   <div class='ocr_carea' id='block_1_50' title="bbox 2181 2401 3754 2483">
    <p class='ocr_par' dir='ltr' id='par_1_50' title="bbox 2181 2401 3754 2483">
     <span class='ocr_line' id='line_1_50' title="bbox 2181 2401 3754 2483; baseline -0.009 -17"><span class='ocrx_word' id='word_1_357' title='bbox 2181 2411 2516 2483; x_wconf 81' lang='grc' dir='ltr'><strong>μελλούσης,</strong></span> <span class='ocrx_word' id='word_1_358' title='bbox 2563 2409 2911 2477; x_wconf 74' lang='grc' dir='ltr'>έξευτελίζων</span> <span class='ocrx_word' id='word_1_359' title='bbox 2953 2406 3010 2458; x_wconf 82' lang='grc' dir='ltr'>δὲ</span> <span class='ocrx_word' id='word_1_360' title='bbox 3049 2405 3118 2459; x_wconf 90' lang='grc' dir='ltr'><strong>τά</strong></span> <span class='ocrx_word' id='word_1_361' title='bbox 3157 2401 3417 2475; x_wconf 70' lang='grc' dir='ltr'>δρώμενά</span> <span class='ocrx_word' id='word_1_362' title='bbox 3464 2417 3648 2471; x_wconf 78' lang='grc' dir='ltr'>φησιν’</span> <span class='ocrx_word' id='word_1_363' title='bbox 3688 2401 3754 2453; x_wconf 83' lang='lat' dir='ltr'><strong>El</strong></span> 
     </span>
    </p>
   </div>
   <div class='ocr_carea' id='block_1_51' title="bbox 2173 2491 3755 2572">
    <p class='ocr_par' dir='ltr' id='par_1_51' title="bbox 2173 2491 3755 2572">
     <span class='ocr_line' id='line_1_51' title="bbox 2173 2491 3755 2572; baseline -0.009 -16"><span class='ocrx_word' id='word_1_364' title='bbox 2173 2503 2279 2556; x_wconf 76' lang='grc' dir='ltr'><strong>ἐπὶ</strong></span> <span class='ocrx_word' id='word_1_365' title='bbox 2317 2502 2390 2572; x_wconf 74' lang='grc' dir='ltr'>τῇ</span> <span class='ocrx_word' id='word_1_366' title='bbox 2423 2501 2537 2570; x_wconf 78' lang='grc' dir='ltr'><strong>ζ’ωῇ</strong></span> <span class='ocrx_word' id='word_1_367' title='bbox 2565 2501 2751 2568; x_wconf 82' lang='grc' dir='ltr'>ταύτῃ</span> <span class='ocrx_word' id='word_1_368' title='bbox 2779 2497 3104 2566; x_wconf 73' lang='grc' dir='ltr'><strong>ἠλπικότες</strong></span> <span class='ocrx_word' id='word_1_369' title='bbox 3130 2492 3337 2564; x_wconf 76' lang='grc' dir='ltr'>ἐσμὲν,</span> <span class='ocrx_word' id='word_1_370' title='bbox 3373 2491 3755 2558; x_wconf 74' lang='grc' dir='ltr'>ἐλεεινότεροι</span> 
     </span>
    </p>
   </div>
   <div class='ocr_carea' id='block_1_52' title="bbox 2182 2580 3755 2659">
    <p class='ocr_par' dir='ltr' id='par_1_52' title="bbox 2182 2580 3755 2659">
     <span class='ocr_line' id='line_1_52' title="bbox 2182 2580 3755 2659; baseline -0.01 -12"><span class='ocrx_word' id='word_1_371' title='bbox 2182 2593 2425 2647; x_wconf 75' lang='grc' dir='ltr'>πάντων</span> <span class='ocrx_word' id='word_1_372' title='bbox 2452 2590 2778 2659; x_wconf 83' lang='grc' dir='ltr'>ἀνθρώπων</span> <span class='ocrx_word' id='word_1_373' title='bbox 2803 2586 3012 2658; x_wconf 72' lang='grc' dir='ltr'>ἐσμέν.</span> <span class='ocrx_word' id='word_1_374' title='bbox 3047 2583 3147 2637; x_wconf 88' lang='grc' dir='ltr'>Διά</span> <span class='ocrx_word' id='word_1_375' title='bbox 3189 2582 3392 2654; x_wconf 86' lang='grc' dir='ltr'>ταύτην</span> <span class='ocrx_word' id='word_1_376' title='bbox 3420 2581 3519 2652; x_wconf 83' lang='grc' dir='ltr'><strong>τὴν</strong></span> <span class='ocrx_word' id='word_1_377' title='bbox 3547 2580 3755 2652; x_wconf 78' lang='grc' dir='ltr'>ἡμέραν</span> 
     </span>
    </p>
   </div>
   <div class='ocr_carea' id='block_1_53' title="bbox 2183 2673 3754 2756">
    <p class='ocr_par' dir='ltr' id='par_1_53' title="bbox 2183 2673 3754 2756">
     <span class='ocr_line' id='line_1_53' title="bbox 2183 2673 3754 2756; baseline -0.01 -18"><span class='ocrx_word' id='word_1_378' title='bbox 2183 2685 2509 2756; x_wconf 84' lang='grc' dir='ltr'>κληρονόμοι</span> <span class='ocrx_word' id='word_1_379' title='bbox 2543 2680 2677 2735; x_wconf 86' lang='grc' dir='ltr'>Θεοῦ</span> <span class='ocrx_word' id='word_1_380' title='bbox 2708 2679 3005 2750; x_wconf 79' lang='grc' dir='ltr'>ἄνθρωποι,</span> <span class='ocrx_word' id='word_1_381' title='bbox 3043 2677 3137 2730; x_wconf 80' lang='grc' dir='ltr'><strong>καὶ</strong></span> <span class='ocrx_word' id='word_1_382' title='bbox 3173 2673 3604 2746; x_wconf 85' lang='grc' dir='ltr'>συγκληρονόμοι</span> <span class='ocrx_word' id='word_1_383' title='bbox 3627 2673 3754 2742; x_wconf 85' lang='grc' dir='ltr'>Χρι-</span> 
     </span>
    </p>
   </div>
   <div class='ocr_carea' id='block_1_54' title="bbox 2187 2763 3756 2844">
    <p class='ocr_par' dir='ltr' id='par_1_54' title="bbox 2187 2763 3756 2844">
     <span class='ocr_line' id='line_1_54' title="bbox 2187 2763 3756 2844; baseline -0.01 -14"><span class='ocrx_word' id='word_1_384' title='bbox 2187 2776 2335 2830; x_wconf 89' lang='grc' dir='ltr'>στοῦ.</span> <span class='ocrx_word' id='word_1_385' title='bbox 2387 2775 2488 2829; x_wconf 82' lang='grc' dir='ltr'><strong>Διὰ</strong></span> <span class='ocrx_word' id='word_1_386' title='bbox 2531 2773 2735 2844; x_wconf 89' lang='grc' dir='ltr'>ταύτην</span> <span class='ocrx_word' id='word_1_387' title='bbox 2772 2772 2869 2843; x_wconf 86' lang='grc' dir='ltr'><strong>τὴν</strong></span> <span class='ocrx_word' id='word_1_388' title='bbox 2906 2769 3120 2840; x_wconf 80' lang='grc' dir='ltr'>ἡμέραν</span> <span class='ocrx_word' id='word_1_389' title='bbox 3169 2769 3305 2837; x_wconf 83' lang='grc' dir='ltr'>ὅπερ</span> <span class='ocrx_word' id='word_1_390' title='bbox 3351 2767 3402 2819; x_wconf 85' lang='grc' dir='ltr'>οἱ</span> <span class='ocrx_word' id='word_1_391' title='bbox 3439 2763 3756 2835; x_wconf 76' lang='grc' dir='ltr'>σαρκοϐόροι</span> 
     </span>
    </p>
   </div>
   <div class='ocr_carea' id='block_1_55' title="bbox 2187 2852 3757 2940">
    <p class='ocr_par' dir='ltr' id='par_1_55' title="bbox 2187 2852 3757 2940">
     <span class='ocr_line' id='line_1_55' title="bbox 2187 2852 3757 2940; baseline -0.008 -20"><span class='ocrx_word' id='word_1_392' title='bbox 2187 2867 2398 2940; x_wconf 81' lang='grc' dir='ltr'>ὄρνιθες</span> <span class='ocrx_word' id='word_1_393' title='bbox 2451 2865 2652 2934; x_wconf 80' lang='grc' dir='ltr'>ἔφαγον</span> <span class='ocrx_word' id='word_1_394' title='bbox 2709 2863 2816 2934; x_wconf 78' lang='grc' dir='ltr'><strong>πρὸ</strong></span> <span class='ocrx_word' id='word_1_395' title='bbox 2873 2860 3058 2931; x_wconf 88' lang='grc' dir='ltr'>χιλίων</span> <span class='ocrx_word' id='word_1_396' title='bbox 3127 2857 3386 2912; x_wconf 79' lang='grc' dir='ltr'>ἐνιαυτῶν</span> <span class='ocrx_word' id='word_1_397' title='bbox 3436 2857 3601 2926; x_wconf 82' lang='grc' dir='ltr'>μέρος</span> <span class='ocrx_word' id='word_1_398' title='bbox 3666 2852 3757 2908; x_wconf 84' lang='grc' dir='ltr'><strong>τοῦ</strong></span> 
     </span>
    </p>
   </div>
   <div class='ocr_carea' id='block_1_56' title="bbox 2191 2949 3757 3028">
    <p class='ocr_par' dir='ltr' id='par_1_56' title="bbox 2191 2949 3757 3028">
     <span class='ocr_line' id='line_1_56' title="bbox 2191 2949 3757 3028; baseline -0.008 -16"><span class='ocrx_word' id='word_1_399' title='bbox 2191 2957 2462 3028; x_wconf 77' lang='grc' dir='ltr'>σώματος,</span> <span class='ocrx_word' id='word_1_400' title='bbox 2511 2955 2866 3026; x_wconf 82' lang='grc' dir='ltr'>εὑρεθήσεται</span> <span class='ocrx_word' id='word_1_401' title='bbox 2912 2953 2986 3023; x_wconf 82' lang='grc' dir='ltr'>μὴ</span> <span class='ocrx_word' id='word_1_402' title='bbox 3037 2952 3253 3005; x_wconf 57' lang='grc' dir='ltr'>λεῖπον</span> <span class='ocrx_word' id='word_1_403' title='bbox 3296 2949 3390 3003; x_wconf 77' lang='grc' dir='ltr'>καὶ</span> <span class='ocrx_word' id='word_1_404' title='bbox 3431 2951 3568 3018; x_wconf 85' lang='grc' dir='ltr'>ὅπερ</span> <span class='ocrx_word' id='word_1_405' title='bbox 3599 2949 3757 3016; x_wconf 80' lang='grc' dir='ltr'>κήτη,</span> 
     </span>
    </p>
   </div>
   <div class='ocr_carea' id='block_1_57' title="bbox 507 3039 2079 3116">
    <p class='ocr_par' dir='ltr' id='par_1_57' title="bbox 507 3039 2074 3116">
     <span class='ocr_line' id='line_1_57' title="bbox 507 3039 2074 3116; baseline -0.001 -17"><span class='ocrx_word' id='word_1_406' title='bbox 507 3059 679 3116; x_wconf 88' lang='lat' dir='ltr'><strong>raque</strong></span> <span class='ocrx_word' id='word_1_407' title='bbox 711 3041 966 3096; x_wconf 83' lang='lat' dir='ltr'><strong>animalia</strong></span> <span class='ocrx_word' id='word_1_408' title='bbox 1017 3039 1226 3093; x_wconf 87' lang='lat' dir='ltr'><strong>marina</strong></span> <span class='ocrx_word' id='word_1_409' title='bbox 1257 3040 1657 3105; x_wconf 86' lang='lat' dir='ltr'><strong>devoraverint,</strong></span> <span class='ocrx_word' id='word_1_410' title='bbox 1695 3057 1797 3094; x_wconf 89' lang='lat' dir='ltr'><strong>una</strong></span> <span class='ocrx_word' id='word_1_411' title='bbox 1823 3058 1944 3096; x_wconf 86' lang='lat' dir='ltr'><strong>cum</strong></span> <span class='ocrx_word' id='word_1_412' title='bbox 1976 3043 2074 3097; x_wconf 86' lang='lat' dir='ltr'><strong>ho-</strong></span> 
     </span>
    </p>
   </div>
   <div class='ocr_carea' id='block_1_58' title="bbox 2181 3039 3757 3116">
    <p class='ocr_par' dir='ltr' id='par_1_58' title="bbox 2181 3039 3757 3114">
     <span class='ocr_line' id='line_1_58' title="bbox 2181 3039 3757 3114; baseline -0.01 -10"><span class='ocrx_word' id='word_1_413' title='bbox 2181 3050 2274 3104; x_wconf 73' lang='grc' dir='ltr'>καὶ</span> <span class='ocrx_word' id='word_1_414' title='bbox 2299 3049 2479 3114; x_wconf 80' lang='grc' dir='ltr'>κύνες,</span> <span class='ocrx_word' id='word_1_415' title='bbox 2512 3048 2604 3101; x_wconf 77' lang='grc' dir='ltr'><strong>καὶ</strong></span> <span class='ocrx_word' id='word_1_416' title='bbox 2633 3047 2701 3099; x_wconf 86' lang='grc' dir='ltr'><strong>τά</strong></span> <span class='ocrx_word' id='word_1_417' title='bbox 2730 3045 2916 3100; x_wconf 81' lang='grc' dir='ltr'>ένάλια</span> <span class='ocrx_word' id='word_1_418' title='bbox 2945 3043 3058 3108; x_wconf 81' lang='grc' dir='ltr'>ζῶα</span> <span class='ocrx_word' id='word_1_419' title='bbox 3075 3039 3584 3111; x_wconf 76' lang='grc' dir='ltr'>κατεϐοσκήθησαν,</span> <span class='ocrx_word' id='word_1_420' title='bbox 3620 3040 3757 3106; x_wconf 81' lang='grc' dir='ltr'>ὲγειο</span> 
     </span>
    </p>
   </div>
   <div class='ocr_carea' id='block_1_59' title="bbox 511 3131 2080 3202">
    <p class='ocr_par' dir='ltr' id='par_1_59' title="bbox 511 3131 2080 3202">
     <span class='ocr_line' id='line_1_59' title="bbox 511 3131 2080 3202; baseline 0.001 -16"><span class='ocrx_word' id='word_1_421' title='bbox 511 3134 659 3188; x_wconf 86' lang='lat' dir='ltr'><strong>mine</strong></span> <span class='ocrx_word' id='word_1_422' title='bbox 721 3132 992 3188; x_wconf 89' lang='lat' dir='ltr'><strong>suscitato</strong></span> <span class='ocrx_word' id='word_1_423' title='bbox 1030 3139 1282 3200; x_wconf 76' lang='lat' dir='ltr'><strong>resurget</strong></span> <span class='ocrx_word' id='word_1_424' title='bbox 1337 3148 1350 3184; x_wconf 87' lang='lat'><strong>:</strong></span> <span class='ocrx_word' id='word_1_425' title='bbox 1403 3131 1700 3197; x_wconf 88' lang='lat' dir='ltr'><strong>quinetiam</strong></span> <span class='ocrx_word' id='word_1_426' title='bbox 1747 3131 1892 3200; x_wconf 91' lang='lat' dir='ltr'><strong>quod</strong></span> <span class='ocrx_word' id='word_1_427' title='bbox 1938 3131 2080 3202; x_wconf 81' lang='lat' dir='ltr'><strong>ignis</strong></span> 
     </span>
    </p>
   </div>
   <div class='ocr_carea' id='block_1_60' title="bbox 509 3211 2080 3290">
    <p class='ocr_par' dir='ltr' id='par_1_60' title="bbox 509 3211 2080 3290">
     <span class='ocr_line' id='line_1_60' title="bbox 509 3211 2080 3290; baseline -0.001 -13"><span class='ocrx_word' id='word_1_428' title='bbox 509 3221 968 3285; x_wconf 87' lang='lat' dir='ltr'><strong>concremaverit,</strong></span> <span class='ocrx_word' id='word_1_429' title='bbox 1033 3220 1176 3290; x_wconf 92' lang='lat' dir='ltr'><strong>quod</strong></span> <span class='ocrx_word' id='word_1_430' title='bbox 1240 3220 1439 3276; x_wconf 88' lang='lat' dir='ltr'><strong>vermis</strong></span> <span class='ocrx_word' id='word_1_431' title='bbox 1472 3221 1524 3274; x_wconf 92' lang='lat' dir='ltr'><strong>in</strong></span> <span class='ocrx_word' id='word_1_432' title='bbox 1565 3211 1827 3290; x_wconf 83' lang='lat' dir='ltr'><strong>sepulcris</strong></span> <span class='ocrx_word' id='word_1_433' title='bbox 1865 3236 2080 3277; x_wconf 88' lang='lat' dir='ltr'><strong>assum-</strong></span> 
     </span>
    </p>
   </div>
   <div class='ocr_carea' id='block_1_61' title="bbox 514 3309 2081 3383">
    <p class='ocr_par' dir='ltr' id='par_1_61' title="bbox 514 3309 2081 3383">
     <span class='ocr_line' id='line_1_61' title="bbox 514 3309 2081 3383; baseline -0.002 -14"><span class='ocrx_word' id='word_1_434' title='bbox 514 3312 715 3383; x_wconf 85' lang='lat' dir='ltr'><strong>pserit;</strong></span> <span class='ocrx_word' id='word_1_435' title='bbox 747 3319 800 3367; x_wconf 91' lang='lat' dir='ltr'><strong>et</strong></span> <span class='ocrx_word' id='word_1_436' title='bbox 829 3319 888 3366; x_wconf 90' lang='lat' dir='ltr'><strong>ut</strong></span> <span class='ocrx_word' id='word_1_437' title='bbox 919 3327 1030 3367; x_wconf 92' lang='lat' dir='ltr'><strong>rem</strong></span> <span class='ocrx_word' id='word_1_438' title='bbox 1055 3311 1110 3366; x_wconf 87' lang='lat' dir='ltr'><strong>in</strong></span> <span class='ocrx_word' id='word_1_439' title='bbox 1138 3326 1407 3366; x_wconf 80' lang='lat' dir='ltr'><strong>summam</strong></span> <span class='ocrx_word' id='word_1_440' title='bbox 1441 3309 1742 3376; x_wconf 80' lang='lat' dir='ltr'><strong>conferam,</strong></span> <span class='ocrx_word' id='word_1_441' title='bbox 1776 3312 1959 3366; x_wconf 91' lang='lat' dir='ltr'><strong>omnia</strong></span> <span class='ocrx_word' id='word_1_442' title='bbox 1989 3310 2081 3366; x_wconf 79' lang='lat' dir='ltr'><strong>dc-</strong></span> 
     </span>
    </p>
   </div>
   <div class='ocr_carea' id='block_1_62' title="bbox 510 3402 2080 3475">
    <p class='ocr_par' dir='ltr' id='par_1_62' title="bbox 510 3402 2080 3475">
     <span class='ocr_line' id='line_1_62' title="bbox 510 3402 2080 3475; baseline -0.003 -16"><span class='ocrx_word' id='word_1_443' title='bbox 510 3406 677 3475; x_wconf 87' lang='lat' dir='ltr'><strong>nique</strong></span> <span class='ocrx_word' id='word_1_444' title='bbox 712 3418 963 3475; x_wconf 88' lang='lat' dir='ltr'><strong>corpora,</strong></span> <span class='ocrx_word' id='word_1_445' title='bbox 1000 3411 1271 3473; x_wconf 84' lang='lat' dir='ltr'><strong>quotquot</strong></span> <span class='ocrx_word' id='word_1_446' title='bbox 1301 3410 1425 3472; x_wconf 89' lang='lat' dir='ltr'><strong>post</strong></span> <span class='ocrx_word' id='word_1_447' title='bbox 1451 3402 1860 3473; x_wconf 77' lang='lat' dir='ltr'><strong>generationem</strong></span> <span class='ocrx_word' id='word_1_448' title='bbox 1887 3417 2080 3458; x_wconf 87' lang='lat' dir='ltr'><strong>corru-</strong></span> 
     </span>
    </p>
   </div>
   <div class='ocr_carea' id='block_1_63' title="bbox 512 3492 2084 3567">
    <p class='ocr_par' dir='ltr' id='par_1_63' title="bbox 512 3492 2084 3567">
     <span class='ocr_line' id='line_1_63' title="bbox 512 3492 2084 3567; baseline -0.003 -17"><span class='ocrx_word' id='word_1_449' title='bbox 512 3495 626 3567; x_wconf 88' lang='lat' dir='ltr'><strong>ptio</strong></span> <span class='ocrx_word' id='word_1_450' title='bbox 656 3495 952 3550; x_wconf 84' lang='lat' dir='ltr'><strong>aboleverit</strong></span> <span class='ocrx_word' id='word_1_451' title='bbox 985 3501 1038 3550; x_wconf 90' lang='lat' dir='ltr'><strong>et</strong></span> <span class='ocrx_word' id='word_1_452' title='bbox 1068 3509 1098 3549; x_wconf 93' lang='lat' dir='ltr'><strong>e</strong></span> <span class='ocrx_word' id='word_1_453' title='bbox 1131 3493 1309 3549; x_wconf 87' lang='lat' dir='ltr'><strong>medio</strong></span> <span class='ocrx_word' id='word_1_454' title='bbox 1333 3493 1638 3556; x_wconf 87' lang='lat' dir='ltr'><strong>sustulerit,</strong></span> <span class='ocrx_word' id='word_1_455' title='bbox 1672 3493 1880 3562; x_wconf 87' lang='lat' dir='ltr'><strong>integra</strong></span> <span class='ocrx_word' id='word_1_456' title='bbox 1909 3492 2084 3546; x_wconf 86' lang='lat' dir='ltr'><strong>nulla-</strong></span> 
     </span>
    </p>
   </div>
   <div class='ocr_carea' id='block_1_64' title="bbox 511 3583 2086 3657">
    <p class='ocr_par' dir='ltr' id='par_1_64' title="bbox 511 3583 2086 3657">
     <span class='ocr_line' id='line_1_64' title="bbox 511 3583 2086 3657; baseline -0.003 -16"><span class='ocrx_word' id='word_1_457' title='bbox 511 3602 620 3657; x_wconf 92' lang='lat' dir='ltr'><strong>que</strong></span> <span class='ocrx_word' id='word_1_458' title='bbox 673 3587 759 3642; x_wconf 85' lang='lat' dir='ltr'><strong>sui</strong></span> <span class='ocrx_word' id='word_1_459' title='bbox 817 3593 972 3656; x_wconf 91' lang='lat' dir='ltr'><strong>parte</strong></span> <span class='ocrx_word' id='word_1_460' title='bbox 1029 3583 1274 3642; x_wconf 87' lang='lat' dir='ltr'><strong>carentia</strong></span> <span class='ocrx_word' id='word_1_461' title='bbox 1312 3583 1610 3638; x_wconf 89' lang='lat' dir='ltr'><strong>reddentur</strong></span> <span class='ocrx_word' id='word_1_462' title='bbox 1657 3599 1687 3638; x_wconf 94' lang='lat' dir='ltr'><strong>e</strong></span> <span class='ocrx_word' id='word_1_463' title='bbox 1720 3590 1893 3647; x_wconf 80' lang='lat' dir='ltr'><strong>terra,</strong></span> <span class='ocrx_word' id='word_1_464' title='bbox 1941 3594 1993 3637; x_wconf 91' lang='lat' dir='ltr'><strong>et</strong></span> <span class='ocrx_word' id='word_1_465' title='bbox 2027 3591 2086 3636; x_wconf 91' lang='lat' dir='ltr'><strong>ut</strong></span> 
     </span>
    </p>
   </div>
   <div class='ocr_carea' id='block_1_65' title="bbox 509 3675 2086 3746">
    <p class='ocr_par' dir='ltr' id='par_1_65' title="bbox 509 3675 2086 3746">
     <span class='ocr_line' id='line_1_65' title="bbox 509 3675 2086 3746; baseline -0.003 -13"><span class='ocrx_word' id='word_1_466' title='bbox 509 3679 712 3736; x_wconf 87' lang='lat' dir='ltr'><strong>Paulus</strong></span> <span class='ocrx_word' id='word_1_467' title='bbox 747 3678 961 3742; x_wconf 78' lang='lat' dir='ltr'><strong>doeet&#39;,</strong></span> <span class='ocrx_word' id='word_1_468' title='bbox 998 3677 1054 3731; x_wconf 88' lang='lat' dir='ltr'><strong>in</strong></span> <span class='ocrx_word' id='word_1_469' title='bbox 1088 3684 1361 3732; x_wconf 88' lang='lat' dir='ltr'><strong>momento</strong></span> <span class='ocrx_word' id='word_1_470' title='bbox 1385 3676 1527 3730; x_wconf 90' lang='lat' dir='ltr'><strong>oeuli</strong></span> <span class='ocrx_word' id='word_1_471' title='bbox 1560 3675 1872 3746; x_wconf 80' lang='lat' dir='ltr'><strong>perﬁcietur</strong></span> <span class='ocrx_word' id='word_1_472' title='bbox 1902 3690 2086 3729; x_wconf 80' lang='lat' dir='ltr'><strong>resur-</strong></span> 
     </span>
    </p>
   </div>
   <div class='ocr_carea' id='block_1_66' title="bbox 511 3766 2085 3826">
    <p class='ocr_par' dir='ltr' id='par_1_66' title="bbox 511 3766 2085 3826">
     <span class='ocr_line' id='line_1_66' title="bbox 511 3766 2085 3826; baseline -0.003 -2"><span class='ocrx_word' id='word_1_473' title='bbox 511 3770 702 3826; x_wconf 87' lang='lat' dir='ltr'><strong>rectio.</strong></span> <span class='ocrx_word' id='word_1_474' title='bbox 737 3769 886 3825; x_wconf 88' lang='lat' dir='ltr'><strong>lctus</strong></span> <span class='ocrx_word' id='word_1_475' title='bbox 916 3777 1096 3822; x_wconf 88' lang='lat' dir='ltr'><strong>autem</strong></span> <span class='ocrx_word' id='word_1_476' title='bbox 1151 3783 1247 3824; x_wconf 90' lang='lat' dir='ltr'><strong>seu</strong></span> <span class='ocrx_word' id='word_1_477' title='bbox 1300 3775 1633 3822; x_wconf 87' lang='lat' dir='ltr'><strong>momentum</strong></span> <span class='ocrx_word' id='word_1_478' title='bbox 1677 3766 1822 3820; x_wconf 90' lang='lat' dir='ltr'><strong>oculi</strong></span> <span class='ocrx_word' id='word_1_479' title='bbox 1878 3767 2085 3820; x_wconf 89' lang='lat' dir='ltr'><strong>clausio</strong></span> 
     </span>
    </p>
   </div>
   <div class='ocr_carea' id='block_1_67' title="bbox 512 3857 2086 3932">
    <p class='ocr_par' dir='ltr' id='par_1_67' title="bbox 512 3857 2086 3932">
     <span class='ocr_line' id='line_1_67' title="bbox 512 3857 2086 3932; baseline -0.001 -19"><span class='ocrx_word' id='word_1_480' title='bbox 512 3861 896 3932; x_wconf 83' lang='lat' dir='ltr'><strong>palpebrarum</strong></span> <span class='ocrx_word' id='word_1_481' title='bbox 932 3866 1037 3914; x_wconf 86' lang='lat' dir='ltr'><strong>est.</strong></span> <span class='ocrx_word' id='word_1_482' title='bbox 1086 3859 1264 3926; x_wconf 88' lang='lat' dir='ltr'><strong>Atque</strong></span> <span class='ocrx_word' id='word_1_483' title='bbox 1317 3857 1420 3910; x_wconf 90' lang='lat' dir='ltr'><strong>hac</strong></span> <span class='ocrx_word' id='word_1_484' title='bbox 1485 3857 1774 3912; x_wconf 87' lang='lat' dir='ltr'><strong>velocitate</strong></span> <span class='ocrx_word' id='word_1_485' title='bbox 1810 3858 1957 3912; x_wconf 90' lang='lat' dir='ltr'><strong>nulla</strong></span> <span class='ocrx_word' id='word_1_486' title='bbox 1997 3872 2086 3912; x_wconf 89' lang='lat' dir='ltr'><strong>res</strong></span> 
     </span>
    </p>
   </div>
   <div class='ocr_carea' id='block_1_68' title="bbox 511 3941 2086 4020">
    <p class='ocr_par' dir='ltr' id='par_1_68' title="bbox 511 3941 2086 4020">
     <span class='ocr_line' id='line_1_68' title="bbox 511 3941 2086 4020; baseline 0.001 -18"><span class='ocrx_word' id='word_1_487' title='bbox 511 3951 618 4003; x_wconf 88' lang='lat' dir='ltr'><strong>alia</strong></span> <span class='ocrx_word' id='word_1_488' title='bbox 651 3941 883 4003; x_wconf 83' lang='lat' dir='ltr'><strong>celerior</strong></span> <span class='ocrx_word' id='word_1_489' title='bbox 915 3963 1038 4002; x_wconf 87' lang='lat' dir='ltr'><strong>esse</strong></span> <span class='ocrx_word' id='word_1_490' title='bbox 1078 3949 1271 4018; x_wconf 86' lang='lat' dir='ltr'><strong>possit.</strong></span> <span class='ocrx_word' id='word_1_491' title='bbox 1304 3945 1490 4016; x_wconf 84' lang='lat' dir='ltr'><strong>Neque</strong></span> <span class='ocrx_word' id='word_1_492' title='bbox 1536 3948 1778 4002; x_wconf 83' lang='lat' dir='ltr'><strong>humano</strong></span> <span class='ocrx_word' id='word_1_493' title='bbox 1810 3964 1961 4006; x_wconf 90' lang='lat' dir='ltr'><strong>more</strong></span> <span class='ocrx_word' id='word_1_494' title='bbox 1987 3966 2086 4020; x_wconf 88' lang='lat' dir='ltr'><strong>pro</strong></span> 
     </span>
    </p>
   </div>
   <div class='ocr_carea' id='block_1_69' title="bbox 511 4037 2087 4111">
    <p class='ocr_par' dir='ltr' id='par_1_69' title="bbox 511 4037 2087 4111">
     <span class='ocr_line' id='line_1_69' title="bbox 511 4037 2087 4111; baseline 0.001 -18"><span class='ocrx_word' id='word_1_495' title='bbox 511 4047 675 4109; x_wconf 87' lang='lat' dir='ltr'><strong>captu</strong></span> <span class='ocrx_word' id='word_1_496' title='bbox 710 4045 804 4092; x_wconf 90' lang='lat' dir='ltr'><strong>tuo</strong></span> <span class='ocrx_word' id='word_1_497' title='bbox 830 4045 1092 4108; x_wconf 90' lang='lat' dir='ltr'><strong>reputans</strong></span> <span class='ocrx_word' id='word_1_498' title='bbox 1125 4037 1486 4108; x_wconf 88' lang='lat' dir='ltr'><strong>descripseris</strong></span> <span class='ocrx_word' id='word_1_499' title='bbox 1517 4039 1571 4092; x_wconf 90' lang='lat' dir='ltr'><strong>in</strong></span> <span class='ocrx_word' id='word_1_500' title='bbox 1616 4039 1798 4094; x_wconf 92' lang='lat' dir='ltr'><strong>animo</strong></span> <span class='ocrx_word' id='word_1_501' title='bbox 1826 4048 1918 4094; x_wconf 91' lang='lat' dir='ltr'><strong>tuo</strong></span> <span class='ocrx_word' id='word_1_502' title='bbox 1953 4048 2087 4111; x_wconf 91' lang='lat' dir='ltr'><strong>quot</strong></span> 
     </span>
    </p>
   </div>
   <div class='ocr_carea' id='block_1_70' title="bbox 511 4129 2086 4200">
    <p class='ocr_par' dir='ltr' id='par_1_70' title="bbox 511 4129 2086 4200">
     <span class='ocr_line' id='line_1_70' title="bbox 511 4129 2086 4200; baseline 0.001 -16"><span class='ocrx_word' id='word_1_503' title='bbox 511 4129 625 4184; x_wconf 88' lang='lat' dir='ltr'><strong>sint</strong></span> <span class='ocrx_word' id='word_1_504' title='bbox 656 4136 963 4199; x_wconf 85' lang='lat' dir='ltr'><strong>temporum</strong></span> <span class='ocrx_word' id='word_1_505' title='bbox 996 4129 1306 4192; x_wconf 88' lang='lat' dir='ltr'><strong>intervalla,</strong></span> <span class='ocrx_word' id='word_1_506' title='bbox 1340 4130 1575 4199; x_wconf 90' lang='lat' dir='ltr'><strong>primum</strong></span> <span class='ocrx_word' id='word_1_507' title='bbox 1613 4139 1670 4183; x_wconf 90' lang='lat' dir='ltr'><strong>ut</strong></span> <span class='ocrx_word' id='word_1_508' title='bbox 1719 4145 1847 4185; x_wconf 86' lang='lat' dir='ltr'><strong>ossa</strong></span> <span class='ocrx_word' id='word_1_509' title='bbox 1898 4140 2086 4200; x_wconf 89' lang='lat' dir='ltr'><strong>putre-</strong></span> 
     </span>
    </p>
   </div>
   <div class='ocr_carea' id='block_1_71' title="bbox 511 4221 2087 4292">
    <p class='ocr_par' dir='ltr' id='par_1_71' title="bbox 511 4221 2087 4292">
     <span class='ocr_line' id='line_1_71' title="bbox 511 4221 2087 4292; baseline 0.001 -15"><span class='ocrx_word' id='word_1_510' title='bbox 511 4221 656 4277; x_wconf 82' lang='lat' dir='ltr'><strong>facta</strong></span> <span class='ocrx_word' id='word_1_511' title='bbox 679 4229 732 4277; x_wconf 92' lang='lat' dir='ltr'><strong>et</strong></span> <span class='ocrx_word' id='word_1_512' title='bbox 761 4221 816 4276; x_wconf 92' lang='lat' dir='ltr'><strong>in</strong></span> <span class='ocrx_word' id='word_1_513' title='bbox 848 4229 1048 4276; x_wconf 88' lang='lat' dir='ltr'><strong>terram</strong></span> <span class='ocrx_word' id='word_1_514' title='bbox 1081 4221 1300 4276; x_wconf 88' lang='lat' dir='ltr'><strong>redacta</strong></span> <span class='ocrx_word' id='word_1_515' title='bbox 1332 4221 1387 4276; x_wconf 90' lang='lat' dir='ltr'><strong>in</strong></span> <span class='ocrx_word' id='word_1_516' title='bbox 1423 4222 1708 4292; x_wconf 88' lang='lat' dir='ltr'><strong>pristinam</strong></span> <span class='ocrx_word' id='word_1_517' title='bbox 1741 4224 1996 4278; x_wconf 86' lang='lat' dir='ltr'><strong>duritiem</strong></span> <span class='ocrx_word' id='word_1_518' title='bbox 2034 4233 2087 4278; x_wconf 85' lang='lat' dir='ltr'><strong>et</strong></span> 
     </span>
    </p>
   </div>
   <div class='ocr_carea' id='block_1_72' title="bbox 509 4311 2087 4382">
    <p class='ocr_par' dir='ltr' id='par_1_72' title="bbox 509 4311 2087 4382">
     <span class='ocr_line' id='line_1_72' title="bbox 509 4311 2087 4382; baseline 0 -14"><span class='ocrx_word' id='word_1_519' title='bbox 509 4314 782 4368; x_wconf 85' lang='lat' dir='ltr'><strong>levitatem</strong></span> <span class='ocrx_word' id='word_1_520' title='bbox 823 4311 1246 4382; x_wconf 84' lang='lat' dir='ltr'><strong>compingantur</strong></span> <span class='ocrx_word' id='word_1_521' title='bbox 1298 4331 1310 4366; x_wconf 89' lang='lat'>:</span> <span class='ocrx_word' id='word_1_522' title='bbox 1361 4314 1511 4366; x_wconf 89' lang='lat' dir='ltr'><strong>unita</strong></span> <span class='ocrx_word' id='word_1_523' title='bbox 1547 4329 1678 4367; x_wconf 84' lang='lat' dir='ltr'><strong>vero</strong></span> <span class='ocrx_word' id='word_1_524' title='bbox 1709 4329 1773 4367; x_wconf 81' lang='lat' dir='ltr'><strong>ex</strong></span> <span class='ocrx_word' id='word_1_525' title='bbox 1819 4314 1934 4382; x_wconf 91' lang='lat' dir='ltr'><strong>ipsa</strong></span> <span class='ocrx_word' id='word_1_526' title='bbox 1978 4314 2087 4368; x_wconf 79' lang='lat' dir='ltr'><strong>fra-</strong></span> 
     </span>
    </p>
   </div>
   <div class='ocr_carea' id='block_1_73' title="bbox 507 4403 2081 4476">
    <p class='ocr_par' dir='ltr' id='par_1_73' title="bbox 507 4403 2081 4476">
     <span class='ocr_line' id='line_1_73' title="bbox 507 4403 2081 4476; baseline 0.002 -19"><span class='ocrx_word' id='word_1_527' title='bbox 507 4403 690 4458; x_wconf 88' lang='lat' dir='ltr'><strong>ctione</strong></span> <span class='ocrx_word' id='word_1_528' title='bbox 715 4419 908 4458; x_wconf 90' lang='lat' dir='ltr'><strong>rursus</strong></span> <span class='ocrx_word' id='word_1_529' title='bbox 929 4403 984 4457; x_wconf 92' lang='lat' dir='ltr'><strong>in</strong></span> <span class='ocrx_word' id='word_1_530' title='bbox 1015 4410 1195 4472; x_wconf 87' lang='lat' dir='ltr'><strong>aptam</strong></span> <span class='ocrx_word' id='word_1_531' title='bbox 1241 4412 1294 4457; x_wconf 87' lang='lat' dir='ltr'><strong>et</strong></span> <span class='ocrx_word' id='word_1_532' title='bbox 1320 4405 1731 4460; x_wconf 85' lang='lat' dir='ltr'><strong>convenientem</strong></span> <span class='ocrx_word' id='word_1_533' title='bbox 1763 4420 2081 4476; x_wconf 84' lang='lat' dir='ltr'><strong>compagem</strong></span> 
     </span>
    </p>
   </div>
   <div class='ocr_carea' id='block_1_74' title="bbox 508 4493 2079 4562">
    <p class='ocr_par' dir='ltr' id='par_1_74' title="bbox 508 4493 2079 4562">
     <span class='ocr_line' id='line_1_74' title="bbox 508 4493 2079 4562; baseline -0.001 -13"><span class='ocrx_word' id='word_1_534' title='bbox 508 4502 565 4550; x_wconf 86' lang='lat' dir='ltr'><strong>et</strong></span> <span class='ocrx_word' id='word_1_535' title='bbox 599 4494 903 4549; x_wconf 86' lang='lat' dir='ltr'><strong>naturalem</strong></span> <span class='ocrx_word' id='word_1_536' title='bbox 934 4502 1128 4549; x_wconf 88' lang='lat' dir='ltr'><strong>coeant</strong></span> <span class='ocrx_word' id='word_1_537' title='bbox 1162 4493 1478 4562; x_wconf 89' lang='lat' dir='ltr'><strong>juncturam</strong></span> <span class='ocrx_word' id='word_1_538' title='bbox 1523 4504 1576 4550; x_wconf 92' lang='lat' dir='ltr'><strong>et</strong></span> <span class='ocrx_word' id='word_1_539' title='bbox 1622 4496 2079 4562; x_wconf 86' lang='lat' dir='ltr'><strong>commissuram;</strong></span> 
     </span>
    </p>
   </div>
   <div class='ocr_carea' id='block_1_75' title="bbox 511 4586 2082 4656">
    <p class='ocr_par' dir='ltr' id='par_1_75' title="bbox 511 4586 2082 4656">
     <span class='ocr_line' id='line_1_75' title="bbox 511 4586 2082 4656; baseline 0 -16"><span class='ocrx_word' id='word_1_540' title='bbox 511 4601 690 4656; x_wconf 89' lang='lat' dir='ltr'><strong>neque</strong></span> <span class='ocrx_word' id='word_1_541' title='bbox 717 4601 847 4641; x_wconf 86' lang='lat' dir='ltr'><strong>vero</strong></span> <span class='ocrx_word' id='word_1_542' title='bbox 876 4586 1072 4641; x_wconf 88' lang='lat' dir='ltr'><strong>deinde</strong></span> <span class='ocrx_word' id='word_1_543' title='bbox 1099 4586 1568 4642; x_wconf 86' lang='lat' dir='ltr'><strong>animadverteres</strong></span> <span class='ocrx_word' id='word_1_544' title='bbox 1621 4589 1870 4641; x_wconf 87' lang='lat' dir='ltr'><strong>carniqu</strong></span> <span class='ocrx_word' id='word_1_545' title='bbox 1907 4589 2082 4643; x_wconf 91' lang='lat' dir='ltr'><strong>obdu-</strong></span> 
     </span>
    </p>
   </div>
   <div class='ocr_carea' id='block_1_76' title="bbox 508 4675 2082 4746">
    <p class='ocr_par' dir='ltr' id='par_1_76' title="bbox 508 4675 2082 4746">
     <span class='ocr_line' id='line_1_76' title="bbox 508 4675 2082 4746; baseline 0.003 -16"><span class='ocrx_word' id='word_1_546' title='bbox 508 4675 772 4739; x_wconf 89' lang='lat' dir='ltr'><strong>ctionem,</strong></span> <span class='ocrx_word' id='word_1_547' title='bbox 795 4683 849 4731; x_wconf 92' lang='lat' dir='ltr'><strong>et</strong></span> <span class='ocrx_word' id='word_1_548' title='bbox 878 4690 1169 4730; x_wconf 89' lang='lat' dir='ltr'><strong>nervorum</strong></span> <span class='ocrx_word' id='word_1_549' title='bbox 1201 4675 1496 4746; x_wconf 87' lang='lat' dir='ltr'><strong>productas</strong></span> <span class='ocrx_word' id='word_1_550' title='bbox 1521 4678 1957 4745; x_wconf 82' lang='lat' dir='ltr'><strong>conjunctiones,</strong></span> <span class='ocrx_word' id='word_1_551' title='bbox 1991 4695 2082 4734; x_wconf 88' lang='lat' dir='ltr'><strong>ve-</strong></span> 
     </span>
    </p>
   </div>
   <div class='ocr_carea' id='block_1_77' title="bbox 509 4768 2086 4839">
    <p class='ocr_par' dir='ltr' id='par_1_77' title="bbox 509 4768 2086 4839">
     <span class='ocr_line' id='line_1_77' title="bbox 509 4768 2086 4839; baseline 0.002 -15"><span class='ocrx_word' id='word_1_552' title='bbox 509 4784 707 4824; x_wconf 90' lang='lat' dir='ltr'><strong>narum</strong></span> <span class='ocrx_word' id='word_1_553' title='bbox 745 4768 1185 4839; x_wconf 90' lang='lat' dir='ltr'><strong>arteriarumque</strong></span> <span class='ocrx_word' id='word_1_554' title='bbox 1235 4775 1430 4824; x_wconf 88' lang='lat' dir='ltr'><strong>tenues</strong></span> <span class='ocrx_word' id='word_1_555' title='bbox 1479 4776 1534 4823; x_wconf 91' lang='lat' dir='ltr'><strong>et</strong></span> <span class='ocrx_word' id='word_1_556' title='bbox 1581 4769 1752 4825; x_wconf 82' lang='lat' dir='ltr'><strong>exiles</strong></span> <span class='ocrx_word' id='word_1_557' title='bbox 1783 4769 2003 4836; x_wconf 90' lang='lat' dir='ltr'><strong>ductus,</strong></span> <span class='ocrx_word' id='word_1_558' title='bbox 2032 4781 2086 4827; x_wconf 84' lang='lat' dir='ltr'><strong>et</strong></span> 
     </span>
    </p>
   </div>
   <div class='ocr_carea' id='block_1_78' title="bbox 509 4859 2085 4931">
    <p class='ocr_par' dir='ltr' id='par_1_78' title="bbox 509 4859 2085 4931">
     <span class='ocr_line' id='line_1_78' title="bbox 509 4859 2085 4931; baseline 0.002 -16"><span class='ocrx_word' id='word_1_559' title='bbox 509 4861 668 4931; x_wconf 86' lang='lat' dir='ltr'><strong>quasi</strong></span> <span class='ocrx_word' id='word_1_560' title='bbox 703 4859 888 4915; x_wconf 86' lang='lat' dir='ltr'><strong>alveos</strong></span> <span class='ocrx_word' id='word_1_561' title='bbox 917 4860 1020 4914; x_wconf 90' lang='lat' dir='ltr'><strong>sub</strong></span> <span class='ocrx_word' id='word_1_562' title='bbox 1073 4871 1198 4915; x_wconf 91' lang='lat' dir='ltr'><strong>cute</strong></span> <span class='ocrx_word' id='word_1_563' title='bbox 1234 4861 1568 4930; x_wconf 79' lang='lat' dir='ltr'><strong>explicatos;</strong></span> <span class='ocrx_word' id='word_1_564' title='bbox 1628 4861 1934 4916; x_wconf 89' lang='lat' dir='ltr'><strong>animarum</strong></span> <span class='ocrx_word' id='word_1_565' title='bbox 1969 4863 2085 4918; x_wconf 89' lang='lat' dir='ltr'><strong>iuc-</strong></span> 
     </span>
    </p>
   </div>
   <div class='ocr_carea' id='block_1_79' title="bbox 506 4949 2086 5009">
    <p class='ocr_par' dir='ltr' id='par_1_79' title="bbox 506 4949 2086 5009">
     <span class='ocr_line' id='line_1_79' title="bbox 506 4949 2086 5009; baseline 0.002 -3"><span class='ocrx_word' id='word_1_566' title='bbox 506 4950 871 5006; x_wconf 87' lang='lat' dir='ltr'><strong>narrabilium</strong></span> <span class='ocrx_word' id='word_1_567' title='bbox 923 4957 979 5004; x_wconf 90' lang='lat' dir='ltr'><strong>et</strong></span> <span class='ocrx_word' id='word_1_568' title='bbox 1030 4949 1512 5005; x_wconf 89' lang='lat' dir='ltr'><strong>innumerabilium</strong></span> <span class='ocrx_word' id='word_1_569' title='bbox 1566 4951 1968 5007; x_wconf 90' lang='lat' dir='ltr'><strong>multitudinem</strong></span> <span class='ocrx_word' id='word_1_570' title='bbox 2019 4969 2086 5009; x_wconf 85' lang='lat' dir='ltr'><strong>ex</strong></span> 
     </span>
    </p>
   </div>
   <div class='ocr_carea' id='block_1_80' title="bbox 509 5039 2087 5114">
    <p class='ocr_par' dir='ltr' id='par_1_80' title="bbox 509 5039 2087 5114">
     <span class='ocr_line' id='line_1_80' title="bbox 509 5039 2087 5114; baseline 0.003 -20"><span class='ocrx_word' id='word_1_571' title='bbox 509 5040 730 5097; x_wconf 89' lang='lat' dir='ltr'><strong>arcanis</strong></span> <span class='ocrx_word' id='word_1_572' title='bbox 784 5040 1113 5110; x_wconf 87' lang='lat' dir='ltr'><strong>quibusdam</strong></span> <span class='ocrx_word' id='word_1_573' title='bbox 1150 5039 1583 5095; x_wconf 88' lang='lat' dir='ltr'><strong>habitationibus</strong></span> <span class='ocrx_word' id='word_1_574' title='bbox 1614 5041 1964 5114; x_wconf 87' lang='lat' dir='ltr'><strong>(evolantem)</strong></span> <span class='ocrx_word' id='word_1_575' title='bbox 1996 5061 2087 5098; x_wconf 82' lang='lat' dir='ltr'><strong>ea-</strong></span> 
     </span>
    </p>
   </div>
   <div class='ocr_carea' id='block_1_81' title="bbox 508 5142 2086 5204">
    <p class='ocr_par' dir='ltr' id='par_1_81' title="bbox 508 5142 2086 5204">
     <span class='ocr_line' id='line_1_81' title="bbox 508 5142 2086 5204; baseline 0.001 -16"><span class='ocrx_word' id='word_1_576' title='bbox 508 5147 741 5202; x_wconf 88' lang='lat' dir='ltr'><strong>rumque</strong></span> <span class='ocrx_word' id='word_1_577' title='bbox 768 5147 1212 5202; x_wconf 88' lang='lat' dir='ltr'><strong>unamquamque</strong></span> <span class='ocrx_word' id='word_1_578' title='bbox 1252 5147 1413 5187; x_wconf 88' lang='lat' dir='ltr'><strong>suum</strong></span> <span class='ocrx_word' id='word_1_579' title='bbox 1470 5147 1668 5201; x_wconf 91' lang='lat' dir='ltr'><strong>corpus</strong></span> <span class='ocrx_word' id='word_1_580' title='bbox 1703 5142 1959 5204; x_wconf 88' lang='lat' dir='ltr'><strong>tanquam</strong></span> <span class='ocrx_word' id='word_1_581' title='bbox 1998 5150 2086 5189; x_wconf 84' lang='lat' dir='ltr'><strong>vc-</strong></span> 
     </span>
    </p>
   </div>
   <div class='ocr_carea' id='block_1_82' title="bbox 507 5224 2084 5294">
    <p class='ocr_par' dir='ltr' id='par_1_82' title="bbox 507 5224 2084 5294">
     <span class='ocr_line' id='line_1_82' title="bbox 507 5224 2084 5294; baseline 0.002 -15"><span class='ocrx_word' id='word_1_582' title='bbox 507 5232 648 5280; x_wconf 88' lang='lat' dir='ltr'><strong>stem</strong></span> <span class='ocrx_word' id='word_1_583' title='bbox 678 5224 1006 5294; x_wconf 87' lang='lat' dir='ltr'><strong>peculiarem</strong></span> <span class='ocrx_word' id='word_1_584' title='bbox 1070 5232 1479 5294; x_wconf 85' lang='lat' dir='ltr'><strong>agnoscentem,</strong></span> <span class='ocrx_word' id='word_1_585' title='bbox 1539 5231 1593 5279; x_wconf 87' lang='lat' dir='ltr'><strong>et</strong></span> <span class='ocrx_word' id='word_1_586' title='bbox 1648 5225 1704 5280; x_wconf 91' lang='lat' dir='ltr'><strong>in</strong></span> <span class='ocrx_word' id='word_1_587' title='bbox 1739 5226 1842 5281; x_wconf 88' lang='lat' dir='ltr'><strong>hoc</strong></span> <span class='ocrx_word' id='word_1_588' title='bbox 1890 5242 2084 5282; x_wconf 90' lang='lat' dir='ltr'><strong>rursus</strong></span> 
     </span>
    </p>
   </div>
   <div class='ocr_carea' id='block_1_83' title="bbox 509 5315 2081 5385">
    <p class='ocr_par' dir='ltr' id='par_1_83' title="bbox 509 5315 2081 5385">
     <span class='ocr_line' id='line_1_83' title="bbox 509 5315 2081 5385; baseline 0.001 -15"><span class='ocrx_word' id='word_1_589' title='bbox 509 5315 767 5371; x_wconf 89' lang='lat' dir='ltr'><strong>celeriter</strong></span> <span class='ocrx_word' id='word_1_590' title='bbox 806 5315 1223 5380; x_wconf 85' lang='lat' dir='ltr'><strong>inhabitantem,</strong></span> <span class='ocrx_word' id='word_1_591' title='bbox 1285 5325 1544 5385; x_wconf 84' lang='lat' dir='ltr'><strong>certoque</strong></span> <span class='ocrx_word' id='word_1_592' title='bbox 1570 5316 1890 5374; x_wconf 89' lang='lat' dir='ltr'><strong>discrimine</strong></span> <span class='ocrx_word' id='word_1_593' title='bbox 1923 5328 2081 5373; x_wconf 88' lang='lat' dir='ltr'><strong>uten-</strong></span> 
     </span>
    </p>
   </div>
   <div class='ocr_carea' id='block_1_84' title="bbox 510 5407 2080 5480">
    <p class='ocr_par' dir='ltr' id='par_1_84' title="bbox 510 5407 2080 5480">
     <span class='ocr_line' id='line_1_84' title="bbox 510 5407 2080 5480; baseline 0.003 -20"><span class='ocrx_word' id='word_1_594' title='bbox 510 5414 622 5462; x_wconf 88' lang='lat' dir='ltr'><strong>tem</strong></span> <span class='ocrx_word' id='word_1_595' title='bbox 677 5407 731 5461; x_wconf 89' lang='lat' dir='ltr'><strong>in</strong></span> <span class='ocrx_word' id='word_1_596' title='bbox 780 5412 931 5459; x_wconf 84' lang='lat' dir='ltr'><strong>tanta</strong></span> <span class='ocrx_word' id='word_1_597' title='bbox 965 5407 1311 5462; x_wconf 90' lang='lat' dir='ltr'><strong>multitudine</strong></span> <span class='ocrx_word' id='word_1_598' title='bbox 1334 5408 1623 5477; x_wconf 86' lang='lat' dir='ltr'><strong>spirituum</strong></span> <span class='ocrx_word' id='word_1_599' title='bbox 1671 5410 1886 5480; x_wconf 86' lang='lat' dir='ltr'><strong>generis</strong></span> <span class='ocrx_word' id='word_1_600' title='bbox 1929 5409 2080 5479; x_wconf 85' lang='lat' dir='ltr'><strong>ejus-</strong></span> 
     </span>
    </p>
   </div>
   <div class='ocr_carea' id='block_1_85' title="bbox 512 5495 2081 5568">
    <p class='ocr_par' dir='ltr' id='par_1_85' title="bbox 512 5495 2081 5568">
     <span class='ocr_line' id='line_1_85' title="bbox 512 5495 2081 5568; baseline 0.005 -17"><span class='ocrx_word' id='word_1_601' title='bbox 512 5496 656 5552; x_wconf 90' lang='lat' dir='ltr'><strong>dem.</strong></span> <span class='ocrx_word' id='word_1_602' title='bbox 707 5495 896 5568; x_wconf 83' lang='lat' dir='ltr'><strong>Cogita</strong></span> <span class='ocrx_word' id='word_1_603' title='bbox 933 5497 1079 5552; x_wconf 90' lang='lat' dir='ltr'><strong>enim</strong></span> <span class='ocrx_word' id='word_1_604' title='bbox 1132 5497 1203 5553; x_wconf 85' lang='lat' dir='ltr'><strong>ab</strong></span> <span class='ocrx_word' id='word_1_605' title='bbox 1247 5497 1421 5554; x_wconf 84' lang='lat' dir='ltr'><strong>Adam</strong></span> <span class='ocrx_word' id='word_1_606' title='bbox 1471 5500 1705 5566; x_wconf 85' lang='lat' dir='ltr'><strong>animas,</strong></span> <span class='ocrx_word' id='word_1_607' title='bbox 1760 5508 1814 5556; x_wconf 90' lang='lat' dir='ltr'><strong>et</strong></span> <span class='ocrx_word' id='word_1_608' title='bbox 1858 5502 1927 5557; x_wconf 88' lang='lat' dir='ltr'><strong>ab</strong></span> <span class='ocrx_word' id='word_1_609' title='bbox 1988 5503 2081 5560; x_wconf 91' lang='lat' dir='ltr'><strong>illo</strong></span> 
     </span>
    </p>
   </div>
   <div class='ocr_carea' id='block_1_86' title="bbox 587 5673 1825 5735">
    <p class='ocr_par' dir='ltr' id='par_1_86' title="bbox 587 5673 1825 5735">
     <span class='ocr_line' id='line_1_86' title="bbox 587 5673 1825 5735; baseline 0.002 -5"><span class='ocrx_word' id='word_1_610' title='bbox 587 5673 650 5730; x_wconf 73' lang='lat'><strong>‘1</strong></span> <span class='ocrx_word' id='word_1_611' title='bbox 679 5675 805 5732; x_wconf 86' lang='lat' dir='ltr'><strong>Cor.</strong></span> <span class='ocrx_word' id='word_1_612' title='bbox 840 5692 926 5734; x_wconf 72' lang='lat' dir='ltr'><strong>xv.</strong></span> <span class='ocrx_word' id='word_1_613' title='bbox 955 5677 1042 5732; x_wconf 70' lang='grc'><strong>52.</strong></span> <span class='ocrx_word' id='word_1_614' title='bbox 1122 5681 1141 5710; x_wconf 78' lang='grc'>⁸</span> <span class='ocrx_word' id='word_1_615' title='bbox 1169 5676 1278 5733; x_wconf 85' lang='lat' dir='ltr'><strong>ibid</strong></span> <span class='ocrx_word' id='word_1_616' title='bbox 1316 5731 1320 5735; x_wconf 83' lang='lat'><strong><em>_</em></strong></span> <span class='ocrx_word' id='word_1_617' title='bbox 1355 5679 1440 5734; x_wconf 76' lang='grc'><strong>10.</strong></span> <span class='ocrx_word' id='word_1_618' title='bbox 1521 5680 1540 5712; x_wconf 74' lang='grc'>⁸</span> <span class='ocrx_word' id='word_1_619' title='bbox 1568 5678 1699 5735; x_wconf 90' lang='lat' dir='ltr'><strong>ibid.</strong></span> <span class='ocrx_word' id='word_1_620' title='bbox 1739 5678 1825 5734; x_wconf 80' lang='lat'><strong>52.</strong></span> 
     </span>
    </p>
   </div>
   <div class='ocr_carea' id='block_1_87' title="bbox 2186 3125 3759 3212">
    <p class='ocr_par' dir='ltr' id='par_1_87' title="bbox 2186 3125 3759 3212">
     <span class='ocr_line' id='line_1_87' title="bbox 2186 3125 3759 3212; baseline -0.011 -17"><span class='ocrx_word' id='word_1_621' title='bbox 2186 3140 2402 3212; x_wconf 79' lang='grc' dir='ltr'>ρομένῳ</span> <span class='ocrx_word' id='word_1_622' title='bbox 2460 3127 2536 3208; x_wconf 82' lang='grc' dir='ltr'>τῷ</span> <span class='ocrx_word' id='word_1_623' title='bbox 2587 3134 2860 3206; x_wconf 83' lang='grc' dir='ltr'>ἀνθρώπῳ</span> <span class='ocrx_word' id='word_1_624' title='bbox 2920 3131 3415 3201; x_wconf 74' lang='grc' dir='ltr'>συναναστήσεταιο</span> <span class='ocrx_word' id='word_1_625' title='bbox 3475 3125 3570 3181; x_wconf 73' lang='grc' dir='ltr'>καὶ</span> <span class='ocrx_word' id='word_1_626' title='bbox 3628 3126 3759 3196; x_wconf 78' lang='grc' dir='ltr'>ὅπερ</span> 
     </span>
    </p>
   </div>
   <div class='ocr_carea' id='block_1_88' title="bbox 2184 3216 3759 3298">
    <p class='ocr_par' dir='ltr' id='par_1_88' title="bbox 2184 3216 3759 3298">
     <span class='ocr_line' id='line_1_88' title="bbox 2184 3216 3759 3298; baseline -0.01 -15"><span class='ocrx_word' id='word_1_627' title='bbox 2184 3228 2427 3298; x_wconf 79' lang='grc' dir='ltr'>διέφλεξε</span> <span class='ocrx_word' id='word_1_628' title='bbox 2465 3227 2596 3297; x_wconf 85' lang='grc' dir='ltr'>πῦρ,</span> <span class='ocrx_word' id='word_1_629' title='bbox 2635 3224 2729 3278; x_wconf 79' lang='grc' dir='ltr'>καὶ</span> <span class='ocrx_word' id='word_1_630' title='bbox 2781 3221 2998 3293; x_wconf 82' lang='grc' dir='ltr'>σκώληξ</span> <span class='ocrx_word' id='word_1_631' title='bbox 3026 3223 3081 3276; x_wconf 84' lang='grc' dir='ltr'><strong>έν</strong></span> <span class='ocrx_word' id='word_1_632' title='bbox 3107 3219 3299 3289; x_wconf 84' lang='grc' dir='ltr'>τάφοις</span> <span class='ocrx_word' id='word_1_633' title='bbox 3332 3216 3759 3285; x_wconf 86' lang='grc' dir='ltr'>κατεδαπάνησε,</span> 
     </span>
    </p>
   </div>
   <div class='ocr_carea' id='block_1_89' title="bbox 2187 3308 3761 3386">
    <p class='ocr_par' dir='ltr' id='par_1_89' title="bbox 2187 3308 3761 3386">
     <span class='ocr_line' id='line_1_89' title="bbox 2187 3308 3761 3386; baseline -0.008 -11"><span class='ocrx_word' id='word_1_634' title='bbox 2187 3322 2282 3374; x_wconf 59' lang='grc' dir='ltr'><strong>καὶ⁵</strong></span> <span class='ocrx_word' id='word_1_635' title='bbox 2308 3319 2496 3382; x_wconf 83' lang='grc' dir='ltr'>ἁπλῶς</span> <span class='ocrx_word' id='word_1_636' title='bbox 2526 3317 2703 3373; x_wconf 85' lang='grc' dir='ltr'>πάντα</span> <span class='ocrx_word' id='word_1_637' title='bbox 2728 3317 2797 3370; x_wconf 88' lang='grc' dir='ltr'><strong>τά</strong></span> <span class='ocrx_word' id='word_1_638' title='bbox 2829 3315 3054 3386; x_wconf 85' lang='grc' dir='ltr'>σώματα</span> <span class='ocrx_word' id='word_1_639' title='bbox 3074 3352 3090 3378; x_wconf 89' lang='grc'><strong>,</strong></span> <span class='ocrx_word' id='word_1_640' title='bbox 3119 3314 3218 3366; x_wconf 85' lang='grc' dir='ltr'>ὅσα</span> <span class='ocrx_word' id='word_1_641' title='bbox 3254 3310 3390 3381; x_wconf 87' lang='grc' dir='ltr'>μετὰ</span> <span class='ocrx_word' id='word_1_642' title='bbox 3422 3308 3520 3380; x_wconf 82' lang='grc' dir='ltr'>τὴν</span> <span class='ocrx_word' id='word_1_643' title='bbox 3552 3309 3761 3377; x_wconf 82' lang='grc' dir='ltr'>γένεσιν</span> 
     </span>
    </p>
   </div>
   <div class='ocr_carea' id='block_1_90' title="bbox 2185 3401 3759 3481">
    <p class='ocr_par' dir='ltr' id='par_1_90' title="bbox 2185 3401 3759 3481">
     <span class='ocr_line' id='line_1_90' title="bbox 2185 3401 3759 3481; baseline -0.009 -15"><span class='ocrx_word' id='word_1_644' title='bbox 2185 3412 2447 3481; x_wconf 75' lang='grc' dir='ltr'>ἠφάνισεν</span> <span class='ocrx_word' id='word_1_645' title='bbox 2474 3411 2507 3481; x_wconf 84' lang='grc' dir='ltr'>ὴ</span> <span class='ocrx_word' id='word_1_646' title='bbox 2529 3403 2724 3480; x_wconf 82' lang='grc' dir='ltr'>φθὸρά,</span> <span class='ocrx_word' id='word_1_647' title='bbox 2740 3407 2999 3476; x_wconf 84' lang='grc' dir='ltr'>ἀνελλιπῆ</span> <span class='ocrx_word' id='word_1_648' title='bbox 3017 3406 3113 3459; x_wconf 82' lang='grc' dir='ltr'>καὶ</span> <span class='ocrx_word' id='word_1_649' title='bbox 3133 3403 3364 3474; x_wconf 83' lang='grc' dir='ltr'>ἀκέραια</span> <span class='ocrx_word' id='word_1_650' title='bbox 3395 3401 3674 3471; x_wconf 82' lang='grc' dir='ltr'>δοθήσεται</span> <span class='ocrx_word' id='word_1_651' title='bbox 3697 3401 3759 3453; x_wconf 74' lang='grc' dir='ltr'><strong>ἐκ</strong></span> 
     </span>
    </p>
   </div>
   <div class='ocr_carea' id='block_1_91' title="bbox 2185 3487 3761 3572">
    <p class='ocr_par' dir='ltr' id='par_1_91' title="bbox 2185 3487 3761 3572">
     <span class='ocr_line' id='line_1_91' title="bbox 2185 3487 3761 3572; baseline -0.01 -16"><span class='ocrx_word' id='word_1_652' title='bbox 2185 3502 2285 3571; x_wconf 83' lang='grc' dir='ltr'>τῆς</span> <span class='ocrx_word' id='word_1_653' title='bbox 2315 3502 2550 3572; x_wconf 68' lang='grc' dir='ltr'>γῆς,ζκαὶ</span> <span class='ocrx_word' id='word_1_654' title='bbox 2581 3501 2656 3564; x_wconf 87' lang='grc' dir='ltr'>ὡς</span> <span class='ocrx_word' id='word_1_655' title='bbox 2693 3498 2902 3562; x_wconf 78' lang='grc' dir='ltr'>Παῦλος</span> <span class='ocrx_word' id='word_1_656' title='bbox 2931 3496 3192 3560; x_wconf 83' lang='grc' dir='ltr'>διδάσκει,</span> <span class='ocrx_word' id='word_1_657' title='bbox 3223 3495 3278 3546; x_wconf 83' lang='grc' dir='ltr'><strong>ὲν</strong></span> <span class='ocrx_word' id='word_1_658' title='bbox 3309 3493 3448 3562; x_wconf 78' lang='grc' dir='ltr'>ῥοπῇ</span> <span class='ocrx_word' id='word_1_659' title='bbox 3482 3487 3761 3559; x_wconf 77' lang='grc' dir='ltr'>ὀφθαλμοῦ</span> 
     </span>
    </p>
   </div>
   <div class='ocr_carea' id='block_1_92' title="bbox 2185 3579 3764 3662">
    <p class='ocr_par' dir='ltr' id='par_1_92' title="bbox 2185 3579 3764 3662">
     <span class='ocr_line' id='line_1_92' title="bbox 2185 3579 3764 3662; baseline -0.01 -15"><span class='ocrx_word' id='word_1_660' title='bbox 2185 3592 2570 3662; x_wconf 84' lang='grc' dir='ltr'>τελεσθήσεται</span> <span class='ocrx_word' id='word_1_661' title='bbox 2596 3593 2628 3662; x_wconf 81' lang='grc' dir='ltr'>ἡ</span> <span class='ocrx_word' id='word_1_662' title='bbox 2661 3590 2976 3651; x_wconf 90' lang='grc' dir='ltr'>ἀνάστασις.</span> <span class='ocrx_word' id='word_1_663' title='bbox 3021 3585 3190 3656; x_wconf 84' lang='grc' dir='ltr'>Ῥοπὴ</span> <span class='ocrx_word' id='word_1_664' title='bbox 3229 3583 3286 3636; x_wconf 77' lang='grc' dir='ltr'>δὲ</span> <span class='ocrx_word' id='word_1_665' title='bbox 3314 3581 3616 3652; x_wconf 80' lang='grc' dir='ltr'>ὀφθαλμοῦ,</span> <span class='ocrx_word' id='word_1_666' title='bbox 3641 3579 3764 3632; x_wconf 84' lang='grc' dir='ltr'>ὲπί-</span> 
     </span>
    </p>
   </div>
   <div class='ocr_carea' id='block_1_93' title="bbox 2191 3672 3764 3756">
    <p class='ocr_par' dir='ltr' id='par_1_93' title="bbox 2191 3672 3764 3756">
     <span class='ocr_line' id='line_1_93' title="bbox 2191 3672 3764 3756; baseline -0.01 -17"><span class='ocrx_word' id='word_1_667' title='bbox 2191 3703 2352 3756; x_wconf 89' lang='grc' dir='ltr'>μυσις</span> <span class='ocrx_word' id='word_1_668' title='bbox 2401 3683 2686 3755; x_wconf 80' lang='grc' dir='ltr'>βλεφάρων</span> <span class='ocrx_word' id='word_1_669' title='bbox 2737 3682 2874 3736; x_wconf 81' lang='grc' dir='ltr'>ὲστί.</span> <span class='ocrx_word' id='word_1_670' title='bbox 2924 3680 3033 3734; x_wconf 74' lang='grc' dir='ltr'>Καὶ</span> <span class='ocrx_word' id='word_1_671' title='bbox 3081 3677 3267 3732; x_wconf 88' lang='grc' dir='ltr'>τούτου</span> <span class='ocrx_word' id='word_1_672' title='bbox 3301 3674 3396 3728; x_wconf 89' lang='grc' dir='ltr'><strong>τοῦ</strong></span> <span class='ocrx_word' id='word_1_673' title='bbox 3433 3675 3630 3744; x_wconf 84' lang='grc' dir='ltr'>τάχους</span> <span class='ocrx_word' id='word_1_674' title='bbox 3665 3672 3764 3725; x_wconf 84' lang='grc' dir='ltr'><strong>ούκ</strong></span> 
     </span>
    </p>
   </div>
   <div class='ocr_carea' id='block_1_94' title="bbox 2189 3761 3764 3844">
    <p class='ocr_par' dir='ltr' id='par_1_94' title="bbox 2189 3761 3764 3844">
     <span class='ocr_line' id='line_1_94' title="bbox 2189 3761 3764 3844; baseline -0.01 -16"><span class='ocrx_word' id='word_1_675' title='bbox 2189 3774 2254 3828; x_wconf 87' lang='grc' dir='ltr'>ἂν</span> <span class='ocrx_word' id='word_1_676' title='bbox 2289 3775 2474 3844; x_wconf 73' lang='grc' dir='ltr'>ἕτερον</span> <span class='ocrx_word' id='word_1_677' title='bbox 2517 3773 2769 3844; x_wconf 80' lang='grc' dir='ltr'>ὀξύτερον</span> <span class='ocrx_word' id='word_1_678' title='bbox 2800 3771 3009 3840; x_wconf 89' lang='grc' dir='ltr'>γένοιτο</span> <span class='ocrx_word' id='word_1_679' title='bbox 3029 3784 3043 3798; x_wconf 87' lang='lat'><strong><em>°</em></strong></span> <span class='ocrx_word' id='word_1_680' title='bbox 3083 3767 3204 3821; x_wconf 74' lang='grc' dir='ltr'>οὐδὲ</span> <span class='ocrx_word' id='word_1_681' title='bbox 3235 3763 3595 3836; x_wconf 84' lang='grc' dir='ltr'>ἀνθρωπικῶς</span> <span class='ocrx_word' id='word_1_682' title='bbox 3625 3761 3764 3816; x_wconf 84' lang='grc' dir='ltr'><strong>κατά</strong></span> 
     </span>
    </p>
   </div>
   <div class='ocr_carea' id='block_1_95' title="bbox 2187 3854 3764 3937">
    <p class='ocr_par' dir='ltr' id='par_1_95' title="bbox 2187 3854 3764 3937">
     <span class='ocr_line' id='line_1_95' title="bbox 2187 3854 3764 3937; baseline -0.009 -18"><span class='ocrx_word' id='word_1_683' title='bbox 2187 3865 2284 3937; x_wconf 86' lang='grc' dir='ltr'>τὴν</span> <span class='ocrx_word' id='word_1_684' title='bbox 2321 3864 2550 3928; x_wconf 80' lang='grc' dir='ltr'>δύναμιν</span> <span class='ocrx_word' id='word_1_685' title='bbox 2585 3864 2685 3934; x_wconf 83' lang='grc' dir='ltr'>τὴν</span> <span class='ocrx_word' id='word_1_686' title='bbox 2729 3861 2930 3916; x_wconf 79' lang='grc' dir='ltr'>σαυτοῦ</span> <span class='ocrx_word' id='word_1_687' title='bbox 2965 3857 3332 3929; x_wconf 72' lang='grc' dir='ltr'>λογιζόμενος,</span> <span class='ocrx_word' id='word_1_688' title='bbox 3365 3856 3506 3909; x_wconf 90' lang='grc' dir='ltr'>πόσα</span> <span class='ocrx_word' id='word_1_689' title='bbox 3543 3854 3764 3924; x_wconf 86' lang='grc' dir='ltr'>διαστή-</span> 
     </span>
    </p>
   </div>
   <div class='ocr_carea' id='block_1_96' title="bbox 2192 3945 3762 4028">
    <p class='ocr_par' dir='ltr' id='par_1_96' title="bbox 2192 3945 3762 4028">
     <span class='ocr_line' id='line_1_96' title="bbox 2192 3945 3762 4028; baseline -0.01 -17"><span class='ocrx_word' id='word_1_690' title='bbox 2192 3973 2338 4028; x_wconf 88' lang='grc' dir='ltr'>ματα</span> <span class='ocrx_word' id='word_1_691' title='bbox 2380 3956 2586 4027; x_wconf 86' lang='grc' dir='ltr'>χρόνων</span> <span class='ocrx_word' id='word_1_692' title='bbox 2614 3955 2934 4026; x_wconf 85' lang='grc' dir='ltr'>διαγράφεις</span> <span class='ocrx_word' id='word_1_693' title='bbox 2971 3953 3029 4005; x_wconf 79' lang='grc' dir='ltr'><strong>ὲν</strong></span> <span class='ocrx_word' id='word_1_694' title='bbox 3067 3953 3133 4022; x_wconf 81' lang='grc' dir='ltr'>τῇ</span> <span class='ocrx_word' id='word_1_695' title='bbox 3177 3949 3322 4020; x_wconf 75' lang='grc' dir='ltr'>ψυχῇ</span> <span class='ocrx_word' id='word_1_696' title='bbox 3355 3965 3483 4002; x_wconf 86' lang='grc' dir='ltr'>σου·</span> <span class='ocrx_word' id='word_1_697' title='bbox 3524 3945 3762 4017; x_wconf 86' lang='grc' dir='ltr'>πρῶτον,</span> 
     </span>
    </p>
   </div>
   <div class='ocr_carea' id='block_1_97' title="bbox 2188 4033 3764 4106">
    <p class='ocr_par' dir='ltr' id='par_1_97' title="bbox 2188 4033 3764 4106">
     <span class='ocr_line' id='line_1_97' title="bbox 2188 4033 3764 4106; baseline -0.01 -7"><span class='ocrx_word' id='word_1_698' title='bbox 2188 4048 2275 4101; x_wconf 81' lang='grc' dir='ltr'>ἵνα</span> <span class='ocrx_word' id='word_1_699' title='bbox 2302 4047 2370 4100; x_wconf 85' lang='grc' dir='ltr'>τὰ</span> <span class='ocrx_word' id='word_1_700' title='bbox 2405 4045 2738 4098; x_wconf 85' lang='grc' dir='ltr'>διασαπέντα</span> <span class='ocrx_word' id='word_1_701' title='bbox 2767 4043 2874 4097; x_wconf 89' lang='grc' dir='ltr'><strong>τῶν</strong></span> <span class='ocrx_word' id='word_1_702' title='bbox 2900 4041 3100 4095; x_wconf 86' lang='grc' dir='ltr'>ὀστέων</span> <span class='ocrx_word' id='word_1_703' title='bbox 3141 4041 3232 4094; x_wconf 75' lang='grc' dir='ltr'><strong>καὶ</strong></span> <span class='ocrx_word' id='word_1_704' title='bbox 3264 4036 3540 4106; x_wconf 83' lang='grc' dir='ltr'>γεωθέντα</span> <span class='ocrx_word' id='word_1_705' title='bbox 3567 4037 3645 4098; x_wconf 81' lang='grc' dir='ltr'><strong>είς</strong></span> <span class='ocrx_word' id='word_1_706' title='bbox 3669 4033 3764 4105; x_wconf 78' lang='grc' dir='ltr'>τὴν</span> 
     </span>
    </p>
   </div>
   <div class='ocr_carea' id='block_1_98' title="bbox 2190 4128 3765 4209">
    <p class='ocr_par' dir='ltr' id='par_1_98' title="bbox 2190 4128 3765 4209">
     <span class='ocr_line' id='line_1_98' title="bbox 2190 4128 3765 4209; baseline -0.008 -18"><span class='ocrx_word' id='word_1_707' title='bbox 2190 4138 2530 4209; x_wconf 84' lang='grc' dir='ltr'>σκληρότητα</span> <span class='ocrx_word' id='word_1_708' title='bbox 2553 4136 2645 4190; x_wconf 75' lang='grc' dir='ltr'>καὶ</span> <span class='ocrx_word' id='word_1_709' title='bbox 2661 4136 2909 4206; x_wconf 87' lang='grc' dir='ltr'>λειότητα</span> <span class='ocrx_word' id='word_1_710' title='bbox 2923 4134 3205 4204; x_wconf 83' lang='grc' dir='ltr'>συμπαγῇ,</span> <span class='ocrx_word' id='word_1_711' title='bbox 3231 4129 3501 4184; x_wconf 84' lang='grc' dir='ltr'>ένωθέντα</span> <span class='ocrx_word' id='word_1_712' title='bbox 3516 4128 3571 4182; x_wconf 79' lang='grc' dir='ltr'><strong>δὲ</strong></span> <span class='ocrx_word' id='word_1_713' title='bbox 3589 4131 3651 4182; x_wconf 83' lang='grc' dir='ltr'><strong>ἐκ</strong></span> <span class='ocrx_word' id='word_1_714' title='bbox 3668 4128 3765 4196; x_wconf 83' lang='grc' dir='ltr'>τῆς</span> 
     </span>
    </p>
   </div>
   <div class='ocr_carea' id='block_1_99' title="bbox 2135 4216 3766 4300">
    <p class='ocr_par' dir='ltr' id='par_1_99' title="bbox 2135 4216 3766 4300">
     <span class='ocr_line' id='line_1_99' title="bbox 2135 4216 3766 4300; baseline -0.011 -13"><span class='ocrx_word' id='word_1_715' title='bbox 2135 4281 2143 4288; x_wconf 92' lang='grc'><strong>.</strong></span> <span class='ocrx_word' id='word_1_716' title='bbox 2189 4229 2437 4300; x_wconf 73' lang='grc' dir='ltr'>θρύψεως</span> <span class='ocrx_word' id='word_1_717' title='bbox 2461 4227 2624 4282; x_wconf 88' lang='grc' dir='ltr'>πάλιν</span> <span class='ocrx_word' id='word_1_718' title='bbox 2651 4230 2729 4291; x_wconf 81' lang='grc' dir='ltr'><strong>εἰς</strong></span> <span class='ocrx_word' id='word_1_719' title='bbox 2746 4225 2951 4299; x_wconf 79' lang='grc' dir='ltr'>ῥυθμὸν</span> <span class='ocrx_word' id='word_1_720' title='bbox 2982 4223 3272 4296; x_wconf 83' lang='grc' dir='ltr'>ἁρμονίας,</span> <span class='ocrx_word' id='word_1_721' title='bbox 3297 4222 3387 4275; x_wconf 77' lang='grc' dir='ltr'><strong>καὶ</strong></span> <span class='ocrx_word' id='word_1_722' title='bbox 3409 4220 3506 4291; x_wconf 79' lang='grc' dir='ltr'>τὴν</span> <span class='ocrx_word' id='word_1_723' title='bbox 3532 4216 3766 4289; x_wconf 82' lang='grc' dir='ltr'>φυσικὴν</span> 
     </span>
    </p>
   </div>
   <div class='ocr_carea' id='block_1_100' title="bbox 2191 4310 3767 4397">
    <p class='ocr_par' dir='ltr' id='par_1_100' title="bbox 2191 4310 3767 4393">
     <span class='ocr_line' id='line_1_100' title="bbox 2191 4310 3767 4393; baseline -0.006 -20"><span class='ocrx_word' id='word_1_724' title='bbox 2191 4320 2421 4393; x_wconf 82' lang='grc' dir='ltr'>συνέλθῃ</span> <span class='ocrx_word' id='word_1_725' title='bbox 2465 4320 2777 4388; x_wconf 87' lang='grc' dir='ltr'>συνάφειαν.</span> <span class='ocrx_word' id='word_1_726' title='bbox 2824 4313 2958 4371; x_wconf 81' lang='grc' dir='ltr'>Εἶτα</span> <span class='ocrx_word' id='word_1_727' title='bbox 3005 4316 3242 4378; x_wconf 79' lang='grc' dir='ltr'>ἐπινοεῖς</span> <span class='ocrx_word' id='word_1_728' title='bbox 3269 4313 3368 4385; x_wconf 81' lang='grc' dir='ltr'><strong>τὴν</strong></span> <span class='ocrx_word' id='word_1_729' title='bbox 3401 4313 3509 4366; x_wconf 86' lang='grc' dir='ltr'><strong>τῶν</strong></span> <span class='ocrx_word' id='word_1_730' title='bbox 3550 4310 3767 4382; x_wconf 81' lang='grc' dir='ltr'>σαρκῶν</span> 
     </span>
    </p>
   </div>
   <div class='ocr_carea' id='block_1_101' title="bbox 2191 4402 3765 4478">
    <p class='ocr_par' dir='ltr' id='par_1_101' title="bbox 2191 4402 3765 4478">
     <span class='ocr_line' id='line_1_101' title="bbox 2191 4402 3765 4478; baseline -0.005 -18"><span class='ocrx_word' id='word_1_731' title='bbox 2191 4408 2538 4478; x_wconf 89' lang='grc' dir='ltr'>περίπλασιν.</span> <span class='ocrx_word' id='word_1_732' title='bbox 2601 4408 2691 4461; x_wconf 77' lang='grc' dir='ltr'><strong>καὶ</strong></span> <span class='ocrx_word' id='word_1_733' title='bbox 2740 4405 2946 4476; x_wconf 89' lang='grc' dir='ltr'>νεύρων</span> <span class='ocrx_word' id='word_1_734' title='bbox 3002 4403 3413 4474; x_wconf 85' lang='grc' dir='ltr'>ἀποτεταμένας</span> <span class='ocrx_word' id='word_1_735' title='bbox 3461 4402 3765 4464; x_wconf 84' lang='grc' dir='ltr'>συνδέσεις,</span> 
     </span>
    </p>
   </div>
   <div class='ocr_carea' id='block_1_102' title="bbox 2191 4492 3768 4568">
    <p class='ocr_par' dir='ltr' id='par_1_102' title="bbox 2191 4492 3768 4568">
     <span class='ocr_line' id='line_1_102' title="bbox 2191 4492 3768 4568; baseline -0.004 -18"><span class='ocrx_word' id='word_1_736' title='bbox 2191 4497 2286 4551; x_wconf 60' lang='grc' dir='ltr'><strong>κοιλ⁹</strong></span> <span class='ocrx_word' id='word_1_737' title='bbox 2348 4497 2559 4568; x_wconf 80' lang='grc' dir='ltr'>φλεϐῶν</span> <span class='ocrx_word' id='word_1_738' title='bbox 2613 4498 2706 4549; x_wconf 75' lang='grc' dir='ltr'>καὶ</span> <span class='ocrx_word' id='word_1_739' title='bbox 2769 4495 3045 4566; x_wconf 86' lang='grc' dir='ltr'>ἀρτηριῶν</span> <span class='ocrx_word' id='word_1_740' title='bbox 3107 4494 3336 4558; x_wconf 76' lang='grc' dir='ltr'>λεπτοὺς</span> <span class='ocrx_word' id='word_1_741' title='bbox 3389 4493 3608 4563; x_wconf 75' lang='grc' dir='ltr'>ὀχετοὺς</span> <span class='ocrx_word' id='word_1_742' title='bbox 3663 4492 3768 4559; x_wconf 73' lang='grc' dir='ltr'>ὑφ-</span> 
     </span>
    </p>
   </div>
   <div class='ocr_carea' id='block_1_103' title="bbox 2191 4582 3767 4661">
    <p class='ocr_par' dir='ltr' id='par_1_103' title="bbox 2191 4582 3767 4661">
     <span class='ocr_line' id='line_1_103' title="bbox 2191 4582 3767 4661; baseline -0.006 -18"><span class='ocrx_word' id='word_1_743' title='bbox 2191 4590 2546 4661; x_wconf 86' lang='grc' dir='ltr'>ηπλωμένους</span> <span class='ocrx_word' id='word_1_744' title='bbox 2586 4590 2665 4660; x_wconf 81' lang='grc' dir='ltr'><strong>τῷ</strong></span> <span class='ocrx_word' id='word_1_745' title='bbox 2717 4589 2970 4660; x_wconf 85' lang='grc' dir='ltr'>δέρματι·</span> <span class='ocrx_word' id='word_1_746' title='bbox 3019 4586 3206 4657; x_wconf 68' lang='grc' dir='ltr'>ψυχῶν</span> <span class='ocrx_word' id='word_1_747' title='bbox 3251 4587 3308 4639; x_wconf 78' lang='grc' dir='ltr'>δὲ</span> <span class='ocrx_word' id='word_1_748' title='bbox 3360 4585 3638 4656; x_wconf 85' lang='grc' dir='ltr'>ἀμύθητον</span> <span class='ocrx_word' id='word_1_749' title='bbox 3672 4582 3767 4637; x_wconf 72' lang='grc' dir='ltr'><strong>καὶ</strong></span> 
     </span>
    </p>
   </div>
   <div class='ocr_carea' id='block_1_104' title="bbox 2190 4678 3762 4753">
    <p class='ocr_par' dir='ltr' id='par_1_104' title="bbox 2190 4678 3762 4753">
     <span class='ocr_line' id='line_1_104' title="bbox 2190 4678 3762 4753; baseline -0.005 -18"><span class='ocrx_word' id='word_1_750' title='bbox 2190 4681 2560 4753; x_wconf 71' lang='grc' dir='ltr'>ἀναρίθμητον</span> <span class='ocrx_word' id='word_1_751' title='bbox 2592 4680 2791 4751; x_wconf 81' lang='grc' dir='ltr'>πλῆθος</span> <span class='ocrx_word' id='word_1_752' title='bbox 2822 4679 2884 4732; x_wconf 84' lang='grc' dir='ltr'>ἔκ</span> <span class='ocrx_word' id='word_1_753' title='bbox 2916 4695 3076 4731; x_wconf 83' lang='grc' dir='ltr'>τινων</span> <span class='ocrx_word' id='word_1_754' title='bbox 3109 4678 3433 4749; x_wconf 74' lang='grc' dir='ltr'>ἀπορρήτων</span> <span class='ocrx_word' id='word_1_755' title='bbox 3461 4678 3762 4746; x_wconf 81' lang='grc' dir='ltr'>οἰκήσεων·</span> 
     </span>
    </p>
   </div>
   <div class='ocr_carea' id='block_1_105' title="bbox 2185 4762 3768 4841">
    <p class='ocr_par' dir='ltr' id='par_1_105' title="bbox 2185 4762 3768 4841">
     <span class='ocr_line' id='line_1_105' title="bbox 2185 4762 3768 4841; baseline -0.005 -18"><span class='ocrx_word' id='word_1_756' title='bbox 2185 4769 2556 4841; x_wconf 83' lang='grc' dir='ltr'>γνωρίζουσαν</span> <span class='ocrx_word' id='word_1_757' title='bbox 2596 4769 2652 4822; x_wconf 79' lang='grc' dir='ltr'>δὲ</span> <span class='ocrx_word' id='word_1_758' title='bbox 2708 4770 2942 4840; x_wconf 77' lang='grc' dir='ltr'>ἑκάστην</span> <span class='ocrx_word' id='word_1_759' title='bbox 2981 4767 3056 4831; x_wconf 83' lang='grc' dir='ltr'><strong>ὡς</strong></span> <span class='ocrx_word' id='word_1_760' title='bbox 3109 4767 3321 4837; x_wconf 88' lang='grc' dir='ltr'>ἱμάτιον</span> <span class='ocrx_word' id='word_1_761' title='bbox 3373 4765 3651 4834; x_wconf 79' lang='grc' dir='ltr'>ἐξαίρετον</span> <span class='ocrx_word' id='word_1_762' title='bbox 3705 4762 3768 4816; x_wconf 85' lang='grc' dir='ltr'><strong>τὸ</strong></span> 
     </span>
    </p>
   </div>
   <div class='ocr_carea' id='block_1_106' title="bbox 2186 4857 3764 4934">
    <p class='ocr_par' dir='ltr' id='par_1_106' title="bbox 2186 4857 3764 4934">
     <span class='ocr_line' id='line_1_106' title="bbox 2186 4857 3764 4934; baseline -0.004 -17"><span class='ocrx_word' id='word_1_763' title='bbox 2186 4865 2315 4918; x_wconf 73' lang='grc' dir='ltr'>[διον</span> <span class='ocrx_word' id='word_1_764' title='bbox 2369 4863 2565 4934; x_wconf 88' lang='grc' dir='ltr'>σῶμα,</span> <span class='ocrx_word' id='word_1_765' title='bbox 2618 4861 2712 4914; x_wconf 77' lang='grc' dir='ltr'><strong>καὶ</strong></span> <span class='ocrx_word' id='word_1_766' title='bbox 2769 4860 2943 4931; x_wconf 82' lang='grc' dir='ltr'>τούτῳ</span> <span class='ocrx_word' id='word_1_767' title='bbox 3004 4861 3164 4915; x_wconf 84' lang='grc' dir='ltr'>πάλιν</span> <span class='ocrx_word' id='word_1_768' title='bbox 3210 4857 3522 4912; x_wconf 72' lang='grc' dir='ltr'>ἐνοικοῦσαν</span> <span class='ocrx_word' id='word_1_769' title='bbox 3574 4857 3764 4923; x_wconf 80' lang='grc' dir='ltr'>ὀξέως.</span> 
     </span>
    </p>
   </div>
   <div class='ocr_carea' id='block_1_107' title="bbox 2185 4949 3770 5027">
    <p class='ocr_par' dir='ltr' id='par_1_107' title="bbox 2185 4949 3770 5027">
     <span class='ocr_line' id='line_1_107' title="bbox 2185 4949 3770 5027; baseline -0.006 -16"><span class='ocrx_word' id='word_1_770' title='bbox 2185 4957 2401 5027; x_wconf 84' lang='grc' dir='ltr'>ἀπλανῆ</span> <span class='ocrx_word' id='word_1_771' title='bbox 2439 4957 2495 5009; x_wconf 85' lang='grc' dir='ltr'>δὲ</span> <span class='ocrx_word' id='word_1_772' title='bbox 2521 4955 2744 5026; x_wconf 81' lang='grc' dir='ltr'>ἔχουσαν</span> <span class='ocrx_word' id='word_1_773' title='bbox 2793 4953 2890 5025; x_wconf 85' lang='grc' dir='ltr'>τὴν</span> <span class='ocrx_word' id='word_1_774' title='bbox 2939 4953 3208 5025; x_wconf 81' lang='grc' dir='ltr'>διάκρισιν</span> <span class='ocrx_word' id='word_1_775' title='bbox 3236 4951 3376 5005; x_wconf 85' lang='grc' dir='ltr'><strong>κατά</strong></span> <span class='ocrx_word' id='word_1_776' title='bbox 3409 4949 3650 5020; x_wconf 84' lang='grc' dir='ltr'>πλήθους</span> <span class='ocrx_word' id='word_1_777' title='bbox 3682 4967 3770 5002; x_wconf 70' lang='grc' dir='ltr'>του</span> 
     </span>
    </p>
   </div>
   <div class='ocr_carea' id='block_1_108' title="bbox 2189 5041 3770 5118">
    <p class='ocr_par' dir='ltr' id='par_1_108' title="bbox 2189 5041 3770 5118">
     <span class='ocr_line' id='line_1_108' title="bbox 2189 5041 3770 5118; baseline -0.006 -16"><span class='ocrx_word' id='word_1_778' title='bbox 2189 5049 2378 5102; x_wconf 88' lang='grc' dir='ltr'>σούτου</span> <span class='ocrx_word' id='word_1_779' title='bbox 2425 5047 2709 5118; x_wconf 76' lang='grc' dir='ltr'>ὁμοφύλων</span> <span class='ocrx_word' id='word_1_780' title='bbox 2766 5046 3112 5114; x_wconf 82' lang='grc' dir='ltr'>πνευμάτων.</span> <span class='ocrx_word' id='word_1_781' title='bbox 3177 5044 3455 5114; x_wconf 79' lang='grc' dir='ltr'>Ἐννόησον</span> <span class='ocrx_word' id='word_1_782' title='bbox 3506 5043 3616 5113; x_wconf 77' lang='grc' dir='ltr'><strong>γὰρ</strong></span> <span class='ocrx_word' id='word_1_783' title='bbox 3671 5041 3770 5102; x_wconf 81' lang='grc' dir='ltr'><strong>τάς</strong></span> 
     </span>
    </p>
   </div>
   <div class='ocr_carea' id='block_1_109' title="bbox 2194 5132 3767 5210">
    <p class='ocr_par' dir='ltr' id='par_1_109' title="bbox 2194 5132 3767 5210">
     <span class='ocr_line' id='line_1_109' title="bbox 2194 5132 3767 5210; baseline -0.006 -17"><span class='ocrx_word' id='word_1_784' title='bbox 2194 5140 2301 5194; x_wconf 81' lang='grc' dir='ltr'><strong>ἀπὸ</strong></span> <span class='ocrx_word' id='word_1_785' title='bbox 2343 5139 2510 5210; x_wconf 78' lang='grc' dir='ltr'>’Λδὰμ</span> <span class='ocrx_word' id='word_1_786' title='bbox 2531 5138 2727 5208; x_wconf 73' lang='grc' dir='ltr'>ψυχὰς,</span> <span class='ocrx_word' id='word_1_787' title='bbox 2755 5139 2847 5191; x_wconf 69' lang='grc' dir='ltr'>καὶ</span> <span class='ocrx_word' id='word_1_788' title='bbox 2868 5138 2936 5191; x_wconf 78' lang='grc' dir='ltr'>τὰ</span> <span class='ocrx_word' id='word_1_789' title='bbox 2957 5138 3049 5190; x_wconf 80' lang='grc' dir='ltr'>ἀπ’</span> <span class='ocrx_word' id='word_1_790' title='bbox 3071 5137 3276 5189; x_wconf 79' lang='grc' dir='ltr'>ἐκείνου</span> <span class='ocrx_word' id='word_1_791' title='bbox 3308 5135 3533 5200; x_wconf 81' lang='grc' dir='ltr'>σώματα</span> <span class='ocrx_word' id='word_1_792' title='bbox 3561 5132 3767 5200; x_wconf 81' lang='grc' dir='ltr'>πλῆθος</span> 
     </span>
    </p>
   </div>
   <div class='ocr_carea' id='block_1_110' title="bbox 2190 5224 3768 5295">
    <p class='ocr_par' dir='ltr' id='par_1_110' title="bbox 2190 5224 3768 5295">
     <span class='ocr_line' id='line_1_110' title="bbox 2190 5224 3768 5295; baseline -0.006 -11"><span class='ocrx_word' id='word_1_793' title='bbox 2190 5231 2458 5285; x_wconf 84' lang='grc' dir='ltr'>τοσούτων</span> <span class='ocrx_word' id='word_1_794' title='bbox 2485 5232 2669 5284; x_wconf 87' lang='grc' dir='ltr'>οἰκιῶν</span> <span class='ocrx_word' id='word_1_795' title='bbox 2692 5230 2972 5295; x_wconf 87' lang='grc' dir='ltr'>λυθεισῶν,</span> <span class='ocrx_word' id='word_1_796' title='bbox 3019 5229 3111 5282; x_wconf 69' lang='grc' dir='ltr'>καὶ</span> <span class='ocrx_word' id='word_1_797' title='bbox 3143 5224 3534 5280; x_wconf 82' lang='grc' dir='ltr'>οἰκοδεσποτῶν</span> <span class='ocrx_word' id='word_1_798' title='bbox 3566 5225 3630 5277; x_wconf 80' lang='grc' dir='ltr'>ἐκ</span> <span class='ocrx_word' id='word_1_799' title='bbox 3665 5239 3768 5292; x_wconf 84' lang='grc' dir='ltr'>μα·</span> 
     </span>
    </p>
   </div>
   <div class='ocr_carea' id='block_1_111' title="bbox 2188 5315 3766 5393">
    <p class='ocr_par' dir='ltr' id='par_1_111' title="bbox 2188 5315 3766 5393">
     <span class='ocr_line' id='line_1_111' title="bbox 2188 5315 3766 5393; baseline -0.007 -18"><span class='ocrx_word' id='word_1_800' title='bbox 2188 5323 2326 5393; x_wconf 81' lang='grc' dir='ltr'>κρᾶς</span> <span class='ocrx_word' id='word_1_801' title='bbox 2354 5323 2452 5392; x_wconf 84' lang='grc' dir='ltr'>τῆς</span> <span class='ocrx_word' id='word_1_802' title='bbox 2473 5322 2778 5393; x_wconf 84' lang='grc' dir='ltr'>ἀποδημίας</span> <span class='ocrx_word' id='word_1_803' title='bbox 2803 5318 3269 5392; x_wconf 85' lang='grc' dir='ltr'>ύποστρεφὸντων,</span> <span class='ocrx_word' id='word_1_804' title='bbox 3297 5317 3470 5370; x_wconf 82' lang='grc' dir='ltr'>πάντα</span> <span class='ocrx_word' id='word_1_805' title='bbox 3500 5315 3556 5368; x_wconf 76' lang='grc' dir='ltr'>δὲ</span> <span class='ocrx_word' id='word_1_806' title='bbox 3587 5329 3766 5384; x_wconf 84' lang='grc' dir='ltr'>παρα-</span> 
     </span>
    </p>
   </div>
   <div class='ocr_carea' id='block_1_112' title="bbox 2186 5403 3765 5482">
    <p class='ocr_par' dir='ltr' id='par_1_112' title="bbox 2186 5403 3765 5482">
     <span class='ocr_line' id='line_1_112' title="bbox 2186 5403 3765 5482; baseline -0.007 -15"><span class='ocrx_word' id='word_1_807' title='bbox 2186 5413 2353 5480; x_wconf 82' lang='grc' dir='ltr'>δόξως</span> <span class='ocrx_word' id='word_1_808' title='bbox 2407 5413 2737 5482; x_wconf 86' lang='grc' dir='ltr'>τελούμενα·</span> <span class='ocrx_word' id='word_1_809' title='bbox 2798 5411 2922 5465; x_wconf 77' lang='grc' dir='ltr'>οὕτε</span> <span class='ocrx_word' id='word_1_810' title='bbox 2981 5411 3088 5482; x_wconf 77' lang='grc' dir='ltr'>γάρ</span> <span class='ocrx_word' id='word_1_811' title='bbox 3165 5409 3309 5462; x_wconf 86' lang='grc' dir='ltr'>οἰκία</span> <span class='ocrx_word' id='word_1_812' title='bbox 3361 5403 3765 5475; x_wconf 70' lang='grc' dir='ltr'>ἀνακτιζομένη</span> 
     </span>
    </p>
   </div>
   <div class='ocr_carea' id='block_1_113' title="bbox 2194 5490 3769 5576">
    <p class='ocr_par' dir='ltr' id='par_1_113' title="bbox 2194 5490 3769 5576">
     <span class='ocr_line' id='line_1_113' title="bbox 2194 5490 3769 5576; baseline -0.009 -17"><span class='ocrx_word' id='word_1_813' title='bbox 2194 5503 2462 5576; x_wconf 85' lang='grc' dir='ltr'>βραδύνει,</span> <span class='ocrx_word' id='word_1_814' title='bbox 2493 5502 2614 5557; x_wconf 76' lang='grc' dir='ltr'>οὔτε</span> <span class='ocrx_word' id='word_1_815' title='bbox 2646 5506 2674 5558; x_wconf 88' lang='grc' dir='ltr'><strong>ό</strong></span> <span class='ocrx_word' id='word_1_816' title='bbox 2702 5502 2906 5567; x_wconf 82' lang='grc' dir='ltr'>ἕνοικος</span> <span class='ocrx_word' id='word_1_817' title='bbox 2939 5500 3204 5556; x_wconf 79' lang='grc' dir='ltr'>πλανᾶται</span> <span class='ocrx_word' id='word_1_818' title='bbox 3232 5497 3326 5555; x_wconf 74' lang='grc' dir='ltr'><strong>καὶ</strong></span> <span class='ocrx_word' id='word_1_819' title='bbox 3361 5495 3636 5568; x_wconf 81' lang='grc' dir='ltr'>θυραυλεϊ,</span> <span class='ocrx_word' id='word_1_820' title='bbox 3665 5490 3769 5562; x_wconf 81' lang='grc' dir='ltr'><strong>ζη-</strong></span> 
     </span>
    </p>
   </div>
  </div>
