4084 6158
375 239 471 295 661

1277 243 1340 296 l.\'
1370 245 1644 304 CHRISTI
1684 212 2315 313 nesrnnacnonsu
2346 259 2554 317 onar.
2595 261 2681 316 ιιι.

3509 261 3614 317 662

372 352 480 405 τῶν
659 351 728 405 τὰ
775 352 882 406 ἴδια
925 355 1018 407 καὶ
1063 355 1344 427 ἐξαίρετα·
1381 360 1541 422 εὐθὺς
1573 361 1629 415 δὲ
1660 363 1747 415 ἐπ’
1778 363 1943 434 αὐτὴν

2050 381 2220 437 usque
2261 387 2492 442 corpora
2543 381 2618 429 tot
2651 388 2879 429 numero
2907 372 3159 428 domibus
3196 372 3390 426 solutis
3415 387 3479 427 ac
3516 374 3613 427 de-

370 443 564 512 χωρεῖ,
584 441 716 495 ὡσεὶ
735 445 1030 515 περιστερά
1044 447 1180 518 πρὸς
1201 448 1290 502 τὸν
1309 449 1438 504 ἴδιον
1453 451 1680 522 πύργον,
1703 454 1806 506 κᾶν
1829 454 1947 506 πολ·

376 535 460 588 λοὶ
482 535 578 587 καὶ
603 536 844 604 συνεχεῖς
873 539 998 608 περὶ
1017 538 1108 592 τὸν
1135 540 1297 609 αὐτὸν
1316 541 1480 596 τόπον
1499 536 1634 597 ὦσιν
1666 544 1734 598 δι’
1749 545 1948 614 ὁμοίων

377 627 674 696 σχημάτων
716 627 1106 698 ὲκλάμποντες.
1153 630 1321 686 Πόθεν
1370 633 1594 706 πάλινή
1645 635 1950 706 ἀνάμνησις

377 715 471 768 καὶ
497 717 526 768 ό
558 716 918 788 ἀναλογισμὸς
947 718 1040 772 τοῦ
1072 721 1336 794 προτέρου
1383 722 1520 794 βίου,
1568 726 1662 778 καὶ
1714 726 1950 794 ἑκάστης

378 805 628 876 πράξεως
655 805 852 870 ἔννοια,
900 807 1073 874 οὕτως
1116 811 1282 880 ὀξέως
1330 815 1836 888 ωναπαρτιζομένη
1870 816 1948 887 τῷ

378 894 504 966 ζώῳ
551 897 655 968 πρὸ
697 898 966 954 τοσούτων
1017 901 1228 972 αίὼνων
1276 904 1609 973 διαλυθέντι;
1644 907 1839 962 Καίτοι
1883 924 1946 977 γε

377 989 474 1042 καὶ
515 989 577 1055 ιε
615 989 782 1044 ὕπνου
825 991 1106 1065 ἄνθρωπος
1151 996 1464 1068 ἀνεγερθεὶς
1509 998 1828 1074 βαθυτέρου,
1861 1002 1947 1055 ἐπ’

375 1078 555 1149 ὀλίγον
590 1081 775 1148 ἀγνοεῖ
817 1082 964 1147 ὅστις
1010 1084 1127 1138 ἐστὶ
1174 1088 1268 1140 καὶ
1295 1088 1415 1143 ὅποι
1465 1089 1670 1159 διάγει,
1722 1091 1948 1145 καὶτῶν

377 1169 624 1240 συνήθων
662 1173 1093 1242 ἐπιλανθάνεται,
1126 1177 1318 1249 μέχρις
1347 1179 1412 1233 ἂν
1437 1182 1470 1252 ἠ
1495 1183 1822 1255 ἐγρήγορσις
1848 1184 1947 1256 τὴν

376 1260 583 1331 νάρκην
635 1262 1050 1322 ἀποσκεδάσασα
1067 1306 1084 1334 ,
1139 1271 1300 1327 πάλιν
1345 1273 1408 1327 τὸ
1463 1277 1797 1347 μνημονικὸν
1853 1280 1947 1333 καὶ

375 1351 596 1420 Ξνεργὲς
632 1353 1055 1429 ἀναζωπυρήσῃ.
1108 1359 1294 1415 Ταῦτα
1339 1365 1434 1418 κα)⁵
1473 1365 1543 1420 τὰ
1567 1367 1790 1422 τοιαῦτα
1821 1370 1947 1433 τοὺς

374 1439 666 1530 λογισμοὺς
701 1444 809 1498 τῶν
837 1446 1047 1502 πολλῶν
1075 1449 1442 1522 ὑποτρέχοντα
1469 1454 1743 1526 θαύματος
1775 1457 1946 1530 ὑπερ-

374 1524 661 1598 ϐάλλοντος
704 1534 904 1609 πληροῖ
944 1539 1044 1610 τὴν
1086 1541 1344 1609 διάνοιαν,
1389 1524 1698 1616 ωνεισάγει
1746 1549 1803 1602 δὲ
1845 1524 1946 1621 τῆν

375 1621 634 1676 ἀπιστίαν
664 1623 742 1694 τῷ
770 1625 1026 1698 θαύματι.
1070 1630 1286 1703 Ἐπειδὴ
1319 1633 1426 1705 γὰρ
1456 1636 1486 1690 ὁ
1512 1635 1636 1700 νοῦς
1675 1637 1770 1708 οὐχ
1799 1640 1946 1710 εὑρί-

2049 461 2235 524 sertis,
2263 463 2620 534 patribusque
2646 463 2880 520 familias
2913 479 2977 518 ex
3011 463 3169 533 longa
3189 462 3346 532 quasi
3378 470 3619 532 peregri-

2048 549 2273 604 natione
2317 554 2739 619 revertentibus,
2771 570 2944 624 eaque
3003 555 3185 609 omnia
3217 551 3399 622 perfici
3445 552 3617 606 admi-

2049 639 2289 696 rabiliter
2317 649 2371 697 et
2407 650 2561 698 extra
2591 659 2930 700 communem
2979 653 3195 714 captum
3231 661 3244 697 :
3275 657 3449 711 neque
3471 644 3615 696 enim

2048 729 2132 782 vel
2159 729 2356 787 domus
2385 731 2539 788 tarde
2565 744 2857 788 renovatur
2888 743 2942 788 et
2991 733 3355 796 instauratur,
3414 732 3495 785 vel
3531 732 3614 784 in-

2049 819 2168 872 cola
2199 819 2436 886 oberrat,
2467 837 2532 877 ac
2562 823 2716 892 quasi
2739 826 2842 879 sub
2879 822 2971 878 dio
2999 831 3201 887 manet,
3232 824 3360 876 dum
3394 820 3614 892 propria

2049 925 2112 965 ac
2141 913 2434 981 peculiaria
2469 915 2685 983 quaerit,
2723 914 2818 970 sed
2855 916 3100 985 protinus
3149 914 3215 969 ad
3273 929 3392 968 eam
3420 911 3612 973 tendit,

2049 1013 2306 1074 tanquam
2331 1005 2583 1061 columba
2631 1006 2699 1061 ad
2755 1020 2908 1062 suam
2939 1006 3154 1070 turrim,
3187 1006 3399 1060 etiamsi
3435 1004 3615 1058 multa:

2048 1101 2212 1164 atque
2240 1095 2550 1166 frequentes
2572 1097 2718 1152 circa
2762 1098 3008 1152 eumdem
3057 1097 3233 1151 locum
3283 1096 3482 1151 fuerint
3514 1097 3610 1150 iis-

2049 1183 2171 1237 dem
2230 1185 2374 1240 notis
2418 1184 2680 1256 insignes.
2743 1183 2900 1240 Unde
2954 1199 3150 1240 rursus
3204 1184 3510 1239 recordatio
3559 1192 3612 1238 et

2049 1274 2252 1344 prioris
2283 1275 2408 1330 vita:
2441 1276 2704 1346 expensio
2757 1277 3199 1345 retractatioque,
3231 1284 3392 1344 atque
3427 1275 3613 1344 cujus-

2048 1380 2155 1434 que
2182 1367 2414 1423 actionis
2435 1367 2718 1438 cogitatio,
2745 1383 2867 1438 quae
2899 1369 3034 1422 adeo
3067 1365 3312 1421 celeriter
3351 1379 3457 1418 una
3488 1381 3609 1420 cum

2047 1456 2270 1512 animali
2301 1466 2428 1513 ante
2467 1466 2547 1513 tot
2587 1458 2786 1514 saecula
2823 1457 3090 1513 dissoluto
3123 1455 3423 1512 absolvitur
3452 1467 3612 1524 atque

2048 1547 2552 1617 perﬁciturYAtqui
2589 1548 2670 1604 vel
2697 1564 2762 1604 ex
2806 1562 2998 1603 somno
3041 1544 3610 1617 profundioriexcita—

2050 1645 2138 1692 tus
2167 1639 2330 1692 homo
2374 1636 2650 1707 paulisper
2699 1636 2910 1707 ignorat
2941 1633 3034 1704 qui
3083 1633 3174 1697 sit,
3207 1637 3261 1685 et
3293 1630 3384 1685 ubi
3419 1628 3610 1698 degat;

381 1725 500 1801 σκει
545 1714 1076 1788 τῶνάπορουμένων
1122 1723 1214 1775 καὶ¹
1246 1697 1590 1795 ξητούμένων
1614 1697 1940 1801 ’τῆν”λύσιιὴ

2050 1727 2490 1798 familiarumque
2523 1734 2578 1782 et
2614 1733 3003 1782 consuetarum
3039 1737 3222 1777 rerum
3244 1719 3608 1782 obliviscitur,

372 1800 496 1853 οὐδὲ
518 1800 740 1857 δύναται
778 1804 876 1876 τὴν
917 1807 1106 1862 ἑαυτοῦ
1155 1800 1694 1886 πολυπραγμοσύνην
1720 1819 1942 1889 εὑρήσει

374 1890 466 1943 καὶ
495 1892 784 1946 καταλύσει
814 1899 1286 1967 προσαναπαῦσαι,
1319 1906 1486 1975 χωρεῖ
1527 1906 1662 1977 πρὸς
1685 1909 1944 1966 ἀπιστίαν

373 1984 559 2038 λοιπὸν
601 1987 659 2038 ὲν
680 1988 745 2056 τῇ
770 1987 1021 2062 ἀσθενείᾳ
1048 1991 1156 2046 τῶν
1181 1994 1323 2048 ἰδίων
1345 1995 1641 2068 λογισμῶν,
1666 2001 1943 2056 ἐκϐάλλων

375 2076 469 2128 καὶ
500 2076 706 2132 ἀθετῶν
737 2079 834 2152 τὴν
880 2080 988 2135 τῶν
1026 2084 1365 2154 πραγμάτων
1406 2087 1684 2162 ἀλήθειαν.
1726 2092 1942 2147 Μᾶλλον

371 2164 429 2217 δὲ
456 2167 643 2239 ἐπειδὴ
671 2169 774 2240 ὁδῷ
823 2173 1130 2242 προϐαίνων
1179 2177 1206 2229 ὁ
1239 2175 1394 2246 λόγος
1420 2180 1556 2250 πρὸς
1598 2180 1658 2234 τὸ
1702 2184 1942 2254 συνεχῶς

374 2257 700 2331 λαλούμενον
724 2263 948 2334 ἀφίκετο
972 2265 1190 2339 ζήτημα
1206 2309 1222 2334 ,
1265 2271 1476 2341 καὶτῆς
1511 2273 1789 2345 παρούσης
1818 2277 1943 2347 ἑορ-

371 2350 475 2420 τῆς
513 2353 768 2418 ὑπόθεσις
804 2357 979 2412 οίκεία
1017 2358 1110 2412 καὶ
1147 2361 1440 2433 συγγενὴς,
1474 2364 1604 2434 φέρε
1633 2367 1824 2438 μικρὸν
1861 2369 1955 2431 είς,

373 2441 548 2513 ἀρχὴν
577 2445 890 2514 πρέπουσαν
919 2449 1282 2518 ἀναγαγόντες
1309 2451 1370 2505 τὺ
1396 2457 1774 2523 προκείμενον,
1807 2459 1942 2528 πλη-

375 2532 635 2603 ροφορίαν
677 2535 973 2607 ἐμποιῆσαι
1026 2541 1372 2613 πειραθῶμεν
1413 2547 1525 2609 τοῖς
1555 2547 1690 2617 πρὸς
1720 2548 1789 2601 τὰ
1837 2567 1938 2618 φα-

373 2621 508 2710 νερά
540 2623 722 2689 κακῶς
745 2626 1195 2696 ἀμφιϐάλλουσιν.
1243 2631 1300 2686 '0
1324 2632 1431 2687 τῶν
1451 2634 1587 2690 ὅλων
1613 2635 1941 2710 δημιουργὸς

372 2709 608 2782 θελήσας
644 2716 825 2770 κτίσαι
871 2718 964 2772 τὸν
1005 2720 1311 2793 ἄνθρωπον,
1359 2724 1456 2794 οὐχ
1488 2726 1566 2790 ὼς
1597 2709 1938 2799 εὐκαταφρό-

371 2819 531 2873 νητον
561 2802 717 2872 ζῶον,
749 2806 862 2861 ἀλλ’
909 2809 982 2873 ὡς
1009 2811 1332 2884 τιμιώτερον
1359 2816 1575 2870 πάντων
1607 2818 1687 2882 είς
1714 2818 1774 2872 τὸ
1799 2815 1939 2875 εἶναι

372 2896 684 2967 παρήγαγε,
747 2901 842 2954 καὶ
887 2902 988 2973 τῆς
1034 2904 1125 2958 ὑπ’
1159 2905 1385 2977 οὐρανὸν
1426 2908 1654 2975 κτίσεως
1703 2911 1939 2978 ἀνέδειξε

2045 1821 2221 1876 donec
2249 1819 2435 1890 vigilia
2469 1819 2722 1874 discusso
2767 1827 2988 1885 torpore
3029 1828 3222 1872 rursus
3254 1812 3362 1864 vim
3403 1824 3610 1863 memo-

2045 1911 2139 1966 riae
2195 1911 2657 1966 conservatricem
2711 1916 2766 1961 et
2824 1905 3116 1963 ellicaciam
3177 1900 3524 1962 recrearet-it,
3557 1904 3611 1952 et

2045 2001 2527 2071 redintegraverit.
2563 1999 2687 2054 llaec
2734 2005 2788 2054 et
2844 1997 3041 2054 similia
3077 1993 3432 2064 cogitationes
3463 1991 3605 2059 vulgi

2043 2091 2332 2146 subeuntia
2362 2091 2569 2160 ingenti
2613 2097 2846 2144 mentem
2879 2086 3106 2156 implent
3146 2081 3522 2174 admiratione,
3551 2087 3606 2132 et

2045 2197 2152 2236 una
2208 2196 2334 2236 cum
2397 2181 2760 2236 admiratione
2817 2178 3086 2234 inducunt
3143 2171 3604 2239 incredulitatem.

2041 2272 2310 2338 Quoniam
2335 2273 2481 2332 enim
2534 2288 2690 2328 mens
2733 2286 2924 2326 eorum
2957 2270 3028 2325 de
3069 2267 3268 2338 quibus
3313 2264 3523 2319 dubitat
3553 2269 3606 2313 et

2041 2365 2256 2434 quae-rit,
2288 2367 2612 2420 solutionem
2650 2380 2759 2421 non
2790 2364 3014 2426 invenit,
3045 2376 3224 2430 neque
3247 2372 3399 2414 suam
3427 2355 3604 2410 curio-

2042 2455 2260 2512 sitatem
2304 2457 2616 2511 inventione
2661 2472 2726 2510 ac
2781 2453 3141 2510 dissolutione
3181 2449 3371 2506 sedare
3405 2451 3603 2516 potest,
3681 2487 3694 2500 .

2037 2546 2300 2617 deinceps
2353 2555 2577 2617 propter
2630 2545 2999 2600 inﬁrmitatem
3055 2557 3276 2597 suarum
3321 2537 3605 2608 cogitatio-

2037 2652 2172 2709 num
2197 2646 2252 2692 et
2279 2652 2539 2692 sensuum
2567 2636 2740 2692 tendit
2777 2635 2843 2690 ad
2896 2635 3350 2694 incrudelitatem,
3380 2628 3607 2698 ejiciens

2039 2737 2095 2782 et
2133 2727 2434 2798 reprobans
2471 2743 2653 2783 rerum
2686 2727 2986 2783 veritatem.
3037 2719 3606 2790 Enimveroquoniam

2041 2834 2209 2875 cursu
2265 2834 2368 2874 suo
2403 2819 2761 2890 progrediens
2803 2818 2981 2874 oratio
3031 2816 3098 2871 ad
3143 2829 3286 2880 eam,
3331 2825 3453 2882 quae
3499 2808 3608 2862 fre-

2042 2919 2273 2979 quenter
2307 2916 2598 2972 tractatur,
2643 2909 3002 2980 questionem
3033 2905 3298 2976 pervenit,
3334 2909 3498 2969 atque
3521 2911 3610 2951 ar-

372 2984 614 3086 βασιλέα.
648 2989 816 3044 Τοῦτο
841 2993 1220 3066 προελόμενος,
1244 2998 1336 3052 καὶ
1365 2999 1603 3054 τοιοῦτον
1631 3003 1940 3074 ἀπαρτίσας

2044 3009 2360 3071 gumentum
2390 3015 2498 3055 non
2537 3001 2797 3064 alienum,
2847 2999 2942 3055 sed
2986 2997 3268 3068 proprium
3305 2991 3469 3086 huius
3502 2987 3608 3042 diei

370 3080 534 3149 σοφὸν
556 3083 648 3136 καὶ
667 3083 892 3155 θεοειδῆ,
917 3087 1011 3140 καὶ
1027 3087 1192 3159 πολλῇ
1213 3092 1636 3163 κατακοσμήσας
1649 3095 1714 3164 τῇ
1732 3094 1936 3164 χάριτι,

369 3169 478 3244 ἄρα
507 3176 643 3245 μετά
667 3176 892 3248 γνώμης
930 3177 1184 3250 τοιαύτης
1225 3181 1306 3244 είς
1337 3181 1398 3235 τὸ
1429 3178 1569 3240 εἶναι
1597 3185 1937 3255 παρήγαγεν,

367 3265 459 3318 ἵνα
483 3266 764 3336 γεννηθεὶς
791 3266 993 3340 φθαρῇ,
1030 3270 1124 3323 καὶ
1152 3269 1362 3324 τελείαν
1396 3272 1602 3344 ὑποστῇ
1671 3273 1773 3344 τὴν
1821 3275 1932 3328 ἀπ-

365 3354 594 3422 ώλειαν;
637 3357 794 3412 Ἀλλά
823 3359 1050 3428 μάταιος
1073 3361 1102 3414 ό
1123 3361 1344 3428 σκοπὸς,
1366 3364 1460 3416 καὶ
1491 3363 1693 3436 σφόδρα
1717 3366 1936 3431 ἀνάξιον

365 3446 469 3516 τὴν
514 3446 768 3520 τοιαύτην
802 3448 1009 3503 ἔννοιαν
1055 3451 1136 3515 είς
1171 3451 1302 3505 Θεὸν
1350 3454 1659 3526 ἀναφέρειν.
1700 3455 1940 3522 Παιδίοις

364 3537 478 3610 γὰρ
508 3539 682 3604 οὕτως
729 3541 1115 3606 ἀπεικάζεται,
1177 3543 1512 3615 οἰκοδομοῦσι
1566 3546 1796 3618 σπουδῇ,
1845 3547 1940 3601 καὶ

365 3631 554 3684 λύουσι
580 3631 790 3702 ταχέως
836 3632 898 3685 τὸ
941 3632 1387 3704 κατασκεύασμα,
1417 3635 1552 3705 πρὸς
1572 3635 1725 3690 οὐδὲν
1765 3637 1939 3708 πέρας

364 3722 667 3794 εὔχρηστον
708 3723 808 3794 τῆς
849 3723 1086 3788 διανοίας
1130 3724 1310 3778 αὐτῶν
1354 3726 1788 3800 καταληγούσης.
1824 3730 1945 3784 Πᾶν-

362 3814 424 3866 et
467 3813 774 3868 τούναντίον
815 3814 1171 3887 ἐδιδάχθημεν
1191 3835 1204 3848 ·
1249 3817 1331 3870 ὅτι
1377 3818 1468 3870 τὸν
1516 3820 1942 3890 πρωτόπλαστον

363 3904 639 3959 ἀθάνατον
667 3906 899 3960 ἔκτισεν.
942 3907 1353 3978 Ἐπισυμϐάσης
1375 3908 1432 3962 δὲ
1460 3909 1559 3980 τῆς
1580 3911 1942 3982 παραϐάσεως

364 3997 463 4050 καὶ⁵
505 3995 606 4066 τῆς
646 3997 948 4068 ἁμαρτίας,
995 4000 1076 4060 εἰς
1111 3998 1266 4072 δίκην
1323 3998 1419 4054 τοῦ
1475 4001 1942 4074 πλημμελήματος

363 4087 469 4158 τῆς
509 4087 810 4153 ἀθανασίας
851 4090 1172 4161 ἐστέρησεν·
1211 4087 1332 4146 εἶτα
1361 4094 1394 4162 ή
1427 4093 1577 4163 πηγὴ
1605 4093 1706 4163 τῆς
1739 4095 1941 4164 ἀγαθό-

364 4197 528 4251 τητος
557 4179 970 4250 ὑπερϐλύξουσα
997 4182 1096 4252 τὴν
1134 4181 1560 4254 φιλανθρωπίαν,
1589 4185 1682 4237 καὶ
1711 4185 1846 4256 πρὸς
1882 4187 1949 4240 τὸ

364 4270 530 4341 ἔργον
569 4271 962 4326 ἐπικλασθεῖσα
1016 4271 1125 4325 τῶν
1168 4271 1312 4325 ἰδίων
1363 4272 1580 4343 χειρῶν,
1640 4276 1803 4346 σοφία
1849 4278 1944 4330 καὶ

2043 3092 2165 3148 festi
2193 3101 2307 3159 est;
2349 3107 2450 3162 age
2509 3092 2790 3163 paululum
2837 3091 2906 3144 ad
2945 3089 3157 3144 initium
3207 3086 3334 3140 huic
3363 3083 3606 3152 disputa—

2041 3184 2177 3238 tioni
2201 3193 2383 3255 aptum
2415 3189 2578 3254 atque
2612 3181 2946 3238 conveniens
2973 3177 3330 3250 quaestionem
3356 3169 3609 3244 proposia

2039 3282 2151 3328 tam
2178 3284 2522 3340 revocantes,
2555 3282 2762 3330 certam
2808 3271 3218 3342 persuasionem
3240 3266 3519 3322 inducere
3547 3275 3611 3316 ac

2040 3365 2202 3422 tidem
2225 3365 2406 3422 facere
2445 3381 2710 3422 conemur
2757 3366 2848 3432 iis,
2882 3363 2974 3434 qui
3005 3373 3288 3432 perperam
3329 3355 3610 3425 ambigunt

2040 3456 2108 3514 de
2141 3459 2306 3514 rebus
2363 3457 2689 3512 manifestis.
2747 3456 2971 3511 Creator
3001 3465 3183 3507 rerum
3232 3447 3609 3504 universarum

2041 3562 2165 3604 eum
2219 3548 2504 3603 statuisset
2535 3546 2808 3600 hominem
2865 3556 3074 3606 creare,
3116 3554 3225 3594 non
3272 3535 3417 3606 quod
3454 3534 3612 3588 facile

2041 3638 2318 3695 contemni
2345 3643 2551 3705 posset,
2577 3633 2677 3690 sed
2701 3633 2846 3704 quod
2891 3630 3106 3686 caeteris
3148 3627 3401 3683 omnibus
3430 3624 3610 3696 digni-

2043 3737 2154 3784 tate
2183 3733 2488 3798 praastaret,
2530 3725 2730 3779 animal
2775 3723 2830 3778 in
2887 3737 3064 3777 rerum
3098 3726 3347 3774 naturam
3405 3713 3612 3786 produ-

2044 3823 2145 3887 xit,
2200 3820 2430 3890 ejusque
2488 3831 2624 3888 quae.
2673 3816 2775 3872 sub
2833 3814 2974 3869 coelo
3026 3820 3129 3876 est,
3196 3814 3463 3863 creaturae
3524 3819 3610 3858 re-

2043 3929 2164 3984 gem
2220 3911 2548 3982 designavit.
2606 3907 2721 3964 lloc
2762 3921 2886 3963 cum
2945 3905 3132 3959 animo
3173 3900 3527 3963 destinasset,
3558 3903 3613 3952 et

2046 4004 2208 4058 talem
2238 4000 2559 4072 perfecisset
2600 3999 2866 4069 sapientia
2897 3995 3179 4064 formaque
3208 3991 3392 4048 divina
3420 3987 3613 4061 praedi-

2045 4104 2185 4158 tum,
2212 4107 2277 4149 ac
2304 4093 2472 4147 multa
2509 4092 2687 4162 gratia
2721 4099 2885 4159 atque
2922 4088 3120 4146 decore
3149 4092 3426 4147 ornatum,
3455 4097 3614 4136 num-

2043 4185 2177 4258 quid
2201 4200 2266 4240 eo
2303 4183 2536 4238 consilio
2583 4181 2734 4236 illum
2786 4181 2840 4234 in
2892 4193 3074 4232 rerum
3110 4184 3363 4231 naturam
3413 4172 3614 4242 produ-

2045 4279 2145 4342 xit,
2177 4284 2237 4332 ut
2263 4275 2480 4345 genitus
2532 4281 2998 4342 corrumperetur,
3037 4277 3092 4326 et
3125 4277 3428 4324 extremum
3464 4265 3616 4319 subi-

361 4364 648 4434 ἐπιστήμῃ
696 4363 1126 4434 κατεκόσμησεν,
1161 4362 1220 4426 ὃς
1259 4363 1340 4426 είς
1391 4363 1488 4435 τὴν
1528 4365 1762 4437 ἀρχαίαν
1791 4369 1940 4439 ἡμᾶς

2047 4377 2128 4424 ret
2176 4365 2490 4424 interitum?
2534 4365 2604 4418 At
2649 4379 2846 4418 vanum
2888 4362 2943 4416 id
3000 4361 3316 4421 consilium,
3371 4356 3612 4423 ineptum

362 4455 660 4526 εὐδόκησεν
690 4455 1034 4514 ἀνακαινίσαι
1058 4456 1409 4510 κατάστασιν.

2044 4459 2384 4531 propositum
2419 4464 2475 4513 et
2513 4454 2752 4511 absurda
2798 4454 2996 4510 fuisset
3039 4450 3268 4507 intentio
3299 4466 3314 4504 :
3355 4462 3420 4500 ac
3451 4444 3614 4499 vehe-

361 4556 581 4602 menter
610 4562 743 4602 sane
772 4547 991 4618 indigna
1019 4561 1109 4603 res
1147 4553 1232 4602 est
1263 4547 1426 4601 talem
1455 4546 1842 4617 cogitationem
1868 4551 1935 4606 ad
1955 4535 2132 4608 Deum
2175 4551 2401 4616 referre,
2432 4555 2486 4604 et
2516 4546 2829 4616 hujusmodi
2861 4545 3160 4615 quidquam
3199 4541 3267 4596 de
3295 4554 3359 4595 eo
3386 4538 3615 4593 sentire.
3641 4588 3643 4590 .

368 4639 626 4696 Puerulis
648 4642 792 4696 enim
825 4642 928 4695 bac
949 4641 1160 4696 ratione
1181 4641 1518 4697 assimilatur
1547 4643 1797 4699 studiose
1815 4645 2238 4713 mdiiicantibus,
2277 4653 2332 4701 et
2359 4644 2610 4701 celeriter
2636 4650 2970 4697 structuram
2993 4637 3330 4694 solventibus
3360 4651 3375 4688 :
3416 4635 3616 4703 quippe

360 4732 578 4787 nullum
607 4731 767 4787 finem
792 4731 976 4787 utilem
1005 4741 1184 4786 mente
1206 4745 1397 4786 eorum
1423 4739 1722 4801 spectante.
1744 4733 2096 4792 Contrarium
2126 4743 2308 4791 autem
2331 4749 2555 4806 prorsus
2578 4731 2756 4787 edocti
2789 4743 3000 4792 sumus,
3024 4725 3280 4798 quoniam
3301 4738 3424 4779 eum
3452 4737 3614 4791 quem

361 4830 604 4902 primum
631 4828 817 4893 ﬁnxit,
843 4827 1199 4882 immortalem
1227 4827 1464 4894 creavit;
1500 4842 1687 4883 verum
1713 4844 1838 4885 cum
1861 4840 2044 4902 postea
2077 4834 2370 4889 accidisset
2397 4827 2763 4899 transgressio
2791 4834 2956 4896 atque
2979 4832 3284 4896 peccatum,
3314 4821 3366 4874 in
3393 4833 3610 4889 pmnam

361 4922 551 4979 delicti
584 4937 708 4979 eum
748 4920 1158 4976 immortalitate
1201 4921 1434 4990 privavit
1475 4937 1489 4974 :
1522 4920 1721 4977 deinde
1759 4921 1882 4979 fons
1927 4924 2186 4980 bonitatis
2232 4923 2516 4980 exundans
2576 4923 2948 4984 humanitate,
3001 4925 3056 4974 et
3088 4916 3156 4971 ad
3182 4930 3319 4985 opus
3352 4925 3612 4967 manuum

361 5029 590 5076 suarum
625 5011 818 5076 ﬂexus,
847 5010 1115 5080 sapientia
1153 5019 1317 5080 atque
1365 5012 1591 5066 scientia
1636 5014 1944 5081 adornavit,
1985 5016 2166 5072 donec
2193 5017 2272 5072 ita»
2306 5013 2450 5070 factu
2493 5013 2838 5070 mmmodum
2867 5012 2918 5068 ei
2943 5012 3123 5066 visum
3158 5016 3242 5064 est
3269 5021 3412 5070 esse,
3441 5013 3500 5059 ut
3556 5004 3613 5059 in

362 5109 657 5180 pristinum
687 5120 788 5160 nos
825 5114 1026 5161 statum
1059 5105 1368 5160 restitueret
1395 5119 1458 5160 ac
1488 5115 1794 5162 renovaret.

433 5203 622 5259 Ταῦτα
647 5203 740 5257 καὶ
771 5199 945 5272 ἀληθῆ
963 5199 1243 5270 τυγχάνει,
1271 5198 1365 5254 καὶ
1385 5200 1485 5270 τῆς
1505 5201 1632 5271 περὶ
1661 5200 1798 5254 Θεοῦ
1818 5202 1943 5254 ὑπο-

2115 5197 2241 5252 Haec
2269 5204 2323 5250 et
2354 5211 2480 5275 vera
2512 5204 2660 5256 sunt,-
2699 5203 2753 5250 et
2800 5199 2962 5263 tllgﬂa
2993 5207 3056 5246 ea
3091 5207 3252 5262 quam
3287 5191 3356 5245 de
3383 5191 3492 5245 Deo
3520 5191 3617 5243 ha-

361 5293 581 5365 λήψεως
629 5291 772 5357 ἄξια.
825 5291 1244 5361 Προσμαρτυρεῖ
1295 5279 1414 5360 γὰρ.
1453 5288 1602 5360 αὐτῷ
1657 5289 1796 5360 μετά
1844 5290 1943 5361 τῆς

2044 5291 2172 5346 bere
2222 5304 2322 5360 par
2365 5297 2450 5343 est
2509 5287 2789 5357 opinione.
2841 5285 3132 5339 Testanlur
3161 5283 3305 5338 enim
3353 5284 3474 5353 eius
3504 5299 3615 5338 non

363 5385 702 5456 ἀγαθότητος
747 5384 843 5438 καὶ
888 5381 986 5454 τὴν
1037 5381 1287 5452 δύναμιν.
1335 5382 1408 5434 Τὸ
1438 5381 1497 5435 δὲ
1525 5381 1752 5446 ἀπαθῶς
1801 5380 1943 5452 ἔχειν

2044 5381 2338 5438 bonitatem
2398 5381 2595 5442 solum,
2646 5393 2834 5431 verum
2885 5377 3048 5432 etiam
3111 5375 3428 5444 potentiam.
3478 5372 3614 5428 Nam
3635 5413 3644 5422 ..

364 5478 462 5532 καὶ
483 5475 733 5547 σκληρῶς
763 5473 900 5546 πρὸς
927 5473 996 5528 τὰ
1021 5472 1299 5544 ἀρχόμενά
1324 5489 1384 5525 τε
1409 5473 1502 5526 καὶ
1523 5473 1940 5542 ποιμαινόμενα,

2044 5488 2152 5527 non
2179 5471 2384 5525 moveri
2423 5485 2487 5524 ac
2513 5469 2711 5524 durum
2751 5483 2874 5524 esse
2917 5467 3182 5522 adversus
3229 5465 3476 5536 subjecta
3518 5483 3620 5520 no-

365 5565 490 5618 οὐδὲ
513 5563 814 5636 ἀνθρώπων
844 5562 962 5616 ἐστὶ
1008 5562 1260 5635 χρηστιῖιν
1293 5562 1387 5616 καὶ
1416 5561 1724 5630 βελτίστων.
1755 5562 1940 5626 Οὕτως

2047 5574 2285 5634 strthue
2313 5579 2459 5618 cura:
2483 5561 2798 5627 commissa,
2829 5576 2931 5616 nec
2969 5559 3249 5616 hominum
3279 5559 3496 5629 quidem
3525 5560 3616 5614 bc-

369 5658 400 5711 ὀ
439 5655 642 5729 ποιμὴν
670 5654 914 5728 βούλεται
954 5653 1227 5727 ἐρρῶσθαι
1271 5653 1333 5709 τὸ
1379 5652 1624 5725 ποίμνιον
1659 5653 1824 5725 αὐτῷ,
1851 5654 1943 5707 καὶ

2049 5659 2335 5726 nignorum
2370 5665 2418 5710 et
2451 5654 2780 5726 optimorum
2809 5661 2912 5710 cst.
2963 5650 3041 5707 Ita
3095 5651 3260 5722 opilio
3294 5651 3409 5707 vult
3439 5651 3617 5706 valere
