4084 6158
515 269 621 322 663
1765 254 1822 309 S.
1860 245 2184 307 GREGORII
2214 244 2502 300 NYSSENI
3667 231 3766 284 664

521 381 624 436 sibi
657 393 896 451 gregem,
949 395 1012 434 ac
1071 378 1459 450 propemodum
1491 375 1853 432 immortalem
1907 384 2030 428 esse
2071 387 2085 424 :

2202 365 2378 434 σχεδὸν
2397 362 2665 434 ὑπάρχειν
2685 359 2948 415 ἀθάνατον
2979 374 2992 387 ·
3020 354 3115 410 καὶ
3145 355 3172 407 ὁ
3214 349 3467 424 βουκόλος
3506 344 3771 451 παντοδα-

520 473 650 528 item
675 473 947 528 bubulcus
971 472 1140 526 variis
1168 470 1317 526 curis
1350 471 1519 526 boves
1562 477 1724 538 auget
1760 485 1772 520 :
1809 465 2090 535 caprarius

2202 458 2320 519 παῖς
2343 455 2659 526 θεραπείαις
2679 452 2831 517 αὑξει
2861 451 2960 514 τὰς
3002 447 3154 518 βοῦς·
3185 444 3276 499 καὶ
3313 443 3410 505 τὰς
3433 439 3598 508 αἶγας
3625 436 3767 538 διδυ-

521 565 649 618 item
674 578 866 633 capras
895 561 1038 618 fetus
1060 562 1318 633 gemellos
1358 575 1578 633 quoquo
1614 527 1855 629 tempore
1901 570 2092 627 parere

2202 549 2450 621 μοτόκους
2476 547 2738 618 ὑπάρχειν
2772 546 2800 596 6
2833 541 3050 603 αἰπόλος
3067 537 3280 608 εὑχεται
3301 551 3314 565 ο
3345 533 3439 586 καὶ
3466 533 3575 593 πᾶς
3607 527 3767 633 ἀγελ-

442 656 444 659 ’
521 661 714 724 Optat:
748 661 803 707 et
836 653 889 706 in
920 667 1155 719 summa,
1187 653 1364 707 omnis
1393 659 1580 723 pastor
1609 649 1929 721 pecorisque
1975 661 2092 700 ma-

522 743 691 810 gister
728 741 796 796 ad
846 742 1006 799 ﬁnem
1039 743 1327 812 quemdam
1377 743 1564 797 utilem
1618 739 1938 810 respiciens,
1967 751 2090 790 cum

523 833 724 888 durare
775 840 938 903 atque
992 847 1313 904 permanere
1372 833 1476 888 sibi
1536 846 1752 903 gregem
1803 838 1967 899 atque
2000 841 2092 879 ar-

525 933 765 978 mentum
814 922 1107 989 desiderat,
1146 932 1259 977 tum
1305 923 1482 979 fetura
1535 922 1764 977 feliciter
1805 916 2091 989 propagari

524 1017 694 1084 cupit.
731 1014 845 1069 Hoc
869 1029 990 1068 cum
1018 1017 1091 1069 ita
1115 1015 1205 1077 sit,
1237 1022 1294 1068 et
1331 1030 1395 1070 ex
1431 1014 1498 1068 iis
1531 1029 1650 1083 qua:
1677 1028 1705 1066 a
1737 1010 1894 1066 nobis
1931 1011 2093 1062 modo

525 1107 670 1161 dicta
693 1115 820 1162 sunt
845 1117 1123 1162 ostensum
1184 1106 1275 1168 sit,
1327 1106 1560 1161 maxime
1590 1105 1782 1160 decere
1826 1100 2089 1156 artiﬁcem

526 1212 592 1252 ac
629 1207 930 1254 creatorem
961 1197 1179 1267 generis
1223 1199 1398 1252 nostri
1449 1195 1750 1252 reformare
1795 1200 1848 1248 et
1885 1194 2095 1246 instau-

525 1302 652 1343 rare
681 1295 998 1358 corruptum
1035 1303 1174 1358 opus
1214 1303 1227 1339 :
1271 1288 1445 1357 palam
1481 1295 1581 1352 est,
1613 1285 1756 1355 quod
1799 1285 1890 1353 qui
1942 1289 2096 1337 ρατιο-

529 1376 609 1432 ris
669 1376 826 1432 ﬁdem
854 1393 962 1431 non
1019 1378 1240 1441 habent,
1301 1393 1406 1432 non
1445 1393 1511 1432 ex
1576 1377 1757 1446 aliqua
1800 1389 1964 1430 causa
1997 1389 2096 1440 pu-

528 1475 699 1537 gnant
731 1474 785 1522 et
813 1468 1200 1532 adversantur,
1232 1483 1393 1538 quam
1427 1467 1568 1538 quod
1607 1466 1944 1520 arbitrantur
1981 1461 2095 1517 ﬁeri

529 1575 640 1614 non
669 1574 854 1630 posse,
890 1569 948 1614 ut
981 1560 1123 1616 Deus
1163 1561 1242 1624 id,
1273 1559 1420 1630 quod
1452 1566 1728 1612 mortuum
1763 1572 1828 1610 ac
1868 1555 2097 1610 dissolu-

532 1659 646 1703 tum
669 1657 771 1716 est,
795 1651 1106 1706 resuscitat.
1136 1650 1470 1705 Mortuorum
1500 1662 1688 1703 revera
1714 1661 1987 1716 sensuque
2009 1659 2099 1698 ca-

532 1737 770 1792 rentium
826 1737 1119 1807 cogitatio,
1175 1739 1270 1809 qui
1330 1738 1649 1793 existimant
1699 1737 1904 1808 aliquid
1954 1749 2094 1799 esse,

531 1825 680 1896 quod
713 1841 743 1880 a
777 1825 886 1882 Deo
916 1829 1100 1898 perﬁci
1133 1837 1186 1884 et
1217 1827 1458 1898 expediri
1487 1842 1596 1881 non
1628 1827 1819 1897 possit,
1860 1835 1914 1881 et
1944 1840 2096 1881 suam

533 1916 774 1987 ipsorum
808 1918 1181 1974 inﬁrmitatem
1229 1919 1500 1988 maiestati
1556 1917 1918 1988 omnipotenti
1963 1917 2102 1972 assi-

532 2016 720 2079 gnant.
758 2008 863 2066 Sed
895 2021 953 2065 ut
1002 2011 1337 2082 argumentis
1370 2018 1425 2066 et
1459 2008 1876 2080 probationibus
1907 2023 2097 2063 eorum

533 2099 997 2168 reprehendamus
1024 2102 1338 2166 amentiam,
1381 2116 1446 2156 ex
1477 2101 1842 2171 prmsentibus
1883 2109 1936 2155 et
1965 2114 2101 2170 pra:-

535 2189 718 2244 teritis
739 2189 1064 2246 ostendatur
1088 2192 1142 2247 id
1171 2192 1316 2262 quod
1350 2190 1591 2246 futurum
1623 2191 1838 2263 quidem
1869 2199 1972 2256 est,
2004 2189 2100 2246 sed

533 2277 784 2334 futurum
809 2296 930 2338 esse
956 2297 1065 2336 non
1103 2283 1366 2338 creditur.
1409 2281 1622 2338 Audisti
1655 2281 1800 2354 quod
1831 2282 2006 2353 pulvis
2033 2281 2100 2336 ad

534 2365 767 2424 formam
806 2370 1064 2428 redactus
1076 2373 1306 2428 ethomo
1335 2372 1510 2429 factus
1535 2382 1639 2429 est.
1662 2373 2099 2443 Doceigilurme,

536 2475 746 2528 quaso,
779 2469 834 2516 tu
863 2463 955 2532 qui
999 2471 1092 2518 tua
1141 2464 1411 2534 sapientia
1443 2465 1626 2519 omnia
1666 2465 1952 2534 complecti
1995 2465 2099 2528 vis,

536 2564 644 2622 qua
679 2552 890 2609 ratione
923 2555 1101 2611 tenuis
1156 2556 1334 2625 pulvis
1371 2556 1671 2625 dissipatus
1718 2563 1944 2611 coactus
1988 2556 2098 2620 sit;

536 2643 810 2710 quomodo
839 2650 982 2700 terra
1014 2660 1142 2700 caro
1173 2645 1313 2702 facta
1336 2647 1427 2712 sit,
1449 2656 1612 2718 atque
1639 2646 1826 2702 eadem
1854 2645 2100 2711 materia,

537 2745 646 2801 qua
675 2733 887 2789 ratione
931 2744 987 2790 et
1024 2750 1180 2803 ossa,
1213 2747 1268 2792 et
1296 2745 1498 2800 cutem,
1531 2747 1584 2791 ct
1621 2737 1856 2807 adipem,
1887 2744 1940 2791 et
1964 2737 2104 2806 pilos

539 2820 872 2890 confecerit;
910 2826 1186 2894 quomodo
1234 2841 1359 2882 cum
1399 2843 1506 2882 una
1550 2827 1625 2882 sit
1675 2841 1824 2892 caro,
1873 2826 2106 2882 diversae

538 2922 663 2964 cum
694 2909 884 2968 formze
916 2915 1308 2983 membrorum,
1350 2928 1464 2974 tum
1511 2917 1802 2987 qualitates
1830 2925 1883 2972 et
1927 2924 2103 2971 tactus

2191 618 2364 712 ἀρχης
2401 638 2586 702 ἁπλῶς
2617 635 2891 706 διαμένειν
2953 629 3099 700 αὑτῷ
3124 629 3217 682 καὶ
3241 623 3581 695 εὑθηνεῖσθαι
3615 618 3770 674 ποθεῖ

2191 733 2288 801 τὴν
2317 732 2536 802 ἀγέλην,
2569 729 2706 801 πρός
2740 747 2794 782 τι
2832 726 2982 789 τέλος
3021 722 3318 792 εῦχρηστον
3365 714 3604 786 ἀφορῶν.
3633 713 3771 766 Τού-

2189 843 2284 879 του
2313 825 2367 878 δὲ
2395 823 2568 885 οὕτως
2601 821 2833 892 ἔχοντος,
2865 818 2958 871 καὶ
2996 818 3058 869 ἐκ
3085 813 3193 866 τῶν
3230 809 3582 883 ἀρτίωςὴμῖν
3614 809 3768 875 εἰρη-

2197 917 2370 988 μένων
2413 911 2713 982 δειχθέντος
2751 905 3202 980 πρεπωδέστατον
3248 901 3514 968 ὑπάρχειν
3555 895 3634 964 τῷ
3671 894 3769 963 δη-

2195 983 2440 1078 μιουργῷ
2478 1002 2572 1056 καὶ
2602 999 2818 1070 τεχνίτῃ
2844 996 2935 1050 τοῦ
2969 995 3161 1062 γένους
3191 990 3347 1061 ἡμῶν
3376 985 3680 1042 ἀναπλάσαι
3709 983 3772 1035 τὸ

2195 1075 2394 1166 ιρθαρὲν
2418 1093 2649 1162 ποίημα,
2672 1087 2933 1160 πρόδηλον
2955 1085 3028 1147 ὡς
3053 1085 3101 1136 οἱ
3126 1085 3236 1144 τοῖς
3264 1078 3390 1148 ἑξῆς
3421 1075 3771 1137 ἀπειθοῦντες

2194 1165 2544 1239 οὑκάλλοθέν
2575 1179 2738 1233 ποθεν
2774 1175 3170 1246 ἀπομάχονται,
3211 1170 3243 1240 ἢ
3287 1169 3375 1222 διὰ
3425 1167 3488 1220 τὸ
3530 1165 3768 1236 νομίζειν

2195 1276 2455 1332 ἀδύνατον
2479 1268 2617 1326 εἶναι
2646 1268 2723 1339 τῷ
2746 1267 2863 1336 Θεῷ
2886 1265 2946 1318 τὸ
2974 1261 3233 1332 τεθνηκὸς
3268 1260 3363 1312 καὶ
3395 1257 3638 1311 διαλυθὲν
3676 1256 3769 1308 ἀν-

2196 1369 2422 1438 εγεῖραι.
2451 1360 2678 1433 Νεκρῶν
2698 1357 2910 1428 άληθῶς
2927 1356 3020 1409 καὶ
3041 1351 3378 1422 ἀναισθήτων
3401 1348 3462 1402 τὸ
3489 1348 3656 1418 φρόνη
3666 1365 3764 1418 μα,

2193 1458 2255 1510 τὸ
2291 1457 2546 1511 ἀδύνατον
2570 1451 2662 1506 καὶ
2691 1450 2968 1520 ἀμήχανον
2997 1445 3088 1499 ἐπὶ
3115 1443 3248 1497 Θεοῦ
3275 1440 3656 1510 λογιζομένων,
3675 1439 3772 1492 καὶ

2195 1546 2262 1600 τά
2296 1545 2396 1614 τῆς
2440 1542 2573 1604 ιδίας
2611 1538 2887 1599 ἀσθενείας
2938 1533 3030 1587 ἐπὶ
3078 1533 3177 1604 τὴν
3220 1529 3625 1598 παντοδὺναμον
3673 1545 3772 1596 φε-

2201 1639 2402 1708 ρόντων
2459 1630 2954 1706 μεγαλοπρέπειαν.
2974 1628 3091 1680 Ἵνα
3123 1625 3181 1678 δὲ
3227 1624 3406 1691 λόγοις
3437 1623 3772 1690 ἐλεγκτικοϊς

2199 1733 2297 1801 τῆς
2330 1729 2514 1791 ἀνοίας
2567 1725 2742 1780 αὐτῶν
2783 1719 3165 1790 καθικώμεθα,
3196 1718 3260 1769 ἐκ
3308 1715 3418 1768 τῶν
3471 1713 3771 1782 γεγονότων

2199 1823 2293 1877 καὶ
2322 1823 2489 1875 ὄντων
2517 1815 2888 1886 ἀποδειχθήτω
2909 1812 2968 1864 τὸ
2999 1809 3189 1882 μέλλον
3224 1808 3313 1862 καὶ
3348 1805 3768 1874 ἀπιστούμενον.

2204 1915 2481 1972 Ἤκουσας
2509 1910 2588 1962 ὅτι
2609 1909 2636 1960 6
2665 1905 2794 1976 χοῦς
2815 1901 3078 1972 ἐπλάσθη,
3101 1898 3196 1953 καὶ
3221 1897 3436 1965 ἐγένετο
3465 1894 3769 1965 ἄνθρωπος.

2201 2003 2418 2068 Δίδαξον
2450 1996 2542 2055 οῦν
2569 2017 2658 2071 με,
2689 1993 3013 2068 παρακαλῶ,
3043 1995 3069 2044 ὀ
3100 1991 3277 2044 πάντα
3326 1987 3490 2052 ἀξιῶν
3515 1990 3582 2057 τῇ
3609 1985 3774 2056 σοφίᾳ

2199 2101 2265 2169 τῇ
2321 2094 2513 2150 ἐαυτοῦ
2564 2087 3039 2163 περιδράσσεσθαι,
3082 2085 3198 2147 πῶς
3247 2083 3275 2135 ὀ
3324 2080 3518 2143 λεπτὸς
3575 2078 3703 2148 χοῦς
3742 2080 3776 2131 ὁ

2201 2185 2592 2257 ἐσκεδασμένος
2617 2181 2875 2252 συνήχθη,
2911 2179 3027 2242 πῶς
3057 2177 3184 2247 ήγῆ
3225 2173 3360 2245 σὰρξ
3393 2171 3608 2240 ἐγένετο
3629 2211 3643 2236 ,
3679 2169 3775 2222 καλ⁸

2202 2281 2236 2351 ἡ
2267 2278 2403 2348 αὑτὴ
2430 2276 2551 2348 ὕλη,
2586 2275 2678 2328 καὶ
2716 2271 2876 2326 ὀστέα
2903 2268 3143 2339 ἐποίησε,
3190 2266 3284 2320 καὶ
3311 2264 3505 2334 δέρμα,
3547 2261 3638 2314 καὶ
3686 2276 3775 2311 πι-

2207 2370 2372 2442 μελὴν
2390 2410 2404 2434 ,
2432 2369 2523 2422 καὶ
2550 2366 2774 2436 τρίχας’
2812 2362 2928 2424 πῶς
2961 2362 3087 2432 μιᾶς
3113 2357 3278 2428 οὑσης
3299 2359 3397 2426 τῆς
3433 2353 3629 2425 σαρκὸς
3656 2351 3775 2442 διά-

2203 2441 2357 2532 φοροι
2396 2461 2450 2514 αί
2479 2458 2614 2512 ἰδέαι
2635 2455 2742 2509 τῶν
2779 2452 2953 2523 μελῶν
2973 2451 3067 2504 καὶ
3097 2451 3151 2502 αἱ
3177 2448 3455 2517 ποιότητες
3475 2445 3569 2498 καὶ
3604 2441 3736 2512 ἁφαί
3755 2457 3773 2474 ·

2203 2553 2321 2616 πῶς
2368 2553 2397 2605 6
2447 2547 2704 2619 πνεύμων
2754 2543 2961 2606 ἁπαλὸς
3012 2542 3111 2611 τὴν
3167 2539 3331 2610 ἁφὴν,
3389 2535 3632 2597 πελιδνὸς
3679 2532 3779 2603 τὴν

2203 2642 2398 2713 χρόαν·
2423 2631 2650 2710 τδῆπαρ
2678 2632 2980 2706 στριφ[ν]ὸν
3011 2632 3105 2686 καὶ
3131 2627 3378 2700 ἐρυθρὸν,
3401 2628 3435 2696 ἡ
3462 2625 3656 2694 καρδία
3684 2640 3780 2675 πε-

2203 2730 2476 2802 πιλημένη
2508 2727 2603 2782 καὶ
2629 2725 2990 2798 σκληρότατον
3023 2723 3208 2793 μόριον
3233 2721 3290 2772 ἐν
3327 2718 3522 2788 σαρκὶ,
3549 2718 3577 2768 6
3607 2713 3778 2784 σπλὴν

2203 2822 2395 2894 ἀραιὸς
2454 2819 2548 2873 καὶ
2603 2817 2769 2889 μέλας
2788 2833 2800 2846 ·
2829 2817 2856 2868 6
2885 2814 3146 2876 ἐπίπλους
3182 2809 3391 2874 λευκὸς,
3441 2807 3535 2862 καὶ
3565 2807 3780 2860 δίκτυον

2205 2910 2506 2968 ἁλιευτικὸν
2545 2906 3033 2978 συμπεπλεγμένον
3057 2901 3206 2974 παρά
3236 2901 3336 2972 τῆς
3370 2898 3606 2968 φύσεως.
3647 2895 3781 2947 Σκε-

538 2999 687 3066 sint;
718 3003 994 3072 quomodo
1033 3005 1218 3075 pulmo
1246 3013 1394 3063 tactu
1423 2983 1624 3071 mollis,
1657 3009 1841 3065 colore
1883 3009 2100 3069 lividus.

2203 3001 2432 3074 ψώμεθα
2477 3000 2732 3052 κάκεῖναο
2777 2995 2893 3057 πῶς
2924 2997 2958 3064 ἠ
3004 2994 3192 3065 πρώτη
3232 2993 3389 3063 γυνὴ.
3419 2989 3526 3044 ἀπὸ
3584 2983 3778 3058 μικροῦ

534 3090 694 3160 jecur
717 3093 976 3162 solidum,
1004 3095 1216 3151 ﬁrmum
1253 3105 1308 3152 ct
1341 3114 1450 3154 non
1502 3101 1700 3156 cedens
1747 3114 1811 3156 ac
1845 3101 2106 3167 rubeum;

540 3185 1013 3241 corconstrictum
1049 3201 1113 3242 ac
1135 3187 1427 3244 durissima
1452 3192 1717 3260 particula
1748 3193 1958 3258 carnis;
1999 3192 2105 3246 lien

539 3286 705 3329 rarus
746 3279 801 3326 et
831 3274 1002 3346 niger,
1034 3285 1314 3332 omentum
1349 3278 1532 3333 album
1573 3287 1627 3334 et
1657 3281 1832 3335 instar
1875 3282 2106 3351 piscato-

540 3365 621 3421 ris
648 3365 786 3422 retis
840 3379 870 3419 a
923 3374 1121 3421 natura
1168 3367 1574 3438 complicatum.
1605 3370 2025 3427 Considcrcntus
2057 3380 2110 3426 et

542 3454 657 3522 illa,
694 3471 803 3526 quo
835 3463 996 3527 pacto
1029 3457 1203 3528 prima
1249 3458 1444 3513 mulier
1482 3474 1547 3513 ex
1591 3473 1755 3528 parva
1787 3469 1940 3530 parte
1982 3461 2113 3515 late-

539 3547 623 3604 ris
646 3547 918 3619 integrum
958 3547 1160 3602 animal
1183 3547 1362 3604 simile
1393 3548 1634 3618 perfecto
1662 3565 1724 3604 ac
1761 3551 1939 3620 primo
1969 3551 2110 3605 facta

541 3648 648 3705 est;
680 3647 736 3696 et
766 3654 895 3710 pars
941 3639 1008 3694 ad
1055 3641 1238 3696 omnia
1271 3640 1506 3707 suffecit,
1553 3649 1605 3697 et
1645 3643 1901 3713 exiguum
1938 3652 2111 3698 totum

543 3730 854 3796 constituit,
879 3738 1032 3786 costa
1088 3729 1231 3785 facta
1281 3742 1365 3787 est
1390 3739 1575 3802 caput,
1617 3747 1812 3788 manus
1841 3743 1893 3789 et
1928 3736 2111 3804 pedes,

542 3819 820 3875 viscerum
849 3827 904 3875 et
942 3820 1326 3874 intestinorum
1365 3820 1608 3876 ﬂexuosa
1659 3831 2012 3894 tortuosaque
2051 3839 2114 3878 ac

542 3911 700 3965 varia
745 3911 918 3979 ﬁgura
963 3919 1129 3980 atque
1169 3910 1454 3966 distinctio
1493 3930 1507 3965 :
1550 3927 1699 3974 caro,
1733 3915 1845 3981 pili,
1900 3916 2111 3980 oculus,

2214 3089 2412 3160 μέρους
2439 3087 2537 3158 τῆς
2563 3085 2820 3156 πλευρᾶς,
2852 3083 3056 3154 ὑπέστη
3082 3080 3219 3146 ζῶον
3243 3080 3565 3150 ὀλόκληρον,
3598 3079 3782 3148 ὅμοιον

2209 3180 2286 3252 τῷ
2318 3179 2506 3248 τελείῳ
2527 3178 2619 3231 καὶ
2639 3175 2858 3247 πρώτῳ,
2874 3175 2968 3230 καὶ
2995 3174 3056 3228 τὸ
3085 3174 3248 3245 μέρος
3273 3171 3406 3243 πρὸς
3427 3170 3605 3241 πάντα
3630 3168 3782 3237 διήρ-

2211 3289 2339 3326 κεσε
2365 3269 2548 3325 καὶτὸ
2591 3257 2772 3336 ὀλίγον
2793 3267 2855 3320 τὸ
2897 3267 3006 3319 πᾶν
3058 3264 3444 3334 συνεστήσατο,
3477 3262 3510 3330 ὴ
3552 3256 3780 3327 πλευρὰ,

2210 3363 2423 3431 ἐγένετο
2473 3359 2700 3431 κεφαλὴ,
2745 3361 2924 3430 χεῖρες
2957 3357 3050 3410 καὶ
3083 3355 3242 3418 πόδες
3265 3395 3278 3418 ,
3307 3353 3552 3422 ἐγκάτων
3599 3349 3782 3403 σκολιὰ

2211 3453 2304 3507 καὶ
2345 3450 2558 3521 ποικίλη
2587 3449 2903 3511 διάπλασις,
2943 3445 3098 3518 σὰρξ,
3128 3447 3222 3498 καὶ
3260 3445 3463 3514 τρίχες,
3487 3441 3781 3511 ὀφθαλμὸς,

2212 3545 2306 3599 καὶ
2328 3545 2432 3613 ῥὶς,
2473 3542 2567 3595 καὶ
2602 3541 2774 3608 στόμα
2799 3579 2811 3601 ,
2845 3538 2938 3591 καὶ
2982 3537 3159 3591 πάντα
3189 3535 3404 3598 ἁπλῶς,
3443 3535 3532 3588 ἵνα
3577 3533 3650 3603 μὴ
3683 3549 3783 3602 μα-

2213 3636 2342 3706 κρὸν
2369 3632 2638 3701 ἀπαγάγω
2664 3630 2754 3683 τὸν
2776 3629 2950 3697 λόγον,
2970 3628 3144 3681 πάντα
3165 3625 3450 3696 θαυμαστά
3484 3626 3578 3678 καὶ
3609 3623 3784 3694 παρά-

2212 3725 2341 3790 δοξα
2378 3726 2508 3794 ἡμῖν
2542 3725 2655 3784 τοῖς
2695 3719 2915 3789 ὀλίγοις,
2948 3719 3225 3789 πρόχειροι
3254 3719 3311 3771 δὲ
3347 3717 3498 3786 παρὰ
3525 3715 3645 3786 Θεῷ
3689 3715 3784 3783 τῆς

2215 3813 2557 3879 κατασκευῆς
2609 3813 2658 3866 οί
2711 3810 2856 3877 λόγοι
2890 3810 2983 3863 καὶ
3020 3809 3138 3862 λίαν
3191 3807 3630 3877 ὁμολογούμενοι.
3663 3806 3782 3867 Πῶς

2214 3903 2306 3962 οὖν
2359 3907 2654 3975 σωφρονεῖν
2707 3901 2946 3966 δόξουσιν
2993 3904 3040 3954 oi
3069 3902 3168 3971 τὴν
3227 3901 3322 3970 μὲν
3373 3899 3499 3969 μίαν
3547 3897 3780 3967 πλευρὰν

546 4015 738 4066 nasus,
765 4014 850 4065 os,
889 4000 1074 4053 omnia
1109 3999 1343 4070 denique
1388 4003 1500 4066 (ne
1552 4002 1765 4073 longius
1813 4005 2100 4060 orationen

2219 3996 2621 4068 συγχωροῦντες
2646 3994 2894 4063 γενέσθαι
2926 3994 3229 4062 ἄνθρωπον,
3261 3991 3366 4043 ἀπὸ
3401 3990 3456 4043 δὲ
3493 3990 3779 4057 ὁλοκλήρου

547 4091 903 4162 producam),
942 4091 1121 4146 omnia
1147 4091 1508 4159 admirabilia,
1537 4095 1884 4150 abhorrentia
1922 4112 1950 4150 a
1974 4112 2100 4151 com

2217 4093 2315 4160 τῆς
2346 4089 2438 4142 τοῦ
2474 4085 2759 4158 ἀνθρώπου
2794 4084 2926 4156 ῦλης
2953 4083 3307 4144 ἀπιστοῦντες
3332 4081 3421 4134 τὸν
3462 4080 3624 4134 αὑτὸν
3658 4081 3782 4131 ἀνα-

548 4183 701 4236 muni
739 4183 994 4252 opinione
1021 4193 1072 4239 et
1100 4199 1286 4250 sensu,
1319 4200 1382 4239 ae
1418 4187 1616 4241 mentis
1641 4189 1972 4256 nostrm,qui
2009 4189 2100 4242 Det

2219 4180 2530 4245 κτίζεσθαι;
2563 4177 2677 4231 υὺκ
2711 4176 2876 4237 ἐστιν,
2907 4176 3007 4228 οὐκ
3051 4174 3196 4227 ἐστιν
3229 4171 3491 4234 ἐπινοίαις
3513 4170 3784 4241 ἀνθρωπι-

549 4271 857 4342 comparati
913 4272 1153 4328 universi
1197 4275 1391 4345 exigua
1439 4276 1704 4346 quaepiam
1769 4278 2100 4346 portiuncul:

2220 4274 2343 4334 καῖς
2377 4269 2512 4324 Θεοῦ
2547 4268 3016 4336 πολυπραγμονεῖν
3050 4263 3345 4334 ἐνεργείας.
3387 4262 3447 4314 Εί
3479 4260 3586 4328 γὰρ
3618 4259 3787 4311 πάντα

549 4375 770 4424 sumus,
801 4369 1022 4431 captum
1052 4363 1366 4417 excedentia
1403 4383 1414 4417 :
1455 4365 1596 4435 apud
1635 4364 1801 4418 Deum
1852 4382 1981 4422 vero
2025 4383 2100 4420 ra

2219 4355 2286 4430 ἦν
2330 4361 2460 4429 ἡμῖν
2497 4356 2818 4424 καταληπτά
2842 4396 2856 4419 ,
2893 4355 2991 4407 οὐκ
3041 4354 3106 4407 ἂν
3160 4353 3420 4423 κρείττων
3459 4346 3526 4421 ἦν
3573 4349 3727 4418 ὴμῶν
3763 4347 3789 4398 ὀ

548 4457 732 4510 tiones
775 4453 1156 4510 fabricationis
1209 4455 1264 4508 in
1320 4464 1570 4524 promptu
1631 4463 1760 4510 sunt
1801 4463 1854 4511 et
1905 4456 2094 4518 faciles

2225 4452 2506 4521 κρείττων.
2541 4449 2605 4500 Τί
2645 4448 2788 4515 λέγω
2828 4447 2955 4517 περὶ
2987 4445 3122 4498 Θεοῦ
3151 4461 3164 4510 ;
3201 4443 3337 4497 Οὑδέ
3365 4442 3500 4512 πρὸς
3527 4441 3596 4494 τὰ
3627 4440 3790 4507 ἄλογα

550 4557 878 4615 omnemque
908 4544 1304 4599 dubitationem
1336 4544 1705 4608 excludentes,
1737 4553 1790 4599 et
1827 4545 2100 4601 admodun

2220 4544 2330 4596 τῶν
2362 4541 2515 4606 ζώων
2566 4540 2658 4593 ἐπί
2687 4557 2846 4591 τινων
2875 4537 3158 4606 δυνάμεων
3205 4532 3489 4604 σύγκρισίν
3521 4548 3645 4584 τινα
3681 4529 3793 4599 έχο-

552 4645 732 4693 υσι-ιω.
769 4638 888 4703 Quo
926 4637 1092 4708 igitur
1133 4643 1292 4708 pacto
1327 4650 1460 4691 sana
1507 4643 1686 4689 mente
1736 4638 1945 4705 praediti
2001 4655 2100 4694 8554

2225 4651 2343 4705 μεν,
2394 4632 2528 4686 ἀλλά
2581 4631 2846 4684 κάκείνων
2895 4626 3317 4698 ἀπολειπόμεθα.
3357 4624 3565 4678 Αὐτίκα
3612 4622 3791 4692 δρόμῳ

550 4728 902 4792 videbuntur,
929 4730 1022 4798 qui
1048 4729 1357 4783 concedunt
1407 4742 1472 4782 ex
1529 4741 1636 4780 una
1681 4727 1906 4797 quidem
1964 4739 2100 4784 cost:

2223 4728 2322 4796 μέν
2348 4725 2493 4795 ἡμᾶς
2511 4721 2937 4792 ὑπερϐάλλονται
2969 4721 3126 4772 ἵπποι
3151 4761 3163 4780 ,
3193 4719 3288 4770 καὶ
3319 4715 3510 4777 κύνες,
3545 4714 3639 4766 καὶ
3669 4711 3793 4766 ἄλλα

552 4820 831 4875 hominem
858 4835 980 4875 esse
1011 4819 1235 4882 factum,
1279 4835 1388 4873 non
1420 4827 1598 4873 autem
1635 4819 1869 4874 credunt
1914 4835 1977 4874 ex
2039 4821 2100 4874 in'

2220 4815 2418 4870 πολλά·
2457 4813 2684 4881 δυνάμει
2715 4811 2770 4864 δὲ
2817 4810 3051 4881 κάμηλοι
3084 4811 3177 4863 καὶ
3217 4809 3465 4879 ἡμίονον
3503 4801 3795 4875 σημειώσει

553 4911 693 4982 tegri
723 4911 961 4967 hominis
995 4910 1220 4965 materia
1248 4909 1497 4965 eumdem
1527 4911 1821 4964 renovari?
1853 4910 1969 4965 Non
2025 4927 2100 4980 po.

2229 4909 2284 4962 δὲ
2317 4905 2470 4967 ὁδῶν,
2510 4905 2561 4956 οἱ
2595 4903 2737 4956 ὄνοι·
2765 4904 2859 4955 καὶ
2909 4902 2969 4955 τὸ
3012 4902 3112 4969 τῆς
3162 4900 3421 4970 δορκάδος
3465 4895 3711 4960 ὀξυωπὸν
3743 4894 3797 4944 ἐν

553 5011 663 5058 test
700 5002 840 5064 ﬁeri,
876 5018 984 5057 non
1018 5010 1215 5072 potest,
1247 5010 1304 5055 ut
1334 5002 1585 5056 humana:
1617 5002 1818 5056 mentis
1866 5003 2100 5072 agitatio.

2230 4996 2516 5070 ἡμετέροις
2546 4993 2844 5062 ὀφθαλμοῖς
2869 4993 2968 5061 οὐχ
2997 4991 3326 5061 εὑρίσκεται.

553 5095 721 5151 nibus
758 5094 939 5150 divina
990 5096 1075 5150 vis
1122 5096 1175 5148 in
1224 5095 1388 5149 rebus
1438 5094 1738 5149 efﬁciendis
1792 5094 2125 5164 inquirendo
2165 5089 2444 5161 explorari
2513 5094 2570 5142 et
2617 5085 2940 5156 investigari
3013 5085 3212 5154 possit.
3261 5082 3396 5136 Nam
3441 5079 3488 5134 si
3537 5078 3724 5134 omnia
3774 5089 3799 5125 a

553 5186 715 5240 nobis
741 5187 947 5256 percipi
1000 5187 1498 5257 eomprebendique
1537 5199 1782 5254 possem,
1822 5203 1930 5241 non
1985 5193 2272 5257 praestaret
2306 5181 2464 5236 nobis
2520 5180 2567 5234 is
2634 5179 2728 5248 qui
2801 5185 3043 5248 przestat.
3110 5176 3252 5241 Quid
3302 5175 3498 5242 loquor
3543 5171 3612 5228 de
3657 5169 3804 5225 Deo?

553 5277 667 5332 Nec
698 5295 824 5334 cum
857 5282 1034 5337 brutis
1057 5281 1277 5351 quidem
1346 5281 1704 5342 animalibus,
1762 5282 1908 5350 quod
1976 5281 2040 5335 ad
2108 5277 2373 5350 quasdam
2420 5273 2612 5328 attinet
2653 5272 2923 5343 potentias
2975 5277 3029 5324 et
3087 5268 3397 5329 facultates,
3449 5259 3801 5333 comparandi

556 5372 744 5441 aliquo
774 5373 956 5436 modo,
989 5374 1085 5429 sed
1124 5382 1177 5426 et
1210 5373 1317 5428 illis
1340 5387 1556 5442 quoque
1586 5372 1877 5427 inferiores
1905 5387 2114 5426 sumus.
2161 5369 2237 5424 Ne
2268 5365 2485 5435 longius
2545 5363 2731 5427 abeas,
2773 5377 2938 5416 cursu
2981 5360 3200 5429 quidem
3228 5373 3326 5412 nos
3393 5356 3546 5425 equi,
3615 5368 3798 5413 canes,

557 5453 1073 5529 3"3‘llle’mlilllalia
1113 5462 1281 5516 multa
1342 5462 1657 5531 praecedunt
1688 5481 1703 5517 :
1749 5465 1956 5518 viribus
2025 5465 2155 5516 item
2227 5456 2422 5513 cameli
2458 5463 2512 5509 ct
2539 5454 2695 5516 muli,
2727 5453 3037 5507 uotatioues
3081 5465 3210 5502 vero
3247 5449 3484 5508 viarum,
3521 5445 3665 5500 asini
3703 5458 3798 5498 no-

557 5554 643 5608 bis
671 5554 1006 5609 antecellunt
1033 5597 1048 5624 ,
1089 5564 1141 5611 et
1172 5572 1400 5612 acumen
1442 5557 1594 5612 visus
1626 5564 1679 5610 et
1731 5558 1877 5613 acies
1932 5558 2238 5623 oculorum,
2270 5566 2379 5623 qua
2420 5564 2630 5619 caprem
2666 5548 2905 5616 pandite:
2940 5554 3088 5612 sunt,
3123 5544 3176 5597 in
3218 5543 3399 5598 oculis
3451 5543 3660 5598 nostris
3697 5553 3802 5595 non

559 5655 851 5711 reperitur.
