4084 6158
359 264 468 322 665

1281 257 1348 314 IN
1379 256 1657 317 CHRISTI
1702 255 2338 313 BESURRECTIONEM
2363 253 2589 312 ORA'I‘.
2627 250 2715 306 lll.

3529 241 3634 299 666

433 379 526 433 Διδ
556 375 914 448 εὐγνωμόνων
941 375 1036 430 καὶ
1071 372 1493 446 σωφρονούντων
1523 373 1640 427 ἐστὶ
1673 370 1951 426 πιστεύειν
1982 425 1983 429 η

2125 371 2394 437 Quocirca
2441 365 2742 427 candidos,
2802 367 2990 432 gratos
3045 365 3100 412 et
3148 369 3314 410 sanos
3383 352 3636 408 homines

359 475 474 538 τοῖς
502 471 655 542 παρά
685 470 780 524 τοῦ
813 469 948 523 Θεοῦ
974 469 1286 539 λεγομένοις
1305 486 1318 498 ·
1347 468 1475 531 τοὺς
1507 467 1563 519 δὲ
1601 465 1836 535 τρόπους
1858 462 1954 518 καὶ

359 565 463 629 τὰς
506 564 687 628 αίτίας
737 562 844 617 τῶν
893 561 1202 634 ἐνεργειῶν,
1253 559 1328 624 ὡς
1378 557 1832 629 ύπερΰαινούσας,
1879 555 1954 626 μὴ

364 657 638 710 ἀπαιτεῖν.
684 655 837 708 Ἐπεὶ
863 653 1185 723 λεχθήσεται
1211 652 1292 705 ἐνὶ
1313 650 1422 704 τῶν
1459 648 1953 721 πολυπραγμόνων

366 749 550 814 Δεῖξόν
575 765 667 819 μοι
693 747 772 817 τῷ
800 747 943 818 λόγῳ
974 763 1068 800 σου
1097 747 1197 816 τὴν
1221 745 1332 800 τῶν
1359 744 1652 817 ὁρωμένων
1678 743 1954 796 οὐσίωσιν.

368 843 505 897 Εἰπὲ
539 841 670 913 ποίᾳ
697 841 860 912 τέχνῃ
908 839 1009 910 τὴν
1064 837 1415 908 πολύμορφον
1460 835 1666 906 ταύτην
1693 833 1958 906 ἐργασίαν

371 927 827 1000 ἐδημιούργησεν.
881 928 980 980 Ἂν
1027 925 1136 997 γὰρ
1188 925 1364 980 ταῦτα
1415 925 1678 996 ἐξεύρῃς,
1734 923 1959 984 εἰκότως

372 1021 676 1091 ἀμηχανεῖς
700 1018 795 1072 καὶ
835 1018 1143 1089 ἀσχάλλεις,
1194 1017 1328 1071 διότι
1356 1016 1457 1089 τὴν
1503 1019 1605 1088 τῆς
1634 1015 1959 1083 παλιγγενε-

375 1110 497 1174 σίας
533 1110 942 1182 μετακόσμησιν
974 1112 1209 1180 ἀγνοεῖς,
1248 1110 1276 1163 6
1299 1109 1400 1180 τῆς
1445 1108 1716 1179 γενέσεως
1747 1107 1837 1160 τὸν
1873 1105 1961 1158 λό-

374 1219 473 1272 γον
501 1201 680 1268 εἰδώς.
711 1203 776 1256 Εί
807 1201 865 1256 δέ
902 1202 1037 1274 ὄναρ
1064 1220 1147 1256 σοι
1185 1203 1371 1256 ἐκεῖνα
1418 1203 1515 1255 καὶ
1559 1197 1962 1270 φαντασία,καὶ

375 1293 719 1364 πανταχόθεν,
750 1294 784 1364 ή
825 1292 1118 1363 ἐπίγνωσις
1165 1293 1400 1364 ἄπορος,
1438 1292 1514 1363 μὴ
1557 1288 1962 1360 ἀγανάκτει,εί

374 1387 468 1440 τὸν
498 1387 656 1455 λόγον
681 1385 780 1458 τῆς
805 1385 1152 1457 κατασκευῆς
1172 1385 1404 1455 ἀγνοῶν,
1432 1384 1528 1438 καὶ
1559 1383 1657 1454 τὴν
1677 1381 1963 1453 διόρθωσιν

376 1477 474 1531 τοῦ
505 1477 806 1550 φθαρέντος
849 1477 910 1530 οὐ
964 1477 1213 1549 συνορᾷς.
1259 1477 1318 1531 Ὁ
1362 1476 1525 1540 αὐτὸς
1557 1473 1807 1545 τεχνίτης
1848 1470 1964 1524 ἐστὶ

386 1571 480 1623 καὶ
505 1569 607 1640 τῆς
633 1569 860 1641 πρώτης
888 1568 1138 1633 κτίσεως,
1163 1569 1258 1622 καὶ
1279 1567 1380 1638 τῆς
1427 1567 1688 1639 δευτέρας
1729 1580 1964 1636 μετακο-

387 1663 657 1735 σμήσεως.
685 1658 841 1715 Οἶδεν
869 1660 1018 1723 ὅπως
1039 1659 1101 1712 τὸ
1133 1657 1260 1712 ίδιον
1281 1658 1442 1729 ἔργον
1459 1655 1704 1710 διάλυσιν
1733 1656 1964 1726 ὑπομεῖ-

381 1774 480 1810 ναν
510 1754 843 1826 συναρμόσει
882 1752 1045 1808 πάλιν
1077 1753 1156 1816 εἰς
1199 1751 1298 1823 τὴν
1339 1748 1572 1822 ἀρχαίαν
1611 1749 1962 1803 κατάστασιν.

381 1849 448 1904 El
478 1847 667 1918 σοφίας
699 1845 891 1918 χρεία,
922 1845 956 1915 ἠ
989 1843 1142 1914 πηγὴ
1173 1842 1288 1920 ’τῆς
1331 1840 1522 1910 σοφίας
1581 1839 1712 1908 παρ’
1752 1836 1967 1908 ἐκείνῳο

382 1941 432 1994 εί
456 1939 766 2010 δυνάμεως,
804 1938 865 1991 ού
900 1935 1094 2008 χρῄζει
1131 1932 1392 2006 συνεργοῦ
1437 1932 1532 1986 καὶ
1582 1930 1968 2001 συλλήπτορος.

384 2025 553 2094 Οὗτός
580 2032 729 2082 ἐστιν
759 2029 788 2082 6
817 2027 956 2082 κατὰ
984 2025 1084 2098 τὴν
1117 2025 1300 2096 φωνὴν
1341 2022 1436 2077 τοῦ
1487 2015 1800 2091 σοφωτάτου
1836 2022 1973 2092 Προ-

385 2125 556 2194 φήτου
599 2123 878 2194 μετρήσας
922 2121 990 2191 τῇ
1023 2117 1168 2190 χειρὶ
1210 2118 1273 2170 τὸ
1319 2115 1497 2187 ὕδωρ,
1535 2115 1629 2168 καὶ
1666 2114 1760 2166 τὸν
1799 2111 1972 2182 μέγαν

385 2217 482 2271 καὶ
529 2215 759 2270 ἄπλετον
788 2212 1016 2285 οὐρανὸν
1049 2209 1332 2282 σπιθαμῇ,
1363 2208 1459 2262 καὶ
1487 2207 1587 2278 τὴν
1632 2208 1738 2277 γῆν
1789 2203 1970 2275 δρακί.

383 2307 676 2380 θεώρησον
730 2306 978 2369 εἰκόνας,
1022 2302 1303 2375 ἐνεργείας
1344 2302 1546 2371 σημεῖα
1592 2297 1973 2372 παρεχομένας

385 2402 486 2472 τῆς
517 2400 757 2472 ἀρρήτου
791 2397 1073 2467 δυνάμεως
1098 2437 1113 2458 ,
1145 2395 1454 2463 ἀπόγνωσιν
1498 2389 1830 2462 ἐμποιούσας
1863 2391 1975 2452 τοῖς

386 2494 665 2564 λογισμοῖς
709 2491 887 2564 ἡμῶν,
925 2489 1019 2544 τοῦ
1067 2488 1231 2560 μηδὲν
1258 2485 1516 2540 δύνασθαι
1556 2483 1705 2551 ἄξιον
1743 2483 1841 2554 τῆς
1879 2479 1973 2534 τοῦ

388 2586 526 2641 Θεοῦ
575 2583 789 2654 φύσεως
833 2579 1224 2651 φαντασθῆναι.
1256 2575 1670 2645 Παντοδύναμος
1722 2573 1816 2627 καὶ
1859 2571 1975 2625 ἔστι

389 2680 486 2735 καὶ
517 2678 754 2746 λέγεται.
777 2674 930 2744 Τάχα
956 2671 1065 2743 γὰρ
1100 2671 1160 2724 οὐ
1197 2668 1602 2739 ζυγομαχήσεις
1634 2665 1769 2737 πρὸς
1796 2661 1972 2729 τοῦτο,

391 2769 530 2826 ἀλλὰ
575 2766 767 2830 δώσεις
819 2765 896 2828 ὼς
951 2759 1442 2832 συγκεχωρημένον
1492 2759 1733 2830 κρατεῖν.
1774 2755 1864 2825 Τῷ
1919 2754 1977 2806 δέ

394 2863 575 2916 πάντα
623 2856 930 2928 δυναμένῳ,
958 2853 1111 2907 ούδέν
1143 2853 1346 2922 ἄπορον
1378 2849 1411 2920 ἢ
1457 2848 1757 2919 ἀμήχανον.
1792 2845 1978 2914 Ἔχεις

395 2952 568 3009 πολλὰ
605 2950 703 3020 τῆς
751 2947 986 3011 πίστεως
1029 2944 1256 3016 ἐνέχυρα
1293 2938 1710 3010 ἁναγκαστικῶς
1745 2954 1802 2991 σε
1853 2952 1978 2989 συν-

397 3047 690 3104 ελαύνοντα
739 3041 876 3114 πρὸς
907 3040 968 3095 τὸ
1012 3035 1352 3093 συντίθεσθαι
1387 3038 1500 3099 τοῖς
1527 3034 1657 3106 παρ’
1693 3032 1851 3103 ἡμῶν
1892 3031 1980 3084 λε-

397 3139 680 3212 γομένοις·
712 3132 928 3206 πρῶτον
969 3130 1068 3200 μὲν
1106 3129 1285 3182 πᾶσαν
1329 3124 1428 3195 τὴν
1469 3122 1720 3193 ποικίλην
1757 3120 1853 3174 καὶ
1883 3138 1985 3174 πο-

399 3230 723 3287 λυσύνθετον
751 3223 929 3279 κτίσιν
961 3219 1172 3292 βοῶσαν
1198 3216 1397 3280 παντὸς
1437 3214 1792 3286 κηρύγματος
1825 3213 1987 3284 εὐση-

406 3327 656 3397 μότερον,
679 3321 762 3374 ὅτι
799 3319 828 3372 ό
883 3315 1056 3388 μέγας
1109 3310 1200 3364 καὶ
1248 3307 1411 3377 σοφὸς
1442 3306 1714 3378 τεχνίτης,
1749 3306 1777 3359 ὁ
1810 3306 1988 3360 πάντα

403 3418 474 3472 τὰ
508 3414 812 3488 βλεπόμενα
851 3405 1272 3479 τεχνησάμενος.
1305 3400 1447 3471 Πρὸς
1493 3399 1548 3452 δὲ
1597 3397 1800 3468 ταύτην
1849 3411 1989 3467 προ-

411 3509 590 3582 μηθὴς
625 3505 700 3560 ῶν
756 3505 786 3557 ό
831 3500 1001 3564 Θεὸς,
1035 3498 1130 3551 καὶ
1177 3493 1245 3548 τὰ
1294 3492 1402 3545 τῶν
1459 3491 1703 3544 ἀπίστων
1745 3489 1989 3560 ψυχάρια

407 3581 691 3673 πόρρωθεν
747 3590 1017 3663 καθορῶν,
1067 3587 1212 3659 ἔργῳ
1247 3584 1346 3655 τὴν
1379 3583 1490 3636 τῶν
1533 3582 1742 3653 νεκρῶν
1774 3581 1991 3650 ἔγερσιν

409 3693 763 3756 ἐϐεϐαίωσεν,
790 3687 960 3741 πολλὰ
991 3681 1220 3752 σώματα
1254 3679 1366 3733 τῶν
1395 3677 1857 3746 τετελευτηκότων
1890 3677 1994 3744 ψυ-

409 3787 611 3860 χώσας.
641 3783 738 3837 Διά
765 3779 922 3834 τοῦτο
951 3774 1199 3846 Λάζαρος
1231 3773 1606 3841 τετραήμερος
1652 3767 1844 3837 νεκρὸς
1895 3765 1994 3834 τῆς

412 3855 587 3952 θήκης
614 3875 840 3947 ἐξήλατο
863 3887 877 3900 '
913 3870 1009 3924 καὶ
1034 3868 1132 3936 τῆς
1163 3865 1338 3936 χήρας
1361 3865 1390 3916 6
1430 3859 1723 3934 μονογενὴς
1757 3855 1993 3925 ἀπεδόθη

413 3949 480 4046 τῇ
507 3949 696 4042 μητρὶ,
721 3969 787 4021 ἐκ
814 3965 914 4036 τῆς
943 3961 1131 4031 κλίνης
1164 3960 1257 4012 καὶ
1287 3959 1386 4029 τῆς
1424 3955 1661 4024 ἐκφορᾶς
1707 3952 1842 4024 πρὸς
1869 3949 1996 4013 τοὺς

415 4041 631 4132 ζῶντας
650 4058 953 4122 ἁναλυθεὶς,
1003 4054 1096 4107 καὶ
1128 4052 1276 4107 ἄλλοι
1311 4050 1493 4120 μυρίοι
1541 4045 1635 4110 οὓς
1665 4041 1998 4114 ἀπαριθμεῖ-

415 4159 542 4213 σθαι
569 4155 666 4209 νῦν
692 4150 943 4224 όχληρόν.
979 4148 1044 4201 Τί
1093 4145 1238 4214 λέγω
1273 4143 1400 4214 περὶ
1431 4140 1527 4193 τοῦ
1581 4135 1715 4191 Θεοῦ
1748 4137 1842 4189 καὶ
1889 4135 2002 4187 Σω-

414 4255 615 4325 τῆρος,
638 4247 799 4302 ὁπότε
823 4287 838 4310 ,
886 4244 974 4296 ἵνα
1023 4237 1280 4293 ἐπιπλέον
1325 4231 1716 4303 δυσωπηθῶσιν
1745 4230 1793 4282 οί
1833 4230 2004 4298 ἀμφι-

416 4320 727 4405 ϐάλλοντες,
757 4337 855 4392 καὶ
903 4336 1015 4397 τοῖς
1069 4329 1276 4392 δούλοις
1319 4324 1483 4381 αὑτοῦ
1524 4326 1636 4387 τοῖς
1684 4320 2004 4383 ἀποστόλοις

2056 463 2218 518 fidem
2245 463 2450 517 habere
2481 460 2639 514 decet
2677 457 2767 520 iis,
2810 469 2932 526 quae
2973 467 3002 506 a
3037 450 3147 505 Deo
3186 450 3484 504 dicuntur:
3521 462 3638 498 ino-

2055 555 2157 611 dos
2192 560 2374 609 autem
2407 559 2462 607 et
2486 564 2686 606 causas
2708 533 2982 603 actionum
3005 551 3058 599 et
3082 555 3336 612 operum,
3372 545 3637 606 tanquam

2055 655 2302 703 nostram
2340 642 2760 714 intelligentiam
2793 639 3142 701 excedentes,
3191 635 3481 704 exquirere
3531 645 3638 684 non

2057 745 2289 810 oportet.
2316 735 2542 791 Dicetur
2562 734 2709 790 enim
2735 732 2967 788 cuilibet
2993 731 3228 789 istorum
3251 727 3598 782 curiosorum
3623 740 3635 774 :

2057 829 2298 886 Ostende
2319 828 2454 883 mihi
2493 828 2708 881 ratione
2727 831 2894 893 atque
2916 821 3168 876 oratione
3205 827 3320 883 tua,
3365 812 3640 887 quomodo

2058 922 2140 977 hae
2175 936 2284 988 res,
2303 935 2442 990 quas
2473 918 2750 980 videmus,
2775 915 2843 970 ad
2870 912 3166 970 essentiam
3196 909 3476 980 producta:
3504 905 3637 960 sint.

2058 1015 2158 1070 Dic
2191 1028 2300 1086 qua
2331 1023 2451 1067 arte
2489 1009 2833 1065 multiforme
2863 1021 3002 1076 opus
3016 1004 3119 1061 hoc
3135 1000 3420 1060 creaverit.
3439 997 3573 1054 Nam
3591 996 3638 1051 si

2060 1108 2182 1162 haec
2214 1102 2618 1174 excogitaveris
2647 1108 2702 1155 et
2740 1095 3096 1167 compereris,
3127 1093 3321 1148 merito
3354 1090 3644 1162 perplevus

2060 1207 2115 1255 et
2148 1197 2445 1269 implicitus
2486 1193 2708 1249 haesitas
2735 1232 2750 1256 ,
2785 1201 2840 1244 et
2879 1201 3173 1242 succenses
3211 1193 3266 1241 et
3313 1180 3640 1252 indignaris,

2062 1292 2210 1364 quod
2235 1287 2672 1362 regenerationis
2713 1280 3263 1339 transformationem
3311 1275 3514 1342 nescis,
3549 1271 3644 1342 qui

2061 1379 2434 1454 generationis
2459 1377 2733 1432 rationem
2773 1371 2920 1428 haud
2950 1372 3194 1442 ignores.
3240 1364 3400 1432 Quod
3454 1364 3500 1419 si
3554 1363 3645 1417 illa

2064 1475 2164 1530 tibi
2196 1472 2336 1528 nihil
2367 1470 2516 1526 aliud
2549 1483 2716 1541 quam
2741 1465 3015 1524 somnium
3051 1471 3107 1518 et
3160 1457 3479 1530 imaginatio
3521 1461 3650 1511 sunt

2065 1575 2232 1636 atque
2289 1562 2536 1631 undique
2606 1558 2850 1630 cognitio
2907 1554 3200 1627 perplexa,
3248 1546 3649 1619 inexplicabilis

2066 1665 2121 1714 et
2185 1652 2585 1724 investigabilis
2624 1657 2729 1714 est,
2779 1664 2848 1704 ne
2888 1643 3227 1716 indigneris,
3287 1640 3335 1697 si
3391 1654 3515 1694 cum
3564 1651 3652 1690 ra-

2069 1747 2269 1803 tionem
2328 1741 2709 1799 fabricationis
2779 1739 3033 1810 ignores,
3111 1735 3280 1790 etiam
3348 1729 3648 1788 correctio-

2071 1857 2198 1897 nem
2245 1847 2412 1909 atque
2458 1834 2862 1906 reparationem
2912 1828 3161 1899 corrupti
3198 1842 3309 1881 non
3367 1822 3650 1892 intelligis.

2071 1934 2216 1990 Idem
2249 1931 2445 1988 artifex
2483 1937 2569 1986 est
2601 1935 2654 1983 et
2709 1926 2896 1998 primae
2930 1921 3229 1979 creationis
3278 1928 3332 1975 et
3391 1914 3650 1974 secundae

2071 2024 2602 2084 transformationis.
2638 2019 2799 2075 Novit
2840 2015 3117 2089 quomodo
3145 2028 3304 2070 suum
3361 2007 3657 2089 opusdis-

2073 2121 2314 2177 solutum
2341 2131 2536 2172 rursus
2571 2111 2886 2174 concinnet,
2921 2116 2977 2165 et
3006 2108 3075 2163 ad
3109 2105 3406 2178 pristinum
3448 2080 3656 2158 statum

2073 2213 2321 2268 reducat.
2365 2208 2422 2264 Si
2457 2206 2728 2277 sapientia
2757 2217 2897 2274 opus
2931 2208 3040 2266 est,
3092 2198 3217 2254 fons
3262 2193 3544 2266 sapientia:
3575 2201 3661 2246 est

2059 2302 2218 2374 .apud
2249 2302 2402 2356 illum
2439 2317 2454 2355 :
2486 2297 2532 2354 si
2590 2296 2834 2368 potentia
2879 2299 2934 2348 et
2969 2290 3178 2346 viribus
3214 2301 3354 2357 opus
3408 2292 3514 2346 est,
3550 2296 3660 2335 non

2073 2395 2278 2466 indiget
2309 2392 2459 2449 socio
2485 2398 2652 2460 atque
2674 2386 2949 2456 adjutore.
2975 2381 3075 2436 Hic
3102 2386 3188 2436 est
3240 2376 3332 2448 qui
3377 2375 3531 2444 juxta
3567 2385 3662 2424 vo-

2076 2503 2196 2544 cem
2231 2481 2629 2555 sapientissimi
2660 2480 2941 2551 prephette
2968 2474 3012 2539 ⁷,
3043 2486 3208 2527 manu
3250 2483 3347 2524 sua
3375 2466 3662 2520 dimensus

2075 2589 2159 2638 est
2187 2593 2410 2650 aquam,
2442 2586 2497 2632 et
2517 2587 2774 2645 magnum
2805 2575 2860 2626 et
2878 2567 3206 2622 immensum
3234 2558 3433 2616 cmlum
3458 2556 3661 2626 palmo,
3689 2560 3696 2566 '

2076 2681 2131 2729 et
2163 2645 2364 2728 terram
2402 2683 2607 2739 pugno.
2643 2661 3036 2731 Contemplare
3071 2653 3358 2724 imagines,
3390 2645 3663 2705 evidentia

2078 2768 2236 2837 signa
2266 2763 2575 2836 prazhentes
2609 2755 2900 2812 ineffabilis
2932 2749 3209 2822 potentiae,
3242 2739 3665 2814 cogitationibus

2080 2858 2288 2914 nostris
2318 2849 2759 2923 desperationem
2780 2844 3125 2900 inducentes,
3153 2833 3288 2890 nihil
3317 2832 3538 2899 dignum
3574 2825 3666 2887 Dei

2081 2956 2277 3004 natura
2311 2959 2474 3016 posse
2505 2956 2607 2996 nos
2662 2932 2972 3007 imaginari.
3002 2927 3364 2996 Omnipotens
3401 2931 3453 2977 et
3493 2927 3576 2975 est
3606 2928 3660 2974 et

2009 3057 2060 3122 ο
2088 3042 2314 3098 dicitur.
2352 3033 2608 3091 Forsitan
2658 3029 2804 3086 enim
2848 3041 2956 3080 non
3012 3015 3391 3076 adversabcris
3447 3015 3503 3068 in
3544 3011 3668 3076 hoc,
3768 3046 3777 3056 .

2087 3137 2182 3191 sed
2211 3131 2367 3187 dabis
2398 3137 2660 3197 tanquam
2689 3134 3015 3178 concessum
3073 3115 3342 3175 obtinere,
3375 3115 3542 3178 atque
3588 3105 3666 3159 ita

2089 3243 2148 3283 se
2178 3224 2403 3280 habere.
2450 3222 2518 3273 At
2552 3218 2601 3274 ei
2656 3215 2750 3286 qui
2779 3213 2963 3270 omnia
2992 3216 3195 3281 potest,
3238 3203 3374 3260 nihil
3422 3207 3508 3257 est
3551 3213 3674 3268 per-

2087 3320 2329 3392 plexum,
2369 3313 2505 3370 nihil
2548 3311 2695 3382 quod
2736 3306 2996 3378 explicari
3021 3311 3116 3357 aut
3142 3296 3388 3370 expediri
3419 3291 3675 3364 perficive

2091 3427 2200 3466 non
2243 3409 2441 3483 possit.
2477 3403 2643 3459 Multa
2678 3401 2800 3456 fidei
2836 3399 3065 3468 pignora
3116 3393 3306 3455 habes,
3334 3403 3454 3458 qum
3483 3399 3677 3440 ncces-

2091 3504 2240 3560 sario
2274 3509 2328 3557 te
2355 3497 2703 3567 compellant,
2740 3499 2801 3545 ut
2827 3488 3149 3545 assentiaris
3183 3486 3270 3548 iis,
3296 3497 3418 3552 quae
3457 3494 3486 3532 a
3522 3476 3679 3531 nobis

2093 3597 2355 3652 dicuntur
2389 3609 2402 3644 :
2465 3588 2704 3658 primum
2738 3581 2957 3652 quidem
3015 3577 3327 3631 universam
3364 3577 3676 3625 creaturam

2092 3686 2306 3740 variam
2324 3691 2377 3737 et
2409 3677 2789 3746 multiplicem,
2813 3670 3063 3741 cujusvis
3106 3663 3375 3737 pratconis
3411 3675 3546 3714 voce
3571 3659 3681 3712 cla-

2095 3779 2213 3833 rius
2239 3781 2292 3830 et
2315 3767 2718 3842 significantius
2742 3766 3195 3837 proclamantem,
3223 3755 3366 3826 quod
3386 3765 3682 3821 ermagnus

2097 3880 2152 3924 et
2186 3867 2407 3938 sapiens
2439 3862 2638 3918 artifex
2675 3860 2747 3915 sit
2778 3858 2847 3922 is,
2875 3856 2968 3917 qui
3000 3869 3062 3908 ea
3110 3867 3233 3921 quae
3273 3848 3553 3904 videntur,
3606 3841 3684 3896 fa-

2097 3961 2344 4017 bricatus
2378 3962 2481 4010 est.
2517 3951 2654 4007 Cum
2685 3957 2866 4004 autem
2909 3945 3175 4000 adversus
3199 3941 3341 3995 hanc
3375 3945 3684 3992 creaturam

2101 4053 2245 4107 Deus
2298 4047 2562 4120 providus
2597 4047 2690 4104 sit,
2724 4050 2890 4110 atque
2933 4038 3096 4093 etiam
3149 4033 3340 4105 procul
3388 4028 3686 4084 infidelium

2103 4143 2375 4201 animulas
2433 4139 2757 4198 intueatur,
2809 4133 2929 4201 ipso
2991 4143 3157 4198 opere
3219 4122 3685 4187 resurrectionem

2104 4243 2446 4293 mortuorum
2465 4225 2832 4287 confirmavit,
2863 4221 3050 4275 multis
3077 4217 3412 4288 corporibus
3443 4218 3688 4266 mortuo-

2105 4343 2226 4383 rum
2255 4326 2435 4380 anima
2470 4320 2745 4376 restituta.
2781 4314 2894 4369 Hac
2937 4315 3004 4370 de
3035 4326 3202 4368 causa
3251 4309 3492 4361 Lazarus
3521 4316 3689 4372 quar-

417 4439 514 4510 τὴν
547 4433 642 4489 τοῦ
676 4390 909 4502 ἐγείρειν
931 4390 1157 4496 νεκροὺς
1180 4390 1472 4493 ἐχαρίσατο
1518 4417 1783 4488 δύναμιν;
1817 4415 1983 4466 Ἐστιι

2107 4429 2220 4475 tum
2248 4416 2362 4486 jam
2402 4413 2545 4468 diem
2585 4418 2834 4464 mortuus
2861 4403 3081 4461 exsiluit
3115 4418 3145 4457 e
3171 4399 3426 4469 sepulcro
3448 4395 3516 4446 τ’.
3553 4390 3690 4445 Uni-

2411 4506 2459 4510 “‘
2577 4505 2586 4510 ·
2614 4504 2626 4510 “
2754 4500 2819 4510 ’“··
3015 4496 3026 4510 ¹
3102 4495 3137 4510 ι·
3297 4502 3393 4510 ---Α
3435 4483 3661 4510 Αη“ηιιηιὶιι
3683 4509 3689 4510 ,

418 4506 583 4600 οῦνεή
622 4523 895 4588 ἀπόδειξις
939 4517 1199 4589 ἐναργής.
1230 4513 1342 4568 Καὶ
1375 4511 1465 4566 διὰ
1503 4511 1578 4572 τί,
1612 4512 1660 4563 οἱ
1693 4506 2005 4578 φιλόνεικοι,

420 4598 726 4696 πράγματα
779 4617 913 4687 ἡμῖν
946 4610 1235 4682 παρέχετε,
1267 4605 1343 4669 ὠς
1396 4601 1803 4657 ἀναποδείκτων
1831 4598 2008 4666 λόγων

420 4689 746 4786 ἐξηγηταῖς-ς
784 4708 870 4769 Ὠς
917 4699 999 4766 εἷς
1047 4700 1291 4772 ἠγέρθη,
1322 4696 1464 4751 οῦτω
1497 4695 1591 4748 καὶ
1627 4693 1794 4746 δέκα⁶
1840 4689 1916 4752 ti);
1960 4689 2009 4741 οἱ

421 4812 592 4875 δέκα,
640 4805 734 4859 καὶ
779 4799 1118 4872 τριακόσιοιο
1166 4796 1242 4857 ὡς
1276 4792 1613 4864 τριακόσιοι,
1659 4787 1754 4842 καὶ
1800 4784 2005 4838 πολλοί.

434 4904 494 4958 '0
558 4900 670 4970 γὰρ
723 4895 841 4964 ἐνὸς
893 4888 1207 4960 ἀνδριάντος
1255 4883 1538 4955 τεχνίτης,
1608 4881 1758 4934 ἐσται
1813 4878 2016 4949 ῥᾳδίως.

425 4997 522 5054 καὶ
569 4977 1168 5065 μυρίωνδημιουργός.
1227 4979 1340 5034 Οὐκ
1392 4975 1562 5029 εἴδετε
1607 4973 1735 5035 τοὺς
1779 4988 2013 5041 μηχανι-

424 5060 595 5150 κοὺς..
637 5060 786 5143 ὅπως
831 5075 939 5130 τῶν
993 5071 1244 5144 μεγάλων
1288 5067 1383 5122 καὶ
1426 5063 1678 5130 ἐξαισίων
1728 5060 2014 5130 οἰκοδομη-

429 5181 617 5253 μάτων
662 5176 720 5226 ἐν
766 5169 933 5238 ὀλίγῳ
967 5162 1122 5236 κηρῷ
1143 5161 1243 5225 τὰς
1279 5157 1492 5231 μορφὰς
1532 5157 1627 5210 καὶ
1658 5156 1783 5218 τοῦς
1811 5153 2017 5215 τύπους

427 5263 1028 5343 προσαναπλάττουσιν;
1047 5255 1157 5308 Καὶ
1182 5253 1210 5304 ὁ
1229 5253 1287 5304 ἐν
1311 5249 1390 5320 τῷ
1417 5247 1596 5320 μικρῷ
1620 5247 1774 5314 λόγος
1798 5245 1895 5315 τὴν
1917 5245 2016 5298 αὐ-

429 5339 524 5435 την
555 5359 668 5430 ἔχει
695 5355 923 5424 δύναμιν
953 5351 1011 5402 ἐν
1042 5348 1162 5409 ταῖς
1197 5341 1418 5405 πολλαῖς
1445 5342 1539 5394 καὶ
1567 5339 1832 5411 μεγάλαις
1856 5353 2020 5390 κατα-

434 5429 678 5512 σκευαῖς.
693 5447 882 5514 Μέγας
908 5445 936 5495 ό
958 5439 1204 5511 οὐρανὸς,
1227 5434 1470 5504 τεχνικὸν
1489 5431 1584 5486 τοῦ
1607 5430 1741 5484 Θεοῦ
1758 5429 2018 5499 δημιούρ-

434 5558 611 5612 γημα.
651 5532 871 5602 Ἐπειδὴ
904 5529 962 5584 δὲ
996 5525 1213 5597 λογικὸν
1236 5523 1376 5589 ζῶον
1406 5526 1434 5576 6
1461 5522 1592 5586 Θεὸς
1620 5521 1710 5574 τὸν
1731 5518 2022 5592 ἄνθρωπον

510 5724 660 5782 'lsa.
695 5736 786 5790 XL,
819 5723 898 5778 l2.
977 5723 1016 5754 τ’
1041 5719 1195 5778 Joan.
1233 5735 1304 5786 si,
1342 5716 1427 5771 l5.
1505 5715 1522 5744 “
1559 5713 1690 5767 Luc.
1730 5724 1824 5776 vn,
1860 5705 1942 5760 l5.

2105 4527 2204 4568 cus
2245 4510 2374 4564 item
2410 4506 2500 4561 ille
2539 4504 2719 4558 viduae
2751 4500 2894 4555 filius
2917 4514 2985 4550 ex
3015 4495 3232 4556 lectica,
3290 4502 3398 4558 qua
3431 4483 3691 4540 effereba-

2106 4615 2215 4669 tur,
2252 4602 2317 4656 ad
2347 4599 2499 4670 vivos
2530 4600 2824 4651 revocatus
2880 4588 3040 4644 matri
3074 4600 3188 4642 sua:
3232 4580 3484 4637 redditus
3513 4586 3598 4630 est
3625 4575 3647 4606 ⁸
3676 4591 3690 4628 :

2106 4705 2271 4766 atque
2304 4692 2394 4745 alii
2447 4687 2731 4746 sexcenti,
2766 4697 2906 4752 quos
2945 4690 3273 4734 enumerare
3321 4684 3470 4725 nunc
3525 4666 3694 4720 mole-

2107 4747 2250 4842 sttim
2281 4781 2464 4838 fuerit.
2498 4776 2642 4845 Quid
2672 4747 2799 4830 dico
2821 4772 2887 4826 de
2911 4771 3019 4825 Deo
3055 4783 3122 4823 ac
3169 4747 3696 4828 Servatore?‘quan-

2113 4875 2428 4948 doquidem,
2472 4879 2532 4925 ut
2580 4865 2756 4936 magis
2811 4862 3102 4918 flectantur
3135 4866 3190 4912 et
3238 4857 3561 4909 moveantur
3617 4846 3694 4900 illi

2114 4946 2543 5043 qui—ambigunt,
2584 4959 2750 5014 etiam
2783 4955 2957 5012 servis
2986 4953 3103 5009 suis
3143 4946 3411 5019 apostolis
3452 4950 3696 4996 mortuos

2114 5031 2400 5117 excitandi
2422 5054 2678 5107 virtutem
2704 5048 2940 5116 largitus
2963 5052 3065 5098 est.
3105 5033 3508 5111 Demonstratio
3535 5031 3700 5100 igitur

2115 5151 2342 5208 evidens
2361 5153 2446 5201 est
2467 5159 2529 5197 ac
2547 5137 2856 5196 manifesta.
2888 5134 2951 5187 Et
2972 5147 3071 5187 cur
3089 5131 3244 5184 nobis
3260 5124 3532 5194 negotium
3549 5117 3702 5174 exhi-

2120 5246 2282 5305 betis,
2299 5236 2649 5299 contentiosi,
2670 5231 2828 5302 quasi
2850 5239 3187 5284 sermonum.
3209 5220 3299 5290 qui
3326 5212 3696 5274 demonstrari

2124 5349 2238 5390 non
2262 5329 2498 5402 possint,
2533 5319 2892 5378 auctoribus?
2929 5311 3399 5382 Quemadmodum
3441 5320 3582 5361 unus
3605 5319 3700 5358 cx-

2125 5425 2328 5480 citatus
2350 5427 2453 5483 est,
2487 5416 2676 5473 eodem
2713 5409 2878 5465 modo
2904 5407 3116 5469 decem,
3151 5405 3224 5458 ita
3253 5410 3308 5457 et
3343 5395 3604 5462 trecenti;
3641 5399 3704 5446 ut

2126 5515 2378 5581 trecenti,
2412 5511 2487 5568 ita
2517 5507 2680 5565 etiam
2711 5503 2916 5576 plures.
2953 5495 3132 5554 Unius
3158 5493 3304 5550 enim
3340 5497 3536 5548 statuae
3567 5481 3700 5541 arti-
