4084 6158
445 216 548 275 667

1703 213 1761 269 S.
1803 210 2132 268 CREGOBII
2167 209 2462 265 NYSSL‘NI

3587 197 3688 254 δίε

446 335 534 390 fex
567 335 652 389 vel
686 341 1070 390 sexcentarum
1111 330 1269 387 facile
1307 330 1489 400 opifex
1529 329 1652 385 erit.
1688 333 1885 385 Annon
1936 329 2019 384 vi-

2135 327 2398 398 ἐποίησεν,
2427 327 2512 380 ἵνα
2544 327 2612 395 τῇ
2643 322 2941 394 καταλήψει
2988 320 3096 373 τῶν
3142 315 3462 387 ποιημάτων
3495 311 3692 387 δοξάσῃ

444 427 588 482 detis
647 427 1025 489 mechanicas,
1081 422 1540 494 quemadmodum
1589 439 1911 493 magnorum
1959 429 2014 478 et

447 517 748 586 ingentium
779 502 1130 570 aediﬁciorum
1158 512 1363 568 formas
1395 521 1449 567 et
1487 513 1688 582 ﬁguras
1729 513 1782 566 in
1816 512 2012 582 exigua

445 624 571 664 cera
609 606 926 678 speciminis
986 606 1107 661 loco
1153 605 1415 676 efﬁngunt
1461 614 1624 674 atque
1681 603 2015 672 designant?

446 703 527 755 Ac
549 701 690 754 ratio
737 713 858 769 qua)
904 698 956 752 in
986 713 1156 768 parvo
1175 705 1279 762 est,
1336 697 1583 752 eamdem
1616 695 1908 752 vimbabet
1959 695 2014 750 in

447 791 636 846 multis
673 804 738 844 ac
762 789 974 859 magnis
1009 789 1323 845 structuris.
1355 787 1608 860 Magnum
1667 788 1898 848 caelum,
1923 801 2018 839 ar-

447 881 740 938 tificiosnm
771 879 862 936 Dei
927 881 1206 950 opiﬁcium
1249 889 1353 937 est.
1416 880 1496 935 Ac
1559 879 1820 949 quoniam
1875 877 2019 933 Deus

448 971 726 1028 hominem
751 970 952 1029 animal
979 971 1248 1025 rationale
1275 968 1425 1034 fecit,
1445 977 1503 1023 ut
1528 967 2020 1038 comprehensione

447 1078 675 1134 operum
705 1061 971 1132 gloriﬁcet
999 1062 1302 1130 sapientem
1331 1068 1387 1114 et
1418 1060 1674 1116 solertem
1703 1073 1896 1114 eorum
1928 1055 2018 1112 fa-

447 1154 799 1215 bricatorem.
850 1153 1036 1208 videas
1092 1151 1394 1209 astronomi
1455 1149 1724 1220 sphaeram
1790 1162 2016 1219 parvam

447 1243 694 1314 quidem,
723 1243 817 1299 sed
856 1241 908 1296 in
937 1255 1101 1296 manu
1137 1240 1362 1296 scientis
1398 1239 1472 1294 ita
1499 1237 1728 1298 moveri,
1757 1235 2022 1308 quemad-

360 1396 363 1397 ν
449 1335 669 1389 modum
703 1348 734 1392 a
781 1332 891 1388 Deo
951 1333 1150 1388 cmlum
1184 1344 1452 1388 movetur.
1484 1330 1564 1388 Ac
1606 1329 1830 1386 minima
1874 1335 2023 1388 stru-

2111 418 2201 472 τόν
2239 415 2398 484 σοφὸν
2438 414 2533 469 καὶ
2555 414 2866 485 εὐμήχανον.
2891 408 3139 480 ποιητὴν,
3157 404 3350 476 ὅψειτὺ
3372 402 3467 456 τοῦ
3494 404 3678 474 ἀστρο-

2113 510 2276 580 νόμου
2307 507 2554 580 σφαιρίον
2579 506 2770 578 μικρὸν
2805 505 2924 575 μὲν,
2953 504 3014 555 ὲν
3033 501 3089 554 δὲ
3119 501 3185 570 τῇ
3211 497 3356 570 χειρὶ
3375 494 3694 564 κινούμενον

2111 601 2207 656 τοῦ
2232 602 2593 673 ἐπιστήμονος
2645 596 2818 660 οὕτως
2853 595 2928 660 ὡς
2958 591 3185 665 οὐρανὸς
3222 587 3373 661 παρὰ
3406 587 3500 640 τοῦ
3530 585 3690 649 Θεοῦ,

2114 696 2208 748 καὶ
2229 693 2584 762 τὺλὲλάχιστον
2604 687 3034 757 κατασκεύασμα
3053 683 3148 738 τοῦ
3170 681 3410 754 μεγάλου
3434 679 3697 749 δημιουρ-

2116 785 2364 854 γήματος
2395 779 2561 834 εἰκὼν
2582 778 2790 848 γίνεται
2823 793 2840 810 ⁸
2876 776 2972 831 καὶ
2993 777 3051 830 ὲν
3083 775 3198 836 τοῖς
3235 772 3453 844 μικροῖς
3476 769 3505 822 ὁ
3537 768 3706 834 λόγος·

2119 871 2410 945 ἐρμηνεύει
2458 869 2528 924 τὰ
2559 869 2802 940 ύπέροχα
2846 867 2941 921 καὶ
2967 865 3034 920 τὰ
3076 865 3176 935 τὴν
3227 860 3478 931 αἴσθησιν
3535 856 3707 945 ἡμῶν.

2119 943 2532 1034 ὑπερϐαίνοντα.
2551 959 2738 1014 Ταῦτα
2771 958 2830 1012 δὲ
2879 956 3017 1028 πρὸς
3050 954 3105 1008 τί
3135 951 3354 1022 διῆλθον
3378 967 3403 1012 ;.
3425 948 3513 1001 ἵνα
3540 943 3696 1014 γινώο

2120 1073 2255 1126 σκῃς
2277 1055 2359 1108 ὅτι
2387 1053 2492 1108 κᾶν
2519 1051 2800 1123 ἐρωτήσῃς
2831 1065 2901 1120 με
2929 1045 3048 1109 πῶς
3103 1044 3257 1098 ἔσται
3293 1041 3403 1094 τῶν
3433 1038 3528 1094 ἀπ’
3565 1035 3695 1089 αἰῶ-

2119 1164 2209 1209 νος
2239 1145 2506 1216 σωμάτων
2528 1143 2562 1212 ἡ
2591 1141 2920 1202 ἀνάστασις,
2952 1133 3260 1207 ἀντακούσῃ
3307 1131 3540 1203 ταχέως,
3571 1126 3696 1189 Πῶς

2119 1238 2149 1289 ὁ
2178 1236 2553 1307 τετραήμερος
2605 1231 2815 1306 ἠγέρθη
2849 1230 3099 1302 Λάζαρος
3128 1246 3144 1296 ;
3177 1224 3450 1298 Πρόδηλον
3481 1222 3590 1292 γὰρ
3617 1221 3696 1284 ὡς

2119 1325 2217 1397 τὴν
2244 1326 2336 1378 ἐπὶ
2374 1323 2450 1394 τῷ
2473 1324 2553 1377 ἓν).
2575 1320 2963 1392 πληροφορίαν,
2994 1319 3098 1373 κάν
3125 1319 3236 1379 τοῖς
3253 1313 3470 1376 πολλοῖς
3495 1311 3706 1381 ὁμοίως

449 1436 607 1480 ctura
671 1424 851 1495 magni
906 1424 1052 1478 illius
1106 1423 1307 1492 opificii
1368 1422 1720 1478 simulacrum
1774 1426 1860 1474 est
1912 1436 1925 1472 :
1969 1425 2026 1472 et

2135 1415 2416 1487 σωφρονῶν
2446 1412 2824 1485 παραδέξεται.
2868 1409 3001 1464 Θεὸν
3029 1405 3410 1475 ὑποτιθέμενος
3450 1403 3704 1495 τὸνῂποι-

451 1515 615 1580 ratio,
643 1489 789 1584 quae
813 1515 864 1576 in
899 1515 1082 1585 parvis
1133 1489 1238 1581 est,
1270 1514 1514 1573 declarat
1569 1513 1858 1573 immensa,
1903 1525 2024 1579 quae

2135 1507 2286 1561 iﬁvm
2311 1548 2326 1572 ,
2364 1504 2532 1577 μηδὲν
2579 1503 2742 1573 εἴπῃς
2773 1499 3053 1559 ἀδύνατον,
3101 1495 3238 1568 μηδὲ
3269 1497 3337 1565 τῇ
3386 1489 3581 1546 σαυτοῦ
3615 1491 3700 1544 ὲν·-

449 1613 700 1665 nostrum
728 1621 946 1661 sensum
971 1613 1026 1661 et
1053 1606 1388 1662 intellectum
1416 1611 1748 1672 exsuperant
1770 1609 1825 1658 et
1853 1616 2023 1657 exce-

2135 1600 2243 1671 νοίᾳ
2270 1595 2622 1667 καταληπτὴν
2653 1592 2881 1663 νομίσῃς
2908 1589 3006 1660 τὴν
3046 1588 3140 1642 τοῦ
3172 1584 3562 1655 ἀκαταλήπτου

450 1696 609 1751 dunt.
645 1696 750 1752 Sed
773 1713 871 1752 cur
905 1699 1018 1753 haec
1045 1697 1312 1768 exposui?
1352 1707 1410 1753 ut
1440 1670 1736 1766 intelligas,
1787 1693 1934 1764 quod
1974 1693 2022 1748 si

2135 1670 2272 1760 pinv.
2307 1687 2444 1744 Οῦτε
2489 1686 2598 1756 γὰρ
2629 1683 2820 1753 ἐκείνῳ
2838 1698 2891 1735 τι
2935 1680 3178 1751 ἄπειρον,
3207 1678 3301 1734 καὶ
3352 1676 3436 1730 σοὶ
3478 1674 3550 1728 τὰ
3600 1670 3702 1726 τοῦ

452 1803 539 1842 me
591 1803 810 1858 quoque
862 1789 1320 1858 interrogaveris,
1371 1785 1648 1857 quomodo
1697 1799 2023 1855 corporum,

2135 1781 2364 1853 ἀπείρου,
2393 1776 2816 1848 ἀνεξεραύνητα.

451 1893 575 1946 qme
607 1878 676 1932 ab
731 1878 931 1934 sacculo
964 1894 1139 1951 usque
1171 1878 1411 1942 fuerunt,
1448 1877 1784 1932 resurrectio
1847 1874 2033 1928 futura

451 1966 586 2030 erit.
621 1977 816 2028 contra
849 1969 1030 2025 statim
1050 1948 1271 2026 'audies
1302 1988 1314 2022 :
1347 1967 1622 2039 quomodo
1647 1966 1911 2027 Lazarus,
1953 1964 2048 2034 qui
2079 1971 2334 2032 quartum
2369 1960 2482 2030 jam
2512 1958 2658 2013 diem
2707 1954 2956 2026 sepultus
2997 1960 3146 2016 erat,
3177 1948 3532 2012 resuscitatus
3585 1949 3707 2003 est?

450 2059 807 2130 Perspicuum
840 2061 984 2116 enim
1024 2069 1130 2122 est,
1163 2060 1309 2130 quod
1344 2038 1465 2115 eam
1503 2057 1665 2113 ﬁdem
1700 2067 1755 2112 et
1793 2056 2166 2128 probationem
2195 2068 2316 2123 quae
2347 2053 2400 2106 in
2440 2065 2550 2106 uno
2593 2048 2669 2108 ﬁt.
2721 2049 2884 2104 etiam
2919 2045 2974 2100 in
3029 2043 3213 2098 multis
3251 2040 3503 2096 similiter
3542 2038 3718 2092 homo.

451 2165 621 2205 sanus
671 2150 980 2206 admiserit.
1026 2150 1214 2206 Posito
1271 2149 1415 2218 quod
1453 2147 1596 2204 Deus
1635 2149 1730 2213 sit,
1760 2147 1854 2217 qui
1893 2147 2078 2210 faciat,
2118 2145 2255 2200 nihil
2311 2142 2516 2198 dixeris
2549 2156 2702 2205 esse,
2733 2137 2881 2209 quod
2935 2135 3054 2191 ﬁeri
3101 2149 3209 2190 non
3261 2131 3438 2202 possit
3476 2147 3490 2183 :
3531 2145 3721 2218 neque-

452 2255 545 2300 tua
601 2244 930 2314 cogitatione
977 2241 1184 2313 percipi
1222 2216 1384 2312 posse
1432 2251 1592 2312 putes
1632 2216 1801 2307 illius,
1841 2238 1935 2310 qui
1974 2233 2362 2306 comprehendi
2409 2248 2518 2288 non
2566 2238 2786 2301 potest,
2831 2225 3176 2297 sapientiam.
3225 2221 3412 2291 Neque
3449 2220 3596 2275 enim
3628 2216 3718 2272 illi.

451 2336 750 2406 quidquam
794 2334 1070 2392 inﬁnitum
1113 2351 1129 2388 :
1176 2340 1234 2389 at
1285 2333 1386 2388 tibi
1438 2348 1524 2400 ea,
1558 2347 1681 2404 qua:
1717 2333 1990 2401 pertinent
2025 2331 2092 2386 ad
2136 2327 2336 2383 inﬁniti
2386 2328 2770 2397 quaestionem,
2813 2319 3191 2377 inscrutabilia
3215 2323 3278 2370 et
3309 2314 3710 2386 investigahilia

453 2443 602 2492 sunt.

526 2569 847 2626 Videbimus
913 2577 1092 2624 autem
1158 2568 1300 2623 hanc
1358 2568 1628 2623 rationem
1673 2567 1921 2638 pulchre,
1980 2565 2027 2621 si

2208 2561 2485 2633 Ὀψόμεθα
2513 2559 2569 2614 δὲ
2601 2557 2790 2612 τοῦτον
2819 2555 2908 2609 τὸν
2932 2554 3090 2622 λόγον
3111 2550 3312 2615 καλῶς,
3333 2549 3399 2604 ἂν
3435 2547 3571 2619 πρὸς
3599 2549 3712 2610 τοῖς

454 2673 655 2735 prater
687 2678 751 2718 ea
773 2677 894 2733 qua:
915 2661 1061 2715 dicta
1084 2669 1232 2728 sunt,
1261 2671 1570 2717 scrutemur
1599 2667 1653 2715 et
1675 2661 2030 2729 exquiramus

2135 2662 2437 2734 εἰρημένοις
2463 2660 2556 2714 καὶ
2588 2659 2676 2712 τὸν
2703 2657 2902 2729 τρόπον
2931 2657 3031 2726 τῆς
3073 2653 3341 2722 γενέσεως
3367 2653 3400 2722 ἡ
3411 2649 3526 2720 μῶν
3565 2648 3712 2701 δοκι-

455 2756 680 2810 modum
717 2754 1086 2824 generationis
1129 2763 1354 2815 nostrae,
1386 2766 1494 2806 non
1524 2751 1761 2822 primum
1809 2758 1862 2804 et
1891 2747 2033 2802 anti-

2135 2755 2419 2826 μάσωμεν,
2453 2752 2513 2804 ού
2560 2750 2650 2803 τὸν
2704 2747 2918 2818 πρῶτον
2952 2745 3046 2800 καὶ
3089 2742 3460 2814 πρεσϐύτατον
3507 2740 3721 2792 ἐκεῖνον.

459 2844 784 2916 quissimum
810 2843 984 2909 illum,
1013 2860 1041 2897 a
1077 2842 1184 2896 Deo
1208 2842 1482 2912 proditum
1507 2851 1561 2897 et
1590 2841 1926 2903 institutum,
1965 2838 2034 2893 de

2135 2847 2220 2900 τὸν
2261 2844 2416 2914 παρά
2442 2841 2598 2907 Θεοῦ,
2625 2843 2750 2911 περὶ
2779 2831 2840 2892 οῦ
2882 2840 2941 2890 ὲν
2983 2839 3096 2900 τοῖς
3142 2832 3450 2905 ἔμπροσθεν
3495 2831 3718 2901 εἴρηται.

458 2950 571 3005 quo
596 2935 650 2988 in
691 2933 1066 3002 superioribus
1113 2934 1255 2988 dicta
1285 2940 1414 2989 sunt
1471 2932 1617 2998 haec;
1651 2931 1745 2986 sed
1776 2945 1898 2984 eum
1940 2929 2033 2997 qui

2139 2947 2344 3010 ταῦτα,
2379 2943 2514 2999 ἀλλὰ
2573 2943 2665 2997 τὸν
2715 2940 2878 3012 μέχρι
2920 2937 3015 2992 νῦν
3065 2934 3371 2998 ἀκολούθως
3415 2933 3567 3004 παρὰ
3616 2932 3720 3002 τῆς

460 3041 640 3096 usque
662 3025 729 3079 ad
757 3023 861 3078 hoc
895 3032 1113 3094 tempus
1141 3024 1502 3079 consimiliter
1534 3038 1563 3076 a
1604 3031 1797 3077 natura
1827 3021 2036 3092 perﬁci-

2142 3047 2356 3118 φύσεως
2372 3041 2590 3096 ὲκτελού
2599 3057 2778 3112 μενον.
2802 3039 3038 3109 Ι’Δττορος
3059 3035 3168 3106 γὰρ
3182 3027 3336 3097 οὗτος
3357 3031 3451 3086 καὶ
3472 3028 3715 3101 λογισμῷ

462 3124 576 3172 tur.
600 3114 1007 3184 lnerplicabilis
1038 3115 1182 3169 enim
1210 3113 1300 3168 hic
1347 3122 1454 3178 est,
1486 3121 1542 3168 et
1583 3109 1901 3183 cogitationi
1929 3109 2036 3163 hu-

2137 3109 2461 3218 ἀνθρωπίνῳ
2507 3109 2820 3212 ἀπρόσιτος.
2851 3137 2988 3202 ,Πῶς
3017 3136 3125 3208 γὰρ
3174 3135 3235 3189 τὸ
3286 3134 3507 3204 σπέρμα
3558 3129 3721 3183 οὐσία

461 3223 639 3280 mana:
669 3207 1004 3262 inaccessus.
1053 3203 1187 3258 Nam
1234 3220 1341 3276 qua
1376 3205 1611 3267 ratione,
1653 3217 1778 3257 cum
1809 3216 1896 3256 res
1934 3200 2037 3254 hu-

463 3298 632 3364 mida,
669 3296 820 3352 rudis
858 3307 911 3352 et
961 3295 1212 3352 informis
1247 3296 1344 3362 sit,
1387 3311 1572 3351 semen
1597 3296 1653 3349 in
1687 3301 1851 3363 caput
1905 3307 2038 3346 con-

465 3389 688 3455 crescit,
718 3389 881 3444 tibias
918 3396 971 3443 οι
1003 3397 1187 3445 costas
1235 3388 1480 3444 durescit
1535 3394 1590 3442 et
1639 3385 2037 3450 consolidatur,

465 3479 752 3534 cerebrum
777 3477 938 3532 cﬁicit
962 3487 1208 3532 tenerum
1250 3489 1568 3545 rarumque,
1600 3483 1653 3530 et
1682 3487 1746 3527 os
1766 3487 1874 3542 quo
1903 3485 2039 3525 con-

465 3571 694 3633 tinetur,
735 3569 872 3624 adeo
907 3569 1104 3623 durum
1146 3583 1212 3623 ac
1261 3567 1517 3638 rigidum,
1563 3565 1771 3621 variam
1805 3562 2041 3633 denique

466 3661 723 3717 animalis
755 3661 1174 3715 fabricationem
1196 3668 1250 3715 et
1299 3657 1772 3728 compositionem.
1815 3660 1875 3706 ut
1918 3653 2044 3707 bre-

467 3754 609 3808 viter
651 3753 852 3820 dicam,
894 3768 956 3806 ac
992 3753 1196 3807 nimius
1227 3768 1296 3806 ne
1330 3752 1434 3807 sim
1481 3749 1792 3803 minutatim
1829 3747 2042 3816 singula

465 3845 864 3914 persequendo.
902 3843 1374 3908 Quemadmodum
1423 3842 1588 3910 igitur
1630 3856 1840 3903 semen,
1897 3838 2043 3908 quod

470 3934 629 3988 initio
669 3932 903 3988 informe
935 3943 1042 3998 est,
1077 3933 1207 3987 dum
1262 3933 1477 3986 occulta
1511 3938 1565 3986 et
1611 3930 1868 3985 ineffabili
1927 3937 2045 3984 arte

473 4020 571 4076 Dei
604 4031 894 4090 tractatur,
927 4025 982 4078 in
1023 4024 1258 4094 speciem
1301 4024 1588 4095 redigitur,
1617 4032 1672 4079 et
1702 4025 1756 4078 in
1811 4037 2045 4092 corpora

471 4113 787 4184 grandescit
835 4122 887 4169 et
938 4115 1199 4170 adolescit
1240 4133 1253 4170 :
1298 4114 1370 4168 ita
1424 4129 1533 4169 non
1587 4115 1750 4170 modo
1799 4130 1908 4169 non
1962 4122 2048 4168 est

472 4205 742 4260 absonum
788 4212 842 4260 et
902 4205 1228 4274 absurdum,
1279 4223 1466 4262 verum
1532 4209 1696 4264 etiam
1754 4205 2046 4260 admodum

469 4307 902 4354 consentaneum
955 4307 1118 4368 atque
1153 4299 1434 4369 probabile
1468 4301 1750 4354 materiam
1805 4313 1930 4368 quae
1967 4306 2051 4352 est

461 4390 529 4445 'in
602 4390 890 4454 sepulcris,
927 4406 1049 4460 quze
1079 4391 1353 4461 quondam
1383 4401 1499 4446 erat
1531 4391 1586 4445 in
1631 4389 1828 4452 forma,
1857 4402 2050 4444 rursus

2138 3235 2272 3294 οὖσα
2321 3235 2464 3308 ὑγρὰ
2495 3236 2589 3288 καὶ
2635 3233 2907 3294 ἄπλαστος
2936 3231 3029 3285 καὶ
3067 3226 3280 3299 ἀνειδὴς
3300 3265 3316 3291 ,
3349 3228 3428 3288 είς
3479 3220 3720 3293 κεφαλὴν

2140 3341 2432 3410 πήγνυται,
2464 3335 2557 3388 καὶ
2587 3335 2665 3397 είς
2705 3332 3036 3401 ἀντικνήμια
3064 3328 3158 3382 καὶ
3191 3324 3431 3398 πλευρὰς
3462 3321 3715 3396 στερεοῦ-

2138 3449 2248 3495 ται,
2273 3429 2368 3484 καὶ
2403 3429 2547 3482 ποιεῖ
2576 3423 2877 3496 ἐγκέφαλον
2924 3421 3131 3478 ἁπαλὸν
3171 3419 3266 3474 καὶ
3315 3416 3501 3488 μανὸν,
3536 3415 3632 3468 καὶ
3661 3412 3723 3468 τδ

2139 3524 2392 3596 περιέχον
2423 3521 2583 3576 αὐτὸν
2609 3517 2796 3572 ὀστέον
2838 3514 2981 3569 οὕτω
3015 3512 3244 3584 σκληρὸν
3289 3510 3383 3564 καὶ
3413 3505 3722 3573 ἀντιτυπὲς,

2143 3616 2237 3670 καὶ
2257 3615 2353 3684 τὴν
2375 3612 2623 3682 ποικίλην
2648 3609 2740 3664 τοῦ
2767 3607 2906 3674 ζώου
2939 3605 3304 3675 κατασκευὴν,
3331 3605 3424 3657 ἵνα
3447 3602 3721 3671 συντόμως,

2143 3707 2304 3769 εἴπω,
2333 3706 2425 3760 καὶ
2445 3705 2522 3775 μὴ
2546 3702 2806 3775 παρέλκω
2823 3697 3173 3770 λεπτομερῶς
3205 3694 3433 3761 ἐπεξιὼν
3455 3697 3566 3758 τοῖς
3589 3693 3719 3747 καθ-

2145 3799 2383 3863 brato-ca;
2415 3798 2502 3860 Ὠς
2553 3791 2646 3848 οῦν
2699 3794 2759 3847 τὸ
2805 3791 3028 3863 σπέρμα
3076 3789 3315 3860 ὑπάρχον
3370 3787 3617 3858 ἄμορφον
3667 3786 3723 3838 ὲν

2145 3901 2360 3970 ἀρχαῖς,
2395 3899 2474 3962 είς
2503 3896 2689 3966 σχῆμα
2721 3892 3006 3958 τυποῦται,
3033 3891 3128 3944 καὶ
3160 3892 3239 3951 είς
3275 3888 3472 3956 ὄγκους
3503 3886 3724 3958 ἁδρύνε-

2145 3991 2334 4060 ται,τῇ
2360 3989 2654 4058 ἀπορρήτῳ
2678 3986 2773 4039 τοῦ
2797 3984 2932 4040 Θεοῦ
2963 3981 3498 4051 κατασκευαζόμενον
3525 3978 3688 4049 τέχνῃ
3705 3993 3720 4008 ο

2146 4089 2318 4152 οῦτως
2342 4078 2493 4140 οὐδὲν
2520 4084 2762 4147 ἀπεικὸς.
2798 4081 2932 4138 ἀλλὰ
2965 4080 3056 4134 καὶ
3091 4079 3233 4138 πάνυ
3273 4076 3562 4132 ἀκόλουθον
3581 4115 3596 4139 ,
3626 4073 3723 4145 τὴν

2148 4181 2205 4233 ὲν
2225 4182 2341 4242 τοῖς
2373 4178 2567 4246 τάφοις
2605 4175 2759 4244 ὓλην,
2795 4174 2894 4244 τήν
2927 4188 3056 4225 ποτε
3085 4165 3251 4223 οὖσαν
3284 4169 3342 4220 ὲν
3383 4167 3532 4230 εῖδει,
3570 4161 3723 4227 αὖθις

2150 4274 2230 4336 εἰς
2263 4271 2362 4342 τὴν
2393 4267 2631 4323 παλαιὰν
2662 4262 3112 4332 ἁνακαινισθῆναι
3141 4259 3457 4322 διάπλασιν,
3497 4257 3591 4311 καὶ
3621 4256 3723 4311 πά·

2149 4372 2234 4426 λιν
2279 4369 2529 4440 γενέσθαι
2574 4367 2666 4422 τὸν
2709 4365 2836 4437 χοῦν
2865 4364 3149 4434 ἄνθρωπον
3179 4378 3191 4393 ·
3217 4360 3406 4430 ὥσπερ
3435 4358 3500 4428 δὴ
3533 4358 3626 4411 καὶ
3669 4356 3729 4409 τὸ

463 4479 528 4535 'in
565 4480 853 4550 pristinam
895 4479 1145 4536 renovari
1197 4481 1422 4551 ﬁguram
1454 4496 1519 4536 ac
1547 4495 1741 4535 rursus
1773 4479 2036 4549 pulverem

2151 4464 2368 4535 πρῶτον
2423 4461 2632 4515 ἐκεῖθεν
2676 4459 2801 4527 ἔσχε
2847 4457 2947 4527 τὴν
2995 4456 3229 4524 γένεσιν.
3280 4453 3728 4522 Συγχωρήσωμεν

463 4571 589 4626 ﬁeri
653 4570 926 4626 hominem
981 4589 994 4626 :
1046 4570 1504 4641 quemadmodum
1563 4569 1820 4624 nimirum
1887 4569 2054 4623 etiam

471 4665 633 4720 initio
668 4672 863 4719 nactus
900 4675 983 4719 est
1034 4665 1164 4719 inde
1207 4664 1635 4734 generationem.
1674 4661 2056 4718 Concedamus

472 4757 608 4824 Deo,
649 4758 795 4828 quod
852 4768 1057 4813 tantum
1093 4759 1288 4828 possit,
1337 4766 1601 4828 quantum
1639 4757 1781 4811 valet
1809 4755 2052 4827 ﬁgulus:

471 4856 528 4902 et
557 4848 687 4917 quid
719 4848 805 4903 hic
837 4847 1025 4914 faciat,
1084 4849 1516 4904 consideremus.
1552 4847 1709 4903 Rude
1761 4855 1927 4918 atque
1971 4848 2057 4902 in-

471 4939 650 4996 forme
688 4942 860 4996 lutum
908 4953 1192 5013 acceptum
1241 4942 1307 4997 ad
1347 4941 1589 4996 formam
1633 4941 1781 4997 vasis
1827 4941 2047 5011 redigit,

473 5033 642 5103 idque
690 5034 862 5090 radiis
896 5035 1028 5090 solis
1074 5035 1382 5105 expositum
1429 5035 1601 5089 siccat
1641 5047 1705 5088 ac
1738 5034 1921 5089 durat.
1955 5033 2050 5089 Est

478 5135 684 5187 autem,
719 5126 870 5180 verbi
907 5126 1103 5196 gratia,
1131 5124 1183 5180 id
1215 5125 1360 5196 quod
1402 5124 1627 5195 ﬁngitur
1657 5133 1821 5193 atque
1855 5125 2052 5180 forma-

2149 4564 2228 4635 τῷ
2250 4563 2368 4634 Θεῷ
2406 4559 2665 4616 δύνασθαι
2699 4556 2976 4619 τοσοῦτον,
3005 4556 3128 4608 ὅσον
3147 4557 3176 4607 ὁ
3213 4552 3488 4623 κεραμεὺς
3517 4550 3690 4619 ἰσχύει
3711 4563 3726 4580 '

2148 4657 2202 4710 τί
2225 4659 2334 4727 γὰρ
2366 4647 2524 4717 οὗτος
2556 4653 2720 4711 ποιεῖ,
2738 4646 3100 4718 λογισώμεθα.
3136 4645 3314 4716 Πηλὸν
3340 4642 3519 4697 λαϐὼν
3555 4643 3726 4711 ἄμορι

2150 4765 2271 4816 φον,
2303 4747 2384 4809 είς
2407 4743 2608 4806 σκεῦος
2647 4741 2900 4804 ὁδοποιεῖ,
2935 4740 3030 4794 καὶ
3056 4736 3216 4791 τοῦτο
3238 4734 3375 4808 πρὸς
3399 4735 3499 4804 τὴν
3537 4733 3730 4786 ἀκτῖνα

2145 4838 2250 4910 ’τὴν
2277 4836 2504 4908 ἡλιακὴν
2525 4834 2861 4907 προθέμενος
2897 4830 3141 4902 ξηραίνει
3167 4828 3262 4883 καὶ
3309 4825 3527 4896 στερεὸν
3556 4824 3730 4894 ἀπερ-

2155 4939 2400 5008 γάζεται.
2435 4937 2590 4990 Ἔστι
2616 4935 2674 4988 δὲ
2715 4929 3134 5004 ἀμφορίσκος,ἢ
3172 4925 3363 4994 πίναξ,
3398 4925 3430 4994 ἢ
3475 4922 3633 4986 πίθος
3672 4920 3734 4975 τὸ

2157 5030 2528 5100 πλαττόμενον
2549 5045 2564 5060 ο
2604 5027 2720 5082 ἀλλ’
2771 5023 3102 5096 ἐμπεσόντος
3151 5020 3294 5083 τινὸς
3342 5017 3592 5078 ἀτάκτως
3640 5013 3733 5068 καὶ

2151 5122 2577 5194 ἀνατρέψαντος,
2599 5117 2939 5190 ωπρίόεται
2971 5110 3297 5169 καταπεσὼν
3323 5151 3338 5176 ,
3380 5109 3473 5162 καὶ
3526 5106 3733 5174 γίνεται

476 5223 570 5270 tur
605 5217 883 5278 urceolus,
918 5218 1002 5271 vel
1028 5217 1278 5283 sculella,
1309 5216 1392 5270 vel
1425 5215 1631 5270 dolium
1652 5254 1670 5282 ,
1713 5217 1808 5272 sed
1838 5213 1884 5268 si
1917 5218 2036 5282 quid

2159 5215 2481 5286 ἀμόρφωτπ
2519 5213 2611 5284 γῆ.
2643 5213 2701 5265 '0
2728 5211 2786 5265 δὲ
2815 5208 3066 5280 τεχνίτης
3101 5202 3381 5276 βουληθεὶς
3420 5199 3588 5266 ὀξέως
3636 5199 3734 5250 ὲπ-

479 5314 687 5362 temere
729 5308 983 5362 inciderit
1012 5315 1066 5362 ει
1101 5307 1454 5373 subverterit,
1479 5307 1784 5376 collapsum
1818 5305 2034 5360 confrin

2158 5311 2375 5383 ανορθοῖ
2399 5310 2461 5363 τὸ
2506 5307 2742 5379 συμϐὰν,
2775 5305 2870 5359 καὶ
2904 5303 3068 5357 πάλιν
3093 5304 3262 5366 πηλὸν
3294 5293 3640 5383 σχηματίσας
3665 5291 3728 5383 τῇ

487 5398 652 5467 gitur,
687 5408 742 5454 et
776 5399 930 5455 rudis
962 5408 1017 5454 et
1046 5399 1298 5455 informis
1335 5407 1480 5454 terra
1515 5399 1590 5464 ﬁt,
1621 5375 1888 5468 suamque
1926 5414 2036 5469 spe~

2157 5375 2341 5468 τέχνῃ,
2380 5396 2530 5450 οὐδὲν
2580 5375 2760 5466 χεῖρον
2795 5389 2892 5445 τοῦ
2935 5406 3064 5443 ποτε
3096 5387 3250 5448 ’ὖντος
3280 5379 3653 5452 ἀπεργάζεται
3674 5375 3732 5469 το

485 5463 874 5542 ciemamittit.
913 5486 983 5542 At
1017 5488 1234 5554 artifex,
1275 5489 1323 5544 si
1355 5463 1612 5556 voluerit,
1649 5463 1906 5544 celeriter
1939 5463 2036 5544 cor

2145 5463 2373 5553 σκεῦος.
2406 5488 2516 5542 Καὶ
2552 5463 2713 5558 eiet
2745 5481 3022 5555 κεραμεὺς
3055 5473 3227 5543 οὗτος,
3267 5472 3461 5545 μικρὸν
3508 5469 3609 5540 τῆς
3638 5463 3729 5518 τοῦ

474 5579 617 5654 ,τίθει
638 5591 702 5634 ac
731 5578 904 5636 reficit
923 5579 976 5638 id
999 5579 1142 5654 quod
1164 5597 1292 5640 casu
1317 5593 1632 5655 corruptum
1655 5590 1758 5650 est,
1777 5597 1837 5638 ac
1862 5597 2036 5638 rursus

2163 5584 2296 5641 Θεοῦ
2329 5583 2609 5651 δυνάμεως
2665 5580 2891 5649 κτίσμα,
2936 5577 2965 5632 ὁ
3011 5575 3067 5631 δὲ
3095 5573 3226 5638 Θεὸς
3278 5565 3588 5627 ἀπιστεῖται
3625 5561 3729 5617 ὕπο
