4084 6158
325 229 432 288 669

327 339 678 413 ισχνούμενος
747 338 1113 404 ἀνακαινίζειν
1168 340 1256 392 τὸν
1313 341 1608 413 τεθνηκότα
1652 359 1667 408 ;

328 435 502 491 ταῦτα
520 435 618 507 τῆς
650 433 834 498 ἀνοίας
867 434 1004 486 ἐστί.

401 698 779 770 Θεωρήσωμεν
816 698 911 753 καὶ
934 698 994 752 τὸ
1016 695 1110 751 τοῦ
1156 698 1302 750 σίτου
1336 695 1672 767 ὑπόδειγμα,
1696 688 1740 764 ᾧ
1776 695 1923 748 Παῦ-

337 789 427 853 λος
446 791 474 844 6
497 790 773 861 πάνσοφος
791 789 1032 844 παιδεύει
1059 791 1184 855 τοὺς
1205 790 1464 862 ἄφρονας,
1480 788 1920 857 λέγων,Ἅςερον,

335 883 419 938 σὺ
446 883 478 937 ὃ
505 884 794 953 σπείρεις,
815 885 886 939 οὐ
914 882 979 938 τὸ
1005 882 1176 953 σῶμα
1197 884 1265 938 τὸ
1298 884 1710 954 γενησόμενον
1744 881 1918 936 σπεί-

331 990 482 1044 ρεις,
527 973 686 1028 ἀλλὰ
734 973 964 1044 γυμνὸν
1018 975 1267 1037 κόκκον,
1313 975 1365 1028 εί
1422 974 1622 1041 τύχοι,
1657 971 1854 1035 σίτου,
1883 970 1922 1040 ἦ

337 1080 503 1131 τινος
533 1063 654 1118 τῶν
675 1063 903 1118 λοιπῶν
935 1065 1290 1134 σπερμάτων
1309 1080 1322 1096 ·
1361 1067 1394 1119 δ
1419 1064 1488 1118 δὲ
1508 1063 1652 1130 Θεὸς
1677 1063 1926 1117 δίδωσιν

339 1153 503 1222 αὐτῷ
565 1152 736 1225 σῶμα
758 1195 773 1218 ,
827 1155 1022 1224 καθὼς
1071 1155 1393 1225 ἠθέλησεν.
1443 1154 1708 1227 Ἀκριϐὥς
1759 1170 1925 1225 προσο

340 1245 555 1317 ἔχωμεν
577 1249 645 1318 τῇ
676 1244 888 1315 γενέσει
927 1248 1022 1300 τοῦ
1066 1248 1238 1309 σίτου,
1273 1247 1364 1300 καὶ
1410 1247 1548 1316 τάχα
1576 1246 1664 1300 τὸν
1688 1243 1924 1301 ἀναστά-

343 1356 481 1403 σεως
531 1339 684 1407 λόγον
742 1339 1198 1411 διδαχθησόμεθα.
1257 1339 1314 1393 Ὀ
1343 1341 1486 1402 σῖτος
1539 1338 1789 1410 ρίπτεται
1845 1338 1925 1403 εἰς

339 1430 438 1503 τὴν
466 1431 590 1502 γῆν.
629 1430 924 1494 Διασαπεὶς
951 1430 1006 1484 δὲ
1033 1432 1091 1485 ὲν
1139 1433 1206 1501 τῇ
1231 1431 1417 1496 νοτίδι,
1447 1429 1541 1483 καὶ
1575 1429 1651 1493 ὡς
1686 1429 1752 1484 ἂν
1785 1429 1926 1483 είποι

341 1537 426 1583 τις
441 1520 794 1592 τελευτήσας,
819 1520 1084 1592 ἀπολήγει
1112 1521 1189 1586 εῐς
1215 1537 1338 1573 τινα
1367 1518 1688 1593 γαλακτώδη
1718 1520 1924 1584 οὐσίαν,

341 1613 464 1683 ἥτις
530 1613 766 1679 παγεϊσα
809 1611 1020 1682 μικρὸν,
1060 1611 1154 1677 ὀξὺ
1200 1612 1292 1664 καὶ
1335 1611 1526 1663 λευκὸν
1564 1610 1769 1679 γίνεται
1805 1610 1926 1662 κέν-

1241 227 1309 282 ΙΝ
1339 227 1611 284 CHRISTI
1641 222 2273 288 RESURRECTIONE.“
2316 228 2531 287 ORAT.
2571 227 2660 283 Ill.

3498 218 3599 275 (370

1729 342 1934 413 Πολλῆς
1963 350 2006 404 Α
2037 354 2153 398 arte
2192 344 2366 398 lutum
2397 342 2606 413 ﬁngens
2633 339 2803 395 nihilo
2827 337 3008 408 priore
3032 333 3272 392 deterius
3295 347 3389 387 vas
3411 330 3600 386 emcit.

2024 435 2200 503 Atque
2231 435 2318 488 hic
2350 433 2570 502 quidem
2615 430 2811 500 ﬁgulus
2843 441 3007 498 parva
3037 425 3292 494 potentiae
3328 422 3420 476 Dei
3448 436 3600 474 crea-

2025 533 2147 578 tura
2177 531 2280 587 est,
2311 532 2366 580 et
2404 522 2511 578 Deo
2546 537 2652 575 non
2685 519 2928 575 creditur
2950 515 3226 587 pollicenti
3266 529 3325 568 sc
3356 519 3602 570 mortuos

2025 615 2452 672 renovaturum?
2481 613 2708 666 Multum
2740 610 2972 666 amentis
2996 619 3081 665 est
3101 609 3204 663 ista
3225 604 3600 676 pronuntiare.

2093 704 2520 765 Consideremus
2545 703 2671 757 item
2705 698 3120 755 similitudinem
3162 695 3351 757 tritici,
3385 707 3491 761 qua
3523 706 3604 746 sa-

2023 794 2406 866 pientissimus
2426 792 2630 846 Paulus
2659 789 2982 859 insipientes
3011 784 3238 854 corripit
3258 790 3312 838 et
3339 781 3600 844 instituit,

2025 888 2236 948 dicens.
2267 883 2458 949 Stulte,
2496 893 2552 936 tu
2581 880 2718 952 quod
2735 881 2984 942 seminas,
3011 895 3113 932 non
3145 877 3200 930 id
3245 873 3382 945 quod
3417 889 3605 928 nasce-

2027 988 2112 1032 tur
2155 993 2345 1045 corpus
2395 976 2646 1038 seminus,
2699 971 2788 1026 sed
2834 971 3033 1025 nudum
3075 983 3322 1039 granum,
3376 963 3604 1031 exenzpli

2024 1073 2220 1143 gratia.
2255 1069 2421 1122 tritici
2473 1075 2565 1120 aut
2625 1062 2856 1132 alicujus
2921 1060 3245 1130 reliquorum
3287 1057 3539 1111 seminum
3581 1069 3601 1108 :

2026 1164 2167 1218 Deus
2213 1171 2388 1216 autem
2433 1158 2526 1212 dat
2562 1157 2608 1212 ei
2645 1170 2864 1224 corpus,
2897 1150 3336 1222 quemadmodum
3366 1149 3528 1223 coluit
3558 1149 3600 1202 ’.

2028 1256 2321 1327 Diligenter
2354 1249 2699 1306 attendamus
2735 1243 3076 1318 generationi
3130 1242 3316 1304 tritici,
3378 1252 3430 1294 et
3461 1240 3606 1294 cele-

2025 1349 2161 1404 riter
2211 1343 2639 1401 resurrectionis
2672 1341 2936 1394 rationem
2988 1335 3291 1390 discemus.
3326 1331 3595 1384 Triticum

2028 1439 2082 1494 in
2118 1446 2319 1494 terram
2361 1435 2674 1506 projicitur,
2731 1427 3227 1501 computrefactum
3261 1436 3438 1480 autem
3490 1424 3597 1476 hu-

2027 1548 2198 1595 more,
2232 1539 2286 1586 et
2316 1538 2373 1584 ut
2400 1531 2473 1583 ita
2498 1529 2709 1588 dicam,
2748 1510 3022 1578 mortuum
3053 1521 3252 1576 desinit
3283 1519 3335 1572 in
3373 1519 3600 1571 lactcam

2028 1623 2320 1694 quamdam
2365 1629 2643 1683 naturam,
2699 1631 2820 1687 qum
2851 1615 3111 1685 paulatim
3158 1617 3417 1666 concreta
3446 1616 3608 1676 atque

344 1703 806 1777 τρον,αὑξηθείτα
851 1703 909 1757 δὲ
952 1705 1076 1757 ὅσον
1116 1702 1390 1775 προκύψαι
1437 1703 1534 1772 τῆς
1569 1703 1690 1772 γῆς,
1733 1705 1796 1755 ἐκ
1829 1700 1922 1754 τοῦ

2035 1711 2249 1772 coalita,
2286 1708 2444 1780 quasi
2475 1706 2734 1762 stimulus
2761 1704 2985 1773 quidam
3029 1702 3085 1754 lit
3115 1700 3272 1754 albus
3305 1708 3357 1757 et
3379 1706 3605 1762 acutus;

344 1790 539 1846 λευκοῦ
567 1792 704 1864 πρὸς
725 1792 906 1863 ἡρέμα
935 1793 1310 1866 χλοαινόμενον
1335 1793 1749 1864 μεταϐάλλεται.
1768 1789 1923 1853 Εἶτα.

346 1884 556 1953 γίνεται
601 1885 708 1938 πόα
756 1885 852 1938 καὶ
887 1885 1031 1957 κόμη
1061 1885 1170 1941 τῶν
1205 1884 1392 1958 βώλων
1415 1901 1430 1916 ⁶
1464 1885 1847 1956 ὲφαπλωθεῖσα
1869 1886 1927 1940 δὲ

348 1976 533 2038 αὐτοῖς
558 1977 652 2029 καὶ
695 1977 1048 2030 σκεδασθεῖσα
1081 1977 1336 2052 μετρίως,
1363 1977 1657 2048 πολυσχιδῆ
1683 1977 1928 2032 κάτωθεν

348 2067 648 2140 ὑποτρέφει
686 2069 786 2139 τὴν
817 2068 993 2141 ῥίζαν,
1020 2070 1097 2141 τῷ
1129 2071 1374 2140 μέλλοντι
1414 2071 1570 2144 βάρει
1600 2072 1700 2142 τὴν
1726 2071 1928 2124 ὑποϐά-

349 2157 488 2228 θραν
540 2158 1062 2230 προευτρεπίζουσα.
1115 2162 1226 2216 Καὶ
1275 2161 1464 2234 ὥσπερ
1516 2163 1565 2215 οἱ
1623 2163 1762 2216 ἱστοὶ
1821 2162 1929 2215 τῶν

350 2249 551 2303 πλοίων
578 2249 848 2314 πλείστοις
869 2251 1204 2322 πανταχόθεν
1225 2252 1577 2306 διατείνονται
1603 2253 1809 2317 κάλοις,
1843 2253 1929 2305 ἵνα

351 2342 539 2411 πάγιοι
571 2342 804 2414 μένωσιν
832 2344 1136 2414 ίσορῤόποις
1161 2347 1281 2409 ταῖς
1301 2346 1486 2409 ὁλκαῖς
1507 2343 1927 2414 άντισπὼμενοι,

355 2437 530 2502 οὕτως
563 2439 622 2492 αἱ
651 2437 994 2508 σχοινοειδεῖς
1045 2436 1343 2505 ἀποφύσεις
1375 2437 1475 2504 τῆς
1507 2435 1680 2506 ῥίζης,
1716 2434 1932 2488 ἀντιλα-

353 2530 446 2584 ϐαὶ
481 2530 587 2583 τῶν
610 2530 896 2600 ἀσταχύων
926 2529 1163 2598 γίνονται
1203 2529 1294 2582 καὶ
1321 2529 1640 2601 ἐρείσματα.
1684 2526 1930 2580 Ἐπειδὰν

354 2624 435 2685 είς
457 2622 700 2692 κάλαμον
723 2624 752 2676 6
776 2624 922 2684 σῖτος
953 2621 1232 2690 διαναστῇ,
1261 2621 1354 2673 καὶ
1384 2620 1518 2690 πρὸς
1545 2619 1603 2672 τὸ
1630 2618 1762 2688 ὕψος
1787 2617 1934 2670 ἐπεί-

356 2731 543 2783 γηται,
576 2712 796 2780 γόνασιν
828 2711 988 2766 αὑτὸν
1024 2713 1118 2765 καὶ
1148 2712 1370 2784 κόμϐοις
1403 2713 1431 2764 6
1464 2711 1594 2773 Θεὸς
1640 2709 1931 2780 ύπερείδει,

353 2801 467 2863 οἷον
501 2803 675 2858 οἰκίαν
723 2801 844 2856 τινὰ
900 2802 1215 2874 συνδέσμοις
1266 2802 1692 2874 ἀσφαλιζόμενος
1719 2801 1807 2854 διὰ
1840 2800 1936 2871 τὴν

357 2896 808 2969 προσδοκωμένην
822 2899 921 2967 τῆς
942 2897 1116 2967 κόμης
1134 2896 1430 2968 βαρύτητα.
1457 2894 1607 2960 Εἶτα,
1623 2898 1721 2966 τῆς
1753 2893 1936 2965 ἰσχύος

2027 1810 2188 1858 aucta
2230 1801 2429 1856 deinde.
2461 1799 2513 1852 in
2547 1813 2667 1851 eam
2703 1793 3158 1866 magnitudinem,
3193 1801 3251 1845 ut
3282 1799 3426 1846 terra
3484 1803 3610 1859 pro-

2027 1896 2234 1951 minere
2259 1903 2312 1949 et
2340 1903 2558 1948 exstare
2589 1889 2786 1961 possit,
2831 1904 2895 1944 ex
2927 1887 3051 1941 albo
3080 1885 3286 1940 sensim
3328 1884 3381 1938 in
3411 1881 3609 1937 herbe-

2027 1999 2268 2045 scentem
2301 1985 2633 2041 viriditatem
2685 1989 2960 2045 mutatur;
2997 1986 3186 2049 postea
3234 1976 3291 2030 lit
3333 1975 3499 2030 herba
3554 1979 3610 2027 et

2027 2096 2187 2138 coma
2236 2080 2519 2151 glebarum
2560 2095 2573 2131 :
2611 2074 2811 2147 quibus
2855 2069 3038 2126 infusa
3086 2077 3141 2123 et
3180 2067 3372 2122 leviter
3415 2077 3608 2134 sparsa

1980 2207 1985 2211 -
2030 2170 2405 2242 compluribus
2441 2167 2625 2222 nixam
2654 2164 2808 2220 ﬁbris
2843 2162 3080 2217 radicem
3117 2159 3314 2214 subtus
3357 2157 3476 2219 alit,
3525 2153 3612 2208 fu-

2029 2271 2156 2316 turo
2203 2259 2429 2330 ponderi
2483 2253 2918 2313 sustentaculum
2963 2259 3018 2306 et
3050 2247 3441 2305 adminiculum
3471 2259 3610 2314 pra:-

2029 2367 2270 2423 parans;
2307 2365 2372 2403 ac
2427 2343 2888 2418 quemadmodum
2932 2342 3148 2396 navium
3189 2337 3316 2394 mali
3363 2335 3613 2405 plurimis

2033 2443 2276 2513 undique
2307 2441 2530 2496 funibus
2571 2439 2979 2494 distenduntur.
3013 2441 3074 2488 ut
3109 2432 3246 2486 ﬁrmi
3269 2429 3613 2496 stabilesque

2035 2541 2412 2608 permaneant,
2475 2528 2856 2601 aaquilibribus
2922 2525 3189 2582 tractibus
3245 2519 3479 2577 obnixi:
3537 2518 3614 2572 ita

2034 2628 2244 2683 funium
2287 2627 2340 2681 in
2373 2625 2594 2679 modum
2643 2638 2707 2677 ex
2736 2620 2918 2676 radice
2949 2625 3123 2674 enata:
3151 2616 3298 2674 fibrae
3328 2619 3610 2670 sustenta-

2035 2729 2219 2775 menta
2254 2719 2532 2789 spicarum
2561 2723 2616 2770 et
2663 2712 2962 2770 retinacula
2995 2711 3150 2765 ﬁunt.
3185 2710 3480 2777 Postquam
3517 2723 3616 2761 au-

2035 2821 2142 2868 tem
2183 2812 2237 2865 in
2265 2810 2508 2865 culmum
2537 2815 2784 2864 erectum
2811 2803 3052 2858 tri-ticum
3100 2803 3154 2857 in
3192 2802 3360 2855 altum
3397 2799 3617 2854 tendere

2035 2901 2289 2972 coeperit,
2343 2896 2611 2969 geniculis
2641 2904 2698 2951 et
2743 2893 2903 2950 nodis
2933 2893 3074 2948 Deus
3111 2893 3162 2947 id
3198 2893 3397 2955 ﬁrmat,
3445 2889 3617 2944 veluti

357 2989 814 3062 ὲτοιμασθείσης,
843 2988 942 3060 τὴν
995 2989 1206 3043 κάλυκα
1263 2989 1475 3059 σχίσας,
1533 2988 1798 3058 προσάγει
1844 2984 1934 3038 τὸν

2039 2996 2260 3052 domum
2317 2992 2560 3062 aliquam
2617 2987 2998 3056 conjuueturis
3051 2984 3342 3046 muniens,
3397 2988 3618 3052 propter

357 3083 613 3152 ἄσταχυν.
634 3081 744 3135 Καὶ
763 3080 924 3135 πάλιν
951 3083 1068 3134 ἐκεῖ
1093 3080 1345 3150 θαύματα
1378 3079 1682 3151 κρείττονα.
1717 3079 1936 3147 Στοιχη-

2039 3103 2182 3155 eam,
2233 3100 2356 3156 quae
2404 3088 2663 3154 speratur
2695 3093 2868 3135 coma:
2918 3076 3291 3148 gravitatem:
3331 3079 3454 3143 post
3503 3071 3619 3140 hagc

357 3176 446 3230 δὸν
469 3175 580 3246 γὰρ
607 3175 635 3229 6
676 3176 821 3238 σῖτος
864 3172 1013 3245 αὑτῷ
1048 3173 1407 3244 περιφύεται,
1443 3170 1539 3224 καὶ
1569 3169 1678 3224 τῶν
1723 3170 1936 3224 κόκκων

2041 3175 2403 3245 maturisjam
2449 3173 2681 3236 viribus,
2743 3169 2987 3224 diductis
3031 3165 3265 3236 vaginis,
3302 3163 3504 3234 quibus
3537 3162 3620 3216 in-

358 3264 588 3325 ῑκαστος
619 3261 893 3334 ἐξαίρετον
919 3262 1030 3333 ἔχει
1056 3261 1153 3333 τὴν
1181 3262 1495 3332 ἀποθήκην⁴
1521 3261 1614 3314 καὶ
1643 3261 1938 3315 τελευταῖοι

360 3354 756 3426 προϐέϐληνται
790 3357 837 3408 οἱ
881 3353 1166 3426 άνθέρικες
1211 3353 1348 3419 ὀξεῖς
1403 3353 1497 3406 καὶ
1523 3351 1730 3415 λεπτοὶ,
1775 3352 1937 3413 ὅπλα.

359 3443 534 3517 οἶμαι,
582 3445 724 3500 κατὰ
780 3445 892 3499 τῶν
947 3445 1336 3517 σπερμολόγων
1380 3444 1632 3516 ὀρνίθων,
1682 3444 1769 3498 ἵνα
1822 3446 1940 3507 ταῖς

360 3539 586 3592 ἐκείνων
612 3539 819 3608 ἀκμαῖς
842 3538 1172 3610 νυττόμενοι,
1205 3537 1283 3608 τῷ
1313 3535 1509 3609 καρπῷ
1537 3535 1610 3608 μὴ
1648 3536 1943 3606 λυμαίνων-

359 3649 468 3686 ται.
507 3631 669 3702 Ὀρᾷς
699 3631 831 3701 ὅσην
857 3625 937 3693 εἷς
970 3631 1166 3695 κόκκος
1197 3630 1479 3694 διασαπεὶς
1499 3628 1941 3700 θαυματουργίαν

361 3721 494 3794 ἔχει,
534 3724 628 3777 καὶ
676 3723 834 3793 μόνος
889 3722 1070 3777 πεσὼν
1120 3722 1238 3794 μεθ’
1263 3723 1402 3776 ὅσων
1466 3722 1773 3792 ἐγείρεταις
1811 3721 1940 3773 Ἀν-

363 3810 579 3882 θρωπος
630 3812 687 3865 δὲ
731 3812 886 3866 οὐδὲν
920 3811 1329 3882 προσλαμϐάνει
1379 3811 1541 3865 πλέον
1580 3829 1593 3842 ·
1627 3810 1657 3864 ὃ
1699 3811 1754 3864 δὲ
1799 3805 1942 3881 εἶχεν

363 3904 760 3976 ἀπολαμϐάνει,
783 3905 876 3958 καὶ
911 3904 999 3958 διὰ
1023 3905 1180 3958 τοῦτο
1212 3905 1312 3975 τῆς
1340 3905 1612 3976 γεωργίας
1645 3901 1742 3958 τοῦ
1772 3903 1940 3969 σίτου,

364 3997 392 4049 6
423 3996 690 4068 ἡμέτερος
724 3996 1116 4068 άνακαινισμδς
1156 3995 1518 4066 εύκολάγτερος
1563 3996 1938 4066 ἀναφαίνεται.

379 4088 656 4144 Ἐντεῦθεν
698 4089 966 4161 μετάϐηθι
997 4090 1129 4162 πρὸς
1155 4091 1253 4156 τὴν
1303 4089 1507 4144 ἔννοιαν
1547 4089 1656 4141 τῶν
1689 4089 1940 4158 δένδρων,

365 4181 512 4242 ὅπως
541 4179 570 4231 6
607 4181 809 4250 χειμὼν
837 4180 1024 4243 αὐτοῖς
1071 4179 1190 4232 καθ’
1223 4178 1450 4232 ἕκαστον
1473 4178 1591 4242 ἔτος
1624 4180 1745 4232 ἀντὶ
1777 4177 1944 4231 θανά-

367 4285 461 4321 του
492 4269 719 4336 γίνεται.
753 4269 1118 4340 Ἀπορρύεται
1159 4268 1267 4339 γὰρ
1296 4271 1328 4337 ἡ
1354 4267 1565 4338 ὀπώρα,
1598 4269 1690 4322 καὶ
1715 4268 1775 4322 τὸ
1810 4267 1942 4336 φύλ-

2037 3268 2380 3331 cludebatur,
2408 3264 2662 3335 producit
2691 3262 2918 3333 spicam.
2958 3260 3134 3329 Atque
3163 3257 3273 3311 illic
3299 3269 3492 3310 rursus
3517 3253 3620 3307 mi-

2041 3355 2232 3411 racula
2262 3353 2490 3421 majora.
2528 3350 2734 3406 Ordine
2755 3349 2900 3404 enim
2947 3354 3198 3418 porrecto
3231 3353 3490 3399 slructam
3519 3358 3618 3395 un-

2040 3446 2206 3518 dique
2229 3446 2418 3500 videre
2452 3444 2579 3497 licet
2604 3442 2653 3496 ei
2697 3439 2905 3508 frugem
2943 3435 3293 3492 adaascendo
3323 3434 3479 3502 quasi
3511 3433 3621 3486 cir-

2041 3535 2282 3592 cumfudi
2310 3552 2324 3599 ;
2357 3544 2412 3588 et
2447 3525 2661 3600 singula
2695 3543 2866 3599 grana
2893 3527 3218 3597 peculiarem
3256 3531 3311 3578 et
3336 3523 3616 3592 pr0prim_n

2043 3626 2344 3683 folliculum
2375 3631 2430 3677 et
2458 3621 2616 3686 quasi
2653 3621 2842 3674 cellam
2882 3619 3123 3683 habent;
3159 3623 3437 3686 postremo
3463 3629 3617 3681 pra:-

2041 3717 2346 3774 tenduntur
2367 3713 2551 3768 arista:
2577 3711 2814 3782 graciles
2851 3710 3097 3779 quaedam
3127 3715 3181 3761 et
3211 3713 3407 3768 acutae,
3443 3719 3619 3768 arma,

2042 3810 2259 3880 opinor,
2298 3808 2562 3863 adversus
2597 3805 2839 3858 aviculas
2871 3801 3174 3857 seminibus
3207 3798 3454 3854 insidiari
3489 3797 3622 3853 soli-

2043 3911 2150 3966 tas,
2188 3909 2247 3957 ut
2273 3902 2404 3956 dum
2448 3900 2662 3954 illarum
2695 3897 2852 3966 quasi
2887 3894 3115 3964 spiculis
3139 3901 3472 3964 pungunlur,
3505 3890 3621 3945 fru-

2043 4012 2162 4067 gem
2188 4009 2414 4064 carpere
2441 4001 2604 4062 atque
2638 3998 2853 4046 vastare
2873 3987 3148 4042 desinant.
3168 3985 3334 4040 Vides
3356 3991 3621 4054 quantum

2046 4101 2214 4142 unum
2247 4099 2471 4156 granum
2515 4080 2877 4152 putrefactum
2928 4078 3320 4132 miraculorum
3365 4075 3621 4129 effectum

2045 4180 2100 4234 in
2129 4194 2188 4234 se
2213 4176 2514 4239 contineat,
2540 4188 2604 4227 ac
2635 4188 2757 4226 cum
2790 4171 2964 4226 solum
2985 4169 3267 4231 ceciderit,
3289 4182 3451 4237 quam
3478 4163 3618 4220 mul-

2045 4271 2212 4340 tiplex
2237 4272 2508 4335 resurgat.
2543 4266 2611 4317 At
2647 4263 2806 4317 homo
2840 4261 2972 4315 nihil
3011 4262 3233 4329 insuper
3263 4258 3462 4326 accipit
3491 4272 3613 4309 am-

367 4357 457 4410 λον
487 4357 695 4421 πίπτει,
726 4359 820 4412 καὶ
857 4358 996 4429 ξηρὰ
1041 4358 1193 4429 μένει
1230 4358 1298 4411 τὰ
1339 4357 1475 4424 ξύλα
1511 4358 1690 4428 πάσης
1725 4358 1936 4429 χάριτος

2050 4359 2223 4429 plius;
2254 4356 2347 4412 sed
2401 4353 2596 4424 recipit
2641 4352 2692 4405 id
2744 4350 2888 4420 quod
2940 4350 3192 4410 habebat,
3245 4361 3306 4400 ac
3334 4352 3622 4415 propterea

371 4447 730 4518 ἐστερημένα.
763 4449 1008 4502 Ἐπειδὰν
1031 4449 1088 4501 δὲ
1108 4449 1202 4502 τοῦ
1231 4449 1390 4521 ἔαρος
1409 4452 1436 4503 6
1463 4450 1652 4521 καιρὸς
1673 4451 1940 4518 ἐπιλάϐοι,

372 4537 530 4601 ἄνθος
567 4539 746 4602 αὐτοῖς
797 4541 1150 4612 χαριέστατον
1180 4539 1516 4612 ύπερφύεται
1537 4583 1556 4608 ,
1589 4541 1680 4594 καὶ
1720 4542 1857 4612 μετὰ
1885 4543 1948 4595 τὸ

373 4628 532 4692 ἄνθος
563 4629 863 4698 ἐπιγίνεται
891 4631 998 4685 τῶν
1048 4632 1260 4702 φύλλων
1300 4633 1333 4702 ἡ
1379 4632 1578 4702 σκέπη.
1609 4634 1698 4687 καὶ
1721 4633 1842 4685 τότε
1875 4632 1948 4697 ὡς

372 4720 574 4784 εὐειδὲς
607 4720 783 4793 θέαμα
812 4722 1112 4795 ἀνθρώπων
1140 4740 1200 4775 τε
1230 4722 1327 4786 τὰς
1355 4722 1504 4792 ὄψεις
1533 4722 1949 4791 ἐφέλκεται,καὶ

373 4813 600 4884 ὀρνίθων
645 4813 856 4884 ᾠδικῶν
888 4815 1221 4886 ἐργαστήρια
1258 4815 1502 4883 γίνεται,
1544 4816 1657 4876 τοῖς
1699 4814 1950 4877 πετάλοις

375 4903 788 4976 ὲγκαθημένων,
826 4905 921 4959 καὶ
975 4904 1262 4978 θαυμαστή
1314 4925 1397 4971 τις
1444 4909 1574 4978 περὶ
1610 4907 1752 4962 αὐτὰ
1791 4907 1950 4979 χάρις

376 4997 681 5068 ἐκλάμπει·
713 4997 854 5051 ὥστε
909 4997 1093 5051 πολλοὶ
1142 5001 1238 5053 καὶ
1286 4996 1432 5054 οἷκον
1493 5001 1711 5070 ἀφῆκαν
1765 4998 1949 5071 χρυσῷ

377 5090 809 5162 κεκοσμημένον,
842 5090 938 5144 καὶ
984 5090 1115 5162 λίθῳ
1157 5091 1234 5162 τῷ
1267 5093 1522 5164 Θεσσαλῷ
1563 5095 1659 5146 ,καὶ
1707 5093 1946 5156 Λάκωνι,

376 5182 612 5255 τερπνὴν
663 5183 718 5236 δὲ
753 5183 950 5254 μᾶλλον
989 5183 1199 5246 ἑαυτοῖς
1242 5185 1424 5239 ἔθεντο
1461 5187 1559 5258 τὴν
1605 5185 1708 5240 ὑπὸ
1760 5185 1952 5254 δένδρα

377 5273 670 5345 διαγωγήν.
704 5273 792 5327 Διὸ
822 5275 916 5328 καὶ
943 5276 972 5328 6
1004 5261 1360 5346 πατριάρχης
1393 5276 1646 5348 Ἀϐραὰμ
1685 5277 1790 5331 ὑπὸ
1829 5275 1953 5348 δρυῒ

379 5364 475 5433 τὴν
528 5381 729 5437 σκηνην
763 5365 1018 5437 ἐπήξατο,
1054 5367 1153 5419 οὐκ
1199 5365 1376 5430 οἰκίας
1432 5368 1650 5433 πάντως
1706 5366 1948 5439 ἀπορῶν,

379 5455 514 5510 ἀλλὰ
552 5457 652 5528 τῆς
703 5459 798 5512 επὶ
827 5458 933 5511 τῶν
966 5457 1176 5516 κλάδων
1219 5459 1657 5533 ἐπαγαλλόμενος
1686 5458 1948 5530 τέρψεως.

453 5635 474 5666 ³
505 5631 521 5686 1
553 5631 680 5686 (lor.
716 5647 802 5693 xv,
836 5631 1024 5690 56358.

2044 4445 2220 4500 nostri
2283 4443 2565 4498 renovatio
2609 4439 2829 4495 videtur
2877 4455 3000 4494 esse
3060 4437 3304 4501 facilior,
3356 4449 3516 4504 quam
3567 4431 3620 4486 id

2043 4537 2188 4608 quod
2221 4536 2275 4590 in
2312 4535 2648 4606 agricultura
2687 4531 2885 4587 accidit
2921 4530 3212 4584 frumento.
3266 4523 3460 4580 Transi
3494 4524 3622 4578 hinc

2043 4631 2109 4684 ad
2139 4628 2635 4684 considerationem
2665 4625 2947 4682 arborum,
2981 4630 3036 4675 ut
3057 4621 3230 4674 hiems
3253 4618 3332 4672 eis
3356 4616 3618 4670 omnibus

2045 4723 2204 4777 anuis
2258 4721 2378 4775 loco
2415 4719 2605 4772 mortis
2639 4715 2729 4770 sit.
2793 4711 3058 4767 Decidunt
3091 4709 3234 4765 enim
3276 4721 3456 4777 poma,
3493 4705 3621 4759 folia

2045 4813 2311 4870 deﬂuunt.
2349 4809 2499 4862 arida
2558 4811 2842 4861 remanent
2897 4803 3044 4872 ligna
3090 4801 3238 4855 onmi
3276 4799 3474 4852 decore
3503 4812 3622 4866 spo-

2048 4905 2198 4958 liata.
2259 4901 2561 4968 Postquam
2615 4905 2797 4954 autem
2854 4904 3066 4964 tempus
3119 4889 3264 4945 veris
3312 4888 3619 4960 appetierit,

2046 4996 2144 5052 llos
2169 4994 2249 5050 eis
2295 4991 2644 5064 gratissimus
2698 4986 3004 5042 innascitur
3055 5003 3068 5039 :
3125 4983 3311 5038 ﬂorem
3363 4980 3618 5034 foliorum

2047 5092 2418 5158 tegumentum
2481 5081 2683 5149 excipit
2713 5098 2727 5134 :
2761 5088 2815 5133 at
2868 5087 2998 5132 tunc
3025 5074 3193 5130 veluti
3256 5073 3543 5144 pulchrum
3569 5079 3623 5124 et

2048 5192 2322 5233 amwnum
2355 5174 2728 5245 spectaculum
2776 5185 2900 5224 cum
2934 5167 3216 5222 hominum
3248 5165 3439 5220 oculos
3471 5162 3525 5216 in
3562 5175 3624 5216 se

2053 5273 2404 5331 convertunt,
2445 5273 2559 5320 tum
2602 5263 2780 5316 avium
2821 5258 3183 5314 cantatricum
3223 5256 3509 5311 frondibus
3539 5252 3625 5308 in-

2053 5358 2346 5417 sidentium
2371 5355 2528 5427 quasi
2569 5353 2804 5411 ofﬁcina:
2837 5351 3128 5410 exsistunt,
3171 5357 3223 5402 et
3283 5343 3626 5403 admirabilis

2049 5451 2293 5525 quaedam
2323 5447 2472 5504 circa
2507 5460 2600 5503 eas
2628 5443 2916 5500 ammnitas
2949 5456 3013 5497 ac
3035 5439 3209 5514 gratia
3233 5439 3458 5503 relucet,
3489 5436 3628 5492 adeo
