4084 6158
494 256 597 312 6⁸71

1735 263 1792 320 S.
1822 263 2148 321 GREGORII
2193 263 2480 321 NYSSENI

3652 268 3755 323 67?.

488 380 550 423 ut
585 370 741 425 multi
776 371 921 430 mdes
955 389 1089 428 auro
1122 385 1175 430 et
1207 375 1383 446 lapide
1437 387 1548 432 tum
1577 377 1918 444 Thessalico,
1955 389 2057 434 ιιιιι

2185 383 2399 454 Ὀδηγεῖ
2420 401 2486 454 με
2510 385 2644 455 πρὸς
2674 383 3070 453 συγκατάθεσιν
3092 381 3184 438 τοῦ
3211 381 3576 456 προκειμένου
3598 383 3756 452 λόγου

490 460 764 518 Laconico
801 475 1098 523 exornatas
1151 468 1540 536 deseruerint,
1593 478 1648 526 et
1690 471 2072 540 jucundiorem

490 555 594 608 sibi
619 556 722 609 sub
757 555 1046 612 arboribus
1081 557 1474 613 habitationem
1509 575 1634 615 esse
1671 559 1954 614 duxerint.
1993 559 2076 612 ld-

489 647 640 699 circo
672 648 978 715 patriarcha
1009 665 1229 719 quoque
1259 651 1535 704 Abraham
1591 651 1693 706 sub
1744 667 1952 721 quercu
1992 662 2072 704 ta-

490 737 846 793 bernaculum
882 742 1018 806 fixit,
1053 759 1160 796 non
1194 759 1421 814 prorsus
1448 744 1633 814 inopia
1663 743 1950 804 domicilii.
1975 747 2069 799 sed

489 831 618 898 quia
651 831 945 888 tenebatur
973 849 1059 897 ea,
1104 851 1225 905 quae
1273 853 1341 891 ex
1379 837 1548 892 ramis
1587 837 1870 901 edebatur,
1913 837 2071 890 volu-

486 927 658 988 ptate.
708 920 884 977 Etiam
913 925 1022 978 vita
1059 927 1399 996 serpentium
1449 943 1536 981 me
1565 927 1784 982 deducit
1811 926 1878 980 ad
1917 942 2072 982 com-

486 1013 866 1082 probationem
910 1018 1204 1087 propositae
1252 1020 1504 1075 rationis.
1548 1018 1766 1072 Illorum
1809 1020 1953 1074 enim
1992 1020 2073 1072 vi-

487 1104 612 1158 vida
644 1106 819 1162 virtus
845 1107 1074 1163 hiberno
1125 1120 1370 1180 tempore
1425 1111 1805 1174 mortificatur,
1833 1126 1896 1165 ac
1927 1126 2073 1165 meno

487 1209 578 1250 ses
611 1212 706 1251 sex
732 1197 785 1252 in
823 1200 1078 1255 cavernis
1111 1201 1439 1256 delitescunt
1487 1202 1706 1272 penitus
1740 1201 2067 1257 immobiles.

485 1286 621 1340 Cum
648 1298 830 1345 autem
868 1298 1134 1345 statutum
1157 1300 1374 1363 tempus
1405 1294 1713 1358 advenerit,
1741 1302 1794 1348 et
1823 1295 2069 1349 tonitrua

485 1377 542 1431 in
569 1380 773 1434 mundo
802 1382 1060 1437 exaudita
1094 1383 1318 1451 fuerint,
1349 1386 1507 1455 quasi
1542 1385 1817 1457 quoddam
1851 1386 2067 1456 signum

2177 475 2269 528 καὶ
2289 475 2396 528 τῶν
2428 477 2670 547 ἑρπετῶν
2695 479 2728 548 ἡ
2763 477 2896 546 ζωή.
2927 475 3231 548 Νεκροῦται
3254 476 3358 548 γὰρ
3385 476 3608 529 ἐκείνων
3641 474 3756 546 ὥρᾳ

2175 565 2441 635 χειμῶνος
2490 568 2523 636 ἡ
2555 565 2806 637 ζώπυρος
2843 565 3071 638 δύναμις
3097 607 3113 632 ,
3147 568 3242 622 καὶ
3291 565 3382 620 τὸν
3418 567 3606 637 χρόνον
3649 565 3758 618 τῶν

2177 656 2239 722 ἐξ
2269 659 2452 729 μηνῶν
2483 661 2539 712 ἐν
2568 661 2680 723 τοῖς
2703 659 2928 729 φωλεοῖς
2956 660 3301 723 κατάκειται,
3329 657 3607 722 παντελῶς
3634 658 3755 712 ἀκί-

2175 768 2333 821 νητα.
2390 751 2640 804 Ἐπειδὰν
2686 751 2743 804 δὲ
2786 752 2815 804 ὁ
2846 752 3177 823 τεταγμένος
3224 751 3366 823 ἔλθῃ
3401 751 3632 821 καιρὸς,
3663 750 3761 802 καὶ

2177 840 2371 913 βροντὴ
2407 841 2690 913 κατηχηθῇ
2712 841 2804 896 τοῦ
2832 843 3058 914 κόσμου,
3085 843 3276 914 ὥσπερ
3307 860 3358 894 τι
3391 841 3640 912 σύνθημα
3661 840 3759 908 τῆς

2175 931 2319 1002 ζωῆς
2341 931 2430 984 τὸν
2475 931 2678 985 κτύπον
2709 933 2970 1004 δεχόμενα
3017 933 3184 998 ὀξέως
3208 932 3476 1004 ἀναπηδᾷ,
3523 932 3617 986 καὶ
3665 931 3753 983 διὰ

2176 1024 2389 1095 μακροῦ
2431 1023 2522 1076 τοῦ
2571 1024 2782 1096 χρόνου,
2817 1027 3029 1098 ἐνεργεῖ
3060 1025 3129 1079 τὰ
3163 1025 3388 1096 συνήθη.
3416 1025 3512 1088 Τίς
3533 1027 3560 1078 ὁ
3596 1024 3753 1093 λόγος

2171 1108 2361 1182 οὗτοςς
2390 1115 2616 1185 ΛεγέτωΔ
2661 1135 2750 1188 μοι
2779 1120 2808 1172 ό
2835 1118 2942 1171 τῶν
2963 1117 3214 1189 πράξεων
3245 1118 3337 1172 τοῦ
3364 1117 3497 1170 Θεοῦ
3529 1116 3751 1186 βασανι-

2173 1207 2304 1278 στὴς
2326 1209 2420 1261 καὶ
2452 1209 2799 1281 ἐπιγνώμων,
2834 1212 2929 1264 καὶ
2955 1209 3254 1264 διδασκέτω
3287 1227 3374 1279 με,
3408 1209 3526 1272 πῶς
3558 1208 3753 1280 βροντὴ

2173 1297 2273 1370 μὲν
2325 1300 2449 1363 τοὺς
2494 1300 2645 1370 δφεις
2679 1301 3036 1372 διεγείρεσθαι
3083 1303 3357 1372 συγχωρεῖ
3387 1300 3613 1370 νεκροὺς
3646 1299 3750 1351 ὑπ-

2171 1390 2466 1461 ἀρχσνταςν
2496 1391 2816 1464 ἀνθρώπους
2849 1393 2906 1446 δέ
2959 1393 3020 1446 οῦ
3065 1394 3245 1448 δίδωσι
3283 1391 3607 1462 ψυχοῦσθαι,
3654 1391 3753 1460 τῆς

486 1469 759 1543 fragorem
811 1475 1158 1548 (tonitruum)
1211 1479 1569 1548 accipientes,
1629 1474 1884 1533 celeriter
1924 1479 2057 1532 exsi-

2168 1479 2267 1532 τοῦ.
2285 1479 2420 1532 Θεοῦ
2446 1480 2743 1550 σάλπιγγος
2773 1481 2830 1547 ἐξ
2859 1480 3118 1552 ούρανῶν-
3149 1479 3482 1552 ἐπηχούσης,
3523 1475 3702 1538 καθὼς
3723 1477 3752 1528 ό

485 1565 652 1628 liunt,
685 1575 741 1622 ct
788 1568 953 1638 longo
976 1569 1268 1625 intervallo
1291 1581 1556 1626 consueta
1587 1579 1775 1642 agunt.
1803 1570 2057 1636 Quaenam

2169 1569 2310 1634 θεῖος
2335 1571 2490 1640 λόγος
2511 1573 2677 1642 φησί·
2698 1573 2989 1626 Σαλπίσει
3016 1571 3146 1641 γὰρ,
3164 1571 3261 1624 καί
3290 1571 3344 1624 οἱ
3375 1567 3570 1636 νεκροί
3604 1567 3751 1621 ἀναε-

484 1657 651 1726 hujus
677 1661 752 1714 rei
792 1664 928 1716 ratio
959 1663 1079 1718 est?
1106 1663 1261 1716 Dicat
1303 1664 1435 1717 mihi
1482 1664 1748 1729 quaesitor
1775 1663 1982 1717 arbiter
2011 1670 2057 1716 et

2167 1661 2516 1729 στήσονται.
2535 1663 2645 1718 Καὶ
2665 1664 2894 1735 ἀλλαχοῦ
2923 1665 3083 1718 πάλιν
3110 1662 3460 1732 σαφέστερον,
3475 1659 3581 1714 Kal
3606 1658 3752 1712 ἀπο-

483 1754 804 1821 Cxplorator
824 1769 1052 1823 operum
1085 1754 1202 1820 Dei,
1247 1756 1549 1825 doceatque
1591 1771 1698 1818 me,
1725 1771 1831 1824 qua
1861 1754 2057 1808 ratione

2171 1753 2376 1806 στελεῖ
2436 1752 2577 1819 τοὺς
2631 1754 2929 1824 ἀγγέλους
2982 1751 3170 1807 αὐτοῦ
3213 1751 3365 1822 μετὰ
3416 1747 3752 1817 σάλπιγγος

480 1847 748 1902 ροιιηθόιιι
785 1863 993 1918 angues
1035 1847 1255 1918 quidem
1298 1847 1511 1918 fragore
1547 1848 1774 1903 tonitrui
1818 1854 2064 1901 mortuos

480 1941 828 2006 resuscitari,
886 1941 1136 1995 homines
1192 1955 1324 1994 vero
1361 1956 1468 1994 non
1519 1939 1770 1994 admittat
1813 1939 1941 1993 tuba
1974 1939 2069 1993 Dei

2172 1847 2377 1916 φωνῆς
2395 1847 2682 1918 μεγάλης,
2732 1847 2828 1902 καὶ
2866 1846 3220 1912 ἐπισυνάξει
3257 1844 3401 1911 τοὺς
3426 1841 3752 1930 ἐκλεκτοὺς

2177 1937 2387 1991 αὑτοῦ.

478 2034 548 2089 de
581 2033 722 2088 etnlo
776 2040 1073 2088 resonante
1122 2032 1358 2085 animam
1430 2029 1680 2101 recipere
1752 2040 1806 2087 et
1857 2026 2141 2090 viviticari,
2181 2025 2639 2097 quemadmodum
2669 2027 2853 2082 divina
2887 2027 3174 2098 Scriptura
3209 2026 3360 2092 dicit,
3414 2023 3579 2080 Cunct
3612 2023 3751 2076 enim

476 2125 625 2187 tuba,
654 2135 706 2180 et
733 2125 930 2180 mortui
953 2133 1223 2197 resnrgent
1243 2124 1304 2178 ¹⁶.
1340 2122 1404 2178 Et
1433 2123 1562 2179 alibi
1612 2124 1877 2194 apertius,
1921 2122 1989 2177 Et
2027 2124 2226 2179 emittet
2251 2123 2464 2192 angelos
2487 2139 2612 2177 suos
2637 2139 2754 2177 cum
2785 2122 2923 2178 tuba:
2947 2137 3064 2176 tace
3101 2136 3313 2191 magna,
3335 2127 3384 2172 et
3423 2115 3754 2187 congregabit

474 2221 664 2276 electos
688 2237 812 2276 suos
830 2220 895 2276 “.

545 2361 624 2420 Ne
651 2363 816 2435 igitur
847 2361 1005 2418 fidem
1035 2360 1393 2417 detrahamus
1427 2361 1825 2415 mutationibus
1869 2369 1922 2416 et
1965 2373 2058 2412 re-

476 2457 884 2512 novationibus.
915 2455 1126 2512 Etenim
1171 2455 1482 2526 plantarum
1535 2464 1588 2509 et
1624 2454 1942 2508 animalium
1984 2452 2060 2506 di-

475 2565 782 2613 versorum,
813 2556 978 2618 atque
1008 2547 1251 2617 ipsorum
1295 2547 1432 2600 adeo
1479 2544 1762 2599 hominum
1805 2543 1916 2598 vita
1959 2557 2062 2597 nos

473 2643 682 2706 edocet,
712 2641 856 2710 quod
883 2640 1020 2694 nihil
1057 2654 1272 2702 eorum,
1307 2653 1428 2708 quae
1479 2635 1814 2707 generationi
1854 2642 1908 2691 et
1937 2650 2056 2689 cor-

474 2733 712 2803 mptioui
741 2735 976 2788 obnoxia
1003 2740 1152 2794 sunt.
1178 2733 1232 2786 in
1262 2730 1450 2784 eodem
1488 2737 1632 2785 statu
1658 2728 1943 2792 subsistat,
1964 2727 2056 2782 sed

473 2841 526 2880 tn
557 2825 724 2878 alium
738 2824 971 2880 subinde
989 2829 1229 2878 vertatur
1255 2830 1418 2891 atque
1441 2827 1702 2874 mutetur.
1722 2821 1798 2873 Ac
1822 2819 2054 2890 primum

473 2913 714 2982 quidem,
751 2911 796 2967 si
827 2911 1025 2981 placet,
1057 2925 1200 2974 eam,
1254 2926 1376 2980 qu.e
1436 2910 1490 2963 in
1542 2911 1795 2966 zetatihus
1850 2908 2056 2964 nostris

473 3001 552 3068 fit,
569 3000 921 3056 mutationem
946 2999 1350 3072 perpendamus
1364 3008 1419 3054 et
1441 2999 1869 3056 consideremus.
1894 2999 2052 3055 Puel-

473 3093 584 3149 lnm
617 3092 936 3154 lactentem,
986 3091 1167 3162 qualis
1201 3090 1306 3154 sit,
1363 3089 1505 3144 haud
1549 3090 1836 3146 ditlfculter
1889 3107 2057 3163 agno-

473 3186 705 3242 scimus.
733 3184 944 3256 Exiguo
994 3183 1172 3254 spatio
1199 3183 1462 3253 temporis
1493 3185 1787 3253 praeterito,
1823 3185 1968 3240 vires
1991 3186 2058 3241 ad

473 3277 774 3349 rependum
815 3277 1160 3347 adipiscitur.
1219 3290 1283 3329 ac
1310 3275 1446 3330 nihil
1477 3291 1507 3330 a
1564 3276 1805 3346 parvulis
1860 3279 2058 3334 catulis

471 3371 677 3434 differt,
710 3369 832 3426 nisu
847 3378 1115 3440 quaterno
1146 3383 1271 3426 sese
1298 3374 1638 3424 sustentans.
1669 3367 1830 3422 Circa
1854 3384 2056 3424 annum

471 3464 690 3521 tertium
721 3463 940 3524 accidit.
967 3471 1024 3517 ut
1053 3469 1272 3518 erectus
1301 3469 1355 3517 et
1383 3461 1592 3516 arduus
1624 3460 1985 3532 ingrediatur,
2003 3470 2060 3518 et

470 3573 661 3614 vocem
694 3558 880 3629 aliquo
914 3556 1076 3610 modo
1121 3555 1204 3611 vel
1241 3554 1628 3609 balbutientem
1694 3554 1776 3608 vel
1815 3554 2055 3621 blazsam,

468 3663 524 3706 et
553 3650 875 3706 titubantem
909 3649 1336 3718 impeditamque
1373 3647 1624 3702 emittat:
1664 3647 1862 3702 deinde
1918 3649 2057 3702 arti-

469 3741 650 3795 culate
684 3747 848 3810 atque
876 3739 1112 3808 perfecte
1150 3738 1313 3792 verba
1343 3739 1684 3807 pronuntiat,
1737 3745 1791 3793 et
1845 3738 2056 3808 lepidus

471 3833 913 3889 adolescentulus
936 3839 990 3886 et
1015 3831 1175 3901 pusio
1205 3831 1264 3885 fit
1290 3849 1303 3884 :
1329 3813 1410 3885 ἐκ
1448 3831 1538 3884 illa
1583 3840 1742 3886 aetate
1779 3831 1832 3885 in
1875 3833 2056 3902 impu-

471 3924 656 3978 berem
681 3924 1081 3977 adolescentem
1131 3922 1354 3977 evadit:
1404 3923 1662 3992 lanugine
1691 3938 1820 3978 vero
1865 3926 2057 3980 maxil-

472 4015 557 4070 las
587 4029 651 4068 ac
685 4023 928 4068 mentum
959 4015 1244 4077 vestiente,
1273 4014 1536 4070 barbatus
1567 4022 1620 4068 et
1639 4015 1886 4071 hirsutus
1920 4033 2055 4086 pau-

472 4106 651 4171 latim,
690 4113 742 4160 et
775 4106 915 4162 alius
938 4121 1003 4161 ex
1037 4106 1183 4160 alio:
1229 4105 1425 4161 deinde
1467 4107 1578 4177 jam
1628 4108 1783 4177 plene
1834 4109 2054 4165 adultus

470 4198 578 4260 vir,
611 4213 772 4266 asper
803 4197 1222 4268 laboriosusque
1252 4198 1485 4254 exsistit.
1515 4198 1651 4254 Cum
1697 4210 1874 4255 autem
1926 4218 2055 4270 pra:-

471 4291 720 4346 terierint
748 4290 876 4345 anni
906 4292 1287 4362 quadraginta,
1317 4293 1530 4346 initium
1565 4291 1819 4347 ﬂexionis
1873 4294 2051 4360 adest,

2235 2357 2326 2426 Μὴ
2356 2356 2532 2410 τοίνυν
2560 2357 2681 2419 ταῖς
2706 2353 3021 2409 ἀλλοιώσεσι
3055 2352 3149 2406 καὶ
3188 2351 3299 2414 τοῖς
3338 2349 3753 2418 ἀνακαινισμοῖς

2165 2445 2502 2515 ἀπιστῶμεν.
2545 2445 2654 2499 Καὶ
2700 2444 2808 2516 γὰρ
2856 2442 3038 2512 φυτῶν
3084 2444 3179 2495 καὶ
3233 2439 3387 2504 ζώων
3428 2438 3752 2510 διαφόρωνὸ

2168 2539 2298 2608 βίος,
2330 2539 2424 2592 καὶ
2459 2539 2640 2592 αὐτῶν
2675 2556 2740 2607 γε
2773 2537 2880 2592 τῶν
2913 2536 3211 2609 ἀνθρώπιον
3237 2537 3385 2606 ἡμᾶς
3415 2530 3749 2592 ἐκπαιδεύει.

2165 2631 2242 2694 ὡς
2261 2632 2413 2685 οὐδὲν
2449 2633 2508 2686 ἐν
2529 2633 2818 2703 ταύτότητι
2844 2631 2952 2684 τῶν
2977 2632 3034 2683 ἐν
3077 2629 3274 2700 φθορᾷ,
3294 2629 3388 2680 καὶ
3424 2627 3657 2695 γενέσει,
3693 2627 3750 2676 ἐν

2167 2721 2449 2776 ἀλλοιώσει
2477 2723 2534 2776 δέ
2559 2723 2651 2776 καὶ
2682 2725 2876 2794 τροπῇ.
2913 2720 3029 2775 Καὶ·
3053 2718 3264 2791 πρῶτόν
3287 2735 3371 2786 γε,
3391 2717 3438 2769 εί
3465 2715 3632 2778 δοκεῖ,
3652 2713 3749 2784 τὴν

2164 2814 2228 2865 ἐν
2247 2817 2368 2877 ταῖς
2399 2814 2635 2886 ἡλικίαις
2666 2816 2698 2883 ή
2710 2813 2826 2884 μῶν
2860 2811 3164 2884 μεταϐολὴν
3219 2808 3750 2881 καταμάθωμενοστδ

2163 2907 2370 2960 παιδίον
2401 2907 2463 2960 τὸ
2493 2907 2813 2977 ύπομάζιον,
2849 2903 2960 2959 οἷόν
2993 2907 3115 2957 ἐστι
3135 2903 3492 2975 γνωρίζομεν.
3538 2901 3747 2968 Ὀλίγον

2160 2999 2352 3072 χρόνου
2399 2999 2780 3072 παρελθόντος,
2826 3000 2925 3070 τὴν
2976 2997 3312 3069 ἐρπυστικὴν
3348 2995 3614 3066 λαμϐάνει
3655 2993 3746 3047 δύ-

2159 3107 2341 3161 ναμιν,
2395 3092 2489 3145 καὶ
2541 3091 2691 3144 οὐδὲν
2723 3090 2967 3162 διαφέρει
3018 3089 3127 3142 τῶν
3181 3088 3394 3160 μικρῶν
3441 3087 3746 3147 σκυλάκων,

2155 3181 2410 3252 τέταρσιν
2442 3181 2779 3254 ἐρειδόμενον
2825 3181 3064 3252 βάσεσιν.
3118 3181 3252 3250 Περὶ
3293 3179 3384 3232 τδν
3431 3179 3612 3249 τρίτον
3643 3179 3748 3231 ἔνι-

2157 3274 2320 3328 αυτὸν
2366 3275 2546 3346 ὄρθιον
2580 3275 2808 3343 γίνεται,
2859 3273 2953 3326 καὶ
2987 3271 3169 3343 φωνὴν
3214 3269 3747 3341 ὑποτραυλιζομένην

2157 3365 2251 3417 καὶ
2280 3364 2672 3436 ψελλιζομένην
2710 3366 2985 3435 προΐεταιο
3028 3361 3146 3417 εἶτα
3179 3362 3424 3434 διαρθροῖ
3449 3361 3539 3415 τὸν
3569 3361 3744 3429 λόγον,

2156 3457 2252 3510 καὶ
2279 3457 2469 3529 χαρίεν
2507 3459 2850 3512 ἀποτελεῖται
2893 3458 3207 3529 μειράκιον·
3259 3457 3353 3510 ἀπ’
3396 3454 3613 3523 ἐκείνης
3649 3456 3746 3524 τῆς

2157 3549 2371 3620 ἡλικίας
2420 3549 2560 3622 πρὸς
2605 3549 2698 3603 τὸν
2751 3548 2953 3621 ἔφηϐον
3001 3550 3096 3602 καὶ
3136 3548 3417 3604 νεανίσκον
3470 3545 3744 3600 ἐκϐαίνειο
3803 3569 3812 3574 -

2159 3642 2334 3696 ίούλου
2372 3643 2428 3696 δὲ
2473 3643 2572 3711 τὴν
2618 3641 2852 3714 παρειὰν
2898 3641 3257 3712 καλύψαντος,
3307 3641 3537 3709 γενειάς·
3564 3639 3744 3702 λάσιος

2159 3737 2276 3806 μετ’
2301 3736 2498 3806 ὀλίγον.
2535 3737 2627 3790 καὶ
2663 3737 2819 3801 ἄλλος
2863 3737 2923 3802 ἐξ
2974 3737 3164 3791 ἄλλουο
3206 3731 3345 3796 εἶτα,
3393 3733 3532 3804 ἀνὴρ
3567 3733 3744 3802 ἀκμά-

2155 3827 2284 3894 ζων,
2318 3830 2521 3899 τραχὺς
2577 3831 2672 3883 καὶ
2712 3829 3015 3900 τληπαθής.
3053 3828 3302 3882 Ἐπειδὰν
3344 3827 3400 3879 δὲ
3435 3824 3743 3897 παρέλθωσι

2153 3918 2416 3990 τέσσαρες
2454 3919 2678 3984 δεκάδες
2726 3921 3013 3983 ἐνιαυτῶν,
3060 3919 3205 3991 ἀρχὴ
3249 3919 3347 3990 τῆς
3399 3918 3742 3988 ὑποστροφῆς

2155 4009 2330 4063 καίνει
2361 4014 2378 4033 ‘
2408 4010 2509 4082 τὴν
2565 4011 2826 4084 κεφαλὴν,
2878 4013 2973 4066 καὶ
3017 4013 3050 4083 ἡ
3085 4011 3242 4081 ῥώμη
3288 4011 3424 4082 πρὸς
3460 4010 3742 4064 ἀσθένειαν

2154 4103 2457 4166 ἀποκλίνει,
2489 4104 2582 4158 καὶ
2613 4105 2972 4176 παραγίνεται
2999 4109 3305 4159 τελευταῖον
3337 4103 3396 4158 τὸ
3426 4105 3623 4174 γῆρας,
3658 4103 3741 4156 τέ-

2153 4195 2296 4260 λειος
2336 4197 2643 4268 ἀφανισμὸς
2689 4199 2790 4270 τῆς
2841 4201 3039 4270 ἰσχύος.
3081 4201 3335 4253 κλίνεται
3379 4199 3436 4252 δὲ
3484 4199 3545 4252 τὸ
3590 4197 3742 4268 σῶμα

2154 4289 2246 4342 καὶ
2274 4289 2566 4359 κυρτοῦται
2596 4291 2732 4363 πρὸς
2761 4293 2884 4363 γῆν,
2919 4293 2994 4357 ὡς
3021 4295 3069 4344 οἱ
3099 4293 3219 4347 λίαν
3249 4291 3743 4364 ὑπερξηρανθέντες

469 4383 809 4453 canitiesque
846 4381 1105 4452 paulatim
1145 4393 1305 4452 caput
1335 4383 1570 4448 dealbat,
1609 4391 1662 4437 et
1693 4386 1860 4437 robur
1888 4384 2052 4437 adin-

2161 4381 2262 4434 τῶν
2292 4381 2597 4452 ἀσταχύων,
2626 4385 2721 4437 καὶ
2766 4385 2827 4437 τὸ
2872 4385 3013 4437 λεῖον
3052 4385 3390 4439 ἀποτελεῖται
3432 4383 3616 4456 ῥυσὸν,
3651 4383 3742 4436 καὶ

469 4475 782 4532 firmitatem
817 4475 1077 4540 declinat,
1139 4483 1193 4529 et
1234 4475 1453 4529 tandem
1507 4483 1761 4530 senectus
1819 4476 2051 4541 accedit,

469 4577 714 4624 extrema
764 4566 961 4621 virium
1013 4565 1259 4620 abolitio.
1311 4564 1526 4635 Corpus
1579 4572 1759 4620 autem
1821 4565 2054 4621 flectitur

467 4666 524 4713 et
547 4657 613 4711 ad
645 4664 845 4711 terram
875 4663 1156 4719 curvatur,
1190 4655 1650 4725 quemadmodum
1694 4655 1879 4726 spicze,
1932 4673 2053 4726 quae

467 4749 698 4805 nimium
725 4756 1096 4803 exaruerunt:
1140 4746 1284 4817 quod
1313 4755 1695 4817 experrectum
1730 4763 1792 4802 ac
1817 4747 1949 4803 have
1974 4747 2052 4803 fu-

461 4849 602 4902 erat,
622 4857 881 4911 rugosum
912 4850 967 4897 et
991 4849 1334 4896 contractum
1358 4838 1608 4902 edicitur,
1627 4849 1680 4895 et
1703 4840 1750 4896 is
1771 4841 1861 4909 qui
1881 4857 2050 4912 quon-

462 4933 588 4987 dam
621 4933 806 5003 vigore
843 4935 1018 4989 anatis
1044 4949 1108 4987 ac
1141 4933 1336 4988 virium
1375 4933 1689 5004 prmstabat.
1719 4932 1901 4988 infans
1925 4951 2040 4989 rur-

462 5041 559 5081 sus
585 5024 787 5090 evadit,
821 5025 1153 5090 balbutiens,
1196 5025 1485 5094 iueptiens.
1505 5024 1774 5087 delirans.
1793 5027 2046 5083 manibus

465 5129 526 5171 ac
562 5115 789 5186 pedibus
817 5116 1090 5180 similiter,
1121 5124 1181 5171 ut
1221 5117 1372 5180 olim,
1417 5131 1636 5186 repens.
1693 5116 1817 5172 llzec
1864 5121 2046 5174 omnia

459 5203 594 5275 quid
618 5203 717 5257 tibi
746 5219 868 5259 esse
893 5205 1194 5259 videntur?
1222 5204 1418 5259 Annon
1448 5205 1734 5260 alteratio?
1773 5206 1913 5262 Num
1951 5225 2046 5263 va-

466 5298 559 5351 ria:
588 5295 958 5352 mutationes?
981 5295 1120 5351 Num
1147 5297 1378 5352 diversa:
1417 5299 1714 5366 novitates,
1745 5317 1866 5371 qua:
1893 5318 2040 5356 mor-

463 5389 569 5442 tale
595 5388 798 5442 ammal
830 5387 996 5446 etiam
1026 5395 1153 5444 ante
1175 5400 1404 5444 mortem
1426 5388 1854 5446 transformant?
1871 5392 2042 5458 Quin-

458 5477 626 5535 etiam
651 5493 882 5535 somnus
915 5487 1101 5536 noster
1133 5488 1188 5536 ct
1238 5480 1421 5553 vigilia
1474 5481 1752 5552 quomodo
1811 5485 2044 5556 sapienti

530 5699 572 5731 “
608 5697 624 5752 Ι
657 5697 784 5752 Cor.
813 5715 899 5758 xv.
935 5699 1020 5756 5'2.
1101 5701 1137 5732 ¹¹
1175 5699 1360 5754 Μ.ιιιὶι.
1401 5716 1540 5765 mv,
1577 5703 1661 5755 5|.

2155 4473 2316 4528 πάλιν
2357 4473 2555 4544 βρέφος
2581 4475 2610 4528 ὅ
2643 4492 2772 4528 ποτε
2817 4476 3097 4539 νεανίσκος
3119 4477 3213 4530 καλ⁸
3256 4477 3533 4547 ἀριστεὺς,
3560 4475 3739 4544 ψελλι-

2151 4564 2397 4634 ζόμενος,
2438 4567 2788 4636 ἀνοηταίνων,
2820 4569 2911 4622 ἐπὶ
2954 4568 3154 4640 χειρῶν
3202 4570 3295 4621 καὶ
3339 4568 3514 4622 ποδῶν
3545 4567 3741 4638 ὁμοίως

2149 4658 2354 4728 ἕρπων,
2398 4657 2474 4723 ὡς
2521 4659 2708 4713 πάλαι.
2747 4659 2932 4712 Ταῦτα
2984 4660 3162 4714 πάντα
3203 4661 3257 4713 τί
3297 4678 3376 4713 σοι
3413 4661 3597 4722 δοκεῖς
3630 4660 3742 4712 Οὔκ

2147 4750 2468 4818 ἀλλοίωσιςς
2511 4753 2585 4805 Οὐ
2632 4752 2922 4823 μεταϐολαὶ
2973 4753 3333 4826 πολύτροποι;
3373 4753 3448 4807 Ού
3495 4752 3740 4822 διάφοροι

2150 4842 2470 4914 καινότητες
2500 4843 2560 4896 τὸ
2604 4844 2796 4914 θνητὸν
2842 4843 2980 4908 ζῶον
3027 4845 3470 4917 μεταμορφοῦσαι
3501 4844 3596 4899 καὶ
3638 4843 3742 4914 τιρδ

2152 4934 2382 4988 θανάτου
2410 4953 2424 5000 ;
2469 4935 2529 4989 Ὀ
2563 4935 2620 4989 δέ
2651 4935 2819 5000 ὕπνος
2865 4937 3023 5007 ἡμῶν
3051 4939 3144 5000 καὶ
3175 4939 3208 5010 ἡ
3244 4938 3589 5008 ἐγρήγορσις,
3626 4934 3740 4996 πῶς

2151 5028 2249 5082 ούκ
2280 5026 2345 5080 ἂν
2371 5027 2451 5098 τῷ
2480 5028 2626 5098 σοφῷ
2647 5028 2856 5096 γένοιτο
2877 5029 3219 5084 διδασκάλων
3243 5029 3332 5084 τοῦ
3367 5027 3698 5099 ζητουμένου
3722 5044 3736 5092 ;

2161 5118 2222 5171 '0
2256 5117 2354 5189 μὲν
2386 5119 2516 5190 γὰρ,
2549 5118 2712 5174 είκὼν
2741 5121 2856 5174 ἐστι
2894 5121 2986 5175 τοῦ
3017 5120 3278 5174 θανάτουο
3313 5122 3345 5190 ἡ
3373 5119 3449 5182 δὲ,
3486 5122 3585 5190 τῆς
3615 5120 3740 5172 ἀνα-

2154 5207 2396 5272 στάσεως
2430 5209 2677 5280 μίμημα.
2710 5211 2800 5264 Διὸ
2839 5211 2932 5264 καί
2975 5229 3117 5275 τινες
3162 5211 3271 5265 τῶν
3300 5209 3500 5277 ἔξωθεν
3540 5211 3736 5279 σοφῶν,

2151 5300 2376 5370 ἀδελφὸν
2407 5305 2701 5374 προσεῖπον
2745 5302 2838 5357 τοῦ
2885 5302 3114 5358 θανάτου
3160 5305 3251 5357 τὸν
3291 5303 3478 5367 ὕπνον,
3519 5302 3607 5357 διὰ
3644 5302 3738 5371 τὴν

2149 5393 2442 5466 ὁμοιότητα
2485 5395 2594 5449 τῶν
2639 5398 2731 5466 ἀφ’
2771 5397 3031 5469 ἐκατέρου
3075 5383 3480 5467 συμϐαινόντων
3529 5393 3733 5448 παθῶν.

2153 5485 2306 5558 Λήθη
2335 5485 2443 5558 γὰρ
2482 5486 2684 5559 ὁμοίως
2732 5488 2819 5542 ἐπ’
2873 5488 3199 5561 ἀμφοτέρων
3249 5487 3345 5543 καὶ
3399 5487 3592 5556 ἄγνοια
3631 5483 3739 5540 τῶν
