4084 6158
361 336 431 394 73
1197 331 1261 386 IN
1300 331 1578 389 CHRISTI
1630 330 2266 391 RESURRECTIONEM
2299 331 2512 389 ORAT.
2543 330 2637 387 lli.

3517 327 3622 382 6'75

327 452 708 526 παρελθόντων
737 451 831 506 καὶ
854 450 962 504 τῶν
991 448 1314 521 μελλόντων,
1344 452 1438 505 καὶ
1464 453 1526 506 τὸ
1562 452 1722 523 σῶμα
1751 434 1927 506 κεῖται

2041 460 2088 506 et
2117 462 2282 508 acuto
2310 451 2519 505 homini
2555 450 2946 505 documentum
2977 443 3276 516 proposita:
3300 444 3624 515 quaestionis

330 543 674 614 ἀναίσθητον,
701 543 854 613 φίλον
872 542 972 596 οὐκ
1000 541 1158 604 είδὸς,
1183 541 1376 612 ἐχθρὸν
1402 544 1462 597 ού
1494 544 1784 613 γινῶσκον,
1807 544 1933 608 τοὺς

330 633 700 704 περιεστῶτας
740 634 834 687 καὶ
883 631 1220 701 θεωροῦντας
1263 634 1337 702 μὴ
1392 633 1609 702 βλέπον,
1661 635 1932 707 παρειμέ-

331 740 438 787 νον,
467 723 683 794 νεκρὸν,
736 724 917 793 πάσης
968 722 1233 793 ἀμοιροῠν
1277 724 1580 795 ἐνεργείας,
1627 726 1781 779 οὐδὲν
1821 727 1934 779 δια-

329 816 494 887 φέρον
526 816 634 869 τῶν
667 815 1049 887 ἀποκειμένων
1093 817 1152 869 ἐν
1179 815 1374 885 τάφοις
1401 819 1495 871 καὶ
1533 819 1744 889 θήκαις.
1778 819 1935 872 Οὕτω

329 923 410 961 τοι
440 907 604 978 συλᾷς
633 909 710 973 ὡς
742 909 955 980 νεκρὸν,
978 911 1026 962 εἰ
1059 909 1354 976 θέλοις,τὺν
1383 910 1733 974 καθεύδοντα,
1760 914 1936 975 κενοῖς

329 999 430 1070 τὴν
460 1000 660 1063 οἰκίαν,
689 1000 865 1072 δεσμὰ
892 1001 1211 1073 προσάγεις,
1244 1003 1339 1056 καὶ
1363 1003 1588 1073 οὐδεμία
1613 1003 1722 1055 τῶν
1759 1020 1934 1074 πρατ-

330 1089 576 1160 τομένων
626 1091 877 1162 αἴσθησις
929 1093 1258 1162 ἐπιγίνεται.
1302 1092 1513 1162 Ὀλίγον
1573 1093 1630 1147 δὲ
1686 1092 1932 1166 ὕστερον,

331 1184 462 1236 ὅταν
504 1183 670 1254 ἀνοχή
722 1200 804 1247 τις
848 1185 942 1237 καὶ
991 1184 1234 1256 λώφησις
1278 1185 1502 1256 γένηται
1553 1184 1649 1238 τοῦ
1703 1184 1931 1251 πάθους,

330 1279 524 1353 ὥσπερ
567 1282 690 1352 ἄρτι
737 1280 1094 1352 ζωοποιηθεὶς
1147 1284 1176 1336 6
1241 1282 1527 1354 ἄνθρωπος
1573 1281 1931 1345 διανίσταται,

334 1373 478 1427 κατά
515 1373 709 1444 μικρὸν
744 1374 823 1437 είς
858 1374 1211 1444 συναίσθησιν
1254 1373 1451 1429 ἐαυτοῦ
1494 1373 1590 1428 καὶ
1631 1372 1738 1427 τῶν
1788 1391 1932 1444 πρα-

331 1466 558 1536 γμάτων
583 1457 896 1536 ἐρχόμενος,
929 1465 1024 1519 καὶ
1059 1466 1220 1538 σχολῇ
1257 1466 1355 1528 τὰς
1387 1466 1666 1538 ἐνεργείας
1692 1465 1935 1537 ἀναλαμ-

331 1556 534 1621 ϐάνων,
561 1557 656 1610 καὶ
689 1553 800 1611 οἷον
829 1557 1002 1628 ψυχού
1013 1574 1172 1628 μενος
1209 1560 1274 1629 τῇ
1310 1557 1624 1629 ξωπυρήσει
1651 1559 1748 1629 τῆς
1775 1561 1935 1632 ἐγρη-

334 1649 596 1720 γόρσεως.
630 1649 694 1701 Εἰ
719 1648 774 1701 δέ
811 1647 1119 1716 ὑφεστῶτος
1168 1647 1248 1701 ἐτι
1296 1648 1390 1702 τοῦ
1447 1649 1586 1713 ζὼου
1643 1651 1738 1703 καὶ
1776 1665 1934 1721 περι-

333 1743 486 1804 όντος
516 1741 780 1797 τοσαῦται
810 1740 1025 1810 νύκτωρ
1059 1741 1154 1794 καὶ
1205 1741 1323 1812 μεθ’
1367 1742 1578 1813 ἡμέραν
1622 1743 1930 1807 ἐκστάσεις,

2038 556 2162 596 esse
2192 555 2300 595 non
2334 539 2734 610 possunt?llle
2777 539 2924 594 enim
2978 537 3176 592 mortis
3231 538 3434 606 imago,
3507 535 3625 589 haec

2035 631 2456 686 resurrectionis
2511 629 2912 684 imitamentum
2971 637 3075 684 est.
3131 627 3400 694 Quocirca
3459 628 3622 682 etiam

2035 722 2281 777 nonnulli
2315 721 2527 776 externi
2559 721 2835 791 sapientes
2866 736 3186 791 germanum
3220 720 3413 774 mortis
3463 735 3619 775 som-

2036 831 2162 868 num
2201 822 2486 878 vocarunt,
2520 821 2746 884 propter
2783 814 3204 870 similitudinem
3255 828 3470 876 eorum,
3528 812 3623 882 qui

2036 907 2090 961 in
2119 914 2351 978 utroque
2407 907 2685 972 accidunt,
2749 905 2974 962 allectus
3026 915 3081 960 et
3157 905 3618 975 perturbationes.

2035 997 2251 1054 Oblivio
2281 1014 2519 1070 namque
2549 999 2754 1070 pariter
2778 1006 2832 1054 et
2867 999 3172 1068 ignorantia
3219 998 3623 1068 praeteritorum

2033 1097 2088 1144 et
2108 1091 2430 1145 .l'uturorum
2449 1092 2502 1144 in
2524 1099 2758 1160 utroque
2774 1090 3063 1160 contingit,
3086 1104 3290 1161 corpus
3314 1090 3434 1144 sine
3455 1104 3626 1144 sensu

2031 1181 2195 1251 jacet,
2235 1184 2472 1238 amicum
2509 1198 2622 1237 non
2675 1183 2849 1246 novit,
2884 1183 3166 1237 inimicum
3223 1183 3459 1253 ignorat,
3517 1183 3627 1237 cir-

2034 1282 2376 1330 cumstantes
2414 1259 2467 1330 et
2509 1283 2821 1347 spectantes
2867 1290 2975 1329 non
3007 1273 3172 1339 videt,
3211 1273 3476 1339 tabidum,
3515 1273 3626 1327 fra-

2035 1374 2208 1430 ctum,
2240 1368 2576 1439 languidum,
2622 1369 2888 1433 solutum,
2945 1370 3262 1430 remissum,
3297 1365 3458 1422 modo
3515 1383 3623 1421 non

2035 1467 2335 1524 mortuum,
2367 1461 2546 1516 omnis
2579 1477 2774 1532 expers
2801 1459 3077 1525 eﬂicaciat,
3108 1458 3245 1514 nihil
3273 1456 3531 1514 differens
3556 1459 3626 1513 ab

2035 1548 2124 1611 iis,
2151 1566 2272 1621 quae
2305 1551 2359 1606 in
2391 1552 2587 1607 loculis
2620 1563 2672 1608 et
2701 1553 2978 1624 sepulcris
3023 1551 3266 1622 reposita
3309 1561 3460 1607 sunt.
3520 1548 3626 1605 Pe-

2035 1646 2194 1702 rinde
2220 1646 2480 1702 nimirum
2515 1647 2904 1712 dormientem,
2937 1648 2984 1703 si
3019 1647 3180 1711 velis,
3229 1646 3516 1716 compilas,
3561 1660 3626 1700 ac

2036 1740 2080 1794 si
2109 1749 2357 1794 mortuus
2385 1747 2552 1806 esset,
2585 1755 2825 1795 evacuas
2852 1748 2906 1795 et
2929 1739 3193 1795 exhauris
3215 1738 3382 1805 aedes,
3403 1739 3625 1794 vincula

334 1833 668 1897 ἀλλοιώσεις,
730 1832 1047 1904 μεταϐολαὶ,
1090 1831 1249 1903 λῆθαι
1302 1834 1396 1887 καὶ
1451 1835 1664 1905 μνῆμαι
1709 1835 1788 1904 τῷ
1835 1836 1932 1906 βίῳ

2041 1830 2240 1900 injicis,
2275 1845 2339 1885 ac
2371 1831 2558 1886 nullus
2592 1846 2785 1886 eorum
2817 1846 2941 1902 qua:
2973 1831 3111 1885 tiunt
3137 1845 3336 1886 sensus
3387 1830 3628 1885 interve-

336 1925 796 1996 παραπεπήγασι,
827 1923 946 1977 λίαν
978 1923 1200 1993 ἀνόητον
1232 1922 1326 1976 καὶ
1355 1923 1678 1992 φιλόνεικον,
1709 1924 1828 1996 Θεῷ
1857 1925 1930 1996 μὴ

339 2015 616 2068 πιστεύειν
641 2015 732 2067 τὸν
765 2014 989 2086 ἔσχατον
1019 2014 1411 2085 ἀνακαινισμδν
1453 2015 1930 2087 ἐπαγγελλομένῳ,

333 2107 419 2179 τῷ
467 2108 560 2160 καὶ
603 2107 702 2179 τὴν
755 2105 978 2178 πρώτην
1021 2105 1218 2160 πλάσιν
1263 2105 1744 2178 δημιουργήσαντι.
1780 2108 1846 2160 Ὃ
1877 2107 1934 2160 δέ

343 2199 577 2270 μάλιστα
624 2198 853 2270 φράττει
905 2199 1030 2262 τοὺς
1079 2198 1491 2266 ἀντιλέγοντας,
1539 2199 1632 2254 καὶ
1685 2199 1933 2252 ἀπιστεῖν

340 2291 783 2364 παρασκευάζει,
844 2289 1002 2344 τοῦτο
1057 2290 1164 2362 πρὸ
1213 2289 1462 2356 πάντων,
1513 2291 1590 2354 ὡς
1645 2285 1820 2361 οἶμαι,
1874 2290 1935 2342 τὸ

331 2383 581 2454 νομίζειν
609 2382 917 2454 ἀφανισμὸν
947 2382 1185 2454 παντελῆ
1229 2382 1476 2452 γίνεσθαι
1501 2382 1610 2436 τῶν
1643 2383 1932 2454 σωμάτων.

342 2475 498 2544 Ἔχει
525 2473 582 2526 δὲ
604 2473 704 2544 ούχ
727 2472 920 2535 οὕτως.
959 2473 1034 2526 Οὐ
1065 2473 1175 2544 γὰρ
1212 2472 1397 2526 τέλεον
1431 2471 1772 2541 ἀφανίζεται,
1799 2470 1934 2525 ἀλλά

332 2566 612 2620 διαλύεται
641 2569 719 2630 εἰς
756 2566 826 2620 τὰ
855 2565 914 2631 ἐξ
941 2558 1016 2620 ὧν
1048 2565 1305 2638 συνετέθη
1327 2583 1340 2596 ·
1375 2566 1470 2620 καὶ⁸
1498 2565 1645 2620 ἐστιν
1673 2567 1732 2620 ἐν
1761 2564 1934 2628 ὕδατι,

338 2659 434 2711 καὶ
477 2657 619 2730 ἀέρι,
671 2657 766 2710 καὶ
805 2658 900 2727 γῇ,
945 2656 1040 2709 καὶ
1089 2655 1242 2726 πυρί.
1291 2656 1411 2712 Τῶν
1458 2655 1516 2709 δὲ
1567 2655 1938 2727 πρωτοτύπων

341 2749 623 2820 στοιχείων
653 2748 944 2820 μενόντων,
979 2746 1070 2800 καὶ
1109 2747 1217 2801 τῶν
1263 2747 1360 2801 ἀπ’
1395 2747 1618 2801 ἐκείνων
1665 2745 1803 2816 μετά
1839 2746 1938 2817 τήν

339 2842 585 2896 διάλυσιν
635 2839 866 2904 ἐκείνοις
915 2840 1450 2911 προσχωρησάντων,
1491 2839 1550 2891 ἐν
1594 2835 1676 2902 οἷς
1711 2837 1936 2892 καθόλου

342 2931 575 2996 σώζεται
617 2931 712 2985 καὶ
754 2931 822 2984 τά
855 2931 1026 3002 μέρη·
1059 2929 1178 3002 Θεῷ
1211 2930 1267 2984 δέ
1305 2930 1539 3002 μάλιστα
1577 2929 1676 3001 μὲν
1707 2929 1971 3011 εὔπορον,

339 3025 403 3091 ἐξ
429 3024 529 3077 οὐκ
566 3023 735 3076 ὄντων
771 3022 1124 3093 δημιουργεῖν
1155 3021 1270 3092 (καὶ
1301 3022 1411 3092 γὰρ
1443 3021 1615 3086 οὕτως
1646 3023 1704 3076 ἐν
1747 3023 1942 3094 ἀρχαῖς

338 3115 502 3168 ἔλαϐε
529 3114 597 3167 τά
629 3114 805 3168 πάντα
835 3112 933 3184 τὴν
965 3111 1232 3182 γένεσιν)ο
1279 3113 1341 3166 τὸ
1390 3113 1448 3166 δέ
1502 3112 1564 3177 ἐξ
1605 3112 1788 3184 ἀρχῶν
1835 3114 1942 3168 τῶν

342 3203 524 3256 οὐσῶν
545 3203 945 3271 γενεσιουργεῖν
971 3199 1150 3272 πολλῷ
1167 3201 1338 3272 δήπου
1368 3203 1564 3273 ῥᾷστον
1589 3203 1683 3256 καὶ
1711 3202 1945 3258 εὐκολώ-

349 3312 532 3350 τατον.
572 3293 664 3364 Μὴ
690 3293 870 3348 τοίνυν
915 3293 1013 3363 τὴν
1060 3293 1232 3364 καλὴν
1273 3293 1465 3349 ἐλπίδα
1499 3293 1609 3351 τῶν
1641 3295 1946 3367 ἀνθρώπων

349 3383 662 3454 ἀνέλωμεν,
708 3383 806 3455 τὴν
856 3383 1226 3455 ἐπανόρθωσιν
1277 3383 1377 3454 τῆς
1431 3383 1714 3449 ἀσθενείας
1765 3386 1942 3458 ήμῶν,

351 3478 448 3530 καὶ
490 3477 592 3548 τὴν
639 3477 919 3548 δευτέραν,
975 3476 1049 3540 ὡς
1098 3475 1164 3530 ἂν
1209 3476 1350 3530 εῐποι
1404 3493 1525 3542 τις,
1575 3477 1790 3546 γένεσιν
1844 3476 1945 3550 τὴν

353 3568 643 3641 ἐλευθέραν
704 3569 932 3625 θανάτου
950 3609 964 3634 ,
999 3569 1134 3641 μηδὲ
1172 3569 1479 3640 φιληδονίας
1521 3571 1794 3643 ὑπερϐολῇ
1846 3573 1944 3643 τήν

349 3661 562 3732 ἀγαθὴν
592 3660 685 3714 καὶ
730 3660 1110 3732 φιλάνθρωπον
1147 3659 1241 3712 τοῦ
1291 3657 1426 3712 Θεοῦ
1467 3659 1760 3730 ὑπόσχεσιν
1807 3661 1945 3714 καθ-

351 3747 683 3819 υϐρίσωμεν.
729 3745 883 3818 Ἐμοὶ
913 3747 1022 3820 γάρ
1053 3747 1300 3801 δοκοῦσιν
1340 3749 1388 3802 oi
1437 3749 1535 3820 τῆς
1576 3751 1945 3822 προκειμένης

349 3839 661 3903 ὑποθέσεως
695 3838 950 3904 ἐναντίοι,
981 3839 1172 3911 ἄνδρες
1215 3834 1354 3893 εἶναι
1387 3840 1584 3904 κακίας
1615 3832 1820 3912 ἑταῖροι
1850 3841 1945 3894 καὶ

349 3932 550 4002 ἀρετῆς
579 3930 782 4002 ἐχθροὶ,
811 3929 996 3999 λάγνοι
1030 3931 1124 3984 καὶ
1167 3930 1506 3999 πλεονέκται,
1550 3933 1646 3986 καὶ
1686 3934 1944 4005 ἀκρατεῖς

350 4025 671 4097 ὀφθαλμοῖς,
714 4026 809 4080 καὶ
842 4027 979 4098 ἀκοῇ
1008 4025 1104 4080 καὶ
1145 4027 1430 4100 ὀσφρήσει,
1468 4027 1564 4080 καὶ
1594 4026 1796 4091 πάσαις
1825 4030 1944 4092 ταῖς

352 4117 666 4190 αἰσθήσεσιν
696 4119 927 4190 ῥέουσαν
970 4120 1054 4172 ἐπ’
1085 4119 1269 4182 αὐτοῖς
1321 4119 1420 4189 τὴν
1471 4119 1664 4190 ήδονὴν
1705 4119 1942 4190 εἰσδεχό-

354 4227 527 4282 μενοι.
567 4210 782 4282 Ἐπειδὴ
809 4210 866 4264 δὲ
895 4211 923 4264 6
952 4209 1051 4280 τῆς
1083 4208 1432 4273 ἀναστάσεως
1459 4209 1616 4278 λόγος
1648 4211 1946 4282 προκειμέ-

352 4319 451 4372 νην
480 4301 592 4372 ἔχει
619 4302 717 4374 τὴν
751 4302 954 4373 κρίσιν,
985 4303 1080 4355 καὶ
1112 4300 1220 4354 τῶν
1257 4302 1417 4370 ίερῶν
1447 4299 1643 4370 βίϐλων
1687 4303 1945 4358 ἀκούουσι

327 4393 626 4464 ,λεγουσῶν
647 4394 964 4467 διαρρήδην,
995 4393 1072 4457 ὼς
1099 4395 1200 4447 οὐκ
1233 4393 1525 4457 ἀνεύθυνος
1554 4393 1714 4465 ήμῶν
1742 4395 1771 4447 6
1799 4395 1942 4466 βίοςο

2035 1922 2134 1976 nit.
2167 1920 2337 1977 Paulo
2370 1930 2493 1992 post
2524 1924 2614 1978 ubi
2651 1923 2990 1980 intermissio
3012 1924 3195 1995 aliqua
3225 1931 3319 1978 aut
3344 1923 3626 1977 laxamen-

2035 2018 2150 2064 tum
2181 2010 2411 2068 ati‘ectus
2441 2012 2747 2080 advenerit,
2792 2013 2953 2083 quasi
3012 2013 3176 2068 modo
3199 2013 3324 2069 vita:
3375 2012 3628 2068 redditus

2035 2101 2428 2174 homo-surgit,
2457 2104 2720 2174 paulatim
2761 2104 2829 2158 ad
2854 2106 2939 2161 sui
2977 2105 3154 2175 ipsius
3183 2120 3480 2175 rerumque
3532 2120 3627 2160 re-

2034 2194 2192 2250 diens
2253 2211 2501 2262 sensum,
2556 2196 2890 2268 pedetentim
2925 2195 3198 2252 et‘ﬁcacias
3238 2197 3453 2267 recipit,
3503 2205 3628 2250 tan-

2036 2303 2200 2357 quam
2219 2293 2493 2346 animatus
2507 2291 2706 2362 vigiliae
2722 2290 3080 2346 recreatione.
3114 2289 3271 2357 Quod
3295 2290 3340 2345 si
3377 2296 3628 2346 exstante

2035 2380 2201 2435 etiam
2232 2398 2378 2437 nunc
2409 2384 2464 2438 in
2507 2399 2692 2439 rerum
2727 2392 2923 2439 natura
2964 2391 3130 2455 atque
3165 2384 3464 2454 superstite
3507 2383 3629 2438 ani-

2038 2473 2190 2536 mali,
2223 2481 2333 2529 tam
2364 2475 2548 2530 multa:
2603 2486 2764 2530 nocte
2792 2484 2847 2530 et
2878 2475 3115 2532 interdiu
3172 2475 3372 2531 mentis
3420 2474 3630 2530 aliena-

2039 2565 2240 2630 tiones,
2260 2566 2637 2633 alterationes,
2678 2567 3035 2633 mutationes,
3067 2567 3375 2645 obliviones
3417 2574 3472 2621 et
3511 2582 3629 2623 me-

2040 2657 2226 2712 moriae
2259 2659 2378 2713 vitae
2410 2659 2720 2729 conjuncta;
2748 2668 2914 2713 sunt:
2946 2659 3104 2714 valde
3135 2659 3366 2713 stultum
3389 2669 3445 2714 et
3491 2673 3628 2714 con-

2040 2751 2337 2806 tentiosum
2371 2760 2456 2808 est
2484 2751 2593 2808 Deo
2637 2765 2747 2807 non
2800 2752 3025 2808 credere
3084 2752 3332 2807 ultimam
3399 2766 3628 2808 renova-

2041 2846 2245 2900 tionem
2277 2846 2639 2915 promittenti,
2675 2863 2801 2902 cum
2837 2848 3000 2902 etiam
3030 2847 3300 2917 primaeva:
3343 2844 3627 2901 formatio-

2042 2940 2129 2995 nis
2165 2948 2361 2993 auctor
2399 2939 2491 2994 sit.
2523 2938 2680 3006 Quod
2711 2947 2894 2994 autem
2958 2939 3195 2993 maxime
3245 2937 3630 2993 contradicen-

2045 3040 2125 3086 tes
2160 3039 2358 3099 armat,
2387 3043 2444 3086 et
2500 3031 2907 3088 incredulitatis
2950 3045 3142 3086 eorum
3190 3045 3357 3086 causa
3391 3029 3630 3087 rﬂiciens

2047 3133 2159 3178 est:
2191 3123 2315 3186 hoc,
2352 3132 2411 3178 ut
2451 3124 2670 3195 opinor,
2725 3125 3060 3195 prmeipuum
3093 3130 3197 3186 est,
3230 3123 3378 3194 quod
3435 3139 3631 3195 corpo-

2049 3230 2170 3268 rum
2210 3220 2511 3271 extremam
2555 3215 2670 3271 ﬁeri
2705 3216 3060 3271 abolitionem
3120 3224 3175 3271 et
3206 3215 3484 3270 interitum
3515 3216 3632 3271 exi-

2049 3307 2296 3362 stimant.
2341 3305 2448 3364 Sed
2483 3323 2571 3363 res
2608 3307 2682 3362 ita
2714 3323 2774 3364 se
2801 3323 2910 3363 non
2946 3307 3133 3362 habet.
3180 3305 3299 3363 Non
3325 3307 3469 3363 enim
3512 3322 3633 3363 om-

2047 3397 2179 3452 nino
2207 3398 2483 3454 intereunt
2522 3406 2576 3454 et
2603 3399 2914 3463 abolentur,
2977 3398 3073 3454 sed
3129 3398 3509 3455 dissolvuntur
3573 3399 3631 3454 in

2045 3503 2140 3545 eas
2175 3505 2285 3558 res,
2313 3506 2378 3545 ex
2408 3490 2610 3562 quibus
2634 3490 2939 3562 composita
2963 3499 3093 3545 sunt
3119 3507 3135 3545 ε
3167 3498 3364 3546 etsunt
3385 3491 3439 3545 in
3459 3505 3627 3560 aqua,

2048 3580 2104 3634 in
2145 3595 2292 3644 aere,
2325 3581 2380 3635 in
2435 3589 2580 3635 terra
2616 3589 2670 3635 et
2720 3579 2775 3634 in
2843 3579 2988 3651 igne.
3043 3577 3392 3635 Manentibus
3446 3591 3629 3636 autem

2048 3672 2448 3742 principalibus
2484 3671 2794 3736 elementis,
2825 3680 2880 3727 et
2911 3671 3002 3739 iis,
3037 3686 3158 3741 quae
3214 3687 3282 3726 ex
3333 3671 3442 3727 illis
3493 3687 3630 3728 con-

2046 3769 2214 3828 stant,
2252 3770 2376 3834 post
2431 3762 2854 3819 dissolutionem
2912 3763 2980 3817 ad
3011 3776 3074 3817 ea
3112 3761 3528 3828 accedentibus,
3572 3765 3656 3819 in-

2045 3854 2246 3924 quibus
2294 3869 2526 3926 prorsus
2560 3855 2726 3910 salva:
2765 3861 2994 3908 manent
3027 3853 3190 3908 etiam
3241 3863 3462 3922 partes:
3501 3869 3628 3909 cum

2046 3947 2159 4004 Deo
2193 3947 2430 4005 maxime
2463 3948 2684 4020 quidem
2713 3947 2873 4005 facile
2897 3956 2984 4005 est
3015 3949 3098 4003 vel
3131 3963 3196 4004 ex
3228 3948 3319 4013 iis,
3353 3964 3476 4020 qua:
3515 3965 3627 4005 non

2046 4047 2399 4104 sunt,creare
2417 4040 2639 4112 (etenim
2670 4041 2824 4096 sicin
2855 4039 3141 4110 principiis
3169 4055 3353 4095 rerum
3371 4040 3628 4098 universa

2045 4140 2296 4188 naturam
2315 4142 2370 4187 et
2394 4132 2664 4203 originem
2686 4134 3067 4202 sumpserunt)
3102 4139 3217 4186 tum
3247 4147 3313 4186 ex
3337 4133 3631 4204 principiis

2047 4223 2462 4295 suppetentibus
2494 4233 2743 4279 naturam
2769 4224 2983 4281 elIicere
3013 4225 3172 4296 longe
3223 4235 3372 4280 certe
3433 4226 3631 4282 facilli-

2047 4328 2195 4368 mum
2253 4322 2309 4368 et
2366 4313 2861 4384 expeditissimum.
2926 4314 3004 4370 Ne
3075 4315 3242 4387 igitur
3311 4317 3630 4385 pmclaram

2048 4421 2200 4476 spem
2253 4405 2573 4470 hominum,
2625 4407 3026 4463 correctionem
3080 4415 3136 4461 et
3191 4406 3627 4462 emendationem

352 4488 468 4543 ἀλλ’
499 4488 629 4541 ὅταν
656 4487 792 4558 πρὸς
837 4487 934 4560 τὴν
973 4485 1232 4557 δευτέραν
1271 4486 1746 4558 ἀνακαινισθῶμεν
1777 4488 1939 4560 ζωὴν.

2051 4499 2306 4555 videlicet
2369 4499 2707 4557 inﬁrmitatis
2779 4516 2845 4557 ac
2921 4501 3230 4573 fragilitatis
3283 4509 3520 4565 nostra,
3575 4508 3632 4554 et

354 4582 555 4643 πάντες
584 4578 1049 4651 παραστησόμεθα
1080 4577 1158 4650 τῷ
1193 4578 1397 4650 βήματι
1447 4576 1541 4632 τοῦ
1581 4578 1842 4650 Χριστοῦ,
1874 4581 1950 4646 ὡς

355 4672 445 4726 ὑπ’
473 4671 666 4742 ἐκείνῳ
692 4673 853 4743 κριτῇ
881 4669 978 4735 τὰς
1007 4669 1142 4741 πρὸς
1171 4669 1326 4735 ἀξίαν
1355 4669 1590 4742 ἀμοιϐἀς
1619 4670 1726 4724 τῶν
1751 4670 1942 4741 βεϐιω-

359 4764 536 4834 μένων
563 4763 927 4833 κομίσασθαι·
954 4762 1252 4827 συνειδότες
1279 4763 1491 4826 ἑαυτοῖς
1519 4763 1747 4835 πράξεις
1777 4765 1950 4835 αἰσχί·

358 4870 508 4922 στας,
555 4854 766 4908 πολλῶν
820 4853 977 4921 ἀξίας
1028 4851 1329 4924 τιμωριῶν,
1376 4855 1524 4924 μίσει
1569 4855 1670 4924 τῆς
1714 4857 1948 4928 κρίσεως

355 4947 640 5019 ἀναιροῦσι
664 4947 759 5000 καὶ
779 4946 876 5018 τὴν
904 4945 1216 4999 ἀνάστασιν.
1258 4946 1466 5016 Ὥσπερ
1491 4948 1539 5000 oi
1570 4948 1795 5018 πονηροὶ
1830 4947 1941 5000 τῶν

355 5040 577 5104 δούλων,
626 5040 676 5093 οἱ
726 5037 824 5109 τήν
874 5037 1061 5090 οὐσίαν
1126 5036 1220 5090 τοῦ
1271 5038 1458 5109 κυρίου
1508 5039 1940 5112 δαπανήσαντες,

357 5135 585 5189 θανάτου
620 5132 679 5185 δέ
711 5129 806 5184 τοῦ
840 5130 1103 5184 δεσπότου
1146 5130 1239 5182 καὶ
1267 5131 1540 5194 ἀπωλείας
1571 5133 1782 5196 ἑαυτοῖς
1811 5135 1945 5188 ὑπο-

356 5226 678 5297 γράφοντες,
705 5223 803 5277 καὶ
835 5221 970 5293 πρὸς
1008 5220 1106 5292 τὴν
1149 5220 1284 5276 ἰδίαν
1330 5221 1628 5294 ἐπιθυμίαν
1666 5225 1944 5291 διακένους

353 5318 647 5387 λογισμοὺς
680 5315 1140 5377 ἀναπλάσσοντες.

2047 4591 2366 4658 secundam,
2417 4599 2479 4646 ut
2536 4592 2612 4647 ita
2669 4592 2872 4660 dicam,
2923 4593 3325 4664 generationem
3381 4606 3412 4646 a
3455 4602 3633 4648 morte

2048 4679 2276 4736 liberam
2334 4681 2614 4749 tollamus,
2649 4697 2827 4752 neque
2882 4682 3054 4738 nimio
3088 4681 3276 4737 studio
3330 4681 3632 4754 voluptatis

2046 4772 2370 4845 benignam,
2417 4774 2714 4845 studioque
2745 4782 2801 4831 et
2859 4789 3045 4830 amore
3081 4775 3364 4830 hominum
3429 4773 3631 4830 factam

2050 4865 2479 4934 promissionem
2518 4865 2611 4919 Dei
2645 4865 2971 4935 sugillemus
2991 4877 3154 4937 atque
3182 4865 3629 4922 dehonestemus.

2050 4952 2179 5009 Mihi
2213 4957 2358 5010 enim
2397 4957 2685 5026 praesentis
2706 4959 3016 5030 argumenti
3043 4958 3345 5014 adversarii
3376 4959 3633 5014 videntur

2050 5062 2172 5101 esse
2207 5046 2458 5101 homines
2512 5047 2626 5099 vitii
2677 5057 2840 5119 atque
2871 5045 3127 5120 nequitia:
3169 5049 3353 5116 amici,
3413 5049 3631 5104 virtutis

2050 5137 2284 5198 inimici,
2320 5137 2619 5206 libidinosi,
2647 5140 2822 5207 avari,
2871 5153 2926 5196 et
2947 5142 3121 5196 oculis
3180 5142 3630 5211 intemperantes,

2053 5235 2165 5279 tum
2203 5226 2390 5280 auditu
2421 5238 2473 5282 et
2505 5227 2729 5296 olfactu,
2764 5230 3021 5287 omnibus
3090 5231 3326 5302 denique
3373 5231 3631 5289 sensibus

2052 5319 2373 5373 inﬂuentem
2398 5329 2453 5374 et
2480 5321 2832 5390 obrepentem
2864 5322 3000 5391 ipsis
3039 5325 3370 5394 voluptatem
3408 5325 3464 5380 in
3511 5339 3632 5380 sese

363 5413 729 5469 almittentes.
777 5410 1048 5478 Quoniam
1098 5414 1280 5463 autem
1317 5414 1582 5463 tractatus
1611 5410 2030 5466 resurrectionis
2059 5409 2332 5481 judicium
2374 5411 2715 5482 propositum
2761 5411 2956 5480 habet,
2989 5422 3044 5472 et
3086 5431 3277 5474 sacros
3309 5419 3479 5474 libros
3532 5436 3633 5475 au-

359 5505 540 5570 diunt,
561 5507 614 5561 in
648 5504 849 5574 quibus
876 5517 1136 5574 expresse
1161 5515 1226 5556 ac
1249 5501 1454 5556 diserte
1475 5503 1810 5570 continetur,
1831 5504 1978 5575 quod
1999 5516 2190 5560 nostra
2208 5505 2319 5560 vita
2337 5506 2628 5576 quaestioni
2646 5515 2698 5562 et
2721 5508 3118 5566 examinationi
3138 5521 3388 5584 exempta
3406 5529 3512 5569 non
3537 5517 3630 5578 sit,

363 5600 454 5655 sed
484 5615 608 5654 cum
630 5596 694 5651 ad
713 5598 940 5651 alteram
966 5596 1131 5650 vitam
1153 5593 1401 5650 renovati
1425 5593 2001 5663 fuerimus,futurum,
2027 5607 2086 5652 ut
2105 5613 2300 5654 omnes
2331 5599 2400 5654 ad
2425 5599 2667 5655 tribunal
2696 5598 2903 5656 Christi
2931 5604 3218 5671 sistamur,
3249 5615 3309 5661 ut
3341 5607 3633 5676 iliojudice

366 5696 557 5766 dignas
587 5703 722 5748 acta:
743 5692 869 5746 vitae
904 5690 1298 5748 retributiones
1326 5699 1381 5746 et
1411 5693 1894 5760 compensationes
1918 5693 2255 5764 recipiamus
2285 5709 2299 5749 :
2328 5693 2479 5764 quod
2522 5694 2627 5751 sibi
2667 5697 2882 5751 conscii
2919 5706 3051 5754 sunt
3082 5700 3526 5770 turpissimarum
3567 5715 3632 5756 ac

365 5789 789 5853 taedissimarum
803 5788 1103 5858 actionum,
1123 5787 1320 5861 quibus
1355 5787 1556 5844 multas
1585 5802 1778 5860 plenas
1797 5789 1974 5847 meriti
1998 5799 2145 5858 sunt,
2165 5789 2496 5862 odiojudicii
2515 5793 2710 5851 tollunt
2731 5792 2898 5850 etiam
2927 5799 3385 5857 resurrectionem
3407 5810 3633 5867 :qucmv,
