4084 6158
487 364 597 422 675
1736 357 1793 412 S.
1837 354 2162 413 GREGORll
2194 355 2484 414 NYSSENI
3657 353 3759 414 676

485 478 778 534 admodum
808 474 952 533 servi
989 471 1138 538 mali,
1179 474 1271 545 qui
1301 473 1589 531 facultates
1613 482 1668 531 et
1689 474 1832 529 bona
1868 472 2075 528 domini
2109 479 2595 543 consumpserunt,
2624 479 2678 529 et
2703 479 2932 529 mortem
2965 480 3019 528 et
3052 466 3331 530 interitum
3370 469 3638 544 (interim)
3662 472 3760 528 do-

485 569 620 624 mini
653 568 758 624 sibi
792 576 1130 636 proponu‘nt,
1164 574 1218 619 et
1250 579 1348 635 pro
1377 580 1443 619 eo
1469 565 1614 633 quod
1645 565 1878 632 cupiunt
1899 573 1954 618 et
1973 570 2187 631 Optant,
2225 577 2396 617 vanas
2426 563 2793 632 cogitationes
2825 563 2930 618 sibi
2963 562 3192 632 lingunt.

559 659 761 712 Verum
797 670 960 709 nemo
1005 668 1177 709 sanus
1211 656 1286 707 ita
1335 655 1555 709 sentiet.
1611 657 1742 718 Qum
1787 660 1872 706 est
1924 653 2068 706 enim

2257 651 2395 703 Ἀλλ’
2433 651 2610 714 οὐδεὶς
2665 649 2808 704 οὕτω
2849 653 3103 722 φρονήσει
3153 650 3259 704 τῶν
3316 649 3758 721 σωφρονούντων.

484 751 700 805 utilitas
722 747 996 817 justitiae‘!
1030 746 1185 812 Quod
1227 747 1578 802 commodum
1615 746 1882 809 veritatis,
1914 744 2068 799 boni-

2171 742 2236 794 Τί
2264 743 2372 813 γὰρ
2394 741 2584 811 ὄφελος
2595 741 2959 812 δικαιοσύνης,
2979 743 3072 796 καὶ
3103 742 3382 814 ἀληθείας,
3411 743 3507 796 καὶ
3525 742 3764 814 χρηστό-

483 842 616 895 talis
647 847 701 894 et
732 839 913 893 omnis
944 837 1287 892 honestatis?
1310 839 1481 906 Cujus
1535 837 1613 891 rei
1671 837 1846 908 gratia
1892 834 2068 889 homi-

2170 850 2368 904 τητος,
2407 835 2504 888 καὶ
2550 834 2752 898 παντὸς
2791 835 2886 889 τοῦ
2927 834 3133 901 καλοῦ;
3187 836 3328 905 ὑπὲρ
3366 835 3513 898 τίνος
3556 835 3614 887 δὲ
3662 851 3765 905 μο-

484 948 584 988 nes
616 931 888 994 laborant,
921 939 974 983 et
1006 929 1190 984 studio
1225 930 1512 999 sapientiae
1539 927 1708 982 dediti
1734 927 1902 982 sunt?
1928 924 2068 981 Ven-

2170 923 2360 994 χθοῦσι
2392 925 2487 978 καὶ
2516 925 2896 995 φιλοσοφοῦσιν
2937 926 3211 998 ἄνθρωποι
3235 966 3250 993 ,
3295 927 3531 996 γαστρὸς
3566 925 3763 997 ἡδονὴν

486 1025 586 1078 tris
633 1023 968 1091 voluptatem
1035 1021 1139 1074 sibi
1196 1021 1586 1089 subjugantes,
1671 1017 2068 1074 continentiam

2169 1015 2664 1086 δουλαγωγοῦντες,
2728 1019 2821 1072 καὶ
2877 1017 3195 1086 ἀγαπῶντες
3251 1018 3576 1088 ἐγκράτειαν
3597 1055 3613 1080 ,
3665 1015 3763 1070 καὶ

485 1112 1020 1182 temperantiamque
1054 1110 1458 1178 amplexantes,
1486 1124 1683 1165 somno
1711 1108 1779 1162 ad
1815 1108 2068 1177 exiguum

2173 1107 2342 1162 ὕπνου
2373 1108 2507 1180 πρὸς
2531 1108 2710 1177 ὀλίγον
2752 1109 3266 1179 μεταλαγχάνοντες,
3299 1109 3391 1161 καλ⁵
3424 1106 3762 1178 παραταττό·

485 1213 705 1273 tempus
759 1202 1128 1269 indulgentes.
1189 1210 1570 1271 tempestatem
1617 1208 1670 1256 et
1703 1210 1896 1255 aestum
1939 1196 2068 1253 tole-

2175 1216 2326 1270 μενοι
2369 1199 2506 1270 πρὸς
2547 1201 2790 1270 χειμῶνα
2840 1201 2931 1253 καὶ
2970 1203 3176 1268 πνῖγος,
3222 1201 3271 1252 εί
3315 1199 3610 1261 ἀνάστασις
3659 1199 3762 1251 οὐκ

485 1305 696 1357 rantes,
720 1293 763 1347 si
798 1293 1130 1347 resurrectio
1155 1308 1262 1346 non
1296 1293 1418 1347 est?
1449 1292 1702 1346 Dicamus
1720 1292 1877 1362 juxta
1906 1291 2068 1344 verba

2171 1289 2352 1354 έστινς
2381 1289 2635 1360 Εἶπωμεν
2668 1289 2803 1361 πρὸς
2835 1291 2996 1356 αὐτὰ,
3023 1291 3090 1344 τὰ
3113 1293 3332 1362 ῥήματα
3362 1289 3615 1355 Παύλου;
3646 1287 3762 1342 Φά-

487 1384 646 1438 Pauli
673 1403 686 1437 :
725 1382 960 1436 Eslamus
991 1392 1040 1436 et
1071 1382 1332 1447 bibamus,
1364 1399 1485 1437 cras
1521 1383 1660 1436 enim
1704 1383 1963 1435 morimur
2003 1380 2068 1436 ”.

2170 1400 2366 1453 τωμεν
2413 1382 2510 1436 καὶ
2554 1383 2814 1452 πίωμενο
2866 1383 3075 1451 αὔριον
3115 1383 3228 1452 γὰρ
3268 1381 3758 1450 ἀποθνήσκομεν.

487 1475 546 1530 Si
572 1476 904 1530 resurrectio
931 1475 1102 1538 nulla,
1131 1473 1254 1530 ﬁnis
1277 1489 1409 1530 vero
1429 1477 1554 1529 vitae
1579 1490 1728 1530 mors
1761 1483 1846 1529 est
1867 1515 1881 1540 ,
1931 1473 2062 1527 tolle

2171 1476 2235 1530 Εί
2261 1475 2552 1538 ἀνάστασις
2578 1475 2678 1528 οὐκ
2719 1475 2884 1538 ἐστιν,
2925 1473 3060 1528 ἀλλὰ
3094 1474 3266 1544 πέρας
3315 1473 3408 1527 τοῦ
3444 1472 3558 1543 βίου
3593 1473 3763 1526 θάνα-

484 1568 618 1621 mihi
651 1567 1028 1621 accusationes
1069 1574 1231 1636 atque
1271 1567 1766 1637 reprehensiones;
1817 1565 2068 1635 permitte

2171 1567 2466 1634 τος,’άνελέ
2496 1585 2585 1637 μοι
2623 1568 2955 1639 κατηγορίας
2986 1568 3080 1620 καὶ
3108 1567 3340 1637 ψόγους⁶
3363 1567 3452 1630 δὸς
3481 1565 3760 1621 ἀκώλυτον

485 1658 798 1722 homicidae,
826 1670 887 1711 ut
915 1659 1122 1727 absque
1155 1658 1552 1728 impedimento
1577 1673 1677 1713 sua
1711 1658 1928 1714 licentia
1949 1666 2068 1712 uta-

2169 1661 2247 1732 τῷ
2285 1661 2593 1732 ἀνδροφόνῳ
2629 1661 2728 1730 τὴν
2765 1659 3044 1724 ἐξουσίαν’
3087 1659 3224 1730 ἄφες
3259 1659 3348 1712 τὸν
3395 1658 3582 1728 μοιχὸν
3621 1658 3762 1724 μετά

489 1756 614 1814 tur;
650 1749 768 1804 sine
801 1750 1108 1803 adulterum
1144 1749 1315 1804 libere
1367 1749 1618 1805 insidiari
1668 1751 2068 1817 matrimoniis;

2173 1753 2485 1826 παρρησίας
2517 1750 2886 1806 ἐπιϐουλεύειν
2916 1753 3030 1816 τοῖς
3066 1752 3285 1821 γάμοις,
3319 1751 3578 1822 τρυφάτω
3617 1749 3762 1804 κατὰ

488 1841 722 1896 insultet
751 1840 1082 1894 adversariis
1108 1841 1262 1896 dives
1291 1856 1492 1898 avarus
1531 1852 1583 1898 et
1611 1841 1774 1896 alieni
1834 1857 2068 1911 usurpa-

2169 1845 2278 1899 τῶν
2329 1843 2585 1898 ἐναντίων
2635 1843 2984 1914 πλεονέκτης,
3045 1843 3233 1914 μηδεὶς
3277 1843 3618 1897 έπικοπτέτω
3669 1841 3763 1894 τὸν

485 1940 596 1999 tor,
660 1947 820 1987 nemo
866 1932 1290 1986 conviciatorem
1328 1939 1600 1995 coerceat,
1655 1932 1804 2002 juret
1849 1933 2068 1988 assidue

2171 1936 2430 2008 λοίδορον,
2459 1935 2675 2007 ὀμνύτω
2709 1934 2944 2006 συνεχῶς
2979 1936 3007 1989 ὀ
3041 1935 3326 2007 ἐπίορκοςο
3356 1935 3504 2006 μένει
3533 1934 3644 2005 γὰρ
3668 1933 3763 1987 9&-

488 2024 779 2094 perjurus:
810 2032 992 2078 manet
1016 2023 1167 2078 enim
1203 2039 1353 2078 mors
1385 2025 1548 2079 etiam
1575 2024 1810 2093 justum,
1860 2025 2074 2094 religio-

485 2131 628 2178 sum,
664 2129 728 2169 ac
762 2117 932 2185 pium,
961 2115 1212 2185 jurisque
1236 2114 1460 2185 jurandi
1484 2116 1886 2170 observantem.
1919 2114 2070 2170 Men-

484 2206 657 2260 tiatur
697 2207 876 2276 quivis
907 2207 1047 2260 alius
1071 2213 1337 2276 quantum
1369 2207 1500 2261 velit
1531 2224 1544 2260 :
1583 2207 1769 2262 nullus
1797 2207 1941 2261 extim
1978 2223 2070 2262 ve-

490 2298 676 2352 ritatis
713 2298 927 2353 fructus
951 2338 967 2362 ,
999 2311 1160 2353 nemo
1194 2297 1453 2368 pauperis
1481 2298 1842 2365 misereatur;
1872 2313 2070 2368 expers

483 2391 634 2444 enim
660 2389 1041 2446 misericordia
1087 2388 1358 2445 mercedis
1411 2397 1516 2444 est.
1569 2388 1896 2458 Hujusmodi
1943 2405 2068 2446 sen-

485 2494 582 2535 sus
617 2488 671 2534 et
696 2480 1058 2550 cogitationes
1102 2473 1340 2548 pejorem
1372 2477 1578 2533 diluvio
1612 2477 1884 2533 inducunt
1933 2492 2068 2533 con-

484 2568 781 2630 fusionem.
810 2578 866 2624 et
888 2584 1109 2625 omnem
1157 2583 1348 2623 sanam
1379 2569 1601 2640 quidem
1649 2570 1921 2624 rationem
1975 2585 2070 2625 ex-

486 2662 740 2734 pellunt;
779 2661 1114 2716 furiosorum
1148 2670 1331 2717 autem
1361 2671 1416 2716 et
1465 2662 1740 2716 latronum
1793 2661 2068 2730 quaslibet

484 2754 852 2824 cogitationes
884 2762 940 2808 et
978 2753 1208 2807 consilia
1267 2760 1474 2808 acuunt
1502 2761 1666 2822 atque
1714 2752 2062 2806 conﬁrmant.

484 2843 622 2898 Nam
656 2844 703 2897 si
734 2845 1068 2898 resurrectio
1097 2859 1206 2898 non
1238 2852 1358 2906 est,
1405 2858 1475 2898 ne
1523 2842 1790 2911 judicium
1843 2843 2064 2913 quidem

484 2933 627 2998 erit;
667 2932 884 2986 sublato
906 2940 1088 2985 autem
1125 2931 1358 3000 judicio,
1380 2932 1542 2986 etiam
1563 2934 1727 2986 timor
1755 2931 1850 2985 Dei
1900 2932 2064 2986 simul

486 3022 722 3092 ejicitur.
745 3019 846 3075 Ubi
876 3028 1058 3074 autem
1084 3020 1248 3075 timor
1276 3038 1386 3076 non
1415 3022 1662 3086 cohibet,
1685 3037 1788 3078 nec
1808 3023 1863 3077 in
1887 3024 2066 3078 ollicio

486 3113 741 3168 homines
773 3112 1036 3177 continet,
1064 3111 1140 3166 ibi
1165 3127 1288 3165 eum
1343 3121 1570 3182 peccato
1597 3113 1847 3169 diabolus
1888 3115 2066 3185 tripu-

487 3203 621 3264 diat,
655 3212 818 3273 atque
857 3204 1087 3258 choreas
1113 3203 1284 3257 ducit.
1318 3202 1497 3273 Atque
1521 3203 1813 3258 admodum
1865 3220 2065 3261 conve-

487 3293 706 3347 nienter
734 3301 787 3346 et
821 3303 944 3363 apte
972 3293 1238 3348 adversus
1292 3294 1429 3348 tales
1472 3293 1645 3348 David
1703 3295 1858 3348 illum
1915 3297 2063 3367 psal-

489 3397 638 3436 mum
668 3382 927 3452 scripsit:
962 3382 1111 3435 Dixit
1147 3397 1327 3435 amens
1356 3383 1405 3436 in
1440 3381 1598 3436 corde
1629 3399 1765 3438 suo:
1826 3382 1949 3438 Non
1992 3395 2069 3438 est

488 3473 652 3529 Deus.
689 3474 940 3544 Correpti
961 3485 1011 3530 et
1040 3474 1427 3529 abominabiles
1461 3475 1594 3545 facti
1643 3485 1766 3530 sunt
1797 3477 1852 3530 in
1879 3477 2072 3532 studiis

486 3575 536 3620 et
559 3566 824 3620 exercitiis
855 3568 967 3620 suis
1003 3568 1068 3620 ¹³.
1096 3565 1251 3632 Quod
1283 3566 1329 3622 si
1350 3568 1683 3622 resurrectio
1712 3585 1820 3623 non
1853 3577 1958 3632 est,
1991 3569 2073 3623 la-

2105 2010 2148 2066 Β
2177 2043 2336 2090 νατος
2371 2026 2467 2080 καὶ
2495 2026 2585 2080 τὸν
2620 2023 2864 2096 εὔορκον.
2902 2023 3196 2078 Ψευδέσθω
3239 2023 3397 2086 ἄλλος
3437 2023 3538 2076 ὀσα
3577 2021 3764 2093 βούλε-

2177 2135 2299 2172 ται·
2333 2118 2508 2182 οὐδεὶς
2531 2116 2641 2188 γάρ
2665 2117 2762 2187 τῆς
2782 2116 3038 2188 ἀληθείας
3061 2115 3292 2186 καρπός.
3315 2115 3523 2185 Μηδεὶς
3543 2113 3764 2168 ἑλεείτω

2175 2209 2266 2263 τὸν
2313 2209 2550 2282 πένηταο
2591 2208 2822 2279 ἄμισθος
2852 2209 2962 2280 γάρ
2999 2211 3147 2262 ἐστιν
3186 2210 3215 2262 ὀ
3257 2207 3426 2271 έλεος.
3466 2205 3654 2262 Ταῦτα
3691 2207 3764 2261 τά

2175 2303 2521 2373 φρονήματα,
2554 2299 2770 2374 χείρονα
2803 2302 2949 2353 ποιεί
2990 2298 3084 2354 τοῦ
3130 2297 3517 2370 κατακλυσμοῦ
3559 2297 3764 2369 σύγχυ-

2177 2411 2262 2446 σιν
2287 2409 2302 2424 ο
2335 2393 2429 2446 καὶ
2455 2393 2631 2446 πάντα
2657 2393 2755 2463 μὲν
2787 2392 3036 2446 ἐκϐάλλει
3081 2391 3331 2464 σώφρονα
3357 2391 3536 2455 λόγον,
3571 2392 3681 2444 πᾶν
3705 2390 3767 2445 δὲ

2173 2483 2351 2556 νόημα
2379 2482 2603 2555 μανικὸν
2633 2485 2728 2538 καὶ
2755 2483 3044 2556 λῃστρικὸν
3075 2483 3350 2555 ὲπιθήγει.
3391 2483 3454 2536 Ei
3487 2481 3598 2552 γὰρ
3629 2481 3764 2536 ἀνά-

2175 2594 2363 2641 στασις
2393 2576 2493 2630 οὐκ
2522 2576 2691 2642 ἔστιν,
2717 2577 2836 2632 οὐδὲ
2863 2577 3044 2648 κρίσις
3063 2594 3076 2606 ο
3103 2578 3151 2629 εί
3185 2575 3241 2629 δὲ
3267 2574 3446 2646 κρίσις
3473 2572 3763 2644 ἀνῄρηται,

2173 2667 2268 2720 καὶ
2306 2665 2471 2734 φόϐος
2518 2665 2652 2719 Θεοῦ
2700 2665 3136 2720 συνεκϐάλλεται.
3171 2665 3344 2718 Ὅπου
3392 2662 3449 2716 δὲ
3493 2661 3656 2731 φόϐος
3697 2661 3764 2714 ού

2174 2757 2519 2827 σωφρονίζει,
2547 2759 2664 2811 ἐκεῖ
2705 2757 2918 2829 χορεύει
2950 2757 3087 2828 μετὰ
3118 2755 3218 2827 τῆς
3254 2753 3528 2827 ἁμαρτίας
3574 2756 3605 2808 ὀ
3645 2752 3764 2807 διάη

2172 2846 2348 2909 ϐόλος.
2393 2844 2522 2898 Καῖ
2547 2847 2668 2900 λίαν
2712 2848 2985 2919 ἁρμοδίως
3033 2847 3172 2918 πρὸς
3215 2846 3486 2910 τοιούτους
3522 2846 3552 2899 ὀ
3601 2845 3766 2899 Δαδὶδ

2170 2939 2377 2992 ἐκεῖνον
2404 2939 2677 3010 ἀνέγραψε
2705 2939 2794 2993 τὸν
2817 2937 3059 3010 ψαλμόν·
3091 2933 3278 2992 Εἶπεν
3302 2936 3506 3006 ἄφρων
3530 2935 3602 2990 ἐν
3628 2952 3765 3005 καρ-

2170 3030 2271 3098 δίᾳ
2323 3031 2510 3086 αὑτοῦ
2537 3048 2551 3062 ·
2613 3033 2734 3085 οὐκ
2785 3031 2915 3085 ἐστι
2981 3031 3144 3096 Θεός.
3199 3026 3614 3098 Διεςοθάρησαν
3665 3027 3764 3082 καὶ

2168 3120 2622 3191 ἐϐδελύχθησαν
2677 3121 2749 3176 ἐν
2801 3121 3289 3190 ἐπιτηδεύμασιν.
3341 3121 3404 3173 ΕΞ
3466 3118 3762 3182 ἀνάστασις

2169 3214 2268 3267 οὐκ
2301 3214 2436 3279 ἔστι,
2471 3214 2687 3285 μῦθοςό
2714 3213 2985 3285 Λάζαρος,
3045 3213 3139 3266 καὶ¹
3179 3214 3207 3266 ὁ
3253 3210 3529 3277 πλούσιος,
3567 3209 3664 3264 καὶ
3701 3210 3763 3264 τὸ

2171 3304 2438 3375 φρικῶδες
2465 3305 2652 3375 χάσμα
2673 3344 2688 3369 ,
2718 3305 2812 3358 καὶ
2835 3305 2867 3375 ἡ
2891 3302 2985 3357 τοῦ
3015 3302 3188 3374 πυρὸς
3216 3303 3442 3373 ἄσχετος
3466 3303 3760 3371 φλόγωσις,

2175 3397 2269 3450 καὶ
2297 3398 2331 3467 ἠ
2357 3397 2584 3468 διακαής
2614 3397 2854 3466 γλῶσσα,
2887 3396 2982 3450 καὶ
3013 3397 3046 3466 ἡ
3077 3395 3384 3466 ποθουμένη
3421 3393 3637 3463 σταγὼν
3666 3393 3762 3449 τοῦ

2175 3488 2386 3556 ὓδατος,
2417 3491 2510 3543 καὶ¹
2534 3492 2561 3542 ὀ
2584 3489 2846 3553 δάκτυλος
2870 3488 2962 3542 τοῦ
2986 3488 3226 3559 πτωχοῦ.
3254 3489 3524 3560 Πρόδηλον
3548 3487 3658 3558 γὰρ
3681 3488 3764 3541 ὅτι

2172 3580 2345 3634 ταῦτα
2375 3581 2576 3646 πάντα,
2608 3581 2670 3634 τὸ
2705 3581 2894 3652 μέλλον
2925 3581 3240 3649 ἐξεικονίζει
3269 3583 3368 3652 τῆς
3390 3582 3761 3642 ἀναστάσεως.

487 3656 616 3713 bula
647 3657 891 3713 Lazarus
919 3665 975 3713 et
1005 3658 1160 3713 dives
1189 3658 1280 3714 ille
1304 3668 1390 3714 est
1415 3677 1428 3714 :
1457 3658 1587 3714 item
1622 3659 1994 3716 formidabilis
2019 3668 2068 3716 et

2173 3673 2401 3728 Γλῶσσα
2435 3672 2546 3745 γὰρ
2592 3673 2686 3728 καὶ
2730 3673 3008 3738 δάκτυλος,
3053 3674 3115 3726 οὐ
3157 3663 3257 3744 τῆς
3292 3674 3584 3744 ἀσωμάτου
3625 3675 3763 3746 μέλη

485 3751 796 3807 horrendus
843 3750 934 3806 ille
962 3751 1185 3818 hiatus;
1239 3758 1293 3806 et
1337 3751 1429 3806 ille
1488 3751 1847 3806 intolerabilis
1909 3753 2074 3806 ardor

488 3841 630 3913 ignis
659 3852 712 3896 et
742 3840 1132 3908 inﬂammatio;
1188 3841 1372 3910 lingua
1406 3841 1536 3895 item
1571 3841 1801 3898 ardens:
1845 3841 1912 3896 ad
1959 3843 2074 3899 haec

489 3933 800 3988 desiderata
831 3941 982 4000 gutta
1015 3946 1192 4001 aquae,
1217 3930 1531 4002 digitusque
1562 3932 1825 3988 mendici.
1884 3933 2070 3990 Palam

489 4024 635 4078 enim
663 4032 768 4086 est,
797 4020 942 4092 quod
976 4021 1088 4075 haec
1112 4022 1296 4076 omnia
1347 4023 1507 4079 nobis
1569 4023 1808 4078 futuram
1862 4027 2072 4097 signiﬁ-

490 4121 620 4168 cant
648 4111 1134 4168 resurrectionem.
1180 4111 1392 4184 Lingua
1439 4115 1588 4169 enim
1617 4130 1681 4170 ac
1715 4114 1924 4187 digitus
1959 4134 2069 4172 non

492 4207 829 4275 incorporea:
857 4205 1099 4259 membra
1130 4206 1325 4261 anima:
1351 4206 1751 4275 intelliguntur,
1770 4211 1864 4264 sed
1888 4221 2070 4280 partes

491 4297 762 4368 corporis.
804 4296 882 4352 Ac
910 4311 1073 4351 nemo
1100 4305 1252 4368 putet
1282 4299 1397 4354 haec
1439 4300 1556 4370 jam
1595 4303 1919 4371 contigisse,
1973 4304 2070 4359 sed

496 4386 908 4460 praedictionem
941 4401 1067 4442 esse
1113 4388 1316 4442 futuri:
1371 4391 1625 4445 evenient
1684 4401 1865 4447 autem
1915 4402 2066 4461 tunc,

487 4495 614 4536 cum
642 4480 924 4535 renovatio
947 4479 1187 4534 animam
1240 4482 1473 4537 mortuis
1521 4482 1838 4549 reddiderit,
1887 4497 1943 4539 et
1998 4486 2068 4540 ad

2171 3764 2350 3836 ψυχῆς
2383 3769 2605 3834 νοεῖται,
2635 3765 2770 3820 ἀλλὰ
2815 3767 2957 3838 μέρη
2997 3766 3092 3820 τοῦ
3124 3767 3395 3836 σώματος.
3430 3769 3539 3822 Καὶ
3574 3768 3764 3838 μηδεὶς

2171 3856 2368 3910 οἰέσθω
2403 3856 2577 3911 ταῦτα
2617 3857 2717 3930 ἤδη
2763 3857 3102 3929 πεπράχθαι,
3133 3859 3269 3913 ἀλλά
3309 3857 3764 3931 προαναφώνησιν

2173 3942 2314 4000 εἶναι
2359 3945 2454 3999 τοῦ
2495 3947 2779 4017 μέλλοντος
2797 3963 2812 3978 ⁶
2843 3947 2996 4003 ἔσται
3041 3949 3098 4003 δὲ
3128 3950 3272 4015 τότε,
3301 3953 3428 4005 ὅταν
3459 3952 3492 4023 ἡ
3528 3951 3764 4021 μετακό-

2173 4049 2404 4105 σμησις,
2444 4034 2742 4105 ψυχὼσασα
2773 4035 2902 4101 τοὺς
2952 4039 3200 4109 νεκροὺς,
3227 4039 3364 4108 πρὸς
3392 4039 3491 4104 τὰς
3531 4039 3764 4103 εὐθύνας

2171 4126 2406 4180 ἕκαστον
2440 4127 2550 4181 τῶν
2597 4127 2943 4198 βεϐιωμένων
2997 4130 3250 4204 ἀναγάγῃ
3272 4170 3286 4195 ,
3332 4131 3584 4186 σύνθετον
3633 4131 3762 4185 ὅντα

2170 4217 2357 4284 καθὼς
2388 4219 2677 4291 πρότερον,
2721 4220 2818 4274 καὶ
2862 4219 2951 4274 διὰ
2985 4219 3163 4292 ψυχῆς
3207 4221 3302 4276 καὶ
3347 4221 3596 4292 σώματος
3632 4240 3761 4276 συν-

2170 4310 2398 4364 εστῶτα.
2437 4311 2495 4363 ’0
2523 4311 2581 4362 δὲ
2613 4309 3040 4382 θεοφορούμενος
3078 4313 3356 4384 Ἰεζεκιὴλ,
3388 4314 3483 4366 καὶ
3519 4313 3628 4367 τῶν
3663 4329 3764 4384 με-

2172 4399 2355 4468 γάλων
2395 4401 2670 4456 ὀπτασιῶν
2715 4401 2941 4474 θεωρὸς,
2982 4405 3119 4476 πρὸς
3164 4406 3324 4460 ποίαν
3373 4407 3482 4481 ᾷρα
3522 4406 3762 4460 διάνοιαν

2168 4491 2526 4563 ὀδηγούμενος
2555 4491 2749 4546 έδλεπε
2781 4493 2844 4547 τὸ
2866 4496 3008 4564 μέγα
3042 4497 3136 4549 καὶ
3167 4497 3554 4569 ἀνηπλωμένον
3585 4499 3764 4551 έκεῖνο

487 4571 820 4627 reddendam
852 4579 990 4626 aclze
1021 4570 1146 4625 vitae
1191 4570 1456 4624 rationem
1488 4589 1932 4644 unumquemque
1981 4591 2068 4631 re-

2169 4582 2366 4646 πεδίον,
2411 4581 2472 4636 τὸ
2510 4583 2677 4652 γέμον
2718 4583 2832 4637 τῶν
2872 4583 3229 4656 ἀνθρωπίνων
3264 4587 3485 4652 ὀστέων,
3532 4587 3654 4642 καθ’
3684 4581 3761 4642 ὧν

485 4665 726 4727 duxerit,
759 4662 1126 4734 compositum
1175 4663 1368 4718 eodem
1394 4664 1556 4718 modo
1608 4680 1717 4734 quo
1770 4667 1945 4736 prius,
1999 4683 2063 4723 ex

490 4755 661 4774 -__!;_-
696 4761 739 4774 ,ι
771 4767 992 4774 ---..-..Α
1024 4759 1361 4774 --_-.-_s__-
1417 4751 1583 4774 Π-..--
1613 4753 1860 4774 l’.‘_--l_!_l
1894 4756 2015 4774 1!,,-,,
2042 4772 2057 4774 -

2169 4668 2448 4723 ἐκελεύετο
2474 4671 2870 4742 προφητεύειν;
2903 4674 3015 4726 Καὶ
3052 4675 3254 4747 σάρκες
3294 4677 3394 4747 μὲν
3417 4676 3644 4741 ἐκείνοις
3671 4678 3762 4731 εὐ-

485 4755 667 4810 anima
690 4761 745 4810 et
764 4767 996 4824 corpore
1019 4759 1387 4808 constantem.
1417 4751 1588 4810 Porro
1613 4753 2066 4811 Ezechieldivino

2169 4761 2266 4826 θὺς
2305 4764 2680 4834 περιεφύοντο,
2711 4765 2781 4820 τά
2839 4764 2897 4818 δὲ
2947 4765 3215 4838 λελυμένα
3252 4769 3345 4822 καὶ
3390 4768 3642 4833 ἀτάκτως
3681 4768 3763 4822 δι-

486 4847 684 4918 spiritu
716 4856 906 4916 raptus
937 4844 1009 4910 “’,
1049 4852 1105 4900 ct
1145 4861 1465 4917 magnarum
1520 4847 1792 4903 visionum
1859 4863 2068 4919 specta-

2171 4855 2502 4926 ερριμμένα,
2551 4857 2632 4920 είς
2672 4856 2826 4922 τάξιν
2877 4861 2971 4912 καὶ
3022 4859 3286 4931 ἁρμονίαν
3341 4859 3592 4931 ἀλλήλοις
3637 4877 3762 4914 συν-

485 4949 594 5005 tor,
623 4937 689 4992 ad
746 4952 909 5008 quam
973 4935 1163 5008 utique
1221 4939 1554 4993 sententiam
1611 4947 1666 4993 et
1727 4939 2066 4997 intellectum

2169 4945 2444 5001 εκολλάτο.
2477 4947 2548 5000 Ἦ
2581 4947 2867 5020 πρόδηλον,
2910 4950 2988 5014 ῶς
3027 4951 3118 5006 διὰ
3155 4951 3266 5006 τῶν
3301 4951 3557 5006 τοιούτων
3585 4952 3763 5023 λόγων

484 5031 883 5096 deducebatur,
912 5043 1039 5083 cum
1085 5028 1219 5083 vidit
1249 5044 1503 5100 magnum
1557 5030 1732 5098 illum,
1793 5046 1859 5087 ac
1906 5033 2068 5105 longe

2169 5041 2270 5111 τὴν
2303 5039 2404 5111 τῆς
2432 5041 2635 5113 σαρκὸς
2672 5040 2874 5112 ταύτης
2909 5044 3204 5100 ἀναϐίωσιν
3235 5047 3365 5118 ἡμῖν
3399 5046 3598 5110 ἱκανῶς
3623 5046 3760 5100 ὑπο-

485 5125 704 5194 tateque
738 5129 1012 5192 patentem
1042 5135 1295 5191 campum
1317 5122 1571 5179 humanis
1591 5124 1808 5180 ossibus
1825 5127 2068 5196 comple—

2169 5130 2438 5184 δείκνυσιν
2463 5148 2479 5197 ;
2525 5131 2680 5202 Ἐμοὶ
2710 5130 2768 5185 δὲ
2797 5132 3044 5186 δοκοῦσιν
3077 5135 3126 5187 oi
3168 5134 3304 5206 πρὸς
3334 5133 3524 5188 τοῦτον
3550 5134 3642 5188 τὸν
3669 5134 3758 5187 λό-

485 5224 623 5280 tum,
657 5213 726 5268 de
751 5213 952 5284 quibus
975 5211 1273 5283 jubebatur
1303 5212 1674 5283 prophetare?
1708 5216 1912 5274 Carnes
1944 5217 2068 5289 qni-

2169 5235 2258 5291 γον
2289 5221 2578 5290 ἐριστικῶς
2607 5221 2846 5292 ἔχοντες,
2879 5225 2940 5278 οὐ
2971 5224 3252 5288 δυσσεϐεῖς
3287 5227 3468 5296 μόνον,
3501 5226 3638 5280 ἀλλά
3667 5227 3761 5281 καὶ⁵

485 5309 608 5361 dem
633 5304 744 5360 illis
771 5303 955 5360 statim
983 5301 1401 5359 obducebantur
1421 5323 1434 5358 :
1456 5320 1578 5375 qua
1609 5314 1787 5361 autem
1811 5309 1988 5363 soluta
2005 5323 2068 5364 ac

2169 5313 2566 5381 παραπαίοντες
2597 5309 2757 5370 εἶναι.
2801 5315 3120 5380 Ἀνάστασις
3167 5316 3276 5390 γὰρ
3330 5317 3426 5371 καὶ
3464 5318 3760 5380 ἀναὸίωσις

484 5406 691 5453 temere
712 5395 975 5466 nulloque
994 5395 1188 5450 ordine
1211 5395 1443 5466 disjecta
1461 5405 1638 5461 erant,
1663 5398 1716 5452 in
1735 5407 1920 5470 aptum
1936 5415 2068 5455 con-

2169 5403 2260 5456 καὶ
2305 5404 2714 5476 μετακόσμησις
2765 5407 2859 5460 καὶ⁹
2887 5410 3063 5462 πάντα
3097 5408 3167 5461 τὰ
3214 5408 3444 5463 τοιαῦτα
3491 5411 3754 5481 ὀνόματα,

488 5487 904 5558 venientemque
922 5486 1027 5542 sibi
1046 5485 1280 5542 invicem
1300 5488 1550 5544 ordinem
1576 5497 1630 5544 et
1647 5504 1961 5561 compagem
1984 5507 2068 5548 re-

2169 5494 2301 5566 πρὸς
2333 5495 2394 5548 τὸ
2422 5495 2581 5566 σῶμα
2613 5497 2673 5551 τὸ
2701 5500 2766 5569 τῇ
2803 5498 2979 5571 φθορᾷ
3012 5497 3369 5569 ὑποκείμενον
3415 5500 3510 5554 τοῦ
3545 5502 3757 5572 ἀκροω-

487 5580 814 5651 digcbantur
847 5586 1014 5651 atque
1051 5579 1454 5637 coalescebant.
1479 5582 1676 5640 Annon
1709 5585 2062 5655 perspicuum

2175 5583 2336 5653 μένου
2386 5585 2542 5657 φέρει
2588 5586 2686 5656 τὴν
2727 5586 2956 5642 ἔννοιαν.
3001 5587 3089 5651 Ὦς
3123 5587 3157 5658 ἢ
3189 5603 3252 5656 γε
3284 5587 3433 5661 ψυχὴ
3469 5587 3609 5660 αὐτὴ
3637 5583 3757 5640 καθ’

564 5758 606 5792 ³³
641 5757 820 5817 lCor.
855 5777 945 5828 xv,
977 5759 1065 5814 '52.
1146 5759 1186 5791 ¹³
1227 5755 1373 5815 Psal.
1405 5774 1527 5828 xm,
1564 5759 1615 5816 i.
1699 5761 1743 5793 ιδ
1778 5759 1977 5817 Ezcch.
2007 5777 2068 5819 xx

2180 5777 2215 5832 I,
2255 5763 2423 5835 lsqq.
