4084 6158
413 355 519 409 6ἷ9

1695 352 1752 408 S.
1784 349 2112 408 GREGORII
2134 349 2177 404 Ν
2186 348 2428 407 YSSENI

3565 364 3675 442 ego

411 467 550 520 tinet
588 463 967 519 adversilatem
1014 469 1067 515 et
1105 461 1474 530 alllictionem,
1519 479 1584 519 ne
1619 479 1833 520 sacram
1868 481 1989 536 pro-

2097 467 2157 519 ἐν
2186 466 2575 537 ἁμαρτήμασιν
2604 463 2703 518 ούκ
2741 465 3196 537 ἀπολιμπάνεται⁶
3227 470 3388 525 πόθεν
3418 473 3682 548 ὁρμώμε-

412 555 507 609 dat
533 554 952 623 philosophiam,
984 560 1246 622 tanquam
1273 556 1510 624 egregiis
1542 559 1786 613 turribus
1831 573 1995 612 orna~

411 637 737 693 tam'urbem
773 639 1069 707 quamdam
1092 639 1236 692 bello
1271 641 1525 694 vitiorum
1550 651 1711 712 atque
1740 645 1996 713 nequitia:

410 731 849 783 circumsessam.
884 727 938 781 Si
976 729 1140 798 igitur
1161 730 1213 782 in
1245 733 1520 800 praeclaris
1545 735 1700 790 factis
1731 751 1836 789 una
1869 751 1992 790 cum

409 820 592 873 anima
653 821 865 874 laborat
922 828 976 874 et
1039 820 1315 891 afﬂigitur,
1371 834 1425 878 et
1476 825 1531 879 in
1592 828 1830 896 peccatis
1884 843 1993 882 non

408 909 562 965 abest
596 928 608 964 :
647 911 847 980 quibus
884 911 1188 966 rationibus
1218 922 1268 967 et
1301 917 1638 983 argumentis
1691 926 1872 972 motus
1902 933 1994 973 so-

406 1003 512 1055 lam
567 1004 940 1072 incorpoream
1002 1005 1055 1057 in
1085 1004 1351 1074 judicium
1388 1006 1654 1062 adducis?
1699 1009 1769 1063 At
1816 1026 1994 1080 neque

399 1093 549 1162 justa
577 1110 752 1163 neque
789 1111 1048 1150 sanorum
1073 1097 1352 1150 hominum
1382 1101 1557 1153 oratio
1579 1111 1682 1161 est.
1713 1103 1769 1155 Si
1800 1103 1912 1158 sola
1940 1111 1994 1157 et

404 1186 551 1239 nuda
589 1187 856 1255 peccavit,
884 1187 1056 1240 solam
1082 1187 1245 1241 etiam
1284 1189 1472 1258 puniet
1505 1190 1628 1244 :sin
1662 1201 1843 1246 autem
1878 1208 1996 1246 ma-

403 1276 663 1332 nifestum
694 1279 856 1334 habet
889 1278 1213 1348 adjutorem,
1277 1297 1386 1336 non
1424 1283 1572 1337 hunc
1601 1285 1786 1354 justus
1821 1285 1990 1354 judex

402 1369 660 1424 dimittet.
722 1369 833 1440 Ego
863 1379 1040 1426 autem
1099 1373 1261 1426 etiam
1298 1374 1398 1427 hoc
1449 1373 1788 1444 Scripturam
1828 1378 1993 1432 audio

403 1460 748 1529 prodentem,
781 1460 926 1530 quod
958 1461 1305 1517 condemnati
1338 1463 1505 1532 justis
1529 1466 1840 1522 afﬁcientur
1869 1484 1995 1538 sup-

403 1548 604 1616 pliciis,
643 1549 785 1617 igne,
810 1549 1071 1616 tenebris,
1107 1564 1313 1604 verme.
1344 1549 1474 1616 Quae
1504 1555 1686 1606 omnia
1717 1558 1991 1624 composi-

406 1649 607 1703 torum,
678 1654 743 1692 ac
794 1640 1158 1694 maierialium
1211 1649 1508 1710 conorum
1571 1660 1744 1713 ptenze
1779 1649 1993 1701 crueia-

404 1741 604 1802 tusquc
631 1739 761 1786 sunt
792 1747 805 1784 :
837 1731 1074 1785 animam
1116 1747 1247 1788 vero
1271 1748 1368 1803 per
1387 1749 1507 1789 sese
1533 1737 1820 1804 separatim
1852 1739 1991 1808 ignis

2096 569 2186 615 νος
2230 553 2400 622 μόνην
2434 551 2534 621 τὴν
2572 549 2865 620 ἀσώματον
2896 552 2990 604 ἐπὶ
3017 553 3077 606 τὸ
3103 553 3449 627 δικαστήριον
3485 558 3679 628 ἀγειςς

2109 643 2247 695 Ἀλλ’
2277 643 2377 697 οὐκ
2424 642 2570 695 ἐστιν
2611 641 2732 695 οὗτε
2777 643 2984 708 δίκαιος
3019 643 3144 697 οὔτε
3184 649 3604 718 σωφρονούντων
3651 651 3682 704 ό

2094 733 2272 801 λόγος.
2298 734 2359 786 Et
2391 733 2524 804 μόνη
2557 735 2651 787 xui
2680 734 2862 805 γυμνὴ
2905 735 3174 806 διήμαρτε
3199 776 3212 799 ,
3248 737 3416 808 μόνην
3451 739 3546 792 xui
3582 757 3680 793 xo-

2093 825 2269 878 λάσει⁹
2295 826 2342 878 εί
2375 824 2432 875 δὲ
2477 823 2708 894 φανερὸν
2738 824 2850 894 ἔχει
2891 824 2983 878 τὸν
3019 826 3300 897 συνεργὸν,
3347 828 3447 882 οὐκ
3477 829 3678 899 ἀφήσει

2093 912 2280 965 τοῦτον
2305 913 2333 964 ό
2362 910 2553 981 κριτὴς
2591 910 2795 974 δίκαιος
2834 908 2930 964 ὢν.
2983 911 3126 980 Ἐγὼ
3165 913 3222 966 δὲ
3261 915 3354 967 καὶ
3389 915 3548 970 τοῦτο
3579 918 3679 988 τῆς

2094 1003 2316 1074 Γραφῆς
2357 1002 2540 1056 ἀκούω
2591 1001 2887 1071 λεγούσης,
2932 1003 3014 1056 ὅτι
3061 1005 3172 1068 τοῖς
3208 1008 3679 1077 κατεγνωσμένοις

2094 1094 2503 1164 ἐπιτεθήσονται
2532 1093 2734 1146 δίκαιαι
2762 1094 3046 1164 τιμωρίαι,
3068 1094 3200 1166 πῦρ,
3225 1098 3317 1149 καὶ
3344 1097 3551 1163 σκότος,
3582 1101 3678 1152 xui

2097 1186 2332 1257 σκώληξ.
2373 1188 2440 1240 Ἃ
2471 1187 2646 1240 πάντα
2673 1185 2781 1238 τῶν
2813 1185 3080 1240 συνθέτων
3112 1188 3206 1240 xui
3247 1187 3446 1242 ὑλικῶν
3489 1190 3684 1260 σωμά-

2097 1297 2206 1332 των
2238 1279 2486 1342 κολάσεις
2517 1279 2673 1331 εῐσίν·
2703 1278 2880 1349 ψυχῆς
2914 1278 2971 1332 δὲ
2999 1280 3121 1332 καθ’
3155 1281 3352 1352 ἐαυτὴν
3395 1280 3579 1336 οὔποτ’
3608 1283 3675 1338 ἂν

2094 1368 2290 1437 ἅψαιτο
2319 1368 2450 1440 πῦρο
2474 1369 2580 1422 οὐδ’
2611 1368 2676 1422 ἂν
2701 1369 2892 1432 σκότος
2917 1369 3086 1440 αὐτὴν
3108 1369 3398 1441 λυπήσειεν
3422 1372 3671 1444 ἀμοιροῦο
3728 1369 3740 1378 ’

2096 1473 2196 1510 σαν
2247 1456 2541 1526 ὀφθαλμῶν
2587 1459 2680 1510 καὶ
2719 1457 2829 1510 τῶν
2869 1457 3174 1528 βλεπτικῶν
3215 1460 3481 1530 ὀργάνων.
3517 1463 3582 1515 Τί
3623 1462 3670 1516 δ’

2093 1546 2158 1600 ἂν
2189 1548 2280 1600 καὶ
2308 1545 2523 1618 σκώληξ
2557 1547 2805 1618 πράξειε,
2843 1547 3109 1618 σωμάτων
3147 1549 3406 1621 ὑπάρχων
3439 1550 3670 1622 φθαρτι-

2093 1638 2215 1703 κὸς,
2248 1639 2308 1692 ού
2343 1638 2703 1708 πνευμάτων;
2755 1638 2864 1692 Καὶ
2897 1639 2985 1692 διὰ
3017 1639 3174 1693 τοῦτο
3216 1643 3326 1705 τοῖς
3359 1641 3672 1708 ἀκολούθοις

2093 1731 2372 1801 λογισμοῖς
2402 1731 2736 1802 πανταχόθεν
2767 1730 3199 1802 συνελαυνόμεθα
3229 1733 3366 1803 πρὸς
3396 1736 3672 1803 συγκατά-

403 1837 682 1892 numquam
715 1823 955 1893 attigerit
981 1842 994 1878 :
1029 1839 1128 1878 nec
1156 1827 1392 1880 tenebrae
1422 1827 1640 1897 quidem
1669 1828 1719 1884 ei
1751 1831 1989 1886 molestae

2094 1823 2242 1876 θεσιν
2270 1823 2368 1893 τῆς
2410 1823 2681 1894 ἐγέρσεως
2711 1822 2821 1876 τῶν
2852 1822 3082 1893 νεκρῶν,
3122 1824 3188 1894 ἣν
3224 1825 3338 1886 τοῖς
3367 1824 3670 1894 καθήκουσι

405 1917 630 1981 fuerint,
660 1926 845 1986 utpote
877 1931 997 1984 quae
1024 1917 1199 1972 oculis
1241 1926 1411 1981 caret,
1445 1926 1499 1974 et
1529 1920 1744 1975 videndi
1784 1922 1990 1978 instru-

404 2016 710 2061 mentorum
745 2023 942 2077 expers
969 2014 1071 2062 est.
1097 2007 1240 2074 Quid
1285 2017 1468 2064 autem
1500 2012 1700 2067 vermis
1730 2011 1988 2080 effecerit,

404 2099 499 2168 qui
531 2114 824 2168 corporum
857 2115 964 2152 non
1003 2101 1290 2168 spirituum
1323 2104 1721 2172 corruptricem
1750 2107 1855 2159 vim
1890 2107 1989 2162 ha-

403 2191 530 2244 bet?
552 2192 727 2259 Atque
761 2190 971 2244 idcirco
993 2192 1378 2248 consentaneis
1421 2193 1506 2250 his
1538 2197 1988 2254 considerationi-

405 2284 509 2338 i-us
545 2290 598 2337 et
627 2283 1142 2340 ratiocinationibus
1181 2286 1423 2356 undique
1469 2289 1872 2358 compellimur,
1921 2291 1989 2345 ad

405 2375 867 2443 comprobandam
927 2377 1389 2431 resurrectionem
1422 2387 1790 2446 mortuorum,
1823 2397 1988 2452 quam

403 2463 861 2519 convenientibus
880 2465 1215 2534 temporibus
1233 2464 1376 2521 Deus
1395 2467 1659 2536 perﬁciet,
1674 2471 1837 2524 rebus
1855 2471 1990 2540 ipsis

405 2570 536 2612 suas
559 2555 956 2626 promissiones
989 2557 1342 2612 conﬁrmans.
1367 2557 1671 2616 Credamus
1703 2561 1871 2632 igitur
1903 2562 1989 2616 dt-

404 2648 549 2703 ceuti
570 2666 583 2701 :
604 2647 769 2702 Canet
793 2649 930 2703 enim
954 2648 1102 2708 tuba.
1117 2657 1167 2702 et
1184 2650 1379 2703 mortui
1403 2661 1672 2723 resurgant
1689 2653 1730 2684 ¹⁸
1748 2669 1763 2718 ;
1783 2668 1847 2708 ac
1867 2671 1990 2708 tur-

405 2750 524 2799 sus,
551 2735 698 2789 Venit
719 2737 870 2799 hora,
894 2737 950 2790 in
967 2753 1070 2806 qua
1092 2754 1269 2792 omnes
1289 2739 1454 2807 quiin
1477 2742 1826 2796 monumentis
1846 2751 1989 2806 sunt,

407 2827 625 2880 audient
642 2843 812 2881 vocem
835 2827 970 2896 ejus,
991 2836 1041 2880 et
1066 2828 1373 2897 prodibant,
1398 2831 1452 2882 lii
1472 2832 1561 2900 qui
1578 2833 1714 2887 bona
1738 2833 1990 2901 fecerunt,

405 2917 463 2971 in
493 2916 926 2970 resurrectionem
955 2917 1077 2970 vita
1095 2933 1112 2980 ;
1142 2918 1232 2988 qui
1278 2928 1453 2973 autem
1484 2923 1629 2977 mala
1677 2924 1900 2993 faciunt,
1937 2926 1992 2980 in

405 3008 843 3064 resurrectionem
862 3008 1056 3077 judicii
1080 3008 1144 3064 ".
1170 3008 1289 3064 Non
1316 3011 1758 3082 enim-promittit
1785 3017 1986 3086 solum,

404 3115 597 3155 verum
631 3099 795 3154 etiam
827 3098 1112 3170 operibus,
1163 3115 1286 3170 quae
1323 3101 1565 3170 quotidie
1617 3103 1767 3171 facit,
1802 3116 1990 3178 aperte

405 3193 564 3247 docet
595 3189 742 3261 quod
775 3190 847 3244 sit
891 3189 1261 3259 omnipotens.
1305 3189 1493 3261 Neque
1548 3195 1694 3249 enim
1725 3196 1779 3251 in
1832 3198 1990 3253 initio

405 3281 537 3336 dum
557 3287 790 3342 crearet,
819 3279 1087 3334 laboravit
1116 3293 1181 3335 ac
1210 3280 1541 3351 defatigatus
1567 3292 1673 3349 est,
1731 3301 1909 3357 neque
1935 3290 1988 3342 in

405 3369 849 3426 transformando
883 3370 1158 3440 sapientia
1185 3369 1472 3441 indigebit.
1507 3369 1808 3428 Praesentia
1853 3390 1990 3431 con-

404 3463 734 3528 sideremus,
773 3470 828 3517 et
869 3464 948 3517 rei
1005 3461 1202 3518 futura:
1251 3462 1413 3516 ﬁdem
1465 3479 1573 3518 non
1613 3463 1986 3524 detrahemus.

403 3557 539 3612 Cum
573 3557 718 3612 enim
748 3558 930 3612 omnis
960 3553 1198 3611 eﬁicacia
1251 3555 1434 3611 divina
1476 3557 1737 3613 comitem
1789 3559 1989 3616 habeat

403 3661 684 3720 stuporem
737 3656 793 3703 et
851 3648 1351 3704 consternationem
1409 3668 1423 3705 :
1466 3658 1580 3705 tum
1631 3665 1888 3722 magnum
1936 3663 1991 3710 et

402 3739 783 3810 inexplicabile
812 3739 1135 3796 miraculum
1160 3747 1266 3807 est,
1301 3755 1427 3794 cum
1480 3750 1697 3812 patrum
1741 3751 1798 3798 et
1830 3757 1989 3813 proa-

401 3848 598 3888 vorum
623 3831 1011 3887 similitudines
1041 3831 1201 3900 plene
1223 3833 1462 3887 transire
1497 3834 1988 3890 animadvertimus

401 3925 459 3979 in
490 3923 1029 3985 formasliberorum,
1087 3935 1152 3975 ac
1176 3931 1427 3990 posteros
1459 3925 1726 3993 majorum
1763 3943 1988 3983 suorum

403 4013 562 4083 quasi
579 4011 889 4080 exprimere
909 4019 1073 4078 atque
1097 4010 1300 4066 referre
1328 4011 1711 4082 ﬁguras.Tunc
1729 4017 1987 4072 nimirum

404 4111 578 4158 artem
609 4101 1044 4171 praestantissimi
1075 4101 1288 4171 opiﬁcis
1319 4119 1385 4158 ac
1411 4107 1708 4162 servatoris
1741 4108 1836 4164 Dei
1866 4125 1989 4164 om-

404 4207 529 4248 nem
579 4190 858 4245 solertiam
913 4189 969 4245 in
1023 4206 1144 4246 sese
1199 4195 1540 4263 complexam
1597 4212 1720 4252 cum
1778 4200 1986 4271 ingenti

402 4294 628 4354 stupore
649 4282 910 4349 admiror,
928 4283 1200 4352 quomodo
1229 4301 1439 4351 eorum,
1473 4304 1595 4357 quae
1627 4306 1727 4346 nec
1750 4301 1984 4360 exstent,

404 4391 506 4430 nec
528 4383 848 4444 appareant,
874 4375 1175 4443 primorum
1201 4375 1418 4431 illorum
1440 4381 1832 4450 exemplarium
1861 4385 1986 4440 imi-

2092 1915 2306 1986 χρόνοις
2351 1913 2622 1968 ἐκτελέσει
2658 1916 2686 1967 ό
2732 1914 2894 1978 Θεὸς,
2930 1914 3112 1984 ἔργοις
3147 1913 3376 1984 βεϐαιῶν
3407 1915 3506 1978 τὰς
3535 1915 3672 1980 ἰδίας

2095 2005 2444 2074 ἐπαγγελίας.
2482 2005 2873 2076 Πιστεύσωμεν
2899 2005 3078 2058 τοίνυν
3117 2003 3196 2075 τῷ
3231 2005 3440 2074 λέγοντι
3465 2023 3478 2036 ⁸
3516 2010 3671 2060 Σαλ-

2091 2098 2255 2151 πίσει
2309 2096 2454 2165 γὰρ,
2511 2096 2609 2149 καί
2668 2098 2720 2149 οἱ
2778 2093 2978 2163 νεκροὶ
3030 2093 3478 2160 ἀναστήσονται
3500 2111 3513 2125 ·
3575 2095 3671 2149 xui

2093 2190 2291 2243 πάλιν·
2349 2190 2620 2257 Ἔρχεται
2668 2186 2811 2256 ὥρα,
2876 2187 2946 2240 ἐν
2988 2180 3028 2260 ᾗ
3074 2185 3296 2254 πάντες
3342 2189 3395 2241 οἱ
3438 2189 3508 2240 ἐν
3547 2187 3671 2253 τοῖς

2085 2281 2397 2351 μνημείοις
2457 2279 2822 2334 ἀκούσονται
2891 2276 3001 2347 τῆς
3055 2276 3258 2347 φωνῆς
3306 2278 3524 2344 αὐτοῦ,
3571 2280 3670 2332 καὶ

2091 2372 2560 2440 ἐκπορεύσονται
2623 2373 2677 2424 οἱ
2747 2370 2817 2424 τὰ
2897 2369 3088 2438 ἀγαθὰ
3151 2370 3511 2436 ποιήσαντες
3585 2373 3671 2435 εὶς

2090 2464 2434 2518 ἀνάστασιν
2482 2461 2630 2530 ζωῆς
2651 2503 2665 2522 ,
2713 2463 2765 2514 οἱ
2815 2459 2883 2514 δὲ
2930 2461 3001 2515 τὰ
3047 2461 3250 2530 φαῦλα
3291 2461 3673 2530 πράσσοντες

2090 2559 2179 2621 είς
2230 2554 2572 2610 ἀνάστασιν
2625 2553 2896 2620 κρίσεως.
2936 2552 3009 2606 Οὐ
3049 2551 3158 2624 γάρ
3199 2553 3536 2624 ὑπισχνεῖται
3572 2553 3672 2624 μό-

2091 2658 2200 2712 νον’,
2249 2646 2384 2700 ἀλλά
2433 2645 2525 2698 καὶ
2568 2647 2678 2707 τοῖς
2728 2643 2943 2715 ἔργοις,
2991 2639 3072 2708 οἷς
3108 2643 3318 2698 ἐκτελεῖ
3360 2646 3483 2699 καθ’
3533 2645 3671 2716 ἡμέ-

2093 2755 2214 2809 ραν,
2255 2737 2498 2792 διδάσκει
2550 2736 2739 2806 σαφῶς
2784 2736 2860 2800 ὡς
2903 2733 3019 2788 ἐστι
3057 2735 3485 2807 παντοδύναμος.
3533 2736 3671 2790 Οὔτε

2091 2829 2200 2900 γὰρ
2234 2831 2292 2882 ἐν
2327 2829 2470 2900 ἀρχῇ
2514 2828 2861 2900 δημιουργῶν
2894 2827 3119 2899 ἔκαμεν,
3154 2826 3273 2882 οὔτε
3305 2828 3671 2900 μεταμορφῶν

2091 2923 2357 2994 ἀπορήσει
2389 2921 2602 2991 σοφίας,
2637 2920 2719 2973 Τά
2747 2921 2988 2992 παρόντα
3033 2918 3422 2992 θεωρήσωμεν,
3463 2922 3556 2975 xui
3591 2920 3671 2994 τῷ

2095 3010 2340 3082 μέλλοντι
2383 3012 2486 3065 οὐκ
2535 3011 2927 3083 ἀπιστήσομεν.
2993 3009 3181 3081 Πάσης
3230 3010 3339 3082 γάρ
3389 3011 3669 3084 ἐνεργείας

2090 3102 2184 3156 τοῦ
2247 3101 2382 3155 Θεοῦ
2442 3100 2735 3155 ἀκόλουθον
2788 3101 3019 3172 ἐχούσης
3079 3101 3176 3172 τὴν
3229 3101 3518 3173 ἔκπληξιν,
3575 3103 3670 3157 xui

2092 3195 2226 3248 πολὺ
2263 3194 2324 3248 τὸ
2361 3192 2546 3265 θαῦμα
2587 3193 2681 3247 xui.
2720 3192 3019 3263 ἄφραστον,
3058 3192 3188 3246 ὅταν
3217 3193 3314 3257 τὰς
3360 3194 3469 3247 τῶν
3504 3195 3666 3251 πατέ·

2095 3305 2201 3359 ρων
2236 3287 2327 3341 καὶ
2382 3285 2732 3357 προπάππων
2778 3285 3100 3356 ὁμοιότητας
3157 3285 3462 3356 κατίδωμεν
3499 3300 3669 3355 μετα-

2091 3378 2380 3440 ϐαινούσας
2405 3377 2648 3447 ἀκριϐῶς
2696 3377 2776 3440 είς
2807 3375 2906 3440 τὰς
2952 3375 3060 3429 τῶν
3109 3376 3388 3444 ἀπογόνων
3429 3376 3666 3448 μορφάς,

2091 3471 2184 3524 xui
2217 3471 2485 3538 ἐκμαγεῖα
2515 3467 2830 3538 γινομένους
2873 3467 2999 3531 τοὺς
3035 3468 3228 3532 παῖδας
3259 3468 3366 3521 ἀπὸ
3387 3468 3494 3521 τῶν
3533 3486 3669 3540 προ-

2089 3558 2363 3629 πατόρων.
2392 3557 2527 3610 Τότε
2567 3555 2631 3628 δὴ
2671 3556 2770 3626 τὴν
2797 3556 3072 3624 πάνσοφον
3103 3556 3299 3628 τέχνην
3326 3555 3419 3609 τοῦ
3449 3557 3670 3628 ἀριστο-

2088 3647 2277 3718 τέχνου
2335 3645 2471 3699 Θεοῦ
2518 3646 2612 3699 xui
2671 3645 2928 3716 Σωτῆρος
2950 3645 3494 3718 ὑπερεκπλήττομαι,
3548 3649 3666 3713 πῶς

2087 3737 2195 3791 τῶν
2224 3738 2358 3809 μήτε
2390 3735 2559 3790 ὄντων
2592 3735 2731 3806 μήτε
2763 3734 3102 3806 φαινομένων
3132 3736 3456 3807 ἀρχετύπων
3485 3739 3542 3792 ui
3579 3757 3666 3810 μι-

2091 3830 2287 3900 μήσεις
2321 3830 2378 3881 ἐν
2411 3829 2707 3900 ἀπορρήτῳ
2753 3827 3034 3900 μυστηρίῳ
3071 3827 3525 3898 δημιουργοῦνται
3573 3831 3667 3886 καὶ

2087 3921 2542 3984 ἀναπλάσσονται,
2568 3920 2760 3984 ἀλλους
2787 3919 2938 3985 τινάς
2966 3921 3090 3984 τοὺς
3115 3921 3416 3986 τεθνεῶτας
3451 3923 3540 3977 διὰ
3565 3924 3665 3994 τῆς

2086 4012 2368 4084 ἐνεργείας
2409 4010 2515 4065 τῶν
2559 4011 2743 4065 τύπων
2794 4011 3120 4082 ἐγείρουσαι.
3163 4013 3430 4078 Πολλάκις
3476 4016 3532 4068 δὲ
3572 4018 3665 4070 καὶ

2088 4104 2298 4158 πολλῶν
2327 4102 2463 4173 ὁμοῦ
2487 4101 2794 4174 προσώπων
2821 4102 2891 4156 τὰ
2909 4100 3182 4174 ’ἰδιώματα
3213 4105 3270 4156 ἐν
3301 4105 3383 4158 ἐνὶ
3405 4105 3664 4172 ἐξεικονί-

2087 4194 2239 4259 ζεται
2282 4194 2530 4265 σώματι·
2572 4193 2665 4247 τοῦ
2719 4193 2920 4265 πατρὸς
2973 4195 3006 4265 ἡ
3058 4195 3174 4266 ῥὶς,
3222 4194 3316 4248 τοῦ
3372 4197 3595 4249 πάππου
3633 4197 3662 4250 ό

2085 4287 2383 4359 ὀφθαλμὸς,
2413 4288 2507 4341 τοῦ
2541 4287 2684 4341 θείου
2709 4288 2769 4341 τὸ
2792 4287 3044 4358 βάδισμα,
3079 4289 3176 4359 τῆς
3207 4289 3408 4360 μητρὸς
3435 4289 3497 4343 τὸ
3533 4288 3659 4358 φθέ-

2085 4397 2202 4451 γμα
2227 4397 2239 4410 ’
2275 4380 2367 4433 καὶ
2401 4375 2481 4443 εἷς
2514 4380 2797 4450 ἀνθρωπος
2827 4379 3111 4450 θεωρεῖται
3139 4382 3388 4452 καθάπερ
3415 4399 3468 4434 τι
3499 4379 3659 4450 φυτὸν

401 4476 641 4524 lamenta
681 4482 883 4522 arcano
913 4467 1178 4535 mysterio
1228 4481 1489 4524 creentur
1517 4482 1574 4527 et
1625 4475 1979 4547 efﬁngantur,

2090 4469 2298 4523 πολλῶν
2330 4469 2560 4540 δένδρων
2587 4471 2685 4533 τὰς
2716 4470 2972 4534 ἐπιϐολὰς
3015 4470 3326 4542 δεξάμενον,
3359 4474 3451 4526 xui
3493 4473 3659 4544 μυρία

401 4565 560 4636 quasi
606 4565 806 4618 alteros
849 4564 1114 4633 quosdam
1160 4578 1276 4627 eos,
1319 4563 1413 4633 qui
1463 4565 1664 4620 mortui
1729 4576 1988 4639 suut,per

401 4656 705 4713 efﬁcaciam
741 4655 1038 4710 formarum
1069 4655 1386 4710 excitamia.
1417 4654 1572 4725 Saepe
1621 4667 1803 4712 autem
1838 4659 1984 4713 mul-

402 4759 586 4805 tarum
614 4748 779 4803 etiam
817 4762 1176 4818 personarqu
1211 4749 1570 4820 proprietates
1597 4749 1761 4804 simul
1793 4749 1848 4804 in
1878 4767 1987 4806 uno

403 4855 638 4910 corpore
685 4839 1070 4909 exprimuntur
1097 4846 1151 4891 et
1199 4838 1553 4910 efﬁnguntur.
1587 4839 1768 4896 Patris
1792 4855 1983 4906 nasus,

402 4936 490 4988 avi
521 4933 740 4995 oculus,
793 4929 972 5002 patrui
1030 4931 1304 4995 incessus,
1341 4932 1536 4988 matris
1558 4946 1730 4988 sonus
1749 4934 1901 4989 vocis
1934 4943 1988 4989 et

401 5028 652 5096 loqueltc.
672 5027 849 5096 Atque
881 5040 1024 5080 unus
1051 5025 1214 5080 homo
1235 5034 1512 5094 spectatur
1539 5035 1797 5095 tanquam
1827 5027 1986 5096 plau—

401 5129 456 5173 ta
487 5117 760 5190 quaedam,
794 5131 918 5187 qua:
966 5115 1261 5169 multarum
1287 5116 1544 5170 arborum
1577 5118 1817 5173 surculis
1847 5118 1988 5174 insi-

402 5212 538 5266 titiis
563 5211 617 5265 in
651 5225 711 5265 se
737 5210 972 5277 receptis
999 5209 1289 5264 innumera
1327 5223 1546 5278 quoque
1593 5209 1868 5264 fructuum
1895 5225 1990 5279 ge-

404 5318 537 5358 nera
577 5303 999 5372 decerpentibus
1052 5312 1105 5357 et
1148 5301 1534 5370 colligentibus
1596 5302 1818 5370 praebet.
1857 5300 1986 5357 Hch

403 5395 587 5449 omnia
612 5393 952 5448 admirabilia
973 5392 1192 5462 quidem
1221 5401 1370 5456 sunt,
1389 5393 1481 5448 sed
1515 5407 1623 5462 quo
1651 5401 1807 5463 pacto
1831 5394 1983 5460 ﬁant,

408 5484 568 5540 nobis
598 5484 843 5554 ignotum
882 5491 968 5538 est
1001 5481 1215 5552 :opiﬁci
1256 5491 1438 5536 autem
1478 5482 1659 5537 facilia
1689 5494 1853 5553 atque
1887 5500 1983 5540 ex-

407 5573 611 5646 pedita,
635 5579 690 5629 et
717 5572 785 5627 ab
815 5587 882 5628 eo
904 5572 1054 5627 nullo
1077 5571 1314 5642 negotio,
1348 5580 1407 5625 ut
1422 5571 1652 5639 scimus,
1693 5573 1988 5644 perﬁciun-

485 5752 528 5785 "
560 5747 735 5807 lCor.
779 5765 866 5816 xv,
894 5748 982 5803 52.
1064 5749 1105 5780 ¹⁶
1135 5746 1295 5804 Joan.
1329 5765 1382 5816 ι’,
1405 5746 1496 5816 28,
1524 5747 1615 5804 29.

2085 4560 2467 4632 καρποφοροῦν
2499 4560 2629 4629 γένη
2677 4562 2788 4624 τοῖς
2835 4561 3212 4632 όπωρίζουσιν.
3257 4563 3439 4616 Ταῦτα
3483 4566 3658 4618 πάντα

2087 4654 2375 4725 θαυμαστὰ
2406 4654 2524 4723 μὲν,
2556 4653 2651 4706 xui
2681 4654 2826 4717 ὅπως
2875 4654 3080 4722 γίνεται
3111 4656 3240 4726 ἡμῖν
3283 4657 3618 4728 ἀγνοούμενα
3640 4700 3656 4724 ,

2087 4745 2354 4816 πρόχειρα
2403 4743 2458 4796 δέ
2495 4742 2574 4813 τῷ
2617 4743 2944 4816 Δημιουργῷ
2994 4746 3087 4799 xui
3143 4746 3280 4816 μετὰ
3323 4747 3552 4818 πολλῆς,
3584 4749 3658 4813 ὡς

2087 4839 2266 4908 ἴσμεν,
2299 4839 2399 4907 τῆς
2430 4834 2711 4908 ῥᾳστώνης
2751 4837 3158 4908 ἐπιτελούμενα.
3196 4840 3428 4892 ’Ἄτοπον
3458 4841 3513 4894 δὲ
3541 4842 3657 4895 λίαν

2085 4931 2180 4985 xui
2210 4929 2454 5000 ἀμαθὲς,
2483 4929 2552 4982 τά
2600 4929 2698 5000 μὲν
2729 4928 2837 4982 τῶν
2885 4931 3162 4984 σαπέντων
3209 4931 3305 4984 xui
3344 4932 3657 5002 φθαρέντων

2083 5025 2183 5096 ἤδη
2231 5023 2500 5095 σωμάτιον
2534 5023 2888 5094 γνωρίσματα
2922 5024 2979 5076 ἐν
3013 5026 3124 5086 τοῖς
3162 5023 3254 5077 νῦν
3294 5024 3413 5077 καθ’
3446 5025 3657 5096 ἡμέραν

2085 5117 2370 5187 φυομένοις
2403 5115 2732 5184 ἐγείρεσθαι,
2767 5115 2861 5167 xui
2899 5113 2968 5168 τὰ
3009 5114 3262 5185 ἀλλότρια
3309 5117 3656 5185 μεταϐαίνειν

2086 5207 2405 5272 εἰς-ἀλλους,
2436 5207 2504 5260 τὰ
2533 5207 2589 5260 δέ
2622 5206 2727 5259 ίδια
2757 5207 2850 5259 xui.
2880 5205 3152 5277 ἐξαίρετα,
3187 5207 3313 5277 περὶ
3344 5206 3522 5259 αὐτῶν
3553 5209 3656 5260 τῶν

2087 5315 2217 5352 ποτε
2265 5297 2618 5366 κεκτημένων
2673 5295 3029 5350 ἀνανεοῦσθαι
3077 5297 3170 5350 xui
3223 5295 3654 5352 ἀναϐιώσκεσθαι

2089 5375 2164 5462 μὴ
2196 5389 2591 5460 συνομολογεῖν,
2637 5389 2771 5444 ἀλλά
2813 5391 3116 5445 τούναντίον
3150 5389 3386 5460 ἀκυροῦν
3421 5391 3514 5444 καὶ
3545 5391 3655 5444 διας

2090 5481 2375 5554 μάχεσθαι,
2405 5481 2498 5534 xui
2529 5479 2717 5551 μῦθον,
2746 5482 2806 5534 οὺ
2832 5481 2988 5550 λόγον
3017 5481 3116 5551 τὴν
3141 5480 3476 5548 ἐπαγγελίαν
3503 5481 3655 5551 νομί-

2087 5573 2221 5643 ζειν,
2265 5572 2359 5626 τοῦ
2390 5573 2498 5627 πᾶν
2531 5573 2646 5627 τόδε
2689 5574 2751 5627 τὸ
2795 5572 3068 5646 ὁρώμενον
3118 5573 3526 5646 συστησαμένου
3566 5567 3658 5627 καὶ
