4084 6158
362 340 461 398 681
1272 351 1341 406 IN
1378 351 1655 410 CHRISTI
1691 353 2327 416 RESURRECTIONEM
2364 360 2570 416 ORAT.
2615 358 2704 418 IV.
3524 368 3630 424 682

369 459 745 552 κοσμήσαντος
774 460 850 526 ὡς
883 462 1166 535 ἠθέλησεν.
1239 468 1380 522 Ἀλλ’
1411 471 1573 540 ἡμεῖς
1632 473 1731 542 μὲν
1774 490 1927 527 πεπι-

2039 485 2149 531 tur.
2185 475 2356 533 Valde
2377 487 2560 532 autem
2585 477 2885 535 absurdum
2913 486 3115 536 etcum
3148 480 3320 534 multa
3350 480 3627 552 imperitia

362 548 670 621 στεύκαμεν
710 556 777 624 τῇ
812 556 1142 624 ἀναστάσει,
1195 558 1354 624 δόξαν
1391 563 1810 635 ἀναπέμποντες
1860 564 1927 636 τῷ

2047 569 2402 639 coniunctum
2428 569 2615 636 fuerit,
2642 572 2688 626 si
2706 572 2831 642 quis
2858 570 3290 643 putrefactorum
3317 548 3540 644 quidem
3571 589 3626 633 et

360 643 536 714 Πατρὶ
568 645 662 697 καὶ
695 646 773 715 τῷ
816 647 931 719 mg
974 649 1070 703 καὶ
1101 651 1179 721 τῷ
1214 652 1354 723 ἁγίῳ
1382 654 1679 727 Πνεύματι,
1713 654 1807 710 νῦν
1844 657 1927 711 καί

2046 666 2434 729 corruptorum
2480 659 2593 729 jam
2650 674 2945 731 corporum
2978 661 3212 732 insignia
3275 643 3540 719 concedat
3568 663 3625 717 in

357 734 466 799 ἀεὶ,
497 736 591 789 καὶ
619 738 698 800 είς
729 740 857 803 τοὺς
887 740 1090 805 αίῶνας
1117 742 1228 797 τῶν
1257 743 1491 802 αἰώνων.
1536 747 1729 819 Ἀμήν.

2054 750 2140 816 iis,
2172 750 2268 820 qui
2290 765 2439 806 nunc
2469 750 2714 821 quotidie
2735 758 3060 817 nascuntur,
3087 754 3336 819 excitari,
3364 763 3417 810 et
3446 754 3627 808 aliena

356 830 598 886 transire
626 831 682 886 in
714 832 881 901 alios;
908 838 1130 905 propria
1161 849 1342 895 autem
1379 856 1443 895 ac
1482 843 1780 913 peculiaria
1818 843 1875 899 in
1914 843 1985 899 iis
2021 845 2118 915 qui
2149 845 2287 901 alias
2313 860 2378 900 ea
2405 845 2735 912 habuerunt,
2763 848 3020 902 renovari
3043 862 3108 903 ac
3130 847 3479 912 reviviscere,
3511 862 3625 901 nun

356 926 518 979 etiam
558 926 726 982 simul
762 931 1114 997 assentiatur,
1182 934 1277 990 sed
1333 945 1526 991 contra
1577 937 1847 1008 improbet
1919 946 2084 1011 atque
2134 941 2433 1011 impugnet,
2477 957 2542 996 ac
2597 941 2862 1008 fabulam,
2908 957 3020 997 non
3076 956 3264 997 verum
3311 954 3623 997 sermonem

357 1019 630 1075 existimet
659 1035 782 1075 esse
840 1023 1261 1091 promissionem
1308 1016 1454 1098 ejus,
1521 1031 1615 1099 qui
1664 1029 1771 1084 hoc
1813 1045 1976 1086 omne
2004 1032 2151 1101 quod
2186 1034 2419 1098 videtur,
2456 1035 2760 1099 constituit,
2793 1042 2847 1089 et
2890 1042 2946 1088 ut
2971 1034 3166 1097 voluit,
3228 1032 3462 1087 ornavit.
3507 1033 3623 1087 Nos

356 1126 487 1165 vero
539 1110 813 1168 credimus
872 1117 1291 1186 resurrectioni,
1345 1119 1575 1191 gloriam
1625 1121 1914 1178 reddentes
1954 1119 2104 1176 Patri
2131 1134 2186 1178 et
2219 1123 2360 1182 Filio
2389 1139 2443 1183 et
2470 1126 2696 1199 Spiritui
2729 1134 2939 1191 sancto,
2977 1139 3125 1181 nunc
3157 1134 3211 1180 et
3237 1139 3450 1196 semper
3475 1132 3530 1181 et
3567 1125 3621 1180 in
3712 1180 3716 1186 _

356 1203 554 1258 saecula
585 1205 934 1262 szeculorum.
955 1208 1148 1264 Amen.

977 1342 1198 1399 ΛΟΓΟΣ
1228 1349 1302 1403 Δ⁹.

562 1454 667 1517 Εἰς
699 1452 766 1506 τὸ
796 1452 968 1524 ἅγιον
995 1458 1094 1513 καί
1136 1458 1437 1527 σωτήριον
1481 1461 1718 1532 Πάσχα.

435 1562 502 1616 Ἦ
543 1563 640 1635 μὲν
670 1565 896 1638 ἀληθινὴ
920 1565 1014 1620 τοῦ
1045 1568 1322 1625 Σαϐϐάτου
1349 1573 1691 1639 κατάπαυσις
1710 1618 1724 1643 ,
1765 1577 1800 1646 ἡ
1837 1576 1938 1647 τὴν

354 1654 604 1723 εὐλογίαν
636 1657 728 1710 τοῦ
774 1657 908 1711 Θεοῦ
940 1659 1207 1733 δεξαμένη
1230 1702 1244 1726 ,
1293 1663 1352 1716 ἐν
1466 1665 1805 1721 κατέπαυσεν
1831 1666 1939 1721 ἀπὸ

2626 1343 2886 1400 ORATIO
2942 1343 3032 1398 IV.

2254 1461 2330 1515 De
2373 1469 2559 1519 sancto
2603 1470 2650 1515 et
2695 1460 2927 1514 salutari
2958 1459 3091 1529 {esto
3146 1455 3387 1512 Paschw.

2112 1570 2254 1628 Vera
2271 1571 2489 1642 quidem
2522 1571 2747 1627 Sabbati
2767 1572 3007 1641 requies,
3045 1583 3167 1638 quae
3185 1565 3621 1623 benedictionem

2043 1660 2140 1718 Dei
2170 1663 2399 1732 accepit,
2428 1663 2484 1717 in
2511 1678 2618 1733 qua
2657 1662 2924 1734 requievit
2951 1660 3213 1717 Dominus
3257 1660 3326 1714 ab
3361 1657 3620 1729 operibus

352 1749 462 1802 τῶν
493 1748 682 1802 ἑαυτοῦ
705 1750 882 1821 ἔργων
906 1754 934 1805 ὀ
955 1752 1157 1823 Κύριος
1181 1754 1320 1824 ὑπὲρ
1343 1754 1444 1826 τῆς
1470 1756 1565 1810 τοῦ
1591 1757 1796 1830 κόσμου
1826 1777 1927 1813 σω-

2032 1754 2170 1818 suis,
2184 1770 2284 1826 pro
2301 1755 2477 1810 salute
2489 1754 2676 1809 mundi
2697 1755 2891 1808 mortis
2910 1751 3155 1808 efficacia
3182 1749 3355 1806 fracta
3372 1748 3621 1813 feriatus,

351 1846 547 1914 τηρίας
586 1846 654 1915 τῇ
696 1844 936 1916 ἀπραξίᾳ
974 1846 1066 1899 τοῦ
1109 1847 1337 1902 θανάτου
1371 1849 1799 1918 ὲνσαόδατίσας,
1838 1852 1939 1924 ἤδη

354 1936 524 2006 πέρας
554 1934 664 2006 ἔχει
685 1976 698 2001 ,
735 1936 831 1989 καὶ
856 1938 954 2007 τὴν
989 1938 1122 1992 ίδίαν
1142 1938 1310 2006 ἔδειξε
1334 1941 1494 2013 χάριν
1527 1943 1620 1995 καὶ
1644 1942 1942 2015 ὀφθαλμοῖς

352 2027 445 2080 καὶ
472 2027 661 2091 ἀκοαῖς
683 2028 777 2081 καὶ
801 2029 1019 2101 καρδίᾳ·
1042 2030 1128 2084 διὰ
1151 2031 1369 2085 πάντων
1393 2032 1598 2088 τούτων
1618 2035 1718 2104 τῆς
1743 2036 1939 2106 ἑορτῆς

354 2120 487 2188 ἡμῖν
516 2119 880 2192 τελεσθείσης,
914 2116 996 2186 οἷς
1026 2124 1256 2195 είδομεν,
1285 2120 1366 2189 οἷς
1391 2126 1727 2198 ἠκούσαμεν,
1759 2123 1841 2192 οἷς
1868 2131 1935 2201 τῇ

351 2209 549 2279 καρδίᾳ
591 2208 689 2280 τὴν
732 2210 1069 2284 εὐφροσύνην
1131 2211 1527 2287 ὑπεδεξάμεθα.
1576 2218 1649 2270 Τὸ
1689 2218 1788 2289 μὲν
1828 2217 1936 2290 γὰρ

348 2299 624 2369 ὁρώμενον
649 2304 762 2365 τοῖς
788 2301 1107 2371 ὀφθαλμοῖς,
1153 2304 1268 2374 φῶς
1314 2302 1381 2377 ἦν
1412 2309 1480 2380 τῇ
1520 2306 1615 2361 τοῦ
1648 2308 1818 2378 πυρὸς
1849 2325 1937 2363 νε-

352 2390 490 2463 φέλῃ
516 2391 601 2445 διά
624 2392 733 2447 τῶν
761 2392 1060 2465 λαμπάδων
1090 2397 1222 2467 ἡμῖν
1257 2398 1314 2453 ὲν
1352 2401 1419 2470 τῇ
1455 2401 1610 2453 νυκτὶ
1642 2400 1935 2472 δᾳδουχού-

353 2497 536 2555 μενον.
577 2480 635 2533 '0
663 2480 720 2534 δὲ
746 2481 1040 2553 παννύχιος
1077 2486 1196 2547 ταῖς
1222 2486 1412 2549 ἀκοαῖς
1444 2488 1737 2558 προσηχῶν
1780 2488 1938 2557 λόγος

349 2574 408 2625 ὲν
432 2571 667 2643 ψαλμοῖς
695 2574 789 2626 καὶ
821 2573 1012 2644 ὕμνοις
1046 2576 1140 2629 καὶ
1166 2576 1332 2647 ᾠδαῖς
1363 2583 1791 2650 πνευματικαῖς,
1822 2576 1934 2635 οἷόν

353 2664 531 2732 ῥεῦμα
575 2663 748 2733 χαρᾶς
772 2662 839 2715 δι’
866 2664 1036 2734 ἀκοῆς
1066 2666 1146 2728 είς
1169 2666 1268 2738 τὴν
1296 2665 1468 2738 ψυχὴν
1522 2669 1773 2739 εῖσρέων,
1801 2670 1935 2740 πλή-

352 2768 465 2823 ρεις
493 2754 641 2823 ἡμᾶς
666 2753 774 2806 τῶν
798 2753 1020 2822 ἀγαθῶν
1047 2755 1276 2809 ἐλπίδων
1303 2759 1584 2829 εποίησεν.
1618 2760 1682 2812 Ἡ
1716 2760 1771 2813 δὲ
1799 2778 1933 2831 καρ-

347 2843 435 2898 δία
463 2846 575 2908 τοῖς
594 2843 909 2915 λεγομένοις
933 2863 992 2899 τε
1020 2848 1114 2902 κα)⁸
1135 2847 1488 2921 βλεπομένοις
1508 2850 1929 2924 εύφραινομέν-η,

347 2935 447 3008 τὴν
470 2936 744 3009 ἄφραστον
770 2937 1035 2992 ὲτυποῦτο
1072 2942 1470 3013 μακαριότητα.
1492 2943 1578 2997 διά
1606 2942 1714 2997 τῶν
1741 2960 1925 3014 φαινο-

352 3026 530 3098 μένων
560 3029 1042 3100 χειραγωγουμένη
1074 3031 1207 3101 πρὸς
1244 3031 1305 3085 τὸ
1334 3033 1584 3104 ἀόρατον.
1622 3032 1786 3089 Ὥστε
1820 3032 1930 3089 τῶν

2038 1846 2151 1915 jam
2180 1843 2340 1899 ﬁnem
2375 1844 2559 1911 habet,
2587 1853 2640 1899 et
2668 1845 2899 1915 gratiam
2928 1856 3083 1899 suam
3112 1856 3239 1897 cum
3268 1839 3466 1906 oculis,
3504 1847 3621 1894 tum

2040 1935 2291 2000 auribus,
2332 1943 2447 1990 tum
2481 1934 2635 1991 cordi
2670 1935 3089 1999 demonstravit,
3126 1949 3225 2006 per
3248 1934 3364 1988 haec
3409 1933 3619 1994 omnia.

2040 2040 2160 2096 quae
2172 2026 2426 2093 vidimus,
2447 2042 2567 2098 quae
2588 2027 2921 2091 audivimus,
2939 2041 3037 2097 per
3052 2041 3173 2097 quae
3192 2026 3357 2080 corde
3375 2024 3617 2079 laetitiam

2039 2117 2418 2187 recepimus,a
2444 2118 2607 2174 nobis
2635 2117 2775 2173 festo
2799 2129 3041 2189 peracto.
3084 2116 3222 2171 Nam
3257 2117 3404 2186 quod
3440 2116 3618 2172 oculis

2038 2210 2304 2272 cernitur,
2330 2211 2514 2265 lumen
2543 2219 2706 2266 nocte
2730 2210 2891 2266 nobis
2930 2224 3028 2281 per
3056 2209 3342 2280 lampades
3380 2208 3436 2263 in
3472 2208 3616 2264 nube

2036 2299 2179 2370 ignis
2201 2298 2618 2370 praeferebatur.
2658 2298 2853 2355 Sermo
2877 2308 3057 2355 autem
3086 2313 3181 2370 per
3204 2306 3371 2354 totam
3402 2306 3618 2354 noctem

2037 2405 2201 2447 aures
2267 2400 2488 2449 nostras
2532 2393 2956 2448 circumsonans
3001 2392 3055 2446 in
3094 2392 3347 2462 psalmis,
3398 2390 3620 2461 hymnis

2034 2484 2494 2555 cantionibusque
2518 2485 2895 2554 spiritualibus
2925 2492 3183 2555 tanquam
3210 2483 3409 2539 fiumen
3440 2484 3616 2553 quod-

2033 2574 2158 2630 dam
2187 2575 2370 2646 gaudii
2402 2590 2497 2646 per
2528 2590 2692 2632 aures
2729 2576 2786 2630 in
2829 2575 3072 2630 animum
3099 2575 3352 2643 influens,
3390 2590 3493 2630 nos
3519 2589 3617 2644 op-

2033 2668 2167 2722 tima
2181 2682 2277 2739 spe
2295 2668 2546 2738 replevit.
2573 2668 2680 2723 Cor
2701 2683 2855 2732 vero,
2873 2668 3003 2723 dum
3035 2675 3090 2723 et
3115 2668 3184 2725 iis
3214 2683 3333 2739 quae
3355 2668 3619 2724 diceban-

2032 2767 2124 2811 tur
2154 2766 2207 2812 et
2234 2756 2558 2811 videbantur
2588 2756 2979 2821 oblectaretur,
3006 2756 3412 2826 inexplicabilis
3444 2756 3617 2811 beati-

2031 2842 2239 2898 tudinis
2268 2841 2495 2915 figura‘m
2527 2843 2851 2913 accipiebat,
2885 2843 3014 2898 dum
3040 2857 3136 2912 per
3153 2858 3215 2898 ea
3240 2858 3362 2913 quae
3386 2857 3617 2914 appare-

2029 2929 2180 2996 bant,
2210 2931 2367 3002 quasi
2390 2946 2556 2986 manu
2591 2931 2889 2986 duceretur
2918 2931 2986 2986 ad
3003 2945 3150 2995 eum,
3176 2931 3270 3000 qui
3298 2930 3468 2985 videri
3503 2945 3613 2985 non

2027 3030 2227 3093 potest.
2246 3022 2434 3093 Itaque
2466 3022 2631 3093 hujus
2652 3023 2918 3093 requietis
2935 3022 3083 3078 bona
3092 3037 3189 3093 per
3207 3038 3327 3078 sese
3357 3022 3517 3079 fidem
3541 3023 3615 3077 fa-

347 3113 569 3182 ἀγαθῶν
618 3115 860 3180 ἐκείνων,
893 3115 928 3170 ἀ
970 3115 1092 3169 οὔτε
1137 3116 1415 3190 ὀφθαλμὸς
1456 3115 1617 3183 εἶδεν,
1663 3121 1790 3177 οὔτε
1839 3115 1927 3187 οὖς

2033 3114 2233 3169 cientia
2272 3113 2535 3170 ineffabili
2567 3116 2684 3185 spei
2744 3130 2959 3180 eorum,
2997 3131 3121 3185 quae
3150 3116 3424 3171 destinata
3452 3126 3616 3187 atque

346 3206 599 3276 ῆκουσεν,
638 3205 761 3260 οὕτε
792 3206 884 3260 ἐπὶ
913 3207 1155 3279 ,καρδίαν
1198 3209 1483 3281 ἀνθρώπου
1519 3212 1711 3285 ἀνέϐη,
1748 3215 1933 3269 είκόνα

347 3294 485 3351 εἷναι
516 3299 585 3353 τά
610 3299 711 3371 τῆς
733 3301 1129 3366 καταπαύσεως
1157 3302 1360 3374 ταύτης
1396 3304 1595 3374 ἀγαθά,
1632 3307 1699 3360 δι’
1724 3308 1932 3362 ἑαυτῶν

347 3391 447 3462 τὴν
490 3391 867 3462 ἀνεκερώνητον
905 3394 1096 3455 ἐλπίδα
1130 3395 1240 3449 τῶν
1283 3397 1667 3468 ἀποκειμένων
1700 3399 1929 3454 πιστού-

350 3499 510 3553 μενα.
557 3484 772 3556 Ἐπειδὴ
803 3486 979 3541 τοίνυν
1013 3488 1249 3560 φωτεινὴ
1274 3489 1370 3556 νὺξ
1395 3486 1533 3558 αὕτη
1554 3529 1569 3553 ,
1604 3489 1703 3554 τὰς
1729 3492 1793 3544 ἐκ
1822 3491 1931 3546 τῶν

347 3575 648 3646 λαμπάδων
683 3577 855 3645 αὐγὰς
887 3578 1163 3650 ὀρθριναῖς
1192 3580 1374 3635 ἀκτῖσι
1400 3581 1492 3635 τοῦ
1537 3582 1689 3654 ἡλίου
1723 3583 1929 3653 συμμί-

350 3666 509 3732 ξασα,
544 3667 673 3738 μίαν
695 3668 836 3722 κατά
861 3669 922 3723 τὸ
962 3671 1182 3742 συνεχὲς
1205 3672 1418 3743 ἡμέραν
1444 3674 1687 3746 ἐποίησε,
1712 3673 1787 3747 μὴ
1812 3674 1929 3728 δια-

351 3759 670 3829 μερισθεῖσα
720 3762 785 3832 τῇ
830 3761 1150 3835 παρενθήκη
1189 3761 1283 3815 τοῦ
1326 3764 1580 3833 σκότους,
1625 3767 1926 3837 νοήσωμεν,

347 3848 586 3917 ἀδελφοὶ,
630 3850 728 3919 τὴν
757 3850 1090 3921 προφητείαν
1132 3850 1232 3922 τὴν
1280 3851 1578 3921 λέγουσαν,
1627 3855 1708 3908 ὅτι
1766 3855 1927 3923 Αὕτη

350 3935 519 3991 ἐστίν
548 3939 586 4007 ἡ
610 3939 821 4007 ἡμέρα,
850 3937 932 4008 ’ἣν
954 3939 1249 4009 ἐποίησεν
1267 3945 1299 3996 ό
1324 3944 1559 4011 Κύριος.
1597 3945 1683 3998 Ἐν
1767 3944 1927 4015 ἔργον

347 4029 519 4093 ἐστὶν,
551 4030 609 4082 οὐ
636 4028 770 4101 βαρύ
791 4047 844 4084 τι
872 4032 967 4085 καὶ
1001 4031 1464 4105 δυσκατόρθωτον,
1487 4035 1623 4089 ἀλλὰ
1663 4037 1807 4108 χαρά
1831 4037 1926 4090 καὶ

184 4114 188 4117 Δ
262 4180 268 4185 η
347 4119 653 4191 εὐφροσύνη
681 4121 774 4174 καὶ
793 4121 1105 4193 ἀγαλλίαμα
1125 4139 1139 4151 '
1165 4122 1340 4188 οὕτως
1366 4120 1609 4190 εἰπόντος
1623 4126 1714 4180 τοῦ
1744 4128 1922 4197 λόγου·

351 4210 431 4264 ὅτι
492 4211 1008 4282 Ἀγιιὶλιασώμεθα
1049 4213 1145 4268 καὶ
1185 4215 1610 4287 εὐφρανθῶμεν
1638 4218 1708 4272 ἐν
1749 4219 1922 4288 αὐτῇ.

349 4301 415 4354 Ὠ
456 4300 636 4355 καλῶν
667 4304 1042 4373 πραγμάτωνι
1080 4304 1125 4358 ὣ
1160 4305 1417 4375 γλυκείας
1442 4309 1797 4379 νομοθεσίαςί
1830 4313 1926 4377 Τίς

348 4390 693 4462 ὑπερτίθεται
737 4395 872 4464 πρὸς
916 4395 977 4448 τὸ
1019 4396 1323 4450 ὑπακοῦσαι
1383 4397 1638 4462 τοιούτοις
1685 4401 1923 4472 προστά-

347 4498 554 4552 γμασι;
588 4482 670 4546 τίς
707 4482 762 4536 δὲ
785 4484 903 4554 οὐχὶ
928 4484 1129 4557 ζημίαν
1175 4488 1387 4557 ἡγεῖται
1423 4489 1518 4541 καὶ
1550 4488 1646 4558 τὴν
1677 4492 1732 4543 ὲν
1760 4490 1924 4562 ὀλίγῳ

347 4572 455 4625 τῶν
491 4572 832 4643 πραγμάτων
858 4574 1126 4646 ἀναϐολήν
1149 4593 1164 4643 ;
1192 4577 1510 4650 Εύφροσύνη
1540 4580 1599 4633 τὸ
1623 4579 1801 4651 ἔργον,
1829 4583 1924 4635 καὶ

347 4663 660 4735 ἀγαλλίαμά
698 4668 815 4718 ἔστι
850 4666 912 4718 τὸ
955 4668 1262 4738 ἐπίταγμα·
1327 4669 1393 4722 δι’
1435 4663 1509 4725 ὧν
1553 4670 1842 4725 ἀναλύεται
1889 4674 1921 4742 ἡ

346 4756 440 4808 ἐπὶ
467 4758 532 4826 τῇ
563 4756 809 4828 ἁμαρτία
832 4759 1176 4828 κατάκρισις,
1195 4762 1285 4813 καὶ
1307 4761 1388 4825 είς
1414 4761 1588 4833 χαρὰν
1613 4761 1683 4814 τὰ
1703 4762 1844 4833 λυπη
1856 4762 1922 4834 ρά

349 4844 777 4916 μεθαρμόζεται.

415 4933 583 4988 Τοῦτό
614 4937 728 4990 ἐστι
747 4936 807 4989 τὸ
829 4935 928 5005 τῆς
959 4937 1148 5006 σοφίας
1173 4938 1520 5010 ἀπόφθεγμα,
1544 4941 1625 4993 ὅτι
1653 4943 1710 4994 ἐν
1737 4941 1920 5013 ἡμέρᾳ

344 5027 715 5106 εὐφροσύνης,
762 5028 1037 5099 ἀμνηστία
1078 5029 1282 5086 κακῶν.
1332 5031 1517 5102 Λήθην
1557 5032 1779 5106 ἐποίησε
1822 5034 1921 5103 τῆς

346 5115 570 5187 πρώτης
596 5103 717 5171 καθ’
743 5119 899 5191 ἡμῶν
924 5119 1280 5189 ἀποφάσεως,
1313 5124 1346 5191 ἡ
1374 5122 1553 5193 ἡμέρα
1581 5103 1717 5194 αὕτη
1740 5140 1753 5152 ’
1786 5123 1920 5193 μᾶλ-

342 5208 436 5261 λον
471 5208 528 5261 δὲ
566 5210 890 5282 ἀφανισμὸν,
925 5210 1045 5281 ούχὶ
1075 5209 1268 5282 λήθην.
1308 5211 1585 5282 Ἑξήλειψε
1616 5212 1724 5283 γὰρ
1753 5212 1917 5266 καθό-

341 5301 437 5354 λου
495 5302 601 5355 πᾶν
644 5302 981 5374 μνημόσυνον
1025 5304 1123 5373 τῆς
1165 5302 1285 5354 καθ’
1326 5301 1482 5373 ἡμῶν
1523 5304 1914 5376 κατακρίσεως.

341 5391 476 5445 Τότε
507 5393 565 5445 ἐν
584 5392 781 5457 λύπαις
806 5395 833 5445 ὀ
855 5394 1073 5457 τοκετός
1091 5410 1103 5422 ·
1128 5391 1221 5446 νῦν
1246 5394 1413 5463 χωρὶς
1439 5393 1641 5447 ὠδίνων
1675 5396 1708 5465 ἠ
1735 5395 1919 5464 γέννη-

342 5494 449 5539 σις.
487 5479 619 5531 ’ἰόῐτε
647 5482 711 5534 ὲκ
742 5482 939 5551 σαρκὸς
962 5481 1328 5553 ἐγεννήθημεν
1353 5481 1573 5552 σάρκες·
1600 5483 1693 5536 νῦν
1713 5484 1774 5537 τὸ
1802 5502 1918 5553 γεν-

339 5566 503 5638 νηθὲν
532 5570 663 5622 πνεῦ
673 5570 749 5640 μά
770 5571 915 5623 ἐστιν
941 5573 1004 5625 ὲκ
1029 5571 1360 5642 πνεύματος.
1393 5572 1526 5624 Τότε
1563 5574 1668 5626 υίοὶ
1714 5575 1918 5645 ἀνθρὼ-

341 5674 467 5711 που·
501 5657 594 5711 νῦν
623 5659 790 5712 τέκνα
828 5660 962 5714 Θεοῦ
1003 5661 1388 5733 ἐγεννήθημεν.
1425 5662 1559 5716 Τότε
1589 5666 1668 5727 είς
1692 5663 1796 5734 γῆν
1821 5666 1915 5719 ἀπ’

414 5776 436 5811 ⁸
468 5777 486 5831 I
515 5775 642 5831 Cor.
677 5794 738 5842 ιι,
762 5778 811 5838 9.
893 5782 935 5811 ¹⁶
966 5780 1109 5837 Psal.
1143 5797 1309 5851 cxvn,
1348 5781 1440 5835 24.

428 5940 432 5943 ,
502 5871 775 5932 ΡΑτιιοι..
815 5874 932 5935 (in.
967 5875 1188 5939 XLVI.

1953 4442 2002 4501 D

1994 4561 2316 4626 'exsultatio
2352 4579 2437 4626 est
2465 4570 2519 4625 id
2557 4570 2700 4640 quod
2741 4571 3074 4639 praecipitur,
3100 4584 3195 4638 per
3228 4583 3349 4638 quae
3381 4577 3604 4638 propter

2034 3205 2277 3275 reposita
2300 3215 2450 3269 sunt,
2479 3206 2661 3275 imago
2684 3217 2812 3263 sunt
2831 3207 3051 3262 illorum
3077 3209 3497 3281 bonorum,qua:
3518 3226 3617 3266 ne-

2032 3312 2140 3367 que
2160 3298 2352 3354 oculus
2380 3297 2536 3362 vidit,
2572 3314 2750 3369 neque
2786 3300 2936 3355 auris
2967 3300 3196 3368 audivit,
3222 3316 3401 3371 neque
3428 3305 3486 3358 in
3519 3318 3615 3359 cor

2032 3381 2273 3440 hominis
2302 3385 2670 3440 ascenderunt
2697 3388 2712 3417 ¹
2744 3427 2757 3441 .
2799 3386 3068 3452 Quoniam
3099 3387 3267 3456 igitur
3290 3388 3403 3443 haec
3428 3390 3610 3445 lucida

2030 3485 2140 3525 nox
2171 3472 2476 3527 commistis
2511 3473 2820 3543 lampadum
2858 3474 3159 3530 luminibus
3178 3466 3303 3530 cum
3326 3478 3611 3533 matutinis

2031 3558 2200 3613 radiis
2221 3559 2354 3613 solis
2379 3574 2545 3613 unum
2565 3560 2886 3613 continuum
2907 3561 3182 3615 nullarum
3231 3561 3608 3632 interpositio-

2031 3662 2100 3701 ne
2133 3648 2485 3703 tenebrarum
2518 3647 2849 3718 diremptum
2881 3649 3023 3705 diem
3055 3651 3253 3719 effecit,
3280 3655 3608 3711 considere-

2030 3754 2155 3795 mus
2196 3747 2249 3795 et
2293 3740 2682 3813 intelligamus,
2743 3741 2962 3811 fratres,
3015 3745 3352 3815 prophetiam
3392 3764 3513 3819 quae
3551 3749 3625 3804 di.

2030 3822 2198 3888 cit“:
2219 3833 2321 3888 Hic
2340 3842 2417 3887 est
2439 3833 2571 3897 dies,
2607 3849 2760 3904 quem
2789 3834 2915 3902 fecit
2945 3833 3225 3891 Dominus.
3262 3834 3320 3891 In
3342 3853 3451 3908 quo
3469 3854 3607 3910 opus

2029 3921 2369 3991 propositum
2394 3931 2478 3977 est
2497 3939 2604 3977 non
2623 3938 2787 3993 grave
2814 3923 3035 3994 aliquod
3064 3934 3116 3979 et
3145 3924 3341 3982 effectu
3363 3928 3605 3995 difficile,

2030 4014 2123 4069 sed
2157 4015 2433 4084 gaudium,
2467 4015 2559 4070 sed
2596 4015 2803 4081 laetitia,
2830 4015 2924 4071 sed
2947 4018 3256 4083 exsultatio,
3288 4019 3363 4073 ita
3393 4020 3608 4077 dicente

2031 4103 2341 4175 Scriptura,
2374 4104 2720 4160 Exsultamus
2743 4119 2791 4161 et
2812 4108 3055 4162 themur
3076 4110 3131 4163 in
3159 4126 3240 4164 eo.
3271 4107 3315 4164 Ο
3348 4112 3608 4169 mandata

2028 4199 2333 4271 praeclara!
2387 4199 2433 4256 Ο
2480 4200 2698 4255 dulcem
2747 4201 3199 4256 constitutionem
3237 4204 3250 4256 ί
3303 4201 3439 4269 Quis
3485 4204 3607 4261 sine

2028 4309 2181 4349 mora
2201 4302 2364 4364 atque
2393 4293 2890 4364 procrastinatione
2921 4294 3124 4350 talibus
3153 4296 3441 4365 praeceptis
3492 4310 3605 4350 non

2027 4388 2481 4458 obtemperabit?‘
2509 4380 2646 4443 Imo‘
2673 4388 2796 4458 quis
2845 4400 2952 4440 non
3001 4387 3054 4441 in
3085 4387 3284 4442 damno
3327 4397 3491 4456 ponet
3519 4389 3604 4443 vel

2026 4480 2279 4549 exiguam
2305 4479 2585 4549 jussorum
2614 4478 2924 4534 dilationem
2950 4477 2972 4530 ?
3013 4476 3222 4531 Laetitia
3249 4485 3335 4531 est
3363 4493 3523 4546 opus.
3549 4485 3604 4532 et

2025 4669 2308 4733 peccatum
2337 4663 2480 4717 facta
2510 4660 2895 4716 condemnatio
2924 4660 3276 4727 rescinditur,
3307 4669 3360 4715 et
3385 4661 3441 4714 in
3470 4675 3601 4731 gau-

2024 4753 2172 4809 dium
2204 4754 2428 4810 tristitia
2455 4753 2811 4807 convertitur.

2093 4931 2207 4986 Hoc
2231 4938 2314 4986 est
2345 4929 2625 4999 sapientia:
2660 4928 2895 4982 notabile
2926 4926 3157 4992 dictum,
3194 4925 3249 4979 in
3278 4924 3366 4980 die
3401 4926 3599 4982 laetitiae

2023 5021 2225 5078 oblivio
2252 5028 2412 5090 atque
2447 5018 2672 5072 abolitio
2700 5018 2992 5072 malorum.
3033 5014 3373 5071 Oblivionem
3409 5016 3599 5085 prima:

2021 5122 2213 5171 contra
2249 5128 2348 5168 nos
2381 5110 2664 5166 sententiae
2689 5111 3052 5180 pronuntiata:
3073 5108 3190 5166 dies
3230 5109 3317 5163 hic
3344 5107 3593 5162 induxit:

2022 5207 2133 5261 imo
2195 5218 2324 5259 vero
2385 5201 2757 5265 abolitionem,
2822 5216 2929 5255 non
2981 5201 3333 5255 oblivionem.
3391 5197 3598 5255 Delevit

2020 5298 2165 5354 enim
2211 5302 2266 5351 et
2303 5295 2460 5365 quasi
2529 5292 2699 5346 erasit
2745 5305 2961 5345 omnem
3014 5291 3235 5359 penitus
3274 5289 3594 5345 memoriam

2020 5398 2210 5444 contra
2241 5403 2342 5443 nos
2374 5386 2530 5440 factae
2582 5383 3076 5439 condemnationis.
3114 5379 3268 5437 Tunc
3307 5383 3362 5435 in
3388 5381 3593 5437 dolori-

2020 5481 2121 5534 bus
2163 5485 2353 5549 partus
2401 5475 2702 5532 edebatur:
2763 5488 2910 5528 nunc
2966 5472 3174 5542 absque
3217 5473 3599 5542 parturitionis

2019 5570 2360 5626 cruciatibus
2390 5568 2648 5624 nativitas
2669 5566 2907 5622 exsistit.
2940 5563 3096 5618 Tunc
3118 5579 3183 5619 ex
3207 5578 3376 5620 carne
3402 5579 3599 5620 carnes

2020 5664 2131 5719 nati
2156 5678 2345 5720 sumus
2376 5681 2389 5717 :
2426 5677 2573 5717 nunc
2601 5659 2745 5731 quod
2781 5665 2965 5713 natum
3012 5665 3096 5713 est
3129 5656 3357 5727 spiritus
3401 5664 3487 5711 est
3529 5669 3596 5709 ex

3093 5868 3171 5929 22
