4084 6158
475 424 578 478 685

1733 417 1792 474 S.
1818 415 2142 474 GREGORII
2173 418 2466 476 NYSSENI

3617 412 3720 471 684

474 541 693 611 spiritu.
728 538 881 594 Tunc
916 537 1012 593 ﬁlii
1043 535 1346 599 hominum,
1384 548 1530 590 nunc
1564 532 1656 590 lilii
1689 534 1783 592 Dei
1815 538 1924 591 nati
1953 553 2045 592 su-

2147 537 2388 608 οὐρανῶν
2434 534 2803 607 ἁπελύθημεν,
2860 531 2955 588 νῦν
2998 534 3026 586 6
3071 532 3390 603 ἐπουράνιος
3434 530 3529 584 καὶ
3574 532 3720 601 ἡμᾶς

475 647 619 688 mus.
661 631 815 686 Tunc
857 630 914 684 in
970 637 1174 684 terram
1201 626 1269 682 de
1304 626 1466 682 cmlis
1518 626 1739 696 relegati
1787 642 1978 683 sumus
2026 643 2039 679 :

473 737 624 777 nunc
644 721 692 777 is
717 720 811 790 qui
841 718 1088 775 caelestis
1113 726 1217 785 est,
1272 716 1435 771 etiam
1465 731 1567 774 nos
1617 717 1870 773 cmlestes
1893 717 2041 773 fecit.

474 812 629 868 Tunc
663 823 758 879 per
789 816 1069 878 peccatum
1099 820 1247 861 mors
1289 804 1549 875 regnabat
1594 823 1606 859 :
1636 820 1782 860 nunc
1813 805 2045 860 invicem
2075 847 2105 893 ς

470 901 686 975 iustitia
718 914 816 969 per
854 897 1022 953 vitam
1076 896 1270 967 recipit
1330 894 1641 965 imperium.
1685 895 1840 949 Tunc
1905 910 2047 950 unus

474 992 638 1048 morti
663 992 841 1045 locum
862 986 1173 1043 introeundi
1199 986 1348 1041 dedit
1373 1003 1388 1040 :
1415 1000 1510 1056 per
1533 999 1701 1040 unum
1718 986 1881 1041 etiam
1899 1000 2046 1040 nunc

477 1089 666 1137 contra
724 1080 834 1135 vita
894 1076 1278 1132 introducitur.
1329 1074 1482 1130 Tunc
1536 1091 1632 1145 per
1677 1085 1904 1130 mortem
1937 1075 2046 1129 vita

476 1170 781 1228 excidimus
814 1188 828 1223 :
884 1182 1032 1222 nunc
1062 1181 1093 1220 a
1142 1166 1251 1220 vita
1286 1181 1433 1222 mors
1475 1166 1705 1221 deletur.
1757 1164 1911 1219 Tunc
1938 1180 2047 1234 prae

476 1263 686 1336 pudore
726 1262 829 1318 sub
862 1260 966 1314 ﬁcu
1003 1258 1260 1314 occultati
1289 1257 1492 1313 fuimus
1537 1277 1552 1313 :
1588 1271 1738 1311 nunc
1783 1271 1879 1325 per
1930 1257 2047 1328 glo-

476 1353 617 1408 riam
661 1352 808 1421 ligno
866 1349 992 1403 vita:
1053 1347 1583 1418 appropinquamus.
1623 1346 1777 1401 Tunc
1825 1356 2047 1416 propter

478 1440 900 1498 inobedientiam
953 1454 1018 1494 ex
1062 1438 1316 1508 paradiso
1366 1437 1575 1506 expulsi
1610 1452 1801 1492 sumus
1842 1456 1855 1491 :
1901 1452 2043 1491 nunc

420 1588 427 1595 ,
479 1548 579 1605 per
609 1532 767 1587 ﬁdem
822 1531 876 1584 in
905 1529 1219 1600 paradisum
1279 1528 1638 1584 admittimur.
1686 1527 1897 1584 Rursus
1932 1528 2046 1582 fru-

478 1634 605 1680 ctus
635 1624 760 1678 vita:
790 1621 856 1677 ad
886 1621 1111 1677 delicias
1142 1621 1302 1677 nobis
1356 1621 1667 1689 propositus
1692 1627 1777 1675 est
1805 1618 1873 1673 ad
1900 1619 2046 1674 arbi-

477 1713 664 1768 trium.
689 1711 902 1766 Rursus
932 1710 1054 1766 fons
1086 1710 1325 1781 paradisi
1364 1708 1761 1779 quadripartito
1792 1709 2046 1765 diductus

479 1818 581 1874 per
616 1801 960 1875 evangelicos
983 1815 1172 1855 amnes
1220 1800 1532 1856 universam
1564 1799 1817 1855 Ecclesia:
1855 1799 2046 1853 faciem

480 1894 696 1965 irrigat,
726 1892 860 1949 adeo
899 1893 1152 1947 utetiam
1194 1892 1333 1947 sulci
1385 1891 1686 1946 animarum
1736 1898 2045 1945 nostrarum
2079 1869 2120 1922 Β

479 1983 839 2047 inebrientur,
885 1989 1024 2052 ques
1071 1982 1120 2037 is
1153 1982 1248 2051 qui
1267 1989 1564 2037 sementem
1618 1982 1889 2036 scrmOuis
1922 1980 2050 2036 facit

481 2084 666 2132 aratro
693 2074 957 2131 doctrinae
986 2072 1271 2144 proscidit,
1288 2087 1351 2127 ac
1368 2072 1793 2143 multiplicemur
1807 2073 2050 2143 germina

478 2169 804 2237 fructusque
838 2165 1077 2221 virtutis.
1108 2163 1249 2231 Quid
1276 2164 1444 2235 igitur
1473 2164 1542 2219 ob
1576 2162 1691 2218 haec
1720 2163 1899 2219 facere
1925 2179 2052 2219 con-

476 2255 656 2313 venit?
669 2255 812 2322 Quid
829 2254 1165 2325 aliud,quam
1183 2254 1385 2309 imitari
1405 2262 1617 2310 montes
1634 2255 1857 2325 prophet
1868 2255 1981 2310 icos
1995 2264 2051 2310 et

476 2347 647 2403 colles
694 2345 1188 2402 exsultationibus?
1219 2343 1426 2398 Montes
1453 2345 1617 2410 enim,
1648 2346 1842 2415 inquit,
1867 2347 2048 2400 exsut-

476 2446 713 2493 tauerunt
744 2445 801 2490 ut
823 2438 1034 2501 arietes,
1065 2444 1113 2491 et
1134 2434 1293 2489 colles
1314 2435 1448 2489 sicut
1488 2435 1610 2505 agni
1660 2435 1832 2489 ovium
1864 2437 1903 2490 ³.
1948 2433 2051 2491 Ve-

475 2529 592 2585 nite
622 2528 816 2600 igitur,
843 2527 1180 2584 exsultemus
1223 2524 1470 2590 Domino,
1513 2525 1608 2595 qui
1646 2524 1805 2596 l'rcgit
1831 2525 1976 2582 vires
1997 2536 2051 2583 et

473 2620 773 2692 potentiam
826 2618 1003 2675 hostis
1054 2625 1110 2674 et
1170 2632 1425 2688 magnum
1487 2630 1587 2686 pro
1644 2617 1806 2672 nobis
1864 2617 2049 2673 crucis

476 2710 777 2781 Irophaeum
806 2709 864 2764 in
909 2708 1067 2763 ruina
1096 2706 1397 2763 adversarii
1426 2706 1619 2762 erexit.
1646 2704 2048 2779 Ἀλαλάζωμεν,

473 2800 532 2857 id
556 2807 661 2865 est,
713 2799 1011 2862 iubilemus,
1064 2796 1378 2867 ἀλαλαγμός
1410 2803 1610 2862 autem,
1663 2798 1778 2853 sive
1819 2798 2047 2867 jubilus,

475 2901 561 2946 est
596 2890 652 2944 in
687 2889 920 2944 victoria
969 2888 1146 2942 fausta
1183 2902 1247 2942 ac
1302 2888 1421 2941 laeta
1461 2887 1806 2955 acclamatio,
1867 2905 1988 2958 quae
2018 2904 2049 2942 a

478 2977 783 3033 victoribus
804 2976 1065 3032 adversus
1092 2975 1263 3030 victus
1279 2977 1567 3029 exvilatur.
1591 2976 1854 3042 Quoniam
1888 2979 2051 3048 igitur

475 3074 754 3139 prostrata
794 3074 878 3122 est
909 3066 1053 3120 acies
1111 3064 1302 3129 hostis,
1343 3074 1506 3134 atque
1529 3066 1618 3120 ille
1649 3068 1783 3137 ipse,
1819 3069 1910 3138 qui
1946 3070 2047 3122 im-

476 3159 687 3229 perium
710 3156 906 3213 nefarii
925 3156 1197 3212 exercitus
1223 3156 1527 3211 daemonum
1547 3157 1842 3223 obtinebat,
1866 3161 2043 3228 periit,
2072 3196 2114 3251 ο

475 3249 687 3304 deletus
725 3255 776 3301 et
809 3248 876 3302 ad
938 3246 1167 3300 nihilum
1204 3247 1313 3317 jam
1342 3246 1596 3301 redactus
1642 3255 1725 3303 est
1763 3250 2047 3303 :dicamus

474 3338 622 3409 quod
655 3337 796 3394 Deus
839 3338 911 3393 sit
954 3352 1184 3407 magnus
1239 3337 1521 3403 Dominus,
1581 3348 1636 3393 et
1683 3356 1775 3393 rex
1820 3356 2048 3411 magnus

476 3444 876 3500 superromnem
915 3437 1138 3496 terram,
1196 3431 1288 3500 qui
1321 3431 1595 3487 benedixit
1649 3447 1864 3487 corona:
1921 3435 2049 3488 anni

473 3520 822 3593 benignitatis
846 3534 979 3588 suae,
1029 3529 1083 3577 et
1115 3521 1376 3577 conduxit
1416 3538 1515 3578 nos
1559 3523 1614 3577 in
1645 3524 1790 3579 hunc
1820 3524 2045 3579 chorum

472 3619 528 3668 et
548 3619 751 3669 coetum
800 3612 1142 3684 spiritualem
1192 3629 1288 3684 per
1329 3615 1607 3671 Christum
1640 3613 1825 3671 Jesum
1864 3616 2048 3670 Domi-

472 3719 601 3759 num
620 3713 890 3772 nostrum,
919 3704 1005 3762 cui
1028 3706 1198 3776 gloria
1225 3706 1279 3759 in
1304 3706 1523 3762 saecula.
1551 3707 1741 3762 Amen.
1826 3698 1848 3715 ’

1067 3876 1322 3933 ORATIO
1384 3879 1445 3933 ν.

474 4006 543 4062 1η
582 4007 841 4063 illustrem
880 4018 930 4063 et
970 4016 1210 4062 sanctam
1254 4008 1471 4088 Domini
1514 4010 1702 4082 Deique
1745 4013 1910 4069 nostri
1964 4030 2045 4069 re-

1064 4089 1460 4135 surrecttonem.

544 4236 877 4294 Benedictus
906 4238 1068 4295 Dcus.
1107 4232 1364 4296 Dicamus
1393 4243 1541 4297 bona
1570 4242 1733 4299 verba
1755 4285 1770 4311 ,
1800 4252 1856 4300 et
1900 4246 2042 4302 cele-

468 4330 693 4386 bremus
707 4330 867 4385 hodie
890 4331 1173 4401 unigenam
1198 4333 1288 4389 Dei
1313 4333 1721 4401 Filium,verum
1743 4336 2043 4392 cmlcstium

468 4427 873 4489 procreatorem
923 4438 935 4473 :
980 4421 1074 4490 qui
1161 4436 1226 4475 ex
1295 4424 1533 4478 occultis
1602 4433 1761 4478 terra:
1820 4427 2036 4484 sinibus

2145 625 2424 694 οὐρανίους
2448 623 2690 681 ἐποίησε.
2739 622 2870 675 Τότε
2904 621 2991 675 διὰ
3013 622 3110 691 τῆς
3145 620 3418 691 ἁμαρτίας
3442 620 3471 672 ὁ
3493 620 3720 683 θάνατος

2145 713 2493 767 ἐϐασίλευσε·
2538 712 2631 767 νῦν
2663 711 3194 783 ἀντιμεταλαμϐάνει
3241 711 3329 763 διά
3364 709 3464 779 τῆς
3504 708 3647 777 ζωῆς
3685 710 3720 780 ἡ

2144 808 2455 880 δικαιοσύνη
2494 809 2555 863 τὸ
2593 809 2812 881 κράτος.
2856 805 2950 872 Εἷς
2978 807 3157 879 ἤνοιξε
3193 808 3312 860 τότε
3354 804 3448 858 τοῦ
3488 804 3719 859 θανάτου

2144 901 2243 970 τὴν
2261 900 2480 953 είσοδονο
2506 901 2572 953 δι’
2604 901 2721 964 ἐνὸς
2743 902 2834 955 καὶ
2856 901 2949 955 νῦν
2973 904 3005 973 ή
3031 901 3144 972 ζωὴ
3166 898 3564 966 ἀντεισάγεται.
3586 897 3720 951 Τότε

2145 988 2231 1041 διά
2264 988 2357 1041 τοῦ
2391 987 2620 1042 θανάτου
2664 990 2764 1058 τῆς
2798 989 2942 1060 ζωῆς
2972 988 3331 1057 ὲξεπέσαμεψ
3364 987 3458 1043 νῦν
3496 987 3599 1039 ὐπὸ
3620 987 3720 1056 τῆς

2145 1077 2291 1149 ζωῆς
2315 1080 2614 1149 ἀναιρεῖται
2638 1082 2665 1133 ὁ
2688 1080 2931 1143 θάνατος.
2950 1081 3082 1133 Τότε
3099 1081 3188 1132 ὐπ’
3211 1079 3473 1149 αἰσχύνης
3491 1081 3555 1149 τῇ
3579 1081 3718 1149 συκῇ

2147 1166 2554 1240 ὐπεκρύϐημενο
2574 1169 2667 1223 νῦν
2704 1169 2791 1223 διά
2806 1169 2962 1241 δόξης
2983 1168 3043 1221 τὸ
3078 1167 3230 1233 ξύλον
3252 1168 3351 1237 τῆς
3380 1166 3522 1237 ζωῆς
3555 1183 3722 1235 προσ-

2144 1257 2454 1329 εγγίζομεν.
2518 1260 2651 1312 Τότε
2683 1260 2770 1314 διὰ
2809 1261 2907 1330 τῆς
2936 1260 3220 1331 παρακοῆς
3270 1258 3365 1312 τοῦ
3394 1258 3718 1328 παραδείσου

2146 1348 2538 1421 ὲξῳκίσθημεν·
2578 1350 2673 1405 νῦν
2709 1351 2797 1405 διά
2827 1350 3061 1413 πίστεως
3097 1349 3189 1403 τοῦ
3220 1349 3549 1420 παραδείσου
3590 1348 3720 1401 εἴσω

2145 1441 2426 1512 γινόμεθα.
2458 1442 2627 1497 Πάλιν
2655 1445 2683 1497 6
2712 1442 2921 1513 καρπὸς
2944 1444 3042 1512 τῆς
3071 1441 3218 1512 ζωῆς
3245 1442 3324 1504 είς
3355 1440 3565 1511 τρυφὴν
3591 1441 3721 1510 ἡμῖν

2147 1533 2428 1603 πρόκειται
2474 1534 2594 1586 κατ’
2632 1532 2897 1597 ἐξουσίαν.
2946 1532 3115 1587 Πάλιν
3163 1533 3195 1601 ἡ
3244 1531 3339 1584 τοῦ
3391 1530 3717 1600 παραδείσου

2148 1621 2319 1692 πηγὴ,
2348 1623 2380 1692 ἡ
2406 1622 2643 1693 τετραχῆ
2682 1622 2769 1675 διά
2802 1621 2911 1675 τῶν
2939 1620 3308 1689 εὐαγγελικῶν
3336 1620 3594 1690 ποταμῶν
3619 1637 3716 1690 μευ

2151 1713 2439 1784 ριζομένη,
2485 1713 2632 1767 ἅπαν
2661 1712 2866 1776 ποτίζει
2907 1712 2969 1766 τὸ
3010 1712 3299 1783 πρόσωπον
3344 1712 3442 1782 τῆς
3491 1709 3718 1781 Ἐκκλη-

2151 1806 2269 1869 σίας
2288 1821 2301 1835 ο
2344 1805 2419 1868 ὡς
2448 1805 2543 1858 καὶ
2568 1803 2859 1874 μεθύσκειν
2887 1803 3042 1875 ἡμῶν
3070 1803 3169 1866 τὰς
3205 1801 3446 1866 αὔλακας
3482 1801 3589 1856 τῶν
3617 1801 3716 1871 duo

2149 1895 2281 1965 χῶν,
2311 1895 2377 1959 ἃς
2398 1896 2427 1947 6
2452 1894 2687 1966 σπείρων
2716 1893 2806 1949 τὸν
2828 1894 2983 1963 λόγον
3007 1892 3084 1964 τῷ
3105 1892 3320 1964 ἀρότρῳ
3347 1892 3445 1963 τῆς
3468 1891 3718 1946 διδασκασ

2149 1986 2267 2050 λίας
2308 1986 2568 2056 ἀνέτεμε,
2606 1987 2698 2039 καὶ
2726 1984 3013 2057 πληθύνειν
3048 1985 3145 2055 τῆς
3188 1983 3388 2054 ἀρετῆς
3424 1982 3490 2035 τά
3524 1984 3718 2053 γεννή-

2153 2088 2317 2141 ματα.
2353 2071 2416 2124 Τί
2438 2067 2531 2125 οὐν
2560 2071 2652 2124 ἐπὶ
2695 2070 2904 2136 τούτοις
2930 2073 3195 2144 προσήκει
3227 2074 3433 2137 ποιεῖν;
3464 2070 3529 2123 Τί
3554 2070 3715 2134 ἄλλο,

2149 2156 2182 2228 ἢ
2224 2158 2504 2229 μιμεῖσθαι
2542 2159 2609 2213 τά
2636 2160 2736 2231 όρη
2767 2160 2834 2215 τὰ
2868 2160 3174 2232 προφητικά
3232 2161 3327 2213 καὶ
3348 2161 3472 2223 τοὺς
3499 2160 3718 2230 βουνοὺς

2149 2250 2259 2311 τοῖς
2285 2250 2648 2321 σκιρτήμασι;
2690 2251 2767 2305 Τὰ
2811 2251 2919 2321 ὄρη
2954 2254 3082 2323 γάρ,
3122 2252 3305 2322 φησὶν,
3350 2252 3716 2320 ἐσκίρτησαν

2148 2339 2290 2392 ὡσεὶ
2347 2340 2530 2409 κριοὶ,
2567 2342 2662 2396 καὶ
2716 2346 2770 2398 οἱ
2798 2343 3012 2407 βουνοί
3058 2344 3138 2409 ὡς
3172 2344 3347 2412 ἀρνία
3391 2325 3714 2412 προὸἶὶτων.

2150 2426 2357 2483 Οὐκοῦν
2384 2428 2558 2493 δεῦτε,
2602 2430 3055 2501 ἀγαλλιασὼμεθα
3102 2432 3179 2503 τῷ
3217 2432 3441 2503 Κυρίῳ,
3472 2432 3550 2501 τῷ
3584 2432 3715 2486 καθ-

2150 2517 2321 2572 ελόντι
2336 2519 2427 2572 τοῦ
2446 2521 2704 2591 πολεμίου
2729 2521 2825 2592 τὴν
2846 2522 3090 2593 δύναμιν,
3109 2524 3203 2577 καὶ
3222 2524 3282 2577 τὸ
3301 2523 3441 2594 μέγα
3460 2524 3716 2595 τρόπαιον

2149 2609 2242 2662 τοῦ
2268 2611 2499 2682 σταυροῦ
2537 2612 2677 2683 ὑπὲρ
2704 2613 2859 2684 ἡμῶν
2888 2614 3248 2684 ἀναστήσαντι
3278 2616 3334 2668 ὲν
3358 2613 3434 2684 τῷ
3462 2614 3712 2684 πτώματι

2148 2699 2242 2753 τοῦ
2271 2702 2667 2777 ἀντικειμένου.
2711 2704 3104 2776 Ἀλαλάζωμεν.
3143 2705 3477 2777 Ἀλαλαγμὸς
3496 2706 3551 2758 δέ
3572 2707 3716 2758 ἐστιν

2150 2791 2413 2856 ἐπινίκιός
2435 2793 2698 2865 εὐφημία,
2744 2795 2893 2865 παρά
2928 2794 3036 2849 τῶν
3064 2795 3484 2866 κεκρατηκότων
3508 2798 3715 2867 ἐγειρο-

2154 2882 2286 2955 μένη
2322 2883 2461 2937 κατὰ
2504 2884 2612 2938 τῶν
2650 2887 2987 2957 ἡττημένων.
3051 2887 3203 2940 Ἐπεὶ
3250 2883 3341 2941 οὖν
3376 2887 3714 2956 πέπτωκενή

2148 2971 2240 3026 τοῦ
2271 2973 2531 3044 πολεμίου
2555 2976 2879 3050 παράταξις,
2920 2978 3013 3029 καὶ
3047 2978 3205 3041 αὐτὸς
3227 2979 3429 3041 ἐκεῖνος
3453 2980 3481 3031 6
3503 2979 3563 3031 τὸ
3585 2980 3718 3049 κρά-

2148 3081 2239 3129 τος
2262 3064 2398 3134 ἐχων
2416 3066 2513 3136 τῆς
2538 3069 2778 3137 πονηρᾶς
2801 3067 2909 3121 τῶν
2933 3068 3201 3139 δαιμόνων
3229 3071 3485 3139 στρατιᾶς
3513 3070 3714 3140 οἴχεται

2150 3152 2245 3206 καὶ
2267 3151 2578 3223 ἠφάνισται,
2603 3156 2696 3208 καὶ
2718 3156 2796 3218 είς
2828 3156 2888 3209 τὸ
2920 3157 2994 3227 μὴ
3026 3155 3084 3209 ὃν
3112 3156 3210 3227 ἤδη
3238 3157 3709 3229 μετακεχώρηκενο

2152 3242 2412 3314 εἴπωμεν,
2439 3247 2519 3298 ὃτι
2541 3245 2670 3309 Θεὸς
2703 3245 2873 3317 μέγας
2903 3248 3124 3317 Κύριος,
3154 3248 3247 3300 καὶ
3274 3247 3522 3318 βασιλεὺς
3547 3251 3717 3319 μέγας

2151 3334 2241 3385 ἐπὶ
2266 3336 2443 3387 πᾶσαν
2477 3334 2573 3405 τὴν
2614 3336 2737 3406 γῆν,
2777 3335 2805 3387 6
2845 3334 3140 3405 εὐλογήσας
3182 3334 3272 3387 τὸν
3318 3336 3578 3404 στέφανον
3618 3335 3709 3389 τοῦ

2149 3425 2390 3478 ἐνιαυτοῦ
2444 3426 2543 3496 τῆς
2597 3426 2961 3499 χρηστότητος
3004 3426 3167 3480 αὐτοῦ
3192 3444 3207 3458 θ
3252 3427 3346 3481 καὶ
3394 3428 3711 3497 συναγαγὼν

2149 3518 2295 3587 ἡμᾶς
2333 3519 2413 3582 εἰς
2456 3518 2553 3589 τὴν
2600 3518 2973 3588 πνευματικὴν
3012 3517 3213 3589 ταύτην
3248 3520 3621 3591 χοροστασίαν,
3653 3519 3713 3572 ὲν

2148 3609 2368 3681 Χριστῷ
2403 3596 2576 3683 Ἰησοῦ
2606 3611 2683 3685 τῷ
2710 3610 2896 3683 Κυρίῳ
2916 3650 2930 3677 ,
2952 3603 3047 3681 ᾧή
3074 3611 3197 3677 δόξα
3226 3615 3308 3677 είς
3337 3613 3462 3679 τούς
3493 3613 3709 3678 αἰῶνας.

2160 3701 2345 3773 Ἀμήν.

2758 3887 2974 3942 ΛΟΓΟΣ
3004 3888 3079 3941 E'.

2141 4017 2246 4084 Εὶς
2271 4016 2385 4087 τὴν
2413 4019 2760 4088 φωτοερόρον
2783 4020 2881 4072 καὶ
2909 4020 3086 4088 ἁγίαν
3108 4020 3449 4076 ἀνάστασιν
3464 4022 3573 4077 τοῦ
3598 4025 3710 4077 Κυ-

2579 4090 2717 4157 ρίου
2755 4089 2852 4142 καὶ
2887 4090 3034 4144 Θεοῦ
3076 4090 3256 4159 ἡμῶν.

2213 4242 2516 4314 Εὐλόγητος
2541 4245 2569 4297 6
2596 4243 2748 4308 Θεός.
2774 4245 3193 4316 Εὐφημήσωμεν
3220 4247 3455 4318 τήμερον
3480 4247 3571 4301 τὸν
3598 4248 3711 4301 Μο-

2146 4336 2340 4407 νογενῆ
2365 4337 2517 4401 Θεὸν,
2548 4337 2637 4389 τὸν
2671 4336 2778 4391 τῶν
2816 4338 3079 4408 οὐρανίων
3124 4340 3443 4410 γεννήτορα,
3473 4341 3564 4393 τὸν
3597 4340 3708 4393 τῶν

2146 4426 2389 4497 κρυφίων
2423 4426 2660 4495 λαγόνων
2710 4427 2809 4493 τῆς
2862 4430 2964 4499 γῆς
3009 4427 3417 4496 ὑπερκύψαντα,
3462 4430 3555 4481 καὶ
3588 4433 3708 4494 ταῖς

469 4510 727 4575 emersit,
762 4517 817 4565 et
844 4510 1163 4566 clarissimis
1200 4511 1365 4566 radiis
1395 4513 1577 4566 orbem
1604 4521 1874 4569 terrarum
1906 4532 2035 4587 ope-

2144 4518 2469 4588 φαοσφόρυις
2491 4518 2668 4571 ἀκτῖσι
2692 4518 2788 4588 τὴν
2801 4518 2926 4588 ὅλην
2954 4519 3275 4590 οἰκουμένην
3293 4521 3705 4575 ὲπισκιάσαντα.

465 4602 598 4657 ruit.
641 4602 991 4658 tielebremus
1042 4603 1204 4658 hodie
1235 4604 1565 4673 sepulturam
1609 4604 1904 4676 Unigeniti,
1950 4625 2041 4665 re-

468 4695 862 4748 surrectionem
911 4695 1169 4761 victoris,
1225 4694 1481 4764 gaudium
1542 4697 1729 4751 mundi
1777 4708 1830 4753 et
1875 4700 2039 4756 vitam

468 4784 713 4855 gentium
739 4785 948 4839 mundi.
1004 4785 1356 4841 Celebremus
1398 4786 1559 4841 hodie
1608 4802 1733 4841 eum
1784 4790 1876 4857 qui
1911 4806 2039 4860 pec-

467 4881 653 4929 catum
706 4875 976 4930 induerat.
1032 4875 1383 4931 Cclebremns
1414 4877 1572 4932 hodie
1608 4877 1700 4933 Dei
1754 4877 1990 4935 Verbum
2019 4922 2035 4949 ,

464 4966 611 5037 quod
642 4965 829 5020 mundi
864 4965 1188 5035 sapientiam
1213 4966 1433 5035 arguit,
1475 4968 1862 5036 prophetarum
1894 4986 2032 5040 pra:-

464 5057 757 5114 dictionem
835 5057 1178 5111 continuavit
1218 5096 1234 5122 ,
1312 5059 1682 5127 apostolorqu
1753 5061 2029 5117 vinculum

463 5150 760 5205 connexuit
784 5188 800 5213 ,
842 5147 1100 5203 Ecclesia:
1143 5149 1502 5215 vocationem,
1536 5150 1775 5221 Spiritus
1800 5155 2032 5223 gratiam

463 5241 780 5312 explicavit.
808 5238 949 5295 Ecce
977 5241 1120 5295 enim
1147 5256 1246 5296 nos
1276 5242 1369 5311 qui
1393 5242 1523 5295 olim
1547 5245 1707 5299 alieni
1749 5259 1780 5298 a
1814 5244 1906 5300 Dei
1932 5261 2033 5301 no-

463 5333 580 5387 titia
620 5346 862 5395 eramus,
903 5330 1074 5386 Deum
1116 5332 1475 5402 agnovimus,
1522 5342 1575 5389 et
1602 5336 1729 5389 olim
1763 5336 2029 5405 scriptum

462 5422 760 5493 perfectum
782 5428 896 5475 est:
925 5419 1354 5488 Reminiscentur,
1378 5432 1426 5477 et
1451 5434 1817 5480 convertentur
1843 5427 1913 5481 ad
1932 5426 2031 5481 Do-

462 5517 661 5569 minum
710 5527 885 5567 omnes
920 5514 1049 5582 ﬁnes
1094 5523 1247 5569 terra:
1269 5529 1288 5569 :
1310 5524 1361 5569 et
1389 5515 1687 5572 adorabunt
1723 5520 1778 5571 in
1814 5536 2030 5588 conspe-

462 5615 548 5660 ctu
572 5606 685 5675 ejus
715 5605 968 5658 universa:
992 5605 1215 5673 familia:
1245 5609 1475 5677 gentium
1498 5609 1565 5664 ".
1591 5608 1761 5681 Cujus
1795 5611 1874 5667 rei
1910 5627 2028 5667 me-

532 5775 554 5806 ⁸
579 5773 722 5831 Psal.
750 5790 900 5836 cn...
935 5793 988 5831 4.
1064 5776 1109 5808 ⁸⁸
1142 5776 1284 5832 Pam.
1330 5797 1439 5841 an,
1471 5777 1559 5832 28.

2141 4611 2557 4681 Εὐφημήσωμεν
2599 4612 2833 4682 τήμερον
2861 4611 2958 4682 τὴν
3002 4612 3180 4682 ταφὴν
3210 4612 3303 4665 τοῦ
3347 4613 3704 4681 Μονογενοῦς,

2138 4702 2235 4773 τὴν
2263 4702 2557 4755 ἀνάστασιν
2607 4702 2700 4754 τοῦ
2730 4701 2966 4772 νικητοῦ,
3000 4702 3098 4773 τὴν
3128 4703 3299 4773 χαρὰν
3345 4702 3434 4756 τοῦ
3480 4705 3707 4775 κόσμου,

2136 4793 2233 4864 τὴν
2273 4793 2416 4864 ζωὴν
2445 4792 2553 4846 τῶν
2582 4792 2749 4845 ἐθνῶν
2781 4792 2875 4846 τοῦ
2908 4793 3132 4864 κόσμου.
3168 4794 3591 4865 Εὐφημὴσωμεν
3614 4796 3708 4864 τή-

2140 4900 2301 4953 μερον
2325 4883 2415 4936 τὸν
2448 4883 2545 4952 τὴν
2579 4883 2850 4954 ἁμαρτίαν
2874 4884 3252 4953 ὲνδυσάμενον.
3283 4884 3706 4954 Εὐφημήσωμεν

2134 4976 2372 5045 τήμερον
2407 4975 2498 5029 τὸν
2528 4975 2660 5027 Θεὸν
2689 4976 2879 5043 Λόγον,
2911 4976 2968 5040 ὃς
3008 4978 3106 5046 τὴν
3136 4976 3231 5030 τοῦ
3265 4978 3468 5046 κόσμου
3514 4978 3707 5045 σοφίαν

2133 5064 2358 5133 ἤλεγξε·
2414 5063 2521 5116 τῶν
2578 5065 2870 5135 προφητῶν
2918 5065 3017 5137 τὴν
3072 5066 3373 5137 πρόρρησιν
3424 5065 3701 5136 ἐκύρωσεο

2132 5152 2239 5207 τῶν
2267 5151 2578 5205 ἀποστόλων
2607 5152 2697 5205 τὸν
2734 5151 3027 5223 σύνδεσμον
3059 5154 3375 5224 συνήθροισε
3394 5170 3410 5186 ο
3440 5153 3542 5223 τῆς
3582 5154 3706 5205 Ἐκ-

2132 5243 2361 5313 κλησίας
2389 5244 2488 5314 τὴν
2534 5244 2746 5314 κλῆσιν,
2782 5243 2875 5297 τοῦ
2917 5246 3233 5316 Πνεύματος
3260 5244 3358 5316 τὴν
3400 5245 3560 5316 χάριν
3608 5247 3706 5313 ἐφ-

2134 5333 2371 5404 ήπλωσε.
2420 5333 2549 5385 Ἰδοὺ
2584 5333 2692 5403 γάρ
2726 5335 2884 5404 ἡμεῖς
2916 5336 2972 5387 οἴ
2992 5351 3119 5387 ποτε
3144 5334 3281 5401 ξένοι
3309 5333 3409 5403 τῆς
3436 5332 3530 5386 τοῦ
3570 5334 3702 5386 Θεοῦ

2136 5421 2501 5492 ἐπιγνώσεως,
2543 5424 2633 5476 τὸν
2674 5422 2805 5476 Θεὸν
2849 5426 3202 5492 ἐπέγνωμεν·
3235 5423 3327 5476 καὶ
3358 5423 3421 5475 τὸ
3460 5438 3704 5492 γεγραμ-

2139 5513 2299 5583 μένον
2328 5514 2714 5586 πεπλήρωται·
2766 5514 3238 5584 Μνησθιὶσονται
3286 5515 3387 5569 καὶ
3428 5516 3701 5579 ἐπιστρα-

2135 5603 2432 5676 φήσονται
2448 5607 2597 5675 πρὸς
2621 5608 2839 5676 Κύριον
2859 5608 3055 5660 πάντα
3083 5606 3152 5661 τὰ
3181 5603 3403 5679 πέρατα
3430 5603 3538 5675 τῆς
3561 5602 3667 5675 γῆς
3684 5640 3701 5663 ο
