4084 6158
497 310 604 367 685

1357 304 1427 358 IN
1465 300 1742 359 CHRISTI
1782 302 2416 361 RESURRECTIONEM
2460 306 2662 362 ORAT.
2700 304 2767 359 ν.

3635 304 3737 359 686

498 421 601 475 καὶ
653 415 1200 486 προσκυνήσουσιν
1244 414 1501 470 ἐνώπιον
1548 417 1732 472 αὺτοῦ
1789 417 1978 471 πᾶσαι
2024 418 2081 470 al

2186 433 2364 476 mores
2393 420 2593 474 erunt?
2623 416 2844 487 Antiqui
2878 416 3086 486 lapsus,
3113 423 3164 469 et
3194 426 3347 468 novae
3381 414 3740 467 resurrectio-

498 507 737 576 πατριαὶ
786 506 906 559 τῶν
954 502 1166 561 ἐθνῶν.
1218 503 1283 558 Τί
1325 506 1761 577 μνησθήσονται;
1815 506 1926 577 Τὴν
1982 524 2077 559 πα-

495 601 653 655 λαιὰν
709 598 952 663 πτῶσιν,
999 598 1098 668 τὴν
1143 596 1270 651 νέαν
1325 599 1656 663 ἀνάστασιν,
1702 599 1801 669 τὴν
1847 597 2076 668 ἀρχαίαν

497 691 831 764 παράϐασιν,
873 688 967 743 καὶ
995 687 1095 759 τὴν
1138 687 1363 760 ὕστερον
1396 688 1683 760 διόρθωσιν
1703 705 1716 719 ·
1758 687 1856 758 τὴν
1889 688 2077 757 θνῆσιν

494 781 596 851 τῆς
643 778 806 841 Εὔας,
843 778 940 848 τῆς
978 775 1259 847 Παρθένου
1311 777 1411 849 τὴν
1441 777 1713 848 γέννησιν,
1766 776 1872 829 τῶν
1911 775 2076 829 ἐθνῶν

496 871 596 941 τὴν
630 868 1024 938 ἐπανόρθωσιν,
1070 866 1176 920 τῶν
1213 867 1551 938 ἁμαρτωλῶν
1591 869 1688 939 τὴν
1722 868 1934 937 ἄφεσιν,
1967 867 2077 920 τῶν

500 959 790 1031 προφητῶν
825 959 923 1029 τὴν
957 957 1280 1029 πρόρρησιν,
1316 957 1424 1009 τῶν
1464 958 1777 1012 ἀποστόλων
1813 960 1872 1012 τὸ
1912 958 2077 1029 κήρυ-

500 1050 770 1120 γμα,’τῆς
800 1046 1186 1119 κολυμϐήθρας
1222 1047 1320 1119 τὴν
1351 1049 1729 1121 ἀναγέννησιν,
1763 1049 1855 1103 τοῦ
1896 1066 2076 1119 παρα-

500 1141 677 1193 δείσου
722 1140 820 1209 τὴν
872 1137 1188 1209 είσοίκησιν,
1231 1138 1339 1191 τῶν
1385 1139 1631 1211 οὐρανῶν
1667 1139 1763 1211 τὴν
1798 1139 2073 1203 ἐπάνοδον,

502 1225 592 1277 τὸν
607 1225 947 1295 Δημιουργὸν
978 1224 1354 1295 ἀνιστάμενον,
1379 1227 1470 1279 τὸν
1492 1227 1591 1297 τὴν
1618 1228 1921 1298 ἀπρέπειαν
1950 1229 2078 1282 ἀπο·

500 1316 819 1386 δυσάμενον,
867 1316 958 1368 τὸν
1008 1319 1075 1387 τῇ
1126 1315 1278 1387 θεῖκῇ
1322 1317 1690 1388 μεγαλουργίᾳ
1734 1320 1796 1371 τὸ
1841 1318 2077 1390 φθαρτὸν

501 1409 580 1471 είς
609 1408 918 1478 ἀφθαρσίαν
959 1408 1384 1478 μεταλλάξαντα.
1422 1410 1531 1462 Καὶ
1579 1410 1739 1465 ποίαν
1771 1411 2077 1482 ἀπρέπειαν

500 1499 765 1566 ἁπέθετο;
817 1501 919 1552 Ἦν
968 1500 1194 1562 Ἡσαΐας
1237 1498 1381 1567 εἶπε,
1435 1501 1546 1555 Καὶ
1590 1502 1830 1570 εῑδομεν
1870 1501 2074 1567 αὐτὸν,

502 1596 685 1662 φησιν,
741 1591 835 1643 καὶ
867 1593 978 1644 οὐκ
1022 1587 1187 1659 εἶχεν
1226 1587 1386 1657 εἶδος
1429 1592 1573 1646 οὐδὲ
1598 1593 1845 1659 κάλλος.
1894 1593 2079 1647 Ἀλλὰ

500 1680 567 1731 τὸ
593 1676 751 1744 εἶδος
776 1678 962 1732 αὑτοῦ
990 1677 1220 1747 ἄτιμον,
1242 1679 1526 1735 ἐκλεῖπον
1546 1682 1706 1750 παρὰ
1738 1683 1878 1749 τοὺς
1907 1682 2077 1747 υἱοὺς

498 1768 618 1821 τῶν
648 1770 992 1837 ἀνθρώπων.
1033 1771 1169 1823 Πότε
1215 1766 1285 1841 ἦν
1326 1772 1555 1842 dvitiae;
1590 1772 1720 1825 Ὅτε
1759 1774 1871 1836 τοῖς
1902 1773 2078 1845 ἀλιτη-

502 1862 637 1932 ρίοις
693 1862 966 1926 Ἰουδαίοις
1011 1861 1379 1933 προσωμιλειξ
1428 1864 1522 1917 καὶ
1568 1865 1936 1935 Σαμαρείτης,
1985 1867 2078 1919 καὶ

501 1953 776 2022 δαιμόνιον
804 1952 942 2023 ἔχων
988 1954 1234 2007 ἐκαλεῖτο
1257 1973 1270 1987 ⁸
1312 1956 1401 2008 ὅτε
1439 1953 1639 2017 Ἰούδας
1662 1956 1691 2007 6
1726 1956 2078 2027 Ἰσκαριώτης

504 2043 595 2094 καὶ
622 2042 690 2094 τὰ
723 2042 814 2095 τοῦ
847 2044 1068 2105 σκότους
1096 2045 1429 2114 γεννήματα,
1451 2044 1585 2115 πρὸς
1612 2046 1771 2112 φόνον
1816 2045 2077 2114 ἐκράτουν

503 2133 592 2185 τὸν
617 2131 916 2203 ἀχώρητον,
946 2137 1059 2187 υύκ
1083 2135 1338 2197 ἀσκόπως
1367 2135 1549 2201 ἔλεγεν
1582 2134 1764 2197 αὐτοῖς
1806 2136 2072 2206 Ἰωάννης·

506 2226 861 2294 Γεννήματα
892 2225 1166 2295 ἐχιδνῶν,
1213 2228 1306 2292 τις
1347 2225 1663 2290 ὑπέδειξεν
1690 2227 1832 2296 ὑμῖν
1865 2227 2078 2297 φυγεῖν

504 2316 620 2370 ἀπὸ
660 2315 769 2382 τῆς
814 2318 1165 2385 μελλούσης
1206 2316 1424 2385 ὀργῆς;
1468 2318 1677 2380 Ὄντως
1719 2318 1827 2388 γὰρ
1860 2320 1893 2388 η
1939 2319 2075 2389 ὀργὴ

505 2407 596 2460 τοῦ
645 2406 777 2460 Θεοῦ
828 2410 978 2477 μενεῖ
1019 2408 1105 2460 ἐπ’
1146 2408 1364 2468 αὐτούς.
1410 2407 1548 2460 Πότε
1590 2402 1659 2477 ἦν
1683 2407 1909 2477 ἄτιμοςς
1950 2409 2077 2459 Ὅτε

506 2499 566 2550 τὸ
607 2497 892 2568 βλάστημα
919 2497 1018 2566 τῆς
1065 2497 1364 2560 ἐπιεικείας
1398 2497 1647 2567 ῥάπισμα
1684 2497 2074 2567 διελάμϐανεν,

507 2589 601 2642 καὶ
636 2589 754 2658 μεθ’
794 2590 970 2659 ὅρκων
1009 2587 1235 2661 ἠρώτων
1264 2588 1372 2642 τῶν
1412 2589 1591 2659 ὅρκων
1621 2588 1880 2661 δικαστὴν
1912 2590 2079 2659 ὑπάρ-

508 2697 688 2749 χοντα.
718 2680 852 2732 Πότε
890 2676 960 2750 ἦν
991 2679 1213 2750 ἀτιμος;
1265 2680 1392 2733 Ὅτε
1431 2678 1708 2743 ἐδικάζετο
1743 2683 1771 2733 6
1798 2680 2074 2751 δικαστὴς,

508 2770 601 2823 καὶ
629 2771 872 2841 ἐκρίνετο
896 2771 925 2822 6
959 2768 1147 2840 κριτὴς
1170 2768 1264 2823 τοῦ
1292 2770 1497 2841 κόσμου
1518 2785 1531 2800 '
1565 2774 1593 2825 6
1622 2772 1839 2842 οἰκέτης
1867 2772 2072 2844 ἠρώτα,

509 2861 771 2929 δεσπότης
799 2860 1026 2926 ἐσιώπα,
1054 2862 1149 2915 καὶ
1192 2861 1252 2915 τὸ
1296 2861 1411 2930 φῶς
1454 2862 1714 2933 ἡσύχαζε,
1764 2864 1859 2917 καὶ
1889 2864 2078 2928 σκότος

512 2953 740 3024 ἐγαυρία
761 2970 775 2984 ·
807 2954 866 3005 τὸ
908 2952 1132 3024 πλάσμα
1173 2953 1516 3025 ἐθρασύνετο,
1548 2955 1642 3008 καὶ
1686 2957 1714 3008 6
1750 2955 2079 3026 δημιουργὸς

2178 512 2297 575 nis,
2334 520 2388 566 et
2432 510 2832 566 emendationis
2862 523 2983 579 quae
3005 514 3195 578 postea
3225 511 3412 560 secuta
3453 510 3571 558 est:
3612 501 3740 556 Evae

2177 602 2453 666 interitus,
2479 601 2710 671 virginis
2739 607 2914 663 ortus,
2947 599 3186 669 gentium
3219 593 3611 658 restitutionis,
3645 591 3741 647 de-

2177 694 2538 764 linquentium
2584 691 2974 755 absolutionis,
3009 688 3394 761 prophetarum
3425 683 3740 754 praedictio-

2178 787 2299 852 nis,
2340 784 2710 855 apostolorum
2738 781 3163 853 praedicationis,
3204 779 3428 850 piscinae
3460 789 3740 846 regenera«

2175 877 2363 943 tionis,
2393 878 2447 931 in
2474 876 2783 947 paradisum
2816 873 3230 930 introductionis
3260 914 3275 938 ,
3307 870 3514 926 reditus
3543 869 3599 922 in
3628 881 3742 921 cm-

2180 969 2284 1031 los,
2319 983 2501 1024 rerum
2535 966 2758 1038 Opiﬁcis
2789 966 2855 1020 ad
2883 965 3050 1020 vitam
3077 961 3376 1025 redeuntis,
3408 972 3533 1013 cum
3582 956 3740 1012 inde-

2177 1060 2410 1113 centiam
2468 1058 2743 1123 exuisset,
2808 1070 2872 1111 ac
2914 1053 3096 1108 divina
3149 1050 3549 1122 magniﬁcentia
3593 1047 3741 1117 quod

2176 1160 2296 1205 erat
2323 1149 2554 1204 mortale
2600 1157 2653 1203 et
2684 1154 3024 1216 corruptum,
3056 1146 3111 1197 in
3145 1143 3452 1197 immortale
3477 1148 3532 1196 et
3558 1140 3744 1195 incor-

2177 1251 2395 1311 ruptum
2441 1243 2857 1294 commutasset.
2916 1233 3139 1301 Qualem
3194 1244 3324 1286 vero
3378 1227 3737 1284 indecentiam

2176 1329 2466 1400 deposuit?
2495 1343 2612 1382 eam
2647 1341 2811 1397 quam
2859 1323 2996 1378 dixit
3046 1322 3214 1377 Isaias
3247 1320 3335 1374 bis
3366 1317 3545 1374 verbis
3595 1332 3612 1369 :
3669 1314 3740 1369 Et

2177 1423 2399 1476 vidimus
2428 1421 2621 1488 ipsum,
2642 1425 2693 1472 et
2732 1433 2835 1471 non
2886 1425 3000 1469 erat
3039 1413 3252 1481 species,
3282 1426 3373 1463 nec
3403 1409 3579 1463 decor.
3635 1406 3740 1462 Sed
3772 1430 3779 1438 -

2177 1513 2340 1582 facies
2367 1512 2479 1579 ejus
2512 1518 2627 1564 erat
2664 1507 2930 1579 ignobilis,
2974 1506 3194 1575 inferior
3243 1504 3418 1572 forma
3469 1516 3578 1569 prae
3610 1499 3740 1568 ﬁliis

2179 1604 2447 1658 hominum
2472 1603 2515 1655 ³.
2560 1599 2789 1666 Quando
2852 1596 3106 1668 ignobilis
3149 1594 3302 1649 erat?
3330 1591 3550 1664 quando
3614 1605 3738 1645 cum

2179 1692 2458 1748 sceleratis
2486 1688 2687 1743 Iudaeis
2716 1685 3162 1749 conversabatur,
3193 1690 3248 1738 et
3286 1680 3660 1735 Samaritanus
3687 1685 3742 1733 et

2178 1783 2445 1839 daemonio
2504 1781 2810 1851 exagitatus
2855 1777 3158 1831 dicebatur.
3192 1771 3422 1838 Quando
3465 1769 3636 1826 Iudas
3662 1766 3743 1824 Is-

2178 1874 2414 1929 cariotes
2446 1882 2499 1927 et
2527 1870 2874 1926 tenebrarum
2906 1865 3191 1937 progenies
3225 1862 3483 1918 tenebant
3532 1860 3600 1915 ad
3635 1874 3743 1915 cae-

2178 1965 2300 2019 dem
2330 1978 2476 2027 eum,
2509 1976 2671 2032 quem
2704 1959 2887 2013 nullus
2934 1957 3088 2010 locus
3139 1967 3335 2022 capere
3381 1958 3580 2022 potest.
3620 1949 3742 2005 Non

2179 2056 2276 2108 abs
2310 2068 2366 2107 re
2393 2052 2607 2106 dicebat
2639 2049 2773 2119 ipsis
2803 2046 3074 2110 Joannes;
3110 2041 3386 2096 Genimina
3422 2042 3739 2109 viperarum,

2177 2143 2292 2211 quis
2318 2140 2542 2195 ostendit
2572 2139 2711 2194 vobis
2734 2138 2910 2209 fugere
2932 2152 2965 2188 a
2992 2136 3172 2198 futura
3205 2134 3288 2186 ira
3308 2134 3347 2164 "
3370 2133 3393 2185 ?
3430 2130 3564 2186 Vere
3595 2131 3742 2186 enim

2179 2235 2259 2286 ira
2286 2233 2378 2289 Dei
2400 2232 2640 2286 manebit
2671 2245 2836 2300 super
2869 2229 3021 2298 ipsis.
3055 2216 3285 2292 Quando
3321 2224 3422 2278 fuit
3445 2220 3744 2295 ignobilis?

2180 2324 2314 2377 Tum
2350 2340 2473 2378 cum
2497 2323 2679 2378 nobile
2728 2336 2949 2393 germen
2994 2318 3266 2389 aequitatis
3307 2316 3461 2388 gravi
3514 2312 3743 2382 colapho

2179 2431 2376 2470 caesum
2403 2422 2487 2471 est
2516 2454 2530 2479 ,
2558 2422 2749 2467 etcum
2785 2426 2973 2467 verum
3017 2406 3380 2480 jurisjurandi
3431 2403 3739 2476 praesidem,

2180 2520 2302 2559 cum
2335 2511 2677 2559 sacramento
2702 2500 2996 2570 juramenti
3054 2500 3473 2568 interrogarent.
3508 2493 3741 2560 Quando

2181 2598 2300 2651 sine
2340 2596 2547 2649 honore
2581 2592 2714 2649 fuit?
2741 2592 2876 2647 Cum
2906 2591 3246 2661 judicaretur
3293 2587 3480 2658 judex,
3511 2592 3566 2641 et
3593 2584 3744 2640 arbi-

2178 2694 2265 2739 ter
2311 2686 2498 2740 mundi
2525 2686 2910 2749 damnaretur;
2951 2696 3073 2737 cum
3115 2693 3308 2736 servus
3339 2677 3657 2748 inquireret,
3688 2683 3745 2731 et

2168 2773 2347 2833 herus
2376 2776 2766 2831 conticesceret
2793 2791 2808 2840 ;
2835 2786 2959 2828 cum
2993 2773 3084 2826 lux
3112 2771 3436 2841 quiesceret,
3472 2775 3526 2825 et
3567 2767 3744 2838 caligo

2181 2869 2515 2934 exsultaret;
2544 2882 2667 2921 cum
2722 2865 3034 2936 ﬁgmentum
3084 2861 3367 2917 audaciam
3398 2875 3512 2930 pra:
3549 2874 3609 2915 se
3633 2858 3744 2915 fer-

2182 2967 2287 3026 ret,
2319 2966 2373 3015 et
2406 2973 2589 3014 rerum
2621 2956 2798 3028 Opil‘cx
2825 2962 3219 3025 perpeleretur.
3252 2950 3482 3018 Quando
3508 2950 3613 3005 fuit
3655 2949 3746 3004 in-

512 3043 814 3115 ἐκαρτέρει.
850 3043 989 3096 Πότε
1014 3039 1082 3115 ἦν
1109 3044 1332 3115 ἀτιμος;
1370 3045 1497 3098 Ὅτε
1522 3046 1571 3098 oi
1607 3044 1796 3116 ταῦροι
1834 3047 2078 3117 ἐκεράτι-

2182 3052 2387 3122 glorius
2411 3052 2434 3105 ἲ
2455 3051 2589 3106 Cum
2623 3052 2763 3105 tauri
2798 3048 3058 3105 cornibus
3093 3046 3436 3115 impeterent,
3472 3049 3529 3097 et
3551 3042 3746 3113 juven-

514 3132 639 3199 ζον,
673 3134 766 3187 καὶ
798 3136 826 3187 6
868 3134 1067 3204 μόσχος
1098 3134 1425 3205 παρίστατο-
1465 3135 1554 3187 ὅτε
1591 3138 1619 3189 ό
1661 3135 1794 3188 λέων
1830 3138 2078 3208 ὼρυᾶτο,

515 3225 610 3279 καὶ
641 3225 689 3279 οί
719 3224 909 3297 ταῦροι
927 3224 1307 3296 ἐγαυρύνοντο,
1331 3223 1857 3298 γαθὼςγέγραπται·
1883 3230 2079 3295 Περιε-

516 3317 836 3371 κύκλωσάν
854 3333 931 3386 με
952 3318 1177 3386 μόσχοι
1217 3317 1455 3380 πολλοὶ,
1498 3317 1700 3385 ταῦροι
1740 3318 1943 3383 πίονες
1981 3333 2081 3370 πε-

507 3406 760 3477 ριέσχον
793 3425 888 3477 με.
933 3408 1219 3473 Ἵινοιξαν
1259 3408 1352 3461 ἐπ’
1383 3408 1488 3479 ἐμὲ
1520 3408 1587 3462 τὸ
1626 3409 1818 3477 στόμα
1862 3406 2078 3473 αὐτῶν,

515 3500 595 3565 ὼς
630 3498 784 3552 λέων
807 3498 1074 3566 ἁρπάζων
1100 3500 1195 3553 καὶ
1222 3500 1576 3568 ὠρυόμενος.
1604 3501 1738 3553 Πότε
1763 3497 1830 3572 ἦν
1855 3503 2044 3571 ἄτιμος
2067 3519 2080 3563 ;

519 3591 645 3645 Ὅτε
674 3592 722 3644 oi
761 3590 918 3650 κύνες
957 3590 1238 3654 ὑλάκτουν,
1275 3593 1368 3645 καὶ
1413 3593 1442 3644 ὁ
1477 3592 1750 3662 Δεσπότης
1805 3593 2079 3663 ἠνείχετο·

514 3682 605 3735 ὅτε
635 3683 684 3733 οἱ
722 3679 878 3743 ,λύκοι
910 3681 1176 3750 ἥρπαζον,
1209 3682 1303 3734 καὶ
1336 3680 1398 3733 τὸ
1446 3681 1714 3751 πρόϐατον
1745 3684 2044 3753 παρίστατο
2064 3703 2077 3716 ·

516 3772 603 3823 ὅτε
627 3771 826 3842 λῃστὴς
856 3773 934 3833 εἰς
961 3770 1103 3841 ζωὴν
1129 3770 1402 3835 ἐκαλεῖτο,
1445 3774 1477 3841 ή
1527 3773 1583 3825 δὲ
1617 3771 1728 3843 ζωὴ
1756 3774 1848 3827 τοῦ
1880 3775 2082 3846 κόσμου

516 3863 594 3924 είς
626 3862 852 3915 θάνατον
884 3862 1090 3913 εἵλκετο
1110 3878 1124 3891 ο
1171 3862 1261 3913 ὅτε
1290 3862 1457 3915 ἐϐόων
1486 3864 1698 3933 ἐκείνην
1726 3865 1821 3936 τὴν
1854 3866 2084 3921 ἄτακτον

520 3953 613 4003 καὶ
673 3951 911 4020 ὀλέθριον
945 3952 1145 4020 φωνὴν,
1175 3948 1377 4019 Ἀρον,
1415 3946 1580 4020 ἆρον,
1609 3957 1961 4022 σταύρωσον
1984 3960 2086 4011 αὐ-

518 4042 643 4093 τόν.
684 4042 751 4094 T6
804 4036 946 4110 αἷμα
983 4040 1167 4094 αὐτοῦ
1196 4041 1287 4109 ἐφ’
1323 4041 1481 4110 ἡμᾶς
1523 4044 1618 4096 καὶ
1656 4045 1754 4097 ἐπὶ
1790 4051 1862 4100 τὰ
1907 4048 2085 4102 τέκνα

521 4129 706 4199 ἡμῶν.
744 4132 806 4183 Οἱ
833 4130 1206 4201 Κυριοκτὸνοι,
1251 4130 1299 4182 οἱ
1334 4134 1776 4201 προφητοκτόνοι,
1810 4139 1856 4189 οἱ
1889 4137 2084 4207 θεομά-

519 4236 636 4290 χοι,
674 4221 721 4272 οί
758 4220 1016 4289 μισόθεοι,
1062 4221 1109 4273 οί
1140 4220 1232 4273 τοῦ
1275 4220 1437 4291 νόμου
1472 4222 1739 4293 ὑϐρισταὶ,
1784 4228 1832 4278 οἱ
1868 4229 1963 4298 τῆς
1998 4231 2087 4299 χά-

522 4326 666 4384 ριτος
694 4311 958 4381 πολέμιοι,
986 4313 1036 4366 οἱ
1066 4312 1331 4383 ἀλλότριοι
1361 4314 1458 4383 τῆς
1497 4314 1728 4379 πίστεως
1767 4319 1871 4370 τῶν
1920 4323 2083 4374 πατέ-

524 4420 662 4473 ρων,
694 4406 742 4456 οι
774 4405 1056 4474 συνήγοροι
1092 4402 1186 4455 τοῦ
1215 4402 1458 4455 διαϐόλου
1478 4443 1494 4469 ,
1531 4403 1599 4456 τά
1640 4408 1949 4477 γεννήματα
1974 4411 2081 4463 τῶν
2112 4384 2156 4438 D

522 4493 764 4564 ἐχιδνῶν,
784 4496 831 4547 oi
855 4493 1189 4564 ψιθυρισταὶ,
1216 4496 1264 4547 οἱ
1294 4493 1605 4560 κατάλαλοι,
1638 4497 1685 4547 oi
1710 4499 2082 4569 ἐσκοτισμὲνοι

520 4588 585 4655 τῇ
619 4583 842 4655 διανοίᾳ,
891 4586 925 4655 ἡ
977 4582 1120 4655 ζύμη
1170 4585 1278 4637 τῶν
1321 4585 1663 4655 Φαρισαίων,
1711 4589 1770 4640 τὸ
1818 4591 2084 4661 συνέδριον

517 4674 626 4726 τῶν
652 4675 939 4744 δαιμόνων,
984 4676 1033 4727 oi
1062 4674 1376 4745 ἀλάστορες,
1410 4677 1460 4728 οἱ
1491 4676 1823 4746 πάμφαυλοι,
1850 4681 1899 4731 οἱ
1937 4681 2085 4735 λιθαν

520 4768 663 4830 σταὶ,
707 4768 757 4819 οἱ
805 4765 1104 4836 μισόκαλοι.
1161 4767 1398 4828 Εἰκότως
1430 4765 1537 4836 γὰρ
1576 4766 1824 4837 ἔκραζον·
1874 4764 2082 4840 Ἀρον,

518 4851 685 4925 ἆρον,
740 4858 1093 4923 σταύρωσον
1139 4858 1343 4910 αὐτόν.
1398 4857 1612 4929 Ἑϐάρει
1659 4859 1767 4929 γὰρ
1809 4861 2002 4926 αὐτοὺς
2048 4866 2081 4934 ἡ

521 4950 781 5020 ἐπιδημία
831 4949 930 5019 τῆς
976 4947 1224 5018 θεότητος
1284 4948 1419 5017 μετὰ
1476 4950 1708 5019 σαρκὸς,
1755 4952 1848 5004 καὶ
1898 4954 2084 5006 ἐλύπει

518 5039 626 5092 τῶν
656 5041 889 5109 ἐλέγχων
917 5041 945 5091 6
972 5039 1168 5109 τρόπος
1189 5055 1202 5068 ·
1236 5039 1355 5103 ἔθος
1398 5039 1503 5110 γὰρ
1534 5043 1871 5112 ἁμαρτωλοῖς
1910 5048 2083 5114 μισεῖν

517 5129 616 5199 τὴν
643 5130 751 5182 τῶν
779 5130 1000 5183 δικαίων
1031 5128 1334 5197 συντυχίαν.

592 5221 727 5273 Πότε
772 5216 842 5291 ἦν
882 5220 1103 5291 ἀτιμος;
1159 5220 1286 5271 Ὅτε
1330 5219 1488 5272 αὐτὸν
1529 5223 1964 5294 ἐφραγέλλωσαν,
1995 5229 2089 5279 καὶ

517 5306 580 5360 τὸ
613 5307 770 5377 σῶμα
798 5307 961 5361 αὑτοῦ
991 5308 1051 5361 τὸ
1086 5309 1240 5376 ἅγιον
1283 5307 1617 5376 ἐϐασάνιζον,
1658 5315 1888 5384 φέροντα
1936 5316 2092 5369 ἐκου-

521 5396 649 5460 σίως
679 5399 866 5464 πάθος,
908 5399 992 5452 ἵνα
1017 5400 1142 5462 τοὺς
1165 5397 1424 5461 παλαιοὺς
1455 5400 1726 5468 μώλωπας
1744 5403 1851 5457 τῶν
1893 5407 2092 5474 ἡμετέ-

521 5506 633 5563 ρων
681 5490 1088 5561 ἁμαρτημάτων
1134 5489 1483 5562 θεραπεύσῃο
1531 5493 1619 5545 ὅτε
1672 5494 1734 5545 τὸ
1786 5493 1939 5557 ξύλον
1994 5493 2089 5548 τοῦ

2183 3157 2280 3197 cus
2311 3158 2369 3197 se
2401 3142 2777 3206 submitteret;
2811 3154 2935 3193 cum
2954 3136 3158 3207 rugiret
3186 3135 3290 3201 leo,
3315 3141 3371 3190 et
3403 3132 3745 3203 superbirent

2183 3233 2324 3287 tauri
2360 3249 2373 3284 :
2409 3234 2549 3288 sicut
2584 3233 2848 3301 scriptum
2883 3238 2966 3284 est
2998 3246 3011 3281 :
3040 3223 3509 3282 Circumdederunt
3549 3239 3630 3277 me
3668 3223 3747 3276 vi-

2185 3327 2282 3379 tuli
2322 3326 2491 3388 multi,
2552 3325 2691 3377 tauri
2735 3323 2948 3391 pingues
3008 3318 3315 3372 obsederunt
3358 3332 3459 3369 me.
3513 3317 3746 3384 Aperue—

2184 3426 2303 3469 runt
2335 3432 2489 3484 super
2520 3431 2598 3467 me
2635 3431 2689 3466 os
2711 3429 2879 3475 suum,
2905 3412 3040 3464 sicut
3068 3409 3146 3463 leo
3172 3409 3379 3476 rapiens
3413 3415 3463 3459 et
3481 3406 3688 3473 rugiens
3701 3404 3744 3456 ’⁸.

2182 3505 2413 3570 Quando
2451 3503 2550 3556 fuit
2581 3500 2976 3554 inhonoratus?
3013 3497 3148 3551 Cum
3176 3511 3339 3551 canes
3369 3495 3669 3559 latrarent;
3694 3501 3748 3545 ct

2184 3593 2446 3649 Dominus
2475 3593 2742 3661 patienter
2782 3590 2981 3653 ferret;
3026 3603 3149 3642 cum
3188 3587 3296 3656 lupi
3341 3584 3658 3655 diriperent,
3696 3591 3750 3637 et

2185 3684 2303 3742 ovis
2344 3685 2703 3749 consisteret;
2764 3697 2888 3735 cum
2939 3682 3074 3733 latro
3132 3684 3420 3732 vocaretur
3450 3675 3517 3729 ad
3546 3675 3747 3739 vitam,

2186 3788 2240 3832 at
2266 3779 2374 3833 vita
2412 3776 2594 3829 Inundi
2628 3775 2935 3829 traheretur
2965 3772 3029 3825 ad
3070 3778 3340 3834 mortem;
3387 3783 3509 3824 cum
3561 3768 3749 3821 incon-

2186 3873 2347 3924 cinna
2376 3878 2427 3925 ct
2450 3868 2678 3923 exitiosa
2713 3880 2843 3919 voce
2869 3866 3202 3918 clamarent:
3238 3860 3386 3914 Tolle
3412 3901 3426 3922 ,
3452 3859 3597 3919 tolle.
3625 3874 3750 3909 cru-

2186 3964 2339 4031 ciﬁge
2416 3960 2589 4013 eum".
2641 3958 2869 4027 Sanguis
2904 3956 3070 4022 ipsius
3097 3969 3248 4019 super
3283 3969 3376 4006 nos
3424 3961 3471 4005 et
3502 3966 3655 4019 super
3689 3950 3751 4009 ﬁ-

2188 4051 2287 4102 lios
2335 4059 2538 4101 nostros
2561 4049 2601 4102 ⁸.
2642 4046 2855 4098 Domini
2895 4057 3149 4108 caesores,
3187 4042 3576 4111 prophetarum
3606 4040 3753 4092 occi-

2190 4158 2375 4207 sorcs,
2406 4141 2496 4192 Dei
2543 4140 2758 4192 hostes:
2794 4136 2885 4190 Dei
2924 4151 3133 4199 osores,
3190 4137 3242 4187 in
3303 4135 3474 4201 legem
3528 4132 3748 4200 injurii,

2188 4234 2372 4302 gratiae
2402 4231 2696 4285 adversarii
2734 4273 2745 4294 ,
2781 4230 2939 4284 alieni
2977 4245 3004 4281 a
3037 4229 3140 4283 ﬁde
3171 4234 3452 4296 parentum
3481 4267 3494 4285 ,
3538 4223 3748 4292 patroni

2189 4323 2412 4387 diaboli,
2447 4320 2732 4391 progenies
2765 4319 3070 4388 viperarum
3093 4361 3106 4384 ,
3134 4329 3484 4380 susurrones,
3516 4314 3752 4366 blatero-

2190 4431 2286 4469 nes
2325 4458 2338 4481 ,
2368 4422 2547 4467 mente
2582 4413 2824 4466 involuta
2869 4410 3131 4471 tenebris,
3177 4408 3499 4461 fermentum
3558 4403 3749 4457 Phar-i-

2188 4521 2441 4567 saeornm,
2470 4519 2760 4559 consessus
2798 4504 3120 4557 daemonum.
3156 4496 3493 4561 Facinorosi,
3525 4496 3755 4549 deterri-

2188 4598 2285 4659 mi,
2323 4596 2668 4664 lapidatores,
2712 4592 3010 4646 honestatis
3059 4604 3266 4643 osores.
3302 4588 3514 4640 Atenim
3561 4587 3753 4639 merito

2188 4687 2498 4741 clamabant
2529 4703 2539 4737 :
2566 4685 2707 4739 Tolle
2739 4721 2750 4747 ,
2785 4683 2928 4746 tolle,
2951 4681 3194 4748 cruci/Ege
3218 4696 3353 4733 eum.
3394 4677 3584 4731 Gravis
3608 4677 3751 4730 enim

2190 4781 2319 4849 ipsis
2344 4788 2459 4834 erat
2486 4777 2783 4831 divinitatis
2815 4790 2935 4829 cum
2968 4789 3133 4826 carne
3163 4773 3612 4835 conversatio;et
3632 4786 3759 4824 con-

2193 4870 2425 4925 suetudo
2463 4866 2913 4937 reprehendendi,
2941 4864 3138 4918 infesta
3179 4872 3332 4916 erat:
3371 4877 3493 4915 nam
3529 4863 3582 4915 in
3609 4877 3757 4914 mor-

2193 4971 2245 5015 te
2287 4961 2522 5029 positum
2556 4967 2640 5013 est
2669 4959 3065 5027 peccatoribus,
3117 4956 3295 5010 odisse
3320 4957 3593 5024 justorum
3645 4967 3755 5006 car-

2192 5058 2306 5103 tum
2334 5061 2386 5102 et
2424 5063 2759 5103 successum.

2258 5221 2487 5287 Quando
2522 5220 2621 5272 fuit
2657 5218 2950 5286 ignobilis?
2977 5217 3113 5272 Cum
3148 5218 3324 5287 ipsum
3357 5216 3541 5287 ﬂagris
3604 5213 3751 5269 inse-

2193 5315 2323 5368 elati
2352 5320 2500 5377 sunt,
2532 5320 2586 5364 et
2625 5318 2872 5365 sanctum
2926 5312 3046 5378 ejus
3095 5327 3295 5380 corpus
3319 5315 3624 5374 torserunt,
3662 5311 3757 5378 qui

2189 5406 2437 5459 lubenter
2498 5402 2798 5455 cruciatum
2846 5401 3185 5470 perferebat,
3224 5412 3283 5455 ut
3319 5403 3570 5461 antiouos
3619 5402 3760 5455 vibi-

2190 5511 2280 5549 ces
2326 5502 2634 5548 nostrorum
2701 5491 2863 5545 animi
2905 5492 3189 5545 vulnerum
3236 5501 3489 5553 sanaret;
3540 5491 3758 5563 quando

595 5664 616 5697 ⁸
644 5662 746 5717 lsa.
772 5678 890 5729 Llll,
916 5665 969 5730 2,
1008 5666 1058 5720 5.
1095 5667 1134 5698 ³’
1164 5665 1296 5721 Luc.
1324 5681 1403 5732 ιιι,
1432 5681 1530 5721 vn.
1607 5667 1628 5698 ⁸
1660 5665 1805 5722 Psal.
1841 5684 1949 5734 xxI,
1986 5668 2071 5736 ΗΞ,

2182 5711 2193 5721 .
2273 5674 2292 5703 ⁵
2322 5671 2453 5727 an.
2492 5689 2645 5735 xvm,
2688 5673 2765 5725 ιιι.
2845 5673 2862 5701 ⁸
2894 5671 3081 5725 Matth.
3119 5672 3400 5729 xxvn.‘25.
