4084 6158
311 373 412 427 (387

1576 364 1636 421 s.
1671 344 1992 421 anconu
2025 363 2319 422 ursssm

3456 363 3558 420 688

308 485 511 554 lignum
547 481 730 537 crucis
766 485 930 550 super
976 480 1219 537 humeris
1260 480 1529 551 gestabat,
1587 487 1641 534 ut
1688 487 1877 549 tropae-

1988 480 2224 552 σταυροῦ
2253 479 2345 535 ἐπὶ
2387 479 2495 533 τῶν
2543 478 2708 550 ὤμων
2752 478 3017 534 ἐϐάστασε
3051 478 3111 534 τὸ
3143 478 3281 533 κατά
3312 478 3406 533 τοῦ
3447 483 3559 536 δια-

308 590 398 628 um
468 571 732 628 adversus
764 570 1077 635 diabolum;
1130 586 1256 625 cum
1304 586 1567 626 coronam
1622 587 1651 625 ε
1706 570 1880 640 spinis

307 667 685 734 imposuerunt
734 663 807 725 ei,
850 660 944 730 qui
1004 674 1208 715 corona
1247 660 1415 716 donat
1456 676 1552 716 eos
1587 659 1682 731 qui
1712 658 1884 715 conli-

307 754 446 810 dunt
491 755 546 808 in
608 752 761 821 ipso;
808 752 1031 821 quando
1080 768 1324 822 purpura
1370 753 1665 807 induerunt
1714 768 1880 817 eum,

307 847 402 917 qui
428 844 893 899 immortalitatem
919 831 1149 912 largitur
1205 842 1274 897 iis
1299 885 1313 908 ,
1344 843 1439 912 qui
1492 849 1886 911 regenerantur

307 951 373 990 ex
398 949 538 1004 aqua
568 942 623 988 et
650 931 857 1002 Spiritu
887 944 1079 988 sancto
1104 934 1159 999 7;
1198 933 1418 1003 quando
1459 931 1781 987 sullixerunt
1819 934 1883 987 li-

308 1041 414 1096 gno
444 1026 567 1078 vitae
597 1025 859 1093 necisque
893 1022 1183 1079 Dominum
1201 1023 1242 1078 ⁸.
1275 1021 1507 1089 Quando
1545 1022 1649 1076 l‘uit
1697 1022 1879 1093 inglo-

310 1114 467 1170 rius?
515 1114 653 1170 Cum
700 1115 924 1179 milites,
970 1113 1209 1169 cmlestis
1261 1113 1534 1168 exercitus
1590 1113 1883 1183 imperato-

309 1221 423 1261 rem
453 1206 744 1261 illudentes
770 1204 1193 1273 triumpharent.
1223 1203 1453 1271 Quando
1502 1204 1604 1260 l‘uit
1649 1206 1881 1276 ignomi—

309 1297 544 1352 niosus?
588 1298 726 1351 Cum
783 1295 1041 1365 adjuncta
1096 1296 1352 1350 arundini
1401 1297 1652 1366 spongia,
1710 1312 1883 1366 eaque

310 1399 463 1443 aceto
495 1387 802 1442 madefacta
833 1397 1021 1456 potum
1044 1386 1095 1441 ei
1125 1384 1413 1452 dederunt,
1444 1396 1498 1441 et
1550 1385 1620 1441 fel
1671 1387 1883 1443 obtule-

307 1487 436 1533 runt
464 1479 515 1534 ei
548 1479 638 1548 qui
665 1491 861 1533 manna
906 1476 1123 1532 abunde
1153 1476 1287 1546 ipsis
1320 1476 1631 1545 infuderat;
1662 1478 1880 1549 quando

308 1578 475 1640 petra:
507 1569 740 1638 dirupta:
770 1575 929 1632 sunt,
963 1576 1017 1622 et
1058 1568 1238 1623 velum
1281 1570 1466 1640 templi
1501 1572 1741 1626 scissum
1771 1578 1877 1637 est,

307 1659 464 1731 quasi
512 1658 906 1730 ﬂagitiosorum
957 1657 1242 1712 audaciam
1297 1666 1621 1729 stuperent;
1660 1660 1878 1730 quando

309 1753 447 1806 luxit
473 1750 574 1813 sol,
607 1760 660 1804 et
689 1748 973 1818 caliginem
1002 1757 1259 1818 tanquam
1294 1764 1515 1806 saccum
1542 1751 1741 1815 induit,
1771 1750 1872 1807 Ju-

1985 571 2138 624 ϐόλου
2168 572 2425 642 τρόπαιον
2444 584 2456 597 °
2499 571 2588 623 ὅτε
2620 569 2878 638 στέφανον
2907 569 2964 636 ἐξ
2990 569 3239 623 ἀκανθῶν
3273 570 3560 639 περιέϐαλ-

1984 661 2072 717 λον
2100 660 2177 731 τῷ
2205 659 2551 730 στεφανοῦντι
2577 660 2703 724 τοὺς
2739 659 3066 722 πεποιθότας
3108 660 3192 712 ἐπ’
3231 660 3392 714 αὐτόν
3415 678 3430 692 ’
3472 662 3559 714 ὅτε

1987 750 2270 822 πορφύραν
2302 751 2558 804 ἐνέδυσαν
2586 750 2676 803 τὸν
2704 749 3011 820 ἀφθαρσίαν
3043 753 3155 813 τοῖς
3183 751 3557 822 ἀναγεννωμέ-

1984 854 2093 901 νοις
2125 837 2190 890 δι’
2236 837 2424 901 ὕδατος
2468 838 2561 892 καὶ
2603 838 2919 906 Πνεύματος
2962 837 3118 906 ἁγίου
3169 837 3553 910 χαριζόμενον·

1983 929 2070 982 ὅτε
2095 928 2450 999 προσήλωσαν
2478 927 2555 999 τῷ
2584 927 2724 998 ξύλῳ
2753 928 2843 982 τὸν
2887 927 3032 999 ζωῆς
3058 929 3151 982 καὶ
3196 927 3287 982 τοῦ
3328 929 3556 983 θανάτου

1984 1021 2184 1091 Κύριον
2223 1021 2554 1091 ὑπάρχοντα.
2604 1021 2742 1073 Πότε
2786 1016 2854 1091 ἦν
2890 1020 3116 1092 ἀτιμος;
3159 1021 3285 1075 Ὅτε
3331 1021 3557 1093 ἐθριάμ-

1983 1112 2138 1165 6ευον
2184 1112 2542 1183 ἐμπαίζοντες
2583 1115 2631 1165 οἱ
2679 1112 3008 1182 στρατιῶται
3048 1114 3138 1167 τὸν
3170 1114 3269 1185 τῆς
3303 1116 3557 1185 στρατιᾶς

1982 1201 2088 1255 τῶν
2124 1201 2368 1273 οὐρανῶν
2400 1202 2685 1272 δεσπότην.
2739 1202 2874 1255 Πότε
2919 1199 2987 1274 ἦν
3032 1204 3257 1273 ἄτιμος;
3292 1204 3419 1258 Ὅτε
3461 1223 3558 1259 κα-

1979 1292 2138 1364 λάμῳ
2177 1292 2492 1364 περιθέντες
2523 1292 2779 1362 σπόγγον,
2811 1293 3188 1365 ἐμπλήσαντες
3229 1294 3385 1361 δξους
3428 1296 3556 1349 ἐπό-

1976 1385 2123 1449 τιζον
2154 1385 2336 1450 αὐτὸν,
2367 1385 2463 1438 καὶ
2498 1383 2661 1455 χολὴν
2690 1383 2891 1439 ἐδίδουν
2931 1384 3023 1437 τὸν
3067 1385 3127 1438 τὸ
3163 1386 3338 1456 μάννα
3378 1386 3558 1449 αὐτοῖς

1979 1474 2429 1546 ἐπομϐρήσαντα·
2479 1476 2569 1529 ὅτε
2614 1475 2671 1529 αἰ
2723 1476 2917 1546 πέτραι
2958 1476 3312 1547 ἐρρήγνυντο,
3359 1475 3451 1529 καὶ
3496 1474 3557 1528 τὸ

1977 1566 2377 1636 καταπέτασμα
2406 1564 2500 1618 τοῦ
2529 1565 2657 1618 ναοῦ
2689 1566 2932 1637 ἐσχίζετο
2959 1604 2975 1631 ,
3004 1565 3112 1619 τῶν
3141 1565 3430 1638 ἀλιτηρίων
3458 1566 3556 1636 τὴν

1976 1656 2178 1726 τόλμαν
2222 1655 2664 1726 ἐκπληττόμεναο
2712 1657 2801 1709 ὅτε
2844 1658 2873 1709 6
2904 1656 3054 1726 ἥλιος
3104 1655 3316 1710 ἐπένθει
3371 1654 3557 1709 καὶτὸ

1982 1744 2169 1808 σκότος
2189 1744 2264 1808 ὡς
2293 1745 2493 1799 σάκκον
2516 1745 2775 1810 ἐνεδύετο,
2799 1746 3009 1800 πενθῶν
3027 1747 3125 1817 τὴν
3150 1746 3258 1800 τῶν
3292 1746 3558 1801 Ἰουδαίων

309 1843 552 1898 daenrum
586 1841 799 1895 ruinam
834 1837 1157 1909 deplorans:
1188 1839 1307 1896 dies
1333 1841 1475 1896 enim
1518 1842 1635 1911 ipse
1666 1843 1877 1898 lamen-

1979 1836 2314 1891 ἀπόπτωσιν.
2388 1835 2636 1907 Ἑθρήνει
2682 1836 2791 1908 γὰρ
2827 1838 2862 1907 ἡ
2912 1813 3094 1908 ἡμέρα
3133 1836 3233 1901 τὰς
3292 1836 3557 1891 Ἰουδαίων

315 1930 529 1988 labatur
553 1930 864 1987 Iudaeorum
886 1945 1190 1999 aerumnas;
1230 1945 1355 1986 cum
1392 1932 1448 1987 in
1486 1934 1668 1990 medio
1701 1936 1870 1990 latro-

312 2039 439 2078 num
475 2024 587 2078 vita
617 2020 874 2093 penderet
910 2038 923 2075 :
959 2021 1129 2076 altero
1155 2022 1375 2093 quidem
1409 2025 1787 2092 conviciante,
1821 2033 1876 2082 et

313 2106 674 2184 obioquente,‘
709 2114 881 2169 altero
910 2127 1041 2168 vero
1064 2112 1383 2183 pmnitentia
1415 2116 1728 2184 paradisum
1778 2117 1875 2171 de-

308 2204 603 2275 pradanto.
668 2203 896 2270 Quando
926 2200 1030 2256 fuit
1071 2201 1383 2273 inglorius?
1417 2202 1647 2268 Quando
1678 2218 1878 2274 corpus

306 2296 427 2365 ejus
468 2294 766 2366 sepulturae
808 2291 1069 2347 traditum
1095 2299 1199 2347 est.
1249 2290 1478 2359 Quando
1525 2290 1629 2347 l‘uit
1671 2293 1878 2363 ignobi-

308 2389 378 2443 lis
401 2388 426 2441 ἲ
452 2386 588 2441 Cum
619 2386 817 2440 milites
850 2384 1029 2453 ipsum
1071 2382 1472 2449 custodierunt,
1504 2393 1556 2438 et
1584 2394 1724 2439 terra
1751 2400 1876 2440 eum

306 2475 615 2538 abscondit,
651 2476 746 2545 qui
778 2487 944 2543 super
985 2472 1145 2543 aquis
1174 2481 1378 2529 terram
1412 2472 1737 2530 fundaverat
1770 2492 1783 2529 :
1822 2484 1877 2531 et

306 2582 431 2623 cum
462 2565 696 2637 apostoli
721 2565 1061 2620 occultarent
1084 2577 1162 2627 se,
1195 2570 1249 2618 et
1278 2564 1635 2619 tentationum
1668 2566 1878 2636 magni-

306 2657 549 2713 tudinem
592 2655 735 2711 ferre
769 2669 878 2710 non
907 2660 1149 2725 possent.
1186 2651 1292 2709 Sed
1328 2654 1451 2710 vide
1476 2697 1494 2722 ,
1516 2654 1838 2711 charissime
1858 2698 1873 2723 ,

306 2748 401 2803 Dei
435 2746 721 2811 miracula,
755 2751 810 2799 et
856 2751 980 2813 post
1020 2744 1330 2813 passionem
1363 2783 1379 2809 ,
1419 2744 1617 2799 laetitiae
1655 2758 1877 2800 succes-

307 2853 404 2894 sus
457 2836 870 2907 profectusque.
929 2832 1187 2902 lgnobilis
1263 2834 1319 2887 in
1388 2835 1657 2890 claritatis
1708 2835 1876 2891 decus

307 2937 549 2984 mutatus
581 2934 687 2991 est,
720 2934 774 2980 et
802 2924 992 2978 mundi
1039 2924 1297 2992 gaudium
1335 2923 1643 2982 immortale
1671 2927 1876 2981 excita-

307 3032 421 3075 tum
450 3027 538 3076 est
566 3033 693 3073 cum
728 3031 980 3087 corpore.
1017 3015 1170 3070 Tunc
1200 3016 1456 3085 parturiit
1485 3023 1652 3079 terra,
1677 3024 1730 3072 et
1756 3016 1875 3073 dies

304 3110 579 3181 concepit,
601 3117 655 3165 et
678 3122 828 3163 mors
852 3107 1079 3177 regessit
1106 3105 1350 3160 omnium
1379 3106 1564 3161 vitam.
1594 3105 1711 3161 Non
1731 3108 1873 3162 enim
1902 3144 1945 3199 ε

307 3201 423 3256 ﬁeri
460 3205 673 3269 poterat
722 3205 782 3252 ut
820 3195 867 3250 is
911 3209 941 3248 a
976 3202 1149 3251 morte
1194 3194 1548 3260 detineretur,
1583 3196 1676 3267 qui
1715 3197 1877 3253 verbo

308 3297 457 3345 tenet.
520 3288 727 3343 omnia.
803 3286 1156 3342 Celebremus
1193 3284 1360 3356 igitur
1424 3288 1877 3342 resurrectionem

308 3381 475 3434 tertio
517 3380 606 3434 die
634 3378 834 3433 laetam
865 3415 883 3444 ,
934 3384 1153 3431 aeternae
1180 3376 1305 3431 vitae
1331 3376 1776 3431 conciliatricem.
1809 3375 1879 3430 Ut

308 3474 450 3528 enim
481 3469 649 3524 Maria
679 3468 774 3524 Dei
806 3484 1024 3540 parens,
1064 3467 1420 3538 virginalibus
1452 3474 1613 3538 atque
1638 3467 1879 3537 innuptis

310 3562 573 3640 partubus
624 3575 736 3616 non
790 3559 1008 3624 solutis,
1034 3557 1129 3614 Dei
1153 3558 1429 3614 voluntate
1467 3565 1520 3612 et
1544 3557 1721 3612 sancti
1751 3555 1877 3627 Spi-

312 3656 452 3711 ritus
512 3655 683 3726 gratia
753 3653 939 3725 genuit
976 3651 1299 3708 saeculorum
1365 3648 1612 3721 opiﬁcem
1638 3690 1653 3715 ,
1679 3665 1746 3706 ex
1770 3647 1878 3705 Deo

316 3747 484 3803 Deum
527 3745 763 3803 Verbum
797 3761 810 3798 :
842 3746 923 3802 sic
972 3745 1134 3801 etiam
1165 3754 1307 3799 terra
1337 3758 1403 3798 ex
1434 3743 1670 3813 propriis
1716 3757 1879 3813 pene-

307 3838 561 3903 tralibus,
598 3837 712 3892 l'etu
746 3839 939 3890 mortis
961 3834 1130 3899 edito,
1160 3833 1350 3888 herum
1384 3832 1693 3888 Judaeorum
1722 3834 1879 3903 jussa

306 3935 390 3982 est
414 3941 687 3981 exserere.
728 3922 941 3979 Etenim
974 3923 1219 3977 detinere
1259 3936 1368 3976 non
1397 3929 1610 3991 poterat
1638 3937 1834 3991 corpus
1858 3963 1875 3989 ,

306 4017 451 4086 quod
476 4015 904 4071 immortalitatis
943 4014 1255 4069 vehiculum
1279 4015 1582 4069 exstiterat.
1608 4012 1877 4079 Quocirca

307 4124 431 4165 cum
483 4106 748 4177 propheta
805 4104 972 4160 David
1006 4104 1250 4161 decentis
1302 4112 1479 4161 status
1530 4107 1876 4162 constitutio-

309 4214 454 4262 nem,
493 4197 685 4252 mortis
714 4195 1064 4259 solutionem,
1098 4204 1154 4251 et
1180 4197 1454 4266 quondam
1499 4212 1779 4254 servorum
1808 4198 1873 4253 li-

308 4293 567 4347 bertatem
593 4288 987 4352 consideraret,
1019 4288 1285 4343 exclamat
1337 4298 1392 4344 et
1437 4291 1706 4356 enuntiat,
1766 4291 1877 4346 Do-

307 4383 477 4436 minus
508 4379 739 4450 regnavit
764 4417 779 4440 .
817 4377 1055 4432 decorem
1085 4378 1303 4434 indutus
1331 4390 1409 4434 est
1433 4381 1475 4434 ’.
1517 4381 1742 4446 Qualem
1782 4397 1874 4437 ce-

1980 1927 2297 1997 συμφορὰς,
2344 1927 2433 1979 ὅτε
2468 1929 2526 1980 ἐν
2575 1927 2723 1997 μέσῳ
2758 1927 2969 1998 λῃστῶν
3014 1929 3047 1998 ή
3082 1926 3193 2000 ζωὴ
3244 1928 3554 1999 ἐκρέματο·

1976 2018 2071 2071 τοῦ
2121 2019 2219 2086 μὲν
2246 2017 2594 2081 ὀνειδίζοντος
2636 2018 2731 2071 καὶ
2779 2018 3204 2083 καταλαλοῦντος
3224 2061 3239 2087 ,
3284 2018 3375 2073 τοῦ
3403 2021 3460 2074 δὲ
3488 2023 3554 2092 τῇ

1983 2110 2242 2180 μετανοίᾳ
2279 2108 2630 2181 ληστεύοντος
2662 2110 2753 2164 τὸν
2798 2111 3143 2182 παράδεισον.
3171 2110 3309 2165 Πότε
3335 2106 3403 2183 ἦν
3443 2113 3556 2167 ἀτι-

1981 2216 2109 2271 μος;
2143 2200 2270 2252 Ὅτε
2294 2199 2356 2252 τὸ
2381 2198 2536 2269 σῶμα
2576 2197 2711 2270 πρὸς
2750 2200 2927 2271 ταφὴν
2949 2199 3164 2254 ἐδίδοτο.
3194 2200 3330 2253 Πότε
3347 2195 3414 2271 ἦν
3438 2200 3558 2254 άτι-

1981 2308 2112 2362 μος;
2142 2292 2269 2344 Ὅτε
2300 2288 2628 2362 στρατιῶται
2660 2289 2976 2359 ἐφύλαττον,
3008 2290 3101 2344 καὶ
3127 2292 3160 2362 ὴ
3188 2292 3261 2362 γῆ
3288 2291 3557 2363 κατιέκρυ⁸

1977 2399 2108 2435 πτεν
2130 2382 2222 2435 τὸν
2262 2382 2359 2452 τὴν
2386 2382 2488 2452 γῆν
2527 2382 2620 2433 ἐπὶ
2645 2380 2752 2435 τῶν
2783 2381 2989 2435 ὑδάτων
3021 2381 3325 2453 ἐδράσαντα
3343 2399 3357 2413 ⁸
3386 2384 3473 2437 ὅτε
3505 2387 3555 2437 oi

1977 2473 2261 2527 ἀπόστολοι
2289 2471 2639 2543 ἐκρύπτοντο,
2673 2472 2782 2527 τῶν
2813 2475 3133 2545 πειρασμῶν
3163 2474 3255 2529 τὸν
3293 2476 3455 2544 ὄγκον
3492 2477 3553 2531 οὐ

1975 2562 2263 2634 δυνάμενοι
2291 2563 2500 2635 φέρειν.
2540 2564 2700 2617 Ἀλλὰ
2724 2564 2848 2635 ὅρα,
2891 2564 3161 2635 άγαπητέ,
3192 2565 3286 2619 τοῦ
3315 2566 3450 2621 Θεοῦ
3485 2569 3556 2623 τά

1978 2653 2251 2724 θαύματα,
2287 2656 2381 2708 καὶ
2407 2654 2546 2726 μετά
2574 2654 2635 2709 τὸ
2666 2655 2837 2719 πάθος
2860 2656 2958 2726 τῆς
2981 2658 3153 2727 χαρᾶς
3182 2656 3251 2710 τὰ
3277 2657 3555 2731 κατορθώ-

1979 2763 2146 2815 ματα.
2198 2746 2257 2800 ’0
2307 2747 2499 2816 ἄτιμος
2545 2746 2622 2810 εἰς
2669 2746 2909 2812 εὐδοξίαν
2961 2748 3339 2818 μετεϐάλλετο,
3378 2751 3475 2805 καὶ
3519 2752 3557 2823 ἡ

1975 2836 2070 2889 τοῦ
2105 2833 2311 2907 κόσμου
2338 2837 2483 2908 χαρά
2516 2837 2791 2908 ἄφθαρτος
2828 2839 3123 2910 ἐγήγερται
3154 2841 3289 2910 μετά
3312 2839 3405 2894 τοῦ
3450 2841 3557 2895 σώ-

1981 2944 2167 2996 ματος.
2195 2929 2327 2981 Τότε
2352 2927 2539 2983 ὤδινεν
2568 2931 2601 2999 ὴ
2640 2930 2733 3000 γῆ,
2762 2932 2856 2983 καὶ
2898 2932 3264 3003 ἐκυοφόρησεν
3289 2935 3321 3003 ἡ
3350 2934 3551 3005 ἡμέρα,

1978 3019 2072 3071 καὶ
2103 3019 2411 3073 ἀπέπτυσεν
2438 3021 2466 3072 6
2493 3019 2719 3083 θάνατος
2751 3022 2849 3092 τὴν
2878 3022 3093 3076 πάντων
3136 3023 3306 3095 ζωήν.
3343 3025 3418 3079 Οὐ
3445 3025 3554 3097 γὰρ

1977 3107 2045 3181 ἦν
2077 3110 2296 3165 δυνατὸν
2329 3113 2648 3183 κρατεῖσθαι
2699 3114 2805 3167 ὑπὸ
2849 3114 2941 3169 τοῦ
2988 3116 3219 3170 θανάτου
3256 3116 3347 3170 τὸν
3378 3118 3555 3171 πάντα

1978 3203 2117 3273 λόγῳ
2136 3202 2455 3275 κρατοῦντα.
2490 3204 2870 3276 Ἑορτάσωμεν
2900 3205 3080 3260 τοίνυν
3098 3225 3128 3261 τ
3137 3210 3395 3278 ριήμερον
3419 3208 3552 3261 ἀνά-

1979 3308 2186 3355 στασιν,
2235 3291 2379 3363 ζωῆς
2406 3294 2626 3348 αἰωνίου
2668 3295 2947 3367 πρόξενον.
2976 3296 3187 3367 Ὠσπερ
3217 3296 3324 3368 γὰρ
3366 3297 3553 3369 Μαρία

1978 3381 2011 3451 ἠ
2046 3381 2310 3447 θεοτόκος,
2353 3384 2683 3455 παρθενικάς
2716 3387 2810 3439 καὶ
2851 3387 3227 3464 ἀνυμφειὴους
3255 3387 3449 3452 ὠδῖνας
3489 3388 3551 3441 οὐ

1977 3470 2185 3526 λύσασα
2227 3472 2474 3545 βουλήσει
2522 3476 2655 3530 Θεοῦ
2696 3480 2794 3532 καὶ
2836 3479 3149 3548 Πνεῦματος
3182 3479 3364 3551 χάριτι
3402 3480 3552 3548 ἐγέν-

1978 3577 2106 3632 νησε
2135 3562 2225 3617 τὸν
2258 3563 2365 3616 τῶν
2399 3564 2610 3619 αἰώνων
2636 3567 2885 3638 ποιητὴν,
2917 3569 3009 3621 τὸν
3036 3572 3100 3623 ἐκ
3128 3569 3262 3622 Θεοῦ
3288 3569 3417 3623 Θεὸν
3444 3571 3550 3623 A6-

1978 3667 2094 3720 γονο
2136 3651 2310 3716 οὕτως
2351 3654 2445 3710 καὶ
2490 3657 2523 3725 ἡ
2573 3656 2670 3726 γῆ,
2716 3659 2782 3711 ἐκ
2802 3658 2907 3711 τῶν
2936 3658 3150 3713 οίκείων
3172 3660 3411 3728 λαγόνων
3453 3662 3552 3726 τὰς

1978 3741 2170 3804 ὠδῖνας
2213 3741 2308 3795 τοῦ
2340 3742 2571 3798 θανάτου
2614 3745 2846 3813 λύσασα,
2869 3747 3151 3802 ἀπέπτυσε
3198 3749 3551 3818 κελευσθεῖσα

1976 3834 2068 3888 τὸν
2099 3835 2204 3888 τῶν
2243 3836 2508 3890 Ἰουδαίων
2554 3837 2819 3911 δεσπότην
2838 3856 2853 3871 ι
2883 3840 2943 3893 οὐ
2986 3841 3093 3912 γὰρ
3129 3842 3357 3911 ἠδύνατο
3418 3861 3550 3897 κατ-

1977 3925 2119 3995 έχειν
2155 3926 2349 3997 σῶμα,
2394 3931 2608 3998 φορεῖον
2653 3930 2947 3995 ἀθανασίας
2970 3934 3275 4003 γενόμενον.
3326 3935 3551 3989 Σκοπῶν

1975 4014 2153 4068 τοίνυν
2196 4016 2226 4068 ό
2269 4017 2553 4087 προφήτης
2588 4018 2752 4071 Δαίῖιδ
2781 4020 2876 4089 τῆς
2905 4021 3235 4090 εὐπρεπείας
3270 4020 3368 4093 τὴν
3409 4021 3551 4094 διόρ-

1978 4103 2162 4171 θωσιν,
2195 4106 2284 4160 τοῦ
2320 4107 2549 4162 θανάτου
2583 4108 2681 4179 τὴν
2711 4110 2883 4176 λύσιν,
2918 4111 3027 4164 τῶν
3055 4128 3183 4165 ποτε
3215 4112 3415 4169 δούλων
3450 4114 3549 4184 τὴν

1976 4192 2304 4263 ἐλευθερίαν,
2338 4196 2435 4266 βοᾷ
2462 4196 2555 4251 καὶ
2586 4195 2752 4266 λέγει’
2799 4198 2863 4252 '0
2891 4200 3105 4267 Κύριος
3130 4201 3545 4268 ἐϐασίλευσεν,

1975 4284 2336 4353 εὐπρέπειαν
2378 4287 2727 4342 ἐνεδύσατο.
2782 4289 2949 4342 Ποίαν
2988 4291 3317 4362 εὐπρέπειαν
3366 4294 3546 4347 ἐνεδύ-

1979 4391 2142 4441 σατο;
2166 4375 2275 4445 Τὴν
2295 4375 2620 4445 ἀφθαρσίαν,
2643 4378 2742 4447 τὴν
2771 4377 3090 4443 ἀθανασίαν,
3113 4381 3221 4436 τῶν
3240 4384 3547 4437 ἀποστόλων

306 4474 375 4527 do
403 4472 657 4527 decorem
689 4468 917 4524 induit?
947 4467 1266 4538 Perpetuam
1304 4469 1687 4539 integritatem,
1715 4480 1877 4539 atque

1980 4466 2077 4537 τὴν
2112 4464 2430 4538 σύγκλητον,
2455 4469 2551 4538 τῆς
2586 4468 2907 4541 Ἐκκλησίας
2932 4472 3022 4524 τὸν
3046 4472 3322 4539 στέςρανον.
3353 4476 3549 4529 Οὐκέτι

305 4561 804 4624 immortalitatem,
863 4558 1234 4628 apostolorum
1291 4568 1492 4612 emtum
1525 4598 1540 4623 ,
1618 4559 1874 4614 Ecclesiae

305 4668 584 4709 coronam.
618 4652 735 4705 Non
763 4649 997 4719 amplius
1033 4646 1209 4705 Judas
1237 4650 1437 4719 prodit.
1468 4648 1587 4703 Non
1640 4651 1876 4721 amplius

303 4745 540 4814 Caiphas
569 4742 870 4797 minitatur.
895 4739 1011 4795 Non
1040 4740 1272 4811 amplius
1306 4739 1547 4795 llerodes
1594 4740 1659 4794 ad
1683 4757 1876 4809 puero-

307 4850 426 4889 rum
458 4834 659 4888 caadem
686 4839 949 4885 armatur.
978 4829 1095 4885 Non
1125 4830 1333 4900 judicat
1366 4832 1598 4901 amplius
1625 4830 1872 4899 Pilatus;

306 4939 483 4994 neque
515 4923 753 4992 amplius
778 4922 1039 4975 lsraelitaa
1072 4922 1191 4990 ipso
1235 4922 1538 4990 potiuntur.
1578 4921 1872 4979 Enimvero

305 5017 453 5084 quod
487 5014 683 5081 fragile
713 5022 767 5067 ct
800 5011 1064 5066 caducum
1093 5021 1230 5076 erat,
1277 5012 1477 5067 factum
1508 5021 1593 5067 est
1622 5014 1875 5070 incorru-

302 5114 475 5177 ptum.
517 5102 655 5155 Tum
691 5102 786 5171 qui
814 5101 954 5171 apud
990 5115 1085 5155 eos
1114 5103 1438 5156 censebatur
1466 5104 1628 5157 homo
1660 5104 1869 5170 nudus,

303 5195 447 5250 Dcus
479 5208 648 5248 verus
689 5198 774 5247 est
826 5195 1253 5247 demonstratus.
1302 5192 1507 5247 Idcirco
1557 5211 1656 5250 nos
1707 5199 1869 5251 etiam

301 5287 601 5341 clamamus
629 5299 643 5335 :
689 5282 915 5337 Ubinam
937 5294 1056 5338 tuus
1083 5293 1180 5348 est,
1218 5302 1248 5337 ο
1277 5300 1439 5350 mors,
1477 5286 1694 5342 aculeus
1716 5290 1741 5341 .9
1772 5287 1873 5342 Ubi

303 5384 395 5428 tua
429 5384 530 5435 est,
577 5371 801 5441 inferne,
856 5372 1078 5425 victoria
1104 5372 1148 5402 ¹⁰
1171 5372 1194 5424 ?
1218 5370 1465 5426 Decorem
1506 5373 1717 5428 induit:
1775 5372 1869 5427 In-

300 5467 417 5520 duit
452 5462 710 5518 Dominus
770 5463 1089 5532 potentiam,
1126 5471 1176 5516 et
1205 5464 1435 5517 accinxit
1479 5466 1617 5518 se“.
1673 5463 1871 5519 Poten-

300 5557 432 5611 tiam
463 5554 598 5610 dicit
627 5553 820 5609 salutis
850 5553 1308 5622 dispensationem
1341 5569 1440 5623 per
1481 5568 1702 5609 carnem
1752 5554 1869 5608 fac-

1989 4556 2188 4621 Ἰούδας
2221 4558 2539 4629 προδίδωσιν
2563 4576 2577 4591 ο
2619 4560 2799 4613 οὐκέτι
2833 4562 3049 4630 Καῖφας
3087 4556 3331 4618 ἀπειλεῖ’
3366 4565 3547 4619 οὐκέτι
3626 4608 3635 4615 .

1977 4647 2207 4710 Πιλᾶτος
2238 4648 2467 4713 δικάζει,
2502 4649 2625 4703 οὔτε
2672 4651 2994 4722 Ἰσραηλῖται
3022 4654 3298 4725 κρατοῦσι.
3333 4657 3406 4710 Τὸ
3438 4656 3547 4728 γὰρ

1977 4735 2211 4807 φθαρτὸν
2242 4737 2458 4806 γέγονεν
2496 4738 2790 4810 ἄφθαρτον,
2819 4744 2910 4795 καί¹
2948 4744 2976 4796 ό
3015 4745 3142 4814 παρ’
3176 4746 3359 4808 αὐτοῖς
3394 4763 3548 4817 νομι-

1976 4827 2197 4898 ζόμενος
2221 4829 2502 4900 ἄνθρωπος
2522 4830 2693 4900 ψιλὸς,
2726 4833 2858 4898 Θεὸς
2879 4835 3249 4889 ἀποδέδεικται
3273 4836 3543 4908 ἀληθινός.

1975 4919 2065 4973 Διὸ
2098 4921 2193 4974 καὶ
2239 4922 2399 4991 ἡμεῖς
2431 4922 2661 4993 βοῶμεν·
2712 4926 2836 4980 Ποῦ
2880 4941 3018 4991 σου,
3052 4927 3287 4993 θάνατε,
3314 4929 3380 4983 τὸ
3408 4929 3544 4983 κέν-

1970 5026 2145 5077 τρον;
2198 5012 2317 5066 ποῦ
2353 5029 2490 5077 σου,
2531 5014 2668 5082 ᾔδη,
2701 5014 2765 5069 τὸ
2810 5016 3014 5083 νῖκος;
3061 5019 3116 5070 Ὁ
3162 5021 3376 5087 Κύριος
3412 5019 3546 5073 ἐσα-

1972 5102 2265 5157 σίλευσεν
2284 5143 2299 5167 ,
2365 5104 2727 5173 εὐπρέπειαν
2791 5108 3119 5163 ἐνεδύσατο
3138 5126 3151 5138 ·
3218 5111 3545 5165 ἐνεδύσατο

1971 5194 2186 5261 Κύριος
2211 5195 2483 5264 δύναμιν.
2521 5198 2615 5251 καί
2656 5197 3065 5265 περιεζώσατο.
3110 5201 3347 5272 Δύναμιν
3397 5202 3542 5271 λέγει

1969 5283 2067 5355 τὴν
2095 5284 2181 5338 διὰ
2232 5287 2430 5356 σαρκὸς
2474 5288 2804 5358 οἰκονομίαν.
2840 5290 2967 5343 Ὅτε
3001 5292 3110 5362 γάρ
3151 5292 3362 5362 ἐκείνης
3390 5293 3545 5347 δυνα-

1968 5376 2203 5446 τώτερον
2249 5377 2431 5444 οὐδὲν,
2480 5379 2569 5431 διά
2609 5378 2860 5449 σώματος
2899 5384 2927 5435 ό
2965 5380 3250 5452 ἀσώματος
3286 5384 3545 5456 δαίμονας

1970 5465 2257 5519 κατέϐαλε·
2309 5467 2397 5521 διά
2443 5469 2672 5541 σταυρὸν
2720 5470 2819 5534 τὰς
2850 5472 3226 5542 ἀντικειμένας
3281 5474 3544 5547 δυνάμεις

1970 5555 2437 5631 ἐξεπολιόρκησεν.
2483 5561 2697 5633 Ἐπειδὴ
2731 5562 2838 5634 γὰρ
2878 5563 2945 5617 τά
2990 5564 3181 5636 πρῶτα
3213 5563 3423 5621 ἐκλόνει
3447 5567 3543 5638 τὴν

369 5729 391 5761 ⁷
421 5725 530 5783 Tit.
558 5741 641 5787 ιιι,
684 5725 736 5781 5.
812 5724 972 5780 'Act.
1003 5741 1082 5792 ιιι,
1109 5727 1193 5783 15.
1285 5733 1306 5763 ο
1332 5724 1475 5785 Psxl.
1502 5740 1633 5795 xcu,
1662 5727 1710 5782 ί.
1753 5728 1796 5762 ιο
1830 5728 1877 5783 It

1977 5748 2000 5785 ν.
2031 5746 2120 5800 xv,
2151 5731 2239 5787 55.
2320 5734 2360 5766 “
2393 5732 2535 5790 Psal.
2572 5748 2701 5799 xcn,
2735 5735 2786 5790 1.
