4084 6158
625 301 732 361 689

1786 308 1855 364 IN
1888 311 2166 369 CHRISTI
2206 314 2710 376 ASCENSIONEM.

3769 316 3876 372 690

622 417 727 485 γῆν
780 416 812 485 ἡ
868 414 1129 488 ἁμαρτία,
1180 419 1416 485 ἀναστὰς
1463 420 1493 473 6
1538 420 1742 493 Κύριος
1787 422 1942 493 ἡμῶν
1999 423 2237 495 Ἰησοῦς,

2306 437 2439 483 tam.
2465 427 2915 499 Quandoquidem
2947 427 3084 483 nihil
3117 427 3208 482 illa
3228 426 3522 496 potentius.
3549 425 3654 483 Per
3675 442 3878 498 corpus

624 505 856 575 Χριστὸς
877 545 893 569 ,
948 506 1131 572 καθὼς
1183 512 1462 580 προεῖπεν,
1511 510 1841 582 ἐστερέωσεν
1892 512 2063 583 αὐτὴν
2125 514 2202 584 τῷ

2306 519 2452 572 enim
2480 520 2616 575 liber
2641 535 2671 573 a
2695 534 2925 589 corpore
2952 519 3230 574 daemonas
3252 519 3480 588 depulit.
3513 517 3620 574 Per
3653 535 3875 576 crucem

623 595 765 665 ξύλῳ
805 595 901 650 τοῦ
943 598 1200 670 σταυροῦ,
1250 600 1447 671 μηκέτι
1494 603 1630 674 πρὸς
1674 602 1884 655 ὄλισθον
1927 596 2199 667 ἀπωλείας,

2303 609 2583 678 oppositas
2644 618 2939 680 potestates
2992 610 3225 666 obsedit.
3286 608 3420 664 Nam
3454 610 3710 680 quoniam
3764 612 3878 681 pri-

623 684 899 754 βαδίζειν,
961 690 1098 760 μήτε
1150 692 1380 763 χειμῶσι
1431 693 1532 762 τῆς
1605 693 1810 764 πλάνης
1870 693 2198 764 ριπίζεσθαιι.

2306 712 2455 751 mum
2480 704 2683 753 terram
2719 708 3074 755 concusserat
3112 706 3419 768 peccatum,
3458 714 3750 770 resurgens
3771 699 3875 753 Do-

619 777 893 850 Μάρτυρα
918 780 976 834 δὲ
1000 780 1096 835 τοῦ
1118 781 1275 851 λόγου
1304 784 1395 837 τὸν
1423 783 1692 855 μακάριον
1741 783 1949 837 Παῦλον
1989 785 2202 853 ἀγάγω·

2306 788 2486 844 minus
2516 796 2701 844 noster
2732 788 2891 845 Jesus
2919 788 3194 855 Christus,
3226 798 3286 844 ut
3316 789 3661 858 praedixerat,
3705 790 3878 845 stabi-

622 886 743 940 μεν,
794 870 1022 939 λέγοντα
1050 872 1270 938 ἁπλῶς·
1310 874 1413 928 Δεῖ
1449 876 1559 945 γὰρ
1602 877 1670 929 τὸ
1710 874 1970 945 φθαρτὸν
2022 877 2199 931 τοῦτο

2304 878 2421 933 livit
2461 880 2632 949 ipsam
2672 879 2819 950 ligno
2873 880 3056 935 crucis
3081 921 3095 944 ,
3155 896 3224 936 ne
3255 881 3368 935 ullo
3411 896 3651 951 unquam
3716 880 3872 950 lapsu

617 960 988 1019 ἐνδύσασθαι
1020 965 1379 1034 ἀφθαρσίαν.
1417 968 1507 1021 Διὸ
1532 968 1624 1021 καὶ
1649 969 1677 1021 6
1701 967 2005 1038 Ψαλμῳδὸς
2029 968 2197 1037 λέγει·

2302 982 2545 1038 praeceps
2581 969 2633 1022 in
2669 969 2965 1039 perniciem
2998 978 3221 1036 rueret,
3249 985 3426 1040 neque
3465 969 3672 1025 erroris
3733 977 3875 1024 tem-

622 1049 898 1121 Ἐτοιμος
920 1056 953 1107 ό
978 1056 1189 1122 θρόνος
1224 1074 1344 1111 σου
1366 1058 1485 1112 ἀπὸ
1515 1060 1647 1114 τότε
1671 1074 1685 1087 ⁸
1713 1059 1830 1114 ἀπὸ
1858 1059 1964 1113 τοῦ
1987 1060 2202 1127 αἰῶνος

2298 1059 2604 1129 pestatibus
2638 1058 2959 1128 agitaretur.
2992 1058 3207 1113 Testem
3239 1074 3366 1115 vero
3420 1060 3692 1115 dictorum
3746 1074 3876 1129 pro-

620 1141 701 1195 σὺ
724 1142 799 1196 ετ·
841 1143 956 1208 καὶ,
999 1144 1069 1199 Ἥ
1104 1146 1395 1211 βασιλεία
1430 1144 1568 1216 σου,
1604 1150 1894 1214 ,βασιλεία
1935 1150 2197 1218 αἰώνιος,

2299 1150 2565 1206 ducamus
2595 1150 2814 1204 beatum
2872 1147 3099 1202 Paulum
3146 1150 3378 1204 aientem
3413 1171 3426 1205 :
3464 1151 3681 1221 Oportet
3733 1151 3875 1205 enim

620 1231 753 1300 ἥτις
783 1235 855 1288 οὐ
894 1233 1380 1305 διαφθαρήσεται.
1414 1241 1526 1294 Καὶ
1582 1242 1776 1296 πάλινο
1825 1242 1883 1296 Ἠ
1918 1243 2202 1307 βασιλεία

2300 1240 2640 1310 corruptibile
2668 1239 2765 1295 hoc
2795 1241 3009 1296 induere
3042 1240 3616 1308 incorruptibilitatem,
3649 1250 3699 1294 et
3734 1255 3876 1293 mor-

619 1339 759 1390 σου,
786 1325 1087 1388 ,βασιλεία
1128 1328 1371 1384 πάντων
1403 1331 1522 1385 τῶν
1559 1333 1808 1387 αἰώνων.
1854 1334 1962 1387 Καὶ
2012 1333 2195 1388 πάλιν·

629 1413 693 1466 ὐ
741 1416 958 1483 Κύριος
1004 1418 1438 1486 ἐϐασίλευσεν,
1481 1422 1944 1493 ἁγαλλιασθήτω
2000 1426 2037 1493 ή
2096 1424 2196 1494 γῆ,

615 1506 1127 1575 εὐφρανθήτωσαν
1155 1511 1338 1581 νῆσοι
1371 1514 1615 1569 πολλαί.
1650 1515 1773 1568 Ὀτι
1808 1513 1957 1585 αὑτῷ
1995 1516 2029 1585 ἡ
2070 1514 2197 1579 δόξα

630 1596 725 1649 καὶ
757 1596 817 1650 τὸ
848 1599 1069 1670 κράτος.
1117 1602 1306 1674 Ἀμήν.

2296 1333 2403 1386 tale
2421 1332 2517 1387 hoc
2550 1332 2764 1386 induere
2796 1331 3251 1387 immortalitatem
3273 1330 3336 1382 ¹².
3370 1328 3602 1401 Ideoque
3626 1330 3873 1385 Psalmo-

2294 1423 2534 1495 graphus
2565 1426 2661 1491 ait,
2699 1422 2906 1479 Parata
2927 1433 3007 1479 est
3034 1423 3181 1478 sedes
3212 1431 3307 1475 tua
3334 1436 3398 1475 ex
3423 1429 3588 1487 tunc;
3618 1440 3648 1474 a
3678 1420 3874 1476 swculo

2297 1526 2352 1569 tu
2377 1533 2430 1571 es
2456 1516 2534 1568 ηε
2561 1524 2634 1582 et,
2677 1514 2909 1586 Regnum
2941 1524 3108 1579 tuum,
3144 1530 3362 1586 regnum
3398 1514 3775 1581 sempiternum
3793 1511 3868 1579 υς

2283 1606 2421 1676 quod
2453 1622 2557 1660 non
2583 1615 2946 1675 corrumpetur
2966 1605 3045 1670 ¹⁸;
3074 1614 3128 1660 et
3156 1605 3350 1659 iterum
3376 1645 3391 1669 ,
3428 1601 3661 1674 Regnum
3697 1613 3867 1666 tuum,

617 1707 830 1761 regnum
854 1696 1089 1749 omnium
1110 1699 1424 1752 swculorum
1446 1700 1519 1766 “';
1548 1713 1612 1756 ac
1628 1715 1822 1755 rursus
1844 1740 1859 1762 ,
1913 1699 2163 1755 Dominus
2208 1704 2438 1772 regnavit
2472 1744 2487 1770 ,
2511 1705 2739 1775 exsultet
2804 1711 2983 1767 terra;
3015 1705 3260 1759 laetentur
3312 1702 3505 1758 insulae
3550 1700 3734 1757 multa!
3780 1695 3860 1762 ‘7;

617 1785 758 1852 Quia
796 1787 902 1856 ipsi
938 1788 1110 1860 gloria
1139 1798 1193 1847 et
1225 1791 1486 1848 fortitudo
1518 1794 1794 1849 convenit.
1836 1794 2029 1849 Amen.

688 1939 777 1994 ¹²Ι
969 1960 1060 2010 xv,
1094 1945 1183 2001 53.
1264 1948 1308 1980 ³⁸
1332 1947 1477 2004 Psal.
1509 1963 1646 2019 xcu,
1675 1949 1728 2003 2.
1809 1949 1853 1982 “
1882 1948 2026 2005 l‘sal.
2058 1963 2237 2014 cxmv.

2296 1948 2359 2001 ιδ.
2402 1956 2409 1965 ·
2462 1946 2506 1977 ³⁵
2540 1944 2675 2001 Dan.
2710 1960 2805 2013 xu,
2838 1945 2925 1999 Η.
3010 1945 3055 1979 ³⁸
3081 1943 3225 2002 Psal.
3253 1960 3436 2014 cxuv,
3469 1946 3558 2003 15.
3649 1949 3690 1979 ³⁷
3724 1946 3868 2005 Psai.

618 2026 765 2076 xcvt,
807 2011 861 2067 1.

637 2197 3839 2234 W

1869 2358 2096 2444 ΤΟΥ

2204 2352 2582 2445 ΑΥΤΟΥ

890 2551 1133 2666 ΕΙΣ
1221 2551 1538 2667 ΤΗΝ
1611 2549 1913 2666 ΤΟΥ
2006 2550 2660 2667 ΧΡΙΣΤΟΥ
2766 2543 3587 2667 ΑΝΑΛΗΨΙΝ

1275 2764 1421 2822 ΤΗΝ
1452 2765 1880 2823 AEFOMENHN
1918 2765 2004 2838 Τῼ
2038 2765 2237 2820 smxo

2296 2764 2360 2838 In
2398 2764 2531 2822 ToN
2559 2765 3036 2822 ΚΑΠΙΙΔΔΟΚΩΝ
3065 2766 3221 2821 eam

1828 2921 1972 2977 ἸῊΝ
1999 2919 2595 2978 ΕΠΙΣΩΖΟΜΕΝΗΝ.

1968 3246 2504 3339 EJUSDEM

1219 3460 1374 3577 IN
1454 3456 2548 3575 ASCENSIONEM
2633 3458 3279 3577 CHRISTI

1430 3671 1597 3740 QUIE
1639 3671 1795 3728 DIES
1829 3671 2052 3728 FESTA
2113 3670 2637 3729 CAPPADOCIBUS
2666 3672 2876 3731 DICTA
2914 3671 3045 3728 EST

2011 3825 2392 3914 CONSECRA
2407 3827 2517 3884 TA.

1875 3983 2136 4036 Francisco
2159 3982 2280 4037 Zino
2302 3984 2576 4048 interprete.

701 4291 788 4358 Ὧς
824 4293 1030 4364 γλυκὺς
1071 4292 1409 4366 συνέμπορος
1457 4292 1549 4348 τοῦ
1604 4294 1943 4366 ἀνθρωπίνου
1998 4293 2113 4365 βίου
2163 4295 2237 4359 ὁ(

2365 4289 2538 4358 Quam
2569 4286 2745 4344 dulcis
2779 4284 3062 4342 hominum
3093 4299 3280 4342 comes
3310 4284 3575 4356 propheta
3602 4282 3773 4340 David
3814 4282 3870 4340 in

622 4386 902 4459 προφήτης
936 4387 1118 4453 Δαϐὶδ,
1159 4388 1217 4441 ἐν
1250 4386 1450 4450 πάσαις
1475 4388 1596 4450 ταῖς
1622 4387 1758 4449 ὁδοῖς
1788 4386 1887 4456 τῆς
1924 4386 2069 4456 ζωῆς
2106 4384 2196 4437 εὑ-

627 4478 948 4549 ρισκόμενος
972 4517 988 4542 ,
1030 4477 1125 4531 καὶ
1155 4477 1358 4539 πάσαις
1377 4477 1499 4539 ταῖς
1537 4476 1929 4546 πνευματικαῖς
1955 4474 2196 4545 ἡλικίαις

622 4562 947 4634 προσφόρως
985 4561 1482 4633 καταμιγνύμενος,
1540 4563 1737 4626 παντὸς
1775 4562 2052 4634 τάγματος
2088 4562 2196 4617 τῶν

623 4653 1038 4724 προκοπτόντων
1123 4654 1626 4725 συνεφαπτόμενοςῑ
1679 4654 1804 4718 Τοῖς
1865 4656 2008 4708 κατὰ
2064 4653 2195 4708 Θεὸν

621 4741 833 4813 νηπίοις
864 4742 1189 4813 συμπαίζει,
1223 4745 1336 4807 τοῖς
1360 4742 1583 4815 ἀνδράσι
1615 4742 2191 4811 συναγωνίζεται,παιο

621 4833 857 4903 δαγωγεῖ
875 4834 973 4902 τὴν
992 4834 1237 4905 νεότητα,
1258 4834 1609 4907 ὑποστηρίξει
1629 4836 1689 4888 τὸ
1714 4837 1909 4906 γῆρας,
1936 4837 2046 4899 τοῖς
2062 4836 2194 4888 πᾶσι

620 4928 798 4981 πάντα
831 4925 1068 4995 γίνεται,
1116 4927 1461 4996 στρατιωτῶν
1502 4926 1686 4991 ὅπλον,
1733 4926 1980 4999 ἀθλητῶν
2004 4928 2194 4982 παιδο-

616 5018 833 5090 τρίϐης,
859 5017 1282 5088 γυμναζομένων
1311 5018 1634 5091 παλαίστρα,
1662 5018 1937 5073 νικώντων
1998 5021 2194 5088 στέφα-

617 5123 728 5172 νος,
761 5105 1144 5178 ὲπιτραπέζιος
1169 5106 1494 5179 εὐφροσύνη,
1517 5108 1825 5180 ἐπικήδειος
1854 5108 2191 5180 παραμυθία.

621 5198 734 5251 Οὐκ
769 5197 884 5251 ἔστι
929 5215 983 5251 τι
1030 5197 1139 5252 τῶν
1186 5198 1324 5252 κατὰ
1363 5201 1452 5254 τὸν
1498 5200 1609 5272 βίον
1649 5201 1807 5271 ἡμῶν
1838 5201 1938 5271 τῆς
1968 5201 2190 5273 χάριτος

620 5290 820 5363 ταύτης
869 5290 1152 5362 ἀμέτοχον.
1217 5292 1312 5357 Τίς
1352 5294 1659 5366 προσευχῆς
1704 5294 1950 5365 δύναμις,
2000 5290 2069 5367 ἧς
2119 5295 2195 5368 μὴ

625 5383 787 5436 Δαόὶδ
852 5385 1287 5454 συνεφάπτεται;
1346 5385 1430 5450 τίς
1482 5387 1673 5457 ἑορτῆς
1720 5386 2061 5459 εὐφροσύνη,
2121 5387 2197 5459 μὴ

624 5471 719 5525 τοῦ
780 5474 1066 5545 Προφήτου
1126 5475 1330 5546 ταύτην
1387 5475 1805 5548 φαιδρύνοντος;
1873 5477 1940 5531 Ὃ
1995 5477 2059 5547 δὴ
2103 5477 2197 5532 καὶ

2296 4382 2550 4439 omnibus
2581 4382 2704 4437 vitae
2731 4380 3058 4436 itineribus!
3102 4394 3265 4450 quam
3298 4386 3458 4447 aptus
3491 4376 3872 4447 spiritualibus

2296 4475 2509 4532 cunctis
2534 4474 2819 4530 aetatibus!
2869 4487 3033 4544 quam
3072 4471 3222 4527 omni
3264 4468 3664 4541 proﬁcientium
3691 4468 3871 4523 ordini

2296 4566 2709 4636 conditionique
2746 4562 3068 4620 commodus
3100 4560 3416 4617 invenitur!
3453 4558 3590 4615 Cum
3619 4558 3749 4624 illis,
3777 4559 3869 4628 qui

2297 4660 2440 4730 apud
2476 4659 2642 4715 Deum
2673 4657 2827 4728 pueri
2854 4654 3199 4724 infantesque
3244 4660 3394 4716 sunt,
3430 4649 3677 4706 colludit.
3721 4646 3898 4704 Viris'

2296 4749 2353 4804 in
2393 4749 2695 4806 certamine
2744 4753 2798 4803 et
2831 4759 3011 4817 pugna
3055 4758 3115 4799 se
3155 4741 3367 4799 socium
3421 4740 3645 4813 prabet,
3677 4738 3872 4810 juven-

2297 4849 2466 4896 tutem
2506 4837 2709 4904 erudit,
2747 4843 3087 4893 senectutem
3119 4832 3430 4899 conﬁrmat,
3462 4830 3717 4887 omnibus
3748 4844 3869 4884 om-

2296 4930 2386 4985 nia
2419 4928 2497 4993 tit,
2533 4928 2771 4983 militum
2818 4941 2991 4990 arma,
3032 4925 3291 4994 magister
3315 4922 3584 4994 pugilum,
3613 4920 3870 4992 palaestra

2296 5020 2644 5086 certantium,
2675 5033 2881 5075 corona
2904 5018 3196 5084 victorum,
3228 5016 3281 5069 in
3303 5014 3568 5070 conviviis
3594 5012 3866 5079 hilaritas,

2296 5115 2351 5168 in
2401 5112 2591 5168 funere
2647 5112 2946 5184 lugentium
3015 5108 3341 5165 consolatio.
3403 5107 3565 5162 Nulla
3632 5105 3867 5176 denique

2295 5219 2423 5275 pars
2472 5204 2723 5259 humanae
2750 5204 2877 5257 vita:
2919 5202 3067 5257 illius
3103 5215 3327 5256 munere
3374 5209 3429 5255 et
3479 5199 3654 5270 gratia
3685 5205 3865 5253 vacat.

2296 5296 2556 5363 Quaenam
2587 5305 2671 5354 est
2703 5294 3034 5366 precationis
3081 5292 3313 5350 facultas
3352 5307 3514 5363 quam
3549 5290 3718 5345 David
3756 5303 3868 5344 non

2298 5385 2718 5443 subministrat?
2766 5386 2899 5450 Quae
2941 5383 3232 5440 celebritas
3281 5381 3502 5447 iustitiae,
3546 5394 3710 5452 quam
3759 5393 3870 5434 non

2298 5487 2523 5535 exornet
2555 5477 2824 5548 Propheta
2847 5477 2872 5531 ?
2898 5538 2907 5545 ,
2930 5477 2983 5532 id
3030 5474 3175 5548 quod
3231 5475 3288 5529 in
3315 5472 3606 5545 prmsentia
3653 5486 3871 5543 quoque

624 5563 721 5616 νῦν
767 5563 910 5618 ἔστιν
945 5565 1070 5619 ἰδεῖν
1091 5582 1105 5596 ⁸
1140 5558 1223 5620 ὅτι
1259 5567 1353 5622 καὶ
1382 5566 1555 5630 ἄλλως
1590 5567 1829 5638 μεγάλην
1871 5570 2002 5639 ἡμῖν
2033 5563 2197 5623 οὖσαν
2234 5638 2237 5639 ν

2300 5570 2426 5625 licet
2464 5570 2688 5626 intueri.
2726 5569 3054 5626 Hodiernam
3109 5567 3253 5624 enim
3286 5566 3681 5629 celebritatem,
3734 5562 3869 5617 satis

624 5656 724 5726 τὴν
757 5656 968 5729 ἑορτὴν,
1007 5659 1225 5728 μείζονα
1253 5658 1318 5713 δι’
1366 5659 1558 5713 ἑαυτοῦ
1610 5661 1639 5713 6
1685 5638 1976 5732 Προφήτης
2017 5638 2237 5731 ἐποίηοῙ

2302 5677 2397 5731 per
2423 5677 2481 5718 se
2507 5678 2783 5734 magnam,
2811 5662 2929 5734 ipse
2962 5662 3224 5733 majorem
3252 5659 3435 5727 efﬁcit,
3465 5659 3597 5715 dum
3623 5655 3701 5709 illi
3735 5668 3867 5723 gau-

630 5763 742 5813 σεν,
791 5749 1110 5822 προσφόρως
1157 5753 1224 5823 τῇ
1273 5749 1525 5805 ὑποθέσει
1563 5751 1662 5824 τὴν
1704 5755 1768 5806 ὲκ
1812 5751 1920 5805 τῶν
1963 5750 2193 5823 ψαλμῶν

2301 5753 2451 5809 dium
2504 5768 2535 5810 e
2567 5756 2791 5825 psalmis
2841 5755 3088 5826 apposite
3139 5750 3407 5825 adiungit.
3462 5753 3527 5805 ιιι
3580 5759 3690 5801 uno
3725 5744 3868 5799 enim
