4084 6158
287 298 385 354 691

1559 303 1613 355 S.
1648 301 1974 358 GREGORII
2012 303 2307 359 NYSSENI

3416 308 3516 366 69').

283 412 501 470 illorum
534 431 686 473 ovem
715 425 766 474 te
792 419 946 489 jubet
971 434 1111 485 esse,
1145 435 1263 488 quae
1291 434 1318 472 a
1357 418 1466 474 Deo
1495 419 1758 488 pascaris.
1792 428 1845 473 et

1956 417 2367 487 συνεισενεγκὼν
2383 417 2733 489 εὐφροσύνην.
2768 418 2854 472 Ἐν
2890 420 2987 490 μὲν
3018 420 3125 491 γὰρ
3156 420 3233 489 τῷ
3266 421 3363 486 ἐνὶ,
3387 424 3505 493 πρό-

281 512 539 564 omnibus
584 511 846 566 bonorum
878 511 1050 581 copiis
1093 512 1300 577 afﬂuas,
1342 524 1398 565 ut
1435 514 1519 567 cui
1552 520 1606 567 et
1654 513 1843 575 herba,

282 606 337 650 et
378 600 656 667 pabulum,
702 610 757 655 et
807 615 945 670 aqua
980 601 1246 671 refrigerii
1297 604 1611 672 suppetat‘.
1643 602 1763 658 Tibi
1796 612 1848 657 et

283 692 488 758 cibum,
543 702 597 747 et
644 695 1074 761 tabernaculum,
1130 704 1183 751 et
1227 697 1388 760 viam,
1434 704 1487 752 et
1528 696 1742 758 ducem.
1795 703 1849 747 et

284 783 467 835 omnia
498 798 555 838 se
581 785 782 853 praebet
809 793 996 854 pastor
1019 788 1291 856 egregius,
1323 789 1664 856 gratiamque
1693 800 1846 840 suam

286 871 351 924 ad
381 886 594 927 omnem
642 889 802 928 unum
835 882 958 943 apte
991 876 1289 931 distribuit.
1323 877 1401 930 Ex
1445 877 1645 947 quibus
1675 877 1851 931 omni-

285 962 389 1016 bus
436 963 735 1019 Ecclesiam
782 967 1023 1031 instruit,
1071 974 1325 1036 oportere
1355 975 1407 1021 te
1437 968 1670 1035 primum
1725 968 1849 1022 boni

282 1053 518 1120 pastoris
547 1068 701 1108 ovem
731 1053 843 1109 fieri
870 1071 966 1125 per
992 1056 1191 1109 bonam
1230 1056 1559 1110 catechesim
1587 1064 1642 1109 et
1671 1056 1852 1108 initia-

285 1144 488 1198 tionem
529 1145 597 1199 ad
640 1146 837 1200 divinae
887 1148 1151 1201 doctrina:
1204 1162 1406 1216 pascua
1447 1146 1733 1217 fontesque
1760 1148 1853 1201 de-

284 1234 530 1299 ductum,
586 1244 646 1290 ut
682 1251 806 1290 cum
848 1235 941 1291 illo
972 1238 1253 1307 sepeliaris
1296 1254 1387 1306 per
1417 1238 1747 1307 baptismum
1798 1239 1850 1291 in

284 1338 532 1390 mortem,
592 1343 767 1398 neque
816 1337 997 1384 tamen
1046 1340 1272 1384 mortem
1305 1331 1572 1398 ejusmodi
1601 1330 1854 1384 reformi-

283 1417 434 1472 dare.
458 1417 574 1472 Non
594 1420 740 1474 enim
777 1434 924 1474 mors
953 1430 1036 1475 est
1062 1420 1187 1483 ista,
1220 1422 1317 1475 sed
1350 1421 1541 1475 mortis
1581 1421 1770 1474 umbra
1801 1429 1855 1474 et

283 1508 760 1564 similitudo.Nam
787 1511 1210 1577 siambulauero,
1241 1512 1437 1581 inquit,
1471 1514 1524 1566 in
1556 1513 1724 1564 medio
1748 1529 1855 1565 um-

283 1599 393 1655 bra:
426 1603 634 1667 mortis,
664 1620 768 1656 non
806 1604 1016 1667 timebo,
1050 1614 1105 1656 ut
1146 1604 1368 1669 malum,
1405 1602 1458 1656 id
1490 1604 1627 1672 quod
1653 1603 1856 1657 accide-

283 1693 373 1754 rit,
408 1694 656 1762 quoniam
692 1704 744 1747 tu
776 1712 974 1749 mecum
1012 1712 1064 1749 es
1091 1698 1153 1749 ι’.
1196 1695 1400 1751 Deinde
1447 1696 1671 1765 spiritus
1704 1698 1854 1764 virga

282 1787 621 1840 consolatur.
681 1786 920 1856 Spiritus
979 1788 1123 1841 enim
1183 1788 1493 1842 consolator
1534 1778 1648 1843 'est.
1711 1786 1849 1841 Tum

282 1891 525 1931 mensam
565 1878 844 1948 mysticam
874 1880 1128 1948 proponit
1161 1894 1225 1932 ex
1250 1879 1479 1933 adverso
1514 1892 1714 1932 mensa:
1740 1877 1850 1931 dae-

283 1981 504 2019 monum
538 1969 885 2023 instructam.
940 1969 1041 2024 Per
1090 1970 1452 2024 idololatriam
1500 1971 1642 2023 enim
1672 1970 1849 2023 homi-

282 2072 414 2110 num
464 2059 625 2111 vitam
655 2059 962 2115 afﬂixerunt
1002 2061 1297 2124 daemones,
1341 2060 1541 2130 quibus
1576 2062 1852 2115 contraria

282 2153 367 2200 est
400 2144 637 2216 Spiritus
665 2165 873 2205 mensa.
908 2151 989 2204 Ad
1016 2150 1130 2205 haec
1157 2153 1276 2205 oleo
1307 2151 1531 2220 spiritus
1565 2159 1724 2220 caput
1751 2167 1851 2204 uu-

283 2239 379 2307 git,
425 2245 477 2294 et
520 2242 729 2306 vinum,
779 2243 923 2312 quod
969 2244 1151 2298 laetitia
1206 2258 1302 2299 cor
1342 2244 1571 2305 aflicit’,
1623 2243 1848 2305 addens,

283 2329 523 2383 sobriam
566 2332 714 2386 illam
747 2334 930 2387 animo
960 2335 1276 2389 ebrietatem
1323 2333 1518 2403 injicit,
1547 2344 1599 2389 et
1631 2349 1659 2387 e
1685 2334 1843 2387 cadu-

282 2421 363 2476 cis
407 2421 674 2492 ﬂuxisquc
704 2424 869 2479 rebus
904 2434 1138 2480 mentem
1168 2426 1331 2479 trahit
1374 2424 1441 2477 ad
1470 2424 1849 2493 sempiternas.

282 2511 491 2566 Etenim
521 2515 613 2583 qui
655 2516 746 2568 tali
770 2525 853 2571 est
883 2515 1109 2572 affectus
1130 2517 1414 2578 ebrietate,
1448 2516 1663 2569 brevem
1686 2515 1849 2567 vitam

282 2620 404 2657 cum
458 2606 864 2663 immortalitate
920 2617 1237 2673 commutat,
1294 2618 1347 2662 et
1403 2608 1455 2661 in
1516 2606 1853 2677 longitudine

283 2695 493 2749 dierqu
531 2698 739 2752 habitat
774 2701 828 2752 in
857 2699 1018 2753 domo
1053 2700 1282 2754 Domini.
1310 2698 1432 2753 Πιεο
1463 2700 1617 2753 nobis
1658 2699 1713 2752 iu
1744 2712 1852 2752 uno

282 2784 625 2840 Psalmorum
663 2790 948 2858 elargitus,
997 2791 1063 2843 ad
1099 2791 1357 2859 majorem
1387 2799 1439 2844 et
1475 2789 1850 2859 perfectiorem

285 2876 338 2928 in
362 2876 555 2940 altero,
589 2879 678 2945 qui
704 2881 944 2946 proxime
966 2882 1233 2949 sequitur,
1259 2881 1585 2948 voluptatem
1610 2880 1851 2933 animum

283 2967 504 3031 excitat,
556 2968 715 3036 cujus
748 2971 1069 3023 sententiam
1101 2971 1276 3034 vobis,
1318 2971 1364 3025 si
1398 2970 1628 3033 videtur,
1660 2969 1851 3040 paucis

1949 510 2110 562 ϐατὸν
2141 528 2197 562 σε
2235 510 2442 563 κελεύει
2475 511 2729 579 γενέσθαι
2766 512 2919 582 παρὰ
2950 511 3042 564 τοῦ
3079 512 3213 565 Θεοῦ
3245 513 3515 583 ποιμαινόο

1952 617 2108 669 μενον
2130 639 2145 664 ,
2172 601 2265 654 καὶ
2296 601 2504 664 οὐδενὸς
2528 601 2635 654 τῶν
2664 602 2884 670 ἀγαθῶν
2907 603 3027 654 ὑστε
3038 606 3294 674 ρούμενον
3313 622 3325 630 ·
3359 598 3403 671 ᾧ
3427 605 3515 657 καὶ

1951 692 2056 744 πόα
2082 692 2272 763 νομῆς,
2318 694 2410 747 καὶ
2456 693 2598 764 ὕδωρ
2641 692 3015 757 ἀναπαύσεως,
3063 696 3157 749 καὶ
3187 695 3381 767 τροφὴ,
3424 696 3517 750 καὶ

1954 784 2144 852 σκηνὴ,
2192 784 2286 837 καὶ
2337 784 2540 853 τρίϐος,
2591 784 2684 839 καὶ
2717 785 2931 854 ὁδηγία,
2976 786 3069 838 καὶ
3096 785 3270 839 πάντα
3310 788 3516 855 γίνεται

1949 874 1977 923 6
2038 872 2237 941 ποιμὴν
2283 875 2311 925 6
2353 873 2547 938 καλὸς,
2576 874 2708 943 πρὸς
2761 877 2938 928 πᾶσαν
2968 878 3153 946 χρείαν
3186 876 3282 947 τὴν
3323 879 3515 932 ἑαυτοῦ

1951 961 2109 1031 χάριν
2166 962 2487 1032 προσφόρως
2548 965 2947 1034 καταμερίζων.
3006 967 3083 1018 Δι’
3138 961 3212 1020 ὧν
3265 969 3517 1022 ἁπάντων

1953 1051 2193 1104 παιδεύει
2252 1051 2349 1120 τὴν
2415 1053 2769 1123 Ἐκκλησίαν,
2834 1055 2916 1107 ὅτι
2981 1058 3086 1126 χρή
3144 1073 3202 1108 σε
3249 1056 3519 1127 πρόϐατον

1954 1144 2165 1213 πρῶτον
2185 1144 2438 1212 γενέσθαι
2459 1145 2550 1198 τοῦ
2581 1144 2745 1198 καλοῦ
2777 1146 3051 1216 ποιμένος,
3082 1147 3169 1201 διὰ
3193 1151 3290 1218 τῆς
3309 1148 3518 1218 ἀγαθῆς

1954 1236 2305 1304 κατηχήσεως
2350 1237 2484 1306 πρὸς
2532 1236 2628 1298 τὰς
2673 1236 2820 1300 θείας
2850 1238 2955 1290 τῶν
2980 1238 3320 1307 διδαγμάτων
3350 1239 3515 1309 νομάς¹

1954 1345 2010 1380 τε
2050 1329 2143 1380 καὶ
2183 1328 2361 1397 πηγάς
2393 1327 2770 1396 ὁδηγούμενον,
2807 1331 2887 1391 είς
2917 1330 2976 1381 τὸ
3010 1331 3339 1399 συνταφῆναι
3371 1329 3519 1398 αὐτῷ

1952 1418 2041 1470 διὰ
2068 1417 2159 1469 τοῦ
2183 1417 2486 1486 βαπτισμοῦ
2511 1420 2589 1480 είς
2617 1419 2707 1472 τὸν
2729 1419 2974 1482 θάνατον,
2999 1421 3091 1472 καὶ
3119 1420 3193 1490 μὴ
3218 1418 3518 1490 φοϐηθῆναι

1954 1506 2045 1558 τὸν
2073 1505 2310 1558 τοιοῦτον
2355 1504 2598 1559 θάνατον.
2648 1506 2722 1557 Ού
2767 1504 2876 1574 γὰρ
2913 1504 3138 1568 θάνατος
3166 1500 3318 1567 οὗτός
3348 1506 3517 1569 ἐστιν,

1956 1594 2089 1648 ἀλλὰ
2105 1595 2333 1649 Θανάτου
2354 1595 2479 1648 σκιὰ
2495 1596 2585 1647 καὶ
2598 1595 2724 1648 ἐκτύ
2732 1613 2816 1648 πω
2823 1614 2917 1665 μα.
2950 1595 3091 1649 Ἐὰν
3106 1596 3214 1665 γὰρ
3230 1593 3516 1663 πορευθῶ,

1958 1685 2140 1756 φησὶν,
2180 1686 2436 1754 ἐνμέσῳ
2473 1685 2649 1748 σκιᾶς
2683 1686 2961 1749 θανάτου,
2995 1687 3065 1738 οὺ
3110 1684 3520 1753 φοϐηθήσομαι

1953 1780 2031 1843 ὡς
2074 1778 2264 1831 κακὸν
2311 1778 2376 1830 τὸ
2432 1779 2777 1847 γινόμενον·
2828 1777 2915 1828 ὅτι
2958 1775 3039 1829 σὺ
3080 1777 3208 1844 μετ’
3251 1773 3398 1843 ἐμοῦ
3445 1770 3516 1827 εἷ.

1952 1866 2105 1921 Μετὰ
2146 1866 2317 1920 ταῦτα
2355 1867 2742 1936 παρακαλέσας
2787 1869 2852 1936 τῇ
2902 1864 3173 1936 βακτηρίᾳ.
3208 1866 3304 1919 τοῦ
3351 1865 3520 1918 Πνεύ-

1956 1976 2153 2031 ματοςο
2203 1960 2231 2010 6
2279 1958 2386 2028 γάρ
2429 1958 2774 2027 παράκλητος
2821 1957 2880 2009 τὸ
2940 1956 3164 2026 Πνεῦμά
3216 1959 3365 2010 ἐστι’
3422 1956 3519 2025 τὴν

1954 2051 2218 2121 μυστικὴν
2254 2049 2540 2119 προτίθησι
2580 2048 2879 2119 τράπεζαν,
2914 2047 3010 2119 τὴν
3048 2048 3106 2113 ἐξ
3151 2049 3389 2101 ἐναντίου
3422 2048 3521 2116 τῆς

1951 2141 2057 2193 τῶν
2083 2140 2347 2211 δαιμόνων
2380 2139 2655 2210 τραπέζης
2682 2139 3112 2210 ἐτοιμασθεῖσαν.
3150 2141 3375 2193 Ἐκεῖνοι
3412 2138 3521 2208 γὰρ

1948 2237 2088 2313 ἦσαν
2114 2243 2162 2294 οἰ
2185 2242 2271 2294 διὰ
2298 2241 2397 2309 τῆς
2423 2239 2862 2311 είδωλολατρείας
2890 2239 2987 2308 τὴν
3011 2236 3153 2306 ζωὴν
3182 2233 3289 2287 τῶν
3321 2229 3522 2301 mepte.

1952 2350 2067 2386 πων
2098 2332 2433 2395 ἐκθλίϐοντες
2454 2350 2466 2363 ·
2500 2325 2587 2385 ὧν
2616 2331 2673 2396 ἐξ
2715 2331 2953 2386 ἐναντίου
3006 2330 3038 2398 ἠ
3072 2326 3166 2380 τοῦ
3212 2323 3522 2393 Πνεύματος

1951 2423 2214 2494 τράπεζα.
2259 2418 2391 2475 Εἶτα
2440 2423 2655 2493 μυρίζει
2683 2422 2787 2493 τὴν
2827 2419 3067 2490 κεφαλὴν
3107 2417 3184 2487 τῷ
3226 2416 3389 2484 ἐλαίῳ
3426 2412 3520 2465 τοῦ

1956 2514 2095 2567 Πνεύ
2105 2532 2292 2586 ματος,
2324 2516 2417 2567 καὶ
2441 2515 2693 2585 προσθεὶς
2717 2513 2863 2585 αὐτῷ
2888 2507 3028 2565 οἶνον
3058 2511 3147 2563 τὸν
3168 2507 3266 2579 τὴν
3299 2506 3521 2576 καρδίαν

1953 2606 2329 2677 εὐφραίνοντα,
2375 2606 2473 2677 τὴν
2514 2607 2789 2677 νήφουσαν
2831 2604 3045 2672 ἐκείνην
3091 2599 3259 2671 μέθην
3304 2596 3523 2667 ἐμποιεῖ

1952 2702 2016 2769 τῇ
2044 2698 2213 2769 ψυχῇ,
2240 2701 2440 2769 στήσας
2463 2700 2588 2761 τοὺς
2606 2697 2898 2769 λογισμοὺς
2918 2695 3025 2749 ἀπὸ
3044 2692 3151 2745 τῶν
3174 2689 3520 2762 προσκαίρων

1953 2791 2090 2860 πρὸς
2104 2790 2165 2841 τὸ
2189 2790 2356 2844 ἀΐδιον
2373 2806 2385 2820 ·
2409 2793 2437 2842 6
2456 2790 2562 2858 γὰρ
2584 2789 2683 2858 τῆς
2702 2787 2955 2857 τοιαύτης
2975 2785 3306 2854 γευσάμενος
3331 2780 3523 2849 μέθης,

1952 2877 2287 2947 διαμείὸεται
2329 2876 2423 2930 τοῦ
2462 2877 2749 2946 ὡκυμὸρου
2790 2876 2851 2929 τὸ
2895 2873 3267 2941 ἀτελεύτητον,
3300 2871 3376 2931 είς
3426 2884 3524 2936 μα-

1954 2968 2191 3038 κρότητα
2221 2968 2442 3040 ἡμερῶν
2493 2968 2589 3038 τὴν
2615 2971 2671 3020 ἐν
2703 2967 2778 3038 τῷ
2804 2966 2937 3036 οἴκῳ
2960 2965 3052 3018 τοῦ
3082 2961 3216 3017 Θεοῦ
3245 2958 3521 3029 διαγωγὴν

283 3059 584 3127 explicabo.
622 3060 836 3114 Domini
858 3071 934 3115 est
966 3071 1106 3115 terra
1132 3071 1178 3115 et
1204 3062 1475 3130 plenitudo
1505 3061 1619 3131 ejus
1642 3062 1684 3113 ³.
1712 3060 1852 3126 Quid

1958 3059 2317 3129 παρατείνων.
2366 3058 2600 3113 Τοιαῦτα
2643 3060 2773 3129 ἡμῖν
2808 3059 2865 3110 ἐν
2907 3055 2984 3125 τῷ
3024 3056 3103 3109 ἐνὶ
3145 3053 3253 3106 τῶν
3293 3050 3525 3141 ψαλμῷν

286 3150 463 3218 igitur.
482 3150 606 3204 novi
641 3151 926 3222 contingit,
964 3152 1148 3216 homo,
1178 3153 1222 3206 si
1252 3151 1393 3205 Deus
1418 3163 1600 3205 noster
1629 3152 1681 3204 in
1706 3160 1848 3206 terra

284 3240 437 3295 visus
464 3249 569 3303 est,
634 3243 678 3295 si
714 3258 837 3295 cum
891 3243 1203 3297 hominibus
1262 3243 1436 3295 vixit?
1480 3240 1600 3311 ipse
1648 3251 1847 3295 terram

285 3331 489 3386 creavit
520 3339 574 3386 et
604 3334 869 3387 condidit.
922 3333 1100 3399 Quare
1131 3348 1229 3387 nec
1263 3332 1582 3387 inusitatum
1618 3346 1717 3386 nec
1752 3332 1848 3384 ab-

286 3420 511 3475 surdum
545 3430 648 3487 est,
699 3430 756 3476 ut
784 3424 850 3477 ad
886 3424 1101 3493 propria
1137 3423 1400 3478 Dominus
1428 3423 1632 3478 veniat.
1665 3410 1852 3492 Neque

284 3514 428 3568 enim
455 3514 513 3568 in
546 3515 677 3570 orbe
709 3522 961 3571 versatur
989 3516 1187 3579 alieno,
1223 3514 1316 3570 sed
1345 3515 1399 3569 in
1424 3530 1489 3569 eo
1541 3529 1703 3584 quem
1736 3515 1852 3584 ipse

286 3608 570 3663 constituit
617 3618 668 3664 et
697 3608 992 3664 fabricatus
1012 3616 1114 3670 est,
1148 3609 1237 3678 qui
1263 3622 1427 3677 super
1450 3607 1621 3661 maria
1651 3615 1846 3661 terram

294 3699 533 3755 fundavit
575 3707 626 3755 et
674 3700 869 3762 eﬂ'ecit,
923 3709 981 3754 ut
1035 3716 1193 3755 secus
1229 3698 1511 3753 fluminum
1557 3698 1850 3751 decursum

283 3793 485 3860 Optime
512 3792 775 3846 collocata
800 3799 961 3846 esset.
994 3790 1164 3857 Quam
1196 3798 1373 3844 autem
1412 3789 1483 3843 ob
1508 3804 1732 3844 causam
1757 3788 1852 3842 ad-

284 3882 452 3947 venit,
498 3883 605 3937 nisi
634 3891 692 3936 ut
722 3890 774 3936 te
806 3898 870 3936 ex
898 3883 1108 3950 peccati
1148 3880 1405 3949 voragine
1449 3879 1757 3941 liberatum,
1799 3885 1852 3933 et

286 3974 440 4043 regni
465 3986 710 4037 currum,
776 3972 829 4025 id
863 3981 968 4035 est,
1018 3970 1239 4023 virtutis
1290 3969 1595 4024 institutum
1644 3970 1695 4022 in
1734 3969 1852 4039 ipso

286 4079 521 4119 ascensu
553 4062 920 4124 adhibentem,
956 4062 1010 4114 in
1042 4070 1280 4115 montem
1312 4059 1639 4114 adduceret?
1667 4059 1853 4129 Neque

287 4157 431 4210 enim
460 4155 588 4210 licet
619 4154 672 4209 in
705 4162 941 4208 montem
992 4153 1144 4207 illum
1177 4151 1494 4212 ascendere.
1533 4152 1638 4206 nisi
1681 4152 1853 4206 virtu-

289 4253 373 4301 tes
407 4243 505 4298 tibi
537 4245 762 4299 comites
815 4242 1149 4312 adjunxcris,
1200 4250 1254 4298 et
1304 4243 1566 4298 innocens
1598 4242 1852 4297 manibus

288 4337 480 4401 fueris,
536 4345 590 4391 et
628 4335 778 4390 nullo
813 4336 1018 4391 scelere
1049 4335 1456 4405 coinquinatus,
1512 4335 1608 4390 sed
1648 4333 1852 4389 mundo

1955 3151 2335 3223 χαρισάμενος,
2364 3150 2499 3222 πρὸς
2541 3149 2759 3219 μείζονα
2787 3150 2879 3201 καὶ
2908 3146 3236 3216 τελεωτέραν
3262 3140 3524 3213 εὐφροσύ-

1956 3260 2051 3312 νην
2075 3243 2132 3297 ἐν
2156 3242 2233 3311 τῷ
2254 3241 2379 3311 ἐξῆς
2413 3241 2610 3311 ψαλμῷ
2642 3242 2739 3311 τὴν
2772 3240 2946 3310 ψυχὴν
2975 3239 3283 3308 ἐπεγείρει’
3317 3235 3434 3296 καὶ,
3473 3234 3523 3286 εί

1956 3335 2119 3398 δοκεῖ,
2171 3335 2264 3386 καὶ
2302 3333 2490 3387 τούτου
2535 3334 2633 3405 τὴν
2674 3334 2909 3387 διάνοιαν
2952 3333 3081 3401 ὑμῖν
3128 3325 3521 3400 παραθώμεθα,

1956 3425 2021 3478 δι’
2051 3424 2244 3493 ὀλίγων
2286 3426 2683 3495 ἐπιτεμόμενοι,
2725 3426 2835 3480 Τοῦ
2868 3425 3084 3492 Κυρίου
3124 3424 3161 3489 η
3210 3422 3284 3491 γῆ
3328 3419 3424 3473 καὶ
3456 3419 3521 3472 τὸ

1959 3517 2247 3585 πλήρωμα
2273 3516 2480 3585 αὐτῆς.
2513 3518 2577 3570 Τί
2606 3512 2697 3570 οὖν
2741 3515 2941 3587 ξενίζη,
2986 3510 3030 3568 ὦ
3072 3513 3344 3583 ἄνθρωπε,
3390 3513 3439 3563 εί
3494 3510 3523 3560 6

1958 3608 2088 3670 Θεὸς
2112 3607 2265 3691 ήμῷν
2292 3608 2382 3661 ἐπὶ
2403 3608 2504 3678 γῆς
2527 3606 2700 3677 ὤφθη,
2731 3606 2956 3667 καὶτοῖς
3003 3603 3309 3675 ἀνθρώποις
3334 3617 3526 3654 συναν-
3620 3588 3639 3601 ’

1959 3701 2237 3768 εστράφη;
2258 3698 2462 3768 κτίσμα
2484 3698 2591 3768 γάρ
2615 3698 2869 3766 ἐκείνουὴ
2891 3697 2984 3764 γῆ,
3013 3695 3147 3748 διότι
3170 3692 3265 3746 καὶ
3292 3692 3521 3760 ποίημα.

1960 3790 2168 3846 Οὐκοῦν
2224 3792 2375 3845 οὐδὲν
2423 3791 2629 3853 καινδν,
2672 3790 2790 3842 οὐδὲ
2839 3788 2941 3852 ἔξω
2987 3786 3080 3841 τοῦ
3120 3786 3436 3857 πρέποντος,
3464 3783 3527 3834 τὸ

1959 3886 2039 3947 είς
2064 3883 2130 3936 τὰ
2158 3882 2263 3936 [δια
2293 3882 2463 3935 ἐλθεῖν
2495 3885 2584 3934 τὸν
2613 3880 2908 3949 Δεσπότην⁶
2939 3879 2999 3933 οὐ
3043 3878 3150 3948 γάρ
3178 3878 3235 3931 ὲν
3263 3875 3526 3945 ἀλλοτρίῳ

1960 3977 2164 4045 γίνεται
2218 3975 2424 4045 κόσμῳ,
2473 3974 2587 4026 ἀλλ’
2626 3974 2684 4026 ὂν
2735 3972 2893 4034 αὐτὸς
2933 3971 3316 4041 συνεστήσατο,
3358 3969 3386 4019 ὁ
3434 3968 3525 4019 ἐπὶ
3596 4013 3610 4023 .

1961 4067 2242 4121 θαλασσῶν
2292 4065 2622 4134 θεμελιώσας
2670 4065 2765 4136 τὴν
2811 4065 2932 4134 γῆν,
2965 4065 3058 4116 καὶ
3099 4061 3235 4132 πρὸς
3279 4058 3377 4129 τὴν
3418 4056 3526 4109 τῶν

1961 4155 2220 4225 ποταμῶν
2259 4156 2425 4208 δίοδον
2449 4154 2663 4207 εὔθετον
2701 4154 2867 4226 αὐτὴν
2907 4150 3046 4206 εἶναι
3076 4149 3522 4222 παρασκευάσας.

1973 4249 2140 4320 ’Υπὲρ
2167 4249 2309 4311 τίνος
2334 4243 2424 4302 οὖν
2450 4251 2482 4314 ἡ
2520 4247 2821 4318 παρουσία;
2858 4247 2971 4299 Ἵνα
2998 4262 3057 4297 σε
3095 4244 3205 4297 τῶν
3241 4240 3528 4312 βαράθρων

1960 4341 2057 4411 τῆς
2087 4340 2357 4411 ἁμαρτίας
2392 4337 2656 4406 ἐκϐαλὼν,
2681 4338 2773 4389 ἐπὶ
2792 4337 2850 4389 τὸ
2871 4337 2994 4408 ὅρος
3016 4335 3216 4406 ἀγάγῃ,
3256 4331 3528 4404 βασιλείας

287 4430 450 4484 corde
496 4428 564 4484 ad
613 4428 814 4481 nullam
850 4427 1144 4483 vanitatem
1202 4427 1444 4480 animum
1483 4436 1637 4480 tuum
1682 4426 1852 4493 appli-

1957 4434 2192 4503 ὀχήματι
2238 4433 2372 4503 πρὸς
2414 4432 2509 4503 τὴν
2555 4432 2736 4484 ἄνοδον
2782 4433 2847 4501 τῇ
2896 4430 3015 4482 κατ’
3053 4427 3251 4499 ἀρετὴν
3289 4421 3527 4492 πολιτείᾳ

287 4522 489 4585 cueris,
533 4534 634 4575 nec
667 4520 791 4574 dolo
818 4519 1125 4588 proximum
1166 4526 1316 4571 tuum
1358 4517 1654 4585 deceperis.
1689 4516 1853 4571 Istius

287 4629 551 4669 ascensus
585 4612 867 4684 praemium
912 4620 997 4667 est
1028 4610 1352 4675 benedictio,
1389 4610 1517 4665 huic
1560 4608 1852 4679 repositam

286 4702 431 4757 Deus
482 4700 914 4758 misericordiam
971 4701 1217 4771 largitur.
1282 4700 1410 4755 Ηιτο
1463 4708 1539 4754 est
1590 4701 1855 4769 generatio

285 4795 631 4864 quaerentium
663 4809 799 4860 eum,
839 4809 935 4864 per
958 4794 1212 4848 virtutem
1242 4793 1294 4847 in
1332 4792 1565 4847 sublime
1593 4807 1857 4848 conscen-

285 4885 553 4949 dentium,
591 4894 640 4938 et
663 4885 1006 4954 qutcrentium
1041 4884 1233 4952 faciem
1269 4882 1365 4938 Dei
1402 4882 1590 4937 Iacob.

1963 4525 2322 4596 χρησάμενον.
2388 4525 2461 4577 Οὐ
2522 4522 2627 4592 γὰρ
2672 4523 2816 4574 ἔστιν
2866 4519 3105 4574 ἀνελθεῖν
3158 4519 3250 4570 ἐπὶ
3295 4516 3355 4568 τὸ
3403 4516 3527 4585 ὅρος

1964 4614 2156 4676 ἐκεῖνο,
2208 4615 2256 4665 εἰ
2302 4612 2374 4683 μὴ
2417 4615 2538 4675 ταῖς
2582 4612 2803 4682 ἀρεταῖς
2853 4610 3220 4663 συνοδεύσειεσ
3264 4609 3381 4668 ταῖς
3430 4604 3527 4674 μὲν

1963 4705 2147 4775 χερσὶν
2186 4704 2359 4768 aeno;
2383 4702 2688 4772 γενόμενος,
2721 4702 2814 4755 καὶ
2839 4701 3077 4773 μηδεμιᾷ
3102 4699 3313 4770 πονηρᾷ
3335 4693 3527 4767 πράξει

1965 4793 2320 4864 ρυπούμενος,
2358 4792 2592 4862 καθαρὸς
2629 4793 2684 4845 δὲ
2713 4795 2777 4861 τῇ
2808 4791 3025 4862 καρδίᾳ,
3074 4790 3208 4861 πρὸς
3245 4788 3396 4842 οὐδὲν
3425 4786 3525 4856 μά-

1961 4900 2113 4937 ταιον
2153 4883 2250 4955 τὴν
2286 4883 2460 4953 ψυχὴν
2492 4881 2683 4936 ἐαυτοῦ
2722 4883 2921 4953 φέρων,
2968 4882 3099 4952 μηδέ
3124 4898 3245 4934 τινα
3269 4879 3415 4932 δόλον
3451 4875 3528 4945 τῷ

286 4975 512 5046 πλησίον
557 4977 969 5049 ἐξαρτυόμενος.
996 4976 1211 5046 Ταύτης
1245 4977 1340 5046 τῆς
1378 4976 1691 5039 ἀναϐάσεως
1721 4973 1949 5028 ἔπαθλὸν
1979 4976 2126 5028 ἐστιν
2187 4978 2220 5046 ὴ
2255 4975 2505 5043 εὐλογία·
2574 4974 2744 5044 τούτῳ
2781 4974 2965 5027 δίδωσι
3026 4974 3124 5043 τὴν
3162 4968 3528 5040 ἀποκειμένην

285 5069 652 5139 ἐλεημοσύνην
672 5072 700 5123 6
719 5069 942 5140 Κύριος·
965 5069 1124 5135 Αὕτη
1145 5070 1314 5122 ἐστὶν
1334 5071 1372 5137 ὴ
1395 5069 1508 5121 τῶν
1528 5068 1856 5136 ζητούντων
1892 5067 2078 5123 αὐτὸν
2106 5066 2298 5138 γενεὰ,
2324 5069 2431 5121 τῶν
2473 5068 2537 5121 δι’
2572 5068 2771 5138 ἀρετῆς
2806 5068 2941 5138 πρὸς
3012 5066 3143 5136 ὕψος
3215 5062 3531 5118 ἀναϐαινόν-

286 5179 415 5221 των,
440 5162 537 5216 καὶ
568 5160 903 5229 ζητούντων
935 5162 1001 5216 τὸ
1031 5162 1352 5230 πρόσωπον
1382 5161 1488 5215 τοῦ
1517 5161 1663 5215 Θεοῦ
1712 5160 1923 5215 Ἰακώϐ.

359 5256 600 5327 Hujusce
630 5258 826 5328 psalmi
861 5274 987 5327 pars
1019 5258 1228 5326 reliqua
1261 5254 1491 5311 forsitan
1545 5255 1856 5324 evangelica

287 5350 451 5402 etiam
483 5365 616 5403 voce
645 5350 1003 5419 doctrinaque
1040 5349 1324 5403 sublimior
1371 5354 1474 5403 est.
1506 5346 1640 5399 Nam
1678 5347 1856 5400 Evan-

288 5441 487 5510 gelium
548 5439 762 5494 Domini
825 5440 1275 5495 consuetudinem
1334 5446 1387 5492 et
1442 5438 1630 5499 vitam,
1695 5451 1856 5505 quam

287 5532 400 5604 egit
430 5529 483 5584 in
514 5540 679 5595 terra,
712 5539 765 5588 ct
795 5533 915 5602 ejus
949 5533 1179 5587 reditum
1211 5532 1266 5585 in
1292 5532 1491 5587 cmlum
1522 5539 1729 5583 narrat.
1764 5529 1861 5585 llic

362 5711 380 5741 ¹
408 5710 549 5765 Psal.
583 5724 718 5773 χχιι,
746 5708 767 5760 1
805 5723 926 5778 sqq.

1005 5710 1045 5738 ¹⁶
1087 5708 1221 5764 Psal.
1257 5723 1387 5774 χιιι,
1420 5707 1469 5759 4.
1547 5707 1567 5735 ¹
1601 5704 1743 5761 Psal.
1774 5720 1887 5769 cm,
1920 5704 2003 5758 15.

2034 5248 2107 5301 Τὸ
2136 5245 2191 5298 δέ
2229 5244 2423 5315 ἐφεξῆς
2451 5245 2548 5315 τῆς
2580 5245 2917 5316 ψαλμῳδίας,
2946 5245 3037 5298 καὶ
3067 5243 3233 5313 αὐτῆς
3262 5243 3401 5312 τάχα
3431 5242 3531 5311 τῆς

1965 5337 2321 5407 εὐαγγελικῆς
2362 5337 2706 5400 διδασκαλίας
2747 5339 2892 5391 ἐστὶν
2934 5337 3278 5407 ὑψηλότερον.
3316 5336 3389 5387 Τὸ
3429 5336 3530 5403 μὲν

1964 5431 2071 5499 γὰρ
2106 5425 2463 5493 Εὐαγγέλιον,
2496 5427 2591 5498 τὴν
2626 5428 2716 5479 ἐπὶ
2740 5427 2842 5497 γῆς
2877 5424 2971 5479 τοῦ
3006 5424 3203 5493 Κυρίου
3231 5421 3528 5490 διαγωγὴν,

1967 5524 2060 5577 καὶ
2091 5519 2186 5589 τὴν
2224 5519 2565 5589 ἀναστροφὴν
2596 5520 2904 5591 διηγήσατο.
2964 5517 3020 5571 Ὁ
3056 5510 3109 5564 δὲ
3141 5512 3339 5584 rid/qlia;
3376 5506 3533 5575 οὗτος

2087 5703 2105 5734 ³
2133 5701 2277 5757 Psal.
2309 5714 2466 5766 χχιιι,
2500 5699 2526 5753 1
2562 5713 2679 5769 sqq.
