4084 6158
508 215 614 275 695

1638 213 1706 268 IN
1742 212 2020 271 CHRISTI
2044 209 2549 273 ASCENSIONEM.

3653 210 3757 269 6θᾶ

514 334 821 406 προφήτης,
851 325 1019 391 ἐκϐὰς
1050 326 1212 392 αὐτὸς
1247 326 1456 394 ἐαυτὸν,
1487 327 1562 392 ὡς
1592 327 1658 383 ἂν
1688 330 1762 400 μὴ
1795 328 2079 400 βαρύνοιτο
2105 389 2107 396 4

2204 342 2361 393 ιιιιοηι
2377 338 2628 394 excelsus
2652 331 2922 406 PrOpheta
2941 347 3107 405 supra
3138 346 3198 389 se
3216 331 3396 403 ipsum
3435 330 3752 402 egrediens,

514 421 592 492 τῷ
641 419 875 490 ἐφολκίῳ
919 418 1015 473 τοῦ
1065 419 1335 489 σώματος,
1390 419 1482 472 κα)¹
1530 422 1650 483 ταῖς
1694 421 2085 492 ὑπερκοσμίοις

514 511 806 582 δυνάμεσιν
847 510 1039 571 ἑαυτὸν
1071 509 1408 580 καταμίξας,
1433 509 1531 573 τὰς
1568 509 1789 564 ἐκείνων
1820 512 1950 582 ἡμῖν
1975 529 2088 581 φω-

517 600 610 662 νὰς
643 600 1007 673 διεξέρχεται,
1034 601 1123 653 ὅτε
1152 600 1637 671 προπομπεύουσαι
1676 599 1771 654 τοῦ
1817 601 2086 657 Δεσπότου

517 691 611 743 ἐπὶ
635 689 734 761 τὴν
762 689 1010 755 κάθοδον,
1031 690 1330 760 ἐπαρθῆναι
1361 690 1639 746 κελεύουσι
1660 691 1769 745 τῶν
1797 693 2089 762 περιγείων

518 779 785 849 ἀγγέλων,
804 778 913 833 τῶν
937 780 1036 849 τὴν
1064 779 1409 853 ἀνθρωπίνην
1440 780 1586 852 ζωὴν
1619 781 2085 852 πεπιστευμένων,

519 870 619 933 τὰς
642 870 900 936 εἰσόδους,
929 870 1203 938 λέγουσαι*
1236 872 1440 939 Ἄρατε
1469 873 1685 939 πύλας,
1704 875 1757 926 οἱ
1780 872 2086 941 ἄρχοντες,

520 962 707 1031 ὑμῶν,
741 961 838 1016 καὶ
865 960 1177 1030 ἐπάρθητε,
1212 964 1395 1016 πύλαι
1423 963 1664 1029 αὶώνιοι,
1698 962 1797 1016 καὶ
1826 965 2093 1017 εἰσελεύ-

524 1069 695 1106 σεται
724 1056 756 1107 ό
789 1053 1085 1119 Βασιλεὺς
1121 1051 1229 1121 τῆς
1256 1053 1461 1120 δόξης.
1494 1054 1603 1108 Καὶ
1632 1053 1815 1125 ἐπειδὴ
1846 1056 1924 1117 εἰς
1961 1053 1989 1106 ὃ
2025 1054 2090 1108 ἂν

525 1144 750 1215 γένηται
774 1145 802 1196 6
824 1143 885 1196 τὸ
903 1145 1010 1196 πᾶν
1036 1146 1093 1197 ἐν
1119 1143 1295 1215 ἑαυτῷ
1320 1144 1608 1216 περιέχων,
1644 1146 1951 1216 σύμμετρον
1974 1146 2093 1199 ἐαυ-

526 1234 619 1287 τὸν
648 1234 725 1305 τῷ
752 1234 1020 1305 δεχομένῳ
1053 1238 1229 1288 ποιεῖ’
1255 1236 1315 1288 οὐ
1361 1235 1470 1307 γὰρ
1516 1236 1673 1307 μόνον
1704 1238 1761 1288 ἐν
1788 1236 2092 1307 ἀνθρώποις

527 1326 809 1396 ἄνθρωπος
840 1326 1068 1395 γίνεται,
1099 1326 1232 1379 ἀλλά
1288 1326 1428 1380 κατὰ
1456 1327 1517 1379 τὸ
1546 1326 1833 1380 ἀκόλουθον
1879 1327 2095 1389 πάντως

529 1416 621 1472 καὶ
660 1418 716 1471 ἐν
746 1417 997 1485 ἀγγέλοις
1028 1418 1326 1487 γινόμενος,
1365 1418 1500 1488 πρὸς
1538 1417 1637 1488 τὴν
1668 1418 1890 1471 ἐκείνων
1933 1418 2095 1486 φύσιν

529 1507 719 1561 ἑαυτὸν
751 1508 1086 1577 συγκατάγει
1107 1525 1119 1537 ·
1154 1507 1243 1561 διὰ
1271 1506 1426 1561 τοῦτο
1459 1508 1747 1580 χρῄζουσιν
1777 1511 1827 1562 οἱ
1856 1508 2094 1579 πυλωροὶ

527 1599 620 1652 τοῦ
637 1598 959 1663 δεικνύντοςο
990 1599 1084 1665 Τίς
1109 1600 1278 1653 ἐστιν
1302 1594 1477 1664 οὗτος
1502 1603 1533 1653 ὁ
1555 1599 1854 1666 Βασιλεὺς
1879 1598 1985 1666 τῆς
2000 1599 2096 1652 δό-

2187 431 2444 492 tanquam
2478 424 2725 492 corporis
2773 438 2939 478 onere
2973 422 3109 477 nihil
3143 428 3441 495 prematur,
3496 420 3664 476 infert
3698 433 3758 477 se

2186 511 2502 567 coelestibus
2538 513 2918 583 potestatibus,
2965 523 3019 569 et
3050 528 3211 569 voces
3240 527 3428 569 earum
3469 512 3629 568 nobis
3662 527 3759 567 ex-
3814 534 3820 543 λ

2186 599 2359 669 ponit,
2415 615 2541 656 cum
2591 601 2646 656 in
2680 602 2877 657 coelum
2931 603 3246 659 redeuntem
3297 600 3586 657 Dominum
3626 601 3762 672 ipsa:

2188 692 2535 762 comitantes,
2584 695 2810 767 angelis,
2862 695 2958 766 qui
2993 701 3285 750 versantur
3314 695 3371 748 in
3420 693 3606 760 terris,
3638 693 3760 763 qui-

2188 782 2400 853 busque
2450 784 2508 838 in
2558 784 2853 839 humanam
2883 787 3050 841 vitam
3100 786 3384 857 ingressus
3428 787 3760 843 commissus

2188 881 2292 938 est,
2362 874 2632 943 imperant
2679 876 2745 929 ad
2789 875 2937 929 hunc
2987 873 3208 929 modum
3248 891 3262 928 :
3313 874 3501 929 Tollite
3555 884 3758 943 portas,

2189 963 2469 1032 principes,
2504 974 2724 1029 vestras,
2763 973 2812 1018 et
2852 965 3147 1029 elevamini,
3186 974 3353 1033 porta:
3383 964 3679 1030 wternales,
3711 973 3762 1019 et

2190 1053 2431 1108 introibit
2462 1054 2572 1109 Rea:
2600 1056 2805 1126 gloria.
2847 1055 2914 1109 Et
2940 1055 3218 1125 quoniam,
3246 1057 3555 1127 ubicunque
3602 1056 3764 1111 fuerit

2190 1145 2302 1213 ille,
2340 1146 2433 1216 qui
2465 1147 2519 1200 in
2554 1148 2735 1217 seipso
2780 1148 2962 1202 omnia
2997 1148 3258 1213 continet,
3309 1163 3409 1218 pro
3461 1148 3765 1218 suscipien-

2192 1237 2324 1291 tium
2361 1248 2525 1306 captu
2554 1252 2613 1294 se
2644 1239 2822 1307 ipsum
2852 1236 3172 1304 dimetitur;
3208 1252 3385 1308 neque
3417 1238 3561 1293 enim
3586 1239 3762 1294 solum

2193 1328 2335 1383 inter
2361 1328 2611 1383 homines
2659 1328 2822 1384 homo
2873 1328 2953 1392 fit,
3009 1328 3386 1393 verumetiam,
3441 1327 3570 1382 dum
3626 1329 3768 1383 inter

2194 1420 2414 1488 angelos
2445 1429 2712 1484 versatur,
2761 1419 2841 1473 ad
2874 1420 3087 1474 illorum
3127 1425 3379 1472 naturam
3410 1433 3532 1474 sese
3566 1418 3767 1474 demit-

2196 1510 2298 1564 tit:
2331 1510 2535 1564 idcirco
2566 1518 2878 1565 narrantem
2918 1510 3179 1579 janitores
3202 1509 3578 1579 interrogant:
3634 1508 3767 1575 Quis

2194 1611 2267 1655 est
2300 1602 2398 1656 iste
2426 1600 2537 1656 Rex
2568 1602 2794 1673 gloriae?
2824 1600 3179 1672 Respondent
3209 1602 3343 1671 ipsis
3367 1600 3771 1656 demonstrant-

530 1692 679 1759 ξης;
713 1684 787 1745 Οῦ
821 1691 979 1762 χάριν
1010 1692 1099 1744 τὸν
1137 1691 1392 1761 κραταιὸν
1436 1691 1616 1754 αὐτοῖς
1660 1692 1753 1744 καὶ
1784 1690 2006 1745 δυνατὸν
2039 1692 2096 1743 ἐν

2204 1709 2302 1763 que
2332 1690 2525 1747 fortem
2562 1670 2617 1747 et
2650 1699 2926 1763 potentem
2940 1670 3011 1747 in
3044 1670 3258 1761 prcelio,
3308 1689 3402 1760 qui
3432 1695 3774 1760 pugnaturus

532 1783 751 1853 πολέμῳ
776 1781 1199 1847 ὐποδεικνύουσι,
1222 1782 1312 1835 τὸν
1339 1780 1597 1851 μέλλοντα
1628 1782 1763 1849 πρὸς
1785 1781 1876 1834 τὸν
1899 1782 2098 1851 αἰχμα-

529 1868 832 1923 λωτίσαντα
859 1869 957 1938 τὴν
1005 1868 1347 1940 ἀνθρωπίνην
1370 1868 1531 1939 φύσιν
1557 1868 1981 1940 συμπλέκεσθαι,
2005 1858 2101 1925 καὶ

531 1956 818 2011 καταλύειν
861 1957 953 2011 τὸν
997 1956 1186 2028 ἔχοντα
1234 1956 1329 2011 τοῦ
1382 1958 1611 2012 θανάτου
1649 1960 1708 2012 τὸ
1745 1960 1973 2031 κράτος·
2016 1961 2104 2014 ἵνα

530 2046 622 2100 τοῦ
654 2048 881 2118 ἐσχάτου
914 2046 1110 2118 ἐχθροῦ
1135 2047 1540 2117 ἀφανισθέντος,
1584 2050 1665 2112 εἰς
1702 2048 2013 2120 ἐλευθερίαν
2041 2065 2101 2102 τε

534 2138 628 2191 καὶ
658 2137 879 2208 εἰρήνην
906 2136 1178 2210 ἀνακληθῇ
1212 2138 1273 2191 τὸ
1304 2138 1659 2210 ἀνθρώπινον.
1702 2139 1871 2193 Πάλιν
1895 2139 2098 2211 διεξέρ-

536 2247 687 2300 χεται
712 2229 810 2294 τάς
837 2229 1026 2299 ὁμοίας
1053 2230 1257 2298 φωνάς’
1292 2229 1643 2302 πεπλήρωται
1664 2231 1771 2302 γὰρ
1795 2231 1895 2301 ἤδη
1921 2232 1983 2285 τὸ
2007 2230 2102 2285 τοῦ

538 2322 765 2377 θανάτου
808 2322 1103 2394 μυστήριον
1127 2361 1140 2385 ,
1174 2321 1270 2376 καὶ⁵
1302 2322 1654 2394 κατώρθωται
1691 2323 1831 2377 κατά
1867 2322 1975 2376 τῶν
2013 2341 2107 2376 πο-

537 2412 739 2483 λεμίων
783 2417 818 2487 ὴ
852 2409 1010 2482 νίκη,
1048 2411 1142 2464 καὶ
1174 2412 1468 2483 ἐγήγερται
1507 2411 1568 2466 τό
1606 2413 1724 2465 κατ’
1763 2411 1941 2466 αὐτῶν
1982 2414 2105 2484 τρό-

541 2521 697 2557 παιον
720 2504 748 2556 6
772 2501 1021 2573 σταυρός·
1048 2501 1158 2556 Kal
1183 2502 1369 2556 πάλιν
1390 2503 1571 2571 ἀνέϐη
1594 2506 1681 2569 είς
1698 2504 1876 2572 ὕψος,
1895 2507 2106 2574 αἰχμα-

541 2593 813 2647 λωτεύων
837 2590 952 2659 τὴν
985 2592 1421 2660 αἰχμαλωσίαν,
1454 2593 1482 2645 6
1505 2592 1628 2655 δοὺς
1648 2594 1745 2663 τὴν
1770 2592 1914 2665 ζωήν
1933 2612 1992 2648 τε
2015 2596 2108 2651 καὶ

542 2684 639 2754 τὴν
668 2682 973 2753 βασιλείαν,
1003 2681 1071 2735 τὰ
1103 2680 1282 2750 ἀγαθά
1308 2681 1478 2736 ταῦτα
1518 2683 1722 2753 δόματα
1749 2686 1861 2748 τοῖς
1901 2685 2109 2757 ἀνθρώ-

544 2791 683 2838 ποις.
730 2774 841 2829 Καὶ
887 2775 968 2829 δεῖ
1010 2773 1169 2827 πάλιν
1213 2773 1522 2843 ἀνοιχθῆναι
1567 2774 1665 2838 τὰς
1711 2762 2137 2846 ὑπερκειμένας

545 2863 718 2928 πύλας
756 2863 925 2935 αὐτῷ.
973 2863 1588 2936 Ἀντιμεταλαμόἀνουσι
1635 2866 1733 2937 τὴν
1780 2867 2111 2940 προπομπὴν

546 2958 594 3009 οἱ
623 2956 879 3028 ἡμέτεροι
902 2956 1159 3025 φύλακες,
1191 2957 1287 3011 καὶ
1317 2957 1626 3035 ἀνοιχθῆναι
1652 2958 1798 3029 αὐτῷ
1819 2958 1919 3022 τὰς
1944 2960 2110 3031 ὑπερ-

549 3049 804 3119 κειμένας
828 3047 998 3112 πύλας
1033 3047 1513 3119 παρακελεύονται,
1537 3049 1623 3102 ίνα
1652 3048 1813 3104 πάλιν
1836 3052 1894 3103 ἐν
1924 3051 2113 3116 αὐταῖς

549 3138 796 3211 δοξασθῇ.
841 3139 978 3193 Ἀλλ’
1010 3140 1282 3208 ἀγνοεῖται
1312 3141 1341 3192 6
1371 3139 1470 3210 τὴν
1510 3140 1761 3210 ῥυπαρὰν
1801 3140 1990 3213 στολὴν
2019 3142 2114 3196 τοῦ

550 3231 816 3302 ἡμετέρου
861 3230 976 3301 βίου
1023 3230 1467 3301 περιϐαλόμενος,
1505 3224 1566 3286 οῦ
1610 3231 1671 3285 τὸ
1717 3230 1967 3304 ἐρύθημα
2008 3233 2116 3287 τῶν

553 3323 783 3393 ἱματίων
813 3323 878 3376 ἐκ
914 3322 1014 3392 τῆς
1054 3321 1213 3392 ληνοῦ
1241 3322 1349 3376 τῶν
1395 3321 1748 3394 ἀνθρωπίνων
1782 3323 1986 3378 κακῶν.
2021 3324 2120 3379 Διά

553 3412 708 3466 τοῦτο
731 3414 858 3484 παρ’
888 3412 1110 3468 ἐκείνων
1141 3415 1174 3484 ἡ
1205 3413 1590 3486 ἐρωτηματικὴ
1622 3414 1758 3487 αῦτη
1794 3417 1944 3487 φωνὴ
1984 3417 2120 3489 πρὸς

554 3505 680 3569 τοὺς
715 3504 1198 3574 προπομπεύοντας
1242 3505 1472 3573 γίνεται·
1515 3506 1609 3572 Τίς
1644 3506 1816 3561 ἐστιν
1856 3503 2035 3574 οὗτος
2087 3513 2121 3564 ό

556 3596 854 3662 Βασιλεὺς
903 3594 1012 3663 τῆς
1049 3595 1262 3663 δόξης;
1296 3591 1448 3659 εἶτα,
1484 3597 1518 3666 ἡ
1559 3596 1763 3650 τούτων
1809 3599 2120 3669 ἀπόκρισις,

556 3687 761 3753 οὐκέτι,
787 3688 841 3739 '0
872 3686 1146 3755 κραταιὸς
1173 3686 1271 3741 καὶ
1297 3686 1553 3753 δυνατὸς
1577 3688 1648 3741 ἐν
1672 3689 1929 3757 πολέμῳ,
1964 3689 2120 3757 ἀλλὰ,

558 3778 762 3849 Κύριος
798 3777 905 3831 τῶν
950 3779 1248 3849 δυνάμεων,
1290 3779 1320 3831 6
1351 3777 1446 3832 τοῦ
1481 3779 1682 3843 παντὸς
1727 3779 2031 3851 ἐξημμένος
2062 3783 2124 3835 τὸ

559 3871 779 3942 κράτος,
818 3873 847 3925 6
869 3870 1350 3941 ἀνακεφαλαιώσας
1377 3870 1445 3924 τὰ
1478 3871 1653 3925 πάντα
1691 3871 1749 3925 ἐν
1780 3873 1975 3944 ἐαυτῷ,
2007 3877 2034 3927 6
2068 3876 2126 3928 ἐν

562 3963 694 4016 πᾶσι
727 3962 1040 4032 πρωτεύων,
1068 3964 1096 4015 ὁ
1137 3963 1217 4026 είς
1252 3962 1351 4033 τὴν
1389 3960 1610 4034 πρώτην
1640 3962 1814 4017 κτίσιν
1852 3965 2128 4019 ἀποκατα-

565 4055 766 4129 στήσας
789 4054 859 4108 τά
888 4055 1064 4109 πάντα
1084 4093 1100 4118 ,
1131 4054 1292 4117 αὐτός
1315 4056 1460 4107 ἐστιν
1491 4055 1520 4107 6
1553 4054 1813 4119 Βασιλεὺς
1830 4056 1928 4126 τῆς
1948 4056 2124 4127 δόξης.

577 4150 766 4222 Ὁρᾶτε
798 4153 945 4216 ὅπως
987 4153 1118 4223 ἡμῖν
1154 4151 1487 4222 γλυκυτέραν
1526 4150 1624 4221 τὴν
1664 4148 1857 4221 ἑορτὴν
1896 4149 1925 4201 ὁ
1966 4147 2130 4202 Δαὸὶδ

565 4242 966 4311 ἀπειργάσατο,
1016 4242 1135 4314 τὴν,
1168 4241 1303 4295 ἰδίαν
1347 4241 1506 4311 χάριν
1552 4241 1618 4310 τῇ
1666 4237 1980 4308 φαιδρότητι
2029 4236 2129 4308 τῆς

2198 1792 2316 1839 erat
2342 1792 2533 1839 contra
2561 1784 2736 1849 illum,
2769 1785 2863 1855 qui
2906 1792 3158 1839 naturam
3193 1785 3486 1838 humanam
3516 1782 3572 1837 in
3600 1781 3775 1839 servi-

2200 1880 2316 1927 tute
2376 1874 2643 1942 captivam
2699 1872 2993 1934 detinebat,
3055 1881 3111 1926 et
3160 1886 3452 1927 eversurus
3499 1885 3622 1925 eum
3679 1870 3775 1940 qui

2200 1963 2392 2018 mortis
2444 1964 2679 2019 habebat
2736 1963 3091 2035 imperium‘,
3151 1968 3211 2017 ut
3244 1961 3568 2032 gravissimo
3617 1959 3776 2015 hoste

2201 2063 2477 2124 superato,
2529 2068 2701 2123 genus
2734 2053 3017 2108 hominum
3049 2054 3105 2107 in
3147 2052 3452 2107 libertatem
3501 2058 3555 2105 et
3584 2063 3777 2120 pacem

2201 2145 2524 2199 vindicaret.
2560 2143 2801 2199 Rursum
2840 2145 3037 2211 repetit
3064 2142 3283 2199 easdem
3311 2156 3493 2197 voces.
3524 2140 3780 2209 Comple-

2204 2243 2319 2290 tum
2352 2236 2497 2290 enim
2520 2235 2633 2305 jam
2657 2243 2741 2291 est
2769 2236 2962 2290 mortis
2991 2234 3332 2306 mysterium,
3370 2240 3424 2287 et
3446 2230 3675 2287 victoria
3705 2230 3776 2286 de

2207 2329 2460 2384 hostibus
2482 2338 2783 2399 reportata,
2804 2337 2857 2385 et
2877 2337 3068 2384 contra
3092 2328 3244 2398 ipsos
3276 2327 3572 2382 excitatum
3597 2323 3781 2379 crucis

2208 2431 2488 2488 tropa-um.
2532 2419 2779 2475 Ascendit
2815 2421 2868 2474 in
2893 2419 3080 2485 altum,
3116 2418 3376 2487 captivam
3393 2417 3586 2471 ducens
3608 2416 3783 2483 capti-

2207 2513 2420 2566 vitatem
2438 2512 2478 2576 ⁵,
2497 2512 2591 2582 qui
2611 2512 2799 2575 vitam,
2815 2517 2867 2566 et
2889 2525 3137 2580 regnum,
3156 2516 3211 2563 et
3228 2508 3492 2578 praeclara
3511 2506 3626 2561 haec
3640 2505 3782 2560 dona

2209 2584 2524 2655 hominibus
2547 2599 2759 2655 tribuit.
2780 2598 3053 2670 Imposita:
3076 2598 3156 2652 illi
3180 2611 3374 2652 rursus
3396 2591 3786 2664 patefacienda:

2211 2701 2336 2747 sunt
2375 2698 2561 2761 portat.
2595 2690 2903 2745 Occurrunt
2940 2692 2991 2745 ei
3035 2690 3208 2744 nostri
3255 2686 3528 2752 custodes,
3565 2693 3619 2740 et
3649 2697 3781 2753 por-

2211 2790 2297 2835 tas
2316 2782 2510 2851 jubent
2537 2782 2764 2848 recludi,
2794 2789 2855 2836 ut
2882 2781 2937 2836 in
2965 2781 3098 2851 ipsis
3120 2794 3338 2834 rursum
3365 2777 3595 2851 gloriam
3629 2787 3787 2830 asse-

2213 2880 2431 2942 quatur.
2469 2871 2671 2928 Verum
2719 2889 2826 2928 non
2855 2878 3156 2944 agnoscunt
3181 2883 3328 2932 eum,
3376 2867 3469 2937 qui
3508 2863 3794 2921 sordida“

2139 2992 2182 3051 ο
2215 2959 2340 3014 vitae
2388 2968 2590 3017 nostrae
2620 2961 2814 3015 stolam
2851 2960 3076 3016 indutus
3101 2954 3206 3023 est,
3257 2956 3416 3025 cujus
3460 2954 3632 3051 rubra
3659 2957 3789 3051 sunt

2217 3049 2543 3107 vestimenta
2592 3066 2659 3106 ex
2714 3051 3079 3106 humanorum
3134 3046 3404 3102 malorum
3455 3041 3786 3099 torculari‘.

2213 3141 2403 3212 Itaque
2424 3156 2615 3197 rursus
2647 3139 2872 3195 comites
2895 3138 3015 3210 ejus
3052 3137 3278 3192 vocibus
3313 3133 3419 3190 illis
3456 3134 3790 3202 interrogau-

2215 3237 2326 3286 tur.
2368 3229 2500 3295 Quis
2533 3241 2611 3285 est
2637 3232 2736 3285 iste
2765 3228 2876 3284 Rea:
2920 3228 3150 3300 gloria?
3182 3223 3565 3296 Respondetur
3609 3227 3791 3279 autem

2218 3337 2328 3378 non
2358 3322 2630 3392 amplius:
2667 3321 2871 3386 Fortis,
2905 3329 2955 3375 et
2983 3318 3166 3388 potens
3209 3318 3262 3371 in
3296 3315 3521 3385 prwlio:
3553 3310 3651 3367 sed
3687 3309 3792 3364 Do-

2218 3414 2401 3469 minus
2428 3414 2710 3477 virtutum,
2765 3412 2861 3483 qui
2909 3410 3099 3466 mundi
3132 3408 3496 3480 principatum
3536 3403 3791 3469 obtinuit,

2221 3505 2313 3575 qui
2343 3504 2654 3559 summatim
2682 3503 2865 3557 omnia
2890 3502 2946 3556 in
2978 3515 3037 3557 se
3064 3499 3302 3569 collegit,
3334 3498 3426 3569 qui
3449 3497 3506 3551 in
3538 3495 3794 3550 omnibus

2221 3596 2429 3666 primas
2467 3600 2636 3657 tenet,
2683 3594 2775 3662 qui
2817 3591 3105 3662 pristinum
3140 3589 3199 3644 in
3244 3595 3445 3644 statum
3473 3594 3671 3641 cuncta
3702 3598 3792 3640 re-

2225 3686 2421 3751 stituit,
2455 3685 2572 3754 ipse
2596 3692 2680 3739 est
2709 3681 2821 3737 Rex
2850 3681 3054 3754 gloriae.
3090 3678 3349 3744 Cernitis,
3376 3675 3651 3748 quomodo
3683 3673 3795 3729 dul-

2223 3776 2429 3832 ciorem
2482 3775 2642 3831 nobis
2705 3773 3074 3830 celebritatem
3126 3769 3297 3825 David
3352 3766 3608 3830 eﬂ‘ecerit,
3667 3764 3796 3819 dum

2226 3864 2486 3922 Ecclesiae
2516 3864 2777 3920 hilaritati
2800 3863 3030 3935 gratiam
3052 3860 3323 3915 immiscet
3356 3871 3532 3915 suam.
3563 3853 3797 3911 Proinde

2227 3971 2328 4013 nos
2352 3958 2504 4021 item,
2534 3964 2795 4027 quantum
2824 3967 3137 4024 possumus,
3174 3950 3452 4005 imitemur
3471 3945 3797 4016 Prophetam

2228 4048 2284 4104 in
2317 4048 2585 4102 charitate
2619 4060 2744 4117 erga
2777 4044 2970 4110 Deum,
3001 4044 3056 4099 in
3087 4039 3508 4097 mansuetudine
3539 4038 3685 4106 vitm,
3739 4035 3798 4092 in

2228 4139 2515 4195 tolerantia
2543 4152 2672 4209 erga
2698 4136 2821 4192 illos
2849 4134 2943 4206 qui
2973 4148 3075 4191 nos
3103 4133 3231 4189 odio
3280 4137 3709 4203 prosequuntur,
3744 4134 3800 4182 ut

2230 4230 2515 4303 Propheta:
2553 4230 2802 4286 doctrina
2845 4228 3004 4283 nobis
3036 4226 3104 4282 ad
3134 4227 3273 4283 bene
3309 4226 3573 4294 beateque
3610 4221 3800 4275 viven-

579 4308 902 4403 Ἐκκλησίας
948 4308 1613 4403 ἐγκαταμίξαςξὝΟ-ὑκοῦνν
1634 4325 2001 4399 μιμησώμεθα
2038 4343 2107 4380 κα

2204 4340 2207 4363 ν
2234 4325 2366 4381 dum
2391 4323 2501 4378 dux
2538 4322 2909 4392 magistraque
2951 4319 3044 4383 sit,
3076 4318 3131 4373 in
3162 4317 3382 4372 Christo
3414 4312 3544 4403 Iesu
3572 4308 3800 4365 Domino

568 4423 726 4492 ἡμεῖς
750 4422 839 4475 τὸν
867 4422 1177 4493 Προφήτην,
1214 4422 1271 4474 ἐν
1299 4414 1379 4483 οἷς
1405 4416 1623 4472 δυνατόν
1649 4417 1763 4469 ἐστι
1789 4414 2129 4486 κατορθῶσαι

2234 4423 2446 4482 nostro,
2478 4415 2566 4470 cui
2603 4413 2775 4485 gloria
2802 4413 2857 4468 in
2889 4411 3087 4469 saecula
3117 4406 3465 4465 saeculorum.
3495 4401 3689 4456 Amen.

568 4517 667 4587 τὴν
698 4517 948 4588 μίμησιν,
987 4491 1136 4585 ἐντῇ
1157 4514 1291 4584 πρὸς
1316 4514 1446 4568 Θεὸν
1477 4514 1686 4584 ἀγάπῃ,
1715 4513 1773 4565 ἐν
1801 4512 1866 4582 τῇ
1891 4508 1986 4564 τοῦ
2016 4509 2131 4580 βίου
2170 4510 2458 4582 πρᾳότητι,
2493 4509 2551 4562 ἐν
2619 4510 2686 4580 τῇ
2758 4508 2893 4578 πρὸς
2923 4506 3048 4568 τοὺς
3087 4499 3375 4575 μισοῦντας
3414 4491 3798 4588 μακροθυμία·

571 4585 659 4664 ἵνα
684 4585 904 4681 γένηται
929 4612 962 4679 ἡ
1002 4607 1096 4663 τοῦ
1124 4610 1409 4681 Προφήτου
1436 4608 1747 4663 διδασκαλία
1789 4605 1888 4675 τῆς
1924 4607 2064 4660 κατά
2094 4606 2227 4661 Θεὸν
2254 4607 2524 4695 πολιτείας
2563 4603 2930 4676 χειραγωγία,
2963 4601 3021 4656 ἐν
3049 4593 3270 4669 Χριστῷ
3302 4590 3476 4660 Ἰησοῦ
3513 4587 3591 4659 τῷ
3616 4585 3804 4659 Κυρίῳ

572 4699 749 4772 ἡμῶν,
771 4695 817 4768 ᾧ
845 4702 879 4772 ἡ
902 4700 1026 4766 δόξα
1055 4704 1134 4766 εἰς
1158 4704 1284 4766 τοὺς
1313 4702 1516 4765 αἰῶνας
1550 4701 1654 4755 τῶν
1682 4698 1910 4754 αίώνων.
1964 4697 2153 4769 Ἀμήν.

642 4886 664 4917 ⁸
694 4883 831 4940 Ileb.
869 4899 929 4949 ιι,
961 4884 1049 4940 14.
1113 4886 1134 4918 ⁸
1155 4882 1301 4944 Psal.
1325 4901 1498 4951 vau,
1534 4885 1620 4941 I9.
1696 4886 1718 4916 ⁸
1745 4883 1850 4940 Isa.
1892 4897 2043 4950 uin,
2073 4883 2129 4937 2.
