4084 6158
318 214 425 272 695
810 250 825 268 ι
1550 213 1607 268 S.
1639 212 1969 268 GRI‘JGORH
2009 209 2304 267 NYSSENI
3454 208 3557 265 096

2207 356 3528 394 Μ

322 366 2451 397 W

1588 520 1814 606 ΤΟΥ
1903 501 2277 605 ΑΥΤΟΥ

675 729 1207 853 ΛΟΓΟΣ
1313 739 1555 855 ΕΙΣ
1658 657 1865 856 T0

2005 736 2439 853 lI‘ION
2534 721 3208 853 HNEYMAL

1674 1136 2219 1229 EJUSDEM

888 1348 1429 1469 ORATIO
1513 1348 1697 1462 DE
1776 1349 2351 1465 SPIRITU
2430 1348 2999 1467 SANCTO

1412 1575 1592 1632 SIVE
1638 1574 1725 1629 IN
1778 1573 2327 1632 PENTECOSTEN
2376 1575 2478 1648 (l).

1265 1734 1549 1796 lnterprete
1574 1738 1627 1782 et
1645 1732 1909 1782 scholiaste
1936 1730 2205 1782 Laurentio
2222 1729 2464 1795 Zacagnio
2484 1734 2543 1785 γ.
2594 1765 2624 1785 ..

394 2043 686 2112 Quodlibet
709 2044 920 2102 festivae
940 2047 1276 2105 celebritatis
1310 2057 1688 2121 argumentum
1722 2063 1819 2119 per
1847 2061 1904 2101 se

2082 2048 2270 2101 Πᾶσαν
2319 2047 2513 2119 ἑορτῆς
2550 2046 2807 2101 ὑπόθεσιν
2855 2042 3217 2116 φαιδροτέραν
3249 2043 3277 2096 ό
3317 2041 3476 2096 Δασὶδ
3510 2041 3576 2096 δι’

324 2137 441 2208 ipse
476 2138 743 2193 illustrius
768 2137 930 2193 ellieit
964 2137 1304 2203 David,dum
1340 2140 1721 2195 suavissimam
1755 2139 1900 2192 illam

323 2228 591 2283 citharam
624 2228 690 2284 ad
715 2228 791 2293 id,
816 2229 963 2298 quod
996 2231 1118 2286 usui
1150 2238 1254 2295 est,
1293 2239 1417 2300 apte
1446 2245 1661 2299 semper
1690 2240 1903 2283 accom-

322 2319 528 2374 modat.
576 2318 922 2391 Quapropter
971 2322 1252 2392 sapientiae
1284 2323 1480 2379 fidibus
1525 2321 1759 2392 Spiritus
1790 2321 1904 2390 ple-

322 2420 444 2465 ctro
476 2411 728 2480 pulsatis,
760 2420 983 2467 cantum
1023 2413 1223 2476 edens,
1256 2412 1399 2468 idem
1439 2414 1595 2468 nobis
1628 2412 1902 2482 Propheta

324 2517 571 2571 magnam
603 2517 821 2573 quoque
856 2503 1208 2558 Pentecostes
1237 2502 1607 2559 celebritatem
1645 2503 1898 2557 illustret.

323 2592 479 2648 Dicat
512 2595 736 2663 proinde
761 2611 828 2651 ex
862 2596 1044 2651 divina
1079 2596 1171 2650 illa
1203 2597 1574 2653 modulatione
1608 2610 1706 2651 sua
1759 2595 1904 2665 psal-

324 2701 471 2739 mum
508 2685 656 2740 illum
691 2686 955 2742 hodierno
991 2685 1084 2742 Dei
1120 2686 1382 2742 beneﬁcio
1414 2702 1713 2756 congruum
1750 2705 1763 2740 :
1800 2685 1901 2740 Ve-

322 2779 449 2840 nite,
488 2778 810 2831 exsultemus
854 2777 1083 2831 Domino
1117 2778 1157 2830 ¹.
1203 2775 1449 2831 Primum
1505 2787 1685 2833 autem
1737 2792 1904 2832 nosse

322 2875 538 2937 Oportet
575 2868 847 2937 quodnam
895 2870 968 2923 sit
1013 2869 1117 2924 hoc
1167 2868 1259 2924 Dei
1306 2869 1663 2933 beneﬁcium,
1707 2869 1904 2926 deinde

324 2958 595 3014 orationis
614 2965 935 3029 argumento
968 2959 1205 3028 aptanda
1235 2968 1366 3015 sunt
1382 2962 1547 3017 verba
1570 2962 1901 3032 prophetiae;

323 3064 530 3119 perque
561 3064 657 3104 vos
689 3049 819 3103 mihi
850 3050 1031 3114 liceat,
1066 3065 1186 3120 quae
1221 3051 1287 3105 ad
1324 3051 1440 3107 haec
1471 3054 1766 3123 pertinent,
1801 3054 1902 3109 ali-

323 3156 436 3210 quo
466 3141 657 3194 ordine
696 3155 795 3208 pro
834 3140 1051 3195 viribus
1084 3141 1378 3211 explicare.
1414 3141 1575 3196 Initio
1612 3143 1902 3198 aberrave-

323 3242 448 3287 rant
501 3232 752 3288 homines
785 3248 816 3287 a
864 3232 1179 3303 cognitione
1206 3233 1336 3298 Dei,
1374 3234 1678 3303 relictoque
1721 3249 1901 3289 rerum

323 3320 567 3374 omnium
614 3319 889 3388 Domino,
925 3321 1017 3375 alii
1062 3322 1252 3377 mundi
1301 3322 1555 3378 colebant
1595 3322 1902 3386 elementa,

324 3408 417 3464 alii
445 3409 722 3466 daemones
757 3411 1101 3468 venerandos
1132 3412 1450 3477 censebant,
1475 3412 1751 3482 plerisque
1776 3426 1905 3468 vero

324 3501 653 3557 manufactae
697 3503 861 3559 etiam
914 3503 1337 3561 simulacrorum
1383 3504 1649 3576 imagines
1681 3504 1905 3558 numina

324 3606 446 3647 esse
468 3590 809 3661 videbantur,
840 3594 1041 3667 quibus
1070 3596 1315 3651 colendis
1345 3610 1492 3660 aras,
1522 3604 1577 3652 et
1605 3596 1825 3665 templa,
1852 3603 1907 3650 et

324 3697 517 3750 sacra,
546 3690 601 3739 et
628 3684 913 3752 victimas,
944 3693 997 3742 et
1032 3686 1191 3753 fana,
1228 3694 1283 3743 et
1314 3687 1541 3742 delubra
1585 3687 1802 3758 aliaque
1850 3686 1905 3743 id

325 3789 496 3843 genus
525 3775 930 3832 dedicaverant.
986 3777 1244 3849 Benignis
1275 3777 1440 3848 igitur
1487 3778 1665 3833 oculis
1697 3786 1906 3834 natura:

329 3863 590 3920 Dominus
619 3875 931 3937 corruptam
965 3867 1250 3922 hominum
1283 3876 1535 3921 naturam
1564 3869 1826 3937 respexit,
1851 3876 1906 3925 et

327 3954 624 4009 humanam
660 3957 827 4009 vitam
863 3957 931 4011 ab
955 3971 1143 4011 errore
1165 3956 1234 4011 ad
1266 3957 1519 4013 veritatis
1539 3958 1902 4028 cognitionem

326 4048 657 4118 quibusdam
701 4049 860 4117 quasi
895 4050 1158 4120 gradibus
1199 4052 1497 4106 revocavit.
1534 4050 1903 4118 Quemadmo-

327 4140 458 4191 dum
501 4137 647 4192 enim
677 4138 771 4207 qui
800 4138 1057 4194 diuturna
1095 4140 1237 4195 fame
1264 4142 1550 4197 confectos
1579 4159 1645 4197 ex
1681 4144 1904 4199 medica:

328 4227 609 4284 facultatis
634 4231 955 4300 praescripto
991 4232 1277 4297 reficiunt,
1308 4234 1622 4289 eorumdem
1660 4235 1904 4290 imbecil-

327 4320 466 4376 litati
504 4321 937 4391 prospicientes,
968 4322 1112 4377 haud
1154 4324 1301 4380 illico
1343 4326 1424 4381 eis
1474 4326 1543 4381 ad
1596 4328 1904 4383 satietatem

328 4410 482 4468 cilius
509 4413 899 4483 suppeditant;
934 4414 1025 4469 sed
1059 4423 1412 4485 posteaquam
1441 4418 1586 4472 victu
1620 4418 1903 4473 moderato

325 4506 471 4561 vires
509 4516 925 4577 recuperarunt,
956 4514 1069 4562 tum
1103 4508 1322 4564 demum
1354 4510 1490 4579 ipsis
1520 4510 1587 4564 ad
1614 4510 1903 4566 arbitrium

327 4612 449 4653 sese
473 4597 760 4667 explendi,
809 4607 1131 4667 potestatem
1170 4598 1378 4655 faciunt
1414 4620 1427 4656 :
1470 4602 1551 4657 sic
1578 4603 1739 4656 etiam
1775 4617 1900 4657 cum

326 4686 599 4742 horrenda
635 4688 800 4742 veluti
832 4688 973 4745 fame
1001 4690 1301 4744 humanum
1335 4706 1506 4761 genus
1550 4691 1899 4762 absumptum

324 4787 508 4843 esset,
538 4781 924 4851 mysteriorum
972 4798 1155 4839 escam
1196 4782 1382 4837 divina
1414 4783 1522 4837 illis
1558 4782 1901 4854 providentia

326 4872 430 4926 hac
461 4871 674 4927 ratione
700 4871 1059 4944 dispensavit,
1090 4883 1151 4929 ut
1187 4874 1241 4929 in
1274 4875 1392 4932 dies
1424 4875 1706 4945 paulatim,
1738 4882 1901 4947 atque

399 5053 414 5083 ί
456 5050 601 5110 Psal.
628 5067 773 5117 xcrv,
812 5053 864 5106 l.

402 5180 1080 5276 (1)ϐΑι,ιΑμυ.,ν’1,6οι.
1127 5202 1410 5276 -—_Edita
1438 5211 1522 5276 est
1550 5201 1687 5276 _ha3_c
1729 5203 1905 5257 oratio

330 5271 523 5331 Latine
554 5285 767 5331 tantum
816 5291 882 5328 ex
919 5274 1171 5328 versione
1217 5272 1497 5327 Francisci
1550 5271 1671 5324 Zini
1711 5291 1723 5324 :
1778 5288 1902 5326 cum

332 5356 515 5399 autem
540 5345 730 5402 Graece
767 5346 1060 5399 haberetur
1094 5346 1145 5397 in
1176 5344 1355 5397 tribus
1410 5342 1751 5412 perantiquis
1797 5341 1905 5412 Va-

332 5419 528 5471 ticana:
564 5416 908 5469 bibliothecae
957 5414 1243 5468 codicibus
1290 5411 1518 5484 signatis
1566 5428 1720 5484 num,
1760 5411 1902 5484 ⁸564,
1950 5472 1962 5484 _

336 5488 473 5541 H53
507 5494 561 5539 et
586 5486 745 5546 l907,
772 5486 824 5538 in
853 5485 1052 5552 quibus
1084 5484 1267 5537 omnia
1318 5479 1432 5537 fere
1470 5480 1716 5550 Gregorii
1759 5479 1901 5552 Nys-

331 5556 449 5610 seui
477 5570 640 5623 opera
681 5551 1054 5609 continentur.
1091 5560 1457 5621 opportunum
1502 5552 1662 5623 nobis
1692 5551 1899 5623 “visum

342 5637 447 5695 est,
491 5620 612 5681 eam
663 5639 879 5696 quoquc
915 5623 1099 5677 Graece
1127 5620 1286 5678 edere
1313 5639 1379 5678 cx
1411 5622 1601 5676 codice
1643 5621 1802 5687 1455,
1836 5620 1903 5675 ad

2004 2138 2199 2192 ἑαυτοῦ
2224 2139 2617 2209 ἀπεργάζεται,
2645 2139 2744 2209 τὴν
2766 2134 3164 2206 πολυαρμόνιον
3192 2133 3404 2203 ἐκείνην
3432 2133 3582 2187 κιθάο

2003 2246 2105 2301 ραν
2147 2230 2469 2301 προσφόρως
2493 2230 2579 2283 ἀεὶ
2604 2232 2669 2301 τῇ
2701 2228 2862 2299 χρείᾳ
2896 2224 3391 2297 μεθαρμοζόμενος.
3436 2222 3577 2278 Otia-

2000 2322 2095 2377 οὖν
2153 2322 2244 2376 καὶ
2282 2321 2381 2393 τὴν
2412 2322 2653 2394 μεγάλην
2682 2321 2782 2391 τῆς
2811 2317 3193 2389 Πεντηκοστῆς
3234 2315 3426 2387 ἑορτὴν
3458 2332 3583 2383 φαι-
3678 2370 3689 2379 _

2000 2413 2241 2485 δρυνέτω
2284 2414 2415 2484 ἡμῖν
2464 2415 2492 2467 ό
2525 2413 2689 2476 αὐτὸς
2725 2402 3041 2483 Προφήτης,
3077 2408 3157 2478 τῷ
3193 2408 3452 2480 πλήκτρῳ
3489 2404 3582 2459 -ι-οὖ

2002 2503 2323 2575 Πνεύματος
2378 2505 2438 2558 ἐν
2487 2505 2606 2567 ταῖς
2654 2502 2872 2573 χορδαῖς
2918 2502 3017 2570 τῆς
3067 2500 3258 2567 σοφίας
3304 2498 3365 2551 τὸ
3424 2497 3587 2567 μέλος

2001 2596 2454 2667 ἀνακρουόμενος.
2489 2594 2710 2649 Είπάτω
2747 2592 2924 2647 τοίνυν
2967 2594 3031 2645 ἐκ
3086 2591 3189 2661 τῆς
3238 2589 3422 2643 ἐνθέου
3459 2588 3587 2659 μελ-

2002 2686 2170 2755 ῳδίας
2192 2686 2427 2757 ἐκείνης,
2449 2686 2510 2739 τὺ
2548 2689 2612 2757 τῇ
2649 2684 2899 2756 παρούσῃ
2933 2684 3116 2753 χάριτι
3149 2681 3457 2751 πρόσφορον
3482 2678 3584 2748 (2),

2001 2778 2084 2831 ὅτι
2142 2777 2341 2838 Δεῦτε,
2390 2775 2890 2847 ἀωλλιασὼμεθα
2929 2772 3008 2839 τῷ
3056 2773 3268 2839 Κυρίῳ.
3316 2771 3588 2843 Πρότερον

2003 2870 2107 2942 χρὴ
2158 2869 2359 2938 γνῶναι
2397 2868 2496 2939 τὴν
2542 2868 2720 2938 χάριν,
2755 2867 2877 2937 ἥτις
2922 2864 3091 2927 ἐστὶν,
3136 2858 3235 2915 εἶθ’
3271 2861 3444 2923 οὕτως
3487 2858 3587 2929 τὴν

2005 2960 2342 3032 κατάλληλον
2369 2960 2434 3014 ἐκ
2463 2961 2562 3032 τῆς
2601 2958 2936 3029 προφητείας
2968 2953 3276 3026 ἐφαρμόσαι
3302 2954 3366 3023 τῇ
3396 2950 3589 3005 ὕποθέ-

2006 3071 2089 3109 σει
2122 3055 2307 3126 φωνήν
2334 3070 2347 3082 ·
2384 3053 2480 3107 καί
2523 3070 2613 3122 μοι
2646 3051 2785 3119 δότε,
2828 3046 3010 3112 καθὼς
3041 3046 3106 3101 ἂν
3211 3043 3454 3105 δυνατὸν,
3501 3041 3591 3094 διά

2002 3163 2149 3210 τινος
2182 3145 2479 3200 ἀκολούθου
2509 3143 2718 3211 τάξεως
2750 3144 3078 3214 διασαφῆσαι
3108 3138 3200 3195 τὸν
3226 3139 3349 3211 περὶ
3381 3134 3588 3193 τούτων

2003 3238 2179 3306 λόγον·
2228 3237 2549 3307 Πεπλάνητο
2586 3239 2705 3291 κατ’
2738 3234 2912 3307 ἀρχὰς
2951 3236 3011 3288 τὸ
3048 3233 3409 3305 ἀνθρώπινον,
3453 3231 3590 3302 πρὸς

2007 3328 2105 3399 τὴν
2134 3328 2228 3381 τοῦ
2254 3327 2389 3381 Θεοῦ
2424 3327 2771 3399 κατανόησιν,
2813 3326 2909 3381 κα)⁵
2949 3325 3342 3387 καταλιπόντες
3371 3323 3461 3376 τὸν
3488 3322 3590 3393 τῆς

2011 3420 2239 3482 κτίσεως
2276 3419 2481 3490 Κύριον
2506 3458 2519 3482 ,
2549 3421 2599 3472 oi
2633 3419 2731 3490 μὲν
2766 3421 2878 3480 τοῖς
2921 3417 3014 3470 τοῦ
3061 3417 3265 3486 κόσμου
3309 3413 3589 3484 στοιχείοις

2006 3510 2072 3562 δι’
2114 3510 2333 3581 ἀπάτην
2359 3509 2436 3579 (3)
2474 3510 2815 3572 ύπέκυπτον,
2855 3508 3003 3561 ἄλλοι
3033 3507 3088 3561 δὲ
3123 3508 3222 3578 τὴν
3261 3505 3368 3559 τῶν
3403 3505 3605 3574 δαιμό-.

2006 3618 2113 3656 νων
2154 3601 2314 3672 φύσιν
2340 3601 2618 3654 ἐποιοῦντο
2672 3601 2992 3670 σεϐάσμιον,
3025 3598 3240 3661 πολλοῖς
3266 3598 3323 3651 δὲ
3346 3596 3407 3649 τὸ
3435 3595 3588 3648 Θεῖον

2007 3693 2180 3747 ἐδόκει
2210 3695 2303 3747 καὶ¹
2348 3694 2380 3764 ἡ
2420 3692 2795 3764 χειροποίητος
2834 3691 2942 3744 τῶν
2990 3690 3221 3744 εἰδώλων
3256 3687 3469 3760 μορφὴ,
3508 3680 3590 3749 οἷς

2011 3787 2182 3858 βωμοί
2208 3804 2287 3851 τε,
2315 3788 2411 3840 καὶ
2450 3787 2589 3850 ναοὶ,
2620 3786 2714 3840 καὶ
2748 3784 2998 3846 τελεταὶ,
3026 3784 3120 3836 καὶ
3153 3781 3355 3843 θυσίαι,
3387 3778 3480 3832 καὶ
3502 3794 3591 3831 τε-

2011 3879 2168 3949 μένη,
2211 3878 2303 3931 καὶ
2346 3877 2729 3947 ἀφιδρύματα,
2763 3876 2859 3928 καὶ
2890 3875 3067 3928 πάντα
3093 3870 3163 3925 τὰ
3198 3869 3423 3925 τοιαῦτα
3457 3869 3589 3938 παρ’

2005 3970 2185 4023 αὐτῶν
2248 3967 2522 4021 ἀνετίθετο
2576 3969 2654 4031 εἰς
2710 3966 3008 4037 θεραπείαν
3062 3962 3168 4017 τῶν
3220 3961 3589 4030 ψευδωνύμων

2007 4059 2164 4113 θεῶν.
2195 4054 2316 4113 Εἷδε
2344 4060 2521 4111 τοίνυν
2546 4058 2624 4128 τῷ
2648 4058 2745 4129 τῆς
2769 4055 3174 4127 φιλανθρωπίας
3194 4049 3457 4121 ὀφθαλμῷ
3488 4049 3588 4119 τὴν

2004 4153 2102 4221 τῆς
2126 4152 2342 4219 φύσεως
2364 4150 2473 4203 τῶν
2497 4149 2799 4221 ἀνθρώπων
2823 4146 3121 4217 διαφθορὰν
3138 4148 3166 4199 ό
3188 4143 3465 4211 Δεσπότης
3488 4140 3589 4209 τῆς

2006 4245 2250 4314 φύσεως,
2283 4245 2376 4300 καὶ
2419 4245 2508 4298 διά
2540 4259 2685 4306 τινος
2730 4239 3050 4301 ἀκολουθίας
3094 4236 3203 4291 ἀπὸ
3229 4235 3330 4304 τῆς
3380 4231 3588 4297 πλάνης

2006 4336 2267 4405 ἐπανάγει
2307 4335 2406 4407 τὴν
2440 4331 2786 4404 ἀνθρωπίνην
2830 4329 2973 4401 ζωὴν
3008 4328 3144 4399 πρὸς
3185 4325 3284 4396 τὴν
3327 4325 3424 4392 τῆς
3458 4319 3585 4390 ἀλη·

2004 4425 2153 4489 θείας
2181 4426 2493 4493 ἐπίγνωσιν.
2528 4424 2738 4491 Ὥσπερ
2763 4421 2870 4491 γὰρ
2896 4421 2944 4472 οί
2975 4420 3102 4481 τοὺς
3131 4418 3188 4469 ἐν
3217 4413 3364 4485 λιμῷ
3388 4410 3588 4483 χρονίῳ

2005 4517 2427 4587 συντετηκότας,
2472 4515 2612 4586 μετά
2639 4530 2786 4576 τινος
2817 4511 3064 4583 ἰατρικῆς
3107 4507 3419 4578 ἐπιστήμης
3453 4505 3588 4557 άνα-

2003 4608 2396 4679 λαμϐάνοντες,
2446 4606 2547 4659 οὐκ
2580 4603 2790 4675 ἀθρόως
2837 4602 2930 4655 ἐπὶ
2971 4601 3064 4655 τὸν
3109 4601 3270 4669 κόρον
3311 4595 3587 4667 προάγου-

2008 4716 2060 4751 σι
2093 4698 2205 4767 (4),
2239 4699 2413 4767 φειδοῖ
2447 4699 2546 4768 τῆς
2592 4694 2877 4755 ἀσθενείας
2924 4691 3103 4747 αὐτῶν
3126 4708 3140 4721 ·
3185 4687 3321 4744 ἀλλά
3363 4686 3451 4739 διὰ
3490 4684 3591 4752 τῆς

2015 4791 2327 4862 συμμέτρου
2373 4787 2577 4860 τροφῆς
2616 4784 3018 4856 ἀναληφθείσης
3066 4782 3252 4846 αὐτοῖς
3296 4781 3395 4849 τῆς
3426 4775 3592 4830 δυνά-

2012 4898 2183 4951 μεως,
2214 4879 2336 4933 τότε
2386 4874 2728 4948 συγχωροῦσι
2774 4873 2896 4929 κατ’
2944 4871 3193 4937 ἐξουσίαν
3230 4862 3588 4941 ἐμφορεῖσθαι

2009 5204 2147 5257 alios
2173 5204 2393 5277 codices
2420 5205 2641 5277 collato,
2666 5201 2863 5277 addita
2918 5200 3144 5268 insuper
3177 5198 3435 5277 versione
3481 5210 3585 5277 no-

2009 5285 2144 5332 stra.
2173 5282 2230 5326 ut
2264 5276 2458 5330 melius
2478 5273 2678 5327 ermliti
2702 5272 3025 5342 dignoscere
3043 5269 3278 5340 possint,
3304 5284 3369 5323 an
3391 5269 3587 5340 genui.

2014 5359 2113 5415 nus
2137 5344 2220 5415 psit
2249 5344 2475 5415 Nysseni
2508 5344 2672 5398 fetus.

2078 5412 2154 5485 (2)
2189 5412 2340 5468 Alius
2369 5416 2563 5479 codex,
2590 5413 2894 5485 πρόσφορα.

2077 5482 2154 5553 (3)
2194 5486 2349 5538 Alius
2378 5485 2571 5548 codex,
2603 5482 2670 5536 δι’
2700 5482 2941 5553 ἀπάτης⁸

2081 5555 2156 5627 (ι)
2187 5555 2340 5610 Alius
2365 5553 2557 5615 codex,
2586 5552 2940 5623 προσάγουσι.
