4084 6158
340 217 441 273 697

1611 221 1697 277 DE
1739 221 2009 281 SPIRITU
2043 222 2330 279 SANCTO.

3483 220 3586 278 (’98

337 333 433 387 τοῦ
462 332 625 402 κόρου
644 351 655 361 ·
687 333 827 387 κατά
864 306 957 388 τὸν
993 334 1155 389 αὑτὸν
1180 334 1380 406 τρόπον
1412 335 1490 408 τῷ
1522 337 1739 409 φοϐερῷ
1766 338 1910 409 λιμῷ

2015 339 2203 395 ordine
2229 339 2601 409 proficientes,
2632 339 2699 395 ad
2730 336 3084 410 perfectionis
3116 334 3334 391 tandem
3377 334 3585 404 apicem

336 426 437 495 τῆς
462 424 807 496 ἀνθρωπίνης
832 424 1043 494 φύσεως
1068 425 1485 499 δαπανηθείσης,
1509 430 1909 500 τεταμιευμένη

337 517 546 582 γίνεται
569 516 749 579 αὐτοῖς
771 517 921 587 παρά
944 517 1042 585 τῆς
1064 518 1371 588 οἰκονομίας
1391 520 1425 588 ἡ
1450 519 1547 589 τῆς
1572 520 1679 573 τῶν
1708 537 1912 591 μυστη-

341 607 472 677 ρίων
520 606 728 676 τροφῆς
783 608 1072 677 μετουσία*
1110 608 1252 663 ῶστε
1296 610 1385 665 διά
1430 628 1573 675 τινος
1619 611 1909 667 ἀκολούθου

338 696 542 760 τάξεως
570 696 656 748 ἀεὶ
686 696 749 749 τὸ
776 696 979 750 τέλειον
1024 699 1571 770 προσλαμϐάνοντας,
1608 701 1781 765 οὕτως
1816 702 1911 756 ἐπὶ

339 785 400 838 τὸ
432 785 604 854 πέρας
633 786 833 855 φθάσαι
861 789 958 859 τῆς
981 789 1333 861 τελειότητος.
1367 791 1439 844 Τὸ
1475 792 1572 862 μὲν
1598 792 1705 864 γὰρ
1740 792 1910 857 σῶζον

341 879 543 953 ἡμᾶςή
578 878 837 943 ζωοποιός
881 882 996 934 ἐστι
1031 881 1279 953 δύναμις,
1310 884 1366 935 ὲν
1411 883 1630 953 ὀνόματι
1675 884 1908 955 Πατρός,

341 970 436 1025 καὶ
473 969 601 1024 Υίοῦ
622 1010 637 1033 .
665 971 762 1025 καὶ
793 972 949 1039 ἁγίου
977 972 1291 1043 Πνεῦματος
1331 975 1712 1048 πιστευομένη.
1754 977 1814 1029 Οί
1853 976 1910 1029 δὲ

340 1061 434 1114 τοῦ
467 1062 667 1126 παντὸς
690 1063 961 1133 ἀχὼρητοι
988 1064 1076 1118 διὰ
1100 1065 1200 1135 τὴν
1231 1065 1605 1137 γεγενημένην
1635 1066 1816 1129 αὑτοῖς
1845 1067 1911 1118 ἐκ

340 1151 436 1206 τοῦ
482 1152 640 1223 λιμοῦ
687 1154 795 1207 τῶν
833 1155 1019 1225 ψυχῶν
1070 1155 1386 1222 ἀσθένειαν,
1421 1156 1683 1228 πρότερον
1716 1159 1781 1210 ὲκ
1810 1157 1909 1226 τῆς

341 1242 630 1308 πολυθεϊας
659 1244 762 1298 ὑπὸ
789 1246 898 1299 τῶν
925 1248 1217 1318 προφητῶν
1247 1264 1329 1311 τε,
1360 1249 1456 1301 καὶ
1496 1247 1590 1301 τοῦ
1617 1249 1781 1319 νόμου
1814 1266 1908 1318 με·

339 1334 676 1399 τατεθέντες,
707 1338 787 1401 είς
823 1337 950 1407 μίαν
988 1338 1212 1407 θεότητα
1244 1338 1462 1409 βλέπειν
1494 1338 1782 1404 ἐθίζονται,
1815 1339 1909 1393 καὶ

340 1423 399 1476 ἐν
422 1424 489 1493 τῇ
528 1423 626 1494 μιᾷ
654 1424 866 1495 θεότητι
896 1425 1062 1495 μόνην
1090 1426 1187 1497 τὴν
1213 1427 1307 1480 τοῦ
1333 1427 1542 1497 Πατρὸς
1567 1427 1792 1499 δύναμιν
1821 1445 1911 1481 κα-

336 1513 637 1578 τανοοῦσιν,
669 1515 962 1587 ἀχώρητοι,
984 1517 1166 1582 καθὼς
1202 1515 1374 1584 εἷπον,
1397 1520 1547 1583 ὄντες
1566 1520 1665 1591 τῆς
1699 1519 1911 1582 τελείας

336 1607 563 1678 τροφῆς.
600 1603 732 1661 Εἶτα
772 1610 860 1663 διά
890 1609 986 1664 τοῦ
1034 1611 1366 1681 Εὑαγγελίου
1408 1612 1502 1665 καὶ
1539 1614 1567 1666 ὁ
1618 1611 1909 1682 μονογενὴς

2017 432 2382 501 pervenirent.
2437 431 2591 497 Quod
2631 432 2778 486 enim
2827 432 2985 487 nobis
3035 430 3260 485 salutem
3311 426 3586 496 impertit,

2019 518 2197 574 vitalis
2228 524 2312 573 est
2346 519 2439 572 illa
2472 519 2666 584 virtus,
2693 520 2749 572 in
2778 534 2942 588 quam
2972 518 3029 572 in
3060 517 3279 572 nomine
3306 513 3504 578 Patris,
3530 521 3586 567 et

2017 607 2160 672 Filii,
2200 617 2254 664 et
2289 608 2527 680 Spiritus
2567 609 2741 664 sancti
2773 608 3068 664 credimus.
3104 611 3173 661 At
3206 620 3333 660 cum
3365 608 3587 673 prhpter

2017 700 2323 755 animarum
2360 700 2783 756 imbecillitatem
2807 739 2824 763 ,
2860 714 2927 755 ex
2970 698 3204 769 quadam
3241 695 3407 750 veluti
3446 694 3589 748 fame

2017 801 2376 859 contractam,
2411 792 2480 846 ad
2511 791 2919 863 percipiendum
2960 790 3282 861 mysterium
3315 786 3446 841 illud
3487 785 3586 838 ho.

2015 883 2191 938 mines
2230 898 2572 954 nequaquam
2600 891 2784 940 essent
2815 882 3020 946 idonei,
3051 897 3083 934 a
3107 880 3405 934 multorum
3434 878 3587 947 prius

2016 973 2246 1029 deorum
2279 974 2432 1029 cultu
2464 989 2561 1044 per
2592 975 2920 1045 prophetas,
2951 981 3005 1028 et
3035 973 3207 1043 legem
3233 971 3315 1026 sic
3341 968 3585 1025 revocati

2017 1070 2166 1125 sunt,
2197 1070 2256 1117 ut
2291 1078 2455 1117 unam
2488 1078 2713 1118 cernere
2751 1062 3114 1128 divinitatem,
3137 1068 3194 1115 ει
3223 1061 3280 1113 in
3316 1074 3425 1113 una
3449 1057 3589 1112 divi-

2015 1157 2185 1209 nitate
2223 1154 2394 1208 solam
2423 1153 2603 1209 Patris
2646 1154 2944 1223 potentiam
2977 1166 3274 1221 agnoscere
3301 1161 3589 1205 assuesce-

2016 1253 2168 1311 rent,
2200 1246 2400 1316 quippe
2441 1245 2535 1315 qui
2585 1244 2853 1307 solidiori,
2900 1251 2958 1297 ut
2995 1241 3273 1306 diximus,
3324 1240 3447 1293 ciho
3477 1252 3586 1292 non

2014 1345 2199 1392 essent
2230 1337 2430 1391 idonei.
2459 1335 2662 1391 Deinde
2697 1350 2836 1405 quos
2856 1334 2922 1389 ad
2951 1333 3253 1403 pleniorem
3282 1328 3587 1383 divinitatis

2015 1427 2380 1499 cognitionem
2413 1428 2496 1483 lex
2528 1434 2948 1497 praeparaverat,
2978 1426 3045 1480 iis
3078 1423 3353 1479 revelatus
3385 1429 3468 1475 est
3492 1434 3588 1489 per

2014 1518 2362 1591 Evangelium
2387 1520 2700 1589 unigenitus
2716 1517 2919 1579 Filius:
2947 1533 3009 1573 ac
3026 1524 3306 1588 postremo
3324 1513 3485 1569 datus
3502 1519 3587 1577 est

2014 1611 2175 1666 nobis
2198 1610 2472 1680 perfectus
2496 1618 2706 1666 natura:
2722 1618 2922 1666 nostrae
2942 1611 3121 1675 cibus,
3145 1609 3199 1662 in
3218 1621 3327 1678 quo
3350 1605 3462 1660 vita
3478 1610 3584 1667 est,

340 1698 469 1761 Υἱὸς
501 1699 579 1768 (5)
607 1701 718 1763 τοῖς
749 1698 839 1753 διὰ
866 1701 956 1755 τοῦ
986 1704 1152 1773 νόμου
1190 1703 1733 1774 προτετελειωμένοις
1772 1705 1906 1757 ἀπο-

2015 1700 2251 1772 Spiritus
2278 1711 2524 1757 sanctus.
2554 1699 2669 1757 Hoc
2696 1701 2974 1757 hodiernae
3017 1697 3352 1756 celebritatis
3384 1702 3469 1751 est
3494 1709 3585 1749 ar-

340 1789 705 1857 καλύπτεται,
744 1791 883 1863 μετά
910 1793 1066 1846 τοῦτο
1102 1794 1465 1865 παραγίνεται
1495 1795 1624 1864 ἡμῖν
1653 1795 1688 1865 ὴ
1727 1794 1908 1848 τελεία

2015 1800 2322 1864 gumentum
2347 1809 2361 1856 ;
2389 1792 2748 1862 quamobrem
2769 1806 2982 1862 aequum
3007 1798 3111 1855 est,
3138 1797 3339 1843 utcum
3365 1784 3431 1840 ad
3456 1785 3581 1839 cho-

335 1883 436 1953 τῆς
470 1883 685 1954 φύσεως
710 1884 865 1955 ἡμῶν
894 1884 1088 1957 τροφὴ,
1123 1886 1184 1939 τὸ
1222 1885 1448 1956 Πνεῦμα
1478 1886 1540 1940 τὸ
1565 1886 1738 1954 ἆγιον,
1775 1887 1833 1940 ὲν
1863 1878 1909 1954 ᾧ

2015 1900 2098 1941 ros
2132 1887 2189 1940 in
2230 1887 2407 1943 sancti
2456 1884 2695 1954 Spiritus
2728 1884 3021 1940 festivitate
3054 1879 3412 1938 cclebrandos
3455 1891 3583 1932 con«

342 1972 485 2026 ἐστιν
508 1975 541 2044 ὴ
569 1971 704 2044 ζωή.
730 1972 877 2046 Αὕτη
907 1976 1004 2046 τῆς
1030 1977 1222 2046 ἑορτῆς
1246 1978 1279 2046 ἡ
1310 1976 1583 2039 ὑπόθεσις·
1610 1977 1698 2030 διά
1735 1975 1908 2031 ταῦτα

2015 1977 2320 2034 venerimus
2343 2017 2359 2043 ,
2401 1978 2703 2045 spiritualis
2734 1977 2901 2045 hujus
2932 1975 3085 2029 chori
3122 1973 3355 2043 principi
3389 1966 3583 2023 Davidi

339 2061 517 2125 καλῶς
543 2063 680 2133 ἔχει,
717 2064 979 2135 χορευτὰς
1007 2066 1153 2136 ἡμᾶς
1180 2067 1500 2136 γενομένους
1530 2066 1624 2120 τοῦ
1656 2067 1907 2138 Πνεῦμα-

335 2171 448 2220 τος,
482 2156 762 2210 πείθεσθαι
794 2156 872 2227 τῷ
908 2157 1192 2227 κορυφαίῳ
1235 2159 1333 2227 τῆς
1369 2159 1743 2228 πνευματικῆς
1774 2158 1910 2213 ταύ-

2005 2084 2337 2140 pareamus,
2382 2068 2618 2135 dicenti,
2675 2068 2889 2132 Venite,
2934 2066 3258 2121 exsultemus
3316 2062 3586 2125 Domino;

2009 2161 2266 2215 Dominus
2296 2171 2494 2225 autem,
2525 2170 2584 2215 ut
2630 2160 2806 2229 inquit
2833 2159 3153 2229 Apostolus,
3183 2156 3414 2223 Spiritus
3436 2163 3514 2208 est
3541 2154 3583 2210 ’.

334 2265 436 2317 της
459 2245 534 2316 (6)
564 2245 924 2316 χοροστασίας
980 2246 1143 2299 Δαόὶδ
1206 2246 1283 2318 τῷ
1311 2247 1555 2316 λέγοντι·
1613 2248 1835 2314 Δεῦτεγ
1872 2249 2364 2320 ἀγαλλιασὼμεθα
2406 2249 2486 2316 τῷ
2532 2251 2746 2318 Κυρίῳ·
2798 2250 2853 2303 '0
2895 2249 2964 2303 δὲ
2997 2250 3207 2318 Κύριος
3246 2248 3313 2302 τὸ
3354 2243 3590 2316 πνεῦμά

332 2335 484 2400 ἐστι,
514 2335 697 2400 καθώς
730 2352 893 2407 φησιν
923 2337 953 2389 ό
992 2334 1332 2401 Ἀπόστολος.

406 2428 653 2498 Σήμερον
679 2427 786 2499 γάρ
810 2427 951 2481 κατά
977 2428 1076 2499 τὴν
1106 2430 1319 2501 ἐτήσιον
1341 2430 1436 2485 τοῦ
1476 2432 1631 2498 ἔτους
1663 2433 1909 2505 περίοδον

331 2519 434 2590 τῆς
471 2521 843 2591 πεντηκοστῆς
890 2522 1410 2595 συμπληρουμένης,
1455 2526 1598 2578 κατά
1628 2526 1729 2595 τὴν
1760 2524 1908 2596 ῶραν

332 2610 557 2681 ταύτην,
583 2612 697 2679 εῐγε
718 2613 844 2682 περὶ
858 2612 957 2684 τὴν
979 2613 1168 2685 τρίτην
1190 2614 1339 2687 ὥραν
1363 2615 1462 2685 τῆς
1483 2616 1697 2688 ἡμέρας
1719 2617 1906 2686 ἐσμὲν,

334 2702 605 2772 ὲγένετοή
637 2702 1024 2773 ἀνεκδιήγητος
1060 2703 1236 2775 χάρις.
1265 2706 1582 2776 Κατεμίχθη
1614 2705 1723 2779 γὰρ
1750 2705 1909 2759 πάλιν

331 2796 445 2857 τοίς
475 2793 779 2864 ἀνθρώποις
807 2794 868 2848 τὸ
898 2795 1137 2865 Πνεῦμα,
1172 2796 1308 2866 ὅπερ
1338 2795 1416 2867 (7)
1441 2798 1702 2869 πρότερον
1730 2797 1818 2851 διὰ
1845 2797 1906 2850 τὸ

334 2885 588 2953 γενέσθαι
636 2885 815 2957 σάρκα
865 2886 956 2940 τὸν
1005 2887 1289 2959 ἄνθρωπον
1335 2889 1434 2959 τῆς
1484 2887 1701 2958 φύσεως
1751 2888 1907 2960 ἡμῶν

333 2976 668 3046 ἀπεφοίτησε
689 2993 704 3007 ο
734 2978 829 3030 καὶ¹
866 2977 953 3031 διὰ
990 2977 1091 3046 τῆς
1120 2977 1299 3047 βιαίας
1331 2979 1544 3051 ἐκείνης
1574 2981 1770 3051 πνοῆς,
1800 2978 1907 3032 τῶν

336 3041 722 3135 πνευματικῶν
761 3068 862 3137 τῆς
913 3041 1178 3139 πονηρίας
1213 3041 1647 3140 δυνάμεωνζκαὶ
1693 3041 1909 3125 πάντων
1935 3041 1979 3101 c

335 3156 445 3208 τῶν
479 3158 739 3228 ῥυπαρῶν
786 3159 1076 3229 δαιμονίων
1117 3160 1629 3214 ἀποσκεδασθέντων
1661 3161 1770 3214 ἀπὸ
1813 3160 1909 3214 τοῦ

336 3249 524 3321 ἀέρος,
568 3252 625 3304 ὲν
655 3254 721 3322 τῇ
755 3251 965 3322 καθόδῳ
1000 3251 1095 3306 τοῦ
1143 3252 1497 3323 Πνεῦματος,
1551 3251 1779 3324 πλήρεις
1813 3252 1911 3323 τῆς

341 3340 492 3404 θείας
530 3340 827 3411 δυνάμεως,
855 3344 914 3396 ὲν
956 3343 1086 3397 εῖδει
1136 3344 1327 3415 πυρὸς,
1361 3344 1412 3396 oi
1461 3345 1520 3397 ἐν
1569 3343 1647 3397 τῶ
1680 3343 1912 3415 ὑπερῴῳ

340 3431 790 3502 καταλειφθέντες
816 3434 1078 3501 ἐγένοντο·
1095 3434 1213 3487 οὑδὲ
1238 3435 1346 3506 γάρ
1372 3436 1487 3488 ἐστι
1503 3434 1723 3488 δυνατὸν
1738 3434 1911 3499 ἄλλως

341 3523 565 3593 μέτοχον
594 3524 908 3595 Πνεύματος
936 3526 1088 3595 ἁγίου
1108 3526 1362 3595 γενέσθαι
1388 3527 1529 3591 τινὰ,
1554 3526 1629 3598 μὴ
1650 3526 1726 3598 τῷ
1753 3528 1913 3599 ὑπερσ

342 3614 431 3685 (ίῳ
468 3615 569 3685 τῆς
614 3616 756 3687 ζωῆς
814 3616 1016 3687 ταύτης
1055 3601 1484 3687 ἐνδιαιτώμενον.
1524 3620 1677 3672 Ὀσοι
1709 3603 1913 3688 γὰρ’τά

337 3702 451 3755 ἀνω
483 3701 760 3771 φρονοῦσι,
813 3702 1137 3772 μεταθέντες
1176 3703 1385 3756 ἑαυτῶν
1422 3702 1529 3756 ἀπὸ
1564 3704 1667 3774 γῆς
1703 3705 1783 3767 είς
1824 3704 1914 3756 οὑ-

342 3793 500 3863 ρανδν
531 3794 592 3846 τὸ
623 3793 942 3864 πολίτευμα,
976 3794 1067 3848 τοῦ
1104 3794 1354 3866 ὑπερῴου
1384 3796 1483 3865 τῆς
1517 3795 1727 3866 ὑψηλῆς
1760 3796 1912 3849 πολι-

337 3884 487 3947 τείας
515 3885 669 3949 ὄντες
699 3886 1000 3958 οἰκήτορες,
1041 3889 1100 3941 ὲν
1140 3887 1397 3959 μετουσίᾳ
1424 3886 1518 3941 τοῦ
1553 3887 1707 3956 ἁγίου
1739 3887 1912 3941 Πνεῦ-

344 3992 514 4044 ματος
539 3976 799 4044 γίνονται.
829 3965 987 4031 Οὕτω
1016 3979 1123 4050 γάρ
1150 3996 1314 4050 φησιν
1340 3981 1374 4048 ἠ
1403 3979 1612 4049 ἱστορία
1643 3978 1748 4031 τῶν
1772 3977 1915 4049 Πρά-

344 4065 500 4131 ξεων,
533 4068 613 4120 ὅτι
645 4069 998 4139 συνηγμένων
1030 4069 1210 4123 αὐτῶν
1238 4071 1296 4122 ὲν
1324 4068 1402 4139 τῷ
1426 4068 1677 4138 ὑπερώῳ,
1717 4068 1776 4121 τὸ
1815 4085 1914 4120 καλ

341 4158 506 4228 θαρδν
533 4162 708 4213 έκεῖνο
730 4161 825 4214 καὶ⁵
870 4160 1030 4215 ἇῡλον
1078 4161 1299 4233 πῦρ“είς
1327 4161 1439 4231 εἴδη
1467 4159 1750 4229 γλωσσῶν,
1775 4158 1915 4213 κατά

339 4249 431 4303 τὸν
470 4250 701 4320 ἀριθμὸν
733 4250 843 4304 τῶν
871 4251 1151 4323 μαθητῶν,
1186 4250 1778 4321 διασχίζεται.Ἐκεῖνοι
1815 4250 1914 4321 μὲν

2086 2430 2259 2486 Hodie
2299 2431 2446 2485 enim
2480 2438 2772 2486 transactis
2799 2468 2815 2495 ,
2841 2436 2997 2498 Juxta
3045 2428 3214 2483 annui
3246 2427 3398 2482 orbis
3444 2434 3588 2482 stata

2016 2532 2258 2594 tempora
2278 2562 2293 2587 ,
2324 2523 2718 2593 quinquaginta
2761 2537 2790 2576 a
2817 2520 3104 2576 Paschalis
3147 2520 3440 2575 festivitate
3468 2518 3587 2573 die.-

2011 2616 2135 2678 bus,
2173 2616 2276 2670 hac
2302 2615 2437 2684 ipsa,
2469 2614 2632 2669 tertia
2654 2600 2865 2668 scilicet
2888 2612 2997 2666 diei
3028 2612 3186 2674 hora,
3220 2610 3424 2664 donum
3456 2608 3588 2663 illud

2014 2707 2328 2762 hominibus
2361 2705 2590 2775 largitus
2620 2712 2705 2760 est
2737 2703 2878 2758 Deus
2899 2746 2914 2768 ,
2946 2703 3088 2772 quod
3120 2716 3338 2756 omnem
3372 2699 3589 2755 dicendi

2013 2804 2119 2852 vim
2156 2804 2397 2868 superat.
2435 2796 2647 2851 Rursus
2673 2796 2817 2851 enim
2853 2794 3061 2848 homini
3093 2793 3362 2847 admistus
3388 2798 3474 2847 est
3502 2792 3592 2845 ille

2015 2887 2285 2959 Spiritus,
2336 2888 2431 2958 qui
2481 2895 2675 2950 antea,
2728 2892 3013 2956 prepterea
3061 2883 3205 2955 quod
3252 2883 3414 2937 homo
3444 2892 3591 2937 esset

2013 2996 2174 3042 caro,
2212 2996 2240 3033 a
2271 2988 2466 3035 natura
2498 2987 2686 3034 nostra
2737 2983 3070 3037 recesserat,
3113 2982 3165 3030 ct
3210 2973 3591 3044 spiritualibus

2010 3073 2268 3142 ncquitim
2305 3071 2671 3142 potestatibus
2706 3084 2804 3139 per
2847 3069 3224 3124 vehementem
3280 3065 3435 3119 illum
3478 3065 3590 3134 spi—

2010 3165 2176 3219 ritum
2214 3163 2483 3232 disjectis,
2518 3162 2841 3231 cunctisque
2872 3158 3034 3214 fmdis
3065 3157 3406 3212 daemonibus
3437 3155 3586 3225 ejus-

2011 3254 2132 3310 dem
2170 3255 2405 3309 adventu
2434 3270 2501 3308 ex
2532 3268 2656 3309 acre
2685 3251 2949 3319 expulsis,
2990 3250 3175 3304 divina
3214 3249 3435 3310 virtute,
3470 3262 3592 3315 spe-

2012 3346 2149 3399 ciem
2182 3345 2323 3415 ignis
2355 3360 2465 3415 prae
2503 3359 2563 3399 se
2597 3342 2840 3403 ferente,
2878 3341 3067 3408 repleti
3096 3347 3245 3402 sunt,
3280 3339 3373 3408 qui
3402 3337 3458 3390 in
3500 3352 3593 3390 su-

2011 3436 2229 3505 periore
2274 3436 2472 3491 domus
2512 3441 2663 3503 parte
2708 3432 3018 3501 degebant;
3059 3445 3235 3499 neque
3269 3429 3417 3483 enim
3473 3426 3591 3481 fieri

2013 3536 2227 3599 potest,
2271 3534 2331 3580 ut
2359 3527 2484 3596 quis
2523 3524 2699 3579 sancti
2738 3521 2976 3591 Spiritus
3020 3522 3295 3590 particeps
3322 3520 3450 3579 fiat,
3484 3518 3591 3571 nisi

2013 3623 2070 3676 in
2116 3620 2424 3674 sublimiori
2471 3617 2637 3685 hujus
2671 3615 2794 3669 vita:
2834 3612 3083 3687 instituto
3131 3618 3401 3664 versetur.
3452 3606 3589 3660 Nam

2014 3711 2107 3782 qui
2143 3725 2205 3765 ea
2225 3750 2239 3772 ,
2271 3724 2393 3779 quae
2417 3724 2633 3764 sursum
2661 3714 2822 3772 sunt,
2850 3706 3089 3775 sapiunt,
3121 3709 3175 3757 et
3205 3701 3331 3754 vitae
3359 3713 3591 3753 conver-

2016 3800 2227 3881 satione
2259 3814 2289 3853 e
2339 3805 2487 3866 terra
2531 3797 2585 3851 in
2622 3797 2820 3852 cmlum
2869 3795 3170 3858 translata,
3213 3792 3268 3846 in
3302 3790 3593 3846 caenaculo

2016 3878 2265 3946 sublimis
2288 3890 2437 3944 illius
2466 3889 2587 3943 vita;
2616 3888 2848 3943 rationis
2874 3886 3116 3940 habitant
3140 3923 3155 3948 ,
3184 3882 3238 3936 hi
3266 3881 3442 3937 sancti
3470 3878 3594 3950 Spi-

2017 3983 2155 4037 ritus
2188 3981 2486 4051 participes
2527 3980 2684 4035 flunt.
2732 3977 3089 4049 Congregatis
3128 3974 3271 4029 enim
3303 3973 3357 4026 in
3399 3985 3590 4027 cama-

2018 4073 2144 4127 culo
2173 4071 2480 4142 discipulis,
2507 4079 2565 4125 ut
2593 4070 2647 4124 in
2677 4070 2913 4123 Actuum
2959 4067 3332 4137 apostolorum
3363 4063 3594 4118 historia

2016 4171 2293 4225 narratur,
2322 4161 2466 4232 ignis
2506 4162 2598 4215 ille
2637 4159 2857 4214 divinus
2891 4158 3177 4226 omnisque
3218 4153 3465 4209 materici
3501 4168 3593 4206 ex-

2017 4255 2247 4326 pers,ad
2270 4255 2575 4323 linguarum
2595 4251 2789 4316 instar,
2816 4265 2915 4320 pro
2946 4247 3260 4303 eorumdem
3293 4244 3628 4313 discipulo—.

340 4337 433 4397 οῦν
472 4342 729 4412 Πάρθοις,
759 4343 852 4395 καὶ
884 4342 1105 4414 Μήδοις,
1145 4343 1239 4397 καὶ
1289 4341 1623 4413 Ἐλαμίταις,
1667 4341 1762 4395 καὶ
1801 4343 1912 4405 τοῖς

2017 4361 2134 4399 rum
2154 4361 2403 4408 numero,
2421 4343 2628 4399 divisus
2649 4351 2754 4399 est.
2781 4343 2859 4397 llli
2890 4355 3019 4411 ergo
3038 4338 3289 4400 Parthos,
3315 4335 3520 4396 Medos,
3537 4342 3592 4388 ct

339 4433 546 4497 λοιποῖς
574 4432 751 4486 ἔθνεσι
782 4433 1100 4503 διελέγοντο,
1133 4435 1253 4487 κατ’
1277 4434 1525 4498 ἐξουσίαν
1557 4433 1695 4504 πρὸς
1731 4434 1911 4486 πᾶσαν

342 4524 559 4595 ὲθνικὴν
592 4523 840 4593 γλῶσσαν
863 4526 960 4589 τάς
985 4526 1193 4579 ἑαυτῶν
1221 4525 1403 4595 φωνὰς
1443 4523 1875 4595 μεθαρμόζοντες
1895 4539 1907 4552 '

352 4616 495 4688 Ἐγὼ
532 4617 619 4682 δὲ,
647 4618 831 4683 καθώς
870 4636 1033 4688 φησιν
1078 4621 1106 4672 ὀ
1147 4618 1488 4682 Ἀπόστολος,
1538 4617 1690 4671 θέλω
1735 4615 1914 4669 πέντε

337 4708 562 4778 λόγους
596 4709 666 4763 ἐν
707 4710 1037 4776 Ἐκκλησία
1080 4707 1160 4774 τῷ
1194 4710 1295 4764 νοΐ
1314 4726 1432 4778 μου
1481 4706 1767 4773 λαλῆσαι,
1814 4708 1914 4760 ἵνα

337 4800 440 4854 καί
459 4801 688 4865 ἄλλους
710 4800 1022 4869 ὠφελήσω,
1054 4800 1092 4868 ἢ
1112 4800 1365 4868 μυρίους
1382 4790 1603 4867 adrepe
1630 4800 1698 4852 ἐν
1724 4799 1915 4869 γλώσ-

338 4908 448 4961 σῃ.
495 4893 629 4946 Τότε
666 4894 764 4964 μὲν
798 4892 1066 4963 χρήσιμον
1106 4891 1168 4944 τὸ
1208 4892 1488 4961 ὁμόφωνον
1528 4891 1774 4960 γίνεσθαι
1802 4894 1915 4955 τοῖς

337 4982 753 5051 ἁλλογλώσσοις,
783 4983 858 5046 ὡς
885 4982 951 5035 ἂν
977 4981 1053 5052 μὴ
1079 4981 1433 5053 ἀνενέργητον
1461 4983 1545 5054 εῐη
1570 4983 1631 5036 τὸ
1652 4985 1912 5054 κήρυγμα

338 5079 453 5139 τοῖς
481 5076 766 5144 ἀγνοοῦσι,
802 5076 868 5146 τῇ
898 5075 1048 5145 φωνῇ
1073 5073 1184 5126 τῶν
1213 5073 1593 5144 κηρυσσόντων
1626 5074 1912 5144 ἐμποδιζό-

343 5182 506 5236 μενον
524 5182 538 5196 ’
571 5164 665 5218 νῦν
692 5163 871 5236 μέντοι
906 5164 1005 5235 τῆς
1034 5162 1174 5217 κατά
1203 5161 1298 5234 τὴν
1327 5163 1574 5231 γλῶσσαν
1601 5165 1911 5235 ὁμοφωνίας

414 5343 436 5373 ²
464 5339 507 5396 ll
539 5339 665 5397 Cor.
697 5357 781 5409 ut,
821 5342 911 5397 i7.
980 5342 1002 5374 ³
1030 5341 1051 5397 l
1084 5341 1210 5397 Cor.
1236 5355 1349 5405 xlv,
1386 5339 1470 5395 19.

416 5505 491 5627 (ξ)
520 5504 691 5628 Z'inuf
727 5503 859 5575 legit
880 5505 1030 5570 Θεός,
1054 5518 1216 5575 atque
1237 5502 1311 5558 ita
1340 5503 1504 5557 etiam
1547 5502 1685 5558 alter
1731 5500 1909 5556 Vatic.

416 5593 514 5628 rex
570 5593 653 5628 Mli
687 5615 702 5627 .

375 5584 481 5629 0d,
552 5584 597 5628 Ie
642 5584 702 5627 it.

339 5591 369 5630 ε
416 5593 514 5717 (ὥς
546 5593 854 5699 Ριβοιιοιιιοιι
917 5642 1119 5714 ταύτης
1165 5660 1274 5699 non
1300 5651 1418 5700 erat
1460 5641 1513 5696 in
1550 5639 1670 5695 Zini
1697 5640 1907 5706 codice,

2020 4437 2299 4496 Elamitas,
2322 4451 2385 4491 ac
2408 4436 2647 4505 reliquas
2674 4443 2865 4505 gentes
2893 4431 3332 4501 alloquebantur,
3366 4427 3429 4478 ad
3457 4440 3592 4494 qna-

2018 4529 2272 4583 rumlibet
2302 4544 2488 4583 earum
2531 4528 2745 4596 linguas
2775 4540 2940 4580 voces
2989 4537 3118 4578 suas
3166 4533 3267 4589 pro
3312 4517 3469 4571 libitu
3501 4532 3594 4569 ac-

2018 4620 2452 4674 commodantes.
2506 4627 2573 4673 At
2607 4634 2721 4688 ego,
2755 4626 2814 4670 ut
2848 4614 3025 4685 inquit
3068 4610 3397 4681 Apostolus,
3427 4609 3590 4669 malo,

2018 4729 2174 4766 sensu
2208 4726 2319 4765 meo
2350 4712 2574 4780 quinque
2599 4708 2751 4762 verba
2784 4708 2926 4777 loqui
2966 4707 3019 4758 in
3054 4698 3293 4757 Ecclesia
3316 4739 3330 4764 ,
3370 4709 3427 4753 ut
3470 4699 3593 4752 aliis

2019 4804 2177 4857 etiam
2213 4804 2430 4869 prosim,
2471 4816 2630 4870 quam
2661 4798 2835 4852 decem
2870 4796 3041 4850 millia
3088 4793 3356 4849 verborum
3402 4791 3456 4844 in
3491 4790 3593 4843 lin-

2017 4911 2121 4965 gua
2149 4893 2188 4947 ³.
2226 4891 2422 4947 Verum
2455 4900 2585 4945 tunc
2619 4889 2837 4959 quidem
2861 4888 3089 4942 multum
3119 4884 3343 4955 profuit,
3374 4891 3596 4951 aposto-

2020 4987 2197 5039 lorum
2244 4998 2428 5036 vocem
2474 4982 2703 5035 aliarum
2751 4980 2995 5049 gentium
3038 4977 3240 5045 linguis
3275 4973 3486 5042 aptari,
3524 4985 3593 5025 ne

2021 5088 2327 5143 praeconum
2365 5070 2601 5140 linguam
2626 5070 3008 5140 ignorantibus
3037 5064 3314 5132 Evangelii
3347 5061 3592 5132 promul-

2015 5164 2160 5235 gatio
2200 5164 2478 5219 incassum
2526 5160 2709 5227 ﬁeret;
2757 5173 2903 5213 nunc
2942 5165 3123 5211 autem
3178 5154 3442 5225 quoniam
3485 5165 3593 5206 una

2016 5512 2117 5554 nec
2168 5505 2345 5551 exstat
2403 5498 2453 5550 in
2510 5512 2618 5549 uno
2674 5510 2737 5549 ex
2785 5491 3088 5557 Vaticanis,
3128 5493 3180 5547 in
3216 5491 3377 5562 cujus
3401 5498 3587 5549 tamen

2019 5570 2264 5636 margine
2293 5568 2513 5620 additur
2543 5582 2706 5620 manu
2738 5565 2976 5619 diversa.

2090 5639 2166 5709 (7)
2202 5637 2356 5692 Alius
2388 5638 2582 5704 codex,
2619 5638 2665 5691 ὅ.
