4084 6158
416 222 427 239 ’
461 267 564 324 699
1716 262 1772 317 s.
1814 258 2138 318 cnscouu
2172 255 2466 313 NYSSENI
3162 335 3168 339 .
3591 248 3693 307 700

459 388 759 455 eademque
784 383 972 454 lingua
1002 379 1232 446 utimur,
1265 378 1479 449 igneam
1512 377 1773 434 debemus
1796 376 2034 448 Spiritus

2134 371 2330 443 οὔσης,
2366 369 2690 444 ἐπιζητῆσαι
2733 371 2840 443 χρὴ
2884 370 2983 443 τὴν
3030 370 3262 442 πυρίνην
3305 367 3555 438 γλῶσσαν
3596 369 3689 426 τοῦ

460 481 701 548 linguam
729 477 1043 546 exquirere,
1074 488 1181 543 qua
1210 488 1305 529 eos
1334 474 1428 542 qui
1466 488 1562 543 per
1589 488 1833 528 errorem
1860 474 1914 526 in
1951 481 2029 528 te-

461 568 645 622 nebris
677 571 983 626 versantur,
1019 563 1409 617 illuminemus.
1451 561 1518 615 Et
1550 563 1640 618 hic
1673 563 1836 616 etiam
1872 562 2028 617 nobis

460 668 661 726 praeest
688 655 877 717 David,
907 656 1222 723 sociumque
1261 654 1365 709 sibi
1396 653 1657 724 adjungat
1684 653 2024 723 Apostolum.

460 748 517 801 In
556 750 655 801 hoc
681 748 826 801 enim
857 747 1095 815 psalmo,
1121 746 1279 813 cujus
1308 745 1520 799 initium
1541 745 1698 800 nobis
1722 742 2028 799 exsultandi

459 839 513 893 in
559 838 786 892 Domino
818 837 1046 890 formam
1088 835 1398 905 suppeditat
1426 874 1440 899 ,
1473 835 1727 904 inquiens
1751 873 1766 897 ,
1822 832 2023 897 Venite,

458 929 779 981 exsultemus
824 928 1050 982 Domino
1072 968 1085 992 ,
1124 943 1232 981 non
1274 927 1449 982 solum
1483 927 1549 981 ad
1583 925 1819 997 Spiritus
1853 924 2026 979 sancti

459 1023 650 1077 laudes
689 1022 1047 1077 celebrandas
1088 1020 1447 1086 adducimur;
1482 1019 1576 1073 sed
1612 1018 1797 1087 potius
1824 1016 2024 1081 exiis,

459 1129 580 1182 qua:
618 1121 809 1182 postea
837 1120 1160 1181 sequuntur,
1190 1112 1257 1166 de
1289 1110 1535 1180 ejusdem
1572 1110 1857 1164 divinitate
1891 1108 2027 1162 edo-

460 1216 668 1255 cemur.
704 1203 822 1270 Ipsa
850 1208 1027 1253 autem
1060 1199 1341 1266 PrOphetae
1365 1198 1527 1253 verba
1552 1196 1706 1251 vobis
1731 1193 2023 1264 proferam,

461 1295 662 1363 quibus
708 1309 936 1363 magnus
978 1294 1105 1347 item
1143 1292 1436 1362 Apostolus
1472 1290 1853 1358 adstipulatur,
1900 1293 2027 1341 sunt

460 1393 641 1439 autem
672 1384 787 1437 hazc
821 1406 831 1438 :
871 1383 1039 1437 Hodie
1082 1385 1128 1437 si
1166 1399 1338 1437 vocem
1381 1381 1493 1445 ejus
1521 1380 1823 1440 audieritis,
1863 1378 2028 1431 nolite

462 1468 722 1523 obdurare
759 1471 918 1524 corda
948 1478 1147 1534 vestra,
1177 1470 1314 1523 sicut
1346 1469 1399 1520 in
1422 1467 1822 1520 exacerbatione
1852 1481 2029 1518 secun-

460 1561 585 1613 dum
615 1560 753 1613 diem
785 1561 1085 1614 tentationis
1120 1561 1171 1612 in
1196 1559 1401 1613 deserto
1421 1599 1434 1621 ,
1464 1558 1553 1611 ubi
1590 1564 1919 1610 teutaveruat
1948 1571 2029 1608 me

459 1660 637 1719 patres
693 1651 915 1704 vestri".
964 1650 1167 1703 Horum
1200 1649 1401 1719 quippe
1444 1649 1774 1701 mentionem
1818 1646 2026 1701 faciens

461 1742 677 1797 divinus
720 1743 1051 1810 Apostolus,
1093 1741 1173 1795 sic
1213 1741 1323 1802 ait,
1356 1739 1689 1806 Quapropter
1736 1738 1871 1791 sicut
1901 1738 2028 1789 dicit
2059 1738 2097 1797 '3

462 1830 692 1898 Spiritus
716 1840 928 1884 sanctus
947 1831 967 1861 ⁸
988 1847 1003 1895 ;
1027 1839 1186 1899 atque
1213 1831 1283 1882 ita
1311 1829 1586 1898 praefatus,
1613 1829 1725 1882 haec
1751 1826 2030 1896 PrOphetaa

460 1923 627 1975 verba
678 1920 861 1975 statim
915 1920 1095 1986 affert,
1148 1920 1384 1989 Spiritus
1427 1919 1601 1974 sancti
1647 1934 1890 1989 personae
1937 1919 2030 1973 illa

461 2010 780 2064 attribuens.
819 2009 952 2074 Quis
1006 2010 1171 2079 igitur
1216 2020 1332 2071 est,
1360 2025 1519 2079 quem
1563 2019 1745 2079 patres
1787 2010 2028 2079 ipsorum

459 2109 808 2155 tentavcrunt
854 2103 909 2156 in
949 2099 1204 2156 deserto?
1242 2100 1377 2166 Quis
1408 2110 1490 2155 est
1514 2139 1529 2164 ,
1573 2115 1734 2169 quem
1768 2099 2022 2156 irritave-

457 2192 620 2245 runt?
640 2191 798 2245 Disce
821 2193 888 2245 ab
911 2191 1097 2245 eodem
1128 2188 1397 2258 Propheta
1425 2190 2029 2254 dicente,Tentaverunt

456 2280 629 2334 Deum
673 2282 935 2335 excelsum
985 2282 1027 2335 °.
1060 2280 1223 2350 Atqui
1279 2281 1572 2350 Apostolus
1619 2297 1742 2335 cum
1787 2282 2026 2351 Spiritus

456 2386 704 2439 personae
724 2372 1050 2425 mentionem
1076 2370 1375 2440 injecissct,
1403 2370 1497 2424 has
1521 2370 1736 2424 easdem
1762 2371 1839 2424 illi
1867 2386 2028 2428 voces

457 2461 673 2523 tribuit,
719 2461 974 2528 inquiens
1006 2477 1019 2512 :
1054 2459 1401 2526 Quapmpter,
1439 2460 1576 2511 sicut
1624 2458 1754 2512 dicit
1795 2459 2027 2528 Spiritus

464 2564 671 2607 sanctus
695 2570 713 2606 :
744 2553 1042 2607 Secundum
1080 2552 1217 2606 diem
1248 2551 1554 2605 tentationis
1586 2550 1639 2602 in
1669 2550 1874 2605 deserto
1895 2592 1909 2618 ,
1943 2553 2029 2605 ubi

459 2654 785 2700 tentaverunt
816 2663 895 2700 me
915 2655 1091 2715 patres
1114 2648 1289 2701 vestri.

528 2824 699 2891 Quem
755 2826 923 2896 igitur
964 2826 1130 2880 Deum
1180 2829 1455 2883 excelsum
1510 2831 1847 2900 nuncupavit
1894 2830 2030 2886 Pro-

459 2915 654 2984 pheta,
683 2915 829 2969 hunc
856 2916 1076 2970 divinus
1105 2919 1402 2986 Apostolus
1428 2930 1680 2975 sanctum
1706 2936 1829 2976 esse
1859 2920 2030 2990 Spiri-

459 3011 575 3057 tum
609 3005 829 3059 asserit.
852 3005 1008 3070 Quod
1039 3007 1083 3060 si
1115 3015 1294 3062 autern
1321 3025 1509 3063 verum
1540 3011 1592 3065 id
1627 3027 1749 3066 esse
1771 3028 1879 3067 non
1909 3027 2029 3067 cre-
2054 3030 2097 3088 α

462 3091 567 3156 dis,
596 3108 816 3147 rursum
842 3109 961 3162 quae
989 3094 1130 3149 dicta
1162 3104 1290 3149 sunt
1316 3097 1603 3152 considera
1630 3117 1642 3150 :
1674 3099 2027 3167 Quapropter,

466 3180 597 3234 sicut
637 3180 765 3234 dicit
811 3180 1043 3250 Spiritus
1090 3193 1327 3248 sanctus,
1359 3185 1538 3240 Nolite
1581 3187 1843 3243 obdurare
1869 3193 2031 3244 corda

465 3279 654 3335 uestra,
679 3273 815 3324 sicut
844 3276 897 3326 in
926 3273 1328 3335 exacerbatione
1361 3277 1647 3330 secundum
1680 3278 1819 3332 diem
1857 3289 2031 3333 tenta-

464 3362 621 3416 tionis
642 3364 697 3435 in
723 3364 954 3428 deserto,
985 3364 1073 3418 ubi
1104 3374 1430 3420 tentaverunt
1452 3384 1531 3422 me
1557 3378 1735 3438 patres
1765 3373 1940 3424 vestri.
1973 3372 2031 3425 Si

460 3464 590 3520 ergo
627 3450 860 3519 Spiritus
897 3462 1120 3507 sanctus
1151 3454 1303 3520 dicit,
1356 3455 1707 3511 Tentaverunt
1739 3475 1820 3511 me
1846 3468 2025 3525 patres

460 3542 619 3596 vestri
652 3544 708 3595 in
737 3543 972 3609 deserto;
1010 3545 1279 3617 Propheta
1317 3564 1445 3604 vero
1481 3558 1732 3610 testatur,
1773 3566 1896 3604 eum
1940 3553 2033 3619 qui

459 3641 700 3689 tentatus
733 3642 835 3701 est,
875 3638 1149 3693 excelsum
1182 3655 1304 3695 esse
1345 3639 1550 3707 Deum;
1582 3641 1862 3695 obstructa
1904 3658 2033 3713 ergo

460 3731 589 3779 sunt
640 3725 854 3779 illorum
908 3741 1040 3792 ora,
1088 3729 1181 3798 qui
1220 3727 1480 3798 Spiritum
1527 3740 1774 3785 sanctum
1830 3738 2035 3787 temere

460 3825 797 3884 oppugnant,
814 3825 867 3869 et
884 3818 1181 3886 loquuntur
1201 3821 1539 3888 iniquitatem
1561 3823 1824 3877 adversus
1840 3822 2030 3890 Deum,

461 3919 585 3956 cum
620 3904 902 3971 perspicue
931 3913 1043 3957 tum
1074 3907 1386 3974 Apostolus,
1412 3916 1524 3961 tum
1553 3907 1849 3977 Propheta,
1881 3910 1934 3963 in
1965 3911 2032 3965 iis
2054 3912 2067 3925 ‘

461 4009 583 4062 qua:
629 3994 901 4057 diximus,
944 3994 1180 4064 Spiritus
1220 3997 1393 4051 sancti
1440 3996 1781 4052 divinitatem
1836 4000 2032 4068 przrili-

462 4090 611 4136 cent.
646 4080 916 4153 Propheta
948 4085 1161 4154 quidem
1192 4086 1319 4140 dum
1356 4087 1453 4151 ait,
1486 4087 1835 4141 Teutaveruut
1867 4089 2033 4143 Deum

461 4172 743 4236 excelsum,
766 4182 819 4228 et
848 4181 1103 4245 tanquam
1134 4175 1223 4230 Dei
1251 4192 1536 4246 personam
1567 4178 1791 4233 indutus
1821 4179 2035 4234 Israeli-

464 4274 546 4319 tas
578 4264 759 4319 verbis
790 4263 899 4319 illis
928 4265 1242 4334 alloquitur,
1270 4263 1333 4317 In
1363 4265 1571 4319 deserto
1602 4275 1929 4319 tentaverunt
1956 4283 2032 4320 me

2128 463 2271 515 Πνεύ
2285 480 2452 533 ματος
2489 465 2569 527 είς
2601 463 2877 533 φωτισμὸν
2908 461 3015 515 τῶν
3045 461 3112 515 δι’
3135 460 3347 531 ἀπάτης
3375 458 3693 528 ὲσκοτισμέ-

2127 569 2256 606 νων.
2288 553 2496 607 Οὐκοῦν
2523 553 2616 607 καὶ
2643 554 2779 625 πρὸς
2804 552 2960 606 τοῦτο
2984 554 3131 623 ἡμᾶς
3162 550 3478 620 ὁδηγησάτω
3508 549 3688 615 Δαόἱδ,

2128 646 2524 716 συγχορεύοντα
2557 645 2736 699 λαϐὼν
2759 644 2937 715 ἑαυτῷ
2963 644 3052 696 τὸν
3091 642 3427 696 Ἀπόστολον.
3472 642 3559 695 Ἑν
3584 641 3690 711 γὰρ

2126 739 2193 807 τῇ
2224 737 2513 807 ψαλμῳδίᾳ
2546 736 2738 809 ταύτῃ,
2775 732 2844 807 ἦς
2880 737 2914 806 ἡ
2945 734 3086 805 ἀρχὴ
3113 734 3175 787 τὺ
3214 733 3522 803 ἀγαλλίαμα
3562 734 3692 802 ἡμῖν

2125 824 2186 878 τὸ
2220 827 2312 879 ἐπὶ
2338 826 2415 896 τῷ
2449 825 2636 896 Κυρίῳ
2660 824 2963 895 χαρίζεται,
2992 825 3241 884 λέγουσαο
3275 823 3471 887 Δεῦτε,
3508 823 3689 891 ἀγαλ-

2124 916 2464 986 λιασώμεθα
2494 914 2575 980 τῷ
2604 916 2796 982 Κυρίῳ
2814 957 2828 980 ,
2857 916 2919 968 οὐ
2950 914 3036 967 διὰ
3068 918 3255 968 τούτου
3298 914 3434 984 πρὸς
3464 915 3562 985 τὴν
3599 911 3690 967 τοῦ

2127 1006 2282 1074 ἁγίου
2316 1005 2453 1059 Πνεύ
2462 1022 2628 1076 ματος
2652 1003 2992 1074 ὁδηγούμεθα
3023 1004 3329 1071 δοξολογίαν
3347 1022 3362 1035 ο
3387 1004 3526 1056 ἀλλὰ
3558 1003 3691 1058 πολὺ

2132 1095 2329 1167 μᾶλλον
2364 1097 2421 1149 ὲν
2448 1098 2561 1158 τοῖς
2595 1095 2908 1157 ὑπολοίποις
2937 1097 3006 1149 τὰ
3030 1095 3159 1152 περὶ
3189 1100 3287 1167 τῆς
3322 1096 3570 1165 Θεότητος
3596 1098 3691 1151 αὐ-

2124 1186 2215 1239 τοῦ
2244 1186 2623 1257 διδασκόμεθα.
2654 1187 2808 1251 Λέξω
2848 1186 2905 1239 δὲ
2946 1188 3073 1256 ὑμῖν
3106 1187 3244 1241 αὐτὰ
3276 1187 3370 1243 τοῦ
3408 1189 3693 1258 Προφήτου

2125 1276 2193 1329 τὰ
2239 1278 2479 1347 ῥήματα,
2508 1271 2589 1339 οἷς
2626 1276 2929 1329 συντίθεται
2959 1276 3053 1330 καὶ
3079 1277 3107 1327 6
3142 1274 3312 1345 μέγας
3353 1276 3691 1341 Ἀπόστολοςο

2126 1364 2240 1434 ἔχει
2266 1364 2322 1416 δὲ
2346 1366 2378 1433 ὴ
2415 1364 2570 1433 ῥῆσις
2591 1362 2779 1425 οὕτως’
2805 1363 3074 1434 Σήμερον
3091 1362 3199 1416 ἐὰν
3226 1359 3334 1430 τῆς
3358 1361 3553 1430 φωνῆς
3585 1365 3695 1416 αὐ-

2124 1454 2231 1508 τοῦ
2259 1455 2579 1521 ἀκούσητε,
2598 1468 2684 1522 μη
2709 1455 3090 1523 σκληρύνητε
3110 1453 3215 1518 τὰς
3236 1452 3479 1520 καρδίας
3506 1453 3691 1522 ὑμῶν.

2126 1546 2205 1610 ὡς
2239 1546 2309 1598 ἐν
2348 1544 2427 1610 τῷ
2474 1544 2945 1614 παραπικρασμῷ
2987 1544 3137 1598 κατὰ
3172 1543 3286 1612 τὴν
3323 1544 3550 1614 ἡμέραν
3587 1544 3695 1598 τοῦ

2128 1636 2457 1705 πειρασμοῦ
2482 1635 2552 1688 ἐν
2581 1635 2659 1702 τῇ
2689 1636 2904 1704 ἐρήμῳ,
2930 1630 3001 1689 οὗ
3032 1632 3359 1703 ἐπείρασάν
3383 1651 3460 1702 με
3491 1636 3546 1687 'ol
3579 1648 3696 1685 πα-

2130 1726 2296 1793 τέρες
2322 1724 2506 1793 ὑμῶν.
2539 1724 2757 1777 Τούτων
2784 1722 3168 1794 μεμνημένοςὸ
3186 1722 3328 1785 θεῖος
3355 1722 3694 1784 ’Δπὸστολος,

2130 1816 2269 1869 οὕτω
2295 1814 2446 1885 φησί·
2479 1815 2574 1868 Διὸ
2602 1814 2794 1880 καθὼς
2824 1814 2985 1884 λέγει
3010 1813 3077 1867 τὸ
3119 1813 3358 1882 Πνεῦμα
3388 1811 3456 1866 τὸ
3491 1812 3694 1879 circa,"

2129 1906 2222 1958 καὶ
2258 1904 2416 1959 τοῦτο
2444 1903 2633 1968 εἰπὼν,
2680 1903 2883 1966 ταύτας
2921 1904 3016 1956 τοῦ
3062 1903 3344 1973 Προφήτου
3375 1903 3473 1965 τὰς
3513 1904 3700 1973 ῥήσεις

2130 1999 2432 2069 ἐπήγαγεν,
2464 1995 2789 2067 ὲφαρμὸζων
2814 1995 2981 2058 αὑτὰς
3004 1994 3082 2064 τῷ
3108 1992 3383 2064 προσώπῳ
3403 1991 3497 2046 τοῦ
3526 1993 3701 2046 Ilvati-

2132 2107 2322 2161 ματος.
2346 2089 2441 2152 Τίς
2463 2084 2555 2142 οὖν
2580 2089 2749 2152 ἐστιν,
2773 2087 2832 2141 ὃν
2854 2085 3151 2156 ἐπείρασαν
3180 2086 3230 2138 οἱ
3259 2084 3493 2156 πατέρες
3516 2083 3700 2138 αὐτῶν

2132 2183 2190 2235 ὲν
2211 2185 2278 2253 τῇ
2305 2181 2497 2250 ἐρήμῳ
2521 2196 2535 2244 ;
2560 2181 2663 2245 τίς,
2691 2179 2749 2232 ὃν
2770 2176 3164 2250 παρὼργισανς
3194 2177 3349 2231 Μάθε
3380 2176 3509 2246 παρ’
3530 2175 3696 2231 αὑτοῦ

2127 2270 2220 2323 τοῦ
2253 2271 2556 2340 Προφήτου,
2584 2270 2641 2333 ὃς
2665 2285 2850 2338 φησιν,
2882 2269 2982 2321 ὅτι·
3028 2267 3386 2336 Ἐπείρασαν
3417 2265 3525 2319 τὸν
3550 2265 3702 2319 Θεὸν

2127 2361 2233 2414 τὸν
2261 2362 2568 2428 Ὕψιστον.
2617 2359 2771 2413 Ἀλλὰ
2803 2361 2910 2430 μὴν
2935 2361 2965 2411 6
3003 2358 3322 2420 ’Δπόστολος
3347 2355 3617 2428 προτάξας
3637 2356 3702 2408 τὸ

2129 2452 2415 2523 πρόσωπον
2446 2451 2540 2504 τοῦ
2577 2451 2732 2519 ἁγίου
2763 2450 3111 2520 Πνεύματος,
3143 2449 3337 2519 ἐκείνῳ
3363 2447 3565 2509 ταύτας
3598 2445 3702 2509 τὰς

2129 2544 2312 2613 φωνὰς
2322 2544 2626 2612 ἀνατίθησι,
2641 2543 2837 2610 λέγων’
2860 2540 2976 2604 Διὸ,
2992 2540 3184 2606 καθὼς
3197 2539 3358 2608 λέγει
3376 2539 3444 2592 τὸ
3462 2537 3703 2605 Πνεῦμα

2126 2634 2196 2688 τὸ
2225 2634 2414 2702 ἅγιον,
2444 2634 2534 2688 ὅτι
2558 2633 2707 2688 κατὰ
2730 2631 2844 2700 τὴν
2875 2631 3103 2701 ἡμέραν
3136 2630 3241 2685 τοῦ
3270 2628 3601 2699 πειρασμοῦ
3630 2629 3705 2682 ἐν

2128 2726 2202 2795 τῇ
2229 2726 2445 2795 ἐρήμῳ,
2476 2720 2547 2781 οὗ
2581 2723 2908 2793 ἐπειρασὰν
2931 2741 3009 2793 με
3041 2726 3094 2777 οἱ
3123 2722 3371 2791 πατέρες
3407 2720 3592 2791 ὑμῶν.

2201 2815 2408 2869 Οὐκοῦν
2432 2816 2492 2869 ὃν
2527 2815 2747 2885 ὕψιστον
2777 2814 2909 2867 Θεὸν
2939 2816 2968 2867 6
3008 2815 3301 2884 Προφήτης
3327 2812 3701 2884 κατωνόμασε,

2128 2905 2318 2959 τοῦτον
2348 2907 2376 2958 6
2408 2904 2549 2968 θεῖος
2593 2904 2908 2968 Ἀπόστολος
2937 2904 2999 2957 τὺ
3028 2901 3251 2974 Πνεῦμα
3282 2904 3341 2956 τὸ
3374 2902 3529 2971 ἆγιον
3561 2898 3704 2956 εἶναι

2129 2998 2294 3067 λέγει.
2324 2996 2387 3051 Εἰ
2415 2998 2472 3051 δὲ
2502 2998 2772 3063 ἀπιστεῖς,
2800 2997 2963 3051 πάλιν
2986 2996 3048 3049 τὸ
3076 2995 3364 3067 εἰρημένον
3386 2995 3700 3063 ἐπίσκεψαιο

2130 3090 2248 3154 Διὸ,
2275 3087 2468 3154 καθὼς
2501 3087 2663 3157 λέγει
2690 3088 2757 3142 τὸ
2779 3087 3022 3157 Πνεῦμα
3055 3086 3123 3139 τὸ
3152 3085 3355 3154 ἅγιονο
3375 3084 3472 3153 Μὴ
3509 3087 3705 3152 σκλη-

2125 3182 2346 3249 ρύνητε
2375 3180 2481 3246 τὰς
2509 3179 2757 3248 καρδίας
2784 3178 2953 3249 ὑμῶν
2970 3218 2983 3241 ,
3018 3177 3099 3243 ὡς
3138 3177 3208 3231 ἐν
3233 3176 3314 3242 τῷ
3337 3191 3707 3246 παραπικρα-

2133 3271 2265 3339 σμῷ
2297 3271 2448 3324 κατὰ
2474 3270 2591 3339 τὴν
2617 3271 2845 3340 ἡμέραν
2876 3258 2985 3325 ἑοῦ
3012 3268 3345 3339 πειρασμοῦ
3372 3268 3443 3322 ἐν
3468 3265 3545 3345 τῇ
3568 3264 3707 3334 epti-

2127 3377 2238 3430 μῳ,
2272 3357 2344 3417 οὗ
2376 3361 2703 3429 ἐπείρασαν
2728 3378 2800 3429 με
2831 3366 2884 3417 οἱ
2914 3363 3162 3430 πατέρες
3195 3359 3379 3431 ὑμῶν.
3411 3361 3474 3413 Et
3504 3354 3601 3411 οὖν
3643 3357 3709 3411 τὸ

2136 3452 2356 3521 Πνεῦμα
2385 3452 2443 3504 τὸ
2466 3452 2617 3520 ἅγιον
2647 3452 2814 3520 λέγει,
2841 3454 2942 3506 ὅτι’
2983 3452 3337 3521 Ἐπείρασάν
3355 3467 3432 3520 με
3451 3453 3506 3504 οἱ
3527 3448 3708 3502 πατέ-

2126 3560 2231 3611 ρες
2256 3542 2422 3612 ὑμῶν
2445 3545 2516 3597 ἐν
2543 3543 2616 3613 τῇ
2638 3545 2834 3614 ἐρήμῳ
2850 3563 2864 3576 ·
2889 3547 2917 3599 6
2940 3545 2994 3599 δὲ
3016 3544 3310 3616 Προφήτης
3337 3541 3709 3613 διαμαρτύρε-

2132 3654 2242 3700 ται,
2276 3637 2358 3688 ὅτι
2406 3638 2434 3688 6
2483 3637 2542 3689 ὲν
2585 3639 2650 3706 τῇ
2690 3638 2881 3707 ἐρήμῳ
2929 3635 3274 3707 πειρασθεὶς,
3325 3632 3546 3703 ὕψιστος
3587 3635 3708 3686 ἐστι

2134 3726 2264 3789 Θεός
2309 3726 2406 3794 (8)⁹
2449 3726 2720 3797 ὲνεφράγη
2756 3724 2826 3778 τὰ
2870 3726 3113 3797 στόματα
3155 3724 3264 3778 τῶν
3307 3722 3707 3792 Πνευματομά-

2133 3835 2263 3887 χων,
2301 3817 2369 3870 τὰ
2392 3816 2655 3870 λαλοῦντα
2689 3817 2765 3889 (9)
2794 3817 2934 3870 κατὰ
2957 3815 3052 3869 τοῦ
3081 3815 3217 3869 Θεοῦ
3247 3815 3481 3878 ἀδικίαν,
3517 3812 3707 3882 σαφῶς

2133 3907 2225 3960 τοῦ
2253 3924 2310 3959 τε
2350 3906 2670 3961 Ἀποστόλου
2698 3909 2792 3961 καὶ
2816 3906 2911 3961 τοῦ
2941 3908 3226 3979 Προφήτου
3255 3906 3343 3961 διὰ
3383 3906 3497 3959 τῶν
3544 3908 3702 3977 εἰρη-

2137 3995 2313 4065 μένων
2334 3995 2433 4067 τὴν
2458 3996 2684 4067 θεότητα
2712 3998 3091 4069 κηρυσσόντων
3111 3996 3205 4050 τοῦ
3231 3996 3545 4066 Πνεύματος
3569 4009 3583 4024 ·
3607 3993 3706 4049 τοῦ

2137 4086 2234 4155 μὲν
2268 4087 2528 4155 εἰπόντος,
2560 4089 2662 4155 ὄτι,
2706 4088 3066 4156 Ἐπείρασαν
3103 4087 3210 4140 τὸν
3230 4086 3380 4141 Θεὸν
3411 4086 3519 4139 τὸν
3538 4086 3708 4155 Ὕψι-

2133 4192 2282 4231 στον
2300 4220 2314 4243 ,
2345 4180 2436 4232 καὶ
2460 4179 2535 4242 ὡς
2562 4178 2715 4250 παρὰ
2745 4179 2838 4233 τοῦ
2869 4178 3004 4232 Θεοῦ
3037 4181 3150 4242 τοῖς
3185 4177 3543 4249 Ἰσραηλίταις
3571 4194 3708 4248 προ-

2135 4267 2390 4338 φέροντος
2410 4270 2511 4340 τὴν
2541 4271 2697 4341 ῥῆσιν
2725 4271 2937 4339 ἐκείνην
2956 4270 3086 4339 (10),
3119 4270 3222 4335 ὅτι,
3271 4270 3373 4324 Ἐν
3407 4268 3480 4337 τῇ
3508 4268 3709 4337 ἐρήμῳ

459 4350 636 4424 patres
664 4355 827 4408 uestri
850 4371 869 4408 :
910 4370 1141 4422 magnus
1178 4370 1305 4410 vero
1354 4356 1589 4419 Paulus,
1625 4357 1752 4409 dum
1791 4357 1906 4411 hth
1935 4372 2029 4433 eaf

2134 4358 2461 4426 ὲπείρασάν
2487 4377 2563 4428 με
2604 4362 2659 4413 ol
2702 4361 2952 4429 πατέρες
2984 4360 3151 4430 ὑμῶν
3169 4376 3184 4392 ο
3226 4358 3322 4413 τοῦ
3363 4359 3421 4412 δὲ
3469 4358 3708 4429 μεγάλου

464 4447 586 4500 dem
621 4446 788 4501 verba
824 4444 1047 4515 Spiritui
1085 4454 1278 4500 sancto
1310 4447 1593 4513 attribuit;
1626 4457 1685 4500 ut
1710 4462 1774 4501 ex
1806 4447 1891 4502 bis
1914 4447 2031 4502 evi-

462 4541 652 4595 denter
681 4546 880 4608 pateat,
918 4537 1184 4609 Spiritum
1215 4548 1464 4593 sanctum
1506 4555 1628 4594 esse
1662 4540 1824 4595 Deum
1852 4543 2031 4595 excel-

464 4648 610 4686 sum.
644 4629 916 4685 Videntne
941 4646 1071 4701 ergo
1102 4631 1193 4700 qui
1238 4631 1423 4700 gloriae
1464 4630 1701 4700 Spiritus
1737 4631 2029 4687 adversan-

460 4731 574 4788 tur,
620 4723 831 4794 igueam
872 4738 1154 4777 sacrorum
1206 4722 1544 4792 eloquiorum
1594 4722 1870 4792 linguam,
1914 4739 2033 4793 qua:

460 4817 695 4870 obscura
740 4822 931 4881 erant,
979 4816 1380 4870 illustrantem?
1435 4820 1518 4869 An
1569 4830 1705 4880 nos,
1755 4822 1814 4868 ut
1852 4825 2033 4871 musto

2140 4448 2352 4501 Παύλου
2380 4448 2458 4520 τῷ
2490 4452 2629 4519 ἁγίῳ
2667 4451 2945 4520 Πνεῦματι
2974 4450 3175 4516 ταύτας
3198 4451 3297 4515 τὰς
3324 4449 3508 4519 φωνὰς
3536 4453 3709 4521 ἐφαρ-

2142 4542 2437 4610 μόσαντος,
2481 4541 2558 4605 ὠς
2604 4542 2693 4595 διὰ
2741 4542 2944 4595 τούτων
2990 4543 3237 4613 ἐναργῶς
3286 4541 3704 4611 ἀποδειχθῆναι,

2137 4634 2218 4685 ὅτι
2244 4634 2377 4698 Θεὸς
2408 4632 2627 4703 ὕψιστος
2650 4633 2711 4687 τὸ
2740 4633 2964 4705 Πνεῦμὰ
2990 4636 3107 4688 ἐστι
3134 4634 3194 4687 τὸ
3215 4634 3389 4702 ἅγιον.
3412 4629 3557 4705 ’Δρα
3581 4631 3707 4702 βλέο

2138 4742 2329 4779 πουσιν
2361 4726 2410 4777 οἱ
2446 4725 2629 4796 ἐχθροὶ
2656 4729 2754 4796 τῆς
2790 4725 2945 4796 δόξης
2972 4725 3066 4781 τοῦ
3116 4726 3431 4796 Πνεύματος
3464 4725 3575 4793 (ll)
3607 4724 3708 4793 τὴν

2139 4816 2373 4887 πυρίνην
2414 4815 2662 4884 γλῶσσαν
2690 4816 2797 4870 τῶν
2824 4816 2983 4871 θείων
3013 4817 3209 4886 λογίων
3235 4816 3334 4887 τὴν
3367 4815 3434 4869 τὰ
3461 4831 3709 4886 κεκρυμ-

535 4977 724 5037 δΡειιι.
751 4994 894 5048 xcrv,
921 4979 973 5046 ὃ,
1004 4980 1056 5035 9.
1131 4981 1151 5012 ⁵
1174 4978 1306 5035 lleb.
1347 4994 1428 5043 Ill,
1462 4979 1511 5031 7.
1590 4979 1611 5009 ⁸
1633 4977 1776 5034 Psal.
1809 4994 2011 5044 Lxxvn,
2047 4978 2138 5037 56.

535 5132 612 5204 (8)
645 5132 770 5189 Haec
793 5141 877 5190 est
904 5148 1035 5189 vera
1063 5134 1231 5203 hujus
1265 5134 1370 5187 loci
1397 5134 1580 5196 lectio,
1604 5147 1766 5204 quam
1787 5133 2027 5204 iVatica-

461 5220 570 5259 nus
595 5203 776 5259 codex
824 5220 974 5258 num.
1008 5204 1114 5259 564
1159 5204 1398 5258 exhibet.
1443 5204 1499 5255 In
1544 5204 1717 5259 altero
1753 5203 2030 5258 Vaticanus

460 5275 648 5343 itjdem
681 5275 1023 5329 Bibliotheca:
1054 5274 1243 5329 codice
1273 5288 1426 5328 num.
1470 5273 1604 5327 1097
1639 5274 1780 5326 male
1809 5274 2025 5343 legitur,

461 5337 524 5415 οὗ
556 5345 855 5415 ἐπείρασαν
889 5361 957 5415 με
1000 5345 1048 5396 οἱ
1091 5344 1324 5413 πατέρες
1361 5344 1515 5413 ὑμῶν
1549 5360 1563 5374 ο
1600 5345 1628 5396 6
1655 5343 1710 5396 δὲ
1740 5337 2032 5415 Προῷήτης

462 5412 912 5484 διαμαρτύρεται,
946 5414 1026 5484 δτι
1054 5415 1083 5466 6
1112 5416 1168 5467 ὲν
1303 5412 1493 5483 ἐρήμῃ
1548 5412 1861 5484 πειρασθεὶς
1906 5412 2030 5481 ὕψι-

467 5481 590 5552 στόςς
622 5481 921 5545 Eos-c656;
958 5482 1084 5537 Haac
1123 5481 1303 5537 autem
1338 5481 1505 5539 lectio
1556 5483 1624 5552 in
1647 5481 1767 5536 Zini
1809 5497 2031 5552 quoque

466 5551 657 5606 codice
698 5554 1109 5621 reperiebatur;
1149 5553 1313 5607 vertit
1371 5555 1539 5613 enim,
1608 5551 1869 5621 Propheta
1915 5551 2031 5606 vero

468 5629 715 5686 testatur,
749 5638 867 5676 eum
895 5624 984 5690 qui
1019 5632 1246 5675 tentatus
1269 5633 1345 5676 est
1373 5624 1429 5674 in
1458 5622 1682 5683 deserto,
1715 5639 1827 5676 esse
1861 5622 2026 5674 Deum

464 5690 751 5745 excelsum.
807 5691 942 5748 Male
993 5693 1157 5747 etiam
1206 5693 1260 5746 in
1318 5694 1490 5747 altero
1521 5692 1784 5746 Vaticano
1834 5692 2026 5748 codice

2133 5131 2412 5196 scribitur,
2445 5133 2508 5185 Εἰ
2531 5125 2623 5185 οὗν
2642 5131 2702 5184 τὸ
2727 5129 2952 5201 Πνεῦμα
2972 5129 3032 5183 τὸ
3053 5128 3205 5201 ἅγιον
3227 5126 3375 5201 λέγει
3399 5165 3414 5189 ,
3449 5124 3531 5178 ὅτι
3560 5124 3710 5201 ἐπεί-

2133 5204 2305 5291 ρασαν
2330 5221 2397 5291 με
2422 5202 2732 5291 ρίπαέέρες
2762 5196 2914 5271 ὑμῶν
2937 5202 2994 5253 ὲν
3020 5201 3087 5269 τῇ
3111 5199 3322 5269 ἐρήμῳ,
3347 5198 3375 5249 6
3395 5196 3711 5265 πειρασθεὶς

2163 5272 2395 5342 Υψιστὸς
2420 5274 2536 5324 ἐστι
2561 5272 2711 5334 Θεός.

2207 5342 2284 5405 t9)
2311 5343 2466 5396 Alius
2492 5342 2682 5404 codex,
2711 5339 2818 5393 τῶν
2848 5337 3168 5391 λαλούντων.

2205 5412 2319 5481 (t0)
2378 5411 2548 5465 Zinus
2582 5412 2741 5481 aliter
2792 5409 3112 5481 legitpnam
3164 5407 3556 5481 interpretatus
3600 5412 3707 5481 est,

2134 5473 2259 5550 Ipso
2293 5473 2398 5535 Deo
2444 5481 2609 5535 verbis
2664 5480 2772 5533 illis
2808 5473 3088 5532 liraelitas
3123 5473 3463 5544 alloquente:
3500 5473 3568 5527 ln
3616 5476 3709 5526 de-

2142 5559 2594 5689 seiﬁ’)c\t’gi‘bum
2631 5620 2721 5672 τοῦ
2749 5619 3062 5689 Πνεῦματος
3104 5616 3290 5672 omisit
3347 5613 3541 5679 Zinus,
3605 5628 3708 5669 nec

2135 5691 2365 5747 habetur
2395 5692 2449 5746 in
2481 5690 2588 5746 alio
2617 5690 2823 5745 codice.

4063 5756 4084 5914 ἐ
