  <div class='ocr_page' id='page_1' title='image "/cluster/home/n/w/nwhite01/storage/ocr_20150623/46/mdp.39015011915447/358.png"; bbox 0 0 4084 6158; ppageno 0'>
   <div class='ocr_carea' id='block_1_1' title="bbox 302 265 396 321">
    <p class='ocr_par' dir='ltr' id='par_1_1' title="bbox 302 265 396 321">
     <span class='ocr_line' id='line_1_1' title="bbox 302 265 396 321; baseline -0.021 0"><span class='ocrx_word' id='word_1_1' title='bbox 302 265 396 321; x_wconf 84' lang='grc'><strong>701</strong></span> 
     </span>
    </p>
   </div>
   <div class='ocr_carea' id='block_1_2' title="bbox 1613 278 2263 342">
    <p class='ocr_par' dir='ltr' id='par_1_2' title="bbox 1613 278 2263 342">
     <span class='ocr_line' id='line_1_2' title="bbox 1613 278 2263 342; baseline 0.015 -10"><span class='ocrx_word' id='word_1_2' title='bbox 1613 278 1680 334; x_wconf 83' lang='grc' dir='ltr'><strong>ΙΝ</strong></span> <span class='ocrx_word' id='word_1_3' title='bbox 1717 279 1773 337; x_wconf 90' lang='lat' dir='ltr'><strong>S.</strong></span> <span class='ocrx_word' id='word_1_4' title='bbox 1819 281 2263 342; x_wconf 77' lang='lat' dir='ltr'><strong>STEPHANUM.</strong></span> 
     </span>
    </p>
   </div>
   <div class='ocr_carea' id='block_1_3' title="bbox 3442 293 3548 349">
    <p class='ocr_par' dir='ltr' id='par_1_3' title="bbox 3442 293 3548 349">
     <span class='ocr_line' id='line_1_3' title="bbox 3442 293 3548 349; baseline -0.019 -1"><span class='ocrx_word' id='word_1_5' title='bbox 3442 293 3548 349; x_wconf 70' lang='grc' dir='ltr'><strong>’ἷθὲ</strong></span> 
     </span>
    </p>
   </div>
   <div class='ocr_carea' id='block_1_4' title="bbox 301 376 1868 478">
    <p class='ocr_par' dir='ltr' id='par_1_4' title="bbox 301 382 1868 478">
     <span class='ocr_line' id='line_1_4' title="bbox 301 382 1868 478; baseline 0.013 -45"><span class='ocrx_word' id='word_1_6' title='bbox 301 382 443 450; x_wconf 80' lang='grc' dir='ltr'>μένα</span> <span class='ocrx_word' id='word_1_7' title='bbox 507 383 849 478; x_wconf 75' lang='grc' dir='ltr'>φωτίζουσαν</span> <span class='ocrx_word' id='word_1_8' title='bbox 870 426 885 452; x_wconf 95' lang='grc'><strong>,</strong></span> <span class='ocrx_word' id='word_1_9' title='bbox 912 387 947 460; x_wconf 81' lang='grc' dir='ltr'><strong>ἢ</strong></span> <span class='ocrx_word' id='word_1_10' title='bbox 991 391 1067 454; x_wconf 85' lang='grc' dir='ltr'>ὡς</span> <span class='ocrx_word' id='word_1_11' title='bbox 1101 392 1546 465; x_wconf 81' lang='grc' dir='ltr'><strong>πεπληρωμένων</strong></span> <span class='ocrx_word' id='word_1_12' title='bbox 1575 397 1669 450; x_wconf 86' lang='grc' dir='ltr'><strong>τοῦ</strong></span> <span class='ocrx_word' id='word_1_13' title='bbox 1712 399 1868 467; x_wconf 81' lang='grc' dir='ltr'>γλεύ-</span> 
     </span>
    </p>
   </div>
   <div class='ocr_carea' id='block_1_5' title="bbox 1968 376 3550 478">
    <p class='ocr_par' dir='ltr' id='par_1_5' title="bbox 1974 376 3550 478">
     <span class='ocr_line' id='line_1_5' title="bbox 1974 376 3550 478; baseline 0.004 -21"><span class='ocrx_word' id='word_1_14' title='bbox 1974 405 2186 474; x_wconf 90' lang='lat' dir='ltr'><strong>plenos,</strong></span> <span class='ocrx_word' id='word_1_15' title='bbox 2218 405 2565 461; x_wconf 85' lang='lat' dir='ltr'><strong>irridebunt?</strong></span> <span class='ocrx_word' id='word_1_16' title='bbox 2593 406 2706 478; x_wconf 78' lang='lat' dir='ltr'><strong>Ego</strong></span> <span class='ocrx_word' id='word_1_17' title='bbox 2733 421 2863 462; x_wconf 90' lang='lat' dir='ltr'><strong>vero</strong></span> <span class='ocrx_word' id='word_1_18' title='bbox 2881 446 2896 471; x_wconf 91' lang='lat'><strong>,</strong></span> <span class='ocrx_word' id='word_1_19' title='bbox 2924 406 3174 477; x_wconf 85' lang='lat' dir='ltr'><strong>quamvis</strong></span> <span class='ocrx_word' id='word_1_20' title='bbox 3203 408 3319 463; x_wconf 63' lang='lat' dir='ltr'><strong>haec</strong></span> <span class='ocrx_word' id='word_1_21' title='bbox 3352 376 3550 463; x_wconf 62' lang='lat' dir='ltr'><strong>contra</strong></span> 
     </span>
    </p>
   </div>
   <div class='ocr_carea' id='block_1_6' title="bbox 297 475 1873 556">
    <p class='ocr_par' dir='ltr' id='par_1_6' title="bbox 297 475 1873 556">
     <span class='ocr_line' id='line_1_6' title="bbox 297 475 1873 556; baseline 0.012 -34"><span class='ocrx_word' id='word_1_22' title='bbox 297 488 428 534; x_wconf 88' lang='grc' dir='ltr'>κους</span> <span class='ocrx_word' id='word_1_23' title='bbox 477 475 966 545; x_wconf 83' lang='grc' dir='ltr'>καταγελάσουσιν;</span> <span class='ocrx_word' id='word_1_24' title='bbox 1038 480 1177 548; x_wconf 85' lang='grc' dir='ltr'><strong>Ἐγὼ</strong></span> <span class='ocrx_word' id='word_1_25' title='bbox 1218 483 1275 537; x_wconf 80' lang='grc' dir='ltr'>δὲ</span> <span class='ocrx_word' id='word_1_26' title='bbox 1315 484 1417 537; x_wconf 85' lang='grc' dir='ltr'><strong>κᾶν</strong></span> <span class='ocrx_word' id='word_1_27' title='bbox 1460 485 1631 539; x_wconf 85' lang='grc' dir='ltr'>ταῦτα</span> <span class='ocrx_word' id='word_1_28' title='bbox 1675 487 1873 556; x_wconf 80' lang='grc' dir='ltr'>λέγωσι</span> 
     </span>
    </p>
   </div>
   <div class='ocr_carea' id='block_1_7' title="bbox 297 561 1875 649">
    <p class='ocr_par' dir='ltr' id='par_1_7' title="bbox 297 561 1875 649">
     <span class='ocr_line' id='line_1_7' title="bbox 297 561 1875 649; baseline 0.01 -35"><span class='ocrx_word' id='word_1_29' title='bbox 297 561 423 615; x_wconf 86' lang='grc' dir='ltr'>καθ’</span> <span class='ocrx_word' id='word_1_30' title='bbox 453 564 634 634; x_wconf 84' lang='grc' dir='ltr'>ἡμῶν,</span> <span class='ocrx_word' id='word_1_31' title='bbox 667 568 1018 637; x_wconf 78' lang='grc' dir='ltr'>συμϐουλεύω</span> <span class='ocrx_word' id='word_1_32' title='bbox 1051 572 1212 641; x_wconf 84' lang='grc' dir='ltr'>ὑμῖν,</span> <span class='ocrx_word' id='word_1_33' title='bbox 1247 574 1485 642; x_wconf 73' lang='grc' dir='ltr'>ἀδελφοὶ,</span> <span class='ocrx_word' id='word_1_34' title='bbox 1524 576 1598 647; x_wconf 77' lang='grc' dir='ltr'>μὴ</span> <span class='ocrx_word' id='word_1_35' title='bbox 1634 577 1875 649; x_wconf 79' lang='grc' dir='ltr'>φοϐηθῆ-</span> 
     </span>
    </p>
   </div>
   <div class='ocr_carea' id='block_1_8' title="bbox 297 653 1874 738">
    <p class='ocr_par' dir='ltr' id='par_1_8' title="bbox 297 653 1874 738">
     <span class='ocr_line' id='line_1_8' title="bbox 297 653 1874 738; baseline 0.011 -35"><span class='ocrx_word' id='word_1_36' title='bbox 297 669 383 704; x_wconf 85' lang='grc' dir='ltr'>ναι</span> <span class='ocrx_word' id='word_1_37' title='bbox 414 653 503 706; x_wconf 71' lang='grc' dir='ltr'>τὸν</span> <span class='ocrx_word' id='word_1_38' title='bbox 531 655 832 726; x_wconf 72' lang='grc' dir='ltr'><strong>ὀνειδισμὸν</strong></span> <span class='ocrx_word' id='word_1_39' title='bbox 860 658 968 711; x_wconf 88' lang='grc' dir='ltr'><strong>τῶν</strong></span> <span class='ocrx_word' id='word_1_40' title='bbox 1000 662 1274 729; x_wconf 84' lang='grc' dir='ltr'><strong>τοιούτων,</strong></span> <span class='ocrx_word' id='word_1_41' title='bbox 1310 666 1443 736; x_wconf 86' lang='grc' dir='ltr'>μηδὲ</span> <span class='ocrx_word' id='word_1_42' title='bbox 1473 666 1550 736; x_wconf 82' lang='grc' dir='ltr'><strong>τῷ</strong></span> <span class='ocrx_word' id='word_1_43' title='bbox 1584 667 1874 738; x_wconf 82' lang='grc' dir='ltr'>φαυλισμῷ</span> 
     </span>
    </p>
   </div>
   <div class='ocr_carea' id='block_1_9' title="bbox 299 744 1873 829">
    <p class='ocr_par' dir='ltr' id='par_1_9' title="bbox 299 744 1873 829">
     <span class='ocr_line' id='line_1_9' title="bbox 299 744 1873 829; baseline 0.011 -33"><span class='ocrx_word' id='word_1_44' title='bbox 299 744 476 797; x_wconf 74' lang='grc' dir='ltr'>αὐτῶν</span> <span class='ocrx_word' id='word_1_45' title='bbox 509 748 827 819; x_wconf 80' lang='grc' dir='ltr'>ἡττηθῆναι.</span> <span class='ocrx_word' id='word_1_46' title='bbox 883 752 1007 804; x_wconf 76' lang='grc' dir='ltr'>Εἴθε</span> <span class='ocrx_word' id='word_1_47' title='bbox 1058 754 1166 825; x_wconf 77' lang='grc' dir='ltr'>γὰρ</span> <span class='ocrx_word' id='word_1_48' title='bbox 1205 755 1411 824; x_wconf 80' lang='grc' dir='ltr'>γένοιτό</span> <span class='ocrx_word' id='word_1_49' title='bbox 1453 760 1564 829; x_wconf 70' lang='grc'><strong>(12)</strong></span> <span class='ocrx_word' id='word_1_50' title='bbox 1607 777 1740 812; x_wconf 87' lang='grc' dir='ltr'>ποτε</span> <span class='ocrx_word' id='word_1_51' title='bbox 1778 762 1873 814; x_wconf 82' lang='grc' dir='ltr'><strong>καὶ</strong></span> 
     </span>
    </p>
   </div>
   <div class='ocr_carea' id='block_1_10' title="bbox 299 836 1873 918">
    <p class='ocr_par' dir='ltr' id='par_1_10' title="bbox 299 836 1873 918">
     <span class='ocr_line' id='line_1_10' title="bbox 299 836 1873 918; baseline 0.012 -32"><span class='ocrx_word' id='word_1_52' title='bbox 299 836 525 900; x_wconf 77' lang='grc' dir='ltr'>ἐκείνοις</span> <span class='ocrx_word' id='word_1_53' title='bbox 558 838 618 891; x_wconf 78' lang='grc' dir='ltr'>τὸ</span> <span class='ocrx_word' id='word_1_54' title='bbox 654 839 883 907; x_wconf 81' lang='grc' dir='ltr'><strong>γλεῦκος</strong></span> <span class='ocrx_word' id='word_1_55' title='bbox 914 842 1092 907; x_wconf 88' lang='grc' dir='ltr'>τοῦτο,</span> <span class='ocrx_word' id='word_1_56' title='bbox 1126 846 1155 896; x_wconf 90' lang='lat'><strong>6</strong></span> <span class='ocrx_word' id='word_1_57' title='bbox 1178 846 1454 918; x_wconf 79' lang='grc' dir='ltr'>νεοθλιϐὴς</span> <span class='ocrx_word' id='word_1_58' title='bbox 1480 844 1631 912; x_wconf 73' lang='grc' dir='ltr'>οὗτος</span> <span class='ocrx_word' id='word_1_59' title='bbox 1658 846 1820 916; x_wconf 82' lang='grc' dir='ltr'>οἶνος,</span> <span class='ocrx_word' id='word_1_60' title='bbox 1844 854 1873 906; x_wconf 98' lang='lat'><strong>6</strong></span> 
     </span>
    </p>
   </div>
   <div class='ocr_carea' id='block_1_11' title="bbox 298 928 1872 1012">
    <p class='ocr_par' dir='ltr' id='par_1_11' title="bbox 298 928 1872 1012">
     <span class='ocr_line' id='line_1_11' title="bbox 298 928 1872 1012; baseline 0.011 -32"><span class='ocrx_word' id='word_1_61' title='bbox 298 929 365 980; x_wconf 86' lang='grc' dir='ltr'>ὲκ</span> <span class='ocrx_word' id='word_1_62' title='bbox 390 928 490 996; x_wconf 82' lang='grc' dir='ltr'>τῆς</span> <span class='ocrx_word' id='word_1_63' title='bbox 518 929 678 999; x_wconf 82' lang='grc' dir='ltr'>ληνοῦ</span> <span class='ocrx_word' id='word_1_64' title='bbox 716 934 998 1004; x_wconf 77' lang='grc' dir='ltr'>προχεθείς</span> <span class='ocrx_word' id='word_1_65' title='bbox 1019 976 1032 1001; x_wconf 90' lang='grc'><strong>,</strong></span> <span class='ocrx_word' id='word_1_66' title='bbox 1071 939 1137 1008; x_wconf 82' lang='grc' dir='ltr'>ἢν</span> <span class='ocrx_word' id='word_1_67' title='bbox 1165 940 1404 1010; x_wconf 73' lang='grc' dir='ltr'>ἐπάτησε</span> <span class='ocrx_word' id='word_1_68' title='bbox 1436 941 1523 994; x_wconf 80' lang='grc' dir='ltr'>διὰ</span> <span class='ocrx_word' id='word_1_69' title='bbox 1560 942 1651 995; x_wconf 85' lang='grc' dir='ltr'><strong>τοῦ</strong></span> <span class='ocrx_word' id='word_1_70' title='bbox 1691 944 1872 1012; x_wconf 75' lang='grc' dir='ltr'>Εὐαγ-</span> 
     </span>
    </p>
   </div>
   <div class='ocr_carea' id='block_1_12' title="bbox 296 1017 1873 1105">
    <p class='ocr_par' dir='ltr' id='par_1_12' title="bbox 296 1017 1873 1105">
     <span class='ocr_line' id='line_1_12' title="bbox 296 1017 1873 1105; baseline 0.012 -37"><span class='ocrx_word' id='word_1_71' title='bbox 296 1017 477 1105; x_wconf 70' lang='grc' dir='ltr'>γελίου</span> <span class='ocrx_word' id='word_1_72' title='bbox 507 1020 535 1071; x_wconf 93' lang='lat'><strong>6</strong></span> <span class='ocrx_word' id='word_1_73' title='bbox 571 1022 791 1093; x_wconf 84' lang='grc' dir='ltr'>Κύριος,</span> <span class='ocrx_word' id='word_1_74' title='bbox 813 1025 897 1077; x_wconf 78' lang='grc' dir='ltr'>ἵνα</span> <span class='ocrx_word' id='word_1_75' title='bbox 923 1042 1004 1079; x_wconf 87' lang='grc' dir='ltr'><strong>σοι</strong></span> <span class='ocrx_word' id='word_1_76' title='bbox 1031 1028 1256 1099; x_wconf 83' lang='grc' dir='ltr'>πότιμον</span> <span class='ocrx_word' id='word_1_77' title='bbox 1283 1033 1377 1084; x_wconf 89' lang='grc' dir='ltr'><strong>τοῦ</strong></span> <span class='ocrx_word' id='word_1_78' title='bbox 1408 1032 1538 1085; x_wconf 79' lang='grc' dir='ltr'>ἰδίου</span> <span class='ocrx_word' id='word_1_79' title='bbox 1569 1032 1790 1105; x_wconf 83' lang='grc' dir='ltr'>βότρυος</span> <span class='ocrx_word' id='word_1_80' title='bbox 1812 1034 1873 1087; x_wconf 79' lang='grc' dir='ltr'><strong>τὸ</strong></span> 
     </span>
    </p>
   </div>
   <div class='ocr_carea' id='block_1_13' title="bbox 295 1104 1871 1192">
    <p class='ocr_par' dir='ltr' id='par_1_13' title="bbox 295 1104 1871 1192">
     <span class='ocr_line' id='line_1_13' title="bbox 295 1104 1871 1192; baseline 0.011 -32"><span class='ocrx_word' id='word_1_81' title='bbox 295 1104 439 1178; x_wconf 74' lang='grc' dir='ltr'>αἷμα</span> <span class='ocrx_word' id='word_1_82' title='bbox 471 1114 669 1183; x_wconf 83' lang='grc' dir='ltr'>ποιήσῃ</span> <span class='ocrx_word' id='word_1_83' title='bbox 701 1115 832 1181; x_wconf 77' lang='grc'><strong>(15).</strong></span> <span class='ocrx_word' id='word_1_84' title='bbox 873 1116 999 1170; x_wconf 77' lang='grc' dir='ltr'>Εἴθε</span> <span class='ocrx_word' id='word_1_85' title='bbox 1048 1119 1155 1191; x_wconf 77' lang='grc' dir='ltr'><strong>γὰρ</strong></span> <span class='ocrx_word' id='word_1_86' title='bbox 1189 1121 1587 1192; x_wconf 83' lang='grc' dir='ltr'><strong>ἐπληρώθησαν</strong></span> <span class='ocrx_word' id='word_1_87' title='bbox 1628 1125 1871 1178; x_wconf 79' lang='grc' dir='ltr'>κάκεῖνοι</span> 
     </span>
    </p>
   </div>
   <div class='ocr_carea' id='block_1_14' title="bbox 295 1202 1871 1285">
    <p class='ocr_par' dir='ltr' id='par_1_14' title="bbox 295 1202 1871 1285">
     <span class='ocr_line' id='line_1_14' title="bbox 295 1202 1871 1285; baseline 0.01 -32"><span class='ocrx_word' id='word_1_88' title='bbox 295 1202 392 1254; x_wconf 82' lang='grc' dir='ltr'><strong>τοῦ</strong></span> <span class='ocrx_word' id='word_1_89' title='bbox 427 1204 547 1256; x_wconf 78' lang='grc' dir='ltr'>νέου</span> <span class='ocrx_word' id='word_1_90' title='bbox 577 1206 763 1260; x_wconf 82' lang='grc' dir='ltr'>τούτου</span> <span class='ocrx_word' id='word_1_91' title='bbox 796 1207 959 1272; x_wconf 75' lang='grc' dir='ltr'>οἴνου,</span> <span class='ocrx_word' id='word_1_92' title='bbox 997 1210 1057 1262; x_wconf 80' lang='grc' dir='ltr'>ὃν</span> <span class='ocrx_word' id='word_1_93' title='bbox 1088 1211 1315 1278; x_wconf 80' lang='grc' dir='ltr'>γλεῦκος</span> <span class='ocrx_word' id='word_1_94' title='bbox 1343 1213 1653 1284; x_wconf 82' lang='grc' dir='ltr'><strong>ὠνόμασαν,</strong></span> <span class='ocrx_word' id='word_1_95' title='bbox 1685 1216 1742 1278; x_wconf 85' lang='grc' dir='ltr'>ὃς</span> <span class='ocrx_word' id='word_1_96' title='bbox 1774 1216 1871 1285; x_wconf 79' lang='grc' dir='ltr'><strong>τὴν</strong></span> 
     </span>
    </p>
   </div>
   <div class='ocr_carea' id='block_1_15' title="bbox 294 1293 1870 1378">
    <p class='ocr_par' dir='ltr' id='par_1_15' title="bbox 294 1293 1870 1378">
     <span class='ocr_line' id='line_1_15' title="bbox 294 1293 1870 1378; baseline 0.01 -33"><span class='ocrx_word' id='word_1_97' title='bbox 294 1293 384 1346; x_wconf 78' lang='grc' dir='ltr'>διὰ</span> <span class='ocrx_word' id='word_1_98' title='bbox 426 1294 516 1347; x_wconf 87' lang='grc' dir='ltr'><strong>τοῦ</strong></span> <span class='ocrx_word' id='word_1_99' title='bbox 562 1296 835 1366; x_wconf 82' lang='grc' dir='ltr'>οἰίρετικοῦ</span> <span class='ocrx_word' id='word_1_100' title='bbox 884 1300 992 1371; x_wconf 71' lang='grc'><strong>(14)</strong></span> <span class='ocrx_word' id='word_1_101' title='bbox 1023 1300 1209 1367; x_wconf 77' lang='grc' dir='ltr'>ὕδατος</span> <span class='ocrx_word' id='word_1_102' title='bbox 1254 1305 1530 1375; x_wconf 71' lang='grc' dir='ltr'>ἐπιμιξίαν</span> <span class='ocrx_word' id='word_1_103' title='bbox 1578 1308 1727 1378; x_wconf 70' lang='grc' dir='ltr'>παρὰ</span> <span class='ocrx_word' id='word_1_104' title='bbox 1762 1307 1870 1360; x_wconf 90' lang='grc' dir='ltr'><strong>τῶν</strong></span> 
     </span>
    </p>
   </div>
   <div class='ocr_carea' id='block_1_16' title="bbox 295 1381 1869 1468">
    <p class='ocr_par' dir='ltr' id='par_1_16' title="bbox 295 1381 1869 1468">
     <span class='ocr_line' id='line_1_16' title="bbox 295 1381 1869 1468; baseline 0.013 -36"><span class='ocrx_word' id='word_1_105' title='bbox 295 1381 555 1452; x_wconf 84' lang='grc' dir='ltr'>καπήλων</span> <span class='ocrx_word' id='word_1_106' title='bbox 584 1386 681 1439; x_wconf 85' lang='grc' dir='ltr'><strong>οὐκ</strong></span> <span class='ocrx_word' id='word_1_107' title='bbox 710 1386 876 1440; x_wconf 79' lang='grc' dir='ltr'>ἔπαθε</span> <span class='ocrx_word' id='word_1_108' title='bbox 898 1404 910 1418; x_wconf 87' lang='grc'><strong>·</strong></span> <span class='ocrx_word' id='word_1_109' title='bbox 945 1392 1160 1455; x_wconf 77' lang='grc' dir='ltr'>πάντως</span> <span class='ocrx_word' id='word_1_110' title='bbox 1183 1392 1291 1463; x_wconf 86' lang='grc' dir='ltr'>γὰρ</span> <span class='ocrx_word' id='word_1_111' title='bbox 1317 1396 1409 1447; x_wconf 72' lang='grc' dir='ltr'>καὶ</span> <span class='ocrx_word' id='word_1_112' title='bbox 1431 1396 1524 1448; x_wconf 86' lang='grc' dir='ltr'><strong>τοῦ</strong></span> <span class='ocrx_word' id='word_1_113' title='bbox 1555 1397 1869 1468; x_wconf 86' lang='grc' dir='ltr'>Πνεύματος</span> 
     </span>
    </p>
   </div>
   <div class='ocr_carea' id='block_1_17' title="bbox 292 1469 1870 1555">
    <p class='ocr_par' dir='ltr' id='par_1_17' title="bbox 292 1469 1870 1555">
     <span class='ocr_line' id='line_1_17' title="bbox 292 1469 1870 1555; baseline 0.014 -36"><span class='ocrx_word' id='word_1_114' title='bbox 292 1469 522 1540; x_wconf 81' lang='grc' dir='ltr'>πλήρεις</span> <span class='ocrx_word' id='word_1_115' title='bbox 551 1474 816 1540; x_wconf 70' lang='grc' dir='ltr'>ἐγένοντο,</span> <span class='ocrx_word' id='word_1_116' title='bbox 844 1477 912 1529; x_wconf 80' lang='grc' dir='ltr'>δι’</span> <span class='ocrx_word' id='word_1_117' title='bbox 939 1470 999 1530; x_wconf 75' lang='grc' dir='ltr'>οὗ</span> <span class='ocrx_word' id='word_1_118' title='bbox 1029 1480 1089 1532; x_wconf 83' lang='grc' dir='ltr'>τὸ</span> <span class='ocrx_word' id='word_1_119' title='bbox 1114 1481 1256 1551; x_wconf 85' lang='grc' dir='ltr'>παχύ</span> <span class='ocrx_word' id='word_1_120' title='bbox 1291 1500 1349 1534; x_wconf 89' lang='grc' dir='ltr'><strong>τε</strong></span> <span class='ocrx_word' id='word_1_121' title='bbox 1372 1484 1467 1536; x_wconf 75' lang='grc' dir='ltr'><strong>καὶ</strong></span> <span class='ocrx_word' id='word_1_122' title='bbox 1499 1485 1718 1549; x_wconf 78' lang='grc' dir='ltr'>ἰλυῶδες</span> <span class='ocrx_word' id='word_1_123' title='bbox 1770 1488 1870 1555; x_wconf 80' lang='grc' dir='ltr'><strong>τῆς</strong></span> 
     </span>
    </p>
   </div>
   <div class='ocr_carea' id='block_1_18' title="bbox 291 1559 1870 1645">
    <p class='ocr_par' dir='ltr' id='par_1_18' title="bbox 291 1559 1870 1645">
     <span class='ocr_line' id='line_1_18' title="bbox 291 1559 1870 1645; baseline 0.012 -35"><span class='ocrx_word' id='word_1_124' title='bbox 291 1559 552 1623; x_wconf 80' lang='grc' dir='ltr'>ἀπιστίας</span> <span class='ocrx_word' id='word_1_125' title='bbox 598 1564 647 1616; x_wconf 85' lang='grc' dir='ltr'><strong>οἰ</strong></span> <span class='ocrx_word' id='word_1_126' title='bbox 695 1565 970 1637; x_wconf 74' lang='grc' dir='ltr'>Πνεῦματι</span> <span class='ocrx_word' id='word_1_127' title='bbox 1014 1569 1225 1633; x_wconf 80' lang='grc' dir='ltr'>ζέοντες</span> <span class='ocrx_word' id='word_1_128' title='bbox 1262 1572 1355 1640; x_wconf 84' lang='grc' dir='ltr'><strong>ἀφ’</strong></span> <span class='ocrx_word' id='word_1_129' title='bbox 1395 1574 1603 1627; x_wconf 80' lang='grc' dir='ltr'>ἑαυτῶν</span> <span class='ocrx_word' id='word_1_130' title='bbox 1646 1575 1870 1645; x_wconf 77' lang='grc' dir='ltr'>ἐξαφρί-</span> 
     </span>
    </p>
   </div>
   <div class='ocr_carea' id='block_1_19' title="bbox 292 1649 1867 1731">
    <p class='ocr_par' dir='ltr' id='par_1_19' title="bbox 292 1649 1867 1731">
     <span class='ocr_line' id='line_1_19' title="bbox 292 1649 1867 1731; baseline 0.01 -28"><span class='ocrx_word' id='word_1_131' title='bbox 292 1651 480 1715; x_wconf 80' lang='grc' dir='ltr'>ζουσιν</span> <span class='ocrx_word' id='word_1_132' title='bbox 512 1654 646 1722; x_wconf 77' lang='lat' dir='ltr'><strong>(I5).</strong></span> <span class='ocrx_word' id='word_1_133' title='bbox 688 1649 829 1710; x_wconf 82' lang='grc' dir='ltr'>Ἀλλ’</span> <span class='ocrx_word' id='word_1_134' title='bbox 857 1660 918 1711; x_wconf 88' lang='grc' dir='ltr'><strong>οὐ</strong></span> <span class='ocrx_word' id='word_1_135' title='bbox 955 1658 1206 1715; x_wconf 85' lang='grc' dir='ltr'>δύνανται</span> <span class='ocrx_word' id='word_1_136' title='bbox 1234 1663 1283 1714; x_wconf 78' lang='grc' dir='ltr'>οἱ</span> <span class='ocrx_word' id='word_1_137' title='bbox 1306 1664 1534 1717; x_wconf 89' lang='grc' dir='ltr'>τοιοῦτοι</span> <span class='ocrx_word' id='word_1_138' title='bbox 1572 1667 1630 1718; x_wconf 83' lang='grc' dir='ltr'>ὲν</span> <span class='ocrx_word' id='word_1_139' title='bbox 1654 1667 1867 1731; x_wconf 78' lang='grc' dir='ltr'>ἑαυτοῖς</span> 
     </span>
    </p>
   </div>
   <div class='ocr_carea' id='block_1_20' title="bbox 1975 495 3538 562">
    <p class='ocr_par' dir='ltr' id='par_1_20' title="bbox 1975 495 3538 562">
     <span class='ocr_line' id='line_1_20' title="bbox 1975 495 3538 562; baseline 0.004 -15"><span class='ocrx_word' id='word_1_140' title='bbox 1975 509 2076 550; x_wconf 90' lang='lat' dir='ltr'><strong>nos</strong></span> <span class='ocrx_word' id='word_1_141' title='bbox 2117 495 2320 560; x_wconf 81' lang='lat' dir='ltr'><strong>dicant,</strong></span> <span class='ocrx_word' id='word_1_142' title='bbox 2352 496 2708 554; x_wconf 87' lang='lat' dir='ltr'><strong>nihilominus</strong></span> <span class='ocrx_word' id='word_1_143' title='bbox 2737 505 2928 552; x_wconf 88' lang='lat' dir='ltr'><strong>auctor</strong></span> <span class='ocrx_word' id='word_1_144' title='bbox 2961 498 3116 554; x_wconf 86' lang='lat' dir='ltr'><strong>vobis</strong></span> <span class='ocrx_word' id='word_1_145' title='bbox 3146 513 3288 562; x_wconf 91' lang='lat' dir='ltr'><strong>sum,</strong></span> <span class='ocrx_word' id='word_1_146' title='bbox 3326 498 3538 562; x_wconf 77' lang='lat' dir='ltr'><strong>fratres,</strong></span> 
     </span>
    </p>
   </div>
   <div class='ocr_carea' id='block_1_21' title="bbox 1973 585 3546 655">
    <p class='ocr_par' dir='ltr' id='par_1_21' title="bbox 1973 585 3546 655">
     <span class='ocr_line' id='line_1_21' title="bbox 1973 585 3546 655; baseline 0.002 -17"><span class='ocrx_word' id='word_1_147' title='bbox 1973 591 2034 638; x_wconf 96' lang='lat' dir='ltr'><strong>ut</strong></span> <span class='ocrx_word' id='word_1_148' title='bbox 2055 599 2245 638; x_wconf 90' lang='lat' dir='ltr'><strong>eorum</strong></span> <span class='ocrx_word' id='word_1_149' title='bbox 2274 585 2506 640; x_wconf 77' lang='lat' dir='ltr'><strong>dicteria</strong></span> <span class='ocrx_word' id='word_1_150' title='bbox 2532 586 2608 640; x_wconf 91' lang='lat' dir='ltr'><strong>nil</strong></span> <span class='ocrx_word' id='word_1_151' title='bbox 2637 586 2894 655; x_wconf 91' lang='lat' dir='ltr'><strong>timeatis,</strong></span> <span class='ocrx_word' id='word_1_152' title='bbox 2928 602 3064 642; x_wconf 83' lang='lat' dir='ltr'><strong>neve</strong></span> <span class='ocrx_word' id='word_1_153' title='bbox 3101 587 3416 643; x_wconf 89' lang='lat' dir='ltr'><strong>eorumdem</strong></span> <span class='ocrx_word' id='word_1_154' title='bbox 3450 588 3546 641; x_wconf 89' lang='lat' dir='ltr'><strong>de-</strong></span> 
     </span>
    </p>
   </div>
   <div class='ocr_carea' id='block_1_22' title="bbox 1973 671 3537 746">
    <p class='ocr_par' dir='ltr' id='par_1_22' title="bbox 1973 671 3537 746">
     <span class='ocr_line' id='line_1_22' title="bbox 1973 671 3537 746; baseline 0.003 -21"><span class='ocrx_word' id='word_1_155' title='bbox 1973 671 2272 729; x_wconf 85' lang='lat' dir='ltr'><strong>risionibus</strong></span> <span class='ocrx_word' id='word_1_156' title='bbox 2311 676 2705 731; x_wconf 87' lang='lat' dir='ltr'><strong>succumbatis.</strong></span> <span class='ocrx_word' id='word_1_157' title='bbox 2753 676 2973 732; x_wconf 90' lang='lat' dir='ltr'><strong>Utinam</strong></span> <span class='ocrx_word' id='word_1_158' title='bbox 3002 679 3147 732; x_wconf 89' lang='lat' dir='ltr'><strong>enim</strong></span> <span class='ocrx_word' id='word_1_159' title='bbox 3191 684 3245 731; x_wconf 94' lang='lat' dir='ltr'><strong>et</strong></span> <span class='ocrx_word' id='word_1_160' title='bbox 3277 678 3412 746; x_wconf 88' lang='lat' dir='ltr'><strong>ipsis</strong></span> <span class='ocrx_word' id='word_1_161' title='bbox 3444 676 3537 730; x_wconf 89' lang='lat' dir='ltr'><strong>ali-</strong></span> 
     </span>
    </p>
   </div>
   <div class='ocr_carea' id='block_1_23' title="bbox 1972 764 3542 839">
    <p class='ocr_par' dir='ltr' id='par_1_23' title="bbox 1972 764 3542 839">
     <span class='ocr_line' id='line_1_23' title="bbox 1972 764 3542 839; baseline 0.002 -21"><span class='ocrx_word' id='word_1_162' title='bbox 1972 765 2191 835; x_wconf 87' lang='lat' dir='ltr'><strong>quando</strong></span> <span class='ocrx_word' id='word_1_163' title='bbox 2218 764 2357 821; x_wconf 83' lang='lat' dir='ltr'><strong>foret</strong></span> <span class='ocrx_word' id='word_1_164' title='bbox 2385 766 2488 821; x_wconf 89' lang='lat' dir='ltr'><strong>hoc</strong></span> <span class='ocrx_word' id='word_1_165' title='bbox 2508 776 2767 834; x_wconf 87' lang='lat' dir='ltr'><strong>mustum,</strong></span> <span class='ocrx_word' id='word_1_166' title='bbox 2792 784 3006 833; x_wconf 82' lang='lat' dir='ltr'><strong>recens,</strong></span> <span class='ocrx_word' id='word_1_167' title='bbox 3040 769 3282 839; x_wconf 83' lang='lat' dir='ltr'><strong>inquam,</strong></span> <span class='ocrx_word' id='word_1_168' title='bbox 3305 767 3542 823; x_wconf 85' lang='lat' dir='ltr'><strong>effusum</strong></span> 
     </span>
    </p>
   </div>
   <div class='ocr_carea' id='block_1_24' title="bbox 1973 856 3543 930">
    <p class='ocr_par' dir='ltr' id='par_1_24' title="bbox 1973 856 3543 930">
     <span class='ocr_line' id='line_1_24' title="bbox 1973 856 3543 930; baseline 0.002 -21"><span class='ocrx_word' id='word_1_169' title='bbox 1973 856 2076 911; x_wconf 88' lang='lat' dir='ltr'><strong>hoc</strong></span> <span class='ocrx_word' id='word_1_170' title='bbox 2119 857 2327 920; x_wconf 90' lang='lat' dir='ltr'><strong>vinum,</strong></span> <span class='ocrx_word' id='word_1_171' title='bbox 2373 872 2434 911; x_wconf 88' lang='lat' dir='ltr'><strong>ac</strong></span> <span class='ocrx_word' id='word_1_172' title='bbox 2465 872 2529 912; x_wconf 80' lang='lat' dir='ltr'><strong>ex</strong></span> <span class='ocrx_word' id='word_1_173' title='bbox 2574 860 2830 913; x_wconf 89' lang='lat' dir='ltr'><strong>torculari</strong></span> <span class='ocrx_word' id='word_1_174' title='bbox 2880 859 3195 929; x_wconf 87' lang='lat' dir='ltr'><strong>profusum,</strong></span> <span class='ocrx_word' id='word_1_175' title='bbox 3248 861 3393 930; x_wconf 89' lang='lat' dir='ltr'><strong>quod</strong></span> <span class='ocrx_word' id='word_1_176' title='bbox 3447 875 3543 929; x_wconf 87' lang='lat' dir='ltr'><strong>per</strong></span> 
     </span>
    </p>
   </div>
   <div class='ocr_carea' id='block_1_25' title="bbox 1972 944 3559 1020">
    <p class='ocr_par' dir='ltr' id='par_1_25' title="bbox 1972 944 3559 1020">
     <span class='ocr_line' id='line_1_25' title="bbox 1972 944 3559 1020; baseline 0.001 -21"><span class='ocrx_word' id='word_1_177' title='bbox 1972 944 2323 1016; x_wconf 81' lang='lat' dir='ltr'><strong>Evangelium</strong></span> <span class='ocrx_word' id='word_1_178' title='bbox 2371 947 2629 1004; x_wconf 92' lang='lat' dir='ltr'><strong>Dominus</strong></span> <span class='ocrx_word' id='word_1_179' title='bbox 2663 950 2950 1012; x_wconf 80' lang='lat' dir='ltr'><strong>calcavit&quot;,</strong></span> <span class='ocrx_word' id='word_1_180' title='bbox 2983 959 3040 1004; x_wconf 90' lang='lat' dir='ltr'><strong>ut</strong></span> <span class='ocrx_word' id='word_1_181' title='bbox 3084 949 3181 1004; x_wconf 87' lang='lat' dir='ltr'><strong>tibi</strong></span> <span class='ocrx_word' id='word_1_182' title='bbox 3220 950 3422 1020; x_wconf 82' lang='lat' dir='ltr'><strong>proprii</strong></span> <span class='ocrx_word' id='word_1_183' title='bbox 3452 964 3559 1002; x_wconf 66' lang='grc' dir='ltr'><strong>ναο-</strong></span> 
     </span>
    </p>
   </div>
   <div class='ocr_carea' id='block_1_26' title="bbox 1973 1021 3542 1108">
    <p class='ocr_par' dir='ltr' id='par_1_26' title="bbox 1973 1021 3542 1108">
     <span class='ocr_line' id='line_1_26' title="bbox 1973 1021 3542 1108; baseline 0.001 -19"><span class='ocrx_word' id='word_1_184' title='bbox 1973 1037 2111 1091; x_wconf 88' lang='lat' dir='ltr'><strong>cemi</strong></span> <span class='ocrx_word' id='word_1_185' title='bbox 2159 1038 2478 1107; x_wconf 84' lang='lat' dir='ltr'><strong>sanguinem</strong></span> <span class='ocrx_word' id='word_1_186' title='bbox 2514 1021 2808 1108; x_wconf 74' lang='lat' dir='ltr'><strong>potandum</strong></span> <span class='ocrx_word' id='word_1_187' title='bbox 2845 1039 3019 1093; x_wconf 85' lang='lat' dir='ltr'><strong>daret.</strong></span> <span class='ocrx_word' id='word_1_188' title='bbox 3069 1038 3289 1093; x_wconf 85' lang='lat' dir='ltr'><strong>Utinam</strong></span> <span class='ocrx_word' id='word_1_189' title='bbox 3336 1048 3391 1093; x_wconf 87' lang='lat' dir='ltr'><strong>et</strong></span> <span class='ocrx_word' id='word_1_190' title='bbox 3438 1038 3542 1108; x_wconf 91' lang='lat' dir='ltr'><strong>ipsi</strong></span> 
     </span>
    </p>
   </div>
   <div class='ocr_carea' id='block_1_27' title="bbox 1970 1129 3544 1199">
    <p class='ocr_par' dir='ltr' id='par_1_27' title="bbox 1970 1129 3544 1199">
     <span class='ocr_line' id='line_1_27' title="bbox 1970 1129 3544 1199; baseline 0 -16"><span class='ocrx_word' id='word_1_191' title='bbox 1970 1129 2161 1198; x_wconf 83' lang='lat' dir='ltr'><strong>repleti</strong></span> <span class='ocrx_word' id='word_1_192' title='bbox 2205 1129 2404 1185; x_wconf 80' lang='lat' dir='ltr'><strong>fuerint</strong></span> <span class='ocrx_word' id='word_1_193' title='bbox 2442 1146 2583 1185; x_wconf 88' lang='lat' dir='ltr'><strong>novo</strong></span> <span class='ocrx_word' id='word_1_194' title='bbox 2610 1132 2712 1186; x_wconf 92' lang='lat' dir='ltr'><strong>hoc</strong></span> <span class='ocrx_word' id='word_1_195' title='bbox 2741 1132 2888 1193; x_wconf 87' lang='lat' dir='ltr'><strong>vino,</strong></span> <span class='ocrx_word' id='word_1_196' title='bbox 2922 1129 3066 1199; x_wconf 89' lang='lat' dir='ltr'><strong>quod</strong></span> <span class='ocrx_word' id='word_1_197' title='bbox 3095 1138 3333 1184; x_wconf 88' lang='lat' dir='ltr'><strong>mustum</strong></span> <span class='ocrx_word' id='word_1_198' title='bbox 3358 1131 3544 1199; x_wconf 83' lang='lat' dir='ltr'><strong>appel—</strong></span> 
     </span>
    </p>
   </div>
   <div class='ocr_carea' id='block_1_28' title="bbox 1970 1219 3544 1291">
    <p class='ocr_par' dir='ltr' id='par_1_28' title="bbox 1970 1219 3544 1291">
     <span class='ocr_line' id='line_1_28' title="bbox 1970 1219 3544 1291; baseline -0.003 -15"><span class='ocrx_word' id='word_1_199' title='bbox 1970 1223 2240 1283; x_wconf 84' lang='lat' dir='ltr'><strong>laverunt,</strong></span> <span class='ocrx_word' id='word_1_200' title='bbox 2279 1221 2426 1290; x_wconf 88' lang='lat' dir='ltr'><strong>quod</strong></span> <span class='ocrx_word' id='word_1_201' title='bbox 2468 1223 2733 1276; x_wconf 62' lang='lat' dir='ltr'><strong>haeretica:</strong></span> <span class='ocrx_word' id='word_1_202' title='bbox 2767 1237 2921 1291; x_wconf 59' lang='lat' dir='ltr'><strong>aqua:</strong></span> <span class='ocrx_word' id='word_1_203' title='bbox 2955 1219 3281 1274; x_wconf 88' lang='lat' dir='ltr'><strong>admistione</strong></span> <span class='ocrx_word' id='word_1_204' title='bbox 3318 1235 3428 1273; x_wconf 90' lang='lat' dir='ltr'><strong>non</strong></span> <span class='ocrx_word' id='word_1_205' title='bbox 3457 1228 3544 1273; x_wconf 89' lang='lat' dir='ltr'><strong>est</strong></span> 
     </span>
    </p>
   </div>
   <div class='ocr_carea' id='block_1_29' title="bbox 1972 1308 3539 1381">
    <p class='ocr_par' dir='ltr' id='par_1_29' title="bbox 1972 1308 3539 1381">
     <span class='ocr_line' id='line_1_29' title="bbox 1972 1308 3539 1381; baseline -0.001 -16"><span class='ocrx_word' id='word_1_206' title='bbox 1972 1327 1999 1365; x_wconf 89' lang='lat' dir='ltr'><strong>a</strong></span> <span class='ocrx_word' id='word_1_207' title='bbox 2040 1312 2374 1381; x_wconf 82' lang='lat' dir='ltr'><strong>cauponibus</strong></span> <span class='ocrx_word' id='word_1_208' title='bbox 2419 1313 2781 1365; x_wconf 82' lang='lat' dir='ltr'><strong>adulteratam</strong></span> <span class='ocrx_word' id='word_1_209' title='bbox 2818 1331 2830 1365; x_wconf 89' lang='lat'><strong>:</strong></span> <span class='ocrx_word' id='word_1_210' title='bbox 2881 1327 3107 1380; x_wconf 88' lang='lat' dir='ltr'><strong>prorsus</strong></span> <span class='ocrx_word' id='word_1_211' title='bbox 3136 1310 3279 1364; x_wconf 87' lang='lat' dir='ltr'><strong>enim</strong></span> <span class='ocrx_word' id='word_1_212' title='bbox 3334 1308 3539 1379; x_wconf 89' lang='lat' dir='ltr'><strong>Spiritu</strong></span> 
     </span>
    </p>
   </div>
   <div class='ocr_carea' id='block_1_30' title="bbox 1967 1396 3537 1469">
    <p class='ocr_par' dir='ltr' id='par_1_30' title="bbox 1967 1396 3537 1469">
     <span class='ocr_line' id='line_1_30' title="bbox 1967 1396 3537 1469; baseline -0.003 -14"><span class='ocrx_word' id='word_1_213' title='bbox 1967 1400 2131 1455; x_wconf 89' lang='lat' dir='ltr'><strong>etiam</strong></span> <span class='ocrx_word' id='word_1_214' title='bbox 2164 1402 2353 1469; x_wconf 83' lang='lat' dir='ltr'><strong>repleti</strong></span> <span class='ocrx_word' id='word_1_215' title='bbox 2386 1400 2637 1464; x_wconf 88' lang='lat' dir='ltr'><strong>fuissent,</strong></span> <span class='ocrx_word' id='word_1_216' title='bbox 2669 1401 2827 1468; x_wconf 85' lang='lat' dir='ltr'><strong>cujus</strong></span> <span class='ocrx_word' id='word_1_217' title='bbox 2861 1414 3048 1469; x_wconf 85' lang='lat' dir='ltr'><strong>opera,</strong></span> <span class='ocrx_word' id='word_1_218' title='bbox 3077 1400 3170 1467; x_wconf 89' lang='lat' dir='ltr'><strong>qui</strong></span> <span class='ocrx_word' id='word_1_219' title='bbox 3202 1413 3265 1451; x_wconf 91' lang='lat' dir='ltr'><strong>co</strong></span> <span class='ocrx_word' id='word_1_220' title='bbox 3291 1396 3502 1451; x_wconf 88' lang='lat' dir='ltr'><strong>fervent</strong></span> <span class='ocrx_word' id='word_1_221' title='bbox 3523 1436 3537 1461; x_wconf 91' lang='lat'><strong>,</strong></span> 
     </span>
    </p>
   </div>
   <div class='ocr_carea' id='block_1_31' title="bbox 1969 1487 3541 1560">
    <p class='ocr_par' dir='ltr' id='par_1_31' title="bbox 1969 1487 3541 1560">
     <span class='ocr_line' id='line_1_31' title="bbox 1969 1487 3541 1560; baseline -0.002 -16"><span class='ocrx_word' id='word_1_222' title='bbox 1969 1506 2210 1545; x_wconf 85' lang='lat' dir='ltr'><strong>crassam</strong></span> <span class='ocrx_word' id='word_1_223' title='bbox 2241 1491 2479 1558; x_wconf 67' lang='lat' dir='ltr'><strong>perﬁdia:</strong></span> <span class='ocrx_word' id='word_1_224' title='bbox 2528 1494 2697 1545; x_wconf 88' lang='lat' dir='ltr'><strong>l&#39;ecem</strong></span> <span class='ocrx_word' id='word_1_225' title='bbox 2732 1508 2797 1545; x_wconf 82' lang='lat' dir='ltr'><strong>ex</strong></span> <span class='ocrx_word' id='word_1_226' title='bbox 2834 1492 3074 1560; x_wconf 89' lang='lat' dir='ltr'><strong>ipsorum</strong></span> <span class='ocrx_word' id='word_1_227' title='bbox 3116 1488 3313 1542; x_wconf 88' lang='lat' dir='ltr'><strong>animis</strong></span> <span class='ocrx_word' id='word_1_228' title='bbox 3347 1487 3541 1557; x_wconf 54' lang='lat' dir='ltr'><strong>despu.</strong></span> 
     </span>
    </p>
   </div>
   <div class='ocr_carea' id='block_1_32' title="bbox 1968 1577 3542 1653">
    <p class='ocr_par' dir='ltr' id='par_1_32' title="bbox 1968 1577 3542 1653">
     <span class='ocr_line' id='line_1_32' title="bbox 1968 1577 3542 1653; baseline -0.004 -16"><span class='ocrx_word' id='word_1_229' title='bbox 1968 1592 2140 1637; x_wconf 88' lang='lat' dir='ltr'><strong>mant.</strong></span> <span class='ocrx_word' id='word_1_230' title='bbox 2165 1582 2365 1636; x_wconf 89' lang='lat' dir='ltr'><strong>Verum</strong></span> <span class='ocrx_word' id='word_1_231' title='bbox 2397 1583 2555 1638; x_wconf 88' lang='lat' dir='ltr'><strong>istius</strong></span> <span class='ocrx_word' id='word_1_232' title='bbox 2585 1583 2802 1653; x_wconf 78' lang='lat' dir='ltr'><strong>generis</strong></span> <span class='ocrx_word' id='word_1_233' title='bbox 2824 1583 3073 1636; x_wconf 85' lang='lat' dir='ltr'><strong>homines</strong></span> <span class='ocrx_word' id='word_1_234' title='bbox 3096 1581 3149 1634; x_wconf 87' lang='lat' dir='ltr'><strong>in</strong></span> <span class='ocrx_word' id='word_1_235' title='bbox 3176 1595 3236 1635; x_wconf 88' lang='lat' dir='ltr'><strong>se</strong></span> <span class='ocrx_word' id='word_1_236' title='bbox 3263 1577 3395 1648; x_wconf 89' lang='lat' dir='ltr'><strong>ipsis</strong></span> <span class='ocrx_word' id='word_1_237' title='bbox 3423 1594 3542 1631; x_wconf 88' lang='lat' dir='ltr'><strong>mu-</strong></span> 
     </span>
    </p>
   </div>
   <div class='ocr_carea' id='block_1_33' title="bbox 1969 1671 3541 1744">
    <p class='ocr_par' dir='ltr' id='par_1_33' title="bbox 1969 1671 3541 1744">
     <span class='ocr_line' id='line_1_33' title="bbox 1969 1671 3541 1744; baseline -0.004 -15"><span class='ocrx_word' id='word_1_238' title='bbox 1969 1684 2108 1730; x_wconf 83' lang='lat' dir='ltr'><strong>stuu.</strong></span> <span class='ocrx_word' id='word_1_239' title='bbox 2139 1674 2270 1728; x_wconf 89' lang='lat' dir='ltr'><strong>illud</strong></span> <span class='ocrx_word' id='word_1_240' title='bbox 2298 1690 2493 1744; x_wconf 86' lang='lat' dir='ltr'><strong>capere</strong></span> <span class='ocrx_word' id='word_1_241' title='bbox 2518 1691 2623 1730; x_wconf 93' lang='lat' dir='ltr'><strong>non</strong></span> <span class='ocrx_word' id='word_1_242' title='bbox 2650 1684 2879 1742; x_wconf 89' lang='lat' dir='ltr'><strong>possunt</strong></span> <span class='ocrx_word' id='word_1_243' title='bbox 2899 1713 2912 1737; x_wconf 90' lang='lat'><strong>,</strong></span> <span class='ocrx_word' id='word_1_244' title='bbox 2938 1688 3062 1727; x_wconf 91' lang='lat' dir='ltr'><strong>cum</strong></span> <span class='ocrx_word' id='word_1_245' title='bbox 3093 1671 3272 1725; x_wconf 89' lang='lat' dir='ltr'><strong>adhuc</strong></span> <span class='ocrx_word' id='word_1_246' title='bbox 3302 1677 3541 1724; x_wconf 88' lang='lat' dir='ltr'><strong>veterem</strong></span> 
     </span>
    </p>
   </div>
   <div class='ocr_carea' id='block_1_34' title="bbox 290 1743 1868 1834">
    <p class='ocr_par' dir='ltr' id='par_1_34' title="bbox 290 1743 1866 1828">
     <span class='ocr_line' id='line_1_34' title="bbox 290 1743 1866 1828; baseline 0.01 -33"><span class='ocrx_word' id='word_1_247' title='bbox 290 1743 357 1796; x_wconf 83' lang='grc' dir='ltr'>τὸ</span> <span class='ocrx_word' id='word_1_248' title='bbox 386 1744 614 1813; x_wconf 81' lang='grc' dir='ltr'>γλεῦκος</span> <span class='ocrx_word' id='word_1_249' title='bbox 637 1746 911 1815; x_wconf 82' lang='grc' dir='ltr'>δέξασθαι,</span> <span class='ocrx_word' id='word_1_250' title='bbox 949 1752 1028 1805; x_wconf 77' lang='grc' dir='ltr'>ἔτι</span> <span class='ocrx_word' id='word_1_251' title='bbox 1060 1754 1151 1806; x_wconf 80' lang='grc' dir='ltr'><strong>τὸν</strong></span> <span class='ocrx_word' id='word_1_252' title='bbox 1184 1753 1413 1807; x_wconf 77' lang='grc' dir='ltr'>παλαιὸν</span> <span class='ocrx_word' id='word_1_253' title='bbox 1442 1756 1609 1809; x_wconf 83' lang='grc' dir='ltr'>ἀσκὸν</span> <span class='ocrx_word' id='word_1_254' title='bbox 1638 1758 1866 1828; x_wconf 73' lang='grc' dir='ltr'>περιφέο</span> 
     </span>
    </p>
   </div>
   <div class='ocr_carea' id='block_1_35' title="bbox 1968 1743 3544 1834">
    <p class='ocr_par' dir='ltr' id='par_1_35' title="bbox 1968 1761 3544 1834">
     <span class='ocr_line' id='line_1_35' title="bbox 1968 1761 3544 1834; baseline -0.004 -17"><span class='ocrx_word' id='word_1_255' title='bbox 1968 1773 2143 1818; x_wconf 83' lang='lat' dir='ltr'><strong>utrem</strong></span> <span class='ocrx_word' id='word_1_256' title='bbox 2168 1763 2577 1830; x_wconf 77' lang='lat' dir='ltr'><strong>circuu&#39;iferant,</strong></span> <span class='ocrx_word' id='word_1_257' title='bbox 2606 1766 2697 1834; x_wconf 91' lang='lat' dir='ltr'><strong>qui</strong></span> <span class='ocrx_word' id='word_1_258' title='bbox 2730 1779 2854 1818; x_wconf 91' lang='lat' dir='ltr'><strong>cum</strong></span> <span class='ocrx_word' id='word_1_259' title='bbox 2882 1762 3153 1832; x_wconf 88' lang='lat' dir='ltr'><strong>ejusmodi</strong></span> <span class='ocrx_word' id='word_1_260' title='bbox 3191 1761 3375 1814; x_wconf 86' lang='lat' dir='ltr'><strong>vinum</strong></span> <span class='ocrx_word' id='word_1_261' title='bbox 3409 1774 3544 1813; x_wconf 66' lang='lat' dir='ltr'><strong>con.-</strong></span> 
     </span>
    </p>
   </div>
   <div class='ocr_carea' id='block_1_36' title="bbox 295 1836 1864 1916">
    <p class='ocr_par' dir='ltr' id='par_1_36' title="bbox 295 1836 1864 1916">
     <span class='ocr_line' id='line_1_36' title="bbox 295 1836 1864 1916; baseline 0.009 -29"><span class='ocrx_word' id='word_1_262' title='bbox 295 1852 502 1906; x_wconf 78' lang='grc' dir='ltr'>ρον-τες,</span> <span class='ocrx_word' id='word_1_263' title='bbox 526 1836 583 1901; x_wconf 82' lang='grc' dir='ltr'>ὃς</span> <span class='ocrx_word' id='word_1_264' title='bbox 610 1843 961 1911; x_wconf 78' lang='grc' dir='ltr'>περικρατεῖν</span> <span class='ocrx_word' id='word_1_265' title='bbox 986 1842 1076 1895; x_wconf 85' lang='grc' dir='ltr'><strong>τὸν</strong></span> <span class='ocrx_word' id='word_1_266' title='bbox 1104 1843 1341 1897; x_wconf 88' lang='grc' dir='ltr'>τοιοῦτον</span> <span class='ocrx_word' id='word_1_267' title='bbox 1374 1846 1446 1915; x_wconf 82' lang='grc' dir='ltr'>μὴ</span> <span class='ocrx_word' id='word_1_268' title='bbox 1470 1845 1765 1916; x_wconf 88' lang='grc' dir='ltr'>δυνάμενος</span> <span class='ocrx_word' id='word_1_269' title='bbox 1793 1844 1864 1901; x_wconf 75' lang='grc' dir='ltr'><strong>οἷ-</strong></span> 
     </span>
    </p>
   </div>
   <div class='ocr_carea' id='block_1_37' title="bbox 291 1928 1860 2009">
    <p class='ocr_par' dir='ltr' id='par_1_37' title="bbox 291 1928 1860 2009">
     <span class='ocr_line' id='line_1_37' title="bbox 291 1928 1860 2009; baseline 0.009 -31"><span class='ocrx_word' id='word_1_270' title='bbox 291 1942 407 1987; x_wconf 86' lang='grc' dir='ltr'>νον,</span> <span class='ocrx_word' id='word_1_271' title='bbox 466 1928 756 1999; x_wconf 82' lang='grc' dir='ltr'>αἱρετικῶς</span> <span class='ocrx_word' id='word_1_272' title='bbox 810 1932 1242 2003; x_wconf 79' lang='grc' dir='ltr'>ἀπορρήγνυται.</span> <span class='ocrx_word' id='word_1_273' title='bbox 1322 1936 1459 1988; x_wconf 85' lang='grc' dir='ltr'>Ἀλλ’</span> <span class='ocrx_word' id='word_1_274' title='bbox 1511 1939 1670 2008; x_wconf 78' lang='grc' dir='ltr'>ἡμεῖς</span> <span class='ocrx_word' id='word_1_275' title='bbox 1714 1937 1860 2009; x_wconf 83' lang='grc'><strong>(16),</strong></span> 
     </span>
    </p>
   </div>
   <div class='ocr_carea' id='block_1_38' title="bbox 290 2016 1863 2098">
    <p class='ocr_par' dir='ltr' id='par_1_38' title="bbox 290 2016 1863 2098">
     <span class='ocr_line' id='line_1_38' title="bbox 290 2016 1863 2098; baseline 0.01 -30"><span class='ocrx_word' id='word_1_276' title='bbox 290 2016 534 2085; x_wconf 72' lang='grc' dir='ltr'>ἀδελφοὶ,</span> <span class='ocrx_word' id='word_1_277' title='bbox 560 2019 741 2084; x_wconf 84' lang='grc' dir='ltr'>καθώς</span> <span class='ocrx_word' id='word_1_278' title='bbox 770 2039 935 2093; x_wconf 85' lang='grc' dir='ltr'>φησιν</span> <span class='ocrx_word' id='word_1_279' title='bbox 963 2025 990 2075; x_wconf 89' lang='lat'><strong>6</strong></span> <span class='ocrx_word' id='word_1_280' title='bbox 1013 2026 1333 2098; x_wconf 82' lang='grc' dir='ltr'>Προφήτης,</span> <span class='ocrx_word' id='word_1_281' title='bbox 1358 2027 1555 2092; x_wconf 84' lang='grc' dir='ltr'>Δεῦτε,</span> <span class='ocrx_word' id='word_1_282' title='bbox 1577 2029 1863 2097; x_wconf 52' lang='lat' dir='ltr'><strong>(tradita-</strong></span> 
     </span>
    </p>
   </div>
   <div class='ocr_carea' id='block_1_39' title="bbox 288 2109 1864 2189">
    <p class='ocr_par' dir='ltr' id='par_1_39' title="bbox 288 2109 1864 2189">
     <span class='ocr_line' id='line_1_39' title="bbox 288 2109 1864 2189; baseline 0.008 -28"><span class='ocrx_word' id='word_1_283' title='bbox 288 2109 530 2179; x_wconf 73' lang='grc' dir='ltr'>θώμεθα</span> <span class='ocrx_word' id='word_1_284' title='bbox 575 2113 655 2177; x_wconf 81' lang='grc' dir='ltr'>τῷ</span> <span class='ocrx_word' id='word_1_285' title='bbox 688 2116 902 2182; x_wconf 72' lang='grc' dir='ltr'>Κυρίῳ,</span> <span class='ocrx_word' id='word_1_286' title='bbox 937 2116 1201 2180; x_wconf 82' lang='grc' dir='ltr'>πίνοντες,</span> <span class='ocrx_word' id='word_1_287' title='bbox 1236 2119 1327 2171; x_wconf 75' lang='grc' dir='ltr'>καὶ</span> <span class='ocrx_word' id='word_1_288' title='bbox 1355 2119 1425 2172; x_wconf 79' lang='grc' dir='ltr'>τὰ</span> <span class='ocrx_word' id='word_1_289' title='bbox 1453 2120 1554 2189; x_wconf 79' lang='grc' dir='ltr'>τῆς</span> <span class='ocrx_word' id='word_1_290' title='bbox 1585 2121 1864 2184; x_wconf 75' lang='grc' dir='ltr'>εὐσεϐείας</span> 
     </span>
    </p>
   </div>
   <div class='ocr_carea' id='block_1_40' title="bbox 289 2200 1864 2278">
    <p class='ocr_par' dir='ltr' id='par_1_40' title="bbox 289 2200 1864 2278">
     <span class='ocr_line' id='line_1_40' title="bbox 289 2200 1864 2278; baseline 0.008 -26"><span class='ocrx_word' id='word_1_291' title='bbox 289 2200 671 2272; x_wconf 82' lang='grc' dir='ltr'>γλυκάσματα,</span> <span class='ocrx_word' id='word_1_292' title='bbox 731 2204 912 2268; x_wconf 87' lang='grc' dir='ltr'>καθὼς</span> <span class='ocrx_word' id='word_1_293' title='bbox 960 2208 989 2259; x_wconf 88' lang='lat'><strong>6</strong></span> <span class='ocrx_word' id='word_1_294' title='bbox 1047 2208 1280 2278; x_wconf 83' lang='grc' dir='ltr'>Ἔσδρας</span> <span class='ocrx_word' id='word_1_295' title='bbox 1329 2209 1718 2275; x_wconf 85' lang='grc' dir='ltr'>διακελεύεται,</span> <span class='ocrx_word' id='word_1_296' title='bbox 1769 2213 1864 2265; x_wconf 74' lang='grc' dir='ltr'>καὶ</span> 
     </span>
    </p>
   </div>
   <div class='ocr_carea' id='block_1_41' title="bbox 288 2292 1862 2372">
    <p class='ocr_par' dir='ltr' id='par_1_41' title="bbox 288 2292 1862 2372">
     <span class='ocr_line' id='line_1_41' title="bbox 288 2292 1862 2372; baseline 0.009 -28"><span class='ocrx_word' id='word_1_297' title='bbox 288 2294 414 2355; x_wconf 87' lang='grc' dir='ltr'>ταῖς</span> <span class='ocrx_word' id='word_1_298' title='bbox 440 2292 545 2346; x_wconf 86' lang='grc' dir='ltr'><strong>τῶν</strong></span> <span class='ocrx_word' id='word_1_299' title='bbox 597 2295 911 2349; x_wconf 84' lang='grc' dir='ltr'>ἀποστόλων</span> <span class='ocrx_word' id='word_1_300' title='bbox 946 2315 1004 2350; x_wconf 89' lang='grc' dir='ltr'><strong>τε</strong></span> <span class='ocrx_word' id='word_1_301' title='bbox 1035 2299 1127 2351; x_wconf 73' lang='grc' dir='ltr'>καὶ</span> <span class='ocrx_word' id='word_1_302' title='bbox 1160 2300 1451 2371; x_wconf 76' lang='grc' dir='ltr'>προφητῶν</span> <span class='ocrx_word' id='word_1_303' title='bbox 1480 2305 1862 2372; x_wconf 81' lang='grc' dir='ltr'>χοροστασίαις</span> 
     </span>
    </p>
   </div>
   <div class='ocr_carea' id='block_1_42' title="bbox 290 2386 1861 2462">
    <p class='ocr_par' dir='ltr' id='par_1_42' title="bbox 290 2386 1861 2462">
     <span class='ocr_line' id='line_1_42' title="bbox 290 2386 1861 2462; baseline 0.006 -25"><span class='ocrx_word' id='word_1_304' title='bbox 290 2386 800 2456; x_wconf 80' lang='grc' dir='ltr'>ὲμφαιδρυνόμενοι,</span> <span class='ocrx_word' id='word_1_305' title='bbox 829 2389 967 2443; x_wconf 85' lang='grc' dir='ltr'>κατὰ</span> <span class='ocrx_word' id='word_1_306' title='bbox 1002 2389 1100 2461; x_wconf 87' lang='grc' dir='ltr'><strong>τὴν</strong></span> <span class='ocrx_word' id='word_1_307' title='bbox 1135 2390 1339 2462; x_wconf 83' lang='grc' dir='ltr'>δωρεὰν</span> <span class='ocrx_word' id='word_1_308' title='bbox 1374 2390 1467 2445; x_wconf 90' lang='grc' dir='ltr'><strong>τοῦ</strong></span> <span class='ocrx_word' id='word_1_309' title='bbox 1507 2394 1661 2460; x_wconf 82' lang='grc' dir='ltr'>ἁγίου</span> <span class='ocrx_word' id='word_1_310' title='bbox 1691 2394 1861 2447; x_wconf 78' lang='grc' dir='ltr'>Πνεῦ-</span> 
     </span>
    </p>
   </div>
   <div class='ocr_carea' id='block_1_43' title="bbox 297 2479 1859 2558">
    <p class='ocr_par' dir='ltr' id='par_1_43' title="bbox 297 2479 1859 2558">
     <span class='ocr_line' id='line_1_43' title="bbox 297 2479 1859 2558; baseline 0.006 -27"><span class='ocrx_word' id='word_1_311' title='bbox 297 2494 467 2545; x_wconf 86' lang='grc' dir='ltr'>ματος</span> <span class='ocrx_word' id='word_1_312' title='bbox 508 2479 962 2551; x_wconf 83' lang='grc' dir='ltr'>ἀγαλλιασὼμεθα</span> <span class='ocrx_word' id='word_1_313' title='bbox 1008 2483 1100 2535; x_wconf 79' lang='grc' dir='ltr'><strong>καὶ</strong></span> <span class='ocrx_word' id='word_1_314' title='bbox 1126 2484 1516 2555; x_wconf 78' lang='grc' dir='ltr'>εὐφρανθῶμεν</span> <span class='ocrx_word' id='word_1_315' title='bbox 1538 2486 1632 2538; x_wconf 76' lang='grc' dir='ltr'><strong>ἐπὶ</strong></span> <span class='ocrx_word' id='word_1_316' title='bbox 1651 2489 1718 2558; x_wconf 78' lang='grc' dir='ltr'>τῇ</span> <span class='ocrx_word' id='word_1_317' title='bbox 1749 2486 1859 2557; x_wconf 90' lang='grc'><strong>(17)</strong></span> 
     </span>
    </p>
   </div>
   <div class='ocr_carea' id='block_1_44' title="bbox 1963 1851 3538 1919">
    <p class='ocr_par' dir='ltr' id='par_1_44' title="bbox 1963 1851 3538 1919">
     <span class='ocr_line' id='line_1_44' title="bbox 1963 1851 3538 1919; baseline -0.005 -10"><span class='ocrx_word' id='word_1_318' title='bbox 1963 1858 2137 1910; x_wconf 83' lang='lat' dir='ltr'><strong>linere</strong></span> <span class='ocrx_word' id='word_1_319' title='bbox 2188 1872 2296 1909; x_wconf 89' lang='lat' dir='ltr'><strong>non</strong></span> <span class='ocrx_word' id='word_1_320' title='bbox 2337 1857 2547 1919; x_wconf 80' lang='lat' dir='ltr'><strong>valeat,</strong></span> <span class='ocrx_word' id='word_1_321' title='bbox 2586 1856 2841 1910; x_wconf 85' lang='lat' dir='ltr'><strong>haeretica</strong></span> <span class='ocrx_word' id='word_1_322' title='bbox 2877 1854 3117 1908; x_wconf 88' lang='lat' dir='ltr'><strong>fractura</strong></span> <span class='ocrx_word' id='word_1_323' title='bbox 3158 1851 3538 1918; x_wconf 83' lang='lat' dir='ltr'><strong>disrumpitur.</strong></span> 
     </span>
    </p>
   </div>
   <div class='ocr_carea' id='block_1_45' title="bbox 1960 1937 3539 2013">
    <p class='ocr_par' dir='ltr' id='par_1_45' title="bbox 1960 1937 3539 2013">
     <span class='ocr_line' id='line_1_45' title="bbox 1960 1937 3539 2013; baseline -0.008 -13"><span class='ocrx_word' id='word_1_324' title='bbox 1960 1947 2067 2002; x_wconf 85' lang='lat' dir='ltr'><strong>Nos</strong></span> <span class='ocrx_word' id='word_1_325' title='bbox 2103 1957 2304 2008; x_wconf 84' lang='lat' dir='ltr'><strong>autem,</strong></span> <span class='ocrx_word' id='word_1_326' title='bbox 2350 1946 2567 2011; x_wconf 86' lang='lat' dir='ltr'><strong>fratres,</strong></span> <span class='ocrx_word' id='word_1_327' title='bbox 2601 1954 2661 2000; x_wconf 90' lang='lat' dir='ltr'><strong>ut</strong></span> <span class='ocrx_word' id='word_1_328' title='bbox 2690 1947 2765 2000; x_wconf 85' lang='lat' dir='ltr'><strong>ait</strong></span> <span class='ocrx_word' id='word_1_329' title='bbox 2795 1944 3086 2013; x_wconf 87' lang='lat' dir='ltr'><strong>Propheta,</strong></span> <span class='ocrx_word' id='word_1_330' title='bbox 3132 1941 3331 2004; x_wconf 79' lang='lat' dir='ltr'><strong>Venite,</strong></span> <span class='ocrx_word' id='word_1_331' title='bbox 3356 1937 3539 1993; x_wconf 68' lang='lat' dir='ltr'><strong>exsuf-</strong></span> 
     </span>
    </p>
   </div>
   <div class='ocr_carea' id='block_1_46' title="bbox 1963 2031 3544 2105">
    <p class='ocr_par' dir='ltr' id='par_1_46' title="bbox 1963 2031 3544 2105">
     <span class='ocr_line' id='line_1_46' title="bbox 1963 2031 3544 2105; baseline -0.006 -15"><span class='ocrx_word' id='word_1_332' title='bbox 1963 2047 2127 2091; x_wconf 81' lang='lat' dir='ltr'><strong>(emus</strong></span> <span class='ocrx_word' id='word_1_333' title='bbox 2172 2038 2414 2092; x_wconf 83' lang='lat' dir='ltr'><strong>Domino.</strong></span> <span class='ocrx_word' id='word_1_334' title='bbox 2471 2037 2731 2091; x_wconf 82' lang='lat' dir='ltr'><strong>Bibamus</strong></span> <span class='ocrx_word' id='word_1_335' title='bbox 2778 2035 2997 2105; x_wconf 88' lang='lat' dir='ltr'><strong>pietatis</strong></span> <span class='ocrx_word' id='word_1_336' title='bbox 3049 2031 3426 2091; x_wconf 86' lang='lat' dir='ltr'><strong>dulcedinem,</strong></span> <span class='ocrx_word' id='word_1_337' title='bbox 3479 2035 3544 2081; x_wconf 90' lang='lat' dir='ltr'><strong>ut</strong></span> 
     </span>
    </p>
   </div>
   <div class='ocr_carea' id='block_1_47' title="bbox 1964 2122 3542 2199">
    <p class='ocr_par' dir='ltr' id='par_1_47' title="bbox 1964 2122 3542 2199">
     <span class='ocr_line' id='line_1_47' title="bbox 1964 2122 3542 2199; baseline -0.006 -17"><span class='ocrx_word' id='word_1_338' title='bbox 1964 2130 2165 2185; x_wconf 87' lang='lat' dir='ltr'><strong>Esdras</strong></span> <span class='ocrx_word' id='word_1_339' title='bbox 2207 2131 2448 2199; x_wconf 83' lang='lat' dir='ltr'><strong>praecipit</strong></span> <span class='ocrx_word' id='word_1_340' title='bbox 2474 2131 2516 2193; x_wconf 83' lang='grc'>⁸,</span> <span class='ocrx_word' id='word_1_341' title='bbox 2555 2137 2608 2184; x_wconf 87' lang='lat' dir='ltr'><strong>et</strong></span> <span class='ocrx_word' id='word_1_342' title='bbox 2643 2131 2697 2183; x_wconf 94' lang='lat' dir='ltr'><strong>in</strong></span> <span class='ocrx_word' id='word_1_343' title='bbox 2743 2129 3113 2197; x_wconf 84' lang='lat' dir='ltr'><strong>apostolorum</strong></span> <span class='ocrx_word' id='word_1_344' title='bbox 3154 2131 3207 2178; x_wconf 90' lang='lat' dir='ltr'><strong>et</strong></span> <span class='ocrx_word' id='word_1_345' title='bbox 3246 2122 3542 2193; x_wconf 85' lang='lat' dir='ltr'><strong>propheta-</strong></span> 
     </span>
    </p>
   </div>
   <div class='ocr_carea' id='block_1_48' title="bbox 1965 2211 3541 2291">
    <p class='ocr_par' dir='ltr' id='par_1_48' title="bbox 1965 2211 3541 2291">
     <span class='ocr_line' id='line_1_48' title="bbox 1965 2211 3541 2291; baseline -0.01 -15"><span class='ocrx_word' id='word_1_346' title='bbox 1965 2237 2086 2276; x_wconf 88' lang='lat' dir='ltr'><strong>rum</strong></span> <span class='ocrx_word' id='word_1_347' title='bbox 2136 2222 2322 2276; x_wconf 91' lang='lat' dir='ltr'><strong>choris</strong></span> <span class='ocrx_word' id='word_1_348' title='bbox 2376 2222 2715 2291; x_wconf 80' lang='lat' dir='ltr'><strong>gaudentes,</strong></span> <span class='ocrx_word' id='word_1_349' title='bbox 2748 2236 2846 2289; x_wconf 86' lang='lat' dir='ltr'><strong>pro</strong></span> <span class='ocrx_word' id='word_1_350' title='bbox 2893 2218 3067 2271; x_wconf 86' lang='lat' dir='ltr'><strong>sancti</strong></span> <span class='ocrx_word' id='word_1_351' title='bbox 3106 2215 3346 2284; x_wconf 91' lang='lat' dir='ltr'><strong>Spiritus</strong></span> <span class='ocrx_word' id='word_1_352' title='bbox 3396 2211 3541 2264; x_wconf 91' lang='lat' dir='ltr'><strong>dono</strong></span> 
     </span>
    </p>
   </div>
   <div class='ocr_carea' id='block_1_49' title="bbox 1965 2300 3542 2377">
    <p class='ocr_par' dir='ltr' id='par_1_49' title="bbox 1965 2300 3542 2377">
     <span class='ocr_line' id='line_1_49' title="bbox 1965 2300 3542 2377; baseline -0.011 -9"><span class='ocrx_word' id='word_1_353' title='bbox 1965 2314 2325 2377; x_wconf 77' lang='lat' dir='ltr'><strong>exsultemus,</strong></span> <span class='ocrx_word' id='word_1_354' title='bbox 2361 2321 2415 2366; x_wconf 90' lang='lat' dir='ltr'><strong>et</strong></span> <span class='ocrx_word' id='word_1_355' title='bbox 2448 2314 2693 2366; x_wconf 68' lang='lat' dir='ltr'><strong>laetemur</strong></span> <span class='ocrx_word' id='word_1_356' title='bbox 2725 2312 2777 2363; x_wconf 93' lang='lat' dir='ltr'><strong>in</strong></span> <span class='ocrx_word' id='word_1_357' title='bbox 2820 2312 2922 2363; x_wconf 91' lang='lat' dir='ltr'><strong>hac</strong></span> <span class='ocrx_word' id='word_1_358' title='bbox 2962 2308 3051 2361; x_wconf 92' lang='lat' dir='ltr'><strong>die</strong></span> <span class='ocrx_word' id='word_1_359' title='bbox 3084 2321 3246 2376; x_wconf 79' lang='lat' dir='ltr'><strong>quam</strong></span> <span class='ocrx_word' id='word_1_360' title='bbox 3281 2303 3405 2357; x_wconf 90' lang='lat' dir='ltr'><strong>fecit</strong></span> <span class='ocrx_word' id='word_1_361' title='bbox 3434 2300 3542 2353; x_wconf 84' lang='lat' dir='ltr'><strong>Do-</strong></span> 
     </span>
    </p>
   </div>
   <div class='ocr_carea' id='block_1_50' title="bbox 1964 2393 3541 2468">
    <p class='ocr_par' dir='ltr' id='par_1_50' title="bbox 1964 2393 3541 2468">
     <span class='ocr_line' id='line_1_50' title="bbox 1964 2393 3541 2468; baseline -0.006 -12"><span class='ocrx_word' id='word_1_362' title='bbox 1964 2404 2166 2468; x_wconf 91' lang='lat' dir='ltr'><strong>minus,</strong></span> <span class='ocrx_word' id='word_1_363' title='bbox 2210 2405 2266 2459; x_wconf 90' lang='lat' dir='ltr'><strong>in</strong></span> <span class='ocrx_word' id='word_1_364' title='bbox 2311 2405 2531 2459; x_wconf 80' lang='lat' dir='ltr'><strong>Christo</strong></span> <span class='ocrx_word' id='word_1_365' title='bbox 2575 2403 2707 2459; x_wconf 79' lang='lat' dir='ltr'><strong>Jesu</strong></span> <span class='ocrx_word' id='word_1_366' title='bbox 2740 2403 2972 2457; x_wconf 88' lang='lat' dir='ltr'><strong>Domino</strong></span> <span class='ocrx_word' id='word_1_367' title='bbox 3004 2408 3215 2464; x_wconf 88' lang='lat' dir='ltr'><strong>nostro,</strong></span> <span class='ocrx_word' id='word_1_368' title='bbox 3252 2396 3338 2451; x_wconf 90' lang='lat' dir='ltr'><strong>cui</strong></span> <span class='ocrx_word' id='word_1_369' title='bbox 3366 2393 3541 2466; x_wconf 76' lang='lat' dir='ltr'><strong>gloria</strong></span> 
     </span>
    </p>
   </div>
   <div class='ocr_carea' id='block_1_51' title="bbox 1966 2491 2497 2548">
    <p class='ocr_par' dir='ltr' id='par_1_51' title="bbox 1966 2491 2497 2548">
     <span class='ocr_line' id='line_1_51' title="bbox 1966 2491 2497 2548; baseline 0.008 -5"><span class='ocrx_word' id='word_1_370' title='bbox 1966 2491 2020 2545; x_wconf 91' lang='lat' dir='ltr'><strong>in</strong></span> <span class='ocrx_word' id='word_1_371' title='bbox 2050 2494 2268 2547; x_wconf 68' lang='lat' dir='ltr'><strong>saecula.</strong></span> <span class='ocrx_word' id='word_1_372' title='bbox 2302 2494 2497 2548; x_wconf 88' lang='lat' dir='ltr'><strong>Amen.</strong></span> 
     </span>
    </p>
   </div>
   <div class='ocr_carea' id='block_1_52' title="bbox 291 2574 3536 2661">
    <p class='ocr_par' dir='ltr' id='par_1_52' title="bbox 291 2574 3536 2661">
     <span class='ocr_line' id='line_1_52' title="bbox 291 2574 3536 2661; baseline -0.005 -14"><span class='ocrx_word' id='word_1_373' title='bbox 291 2574 477 2645; x_wconf 62' lang='grc' dir='ltr'>ἡμέρᾳ</span> <span class='ocrx_word' id='word_1_374' title='bbox 523 2574 714 2647; x_wconf 66' lang='grc' dir='ltr'><strong>ταύτὩν</strong></span> <span class='ocrx_word' id='word_1_375' title='bbox 756 2577 823 2646; x_wconf 77' lang='grc' dir='ltr'><strong>ἣν</strong></span> <span class='ocrx_word' id='word_1_376' title='bbox 877 2578 1129 2647; x_wconf 76' lang='grc' dir='ltr'>ἐποίησεν</span> <span class='ocrx_word' id='word_1_377' title='bbox 1169 2580 1198 2631; x_wconf 69' lang='grc' dir='ltr'><strong>ὁ</strong></span> <span class='ocrx_word' id='word_1_378' title='bbox 1249 2577 1482 2648; x_wconf 82' lang='grc' dir='ltr'>Κύριος,</span> <span class='ocrx_word' id='word_1_379' title='bbox 1534 2582 1592 2634; x_wconf 82' lang='grc' dir='ltr'>ὲν</span> <span class='ocrx_word' id='word_1_380' title='bbox 1642 2582 1860 2653; x_wconf 79' lang='grc' dir='ltr'>Χριστῷ</span> <span class='ocrx_word' id='word_1_381' title='bbox 1910 2585 2083 2656; x_wconf 87' lang='grc' dir='ltr'>Ἰησοῦ</span> <span class='ocrx_word' id='word_1_382' title='bbox 2112 2587 2189 2657; x_wconf 81' lang='grc' dir='ltr'>τῷ</span> <span class='ocrx_word' id='word_1_383' title='bbox 2218 2590 2407 2660; x_wconf 80' lang='grc' dir='ltr'>Κυρίῳ</span> <span class='ocrx_word' id='word_1_384' title='bbox 2444 2588 2622 2661; x_wconf 79' lang='grc' dir='ltr'>ήμῶν,</span> <span class='ocrx_word' id='word_1_385' title='bbox 2659 2582 2704 2658; x_wconf 81' lang='grc' dir='ltr'>ᾧ</span> <span class='ocrx_word' id='word_1_386' title='bbox 2739 2586 2942 2660; x_wconf 65' lang='grc' dir='ltr'>ήιδόξα</span> <span class='ocrx_word' id='word_1_387' title='bbox 2983 2587 3063 2650; x_wconf 83' lang='grc' dir='ltr'><strong>εἰς</strong></span> <span class='ocrx_word' id='word_1_388' title='bbox 3129 2585 3252 2648; x_wconf 80' lang='grc' dir='ltr'>τοὺς</span> <span class='ocrx_word' id='word_1_389' title='bbox 3318 2579 3536 2641; x_wconf 81' lang='grc' dir='ltr'>αἰῶνας.</span> 
     </span>
    </p>
   </div>
   <div class='ocr_carea' id='block_1_53' title="bbox 305 2661 501 2733">
    <p class='ocr_par' dir='ltr' id='par_1_53' title="bbox 305 2661 501 2733">
     <span class='ocr_line' id='line_1_53' title="bbox 305 2661 501 2733; baseline 0.015 -21"><span class='ocrx_word' id='word_1_390' title='bbox 305 2661 501 2733; x_wconf 82' lang='grc' dir='ltr'>Ἀμήν.</span> 
     </span>
    </p>
   </div>
   <div class='ocr_carea' id='block_1_54' title="bbox 368 2818 1411 2886">
    <p class='ocr_par' dir='ltr' id='par_1_54' title="bbox 368 2818 1411 2886">
     <span class='ocr_line' id='line_1_54' title="bbox 368 2818 1411 2886; baseline 0.004 -11"><span class='ocrx_word' id='word_1_391' title='bbox 368 2818 519 2882; x_wconf 63' lang='grc' dir='ltr'>ῗῐεο.</span> <span class='ocrx_word' id='word_1_392' title='bbox 554 2836 710 2886; x_wconf 61' lang='lat' dir='ltr'><strong>um,</strong></span> <span class='ocrx_word' id='word_1_393' title='bbox 744 2823 797 2877; x_wconf 82' lang='grc'><strong>5.</strong></span> <span class='ocrx_word' id='word_1_394' title='bbox 875 2821 898 2853; x_wconf 88' lang='grc'><strong><em>⁸</em></strong></span> <span class='ocrx_word' id='word_1_395' title='bbox 921 2821 989 2877; x_wconf 89' lang='grc'><strong>111</strong></span> <span class='ocrx_word' id='word_1_396' title='bbox 1020 2823 1178 2879; x_wconf 89' lang='lat' dir='ltr'><strong>Esdr.</strong></span> <span class='ocrx_word' id='word_1_397' title='bbox 1213 2839 1292 2880; x_wconf 72' lang='grc' dir='ltr'><strong>ιχ.</strong></span> <span class='ocrx_word' id='word_1_398' title='bbox 1324 2826 1411 2881; x_wconf 76' lang='lat'><strong>52.</strong></span> 
     </span>
    </p>
   </div>
   <div class='ocr_carea' id='block_1_55' title="bbox 291 2972 1866 3099">
    <p class='ocr_par' dir='ltr' id='par_1_55' title="bbox 291 2972 1866 3099">
     <span class='ocr_line' id='line_1_55' title="bbox 368 2972 1866 3098; baseline 0.005 -72"><span class='ocrx_word' id='word_1_399' title='bbox 368 2973 481 3098; x_wconf 53' lang='grc' dir='ltr'><strong>(εξ)</strong></span> <span class='ocrx_word' id='word_1_400' title='bbox 528 2972 697 3030; x_wconf 86' lang='lat' dir='ltr'><strong>Zinus</strong></span> <span class='ocrx_word' id='word_1_401' title='bbox 728 2978 946 3034; x_wconf 86' lang='lat' dir='ltr'><strong>videtur</strong></span> <span class='ocrx_word' id='word_1_402' title='bbox 983 2981 1204 3051; x_wconf 76' lang='lat' dir='ltr'><strong>legisse,</strong></span> <span class='ocrx_word' id='word_1_403' title='bbox 1238 2982 1497 3050; x_wconf 82' lang='grc' dir='ltr'>γένοιντο,</span> <span class='ocrx_word' id='word_1_404' title='bbox 1539 2979 1866 3052; x_wconf 79' lang='lat' dir='ltr'><strong>refraganti-</strong></span> 
     </span>
     <span class='ocr_line' id='line_1_56' title="bbox 291 3043 1866 3099; baseline 0.001 -1"><span class='ocrx_word' id='word_1_405' title='bbox 291 3043 401 3099; x_wconf 85' lang='lat' dir='ltr'><strong>bus</strong></span> <span class='ocrx_word' id='word_1_406' title='bbox 476 3046 707 3099; x_wconf 86' lang='lat' dir='ltr'><strong>aticanis</strong></span> <span class='ocrx_word' id='word_1_407' title='bbox 739 3051 994 3099; x_wconf 77' lang='lat' dir='ltr'><strong>omnibus</strong></span> <span class='ocrx_word' id='word_1_408' title='bbox 1030 3053 1344 3099; x_wconf 74' lang='lat' dir='ltr'><strong>codicibus:</strong></span> <span class='ocrx_word' id='word_1_409' title='bbox 1391 3054 1552 3099; x_wconf 78' lang='lat' dir='ltr'><strong>vertit</strong></span> <span class='ocrx_word' id='word_1_410' title='bbox 1577 3053 1744 3099; x_wconf 80' lang='lat' dir='ltr'><strong>enim-</strong></span> <span class='ocrx_word' id='word_1_411' title='bbox 1776 3056 1866 3099; x_wconf 80' lang='lat' dir='ltr'><strong>At-</strong></span> 
     </span>
    </p>
   </div>
   <div class='ocr_carea' id='block_1_56' title="bbox 290 3116 1700 3191">
    <p class='ocr_par' dir='ltr' id='par_1_56' title="bbox 290 3116 1700 3191">
     <span class='ocr_line' id='line_1_57' title="bbox 290 3116 1700 3191; baseline 0.005 -26"><span class='ocrx_word' id='word_1_412' title='bbox 290 3130 410 3191; x_wconf 80' lang='lat' dir='ltr'><strong>que_</strong></span> <span class='ocrx_word' id='word_1_413' title='bbox 426 3116 633 3191; x_wconf 46' lang='lat' dir='ltr'><strong>litigium</strong></span> <span class='ocrx_word' id='word_1_414' title='bbox 668 3118 768 3185; x_wconf 76' lang='lat' dir='ltr'><strong>ipsi</strong></span> <span class='ocrx_word' id='word_1_415' title='bbox 796 3135 996 3191; x_wconf 83' lang='lat' dir='ltr'><strong>quoque</strong></span> <span class='ocrx_word' id='word_1_416' title='bbox 1026 3127 1297 3190; x_wconf 77' lang='lat' dir='ltr'><strong>degustent</strong></span> <span class='ocrx_word' id='word_1_417' title='bbox 1327 3122 1423 3174; x_wconf 89' lang='lat' dir='ltr'><strong>hoc</strong></span> <span class='ocrx_word' id='word_1_418' title='bbox 1448 3130 1700 3191; x_wconf 49' lang='lat' dir='ltr'><strong>mustum:</strong></span> 
     </span>
    </p>
   </div>
   <div class='ocr_carea' id='block_1_57' title="bbox 367 3183 1865 3252">
    <p class='ocr_par' dir='ltr' id='par_1_57' title="bbox 367 3183 1865 3252">
     <span class='ocr_line' id='line_1_58' title="bbox 367 3183 1865 3252; baseline 0.005 -16"><span class='ocrx_word' id='word_1_419' title='bbox 367 3186 477 3252; x_wconf 75' lang='grc'><strong>(15)</strong></span> <span class='ocrx_word' id='word_1_420' title='bbox 509 3183 737 3240; x_wconf 82' lang='lat' dir='ltr'><strong>Videtur</strong></span> <span class='ocrx_word' id='word_1_421' title='bbox 766 3183 926 3243; x_wconf 79' lang='lat' dir='ltr'><strong>aliam</strong></span> <span class='ocrx_word' id='word_1_422' title='bbox 958 3183 1245 3244; x_wconf 70' lang='lat' dir='ltr'><strong>lectionem</strong></span> <span class='ocrx_word' id='word_1_423' title='bbox 1275 3199 1499 3245; x_wconf 87' lang='lat' dir='ltr'><strong>secutus</strong></span> <span class='ocrx_word' id='word_1_424' title='bbox 1529 3207 1649 3245; x_wconf 81' lang='lat' dir='ltr'><strong>esse</strong></span> <span class='ocrx_word' id='word_1_425' title='bbox 1677 3190 1865 3250; x_wconf 85' lang='lat' dir='ltr'><strong>Zinus,</strong></span> 
     </span>
    </p>
   </div>
   <div class='ocr_carea' id='block_1_58' title="bbox 291 3253 1869 3329">
    <p class='ocr_par' dir='ltr' id='par_1_58' title="bbox 291 3253 1869 3329">
     <span class='ocr_line' id='line_1_59' title="bbox 291 3253 1869 3329; baseline 0.006 -26"><span class='ocrx_word' id='word_1_426' title='bbox 291 3253 389 3321; x_wconf 88' lang='lat' dir='ltr'><strong>qui</strong></span> <span class='ocrx_word' id='word_1_427' title='bbox 425 3254 836 3329; x_wconf 73' lang='lat' dir='ltr'><strong>interpretatur,</strong></span> <span class='ocrx_word' id='word_1_428' title='bbox 879 3259 944 3312; x_wconf 91' lang='lat' dir='ltr'><strong>Ut</strong></span> <span class='ocrx_word' id='word_1_429' title='bbox 980 3261 1130 3313; x_wconf 81' lang='lat' dir='ltr'><strong>nobis</strong></span> <span class='ocrx_word' id='word_1_430' title='bbox 1163 3270 1416 3329; x_wconf 85' lang='lat' dir='ltr'><strong>tanquam</strong></span> <span class='ocrx_word' id='word_1_431' title='bbox 1448 3262 1644 3313; x_wconf 86' lang='lat' dir='ltr'><strong>racemi</strong></span> <span class='ocrx_word' id='word_1_432' title='bbox 1667 3262 1869 3328; x_wconf 82' lang='lat' dir='ltr'><strong>proprii</strong></span> 
     </span>
    </p>
   </div>
   <div class='ocr_carea' id='block_1_59' title="bbox 291 3324 1225 3397">
    <p class='ocr_par' dir='ltr' id='par_1_59' title="bbox 291 3324 1225 3397">
     <span class='ocr_line' id='line_1_60' title="bbox 291 3324 1225 3397; baseline 0.007 -22"><span class='ocrx_word' id='word_1_433' title='bbox 291 3324 869 3397; x_wconf 7' lang='lat' dir='ltr'><strong>corporiasajnguilzem</strong></span> <span class='ocrx_word' id='word_1_434' title='bbox 899 3331 1225 3397; x_wconf 83' lang='lat' dir='ltr'><strong>propinaret.</strong></span> 
     </span>
    </p>
   </div>
   <div class='ocr_carea' id='block_1_60' title="bbox 366 3392 1571 3471">
    <p class='ocr_par' dir='ltr' id='par_1_60' title="bbox 366 3392 1571 3471">
     <span class='ocr_line' id='line_1_61' title="bbox 366 3392 1571 3471; baseline 0.006 -25"><span class='ocrx_word' id='word_1_435' title='bbox 366 3394 479 3465; x_wconf 74' lang='grc'><strong>(14)</strong></span> <span class='ocrx_word' id='word_1_436' title='bbox 514 3392 709 3450; x_wconf 78' lang='lat' dir='ltr'><strong>Omisit</strong></span> <span class='ocrx_word' id='word_1_437' title='bbox 735 3392 909 3453; x_wconf 79' lang='lat' dir='ltr'><strong>Zinus</strong></span> <span class='ocrx_word' id='word_1_438' title='bbox 925 3392 1134 3465; x_wconf 82' lang='lat' dir='ltr'><strong>vocem,</strong></span> <span class='ocrx_word' id='word_1_439' title='bbox 1157 3398 1250 3453; x_wconf 80' lang='grc' dir='ltr'><strong>τοῦ</strong></span> <span class='ocrx_word' id='word_1_440' title='bbox 1272 3398 1571 3471; x_wconf 86' lang='grc' dir='ltr'>αἱρετικοῦ.</span> 
     </span>
    </p>
   </div>
   <div class='ocr_carea' id='block_1_61' title="bbox 476 3046 1870 3117">
    <p class='ocr_par' dir='ltr' id='par_1_61' title="bbox 476 3046 1870 3117">
     <span class='ocr_line' id='line_1_62' title="bbox 476 3046 1870 3117; baseline 0.006 -22"><span class='ocrx_word' id='word_1_441' title='bbox 476 3046 707 3117; x_wconf 87' lang='lat' dir='ltr'><strong>aticanis</strong></span> <span class='ocrx_word' id='word_1_442' title='bbox 739 3051 994 3106; x_wconf 85' lang='lat' dir='ltr'><strong>omnibus</strong></span> <span class='ocrx_word' id='word_1_443' title='bbox 1030 3046 1346 3117; x_wconf 73' lang='lat' dir='ltr'><strong>codicibus;</strong></span> <span class='ocrx_word' id='word_1_444' title='bbox 1391 3054 1552 3105; x_wconf 87' lang='lat' dir='ltr'><strong>vertit</strong></span> <span class='ocrx_word' id='word_1_445' title='bbox 1577 3046 1745 3117; x_wconf 75' lang='lat' dir='ltr'><strong>enim,</strong></span> <span class='ocrx_word' id='word_1_446' title='bbox 1775 3056 1870 3105; x_wconf 86' lang='lat' dir='ltr'><strong>At-</strong></span> 
     </span>
    </p>
   </div>
   <div class='ocr_carea' id='block_1_62' title="bbox 2041 2978 3541 3050">
    <p class='ocr_par' dir='ltr' id='par_1_62' title="bbox 2041 2978 3541 3050">
     <span class='ocr_line' id='line_1_63' title="bbox 2041 2978 3541 3050; baseline -0.002 -15"><span class='ocrx_word' id='word_1_447' title='bbox 2041 2982 2155 3050; x_wconf 81' lang='grc'><strong>(15)</strong></span> <span class='ocrx_word' id='word_1_448' title='bbox 2221 2980 2452 3036; x_wconf 81' lang='lat' dir='ltr'><strong>Videtur</strong></span> <span class='ocrx_word' id='word_1_449' title='bbox 2479 2982 2636 3036; x_wconf 91' lang='lat' dir='ltr'><strong>aliter</strong></span> <span class='ocrx_word' id='word_1_450' title='bbox 2655 2980 2851 3050; x_wconf 77' lang='lat' dir='ltr'><strong>legisse</strong></span> <span class='ocrx_word' id='word_1_451' title='bbox 2880 2981 3070 3043; x_wconf 87' lang='lat' dir='ltr'><strong>Zinus,</strong></span> <span class='ocrx_word' id='word_1_452' title='bbox 3094 2978 3178 3035; x_wconf 87' lang='lat' dir='ltr'><strong>vel</strong></span> <span class='ocrx_word' id='word_1_453' title='bbox 3207 2979 3388 3050; x_wconf 87' lang='lat' dir='ltr'><strong>potius</strong></span> <span class='ocrx_word' id='word_1_454' title='bbox 3425 2978 3541 3050; x_wconf 79' lang='lat' dir='ltr'><strong>vim</strong></span> 
     </span>
    </p>
   </div>
   <div class='ocr_carea' id='block_1_63' title="bbox 1969 3048 3540 3115">
    <p class='ocr_par' dir='ltr' id='par_1_63' title="bbox 1969 3048 3540 3115">
     <span class='ocr_line' id='line_1_64' title="bbox 1969 3048 3540 3115; baseline -0.003 -10"><span class='ocrx_word' id='word_1_455' title='bbox 1969 3048 2144 3106; x_wconf 62' lang='lat' dir='ltr'><strong>Grieci</strong></span> <span class='ocrx_word' id='word_1_456' title='bbox 2175 3059 2357 3106; x_wconf 75' lang='lat' dir='ltr'><strong>textus</strong></span> <span class='ocrx_word' id='word_1_457' title='bbox 2389 3066 2495 3105; x_wconf 93' lang='lat' dir='ltr'><strong>non</strong></span> <span class='ocrx_word' id='word_1_458' title='bbox 2528 3068 2653 3106; x_wconf 88' lang='lat' dir='ltr'><strong>esse</strong></span> <span class='ocrx_word' id='word_1_459' title='bbox 2693 3048 3012 3113; x_wconf 82' lang='lat' dir='ltr'><strong>assecutus;</strong></span> <span class='ocrx_word' id='word_1_460' title='bbox 3047 3064 3168 3102; x_wconf 89' lang='lat' dir='ltr'><strong>nam</strong></span> <span class='ocrx_word' id='word_1_461' title='bbox 3195 3048 3389 3114; x_wconf 81' lang='lat' dir='ltr'><strong>vertit,</strong></span> <span class='ocrx_word' id='word_1_462' title='bbox 3424 3048 3540 3115; x_wconf 84' lang='lat' dir='ltr'><strong>Quo</strong></span> 
     </span>
    </p>
   </div>
   <div class='ocr_carea' id='block_1_64' title="bbox 1967 3118 3539 3190">
    <p class='ocr_par' dir='ltr' id='par_1_64' title="bbox 1967 3118 3539 3190">
     <span class='ocr_line' id='line_1_65' title="bbox 1967 3118 3539 3190; baseline -0.002 -16"><span class='ocrx_word' id='word_1_463' title='bbox 1967 3124 2177 3190; x_wconf 86' lang='lat' dir='ltr'><strong>quidem</strong></span> <span class='ocrx_word' id='word_1_464' title='bbox 2230 3122 2516 3190; x_wconf 75' lang='lat' dir='ltr'><strong>ferventes,</strong></span> <span class='ocrx_word' id='word_1_465' title='bbox 2600 3138 2837 3175; x_wconf 85' lang='lat' dir='ltr'><strong>crassam</strong></span> <span class='ocrx_word' id='word_1_466' title='bbox 2895 3121 3239 3190; x_wconf 76' lang='lat' dir='ltr'><strong>timosamque</strong></span> <span class='ocrx_word' id='word_1_467' title='bbox 3302 3118 3539 3186; x_wconf 77' lang='lat' dir='ltr'><strong>perﬁdia:</strong></span> 
     </span>
    </p>
   </div>
   <div class='ocr_carea' id='block_1_65' title="bbox 1968 3188 3461 3261">
    <p class='ocr_par' dir='ltr' id='par_1_65' title="bbox 1968 3188 3461 3261">
     <span class='ocr_line' id='line_1_66' title="bbox 1968 3188 3461 3261; baseline -0.001 -17"><span class='ocrx_word' id='word_1_468' title='bbox 1968 3188 2207 3261; x_wconf 66' lang='lat' dir='ltr'><strong>apumam</strong></span> <span class='ocrx_word' id='word_1_469' title='bbox 2232 3188 2297 3244; x_wconf 69' lang='lat' dir='ltr'><strong>ex</strong></span> <span class='ocrx_word' id='word_1_470' title='bbox 2325 3193 2516 3244; x_wconf 84' lang='lat' dir='ltr'><strong>animis</strong></span> <span class='ocrx_word' id='word_1_471' title='bbox 2544 3192 2654 3245; x_wconf 76' lang='lat' dir='ltr'><strong>suis</strong></span> <span class='ocrx_word' id='word_1_472' title='bbox 2684 3190 3031 3259; x_wconf 71' lang='lat' dir='ltr'><strong>effunderent,</strong></span> <span class='ocrx_word' id='word_1_473' title='bbox 3067 3198 3117 3243; x_wconf 83' lang='lat' dir='ltr'><strong>et</strong></span> <span class='ocrx_word' id='word_1_474' title='bbox 3153 3188 3461 3259; x_wconf 79' lang='lat' dir='ltr'><strong>abjicerent.</strong></span> 
     </span>
    </p>
   </div>
   <div class='ocr_carea' id='block_1_66' title="bbox 2065 3261 2748 3329">
    <p class='ocr_par' dir='ltr' id='par_1_66' title="bbox 2065 3261 2748 3329">
     <span class='ocr_line' id='line_1_67' title="bbox 2065 3261 2748 3329; baseline 0 -14"><span class='ocrx_word' id='word_1_475' title='bbox 2065 3263 2151 3329; x_wconf 87' lang='grc'><strong>16)</strong></span> <span class='ocrx_word' id='word_1_476' title='bbox 2178 3261 2349 3316; x_wconf 84' lang='lat' dir='ltr'><strong>Zinus</strong></span> <span class='ocrx_word' id='word_1_477' title='bbox 2382 3261 2534 3329; x_wconf 80' lang='lat' dir='ltr'><strong>legit.</strong></span> <span class='ocrx_word' id='word_1_478' title='bbox 2569 3263 2748 3329; x_wconf 86' lang='grc' dir='ltr'>ὑμεῖς.</span> 
     </span>
    </p>
   </div>
   <div class='ocr_carea' id='block_1_67' title="bbox 2073 3263 3082 3402">
    <p class='ocr_par' dir='ltr' id='par_1_67' title="bbox 2073 3263 3082 3402">
     <span class='ocr_line' id='line_1_68' title="bbox 2073 3263 2748 3329; baseline 0 -14"><span class='ocrx_word' id='word_1_479' title='bbox 2073 3263 2129 3315; x_wconf 89' lang='grc'><strong>16</strong></span> <span class='ocrx_word' id='word_1_480' title='bbox 2178 3263 2349 3316; x_wconf 84' lang='lat' dir='ltr'><strong>Zinus</strong></span> <span class='ocrx_word' id='word_1_481' title='bbox 2382 3263 2428 3316; x_wconf 88' lang='lat' dir='ltr'><strong>le</strong></span> <span class='ocrx_word' id='word_1_482' title='bbox 2471 3263 2534 3322; x_wconf 84' lang='lat' dir='ltr'><strong>it.</strong></span> <span class='ocrx_word' id='word_1_483' title='bbox 2569 3263 2748 3329; x_wconf 86' lang='grc' dir='ltr'>ὑμεῖς.</span> 
     </span>
     <span class='ocr_line' id='line_1_69' title="bbox 2073 3263 3082 3402; baseline -0.003 -18"><span class='ocrx_word' id='word_1_484' title='bbox 2073 3263 2153 3402; x_wconf 52' lang='lat' dir='ltr'><strong>l7;</strong></span> <span class='ocrx_word' id='word_1_485' title='bbox 2182 3332 2336 3386; x_wconf 90' lang='lat' dir='ltr'><strong>Alius</strong></span> <span class='ocrx_word' id='word_1_486' title='bbox 2365 3278 2537 3387; x_wconf 59' lang='lat' dir='ltr'><strong>COSCI</strong></span> <span class='ocrx_word' id='word_1_487' title='bbox 2564 3331 2880 3386; x_wconf 85' lang='lat' dir='ltr'><strong>Vaticanus.</strong></span> <span class='ocrx_word' id='word_1_488' title='bbox 2905 3330 2963 3382; x_wconf 84' lang='grc' dir='ltr'><strong>ὲν</strong></span> <span class='ocrx_word' id='word_1_489' title='bbox 2995 3331 3082 3400; x_wconf 82' lang='grc' dir='ltr'><strong>τῇ.</strong></span> 
     </span>
    </p>
   </div>
   <div class='ocr_carea' id='block_1_68' title="bbox 306 3607 3518 3648">
    <p class='ocr_par' dir='ltr' id='par_1_68' title="bbox 306 3607 3518 3648">
     <span class='ocr_line' id='line_1_70' title="bbox 306 3607 3518 3648; baseline -0.002 -1"><span class='ocrx_word' id='word_1_490' title='bbox 306 3607 3518 3648; x_wconf 51' lang='lat' dir='ltr'>w</span> 
     </span>
    </p>
   </div>
   <div class='ocr_carea' id='block_1_69' title="bbox 1581 3776 2446 3893">
    <p class='ocr_par' dir='ltr' id='par_1_69' title="bbox 1581 3776 2446 3893">
     <span class='ocr_line' id='line_1_71' title="bbox 1581 3776 2446 3893; baseline -0.001 -3"><span class='ocrx_word' id='word_1_491' title='bbox 1581 3778 1878 3893; x_wconf 86' lang='grc' dir='ltr'>ΤΟΥ</span> <span class='ocrx_word' id='word_1_492' title='bbox 1959 3776 2446 3893; x_wconf 85' lang='grc' dir='ltr'>ΑΥΤΟΥ</span> 
     </span>
    </p>
   </div>
   <div class='ocr_carea' id='block_1_70' title="bbox 1805 3990 2156 4043">
    <p class='ocr_par' dir='ltr' id='par_1_70' title="bbox 1805 3990 2156 4043">
     <span class='ocr_line' id='line_1_72' title="bbox 1805 3990 2156 4043; baseline -0.003 0"><span class='ocrx_word' id='word_1_493' title='bbox 1805 3990 2156 4043; x_wconf 83' lang='grc' dir='ltr'><strong>ΕΓΚΩΜΙΟΝ</strong></span> 
     </span>
    </p>
   </div>
   <div class='ocr_carea' id='block_1_71' title="bbox 508 4178 3326 4277">
    <p class='ocr_par' dir='ltr' id='par_1_71' title="bbox 508 4178 3326 4277">
     <span class='ocr_line' id='line_1_73' title="bbox 508 4178 3326 4277; baseline -0.003 0"><span class='ocrx_word' id='word_1_494' title='bbox 508 4190 679 4277; x_wconf 88' lang='grc' dir='ltr'><strong>ΕΙΣ</strong></span> <span class='ocrx_word' id='word_1_495' title='bbox 767 4189 992 4277; x_wconf 89' lang='lat' dir='ltr'><strong>TON</strong></span> <span class='ocrx_word' id='word_1_496' title='bbox 1061 4180 1396 4275; x_wconf 82' lang='grc' dir='ltr'><strong>ΑΓΙΟΝ</strong></span> <span class='ocrx_word' id='word_1_497' title='bbox 1452 4179 2039 4273; x_wconf 85' lang='grc' dir='ltr'><strong>ΣΤΕΦΑΝΟΝ</strong></span> <span class='ocrx_word' id='word_1_498' title='bbox 2129 4186 2355 4273; x_wconf 90' lang='lat' dir='ltr'><strong>TON</strong></span> <span class='ocrx_word' id='word_1_499' title='bbox 2428 4178 3326 4274; x_wconf 86' lang='grc' dir='ltr'><strong>ΠΡΩΤΟΜΑΡΤΥΡΛ.</strong></span> 
     </span>
    </p>
   </div>
   <div class='ocr_carea' id='block_1_72' title="bbox 1581 4540 2249 4647">
    <p class='ocr_par' dir='ltr' id='par_1_72' title="bbox 1581 4540 2249 4647">
     <span class='ocr_line' id='line_1_74' title="bbox 1581 4540 2249 4647; baseline -0.003 -1"><span class='ocrx_word' id='word_1_500' title='bbox 1581 4540 2249 4647; x_wconf 85' lang='lat' dir='ltr'><strong>EJUSDEM</strong></span> 
     </span>
    </p>
   </div>
   <div class='ocr_carea' id='block_1_73' title="bbox 1745 4750 2109 4809">
    <p class='ocr_par' dir='ltr' id='par_1_73' title="bbox 1745 4750 2109 4809">
     <span class='ocr_line' id='line_1_75' title="bbox 1745 4750 2109 4809; baseline -0.003 -2"><span class='ocrx_word' id='word_1_501' title='bbox 1745 4750 2109 4809; x_wconf 81' lang='lat' dir='ltr'><strong>ENCOMIUM</strong></span> 
     </span>
    </p>
   </div>
   <div class='ocr_carea' id='block_1_74' title="bbox 556 4917 3287 5023">
    <p class='ocr_par' dir='ltr' id='par_1_74' title="bbox 556 4917 3287 5023">
     <span class='ocr_line' id='line_1_76' title="bbox 556 4917 3287 5023; baseline -0.005 -3"><span class='ocrx_word' id='word_1_502' title='bbox 556 4931 679 5023; x_wconf 91' lang='lat' dir='ltr'><strong>IN</strong></span> <span class='ocrx_word' id='word_1_503' title='bbox 756 4928 1301 5021; x_wconf 87' lang='lat' dir='ltr'><strong>SANCTUM</strong></span> <span class='ocrx_word' id='word_1_504' title='bbox 1376 4922 2103 5018; x_wconf 88' lang='lat' dir='ltr'><strong>STEPHANUM</strong></span> <span class='ocrx_word' id='word_1_505' title='bbox 2171 4917 3287 5012; x_wconf 83' lang='lat' dir='ltr'><strong>PROTOMARTYBEM.</strong></span> 
     </span>
    </p>
   </div>
   <div class='ocr_carea' id='block_1_75' title="bbox 1536 5115 2323 5178">
    <p class='ocr_par' dir='ltr' id='par_1_75' title="bbox 1536 5115 2323 5178">
     <span class='ocr_line' id='line_1_77' title="bbox 1536 5115 2323 5178; baseline -0.005 -9"><span class='ocrx_word' id='word_1_506' title='bbox 1536 5118 1801 5170; x_wconf 80' lang='lat' dir='ltr'><strong>Laurentio</strong></span> <span class='ocrx_word' id='word_1_507' title='bbox 1834 5119 2001 5169; x_wconf 82' lang='lat' dir='ltr'><strong>Sifano</strong></span> <span class='ocrx_word' id='word_1_508' title='bbox 2030 5115 2323 5178; x_wconf 86' lang='lat' dir='ltr'><strong>interprete.</strong></span> 
     </span>
    </p>
   </div>
   <div class='ocr_carea' id='block_1_76' title="bbox 382 5419 1868 5495">
    <p class='ocr_par' dir='ltr' id='par_1_76' title="bbox 382 5421 1867 5495">
     <span class='ocr_line' id='line_1_78' title="bbox 382 5421 1867 5495; baseline -0.003 -16"><span class='ocrx_word' id='word_1_509' title='bbox 382 5426 472 5491; x_wconf 85' lang='grc' dir='ltr'>Ὧς</span> <span class='ocrx_word' id='word_1_510' title='bbox 505 5424 642 5495; x_wconf 81' lang='grc' dir='ltr'>καλὴ</span> <span class='ocrx_word' id='word_1_511' title='bbox 688 5425 796 5479; x_wconf 88' lang='grc' dir='ltr'><strong>τῶν</strong></span> <span class='ocrx_word' id='word_1_512' title='bbox 853 5425 1070 5495; x_wconf 83' lang='grc' dir='ltr'>ἀγαθῶν</span> <span class='ocrx_word' id='word_1_513' title='bbox 1105 5425 1137 5495; x_wconf 83' lang='grc' dir='ltr'>ἡ</span> <span class='ocrx_word' id='word_1_514' title='bbox 1172 5421 1495 5476; x_wconf 79' lang='grc' dir='ltr'>ἀκολουθίαι</span> <span class='ocrx_word' id='word_1_515' title='bbox 1531 5424 1605 5486; x_wconf 84' lang='grc' dir='ltr'>ὡς</span> <span class='ocrx_word' id='word_1_516' title='bbox 1645 5422 1867 5491; x_wconf 85' lang='grc' dir='ltr'>γλυκεῖα</span> 
     </span>
    </p>
   </div>
   <div class='ocr_carea' id='block_1_77' title="bbox 1968 5419 3537 5495">
    <p class='ocr_par' dir='ltr' id='par_1_77' title="bbox 2042 5419 3537 5490">
     <span class='ocr_line' id='line_1_79' title="bbox 2042 5419 3537 5490; baseline -0.001 -16"><span class='ocrx_word' id='word_1_517' title='bbox 2042 5421 2215 5487; x_wconf 84' lang='lat' dir='ltr'><strong>Quam</strong></span> <span class='ocrx_word' id='word_1_518' title='bbox 2241 5419 2463 5490; x_wconf 87' lang='lat' dir='ltr'><strong>pulchra</strong></span> <span class='ocrx_word' id='word_1_519' title='bbox 2488 5421 2758 5475; x_wconf 89' lang='lat' dir='ltr'><strong>honorum</strong></span> <span class='ocrx_word' id='word_1_520' title='bbox 2794 5420 3189 5489; x_wconf 89' lang='lat' dir='ltr'><strong>consequentia</strong></span> <span class='ocrx_word' id='word_1_521' title='bbox 3208 5427 3293 5476; x_wconf 89' lang='lat' dir='ltr'><strong>est</strong></span> <span class='ocrx_word' id='word_1_522' title='bbox 3315 5421 3328 5474; x_wconf 83' lang='lat' dir='ltr'><strong>l</strong></span> <span class='ocrx_word' id='word_1_523' title='bbox 3363 5420 3537 5486; x_wconf 83' lang='lat' dir='ltr'><strong>Quam</strong></span> 
     </span>
    </p>
   </div>
   <div class='ocr_carea' id='block_1_78' title="bbox 296 5512 1868 5589">
    <p class='ocr_par' dir='ltr' id='par_1_78' title="bbox 296 5515 1868 5589">
     <span class='ocr_line' id='line_1_80' title="bbox 296 5515 1868 5589; baseline -0.025 0"><span class='ocrx_word' id='word_1_524' title='bbox 296 5518 401 5588; x_wconf 76' lang='grc' dir='ltr'>τῆς</span> <span class='ocrx_word' id='word_1_525' title='bbox 445 5517 785 5589; x_wconf 79' lang='grc' dir='ltr'>εὐφροσύνης</span> <span class='ocrx_word' id='word_1_526' title='bbox 833 5520 866 5589; x_wconf 84' lang='grc' dir='ltr'>ἡ</span> <span class='ocrx_word' id='word_1_527' title='bbox 917 5517 1173 5588; x_wconf 74' lang='grc' dir='ltr'>διαδοχήί</span> <span class='ocrx_word' id='word_1_528' title='bbox 1242 5515 1371 5568; x_wconf 83' lang='grc' dir='ltr'>Ἰδοὺ</span> <span class='ocrx_word' id='word_1_529' title='bbox 1418 5515 1525 5584; x_wconf 84' lang='grc' dir='ltr'>γὰρ</span> <span class='ocrx_word' id='word_1_530' title='bbox 1578 5518 1769 5589; x_wconf 68' lang='grc' dir='ltr'>ἑορτὴν</span> <span class='ocrx_word' id='word_1_531' title='bbox 1813 5516 1868 5582; x_wconf 58' lang='grc' dir='ltr'><strong>ἐξ</strong></span> 
     </span>
    </p>
   </div>
   <div class='ocr_carea' id='block_1_79' title="bbox 1968 5512 3539 5589">
    <p class='ocr_par' dir='ltr' id='par_1_79' title="bbox 1974 5512 3539 5584">
     <span class='ocr_line' id='line_1_81' title="bbox 1974 5512 3539 5584; baseline -0.003 -18"><span class='ocrx_word' id='word_1_532' title='bbox 1974 5514 2218 5584; x_wconf 87' lang='lat' dir='ltr'><strong>jucunda</strong></span> <span class='ocrx_word' id='word_1_533' title='bbox 2252 5513 2447 5569; x_wconf 61' lang='lat' dir='ltr'><strong>laetitia:</strong></span> <span class='ocrx_word' id='word_1_534' title='bbox 2482 5512 2797 5569; x_wconf 80' lang='lat' dir='ltr'><strong>successio!</strong></span> <span class='ocrx_word' id='word_1_535' title='bbox 2825 5512 2964 5567; x_wconf 86' lang='lat' dir='ltr'><strong>Ecce</strong></span> <span class='ocrx_word' id='word_1_536' title='bbox 2997 5516 3140 5568; x_wconf 90' lang='lat' dir='ltr'><strong>enim</strong></span> <span class='ocrx_word' id='word_1_537' title='bbox 3172 5512 3313 5567; x_wconf 89' lang='lat' dir='ltr'><strong>diem</strong></span> <span class='ocrx_word' id='word_1_538' title='bbox 3345 5513 3539 5567; x_wconf 86' lang='lat' dir='ltr'><strong>festum</strong></span> 
     </span>
    </p>
   </div>
   <div class='ocr_carea' id='block_1_80' title="bbox 297 5602 1868 5681">
    <p class='ocr_par' dir='ltr' id='par_1_80' title="bbox 297 5608 1868 5681">
     <span class='ocr_line' id='line_1_82' title="bbox 297 5608 1868 5681; baseline -0.001 -20"><span class='ocrx_word' id='word_1_539' title='bbox 297 5609 534 5681; x_wconf 75' lang='grc' dir='ltr'>ἑορτῆς,</span> <span class='ocrx_word' id='word_1_540' title='bbox 585 5610 680 5662; x_wconf 71' lang='grc' dir='ltr'>καὶ</span> <span class='ocrx_word' id='word_1_541' title='bbox 726 5609 883 5679; x_wconf 85' lang='grc' dir='ltr'>χάριν</span> <span class='ocrx_word' id='word_1_542' title='bbox 933 5608 1397 5680; x_wconf 74' lang='grc' dir='ltr'>ἁντιλαμϐἁνομεν</span> <span class='ocrx_word' id='word_1_543' title='bbox 1443 5608 1676 5679; x_wconf 80' lang='grc' dir='ltr'>χάριτος.</span> <span class='ocrx_word' id='word_1_544' title='bbox 1728 5608 1868 5671; x_wconf 81' lang='grc' dir='ltr'>Χθὲς</span> 
     </span>
    </p>
   </div>
   <div class='ocr_carea' id='block_1_81' title="bbox 1968 5602 3539 5681">
    <p class='ocr_par' dir='ltr' id='par_1_81' title="bbox 1975 5602 3539 5674">
     <span class='ocr_line' id='line_1_83' title="bbox 1975 5602 3539 5674; baseline -0.003 -16"><span class='ocrx_word' id='word_1_545' title='bbox 1975 5619 2042 5658; x_wconf 82' lang='lat' dir='ltr'><strong>ex</strong></span> <span class='ocrx_word' id='word_1_546' title='bbox 2079 5603 2166 5658; x_wconf 87' lang='lat' dir='ltr'><strong>die</strong></span> <span class='ocrx_word' id='word_1_547' title='bbox 2207 5602 2368 5666; x_wconf 86' lang='lat' dir='ltr'><strong>festo,</strong></span> <span class='ocrx_word' id='word_1_548' title='bbox 2398 5616 2449 5658; x_wconf 90' lang='lat' dir='ltr'><strong>ct</strong></span> <span class='ocrx_word' id='word_1_549' title='bbox 2472 5606 2697 5674; x_wconf 80' lang='lat' dir='ltr'><strong>gratiam</strong></span> <span class='ocrx_word' id='word_1_550' title='bbox 2720 5620 2816 5673; x_wconf 87' lang='lat' dir='ltr'><strong>pro</strong></span> <span class='ocrx_word' id='word_1_551' title='bbox 2847 5605 3020 5671; x_wconf 80' lang='lat' dir='ltr'><strong>gratia</strong></span> <span class='ocrx_word' id='word_1_552' title='bbox 3059 5603 3383 5672; x_wconf 84' lang='lat' dir='ltr'><strong>accipimus.</strong></span> <span class='ocrx_word' id='word_1_553' title='bbox 3417 5603 3539 5656; x_wconf 82' lang='lat' dir='ltr'><strong>lleri</strong></span> 
     </span>
    </p>
   </div>
   <div class='ocr_carea' id='block_1_82' title="bbox 298 5692 1868 5771">
    <p class='ocr_par' dir='ltr' id='par_1_82' title="bbox 298 5699 1866 5771">
     <span class='ocr_line' id='line_1_84' title="bbox 298 5699 1866 5771; baseline -0.002 -17"><span class='ocrx_word' id='word_1_554' title='bbox 298 5702 449 5770; x_wconf 71' lang='grc' dir='ltr'>ἡμᾶς</span> <span class='ocrx_word' id='word_1_555' title='bbox 491 5703 519 5753; x_wconf 90' lang='lat'><strong>6</strong></span> <span class='ocrx_word' id='word_1_556' title='bbox 553 5700 646 5753; x_wconf 82' lang='grc' dir='ltr'><strong>τοῦ</strong></span> <span class='ocrx_word' id='word_1_557' title='bbox 685 5700 879 5763; x_wconf 69' lang='grc' dir='ltr'>παντὸς</span> <span class='ocrx_word' id='word_1_558' title='bbox 927 5701 1197 5771; x_wconf 80' lang='grc' dir='ltr'>Δεσπότης</span> <span class='ocrx_word' id='word_1_559' title='bbox 1243 5699 1502 5764; x_wconf 80' lang='grc' dir='ltr'>εἱστίασε,</span> <span class='ocrx_word' id='word_1_560' title='bbox 1537 5700 1797 5769; x_wconf 76' lang='grc' dir='ltr'>σήμερον,</span> <span class='ocrx_word' id='word_1_561' title='bbox 1839 5700 1866 5751; x_wconf 89' lang='grc' dir='ltr'><strong>ὁ</strong></span> 
     </span>
    </p>
   </div>
   <div class='ocr_carea' id='block_1_83' title="bbox 1968 5692 3539 5771">
    <p class='ocr_par' dir='ltr' id='par_1_83' title="bbox 1975 5692 3539 5765">
     <span class='ocr_line' id='line_1_85' title="bbox 1975 5692 3539 5765; baseline -0.001 -20"><span class='ocrx_word' id='word_1_562' title='bbox 1975 5693 2240 5751; x_wconf 84' lang='lat' dir='ltr'><strong>Dominus</strong></span> <span class='ocrx_word' id='word_1_563' title='bbox 2262 5695 2499 5751; x_wconf 80' lang='lat' dir='ltr'><strong>universi</strong></span> <span class='ocrx_word' id='word_1_564' title='bbox 2533 5711 2629 5750; x_wconf 84' lang='lat' dir='ltr'><strong>nos</strong></span> <span class='ocrx_word' id='word_1_565' title='bbox 2660 5695 2826 5765; x_wconf 81' lang='lat' dir='ltr'><strong>pavit,</strong></span> <span class='ocrx_word' id='word_1_566' title='bbox 2851 5692 3007 5749; x_wconf 86' lang='lat' dir='ltr'><strong>hodie</strong></span> <span class='ocrx_word' id='word_1_567' title='bbox 3037 5693 3247 5747; x_wconf 84' lang='lat' dir='ltr'><strong>Domini</strong></span> <span class='ocrx_word' id='word_1_568' title='bbox 3275 5693 3539 5746; x_wconf 81' lang='lat' dir='ltr'><strong>imitator.</strong></span> 
     </span>
    </p>
   </div>
  </div>
