4084 6158
602 269 708 329 7θὸ

1797 272 1855 328 S.
1897 272 2219 328 GREGORII
2256 270 2549 327 NYSSENI

3740 266 3855 324 704

603 383 888 450 Quomodo
942 382 1051 445 hic,
1102 390 1195 436 aut
1257 382 1533 453 quomodo
1576 383 1710 439 ille?
1757 383 1851 440 Ille
1897 386 2171 441 hominem

2296 383 2521 456 ιιμητὴς
2547 381 2641 437 τοῦ
2676 384 2964 440 Δεσπότου.
3005 382 3130 448 Πῶς
3154 375 3330 448 οὗτος,
3366 382 3399 453 ἢ
3445 381 3559 446 πῶς
3598 383 3809 447 ἐκεῖνος
3836 402 3855 450 ;

604 492 705 548 pro
740 477 898 531 nobis
954 474 1206 540 induens,
1256 475 1345 530 hic
1378 491 1477 544 pro
1504 476 1595 530 illo
1640 475 1914 531 hominem
1940 492 2167 533 exuens.

606 569 702 622 llle
734 567 858 620 vitae
887 566 1202 640 speluncam
1231 573 1457 635 propter
1492 581 1593 621 nos
1634 565 1881 632 subiens,
1921 566 2008 620 hic
2044 582 2173 635 pro-

606 670 725 728 pter
769 658 923 711 illum
983 671 1048 711 ex
1104 656 1370 725 spelunca
1407 656 1703 711 excedens.
1737 654 1832 710 llle
1884 672 1985 726 pro
2012 659 2172 713 nobis

607 749 794 803 fasciis
829 747 1133 823 involutus,
1170 748 1257 802 hic
1291 764 1390 817 pro
1420 748 1516 803 illo
1565 747 1866 819 lapidatus.
1900 748 1996 803 llle
2026 764 2176 803 mor-

507 844 512 848 '
605 849 712 892 tem
748 839 1091 901 interimens,
1123 838 1213 893 hic
1258 838 1418 892 morti
1452 838 1656 908 jacenti
1692 839 1987 894 insultans.
2018 838 2174 894 Enim

607 945 758 993 vero,
820 929 1040 991 fratres,
1074 944 1474 984 concurramus
1503 931 1668 983 etiam
1699 944 1803 985 nos
1829 944 2083 986 sermone
2109 931 2177 985 ad

582 1018 905 1084 'theatrum.
939 1037 1048 1097 quo
1079 1036 1308 1092 magnus
1355 1022 1445 1076 ille
1478 1023 1682 1077 athleta
1730 1023 1969 1088 laborat,
1997 1033 2053 1079 et
2081 1025 2179 1079 ad-

611 1126 800 1167 versus
859 1112 1167 1181 improbum
1216 1112 1468 1183 humana:
1515 1115 1639 1169 vitae
1680 1115 2052 1170 adversarium
2109 1115 2179 1170 ad

609 1212 885 1258 certamen
919 1192 1222 1275 accingitur
1250 1204 1303 1258 in
1336 1204 1513 1260 stadio
1551 1206 1941 1263 confessionis.
1971 1205 2178 1263 Revera

609 1295 777 1357 enim,
800 1294 953 1364 juxta
983 1310 1171 1351 vocem
1202 1296 1355 1350 Pauli
1378 1297 1417 1360 ⁸,
1453 1296 1658 1350 mundo
1691 1305 1743 1351 et
1767 1298 1975 1367 angelis
2007 1298 2178 1352 etho-

612 1386 852 1439 minibus
892 1386 1206 1454 spectaculo
1241 1385 1344 1441 fuit
1409 1401 1643 1457 magnus
1690 1387 1782 1442 ille
1842 1386 2174 1457 Stephanus,

611 1476 702 1544 qui
731 1476 941 1545 primus
994 1477 1292 1546 Stephano,
1346 1478 1398 1532 id
1444 1487 1550 1542 est,
1585 1495 1780 1532 corona
1812 1480 2180 1536 confessionis

612 1566 901 1622 redimitus
929 1575 984 1623 et
1037 1576 1266 1624 ornatus
1295 1576 1400 1634 est,
1426 1580 1728 1641 martyrum
1771 1571 1935 1626 coetui
1972 1572 2179 1627 aditum

615 1657 784 1723 fecit;
831 1658 925 1727 qui
961 1659 1172 1729 primus
1226 1675 1400 1729 usque
1452 1660 1521 1714 ad
1578 1663 1900 1732 sanguinem
1956 1673 2181 1731 peccato

2282 477 2542 540 Ἐκεῖνος,
2593 475 2683 528 τὸν
2727 474 3010 546 ἄνθρωπον
3065 475 3206 547 ὑπὲρ
3255 474 3414 545 ήμῶν
3469 474 3856 546 ἐνδυσάμενος,

2270 560 2425 630 οὗτος
2450 606 2465 631 ,
2514 565 2607 618 τὸν
2658 564 2941 634 ἄνθρωπον
2975 566 3114 637 ὑπὲρ
3162 565 3368 618 ἐκείνου
3417 564 3858 634 ἀποδυσάμενος.

2284 658 2541 722 Ἐκεῖνος,
2568 655 2627 709 τὸ
2649 654 2741 708 τοῦ
2770 655 2884 726 βίου
2912 656 3172 726 σπήλαιον
3198 656 3262 709 διτ
3289 657 3433 726 ἡμᾶς
3460 655 3858 725 ὑπερχόμενος,

2272 744 2446 817 οὗτος,
2473 748 2563 801 τοῦ
2595 747 2858 818 σπηλαίου
2883 749 2947 801 δι’
2973 750 3176 802 ἐκεῖνον
3206 747 3653 819 ὑπεξερχόμενος.
3671 748 3861 802 Ἐκεῖο

2273 856 2383 904 νος,
2410 839 2548 910 ὑπὲρ
2580 839 2735 909 ἡμῶν
2766 838 3269 910 σπαργανούμενος,
3300 832 3617 908 οὗτκ,ὑπὲρ
3638 838 3860 892 ἐκείνου

2275 930 2751 1001 καταλιθούμενος.
2789 933 3024 994 Ἐκεῖνος
3054 930 3294 1001 ἀναιρῶν
3317 929 3407 983 τδν
3425 929 3675 997 θάνατον,
3697 926 3863 995 οὗτος

2275 1022 2618 1093 ἐπεμϐαίνων
2670 1023 2748 1092 τῷ
2794 1022 3006 1091 Θανάτῳ
3050 1024 3307 1094 κειμένῳ.
3367 1022 3527 1075 Ἀλλά
3571 1022 3681 1093 γὰρ
3726 1039 3863 1075 συν-

2276 1114 2608 1185 δράμωμεν,
2657 1114 2908 1182 ἀδελφοὶ,
2955 1115 3048 1167 καὶ
3093 1116 3255 1185 ἡμεῖς
3303 1112 3379 1184 τῷ
3433 1112 3574 1183 λόγῳ
3615 1113 3753 1183 πρὸς
3795 1113 3863 1167 τὸ

2278 1205 2522 1278 θέατρον,
2552 1207 2627 1268 ὡς
2654 1209 2682 1260 ὁ
2710 1205 2946 1276 ἀθλητὴς
2986 1206 3014 1257 ὁ
3051 1205 3222 1276 μέγας
3264 1205 3675 1273 ὲναγωνίοηται,
3714 1203 3861 1274 πρὸς

2278 1294 2367 1349 τὸν
2398 1295 2632 1365 πονηρὸν
2673 1294 2963 1347 ἀντίπαλον
2991 1294 3090 1363 τῆς
3139 1291 3484 1364 ἀνθρωπίνης
3517 1291 3661 1360 ζωῆς
3691 1294 3747 1343 ὲν
3777 1289 3862 1361 τῷ

2281 1387 2478 1457 σταδίῳ
2513 1386 2614 1454 τῆς
2660 1385 2948 1456 ὁμολογίας
2995 1383 3378 1454 ἀποδυόμενος.
3444 1381 3682 1453 Ἀληθῶς
3722 1381 3858 1450 γὰρ,

2279 1481 2420 1535 κατά
2448 1480 2545 1550 τὴν
2572 1479 2782 1533 Παύλου
2814 1478 3018 1549 φωνὴν,
3050 1478 3273 1550 θέατρον
3300 1476 3531 1547 ἐγενήθη
3561 1476 3638 1546 τῷ
3663 1475 3862 1546 κόσμῳ

2281 1571 2374 1624 καὶ
2397 1569 2645 1638 ἀγγέλοις
2668 1569 2761 1623 καὶ
2790 1568 3096 1640 ἀνθρώποις
3119 1570 3146 1621 ό
3178 1569 3349 1639 μέγας
3379 1568 3670 1636 Στέφανος,
3706 1567 3865 1639 πρῶ-

2280 1679 2371 1726 τος
2403 1662 2493 1715 τὸν
2521 1662 2782 1743 στέφανον
2809 1662 2906 1731 τῆς
2937 1659 3221 1731 ὁμολογίας
3253 1659 3681 1729 ἀναδησαμενος,
3705 1658 3867 1728 πρῶο

614 1749 938 1803 adversatus
965 1759 1068 1806 est.
1100 1754 1177 1807 Ac
1205 1754 1338 1807 mihi
1370 1752 1587 1807 videtur
1613 1754 2182 1822 supraninndanorum

2296 1771 2375 1817 τος
2406 1752 2483 1824 τῷ
2512 1753 2656 1824 χορῷ
2682 1734 2790 1807 τῶν
2823 1752 3114 1824 μαρτύρων
3144 1751 3464 1821 ὁδοποιήσας
3493 1750 3591 1820 τὴν
3629 1749 3863 1816 εἴσοδον,

613 1839 890 1893 exercitus
923 1842 1122 1907 omnis,
1147 1849 1200 1894 et
1235 1856 1423 1896 omnes
1451 1843 1768 1911 angelorum
1792 1844 2052 1912 legiones,
2076 1851 2188 1897 tam

616 1929 1043 2001 ministrantium
1076 1947 1234 2002 quam
1268 1931 1678 1988 assistentium:
1707 1948 1770 1987 ac
1798 1934 1843 1988 si
1880 1933 2012 2003 quid
2040 1936 2185 1989 aliud

615 2015 883 2086 dignitate
913 2018 1200 2089 prmditum
1252 2021 1307 2073 in
1341 2023 1594 2090 supernis
1626 2023 1869 2091 partibus
1903 2024 2187 2093 audimus,

615 2107 762 2177 quod
821 2109 874 2162 in
905 2110 1332 2180 principatibus,
1373 2120 1429 2166 et
1455 2113 1756 2169 virtutibus
1804 2121 1859 2170 et
1891 2115 2107 2171 thronis
2137 2125 2193 2171 et

618 2201 981 2270 potestatibus
1029 2213 1082 2257 et
1129 2201 1599 2260 dominationibus
1629 2213 1901 2272 versetur,
1928 2215 1982 2261 et
2012 2209 2191 2263 omnis

616 2278 859 2347 caelestis
882 2303 1183 2350 conventus
1231 2303 1363 2349 tunc
1407 2296 1670 2350 athletam
1711 2312 1835 2350 eum
1875 2299 2193 2354 adversario

616 2383 998 2454 eonfligentem
1047 2387 1363 2455 spectaculo
1393 2386 1499 2442 sibi
1540 2389 1919 2458 proposuisse.
1966 2390 2194 2444 Patebat

617 2478 763 2532 enim
809 2481 972 2533 veluti
1004 2481 1240 2534 stadium
1301 2482 1576 2551 quoddam
1628 2483 2042 2538 decertantibus
2092 2485 2194 2538 hu-

618 2587 777 2626 mana
809 2572 943 2636 vita,
1001 2573 1298 2627 tendebant
1354 2583 1535 2629 autem
1581 2581 1813 2644 uterque
1859 2576 1998 2630 alter
2036 2576 2194 2630 alteri

619 2663 823 2726 infesti,
864 2664 989 2717 hinc
1042 2664 1262 2734 quidem
1306 2665 1592 2735 improbus
1648 2666 1903 2720 humanae
1937 2667 2063 2721 vitae
2106 2666 2198 2723 ad-

621 2757 917 2820 versarius,
955 2756 1063 2825 jam
1090 2757 1218 2810 inde
1254 2772 1282 2809 a
1331 2758 1486 2826 lapsu
1518 2758 1694 2827 primo
1715 2758 2064 2813 conditorum
2095 2759 2193 2814 bo-

621 2847 828 2900 minnm
855 2886 871 2911 ,
911 2864 1087 2917 usque
1131 2850 1197 2904 ad
1240 2858 1496 2919 tempora.
1535 2850 1816 2921 Stephani,
1850 2851 2095 2906 victoriis
2130 2851 2199 2907 de

625 2939 935 2994 hominibus
967 2942 1139 3008 partis
1190 2943 1526 2997 exercitatus
1561 2961 1573 2996 :
1609 2944 1760 2998 illinc
1809 2959 1939 2999 vero
1966 2959 2197 3015 magnus

2289 1842 2503 1914 πρῶτος
2532 1842 2926 1905 ἀντικαταστάς
2952 1850 3088 1913 προς
3111 1841 3209 1913 τὴν
3244 1840 3519 1912 ἁμαρτίαν
3547 1839 3740 1911 μέχρις
3770 1841 3867 1893 ατ-

2294 1952 2479 2006 ματος.
2542 1934 2652 1988 Καί
2709 1951 2798 2005 μοι
2844 1934 2990 1987 δοκεῖ
3033 1935 3180 1987 πᾶσα
3224 1933 3332 1985 τῶν
3385 1932 3771 2004 ὑπερκοσμίων
3828 1933 3865 2000 ὴ

2292 2027 2555 2098 στρατιὰ,
2572 2027 2668 2079 καὶ
2693 2026 2862 2079 πᾶσαι
2888 2023 2996 2078 τῶν
3024 2023 3268 2092 ἀγγέλων
3297 2024 3350 2076 αί
3384 2023 3640 2093 μυριάδες
3668 2022 3778 2075 τῶν
3806 2039 3870 2075 τε

2290 2117 2742 2190 λειτουργούντων
2785 2117 2878 2170 καὶ¹
2922 2116 3032 2170 τῶν
3083 2115 3533 2186 παρεστηκότων,
3578 2115 3673 2168 καὶ
3716 2115 3769 2167 εἴ
3811 2130 3875 2168 τι

2292 2208 2434 2263 κατά
2464 2207 2561 2278 τὴν
2589 2208 2700 2262 ἄνω
2724 2206 2873 2278 λῆξιν
2902 2207 3009 2261 τῶν
3037 2208 3231 2278 τιμίων
3265 2207 3554 2276 ἀκούομεν,
3584 2207 3642 2260 ὲν
3667 2207 3873 2277 ἀρχαῖς

2293 2322 2351 2358 τε
2382 2305 2476 2359 καὶ
2502 2304 2759 2373 δυνάμεσι
2781 2303 2873 2357 καὶ
2901 2302 3109 2374 θρόνοις
3139 2303 3232 2356 καὶ
3260 2301 3529 2367 ἐξουσίαις
3555 2302 3647 2356 καὶ
3675 2302 3872 2372 κυριό-

2294 2411 2439 2463 τησι,
2460 2393 2565 2450 καὶ
2598 2394 2744 2446 πᾶσα
2770 2395 2804 2463 ἡ
2830 2392 3055 2463 οὐρανία
3105 2394 3428 2462 πανήγυρις,
3477 2390 3657 2460 θέαμα
3696 2393 3875 2443 ποιεῖ-

2300 2486 2421 2539 σθαι
2456 2484 2578 2538 τότε
2606 2483 2697 2539 τὸν
2730 2482 2997 2555 ἀθλητὴν,
3043 2481 3121 2553 τῷ
3153 2483 3523 2553 ἀνταγωνιστῇ
3556 2482 3873 2552 συμπλεκό-

2302 2594 2480 2648 μενον.
2520 2574 2911 2647 Ἐφηπλώσατο
2952 2575 3048 2645 μὲν
3089 2573 3198 2644 γὰρ
3245 2569 3356 2628 οἷόν
3404 2592 3457 2627 τι
3498 2572 3709 2628 στάδιον
3754 2574 3874 2636 τοῖς

2298 2666 2816 2736 ἀνταγωνιζομένοις
2863 2667 2893 2720 ὁ
2937 2663 3272 2736 ἀνθρώπινος
3329 2664 3440 2735 βίος
3495 2662 3874 2734 ἀντεφώρμων

2297 2760 2355 2812 δὲ
2402 2758 2648 2829 ἀλλήλοις
2685 2757 2982 2829 ἀμφότεροι
3010 2773 3023 2786 ⁸
3071 2757 3159 2809 ὅτε
3192 2757 3423 2827 πονηρὸς
3452 2754 3743 2818 ἀντίπαλος
3771 2755 3875 2823 τῆς

2298 2850 2643 2921 ἀνθρωπίνης
2669 2848 2812 2919 ζωῆς
2838 2847 2946 2902 ἀπὸ
2975 2847 3066 2901 τοῦ
3101 2848 3390 2919 πτώματος
3415 2848 3522 2902 τῶν
3552 2847 3873 2919 πρωτοπλά-

2302 2954 2441 2992 στων
2470 2937 2632 3009 μέχρι
2653 2936 2760 2989 τῶν
2794 2935 2934 2989 κατά
2956 2936 3227 3004 Στέφανον
3254 2938 3461 3009 χρόνων
3494 2941 3559 3009 τῇ
3592 2936 3733 2990 κατά
3763 2936 3876 2988 τῶν

624 3031 709 3085 ille
745 3030 865 3085 fidei
894 3032 1120 3094 athla-ta,
1147 3032 1298 3085 nihili
1321 3032 1522 3089 faciens
1557 3034 1856 3090 adversarii
1891 3036 2192 3092 incursum.

2302 3028 2600 3100 ἀνθρώπων
2642 3028 3120 3098 ἐγγυμνασάμενος
3167 3029 3293 3100 νίκῃ
3318 3067 3334 3095 ,
3377 3030 3472 3084 κα.)⁹
3504 3031 3532 3083 ό
3565 3027 3738 3099 μέγας
3768 3026 3876 3097 τῆς

622 3122 788 3175 Arma
815 3130 992 3175 autem
1024 3121 1290 3177 ambobus
1310 3123 1466 3177 alteri
1492 3123 1753 3182 adversus
1770 3126 1995 3181 alterum
2018 3138 2197 3200 erant;

625 3213 895 3267 inventori
940 3214 1156 3283 quidem
1206 3214 1424 3280 mortis,
1466 3217 1659 3272 mortis
1693 3225 1901 3287 terror;
1930 3218 2201 3291 discipulo

623 3313 804 3360 autem
836 3305 980 3368 vitaz,
1010 3304 1290 3362 confessio
1322 3305 1465 3361 fidei.
1502 3307 1634 3373 Quis
1657 3309 1800 3362 enim
1827 3325 1935 3364 non
1967 3312 2203 3367 admira-

624 3403 716 3450 tus
743 3405 887 3450 esset
916 3411 1113 3450 novam
1146 3398 1288 3451 hanc
1321 3398 1637 3454 certaminis
1674 3397 1928 3468 formam,
1953 3417 2074 3456 cum
2111 3419 2202 3458 ve-

627 3488 763 3543 ritas
797 3488 905 3542 vita
936 3502 999 3543 ac
1045 3497 1221 3544 morte
1256 3489 1685 3558 dijudicabatur,
1723 3506 1786 3543 ac
1815 3491 2200 3546 documentum

629 3580 875 3635 veritatis
921 3595 1071 3635 mors
1127 3580 1270 3635 fuit?
1318 3580 1451 3635 Nam
1486 3597 1665 3651 praeco
1701 3581 1821 3637 fidei
1866 3582 2204 3640 absconditae

627 3689 691 3728 ac
733 3676 872 3740 vitm,
924 3689 1047 3743 qua:
1096 3674 1472 3744 ignorabatur,
1518 3675 1699 3745 reipsa
1757 3674 2203 3745 praedicationem

626 3763 942 3818 hominibus
1000 3763 1316 3831 divulgabat
1353 3776 1366 3815 :
1407 3778 1503 3832 per
1555 3762 1659 3816 hoc
1704 3763 1849 3818 enim
1883 3764 2026 3835 quod
2061 3763 2203 3817 baud

628 3862 849 3923 gravate
902 3868 1081 3922 neque
1126 3859 1454 3906 cunctanter
1506 3852 1648 3907 hanc
1710 3854 1880 3908 vitam
1938 3855 2201 3923 deseruit,

629 3953 778 3998 recte
811 3958 925 3997 rem
971 3943 1373 3998 aestimantibus
1406 3942 1908 4012 demonstrabatur,
1940 3945 2083 4015 quod
2116 3962 2200 4010 ea,

629 4046 752 4099 qua:
770 4032 1185 4100 relinquebatur
1203 4033 1335 4095 vita,
1359 4034 1731 4100 praestantiori
1752 4043 2202 4090 commutaretur.

632 4120 835 4177 Verum
869 4121 1013 4176 haud
1068 4124 1472 4179 incommodum
1516 4124 1702 4193 fuerit,
1742 4136 2000 4198 tanquam
2040 4131 2094 4183 in
2123 4137 2205 4183 ta-

632 4214 780 4279 bula,
818 4214 1068 4270 oratione
1093 4224 1283 4272 exacte
1328 4217 1486 4288 quasi
1522 4217 1813 4291 depingere
1840 4223 2206 4278 concertatio-

632 4320 777 4369 nem,
807 4312 864 4359 ut
894 4321 991 4375 per
1023 4322 1205 4362 rerum
1237 4317 1515 4378 gestarum
1552 4312 1751 4366 seriem
1784 4313 2071 4367 commode
2106 4313 2206 4366 mi-

2304 3123 2537 3184 πίστεως
2580 3120 2913 3192 ἀγωνιστὴς,
2955 3121 3069 3174 ἀντ’
3110 3120 3322 3183 οὐδενὸς
3355 3120 3552 3190 κρίνων
3584 3117 3675 3173 τοῦ
3718 3119 3867 3172 ἀντι-

2303 3212 2473 3267 πάλου
2494 3211 2589 3283 τὴν
2619 3211 2823 3281 ἔφοδον.
2856 3210 3035 3265 Ὅπλα
3057 3211 3113 3266 δὲ
3139 3213 3258 3273 κατ’
3278 3210 3521 3283 ἀλλήλων
3546 3209 3876 3280 ἀμφοτέροις

2300 3301 2390 3376 ἦν,
2436 3303 2515 3374 τῷ
2551 3304 2649 3376 μὲν
2681 3302 2875 3375 εὖρετῇ
2924 3301 3017 3357 τοῦ
3046 3302 3275 3358 θανάτου
3307 3303 3525 3376 ἀπειλὴ,
3573 3303 3650 3374 τῷ
3673 3302 3731 3355 δὲ
3761 3318 3875 3372 μα-

2305 3396 2441 3467 θητῇ
2465 3396 2564 3466 τῆς
2590 3394 2752 3466 ζωῆς,
2780 3395 3093 3467 ήὸμολογία
3113 3396 3211 3465 τῆς
3238 3395 3490 3458 πίστεως.
3518 3394 3613 3459 Τίς
3641 3394 3751 3464 γάρ
3771 3392 3878 3447 οὐκ

2306 3485 2371 3541 ἂν
2401 3486 2614 3555 ἠγάσθη
2643 3487 2702 3540 τὺ
2733 3487 2916 3540 καινὸν
2962 3485 3120 3540 τοῦτο
3150 3487 3252 3556 τῆς
3278 3486 3515 3557 ἀγωνίας
3556 3482 3694 3549 εἶδος
3719 3524 3735 3550 ,
3783 3484 3876 3537 ὅτε

2306 3578 2416 3650 ζωῇ
2449 3579 2540 3633 καὶ
2571 3577 2783 3649 θανάτῳ
2811 3580 2844 3650 ή
2878 3579 3101 3650 ἀλήθεια
3128 3580 3443 3651 διεκρίνετο,
3472 3578 3567 3632 καὶ
3603 3573 3877 3640 ἀπόδειξις

2307 3670 2513 3738 ἐγίνετο
2544 3670 2643 3740 τῆς
2671 3668 2927 3740 ἀληθείας
2955 3671 2984 3723 ὁ
3015 3669 3280 3737 θάνατος;
3341 3671 3397 3722 '0
3436 3669 3543 3739 γὰρ
3568 3666 3743 3738 κῆρυξ
3776 3667 3877 3736 τῆς

2307 3761 2689 3834 κεκρυμμένης
2726 3762 2957 3826 πίστεως
2998 3763 3092 3815 καὶ
3126 3761 3492 3831 ἀγνοουμένης
3530 3759 3691 3829 ζωῆς,
3729 3758 3881 3830 ἔργῳ

2305 3850 2587 3921 διήγγελλε
2616 3853 2725 3915 τοῖς
2751 3850 3056 3922 ἀνθρώποις
3080 3852 3140 3906 τὸ
3168 3853 3429 3922 κήρυγμα
3454 3869 3466 3881 ”
3506 3851 3569 3903 τὸ
3597 3848 3705 3920 γὰρ
3735 3850 3880 3902 ἑτοί-

2309 3961 2425 4014 μως
2448 3941 2634 3996 τοῦτον
2663 3943 2976 3998 καταλιπεῖν
2996 3945 3086 3998 τὸν
3114 3943 3248 4015 βίον,
3276 3942 3547 4008 ἀπόδειξις
3572 3944 3685 4004 τοῖς
3703 3940 3881 4012 ὀρθῶς

2308 4035 2580 4105 κρίνουσιν
2624 4030 2712 4105 ἦν,
2745 4034 2839 4088 τοῦ
2870 4035 2966 4106 τὴν
3008 4035 3405 4107 προτιμοτέραν
3442 4033 3586 4103 ζωὴν
3632 4033 3752 4085 ἀντὶ
3780 4032 3881 4100 τῆς

2308 4127 2776 4198 καταλεετῖομένης
2805 4127 3155 4194 ἀλλάξασθαι.
3199 4126 3358 4180 Ἀλλά
3386 4124 3547 4179 καλὸν
3578 4125 3645 4177 ἂν
3667 4123 3754 4191 εἴη
3781 4139 3880 4175 και

2309 4219 2485 4289 θάπερ
2524 4219 2614 4271 ἐπὶ
2646 4219 2872 4282 πίνακος
2896 4216 3139 4290 ἀκρισῶς
3165 4217 3241 4287 τῷ
3269 4217 3411 4287 λόγῳ
3437 4214 3880 4286 διαζωγραφῆσαι

2309 4305 2405 4375 τὴν
2438 4308 2683 4379 ἄθλησιν,
2730 4308 2805 4371 ώς
2839 4307 2904 4360 ἂν
2939 4306 3059 4361 καθ’
3088 4307 3204 4360 ὁδὸν
3233 4309 3364 4378 ἡμῖν
3392 4307 3479 4360 διὰ
3522 4305 3620 4374 τῆς
3651 4303 3760 4356 τῶν
3788 4319 3881 4370 γε-

634 4397 941 4452 raculorum
967 4399 1108 4453 ratio
1141 4398 1571 4455 demonstretur.
1602 4401 1783 4472 Nuper
1816 4402 1961 4457 enim
1993 4404 2194 4458 violen-

2309 4400 2539 4464 γονότων
2583 4398 2898 4462 ἀκολουθίας
2955 4400 2989 4468 ἡ
3039 4397 3147 4450 τῶν
3174 4397 3464 4468 θαυμάτων
3495 4394 3644 4460 τάξις
3676 4391 3878 4446 ἐπιδει-

634 4498 723 4544 tus
745 4483 917 4544 ille'ac
930 4489 1219 4545 vehemens
1237 4490 1396 4547 flatus
1414 4507 1649 4561 superne
1668 4492 1906 4555 delatus.
1924 4493 2207 4564 dissipatis

635 4589 798 4649 atque
822 4582 1070 4650 disjectis
1109 4584 1364 4639 omnibus
1398 4584 1562 4639 aeriis
1604 4599 1668 4639 ac
1700 4582 1985 4640 fallacibus
2013 4587 2207 4642 daemo-

637 4687 764 4725 num
811 4672 1007 4743 copiis,
1065 4674 1401 4729 domicilium
1447 4676 1821 4745 apostolorum
1866 4678 2204 4747 repleverat;

634 4774 687 4818 et
716 4764 1022 4833 linguarum
1056 4766 1110 4819 in
1136 4766 1357 4821 modum
1390 4768 1673 4839 ignearum
1713 4768 1922 4824 divisus
1954 4784 2052 4838 pro
2097 4770 2207 4824 ’nu-

633 4871 784 4910 mero
815 4857 1016 4910 donum
1068 4859 1453 4928 accipientium
1497 4859 1736 4929 Spiritus
1780 4860 1835 4914 in
1877 4876 2208 4931 unoquoque

637 4946 929 5003 resederat.
994 4948 1070 5003 Ac
1108 4950 1245 5025 jam.
1286 4954 1353 5006 ad
1420 4951 1761 5022 inopinatum
1811 4959 1867 5008 et
1900 4953 2205 5008 inauditum

634 5039 787 5094 vocis
838 5055 900 5094 ac
942 5041 1140 5111 linguae
1173 5043 1496 5097 miraculum
1527 5060 1623 5099 eos
1657 5044 1748 5114 qui
1774 5060 1839 5100 ex
1871 5045 2020 5100 omni
2050 5049 2209 5116 gente

639 5130 905 5198 profecti,
959 5130 1319 5204 Jerosolymis
1380 5136 1781 5203 versabantur,
1831 5136 2209 5190 consternatio

638 5222 1001 5292 confusioque
1059 5225 1359 5289 invaserat,
1409 5225 1667 5280 omnibus
1702 5227 1793 5295 qui
1832 5226 1887 5281 in
1935 5229 2114 5281 varias
2145 5242 2208 5281 ac

638 5312 1220 5385 diversaslinguarum
1259 5317 1461 5374 formas
1504 5319 1664 5375 divisi
1705 5320 1944 5381 fuerant,
1989 5325 2212 5388 repente

639 5421 763 5460 cum
822 5407 1108 5478 discipulis
1154 5411 1399 5479 ejusdem
1453 5412 1649 5483 linguae
1685 5411 1879 5479 factis;
1914 5427 2039 5466 cum
2067 5410 2213 5464 nulla

643 5499 982 5566 praecedente
1015 5498 1311 5572 disciplina
1345 5511 1508 5574 atque
1564 5502 1975 5567 exercitatione,
2021 5502 2114 5558 sed
2145 5516 2213 5556 ex

717 5673 735 5706 ⁸
768 5674 785 5728 l
824 5674 950 5733 Cor.
979 5691 1054 5743 iv,
1083 5677 1136 5730 9.

2308 4489 2557 4562 κνύηται.
2592 4491 2748 4561 Ἀρτι
2776 4490 2874 4561 μὲν
2909 4488 3018 4561 γὰρ
3043 4491 3077 4560 ή
3110 4489 3314 4543 ἄνωθεν
3346 4487 3493 4558 βιαία
3519 4485 3672 4556 πνοὴ,
3699 4485 3879 4537 πᾶσαν

2308 4584 2407 4654 τὴν
2436 4582 2676 4653 ἐναέριον
2703 4581 2797 4635 καὶ¹
2840 4581 3122 4651 ἀπατηλὴν
3168 4579 3275 4633 τῶν
3306 4580 3573 4650 δαιμόνων
3600 4576 3877 4631 διασκεδά-

2311 4690 2449 4726 σασα
2478 4672 2721 4744 δύναμιν,
2755 4671 3035 4743 ἐπλήρωσε
3077 4669 3183 4724 τῶν
3230 4669 3539 4724 ἀποστόλων
3577 4667 3666 4722 τὸν
3695 4663 3840 4721 οἷκον
3865 4684 3879 4698 ·

2309 4765 2403 4819 καὶ
2433 4764 2731 4834 πυροειδῶς
2762 4767 2840 4827 είς
2871 4761 3120 4832 γλώσσας
3164 4762 3510 4833 διαμερισθὲν
3543 4761 3604 4815 τὸ
3632 4760 3880 4830 Πνεῦμα,

2310 4854 2452 4910 κατά
2481 4855 2572 4908 τὸν
2616 4853 2844 4926 ἀριθμὸν
2872 4853 2979 4906 τῶν
3006 4853 3306 4922 δεχομένων
3338 4852 3435 4923 τὴν
3466 4851 3626 4922 χάριν
3656 4850 3715 4903 ὲν
3760 4849 3885 4903 ἑκά-

2313 4967 2423 5020 στῳ
2471 4947 2699 5017 ἐγίνετο,
2746 4947 2884 5014 Ἤδη
2926 4947 3002 5008 δὲ,
3042 4946 3173 5017 πρὸς
3202 4940 3262 4998 τὸ
3292 4943 3590 5014 παράδοξον
3616 4939 3712 4995 τοῦ
3744 4941 3886 4995 κατά

2311 5040 2407 5110 τὴν
2431 5038 2609 5109 φωνὴν
2633 5039 2724 5093 καὶ
2746 5037 2843 5107 τὴν
2863 5036 3112 5105 γλῶσσαν
3137 5035 3429 5105 θαύματος,
3450 5034 3575 5096 τοὺς
3602 5035 3667 5087 ὲκ
3687 5032 3886 5094 παντὸς

2312 5131 2495 5194 ἔθνους
2550 5128 2942 5200 Ἰεροσολύμοις
3019 5127 3436 5197 ἐπιδημοῦντας,
3494 5124 3758 5194 ἔκπληξίς
3826 5140 3884 5175 τε

2315 5223 2628 5292 κατειλήφει
2660 5222 2752 5274 καὶ
2773 5221 3053 5289 σύγχυσις·
3073 5219 3179 5272 τῶν
3195 5221 3274 5282 είς
3291 5216 3538 5280 ποικίλας
3565 5233 3624 5269 τε
3652 5217 3745 5269 καὶ
3773 5215 3885 5267 δια-

2311 5313 2507 5384 φόρους
2536 5310 2795 5381 γλωσσῶν
2829 5310 2970 5373 ἰδέας
2997 5308 3403 5379 διεσχισμένων,
3442 5305 3656 5359 πάντων
3677 5304 3887 5374 ἀθρόως

2309 5404 2669 5475 ὁμογλώσσων
2696 5405 2805 5465 τοῖς
2834 5401 3097 5471 μαθηταῖς
3121 5397 3500 5470 γεγενημένων
3527 5411 3540 5425 ·
3577 5396 3665 5450 ὁτε
3694 5395 3795 5448 οὐκ
3824 5397 3887 5447 ὲκ

2311 5495 2751 5570 προπαιδεύσεως
2776 5496 2870 5549 καὶ
2900 5492 3126 5566 μελέτης
3158 5490 3323 5554 τινὸς,
3369 5488 3481 5543 ἀλλ’
3514 5487 3574 5552 ἐξ
3600 5486 3888 5550 ἐπιπνοίας
