4084 6158
257 247 362 305 705

1448 252 1449 255 “
1542 246 1616 306 ΙΝ,
1652 246 1711 302 S.
1755 246 2203 305 STEPHANUM.

3389 244 3492 303 706

250 361 346 416 τοῦ
386 361 724 433 Πνεύματος,
770 361 977 433 ἀθρόως
1010 364 1123 425 τοῖς
1151 362 1465 426 ἀποστόλοις
1495 363 1695 434 ταύτης
1737 364 1820 416 ὲν-

1928 362 2287 432 inspiratione
2316 359 2552 430 Spirittts
2582 356 2747 433 atque
2776 372 2996 432 repente
3024 377 3086 418 ex
3120 369 3362 432 tempore
3386 361 3491 417 hoc

251 454 641 524 σχεδασθείσης
671 453 770 522 τῆς
802 455 1041 525 χάριτος,
1077 453 1225 525 ήτοῦ
1260 453 1587 523 φθέγγεσθαι
1607 454 1833 525 δύναμις

248 541 638 611 προσεγένετο,
683 542 829 594 Ἔδει
860 543 967 612 γὰρ
995 542 1122 606 τοὺς
1168 544 1261 597 ἐπὶ
1307 544 1374 613 τῇ
1422 543 1585 616 γηϊνῃ
1631 561 1833 614 πυργο-

247 631 401 706 ποᾳιίᾳ
432 632 531 703 τὴν
563 630 871 702 ὁμοφωνίαν
916 632 1213 697 λύσαντας,
1259 633 1351 686 ἐπὶ
1388 637 1454 704 τῇ
1490 630 1827 706 πνευματικῇ

249 701 411 774 πάλιν
431 701 531 792 τῆς
560 701 882 793 Ἑκκλησίας
902 722 1175 792 οἰκοδομῇ,
1202 723 1281 785 είς
1299 701 1604 792 ὁμοφωνίαν
1630 701 1825 791 atomi

248 813 344 865 καὶ
373 813 458 865 διὰ
486 811 641 866 τοῦτο
664 813 846 876 καλῶς
870 813 1115 867 ἐντεῦθεν
1143 817 1175 884 ἡ
1207 814 1301 867 τοῦ
1330 815 1484 882 ἁγίου
1512 815 1825 885 Πνεύματος

246 903 527 974 οἰκονομία
557 905 655 975 τῆς
683 905 899 975 χάριτος
949 904 1193 976 ἄρχεταιο
1228 905 1366 958 ὥστε
1392 905 1489 977 τὴν
1513 907 1696 979 κοινὴν
1716 908 1824 962 τῶν

246 994 550 1065 ἀνθρώπων
599 996 946 1068 εὐεργεσίαν,
990 998 1068 1059 είς
1116 998 1294 1050 πᾶσαν
1336 998 1570 1052 διάνοιαν
1602 999 1701 1069 τῆς
1729 1001 1824 1053 ἀν-

247 1083 529 1154 θρωπίνης
561 1084 922 1155 καταμερίσαι
955 1085 1156 1155 φωνῆς,
1206 1086 1292 1139 ἵνα
1344 1087 1419 1156 μὴ
1468 1089 1568 1157 μιᾷ
1606 1088 1824 1159 γλώσσῃ

249 1173 390 1245 μόνῃ
440 1174 502 1227 τὸ
546 1176 807 1246 κήρυγμα
848 1175 948 1245 τῆς
996 1176 1276 1240 εὐσεϐείας
1324 1178 1820 1249 ἐναποκλειόμενον,

244 1267 529 1338 ἄπρακτον
565 1269 677 1331 τοῖς
707 1266 1100 1335 ἀλλογλώσσοις
1135 1269 1291 1341 μείνῃ
1320 1270 1414 1325 καὶ
1439 1270 1815 1342 ἀνενέργητον.

321 1449 462 1518 Ἤδη
502 1447 680 1502 τοίνυν
726 1447 836 1501 τῶν
883 1449 983 1518 μὲν
1028 1447 1333 1518 Φαρισαῖε-ιν
1378 1448 1472 1501 καὶ
1510 1450 1630 1512 ταῖς
1663 1448 1820 1512 ἰδίαις

244 1540 439 1601 ἀκοαῖς
481 1537 850 1593 ἀπιστούντων
873 1579 887 1604 ,
940 1539 1029 1591 καὶ
1054 1540 1180 1602 τοὺς
1208 1538 1690 1608 ἐκπεπληγηλένους
1721 1539 1820 1610 τὴν

244 1630 691 1700 θαυματουργίαν
752 1629 1066 1699 διεσφάλθαι
1128 1629 1679 1701 καταχλευαζῦντων,
1743 1631 1818 1693 ὡς

243 1723 508 1791 γλεύκους
555 1724 737 1786 αὐτοῖς
782 1721 880 1792 τὴν
930 1721 1179 1792 τοιαύτην
1220 1721 1541 1793 παραφορὰν
1590 1722 1819 1792 ἐμποιή-

246 1827 438 1874 σαντος
462 1826 478 1842 ο
506 1809 598 1863 τοῦ
625 1811 683 1864 δέ
713 1810 920 1880 Πέτρου
954 1813 1049 1881 μιᾷ
1071 1810 1164 1864 τοῦ
1197 1811 1352 1881 λόγου
1379 1810 1637 1882 περιϐολῇ
1667 1828 1819 1881 τρισ-

244 1902 423 1974 χιλίας
478 1902 652 1972 ψυχὰς
684 1902 764 1973 τῷ
808 1902 1026 1974 Χριστῷ
1062 1902 1530 1974 σαγηνεύσαντος,
1582 1903 1675 1956 καὶ
1718 1920 1819 1955 κα-

245 1994 408 2063 θεξῆς
435 1994 520 2048 ἀεὶ
547 1997 612 2064 τῇ
642 1994 927 2067 προσθήκῃ
956 1994 1063 2047 τῶν
1106 1994 1426 2064 σωζομένων
1447 1995 1545 2064 τῆς
1589 1993 1816 2063 Ἐκκλη-

248 2088 372 2151 σίας
396 2088 476 2150 είς
502 2086 703 2158 πλῆθος
729 2086 1067 2158 ἐπιδιδούσης
1092 2103 1105 2117 ο
1136 2086 1229 2140 καὶ
1252 2085 1343 2140 τοῦ
1373 2088 1436 2139 ἐκ
1468 2086 1693 2154 γενετῆς
1720 2103 1820 2155 χω-

242 2179 340 2232 λοῦ
373 2180 534 2233 πάλιν
562 2178 659 2248 τὴν
685 2179 894 2250 ὡραίαν
923 2178 1018 2232 τοῦ
1050 2176 1195 2248 ἱεροῦ
1229 2176 1406 2248 πύλην
1434 2180 1547 2240 τοῖς
1575 2176 1814 2247 σωζομέ-

243 2290 357 2336 νοις
400 2270 735 2336 άνοίξαντος,
780 2266 814 2343 ᾗ
858 2270 1306 2342 προσκαθήμενος
1355 2268 1434 2338 τῷ
1476 2269 1598 2323 καθ’
1630 2269 1817 2322 ἐαυτὸν

245 2365 487 2434 θαύματι
514 2364 613 2434 τῆς
646 2364 872 2428 ίάσεως,
920 2364 1044 2426 τοὺς
1097 2363 1239 2417 κατά
1279 2361 1455 2432 ψυχὴν
1485 2360 1819 2432 χωλεύοντας

242 2455 338 2507 ἐπί
364 2454 461 2525 τὴν
490 2454 671 2507 πίστιν
697 2452 1121 2525 ἐχειραγώγησε.
1155 2452 1371 2507 Πολλῶν
1401 2451 1578 2505 τοίνυν
1601 2452 1736 2522 πρὸς
1759 2451 1820 2504 τὸ

244 2546 509 2615 κήρυγμα
548 2545 645 2616 τῆς
681 2545 913 2608 πίστεως
942 2543 1308 2615 συρρεόντων,
1358 2543 1453 2597 καὶ
1500 2543 1599 2612 τῆς
1633 2543 1819 2613 χρείας

244 2637 467 2690 πλείονα
493 2636 593 2706 τὴν
622 2635 966 2706 πολυχειρίαν
996 2635 1357 2707 ἐπιζητούσης
1386 2634 1490 2688 τῶν
1511 2634 1820 2689 διακονούν-

241 2746 354 2782 των
383 2731 446 2798 τῇ
478 2728 694 2800 χάριτι·
745 2728 865 2780 τότε
893 2729 1134 2782 καλεῖται
1178 2728 1314 2798 πρὸς
1354 2728 1673 2798 ἐπικουρίαν
1711 2726 1818 2780 τῶν

243 2820 554 2874 ἀποστόλων
584 2820 687 2873 ὑπὸ
716 2819 809 2873 τοῦ
836 2821 1149 2890 Πνεύματος
1184 2823 1212 2874 6
1244 2821 1411 2884 πολὺς
1440 2824 1506 2892 τῇ
1538 2821 1696 2890 σοφίᾳ
1724 2820 1817 2873 καὶ

1928 453 2074 509 dono
2101 459 2509 522 repraesentato.
2546 452 2778 509 facultas
2814 454 3081 525 loquendi
3106 454 3368 524 apostolis
3400 468 3492 509 ac-

1927 544 2208 600 cessisset.
2230 530 2686 612 Oportebatenim
2718 558 2832 605 eos,
2870 545 2963 614 qui
2989 544 3043 598 in
3067 552 3298 599 terrente
3327 545 3493 599 turris

1927 633 2301 689 exstructione.
2332 634 2771 688 communionem
2812 634 3027 704 linguae,
3063 634 3322 705 vocisque
3363 650 3495 688 con-

1926 725 2169 780 cordiam
2231 725 2526 787 solverant,
2560 724 2612 778 in
2643 724 2912 794 spirituali
2958 725 3214 780 Ecclesiae
3255 724 3493 779 aediﬁca-

1925 817 2076 871 tione
2101 831 2295 871 rursus
2348 816 2415 870 ad
2458 816 2848 871 commercium
2874 817 3070 887 linguae
3090 817 3300 880 venire,
3332 831 3494 889 atque

1925 906 2134 963 idcirco
2179 908 2354 963 sancti
2410 908 2648 978 Spiritus
2697 908 3035 979 dispensatio
3074 918 3220 965 recte
3260 912 3490 979 gratiam

1927 999 2056 1055 hinc
2091 1001 2328 1063 orditur,
2370 1008 2427 1052 ιιι
2456 1016 2745 1055 commune
2775 1001 3054 1054 hominum
3085 1001 3403 1056 beneﬁcium
3438 1003 3490 1055 itt

1923 1106 2140 1146 omnem
2208 1092 2541 1146 intellectum
2590 1091 2842 1145 humanae
2894 1091 3044 1146 vocis
3081 1090 3489 1161 dispertiretur,

1925 1197 1993 1235 ne
2023 1181 2070 1236 si
2109 1182 2163 1235 itt
2196 1197 2357 1236 unam
2384 1182 2642 1251 linguam
2687 1181 2857 1236 solam
2909 1180 3224 1251 praedicatio
3266 1182 3490 1249 pietatis

1923 1272 2320 1334 includeretur,
2338 1272 2586 1328 incilicax
2613 1280 2665 1328 et
2691 1271 2903 1327 inutilis
2920 1272 3236 1327 hominibus
3262 1271 3492 1328 diversae

1923 1363 2120 1433 linguae
2145 1371 2407 1417 maneret.

1994 1451 2114 1507 lam
2148 1453 2315 1521 igitur
2335 1467 2459 1507 eum
2495 1452 2760 1508 Pharisaei
2801 1454 3020 1523 quidem
3062 1453 3179 1507 suis
3208 1452 3373 1506 etiam
3406 1451 3491 1519 ip-

1926 1557 2112 1597 sorum
2146 1543 2371 1597 auribus
2408 1558 2513 1597 non
2544 1544 2853 1608 crederent,
2881 1560 2944 1598 ac
2976 1544 3243 1598 miraculo
3280 1542 3355 1597 rei
3388 1543 3489 1597 ob-

1921 1626 2264 1703 stupefactos
2287 1643 2519 1689 caeteros
2542 1650 2727 1689 errare
2748 1636 3144 1689 contenderent
3172 1634 3488 1699 irridentes,

1918 1725 2076 1794 quasi
2109 1734 2348 1781 mustum
2369 1726 2530 1779 talem
2557 1725 2869 1779 vecordiam
2896 1734 3061 1793 atque
3093 1724 3328 1778 furorem
3359 1737 3490 1793 apo-

1919 1817 2077 1871 stolis
2142 1817 2553 1887 ingenerasset;
2614 1815 2808 1870 Petrus
2860 1825 3037 1870 autem
3075 1831 3183 1869 uno
3222 1815 3490 1869 orationis

1919 1910 2237 1979 complexu,
2290 1895 2595 1963 animarum
2630 1908 2797 1962 millia
2847 1908 2950 1963 tria
2999 1908 3158 1977 quasi
3220 1908 3489 1963 verriculo

1918 2008 2107 2069 captas
2142 2000 2363 2053 Christo
2413 1998 2778 2054 lucrifecisset
2802 2000 2846 2063 ',
2890 2013 2955 2052 ac
2994 1999 3251 2066 deinceps
3277 2013 3491 2068 semper

1919 2091 2224 2161 adjectione
2245 2106 2455 2158 eorum,
2485 2091 2576 2160 qui
2603 2091 2736 2146 salvi
2761 2093 2973 2154 tierent,
2997 2091 3240 2144 Ecclesia
3256 2105 3488 2144 numero

1919 2201 1981 2238 ac
2015 2184 2367 2237 multitudine
2403 2190 2673 2238 cresceret
2705 2199 2719 2235 :
2755 2183 2992 2250 itemque
3037 2181 3105 2244 is,
3151 2181 3242 2249 qui
3292 2195 3321 2233 a
3348 2180 3489 2234 nati-

1918 2276 2087 2329 vitate
2133 2274 2359 2328 claudus
2413 2272 2613 2336 fuerat,
2665 2271 2968 2341 speciosam
3026 2280 3235 2340 portam
3300 2269 3485 2340 templi

1918 2383 2114 2422 rursus
2144 2368 2231 2428 iis,
2265 2366 2357 2436 qui
2390 2364 2525 2421 salvi
2582 2363 2795 2429 tierent,
2822 2363 3127 2431 aperuisset
3150 2363 3193 2425 ³,
3225 2363 3312 2415 cui
3353 2363 3493 2416 assi-

1919 2457 2055 2512 deus
2089 2472 2202 2510 sum
2247 2455 2548 2508 sanationis
2587 2453 2853 2507 miraculo
2880 2453 3060 2506 anima
3113 2451 3488 2507 claudicantes

1920 2548 1985 2601 ad
2020 2547 2180 2601 iidem
2208 2545 2527 2598 adduxerat.
2565 2543 2700 2598 Cum
2732 2543 2887 2596 multi
2924 2543 3089 2611 igitur
3120 2543 3186 2597 ad
3229 2543 3489 2613 praedica-

1918 2638 2121 2690 tionem
2181 2635 2305 2690 iidei
2345 2633 2704 2700 conﬂuerent,
2762 2641 2937 2703 atque
2970 2633 3231 2701 majorem
3268 2647 3487 2686 manum

1919 2727 2107 2797 gratia:
2135 2727 2562 2781 ministrantium
2596 2740 2683 2780 res
2711 2725 3034 2795 postularet,
3059 2735 3190 2777 tunc
3221 2723 3488 2794 sapientia

1919 2832 1981 2871 ac
1998 2818 2169 2888 gratia
2192 2817 2477 2872 abundans
2499 2817 2809 2885 Stephanus
2830 2832 2859 2869 a
2894 2815 3102 2886 Spiritu
3139 2817 3193 2868 in
3221 2816 3485 2868 auxilium

242 2910 313 2977 τῇ
348 2907 528 2978 χάριτι
574 2908 859 2974 Στέφανος.
912 2909 1022 2961 Καὶ
1070 2909 1258 2979 μηδεὶς
1300 2910 1377 2980 τῷ
1419 2913 1517 2981 τῇς
1546 2910 1818 2972 διακονίας

1922 2910 2290 2977 apostolorum
2331 2918 2560 2962 vocatur
2590 2908 2633 2961 ⁸.
2663 2909 2741 2960 Ac
2779 2923 2938 2961 nemo
2964 2906 3185 2963 nomine
3203 2906 3489 2962 ministerii

244 2998 509 3068 ὀνόματι,
558 2998 888 3072 δευτερεύειν
927 3000 1090 3055 αὐτὸν
1138 3001 1290 3072 παρὰ
1329 3001 1426 3072 τὴν
1457 3000 1820 3071 ἀποστολικὴν

244 3088 408 3153 ἀξίαν
434 3089 722 3142 ὑπονοείτω
744 3107 758 3119 ·
796 3090 916 3142 ἐπεὶ
938 3092 1031 3144 καὶ
1056 3091 1265 3155 Παῦλος
1294 3091 1481 3144 ἑαυτὸν
1509 3088 1617 3145 οἶδε
1643 3091 1821 3145 διάκο-

242 3193 337 3229 νον
366 3176 677 3249 μυστηρίων
705 3179 965 3251 Χριστοῦ,
992 3182 1084 3235 καὶ
1125 3185 1153 3236 6
1185 3184 1274 3236 τοῦ
1307 3185 1505 3249 παντὸς
1538 3186 1761 3257 Κύριος,
1792 3191 1820 3242 6

242 3268 337 3322 διὰ
364 3270 564 3340 σαρκὸς
587 3270 685 3342 τὴν
708 3271 1053 3345 ἀνθρωπίνην
1079 3275 1352 3346 σωτηρίαν
1383 3279 1698 3348 οίκονομῶν,
1721 3280 1819 3334 οὐκ

245 3359 564 3432 ὲπῃσχύνθη
615 3361 692 3432 τῷ
734 3363 833 3433 τῆς
868 3362 1409 3436 διακονίας”όνόματι
1434 3407 1448 3431 ,
1504 3368 1710 3423 είπών·
1761 3373 1819 3426 ἐν

251 3450 441 3519 μέσοις
482 3447 735 3517 εἷναι,ὼς
766 3456 794 3507 6
841 3453 1122 3520 διακονῶν,
1165 3458 1194 3509 6
1237 3457 1336 3521 τὰς
1374 3457 1664 3531 διαιρέσεις
1709 3462 1818 3517 τῶν

247 3540 530 3594 διακονιῶν
556 3541 810 3612 ἐνεργῶν,
836 3540 911 3607 ὥς
939 3560 1103 3614 φησιν
1130 3547 1159 3599 6
1198 3547 1533 3612 Ἀπόστολος.
1555 3551 1819 3622 Καθάπερ

248 3629 359 3700 γὰρ
384 3630 445 3683 τὸ
486 3628 597 3702 πῦρ
644 3631 746 3701 τῆς
790 3632 1096 3703 ἐπιτηδείας
1140 3634 1272 3705 ὕλης
1318 3635 1653 3709 δραξάμενον
1678 3679 1694 3704 ,
1740 3642 1820 3702 είς

250 3721 383 3791 ὕψος
406 3722 548 3793 αἴρει
575 3723 673 3794 τὴν
700 3723 895 3793 φλόγα,
923 3726 1016 3779 καὶ
1042 3728 1505 3799 περιφανεστέραν
1530 3729 1627 3801 τὴν
1647 3730 1819 3802 αὐγὴν

248 3811 618 3882 ἀπεργάζεται
645 3828 658 3844 ⁸
708 3813 849 3868 οὕτω
898 3815 959 3868 τὺ
987 3816 1205 3887 Πνεῦμα
1247 3816 1308 3871 τὸ
1349 3817 1523 3886 ἅγιον,
1543 3821 1601 3873 ὲν
1628 3823 1694 3892 τῇ
1724 3822 1817 3875 τοῦ

248 3902 522 3971 Στεφάνου
557 3903 894 3974 μεγαλοφυῒᾳ
918 3905 1225 3976 γενόμενον,
1262 3906 1615 3980 ἐκδηλοτέρας
1647 3910 1817 3963 ἐποίει

246 3992 350 4057 τὰς
396 3994 619 4058 ἀκτῖνας
662 3996 762 4064 τῆς
811 3997 1051 4067 χάριτος.
1098 3999 1189 4052 Διὸ
1235 4000 1435 4065 πάντες
1474 4002 1609 4071 πρὸς
1656 4004 1817 4058 αὐτὸν

245 4085 534 4156 ἀφεώρων,
579 4089 638 4141 ἐν
681 4088 823 4152 ὅσοις
851 4084 920 4161 ἦν
949 4090 1200 4159 γνώσεώς
1248 4109 1392 4157 τινος
1434 4095 1689 4163 μετουσία
1723 4096 1818 4148 καὶ

248 4178 583 4243 παιδεύσεως
607 4196 620 4211 ·
667 4180 762 4234 καὶ
787 4181 927 4235 κατά
962 4183 1244 4246 συστάσεις
1272 4184 1321 4236 οί
1349 4185 1456 4237 τῶν
1497 4184 1700 4239 λοιπῶν
1731 4186 1817 4239 δο-

1922 3008 2126 3064 motus,
2189 3000 2489 3055 secundum
2529 3015 2654 3055 eum
2682 3000 2748 3053 ab
2779 3000 3078 3070 apostolica
3107 2999 3372 3069 dignitate
3404 3000 3490 3052 lo-

1920 3105 2045 3144 cum
2078 3090 2325 3146 obtinere
2388 3091 2698 3160 suspicetur
2728 3108 2741 3143 :
2793 3088 3049 3158 quoniam
3089 3088 3251 3143 etiam
3287 3086 3489 3144 Paulus

1927 3197 2049 3237 sese
2072 3182 2381 3258 ministrum
2414 3181 2798 3252 mysteriorum
2815 3180 3020 3235 Christi
3046 3180 3323 3250 agnoscit.ll
3348 3196 3361 3233 :
3391 3195 3491 3235 nec

1920 3260 2299 3328 univerSarum
2333 3287 2515 3327 rerum
2546 3270 2835 3325 Dominum
2867 3271 2959 3342 qui
2996 3287 3093 3340 per
3136 3286 3358 3325 carnem
3389 3270 3491 3323 hu-

1918 3379 2132 3419 manam
2180 3365 2409 3420 salutem
2443 3363 2883 3430 administrabat,
2917 3363 3214 3419 ministerii
3248 3363 3488 3417 nominis

1918 3456 2151 3525 puduit,
2207 3470 2333 3509 cum
2382 3457 2584 3509 (liceret
2621 3470 2742 3509 sese
2790 3455 2843 3522 in
2870 3454 3052 3507 medio
3086 3469 3207 3509 esse
3231 3462 3487 3523 tanquam

1920 3546 2253 3611 ministrum,
2288 3544 2381 3614 qui
2418 3544 2717 3598 divisiones
2762 3544 3190 3598 ministeriorum
3220 3543 3400 3608 eiiicit,
3432 3553 3489 3597 ιιι

1919 3635 2097 3704 inquit
2129 3633 2424 3702 Apostolus
2454 3633 2495 3685 ⁸.
2530 3632 2997 3698 Quemadmodum
3021 3633 3163 3686 enim
3195 3632 3335 3702 ignis
3366 3642 3490 3701 apta

1918 3724 2314 3792 comprehensa
2364 3723 2612 3787 materia,
2658 3722 2929 3776 ﬂammam
2969 3722 3023 3776 in
3055 3723 3224 3776 altum
3257 3723 3415 3788 tollit,
3437 3734 3490 3777 et

1919 3813 2274 3878 illustriorem
2307 3813 2654 3882 splendorem
2690 3802 2852 3867 eﬂicit
2886 3831 2898 3867 :
2934 3813 3007 3867 ita
3043 3814 3205 3867 etiam
3248 3812 3490 3884 Spiritus

1919 3913 2164 3967 sanctus.
2196 3920 2322 3965 cum
2376 3906 2431 3959 in
2468 3921 2663 3975 magna
2698 3906 2789 3959 illa
2822 3903 3081 3975 Stephani
3114 3907 3279 3959 animi
3307 3906 3492 3962 indole

1917 4005 2253 4062 versaretur,
2281 3997 2469 4067 gratiae
2502 3997 2686 4052 radios
2702 3997 2965 4051 clariores
2987 3997 3270 4054 ciiiciebat.
3288 3997 3490 4065 Quam-

1919 4090 2105 4145 obrem
2134 4104 2346 4152 onmes,
2384 4089 2439 4142 iu
2471 4089 2670 4158 quibus
2704 4088 3032 4144 eruditionis
3061 4083 3223 4160 atqtte
3249 4091 3493 4146 scientiae

1920 4181 2170 4236 nonnihil
2204 4180 2476 4245 inerat,in
2505 4196 2625 4236 sese
2661 4180 3012 4235 convertebat
3044 4196 3058 4232 :
3088 4197 3152 4234 ex
3173 4182 3239 4237 iis
3264 4184 3353 4252 qui
3381 4199 3489 4237 ca:-

247 4268 470 4333 κοῦντες
497 4270 659 4324 πλέον
696 4270 861 4341 ἔχειν,
892 4269 1001 4326 οἷον
1037 4274 1115 4336 είς
1149 4273 1431 4342 φάλαγγάς
1457 4291 1605 4336 τινας
1631 4274 1698 4326 δι’
1725 4273 1816 4327 ἀλ-

1924 4273 2058 4327 teris
2093 4282 2353 4342 prrcstare
2381 4272 2727 4337 videbantur,
2758 4272 2993 4326 coitione
3017 4280 3179 4341 atque
3208 4274 3492 4343 conspira-

247 4362 425 4434 λήλων
455 4364 972 4436 καταπυκνούμενοι,
1000 4364 1168 4427 οὕτως
1196 4365 1487 4435 ὑπομένειν
1521 4365 1818 4436 ἐπειρῶντο

246 4452 342 4507 τοῦ
386 4454 654 4523 Στεφάνου
702 4454 798 4526 τὴν
848 4456 1171 4527 προσϐολήν.
1226 4456 1284 4509 Ὀ
1323 4456 1380 4508 δὲ
1417 4459 1581 4510 πᾶσιν
1625 4457 1818 4528 ἐπίσης

247 4546 457 4617 ἄμαχος
484 4542 573 4617 ἦν,
613 4546 707 4599 καὶ
748 4547 964 4611 πολλοῖς
1015 4548 1338 4619 συμμίσγων
1381 4550 1501 4601 κατ’
1533 4548 1694 4602 αὑτὸν
1727 4549 1819 4601 καὶ

249 4635 544 4692 ἐλάττοσιν.
602 4637 689 4690 Ἐν
737 4637 911 4706 τούτῳ
946 4637 1153 4701 τοίνυν,
1211 4638 1271 4690 τὸ
1319 4637 1417 4709 μὲν
1472 4639 1815 4709 φαινόμενον,

260 4727 626 4798 Ἀλεξανδρεῖς
669 4727 763 4781 acati.
784 4720 787 4723 ’
812 4727 1110 4798 Διϐερτῖνοι
1157 4728 1251 4781 καὶ
1284 4730 1580 4801 Κυρηναῖοι
1629 4730 1723 4782 καὶ
1768 4731 1817 4781 οἱ

245 4817 584 4887 πανταχόθεν
626 4813 769 4888 ἦσαν
802 4816 1075 4887 ἄνθρωποι
1124 4820 1258 4888 πρὸς
1301 4819 1392 4872 τὸν
1432 4820 1527 4889 τῆς
1562 4818 1818 4888 ἀληθείας
1860 4846 1873 4858 -

244 4907 554 4980 ἀγωνιστὴν
612 4907 1083 4979 συμπλεκόμενοι·
1121 4908 1148 4960 6
1175 4907 1231 4961 δὲ
1257 4908 1343 4961 διὰ
1368 4909 1459 4962 τοῦ
1494 4908 1816 4979 φαινομένου

245 4998 556 5069 νοούμενος,
586 5000 615 5052 6
644 5000 829 5070 πατὴρ
853 4996 949 5052 τοῦ
975 4997 1201 5067 ψεύδους
1236 4994 1326 5070 ἦν,
1369 4999 1434 5053 δι’
1464 5000 1816 5071 ἀνθρωπίνων

244 5089 555 5162 προσώπων
583 5090 718 5161 πρὸς
748 5090 847 5160 τὴν
867 5090 924 5142 ἐν
947 5088 1026 5159 τῷ
1054 5089 1307 5158 Στεφάνῳ
1329 5089 1659 5160 λαλουμένην
1688 5090 1818 5162 ἀλή-

248 5180 402 5232 θειαν
428 5178 616 5233 ἑαυτὸν
648 5179 991 5250 ἀντεγείρων.
1042 5177 1180 5231 Ἀλλ’
1206 5180 1240 5249 ἡ
1286 5179 1385 5249 μὲν
1422 5180 1646 5252 ἀλήθεια
1679 5180 1820 5234 κατὰ

244 5269 342 5323 τοῦ
387 5269 614 5337 ψεύδους
659 5269 1055 5341 τροπαιοφόρος
1101 5265 1171 5340 ἦν
1195 5310 1210 5336 ,
1258 5269 1437 5333 καλῶς
1480 5272 1817 5343 τρεψαμένου

245 5358 342 5414 τοῦ
376 5361 644 5431 ἀριστέως
675 5363 880 5425 πάντας
921 5362 1045 5423 τοὺς
1090 5362 1499 5431 προαγωνιστὰς
1541 5363 1639 5433 τῆς
1679 5364 1821 5417 ἀπά-

245 5472 346 5529 της
372 5472 385 5486 ·
434 5454 463 5506 6
509 5452 566 5507 δὲ
611 5450 852 5514 δίακονος
884 5450 984 5520 τῆς
1010 5450 1266 5521 ἀληθείας
1303 5451 1452 5523 παρὰ
1489 5453 1583 5507 τοῦ
1622 5452 1819 5525 ἐχθροῦ

1919 4365 2067 4419 tione
2102 4363 2266 4428 facta,
2288 4365 2455 4419 veluti
2483 4366 2536 4418 in
2556 4364 2859 4436 phalangas
2887 4363 3151 4434 quasdam
3173 4364 3487 4432 constipati,

1920 4456 2000 4511 sic
2029 4456 2285 4525 impetum
2338 4457 2603 4527 Stephani
2637 4456 2908 4511 sustinere
2942 4455 3273 4508 nitebantur.
3307 4455 3373 4505 At
3404 4454 3492 4508 ille

1918 4548 2181 4603 omnibus
2200 4548 2405 4619 pariter
2428 4549 2665 4603 invictus
2696 4555 2837 4611 erat,
2876 4548 2990 4601 sive
3017 4561 3139 4600 cum
3172 4544 3357 4597 multis
3401 4560 3492 4598 so—

1919 4636 2027 4699 lus,
2063 4635 2177 4689 sive
2230 4651 2352 4689 cum
2415 4637 2604 4705 paucis
2655 4635 3099 4704 congrederetur.
3140 4632 3294 4686 Tunc
3328 4632 3492 4702 igitur

1919 4727 1974 4780 in
2035 4728 2272 4796 speciem
2326 4727 2545 4798 quidem
2606 4726 2984 4792 Alexandrini,
3030 4725 3408 4793 Libertinique
3436 4732 3491 4779 et

1918 4819 2277 4891 Cyrenenses,
2308 4822 2510 4889 quique
2547 4819 2789 4887 undique
2817 4828 3182 4872 convenerant
3218 4819 3486 4882 homines,

1918 4926 2040 4966 cum
2066 4912 2316 4966 veritatis
2374 4910 2573 4964 athleta
2624 4894 3007 4980 conﬂigebant.
3040 4907 3140 4973 Qui
3187 4917 3366 4964 autem
3396 4925 3493 4979 per

1913 5002 1969 5057 id
2003 5002 2156 5072 quod-
2212 5001 2509 5071 apparebat
2542 5001 2887 5068 intelligitur,
2944 5000 2991 5054 is
3028 5010 3182 5069 pater
3223 4999 3492 5055 mendacii

1915 5100 2052 5156 erat,
2107 5107 2202 5161 per
2255 5091 2455 5161 figuras
2498 5091 2768 5145 humanas
2816 5090 3080 5145 adversus
3135 5106 3277 5158 eam,
3307 5108 3428 5161 qua:
3457 5107 3487 5144 ιι

1918 5179 2194 5252 Stephano
2241 5179 2639 5249 proferebatur,
2686 5181 2966 5235 veritatem
3023 5180 3334 5250 insurgens.
3384 5175 3490 5237 Sed

1886 5275 2117 5329 ‘veritas
2138 5272 2354 5342 quidem
2383 5271 2449 5326 de
2485 5270 2769 5325 mendacio
2845 5279 3111 5340 tropaeum
3152 5276 3490 5341 reportabat,

1916 5380 2040 5421 cum
2072 5365 2156 5419 vir
2179 5363 2270 5418 ille
2293 5369 2553 5417 strenuus
2569 5375 2760 5415 omnes
2800 5372 3235 5431 prepugnatores
3276 5362 3493 5419 fraudis

1914 5456 1972 5510 in
2014 5454 2197 5526 fugam
2236 5454 2451 5525 egregie
2508 5451 2764 5507 vertisset
2796 5468 2809 5504 :
2844 5451 3089 5508 minister
3139 5462 3321 5511 autem
3352 5454 3494 5511 veri-

324 5636 344 5666 ²
370 5634 490 5687 Act.
529 5647 589 5697 ll,
617 5632 704 5686 41.
782 5632 802 5664 ³
833 5632 954 5688 Act.
998 5648 1081 5703 tu,
1125 5624 1245 5705 sqq.
1281 5634 1301 5667 ⁴
1374 5634 1495 5691 Act.
1522 5651 1596 5703 vt,
1630 5636 1683 5693 5.
1756 5635 1821 5690 ⁸1
1854 5634 1980 5690 Cor.
2011 5651 2085 5704 tv,
2110 5637 2161 5693 t.
2240 5638 2260 5670 ⁸
2289 5637 2501 5710 Ephcs.’
2523 5654 2597 5703 tv,
2642 5636 2730 5704 ll;
2757 5632 2776 5687 l
2803 5635 2928 5691 COr.
2967 5650 3066 5706 xu,
3101 5636 3129 5694 ιί
3162 5654 3283 5710 sqq.
