4084 6158
616 251 716 307 707
1820 248 1875 302 S.
1918 244 2245 305 GREGORII
2278 243 2567 299 NYSSENI
3772 250 3881 306 708

615 362 746 423 tatis
769 363 837 417 ab
868 362 1023 416 hoste
1043 360 1287 416 veritatis
1314 359 1530 417 insidiis
1546 361 1855 431 petebatur,
1889 360 2049 431 quasi
2078 374 2187 414 non

2316 358 2389 427 τῆς
2422 355 2679 426 ἀληθείας
2730 354 3133 420 ἐπεϐουλεύετο,
3182 355 3258 418 ὡς
3303 356 3422 427 οὐχὶ
3476 359 3727 431 φανερῶν
3773 362 3882 434 τὴν

618 451 948 523 patefaceret
975 466 1115 517 eam,
1162 467 1281 520 qua:
1333 466 1524 506 revera
1566 457 1734 517 esset,
1771 450 1868 506 sed
1898 466 2042 515 eam,
2070 465 2191 520 quae

2316 442 2477 509 ιῦσαν,
2505 445 2640 500 ἀλλὰ
2668 445 2838 498 ποιῶν
2862 445 2960 516 τὴν
2989 445 3062 516 μὴ
3094 441 3257 499 οὖσαν
3292 447 3569 519 ἀλήθειαν.
3603 451 3667 503 Τί
3697 456 3885 506 ταῦτα

619 556 725 595 non
780 549 946 601 esset,
999 537 1223 608 ﬁngeret
1282 541 1585 595 veritatem.
1622 538 1765 605 Quid
1810 539 1926 592 hac
1977 539 2191 593 moliris

2316 537 2602 609 mouet)an
2630 537 2768 589 κατὰ
2793 536 2885 589 τοῦ
2916 538 3176 615 κήρυκος,
3217 538 3352 609 πρὸς
3383 540 3474 592 τὸν
3502 540 3769 606 διάϐολον,
3800 544 3876 596 εῐ-

618 631 884 684 adversus
916 645 1220 699 praeconem
1244 671 1259 694 ,
1295 631 1361 686 ad
1389 632 1665 687 diabolum
1698 632 1965 688 dixerim?
2003 630 2062 687 Si
2097 633 2191 688 tibi

621 720 819 787 aliquae
840 726 970 774 sunt
992 719 1158 782 vires,
1189 720 1539 777 incommoda
1567 722 1803 786 veritati,
1836 739 1957 793 qua:
1986 723 2039 776 in
2073 722 2194 778 Ste-

621 809 804 879 phano
832 811 1046 879 elucet;
1076 813 1160 866 sin
1188 821 1367 867 autem
1402 814 1494 867 illa
1533 814 1645 869 tuis
1690 813 2192 869 machinationibus

618 897 909 951 sublimior
934 905 1038 961 est,
1068 900 1199 969 quid
1221 901 1367 955 circa
1394 902 1643 956 veritatis
1668 918 1764 957 vas
1800 903 2191 974 malignitatem

618 1004 864 1054 exerces,
899 998 1065 1061 atque
1088 993 1294 1048 omisso
1330 1009 1396 1048 co
1423 993 1569 1065 quod
1621 995 1953 1059 continetur,
1985 994 2134 1049 tollis
2164 1007 2196 1047 e

620 1081 799 1135 medio
828 1082 882 1136 id
916 1083 1060 1152 quod
1094 1085 1362 1158 continet,
1390 1100 1499 1140 non
1532 1101 1690 1142 secus
1714 1101 1778 1140 ac
1810 1085 1990 1141 facere
2019 1086 2195 1141 solent

626 1189 814 1240 canes,
856 1176 949 1245 qui
981 1175 1191 1245 lapides
1220 1176 1418 1245 quibus
1449 1185 1706 1246 petuntur
1738 1178 1875 1230 rictu
1912 1176 2193 1240 invadunt,

622 1276 676 1322 et
697 1282 820 1322 eum
853 1282 881 1321 a
902 1282 1010 1336 quo
1035 1278 1311 1337 petuntur,
1342 1284 1451 1323 non
1477 1268 1795 1338 attingunt?
1831 1267 2196 1338 Posteaquam

622 1358 791 1425 igitur
825 1357 1167 1413 mendacium
1204 1373 1299 1428 per
1328 1373 1390 1412 ca
1441 1373 1561 1428 quae
1599 1359 2035 1427 opponebantur,
2067 1374 2198 1411 con-

625 1445 856 1499 futatum
882 1456 1042 1515 atque
1067 1446 1377 1501 convictum
1401 1455 1538 1510 erat,
1569 1461 1669 1502 nec
1690 1462 2018 1517 queinquam
2032 1447 2196 1501 alium

625 1536 908 1606 improbus
960 1537 1051 1591 ille
1085 1546 1271 1607 postea
1298 1545 1757 1607 propugnatorem
1809 1535 2017 1592 fraudis
2051 1537 2200 1592 inve-

2292 644 2449 697 ποιμι
2476 626 2577 693 ἀν;
2611 627 2673 679 Et
2706 626 2786 679 σοί
2819 627 2902 689 τίς
2930 628 3045 679 ἐστι
3079 627 3339 698 δύναμις,
3383 629 3484 701 τὴν
3526 633 3584 685 ἐν
3627 633 3704 703 τῷ
3746 635 3876 687 Στε-

2294 719 2445 788 φάνῳ
2479 717 2679 787 βλάψον
2725 716 2983 788 ἀλήθειαν
3007 733 3022 748 °
3078 720 3124 771 εἰ
3169 719 3226 772 δὲ
3258 719 3438 791 ἐκείνη
3472 721 3581 776 τῶν
3626 723 3735 780 σῶν
3773 743 3881 796 μηο

2293 809 2619 878 χανημάτων
2658 808 2980 879 ὑψηλοτέρα,
3030 809 3083 862 τί
3121 812 3248 882 περὶ
3278 811 3339 864 τὸ
3371 812 3561 877 σκεῦος
3594 817 3691 886 τῆς
3738 818 3882 888 ἀληο

2295 898 2443 962 θείας
2501 898 2830 968 ἀπασχολεῖς
2869 900 2968 969 τὴν
3016 900 3304 955 κακόνοιαν
3330 942 3344 965 ,
3393 904 3488 956 καὶ
3530 905 3778 976 ἀναιρεῖς
3818 907 3884 961 τὺ

2295 990 2565 1061 περιέχον,
2595 988 2909 1043 καταλιπὼν
2935 990 2995 1043 τὸ
3020 991 3366 1062 ὲγκείμενον;
3401 989 3512 1047 οἷόν
3549 1013 3602 1048 τι
3627 997 3885 1051 ποιοῦσιν

2294 1081 2343 1133 oi
2367 1080 2544 1144 κύνες,
2569 1081 2694 1144 τοὺς
2719 1080 2898 1143 λίθους
2923 1076 3004 1144 οἷς
3032 1080 3310 1149 βάλλονται
3333 1085 3758 1155 περιχαίνοντες,
3781 1087 3889 1142 τοῦ

2298 1173 2581 1244 βάλλοντος
2612 1173 2710 1243 οὐχ
2740 1173 3054 1242 ἀπτόμενοι;
3103 1173 3319 1245 Ἐπειδὴ
3349 1175 3527 1228 τοίνυν
3553 1178 3883 1249 ἀπηλέγχθη

2295 1262 2383 1316 διὰ
2411 1263 2518 1315 τῶν
2549 1262 2958 1333 ἀνθισταμένων
2987 1263 3045 1315 τὸ
3071 1262 3284 1333 ψεῦδος,
3319 1265 3415 1317 καὶ
3451 1267 3632 1319 οὐκέτι
3661 1266 3774 1331 οἷός
3817 1287 3886 1323 τε

2295 1351 2363 1425 ἦν
2396 1356 2424 1405 6
2452 1354 2693 1425 Πονηρὸς
2744 1354 2900 1407 ἄλλον
2933 1355 3051 1408 τινὰ
3075 1359 3489 1428 προαγωνιστὴν
3520 1361 3617 1428 τῆς
3657 1359 3885 1430 ἀπάτης

2297 1445 2494 1514 εὑρεῖν,
2543 1445 2758 1498 πάντων
2807 1443 2943 1514 πρὸς
2985 1445 3084 1515 τὴν
3129 1446 3434 1516 φανέρωσιν
3475 1447 3574 1517 τῆς
3620 1447 3884 1518 ἀληθείας

2297 1535 2733 1600 ἀποϐλεπόντων,
2768 1536 3144 1607 ἀναμέμνηται
3176 1536 3269 1589 τοῦ
3306 1538 3434 1591 ίὸίου
3476 1539 3883 1609 παλαίσματος,

627 1628 747 1680 nire
792 1633 1051 1695 poterat,
1102 1627 1358 1682 omnibus
1405 1628 1470 1681 ad
1521 1626 1846 1696 patefactam
1912 1628 2197 1682 veritatem

2316 1629 2392 1681 ιαὶ
2435 1627 2818 1699 καταμερίσας
2842 1626 3033 1680 ἑαυτοῦ
3079 1627 3176 1697 τὴν
3223 1629 3503 1698 ἐνέργειαν
3539 1630 3620 1690 εἰς
3664 1647 3723 1682 τε
3751 1631 3883 1694 τοὺς

627 1716 1049 1786 respicientibus
1084 1755 1100 1780 ,
1143 1732 1253 1771 non
1303 1718 1647 1772 obliviscitur
1699 1718 1784 1772 sui
1843 1719 2195 1783 certaminis,

2316 1693 2665 1789 ιατηγόρους
2688 1717 2784 1770 καὶ⁸
2821 1719 2951 1781 τοὺς
2986 1693 3245 1781 δικαστάς
3268 1734 3282 1748 ·
3317 1693 3422 1771 καὶ
3453 1721 3511 1772 ὲν
3542 1721 3879 1792 ἀμφοτέροις

629 1815 794 1876 atque
822 1807 1115 1861 efﬁcaciam
1158 1822 1312 1862 suam
1341 1814 1449 1859 tam
1481 1808 1533 1860 in
1565 1815 1916 1863 accusatores
1944 1825 2105 1878 quam
2144 1810 2199 1863 in

2316 1809 2608 1879 γενόμενος,
2646 1809 2770 1872 τοὺς
2799 1809 2897 1879 μὲν
2934 1808 3111 1877 λέγειν
3137 1809 3205 1861 τὰ
3234 1808 3397 1880 ψευδῆ
3437 1810 3582 1864 κατὰ
3616 1810 3710 1864 τοῦ
3749 1813 3882 1865 Στε-

624 1897 840 1968 judices
866 1896 1115 1965 partitur,
1141 1910 1265 1950 cum
1289 1896 1536 1964 utrisque
1559 1911 1682 1951 sese
1712 1896 2066 1963 insinuasset,
2096 1896 2198 1952 hos

2316 1899 2471 1967 ράνου
2501 1900 2789 1969 προήγετο,
2837 1899 2962 1961 τοὺς
3000 1898 3055 1950 δὲ
3098 1897 3214 1968 μετ’
3246 1899 3414 1968 ὀργῆς
3469 1899 3567 1970 τὴν
3614 1916 3887 1969 συκοφαν-

629 1990 869 2059 quidem,
902 1996 961 2041 ut
985 1987 1121 2042 falsa
1151 1987 1414 2042 adversus
1442 1986 1781 2057 Stephanum
1805 1989 2071 2051 dicerent,
2102 1985 2203 2041 im-

2316 1988 2421 2040 :iav
2456 1986 2867 2060 προσδέχεσθαι.
2916 1987 3026 2041 Kal.
3064 1987 3323 2050 ποικίλως
3370 1988 3557 2041 ἑαυτὸν
3602 1991 3714 2050 τοῖς
3753 1991 3893 2042 Ἰου-

630 2081 789 2150 pulit,
818 2080 943 2134 illos
975 2094 1124 2143 vero,
1161 2086 1220 2132 ut
1240 2080 1422 2133 animo
1446 2079 1586 2134 irato
1645 2080 1975 2134 calumniam
2006 2081 2204 2134 admit-

2316 2079 2468 2141 5aior;
2502 2080 2972 2149 ἐγκατασπείρας,
3022 2079 3199 2131 πάντα
3235 2079 3441 2146 γίνεται
3485 2078 3561 2149 τῷ
3601 2080 3887 2151 Στεφάνῳ,

631 2177 831 2234 terent,
861 2169 1091 2224 induxit.
1127 2169 1372 2239 Cumque
1404 2172 1570 2225 variis
1597 2170 1774 2226 modis
1806 2174 1970 2226 etiam
1999 2170 2203 2226 Iudaeis

2316 2172 2397 2224 mi
2423 2172 2725 2242 κατήγορος
2746 2170 2838 2223 καὶ⁵
2862 2171 3143 2240 δικαστὴς,
3176 2172 3273 2224 καὶ
3298 2172 3508 2242 δήμιος,
3552 2173 3644 2224 καὶ
3669 2175 3823 2225 πᾶσα
3850 2176 3886 2244 ἡ

633 2277 756 2317 sese
788 2262 1126 2326 inseruissct,
1153 2263 1396 2315 omnium
1424 2262 1684 2317 adversus
1710 2261 2041 2331 Stephanum
2082 2261 2207 2316 fun-

2316 2260 2466 2331 λοιπὴ
2500 2259 2593 2313 τοῦ
2633 2260 2861 2314 θανάτου
2909 2261 3183 2331 ὑπηρεσία
3206 2276 3223 2291 ⁶
3273 2262 3371 2313 οὐκ
3400 2262 3557 2325 εἰδὼς
3596 2263 3694 2331 οἴῳ
3734 2263 3890 2316 πτώ-

635 2353 781 2422 gitur
807 2351 1005 2417 oﬂicio,
1040 2353 1401 2418 accusatoris,
1431 2353 1664 2422 judicis,
1695 2353 1974 2408 carniﬁcis
1993 2395 2006 2418 ,
2035 2360 2090 2409 et
2119 2369 2207 2409 re-

576 2430 583 2439 ’
637 2442 773 2511 liqui
806 2442 979 2497 totius
1002 2442 1293 2497 ministerii
1327 2443 1542 2507 mortis,
1570 2443 1831 2513 ignorans
1853 2458 1976 2497 cum
2006 2453 2208 2513 quanta

638 2533 796 2587 ruina
826 2541 949 2601 post
995 2530 1156 2584 talem
1193 2529 1456 2585 adversus
1485 2528 1822 2599 Stephanum
1856 2531 2206 2594 sententiam,

637 2639 880 2695 praeceps
914 2623 1166 2678 abiturus
1193 2631 1357 2679 esset.
1380 2621 1849 2687 Quemadmodum
1872 2623 2016 2677 enim
2049 2623 2210 2691 periti

642 2715 860 2769 athletae
878 2714 1175 2768 subeuntes
1202 2727 1404 2781 corpus
1435 2712 1874 2767 adversariorum
1904 2727 2000 2780 per
2019 2726 2212 2780 quam-

642 2804 767 2857 dam
793 2803 1140 2857 artiliciosam
1170 2803 1466 2872 agilitatem
1499 2810 1665 2871 atque
1707 2802 2064 2866 habilitatem,
2092 2816 2215 2871 gra-

643 2894 850 2947 viorem
904 2893 1115 2962 lapsum
1174 2893 1255 2946 eis
1310 2899 1568 2945 struunt:
1600 2891 1674 2945 ita
1732 2907 1961 2961 magnus
1998 2905 2217 2961 quoque

648 2984 961 3053 Stephanus
992 2983 1143 3037 humi
1178 2990 1485 3051 prostratus
1516 2984 1558 3047 ⁷,
1591 2998 1811 3054 gravem
1845 2984 1995 3037 illam
2023 2991 2216 3038 contu-
2246 3020 2288 3077 α

648 3076 857 3131 sionem
888 3073 1184 3128 adversarii
1208 3072 1459 3127 confecit.

719 3164 857 3219 lIinc
878 3165 1020 3219 enim
1045 3165 1097 3217 in
1125 3164 1312 3218 orbem
1333 3171 1605 3219 terrarum
1626 3164 1855 3234 apostoli
1870 3179 2091 3220 currere
2105 3179 2221 3219 coe-

648 3263 866 3324 perunt,
890 3254 994 3309 hoc
1018 3255 1071 3309 in
1099 3269 1289 3309 omnes
1326 3262 1511 3324 partes
1533 3254 1802 3309 sermonis
1832 3254 2221 3324 divulgationis

650 3348 865 3403 initium
900 3357 1003 3402 est.
1028 3347 1163 3401 Nam
1198 3347 1305 3401 nisi
1332 3346 1400 3400 ab
1422 3344 1566 3401 illids
1602 3346 1747 3400 caade
1767 3345 2225 3416 populusJudmo—

648 3452 770 3493 rum
786 3438 840 3492 in
855 3436 1130 3507 apostolos
1147 3436 1389 3492 saevisset
1408 3436 1451 3498 ⁸,
1471 3435 1694 3489 forsitan
1713 3436 1846 3489 solis
1866 3433 2222 3506 Jerosolymis

657 3526 929 3598 Evangelii
962 3526 1136 3597 gratia
1174 3526 1390 3581 inclusa
1430 3532 1595 3591 esset,
1628 3540 1775 3578 nunc
1804 3539 1935 3579 vero
1975 3524 2159 3594 agitati
2193 3540 2221 3579 a

646 3623 874 3688 Iudaeis,
910 3619 1051 3674 alius
1081 3619 1188 3672 alio
1210 3617 1449 3687 gentium
1481 3632 1576 3687 per
1598 3617 1784 3672 orbem
1814 3624 2080 3671 terrarum
2112 3617 2224 3673 dis-

650 3718 797 3789 persi
844 3723 992 3779 sunt,
1034 3711 1275 3780 undique
1333 3725 1431 3779 per
1477 3710 1860 3779 mysteriorum
1916 3708 2220 3763 doctrinam

650 3806 925 3861 diabolum
969 3803 1341 3856 cxturbantcs.
1374 3798 1488 3851 Iloc
1529 3799 1691 3853 modo
1722 3799 1969 3852 Samaria
2010 3815 2222 3855 sermo..

649 3912 774 3949 nem
804 3892 1036 3961 recipit;
1092 3891 1194 3942 hoc
1219 3888 1379 3941 modo
1411 3887 1589 3941 obiter
1620 3888 1674 3940 in
1701 3887 1786 3941 via
1811 3890 1959 3944 salus
1988 3889 2222 3942 eunuchi

652 3998 681 4035 a
709 3979 964 4048 Philippo
996 3976 1283 4031 conficitur
1312 3979 1332 4009 ⁹
1359 3991 1372 4027 :
1411 3976 1486 4029 ita
1526 3991 1778 4046 magnum
1812 3978 1941 4033 illud
1964 3979 2226 4034 Ecclesia:

652 4071 1076 4125 instrumentum
1112 4066 1314 4121 Paulus
1340 4066 1421 4121 ira
1456 4067 1728 4137 minisque
1748 4082 1778 4120 a
1797 4067 2013 4122 diabolo
2040 4082 2223 4122 arma-

653 4170 745 4215 tus
798 4158 1064 4214 adversus
1108 4158 1282 4227 ipsum
1339 4165 1666 4213 armatorem
1717 4158 1824 4213 tela
1865 4159 2029 4213 vertit
2060 4160 2126 4223 ¹⁰,
2157 4175 2225 4214 ex

654 4252 802 4308 omni
863 4265 986 4304 eum
1032 4251 1405 4304 exterminans
1436 4250 1569 4304 orbe
1604 4257 1893 4315 terrarum,
1928 4258 1988 4304 ut
2012 4251 2223 4305 nullum

2311 2365 2439 2418 ματι
2478 2347 2616 2418 μετά
2650 2350 2748 2418 τὴν
2773 2349 3028 2419 τοιαύτην
3055 2351 3143 2402 ἐπὶ
3170 2350 3422 2420 Στεφάνῳ
3458 2350 3635 2420 ψῆφον
3663 2368 3889 2405 κατενε-

2308 2438 2586 2510 χθήσεται.
2630 2439 2893 2510 Καθάπερ
2938 2439 3047 2512 γὰρ
3086 2443 3137 2492 oi
3189 2441 3440 2512 ἔμπειροι
3481 2442 3589 2495 τῶν
3636 2442 3892 2513 ἀθλητῶν

2311 2531 2609 2594 ὑποϐάντες
2652 2531 2731 2600 τῷ
2778 2531 2991 2601 σώματι
3021 2532 3129 2585 τῶν
3168 2532 3680 2603 προσπαλαιόντων,
3729 2533 3883 2604 χαλε-

2312 2621 2557 2692 πώτερον
2607 2623 2791 2684 αὐτοῖς
2836 2622 2925 2675 διά
2968 2636 3114 2684 τινος
3152 2622 3403 2691 τεχνικῆς
3455 2622 3776 2693 εὐστροφίας
3826 2622 3891 2676 τὸ

2313 2712 2513 2782 πτῶμα
2558 2710 3056 2775 κατασκευάζουσιν
3082 2727 3096 2741 °
3147 2711 3289 2764 οὕτω
3332 2714 3428 2766 καὶ
3464 2716 3492 2767 6
3544 2715 3717 2784 μέγας
3755 2715 3879 2768 Στέο

2314 2821 2501 2872 φανος,
2538 2806 2618 2867 είς
2646 2805 2747 2874 γῆν
2774 2803 2998 2869 κλιθεὶς,
3017 2802 3080 2856 τὸ
3095 2804 3326 2875 χαλεπὸν
3350 2804 3660 2879 σύντριμμα
3684 2808 3777 2860 τοῦ
3795 2808 3887 2862 ἀν-

2314 2895 2623 2966 τικειμένου
2662 2896 2976 2967 εἰργάσατο.

2404 3160 2682 3218 Ἐντεῦθεν
2710 3162 2816 3233 γὰρ
2850 3161 3057 3232 γίνεται
3087 3163 3197 3226 τοῖς
3230 3161 3547 3225 ἀποστόλοις
3573 3163 3666 3218 ἐπὶ
3689 3163 3788 3234 τὴν
3814 3164 3890 3220 ol-

2322 3253 2592 3322 κουμένην
2625 3255 2653 3306 6
2696 3252 2919 3323 δρόμος·
2970 3252 3111 3321 αὕτη
3160 3254 3257 3323 τῆς
3302 3253 3573 3324 πανταχοῦ
3605 3253 3699 3306 τοῦ
3732 3255 3891 3323 λόγου

2322 3343 2711 3413 διαφοιτήσεως
2763 3345 2795 3413 ἡ
2841 3336 3006 3413 ἀρχῆ.
3062 3344 3126 3396 Ei
3155 3343 3264 3414 γάρ
3305 3345 3377 3414 μὴ
3420 3347 3485 3412 τῇ
3530 3347 3650 3397 κατ’
3684 3347 3891 3400 ἐκείνου

2327 3434 2606 3506 μιαιφονία
2629 3435 2658 3486 ὁ
2694 3433 2865 3504 δῆμος
2901 3435 3008 3489 τῶν
3050 3436 3313 3489 Ἰουδαίων
3356 3437 3494 3490 κατὰ
3528 3437 3637 3489 τῶν
3666 3439 3898 3494 ἀποστό-

2323 3526 2427 3580 λων
2471 3525 2643 3596 έμάνη
2669 3564 2684 3589 ,
2740 3524 2921 3594 μόνοις
2977 3526 3044 3580 ἂν
3091 3527 3230 3596 τάχα
3285 3527 3679 3598 Ἱεροσολύμοις
3728 3529 3763 3598 ἡ
3802 3527 3893 3582 τοῦ

2323 3615 2653 3686 Εὑαγγελίου
2678 3616 2836 3687 χάρις
2865 3615 3240 3669 ὲναπεκλείετο
3264 3632 3280 3646 ⁸
3327 3618 3443 3672 νυνὶ
3487 3618 3543 3670 δὲ
3576 3618 3893 3688 διωχθέντες

2325 3708 2476 3779 παρά
2503 3708 2607 3760 τῶν
2648 3706 2932 3770 Ἰουδαίων,
2968 3706 3124 3770 ἄλλος
3160 3707 3367 3777 ἀλλαχῆ
3394 3707 3499 3760 τῶν
3526 3707 3662 3760 κατὰ
3688 3709 3792 3777 τὴν
3821 3710 3896 3761 oi-

2324 3798 2593 3867 κουμένην
2632 3796 2801 3848 ἐθνῶν
2843 3795 3129 3867 διεσπάρη,
3167 3796 3499 3866 πανταχόθεν
3537 3795 3625 3848 τὸν
3650 3795 3893 3851 διάϐολον

2324 3886 2411 3939 διά
2427 3886 2527 3955 τῆς
2551 3885 2658 3939 τῶν
2678 3886 2986 3956 μυστηρίων
3010 3885 3353 3947 διδασκαλίας
3368 3885 3721 3958 ἐξείργοντες.
3743 3887 3893 3941 Οὕτω

2323 3976 2536 4046 δέχεται
2558 3976 2648 4029 τὸν
2672 3976 2825 4044 λόγον
2859 3978 2891 4046 ἠ
2926 3976 3205 4046 Σαμάρεια
3231 3994 3244 4007 ·
3275 3976 3446 4040 οὓτως
3471 3976 3590 4030 ὁδοῦ
3621 3979 3892 4049 πάρεργον

2324 4070 2358 4139 ἡ
2387 4069 2479 4122 τοῦ
2505 4069 2755 4138 εὐνούχου
2791 4068 3031 4139 σωτηρία
3058 4068 3209 4138 παρὰ
3230 4068 3321 4122 τοῦ
3352 4070 3618 4123 Φιλίππου
3655 4072 3892 4138 γίνεται·

2324 4160 2467 4214 οὕτω
2494 4162 2555 4213 τὸ
2590 4160 2733 4231 μέγα
2766 4159 2957 4221 σκεῦος
2981 4160 3079 4228 τῆς
3117 4159 3443 4231 Ἐκκλησίας
3483 4161 3714 4228 Παῦλος,
3739 4162 3891 4232 θυμῷ

2326 4252 2418 4305 καὶ
2448 4251 2644 4322 ἀπειλῇ
2673 4250 2822 4322 παρά
2855 4250 2948 4303 τοῦ
2979 4251 3220 4304 διαϐόλου
3253 4252 3649 4315 καθοπλισθεὶς,
3686 4256 3771 4306 ἐπ’
3799 4254 3882 4307 αὑο

655 4346 990 4414 relinqueret
1045 4342 1221 4397 locum
1281 4342 1404 4396 fidei
1450 4341 1654 4397 Christi
1689 4342 2053 4397 inaccessum.
2086 4341 2216 4398 IIinc

2328 4344 2418 4397 τὸν
2463 4344 2654 4414 τρέπει
2700 4343 2791 4396 τὸν
2839 4342 3063 4411 ὁπλίτην
3103 4343 3204 4406 τὰς
3246 4344 3471 4409 ἀκίδας,
3515 4345 3697 4414 πάσης
3734 4345 3889 4399 αὐτὸν

653 4436 915 4508 Egyptii,
977 4433 1121 4505 Syri,
1176 4433 1383 4497 Parthi,
1432 4441 1486 4488 et
1523 4432 1971 4502 Mesopotamitze,
2003 4434 2124 4488 Itali
2172 4443 2227 4489 et

654 4528 815 4592 Galli,
849 4526 1045 4597 Illyrii,
1082 4525 1404 4580 Macedones
1454 4525 1731 4580 Christum
1796 4534 2120 4593 agnoscunt,
2174 4535 2229 4583 et

655 4636 847 4675 omnes
876 4619 1116 4687 undique
1149 4626 1338 4686 gentes
1396 4631 1576 4672 sermo
1607 4631 1934 4687 percurrens
1970 4619 2035 4672 ad
2067 4620 2226 4674 fidem

656 4709 899 4763 adducit.
928 4708 1093 4763 Vides
1109 4707 1367 4776 Stephani
1395 4706 1704 4761 athleticam
1723 4706 2044 4761 scientiam?
2066 4723 2226 4777 quam

658 4801 841 4855 multis
878 4799 1058 4855 ruinis
1089 4800 1326 4854 obtritus
1356 4800 1427 4855 sit
1454 4799 1821 4861 adversarius,
1853 4814 1975 4853 cum
2007 4814 2103 4869 per
2138 4813 2230 4853 ca-

656 4891 917 4945 lumniam
947 4890 1265 4944 adversario
1294 4889 1544 4958 superior
1591 4888 1760 4944 fuisse
1788 4888 2100 4944 videretur?
2126 4886 2231 4943 Vc-

656 4994 776 5033 rum
815 4979 879 5031 ad
917 4980 1155 5033 stadium
1187 4978 1366 5033 denuo
1408 4987 1768 5034 revertamur.
1810 4978 2018 5046 Quibus
2050 4980 2231 5034 verbis

659 5071 921 5141 populum
941 5070 1221 5124 concitant
1241 5067 1710 5125 calumniatores?
1732 5069 1858 5124 Non
1889 5071 2109 5133 desinit,
2145 5073 2231 5124 in-

660 5162 875 5232 quiunt,
926 5161 1080 5215 verba
1132 5161 1509 5215 contumeliosa
1568 5161 1708 5229 loqui
1767 5161 2014 5216 adversus
2058 5162 2230 5215 locum

660 5253 794 5306 hunc
817 5262 1057 5306 sanctum
1090 5263 1138 5305 et
1169 5251 1330 5321 legem
1361 5267 1380 5304 :
1418 5249 1712 5305 audivimus
1749 5253 1887 5305 enim
1916 5267 1981 5306 ex
2004 5269 2085 5316 ρο,
2113 5269 2231 5305 cum

659 5341 883 5406 diceret,
907 5341 1061 5397 Iesus
1103 5341 1156 5395 Ν
1162 5359 1421 5397 azarenus
1448 5345 1530 5398 hic
1552 5343 1862 5399 demolietur
1880 5344 2052 5397 locum
2071 5343 2227 5409 hunc,

661 5443 709 5487 et
733 5434 955 5487 mutabit
978 5435 1243 5541 iustituta,
1261 5452 1377 5505 quae
1408 5436 1557 5490 nobis
1575 5435 1794 5490 tradidit
1815 5434 2093 5504 Moyses”.
2121 5435 2230 5489 Ac-

734 5608 755 5639 '
781 5609 901 5662 Act.
931 5623 1027 5673 vu,
1063 5607 1153 5663 59.
1227 5610 1248 5642 ⁸
1276 5610 1414 5665 Ibid.
1490 5612 1510 5642 ’
1537 5612 1658 5664 Act.
1692 5625 1811 5676 vm,
1834 5610 1901 5663 ‘27
1935 5627 2058 5681 sqq.

2330 4433 2665 4505 ὑπερορίζων
2696 4434 2795 4500 τῆς
2823 4431 3166 4501 οἰκουμένης,
3194 4431 3270 4494 ὡς
3302 4430 3506 4502 μηδένα
3534 4433 3697 4485 τόπον
3723 4449 3876 4485 κατα-

2330 4524 2501 4575 λιπεῖν
2539 4525 2604 4593 τῇ
2638 4521 2815 4574 πίστει
2844 4520 2938 4573 τοῦ
2975 4520 3208 4592 Χριστοῦ
3235 4521 3578 4576 ἀνεπίϐατον.
3620 4521 3887 4575 Ἐντεῦθεν

2328 4614 2633 4680 Αἰγύπτιοι,
2664 4612 2847 4681 Σύροι,
2885 4611 3088 4681 Πάρθοι
3128 4612 3224 4663 καὶ
3253 4612 3716 4682 Μεσοποταμῖται,
3760 4613 3889 4666 Ἰτα-

2329 4707 2410 4760 λοὶ
2443 4706 2537 4760 καὶ
2573 4703 2830 4769 Γαλάται,
2861 4702 3127 4774 Ἰλλυριοὶ,
3163 4703 3468 4767 Μακεδόνες
3491 4745 3505 4769 ,
3545 4704 3639 4759 καὶ
3672 4703 3740 4757 τὰ
3766 4722 3896 4758 παν-

2326 4797 2551 4867 ταχόθεν
2582 4795 2707 4863 ἔθνη
2738 4793 3002 4864 προσάγει
3033 4796 3099 4864 τῇ
3137 4793 3316 4846 πίστει
3337 4793 3628 4865 διατρέχων
3660 4796 3691 4847 ὁ
3722 4795 3893 4863 λόγος.

2340 4891 2498 4961 Ὁρᾷς
2512 4886 2604 4941 τοῦ
2623 4885 2898 4954 Στεφάνου
2914 4885 3012 4955 τὴν
3028 4885 3323 4955 ἀθλητικὴν
3338 4886 3643 4955 ἐπιστήμην
3667 4903 3682 4949 ;
3716 4887 3897 4948 πόσοις

2331 4980 2617 5053 συνετρίϐη
2676 4978 2959 5048 πτώμασιν
3005 4978 3034 5029 6
3067 4976 3393 5041 ἀντίπαλος,
3452 4974 3608 5040 δόξας
3665 4976 3757 5029 διὰ
3800 4977 3894 5046 τῆς

2333 5068 2688 5137 συκοφαντίας
2713 5067 3008 5137 ὑπέρτερος
3029 5066 3123 5119 τοῦ
3146 5064 3607 5135 προσ-παλαίοντος
3626 5066 3892 5133 γενέσθαις

2344 5159 2481 5213 Ἀλλ’
2512 5156 2893 5225 ἐπανέλθωμεν
2925 5156 3086 5210 πάλιν
3116 5156 3209 5208 ἐπὶ
3233 5156 3291 5208 τὸ
3322 5156 3550 5210 στάδιον.
3578 5156 3702 5209 Τίσι
3728 5157 3895 5224 λόγοις

2331 5250 2645 5306 ἀνακινοῦσι
2672 5249 2763 5302 τὸν
2799 5248 2966 5319 δῆμον
3001 5250 3050 5300 οἱ
3095 5248 3458 5317 συκοφάνται;
3511 5250 3594 5303 Οὐ
3629 5250 3891 5313 παύεται,

2333 5344 2486 5413 φασὶ,
2518 5339 2726 5397 λαλῶν
2753 5340 2992 5408 ῥήματα
3013 5339 3355 5408 βλάσφημα
3388 5340 3539 5394 κατὰ
3574 5340 3683 5393 τοῦ
3715 5343 3896 5394 τόπου

2331 5436 2436 5490 τοῦ
2464 5435 2634 5505 ἁγίου
2661 5433 2875 5488 τούτου
2904 5432 3002 5487 καὶ
3027 5430 3132 5486 τοῦ
3156 5431 3344 5500 νόμου
3369 5448 3384 5464 ·
3425 5432 3766 5501 ἀκηκόαμεν
3792 5430 3895 5501 γὰρ

2138 5611 2200 5674 ¹⁰,
2218 5611 2339 5667 Act.
2382 5625 2475 5679 vn,
2506 5607 2596 5664 57.
2650 5608 2716 5681 _“
2754 5604 2895 5663 Ibid.
2934 5605 2993 5660 ll
3030 5620 3150 5677 sqq.
