4084 6158
391 324 489 384 7-19

1688 324 1755 378 IN
1796 321 1851 379 S.
1909 321 2347 383 STEPHANUM.

3544 329 3645 385 7l0

384 442 574 498 αὐτοῦ
600 442 907 512 λέγοντος,
951 442 1042 496 ὅτι
1087 440 1317 509 Ἰησοῦς
1343 445 1376 495 ό
1427 440 1755 512 Ναζωραῖος
1788 435 1965 505 οὗτος

2068 444 2283 498 cusatio
2346 443 2563 513 quidem
2630 444 2829 500 diaboli
2889 451 3165 500 oratorum
3222 444 3346 500 talis
3383 451 3487 500 est.
3538 446 3646 502 Sed

384 537 718 588 καταλύσει
750 534 858 588 τὸν
883 536 1068 588 τόπον
1094 533 1328 597 τοῦτον,
1368 532 1467 585 καὶ
1490 532 1743 597 ἀλλάξει
1769 531 1841 584 τὰ
1861 531 1966 598 ἔθη

389 625 426 679 ἅ
449 624 793 693 παρέδωκεν
816 625 962 694 ἡμῖν
985 625 1269 694 Μωῦσῆς.
1313 625 1376 678 Ἦ
1408 625 1507 695 μὲν
1535 621 1629 678 οὖν
1665 621 1968 694 κατηγορία

382 714 491 767 τῶν
546 713 640 768 τοῦ
698 715 944 768 διαϐόλου
1002 716 1247 788 ρητόρων
1308 715 1552 787 τοιαύτη.
1626 715 1693 767 Ἡ
1751 714 1808 767 δὲ
1858 713 1967 767 τῶν

385 806 693 860 ἀκουόντων
740 808 895 861 ἄνοια
938 809 1056 876 τίς;
1121 810 1247 863 Ἐπὶ
1297 810 1404 863 τίνι
1462 807 1843 879 χαλεπαίνουσι
1888 805 1967 879 τῷ

386 898 855 968 κατηγορηθέντι;
934 899 1056 953 τίνα
1112 899 1309 954 κακίαν
1368 902 1426 953 ὲν
1492 902 1604 963 τοῖς
1656 898 1967 970 εἰρημένοις

386 986 712 1059 ὲφώρασανς
741 990 820 1043 Τά
846 989 944 1059 μὲν
959 989 1067 1062 γὰρ
1094 991 1476 1066 προφερόμενα
1497 992 1615 1044 κατ’
1645 990 1833 1057 αὑτοῦ,
1856 989 1966 1043 τῶν

387 1077 678 1149 ὲσύστερον
711 1078 1093 1149 ἐκϐησομένων
1126 1074 1214 1149 ἦν.
1264 1081 1511 1149 Ἐφησαν
1538 1081 1646 1153 γὰρ
1680 1081 1841 1135 αὑτὸν
1885 1081 1966 1133 εἰ-

393 1170 639 1240 ρηκέναι,
672 1170 763 1224 τὸν
801 1170 964 1224 τόπον
993 1171 1489 1243 καταλυθήσεσθαι,
1524 1174 1621 1227 καὶ
1659 1174 1728 1227 τά
1762 1173 1967 1244 νόμιμα

387 1259 482 1312 τοῦ
508 1260 781 1324 Μωῦσέως
813 1262 1292 1333 μετατεθήσεσθαι.
1318 1264 1384 1316 Τί
1409 1259 1499 1317 οὖν
1533 1266 1589 1318 ὲν
1616 1264 1826 1328 τούτοις
1849 1264 1966 1316 ἐστὶ

388 1352 448 1404 τὸ
478 1352 741 1423 ἀδίκημα,
775 1351 875 1406 κάν
901 1352 1159 1427 ἀληθεύῃ,
1189 1354 1291 1409 κᾶν
1318 1355 1615 1428 ψεύδηταις
1645 1358 1708 1410 Et
1736 1357 1833 1427 μὲν
1855 1355 1964 1427 γὰρ

386 1442 662 1511 ψεύδεται,
691 1443 753 1497 τὸ
780 1444 981 1497 λυποῦν
1007 1448 1108 1499 οὒκ
1134 1447 1426 1518 ἐκϐήσεται
1450 1465 1463 1478 ο
1514 1450 1563 1501 εί
1596 1449 1653 1502 δὲ
1691 1449 1961 1518 ἀληθεύει,

386 1538 441 1591 τί
484 1537 660 1591 ἀδικεῖ
700 1538 729 1590 6
773 1537 929 1606 λόγος
970 1539 1301 1610 προμηνύων
1327 1541 1425 1611 τὴν
1459 1541 1712 1609 ἕκϐασιν;
1747 1543 1826 1595 Τά
1856 1542 1963 1614 γὰρ

388 1629 667 1699 γινόμενα,
690 1629 905 1693 πάντως
932 1630 1225 1700 ἐκϐήσεται
1252 1633 1345 1685 καὶ
1364 1632 1710 1697 σιωπώντων,
1736 1635 1831 1687 καὶ
1854 1636 1926 1705 μή
1948 1649 1961 1662 ·

389 1721 418 1772 6
445 1718 500 1771 δὲ
532 1718 689 1786 φόνος
736 1717 830 1770 τοῦ
860 1720 1328 1789 προμηνύσαντος,
1376 1725 1497 1776 τίνα
1530 1724 1683 1794 φέρει
1716 1720 1839 1777 τῶν
1870 1725 1960 1777 λυ-

390 1809 635 1862 πούντων
655 1808 974 1879 διόρθωσιν;
1022 1808 1174 1876 Εἶτα,
1206 1818 1590 1885 κατηγορεῖται
1623 1815 1718 1885 μὲν
1762 1796 1965 1886 Ἰησοῦς

388 1902 418 1954 6
461 1899 779 1971 Ναζωραῖος
816 1917 829 1931 '
879 1902 913 1972 ή
958 1902 1013 1954 δὲ
1054 1905 1155 1971 τῆς
1196 1906 1465 1977 τιμωρίας
1504 1907 1701 1977 ψῆφος,
1736 1907 1829 1960 ἐπὶ
1876 1907 1966 1960 τὸν

387 1991 658 2059 Στέφανον
692 1991 936 2060 φέρεται.
987 1993 1094 2045 Καί
1142 2011 1223 2047 τοι
1265 1997 1313 2047 εί
1366 1998 1394 2048 6
1448 1996 1648 2050 ἀδικῶν
1690 1999 1831 2049 κινεί
1867 1998 1965 2069 τὴν

387 2082 578 2152 ὀργὴν,
626 2081 867 2153 ἀδίκημα
896 2083 954 2135 δέ
995 2084 1163 2149 ἐστιν,
1194 2086 1227 2155 ἡ
1253 2084 1347 2138 τοῦ
1376 2086 1540 2139 τόπου
1572 2087 1664 2141 καὶ
1694 2087 1802 2141 τῶν
1829 2088 1966 2143 ἐθῶν
2018 2136 2025 2139 .

391 2170 747 2240 μεταποίησις
769 2187 783 2201 ·
816 2170 987 2228 ταῦτα
1009 2171 1064 2224 δὲ
1083 2173 1141 2225 οὑ
1165 2172 1315 2243 παρά
1340 2175 1634 2244 Στεφάνου,
1657 2176 1793 2229 ἀλλὰ
1815 2177 1967 2247 παρά

400 2261 574 2331 Ἰησοῦ
616 2262 862 2331 γίνεσθαί
908 2280 1072 2332 φησιν
1108 2265 1137 2316 ὁ
1178 2266 1481 2335 κατήγορος
1505 2307 1519 2330 ,
1569 2269 1660 2320 ἐπὶ
1703 2268 1792 2322 τὸν
1833 2287 1965 2323 κατ-

395 2353 738 2425 ηγορηθέντα
765 2354 981 2417 πάντως
1009 2355 1110 2407 ἔδει
1129 2356 1493 2423 συγκινεῖσθαι
1517 2358 1579 2410 τὸ
1602 2358 1963 2431 δικαστήριον.

389 2444 453 2495 Ὢ
479 2444 578 2513 τῆς
597 2443 782 2496 ἀδίκου
804 2443 913 2497 τῶν
939 2445 1240 2500 ἀκουόντων
1266 2445 1476 2516 ψήφουῑ
1520 2447 1756 2521 Ἐπειδὴ,
1781 2453 1963 2520 φησὶν,

387 2533 416 2586 6
458 2532 661 2605 Ἰησοῦς
701 2535 1052 2606 μεταποιήσει
1082 2535 1206 2598 τοὺς
1232 2534 1450 2604 νόμους,
1493 2537 1914 2611 καταλευσθήτω
1940 2546 1968 2597 6

387 2626 677 2696 Στέφανος.
706 2627 830 2691 Πῶς
871 2627 928 2680 δὲ
961 2626 1249 2680 καταλύσει
1286 2627 1377 2679 τὸν
1415 2626 1579 2698 νόμον
1610 2631 1638 2682 6
1680 2631 1906 2700 Ἰησοῦς,
1940 2636 1968 2687 6

386 2717 558 2781 οὕτως
582 2718 721 2788 ἔχων
756 2719 883 2788 περὶ
916 2718 1005 2771 τὸν
1034 2718 1215 2787 νόμον,
1251 2718 1279 2770 6
1308 2719 1486 2773 πάντα
1514 2721 1649 2791 πρὸς
1677 2721 1968 2791 βεϐαίωσιν

385 2809 496 2862 τῶν
542 2808 785 2879 ἀρχαίων
836 2809 1224 2878 νομοθετήσας,
1276 2809 1306 2860 6
1344 2807 1550 2861 εἰπών·
1610 2814 1731 2865 Οὐκ
1778 2809 1969 2882 ἦλθον

387 2900 722 2954 καταλῦσαι
750 2899 853 2951 τὸν
877 2898 1083 2966 νόμον,
1109 2896 1268 2951 ἀλλὰ
1302 2897 1638 2965 πληρῶσαι·
1670 2902 1697 2952 6
1724 2901 1815 2954 τὸν
1841 2903 1968 2973 περὶ

389 2984 485 3036 τοῦ
540 2985 611 3054 μὴ
661 2984 915 3053 φονεῦσαι
953 2984 1114 3054 νόμον
1140 3025 1155 3049 ,
1211 2983 1299 3037 διὰ
1344 2984 1435 3037 τοῦ
1490 2987 1623 3056 μηδὲ
1662 2989 1759 3058 τὴν
1793 2990 1968 3061 ἀρχὴν

388 3076 706 3147 ὀργισθῆναι
738 3079 847 3139 τοῖς
876 3076 1143 3146 μαθηταῖς
1175 3074 1501 3147 βεϐαιώσας,
1549 3081 1577 3131 6
1606 3083 1671 3151 τῇ
1704 3082 1967 3154 ἐπιθυμίᾳ

391 3166 732 3220 συνεκϐαλὼν
788 3167 886 3237 τὴν
924 3167 1191 3237 μοιχείαν,
1240 3167 1269 3218 6
1304 3167 1391 3220 διὰ
1427 3168 1520 3221 τοῦ
1551 3170 1624 3240 μὴ
1653 3170 1962 3240 ἀμύνασθαι

314 3268 325 3278 ’
387 3258 478 3312 τὸν
503 3259 949 3331 προλελυπηκότα
974 3260 1250 3326 κελεῦσαι,
1285 3261 1346 3314 τὸ
1378 3262 1511 3333 μηδὲ
1541 3264 1731 3333 ἄρχειν
1767 3267 1966 3337 χειρῶν

387 3349 586 3403 ἀδίκων
608 3349 994 3421 νομοθετήσας,
1025 3353 1053 3403 6
1078 3351 1165 3409 διὰ
1191 3352 1289 3423 τῆς
1317 3353 1426 3404 τῶν
1456 3354 1771 3424 προσόντων
1807 3376 1969 3429 μετα-

387 3440 582 3504 δόσεως
608 3441 672 3493 τὸ
703 3441 843 3494 κατά
875 3440 1185 3507 πλεονεξίαν
1216 3442 1385 3508 πάθος
1421 3444 1751 3516 ὑπερορίσας
1776 3464 1789 3512 ;

458 3532 582 3596 Πῶς
606 3528 697 3587 οὖν
722 3532 842 3586 οὔτε
873 3534 1249 3605 ἐμνημονεύθη
1282 3534 1473 3603 ταῦτα,
1514 3534 1637 3590 οὔτε
1671 3540 1966 3611 συνεξητά-

390 3621 491 3691 σθη
523 3624 589 3692 τῇ
626 3622 841 3693 κρίσει;
905 3623 1233 3694 Ἐϐουλόμην
1276 3624 1369 3678 νῦν
1416 3627 1668 3696 παρεῖναί
1717 3645 1807 3699 μοι
1856 3629 1966 3682 τῶν

391 3713 696 3784 μιαιφόνων
742 3713 967 3768 ἐκείνων
999 3714 1267 3769 δικαστῶν
1293 3715 1353 3768 τὸ
1391 3717 1683 3787 συνέδριον,
1735 3721 1831 3772 καὶ
1863 3738 1965 3791 μαι

388 3802 501 3856 θεῖν
531 3804 662 3875 περὶ
696 3804 803 3858 τῶν
845 3804 1025 3857 τόπων
1062 3805 1202 3875 ὑπὲρ
1236 3799 1311 3859 ὧν
1337 3806 1759 3877 χαλεπαίνουσι,
1809 3812 1911 3865 ποῦ
1938 3813 1965 3866 ὁ

386 3894 649 3966 διώνυμος
672 3896 875 3956 ἐκεῖνος
894 3896 1038 3961 ναὸς,
1068 3896 1169 3949 ποῦ
1192 3896 1262 3949 τὰ
1287 3898 1656 3970 ἀπιστούμενα
1677 3902 1784 3955 τῶν
1805 3904 1966 3957 λίθων

390 3985 618 4057 μεγέθη,
651 3986 754 4038 ποῦ
780 3985 839 4039 τὸ
870 3985 1092 4056 χρυσίον
1128 3987 1304 4039 ἐκεῖνο
1331 3988 1392 4039 τὸ
1426 3990 1491 4058 τῇ
1524 3988 1681 4060 λοιπῇ
1713 3990 1812 4061 ὕλῃ
1839 3992 1966 4062 περὶ

387 4078 478 4130 τὸν
521 4078 647 4130 ναὸν
694 4076 891 4148 μικροῦ
936 4077 1043 4130 δεῖν
1097 4077 1433 4143 ἰσοστάσιον,
1484 4079 1587 4131 ποῦ
1633 4082 1690 4132 αἱ
1747 4083 1965 4153 νόμιμοι

392 4169 713 4240 ἱερουργίαι,
738 4171 765 4221 ὁ
801 4169 972 4240 κριὸς,
1008 4171 1036 4222 ὁ
1065 4169 1282 4238 μόσχος,
1316 4171 1343 4221 ὁ
1365 4169 1555 4238 ἀμνὸς,
1590 4173 1621 4242 ἡ
1654 4171 1900 4242 δάμαλις,
1929 4178 1960 4244 ἡ

391 4260 706 4330 περιστερὰ,
744 4262 778 4331 ἡ
823 4258 1058 4331 τρυγὼν,
1095 4260 1123 4311 6
1165 4260 1551 4328 ἀποπομπαῖος
1584 4261 1855 4333 χίμαρος;
1903 4266 1964 4317 Εἰ

388 4351 476 4404 διὰ
504 4351 659 4403 τοῦτο
684 4351 907 4404 θάνατον
938 4349 1031 4403 τοῦ
1063 4349 1336 4417 Στεφάνου
1364 4350 1848 4420 καταψηφίζονται,
1878 4353 1963 4405 ἵνα

2069 551 2320 605 quaenam
2370 546 2456 592 est
2498 538 2836 593 audientium
2885 538 3352 608 amentia?Cujus
3395 539 3647 593 criminis

2068 627 2294 681 nomine
2325 625 2380 680 in
2414 637 2735 683 accusatum
2775 628 3037 683 saeviunt?
3069 643 3230 698 quam
3261 628 3556 698 nequitiam
3590 627 3645 681 iu

2070 719 2159 774 his
2200 719 2385 775 verbis
2416 720 2934 791 deprehenderunt?
2968 722 3105 774 Nam
3144 736 3266 791 qua:
3297 720 3516 790 quidem
3552 718 3649 772 ad-

2069 822 2262 863 versus
2320 823 2441 863 eum
2491 809 2927 878 proferebantur,
2966 808 3019 862 in
3068 818 3347 879 posterum
3387 817 3647 862 eventura

2066 904 2244 951 erant.
2260 896 2491 951 Aiebant
2505 898 2647 951 enim
2671 912 2792 952 eum
2810 896 3015 952 dixisse
3031 898 3207 951 locum
3222 912 3469 952 eversum
3488 895 3577 960 iri,
3595 901 3650 949 et

2068 987 2319 1043 instituta
2352 987 2517 1042 Mosis
2552 995 2946 1042 commutatum
2978 987 3071 1041 iri.
3109 986 3263 1052 Quod
3288 986 3454 1056 igitur
3478 984 3647 1037 malc-

2066 1076 2251 1131 ﬁeium
2278 1077 2331 1131 iu
2364 1077 2449 1131 his
2485 1077 2669 1133 verbis
2691 1079 3028 1141 continetur,
3052 1079 3167 1132 sive
3191 1092 3339 1143 vera,
3372 1078 3488 1133 sive
3510 1076 3649 1129 falsa

2066 1167 2373 1236 loquatur?
2401 1166 2535 1222 Nam
2572 1169 2617 1223 si
2654 1168 2872 1237 quidem
2922 1169 3207 1233 mentitur,
3243 1169 3293 1223 id
3323 1167 3467 1238 quod
3498 1168 3651 1236 angit

2065 1265 2120 1313 et
2154 1261 2296 1315 male
2343 1260 2527 1324 habet,
2561 1276 2670 1315 non
2702 1264 2915 1316 eveniet
2955 1280 2967 1315 :
3005 1261 3088 1316 sin
3118 1270 3298 1315 autem
3331 1277 3457 1315 vera
3487 1261 3646 1322 dicit,

2065 1365 2313 1420 quaenam
2358 1353 2501 1409 inest
2538 1353 2737 1422 injuria
2769 1352 3042 1425 (sermoni,
3077 1367 3186 1422 quo
3220 1352 3536 1424 praedicitur
3592 1354 3647 1406 id

2065 1443 2212 1513 quod
2248 1453 2571 1499 eventurum
2626 1445 2735 1500 sit?
2767 1445 2901 1499 Nam
2928 1461 3051 1516 qua:
3079 1445 3233 1507 liunt,
3271 1460 3498 1514 prorsus
3530 1461 3651 1500 cve-

2065 1534 2240 1599 nient,
2270 1535 2385 1590 sive
2412 1537 2692 1600 sileamus,
2716 1538 2829 1592 sive
2859 1539 3184 1607 loquamur:
3210 1542 3264 1588 at
3302 1535 3477 1590 caedes
3507 1551 3647 1605 prte-

2066 1622 2298 1679 dicentis
2329 1641 2491 1694 quam
2518 1625 2674 1680 alfert
2706 1627 3174 1681 incommodorum
3208 1627 3650 1682 correctionem?

2068 1715 2270 1769 Deinde
2328 1725 2618 1771 accusatur
2655 1718 2874 1787 quidem
2927 1716 3087 1773 Jesus
3126 1716 3442 1771 Nazarenus
3472 1737 3485 1771 :
3521 1734 3648 1773 sen-

1995 1788 2039 1842 Β
2070 1807 2234 1860 tentia
2256 1819 2459 1870 autem,
2477 1822 2584 1876 qua
2600 1822 2759 1877 pmna
2778 1815 2941 1878 atque
2963 1809 3290 1878 supplicium
3313 1809 3645 1876 decernitur,

2069 1898 2334 1955 adversus
2368 1899 2705 1970 Stephanum
2742 1899 2933 1957 fertur.
2970 1901 3135 1971 Atqui
3166 1901 3211 1956 si
3245 1902 3312 1963 is,
3349 1901 3441 1971 qui
3473 1901 3651 1955 delin-

2068 1993 2206 2061 quit,
2250 1992 2386 2045 iram
2418 2002 2599 2046 movet
2628 2001 2679 2047 et
2704 1992 2921 2047 crimini
2945 1993 3104 2047 datur
3146 1993 3249 2047 loci
3285 2000 3339 2047 et
3369 1992 3652 2046 instituto-

2068 2096 2189 2135 rum
2225 2083 2490 2149 mutatio;
2522 2091 2685 2152 atque
2709 2082 2827 2137 haec
2840 2090 3127 2136 accusator
3157 2097 3267 2136 non
3292 2096 3321 2134 a
3349 2080 3647 2151 Stephano,

2069 2174 2162 2231 sed
2199 2176 2269 2229 ab
2310 2173 2439 2230 Jesu
2483 2175 2598 2231 ﬁeri
2649 2175 2783 2229 dicit
2815 2194 2826 2228 :
2856 2175 3119 2230 adversus
3146 2180 3462 2229 accusatum
3492 2188 3652 2243 pror-

2069 2281 2165 2321 sus
2195 2266 2527 2319 commoveri
2581 2264 2797 2335 judices
2829 2264 3133 2335 oportebat.
3167 2268 3208 2317 0
3255 2264 3514 2334 injustam
3552 2280 3650 2319 au-
3742 2334 3747 2337 ἱ

2068 2357 2331 2411 dientium
2348 2358 2692 2412 sententiam!
2720 2357 3009 2423 Quoniam,
3023 2358 3220 2426 inquit,
3239 2354 3399 2411 Jesus
3416 2356 3650 2411 mutabit

2070 2449 2237 2519 leges,
2260 2450 2532 2518 lapidetur
2573 2447 2905 2519 Stephanus.
2935 2448 3224 2515 Quomodo
3252 2456 3435 2502 autem
3474 2449 3648 2517 legem

2068 2541 2228 2596 Jesus
2262 2541 2570 2611 ahrogabit,
2602 2542 2692 2609 qui
2745 2542 2819 2593 ita
2853 2539 3081 2593 allectus
3129 2544 3249 2593 erat
3295 2552 3424 2607 erga
3452 2538 3645 2608 legem,

2068 2634 2161 2701 qui
2194 2631 2380 2686 omnia
2430 2633 2496 2684 ad
2542 2631 3016 2685 conﬁrmationem
3065 2629 3410 2698 antiquarum
3471 2628 3646 2697 legum

2069 2724 2324 2787 instituit,
2358 2723 2453 2791 qui
2517 2723 2655 2777 dixit
2688 2721 2852 2774 :Non
2896 2721 3011 2774 veni
3044 2719 3406 2772 dissoluturus
3462 2718 3647 2786 legem,

2069 2814 2158 2867 sed
2175 2812 2486 2881 impleturus
2513 2812 2687 2880 "?qui
2706 2813 2875 2881 legem
2893 2809 2958 2864 de
2984 2825 3091 2863 non
3122 2806 3520 2870 interliciendo,
3555 2821 3650 2875 per

2072 2903 2194 2965 huc,
2236 2903 2379 2972 quod
2421 2916 2522 2955 nec
2575 2915 2804 2969 prorsus
2855 2899 3073 2968 quidem
3119 2897 3282 2951 irasci
3320 2910 3648 2967 quemquam

2069 2992 2264 3057 voluit,
2325 2989 2612 3058 discipulis
2648 2988 2986 3043 conﬁrmavit
3014 2986 3037 3039 ?
3063 2986 3155 3055 qui
3186 2983 3512 3038 adulterium
3540 2998 3650 3037 una

2070 3095 2191 3134 eum
2223 3081 2449 3134 libidine
2494 3088 2655 3150 atque
2688 3077 3137 3146 concupiscentia
3190 3074 3392 3144 ejecit?
3430 3071 3519 3143 qui
3552 3089 3649 3143 per

2068 3172 2145 3235 id,
2177 3172 2321 3241 quod
2359 3172 2553 3237 noluit,
2594 3177 2653 3224 ut
2680 3170 2969 3240 quisquam
2995 3168 3291 3222 ulciscatur
3316 3180 3509 3229 eum,a
3537 3179 3647 3235 quo

2068 3275 2194 3319 ante
2229 3266 2390 3320 laesus
2424 3273 2590 3328 esset,
2655 3278 2723 3317 ne
2773 3260 3153 3316 lacessendum
3174 3259 3402 3328 ‘quidem
3439 3258 3643 3329 injuria

2066 3371 2395 3426 quemquam
2435 3370 2559 3409 esse
2587 3354 2810 3408 sanxit?
2847 3352 2939 3420 qui
2971 3366 3066 3421 per
3093 3350 3646 3405 communizationem
3696 3386 3704 3395 ο

2065 3449 2412 3514 facultatum,
2438 3445 2681 3500 avaritia:
2703 3446 2891 3497 vitium
2925 3428 3344 3497 exterminavit?

2138 3541 2241 3606 Qui
2266 3539 2326 3593 lit
2355 3539 2543 3609 igitur,
2568 3545 2627 3590 ut
2657 3536 2772 3590 hac
2788 3548 2964 3603 neque
2982 3540 3435 3596 commemorata,
3468 3549 3647 3604 neque

2067 3631 2124 3685 in
2172 3627 2554 3699 cognoscendo
2600 3625 2767 3679 simul
2820 3623 3068 3693 jquaesita
3127 3634 3289 3693 atque
3335 3625 3644 3685 examinata

2068 3720 2212 3774 sint?
2236 3718 2440 3774 Vellem
2476 3730 2626 3770 nunc
2656 3714 2851 3769 adesse
2885 3714 3016 3767 mihi
3067 3714 3549 3784 sanguinariorum
3583 3715 3645 3769 il-

2065 3811 2244 3865 lorum
2291 3810 2537 3878 judieum
2585 3806 2907 3869 consilium,
2960 3818 3026 3857 ac
3073 3804 3141 3859 de
3192 3806 3367 3868 locis,
3408 3821 3642 3875 quorum

2066 3902 2288 3957 nomine
2314 3900 2545 3954 saeviunt
2574 3895 2795 3959 infensi,
2821 3893 3115 3957 sciscitari,
3148 3894 3239 3949 ubi
3269 3896 3482 3951 celebre
3508 3896 3642 3952 illud

2066 3992 2328 4060 templum
2359 4028 2373 4053 ,
2408 3988 2498 4042 ubi
2533 3986 2879 4041 incredibiles
2930 3984 3170 4055 lapidum
3202 3987 3636 4058 magnitudines,

2067 4084 2157 4137 ubi
2195 4097 2389 4135 aurmn
2435 4079 2567 4133 illud
2595 4078 2783 4145 ,quod
2834 4078 3099 4146 reliquam
3133 4080 3316 4147 templi
3356 4081 3640 4135 materiam

2067 4171 2239 4240 pretio
2269 4168 2662 4238 propemodum
2713 4167 2964 4235 mquabat
2993 4208 3006 4233 ,
3052 4167 3147 4221 ubi
3182 4168 3425 4239 legitima
3460 4170 3638 4225 sacri-

2067 4260 2211 4324 ﬁcia,
2247 4259 2411 4318 aries,
2444 4258 2668 4319 vitulus,
2710 4271 2903 4326 agnus,
2931 4256 3184 4325 juvenca,
3220 4258 3494 4325 columba,
3522 4270 3639 4313 tur-

2069 4362 2179 4415 tur,
2226 4349 2537 4404 avertendis
2567 4347 2727 4402 malis
2759 4348 3060 4402 sacriﬁcari
3097 4350 3292 4403 solitus
3341 4351 3548 4417 caper?
3578 4349 3636 4404 Si

393 4443 556 4514 μηδὲν
585 4442 699 4511 eam
718 4440 1053 4513 σκυθρωπῶν
1088 4441 1311 4494 ἐκείνων
1338 4442 1417 4504 είς
1454 4442 1624 4511 πέρας
1656 4442 1818 4508 ἔλθοι,
1852 4444 1959 4496 δει-

2065 4441 2269 4496 idcirco
2301 4439 2639 4508 Stephanum
2671 4437 2868 4507 capitis
2895 4437 3282 4500 condemnant,
3320 4445 3473 4490 utne
3501 4440 3635 4508 quid

392 4530 636 4596 ξάτωσαν
663 4532 760 4584 ὅσα
789 4531 873 4584 διὰ
898 4534 998 4602 τῆς
1025 4532 1336 4602 μιαιφονίας
1379 4532 1590 4594 ἑαυτοῖς
1621 4532 1961 4587 διεσώσαντο.

388 4623 453 4675 Εἰ
480 4623 536 4675 δὲ
564 4623 714 4676 οὐδὲν
741 4622 945 4675 τούτων
967 4622 1132 4686 ἐστὶν,
1166 4623 1303 4692 ὑπὲρ
1333 4616 1392 4676 οὗ
1426 4622 1521 4693 τὴν
1544 4624 1719 4692 ψῆφον
1748 4624 1966 4696 ἐκείνην

391 4713 716 4783 ἐξήνεγκεν’
764 4712 884 4765 ἀντὶ
931 4712 1072 4773 τίνος
1123 4712 1150 4762 ὁ
1203 4711 1398 4778 φόνος;
1455 4712 1785 4765 εἰπάτωσαν.
1826 4713 1964 4765 Ἀλλ’

390 4803 587 4874 ἴδωμεν
634 4806 692 4857 ὲν
731 4805 841 4865 τοῖς
871 4802 1064 4871 ἑφεξῆς
1090 4801 1197 4854 τῶν
1225 4801 1480 4869 ἀγώνων,
1529 4804 1676 4866 ὅπως
1702 4804 1964 4874 ἀμύνεται

388 4897 513 4959 τοὺς
548 4894 886 4965 μιαιφόνους,
916 4896 944 4945 6
970 4895 1086 4955 ταῖς
1117 4895 1299 4962 νιφάσι
1350 4895 1457 4950 τῶν
1490 4894 1651 4948 λίθων
1679 4914 1963 4967 καταχων-

388 4984 634 5057 νύμενος·
672 4984 828 5048 ποίας
855 4985 1185 5054 ἀντιπέμπει
1215 4986 1372 5056 βολὰς
1402 4987 1543 5039 κατά
1569 4988 1676 5040 τῶν
1698 4989 1965 5056 ἀφιέντων

387 5079 483 5143 τάς
505 5080 613 5131 τῶν
642 5077 802 5131 λίθων
837 5076 1067 5147 βολίδας.
1103 5077 1440 5130 Μαθέτωσαν
1480 5078 1743 5131 Ἰουδαίων
1777 5080 1964 5143 παῖδες

387 5169 453 5222 :5:
482 5170 589 5223 τῶν
621 5168 959 5240 Χριστιανῶν
986 5168 1144 5233 ὅπλα,
1192 5164 1272 5232 οἷς
1315 5170 1449 5239 πρὸς
1493 5170 1703 5240 ἄμυναν
1733 5171 1840 5223 τῶν
1872 5171 1963 5223 λυ-

387 5259 627 5313 πούντων
673 5261 1014 5331 χρησάμενος
1056 5261 1085 5311 6
1127 5259 1298 5328 μέγας
1340 5261 1627 5328 Στέφανος,
1670 5262 1832 5331 νόμον
1879 5262 1955 5331 τῷ

385 5350 485 5422 βίῳ
514 5352 575 5406 τὸ
607 5352 765 5423 ἔργον
811 5351 1120 5420 πεποίηται.
1170 5352 1231 5403 Ol
1278 5350 1376 5420 μὲν
1408 5352 1515 5421 γὰρ
1565 5351 1817 5424 θηριώδει
1848 5355 1955 5406 τινὶ

385 5442 479 5496 καὶ
510 5445 707 5513 ἀπηνεῖ
736 5445 802 5513 τῇ
837 5443 1009 5514 λύσσῃ
1055 5441 1239 5512 κύκλῳ
1266 5443 1618 5511 περιστάντες
1645 5443 1736 5497 τὸν
1778 5444 1951 5512 ἆγιον,

386 5535 518 5605 πρὸς
537 5534 634 5586 ἕνα
660 5533 856 5587 σκοπὸν
883 5536 930 5587 οἱ
961 5535 1155 5598 πάντες
1184 5533 1422 5598 ἔϐλεπον,
1454 5535 1559 5587 πᾶν
1588 5533 1646 5586 τὸ
1670 5533 1773 5586 ὑπὸ
1796 5538 1953 5604 χεῖρα

455 5721 497 5751 ιι
563 5717 753 5773 Matth.
799 5735 847 5785 v,
917 5724 996 5775 l7.

2064 4532 2305 4585 tristium
2336 4532 2553 4584 illarqu
2586 4545 2768 4585 rerum
2800 4530 3038 4594 eveniat,
3073 4528 3639 4597 ostendantquaecun-

2061 4638 2167 4691 que
2206 4637 2302 4691 per
2332 4621 2538 4676 eaedem
2577 4622 2723 4675 illam
2771 4620 3039 4674 nefariam
3080 4618 3183 4672 sibi
3230 4618 3631 4674 conservarint.

2061 4714 2218 4779 Quod
2257 4715 2302 4769 si
2335 4714 2473 4767 nihil
2498 4715 2692 4767 horum
2727 4712 2998 4780 reliquum
3032 4719 3134 4774 est,
3161 4724 3393 4778 quorum
3417 4712 3635 4766 nomine

2062 4806 2393 4863 sententiam
2424 4806 2571 4858 illam
2612 4805 2853 4857 tulerunt
2885 4842 2899 4864 ,
2933 4802 3120 4856 dicant
3158 4803 3315 4870 cujus
3350 4802 3427 4857 rei
3459 4806 3635 4872 gratia

2061 4898 2239 4952 caedes
2281 4897 2349 4949 ab
2381 4895 2517 4963 ipsis
2548 4900 2855 4963 perpetrata
2891 4893 3001 4947 sit?
3034 4891 3234 4946 Verum
3265 4892 3550 4949 videamus
3576 4896 3633 4949 in

2061 4991 2273 5059 reliquo
2314 4988 2615 5041 certamine
2636 5027 2651 5051 ,
2688 5002 2795 5056 qua
2827 4987 3039 5039 ratione
3088 4985 3467 5055 sanguinarios
3498 4987 3634 5042 ulci-

2062 5089 2250 5133 scatur
2280 5077 2350 5141 is,
2397 5077 2490 5146 qui
2524 5077 2689 5131 veluti
2738 5075 3011 5129 nivalibus
3043 5075 3230 5129 ﬁoccis
3264 5076 3474 5131 crebris
3503 5078 3634 5132 inci-

2062 5167 2343 5230 dentibus,
2378 5169 2456 5222 ifa
2481 5166 2724 5237 lapidum
2752 5168 2909 5235 quasi
2931 5164 3213 5236 grandinis
3243 5166 3416 5221 imbre
3445 5167 3635 5223 obrue-

2061 5263 2241 5321 batur,
2272 5258 2475 5328 quibus
2497 5267 2688 5312 contra
2711 5257 2913 5327 jaculis
2937 5264 3084 5327 petat
3117 5272 3232 5320 eos,
3264 5257 3356 5327 qui
3391 5259 3630 5329 lapidum

2061 5352 2115 5405 in
2162 5366 2286 5405 eum
2337 5350 2441 5405 tela
2484 5349 2829 5404 emittebant.
2891 5348 3237 5420 Cognoscant
3272 5347 3443 5405 Judaei
3481 5366 3630 5404 arma

2060 5442 2515 5504 Christianorum,
2539 5439 2739 5510 quibus
2772 5438 3030 5507 injuriam
3065 5440 3377 5497 ulciscendo
3405 5456 3631 5513 magnus

2065 5534 2373 5603 Stephanus
2417 5548 2586 5599 usus,
2640 5530 2726 5587 sui
2782 5529 2912 5585 facti
2975 5532 3224 5602 exemplo
3281 5532 3451 5604 legem
3512 5532 3633 5586 vitae
