  <div class='ocr_page' id='page_1' title='image "/cluster/home/n/w/nwhite01/storage/ocr_20150623/46/mdp.39015011915447/363.png"; bbox 0 0 4084 6158; ppageno 0'>
   <div class='ocr_carea' id='block_1_1' title="bbox 494 275 588 331">
    <p class='ocr_par' dir='ltr' id='par_1_1' title="bbox 494 275 588 331">
     <span class='ocr_line' id='line_1_1' title="bbox 494 275 588 331; baseline 0.021 -2"><span class='ocrx_word' id='word_1_1' title='bbox 494 275 588 331; x_wconf 84' lang='grc'><strong>711</strong></span> 
     </span>
    </p>
   </div>
   <div class='ocr_carea' id='block_1_2' title="bbox 1785 259 2537 322">
    <p class='ocr_par' dir='ltr' id='par_1_2' title="bbox 1785 259 2537 322">
     <span class='ocr_line' id='line_1_2' title="bbox 1785 259 2537 322; baseline -0.009 0"><span class='ocrx_word' id='word_1_2' title='bbox 1785 266 1842 322; x_wconf 92' lang='lat' dir='ltr'><strong>S.</strong></span> <span class='ocrx_word' id='word_1_3' title='bbox 1886 264 2211 322; x_wconf 79' lang='lat' dir='ltr'><strong>CREGORII</strong></span> <span class='ocrx_word' id='word_1_4' title='bbox 2241 259 2537 317; x_wconf 78' lang='lat' dir='ltr'><strong>NYSSENI</strong></span> 
     </span>
    </p>
   </div>
   <div class='ocr_carea' id='block_1_3' title="bbox 3636 258 3746 314">
    <p class='ocr_par' dir='ltr' id='par_1_3' title="bbox 3636 258 3746 314">
     <span class='ocr_line' id='line_1_3' title="bbox 3636 258 3746 314; baseline 0.009 -1"><span class='ocrx_word' id='word_1_5' title='bbox 3636 258 3746 314; x_wconf 77' lang='grc'><strong>712</strong></span> 
     </span>
    </p>
   </div>
   <div class='ocr_carea' id='block_1_4' title="bbox 494 382 2075 467">
    <p class='ocr_par' dir='ltr' id='par_1_4' title="bbox 494 388 2064 467">
     <span class='ocr_line' id='line_1_4' title="bbox 494 388 2064 467; baseline -0.008 -14"><span class='ocrx_word' id='word_1_6' title='bbox 494 395 697 453; x_wconf 70' lang='lat' dir='ltr'><strong>sanxit.</strong></span> <span class='ocrx_word' id='word_1_7' title='bbox 738 394 871 449; x_wconf 88' lang='lat' dir='ltr'><strong>Nam</strong></span> <span class='ocrx_word' id='word_1_8' title='bbox 905 391 981 446; x_wconf 86' lang='lat' dir='ltr'><strong>illi</strong></span> <span class='ocrx_word' id='word_1_9' title='bbox 1006 390 1228 462; x_wconf 83' lang='lat' dir='ltr'><strong>quidem</strong></span> <span class='ocrx_word' id='word_1_10' title='bbox 1267 389 1442 445; x_wconf 86' lang='lat' dir='ltr'><strong>ferina</strong></span> <span class='ocrx_word' id='word_1_11' title='bbox 1478 388 1716 467; x_wconf 85' lang='lat' dir='ltr'><strong>quadam</strong></span> <span class='ocrx_word' id='word_1_12' title='bbox 1753 400 1919 459; x_wconf 91' lang='lat' dir='ltr'><strong>atque</strong></span> <span class='ocrx_word' id='word_1_13' title='bbox 1960 391 2064 442; x_wconf 91' lang='lat' dir='ltr'><strong>im-</strong></span> 
     </span>
    </p>
   </div>
   <div class='ocr_carea' id='block_1_5' title="bbox 2174 382 3753 467">
    <p class='ocr_par' dir='ltr' id='par_1_5' title="bbox 2174 382 3753 457">
     <span class='ocr_line' id='line_1_5' title="bbox 2174 382 3753 457; baseline 0 -18"><span class='ocrx_word' id='word_1_14' title='bbox 2174 387 2477 457; x_wconf 86' lang='grc' dir='ltr'>γενόμενον,</span> <span class='ocrx_word' id='word_1_15' title='bbox 2512 386 2675 441; x_wconf 80' lang='grc' dir='ltr'>ὅπλον</span> <span class='ocrx_word' id='word_1_16' title='bbox 2705 386 2845 442; x_wconf 87' lang='grc' dir='ltr'><strong>κατά</strong></span> <span class='ocrx_word' id='word_1_17' title='bbox 2890 386 2984 441; x_wconf 82' lang='grc' dir='ltr'>τοῦ</span> <span class='ocrx_word' id='word_1_18' title='bbox 3026 385 3298 455; x_wconf 81' lang='grc' dir='ltr'><strong>Στεφάνου</strong></span> <span class='ocrx_word' id='word_1_19' title='bbox 3324 382 3631 453; x_wconf 83' lang='grc' dir='ltr'><strong>ποιούμενοι</strong></span> <span class='ocrx_word' id='word_1_20' title='bbox 3658 402 3672 417; x_wconf 89' lang='grc'>·</span> <span class='ocrx_word' id='word_1_21' title='bbox 3715 386 3753 439; x_wconf 82' lang='grc' dir='ltr'><strong>ὀ</strong></span> 
     </span>
    </p>
   </div>
   <div class='ocr_carea' id='block_1_6' title="bbox 495 467 2064 554">
    <p class='ocr_par' dir='ltr' id='par_1_6' title="bbox 495 467 2064 554">
     <span class='ocr_line' id='line_1_6' title="bbox 495 467 2064 554; baseline -0.006 -12"><span class='ocrx_word' id='word_1_22' title='bbox 495 488 645 543; x_wconf 89' lang='lat' dir='ltr'><strong>mani</strong></span> <span class='ocrx_word' id='word_1_23' title='bbox 699 487 851 542; x_wconf 84' lang='lat' dir='ltr'><strong>rabie</strong></span> <span class='ocrx_word' id='word_1_24' title='bbox 901 483 1143 554; x_wconf 86' lang='lat' dir='ltr'><strong>undique</strong></span> <span class='ocrx_word' id='word_1_25' title='bbox 1196 467 1447 536; x_wconf 67' lang='lat' dir='ltr'><strong>sanctum</strong></span> <span class='ocrx_word' id='word_1_26' title='bbox 1508 481 1953 545; x_wconf 69' lang='lat' dir='ltr'><strong>circumstantes,</strong></span> <span class='ocrx_word' id='word_1_27' title='bbox 2006 479 2064 533; x_wconf 90' lang='lat' dir='ltr'><strong>in</strong></span> 
     </span>
    </p>
   </div>
   <div class='ocr_carea' id='block_1_7' title="bbox 496 573 2062 645">
    <p class='ocr_par' dir='ltr' id='par_1_7' title="bbox 496 573 2062 645">
     <span class='ocr_line' id='line_1_7' title="bbox 496 573 2062 645; baseline -0.007 -10"><span class='ocrx_word' id='word_1_28' title='bbox 496 594 664 635; x_wconf 91' lang='lat' dir='ltr'><strong>unum</strong></span> <span class='ocrx_word' id='word_1_29' title='bbox 697 578 849 630; x_wconf 90' lang='lat' dir='ltr'><strong>illum</strong></span> <span class='ocrx_word' id='word_1_30' title='bbox 876 586 1134 645; x_wconf 89' lang='lat' dir='ltr'><strong>tanquam</strong></span> <span class='ocrx_word' id='word_1_31' title='bbox 1165 588 1391 643; x_wconf 85' lang='lat' dir='ltr'><strong>scopum</strong></span> <span class='ocrx_word' id='word_1_32' title='bbox 1422 587 1617 628; x_wconf 89' lang='lat' dir='ltr'><strong>omnes</strong></span> <span class='ocrx_word' id='word_1_33' title='bbox 1647 573 1843 627; x_wconf 89' lang='lat' dir='ltr'><strong>intenti</strong></span> <span class='ocrx_word' id='word_1_34' title='bbox 1869 578 2062 635; x_wconf 87' lang='lat' dir='ltr'><strong>erant,</strong></span> 
     </span>
    </p>
   </div>
   <div class='ocr_carea' id='block_1_8' title="bbox 493 664 2065 738">
    <p class='ocr_par' dir='ltr' id='par_1_8' title="bbox 493 664 2065 738">
     <span class='ocr_line' id='line_1_8' title="bbox 493 664 2065 738; baseline -0.002 -17"><span class='ocrx_word' id='word_1_35' title='bbox 493 669 759 738; x_wconf 86' lang='lat' dir='ltr'><strong>quidquid</strong></span> <span class='ocrx_word' id='word_1_36' title='bbox 808 668 873 720; x_wconf 90' lang='lat' dir='ltr'><strong>ad</strong></span> <span class='ocrx_word' id='word_1_37' title='bbox 921 681 1143 723; x_wconf 90' lang='lat' dir='ltr'><strong>manum</strong></span> <span class='ocrx_word' id='word_1_38' title='bbox 1185 673 1366 731; x_wconf 82' lang='lat' dir='ltr'><strong>esset,</strong></span> <span class='ocrx_word' id='word_1_39' title='bbox 1407 680 1474 721; x_wconf 88' lang='lat' dir='ltr'><strong>eo</strong></span> <span class='ocrx_word' id='word_1_40' title='bbox 1515 665 1635 720; x_wconf 89' lang='lat' dir='ltr'><strong>vice</strong></span> <span class='ocrx_word' id='word_1_41' title='bbox 1665 665 1757 719; x_wconf 87' lang='lat' dir='ltr'><strong>teli</strong></span> <span class='ocrx_word' id='word_1_42' title='bbox 1800 664 2065 719; x_wconf 84' lang='lat' dir='ltr'><strong>adversus</strong></span> 
     </span>
    </p>
   </div>
   <div class='ocr_carea' id='block_1_9' title="bbox 497 751 2064 827">
    <p class='ocr_par' dir='ltr' id='par_1_9' title="bbox 497 751 2064 827">
     <span class='ocr_line' id='line_1_9' title="bbox 497 751 2064 827; baseline -0.004 -15"><span class='ocrx_word' id='word_1_43' title='bbox 497 758 830 827; x_wconf 77' lang='lat' dir='ltr'><strong>Stephanum</strong></span> <span class='ocrx_word' id='word_1_44' title='bbox 876 765 1095 811; x_wconf 85' lang='lat' dir='ltr'><strong>utentes</strong></span> <span class='ocrx_word' id='word_1_45' title='bbox 1143 773 1156 810; x_wconf 90' lang='lat'><strong>:</strong></span> <span class='ocrx_word' id='word_1_46' title='bbox 1208 755 1300 810; x_wconf 92' lang='lat' dir='ltr'><strong>hic</strong></span> <span class='ocrx_word' id='word_1_47' title='bbox 1350 770 1481 809; x_wconf 86' lang='lat' dir='ltr'><strong>vero</strong></span> <span class='ocrx_word' id='word_1_48' title='bbox 1518 762 1776 824; x_wconf 86' lang='lat' dir='ltr'><strong>tanquam</strong></span> <span class='ocrx_word' id='word_1_49' title='bbox 1807 751 2064 807; x_wconf 83' lang='lat' dir='ltr'><strong>sacerdos</strong></span> 
     </span>
    </p>
   </div>
   <div class='ocr_carea' id='block_1_10' title="bbox 494 843 2064 920">
    <p class='ocr_par' dir='ltr' id='par_1_10' title="bbox 494 843 2064 920">
     <span class='ocr_line' id='line_1_10' title="bbox 494 843 2064 920; baseline -0.006 -16"><span class='ocrx_word' id='word_1_50' title='bbox 494 852 713 920; x_wconf 86' lang='lat' dir='ltr'><strong>quidem</strong></span> <span class='ocrx_word' id='word_1_51' title='bbox 738 889 753 915; x_wconf 87' lang='lat'><strong>,</strong></span> <span class='ocrx_word' id='word_1_52' title='bbox 782 850 940 918; x_wconf 81' lang='lat' dir='ltr'><strong>juxta</strong></span> <span class='ocrx_word' id='word_1_53' title='bbox 988 849 1159 918; x_wconf 81' lang='lat' dir='ltr'><strong>legem</strong></span> <span class='ocrx_word' id='word_1_54' title='bbox 1195 847 1534 918; x_wconf 88' lang='lat' dir='ltr'><strong>spiritualem</strong></span> <span class='ocrx_word' id='word_1_55' title='bbox 1563 885 1576 907; x_wconf 86' lang='lat'><strong>.</strong></span> <span class='ocrx_word' id='word_1_56' title='bbox 1610 859 1800 915; x_wconf 80' lang='lat' dir='ltr'><strong>puram</strong></span> <span class='ocrx_word' id='word_1_57' title='bbox 1830 843 2064 897; x_wconf 87' lang='lat' dir='ltr'><strong>hostiam</strong></span> 
     </span>
    </p>
   </div>
   <div class='ocr_carea' id='block_1_11' title="bbox 495 934 2067 1004">
    <p class='ocr_par' dir='ltr' id='par_1_11' title="bbox 495 934 2067 1004">
     <span class='ocr_line' id='line_1_11' title="bbox 495 934 2067 1004; baseline -0.004 -10"><span class='ocrx_word' id='word_1_58' title='bbox 495 941 804 1004; x_wconf 78' lang='lat' dir='ltr'><strong>immolatis,</strong></span> <span class='ocrx_word' id='word_1_59' title='bbox 836 955 943 995; x_wconf 88' lang='lat' dir='ltr'><strong>non</strong></span> <span class='ocrx_word' id='word_1_60' title='bbox 973 941 1232 1001; x_wconf 89' lang='lat' dir='ltr'><strong>alienum,</strong></span> <span class='ocrx_word' id='word_1_61' title='bbox 1265 939 1357 993; x_wconf 81' lang='lat' dir='ltr'><strong>sed</strong></span> <span class='ocrx_word' id='word_1_62' title='bbox 1390 952 1549 992; x_wconf 86' lang='lat' dir='ltr'><strong>suum</strong></span> <span class='ocrx_word' id='word_1_63' title='bbox 1582 935 1849 991; x_wconf 85' lang='lat' dir='ltr'><strong>altaribus</strong></span> <span class='ocrx_word' id='word_1_64' title='bbox 1876 934 2067 989; x_wconf 87' lang='lat' dir='ltr'><strong>admo-</strong></span> 
     </span>
    </p>
   </div>
   <div class='ocr_carea' id='block_1_12' title="bbox 495 1029 2064 1102">
    <p class='ocr_par' dir='ltr' id='par_1_12' title="bbox 495 1029 2064 1102">
     <span class='ocr_line' id='line_1_12' title="bbox 495 1029 2064 1102; baseline -0.006 -15"><span class='ocrx_word' id='word_1_65' title='bbox 495 1051 628 1089; x_wconf 88' lang='lat' dir='ltr'><strong>vens</strong></span> <span class='ocrx_word' id='word_1_66' title='bbox 655 1048 879 1102; x_wconf 85' lang='lat' dir='ltr'><strong>corpus,</strong></span> <span class='ocrx_word' id='word_1_67' title='bbox 906 1040 959 1086; x_wconf 89' lang='lat' dir='ltr'><strong>et</strong></span> <span class='ocrx_word' id='word_1_68' title='bbox 992 1034 1110 1086; x_wconf 90' lang='lat' dir='ltr'><strong>loco</strong></span> <span class='ocrx_word' id='word_1_69' title='bbox 1136 1031 1413 1086; x_wconf 86' lang='lat' dir='ltr'><strong>libaminis</strong></span> <span class='ocrx_word' id='word_1_70' title='bbox 1436 1029 1756 1099; x_wconf 75' lang='lat' dir='ltr'><strong>sanguinem</strong></span> <span class='ocrx_word' id='word_1_71' title='bbox 1779 1040 2064 1097; x_wconf 83' lang='lat' dir='ltr'><strong>spargens,</strong></span> 
     </span>
    </p>
   </div>
   <div class='ocr_carea' id='block_1_13' title="bbox 496 1118 2068 1195">
    <p class='ocr_par' dir='ltr' id='par_1_13' title="bbox 496 1118 2068 1195">
     <span class='ocr_line' id='line_1_13' title="bbox 496 1118 2068 1195; baseline -0.008 -14"><span class='ocrx_word' id='word_1_72' title='bbox 496 1142 593 1195; x_wconf 83' lang='lat' dir='ltr'><strong>per</strong></span> <span class='ocrx_word' id='word_1_73' title='bbox 632 1141 754 1181; x_wconf 89' lang='lat' dir='ltr'><strong>sese</strong></span> <span class='ocrx_word' id='word_1_74' title='bbox 792 1125 992 1187; x_wconf 89' lang='lat' dir='ltr'><strong>Deum,</strong></span> <span class='ocrx_word' id='word_1_75' title='bbox 1024 1138 1184 1193; x_wconf 84' lang='lat' dir='ltr'><strong>quem</strong></span> <span class='ocrx_word' id='word_1_76' title='bbox 1222 1123 1275 1175; x_wconf 91' lang='lat' dir='ltr'><strong>in</strong></span> <span class='ocrx_word' id='word_1_77' title='bbox 1322 1121 1642 1175; x_wconf 74' lang='lat' dir='ltr'><strong>cmlestibus</strong></span> <span class='ocrx_word' id='word_1_78' title='bbox 1670 1118 1847 1185; x_wconf 84' lang='lat' dir='ltr'><strong>adytis</strong></span> <span class='ocrx_word' id='word_1_79' title='bbox 1877 1130 2068 1172; x_wconf 86' lang='lat' dir='ltr'><strong>cerne-</strong></span> 
     </span>
    </p>
   </div>
   <div class='ocr_carea' id='block_1_14' title="bbox 497 1208 2068 1284">
    <p class='ocr_par' dir='ltr' id='par_1_14' title="bbox 497 1208 2068 1284">
     <span class='ocr_line' id='line_1_14' title="bbox 497 1208 2068 1284; baseline -0.006 -14"><span class='ocrx_word' id='word_1_80' title='bbox 497 1217 610 1280; x_wconf 89' lang='lat' dir='ltr'><strong>bat,</strong></span> <span class='ocrx_word' id='word_1_81' title='bbox 648 1214 1093 1284; x_wconf 88' lang='lat' dir='ltr'><strong>delinquentibus</strong></span> <span class='ocrx_word' id='word_1_82' title='bbox 1142 1213 1430 1281; x_wconf 78' lang='lat' dir='ltr'><strong>placabat,</strong></span> <span class='ocrx_word' id='word_1_83' title='bbox 1482 1210 1751 1267; x_wconf 81' lang='lat' dir='ltr'><strong>beneﬁcio</strong></span> <span class='ocrx_word' id='word_1_84' title='bbox 1796 1208 2068 1263; x_wconf 83' lang='lat' dir='ltr'><strong>nefariam</strong></span> 
     </span>
    </p>
   </div>
   <div class='ocr_carea' id='block_1_15' title="bbox 498 1300 2069 1374">
    <p class='ocr_par' dir='ltr' id='par_1_15' title="bbox 498 1300 2069 1374">
     <span class='ocr_line' id='line_1_15' title="bbox 498 1300 2069 1374; baseline -0.004 -11"><span class='ocrx_word' id='word_1_85' title='bbox 498 1308 697 1363; x_wconf 83' lang='lat' dir='ltr'><strong>caedem</strong></span> <span class='ocrx_word' id='word_1_86' title='bbox 740 1323 929 1361; x_wconf 88' lang='lat' dir='ltr'><strong>eorum</strong></span> <span class='ocrx_word' id='word_1_87' title='bbox 967 1320 1329 1374; x_wconf 89' lang='lat' dir='ltr'><strong>eompensans</strong></span> <span class='ocrx_word' id='word_1_88' title='bbox 1355 1343 1369 1368; x_wconf 91' lang='lat'><strong>,</strong></span> <span class='ocrx_word' id='word_1_89' title='bbox 1420 1303 1665 1357; x_wconf 89' lang='lat' dir='ltr'><strong>clamans</strong></span> <span class='ocrx_word' id='word_1_90' title='bbox 1715 1300 2069 1356; x_wconf 84' lang='lat' dir='ltr'><strong>audientibus</strong></span> 
     </span>
    </p>
   </div>
   <div class='ocr_carea' id='block_1_16' title="bbox 498 1393 2075 1463">
    <p class='ocr_par' dir='ltr' id='par_1_16' title="bbox 498 1393 2075 1463">
     <span class='ocr_line' id='line_1_16' title="bbox 498 1393 2075 1463; baseline -0.006 -7"><span class='ocrx_word' id='word_1_91' title='bbox 498 1400 807 1461; x_wconf 85' lang='lat' dir='ltr'><strong>homicidis,</strong></span> <span class='ocrx_word' id='word_1_92' title='bbox 824 1415 887 1454; x_wconf 93' lang='lat' dir='ltr'><strong>ac</strong></span> <span class='ocrx_word' id='word_1_93' title='bbox 907 1399 1127 1453; x_wconf 87' lang='lat' dir='ltr'><strong>dicens:</strong></span> <span class='ocrx_word' id='word_1_94' title='bbox 1155 1397 1398 1462; x_wconf 77' lang='lat' dir='ltr'><strong>Domine,</strong></span> <span class='ocrx_word' id='word_1_95' title='bbox 1422 1412 1482 1450; x_wconf 82' lang='lat' dir='ltr'><strong>ne</strong></span> <span class='ocrx_word' id='word_1_96' title='bbox 1505 1396 1726 1462; x_wconf 78' lang='lat' dir='ltr'><strong>imputes</strong></span> <span class='ocrx_word' id='word_1_97' title='bbox 1753 1394 1828 1448; x_wconf 80' lang='lat' dir='ltr'><strong>eis</strong></span> <span class='ocrx_word' id='word_1_98' title='bbox 1847 1393 1942 1448; x_wconf 71' lang='lat' dir='ltr'><strong>hoc</strong></span> <span class='ocrx_word' id='word_1_99' title='bbox 1958 1409 2075 1463; x_wconf 57' lang='lat' dir='ltr'><strong>pecu</strong></span> 
     </span>
    </p>
   </div>
   <div class='ocr_carea' id='block_1_17' title="bbox 499 1486 2070 1560">
    <p class='ocr_par' dir='ltr' id='par_1_17' title="bbox 499 1486 2070 1560">
     <span class='ocr_line' id='line_1_17' title="bbox 499 1486 2070 1560; baseline -0.004 -16"><span class='ocrx_word' id='word_1_100' title='bbox 499 1502 678 1544; x_wconf 87' lang='lat' dir='ltr'><strong>catum</strong></span> <span class='ocrx_word' id='word_1_101' title='bbox 703 1491 764 1545; x_wconf 81' lang='grc'><strong>¹⁸.</strong></span> <span class='ocrx_word' id='word_1_102' title='bbox 795 1492 969 1560; x_wconf 83' lang='lat' dir='ltr'><strong>Atque</strong></span> <span class='ocrx_word' id='word_1_103' title='bbox 995 1489 1084 1543; x_wconf 92' lang='lat' dir='ltr'><strong>hic</strong></span> <span class='ocrx_word' id='word_1_104' title='bbox 1116 1488 1337 1559; x_wconf 82' lang='lat' dir='ltr'><strong>quidem</strong></span> <span class='ocrx_word' id='word_1_105' title='bbox 1380 1486 1631 1541; x_wconf 87' lang='lat' dir='ltr'><strong>oratione</strong></span> <span class='ocrx_word' id='word_1_106' title='bbox 1660 1491 1944 1555; x_wconf 77' lang='lat' dir='ltr'><strong>peccatum</strong></span> <span class='ocrx_word' id='word_1_107' title='bbox 1976 1497 2070 1539; x_wconf 89' lang='lat' dir='ltr'><strong>eo-</strong></span> 
     </span>
    </p>
   </div>
   <div class='ocr_carea' id='block_1_18' title="bbox 500 1576 2070 1651">
    <p class='ocr_par' dir='ltr' id='par_1_18' title="bbox 500 1576 2070 1651">
     <span class='ocr_line' id='line_1_18' title="bbox 500 1576 2070 1651; baseline -0.004 -14"><span class='ocrx_word' id='word_1_108' title='bbox 500 1599 644 1643; x_wconf 86' lang='lat' dir='ltr'><strong>rum,</strong></span> <span class='ocrx_word' id='word_1_109' title='bbox 673 1582 816 1651; x_wconf 85' lang='lat' dir='ltr'><strong>quod</strong></span> <span class='ocrx_word' id='word_1_110' title='bbox 834 1580 1115 1635; x_wconf 87' lang='lat' dir='ltr'><strong>sceleratis</strong></span> <span class='ocrx_word' id='word_1_111' title='bbox 1146 1580 1396 1634; x_wconf 87' lang='lat' dir='ltr'><strong>manibus</strong></span> <span class='ocrx_word' id='word_1_112' title='bbox 1413 1581 1530 1635; x_wconf 85' lang='lat' dir='ltr'><strong>suis</strong></span> <span class='ocrx_word' id='word_1_113' title='bbox 1555 1576 2070 1649; x_wconf 82' lang='lat' dir='ltr'><strong>sanguinariiquasi</strong></span> 
     </span>
    </p>
   </div>
   <div class='ocr_carea' id='block_1_19' title="bbox 499 1671 2069 1740">
    <p class='ocr_par' dir='ltr' id='par_1_19' title="bbox 499 1671 2069 1740">
     <span class='ocr_line' id='line_1_19' title="bbox 499 1671 2069 1740; baseline -0.003 -13"><span class='ocrx_word' id='word_1_114' title='bbox 499 1674 823 1740; x_wconf 76' lang='lat' dir='ltr'><strong>exarabant,</strong></span> <span class='ocrx_word' id='word_1_115' title='bbox 838 1673 1074 1735; x_wconf 84' lang='lat' dir='ltr'><strong>delebat;</strong></span> <span class='ocrx_word' id='word_1_116' title='bbox 1101 1672 1175 1724; x_wconf 88' lang='lat' dir='ltr'><strong>illi</strong></span> <span class='ocrx_word' id='word_1_117' title='bbox 1202 1686 1330 1725; x_wconf 85' lang='lat' dir='ltr'><strong>vero</strong></span> <span class='ocrx_word' id='word_1_118' title='bbox 1346 1671 1508 1724; x_wconf 88' lang='lat' dir='ltr'><strong>etiam</strong></span> <span class='ocrx_word' id='word_1_119' title='bbox 1533 1671 1599 1723; x_wconf 93' lang='lat' dir='ltr'><strong>ad</strong></span> <span class='ocrx_word' id='word_1_120' title='bbox 1626 1671 1924 1724; x_wconf 89' lang='lat' dir='ltr'><strong>orationem</strong></span> <span class='ocrx_word' id='word_1_121' title='bbox 1942 1683 2069 1724; x_wconf 82' lang='lat' dir='ltr'><strong>exa-</strong></span> 
     </span>
    </p>
   </div>
   <div class='ocr_carea' id='block_1_20' title="bbox 2166 478 3747 552">
    <p class='ocr_par' dir='ltr' id='par_1_20' title="bbox 2166 478 3747 552">
     <span class='ocr_line' id='line_1_20' title="bbox 2166 478 3747 552; baseline -0.002 -17"><span class='ocrx_word' id='word_1_122' title='bbox 2166 480 2245 545; x_wconf 86' lang='grc' dir='ltr'><strong>δὲ,</strong></span> <span class='ocrx_word' id='word_1_123' title='bbox 2280 481 2530 552; x_wconf 86' lang='grc' dir='ltr'>καθάπερ</span> <span class='ocrx_word' id='word_1_124' title='bbox 2561 499 2644 545; x_wconf 88' lang='grc' dir='ltr'><strong>τις</strong></span> <span class='ocrx_word' id='word_1_125' title='bbox 2678 482 2875 552; x_wconf 79' lang='grc' dir='ltr'>ἱερεὺς,</span> <span class='ocrx_word' id='word_1_126' title='bbox 2902 480 3044 535; x_wconf 85' lang='grc' dir='ltr'>κατὰ</span> <span class='ocrx_word' id='word_1_127' title='bbox 3073 481 3165 534; x_wconf 82' lang='grc' dir='ltr'><strong>τὸν</strong></span> <span class='ocrx_word' id='word_1_128' title='bbox 3196 478 3562 551; x_wconf 81' lang='grc' dir='ltr'>πνευματικὸν</span> <span class='ocrx_word' id='word_1_129' title='bbox 3583 478 3747 549; x_wconf 90' lang='grc' dir='ltr'>νόμον</span> 
     </span>
    </p>
   </div>
   <div class='ocr_carea' id='block_1_21' title="bbox 2167 566 3749 643">
    <p class='ocr_par' dir='ltr' id='par_1_21' title="bbox 2167 566 3749 643">
     <span class='ocr_line' id='line_1_21' title="bbox 2167 566 3749 643; baseline -0.003 -18"><span class='ocrx_word' id='word_1_130' title='bbox 2167 573 2336 643; x_wconf 82' lang='grc' dir='ltr'><strong>εὐαγῆ</strong></span> <span class='ocrx_word' id='word_1_131' title='bbox 2381 572 2572 626; x_wconf 79' lang='grc' dir='ltr'>θυσίαν</span> <span class='ocrx_word' id='word_1_132' title='bbox 2624 570 2954 643; x_wconf 85' lang='grc' dir='ltr'>ίερουργῶν,</span> <span class='ocrx_word' id='word_1_133' title='bbox 3005 571 3107 624; x_wconf 84' lang='grc' dir='ltr'><strong>οὐκ</strong></span> <span class='ocrx_word' id='word_1_134' title='bbox 3152 568 3452 639; x_wconf 88' lang='grc' dir='ltr'>ἀλλότριον,</span> <span class='ocrx_word' id='word_1_135' title='bbox 3502 566 3639 621; x_wconf 86' lang='grc' dir='ltr'><strong>ἀλλά</strong></span> <span class='ocrx_word' id='word_1_136' title='bbox 3685 567 3749 621; x_wconf 84' lang='grc' dir='ltr'><strong>τὸ</strong></span> 
     </span>
    </p>
   </div>
   <div class='ocr_carea' id='block_1_22' title="bbox 2168 659 3747 735">
    <p class='ocr_par' dir='ltr' id='par_1_22' title="bbox 2168 659 3747 735">
     <span class='ocr_line' id='line_1_22' title="bbox 2168 659 3747 735; baseline -0.005 -16"><span class='ocrx_word' id='word_1_137' title='bbox 2168 665 2297 719; x_wconf 83' lang='grc' dir='ltr'>ῐδιον</span> <span class='ocrx_word' id='word_1_138' title='bbox 2328 664 2618 735; x_wconf 85' lang='grc' dir='ltr'><strong>προσάγων</strong></span> <span class='ocrx_word' id='word_1_139' title='bbox 2665 662 2856 733; x_wconf 85' lang='grc' dir='ltr'>σῶμα,</span> <span class='ocrx_word' id='word_1_140' title='bbox 2887 663 2980 715; x_wconf 73' lang='grc' dir='ltr'>καὶ</span> <span class='ocrx_word' id='word_1_141' title='bbox 3010 662 3130 715; x_wconf 71' lang='grc' dir='ltr'>ἀντὶ</span> <span class='ocrx_word' id='word_1_142' title='bbox 3162 660 3261 731; x_wconf 85' lang='grc' dir='ltr'><strong>τῆς</strong></span> <span class='ocrx_word' id='word_1_143' title='bbox 3293 660 3523 730; x_wconf 80' lang='grc' dir='ltr'><strong>σπονδῆς</strong></span> <span class='ocrx_word' id='word_1_144' title='bbox 3567 659 3747 729; x_wconf 79' lang='grc' dir='ltr'>ἀπορο</span> 
     </span>
    </p>
   </div>
   <div class='ocr_carea' id='block_1_23' title="bbox 2170 751 3751 827">
    <p class='ocr_par' dir='ltr' id='par_1_23' title="bbox 2170 751 3751 827">
     <span class='ocr_line' id='line_1_23' title="bbox 2170 751 3751 827; baseline -0.004 -18"><span class='ocrx_word' id='word_1_145' title='bbox 2170 756 2367 827; x_wconf 80' lang='grc' dir='ltr'>ῥαίνων</span> <span class='ocrx_word' id='word_1_146' title='bbox 2393 755 2487 809; x_wconf 83' lang='grc' dir='ltr'><strong>τοῦ</strong></span> <span class='ocrx_word' id='word_1_147' title='bbox 2522 756 2773 825; x_wconf 79' lang='grc' dir='ltr'>αἵματος,</span> <span class='ocrx_word' id='word_1_148' title='bbox 2810 754 2877 807; x_wconf 84' lang='grc' dir='ltr'>δι’</span> <span class='ocrx_word' id='word_1_149' title='bbox 2913 752 3104 807; x_wconf 78' lang='grc' dir='ltr'>ἐαυτοῦ</span> <span class='ocrx_word' id='word_1_150' title='bbox 3132 752 3224 806; x_wconf 81' lang='grc' dir='ltr'><strong>τὸν</strong></span> <span class='ocrx_word' id='word_1_151' title='bbox 3271 751 3425 817; x_wconf 80' lang='grc' dir='ltr'>Θεὸν,</span> <span class='ocrx_word' id='word_1_152' title='bbox 3455 751 3513 804; x_wconf 79' lang='grc' dir='ltr'>ὃν</span> <span class='ocrx_word' id='word_1_153' title='bbox 3546 751 3604 804; x_wconf 88' lang='grc' dir='ltr'><strong>ἐν</strong></span> <span class='ocrx_word' id='word_1_154' title='bbox 3632 752 3751 813; x_wconf 81' lang='grc' dir='ltr'>τοῖς</span> 
     </span>
    </p>
   </div>
   <div class='ocr_carea' id='block_1_24' title="bbox 2167 842 3751 918">
    <p class='ocr_par' dir='ltr' id='par_1_24' title="bbox 2167 842 3751 918">
     <span class='ocr_line' id='line_1_24' title="bbox 2167 842 3751 918; baseline -0.004 -18"><span class='ocrx_word' id='word_1_155' title='bbox 2167 847 2438 918; x_wconf 80' lang='grc' dir='ltr'>οὐρανίοις</span> <span class='ocrx_word' id='word_1_156' title='bbox 2469 846 2679 910; x_wconf 84' lang='grc' dir='ltr'>ἀδύτοις</span> <span class='ocrx_word' id='word_1_157' title='bbox 2709 845 2956 909; x_wconf 75' lang='grc' dir='ltr'>ἔϐλεπεν,</span> <span class='ocrx_word' id='word_1_158' title='bbox 2984 845 3122 915; x_wconf 80' lang='grc' dir='ltr'>ὑπὲρ</span> <span class='ocrx_word' id='word_1_159' title='bbox 3152 844 3262 897; x_wconf 83' lang='grc' dir='ltr'>τῶν</span> <span class='ocrx_word' id='word_1_160' title='bbox 3288 842 3751 913; x_wconf 80' lang='grc' dir='ltr'>πλημμελούντων</span> 
     </span>
    </p>
   </div>
   <div class='ocr_carea' id='block_1_25' title="bbox 2168 932 3748 1009">
    <p class='ocr_par' dir='ltr' id='par_1_25' title="bbox 2168 932 3748 1009">
     <span class='ocr_line' id='line_1_25' title="bbox 2168 932 3748 1009; baseline -0.003 -18"><span class='ocrx_word' id='word_1_161' title='bbox 2168 937 2452 1006; x_wconf 82' lang='grc' dir='ltr'>ἐξιλεοῦτο.</span> <span class='ocrx_word' id='word_1_162' title='bbox 2499 938 2800 1008; x_wconf 71' lang='grc' dir='ltr'>Εὐεργεσία</span> <span class='ocrx_word' id='word_1_163' title='bbox 2829 936 2928 1009; x_wconf 83' lang='grc' dir='ltr'>τὴν</span> <span class='ocrx_word' id='word_1_164' title='bbox 2970 936 3280 1007; x_wconf 78' lang='grc' dir='ltr'>μιαιφονίαν</span> <span class='ocrx_word' id='word_1_165' title='bbox 3312 934 3490 989; x_wconf 82' lang='grc' dir='ltr'>αὐτῶν</span> <span class='ocrx_word' id='word_1_166' title='bbox 3521 932 3748 1005; x_wconf 84' lang='grc' dir='ltr'>ἀμειϐό-</span> 
     </span>
    </p>
   </div>
   <div class='ocr_carea' id='block_1_26' title="bbox 2172 1012 3746 1101">
    <p class='ocr_par' dir='ltr' id='par_1_26' title="bbox 2172 1012 3746 1101">
     <span class='ocr_line' id='line_1_26' title="bbox 2172 1012 3746 1101; baseline -0.003 -18"><span class='ocrx_word' id='word_1_167' title='bbox 2172 1048 2351 1101; x_wconf 85' lang='grc' dir='ltr'>μενος,</span> <span class='ocrx_word' id='word_1_168' title='bbox 2381 1030 2515 1101; x_wconf 87' lang='grc' dir='ltr'>βοῶν</span> <span class='ocrx_word' id='word_1_169' title='bbox 2537 1032 2594 1083; x_wconf 90' lang='grc' dir='ltr'><strong>ἐν</strong></span> <span class='ocrx_word' id='word_1_170' title='bbox 2618 1033 2737 1095; x_wconf 88' lang='grc' dir='ltr'>ταῖς</span> <span class='ocrx_word' id='word_1_171' title='bbox 2760 1030 2869 1083; x_wconf 88' lang='grc' dir='ltr'><strong>τῶν</strong></span> <span class='ocrx_word' id='word_1_172' title='bbox 2891 1012 3161 1100; x_wconf 74' lang='grc' dir='ltr'>φονευτῶν</span> <span class='ocrx_word' id='word_1_173' title='bbox 3189 1032 3401 1088; x_wconf 83' lang='grc' dir='ltr'>ἀκοαῖς,</span> <span class='ocrx_word' id='word_1_174' title='bbox 3427 1028 3519 1082; x_wconf 74' lang='grc' dir='ltr'>καὶ</span> <span class='ocrx_word' id='word_1_175' title='bbox 3539 1026 3711 1095; x_wconf 81' lang='grc' dir='ltr'>λέγων</span> <span class='ocrx_word' id='word_1_176' title='bbox 3730 1043 3746 1057; x_wconf 75' lang='grc'><strong><em>⁸</em></strong></span> 
     </span>
    </p>
   </div>
   <div class='ocr_carea' id='block_1_27' title="bbox 2168 1119 3745 1192">
    <p class='ocr_par' dir='ltr' id='par_1_27' title="bbox 2168 1119 3745 1192">
     <span class='ocr_line' id='line_1_27' title="bbox 2168 1119 3745 1192; baseline -0.003 -14"><span class='ocrx_word' id='word_1_177' title='bbox 2168 1124 2363 1190; x_wconf 84' lang='grc' dir='ltr'>Κύριε,</span> <span class='ocrx_word' id='word_1_178' title='bbox 2397 1121 2482 1192; x_wconf 80' lang='grc' dir='ltr'>μὴ</span> <span class='ocrx_word' id='word_1_179' title='bbox 2525 1121 2763 1189; x_wconf 84' lang='grc' dir='ltr'><strong>στήσῃς</strong></span> <span class='ocrx_word' id='word_1_180' title='bbox 2789 1121 2993 1186; x_wconf 83' lang='grc' dir='ltr'>αὐτοῖς</span> <span class='ocrx_word' id='word_1_181' title='bbox 3019 1120 3134 1188; x_wconf 78' lang='grc' dir='ltr'><strong>τὴν</strong></span> <span class='ocrx_word' id='word_1_182' title='bbox 3166 1120 3458 1189; x_wconf 81' lang='grc' dir='ltr'><strong>ἁμαρτίαν</strong></span> <span class='ocrx_word' id='word_1_183' title='bbox 3500 1119 3745 1184; x_wconf 79' lang='grc' dir='ltr'>ταύτην.</span> 
     </span>
    </p>
   </div>
   <div class='ocr_carea' id='block_1_28' title="bbox 2173 1210 3746 1285">
    <p class='ocr_par' dir='ltr' id='par_1_28' title="bbox 2173 1210 3746 1285">
     <span class='ocr_line' id='line_1_28' title="bbox 2173 1210 3746 1285; baseline -0.003 -19"><span class='ocrx_word' id='word_1_184' title='bbox 2173 1215 2329 1268; x_wconf 83' lang='grc' dir='ltr'><strong>Καὶὸ</strong></span> <span class='ocrx_word' id='word_1_185' title='bbox 2362 1215 2481 1285; x_wconf 77' lang='grc' dir='ltr'>μὲν,</span> <span class='ocrx_word' id='word_1_186' title='bbox 2514 1213 2793 1285; x_wconf 78' lang='grc' dir='ltr'>ἐξήλειφεν</span> <span class='ocrx_word' id='word_1_187' title='bbox 2819 1213 3004 1268; x_wconf 83' lang='grc' dir='ltr'>αὐτῶν</span> <span class='ocrx_word' id='word_1_188' title='bbox 3035 1214 3102 1267; x_wconf 87' lang='grc' dir='ltr'>δι’</span> <span class='ocrx_word' id='word_1_189' title='bbox 3131 1214 3296 1284; x_wconf 80' lang='grc' dir='ltr'>εύχῆς</span> <span class='ocrx_word' id='word_1_190' title='bbox 3323 1213 3423 1284; x_wconf 78' lang='grc' dir='ltr'>τὴν</span> <span class='ocrx_word' id='word_1_191' title='bbox 3453 1210 3746 1282; x_wconf 80' lang='grc' dir='ltr'>ἁμαρτίαν,</span> 
     </span>
    </p>
   </div>
   <div class='ocr_carea' id='block_1_29' title="bbox 2170 1303 3753 1377">
    <p class='ocr_par' dir='ltr' id='par_1_29' title="bbox 2170 1303 3753 1377">
     <span class='ocr_line' id='line_1_29' title="bbox 2170 1303 3753 1377; baseline -0.004 -18"><span class='ocrx_word' id='word_1_192' title='bbox 2170 1307 2237 1377; x_wconf 82' lang='grc' dir='ltr'>ἥν</span> <span class='ocrx_word' id='word_1_193' title='bbox 2267 1308 2388 1368; x_wconf 87' lang='grc' dir='ltr'>ταῖς</span> <span class='ocrx_word' id='word_1_194' title='bbox 2428 1305 2760 1377; x_wconf 86' lang='grc' dir='ltr'>παρανόμοις</span> <span class='ocrx_word' id='word_1_195' title='bbox 2782 1305 2971 1365; x_wconf 82' lang='grc' dir='ltr'>αὐτῶν</span> <span class='ocrx_word' id='word_1_196' title='bbox 3004 1304 3190 1376; x_wconf 72' lang='grc' dir='ltr'>χερσὶν</span> <span class='ocrx_word' id='word_1_197' title='bbox 3219 1306 3267 1356; x_wconf 77' lang='grc' dir='ltr'>οἱ</span> <span class='ocrx_word' id='word_1_198' title='bbox 3298 1303 3572 1374; x_wconf 85' lang='grc' dir='ltr'>μιαιφόνοι</span> <span class='ocrx_word' id='word_1_199' title='bbox 3609 1303 3753 1372; x_wconf 86' lang='grc' dir='ltr'>ἐχει-</span> 
     </span>
    </p>
   </div>
   <div class='ocr_carea' id='block_1_30' title="bbox 2144 1395 3748 1469">
    <p class='ocr_par' dir='ltr' id='par_1_30' title="bbox 2144 1395 3748 1469">
     <span class='ocr_line' id='line_1_30' title="bbox 2144 1395 3748 1469; baseline -0.001 -20"><span class='ocrx_word' id='word_1_200' title='bbox 2144 1397 2478 1467; x_wconf 81' lang='grc' dir='ltr'>-ρογράφουν</span> <span class='ocrx_word' id='word_1_201' title='bbox 2503 1414 2516 1427; x_wconf 91' lang='grc'><strong>·</strong></span> <span class='ocrx_word' id='word_1_202' title='bbox 2551 1400 2599 1451; x_wconf 79' lang='lat' dir='ltr'><strong>oi</strong></span> <span class='ocrx_word' id='word_1_203' title='bbox 2630 1397 2686 1451; x_wconf 83' lang='grc' dir='ltr'><strong>δὲ</strong></span> <span class='ocrx_word' id='word_1_204' title='bbox 2714 1399 2806 1450; x_wconf 76' lang='grc' dir='ltr'>καὶ</span> <span class='ocrx_word' id='word_1_205' title='bbox 2833 1398 2969 1469; x_wconf 84' lang='grc' dir='ltr'>πρὸς</span> <span class='ocrx_word' id='word_1_206' title='bbox 3011 1397 3111 1469; x_wconf 85' lang='grc' dir='ltr'>τὴν</span> <span class='ocrx_word' id='word_1_207' title='bbox 3155 1395 3318 1466; x_wconf 82' lang='grc' dir='ltr'>εὐχὴν</span> <span class='ocrx_word' id='word_1_208' title='bbox 3348 1395 3748 1467; x_wconf 82' lang='grc' dir='ltr'>παρωξύνοντο,</span> 
     </span>
    </p>
   </div>
   <div class='ocr_carea' id='block_1_31' title="bbox 2171 1480 3753 1560">
    <p class='ocr_par' dir='ltr' id='par_1_31' title="bbox 2171 1480 3753 1560">
     <span class='ocr_line' id='line_1_31' title="bbox 2171 1480 3753 1560; baseline -0.001 -19"><span class='ocrx_word' id='word_1_209' title='bbox 2171 1490 2267 1541; x_wconf 76' lang='grc' dir='ltr'><strong>καὶ</strong></span> <span class='ocrx_word' id='word_1_210' title='bbox 2293 1489 2354 1542; x_wconf 86' lang='grc' dir='ltr'><strong>ού</strong></span> <span class='ocrx_word' id='word_1_211' title='bbox 2376 1489 2640 1560; x_wconf 84' lang='grc' dir='ltr'>πρότερον</span> <span class='ocrx_word' id='word_1_212' title='bbox 2673 1488 2893 1542; x_wconf 86' lang='grc' dir='ltr'>ἀνίεσαν</span> <span class='ocrx_word' id='word_1_213' title='bbox 2928 1489 3228 1560; x_wconf 83' lang='grc' dir='ltr'>βάλλοντες,</span> <span class='ocrx_word' id='word_1_214' title='bbox 3260 1488 3366 1551; x_wconf 72' lang='grc' dir='ltr'><strong>ἕως</strong></span> <span class='ocrx_word' id='word_1_215' title='bbox 3402 1480 3463 1541; x_wconf 78' lang='grc' dir='ltr'><strong>οὖ</strong></span> <span class='ocrx_word' id='word_1_216' title='bbox 3504 1488 3532 1540; x_wconf 97' lang='lat'><strong>6</strong></span> <span class='ocrx_word' id='word_1_217' title='bbox 3575 1487 3753 1557; x_wconf 82' lang='grc' dir='ltr'>μέγας</span> 
     </span>
    </p>
   </div>
   <div class='ocr_carea' id='block_1_32' title="bbox 2172 1577 3754 1649">
    <p class='ocr_par' dir='ltr' id='par_1_32' title="bbox 2172 1577 3754 1649">
     <span class='ocr_line' id='line_1_32' title="bbox 2172 1577 3754 1649; baseline -0.001 -18"><span class='ocrx_word' id='word_1_218' title='bbox 2172 1578 2440 1647; x_wconf 85' lang='grc' dir='ltr'>Στέφανος</span> <span class='ocrx_word' id='word_1_219' title='bbox 2490 1579 2741 1649; x_wconf 87' lang='grc' dir='ltr'>καθάπερ</span> <span class='ocrx_word' id='word_1_220' title='bbox 2789 1579 3003 1633; x_wconf 77' lang='grc' dir='ltr'>ἄνθεσιν</span> <span class='ocrx_word' id='word_1_221' title='bbox 3056 1578 3310 1644; x_wconf 80' lang='grc' dir='ltr'>ἁπαλοῖς,</span> <span class='ocrx_word' id='word_1_222' title='bbox 3349 1577 3382 1649; x_wconf 81' lang='grc' dir='ltr'><strong>ἢ</strong></span> <span class='ocrx_word' id='word_1_223' title='bbox 3424 1577 3600 1649; x_wconf 83' lang='grc' dir='ltr'>δρόσῳ</span> <span class='ocrx_word' id='word_1_224' title='bbox 3642 1577 3754 1630; x_wconf 70' lang='grc' dir='ltr'>τινὶ</span> 
     </span>
    </p>
   </div>
   <div class='ocr_carea' id='block_1_33' title="bbox 2172 1669 3752 1746">
    <p class='ocr_par' dir='ltr' id='par_1_33' title="bbox 2172 1669 3752 1746">
     <span class='ocr_line' id='line_1_33' title="bbox 2172 1669 3752 1746; baseline -0.003 -20"><span class='ocrx_word' id='word_1_225' title='bbox 2172 1673 2350 1746; x_wconf 80' lang='grc' dir='ltr'>κούφῃ</span> <span class='ocrx_word' id='word_1_226' title='bbox 2398 1672 2822 1743; x_wconf 75' lang='grc' dir='ltr'>περιρῤεόμενος</span> <span class='ocrx_word' id='word_1_227' title='bbox 2865 1674 2946 1734; x_wconf 86' lang='grc' dir='ltr'><strong>εἰς</strong></span> <span class='ocrx_word' id='word_1_228' title='bbox 2987 1671 3077 1724; x_wconf 84' lang='grc' dir='ltr'><strong>τὸν</strong></span> <span class='ocrx_word' id='word_1_229' title='bbox 3106 1670 3310 1740; x_wconf 78' lang='grc' dir='ltr'>γλυκὺν</span> <span class='ocrx_word' id='word_1_230' title='bbox 3351 1671 3446 1724; x_wconf 79' lang='grc' dir='ltr'>καὶ</span> <span class='ocrx_word' id='word_1_231' title='bbox 3479 1669 3752 1741; x_wconf 82' lang='grc' dir='ltr'>μακάριον</span> 
     </span>
    </p>
   </div>
   <div class='ocr_carea' id='block_1_34' title="bbox 502 1742 2075 1834">
    <p class='ocr_par' dir='ltr' id='par_1_34' title="bbox 502 1761 2065 1834">
     <span class='ocr_line' id='line_1_34' title="bbox 502 1761 2065 1834; baseline -0.004 -15"><span class='ocrx_word' id='word_1_232' title='bbox 502 1766 867 1834; x_wconf 78' lang='lat' dir='ltr'><strong>Sperabantur</strong></span> <span class='ocrx_word' id='word_1_233' title='bbox 888 1782 900 1817; x_wconf 90' lang='lat'><strong>:</strong></span> <span class='ocrx_word' id='word_1_234' title='bbox 922 1778 984 1818; x_wconf 87' lang='lat' dir='ltr'><strong>ac</strong></span> <span class='ocrx_word' id='word_1_235' title='bbox 1003 1779 1111 1817; x_wconf 91' lang='lat' dir='ltr'><strong>non</strong></span> <span class='ocrx_word' id='word_1_236' title='bbox 1131 1763 1280 1833; x_wconf 91' lang='lat' dir='ltr'><strong>prius</strong></span> <span class='ocrx_word' id='word_1_237' title='bbox 1299 1778 1422 1817; x_wconf 81' lang='lat' dir='ltr'><strong>eum</strong></span> <span class='ocrx_word' id='word_1_238' title='bbox 1440 1762 1701 1832; x_wconf 81' lang='lat' dir='ltr'><strong>impetere</strong></span> <span class='ocrx_word' id='word_1_239' title='bbox 1717 1761 2065 1825; x_wconf 90' lang='lat' dir='ltr'><strong>remiserunt,</strong></span> 
     </span>
    </p>
   </div>
   <div class='ocr_carea' id='block_1_35' title="bbox 2174 1742 3753 1834">
    <p class='ocr_par' dir='ltr' id='par_1_35' title="bbox 2174 1742 3753 1834">
     <span class='ocr_line' id='line_1_35' title="bbox 2174 1742 3753 1834; baseline -0.003 -18"><span class='ocrx_word' id='word_1_240' title='bbox 2174 1742 2348 1817; x_wconf 32' lang='grc' dir='ltr'>ὕπνον-</span> <span class='ocrx_word' id='word_1_241' title='bbox 2368 1742 2577 1834; x_wconf 56' lang='grc' dir='ltr'>ἐκλίθηέ</span> <span class='ocrx_word' id='word_1_242' title='bbox 2616 1763 2753 1817; x_wconf 83' lang='grc' dir='ltr'>Ἀλλ’</span> <span class='ocrx_word' id='word_1_243' title='bbox 2788 1763 3018 1832; x_wconf 78' lang='grc' dir='ltr'>ἔφθασεν</span> <span class='ocrx_word' id='word_1_244' title='bbox 3047 1764 3080 1833; x_wconf 80' lang='grc' dir='ltr'>ἡ</span> <span class='ocrx_word' id='word_1_245' title='bbox 3111 1762 3233 1833; x_wconf 84' lang='grc' dir='ltr'>νίκη</span> <span class='ocrx_word' id='word_1_246' title='bbox 3263 1762 3389 1825; x_wconf 72' lang='grc' dir='ltr'>τοὺς</span> <span class='ocrx_word' id='word_1_247' title='bbox 3418 1761 3632 1824; x_wconf 82' lang='grc' dir='ltr'>ἄθλους,</span> <span class='ocrx_word' id='word_1_248' title='bbox 3655 1759 3753 1813; x_wconf 71' lang='grc' dir='ltr'><strong>καὶ</strong></span> 
     </span>
    </p>
   </div>
   <div class='ocr_carea' id='block_1_36' title="bbox 502 1851 2070 1926">
    <p class='ocr_par' dir='ltr' id='par_1_36' title="bbox 502 1851 2070 1926">
     <span class='ocr_line' id='line_1_36' title="bbox 502 1851 2070 1926; baseline 0.001 -21"><span class='ocrx_word' id='word_1_249' title='bbox 502 1871 664 1926; x_wconf 82' lang='lat' dir='ltr'><strong>quant</strong></span> <span class='ocrx_word' id='word_1_250' title='bbox 704 1870 934 1926; x_wconf 83' lang='lat' dir='ltr'><strong>magnus</strong></span> <span class='ocrx_word' id='word_1_251' title='bbox 963 1855 1273 1924; x_wconf 84' lang='lat' dir='ltr'><strong>Stephanus</strong></span> <span class='ocrx_word' id='word_1_252' title='bbox 1303 1854 1469 1907; x_wconf 88' lang='lat' dir='ltr'><strong>veluti</strong></span> <span class='ocrx_word' id='word_1_253' title='bbox 1507 1854 1710 1907; x_wconf 86' lang='lat' dir='ltr'><strong>teneris</strong></span> <span class='ocrx_word' id='word_1_254' title='bbox 1736 1851 1962 1907; x_wconf 83' lang='lat' dir='ltr'><strong>ﬂoribus</strong></span> <span class='ocrx_word' id='word_1_255' title='bbox 1985 1853 2070 1906; x_wconf 89' lang='lat' dir='ltr'><strong>vel</strong></span> 
     </span>
    </p>
   </div>
   <div class='ocr_carea' id='block_1_37' title="bbox 502 1945 2071 2016">
    <p class='ocr_par' dir='ltr' id='par_1_37' title="bbox 502 1945 2071 2016">
     <span class='ocr_line' id='line_1_37' title="bbox 502 1945 2071 2016; baseline -0.002 -15"><span class='ocrx_word' id='word_1_256' title='bbox 502 1964 627 2003; x_wconf 86' lang='lat' dir='ltr'><strong>rore</strong></span> <span class='ocrx_word' id='word_1_257' title='bbox 662 1947 895 2016; x_wconf 88' lang='lat' dir='ltr'><strong>quodam</strong></span> <span class='ocrx_word' id='word_1_258' title='bbox 938 1946 1040 2000; x_wconf 86' lang='lat' dir='ltr'><strong>levi</strong></span> <span class='ocrx_word' id='word_1_259' title='bbox 1078 1945 1446 2000; x_wconf 80' lang='lat' dir='ltr'><strong>circumfusus</strong></span> <span class='ocrx_word' id='word_1_260' title='bbox 1482 1946 1535 1998; x_wconf 89' lang='lat' dir='ltr'><strong>in</strong></span> <span class='ocrx_word' id='word_1_261' title='bbox 1570 1946 1785 1999; x_wconf 88' lang='lat' dir='ltr'><strong>dulcem</strong></span> <span class='ocrx_word' id='word_1_262' title='bbox 1816 1945 1976 1998; x_wconf 89' lang='lat' dir='ltr'><strong>simul</strong></span> <span class='ocrx_word' id='word_1_263' title='bbox 2007 1959 2071 1998; x_wconf 89' lang='lat' dir='ltr'><strong>ac</strong></span> 
     </span>
    </p>
   </div>
   <div class='ocr_carea' id='block_1_38' title="bbox 500 2034 2071 2102">
    <p class='ocr_par' dir='ltr' id='par_1_38' title="bbox 500 2034 2071 2102">
     <span class='ocr_line' id='line_1_38' title="bbox 500 2034 2071 2102; baseline -0.002 -9"><span class='ocrx_word' id='word_1_264' title='bbox 500 2039 720 2093; x_wconf 85' lang='lat' dir='ltr'><strong>beatum</strong></span> <span class='ocrx_word' id='word_1_265' title='bbox 764 2052 1015 2093; x_wconf 88' lang='lat' dir='ltr'><strong>somnum</strong></span> <span class='ocrx_word' id='word_1_266' title='bbox 1057 2036 1276 2092; x_wconf 86' lang='lat' dir='ltr'><strong>delatus</strong></span> <span class='ocrx_word' id='word_1_267' title='bbox 1304 2046 1405 2091; x_wconf 90' lang='lat' dir='ltr'><strong>est.</strong></span> <span class='ocrx_word' id='word_1_268' title='bbox 1454 2034 1655 2091; x_wconf 81' lang='lat' dir='ltr'><strong>Verum</strong></span> <span class='ocrx_word' id='word_1_269' title='bbox 1698 2037 1927 2091; x_wconf 83' lang='lat' dir='ltr'><strong>victoria</strong></span> <span class='ocrx_word' id='word_1_270' title='bbox 1952 2052 2071 2102; x_wconf 71' lang='lat' dir='ltr'><strong>cer;</strong></span> 
     </span>
    </p>
   </div>
   <div class='ocr_carea' id='block_1_39' title="bbox 500 2129 2070 2198">
    <p class='ocr_par' dir='ltr' id='par_1_39' title="bbox 500 2129 2070 2198">
     <span class='ocr_line' id='line_1_39' title="bbox 500 2129 2070 2198; baseline -0.001 -16"><span class='ocrx_word' id='word_1_271' title='bbox 500 2136 680 2182; x_wconf 88' lang='lat' dir='ltr'><strong>tamen</strong></span> <span class='ocrx_word' id='word_1_272' title='bbox 711 2129 991 2198; x_wconf 61' lang='lat' dir='ltr'><strong>praevenit,</strong></span> <span class='ocrx_word' id='word_1_273' title='bbox 1017 2135 1067 2182; x_wconf 85' lang='lat' dir='ltr'><strong>et</strong></span> <span class='ocrx_word' id='word_1_274' title='bbox 1093 2136 1221 2182; x_wconf 84' lang='lat' dir='ltr'><strong>ante</strong></span> <span class='ocrx_word' id='word_1_275' title='bbox 1244 2136 1525 2183; x_wconf 85' lang='lat' dir='ltr'><strong>certamen</strong></span> <span class='ocrx_word' id='word_1_276' title='bbox 1576 2129 1839 2183; x_wconf 84' lang='lat' dir='ltr'><strong>athletam</strong></span> <span class='ocrx_word' id='word_1_277' title='bbox 1867 2144 2070 2183; x_wconf 88' lang='lat' dir='ltr'><strong>corona</strong></span> 
     </span>
    </p>
   </div>
   <div class='ocr_carea' id='block_1_40' title="bbox 497 2221 2072 2290">
    <p class='ocr_par' dir='ltr' id='par_1_40' title="bbox 497 2221 2072 2290">
     <span class='ocr_line' id='line_1_40' title="bbox 497 2221 2072 2290; baseline 0.001 -17"><span class='ocrx_word' id='word_1_278' title='bbox 497 2221 743 2273; x_wconf 73' lang='lat' dir='ltr'><strong>victoriae</strong></span> <span class='ocrx_word' id='word_1_279' title='bbox 771 2221 1085 2274; x_wconf 83' lang='lat' dir='ltr'><strong>decoratum</strong></span> <span class='ocrx_word' id='word_1_280' title='bbox 1123 2221 1390 2276; x_wconf 85' lang='lat' dir='ltr'><strong>videmus.</strong></span> <span class='ocrx_word' id='word_1_281' title='bbox 1428 2225 1741 2290; x_wconf 83' lang='lat' dir='ltr'><strong>Antequam</strong></span> <span class='ocrx_word' id='word_1_282' title='bbox 1776 2222 1922 2275; x_wconf 91' lang='lat' dir='ltr'><strong>enim</strong></span> <span class='ocrx_word' id='word_1_283' title='bbox 1952 2236 2072 2274; x_wconf 86' lang='lat' dir='ltr'><strong>cer-</strong></span> 
     </span>
    </p>
   </div>
   <div class='ocr_carea' id='block_1_41' title="bbox 500 2312 2073 2379">
    <p class='ocr_par' dir='ltr' id='par_1_41' title="bbox 500 2312 2073 2379">
     <span class='ocr_line' id='line_1_41' title="bbox 500 2312 2073 2379; baseline 0.004 -16"><span class='ocrx_word' id='word_1_284' title='bbox 500 2319 681 2365; x_wconf 88' lang='lat' dir='ltr'><strong>tamen</strong></span> <span class='ocrx_word' id='word_1_285' title='bbox 713 2312 1161 2379; x_wconf 83' lang='lat' dir='ltr'><strong>spectaveritnus,</strong></span> <span class='ocrx_word' id='word_1_286' title='bbox 1188 2312 1254 2365; x_wconf 85' lang='lat' dir='ltr'><strong>ad</strong></span> <span class='ocrx_word' id='word_1_287' title='bbox 1280 2312 1441 2367; x_wconf 78' lang='lat' dir='ltr'><strong>linem</strong></span> <span class='ocrx_word' id='word_1_288' title='bbox 1470 2314 1790 2368; x_wconf 85' lang='lat' dir='ltr'><strong>certaminis</strong></span> <span class='ocrx_word' id='word_1_289' title='bbox 1823 2313 2073 2369; x_wconf 84' lang='lat' dir='ltr'><strong>oratione</strong></span> 
     </span>
    </p>
   </div>
   <div class='ocr_carea' id='block_1_42' title="bbox 500 2402 2072 2476">
    <p class='ocr_par' dir='ltr' id='par_1_42' title="bbox 500 2402 2072 2476">
     <span class='ocr_line' id='line_1_42' title="bbox 500 2402 2072 2476; baseline 0.004 -20"><span class='ocrx_word' id='word_1_290' title='bbox 500 2404 745 2473; x_wconf 79' lang='lat' dir='ltr'><strong>provecti</strong></span> <span class='ocrx_word' id='word_1_291' title='bbox 773 2419 984 2458; x_wconf 89' lang='lat' dir='ltr'><strong>sumus.</strong></span> <span class='ocrx_word' id='word_1_292' title='bbox 1020 2402 1320 2474; x_wconf 84' lang='lat' dir='ltr'><strong>Oportebat</strong></span> <span class='ocrx_word' id='word_1_293' title='bbox 1356 2406 1524 2468; x_wconf 91' lang='lat' dir='ltr'><strong>enim,</strong></span> <span class='ocrx_word' id='word_1_294' title='bbox 1562 2407 1782 2476; x_wconf 90' lang='lat' dir='ltr'><strong>opinor,</strong></span> <span class='ocrx_word' id='word_1_295' title='bbox 1820 2408 2072 2462; x_wconf 87' lang='lat' dir='ltr'><strong>oratione</strong></span> 
     </span>
    </p>
   </div>
   <div class='ocr_carea' id='block_1_43' title="bbox 500 2498 2072 2570">
    <p class='ocr_par' dir='ltr' id='par_1_43' title="bbox 500 2498 2072 2570">
     <span class='ocr_line' id='line_1_43' title="bbox 500 2498 2072 2570; baseline 0.003 -20"><span class='ocrx_word' id='word_1_296' title='bbox 500 2511 609 2551; x_wconf 86' lang='lat' dir='ltr'><strong>non</strong></span> <span class='ocrx_word' id='word_1_297' title='bbox 642 2498 918 2566; x_wconf 60' lang='lat' dir='ltr'><strong>praeterire</strong></span> <span class='ocrx_word' id='word_1_298' title='bbox 950 2510 1034 2556; x_wconf 90' lang='lat' dir='ltr'><strong>ea.</strong></span> <span class='ocrx_word' id='word_1_299' title='bbox 1072 2512 1166 2565; x_wconf 89' lang='lat' dir='ltr'><strong>per</strong></span> <span class='ocrx_word' id='word_1_300' title='bbox 1189 2513 1310 2567; x_wconf 63' lang='lat' dir='ltr'><strong>quae</strong></span> <span class='ocrx_word' id='word_1_301' title='bbox 1338 2498 1575 2553; x_wconf 78' lang='lat' dir='ltr'><strong>maxime</strong></span> <span class='ocrx_word' id='word_1_302' title='bbox 1612 2500 1870 2570; x_wconf 84' lang='lat' dir='ltr'><strong>martyris</strong></span> <span class='ocrx_word' id='word_1_303' title='bbox 1897 2500 2072 2555; x_wconf 90' lang='lat' dir='ltr'><strong>virtus</strong></span> 
     </span>
    </p>
   </div>
   <div class='ocr_carea' id='block_1_44' title="bbox 500 2588 2072 2660">
    <p class='ocr_par' dir='ltr' id='par_1_44' title="bbox 500 2588 2072 2660">
     <span class='ocr_line' id='line_1_44' title="bbox 500 2588 2072 2660; baseline 0.003 -19"><span class='ocrx_word' id='word_1_304' title='bbox 500 2588 912 2653; x_wconf 82' lang='lat' dir='ltr'><strong>ostendebatur,</strong></span> <span class='ocrx_word' id='word_1_305' title='bbox 954 2589 1135 2658; x_wconf 89' lang='lat' dir='ltr'><strong>qualis</strong></span> <span class='ocrx_word' id='word_1_306' title='bbox 1166 2588 1234 2643; x_wconf 90' lang='lat' dir='ltr'><strong>ad</strong></span> <span class='ocrx_word' id='word_1_307' title='bbox 1268 2589 1471 2644; x_wconf 64' lang='lat' dir='ltr'><strong>caadem</strong></span> <span class='ocrx_word' id='word_1_308' title='bbox 1507 2605 1903 2660; x_wconf 83' lang='lat' dir='ltr'><strong>prepensorum</strong></span> <span class='ocrx_word' id='word_1_309' title='bbox 1937 2607 2072 2645; x_wconf 85' lang='lat' dir='ltr'><strong>cott-</strong></span> 
     </span>
    </p>
   </div>
   <div class='ocr_carea' id='block_1_45' title="bbox 501 2680 2073 2750">
    <p class='ocr_par' dir='ltr' id='par_1_45' title="bbox 501 2680 2073 2750">
     <span class='ocr_line' id='line_1_45' title="bbox 501 2680 2073 2750; baseline 0.001 -16"><span class='ocrx_word' id='word_1_310' title='bbox 501 2695 712 2742; x_wconf 86' lang='lat' dir='ltr'><strong>sessus,</strong></span> <span class='ocrx_word' id='word_1_311' title='bbox 746 2687 799 2735; x_wconf 89' lang='lat' dir='ltr'><strong>et</strong></span> <span class='ocrx_word' id='word_1_312' title='bbox 828 2680 1107 2750; x_wconf 79' lang='lat' dir='ltr'><strong>quomodo</strong></span> <span class='ocrx_word' id='word_1_313' title='bbox 1141 2680 1400 2736; x_wconf 90' lang='lat' dir='ltr'><strong>omnibus</strong></span> <span class='ocrx_word' id='word_1_314' title='bbox 1436 2695 1503 2736; x_wconf 82' lang='lat' dir='ltr'><strong>ex</strong></span> <span class='ocrx_word' id='word_1_315' title='bbox 1537 2695 1697 2749; x_wconf 58' lang='lat' dir='ltr'><strong>atquo</strong></span> <span class='ocrx_word' id='word_1_316' title='bbox 1740 2683 1956 2736; x_wconf 88' lang='lat' dir='ltr'><strong>animus</strong></span> <span class='ocrx_word' id='word_1_317' title='bbox 2005 2681 2073 2736; x_wconf 85' lang='lat' dir='ltr'><strong>ad</strong></span> 
     </span>
    </p>
   </div>
   <div class='ocr_carea' id='block_1_46' title="bbox 500 2771 2071 2844">
    <p class='ocr_par' dir='ltr' id='par_1_46' title="bbox 500 2771 2071 2844">
     <span class='ocr_line' id='line_1_46' title="bbox 500 2771 2071 2844; baseline 0.001 -19"><span class='ocrx_word' id='word_1_318' title='bbox 500 2772 700 2825; x_wconf 67' lang='lat' dir='ltr'><strong>caedem</strong></span> <span class='ocrx_word' id='word_1_319' title='bbox 737 2771 1047 2826; x_wconf 89' lang='lat' dir='ltr'><strong>concitatus</strong></span> <span class='ocrx_word' id='word_1_320' title='bbox 1070 2811 1085 2833; x_wconf 86' lang='lat'><strong>,</strong></span> <span class='ocrx_word' id='word_1_321' title='bbox 1119 2780 1325 2841; x_wconf 85' lang='lat' dir='ltr'><strong>quanta</strong></span> <span class='ocrx_word' id='word_1_322' title='bbox 1373 2774 1724 2844; x_wconf 80' lang='lat' dir='ltr'><strong>congregatis</strong></span> <span class='ocrx_word' id='word_1_323' title='bbox 1753 2772 1821 2827; x_wconf 92' lang='lat' dir='ltr'><strong>ad</strong></span> <span class='ocrx_word' id='word_1_324' title='bbox 1871 2774 2071 2826; x_wconf 87' lang='lat' dir='ltr'><strong>malum</strong></span> 
     </span>
    </p>
   </div>
   <div class='ocr_carea' id='block_1_47' title="bbox 502 2861 2072 2933">
    <p class='ocr_par' dir='ltr' id='par_1_47' title="bbox 502 2861 2072 2933">
     <span class='ocr_line' id='line_1_47' title="bbox 502 2861 2072 2933; baseline 0.002 -19"><span class='ocrx_word' id='word_1_325' title='bbox 502 2861 839 2930; x_wconf 89' lang='lat' dir='ltr'><strong>conspiratio</strong></span> <span class='ocrx_word' id='word_1_326' title='bbox 859 2900 874 2927; x_wconf 91' lang='lat'><strong>,</strong></span> <span class='ocrx_word' id='word_1_327' title='bbox 905 2863 1087 2931; x_wconf 90' lang='lat' dir='ltr'><strong>qualis</strong></span> <span class='ocrx_word' id='word_1_328' title='bbox 1119 2863 1390 2932; x_wconf 86' lang='lat' dir='ltr'><strong>cujusque</strong></span> <span class='ocrx_word' id='word_1_329' title='bbox 1419 2863 1669 2927; x_wconf 87' lang='lat' dir='ltr'><strong>obtutus,</strong></span> <span class='ocrx_word' id='word_1_330' title='bbox 1704 2864 1883 2933; x_wconf 88' lang='lat' dir='ltr'><strong>qualis</strong></span> <span class='ocrx_word' id='word_1_331' title='bbox 1916 2864 2072 2918; x_wconf 85' lang='lat' dir='ltr'><strong>babi—</strong></span> 
     </span>
    </p>
   </div>
   <div class='ocr_carea' id='block_1_48' title="bbox 505 2953 2074 3021">
    <p class='ocr_par' dir='ltr' id='par_1_48' title="bbox 505 2953 2074 3021">
     <span class='ocr_line' id='line_1_48' title="bbox 505 2953 2074 3021; baseline 0.003 -15"><span class='ocrx_word' id='word_1_332' title='bbox 505 2961 593 3006; x_wconf 82' lang='lat' dir='ltr'><strong>tus</strong></span> <span class='ocrx_word' id='word_1_333' title='bbox 616 2994 631 3017; x_wconf 90' lang='lat'><strong>,</strong></span> <span class='ocrx_word' id='word_1_334' title='bbox 668 2953 847 3021; x_wconf 91' lang='lat' dir='ltr'><strong>qualis</strong></span> <span class='ocrx_word' id='word_1_335' title='bbox 876 2953 1122 3007; x_wconf 90' lang='lat' dir='ltr'><strong>dentium</strong></span> <span class='ocrx_word' id='word_1_336' title='bbox 1152 2963 1335 3010; x_wconf 92' lang='lat' dir='ltr'><strong>motus</strong></span> <span class='ocrx_word' id='word_1_337' title='bbox 1368 2964 1419 3010; x_wconf 93' lang='lat' dir='ltr'><strong>et</strong></span> <span class='ocrx_word' id='word_1_338' title='bbox 1455 2955 1682 3015; x_wconf 67' lang='lat' dir='ltr'><strong>amictus</strong></span> <span class='ocrx_word' id='word_1_339' title='bbox 1709 2966 1891 3021; x_wconf 90' lang='lat' dir='ltr'><strong>esset,</strong></span> <span class='ocrx_word' id='word_1_340' title='bbox 1929 2958 2074 3013; x_wconf 87' lang='lat' dir='ltr'><strong>sicut</strong></span> 
     </span>
    </p>
   </div>
   <div class='ocr_carea' id='block_1_49' title="bbox 503 3041 2144 3138">
    <p class='ocr_par' dir='ltr' id='par_1_49' title="bbox 503 3041 2144 3138">
     <span class='ocr_line' id='line_1_49' title="bbox 503 3041 2144 3138; baseline 0.002 -41"><span class='ocrx_word' id='word_1_341' title='bbox 503 3043 687 3098; x_wconf 87' lang='lat' dir='ltr'><strong>divina</strong></span> <span class='ocrx_word' id='word_1_342' title='bbox 751 3041 1033 3112; x_wconf 85' lang='lat' dir='ltr'><strong>Scriptura</strong></span> <span class='ocrx_word' id='word_1_343' title='bbox 1090 3043 1389 3113; x_wconf 80' lang='lat' dir='ltr'><strong>signiﬁcat,</strong></span> <span class='ocrx_word' id='word_1_344' title='bbox 1452 3045 1621 3113; x_wconf 89' lang='lat' dir='ltr'><strong>quod</strong></span> <span class='ocrx_word' id='word_1_345' title='bbox 1657 3047 2144 3138; x_wconf 71' lang='lat' dir='ltr'><strong>dissecarenturc</strong></span> 
     </span>
    </p>
   </div>
   <div class='ocr_carea' id='block_1_50' title="bbox 504 3134 2066 3199">
    <p class='ocr_par' dir='ltr' id='par_1_50' title="bbox 504 3134 2066 3199">
     <span class='ocr_line' id='line_1_50' title="bbox 504 3134 2066 3199; baseline 0.003 -11"><span class='ocrx_word' id='word_1_346' title='bbox 504 3135 761 3190; x_wconf 88' lang='lat' dir='ltr'><strong>cordibus</strong></span> <span class='ocrx_word' id='word_1_347' title='bbox 778 3134 914 3199; x_wconf 90' lang='lat' dir='ltr'><strong>suis,</strong></span> <span class='ocrx_word' id='word_1_348' title='bbox 937 3143 991 3188; x_wconf 89' lang='lat' dir='ltr'><strong>et</strong></span> <span class='ocrx_word' id='word_1_349' title='bbox 1016 3134 1327 3189; x_wconf 82' lang='lat' dir='ltr'><strong>frenderent</strong></span> <span class='ocrx_word' id='word_1_350' title='bbox 1344 3136 1601 3192; x_wconf 88' lang='lat' dir='ltr'><strong>dentibus</strong></span> <span class='ocrx_word' id='word_1_351' title='bbox 1621 3137 1738 3193; x_wconf 89' lang='lat' dir='ltr'><strong>suis</strong></span> <span class='ocrx_word' id='word_1_352' title='bbox 1762 3138 1818 3192; x_wconf 92' lang='lat' dir='ltr'><strong>in</strong></span> <span class='ocrx_word' id='word_1_353' title='bbox 1839 3153 1964 3193; x_wconf 90' lang='lat' dir='ltr'><strong>eum</strong></span> <span class='ocrx_word' id='word_1_354' title='bbox 1985 3137 2027 3170; x_wconf 76' lang='lat'><strong>“</strong></span> <span class='ocrx_word' id='word_1_355' title='bbox 2052 3156 2066 3192; x_wconf 87' lang='lat'><strong>:</strong></span> 
     </span>
    </p>
   </div>
   <div class='ocr_carea' id='block_1_51' title="bbox 505 3225 2071 3297">
    <p class='ocr_par' dir='ltr' id='par_1_51' title="bbox 505 3225 2071 3297">
     <span class='ocr_line' id='line_1_51' title="bbox 505 3225 2071 3297; baseline 0.002 -18"><span class='ocrx_word' id='word_1_356' title='bbox 505 3227 598 3296; x_wconf 88' lang='lat' dir='ltr'><strong>qui</strong></span> <span class='ocrx_word' id='word_1_357' title='bbox 629 3228 683 3279; x_wconf 86' lang='lat' dir='ltr'><strong>in</strong></span> <span class='ocrx_word' id='word_1_358' title='bbox 705 3225 885 3280; x_wconf 89' lang='lat' dir='ltr'><strong>medio</strong></span> <span class='ocrx_word' id='word_1_359' title='bbox 901 3232 979 3280; x_wconf 89' lang='lat' dir='ltr'><strong>tot</strong></span> <span class='ocrx_word' id='word_1_360' title='bbox 1004 3242 1069 3280; x_wconf 92' lang='lat' dir='ltr'><strong>ac</strong></span> <span class='ocrx_word' id='word_1_361' title='bbox 1096 3228 1287 3280; x_wconf 87' lang='lat' dir='ltr'><strong>talium</strong></span> <span class='ocrx_word' id='word_1_362' title='bbox 1312 3237 1488 3293; x_wconf 83' lang='lat' dir='ltr'><strong>stans,</strong></span> <span class='ocrx_word' id='word_1_363' title='bbox 1521 3236 1822 3297; x_wconf 88' lang='lat' dir='ltr'><strong>contraque</strong></span> <span class='ocrx_word' id='word_1_364' title='bbox 1851 3243 2071 3282; x_wconf 87' lang='lat' dir='ltr'><strong>omnem</strong></span> 
     </span>
    </p>
   </div>
   <div class='ocr_carea' id='block_1_52' title="bbox 392 3317 2073 3389">
    <p class='ocr_par' dir='ltr' id='par_1_52' title="bbox 392 3317 2073 3389">
     <span class='ocr_line' id='line_1_52' title="bbox 392 3317 2073 3389; baseline 0.001 -17"><span class='ocrx_word' id='word_1_365' title='bbox 392 3358 401 3365; x_wconf 87' lang='lat'><strong>.</strong></span> <span class='ocrx_word' id='word_1_366' title='bbox 505 3318 613 3373; x_wconf 89' lang='lat' dir='ltr'><strong>vim</strong></span> <span class='ocrx_word' id='word_1_367' title='bbox 642 3317 1007 3372; x_wconf 84' lang='lat' dir='ltr'><strong>adversariam</strong></span> <span class='ocrx_word' id='word_1_368' title='bbox 1035 3360 1047 3379; x_wconf 86' lang='lat'><strong>,</strong></span> <span class='ocrx_word' id='word_1_369' title='bbox 1084 3332 1207 3387; x_wconf 83' lang='lat' dir='ltr'><strong>quae</strong></span> <span class='ocrx_word' id='word_1_370' title='bbox 1236 3333 1264 3371; x_wconf 90' lang='lat' dir='ltr'><strong>a</strong></span> <span class='ocrx_word' id='word_1_371' title='bbox 1295 3318 1664 3389; x_wconf 79' lang='lat' dir='ltr'><strong>sanguinariis</strong></span> <span class='ocrx_word' id='word_1_372' title='bbox 1716 3319 1827 3373; x_wconf 90' lang='lat' dir='ltr'><strong>illis</strong></span> <span class='ocrx_word' id='word_1_373' title='bbox 1878 3334 2073 3389; x_wconf 67' lang='lat' dir='ltr'><strong>reprae-</strong></span> 
     </span>
    </p>
   </div>
   <div class='ocr_carea' id='block_1_53' title="bbox 505 3408 2073 3477">
    <p class='ocr_par' dir='ltr' id='par_1_53' title="bbox 505 3408 2073 3477">
     <span class='ocr_line' id='line_1_53' title="bbox 505 3408 2073 3477; baseline -0.003 -12"><span class='ocrx_word' id='word_1_374' title='bbox 505 3408 842 3471; x_wconf 88' lang='lat' dir='ltr'><strong>sentabatur,</strong></span> <span class='ocrx_word' id='word_1_375' title='bbox 894 3422 1015 3462; x_wconf 85' lang='lat' dir='ltr'><strong>sese</strong></span> <span class='ocrx_word' id='word_1_376' title='bbox 1067 3418 1260 3460; x_wconf 91' lang='lat' dir='ltr'><strong>contra</strong></span> <span class='ocrx_word' id='word_1_377' title='bbox 1298 3409 1715 3472; x_wconf 73' lang='lat' dir='ltr'><strong>exsuscitans,</strong></span> <span class='ocrx_word' id='word_1_378' title='bbox 1743 3423 1840 3477; x_wconf 87' lang='lat' dir='ltr'><strong>per</strong></span> <span class='ocrx_word' id='word_1_379' title='bbox 1884 3408 2073 3463; x_wconf 90' lang='lat' dir='ltr'><strong>omnia</strong></span> 
     </span>
    </p>
   </div>
   <div class='ocr_carea' id='block_1_54' title="bbox 504 3499 2072 3570">
    <p class='ocr_par' dir='ltr' id='par_1_54' title="bbox 504 3499 2072 3570">
     <span class='ocr_line' id='line_1_54' title="bbox 504 3499 2072 3570; baseline 0 -15"><span class='ocrx_word' id='word_1_380' title='bbox 504 3499 882 3570; x_wconf 77' lang='lat' dir='ltr'><strong>magnitudine</strong></span> <span class='ocrx_word' id='word_1_381' title='bbox 922 3499 1109 3553; x_wconf 87' lang='lat' dir='ltr'><strong>animi-</strong></span> <span class='ocrx_word' id='word_1_382' title='bbox 1145 3510 1306 3569; x_wconf 89' lang='lat' dir='ltr'><strong>atque</strong></span> <span class='ocrx_word' id='word_1_383' title='bbox 1348 3499 1549 3556; x_wconf 89' lang='lat' dir='ltr'><strong>indolis</strong></span> <span class='ocrx_word' id='word_1_384' title='bbox 1590 3500 1908 3566; x_wconf 71' lang='lat' dir='ltr'><strong>excellebat,</strong></span> <span class='ocrx_word' id='word_1_385' title='bbox 1971 3500 2072 3555; x_wconf 83' lang='lat' dir='ltr'><strong>irae</strong></span> 
     </span>
    </p>
   </div>
   <div class='ocr_carea' id='block_1_55' title="bbox 504 3591 2073 3663">
    <p class='ocr_par' dir='ltr' id='par_1_55' title="bbox 504 3591 2073 3663">
     <span class='ocr_line' id='line_1_55' title="bbox 504 3591 2073 3663; baseline 0.001 -17"><span class='ocrx_word' id='word_1_386' title='bbox 504 3592 725 3663; x_wconf 90' lang='lat' dir='ltr'><strong>quidem</strong></span> <span class='ocrx_word' id='word_1_387' title='bbox 754 3593 1031 3646; x_wconf 85' lang='lat' dir='ltr'><strong>lenitatem</strong></span> <span class='ocrx_word' id='word_1_388' title='bbox 1054 3607 1067 3642; x_wconf 94' lang='lat'><strong>:</strong></span> <span class='ocrx_word' id='word_1_389' title='bbox 1090 3591 1254 3646; x_wconf 89' lang='lat' dir='ltr'><strong>minis</strong></span> <span class='ocrx_word' id='word_1_390' title='bbox 1277 3606 1428 3657; x_wconf 91' lang='lat' dir='ltr'><strong>vero,</strong></span> <span class='ocrx_word' id='word_1_391' title='bbox 1449 3591 1893 3661; x_wconf 89' lang='lat' dir='ltr'><strong>despicientiam;</strong></span> <span class='ocrx_word' id='word_1_392' title='bbox 1922 3594 2073 3647; x_wconf 82' lang='lat' dir='ltr'><strong>mor-</strong></span> 
     </span>
    </p>
   </div>
   <div class='ocr_carea' id='block_1_56' title="bbox 506 3682 2070 3753">
    <p class='ocr_par' dir='ltr' id='par_1_56' title="bbox 506 3682 2070 3753">
     <span class='ocr_line' id='line_1_56' title="bbox 506 3682 2070 3753; baseline 0.002 -17"><span class='ocrx_word' id='word_1_393' title='bbox 506 3682 578 3738; x_wconf 91' lang='lat' dir='ltr'><strong>tis</strong></span> <span class='ocrx_word' id='word_1_394' title='bbox 628 3683 847 3747; x_wconf 90' lang='lat' dir='ltr'><strong>terrori,</strong></span> <span class='ocrx_word' id='word_1_395' title='bbox 880 3683 1004 3736; x_wconf 67' lang='lat' dir='ltr'><strong>vitae</strong></span> <span class='ocrx_word' id='word_1_396' title='bbox 1041 3688 1450 3752; x_wconf 89' lang='lat' dir='ltr'><strong>contemptum;</strong></span> <span class='ocrx_word' id='word_1_397' title='bbox 1492 3685 1638 3749; x_wconf 92' lang='lat' dir='ltr'><strong>odio,</strong></span> <span class='ocrx_word' id='word_1_398' title='bbox 1675 3685 2070 3753; x_wconf 87' lang='lat' dir='ltr'><strong>dilectionem;</strong></span> 
     </span>
    </p>
   </div>
   <div class='ocr_carea' id='block_1_57' title="bbox 505 3773 2074 3841">
    <p class='ocr_par' dir='ltr' id='par_1_57' title="bbox 505 3773 2074 3841">
     <span class='ocr_line' id='line_1_57' title="bbox 505 3773 2074 3841; baseline 0.005 -14"><span class='ocrx_word' id='word_1_399' title='bbox 505 3773 935 3838; x_wconf 69' lang='lat' dir='ltr'><strong>malevolentiae,</strong></span> <span class='ocrx_word' id='word_1_400' title='bbox 971 3774 1444 3841; x_wconf 88' lang='lat' dir='ltr'><strong>benevolentiam;</strong></span> <span class='ocrx_word' id='word_1_401' title='bbox 1472 3776 1792 3841; x_wconf 81' lang='lat' dir='ltr'><strong>calumniae,</strong></span> <span class='ocrx_word' id='word_1_402' title='bbox 1830 3779 2074 3835; x_wconf 87' lang='lat' dir='ltr'><strong>veritatis</strong></span> 
     </span>
    </p>
   </div>
   <div class='ocr_carea' id='block_1_58' title="bbox 506 3862 2075 3935">
    <p class='ocr_par' dir='ltr' id='par_1_58' title="bbox 506 3862 2075 3935">
     <span class='ocr_line' id='line_1_58' title="bbox 506 3862 2075 3935; baseline 0.004 -17"><span class='ocrx_word' id='word_1_403' title='bbox 506 3864 947 3935; x_wconf 64' lang='lat' dir='ltr'><strong>praedicationem</strong></span> <span class='ocrx_word' id='word_1_404' title='bbox 1006 3878 1311 3932; x_wconf 88' lang='lat' dir='ltr'><strong>opponens.</strong></span> <span class='ocrx_word' id='word_1_405' title='bbox 1366 3862 1481 3916; x_wconf 85' lang='lat' dir='ltr'><strong>Non</strong></span> <span class='ocrx_word' id='word_1_406' title='bbox 1531 3865 1677 3919; x_wconf 89' lang='lat' dir='ltr'><strong>enim</strong></span> <span class='ocrx_word' id='word_1_407' title='bbox 1735 3881 1846 3921; x_wconf 91' lang='lat' dir='ltr'><strong>uno</strong></span> <span class='ocrx_word' id='word_1_408' title='bbox 1911 3870 2075 3924; x_wconf 91' lang='lat' dir='ltr'><strong>modo</strong></span> 
     </span>
    </p>
   </div>
   <div class='ocr_carea' id='block_1_59' title="bbox 508 3953 2074 4017">
    <p class='ocr_par' dir='ltr' id='par_1_59' title="bbox 508 3953 2074 4017">
     <span class='ocr_line' id='line_1_59' title="bbox 508 3953 2074 4017; baseline 0.003 -7"><span class='ocrx_word' id='word_1_409' title='bbox 508 3956 687 4010; x_wconf 84' lang='lat' dir='ltr'><strong>victor</strong></span> <span class='ocrx_word' id='word_1_410' title='bbox 717 3953 1133 4017; x_wconf 86' lang='lat' dir='ltr'><strong>declarabatur,</strong></span> <span class='ocrx_word' id='word_1_411' title='bbox 1170 3953 1264 4007; x_wconf 84' lang='lat' dir='ltr'><strong>sed</strong></span> <span class='ocrx_word' id='word_1_412' title='bbox 1301 3953 1567 4009; x_wconf 87' lang='lat' dir='ltr'><strong>adversus</strong></span> <span class='ocrx_word' id='word_1_413' title='bbox 1596 3970 1814 4011; x_wconf 88' lang='lat' dir='ltr'><strong>onmem</strong></span> <span class='ocrx_word' id='word_1_414' title='bbox 1855 3960 2074 4015; x_wconf 72' lang='lat' dir='ltr'><strong>malitia:</strong></span> 
     </span>
    </p>
   </div>
   <div class='ocr_carea' id='block_1_60' title="bbox 508 4041 2145 4115">
    <p class='ocr_par' dir='ltr' id='par_1_60' title="bbox 508 4041 2145 4115">
     <span class='ocr_line' id='line_1_60' title="bbox 508 4041 2145 4115; baseline 0.004 -17"><span class='ocrx_word' id='word_1_415' title='bbox 508 4043 746 4114; x_wconf 81' lang='lat' dir='ltr'><strong>speciem</strong></span> <span class='ocrx_word' id='word_1_416' title='bbox 775 4080 795 4105; x_wconf 68' lang='grc' dir='ltr'>τ</span> <span class='ocrx_word' id='word_1_417' title='bbox 827 4057 950 4111; x_wconf 80' lang='lat' dir='ltr'><strong>quae</strong></span> <span class='ocrx_word' id='word_1_418' title='bbox 999 4050 1130 4096; x_wconf 89' lang='lat' dir='ltr'><strong>tunc</strong></span> <span class='ocrx_word' id='word_1_419' title='bbox 1177 4043 1247 4096; x_wconf 90' lang='lat' dir='ltr'><strong>ab</strong></span> <span class='ocrx_word' id='word_1_420' title='bbox 1288 4041 1493 4099; x_wconf 65' lang='lat' dir='ltr'><strong>Iudaeis</strong></span> <span class='ocrx_word' id='word_1_421' title='bbox 1552 4049 2072 4115; x_wconf 67' lang='lat' dir='ltr'><strong>repraesentabatur,</strong></span> <span class='ocrx_word' id='word_1_422' title='bbox 2141 4062 2145 4067; x_wconf 79' lang='lat'><strong>‘</strong></span> 
     </span>
    </p>
   </div>
   <div class='ocr_carea' id='block_1_61' title="bbox 509 4134 2157 4203">
    <p class='ocr_par' dir='ltr' id='par_1_61' title="bbox 509 4134 2157 4203">
     <span class='ocr_line' id='line_1_61' title="bbox 509 4134 2157 4203; baseline 0.004 -12"><span class='ocrx_word' id='word_1_423' title='bbox 509 4150 633 4191; x_wconf 88' lang='lat' dir='ltr'><strong>sese</strong></span> <span class='ocrx_word' id='word_1_424' title='bbox 666 4149 761 4203; x_wconf 88' lang='lat' dir='ltr'><strong>per</strong></span> <span class='ocrx_word' id='word_1_425' title='bbox 794 4135 974 4188; x_wconf 83' lang='lat' dir='ltr'><strong>varias</strong></span> <span class='ocrx_word' id='word_1_426' title='bbox 1007 4134 1234 4189; x_wconf 90' lang='lat' dir='ltr'><strong>virtutes</strong></span> <span class='ocrx_word' id='word_1_427' title='bbox 1273 4135 1617 4191; x_wconf 86' lang='lat' dir='ltr'><strong>distribuens</strong></span> <span class='ocrx_word' id='word_1_428' title='bbox 1662 4152 1787 4193; x_wconf 91' lang='lat' dir='ltr'><strong>cum</strong></span> <span class='ocrx_word' id='word_1_429' title='bbox 1817 4141 2076 4197; x_wconf 89' lang='lat' dir='ltr'><strong>omnibus</strong></span> <span class='ocrx_word' id='word_1_430' title='bbox 2153 4140 2157 4143; x_wconf 64' lang='grc'><strong>⁷</strong></span> 
     </span>
    </p>
   </div>
   <div class='ocr_carea' id='block_1_62' title="bbox 507 4226 2075 4305">
    <p class='ocr_par' dir='ltr' id='par_1_62' title="bbox 507 4226 2075 4305">
     <span class='ocr_line' id='line_1_62' title="bbox 507 4226 2075 4305; baseline 0.004 -24"><span class='ocrx_word' id='word_1_431' title='bbox 507 4236 561 4281; x_wconf 89' lang='lat' dir='ltr'><strong>et</strong></span> <span class='ocrx_word' id='word_1_432' title='bbox 596 4226 843 4281; x_wconf 81' lang='lat' dir='ltr'><strong>conﬂixit</strong></span> <span class='ocrx_word' id='word_1_433' title='bbox 880 4235 937 4281; x_wconf 86' lang='lat' dir='ltr'><strong>et</strong></span> <span class='ocrx_word' id='word_1_434' title='bbox 979 4240 1168 4281; x_wconf 87' lang='lat' dir='ltr'><strong>omnes</strong></span> <span class='ocrx_word' id='word_1_435' title='bbox 1202 4230 1495 4296; x_wconf 88' lang='lat' dir='ltr'><strong>superavit.</strong></span> <span class='ocrx_word' id='word_1_436' title='bbox 1526 4228 1599 4285; x_wconf 86' lang='lat' dir='ltr'><strong>lta</strong></span> <span class='ocrx_word' id='word_1_437' title='bbox 1635 4232 1798 4287; x_wconf 83' lang='lat' dir='ltr'><strong>audio</strong></span> <span class='ocrx_word' id='word_1_438' title='bbox 1838 4234 1892 4288; x_wconf 91' lang='lat' dir='ltr'><strong>in</strong></span> <span class='ocrx_word' id='word_1_439' title='bbox 1919 4250 2075 4305; x_wconf 80' lang='lat' dir='ltr'><strong>gym-</strong></span> 
     </span>
    </p>
   </div>
   <div class='ocr_carea' id='block_1_63' title="bbox 508 4317 2076 4391">
    <p class='ocr_par' dir='ltr' id='par_1_63' title="bbox 508 4317 2076 4391">
     <span class='ocr_line' id='line_1_63' title="bbox 508 4317 2076 4391; baseline 0.006 -19"><span class='ocrx_word' id='word_1_440' title='bbox 508 4317 651 4373; x_wconf 87' lang='lat' dir='ltr'><strong>nieis</strong></span> <span class='ocrx_word' id='word_1_441' title='bbox 680 4333 900 4388; x_wconf 89' lang='lat' dir='ltr'><strong>quoque</strong></span> <span class='ocrx_word' id='word_1_442' title='bbox 919 4319 1316 4374; x_wconf 89' lang='lat' dir='ltr'><strong>certaminibus</strong></span> <span class='ocrx_word' id='word_1_443' title='bbox 1333 4336 1448 4385; x_wconf 84' lang='lat' dir='ltr'><strong>eos,</strong></span> <span class='ocrx_word' id='word_1_444' title='bbox 1472 4323 1566 4391; x_wconf 87' lang='lat' dir='ltr'><strong>qui</strong></span> <span class='ocrx_word' id='word_1_445' title='bbox 1605 4325 1814 4381; x_wconf 87' lang='lat' dir='ltr'><strong>viribus</strong></span> <span class='ocrx_word' id='word_1_446' title='bbox 1848 4335 2076 4383; x_wconf 83' lang='lat' dir='ltr'><strong>caeteros</strong></span> 
     </span>
    </p>
   </div>
   <div class='ocr_carea' id='block_1_64' title="bbox 2171 1852 3753 1929">
    <p class='ocr_par' dir='ltr' id='par_1_64' title="bbox 2171 1852 3753 1929">
     <span class='ocr_line' id='line_1_64' title="bbox 2171 1852 3753 1929; baseline -0.005 -18"><span class='ocrx_word' id='word_1_447' title='bbox 2171 1858 2277 1929; x_wconf 80' lang='grc' dir='ltr'><strong>πρὸ</strong></span> <span class='ocrx_word' id='word_1_448' title='bbox 2308 1857 2415 1910; x_wconf 86' lang='grc' dir='ltr'><strong>τῶν</strong></span> <span class='ocrx_word' id='word_1_449' title='bbox 2444 1855 2667 1924; x_wconf 86' lang='grc' dir='ltr'>ἀγώνων</span> <span class='ocrx_word' id='word_1_450' title='bbox 2707 1854 2922 1926; x_wconf 86' lang='grc' dir='ltr'>ὁρῶμεν</span> <span class='ocrx_word' id='word_1_451' title='bbox 2948 1854 3038 1906; x_wconf 81' lang='grc' dir='ltr'><strong>τὸν</strong></span> <span class='ocrx_word' id='word_1_452' title='bbox 3079 1853 3424 1924; x_wconf 82' lang='grc' dir='ltr'>στεφανίτην.</span> <span class='ocrx_word' id='word_1_453' title='bbox 3475 1854 3613 1922; x_wconf 76' lang='grc' dir='ltr'>Πρὶν</span> <span class='ocrx_word' id='word_1_454' title='bbox 3638 1852 3753 1922; x_wconf 82' lang='grc' dir='ltr'><strong>γὰρ</strong></span> 
     </span>
    </p>
   </div>
   <div class='ocr_carea' id='block_1_65' title="bbox 2171 1942 3753 2019">
    <p class='ocr_par' dir='ltr' id='par_1_65' title="bbox 2171 1942 3753 2019">
     <span class='ocr_line' id='line_1_65' title="bbox 2171 1942 3753 2019; baseline -0.004 -17"><span class='ocrx_word' id='word_1_455' title='bbox 2171 1948 2445 2019; x_wconf 84' lang='grc' dir='ltr'>θεωρῆσαι</span> <span class='ocrx_word' id='word_1_456' title='bbox 2477 1946 2577 2016; x_wconf 83' lang='grc' dir='ltr'>τὴν</span> <span class='ocrx_word' id='word_1_457' title='bbox 2624 1946 2883 2014; x_wconf 88' lang='grc' dir='ltr'>ἀγωνίαν,</span> <span class='ocrx_word' id='word_1_458' title='bbox 2935 1945 3070 2016; x_wconf 81' lang='grc' dir='ltr'>πρὸς</span> <span class='ocrx_word' id='word_1_459' title='bbox 3112 1945 3173 1997; x_wconf 86' lang='grc' dir='ltr'><strong>τὸ</strong></span> <span class='ocrx_word' id='word_1_460' title='bbox 3219 1944 3391 2018; x_wconf 83' lang='grc' dir='ltr'>πέρας</span> <span class='ocrx_word' id='word_1_461' title='bbox 3436 1943 3545 1996; x_wconf 83' lang='grc' dir='ltr'><strong>τῶν</strong></span> <span class='ocrx_word' id='word_1_462' title='bbox 3573 1942 3753 1997; x_wconf 82' lang='grc' dir='ltr'>ἄθλων</span> 
     </span>
    </p>
   </div>
   <div class='ocr_carea' id='block_1_66' title="bbox 2173 2028 3753 2107">
    <p class='ocr_par' dir='ltr' id='par_1_66' title="bbox 2173 2028 3753 2107">
     <span class='ocr_line' id='line_1_66' title="bbox 2173 2028 3753 2107; baseline -0.005 -15"><span class='ocrx_word' id='word_1_463' title='bbox 2173 2039 2278 2092; x_wconf 84' lang='grc' dir='ltr'><strong>ὑπὸ</strong></span> <span class='ocrx_word' id='word_1_464' title='bbox 2319 2037 2411 2091; x_wconf 81' lang='grc' dir='ltr'>τοῦ</span> <span class='ocrx_word' id='word_1_465' title='bbox 2453 2036 2611 2106; x_wconf 80' lang='grc' dir='ltr'>λόγου</span> <span class='ocrx_word' id='word_1_466' title='bbox 2663 2036 3044 2107; x_wconf 76' lang='grc' dir='ltr'>παρήχθημεν.</span> <span class='ocrx_word' id='word_1_467' title='bbox 3080 2036 3227 2089; x_wconf 87' lang='grc' dir='ltr'>Ἔδει</span> <span class='ocrx_word' id='word_1_468' title='bbox 3285 2037 3417 2105; x_wconf 83' lang='grc' dir='ltr'>γὰρ,</span> <span class='ocrx_word' id='word_1_469' title='bbox 3463 2028 3639 2107; x_wconf 75' lang='grc' dir='ltr'>οἶμαι,</span> <span class='ocrx_word' id='word_1_470' title='bbox 3676 2033 3753 2105; x_wconf 81' lang='grc' dir='ltr'>μὴ</span> 
     </span>
    </p>
   </div>
   <div class='ocr_carea' id='block_1_67' title="bbox 2172 2121 3750 2201">
    <p class='ocr_par' dir='ltr' id='par_1_67' title="bbox 2172 2121 3750 2201">
     <span class='ocr_line' id='line_1_67' title="bbox 2172 2121 3750 2201; baseline -0.004 -17"><span class='ocrx_word' id='word_1_471' title='bbox 2172 2130 2553 2201; x_wconf 86' lang='grc' dir='ltr'>παραδραμεῖν</span> <span class='ocrx_word' id='word_1_472' title='bbox 2603 2130 2784 2182; x_wconf 88' lang='grc' dir='ltr'>ἐκεῖνα</span> <span class='ocrx_word' id='word_1_473' title='bbox 2816 2128 3078 2199; x_wconf 80' lang='grc' dir='ltr'>τῷλόγῳ,</span> <span class='ocrx_word' id='word_1_474' title='bbox 3113 2127 3181 2180; x_wconf 89' lang='grc' dir='ltr'>δι’</span> <span class='ocrx_word' id='word_1_475' title='bbox 3204 2121 3279 2182; x_wconf 80' lang='grc' dir='ltr'>ὧν</span> <span class='ocrx_word' id='word_1_476' title='bbox 3312 2128 3544 2198; x_wconf 84' lang='grc' dir='ltr'>μάλιστα</span> <span class='ocrx_word' id='word_1_477' title='bbox 3577 2129 3609 2197; x_wconf 87' lang='grc' dir='ltr'><strong>ή</strong></span> <span class='ocrx_word' id='word_1_478' title='bbox 3652 2125 3750 2179; x_wconf 82' lang='grc' dir='ltr'><strong>τοῦ</strong></span> 
     </span>
    </p>
   </div>
   <div class='ocr_carea' id='block_1_68' title="bbox 2175 2214 3751 2296">
    <p class='ocr_par' dir='ltr' id='par_1_68' title="bbox 2175 2214 3751 2296">
     <span class='ocr_line' id='line_1_68' title="bbox 2175 2214 3751 2296; baseline -0.003 -19"><span class='ocrx_word' id='word_1_479' title='bbox 2175 2225 2448 2296; x_wconf 82' lang='grc' dir='ltr'>μάρτυρος</span> <span class='ocrx_word' id='word_1_480' title='bbox 2491 2221 2658 2293; x_wconf 77' lang='grc' dir='ltr'>ἀρετὴ</span> <span class='ocrx_word' id='word_1_481' title='bbox 2692 2221 3016 2274; x_wconf 89' lang='grc' dir='ltr'>διεδείκνυτο</span> <span class='ocrx_word' id='word_1_482' title='bbox 3043 2237 3057 2250; x_wconf 76' lang='grc' dir='ltr'><strong>ο</strong></span> <span class='ocrx_word' id='word_1_483' title='bbox 3098 2214 3207 2274; x_wconf 75' lang='grc' dir='ltr'>οἷον</span> <span class='ocrx_word' id='word_1_484' title='bbox 3234 2216 3302 2291; x_wconf 77' lang='grc' dir='ltr'>ἦν</span> <span class='ocrx_word' id='word_1_485' title='bbox 3330 2221 3390 2273; x_wconf 78' lang='grc' dir='ltr'><strong>τὸ</strong></span> <span class='ocrx_word' id='word_1_486' title='bbox 3412 2219 3519 2273; x_wconf 81' lang='grc' dir='ltr'>τῶν</span> <span class='ocrx_word' id='word_1_487' title='bbox 3545 2218 3751 2290; x_wconf 75' lang='grc' dir='ltr'><strong>φονῶν⁴</strong></span> 
     </span>
    </p>
   </div>
   <div class='ocr_carea' id='block_1_69' title="bbox 2172 2310 3753 2387">
    <p class='ocr_par' dir='ltr' id='par_1_69' title="bbox 2172 2310 3753 2387">
     <span class='ocr_line' id='line_1_69' title="bbox 2172 2310 3753 2387; baseline -0.001 -17"><span class='ocrx_word' id='word_1_488' title='bbox 2172 2332 2279 2370; x_wconf 90' lang='grc' dir='ltr'><strong>των</strong></span> <span class='ocrx_word' id='word_1_489' title='bbox 2336 2316 2646 2387; x_wconf 84' lang='grc' dir='ltr'>συνέδριον,</span> <span class='ocrx_word' id='word_1_490' title='bbox 2697 2315 2790 2367; x_wconf 81' lang='grc' dir='ltr'>καὶ</span> <span class='ocrx_word' id='word_1_491' title='bbox 2830 2313 2947 2377; x_wconf 84' lang='grc' dir='ltr'>πῶς</span> <span class='ocrx_word' id='word_1_492' title='bbox 2997 2313 3137 2368; x_wconf 79' lang='grc' dir='ltr'>κατὰ</span> <span class='ocrx_word' id='word_1_493' title='bbox 3178 2315 3240 2368; x_wconf 82' lang='grc' dir='ltr'><strong>τὸ</strong></span> <span class='ocrx_word' id='word_1_494' title='bbox 3271 2310 3388 2368; x_wconf 73' lang='grc' dir='ltr'>ἶσον</span> <span class='ocrx_word' id='word_1_495' title='bbox 3422 2316 3574 2380; x_wconf 74' lang='grc' dir='ltr'>πᾶσι,</span> <span class='ocrx_word' id='word_1_496' title='bbox 3613 2315 3753 2385; x_wconf 72' lang='grc' dir='ltr'>πρὶς</span> 
     </span>
    </p>
   </div>
   <div class='ocr_carea' id='block_1_70' title="bbox 2172 2406 3752 2479">
    <p class='ocr_par' dir='ltr' id='par_1_70' title="bbox 2172 2406 3752 2479">
     <span class='ocr_line' id='line_1_70' title="bbox 2172 2406 3752 2479; baseline -0.003 -17"><span class='ocrx_word' id='word_1_497' title='bbox 2172 2408 2264 2462; x_wconf 79' lang='grc' dir='ltr'><strong>τὸν</strong></span> <span class='ocrx_word' id='word_1_498' title='bbox 2295 2410 2451 2477; x_wconf 89' lang='grc' dir='ltr'>φόνον</span> <span class='ocrx_word' id='word_1_499' title='bbox 2479 2410 2506 2461; x_wconf 88' lang='lat'><strong>6</strong></span> <span class='ocrx_word' id='word_1_500' title='bbox 2540 2408 2708 2477; x_wconf 81' lang='grc' dir='ltr'>θυμὸς</span> <span class='ocrx_word' id='word_1_501' title='bbox 2733 2406 3053 2477; x_wconf 80' lang='grc' dir='ltr'>διεγηγερτο</span> <span class='ocrx_word' id='word_1_502' title='bbox 3085 2422 3099 2436; x_wconf 92' lang='grc'><strong>·</strong></span> <span class='ocrx_word' id='word_1_503' title='bbox 3147 2407 3245 2478; x_wconf 83' lang='grc' dir='ltr'><strong>ὅση</strong></span> <span class='ocrx_word' id='word_1_504' title='bbox 3293 2407 3431 2479; x_wconf 82' lang='grc' dir='ltr'>πρὸς</span> <span class='ocrx_word' id='word_1_505' title='bbox 3469 2407 3531 2460; x_wconf 83' lang='grc' dir='ltr'>τὸ</span> <span class='ocrx_word' id='word_1_506' title='bbox 3582 2408 3752 2460; x_wconf 74' lang='grc' dir='ltr'>κακὸν</span> 
     </span>
    </p>
   </div>
   <div class='ocr_carea' id='block_1_71' title="bbox 2171 2491 3754 2569">
    <p class='ocr_par' dir='ltr' id='par_1_71' title="bbox 2171 2491 3754 2569">
     <span class='ocr_line' id='line_1_71' title="bbox 2171 2491 3754 2569; baseline -0.001 -18"><span class='ocrx_word' id='word_1_507' title='bbox 2171 2493 2240 2569; x_wconf 84' lang='grc' dir='ltr'>ἦν</span> <span class='ocrx_word' id='word_1_508' title='bbox 2277 2501 2390 2561; x_wconf 89' lang='grc' dir='ltr'>τοῖς</span> <span class='ocrx_word' id='word_1_509' title='bbox 2420 2495 2853 2565; x_wconf 81' lang='grc' dir='ltr'>συνειλεγμένοις</span> <span class='ocrx_word' id='word_1_510' title='bbox 2883 2497 2916 2566; x_wconf 79' lang='grc' dir='ltr'><strong>ἡ</strong></span> <span class='ocrx_word' id='word_1_511' title='bbox 2952 2494 3222 2565; x_wconf 88' lang='grc' dir='ltr'>σύμπνοια</span> <span class='ocrx_word' id='word_1_512' title='bbox 3244 2512 3258 2527; x_wconf 78' lang='grc' dir='ltr'><strong>ο</strong></span> <span class='ocrx_word' id='word_1_513' title='bbox 3279 2491 3389 2549; x_wconf 72' lang='grc' dir='ltr'>οἷον</span> <span class='ocrx_word' id='word_1_514' title='bbox 3426 2497 3655 2549; x_wconf 78' lang='grc' dir='ltr'>ἑκάστου</span> <span class='ocrx_word' id='word_1_515' title='bbox 3691 2497 3754 2550; x_wconf 83' lang='grc' dir='ltr'><strong>τὸ</strong></span> 
     </span>
    </p>
   </div>
   <div class='ocr_carea' id='block_1_72' title="bbox 2176 2578 3754 2658">
    <p class='ocr_par' dir='ltr' id='par_1_72' title="bbox 2176 2578 3754 2658">
     <span class='ocr_line' id='line_1_72' title="bbox 2176 2578 3754 2658; baseline -0.001 -18"><span class='ocrx_word' id='word_1_516' title='bbox 2176 2587 2415 2658; x_wconf 82' lang='grc' dir='ltr'>βλέμμα,</span> <span class='ocrx_word' id='word_1_517' title='bbox 2450 2581 2560 2639; x_wconf 73' lang='grc' dir='ltr'>οἷον</span> <span class='ocrx_word' id='word_1_518' title='bbox 2606 2586 2666 2639; x_wconf 85' lang='grc' dir='ltr'>τὸ</span> <span class='ocrx_word' id='word_1_519' title='bbox 2715 2584 2922 2656; x_wconf 78' lang='grc' dir='ltr'>σχῆμα,</span> <span class='ocrx_word' id='word_1_520' title='bbox 2971 2578 3081 2637; x_wconf 77' lang='grc' dir='ltr'>οἷον</span> <span class='ocrx_word' id='word_1_521' title='bbox 3111 2584 3173 2638; x_wconf 81' lang='grc' dir='ltr'><strong>τὸ</strong></span> <span class='ocrx_word' id='word_1_522' title='bbox 3213 2586 3341 2657; x_wconf 71' lang='grc' dir='ltr'>περὶ</span> <span class='ocrx_word' id='word_1_523' title='bbox 3380 2586 3505 2649; x_wconf 82' lang='grc' dir='ltr'>τοὺς</span> <span class='ocrx_word' id='word_1_524' title='bbox 3533 2586 3754 2650; x_wconf 85' lang='grc' dir='ltr'>ὀδόντας</span> 
     </span>
    </p>
   </div>
   <div class='ocr_carea' id='block_1_73' title="bbox 2174 2675 3753 2747">
    <p class='ocr_par' dir='ltr' id='par_1_73' title="bbox 2174 2675 3753 2747">
     <span class='ocr_line' id='line_1_73' title="bbox 2174 2675 3753 2747; baseline -0.003 -14"><span class='ocrx_word' id='word_1_525' title='bbox 2174 2678 2373 2744; x_wconf 82' lang='grc' dir='ltr'>πάθος,</span> <span class='ocrx_word' id='word_1_526' title='bbox 2427 2676 2605 2740; x_wconf 86' lang='grc' dir='ltr'>καθὼς</span> <span class='ocrx_word' id='word_1_527' title='bbox 2654 2675 3132 2746; x_wconf 83' lang='grc' dir='ltr'>παρασημαίνεται</span> <span class='ocrx_word' id='word_1_528' title='bbox 3169 2677 3202 2747; x_wconf 86' lang='grc' dir='ltr'>ἡ</span> <span class='ocrx_word' id='word_1_529' title='bbox 3245 2675 3364 2730; x_wconf 90' lang='grc' dir='ltr'>θεία</span> <span class='ocrx_word' id='word_1_530' title='bbox 3408 2675 3630 2746; x_wconf 80' lang='grc' dir='ltr'>Γραφὴ,</span> <span class='ocrx_word' id='word_1_531' title='bbox 3668 2677 3753 2729; x_wconf 86' lang='grc' dir='ltr'>ὄτι</span> 
     </span>
    </p>
   </div>
   <div class='ocr_carea' id='block_1_74' title="bbox 2173 2764 3753 2838">
    <p class='ocr_par' dir='ltr' id='par_1_74' title="bbox 2173 2764 3753 2838">
     <span class='ocr_line' id='line_1_74' title="bbox 2173 2764 3753 2838; baseline 0 -17"><span class='ocrx_word' id='word_1_532' title='bbox 2173 2768 2477 2838; x_wconf 82' lang='grc' dir='ltr'>διεπρίοντο</span> <span class='ocrx_word' id='word_1_533' title='bbox 2505 2769 2624 2829; x_wconf 89' lang='grc' dir='ltr'>ταῖς</span> <span class='ocrx_word' id='word_1_534' title='bbox 2670 2764 2918 2836; x_wconf 84' lang='grc' dir='ltr'>καρδίαις</span> <span class='ocrx_word' id='word_1_535' title='bbox 2967 2764 3165 2829; x_wconf 74' lang='grc' dir='ltr'>αὐτῶν,</span> <span class='ocrx_word' id='word_1_536' title='bbox 3209 2767 3302 2820; x_wconf 78' lang='grc' dir='ltr'><strong>καὶ</strong></span> <span class='ocrx_word' id='word_1_537' title='bbox 3351 2766 3578 2837; x_wconf 80' lang='grc' dir='ltr'>ἔϐρυχον</span> <span class='ocrx_word' id='word_1_538' title='bbox 3626 2768 3753 2831; x_wconf 78' lang='grc' dir='ltr'>τοὺς</span> 
     </span>
    </p>
   </div>
   <div class='ocr_carea' id='block_1_75' title="bbox 2173 2855 3751 2927">
    <p class='ocr_par' dir='ltr' id='par_1_75' title="bbox 2173 2855 3751 2927">
     <span class='ocr_line' id='line_1_75' title="bbox 2173 2855 3751 2927; baseline -0.001 -15"><span class='ocrx_word' id='word_1_539' title='bbox 2173 2858 2388 2921; x_wconf 84' lang='grc' dir='ltr'>ὀδόντας</span> <span class='ocrx_word' id='word_1_540' title='bbox 2416 2858 2503 2910; x_wconf 84' lang='grc' dir='ltr'>ἐπ’</span> <span class='ocrx_word' id='word_1_541' title='bbox 2536 2856 2716 2911; x_wconf 86' lang='grc' dir='ltr'>αὐτόν.</span> <span class='ocrx_word' id='word_1_542' title='bbox 2757 2856 2864 2910; x_wconf 78' lang='grc' dir='ltr'><strong>Καὶ</strong></span> <span class='ocrx_word' id='word_1_543' title='bbox 2893 2858 2950 2909; x_wconf 88' lang='grc' dir='ltr'><strong>ἐν</strong></span> <span class='ocrx_word' id='word_1_544' title='bbox 2984 2855 3132 2927; x_wconf 81' lang='grc' dir='ltr'>μέσῳ</span> <span class='ocrx_word' id='word_1_545' title='bbox 3160 2856 3412 2911; x_wconf 90' lang='grc' dir='ltr'>τοιούτων</span> <span class='ocrx_word' id='word_1_546' title='bbox 3441 2859 3536 2913; x_wconf 77' lang='grc' dir='ltr'><strong>καὶ</strong></span> <span class='ocrx_word' id='word_1_547' title='bbox 3561 2857 3751 2911; x_wconf 90' lang='grc' dir='ltr'>τοσού-</span> 
     </span>
    </p>
   </div>
   <div class='ocr_carea' id='block_1_76' title="bbox 2174 2949 3751 3023">
    <p class='ocr_par' dir='ltr' id='par_1_76' title="bbox 2174 2949 3751 3023">
     <span class='ocr_line' id='line_1_76' title="bbox 2174 2949 3751 3023; baseline 0 -19"><span class='ocrx_word' id='word_1_548' title='bbox 2174 2968 2280 3005; x_wconf 86' lang='grc' dir='ltr'><strong>των</strong></span> <span class='ocrx_word' id='word_1_549' title='bbox 2308 2949 2502 3014; x_wconf 84' lang='grc' dir='ltr'>ἐστὼς,</span> <span class='ocrx_word' id='word_1_550' title='bbox 2547 2951 2640 3004; x_wconf 63' lang='grc' dir='ltr'><strong>καὶ</strong></span> <span class='ocrx_word' id='word_1_551' title='bbox 2672 2949 2821 3023; x_wconf 86' lang='grc' dir='ltr'>πάσῃ</span> <span class='ocrx_word' id='word_1_552' title='bbox 2859 2952 2923 3021; x_wconf 82' lang='grc' dir='ltr'>τῇ</span> <span class='ocrx_word' id='word_1_553' title='bbox 2956 2950 3302 3021; x_wconf 80' lang='grc' dir='ltr'>ἀντικειμένῃ</span> <span class='ocrx_word' id='word_1_554' title='bbox 3332 2950 3557 3021; x_wconf 84' lang='grc' dir='ltr'>δυνάμει</span> <span class='ocrx_word' id='word_1_555' title='bbox 3601 2953 3666 3023; x_wconf 82' lang='grc' dir='ltr'>τῇ</span> <span class='ocrx_word' id='word_1_556' title='bbox 3694 2952 3751 3004; x_wconf 93' lang='grc' dir='ltr'><strong>ἐν</strong></span> 
     </span>
    </p>
   </div>
   <div class='ocr_carea' id='block_1_77' title="bbox 2174 3042 3753 3114">
    <p class='ocr_par' dir='ltr' id='par_1_77' title="bbox 2174 3042 3753 3114">
     <span class='ocr_line' id='line_1_77' title="bbox 2174 3042 3753 3114; baseline 0.001 -19"><span class='ocrx_word' id='word_1_557' title='bbox 2174 3047 2287 3106; x_wconf 87' lang='grc' dir='ltr'>τοῖς</span> <span class='ocrx_word' id='word_1_558' title='bbox 2319 3042 2618 3114; x_wconf 77' lang='grc' dir='ltr'>μιαιφόνοις</span> <span class='ocrx_word' id='word_1_559' title='bbox 2656 3042 3019 3114; x_wconf 75' lang='grc' dir='ltr'>ἐνεργουμένη</span> <span class='ocrx_word' id='word_1_560' title='bbox 3063 3043 3257 3095; x_wconf 77' lang='grc' dir='ltr'>ἐαυτὸν</span> <span class='ocrx_word' id='word_1_561' title='bbox 3291 3042 3636 3113; x_wconf 86' lang='grc' dir='ltr'>ἀντεγείρων,</span> <span class='ocrx_word' id='word_1_562' title='bbox 3665 3042 3753 3097; x_wconf 77' lang='grc' dir='ltr'>διὰ</span> 
     </span>
    </p>
   </div>
   <div class='ocr_carea' id='block_1_78' title="bbox 2179 3135 3747 3208">
    <p class='ocr_par' dir='ltr' id='par_1_78' title="bbox 2179 3135 3747 3208">
     <span class='ocr_line' id='line_1_78' title="bbox 2179 3135 3747 3208; baseline 0.001 -20"><span class='ocrx_word' id='word_1_563' title='bbox 2179 3137 2396 3190; x_wconf 82' lang='grc' dir='ltr'>πάντων</span> <span class='ocrx_word' id='word_1_564' title='bbox 2442 3136 2710 3205; x_wconf 85' lang='grc' dir='ltr'>ὑπερέσχε</span> <span class='ocrx_word' id='word_1_565' title='bbox 2760 3135 2837 3206; x_wconf 84' lang='grc' dir='ltr'><strong>τῷ</strong></span> <span class='ocrx_word' id='word_1_566' title='bbox 2884 3136 3216 3206; x_wconf 83' lang='grc' dir='ltr'>μεγαλοφυεῖ</span> <span class='ocrx_word' id='word_1_567' title='bbox 3244 3135 3336 3189; x_wconf 80' lang='grc' dir='ltr'>τοῦ</span> <span class='ocrx_word' id='word_1_568' title='bbox 3383 3137 3747 3208; x_wconf 81' lang='grc' dir='ltr'>φρονήματος·</span> 
     </span>
    </p>
   </div>
   <div class='ocr_carea' id='block_1_79' title="bbox 2179 3209 3784 3299">
    <p class='ocr_par' dir='ltr' id='par_1_79' title="bbox 2179 3209 3784 3299">
     <span class='ocr_line' id='line_1_79' title="bbox 2179 3209 3784 3299; baseline 0 -18"><span class='ocrx_word' id='word_1_569' title='bbox 2179 3227 2465 3291; x_wconf 76' lang='grc' dir='ltr'>ἀντιτιθεὶς</span> <span class='ocrx_word' id='word_1_570' title='bbox 2492 3227 2570 3298; x_wconf 85' lang='grc' dir='ltr'>τῷ</span> <span class='ocrx_word' id='word_1_571' title='bbox 2614 3228 2710 3297; x_wconf 84' lang='grc' dir='ltr'>μὲν</span> <span class='ocrx_word' id='word_1_572' title='bbox 2739 3225 2895 3298; x_wconf 84' lang='grc' dir='ltr'>θυμῷ</span> <span class='ocrx_word' id='word_1_573' title='bbox 2936 3227 3034 3299; x_wconf 84' lang='grc' dir='ltr'>τὴν</span> <span class='ocrx_word' id='word_1_574' title='bbox 3091 3228 3500 3298; x_wconf 83' lang='grc' dir='ltr'>μακροθυμίαν,</span> <span class='ocrx_word' id='word_1_575' title='bbox 3545 3231 3666 3291; x_wconf 85' lang='grc' dir='ltr'>ταῖς</span> <span class='ocrx_word' id='word_1_576' title='bbox 3693 3209 3784 3281; x_wconf 65' lang='grc' dir='ltr'><strong>δὲ’</strong></span> 
     </span>
    </p>
   </div>
   <div class='ocr_carea' id='block_1_80' title="bbox 2177 3318 3753 3391">
    <p class='ocr_par' dir='ltr' id='par_1_80' title="bbox 2177 3318 3753 3391">
     <span class='ocr_line' id='line_1_80' title="bbox 2177 3318 3753 3391; baseline -0.001 -19"><span class='ocrx_word' id='word_1_577' title='bbox 2177 3318 2426 3381; x_wconf 81' lang='grc' dir='ltr'>ἀπειλαῖς</span> <span class='ocrx_word' id='word_1_578' title='bbox 2454 3318 2551 3390; x_wconf 84' lang='grc' dir='ltr'>τὴν</span> <span class='ocrx_word' id='word_1_579' title='bbox 2592 3319 2910 3389; x_wconf 71' lang='grc' dir='ltr'>ὑπεροψίαν,</span> <span class='ocrx_word' id='word_1_580' title='bbox 2955 3318 3033 3390; x_wconf 80' lang='grc' dir='ltr'>τῷ</span> <span class='ocrx_word' id='word_1_581' title='bbox 3071 3320 3126 3373; x_wconf 86' lang='grc' dir='ltr'>δὲ</span> <span class='ocrx_word' id='word_1_582' title='bbox 3174 3319 3266 3373; x_wconf 79' lang='grc' dir='ltr'>τοῦ</span> <span class='ocrx_word' id='word_1_583' title='bbox 3318 3319 3544 3374; x_wconf 86' lang='grc' dir='ltr'>θανάτου</span> <span class='ocrx_word' id='word_1_584' title='bbox 3601 3318 3753 3391; x_wconf 81' lang='grc' dir='ltr'>φόϐῳ</span> 
     </span>
    </p>
   </div>
   <div class='ocr_carea' id='block_1_81' title="bbox 2178 3408 3754 3482">
    <p class='ocr_par' dir='ltr' id='par_1_81' title="bbox 2178 3408 3754 3482">
     <span class='ocr_line' id='line_1_81' title="bbox 2178 3408 3754 3482; baseline 0.001 -20"><span class='ocrx_word' id='word_1_585' title='bbox 2178 3409 2277 3480; x_wconf 84' lang='grc' dir='ltr'><strong>τὴν</strong></span> <span class='ocrx_word' id='word_1_586' title='bbox 2303 3409 2403 3479; x_wconf 85' lang='grc' dir='ltr'>τῆς</span> <span class='ocrx_word' id='word_1_587' title='bbox 2432 3408 2575 3479; x_wconf 77' lang='grc' dir='ltr'>ζωῆς</span> <span class='ocrx_word' id='word_1_588' title='bbox 2601 3410 3004 3481; x_wconf 83' lang='grc' dir='ltr'>καταφρόνησιν</span> <span class='ocrx_word' id='word_1_589' title='bbox 3029 3451 3042 3475; x_wconf 90' lang='grc'><strong>,</strong></span> <span class='ocrx_word' id='word_1_590' title='bbox 3089 3409 3167 3479; x_wconf 83' lang='grc' dir='ltr'>τῷ</span> <span class='ocrx_word' id='word_1_591' title='bbox 3203 3410 3258 3462; x_wconf 88' lang='grc' dir='ltr'><strong>δέ</strong></span> <span class='ocrx_word' id='word_1_592' title='bbox 3319 3410 3463 3481; x_wconf 75' lang='grc' dir='ltr'>μίσει</span> <span class='ocrx_word' id='word_1_593' title='bbox 3490 3409 3588 3482; x_wconf 83' lang='grc' dir='ltr'><strong>τὴν</strong></span> <span class='ocrx_word' id='word_1_594' title='bbox 3616 3409 3754 3479; x_wconf 85' lang='grc' dir='ltr'>ἀγά-</span> 
     </span>
    </p>
   </div>
   <div class='ocr_carea' id='block_1_82' title="bbox 2180 3502 3749 3574">
    <p class='ocr_par' dir='ltr' id='par_1_82' title="bbox 2180 3502 3749 3574">
     <span class='ocr_line' id='line_1_82' title="bbox 2180 3502 3749 3574; baseline -0.001 -19"><span class='ocrx_word' id='word_1_595' title='bbox 2180 3520 2288 3573; x_wconf 88' lang='grc' dir='ltr'><strong>πην</strong></span> <span class='ocrx_word' id='word_1_596' title='bbox 2312 3518 2325 3533; x_wconf 81' lang='lat'><strong><em>°</em></strong></span> <span class='ocrx_word' id='word_1_597' title='bbox 2372 3505 2439 3573; x_wconf 79' lang='grc' dir='ltr'>τῇ</span> <span class='ocrx_word' id='word_1_598' title='bbox 2470 3503 2781 3572; x_wconf 66' lang='grc' dir='ltr'>δυσμενείᾳ,</span> <span class='ocrx_word' id='word_1_599' title='bbox 2811 3503 2909 3571; x_wconf 80' lang='grc' dir='ltr'>τὴν</span> <span class='ocrx_word' id='word_1_600' title='bbox 2936 3502 3242 3572; x_wconf 65' lang='grc' dir='ltr'>εὐμένειανθ</span> <span class='ocrx_word' id='word_1_601' title='bbox 3284 3505 3351 3574; x_wconf 78' lang='grc' dir='ltr'>τῇ</span> <span class='ocrx_word' id='word_1_602' title='bbox 3396 3502 3749 3572; x_wconf 73' lang='grc' dir='ltr'>συκοφαντίᾳ,</span> 
     </span>
    </p>
   </div>
   <div class='ocr_carea' id='block_1_83' title="bbox 2179 3594 3749 3667">
    <p class='ocr_par' dir='ltr' id='par_1_83' title="bbox 2179 3594 3749 3667">
     <span class='ocr_line' id='line_1_83' title="bbox 2179 3594 3749 3667; baseline 0 -19"><span class='ocrx_word' id='word_1_603' title='bbox 2179 3594 2276 3666; x_wconf 83' lang='grc' dir='ltr'>τὴν</span> <span class='ocrx_word' id='word_1_604' title='bbox 2305 3594 2405 3665; x_wconf 78' lang='grc' dir='ltr'>τῆς</span> <span class='ocrx_word' id='word_1_605' title='bbox 2431 3594 2686 3664; x_wconf 86' lang='grc' dir='ltr'>ἀληθείας</span> <span class='ocrx_word' id='word_1_606' title='bbox 2715 3595 3036 3666; x_wconf 87' lang='grc' dir='ltr'>φανέρωσιν.</span> <span class='ocrx_word' id='word_1_607' title='bbox 3073 3596 3145 3648; x_wconf 85' lang='grc' dir='ltr'>Ού</span> <span class='ocrx_word' id='word_1_608' title='bbox 3185 3594 3294 3665; x_wconf 77' lang='grc' dir='ltr'><strong>γάρ</strong></span> <span class='ocrx_word' id='word_1_609' title='bbox 3313 3595 3377 3648; x_wconf 86' lang='grc' dir='ltr'>δι’</span> <span class='ocrx_word' id='word_1_610' title='bbox 3407 3596 3526 3657; x_wconf 81' lang='grc' dir='ltr'>ἐνὸς</span> <span class='ocrx_word' id='word_1_611' title='bbox 3547 3594 3749 3667; x_wconf 85' lang='grc' dir='ltr'>τρόπου</span> 
     </span>
    </p>
   </div>
   <div class='ocr_carea' id='block_1_84' title="bbox 2180 3669 3749 3757">
    <p class='ocr_par' dir='ltr' id='par_1_84' title="bbox 2180 3669 3749 3757">
     <span class='ocr_line' id='line_1_84' title="bbox 2180 3669 3749 3757; baseline -0.001 -18"><span class='ocrx_word' id='word_1_612' title='bbox 2180 3685 2403 3757; x_wconf 85' lang='grc' dir='ltr'>νικητὴς</span> <span class='ocrx_word' id='word_1_613' title='bbox 2461 3688 2489 3738; x_wconf 90' lang='grc' dir='ltr'>ὁ</span> <span class='ocrx_word' id='word_1_614' title='bbox 2534 3686 2633 3755; x_wconf 85' lang='grc' dir='ltr'>τῆς</span> <span class='ocrx_word' id='word_1_615' title='bbox 2685 3686 2941 3757; x_wconf 74' lang='grc' dir='ltr'>ἀληθείας</span> <span class='ocrx_word' id='word_1_616' title='bbox 2995 3669 3299 3756; x_wconf 70' lang='grc' dir='ltr'>ἀγωνιστὴς</span> <span class='ocrx_word' id='word_1_617' title='bbox 3356 3685 3749 3739; x_wconf 81' lang='grc' dir='ltr'>ἀπεδείκνυτοο</span> 
     </span>
    </p>
   </div>
   <div class='ocr_carea' id='block_1_85' title="bbox 2180 3774 3753 3848">
    <p class='ocr_par' dir='ltr' id='par_1_85' title="bbox 2180 3774 3753 3848">
     <span class='ocr_line' id='line_1_85' title="bbox 2180 3774 3753 3848; baseline -0.002 -17"><span class='ocrx_word' id='word_1_618' title='bbox 2180 3777 2314 3831; x_wconf 86' lang='grc' dir='ltr'>ἀλλὰ</span> <span class='ocrx_word' id='word_1_619' title='bbox 2347 3778 2483 3848; x_wconf 79' lang='grc' dir='ltr'>πρὸς</span> <span class='ocrx_word' id='word_1_620' title='bbox 2511 3780 2619 3833; x_wconf 80' lang='grc' dir='ltr'><strong>πᾶν</strong></span> <span class='ocrx_word' id='word_1_621' title='bbox 2652 3775 2786 3839; x_wconf 84' lang='grc' dir='ltr'>εἶδος</span> <span class='ocrx_word' id='word_1_622' title='bbox 2813 3777 3010 3841; x_wconf 88' lang='grc' dir='ltr'>κακίας</span> <span class='ocrx_word' id='word_1_623' title='bbox 3046 3776 3147 3846; x_wconf 86' lang='grc' dir='ltr'><strong>τῆς</strong></span> <span class='ocrx_word' id='word_1_624' title='bbox 3171 3777 3290 3829; x_wconf 83' lang='grc' dir='ltr'>τότε</span> <span class='ocrx_word' id='word_1_625' title='bbox 3324 3777 3440 3838; x_wconf 86' lang='grc' dir='ltr'>τοῖς</span> <span class='ocrx_word' id='word_1_626' title='bbox 3483 3774 3753 3839; x_wconf 84' lang='grc' dir='ltr'>Ἰουδαίοις</span> 
     </span>
    </p>
   </div>
   <div class='ocr_carea' id='block_1_86' title="bbox 2180 3868 3754 3942">
    <p class='ocr_par' dir='ltr' id='par_1_86' title="bbox 2180 3868 3754 3942">
     <span class='ocr_line' id='line_1_86' title="bbox 2180 3868 3754 3942; baseline -0.001 -20"><span class='ocrx_word' id='word_1_627' title='bbox 2180 3871 2576 3942; x_wconf 79' lang='grc' dir='ltr'>ἐνεργουμένης</span> <span class='ocrx_word' id='word_1_628' title='bbox 2603 3871 2792 3925; x_wconf 84' lang='grc' dir='ltr'>ἐαυτὸν</span> <span class='ocrx_word' id='word_1_629' title='bbox 2825 3871 2911 3924; x_wconf 85' lang='grc' dir='ltr'><strong>διὰ</strong></span> <span class='ocrx_word' id='word_1_630' title='bbox 2946 3871 3044 3941; x_wconf 87' lang='grc' dir='ltr'>τῆς</span> <span class='ocrx_word' id='word_1_631' title='bbox 3073 3868 3323 3938; x_wconf 86' lang='grc' dir='ltr'>ποικίλης</span> <span class='ocrx_word' id='word_1_632' title='bbox 3351 3868 3551 3938; x_wconf 78' lang='grc' dir='ltr'>ἀρετῆς</span> <span class='ocrx_word' id='word_1_633' title='bbox 3584 3884 3754 3921; x_wconf 87' lang='grc' dir='ltr'>κατα-</span> 
     </span>
    </p>
   </div>
   <div class='ocr_carea' id='block_1_87' title="bbox 2182 3957 3752 4037">
    <p class='ocr_par' dir='ltr' id='par_1_87' title="bbox 2182 3957 3752 4037">
     <span class='ocr_line' id='line_1_87' title="bbox 2182 3957 3752 4037; baseline -0.006 -17"><span class='ocrx_word' id='word_1_634' title='bbox 2182 3968 2434 4037; x_wconf 83' lang='grc' dir='ltr'>μερίσας,</span> <span class='ocrx_word' id='word_1_635' title='bbox 2473 3964 2567 4016; x_wconf 79' lang='grc' dir='ltr'>καὶ</span> <span class='ocrx_word' id='word_1_636' title='bbox 2594 3965 2726 4017; x_wconf 82' lang='grc' dir='ltr'>πᾶσι</span> <span class='ocrx_word' id='word_1_637' title='bbox 2764 3960 3094 4031; x_wconf 76' lang='grc' dir='ltr'>συνεπλάκη,</span> <span class='ocrx_word' id='word_1_638' title='bbox 3122 3961 3215 4013; x_wconf 74' lang='grc' dir='ltr'><strong>καὶ</strong></span> <span class='ocrx_word' id='word_1_639' title='bbox 3240 3958 3613 4029; x_wconf 82' lang='grc' dir='ltr'>καθυπερέσχε</span> <span class='ocrx_word' id='word_1_640' title='bbox 3643 3957 3752 4011; x_wconf 84' lang='grc' dir='ltr'>τῶν</span> 
     </span>
    </p>
   </div>
   <div class='ocr_carea' id='block_1_88' title="bbox 2182 4050 3751 4123">
    <p class='ocr_par' dir='ltr' id='par_1_88' title="bbox 2182 4050 3751 4123">
     <span class='ocr_line' id='line_1_88' title="bbox 2182 4050 3751 4123; baseline -0.006 -11"><span class='ocrx_word' id='word_1_641' title='bbox 2182 4059 2419 4112; x_wconf 87' lang='grc' dir='ltr'>πάντων.</span> <span class='ocrx_word' id='word_1_642' title='bbox 2468 4055 2654 4119; x_wconf 71' lang='grc' dir='ltr'>Οὕτως</span> <span class='ocrx_word' id='word_1_643' title='bbox 2682 4054 2864 4109; x_wconf 83' lang='grc' dir='ltr'>ἀκούω</span> <span class='ocrx_word' id='word_1_644' title='bbox 2892 4055 2986 4106; x_wconf 73' lang='grc' dir='ltr'><strong>καὶ</strong></span> <span class='ocrx_word' id='word_1_645' title='bbox 3028 4055 3084 4106; x_wconf 94' lang='grc' dir='ltr'><strong>ἐν</strong></span> <span class='ocrx_word' id='word_1_646' title='bbox 3127 4053 3238 4114; x_wconf 88' lang='grc' dir='ltr'>τοῖς</span> <span class='ocrx_word' id='word_1_647' title='bbox 3264 4053 3547 4123; x_wconf 86' lang='grc' dir='ltr'>γυμνικοῖς</span> <span class='ocrx_word' id='word_1_648' title='bbox 3576 4050 3751 4112; x_wconf 59' lang='lat' dir='ltr'><strong>civim</strong></span> 
     </span>
    </p>
   </div>
   <div class='ocr_carea' id='block_1_89' title="bbox 2181 4135 3751 4215">
    <p class='ocr_par' dir='ltr' id='par_1_89' title="bbox 2181 4135 3751 4215">
     <span class='ocr_line' id='line_1_89' title="bbox 2181 4135 3751 4215; baseline -0.005 -12"><span class='ocrx_word' id='word_1_649' title='bbox 2181 4135 2306 4211; x_wconf 81' lang='grc' dir='ltr'>τοὺς</span> <span class='ocrx_word' id='word_1_650' title='bbox 2348 4147 2799 4209; x_wconf 81' lang='grc' dir='ltr'>πλεονεκτοῦντας</span> <span class='ocrx_word' id='word_1_651' title='bbox 2846 4145 2985 4199; x_wconf 85' lang='grc' dir='ltr'>κατὰ</span> <span class='ocrx_word' id='word_1_652' title='bbox 3028 4145 3128 4215; x_wconf 80' lang='grc' dir='ltr'>τὴν</span> <span class='ocrx_word' id='word_1_653' title='bbox 3176 4143 3422 4212; x_wconf 83' lang='grc' dir='ltr'>δύναμιν,</span> <span class='ocrx_word' id='word_1_654' title='bbox 3470 4141 3605 4211; x_wconf 78' lang='grc' dir='ltr'>πρὸς</span> <span class='ocrx_word' id='word_1_655' title='bbox 3631 4142 3751 4195; x_wconf 76' lang='grc' dir='ltr'>ὅλον</span> 
     </span>
    </p>
   </div>
   <div class='ocr_carea' id='block_1_90' title="bbox 2183 4235 3753 4313">
    <p class='ocr_par' dir='ltr' id='par_1_90' title="bbox 2183 4235 3753 4313">
     <span class='ocr_line' id='line_1_90' title="bbox 2183 4235 3753 4313; baseline -0.003 -19"><span class='ocrx_word' id='word_1_656' title='bbox 2183 4241 2439 4303; x_wconf 88' lang='grc' dir='ltr'>πολλάκις</span> <span class='ocrx_word' id='word_1_657' title='bbox 2472 4238 2867 4308; x_wconf 72' lang='grc' dir='ltr'>ἀποδυομένους</span> <span class='ocrx_word' id='word_1_658' title='bbox 2911 4237 2971 4290; x_wconf 79' lang='grc' dir='ltr'><strong>τὸ</strong></span> <span class='ocrx_word' id='word_1_659' title='bbox 3009 4235 3271 4313; x_wconf 81' lang='grc' dir='ltr'>γυμνικὸν</span> <span class='ocrx_word' id='word_1_660' title='bbox 3317 4235 3562 4297; x_wconf 84' lang='grc' dir='ltr'>στάδιον,</span> <span class='ocrx_word' id='word_1_661' title='bbox 3611 4235 3753 4289; x_wconf 81' lang='grc' dir='ltr'><strong>κατά</strong></span> 
     </span>
    </p>
   </div>
   <div class='ocr_carea' id='block_1_91' title="bbox 2184 4328 3749 4402">
    <p class='ocr_par' dir='ltr' id='par_1_91' title="bbox 2184 4328 3749 4402">
     <span class='ocr_line' id='line_1_91' title="bbox 2184 4328 3749 4402; baseline -0.004 -15"><span class='ocrx_word' id='word_1_662' title='bbox 2184 4333 2400 4387; x_wconf 85' lang='grc' dir='ltr'>πάντων</span> <span class='ocrx_word' id='word_1_663' title='bbox 2456 4330 2729 4402; x_wconf 88' lang='grc' dir='ltr'>φέρεσθαι</span> <span class='ocrx_word' id='word_1_664' title='bbox 2776 4330 2884 4383; x_wconf 78' lang='grc' dir='ltr'>τῶν</span> <span class='ocrx_word' id='word_1_665' title='bbox 2947 4328 3256 4382; x_wconf 85' lang='grc' dir='ltr'>ἀντιπάλων</span> <span class='ocrx_word' id='word_1_666' title='bbox 3317 4328 3384 4380; x_wconf 88' lang='grc' dir='ltr'><strong>τά</strong></span> <span class='ocrx_word' id='word_1_667' title='bbox 3441 4329 3749 4398; x_wconf 82' lang='grc' dir='ltr'>νικητήρια.</span> 
     </span>
    </p>
   </div>
   <div class='ocr_carea' id='block_1_92' title="bbox 509 4408 2075 4490">
    <p class='ocr_par' dir='ltr' id='par_1_92' title="bbox 509 4408 2072 4489">
     <span class='ocr_line' id='line_1_92' title="bbox 509 4408 2072 4489; baseline 0.006 -25"><span class='ocrx_word' id='word_1_668' title='bbox 509 4408 861 4473; x_wconf 88' lang='lat' dir='ltr'><strong>antecedunt,</strong></span> <span class='ocrx_word' id='word_1_669' title='bbox 901 4409 1164 4464; x_wconf 87' lang='lat' dir='ltr'><strong>adversus</strong></span> <span class='ocrx_word' id='word_1_670' title='bbox 1193 4419 1366 4465; x_wconf 90' lang='lat' dir='ltr'><strong>totum</strong></span> <span class='ocrx_word' id='word_1_671' title='bbox 1411 4428 1554 4483; x_wconf 68' lang='lat' dir='ltr'><strong>saepe</strong></span> <span class='ocrx_word' id='word_1_672' title='bbox 1587 4415 1827 4469; x_wconf 88' lang='lat' dir='ltr'><strong>stadium</strong></span> <span class='ocrx_word' id='word_1_673' title='bbox 1858 4420 2072 4489; x_wconf 81' lang='lat' dir='ltr'><strong>gymni-</strong></span> 
     </span>
    </p>
   </div>
   <div class='ocr_carea' id='block_1_93' title="bbox 2174 4408 3754 4490">
    <p class='ocr_par' dir='ltr' id='par_1_93' title="bbox 2177 4418 3754 4490">
     <span class='ocr_line' id='line_1_93' title="bbox 2177 4418 3754 4490; baseline -0.003 -11"><span class='ocrx_word' id='word_1_674' title='bbox 2177 4424 2426 4485; x_wconf 78' lang='grc' dir='ltr'>Τοιοῦτος</span> <span class='ocrx_word' id='word_1_675' title='bbox 2464 4420 2492 4475; x_wconf 85' lang='lat'><strong>6</strong></span> <span class='ocrx_word' id='word_1_676' title='bbox 2539 4422 2631 4474; x_wconf 71' lang='grc' dir='ltr'>τοῦ</span> <span class='ocrx_word' id='word_1_677' title='bbox 2684 4421 2894 4475; x_wconf 88' lang='grc' dir='ltr'>σταδίου</span> <span class='ocrx_word' id='word_1_678' title='bbox 2938 4419 3044 4474; x_wconf 82' lang='grc' dir='ltr'><strong>τῶν</strong></span> <span class='ocrx_word' id='word_1_679' title='bbox 3090 4418 3754 4490; x_wconf 83' lang='grc' dir='ltr'>μαρτύρων-καθηγησά-</span> 
     </span>
    </p>
   </div>
   <div class='ocr_carea' id='block_1_94' title="bbox 511 4501 2075 4576">
    <p class='ocr_par' dir='ltr' id='par_1_94' title="bbox 511 4501 2075 4576">
     <span class='ocr_line' id='line_1_94' title="bbox 511 4501 2075 4576; baseline 0.007 -21"><span class='ocrx_word' id='word_1_680' title='bbox 511 4515 637 4555; x_wconf 86' lang='lat' dir='ltr'><strong>eum</strong></span> <span class='ocrx_word' id='word_1_681' title='bbox 685 4501 1129 4556; x_wconf 81' lang='lat' dir='ltr'><strong>sese‘certamini</strong></span> <span class='ocrx_word' id='word_1_682' title='bbox 1162 4501 1454 4559; x_wconf 80' lang='lat' dir='ltr'><strong>oil‘erentes</strong></span> <span class='ocrx_word' id='word_1_683' title='bbox 1496 4513 1548 4558; x_wconf 91' lang='lat' dir='ltr'><strong>et</strong></span> <span class='ocrx_word' id='word_1_684' title='bbox 1584 4506 1932 4576; x_wconf 80' lang='lat' dir='ltr'><strong>accingentes</strong></span> <span class='ocrx_word' id='word_1_685' title='bbox 1959 4551 1973 4575; x_wconf 89' lang='lat'><strong>,</strong></span> <span class='ocrx_word' id='word_1_686' title='bbox 2007 4508 2075 4566; x_wconf 88' lang='lat' dir='ltr'><strong>de</strong></span> 
     </span>
    </p>
   </div>
   <div class='ocr_carea' id='block_1_95' title="bbox 508 4592 2078 4673">
    <p class='ocr_par' dir='ltr' id='par_1_95' title="bbox 508 4592 2078 4673">
     <span class='ocr_line' id='line_1_95' title="bbox 508 4592 2078 4673; baseline 0.003 -24"><span class='ocrx_word' id='word_1_687' title='bbox 508 4593 768 4649; x_wconf 89' lang='lat' dir='ltr'><strong>omnibus</strong></span> <span class='ocrx_word' id='word_1_688' title='bbox 797 4592 1039 4648; x_wconf 74' lang='lat' dir='ltr'><strong>victoriae</strong></span> <span class='ocrx_word' id='word_1_689' title='bbox 1072 4595 1292 4663; x_wconf 65' lang='lat' dir='ltr'><strong>praemia</strong></span> <span class='ocrx_word' id='word_1_690' title='bbox 1331 4604 1635 4666; x_wconf 83' lang='lat' dir='ltr'><strong>reportare.</strong></span> <span class='ocrx_word' id='word_1_691' title='bbox 1672 4597 1821 4654; x_wconf 88' lang='lat' dir='ltr'><strong>Talis</strong></span> <span class='ocrx_word' id='word_1_692' title='bbox 1872 4610 2078 4673; x_wconf 85' lang='lat' dir='ltr'><strong>marty-</strong></span> 
     </span>
    </p>
   </div>
   <div class='ocr_carea' id='block_1_96' title="bbox 508 4683 2077 4755">
    <p class='ocr_par' dir='ltr' id='par_1_96' title="bbox 508 4683 2077 4755">
     <span class='ocr_line' id='line_1_96' title="bbox 508 4683 2077 4755; baseline 0.005 -18"><span class='ocrx_word' id='word_1_693' title='bbox 508 4698 631 4737; x_wconf 91' lang='lat' dir='ltr'><strong>rum</strong></span> <span class='ocrx_word' id='word_1_694' title='bbox 683 4684 846 4737; x_wconf 89' lang='lat' dir='ltr'><strong>stadii</strong></span> <span class='ocrx_word' id='word_1_695' title='bbox 898 4683 1154 4755; x_wconf 87' lang='lat' dir='ltr'><strong>princeps</strong></span> <span class='ocrx_word' id='word_1_696' title='bbox 1204 4697 1324 4740; x_wconf 90' lang='lat' dir='ltr'><strong>erat</strong></span> <span class='ocrx_word' id='word_1_697' title='bbox 1370 4702 1384 4739; x_wconf 92' lang='lat'><strong>:</strong></span> <span class='ocrx_word' id='word_1_698' title='bbox 1438 4687 1529 4753; x_wconf 85' lang='lat' dir='ltr'><strong>qui</strong></span> <span class='ocrx_word' id='word_1_699' title='bbox 1582 4687 1844 4743; x_wconf 88' lang='lat' dir='ltr'><strong>adversus</strong></span> <span class='ocrx_word' id='word_1_700' title='bbox 1885 4706 2077 4746; x_wconf 88' lang='lat' dir='ltr'><strong>omnes</strong></span> 
     </span>
    </p>
   </div>
   <div class='ocr_carea' id='block_1_97' title="bbox 508 4775 2076 4847">
    <p class='ocr_par' dir='ltr' id='par_1_97' title="bbox 508 4775 2076 4847">
     <span class='ocr_line' id='line_1_97' title="bbox 508 4775 2076 4847; baseline 0.007 -20"><span class='ocrx_word' id='word_1_701' title='bbox 508 4775 808 4830; x_wconf 77' lang='lat' dir='ltr'><strong>adversarii</strong></span> <span class='ocrx_word' id='word_1_702' title='bbox 851 4776 1039 4844; x_wconf 86' lang='lat' dir='ltr'><strong>copias</strong></span> <span class='ocrx_word' id='word_1_703' title='bbox 1086 4790 1212 4829; x_wconf 89' lang='lat' dir='ltr'><strong>cum</strong></span> <span class='ocrx_word' id='word_1_704' title='bbox 1272 4791 1332 4831; x_wconf 92' lang='lat' dir='ltr'><strong>se</strong></span> <span class='ocrx_word' id='word_1_705' title='bbox 1380 4780 1752 4847; x_wconf 86' lang='lat' dir='ltr'><strong>opposuisset,</strong></span> <span class='ocrx_word' id='word_1_706' title='bbox 1804 4780 2076 4838; x_wconf 85' lang='lat' dir='ltr'><strong>adversus</strong></span> 
     </span>
    </p>
   </div>
   <div class='ocr_carea' id='block_1_98' title="bbox 507 4868 2074 4939">
    <p class='ocr_par' dir='ltr' id='par_1_98' title="bbox 507 4868 2074 4939">
     <span class='ocr_line' id='line_1_98' title="bbox 507 4868 2074 4939; baseline 0.006 -19"><span class='ocrx_word' id='word_1_707' title='bbox 507 4882 701 4921; x_wconf 90' lang='lat' dir='ltr'><strong>omnes</strong></span> <span class='ocrx_word' id='word_1_708' title='bbox 747 4868 977 4921; x_wconf 85' lang='lat' dir='ltr'><strong>victoria</strong></span> <span class='ocrx_word' id='word_1_709' title='bbox 1031 4868 1216 4923; x_wconf 88' lang='lat' dir='ltr'><strong>clarus</strong></span> <span class='ocrx_word' id='word_1_710' title='bbox 1268 4868 1613 4939; x_wconf 76' lang='lat' dir='ltr'><strong>designatur.</strong></span> <span class='ocrx_word' id='word_1_711' title='bbox 1687 4871 1821 4926; x_wconf 82' lang='lat' dir='ltr'><strong>Nam</strong></span> <span class='ocrx_word' id='word_1_712' title='bbox 1878 4874 2074 4929; x_wconf 80' lang='lat' dir='ltr'><strong>falsam</strong></span> 
     </span>
    </p>
   </div>
   <div class='ocr_carea' id='block_1_99' title="bbox 507 4957 2076 5031">
    <p class='ocr_par' dir='ltr' id='par_1_99' title="bbox 507 4957 2076 5031">
     <span class='ocr_line' id='line_1_99' title="bbox 507 4957 2076 5031; baseline 0.006 -20"><span class='ocrx_word' id='word_1_713' title='bbox 507 4957 830 5026; x_wconf 85' lang='lat' dir='ltr'><strong>sapientiam</strong></span> <span class='ocrx_word' id='word_1_714' title='bbox 865 4973 959 5027; x_wconf 89' lang='lat' dir='ltr'><strong>per</strong></span> <span class='ocrx_word' id='word_1_715' title='bbox 991 4958 1322 5022; x_wconf 87' lang='lat' dir='ltr'><strong>Libertinos,</strong></span> <span class='ocrx_word' id='word_1_716' title='bbox 1361 4960 1723 5031; x_wconf 80' lang='lat' dir='ltr'><strong>Cyrenenses,</strong></span> <span class='ocrx_word' id='word_1_717' title='bbox 1748 4971 1802 5019; x_wconf 91' lang='lat' dir='ltr'><strong>et</strong></span> <span class='ocrx_word' id='word_1_718' title='bbox 1836 4966 2076 5021; x_wconf 50' lang='lat' dir='ltr'><strong>Alexan‘</strong></span> 
     </span>
    </p>
   </div>
   <div class='ocr_carea' id='block_1_100' title="bbox 505 5047 2071 5124">
    <p class='ocr_par' dir='ltr' id='par_1_100' title="bbox 505 5047 2071 5124">
     <span class='ocr_line' id='line_1_100' title="bbox 505 5047 2071 5124; baseline 0.005 -22"><span class='ocrx_word' id='word_1_719' title='bbox 505 5047 697 5102; x_wconf 90' lang='lat' dir='ltr'><strong>drinos</strong></span> <span class='ocrx_word' id='word_1_720' title='bbox 735 5048 1010 5119; x_wconf 82' lang='lat' dir='ltr'><strong>sapientes</strong></span> <span class='ocrx_word' id='word_1_721' title='bbox 1043 5051 1304 5106; x_wconf 89' lang='lat' dir='ltr'><strong>adversus</strong></span> <span class='ocrx_word' id='word_1_722' title='bbox 1328 5066 1386 5105; x_wconf 82' lang='lat' dir='ltr'><strong>se</strong></span> <span class='ocrx_word' id='word_1_723' title='bbox 1412 5053 1730 5119; x_wconf 87' lang='lat' dir='ltr'><strong>luctantem,</strong></span> <span class='ocrx_word' id='word_1_724' title='bbox 1758 5070 1853 5124; x_wconf 91' lang='lat' dir='ltr'><strong>per</strong></span> <span class='ocrx_word' id='word_1_725' title='bbox 1888 5072 2071 5112; x_wconf 86' lang='lat' dir='ltr'><strong>veram</strong></span> 
     </span>
    </p>
   </div>
   <div class='ocr_carea' id='block_1_101' title="bbox 507 5137 2074 5212">
    <p class='ocr_par' dir='ltr' id='par_1_101' title="bbox 507 5137 2074 5212">
     <span class='ocr_line' id='line_1_101' title="bbox 507 5137 2074 5212; baseline 0.004 -19"><span class='ocrx_word' id='word_1_726' title='bbox 507 5137 831 5207; x_wconf 88' lang='lat' dir='ltr'><strong>sapientiam</strong></span> <span class='ocrx_word' id='word_1_727' title='bbox 877 5138 1109 5207; x_wconf 85' lang='lat' dir='ltr'><strong>devicit;</strong></span> <span class='ocrx_word' id='word_1_728' title='bbox 1158 5148 1422 5196; x_wconf 88' lang='lat' dir='ltr'><strong>terrorem</strong></span> <span class='ocrx_word' id='word_1_729' title='bbox 1451 5181 1465 5205; x_wconf 91' lang='lat'><strong>,</strong></span> <span class='ocrx_word' id='word_1_730' title='bbox 1501 5158 1594 5212; x_wconf 90' lang='lat' dir='ltr'><strong>per</strong></span> <span class='ocrx_word' id='word_1_731' title='bbox 1632 5144 1940 5202; x_wconf 87' lang='lat' dir='ltr'><strong>libertatem</strong></span> <span class='ocrx_word' id='word_1_732' title='bbox 1991 5148 2074 5200; x_wconf 86' lang='lat' dir='ltr'><strong>Io-</strong></span> 
     </span>
    </p>
   </div>
   <div class='ocr_carea' id='block_1_102' title="bbox 507 5226 2074 5303">
    <p class='ocr_par' dir='ltr' id='par_1_102' title="bbox 507 5226 2074 5303">
     <span class='ocr_line' id='line_1_102' title="bbox 507 5226 2074 5303; baseline 0.01 -26"><span class='ocrx_word' id='word_1_733' title='bbox 507 5226 709 5290; x_wconf 84' lang='lat' dir='ltr'><strong>quendi</strong></span> <span class='ocrx_word' id='word_1_734' title='bbox 732 5267 745 5290; x_wconf 93' lang='lat'><strong>,</strong></span> <span class='ocrx_word' id='word_1_735' title='bbox 776 5235 829 5281; x_wconf 92' lang='lat' dir='ltr'><strong>et</strong></span> <span class='ocrx_word' id='word_1_736' title='bbox 859 5228 1148 5298; x_wconf 81' lang='lat' dir='ltr'><strong>ingenuam</strong></span> <span class='ocrx_word' id='word_1_737' title='bbox 1193 5232 1515 5303; x_wconf 87' lang='lat' dir='ltr'><strong>increpandi</strong></span> <span class='ocrx_word' id='word_1_738' title='bbox 1544 5233 1796 5288; x_wconf 72' lang='lat' dir='ltr'><strong>fiduciam</strong></span> <span class='ocrx_word' id='word_1_739' title='bbox 1821 5251 1834 5300; x_wconf 92' lang='lat'><strong>;</strong></span> <span class='ocrx_word' id='word_1_740' title='bbox 1863 5237 2074 5303; x_wconf 87' lang='lat' dir='ltr'><strong>minas,</strong></span> 
     </span>
    </p>
   </div>
   <div class='ocr_carea' id='block_1_103' title="bbox 509 5319 2075 5396">
    <p class='ocr_par' dir='ltr' id='par_1_103' title="bbox 509 5319 2075 5396">
     <span class='ocr_line' id='line_1_103' title="bbox 509 5319 2075 5396; baseline 0.01 -28"><span class='ocrx_word' id='word_1_741' title='bbox 509 5331 607 5385; x_wconf 88' lang='lat' dir='ltr'><strong>per</strong></span> <span class='ocrx_word' id='word_1_742' title='bbox 642 5319 1097 5390; x_wconf 80' lang='lat' dir='ltr'><strong>despicientiam;</strong></span> <span class='ocrx_word' id='word_1_743' title='bbox 1132 5324 1396 5379; x_wconf 70' lang='lat' dir='ltr'><strong>saevitiam</strong></span> <span class='ocrx_word' id='word_1_744' title='bbox 1423 5365 1438 5389; x_wconf 87' lang='lat'><strong>,</strong></span> <span class='ocrx_word' id='word_1_745' title='bbox 1481 5341 1579 5396; x_wconf 91' lang='lat' dir='ltr'><strong>per</strong></span> <span class='ocrx_word' id='word_1_746' title='bbox 1618 5326 2075 5396; x_wconf 82' lang='lat' dir='ltr'><strong>beneﬁcentiam;</strong></span> 
     </span>
    </p>
   </div>
   <div class='ocr_carea' id='block_1_104' title="bbox 510 5409 2077 5487">
    <p class='ocr_par' dir='ltr' id='par_1_104' title="bbox 510 5409 2077 5487">
     <span class='ocr_line' id='line_1_104' title="bbox 510 5409 2077 5487; baseline 0.009 -29"><span class='ocrx_word' id='word_1_747' title='bbox 510 5409 853 5465; x_wconf 90' lang='lat' dir='ltr'><strong>mendacium</strong></span> <span class='ocrx_word' id='word_1_748' title='bbox 875 5451 889 5476; x_wconf 92' lang='lat'><strong>,</strong></span> <span class='ocrx_word' id='word_1_749' title='bbox 929 5428 1026 5483; x_wconf 91' lang='lat' dir='ltr'><strong>per</strong></span> <span class='ocrx_word' id='word_1_750' title='bbox 1053 5416 1357 5472; x_wconf 87' lang='lat' dir='ltr'><strong>veritatem.</strong></span> <span class='ocrx_word' id='word_1_751' title='bbox 1388 5417 1470 5471; x_wconf 86' lang='lat' dir='ltr'><strong>llli</strong></span> <span class='ocrx_word' id='word_1_752' title='bbox 1507 5417 1728 5487; x_wconf 89' lang='lat' dir='ltr'><strong>quidem</strong></span> <span class='ocrx_word' id='word_1_753' title='bbox 1762 5418 1831 5473; x_wconf 92' lang='lat' dir='ltr'><strong>ad</strong></span> <span class='ocrx_word' id='word_1_754' title='bbox 1874 5419 2077 5474; x_wconf 82' lang='lat' dir='ltr'><strong>caedem</strong></span> 
     </span>
    </p>
   </div>
   <div class='ocr_carea' id='block_1_105' title="bbox 507 5501 2075 5579">
    <p class='ocr_par' dir='ltr' id='par_1_105' title="bbox 507 5501 2075 5579">
     <span class='ocr_line' id='line_1_105' title="bbox 507 5501 2075 5579; baseline 0.008 -26"><span class='ocrx_word' id='word_1_755' title='bbox 507 5501 869 5568; x_wconf 89' lang='lat' dir='ltr'><strong>spectabant,</strong></span> <span class='ocrx_word' id='word_1_756' title='bbox 918 5514 972 5561; x_wconf 89' lang='lat' dir='ltr'><strong>et</strong></span> <span class='ocrx_word' id='word_1_757' title='bbox 1020 5508 1133 5575; x_wconf 91' lang='lat' dir='ltr'><strong>jam</strong></span> <span class='ocrx_word' id='word_1_758' title='bbox 1177 5510 1700 5579; x_wconf 84' lang='lat' dir='ltr'><strong>manus-lapidibus</strong></span> <span class='ocrx_word' id='word_1_759' title='bbox 1749 5512 2075 5579; x_wconf 87' lang='lat' dir='ltr'><strong>armabant,</strong></span> 
     </span>
    </p>
   </div>
   <div class='ocr_carea' id='block_1_106' title="bbox 592 5707 1475 5775">
    <p class='ocr_par' dir='ltr' id='par_1_106' title="bbox 592 5707 1475 5775">
     <span class='ocr_line' id='line_1_106' title="bbox 592 5707 1475 5775; baseline 0.007 -15"><span class='ocrx_word' id='word_1_760' title='bbox 592 5707 635 5739; x_wconf 82' lang='lat'>&quot;</span> <span class='ocrx_word' id='word_1_761' title='bbox 660 5708 781 5764; x_wconf 75' lang='lat' dir='ltr'><strong>Act.</strong></span> <span class='ocrx_word' id='word_1_762' title='bbox 824 5724 920 5775; x_wconf 83' lang='lat' dir='ltr'><strong>vu,</strong></span> <span class='ocrx_word' id='word_1_763' title='bbox 958 5710 1046 5764; x_wconf 74' lang='lat'><strong>59.</strong></span> <span class='ocrx_word' id='word_1_764' title='bbox 1126 5712 1166 5743; x_wconf 78' lang='lat'>“</span> <span class='ocrx_word' id='word_1_765' title='bbox 1210 5711 1343 5765; x_wconf 81' lang='lat' dir='ltr'><strong>Ibid.</strong></span> <span class='ocrx_word' id='word_1_766' title='bbox 1389 5712 1475 5766; x_wconf 74' lang='grc'><strong>54.</strong></span> 
     </span>
    </p>
   </div>
   <div class='ocr_carea' id='block_1_107' title="bbox 2177 4508 3753 4585">
    <p class='ocr_par' dir='ltr' id='par_1_107' title="bbox 2177 4508 3753 4585">
     <span class='ocr_line' id='line_1_107' title="bbox 2177 4508 3753 4585; baseline -0.003 -18"><span class='ocrx_word' id='word_1_767' title='bbox 2177 4530 2353 4585; x_wconf 72' lang='grc' dir='ltr'>μενος*</span> <span class='ocrx_word' id='word_1_768' title='bbox 2392 4514 2450 4577; x_wconf 84' lang='grc' dir='ltr'>ὃς</span> <span class='ocrx_word' id='word_1_769' title='bbox 2480 4516 2611 4582; x_wconf 72' lang='grc' dir='ltr'>πρὸς</span> <span class='ocrx_word' id='word_1_770' title='bbox 2638 4512 2818 4564; x_wconf 82' lang='grc' dir='ltr'>πᾶσαν</span> <span class='ocrx_word' id='word_1_771' title='bbox 2843 4509 2935 4585; x_wconf 67' lang='grc' dir='ltr'>τοῦ</span> <span class='ocrx_word' id='word_1_772' title='bbox 2978 4509 3355 4579; x_wconf 79' lang='grc' dir='ltr'>ἀντικειμένου</span> <span class='ocrx_word' id='word_1_773' title='bbox 3397 4509 3495 4581; x_wconf 81' lang='grc' dir='ltr'>τὴν</span> <span class='ocrx_word' id='word_1_774' title='bbox 3524 4508 3753 4579; x_wconf 86' lang='grc' dir='ltr'>δύναμιν</span> 
     </span>
    </p>
   </div>
   <div class='ocr_carea' id='block_1_108' title="bbox 2174 4598 3755 4671">
    <p class='ocr_par' dir='ltr' id='par_1_108' title="bbox 2174 4598 3755 4671">
     <span class='ocr_line' id='line_1_108' title="bbox 2174 4598 3755 4671; baseline -0.004 -15"><span class='ocrx_word' id='word_1_775' title='bbox 2174 4604 2363 4658; x_wconf 86' lang='grc' dir='ltr'>ἐαυτὸν</span> <span class='ocrx_word' id='word_1_776' title='bbox 2390 4602 2696 4666; x_wconf 83' lang='grc' dir='ltr'>ἀντιτάξας,</span> <span class='ocrx_word' id='word_1_777' title='bbox 2725 4600 2973 4671; x_wconf 83' lang='grc' dir='ltr'>λαμπρὸς</span> <span class='ocrx_word' id='word_1_778' title='bbox 3004 4602 3069 4670; x_wconf 81' lang='grc' dir='ltr'>τῇ</span> <span class='ocrx_word' id='word_1_779' title='bbox 3112 4600 3250 4653; x_wconf 85' lang='grc' dir='ltr'><strong>κατά</strong></span> <span class='ocrx_word' id='word_1_780' title='bbox 3285 4600 3503 4654; x_wconf 83' lang='grc' dir='ltr'>πάντων</span> <span class='ocrx_word' id='word_1_781' title='bbox 3542 4598 3755 4652; x_wconf 83' lang='grc' dir='ltr'>ἀναδεί-</span> 
     </span>
    </p>
   </div>
   <div class='ocr_carea' id='block_1_109' title="bbox 2174 4688 3754 4764">
    <p class='ocr_par' dir='ltr' id='par_1_109' title="bbox 2174 4688 3754 4764">
     <span class='ocr_line' id='line_1_109' title="bbox 2174 4688 3754 4764; baseline -0.003 -16"><span class='ocrx_word' id='word_1_782' title='bbox 2174 4712 2365 4748; x_wconf 88' lang='grc' dir='ltr'>κνυται</span> <span class='ocrx_word' id='word_1_783' title='bbox 2415 4694 2557 4764; x_wconf 78' lang='grc' dir='ltr'>νίκη.</span> <span class='ocrx_word' id='word_1_784' title='bbox 2604 4693 2715 4759; x_wconf 83' lang='grc' dir='ltr'><strong>Τὴν</strong></span> <span class='ocrx_word' id='word_1_785' title='bbox 2752 4693 2859 4763; x_wconf 79' lang='grc' dir='ltr'><strong>γάρ</strong></span> <span class='ocrx_word' id='word_1_786' title='bbox 2891 4691 3240 4761; x_wconf 75' lang='grc' dir='ltr'>ψευδώνυμον</span> <span class='ocrx_word' id='word_1_787' title='bbox 3292 4690 3505 4759; x_wconf 87' lang='grc' dir='ltr'>σοφίαν,</span> <span class='ocrx_word' id='word_1_788' title='bbox 3536 4689 3632 4760; x_wconf 81' lang='grc' dir='ltr'>τὴν</span> <span class='ocrx_word' id='word_1_789' title='bbox 3664 4688 3754 4743; x_wconf 73' lang='grc' dir='ltr'>διὰ</span> 
     </span>
    </p>
   </div>
   <div class='ocr_carea' id='block_1_110' title="bbox 2178 4778 3756 4853">
    <p class='ocr_par' dir='ltr' id='par_1_110' title="bbox 2178 4778 3756 4853">
     <span class='ocr_line' id='line_1_110' title="bbox 2178 4778 3756 4853; baseline -0.001 -18"><span class='ocrx_word' id='word_1_790' title='bbox 2178 4783 2510 4853; x_wconf 81' lang='grc' dir='ltr'>Λιϐερτίνων</span> <span class='ocrx_word' id='word_1_791' title='bbox 2532 4782 2624 4853; x_wconf 67' lang='grc' dir='ltr'><strong>καὶ</strong></span> <span class='ocrx_word' id='word_1_792' title='bbox 2648 4781 2970 4850; x_wconf 84' lang='grc' dir='ltr'>Κυρηναίων</span> <span class='ocrx_word' id='word_1_793' title='bbox 2996 4780 3088 4834; x_wconf 72' lang='grc' dir='ltr'><strong>καὶ</strong></span> <span class='ocrx_word' id='word_1_794' title='bbox 3111 4780 3220 4833; x_wconf 86' lang='grc' dir='ltr'>τῶν</span> <span class='ocrx_word' id='word_1_795' title='bbox 3245 4780 3351 4832; x_wconf 84' lang='grc' dir='ltr'><strong>ἀπὸ</strong></span> <span class='ocrx_word' id='word_1_796' title='bbox 3374 4780 3473 4849; x_wconf 81' lang='grc' dir='ltr'>τῆς</span> <span class='ocrx_word' id='word_1_797' title='bbox 3513 4778 3756 4845; x_wconf 76' lang='grc' dir='ltr'>Ἀλεξάν-</span> 
     </span>
    </p>
   </div>
   <div class='ocr_carea' id='block_1_111' title="bbox 2180 4852 3754 4945">
    <p class='ocr_par' dir='ltr' id='par_1_111' title="bbox 2180 4869 3754 4945">
     <span class='ocr_line' id='line_1_111' title="bbox 2180 4869 3754 4945; baseline -0.003 -19"><span class='ocrx_word' id='word_1_798' title='bbox 2180 4873 2305 4945; x_wconf 88' lang='grc' dir='ltr'>δρου</span> <span class='ocrx_word' id='word_1_799' title='bbox 2354 4872 2559 4935; x_wconf 85' lang='grc' dir='ltr'>πόλεως</span> <span class='ocrx_word' id='word_1_800' title='bbox 2606 4871 2781 4940; x_wconf 83' lang='grc' dir='ltr'>σοφῶν</span> <span class='ocrx_word' id='word_1_801' title='bbox 2821 4869 2968 4941; x_wconf 82' lang='grc' dir='ltr'>αὐτῷ</span> <span class='ocrx_word' id='word_1_802' title='bbox 3000 4871 3492 4941; x_wconf 85' lang='grc' dir='ltr'>προσπαλαίουσαν,</span> <span class='ocrx_word' id='word_1_803' title='bbox 3525 4869 3611 4923; x_wconf 84' lang='grc' dir='ltr'>διὰ</span> <span class='ocrx_word' id='word_1_804' title='bbox 3653 4871 3754 4940; x_wconf 82' lang='grc' dir='ltr'>τῆς</span> 
     </span>
    </p>
   </div>
   <div class='ocr_carea' id='block_1_112' title="bbox 2182 4960 3754 5033">
    <p class='ocr_par' dir='ltr' id='par_1_112' title="bbox 2182 4960 3754 5033">
     <span class='ocr_line' id='line_1_112' title="bbox 2182 4960 3754 5033; baseline -0.001 -17"><span class='ocrx_word' id='word_1_805' title='bbox 2182 4962 2410 5033; x_wconf 79' lang='grc' dir='ltr'>ἀληθοῦς</span> <span class='ocrx_word' id='word_1_806' title='bbox 2472 4961 2661 5031; x_wconf 82' lang='grc' dir='ltr'>σοφίας</span> <span class='ocrx_word' id='word_1_807' title='bbox 2732 4960 3180 5031; x_wconf 88' lang='grc' dir='ltr'>κατηγωνίσατο·</span> <span class='ocrx_word' id='word_1_808' title='bbox 3247 4962 3338 5014; x_wconf 82' lang='grc' dir='ltr'><strong>τὸν</strong></span> <span class='ocrx_word' id='word_1_809' title='bbox 3402 4961 3600 5031; x_wconf 85' lang='grc' dir='ltr'>φόϐον,</span> <span class='ocrx_word' id='word_1_810' title='bbox 3667 4961 3754 5016; x_wconf 76' lang='grc' dir='ltr'>διὰ</span> 
     </span>
    </p>
   </div>
   <div class='ocr_carea' id='block_1_113' title="bbox 2181 5052 3753 5127">
    <p class='ocr_par' dir='ltr' id='par_1_113' title="bbox 2181 5052 3753 5127">
     <span class='ocr_line' id='line_1_113' title="bbox 2181 5052 3753 5127; baseline -0.002 -19"><span class='ocrx_word' id='word_1_811' title='bbox 2181 5057 2280 5125; x_wconf 82' lang='grc' dir='ltr'>τῆς</span> <span class='ocrx_word' id='word_1_812' title='bbox 2346 5055 2654 5127; x_wconf 66' lang='grc' dir='ltr'>παρρησίας</span> <span class='ocrx_word' id='word_1_813' title='bbox 2687 5070 2701 5084; x_wconf 85' lang='lat'><strong><em>°</em></strong></span> <span class='ocrx_word' id='word_1_814' title='bbox 2772 5053 2867 5124; x_wconf 83' lang='grc' dir='ltr'>τὴν</span> <span class='ocrx_word' id='word_1_815' title='bbox 2929 5052 3193 5124; x_wconf 84' lang='grc' dir='ltr'>ἀπειλὴν,</span> <span class='ocrx_word' id='word_1_816' title='bbox 3258 5053 3346 5106; x_wconf 84' lang='grc' dir='ltr'>διὰ</span> <span class='ocrx_word' id='word_1_817' title='bbox 3403 5053 3499 5123; x_wconf 88' lang='grc' dir='ltr'>τῆς</span> <span class='ocrx_word' id='word_1_818' title='bbox 3555 5054 3753 5124; x_wconf 82' lang='grc' dir='ltr'>ὑπερο-</span> 
     </span>
    </p>
   </div>
   <div class='ocr_carea' id='block_1_114' title="bbox 2182 5145 3752 5217">
    <p class='ocr_par' dir='ltr' id='par_1_114' title="bbox 2182 5145 3752 5217">
     <span class='ocr_line' id='line_1_114' title="bbox 2182 5145 3752 5217; baseline 0 -19"><span class='ocrx_word' id='word_1_819' title='bbox 2182 5146 2346 5214; x_wconf 76' lang='grc' dir='ltr'>ψίας·</span> <span class='ocrx_word' id='word_1_820' title='bbox 2416 5148 2512 5217; x_wconf 78' lang='grc' dir='ltr'><strong>τὴν</strong></span> <span class='ocrx_word' id='word_1_821' title='bbox 2574 5147 2834 5217; x_wconf 88' lang='grc' dir='ltr'>πικρίαν,</span> <span class='ocrx_word' id='word_1_822' title='bbox 2898 5145 2985 5198; x_wconf 84' lang='grc' dir='ltr'>διὰ</span> <span class='ocrx_word' id='word_1_823' title='bbox 3045 5146 3144 5215; x_wconf 84' lang='grc' dir='ltr'><strong>τῆς</strong></span> <span class='ocrx_word' id='word_1_824' title='bbox 3190 5145 3466 5208; x_wconf 80' lang='grc' dir='ltr'>εύποιίας’</span> <span class='ocrx_word' id='word_1_825' title='bbox 3514 5145 3574 5198; x_wconf 84' lang='grc' dir='ltr'><strong>τὸ</strong></span> <span class='ocrx_word' id='word_1_826' title='bbox 3619 5145 3752 5214; x_wconf 63' lang='grc' dir='ltr'><strong>ψεῦ-</strong></span> 
     </span>
    </p>
   </div>
   <div class='ocr_carea' id='block_1_115' title="bbox 2173 5236 3753 5309">
    <p class='ocr_par' dir='ltr' id='par_1_115' title="bbox 2173 5236 3753 5309">
     <span class='ocr_line' id='line_1_115' title="bbox 2173 5236 3753 5309; baseline -0.001 -18"><span class='ocrx_word' id='word_1_827' title='bbox 2173 5239 2295 5301; x_wconf 82' lang='grc' dir='ltr'>δος,</span> <span class='ocrx_word' id='word_1_828' title='bbox 2345 5238 2432 5291; x_wconf 83' lang='grc' dir='ltr'><strong>διὰ</strong></span> <span class='ocrx_word' id='word_1_829' title='bbox 2477 5238 2575 5309; x_wconf 84' lang='grc' dir='ltr'><strong>τῆς</strong></span> <span class='ocrx_word' id='word_1_830' title='bbox 2636 5237 2909 5307; x_wconf 84' lang='grc' dir='ltr'>ἀληθείας.</span> <span class='ocrx_word' id='word_1_831' title='bbox 2979 5238 3043 5289; x_wconf 81' lang='grc' dir='ltr'><strong>Οἱ</strong></span> <span class='ocrx_word' id='word_1_832' title='bbox 3108 5238 3204 5308; x_wconf 86' lang='grc' dir='ltr'>μὲν</span> <span class='ocrx_word' id='word_1_833' title='bbox 3260 5237 3396 5308; x_wconf 80' lang='grc' dir='ltr'>πρὸς</span> <span class='ocrx_word' id='word_1_834' title='bbox 3462 5236 3551 5290; x_wconf 79' lang='grc' dir='ltr'><strong>τὸν</strong></span> <span class='ocrx_word' id='word_1_835' title='bbox 3597 5238 3753 5304; x_wconf 81' lang='grc' dir='ltr'>φόνον</span> 
     </span>
    </p>
   </div>
   <div class='ocr_carea' id='block_1_116' title="bbox 2176 5328 3755 5401">
    <p class='ocr_par' dir='ltr' id='par_1_116' title="bbox 2176 5328 3755 5401">
     <span class='ocr_line' id='line_1_116' title="bbox 2176 5328 3755 5401; baseline -0.003 -17"><span class='ocrx_word' id='word_1_836' title='bbox 2176 5329 2428 5395; x_wconf 74' lang='grc' dir='ltr'>ἔϐλεπον,</span> <span class='ocrx_word' id='word_1_837' title='bbox 2487 5331 2580 5384; x_wconf 73' lang='grc' dir='ltr'>καὶ</span> <span class='ocrx_word' id='word_1_838' title='bbox 2647 5328 2747 5401; x_wconf 71' lang='grc' dir='ltr'>ήδη</span> <span class='ocrx_word' id='word_1_839' title='bbox 2793 5328 2889 5393; x_wconf 88' lang='grc' dir='ltr'>τὰς</span> <span class='ocrx_word' id='word_1_840' title='bbox 2944 5332 3130 5400; x_wconf 85' lang='grc' dir='ltr'>χεῖρας</span> <span class='ocrx_word' id='word_1_841' title='bbox 3169 5333 3281 5392; x_wconf 87' lang='grc' dir='ltr'>τοῖς</span> <span class='ocrx_word' id='word_1_842' title='bbox 3320 5329 3485 5393; x_wconf 87' lang='grc' dir='ltr'>λίθοις</span> <span class='ocrx_word' id='word_1_843' title='bbox 3527 5328 3755 5393; x_wconf 82' lang='grc' dir='ltr'>ἐξώπλι-</span> 
     </span>
    </p>
   </div>
   <div class='ocr_carea' id='block_1_117' title="bbox 2180 5420 3748 5492">
    <p class='ocr_par' dir='ltr' id='par_1_117' title="bbox 2180 5420 3748 5492">
     <span class='ocr_line' id='line_1_117' title="bbox 2180 5420 3748 5492; baseline -0.002 -17"><span class='ocrx_word' id='word_1_844' title='bbox 2180 5422 2310 5486; x_wconf 78' lang='grc' dir='ltr'>ζον,</span> <span class='ocrx_word' id='word_1_845' title='bbox 2371 5423 2464 5475; x_wconf 77' lang='grc' dir='ltr'>καὶ</span> <span class='ocrx_word' id='word_1_846' title='bbox 2517 5420 2594 5492; x_wconf 80' lang='grc' dir='ltr'>τῷ</span> <span class='ocrx_word' id='word_1_847' title='bbox 2661 5421 2929 5491; x_wconf 83' lang='grc' dir='ltr'>βλέμματι</span> <span class='ocrx_word' id='word_1_848' title='bbox 2978 5422 3072 5474; x_wconf 78' lang='grc' dir='ltr'><strong>καὶ</strong></span> <span class='ocrx_word' id='word_1_849' title='bbox 3115 5420 3195 5491; x_wconf 80' lang='grc' dir='ltr'><strong>τῷ</strong></span> <span class='ocrx_word' id='word_1_850' title='bbox 3250 5420 3487 5492; x_wconf 79' lang='grc' dir='ltr'>ἄσθματι</span> <span class='ocrx_word' id='word_1_851' title='bbox 3537 5421 3632 5474; x_wconf 72' lang='grc' dir='ltr'>καὶ</span> <span class='ocrx_word' id='word_1_852' title='bbox 3683 5421 3748 5490; x_wconf 78' lang='grc' dir='ltr'>τῇ</span> 
     </span>
    </p>
   </div>
   <div class='ocr_carea' id='block_1_118' title="bbox 2177 5511 3751 5583">
    <p class='ocr_par' dir='ltr' id='par_1_118' title="bbox 2177 5511 3751 5583">
     <span class='ocr_line' id='line_1_118' title="bbox 2177 5511 3751 5583; baseline -0.003 -15"><span class='ocrx_word' id='word_1_853' title='bbox 2177 5513 2287 5570; x_wconf 85' lang='grc' dir='ltr'>τῶν</span> <span class='ocrx_word' id='word_1_854' title='bbox 2347 5514 2574 5569; x_wconf 86' lang='grc' dir='ltr'>ὀδόντων</span> <span class='ocrx_word' id='word_1_855' title='bbox 2644 5511 2960 5583; x_wconf 82' lang='grc' dir='ltr'>συμπτώσει</span> <span class='ocrx_word' id='word_1_856' title='bbox 3014 5513 3112 5582; x_wconf 80' lang='grc' dir='ltr'>τὴν</span> <span class='ocrx_word' id='word_1_857' title='bbox 3166 5511 3391 5583; x_wconf 83' lang='grc' dir='ltr'>πικρίαν</span> <span class='ocrx_word' id='word_1_858' title='bbox 3456 5511 3751 5583; x_wconf 87' lang='grc' dir='ltr'>ἐπισημαί-</span> 
     </span>
    </p>
   </div>
  </div>
