4084 6158
349 221 454 276 715

1646 213 1712 268 IN
1752 213 1809 269 S.
1855 213 2293 270 STEPHANUM.

3489 207 3590 261 τη

351 350 572 398 νοντεςο
627 335 656 386 ὁ
689 334 742 388 δὲ
785 333 859 395 ὡς
906 331 1164 398 ἀδελφοὺς
1213 329 1380 400 ἐώρα,
1421 329 1516 383 καὶ
1559 329 1634 393 ὡς
1683 329 1921 401 πατέρας

2033 330 2253 394 obtutu,
2289 328 2676 390 anhelatione,
2712 324 2954 379 dentium
3000 321 3285 377 collisione
3328 323 3589 376 saevitiam

355 427 648 494 ἠσπάζετο.

432 603 674 668 Ἄνδρες
731 600 862 672 γὰρ,
921 601 1118 669 φησὶν,
1175 597 1423 665 ἀδελφοί
1475 597 1574 650 καί
1645 595 1923 663 πατέρες,

352 691 656 746 ἀκούσατέ
691 708 830 759 μου.
882 692 944 742 Ui
987 689 1085 759 μὲν
1125 689 1223 759 τὴν
1283 687 1644 756 συκοφαντίαν
1684 686 1927 750 πιθανῶς

355 782 708 837 συνέπλεκον·
745 781 822 851 τῷ
861 781 918 835 δὲ
955 781 1016 835 τὸ
1041 781 1146 834 τῶν
1182 779 1465 848 φονώντων
1494 779 1790 850 συνέδριον,
1829 778 1928 848 τῆς

355 873 608 941 ἀληθείας
645 873 1058 943 φροντιστήριον
1084 866 1172 940 ἦν.
1206 871 1320 924 Οὐκ
1355 869 1628 922 ἀπέκοπτε
1657 869 1807 939 φόϐῳ
1838 869 1928 922 τὸν

354 965 530 1033 λόγον,
577 965 696 1018 οὐδὲ
739 965 975 1035 πάρετος
1020 963 1156 1034 πρὸς
1183 962 1280 1032 τὴν
1303 962 1493 1015 ὲλπίδα
1523 961 1632 1014 τῶν
1671 961 1928 1014 κινδύνων

354 1055 587 1122 ἐγίνετο,
639 1053 759 1108 οὐδὲ
788 1053 922 1124 πρὸς
946 1052 1037 1105 τὸν
1066 1051 1291 1105 θάνατον
1318 1049 1574 1102 ἔϐλεπενο
1606 1048 1720 1102 ἀλλ’
1754 1049 1846 1101 ἐπὶ
1868 1046 1929 1100 τὸ

358 1145 489 1215 ὓψος
525 1146 621 1216 τὴν
654 1145 831 1214 ψυχὴν
861 1143 1023 1215 ἔχων,
1057 1143 1150 1195 κα)⁹
1189 1141 1258 1195 τά
1285 1142 1343 1194 ὲν
1382 1141 1510 1193 ποσὶ
1563 1138 1740 1192 πάντα
1767 1155 1924 1208 περιο

356 1237 523 1308 ορῶν,
554 1237 628 1299 ὡς
658 1237 844 1290 παιδία
872 1236 1050 1306 μάτην
1070 1234 1424 1305 ἀφραίνοντα,
1458 1231 1826 1300 ἐπαιδαγώγει
1849 1230 1929 1300 τῷ

355 1328 519 1397 λόγῳ,
567 1331 677 1390 τοῖς
730 1327 860 1398 παρ’
907 1325 1084 1379 αὐτῶν
1130 1323 1355 1378 ἐκείνων
1393 1321 1798 1392 πιστευομένοις
1849 1323 1929 1384 είς

355 1419 626 1484 ἀπόδειξιν
666 1418 761 1470 τοῦ
805 1414 1178 1485 πεπλανῆσθαι
1207 1413 1402 1476 αὐτοὺς
1430 1412 1558 1482 περὶ
1584 1413 1692 1465 τῶν
1725 1411 1928 1482 δογμά-

353 1525 462 1561 των
495 1506 901 1577 συγχρώμενος.
942 1505 1192 1576 Ἀϐραὰμ
1224 1503 1303 1574 τῷ
1337 1504 1478 1573 λόγῳ
1504 1504 1808 1573 παράγεται
1839 1503 1929 1555 καὶ

355 1603 389 1670 ή
424 1601 542 1652 κατ’
582 1598 744 1651 αὑτὸν
789 1597 997 1668 ἱστορία
1024 1598 1172 1650 πᾶσα
1199 1596 1266 1648 δι’
1292 1596 1486 1662 ὀλίγων
1515 1595 1604 1647 ὑπ’
1639 1593 1760 1663 ὄψιν
1800 1594 1929 1660 ἄγε-

357 1663 479 1745 ται·
515 1685 630 1743 εἶτα
663 1691 696 1759 ὴ
721 1689 828 1742 τῶν
872 1663 1064 1758 ἑφεξῆς
1096 1689 1266 1756 ἁγίων
1293 1687 1530 1758 διαδοχή.
1558 1687 1796 1754 Μωῦσῆς
1838 1687 1930 1738 ἐπὶ
1963 1663 2003 1718 Β

356 1781 565 1842 τούτοις
608 1780 952 1850 τικτόμενος,
993 1779 1460 1848 ἀνατρεφόμενος,
1523 1777 1928 1846 παιδευόμενος,

358 1871 452 1923 ἐπὶ
477 1869 570 1922 τοῦ
635 1869 796 1940 ὅρους
857 1870 1419 1940 μυσταγωγούμενος·
1494 1867 1769 1938 μαστίζων
1833 1867 1931 1937 τὴν

356 1961 662 2028 Αἴγυπτον,
693 1960 786 2014 τὸν
820 1959 1038 2031 Ἰσραὴλ
1073 1959 1389 2025 διασὼζων,
1424 1960 1488 2012 τὸ
1518 1959 1659 2013 κατά
1701 1959 1792 2012 τὸν
1825 1957 1931 2011 Κύ-

357 2067 470 2120 ριον
493 2049 822 2119 προμηνύων
851 2051 1166 2120 μυστήριον.
1202 2051 1266 2103 Ὃ
1298 2049 1394 2102 καὶ
1427 2049 1658 2119 μάλιστα
1689 2049 1933 2116 συγκινεῖ

353 2142 416 2193 τὸ
455 2140 748 2209 συνέδριον,
802 2139 896 2193 καὶ
933 2139 1320 2210 ἀναθερμαίνει
1352 2140 1450 2211 τὴν
1499 2139 1674 2203 νόσον,
1721 2140 1804 2193 ὅτι
1838 2140 1930 2193 καὶ

355 2231 614 2301 Μωῦσῆς,
642 2224 701 2284 οὗ
727 2231 791 2302 δὴ
815 2231 1231 2301 προσεποιοῦντο
1259 2231 1743 2300 ὑπερσπουδάζειν,
1803 2248 1930 2283 συν-

356 2321 556 2391 ήγορος
585 2321 678 2373 τοῦ
706 2321 974 2389 δόγματος
1001 2321 1374 2374 ἀπεδείκνυτο.
1411 2320 1525 2390 Ἐφ’
1553 2313 1597 2388 ᾧ
1626 2320 1720 2374 καὶ
1748 2321 1931 2374 διανα-

358 2412 604 2476 στάντες,
632 2413 693 2464 τὸ
723 2411 898 2483 πέρας
937 2411 1229 2480 ἐπάγουσιν
1256 2411 1404 2478 ἄξιον
1428 2413 1522 2465 καὶ
1548 2412 1648 2482 τῆς
1676 2412 1810 2476 ίδίας
1839 2430 1930 2465 πι-

358 2506 538 2576 κρίας,
577 2506 671 2557 καὶ
703 2505 802 2575 τῆς
825 2503 916 2557 τοῦ
953 2503 1223 2573 Στεφάνου
1252 2503 1566 2573 ἐπιθυμίας.
1615 2504 1672 2556 '0
1699 2505 1798 2574 μὲν
1822 2503 1928 2575 γὰρ

358 2596 526 2658 ἐκϐὰς
567 2596 664 2666 τήν
721 2595 903 2664 φύσιν,
959 2593 1055 2646 καὶ
1101 2594 1229 2666 πρὶν
1273 2593 1496 2664 ἐκϐῆναι
1538 2593 1632 2647 τοῦ
1681 2593 1929 2665 σώματος

360 2687 545 2756 βλέπει
587 2688 700 2749 τοῖς
737 2684 998 2756 καθαροῖς
1035 2683 1331 2754 ὀφθαλμοῖς
1368 2683 1466 2747 τὰς
1494 2684 1750 2754 οὐρανίας
1783 2683 1927 2755 αὐτῷ

361 2779 532 2841 πύλας
554 2776 924 2846 διισταμένας,
965 2776 1060 2829 καὶ
1084 2774 1144 2828 τὸ
1169 2775 1318 2838 ἐντὸς
1343 2774 1449 2827 τῶν
1480 2773 1688 2828 ἀδύτων
1717 2774 1929 2844 διαφαι-

358 2873 610 2939 νόμενον,
658 2869 828 2939 αὐτήν
865 2884 924 2920 τε
975 2865 1123 2919 θείαν
1162 2865 1339 2932 δόξαν,
1374 2865 1467 2919 καὶ
1511 2865 1572 2918 τὸ
1619 2865 1718 2934 τῆς
1771 2865 1930 2937 δόξης

361 2958 715 3028 ἀπαύγασμα·
744 2957 954 3026 καὶτῆς
979 2956 1079 3026 μὲν
1098 2955 1376 3027 Πατρικῆς
1397 2955 1577 3026 δόξης,
1602 2956 1774 3020 οὐδεὶς
1798 2958 1929 3010 ὑπο-

361 3049 628 3122 γράφεται
662 3047 946 3120 χαρακτὴρ
967 3046 1056 3101 διὰ
1079 3046 1171 3099 τοῦ
1195 3047 1353 3114 λόγου
1371 3064 1383 3077 ·
1412 3047 1473 3100 τὸ
1494 3048 1549 3100 δὲ
1566 3047 1926 3118 ἀπαύγασμα,

361 3143 419 3196 ὲν
447 3140 522 3210 τῷ
547 3140 759 3210 ὀφθέντι
787 3143 897 3204 τοῖς
924 3138 1228 3209 ἀνθρώποις
1255 3138 1403 3203 εῖδει,
1432 3138 1510 3209 τῷ
1556 3139 1762 3210 ἀθλητῇ
1797 3140 1932 3194 καθ-

359 3233 573 3303 ορᾶται,
613 3231 686 3294 ὡς
728 3227 795 3302 ἧν
835 3230 1082 3301 χωρητὸν
1130 3231 1196 3300 τῇ
1221 3228 1538 3301 ἀνθρωπίνῃ
1581 3229 1759 3298 φύσει,
1790 3229 1930 3283 οὕτω

363 3325 702 3394 φαινόμενον.
746 3324 806 3376 Ὀ
832 3324 930 3394 μὲν
956 3317 1047 3376 οὖν
1071 3321 1175 3388 ἔξω
1205 3321 1441 3390 γεγονὼς
1463 3322 1560 3392 τῆς
1585 3321 1930 3394 ἀνθρωπίνης

362 3415 593 3486 φύσεως,
621 3415 714 3469 καὶ
739 3415 872 3486 πρὸς
901 3413 999 3484 τὴν
1019 3412 1315 3484 ἀγγελικὴν
1342 3413 1726 3485 μεταποιηθεὶς
1748 3414 1928 3486 χάριν,

361 3507 438 3570 ὡς
494 3507 587 3560 καὶ
635 3506 816 3569 αὐτοῖς
862 3500 1001 3559 εἶναι
1041 3507 1152 3566 τοῖς
1201 3504 1504 3575 μιαιφόνοις
1561 3505 1620 3557 ἐν
1659 3505 1928 3575 θαύματι,

362 3598 500 3669 πρὸς
530 3598 628 3669 τὴν
655 3597 762 3651 τῶν
791 3596 1036 3665 ἀγγέλων
1074 3596 1230 3661 ἀξίαν
1261 3595 1355 3648 τοῦ
1393 3595 1520 3667 περὶ
1556 3595 1616 3648 τὸ
1644 3595 1931 3666 πρόσωπον

365 3690 535 3753 εἴδους
567 3687 981 3751 ἀλλοιωθέντος,
1031 3687 1124 3740 καὶ
1169 3683 1274 3739 εἶδε
1321 3686 1389 3740 τὰ
1419 3685 1654 3747 ἀθέατα,
1695 3687 1788 3739 καὶ
1835 3685 1932 3755 τὴν

361 3781 620 3848 ὀφθεῖσαν
651 3778 800 3849 αὐτῷ
846 3778 1004 3848 χάριν
1049 3776 1356 3847 ἐξεϐόησεν.
1399 3778 1462 3829 Ui
1493 3776 1550 3829 δὲ
1579 3775 1834 3846 συνέσχον
1863 3775 1932 3829 τά

362 3867 496 3935 ὦτα,
525 3869 621 3924 καὶ
663 3868 725 3922 τὸ
761 3869 1006 3939 διήγημα
1033 3867 1132 3938 τῆς
1156 3866 1419 3930 ὀπτασίας
1448 3867 1509 3920 οὐ
1539 3865 1929 3937 παρεδέχοντο,

365 3963 545 4025 καλῶς
581 3961 739 4014 τοῦτο
765 3960 895 4028 γοῦν
929 3961 985 4012 ὲν
1012 3959 1145 4012 πᾶσι
1187 3959 1511 4028 ποιήσαντες
1535 3972 1548 3986 ·
1582 3955 1702 4010 οὐδὲ
1730 3955 1838 4027 γὰρ
1864 3951 1934 4026 ἦν

363 4057 493 4123 ἀξία
549 4053 788 4126 βεϐήλων
843 4050 1000 4123 ἀκοὴ,
1056 4050 1204 4113 θείας
1258 4048 1556 4120 ἐμφανείας
1618 4047 1933 4116 διηγήματα

364 4148 640 4215 δέξασθαι.
693 4147 928 4208 Ἐκεῖνος
961 4143 1058 4213 μὲν
1085 4137 1176 4194 οὖν
1203 4138 1528 4210 ἐκοινώνησε
1557 4140 1668 4200 τοῖς
1701 4136 1936 4207 παροῦσι

363 4241 465 4309 τῆς
495 4239 746 4311 χάριτος,
777 4236 856 4299 είς
884 4234 944 4287 τὸ
985 4231 1160 4286 κοινὸν
1191 4232 1373 4284 ἐκεῖνα
1417 4225 1694 4300 προτιθεὶς
1722 4225 1800 4296 τῷ
1859 4226 1934 4279 δι-

2027 437 2136 490 prie
2166 437 2224 475 se
2254 422 2490 475 ferentes
2526 439 2539 474 ι
2572 419 2662 472 hic
2692 432 2819 471 vero
2860 425 3114 484 tanquam
3142 412 3341 467 fratres
3368 414 3592 482 aspicie-

2027 513 2142 572 bat,
2176 521 2230 566 et
2268 521 2527 582 tanquam
2569 518 2750 579 patres
2779 507 3071 561 salutabat.

2111 599 2224 652 Viri
2248 601 2394 656 enim
2428 600 2648 668 fratres,
2685 598 2884 666 inquit,
2917 605 2964 649 et
2992 605 3190 664 patres,
3215 595 3396 650 audite
3419 596 3484 651 “.
3513 595 3590 650 Illi

2026 692 2244 761 quidem
2276 691 2606 746 calumniam
2636 687 2986 758 probabiliter
3010 687 3396 757 contingebant
3422 706 3435 741 :
3467 687 3597 741 huic

2027 797 2156 836 vero
2186 782 2476 835 consilium
2511 780 2577 834 ad
2610 779 2809 834 caedem
2859 777 3273 846 propensiorum
3313 793 3410 846 pro
3440 777 3594 831 curia

2027 874 2272 928 veritatis
2301 883 2440 928 erat.
2465 871 2582 926 Non
2610 882 2753 925 metu
2777 869 3105 939 praecidebat
3131 871 3456 933 orationem,
3487 885 3593 924 non

2028 966 2322 1037 languidus
2362 965 2682 1034 fractusque
2721 979 2785 1018 ac
2830 963 3100 1017 remissus
3143 971 3288 1016 metu
3329 963 3598 1030 periculo-

2030 1071 2149 1110 rum
2173 1067 2311 1119 erat,
2343 1072 2451 1111 non
2485 1072 2634 1111 mors
2662 1056 2710 1111 ei
2731 1063 2854 1110 ante
2882 1055 3076 1108 oculos
3112 1055 3434 1109 versabatur
3459 1071 3472 1118 ;
3500 1053 3595 1109 sed

2028 1158 2211 1204 erecto
2239 1149 2422 1202 animo
2455 1147 2636 1202 omnia
2667 1161 2788 1217 quae
2809 1153 2933 1199 ante
2967 1145 3132 1215 pedes
3163 1154 3318 1200 erant
3348 1154 3596 1200 contem-

2031 1255 2187 1303 nens,
2219 1249 2478 1310 tanquam
2510 1240 2770 1310 puerulos
2797 1238 2994 1292 misere
3029 1236 3348 1305 insipientes
3383 1238 3600 1308 regebat

2030 1345 2094 1386 ac
2129 1331 2516 1385 moderabatur
2545 1330 2796 1383 oratione
2823 1369 2838 1394 ,
2870 1325 2939 1381 ad
2969 1327 3460 1383 demonstrandum
3501 1343 3600 1383 eos

2031 1423 2085 1476 in
2114 1435 2301 1477 errore
2329 1422 2705 1476 doctrinarum
2741 1421 2980 1483 versari,
3021 1419 3184 1475 simul
3213 1419 3375 1472 etiam
3406 1419 3472 1475 iis
3502 1421 3599 1474 do-

2029 1514 2300 1570 cumentis
2322 1556 2335 1578 ,
2369 1513 2571 1584 quibus
2606 1515 2675 1568 ab
2713 1513 2821 1569 illis
2869 1513 3005 1582 ipsis
3036 1513 3168 1568 tides
3200 1513 3449 1582 derogari
3489 1526 3598 1567 non

2031 1611 2283 1674 poterat,
2316 1612 2497 1658 utens.
2537 1603 2812 1658 Abraham
2852 1605 3086 1658 orationi
3121 1602 3430 1668 adhibetur,
3461 1610 3601 1657 tota-

2031 1708 2139 1762 que
2181 1693 2330 1748 illius
2382 1693 2615 1749 historia
2670 1695 2862 1763 paucis
2907 1701 3034 1747 ante
3083 1693 3275 1748 oculos
3320 1692 3542 1762 ponitur
3583 1713 3596 1748 :

2031 1782 2227 1836 deinde
2267 1783 2448 1837 ett-teri
2485 1785 2691 1848 sancti,
2743 1785 2836 1854 qui
2892 1789 3300 1838 successerunt.
3353 1783 3432 1837 Ad
3485 1782 3602 1836 ha-c

2032 1870 2245 1942 Moyses
2278 1882 2335 1926 ut
2367 1881 2552 1937 natus,
2587 1881 2647 1927 ut
2667 1873 2957 1939 educatus,
2989 1879 3049 1926 ut
3077 1873 3329 1928 eruditus
3351 1880 3406 1926 et
3439 1872 3600 1927 insti-

2032 1970 2206 2027 tutus,
2231 1971 2292 2017 ut
2319 1964 2374 2018 in
2399 1972 2584 2018 monte
2610 1964 3048 2019 sacrisinitiatus
3084 1971 3136 2018 et
3169 1965 3477 2018 instructus
3505 1963 3599 2023 sit,

2033 2062 2094 2106 ut
2124 2051 2424 2124 Egyptum
2457 2052 2782 2124 ﬂagellaret,
2824 2053 3081 2109 lsraelem
3113 2061 3376 2118 servaret,
3403 2060 3605 2123 myste-

2031 2145 2173 2199 rium
2199 2145 2415 2199 Domini
2444 2145 2783 2214 prtedicerct.
2816 2143 2970 2212 Quod
3004 2146 3168 2200 etiam
3201 2145 3434 2199 maxime
3467 2157 3602 2198 con-

2029 2237 2165 2290 citat
2191 2237 2486 2290 concilium
2513 2278 2527 2303 ,
2559 2244 2613 2292 et
2653 2237 2903 2292 morbum
2952 2237 3228 2304 incendit,
3260 2238 3405 2307 quod
3435 2237 3601 2291 etiam

2029 2325 2282 2398 Moyses,
2319 2327 2482 2396 cujus
2526 2343 2588 2384 se
2632 2329 2891 2382 nimirum
2926 2328 3274 2383 vehementer
3319 2329 3603 2383 studiosos

2027 2436 2150 2477 esse
2174 2419 2348 2475 videri
2378 2421 2650 2485 volebant,
2683 2430 2948 2491 patronus
2991 2421 3251 2476 doctrina:
3303 2421 3467 2490 hujus
3505 2420 3600 2474 de-

2028 2514 2371 2562 monstratur
2427 2527 2440 2563 :
2497 2510 2855 2578 quamobrem
2896 2510 3058 2563 etiam
3103 2519 3390 2580 surgentes
3442 2510 3603 2564 tinem

2029 2595 2343 2666 imponunt,
2369 2598 2587 2668 qualem
2623 2607 2678 2653 et
2710 2597 3022 2668 Stephanus
3048 2600 3416 2666 desiderabat,
3455 2608 3510 2655 et
3536 2599 3603 2652 il-

2029 2687 2207 2742 lorum
2243 2689 2621 2744 crudelitatem
2669 2688 2916 2744 decebat.
2956 2688 3093 2744 Nam
3128 2690 3220 2744 ille
3249 2690 3469 2758 quidem
3503 2703 3604 2743 na-

2029 2785 2207 2832 turam
2226 2777 2671 2848 egressus,etiam
2693 2785 2985 2847 antequam
3006 2792 3236 2848 corpore
3251 2778 3606 2841 excessisset,

2030 2869 2182 2938 puris
2210 2870 2388 2924 oculis
2422 2870 2674 2925 caelestes
2703 2869 2808 2924 sibi
2839 2877 3026 2938 portas
3049 2878 3262 2937 apertas
3290 2869 3436 2925 videt
3462 2878 3516 2924 et
3554 2869 3608 2924 id

2029 2959 2173 3030 quod
2197 2959 2339 3014 intra
2360 2959 2519 3031 adyta
2535 2959 2850 3030 apparebat,
2883 2974 3006 3014 cum
3037 2961 3209 3029 ipsam
3230 2959 3466 3014 divinam
3491 2962 3610 3032 glo-

2030 3053 2193 3118 riam,
2208 3059 2321 3105 tum
2338 3051 2526 3122 gloria:
2541 3051 2884 3122 splendorem
2903 3052 3273 3122 conspicatur,
3289 3066 3353 3104 ac
3371 3059 3610 3122 paterna:

2031 3141 2250 3212 quidem
2301 3144 2490 3214 gloriae
2531 3144 2681 3198 nulla
2715 3143 3050 3199 describitur
3081 3144 3330 3199 oratione
3383 3145 3554 3215 ﬁgura
3593 3163 3608 3199 :

2033 3234 2292 3305 splendor
2320 3251 2450 3291 vero
2482 3237 2536 3290 in
2569 3251 2655 3302 ea,
2687 3251 2794 3306 qua
2827 3236 2898 3291 ab
2928 3236 3245 3292 hominibus
3269 3237 3420 3291 visus
3450 3245 3572 3292 erat
3593 3278 3609 3302 ,

2035 3325 2211 3381 forma
2243 3326 2312 3381 ab
2337 3328 2536 3382 athleta
2565 3328 2928 3398 conspicitur,
2970 3329 3051 3384 sic
3090 3343 3382 3398 apparens.
3413 3338 3472 3383 ut
3503 3329 3609 3384 hu-

2033 3429 2195 3468 mana
2246 3430 2441 3485 capere
2487 3423 2700 3485 poterat
2755 3423 2976 3470 natura.
3030 3417 3210 3486 Atque
3253 3418 3342 3472 hic
3387 3419 3608 3487 quidem

2033 3515 2182 3560 extra
2199 3513 2448 3560 naturam
2473 3506 2764 3560 humanam
2786 3507 3137 3570 constitutus,
3157 3508 3281 3562 etin
3305 3510 3610 3578 angelicum

2032 3597 2284 3653 decorem
2315 3598 2761 3663 transformatus,
2797 3606 2857 3653 ut
2887 3599 3044 3668 ipsis,
3071 3600 3234 3654 etiam
3256 3599 3483 3655 nefariis
3507 3603 3608 3655 bo-

2034 3687 2251 3743 micidis
2284 3689 2549 3744 miraculo
2589 3699 2776 3755 esset,
2825 3690 2883 3744 in
2919 3690 3223 3760 angelicam
3283 3689 3605 3760 dignitatem

2034 3777 2212 3833 forma
2231 3776 2388 3834 faciei
2410 3786 2638 3845 mutata,
2659 3795 2784 3834 cum
2814 3781 2950 3836 vidit
2972 3780 3281 3851 eﬂ‘ugientia
3296 3791 3605 3851 aspectum,

2035 3878 2148 3924 tum
2181 3883 2322 3930 eam,
2353 3885 2476 3940 quae
2503 3870 2608 3925 sibi
2643 3873 2960 3941 apparebat,
2986 3872 3214 3941 gratiam
3243 3872 3460 3927 sublato
3491 3873 3606 3928 cla-

2036 3976 2188 4017 more
2224 3961 2574 4031 signiﬁcavit.
2615 3961 2698 4016 llli
2737 3978 2867 4018 vero
2901 3964 3293 4020 continuerunt
3332 3979 3522 4031 aures,
3553 3975 3609 4023 et

2038 4049 2410 4105 narrationem
2446 4051 2675 4106 visionis
2723 4067 2830 4106 non
2869 4051 3228 4118 admiserunt,
3267 4055 3370 4108 hoc
3411 4057 3606 4112 saltem

2035 4156 2103 4196 ex
2122 4141 2376 4197 omnibus
2393 4149 2541 4196 recte
2562 4141 2858 4210 facientes;
2883 4159 3059 4214 neque
3079 4146 3224 4200 enim
3248 4145 3425 4217 dignae
3448 4156 3609 4203 erant

2035 4233 2390 4303 profanorum
2419 4241 2474 4289 et
2505 4234 2844 4304 impurorum
2877 4250 3059 4303 aures,
3100 4251 3223 4307 qua:
3275 4238 3475 4293 divina:
3517 4254 3610 4308 ap—

365 4331 636 4402 ηγήματι,
693 4321 767 4383 ὧν
819 4326 959 4381 κατά
1014 4324 1180 4396 μόνας
1209 4321 1439 4391 ἠξίωτο,
1473 4318 1699 4388 Θεωρῶ,
1738 4319 1933 4388 λέγων,

2037 4325 2325 4394 paritionis
2347 4326 2658 4397 acciperent
2687 4327 3050 4392 narrationes,
3076 4336 3240 4398 atque
3274 4329 3365 4384 ille
3387 4328 3608 4398 quidem

367 4424 510 4489 τοὺς
530 4422 818 4490 οὐρανοὺς
849 4417 1282 4490 ἀνεῳγμένους,
1300 4415 1523 4470 καὶτὸν
1545 4415 1685 4469 Υἱὸν
1704 4414 1810 4470 τοῦ
1830 4418 1934 4470 ἀν-

369 4514 604 4584 θρώπου
625 4515 693 4567 ἐκ
723 4511 936 4577 δεξιῶν
957 4510 1186 4566 ἑστῶτα
1202 4509 1308 4562 τοῦ
1332 4507 1498 4561 Θεοῦ.
1520 4507 1583 4559 0i
1603 4507 1681 4571 δὲ,
1705 4507 1940 4577 κράξαν-

365 4625 458 4671 τες
502 4610 651 4677 φωνῇ
687 4606 917 4677 μεγάλῃ,
959 4605 1052 4658 καὶ
1078 4602 1366 4672 συσχόντες
1393 4600 1461 4654 τά
1495 4593 1632 4667 ὦτα,
1675 4598 1940 4672 ὥρμησαν

367 4699 709 4770 ὁμοθυμαδὸν
751 4699 836 4750 ἐπ’
871 4696 1051 4750 αὐτόν.
1103 4692 1299 4756 Καλῶς
1348 4691 1690 4762 προσέθηκεν
1732 4691 1766 4760 ἡ
1812 4690 1940 4758 περὶ

369 4789 547 4844 αὐτῶν
594 4788 804 4860 ἱστορία
848 4787 945 4858 τὴν
992 4785 1232 4855 κραυγὴν
1265 4785 1374 4847 τοῖς
1409 4783 1622 4855 ἔργοις,
1670 4783 1757 4837 ἵνα
1792 4780 1942 4854 δείξῃ

365 4883 467 4949 τῆς
513 4879 882 4953 προαιρέσεως
939 4875 1116 4929 αὐτῶν
1171 4875 1269 4945 τὴν
1299 4876 1432 4947 πρὸς
1469 4877 1594 4938 τοὺς
1652 4872 1939 4943 Σοδομίτας

373 4973 708 5040 συγγένειαν.
752 4970 861 5024 Καὶ
905 4969 1013 5038 γὰρ
1061 4967 1122 5020 τὸ
1162 4963 1381 5019 ἐκείνων
1416 4966 1673 5036 ἀνόμημα
1727 4964 1940 5036 κραυγὴ

371 5063 524 5132 ποιρά
555 5062 647 5115 τοῦ
693 5063 964 5132 κρίνοντος
999 5055 1307 5126 ὠνομάσθη.
1336 5057 1578 5125 Κραυγνὴ
1612 5055 1741 5124 γὰρ,
1785 5055 1939 5124 φησὶ,

371 5153 649 5222 Σοδόμων
670 5153 765 5206 καὶ
791 5151 1096 5220 Γομόῤῥας
1119 5144 1342 5213 ἀνῆλθε
1367 5149 1516 5216 πρός
1537 5164 1634 5216 με.
1668 5143 1942 5216 Ἔκραξαν

368 5247 547 5299 τοίνυν
577 5245 669 5298 καὶ
696 5240 862 5307 οὗτοι,
902 5243 987 5296 ἵνα
1027 5240 1264 5310 ἀκουσθῇ
1297 5240 1388 5292 καὶ
1419 5239 1599 5293 αὐτῶν
1631 5241 1665 5309 ἡ
1696 5238 1788 5292 ἐπὶ
1813 5239 1940 5291 Στε-

371 5337 542 5406 φάνου
588 5336 825 5406 κραυγή.
873 5333 947 5386 Ui)
997 5331 1102 5401 μὴν
1135 5329 1317 5398 ἠγνόει
1349 5331 1377 5382 ὁ
1423 5328 1659 5399 ἀθλητὴς
1706 5328 1794 5381 διὰ
1841 5329 1938 5398 τῆς

371 5427 596 5498 πικρίας
621 5425 728 5479 τῶν
765 5423 1187 5495 μιαιφονούντων
1212 5419 1684 5491 εὐεργετούμενος.
1715 5419 1805 5473 Τῶ
1832 5421 1938 5489 γὰρ

447 5603 490 5635 ⁸⁵
526 5606 648 5657 Act.
692 5605 845 5662 vu,2
880 5615 1000 5671 sqq.

650 5698 920 5759 ΡΑΤηοι..
966 5697 1082 5756 Gn.
1110 5693 1326 5755 XLVI.

1079 5599 1121 5629 ιο
1159 5596 1290 5650 ibid.
1335 5595 1423 5652 55.
1485 5598 1527 5629 ¹⁷
1565 5595 1700 5653 Gen.
1739 5611 1894 5662 xvm,
1923 5596 2014 5653 ‘20.

2048 4415 2279 4485 gratiam
2314 4415 2680 4485 praesentibus
2725 4417 3172 4472 communicabat
3221 4417 3519 4480 narrando,
3554 4417 3608 4470 in

2039 4521 2333 4562 commune
2380 4522 2690 4577 preponens
2728 4522 2791 4562 ea
2844 4524 3079 4578 quorum
3147 4507 3611 4577 contemplatione

2038 4600 2190 4654 solus
2219 4600 2417 4670 dignus
2438 4601 2718 4670 judicatus
2743 4611 2860 4654 erat
2885 4639 2898 4662 ,
2938 4596 3124 4661 Video,
3151 4598 3430 4666 inquiens,
3456 4598 3610 4652 caelos

2037 4700 2268 4761 apertos,
2300 4703 2348 4745 et
2380 4690 2586 4745 Filium
2616 4690 2841 4745 hominis
2869 4699 3094 4743 stantem
3119 4706 3151 4742 a
3176 4689 3375 4742 dextris
3418 4687 3517 4742 Dei
3544 4690 3608 4743 ¹⁶.

2039 4780 2104 4836 lii
2135 4798 2266 4838 vero
2311 4784 2684 4838 exclamantes
2719 4795 2852 4836 voce
2907 4795 3098 4850 magna
3120 4819 3134 4844 ,
3176 4790 3232 4834 et
3265 4779 3612 4836 continentes

2039 4887 2201 4929 aures
2231 4887 2383 4936 suas,
2416 4873 2679 4943 impetum
2711 4869 3045 4926 unanimiter
3088 4871 3143 4923 in
3178 4885 3303 4925 eum
3341 4868 3610 4924 fecerunt.

2039 4961 2208 5020 [tecte
2260 4963 2461 5032 adjecit
2490 4977 2681 5017 eorum
2725 4960 2885 5016 factis
2920 4959 3148 5013 historia
3188 4960 3520 5023 clamorem,
3554 4968 3614 5012 ut

2039 5052 2355 5110 ostenderet
2390 5052 2677 5108 destinata:
2725 5050 3024 5106 voluntatis
3058 5065 3245 5103 eorum
3288 5065 3413 5104 cum
3446 5049 3615 5104 Sodo-

2042 5145 2194 5199 mitis
2226 5146 2632 5213 cognationem.
2668 5143 2881 5197 Etenim
2934 5140 3151 5193 illorum
3185 5141 3366 5196 scelus
3406 5142 3614 5195 clamor

2046 5254 2076 5292 a
2121 5236 2405 5306 judicante
2452 5236 2770 5291 nominatus
2815 5241 2920 5290 est.
2963 5232 3183 5287 Clamor
3210 5235 3372 5298 enim,
3403 5234 3611 5303 inquit,

2048 5327 2402 5383 Sodomorum
2427 5337 2476 5381 et
2498 5325 2808 5381 Gomorrhw
2833 5323 2901 5378 ad
2927 5340 3006 5377 me
3031 5326 3270 5379 ascendit
3302 5328 3366 5381 ¹⁷.
3400 5325 3613 5382 Clama-

2047 5429 2247 5477 verunt
2279 5418 2448 5488 igitur
2482 5419 2535 5474 hi
2565 5432 2807 5490 quoque,
2841 5423 2898 5469 ut
2925 5415 3091 5472 etiam
3128 5432 3315 5473 eorum
3353 5419 3616 5476 adversus

3189 5680 3266 5740 23
