4084 6158
461 230 564 280 ἳὶο

1689 222 1747 278 S.
1784 219 2112 278 GREGORII
2151 218 2445 280 NYSSENI

3605 233 3707 288 7l6

459 342 797 412 Stephanum
825 339 1034 396 clamor
1056 339 1354 394 audiretur.
1389 338 1506 394 Non
1533 339 1820 410 ignorabat
1850 348 2028 394 autem

2138 342 2260 412 περὶ
2291 343 2455 397 αὑτὸν
2481 343 2594 418 τῶν
2630 343 3033 399 καταλευόντων
3074 344 3260 417 κύκλῳ
3303 348 3706 417 στεφανωθεὶς,

458 435 661 488 athleta
696 449 754 488 se
771 449 867 502 per
891 430 1270 486 crudelitatem
1301 431 1504 485 czedem
1535 431 1803 485 nefariam
1832 445 2026 500 perpe—

457 523 722 576 trantium
771 520 1094 576 beneficiqu
1146 521 1418 589 accipere.
1469 519 1605 573 Nam
1641 521 1771 575 orbe
1823 519 2032 588 lapides

458 615 701 682 undique
741 611 1152 680 conjicientium
1196 611 1355 680 quasi
1405 626 1608 666 corona
1662 611 1915 674 cinctus,
1954 611 2031 664 ita

457 705 666 773 accepit
707 703 759 757 id
808 701 953 772 quod
1003 701 1296 770 agebatur,
1340 703 1496 772 quasi
1546 717 1753 758 corona
1786 704 2032 759 victoriae

456 793 739 863 praemium
787 793 846 847 in
895 795 1152 850 manibus
1197 793 1640 848 adversariorum
1691 802 2028 849 necteretur.

456 885 637 949 Quare
668 883 832 938 etiam
864 883 1101 954 benigna
1136 884 1448 954 precatione
1471 885 1853 954 sanguinarios
1882 899 2032 940 coin-

458 983 686 1046 pensat,
725 991 927 1047 rogans
957 992 1027 1031 ne
1065 977 1122 1031 in
1165 975 1481 1030 contrarios
1524 985 1752 1033 eventus
1789 974 2028 1041 facinus,

455 1067 599 1135 quod
643 1068 699 1121 in
749 1067 872 1138 ipso
921 1067 1366 1137 perpetrabatur,
1407 1068 1765 1131 divideretur,
1815 1076 1875 1122 ut
1927 1066 2030 1122 sibi

453 1157 674 1228 quidem
702 1157 895 1222 vitam,
931 1156 1270 1213 adversariis
1301 1167 1486 1214 autem
1515 1160 1741 1215 exitium
1773 1159 2026 1214 afferret:

456 1248 552 1304 sed
588 1248 789 1319 quibus
815 1249 934 1318 ipse
965 1248 1167 1319 dignus
1197 1248 1476 1318 judicatus
1509 1258 1696 1314 esset,
1741 1251 1811 1306 ab
1861 1252 1927 1307 iis
1961 1267 2030 1307 ne

456 1342 642 1397 hostes
663 1342 904 1411 quidem,
937 1341 1095 1411 quasi
1129 1342 1395 1396 bonorum
1424 1343 1527 1397 sibi
1561 1343 1743 1412 aliqua
1777 1359 1843 1398 ex
1876 1351 2032 1413 parte

455 1442 730 1498 auctores,
761 1433 1209 1488 excluderentur.
1249 1433 1340 1487 Sic
1370 1434 1436 1496 is,
1469 1435 1560 1503 qui
1600 1434 1881 1490 Christum
1909 1451 2029 1490 cer-

455 1524 572 1586 nit,
606 1524 870 1579 adversus
915 1522 1106 1578 hostes
1142 1537 1268 1579 sese
1300 1540 1490 1595 gerere
1528 1527 1702 1582 novit.
1756 1527 2028 1594 Quoniam

2131 437 2302 501 οὕτως
2334 437 2550 504 ἐδέξατο
2573 437 2632 489 τὸ
2662 436 2968 506 γινόμενον,
2997 437 3072 500 ὡς
3105 437 3366 505 στέφανον
3394 442 3707 513 νικητήριον

2131 532 2190 583 ὲν
2215 531 2336 594 ταῖς
2366 529 2525 602 χερσὶ
2551 528 2661 582 τῶν
2693 529 2951 582 ὲναντίων
2983 529 3336 600 πλεκόμενον.
3369 531 3460 584 Διὸ
3493 533 3589 586 καὶ
3617 535 3708 586 εὐ·

2131 620 2286 692 λογία
2310 622 2435 686 τοὺς
2464 621 2780 692 μιαιφόνους
2799 621 3085 690 ἀμύνεται,
3109 622 3208 674 οὐκ
3238 621 3406 688 ἀξιῶν
3437 624 3576 694 πρὸς
3611 623 3711 687 τὰς

2109 701 2378 774 «ἐναντίας
2419 713 2670 776 ὲκϐάσεις
2697 713 2796 781 τὴν
2834 712 2921 764 ἐπ’
2947 712 3096 782 αὐτῷ
3122 712 3318 784 πρᾶξιν
3349 715 3712 784 καταμερίζε-

2133 805 2277 868 σθαι,
2305 803 2380 867 ὠς
2401 803 2592 874 ἐκείνῳ
2631 804 2730 875 μὲν
2762 803 2860 876 τὴν
2887 804 3054 875 ζωὴν,
3082 807 3197 867 τοῖς
3230 804 3288 857 δὲ
3316 805 3712 876 ἀντικειμένοις

2131 897 2317 966 φέρειν
2337 895 2427 949 τὸν
2446 895 2664 966 ὄλεθρον
2680 911 2693 924 ·
2721 895 2836 949 ἀλλ’
2857 892 2932 950 ὧν
2956 896 3116 959 αὐτὸς
3140 896 3339 964 ἠξίωτο
3357 896 3594 960 καὶτοὺς
3616 915 3711 950 πο-

2131 985 2350 1056 λεμίους
2371 985 2445 1049 ὡς
2467 985 2688 1053 ἀγαθῶν
2709 985 2859 1056 αὐτῷ
2886 984 3190 1048 συναιτίους
3210 985 3284 1056 μὴ
3309 987 3580 1039 ἐκπεσεῖν.
3601 986 3709 1039 Οὖ-

2131 1094 2237 1140 τως
2261 1076 2402 1130 οἶδεν
2428 1077 2456 1130 6
2482 1076 2715 1148 Χριστὸν
2759 1075 2971 1146 βλέπων
2996 1077 3108 1139 τοῖς
3134 1074 3431 1146 πολεμοῦσι
3468 1076 3710 1146 προσφέ-

2136 1166 2343 1240 ρεσθαι.
2387 1167 2602 1239 Ἐπειδὴ
2628 1166 2738 1239 γὰρ
2759 1162 2866 1221 εἶδε
2894 1169 2994 1238 τῆς
3019 1167 3401 1238 μακροθυμίας
3423 1167 3516 1220 τὸν
3548 1183 3710 1236 νομο-

2131 1263 2312 1332 θέτην,
2330 1261 2654 1333 ὑπεμνήσθη
2668 1261 2776 1314 τῶν
2791 1260 2974 1330 νόμων
2987 1259 3095 1313 τῶν
3111 1259 3330 1329 ἀγαπᾷν
3347 1259 3472 1322 τοὺς
3487 1258 3709 1329 ἐχθροὺς

2131 1355 2458 1409 κελευόντων
2473 1395 2488 1419 ,
2519 1354 2614 1408 καὶ
2637 1351 2815 1415 καλῶς
2844 1353 3018 1405 ποιεῖν
3038 1353 3150 1414 τοῖς
3171 1350 3422 1420 μισοῦσι,
3448 1351 3545 1403 καὶ
3568 1349 3710 1421 ὑπὲρ

2130 1448 2240 1501 τῶν
2264 1445 2644 1517 πολεμούντων
2668 1443 3084 1516 προσεύχεσθαι.
3103 1441 3242 1494 Ἀλλ’
3271 1442 3300 1494 6
3318 1441 3421 1511 μὲν
3451 1439 3711 1511 ἀθλητὴς,

2131 1539 2232 1592 οὐκ
2280 1537 2339 1602 ἐξ
2375 1536 2732 1608 ἀνθρωπίνων
2781 1533 3020 1588 ἐπαίνων
3049 1530 3350 1597 δοξάζεται.
3386 1531 3520 1586 Οὐδὲ
3548 1529 3656 1608 γάρ
3683 1531 3715 1581 6

453 1616 600 1669 enim
652 1614 927 1684 patientiae
978 1614 1344 1684 legislatorem
1393 1617 1644 1683 videbat,
1712 1619 2031 1675 recordatus

2138 1631 2336 1694 σκοπὸς
2364 1607 2512 1700 αὐτῷ
2553 1631 2651 1701 τῆς
2697 1627 2979 1700 ἀθλήσεως
3006 1625 3145 1697 πρὸς
3185 1624 3284 1696 τὴν
3325 1624 3384 1692 ἐξ
3413 1607 3714 1694 ἀνθριῦπων

449 1714 538 1762 est
556 1680 744 1776 legum
785 1708 950 1760 abeo
999 1680 1234 1761 latarum
1267 1709 1522 1765 inimicos
1563 1680 1792 1781 diligere
1829 1712 2028 1783 juben-

2763 1680 3007 1790 ὑπερϐἀς
3051 1680 3599 1786 πάνταιτδννκόσμον
3645 1718 3715 1786 τῇ

455 1798 615 1861 tium,
639 1807 706 1853 et
755 1797 1077 1855 benefacere
1099 1799 1228 1854 odio
1264 1804 1730 1871 prosequentibus
1756 1843 1772 1868 ,
1807 1812 1863 1860 et
1915 1821 2018 1876 pro

454 1890 671 1944 hostilia
715 1888 1044 1947 facientibus
1100 1905 1262 1948 orare
1299 1893 1363 1947 ιθ.
1401 1891 1604 1949 Verum
1639 1896 1842 1952 athleta
1898 1899 2025 1968 qni-

455 1981 576 2037 tlem
615 1997 723 2036 non
761 1981 1016 2036 humanis
1064 1981 1319 2037 laudibus
1355 1983 1686 2050 celebratur,
1730 2001 1910 2057 neque
1967 1988 2023 2040 in

2137 1814 2474 1886 μεγαλοφυῖᾳ
2511 1811 2606 1867 τοῦ
2653 1811 3094 1884 κατορθώματος,
3150 1809 3245 1863 καὶ
3280 1809 3348 1862 τὰ
3395 1807 3570 1878 μέτρα
3613 1806 3715 1875 τῆς

2133 1902 2479 1975 ἀνθρωπίνης
2505 1902 2784 1973 δυνάμεως
2820 1900 3249 1972 συμπαρέδραμε
3269 1940 3286 1968 ,
3328 1901 3510 1953 πᾶσαν
3537 1899 3716 1968 ἐγκω-

2135 1997 2428 2067 μιαστικὴν
2459 1994 2689 2066 δύναμιν
2721 1993 2952 2049 κατόπιν
2982 1990 3176 2046 ἑαυτοῦ
3209 1991 3394 2061 ῥίψας.

453 2078 716 2133 certando
745 2077 973 2148 gloriam
1010 2091 1075 2131 ex
1113 2076 1430 2132 hominibus
1457 2077 1747 2135 conﬂatam
1785 2083 1890 2139 sibi
1925 2092 2261 2159 propositam
2301 2091 2581 2148 habebat:
2623 2088 2722 2145 sed
2781 2102 2906 2142 cum
2980 2084 3384 2156 magnificentia
3453 2080 3717 2136 facinoris

454 2170 653 2242 egregii
715 2179 888 2225 totum
942 2171 1208 2226 mundum
1274 2175 1665 2242 superaverit,
1703 2176 2065 2239 humanarum
2144 2203 2361 2259 quoque
2417 2187 2614 2243 virium
2664 2184 2860 2242 modos
2921 2183 3085 2241 simul
3127 2189 3552 2252 praetergressus
3597 2186 3717 2243 est,

454 2269 604 2323 omni
632 2268 906 2324 laudativa
935 2268 1199 2325 facultate
1230 2279 1353 2339 post
1385 2285 1444 2326 se
1473 2269 1709 2340 abiecta.

522 2365 690 2438 igitur
715 2365 804 2422 ille
826 2367 1046 2437 quidem
1072 2367 1125 2422 in
1150 2368 1299 2422 omni
1323 2367 1563 2424 humano
1587 2385 1839 2429 sermone
1859 2373 2031 2430 vieto-

439 2459 547 2514 κείω
574 2458 796 2529 praemia
835 2459 1084 2514 obtineat
1109 2478 1123 2526 ;
1156 2475 1257 2516 nos
1279 2467 1460 2516 autem
1486 2461 1716 2518 historia
1748 2481 1847 2521 sua
1875 2467 2033 2538 adju-

455 2558 543 2607 vet
591 2551 658 2605 ad
709 2550 1019 2606 animarum
1061 2552 1316 2607 salutem.
1366 2553 1843 2620 Quemadmodum
1886 2560 2030 2615 enim

454 2642 598 2697 inter
624 2657 921 2712 corporeos
953 2643 1187 2699 athletas
1220 2644 1294 2709 ii,
1341 2646 1434 2716 qui
1479 2646 1533 2700 in
1582 2649 1817 2718 publicis
1854 2662 2033 2707 certa-

455 2734 696 2790 minibus
734 2733 1067 2790 contendere
1113 2735 1425 2802 desierunt,
1479 2737 1708 2807 juvenes
1756 2742 2034 2798 athleticis

454 2827 939 2883 exercitationibus
955 2841 1052 2896 per
1070 2827 1422 2882 artificiosam
1437 2830 1727 2899 quamdam
1742 2832 2036 2903 agilitatem

455 2927 510 2975 et
552 2917 890 2973 habilitatem
935 2920 1356 2986 assuefaciunt,
1407 2922 1800 2992 prehensiones
1844 2925 2037 2979 adver-

455 3009 728 3066 sariorum
759 3007 1016 3064 frustrari
1045 3015 1209 3079 atque
1239 3010 1461 3068 eludere
1489 3013 1750 3070 docentes
1775 3033 1790 3070 :
1823 3018 1898 3070 ita
1933 3031 2036 3072 nos

455 3115 675 3172 quoque
725 3101 926 3172 opinor
961 3110 1216 3171 oportere
1252 3117 1350 3172 per
1383 3119 1641 3174 magnum
1696 3105 2034 3178 Stephanum
2061 3089 2106 3149 ο

456 3191 700 3250 exerceri
728 3199 786 3247 et
813 3191 1098 3248 assuefieri
1133 3191 1200 3247 ad
1235 3193 1494 3261 pietatem
1517 3234 1534 3260 ,
1565 3206 1624 3251 ut
1657 3213 1756 3268 per
1796 3214 1919 3254 eum
1951 3199 2038 3253 fu-

445 3287 671 3358 giamus
694 3293 860 3356 atque
881 3285 1152 3340 evitemus
1173 3285 1829 3358 Pneumatomachorum,
1853 3291 1906 3345 id
1929 3300 2034 3357 est,

449 3377 689 3447 “Spiritus
712 3377 884 3431 sancti
909 3377 1141 3432 hostium
1161 3419 1177 3446 ,
1207 3380 1582 3448 correptiones
1611 3388 1775 3452 atque
1793 3383 2039 3438 vexatio-

459 3484 575 3525 nes.
619 3469 786 3524 Aiunt
817 3469 965 3524 enim
1015 3468 1095 3523 illi
1144 3469 1240 3540 qui
1285 3469 1551 3527 adversus
1585 3472 1817 3543 gloriam
1858 3473 2036 3530 sancti

458 3563 697 3635 Spiritus
737 3563 1058 3628 insaniunt,
1089 3579 1204 3619 suae
1243 3563 1574 3620 absurditati
1612 3575 1668 3621 et
1705 3566 2037 3638 importuni-

457 3653 553 3708 tati
607 3651 948 3723 Stephanum
997 3653 1372 3722 patrocinari,
1411 3653 1508 3724 qui
1560 3653 1759 3710 ctelum
1812 3655 2039 3712 intentis

458 3743 635 3800 oculis
666 3745 946 3800 contuitus
966 3785 981 3816 ,
1020 3744 1157 3800 vidit
1196 3745 1428 3816 gloriam
1463 3744 1556 3802 Dei
1586 3753 1642 3802 et
1671 3745 1856 3803 Jesum
1887 3755 2041 3803 stanv

454 3843 566 3889 tem
601 3849 630 3888 a
660 3833 870 3890 dextris
902 3834 996 3890 Dei
1030 3835 1094 3889 ¹⁹.
1121 3834 1205 3888 Ad
1241 3835 1584 3890 eversionem
1619 3837 1786 3907 igitur
1819 3837 2039 3908 pietatis

455 3925 725 3981 doctrinm
753 3926 808 3979 in
841 3926 987 3980 hunc
1019 3925 1239 3980 modum
1271 3926 1464 3982 dicunt
1494 3946 1509 3983 :
1545 3926 1604 3982 Si
1635 3943 1760 3985 cum
1795 3928 1958 3986 Patre
1987 3939 2040 3986 et

462 4016 601 4070 Filio
653 4014 919 4084 Spiritum
955 4017 1178 4071 omnino
1233 4019 1510 4073 numerari
1557 4028 1794 4091 oportet,
1847 4022 1942 4092 qui
1982 4022 2040 4076 fit

461 4115 524 4160 ut
560 4105 873 4175 Stephanus
907 4107 962 4160 in
1003 4107 1346 4177 apparitione
1377 4124 1484 4165 una
1520 4125 1645 4166 cum
1681 4109 1821 4168 Filio
1857 4109 2036 4184 Spiri-

443 4205 577 4251 tum
611 4209 831 4265 quoque
863 4209 973 4250 non
1008 4195 1250 4252 viderit?
1282 4195 1570 4264 Quomodo
1603 4201 1772 4271 igitur
1807 4203 1907 4268 iis,
1944 4202 2039 4271 qui

440 4303 558 4359 cper
585 4287 699 4342 haec
732 4287 848 4357 ipsa
879 4287 1044 4342 verba
1071 4289 1518 4358 supplantantur,
1552 4307 1777 4348 manum
1808 4292 2040 4364 Stepha-

449 4394 568 4434 mus
600 4378 888 4449 porriget?
913 4377 1036 4443 Quo
1071 4386 1229 4447 pacto
1257 4381 1504 4435 certandi
1539 4391 1657 4436 arte
1693 4383 2036 4438 labascentes

442 4471 679 4543 .eriget?
717 4470 860 4525 Sane
885 4485 952 4524 ex
980 4470 1170 4524 eodem
1206 4469 1326 4524 loco
1352 4471 1574 4528 exsistit
1598 4472 1860 4526 auxilium
1895 4472 2041 4542 quod

447 4573 672 4622 evertat
702 4563 1002 4620 adversarii
1034 4563 1498 4617 incredulitatem.
1525 4562 1737 4629 Quazris
1759 4604 1774 4631 ,
1803 4577 1837 4616 o
1867 4579 2042 4633 pneu-

458 4657 844 4721 matomache,
866 4659 926 4710 si
961 4655 1136 4722 gloria
1168 4653 1346 4708 Patris
1381 4653 1672 4725 apparuit,
1704 4663 1758 4709 et
1805 4653 1977 4710 Filius
2011 4670 2042 4710 a

462 4747 675 4803 dextris
707 4747 999 4801 stationem
1035 4743 1291 4799 obtinens
1311 4783 1326 4808 ,
1362 4744 1454 4799 ubi
1483 4741 1768 4815 Spiritus?
1809 4744 1966 4810 Quod
1997 4745 2042 4801 si

460 4841 517 4894 in
546 4848 602 4894 te
630 4837 870 4909 Spiritus
900 4844 1080 4901 esset,
1115 4851 1223 4891 non
1256 4837 1598 4907 propositum
1629 4837 1695 4892 de
1719 4851 1784 4892 eo
1813 4837 2039 4892 verbum

466 4931 948 5002 te-prteteriisset:
979 4927 1436 5000 quemadmodum
1478 4929 1550 4995 ii,
1587 4932 1686 5000 qui
1723 4929 1869 5000 capti
1910 4936 2041 4984 sunt

463 5023 677 5090 oculis,
740 5037 931 5076 aurum
982 5029 1109 5076 ante
1167 5020 1335 5090 pedes
1387 5019 1663 5090 obiectum
1727 5021 2041 5092 ignorantes

466 5119 816 5184 pratereunt.
847 5113 919 5165 At
949 5123 1097 5164 nunc
1127 5111 1321 5166 saltem
1361 5109 1522 5174 audi,
1561 5109 1663 5163 nisi
1699 5124 1862 5165 aures
1900 5110 2040 5167 forte

465 5203 717 5259 contines
737 5243 750 5266 ,
774 5201 939 5257 sicuti
961 5199 1136 5256 Judaei
1163 5200 1433 5255 faciebant
1459 5219 1471 5253 :
1492 5198 1784 5267 Quomodo
1818 5201 2044 5273 Stepha-

469 5309 573 5351 nus
604 5293 1053 5364 supercmlestem
1095 5292 1326 5364 gloriam
1365 5291 1550 5346 vidit?
1579 5290 1722 5358 Quis
1763 5293 1812 5348 ei
1852 5302 2042 5365 portas

462 5385 732 5449 omlorutii
771 5381 1072 5453 patefecit?
1111 5382 1370 5454 Nunquid
1427 5383 1790 5439 humanarum
1842 5386 2041 5440 virium

469 5478 525 5533 id
549 5492 690 5548 opus
721 5475 880 5532 erat?
911 5474 1051 5530 Num
1083 5477 1205 5546 quis
1234 5491 1299 5531 ex
1329 5475 1529 5546 angelis
1571 5476 1638 5530 ad
1674 5477 1823 5532 illam
1867 5479 2041 5534 subli-

540 5661 588 5696 “
624 5660 812 5716 Matth.
843 5675 894 5722 γ,
920 5661 1008 5714 At.
1093 5663 1132 5692 ιν
1174 5661 1415 5725 AcM-1.,
1450 5659 1520 5725 55‘

2200 2374 2442 2439 Οὐκοῦν,
2491 2375 2521 2428 6
2580 2372 2678 2444 μὲν
2725 2370 2896 2442 ἐχέτω
2941 2368 3084 2424 κατά
3122 2367 3322 2432 παντὸς
3373 2367 3716 2441 ἀνθρωπίνου

2130 2467 2290 2536 λόγου
2317 2465 2385 2520 τὰ
2413 2467 2709 2538 νικητήρια
2728 2481 2741 2496 ·
2770 2465 2901 2535 ἡμῖν
2927 2461 2986 2515 δὲ
3019 2459 3467 2530 συναγωνιζέσθω
3495 2463 3562 2531 τῇ
3594 2463 3718 2514 κατ’

2132 2559 2293 2613 αὐτὸν
2320 2557 2532 2629 ἱστορία
2555 2557 2692 2628 πρὸς
2718 2555 2816 2626 τὴν
2844 2552 2951 2607 τῶν
2980 2551 3170 2623 ψυχῶν
3205 2549 3496 2621 σωτηρίαν.
3525 2549 3718 2604 Καθά-

2135 2669 2242 2723 περ
2292 2651 2402 2722 γάρ
2465 2651 2523 2703 ὲν
2577 2651 2690 2712 τοῖς
2751 2646 3085 2717 σωματικοῖς
3155 2643 3446 2712 ἀθληταῖς,
3504 2643 3555 2695 οἱ
3607 2640 3719 2693 τῶν

2139 2743 2367 2812 ἀγώνων
2405 2740 2764 2811 παυσάμενοι,
2794 2733 3200 2808 παιδοτριϐοῦσι
3235 2734 3360 2798 τοὺς
3400 2733 3551 2796 νέους
3597 2734 3720 2796 ταῖς

2141 2835 2460 2906 ἀθλητικαῖς
2475 2832 2827 2904 γυμνασίαις,
2849 2829 2936 2884 διά
2955 2846 3098 2892 τινος
3116 2830 3370 2900 τεχνικῆς
3389 2826 3718 2898 εὐστροφίας

2141 2927 2382 2982 έκδύνειν
2407 2926 2506 2989 τὰς
2525 2925 2697 2988 λαϐὰς
2723 2923 2828 2977 τῶν
2853 2920 3313 2977 ἀντιπαλαιόντων
3337 2919 3678 2982 διδάσκοντες
3699 2933 3714 2948 ο

2139 3013 2313 3077 οὕτως
2336 3006 2491 3083 οἴμαι
2519 3011 2628 3064 δεῖν
2657 3010 2751 3065 καὶ
2775 3012 2922 3080 ἡμᾶς
2949 3009 3038 3062 διά
3061 3008 3154 3062 τοῦ
3181 3008 3418 3078 μεγάλου
3441 3008 3717 3075 Στεφάνου

2137 3103 2619 3176 παιδοτριϐηθῆναι
2670 3101 2770 3170 τὴν
2835 3099 3149 3164 εὐσέϐειαν,
3208 3100 3284 3164 ὠς
3337 3099 3404 3153 ἂν
3437 3099 3504 3152 δι’
3549 3096 3717 3153 αὐτοῦ

2138 3197 2398 3268 φύγωμεν
2438 3194 2539 3259 τάς
2574 3192 2682 3247 τῶν
2708 3191 3188 3263 Πνευματομάχων
3220 3189 3410 3253 λαϐάς.
3446 3189 3584 3243 Φασὶ
3609 3189 3720 3260 γὰρ

2136 3290 2185 3342 οἱ
2207 3287 2509 3351 λυσσῶντες
2541 3285 2684 3340 κατά
2708 3283 2810 3352 τῆς
2846 3283 3004 3354 δόξης
3043 3282 3137 3336 τοῦ
3187 3281 3537 3352 Πνεύματος,
3590 3296 3718 3333 συν-

2137 3379 2336 3450 ήγορον
2367 3375 2506 3432 εἶναι
2559 3376 2657 3448 τῆς
2685 3377 2908 3430 ἐκείνων
2936 3375 3165 3438 ἀτοπίας
3192 3373 3284 3427 τὸν
3323 3372 3622 3442 Στέφανον,
3660 3371 3719 3433 ὃς

2137 3466 2449 3531 ὲνατενίσας
2491 3463 2570 3536 τῷ
2609 3464 2822 3537 οὐρανῷ
2853 3458 2962 3517 εἶδε
3004 3462 3162 3528 δόξαν
3193 3459 3328 3516 Θεοῦ
3376 3460 3469 3514 καὶ
3509 3460 3720 3531 Ἰησοῦν

2138 3558 2349 3612 ἑστῶτα
2395 3558 2459 3611 ὲκ
2505 3556 2696 3625 δεξιῶν
2752 3556 2846 3610 τοῦ
2897 3554 3055 3610 Θεοῦ.
3113 3555 3347 3622 Λέγουσι
3397 3552 3577 3606 τοίνυν
3631 3551 3720 3604 ἐπ’

2138 3651 2415 3721 ἀνατροπῇ
2444 3647 2555 3702 τῶν
2582 3649 2682 3720 τῆς
2711 3646 2993 3712 εὐσεϐείας
3019 3646 3324 3717 δογμάτων,
3348 3645 3449 3709 ὅτι,
3481 3645 3543 3696 El
3575 3644 3718 3713 μετὰ

2140 3740 2352 3812 Πατρὸς
2381 3740 2476 3794 καὶ
2497 3739 2629 3793 Υίοῦ
2662 3739 2742 3792 δεῖ
2767 3727 2983 3801 πάντως
3012 3734 3366 3808 ἀριθμεῖσθαι
3386 3734 3446 3787 τὸ
3467 3731 3714 3803 Πνεῦμα.

2140 3830 2258 3894 πῶς
2295 3830 2394 3883 οὐκ
2437 3823 2575 3882 εἶδεν
2607 3829 2636 3882 6
2677 3827 2948 3897 Στέφανος
2994 3827 3054 3880 ὲν
3096 3827 3162 3896 τῇ
3196 3823 3432 3895 ὀπτασίᾳ
3464 3821 3720 3892 μετάτοῦ

2139 3919 2269 3974 Υιοῦ
2296 3919 2388 3974 καὶ
2415 3918 2475 3972 τὸ
2507 3917 2767 3990 Πνεῦμα;
2801 3917 2926 3982 Πῶς
2954 3912 3047 3971 οὗν
3084 3915 3262 3987 ὀρέξει
3289 3908 3388 3986 τὴν
3418 3915 3578 3986 χεῖρα
3611 3915 3722 3976 τοῖς

2139 4011 2226 4067 διὰ
2258 4011 2365 4064 τῶν
2401 4009 2656 4064 τοιούτων
2681 4008 2854 4078 λόγων
2894 4006 3408 4077 ύποσκελιζομένοις
3434 4008 3462 4060 ό
3509 4003 3721 4072 Στέφα-

2141 4121 2265 4169 νος;
2327 4102 2446 4166 πῶς
2494 4100 2794 4174 ἀνορθώσει
2843 4103 2909 4173 τῇ
2976 4101 3314 4170 ἀγωνιστικῇ
3370 4097 3538 4168 τέχνῃ
3593 4096 3721 4159 τοὺς

2141 4193 2570 4260 ύποκλάζονταςς
2591 4190 2667 4246 Ἦ
2684 4193 2906 4247 αὐτόθεν
2933 4193 3080 4245 ἐστὶν
3113 4193 3146 4262 ὴ
3180 4190 3401 4263 βοήθεια
3425 4190 3459 4260 ἡ
3490 4187 3719 4259 ἀνατρέ⁸

2139 4303 2319 4340 πουσα
2357 4285 2456 4358 τὴν
2489 4284 2747 4341 ἀπιστίαν
2789 4284 2884 4338 τοῦ
2917 4281 3403 4355 προσπαλαίοντος.
3433 4281 3644 4350 Ζητεῖς,
3675 4271 3719 4329 ὦ

2144 4378 2596 4450 Πνευματομάχε,
2622 4379 2701 4432 ὅτι
2719 4419 2734 4443 ,
2762 4379 2826 4432 Εἰ
2848 4379 2882 4449 ἠ
2907 4376 3033 4442 δόξα
3055 4375 3148 4429 τοῦ
3181 4375 3394 4446 Πατρὸς
3419 4372 3598 4442 ὤφθη,
3625 4370 3720 4423 καὶ

2144 4473 2172 4523 6
2205 4470 2333 4533 Υἱὸς
2362 4469 2458 4539 τὴν
2501 4471 2566 4522 ὲκ
2603 4468 2792 4535 δεξιῶν
2822 4469 3010 4522 στάσιν
3043 4465 3205 4536 ἔχων,
3233 4463 3336 4517 ποῦ
3377 4463 3436 4515 τὸ
3464 4460 3718 4531 Πνεῦμα;

2141 4565 2205 4620 Εἰ
2231 4560 2297 4636 ἦν
2321 4566 2378 4617 ὲν
2410 4565 2492 4617 σοὶ
2519 4564 2580 4617 τὸ
2606 4563 2849 4634 Πνεῦμα,
2876 4565 2976 4616 οὐκ
2999 4562 3064 4616 ἂν
3089 4562 3447 4634 προκείμενον
3467 4559 3559 4613 τὸν
3594 4560 3721 4629 περὶ

2140 4655 2303 4709 αὐτοῦ
2326 4657 2481 4725 λόγον
2514 4657 2884 4729 παρέδραμες,
2915 4655 3104 4725 ὥσπερ
3140 4657 3188 4708 oi
3223 4653 3389 4724 πηροὶ
3421 4652 3518 4714 τὰς
3548 4651 3718 4720 ὄψεις.

2139 4746 2199 4800 τὸ
2216 4747 2323 4819 πρὸ
2339 4747 2448 4801 τῶν
2467 4747 2641 4800 ποδῶν
2657 4747 2905 4818 κείμενον
2932 4745 3152 4816 χρυσίον
3173 4743 3491 4814 ἀγνοοῦντες
3515 4740 3656 4811 παρέ
3664 4756 3722 4809 ρ-

2147 4854 2347 4907 χονται.
2393 4837 2551 4890 Ἀλλά
2583 4835 2678 4891 νῦν
2723 4837 2853 4905 γοῦν
2880 4837 3132 4902 ἀκουσον,
3163 4836 3217 4888 ετ
3256 4851 3320 4903 γε
3367 4832 3442 4904 μὴ
3480 4831 3722 4899 συνέχεις

2149 4929 2288 4982 κατά
2306 4930 2430 4991 τοὺς
2461 4929 2745 4992 Ἰουδαίους
2766 4929 2864 4999 τὴν
2884 4929 3070 5000 ἀκοήν.
3094 4927 3220 4990 [Ιῶς
3240 4923 3344 4979 εἶδε
3375 4927 3470 4995 τὴν
3493 4924 3722 4993 ὑπερθυ-

2153 5020 2332 5091 ράνιον
2373 5019 2529 5085 δόξαν
2558 5021 2585 5074 6
2639 5019 2942 5088 Στέφανος
2982 5019 3064 5082 τίς
3102 5019 3251 5088 αὐτῷ
3282 5017 3380 5080 τὰς
3412 5013 3590 5077 πύλας
3616 5011 3724 5065 τῶν

2146 5110 2391 5182 οὐρανῶν
2421 5111 2773 5175 διεπέτασεν;
2807 5105 2934 5180 Ἆρ’
2969 5109 3316 5182 ἀνθρωπίνης
3346 5107 3629 5176 δυνάμεως
3658 5099 3723 5174 ἦν

2150 5205 2211 5258 τὸ
2255 5203 2618 5275 κατόρθωμα;
2670 5199 2782 5275 ἀρά
2827 5221 2970 5268 τινος
3008 5203 3116 5256 τῶν
3181 5201 3429 5270 ἀγγέλων
3483 5199 3620 5268 πρὸς
3663 5197 3724 5249 τὸ

2152 5295 2284 5366 ὕψος
2329 5297 2504 5349 έκεῖνο
2552 5295 2650 5367 τὴν
2677 5296 2826 5349 κάτω
2855 5294 3115 5365 κειμένην
3159 5293 3320 5361 φύσιν
3357 5289 3723 5344 ἀναϐιϐάσαν-

2153 5406 2274 5456 τος;
2305 5388 2417 5442 Οὐκ
2460 5387 2573 5440 ἔστι
2617 5386 2818 5442 ταῦτα’
2861 5387 2923 5440 οὐ
2963 5385 3071 5456 γάρ
3121 5384 3355 5454 οὕτως-ἠ
3395 5382 3515 5436 κατ’
3565 5379 3723 5434 αὐτὸν

2153 5478 2361 5550 ἱστορία
2396 5481 2580 5549 φησὶν,
2612 5479 2692 5531 ὅτι
2731 5477 2998 5544 Στέφανος
3037 5476 3091 5528 δὲ
3131 5475 3298 5538 πολὺς
3325 5474 3466 5528 κατὰ
3499 5473 3597 5544 τὴν
3638 5468 3718 5524 δύ-
