4084 6158
409 209 517 268 717

1717 203 1784 259 IN
1814 203 1871 258 S.
1907 198 2356 259 STEPIIANUM.

3563 194 3671 249 7l8

409 338 577 394 ναμιν
607 319 716 385 ὢν,
751 318 785 390 ἢ
842 317 943 389 τῆς
973 318 1271 390 άηελικῆς
1309 317 1555 389 βοηθείας
1593 317 1806 388 πλήρης
1839 316 1991 386 γενό-

2098 313 2338 368 mitatem
2395 309 2668 366 infernam
2728 316 2980 362 naturam
3032 305 3253 362 evexit?
3287 305 3405 361 Non
3443 307 3555 362 hinc
3597 313 3670 365 ita

412 430 595 484 μενος,
618 406 758 463 εἶδεν
786 407 822 462 ἃ
852 402 1014 463 εἶδεν.
1070 408 1228 462 Ἀλλά
1255 409 1308 461 τί
1348 408 1526 476 λέγει;
1559 408 1862 476 Στέφανος
1898 406 1990 476 δὲ,

410 503 649 569 πλήρης
669 498 755 552 ὢν
780 499 1126 568 Πνεύματος
1159 498 1352 568 ἁγίου,
1372 494 1495 551 εἶδε
1525 497 1641 565 τὴν
1674 496 1862 562 δόξαν
1883 495 1989 550 τοῦ

413 590 560 646 Θεοῦ
597 589 696 642 καὶ
729 588 838 641 τόν
855 587 1165 657 μονογενῆ
1208 588 1315 642 τοῦ
1355 587 1502 642 Θεοῦ
1556 588 1709 642 Υίόν.
1750 587 1825 641 Ού
1883 585 1990 659 γάρ

408 683 545 745 ἐστι,
577 679 763 743 καθώς
809 696 974 750 φησιν
1023 682 1051 733 6
1085 681 1413 750 Προφήτης,
1465 678 1528 732 τὸ
1569 677 1685 748 φῶς
1726 676 1988 746 ὀφθῆναι,

412 774 486 844 μὴ
517 775 576 826 ἐν
601 772 678 842 τῷ
701 771 840 840 φωτὶ
871 769 1272 841 καθορώμενον.
1306 769 1410 825 Ἔν
1429 770 1538 840 γὰρ
1572 771 1650 834 τῷ
1677 769 1826 838 ςοωτί
1850 782 1988 835 σου,

409 864 592 934 φησὶν,
642 862 907 931 ὀψόμεθα
943 859 1089 930 φῶς.
1125 863 1187 915 Εἰ
1221 857 1314 915 οὖν
1363 861 1463 915 οὐκ
1513 860 1786 931 ἐνδέχεται
1820 857 1896 931 μὴ
1933 859 1992 912 ἐν

407 953 486 1026 τῷ
514 954 651 1022 φωτὶ
680 951 930 1022 γενέσθαι
971 953 1069 1023 τὴν
1098 952 1192 1006 τοῦ
1225 953 1402 1022 φωτὸς
1430 951 1663 1023 θεωρίαν
1683 968 1696 982 ⁸
1734 951 1852 1016 πῶς
1882 951 1992 1022 γὰρ

408 1042 557 1096 ἐστιν
587 1043 797 1096 ἀπιδεῖν
837 1045 916 1106 είς
958 1043 1050 1096 τὸν
1098 1043 1248 1114 ἥλιον
1287 1042 1393 1108 ἔξω
1423 1042 1532 1095 τῶν
1564 1042 1798 1096 ἀκτίνων
1841 1041 1993 1112 γενό-

417 1153 613 1206 μενον;
655 1136 777 1188 ἐπεὶ
801 1133 895 1188 οὖν
921 1137 978 1188 ἐν
1014 1135 1093 1205 τῷ
1127 1135 1268 1204 φωτὶ
1321 1135 1416 1188 τοῦ
1449 1135 1684 1206 Πατρὸς,
1715 1133 1992 1188 τουτέστιν

409 1225 468 1277 ἐν
505 1224 583 1294 τῷ
623 1223 897 1293 Πνεύματι
925 1222 1004 1294 τῷ
1030 1223 1170 1293 ἁγίῳ
1201 1221 1279 1293 τῷ
1313 1223 1522 1277 ἐκεῖθεν
1551 1223 1991 1294 ἐκπορευομένῳ,

409 1315 471 1367 τὸ
510 1315 802 1382 Μονογενὲς
837 1314 1136 1386 καθορᾶται
1188 1316 1302 1383 φῶς
1323 1331 1334 1339 ·
1367 1314 1454 1368 διά
1482 1313 1641 1367 τοῦτο
1679 1332 1994 1385 προκαταυο

409 1405 630 1474 γασθεὶς
658 1407 722 1475 τῇ
756 1405 881 1476 δόξῃ
907 1404 1000 1456 τοῦ
1027 1404 1366 1475 Πνεύματος,
1402 1406 1459 1458 ἐν
1493 1404 1744 1476 περινοίᾳ
1769 1404 1870 1474 τῆς
1901 1402 1994 1458 τοῦ

409 1496 620 1567 Πατρὸς
664 1497 758 1550 καὶ¹
796 1494 890 1548 τοῦ
929 1493 1060 1547 Υίοῦ
1093 1494 1251 1566 δόξης
1282 1496 1509 1564 γίνεται.
1553 1495 1723 1559 Ἐπεὶ,
1751 1495 1866 1558 πῶς
1900 1494 1996 1566 τὴν

411 1586 767 1658 εὐαγγελικὴν
794 1586 1067 1655 ἀπόφασιν
1098 1586 1385 1658 ἀληθεύειν
1433 1589 1700 1658 φήσομεν,
1736 1585 1818 1639 ὅτι
1850 1585 1998 1639 Θεὸν

411 1680 609 1746 οὐδεὶς
653 1678 873 1748 ἑώρακε
908 1677 1174 1742 admone;
1199 1678 1323 1742 Πῶς
1352 1679 1410 1732 δέ
1437 1679 1527 1734 τὸν
1567 1677 1884 1732 Ἀπόστολον
1917 1676 1990 1750 μὴ
2023 1661 2065 1717 Β

413 1771 626 1824 ἐναντία
658 1774 770 1834 τοῖς
805 1769 1134 1841 ίστορηθεῖσι
1171 1769 1321 1841 βοᾷν,
1353 1771 1478 1824 ὅταν
1514 1771 1695 1840 λέγει’
1723 1769 1871 1823 Οὔτε
1901 1786 1992 1836 τις

409 1859 571 1919 εἶδεν
590 1863 778 1917 αὑτὸν
798 1862 1142 1930 ἀνθρώπων,
1167 1863 1306 1916 οὔτε
1334 1861 1481 1916 ἰδεῖν
1499 1860 1748 1915 δύναται
1765 1877 1784 1926 ;
1803 1861 1868 1914 Ἐἰ
1884 1861 1990 1932 γὰρ

411 1955 726 2028 ἀνθρωπίνῃ
757 1953 914 2023 φύσει
957 1971 1018 2007 τε
1059 1955 1154 2009 καὶ
1197 1954 1443 2024 δυνάμει,
1485 1953 1643 2024 ήτοῦ
1676 1952 1888 2024 Πατρός
1931 1968 1992 2004 τε

411 2047 504 2101 καὶ
530 2046 626 2100 τοῦ
657 2044 786 2100 Υίοῦ
815 2046 942 2113 δόξα
970 2046 1190 2117 χωρητὴ
1217 2045 1454 2116 κατέστη
1475 2063 1489 2077 ⁸
1521 2045 1722 2117 ψευδὴς
1748 2043 1988 2109 πάντως,

413 2143 442 2193 ὁ
469 2139 752 2212 άχὼρητον
781 2138 1091 2210 ἀνθρώποις
1127 2139 1547 2210 ἀποφηνάμενος
1585 2133 1724 2192 εἶναι
1761 2138 1822 2191 τὸ
1850 2137 1992 2191 θεῖον

414 2232 610 2300 θέαμα.
659 2230 818 2284 Ἀλλά
866 2230 972 2301 μὴν
998 2229 1121 2283 οὔτε
1160 2232 1363 2284 ἐκεῖνον
1399 2229 1720 2300 ψεύδεσθαι,
1755 2229 1848 2283 καὶ
1892 2229 1992 2298 τὴν

415 2321 654 2393 ἱστορίαν
679 2319 964 2390 ἀληθεύειν
991 2320 1322 2389 ἐπάναγκες.
1359 2321 1503 2392 Ἀρα
1544 2318 1790 2391 φανερῶς
1823 2320 1856 2390 ἡ
1897 2335 1993 2372 καο

414 2413 643 2484 κουργία
689 2412 797 2467 τῶν
845 2412 1319 2484 Πνευματομάχων
1378 2411 1729 2485 πεφώραται,
1782 2412 1862 2466 ὅτι
1914 2412 1993 2484 τῷ

412 2507 583 2576 ὁμοίῳ
617 2503 956 2575 καθορᾶσθαι
991 2503 1061 2557 τά
1111 2505 1272 2575 ὃμοια
1308 2504 1458 2575 παρὰ
1494 2504 1596 2575 τῆς
1629 2505 1852 2576 Γραφῆς
1896 2521 1990 2574 με·

417 2596 781 2667 μαρτύρηται.
821 2595 879 2648 ’0
913 2593 1023 2666 γάρ
1060 2594 1328 2663 Στέφανος
1357 2594 1458 2648 οὐκ
1495 2595 1555 2648 ἐν
1586 2596 1652 2665 τῇ
1678 2593 1994 2666 ἀνθρωπίνῃ

415 2687 574 2756 φύσει
614 2704 674 2739 τε
719 2687 811 2740 καὶ
841 2686 1064 2757 δυνάμει
1103 2687 1278 2756 μένων
1321 2687 1382 2740 τὸ
1411 2685 1565 2739 Θεῖον
1598 2685 1817 2757 βλέπει·
1858 2685 1994 2740 ἀλλά

418 2779 553 2849 πρὸς
591 2778 689 2850 τὴν
735 2773 830 2832 τοῦ
872 2777 1028 2846 άγίου
1079 2777 1394 2848 Πνεύματος
1431 2778 1588 2849 χάριν
1630 2778 1990 2850 άνακραθεὶς,

416 2873 482 2926 δι’
525 2873 733 2927 ἐκείνου
775 2871 962 2943 ὑψώθη
1010 2872 1146 2943 πρὸς
1173 2871 1271 2943 τὴν
1311 2871 1404 2925 τοῦ
1457 2871 1592 2925 Θεοῦ
1645 2872 1989 2942 κατανόησιν.

2093 415 2260 468 sunt,
2302 420 2411 460 non
2451 405 2596 459 enim
2637 393 2711 457 ita
2747 401 2815 456 de
2851 416 2918 457 eo
2967 400 3198 455 historia
3228 400 3397 462 dicit,
3443 415 3669 470 nempe:

2094 496 2404 566 Stephanus
2443 503 2624 550 autem
2665 507 2792 548 cum
2828 493 3038 548 viribus
3081 491 3348 562 polleret,
3399 500 3496 546 aut
3545 507 3670 546 cum

2091 587 2310 642 abunde
2359 587 2410 641 ei
2468 592 2784 655 suppeteret
2836 583 3140 655 angelicum
3191 581 3488 644 auxilium,
3536 582 3674 637 vidit

2089 694 2152 734 ea
2191 694 2311 749 quae
2339 678 2493 734 vidit.
2520 675 2627 733 Sed
2651 675 2783 746 quid
2816 675 2987 730 dicit?
3031 673 3326 744 Stephanus
3354 681 3528 728 autem
3553 690 3672 728 cum

2090 779 2224 824 esset
2252 770 2435 840 plenus
2458 769 2663 838 Spiritu
2687 777 2892 832 sancto,
2923 767 3050 821 vidit
3083 767 3312 837 gloriam
3335 764 3436 819 Dei
3469 777 3519 820 et
3548 767 3672 821 uni-

2092 861 2324 929 genitum
2351 859 2446 914 Dei
2465 858 2673 913 Filium
2697 859 2766 912 ⁸⁰.
2791 857 2910 913 Non
2934 858 3080 913 enim
3111 856 3228 912 ﬁeri
3256 863 3468 927 potest,
3501 867 3562 911 ut
3589 857 3674 912 in—

2092 951 2212 1021 quit
2242 949 2512 1020 Propheta
2533 990 2548 1016 ,
2591 960 2649 1005 ιιι
2692 951 2874 1006 lumen
2910 947 3182 1014 videatur,
3219 947 3326 1002 nisi
3357 962 3456 1018 per
3490 948 3672 1004 lumen

2093 1041 2488 1111 conspiciatur.
2537 1041 2605 1096 In
2651 1040 2848 1094 lumine
2879 1037 3026 1094 enim
3049 1078 3065 1103 ,
3108 1039 3320 1109 inquit,
3353 1047 3441 1092 tuo
3473 1039 3674 1094 videbi-

2094 1151 2210 1187 mus
2250 1133 2426 1188 lumen
2454 1132 2522 1188 ²¹.
2571 1131 2630 1186 Si
2677 1130 2844 1202 igitur
2889 1144 2998 1184 non
3048 1130 3152 1184 nisi
3187 1146 3284 1199 per
3318 1131 3502 1186 lumen
3551 1131 3667 1186 ﬁeri

2094 1225 2319 1282 luminis
2349 1224 2741 1295 contemplatio
2767 1229 2966 1292 potest,
2993 1221 3270 1290 quomodo
3299 1222 3343 1276 si
3369 1224 3493 1292 quis
3517 1231 3674 1277 extra

2095 1317 2281 1372 radios
2309 1325 2582 1379 versetur,
2627 1314 2801 1370 solem
2843 1312 3098 1368 contueri
3147 1313 3371 1381 potest?
3401 1313 3672 1379 Quoniam

2101 1405 2271 1476 igitur
2322 1421 2420 1477 per
2464 1395 2650 1460 lumen
2694 1403 2913 1468 Patris,
2963 1402 3070 1458 hoc
3107 1412 3228 1467 est,
3278 1418 3376 1472 per
3407 1403 3672 1473 Spiritum

2097 1505 2350 1552 sanctum
2374 1497 2525 1551 illinc
2551 1496 2938 1566 procedentem
2959 1493 3312 1563 Unigenitum
3335 1497 3678 1566 conspicitur

2099 1587 2327 1641 lumen:
2370 1585 2581 1641 idcirco
2622 1585 2797 1654 gloria
2839 1585 3082 1656 Spiritus
3131 1588 3287 1655 prius
3333 1585 3676 1642 illuminatus

2093 1679 2252 1748 plena
2296 1677 2497 1734 mentis
2545 1675 3070 1747 comprehensione,
3121 1683 3177 1732 et
3219 1675 3399 1732 Patris
3452 1686 3508 1732 et
3553 1677 3676 1733 Filii

2092 1769 2322 1842 gloriam
2373 1768 2607 1839 percipit
2653 1775 2708 1823 et
2761 1767 3168 1823 animadvertit.
3212 1767 3346 1822 Nam
3401 1772 3678 1840 quomodo

2093 1863 2297 1932 alioqui
2329 1862 2535 1917 dictum
2578 1848 2954 1932 evangelicum
2975 1902 2990 1926 ,
3023 1861 3193 1916 Deum
3235 1879 3387 1918 nemo
3418 1864 3548 1919 vidit
3576 1882 3679 1920 un-

2090 1973 2252 2027 quam
2289 1958 2356 2023 ",
2389 1970 2579 2011 verum
2624 1969 2750 2011 esse
2790 1954 3083 2010 dicemus?
3125 1969 3236 2026 qua
3275 1956 3496 2012 ratione
3544 1958 3674 2014 item

2094 2049 2415 2119 Apostolum
2473 2060 2584 2102 non
2630 2047 2909 2102 contraria
2949 2047 3017 2102 iis
3066 2062 3190 2116 qua:
3233 2048 3509 2103 memoriae
3548 2064 3677 2119 pro-

2099 2138 2214 2193 dita
2245 2154 2310 2194 ac
2336 2138 2533 2195 litteris
2567 2137 2820 2192 mandata
2852 2145 3010 2203 sunt,
3041 2139 3327 2193 clamare?
3353 2155 3478 2194 cum
3507 2141 3673 2200 dicit.

2095 2228 2209 2284 Nec
2231 2230 2511 2300 quisquam
2534 2229 2805 2284 hominum
2827 2229 2958 2283 vidit
2975 2270 2989 2293 ,
3015 2245 3178 2300 neque
3203 2229 3375 2285 videre
3399 2241 3568 2300 potest
3592 2232 3678 2285 "?

2091 2317 2228 2374 Nam
2259 2320 2306 2376 si
2353 2320 2423 2374 ab
2467 2319 2711 2374 humana
2742 2321 2795 2374 vi
2831 2331 2994 2390 atque
3039 2327 3268 2385 natura,
3300 2330 3355 2377 et
3397 2321 3575 2378 Patris
3621 2333 3677 2377 et

2092 2408 2216 2466 Filii
2249 2413 2422 2482 gloria
2452 2412 2657 2484 percipi
2689 2420 2908 2482 posset,
2943 2412 3175 2468 mendax
3221 2421 3278 2468 et
3318 2427 3492 2469 vanus
3525 2429 3676 2484 pror-

2094 2520 2190 2560 sus
2219 2512 2365 2560 esset
2417 2506 2488 2571 is,
2521 2505 2615 2575 qui
2650 2503 2809 2567 dixit,
2859 2504 3113 2560 homines
3157 2505 3330 2560 divini
3375 2507 3677 2575 spectaculi

2093 2609 2328 2666 capaces
2359 2608 2470 2649 non
2520 2609 2665 2650 esse.
2711 2593 2877 2664 Atqui
2920 2609 3102 2666 neque
3169 2595 3322 2650 illum
3369 2596 3594 2651 mentiri
3625 2605 3681 2652 et

2095 2687 2385 2743 historiam
2411 2701 2598 2742 veram
2625 2700 2750 2742 esse
2777 2701 3005 2741 necesse
3031 2693 3136 2742 est.
3162 2685 3306 2758 Ergo
3328 2687 3538 2741 malitia
3565 2686 3680 2758 Spi-

2094 2779 2235 2834 ritus
2270 2778 2445 2833 sancti
2489 2777 2728 2833 hostium
2783 2776 3076 2833 manifesto
3126 2777 3470 2849 deprehensa
3507 2794 3678 2850 appa-

2096 2877 2201 2933 ret,
2247 2870 2374 2939 quia
2411 2869 2728 2924 testimonio
2776 2867 3070 2938 Scriptura:
3110 2869 3397 2939 probatum
3427 2879 3511 2927 est
3543 2886 3574 2925 a
3602 2872 3681 2927 si-

419 2963 626 3017 υὺκοῦν
655 2946 901 3035 εί’χωρὶς
922 2962 1016 3017 τοῦ
1047 2963 1362 3033 Πνεύματος
1393 2962 1515 3016 οὔτε
1549 2963 1747 3036 Κύριον
1787 2963 1992 3035 Ἰησοῦν

2098 2962 2211 3016 mili
2236 2960 2439 3016 similia
2475 2961 2654 3016 cerni.
2675 2959 2810 3016 Nam
2836 2975 2946 3016 non
2973 2961 3029 3015 in
3054 2961 3292 3015 humana
3321 2970 3518 3016 natura
3541 2978 3606 3018 ac
3626 2965 3680 3018 vi

421 3055 565 3109 ἔστιν
610 3057 804 3121 εἰπεῖν,
846 3053 1027 3118 καθώς
1065 3073 1228 3126 φησιν
1273 3056 1302 3107 ὁ
1353 3056 1702 3122 Ἀπόστολος,
1739 3057 1861 3111 οὕτε
1898 3057 1996 3129 τὴν

423 3148 701 3218 Πατρικὴν
747 3144 904 3211 δόξαν
947 3145 1318 3216 κατανοῆσαι·
1353 3146 1624 3201 δέδεικται
1667 3148 1872 3217 σαφῶς,
1917 3149 1998 3202 ὅτι

421 3239 556 3292 ὅπου
604 3238 662 3291 τὸ
715 3237 943 3308 Πνεῦμά
993 3239 1160 3303 ἐστιν,
1206 3239 1322 3290 ἐκεῖ
1344 3239 1438 3291 καὶ
1469 3238 1497 3289 6
1526 3239 1653 3303 Υἱὸς
1679 3239 1996 3312 καθορᾶται,

423 3332 518 3386 καὶ
560 3333 592 3402 ἡ
636 3331 887 3402 Πατρικὴ
917 3329 1044 3395 δόξα
1084 3330 1584 3400 καταλαμϐάνεται.
1643 3332 1780 3386 Ἀλλ’
1814 3334 2000 3404 ἕτερον

423 3424 554 3493 ἡμῖν
581 3424 646 3476 ἐκ
673 3417 782 3474 τῶν
814 3421 1204 3493 ἱστορηθέντων
1232 3422 1395 3476 ὅπλον
1429 3423 1684 3487 ἀσεϐείας
1715 3425 1863 3498 παρά
1890 3426 2000 3480 τῶν

422 3511 818 3584 Χριστομάχων
865 3511 1243 3582 προϐάλλεται.
1295 3511 1436 3564 Φασὶ
1479 3512 1588 3583 γὰρ
1637 3512 1698 3565 τὸ
1741 3513 2002 3577 καταδεὲς

421 3602 515 3657 τοῦ
559 3600 896 3670 Μονογενοῦς
941 3601 1030 3655 διὰ
1075 3601 1266 3656 τούτου
1333 3603 1716 3672 σημαίνεσθαι.
1771 3602 1845 3656 Τὸ
1892 3604 2001 3675 γὰρ

423 3695 763 3767 παρεστᾶναι
816 3693 978 3749 αὐτὸν
1018 3697 1086 3766 τῇ
1125 3693 1276 3763 δεξιᾷ
1316 3693 1409 3748 τοῦ
1450 3695 1684 3765 Πατρὸς,
1728 3694 2001 3760 ἀπόδειξιν

423 3785 704 3840 ποιοῦνται
725 3783 818 3838 τοῦ
845 3785 1152 3856 ὑποχείριον
1169 3781 1308 3839 εἶναι
1329 3787 1394 3856 τῇ
1414 3785 1508 3838 τοῦ
1535 3785 1743 3857 Πατρὸς
1762 3785 1997 3857 ἐξουσίᾳ.

423 3878 489 3933 Τί
519 3867 613 3933 οὖν
633 3879 662 3932 6
690 3877 930 3940 Παῦλος,
966 3877 1101 3947 πρὸς
1131 3877 1327 3940 αὐτοὺς
1352 3875 1561 3947 εἴποιμι
1593 3875 1658 3931 ἄν
1682 3893 1697 3942 ;
1723 3877 1776 3930 τί
1799 3877 1856 3930 δὲ
1905 3876 2002 3930 καὶ⁸

425 3973 532 4044 πρὸ
591 3971 798 4025 ἐκείνου
835 3969 862 4021 ὁ
896 3969 1179 4039 προφήτης
1226 3969 1421 4033 Δαϐὶδ,
1470 3968 1768 4038 ἀμφότεροι
1818 3969 1884 4038 τῇ
1926 3966 2002 4019 δι-

425 4060 693 4131 δασκαλία
731 4057 826 4113 τοῦ
867 4056 1182 4127 Πνεύματος
1209 4056 1309 4127 τὴν
1349 4055 1442 4109 τοῦ
1477 4054 1814 4124 Μονογενοῦς
1845 4055 2002 4122 δόξαν

425 4151 869 4225 ὲκδιηγούμενοι;
903 4150 970 4202 Ὅ
997 4165 1059 4202 τε
1086 4147 1193 4219 γὰρ
1215 4147 1380 4200 Δαϐίδ
1410 4164 1594 4218 φησιν,
1619 4143 1805 4202 Εἶπεν
1835 4150 1867 4201 ὁ
1890 4148 2003 4202 Κύ-

419 4263 550 4317 ριος
585 4244 666 4310 τῷ
699 4242 893 4311 Κυρίῳ
921 4258 1062 4310 μου·
1100 4239 1300 4296 Κάθου
1328 4238 1396 4293 ἐκ
1433 4237 1648 4303 δεξιῶν
1673 4258 1812 4309 μου.
1850 4241 1906 4292 '0
1946 4239 2004 4293 δὲ

2099 3069 2330 3110 manens
2357 3053 2672 3125 Stephanus
2699 3068 2900 3109 numen
2927 3053 3172 3108 divinum
3195 3055 3406 3110 cernit:
3432 3057 3528 3111 sed
3551 3071 3680 3110 cum

2099 3147 2272 3217 gratia
2305 3147 2482 3202 sancti
2513 3147 2754 3216 Spiritus
2785 3145 3085 3216 permistus
3113 3153 3169 3200 et
3200 3153 3679 3217 contemperatus,

2101 3250 2197 3305 per
2231 3235 2384 3289 illum
2415 3235 2668 3291 sublatus
2690 3243 2745 3290 et
2767 3241 2990 3290 evectus
3023 3241 3107 3290 est
3136 3234 3204 3289 ad
3229 3233 3319 3290 Dei
3347 3236 3684 3306 contempla-

2099 3333 2326 3387 tionem.
2376 3330 2649 3398 Quocirca
2701 3332 2746 3386 si
2780 3331 2988 3401 absque
3021 3330 3231 3401 Spiritu
3275 3347 3452 3400 neque
3497 3332 3683 3386 Domi-

2100 3440 2233 3480 num
2257 3423 2444 3481 Jcsum
2471 3424 2658 3479 dicere
2684 3423 2845 3487 licet,
2879 3431 2938 3476 ut
2966 3422 3144 3493 inquit
3165 3423 3466 3493 Apostolus
3493 3424 3560 3488 ",
3591 3439 3684 3480 nc-

2101 3529 2210 3585 que
2247 3512 2530 3584 paternam
2550 3513 2781 3584 gloriam
2806 3513 3166 3582 contemplari
3200 3532 3214 3566 :
3244 3515 3682 3568 demonstratum

2101 3613 2185 3660 est
2223 3611 2444 3674 aperte,
2491 3602 2639 3674 quod
2672 3602 2764 3657 ubi
2807 3601 3050 3672 Spiritus
3096 3603 3205 3668 sit,
3252 3603 3366 3657 illic
3395 3603 3561 3657 etiam
3590 3603 3682 3657 Fi-

2103 3696 2209 3751 lius
2251 3696 2519 3760 cernitur,
2569 3703 2624 3751 et
2672 3703 2902 3765 paterna
2956 3694 3128 3765 gloria
3177 3693 3678 3765 comprehenditur.

2103 3785 2305 3843 Verum
2336 3789 2483 3843 aliud
2529 3788 2694 3846 nobis
2721 3804 2788 3844 ex
2818 3789 2923 3855 iis,
2960 3801 3083 3858 quae
3125 3787 3178 3842 in
3226 3786 3460 3842 historia
3502 3787 3682 3842 conti-

2059 3905 2074 3918 -
2103 3887 2326 3942 nentur,
2383 3880 2685 3950 impietatis
2722 3881 2890 3935 telum
2931 3894 2961 3933 a
3003 3878 3476 3944 Christomachis,
3515 3878 3570 3933 id
3599 3887 3684 3934 est

2104 3971 2305 4027 Christi
2350 3970 2626 4037 hostibus,
2663 3971 2949 4041 objicitur.
2987 3971 3158 4025 Aiunt
3187 3971 3332 4026 enim
3365 3968 3682 4026 inleriorem

2105 4062 2382 4134 Unigeniti
2419 4063 2740 4134 dignitatem
2777 4078 2875 4132 per
2911 4067 3023 4119 haec
3057 4062 3382 4132 signiﬁcari.
3416 4060 3552 4116 Nam
3588 4076 3684 4132 per

2103 4154 2243 4218 hoc,
2294 4152 2439 4223 quod
2487 4153 2712 4209 assistat
2763 4153 2831 4207 ad
2875 4152 3154 4208 dexteram
3203 4152 3408 4219 Patris,
3459 4153 3684 4209 demon-

2105 4254 2284 4301 strare
2308 4252 2604 4311 conantur,
2651 4259 2774 4299 eum
2822 4244 3102 4300 subditum
3145 4260 3268 4301 esse
3304 4243 3486 4301 Patris
3538 4256 3685 4315 pote-

438 4335 756 4404 ’Λπόστολρς
778 4338 835 4388 ἐν
860 4332 1008 4405 δεξιᾷ
1029 4333 1124 4386 τοῦ
1156 4332 1344 4404 θρόνου
1373 4330 1465 4385 τοῦ
1498 4331 1632 4385 Θεοῦ
1659 4331 1998 4386 κεκαθικέναι

2108 4339 2257 4394 stati.
2314 4339 2457 4406 Quid
2508 4341 2674 4412 igitur
2718 4339 2968 4396 Paulus?
2998 4339 3186 4395 Dicam
3237 4340 3303 4395 ad
3343 4355 3480 4396 eos:
3539 4341 3682 4407 Quid

403 4431 572 4499 λέγει
599 4429 689 4482 τὸν
713 4427 928 4497 Κύριον.
963 4427 1024 4479 El
1061 4422 1154 4479 οὖν
1187 4426 1219 4496 ἡ
1263 4423 1450 4486 στάσις
1483 4424 1581 4494 τῆς
1623 4423 1999 4488 ἐλαττώσεως,

424 4523 458 4592 ἡ
500 4519 737 4588 καθέδρα
779 4517 991 4580 πάντως
1023 4516 1123 4587 τῆς
1156 4515 1450 4586 ὁμοτιμίας
1486 4513 1602 4568 ἐστὶ
1651 4518 1900 4586 σημεῖον,
1962 4515 1996 4584 ἢ

425 4612 603 4665 τοίνυν
626 4608 1172 4680 παραγραφέσθωσαν
1198 4607 1298 4668 τὰς
1323 4607 1646 4677 θεοπρεπεῖς
1675 4607 2000 4678 μαρτυρίας,

428 4704 496 4756 δι’
548 4697 623 4756 ὧν
672 4701 735 4754 τὸ
783 4700 986 4769 ὑψηλὸν
1017 4702 1114 4769 τῆς
1160 4698 1338 4762 δεξιᾶς
1376 4698 1814 4768 διασημαίνεται.
1844 4699 1876 4768 ἢ
1911 4699 2005 4752 καὶ

428 4794 633 4864 ταύτην
659 4790 894 4852 εὐσεϐῶς
932 4789 1352 4858 ἐκδεχέσθωσαν.
1393 4783 1484 4851 Εἷς
1520 4791 1629 4860 γὰρ
1662 4789 1746 4858 ἐφ’
1774 4790 2002 4843 ἑκάστου

429 4886 538 4940 τῶν
570 4883 875 4955 εἰρημένων
906 4880 1245 4944 διδάσκαλος,
1277 4883 1311 4951 ἡ
1350 4879 1446 4934 τοῦ
1486 4880 1803 4951 Πνεύματος
1824 4881 2003 4954 χάρις.

444 4977 502 5031 .0
529 4977 627 5046 μὲν
654 4975 764 5045 γάρ
797 4972 1090 5042 Στέφανος,
1120 4971 1331 5044 πλήρης
1375 4971 1449 5025 ὢν
1477 4971 1792 5044 Πνεύματος
1821 4975 2022 5043 ἀγανὴ,

431 5065 538 5123 εἶδέ
565 5087 624 5122 τε
649 5069 685 5123 ἃ.
724 5066 829 5120 εἶδε
850 5083 862 5095 ·
905 5065 999 5119 καὶ
1036 5063 1072 5118 ἆ
1099 5058 1259 5127 εἶδεν,
1288 5063 1607 5134 ἐφθέγξατο.
1648 5065 1708 5117 '0
1741 5066 1796 5118 δὲ
1822 5067 2006 5128 Δαϐὶδ,

433 5161 491 5212 ἐν
540 5159 815 5229 Πνεύματι
851 5155 1012 5208 αὑτὸν
1061 5153 1215 5206 καλεῖ
1251 5154 1473 5224 Κύριον,
1523 5155 1705 5218 καθὼς
1753 5155 1898 5224 λέγει
1947 5157 2006 5210 τὸ

434 5251 782 5319 Εύαγγέλιον.
815 5247 1026 5310 Παῦλος
1068 5246 1145 5310 δὲ,
1180 5245 1359 5309 καθὼς
1389 5246 1549 5310 αὐτὸς
1581 5247 1786 5310 ἐκεῖνός
1817 5265 2002 5316 φησιν,

431 5345 490 5396 ἐν
525 5343 799 5412 Πνεύματι
851 5340 1001 5392 λαλεῖ
1036 5338 1104 5392 τὰ
1149 5338 1441 5408 μυστήρια.
1490 5338 1552 5389 Εἰ
1591 5333 1684 5392 οὖν
1731 5331 1811 5401 εἷς
1855 5339 1884 5391 6
1928 5339 2003 5391 6t-

431 5431 716 5496 δάσκαλος,
761 5430 1014 5501 οὐδεμίαν
1083 5427 1217 5499 πρὸς
1269 5426 1458 5481 ἐαυτὸν
1517 5426 1810 5496 διαφωνίαν
1863 5427 2003 5498 ἔχων

2104 4433 2233 4486 item
2270 4439 2398 4489 ante
2429 4433 2582 4488 illum
2630 4433 2796 4488 etiam
2837 4433 3101 4504 propheta
3133 4431 3337 4497 David,
3377 4432 3537 4488 ambo
3587 4449 3684 4503 per

2103 4524 2410 4580 doctrinam
2459 4526 2634 4582 sancti
2678 4524 2914 4596 Spiritus
2942 4525 3216 4594 Unigeniti
3247 4524 3475 4594 gloriam
3511 4541 3680 4595 expo-

2109 4615 2348 4668 nentes?
2375 4612 2509 4667 Nam
2541 4622 2596 4670 et
2625 4612 2795 4668 David
2831 4615 2907 4668 ait
2933 4632 2946 4666 :
2984 4613 3133 4666 Dixit
3166 4612 3420 4667 Dominus
3455 4613 3682 4669 Domino

2108 4719 2256 4756 meo:
2279 4702 2410 4759 Sede
2427 4721 2458 4757 a
2480 4705 2684 4758 dextris
2707 4706 2831 4759 meis
2857 4705 2934 4756 ’τι
2965 4712 3020 4758 et
3052 4704 3356 4773 Apostolus
3383 4705 3437 4757 in
3459 4705 3684 4761 dextera

2107 4794 2228 4848 solii
2263 4792 2354 4847 Dei
2396 4793 2587 4850 sedere
2636 4793 2926 4848 Dominum
2963 4794 3098 4850 dicit
3127 4795 3193 4846 ιθ.
3229 4794 3283 4849 Si
3322 4795 3488 4864 igitur
3517 4798 3685 4850 statio

2103 4883 2504 4949 diminutionis,
2537 4885 2713 4940 sessio
2741 4900 2968 4956 prorsus
2996 4885 3241 4954 ejusdem
3275 4887 3462 4950 sortis,
3494 4887 3686 4943 condi-

2103 4977 2268 5031 tionis
2309 4984 2364 5032 et
2405 4977 2631 5031 honoris
2686 4979 2901 5048 signum
2953 4985 3055 5033 est.
3098 4977 3204 5030 Aut
3252 4977 3418 5048 igitur
3457 4988 3686 5050 augusta

2103 5083 2166 5122 ac
2195 5069 2379 5122 divina
2409 5068 2667 5138 rejiciant
2701 5071 3014 5126 testimonia
3035 5110 3048 5133 ,
3087 5086 3182 5140 per
3224 5087 3344 5141 quae
3376 5072 3686 5127 sublimitas

2109 5157 2314 5213 dextrae
2361 5160 2739 5230 signiﬁcatur:
2776 5168 2869 5214 aut
2911 5161 3073 5215 etiam
3123 5161 3226 5214 hoc
3270 5163 3356 5231 pie
3397 5162 3685 5231 recipiant.

2113 5248 2232 5303 Una
2261 5251 2405 5304 enim
2438 5253 2706 5321 cujusque
2726 5252 2855 5305 dicti
2882 5252 3141 5322 magistra
3178 5267 3242 5307 ac
3273 5253 3486 5308 doctrix
3514 5255 3686 5324 gratia

2112 5346 2289 5398 sancti
2329 5343 2570 5416 Spiritus
2595 5353 2701 5400 est.
2733 5341 2868 5396 Nam
2904 5341 3213 5412 Stephanus
3235 5347 3280 5378 ³⁷
3315 5346 3534 5416 quidem
3562 5360 3686 5399 cunt

2113 5433 2307 5503 plenus
2337 5443 2485 5490 esset
2517 5433 2724 5505 Spiritu
2759 5440 2976 5500 sancto,
3003 5443 3057 5488 et
3085 5433 3222 5489 vidit
3251 5451 3336 5503 ea,
3370 5449 3491 5508 quae
3519 5435 3652 5490 vidit
3675 5475 3689 5495 .

503 5576 555 5648 ὀγ
576 5576 695 5630 Act.
727 5591 825 5634 vn.
848 5575 932 5648 35.
989 5572 1226 5648 _f'Psal.
1252 5587 1425 5648 luxv,
1454 5571 1539 5648 l0.
1621 5573 1666 5602 "
1691 5569 1847 5648 Jgan.
1885 5589 1924 5634 ι.
1961 5574 1993 5628 8

2101 5576 2120 5608 ³
2148 5574 2168 5630 l
2197 5575 2436 5635 Timoth.
2462 5594 2536 5648 vt,
2575 5578 2661 5635 16.
2722 5578 2767 5611 ’⁸
2796 5575 2965 5634 lCor.
2999 5593 3100 5644 xu,
3126 5577 3181 5633 5.
3252 5579 3297 5611 ⁸⁵
3322 5576 3466 5634 Psal.
3489 5590 3604 5640 crs,
3639 5573 3689 5629 1.

433 5650 482 5682 ⁸*
521 5647 734 5704 Coloss.
779 5662 858 5710 ιιι,
897 5647 952 5712 l;
987 5644 1148 5701 llcbr.
1183 5661 1219 5709 ι,
1251 5644 1303 5696 5.
1383 5642 1425 5673 ’⁷
1457 5645 1578 5697 Act.
1609 5659 1683 5709 vr,
1719 5643 1752 5697 8
1781 5659 1934 5714 seqq.
