  <div class='ocr_page' id='page_1' title='image "/cluster/home/n/w/nwhite01/storage/ocr_20150623/46/mdp.39015011915447/367.png"; bbox 0 0 4084 6158; ppageno 0'>
   <div class='ocr_carea' id='block_1_1' title="bbox 450 255 554 312">
    <p class='ocr_par' dir='ltr' id='par_1_1' title="bbox 450 255 554 312">
     <span class='ocr_line' id='line_1_1' title="bbox 450 255 554 312; baseline 0.029 -3"><span class='ocrx_word' id='word_1_1' title='bbox 450 255 554 312; x_wconf 74' lang='grc' dir='ltr'><strong>ἨΟ</strong></span> 
     </span>
    </p>
   </div>
   <div class='ocr_carea' id='block_1_2' title="bbox 1679 247 2472 310">
    <p class='ocr_par' dir='ltr' id='par_1_2' title="bbox 1679 247 2472 310">
     <span class='ocr_line' id='line_1_2' title="bbox 1679 247 2472 310; baseline -0.003 -3"><span class='ocrx_word' id='word_1_2' title='bbox 1679 251 1737 307; x_wconf 90' lang='lat' dir='ltr'><strong>S.</strong></span> <span class='ocrx_word' id='word_1_3' title='bbox 1813 247 2142 308; x_wconf 83' lang='lat' dir='ltr'><strong>GREGORII</strong></span> <span class='ocrx_word' id='word_1_4' title='bbox 2178 249 2472 310; x_wconf 81' lang='lat' dir='ltr'><strong>NYSSENI</strong></span> 
     </span>
    </p>
   </div>
   <div class='ocr_carea' id='block_1_3' title="bbox 3589 253 3691 309">
    <p class='ocr_par' dir='ltr' id='par_1_3' title="bbox 3589 253 3691 309">
     <span class='ocr_line' id='line_1_3' title="bbox 3589 253 3691 309; baseline 0 0"><span class='ocrx_word' id='word_1_5' title='bbox 3589 253 3691 309; x_wconf 74' lang='grc' dir='ltr'><strong>ἸΞθ</strong></span> 
     </span>
    </p>
   </div>
   <div class='ocr_carea' id='block_1_4' title="bbox 446 363 2014 442">
    <p class='ocr_par' dir='ltr' id='par_1_4' title="bbox 446 366 2014 442">
     <span class='ocr_line' id='line_1_4' title="bbox 446 366 2014 442; baseline -0.005 -14"><span class='ocrx_word' id='word_1_6' title='bbox 446 377 503 428; x_wconf 84' lang='lat' dir='ltr'><strong>et</strong></span> <span class='ocrx_word' id='word_1_7' title='bbox 539 386 661 442; x_wconf 71' lang='lat' dir='ltr'><strong>qua:</strong></span> <span class='ocrx_word' id='word_1_8' title='bbox 687 369 847 435; x_wconf 85' lang='lat' dir='ltr'><strong>vidit,</strong></span> <span class='ocrx_word' id='word_1_9' title='bbox 897 370 1112 425; x_wconf 88' lang='lat' dir='ltr'><strong>locutus</strong></span> <span class='ocrx_word' id='word_1_10' title='bbox 1153 375 1272 423; x_wconf 91' lang='lat' dir='ltr'><strong>cst:</strong></span> <span class='ocrx_word' id='word_1_11' title='bbox 1313 366 1480 422; x_wconf 84' lang='lat' dir='ltr'><strong>David</strong></span> <span class='ocrx_word' id='word_1_12' title='bbox 1524 374 1702 422; x_wconf 88' lang='lat' dir='ltr'><strong>autem</strong></span> <span class='ocrx_word' id='word_1_13' title='bbox 1729 367 1784 422; x_wconf 89' lang='lat' dir='ltr'><strong>in</strong></span> <span class='ocrx_word' id='word_1_14' title='bbox 1825 367 2014 437; x_wconf 91' lang='lat' dir='ltr'><strong>spiritu</strong></span> 
     </span>
    </p>
   </div>
   <div class='ocr_carea' id='block_1_5' title="bbox 2118 363 3688 442">
    <p class='ocr_par' dir='ltr' id='par_1_5' title="bbox 2123 363 3688 438">
     <span class='ocr_line' id='line_1_5' title="bbox 2123 363 3688 438; baseline -0.003 -17"><span class='ocrx_word' id='word_1_15' title='bbox 2123 369 2171 437; x_wconf 92' lang='lat'><em>(6</em></span> <span class='ocrx_word' id='word_1_16' title='bbox 2189 366 2300 438; x_wconf 84' lang='grc' dir='ltr'><strong>γάρ</strong></span> <span class='ocrx_word' id='word_1_17' title='bbox 2322 364 2635 430; x_wconf 79' lang='grc' dir='ltr'>διδάσκαλός</span> <span class='ocrx_word' id='word_1_18' title='bbox 2657 365 2772 418; x_wconf 76' lang='grc' dir='ltr'>ἔστι</span> <span class='ocrx_word' id='word_1_19' title='bbox 2801 363 2862 418; x_wconf 77' lang='lat' dir='ltr'><strong>rb</strong></span> <span class='ocrx_word' id='word_1_20' title='bbox 2895 363 3118 436; x_wconf 80' lang='grc' dir='ltr'><strong>Πνεῦμα</strong></span> <span class='ocrx_word' id='word_1_21' title='bbox 3143 363 3242 435; x_wconf 78' lang='grc' dir='ltr'>τῆς</span> <span class='ocrx_word' id='word_1_22' title='bbox 3265 363 3523 436; x_wconf 74' lang='grc' dir='ltr'><strong>ἀληθείας</strong></span> <span class='ocrx_word' id='word_1_23' title='bbox 3549 364 3610 418; x_wconf 86' lang='lat' dir='ltr'><strong>rb</strong></span> <span class='ocrx_word' id='word_1_24' title='bbox 3634 367 3688 417; x_wconf 78' lang='grc' dir='ltr'><strong>έν</strong></span> 
     </span>
    </p>
   </div>
   <div class='ocr_carea' id='block_1_6' title="bbox 451 458 2021 529">
    <p class='ocr_par' dir='ltr' id='par_1_6' title="bbox 451 458 2021 529">
     <span class='ocr_line' id='line_1_6' title="bbox 451 458 2021 529; baseline 0 -13"><span class='ocrx_word' id='word_1_25' title='bbox 451 463 736 518; x_wconf 84' lang='lat' dir='ltr'><strong>Dominum</strong></span> <span class='ocrx_word' id='word_1_26' title='bbox 764 477 887 517; x_wconf 91' lang='lat' dir='ltr'><strong>eum</strong></span> <span class='ocrx_word' id='word_1_27' title='bbox 909 467 1084 524; x_wconf 88' lang='lat' dir='ltr'><strong>vocat,</strong></span> <span class='ocrx_word' id='word_1_28' title='bbox 1101 467 1160 513; x_wconf 92' lang='lat' dir='ltr'><strong>ut</strong></span> <span class='ocrx_word' id='word_1_29' title='bbox 1179 459 1356 528; x_wconf 91' lang='lat' dir='ltr'><strong>inquit</strong></span> <span class='ocrx_word' id='word_1_30' title='bbox 1375 459 1793 529; x_wconf 78' lang='lat' dir='ltr'><strong>Evangelium&quot;,</strong></span> <span class='ocrx_word' id='word_1_31' title='bbox 1819 458 2021 516; x_wconf 86' lang='lat' dir='ltr'><strong>Paulus</strong></span> 
     </span>
    </p>
   </div>
   <div class='ocr_carea' id='block_1_7' title="bbox 445 551 2023 624">
    <p class='ocr_par' dir='ltr' id='par_1_7' title="bbox 445 551 2023 624">
     <span class='ocr_line' id='line_1_7' title="bbox 445 551 2023 624; baseline -0.002 -14"><span class='ocrx_word' id='word_1_32' title='bbox 445 571 597 621; x_wconf 86' lang='lat' dir='ltr'><strong>vero,</strong></span> <span class='ocrx_word' id='word_1_33' title='bbox 630 557 773 610; x_wconf 82' lang='lat' dir='ltr'><strong>sicut</strong></span> <span class='ocrx_word' id='word_1_34' title='bbox 809 556 899 609; x_wconf 89' lang='lat' dir='ltr'><strong>ille</strong></span> <span class='ocrx_word' id='word_1_35' title='bbox 943 555 1060 622; x_wconf 91' lang='lat' dir='ltr'><strong>ipse</strong></span> <span class='ocrx_word' id='word_1_36' title='bbox 1114 551 1266 617; x_wconf 89' lang='lat' dir='ltr'><strong>dicit,</strong></span> <span class='ocrx_word' id='word_1_37' title='bbox 1329 568 1427 622; x_wconf 91' lang='lat' dir='ltr'><strong>per</strong></span> <span class='ocrx_word' id='word_1_38' title='bbox 1479 554 1728 624; x_wconf 72' lang='lat' dir='ltr'><strong>spiritum</strong></span> <span class='ocrx_word' id='word_1_39' title='bbox 1781 553 2023 622; x_wconf 86' lang='lat' dir='ltr'><strong>loquitur</strong></span> 
     </span>
    </p>
   </div>
   <div class='ocr_carea' id='block_1_8' title="bbox 447 643 2020 720">
    <p class='ocr_par' dir='ltr' id='par_1_8' title="bbox 447 643 2020 720">
     <span class='ocr_line' id='line_1_8' title="bbox 447 643 2020 720; baseline -0.001 -18"><span class='ocrx_word' id='word_1_40' title='bbox 447 649 704 720; x_wconf 86' lang='lat' dir='ltr'><strong>mysteria</strong></span> <span class='ocrx_word' id='word_1_41' title='bbox 725 647 792 701; x_wconf 79' lang='lat'><strong>&quot;.</strong></span> <span class='ocrx_word' id='word_1_42' title='bbox 823 643 880 698; x_wconf 89' lang='lat' dir='ltr'><strong>Si</strong></span> <span class='ocrx_word' id='word_1_43' title='bbox 911 645 1076 714; x_wconf 78' lang='lat' dir='ltr'><strong>igitur</strong></span> <span class='ocrx_word' id='word_1_44' title='bbox 1101 660 1244 699; x_wconf 91' lang='lat' dir='ltr'><strong>unus</strong></span> <span class='ocrx_word' id='word_1_45' title='bbox 1274 644 1534 715; x_wconf 83' lang='lat' dir='ltr'><strong>magister</strong></span> <span class='ocrx_word' id='word_1_46' title='bbox 1555 653 1658 710; x_wconf 89' lang='lat' dir='ltr'><strong>est,</strong></span> <span class='ocrx_word' id='word_1_47' title='bbox 1689 646 1781 716; x_wconf 87' lang='lat' dir='ltr'><strong>qui</strong></span> <span class='ocrx_word' id='word_1_48' title='bbox 1816 647 2020 700; x_wconf 91' lang='lat' dir='ltr'><strong>nullam</strong></span> 
     </span>
    </p>
   </div>
   <div class='ocr_carea' id='block_1_9' title="bbox 445 737 2023 809">
    <p class='ocr_par' dir='ltr' id='par_1_9' title="bbox 445 737 2023 809">
     <span class='ocr_line' id='line_1_9' title="bbox 445 737 2023 809; baseline -0.004 -12"><span class='ocrx_word' id='word_1_49' title='bbox 445 755 633 797; x_wconf 82' lang='lat' dir='ltr'><strong>secum</strong></span> <span class='ocrx_word' id='word_1_50' title='bbox 664 738 1094 809; x_wconf 82' lang='lat' dir='ltr'><strong>discrepantiam</strong></span> <span class='ocrx_word' id='word_1_51' title='bbox 1131 737 1291 792; x_wconf 88' lang='lat' dir='ltr'><strong>habet</strong></span> <span class='ocrx_word' id='word_1_52' title='bbox 1335 738 1618 807; x_wconf 73' lang='lat' dir='ltr'><strong>(magister</strong></span> <span class='ocrx_word' id='word_1_53' title='bbox 1657 738 1802 794; x_wconf 90' lang='lat' dir='ltr'><strong>enim</strong></span> <span class='ocrx_word' id='word_1_54' title='bbox 1861 737 2023 808; x_wconf 91' lang='lat' dir='ltr'><strong>spiri-</strong></span> 
     </span>
    </p>
   </div>
   <div class='ocr_carea' id='block_1_10' title="bbox 447 827 2020 898">
    <p class='ocr_par' dir='ltr' id='par_1_10' title="bbox 447 827 2020 898">
     <span class='ocr_line' id='line_1_10' title="bbox 447 827 2020 898; baseline -0.002 -14"><span class='ocrx_word' id='word_1_55' title='bbox 447 840 538 886; x_wconf 86' lang='lat' dir='ltr'><strong>tus</strong></span> <span class='ocrx_word' id='word_1_56' title='bbox 565 829 816 884; x_wconf 84' lang='lat' dir='ltr'><strong>veritatis</strong></span> <span class='ocrx_word' id='word_1_57' title='bbox 847 837 965 893; x_wconf 87' lang='lat' dir='ltr'><strong>est,</strong></span> <span class='ocrx_word' id='word_1_58' title='bbox 995 827 1088 897; x_wconf 91' lang='lat' dir='ltr'><strong>qui</strong></span> <span class='ocrx_word' id='word_1_59' title='bbox 1121 827 1222 880; x_wconf 82' lang='lat' dir='ltr'><strong>fuit</strong></span> <span class='ocrx_word' id='word_1_60' title='bbox 1261 827 1316 881; x_wconf 94' lang='lat' dir='ltr'><strong>in</strong></span> <span class='ocrx_word' id='word_1_61' title='bbox 1363 827 1432 883; x_wconf 90' lang='lat' dir='ltr'><strong>iis</strong></span> <span class='ocrx_word' id='word_1_62' title='bbox 1465 829 1558 898; x_wconf 90' lang='lat' dir='ltr'><strong>qui</strong></span> <span class='ocrx_word' id='word_1_63' title='bbox 1593 831 1816 884; x_wconf 90' lang='lat' dir='ltr'><strong>numine</strong></span> <span class='ocrx_word' id='word_1_64' title='bbox 1858 827 2020 883; x_wconf 85' lang='lat' dir='ltr'><strong>amati</strong></span> 
     </span>
    </p>
   </div>
   <div class='ocr_carea' id='block_1_11' title="bbox 445 917 2022 992">
    <p class='ocr_par' dir='ltr' id='par_1_11' title="bbox 445 917 2022 992">
     <span class='ocr_line' id='line_1_11' title="bbox 445 917 2022 992; baseline -0.002 -16"><span class='ocrx_word' id='word_1_65' title='bbox 445 928 612 992; x_wconf 90' lang='lat' dir='ltr'><strong>atque</strong></span> <span class='ocrx_word' id='word_1_66' title='bbox 623 919 909 978; x_wconf 80' lang='lat' dir='ltr'><strong>divinitate</strong></span> <span class='ocrx_word' id='word_1_67' title='bbox 924 919 1064 989; x_wconf 85' lang='lat' dir='ltr'><strong>rapti</strong></span> <span class='ocrx_word' id='word_1_68' title='bbox 1087 917 1353 989; x_wconf 84' lang='lat' dir='ltr'><strong>fuerunt),</strong></span> <span class='ocrx_word' id='word_1_69' title='bbox 1367 932 1473 988; x_wconf 89' lang='lat' dir='ltr'><strong>qua</strong></span> <span class='ocrx_word' id='word_1_70' title='bbox 1490 919 1701 974; x_wconf 89' lang='lat' dir='ltr'><strong>ratione</strong></span> <span class='ocrx_word' id='word_1_71' title='bbox 1713 919 1835 989; x_wconf 88' lang='lat' dir='ltr'><strong>quis</strong></span> <span class='ocrx_word' id='word_1_72' title='bbox 1850 919 2022 974; x_wconf 90' lang='lat' dir='ltr'><strong>diver-</strong></span> 
     </span>
    </p>
   </div>
   <div class='ocr_carea' id='block_1_12' title="bbox 446 1009 2022 1079">
    <p class='ocr_par' dir='ltr' id='par_1_12' title="bbox 446 1009 2022 1079">
     <span class='ocr_line' id='line_1_12' title="bbox 446 1009 2022 1079; baseline -0.001 -14"><span class='ocrx_word' id='word_1_73' title='bbox 446 1011 667 1066; x_wconf 88' lang='lat' dir='ltr'><strong>sitatem</strong></span> <span class='ocrx_word' id='word_1_74' title='bbox 686 1017 741 1065; x_wconf 91' lang='lat' dir='ltr'><strong>et</strong></span> <span class='ocrx_word' id='word_1_75' title='bbox 759 1009 1180 1079; x_wconf 80' lang='lat' dir='ltr'><strong>discrepantiam</strong></span> <span class='ocrx_word' id='word_1_76' title='bbox 1213 1009 1586 1062; x_wconf 87' lang='lat' dir='ltr'><strong>doctrinarum</strong></span> <span class='ocrx_word' id='word_1_77' title='bbox 1605 1009 1872 1079; x_wconf 87' lang='lat' dir='ltr'><strong>suspicari</strong></span> <span class='ocrx_word' id='word_1_78' title='bbox 1894 1023 2022 1078; x_wconf 89' lang='lat' dir='ltr'><strong>pos—</strong></span> 
     </span>
    </p>
   </div>
   <div class='ocr_carea' id='block_1_13' title="bbox 445 1098 2020 1169">
    <p class='ocr_par' dir='ltr' id='par_1_13' title="bbox 445 1098 2020 1169">
     <span class='ocr_line' id='line_1_13' title="bbox 445 1098 2020 1169; baseline -0.001 -14"><span class='ocrx_word' id='word_1_79' title='bbox 445 1101 550 1156; x_wconf 70' lang='lat' dir='ltr'><strong>sit?</strong></span> <span class='ocrx_word' id='word_1_80' title='bbox 571 1101 640 1154; x_wconf 80' lang='lat' dir='ltr'><strong>At</strong></span> <span class='ocrx_word' id='word_1_81' title='bbox 658 1100 821 1154; x_wconf 89' lang='lat' dir='ltr'><strong>aliam</strong></span> <span class='ocrx_word' id='word_1_82' title='bbox 851 1099 1049 1165; x_wconf 82' lang='lat' dir='ltr'><strong>sessio,</strong></span> <span class='ocrx_word' id='word_1_83' title='bbox 1075 1099 1274 1168; x_wconf 88' lang='lat' dir='ltr'><strong>inquit,</strong></span> <span class='ocrx_word' id='word_1_84' title='bbox 1300 1105 1362 1152; x_wconf 87' lang='lat' dir='ltr'><strong>et</strong></span> <span class='ocrx_word' id='word_1_85' title='bbox 1389 1098 1549 1153; x_wconf 87' lang='lat' dir='ltr'><strong>aliam</strong></span> <span class='ocrx_word' id='word_1_86' title='bbox 1569 1101 1757 1163; x_wconf 89' lang='lat' dir='ltr'><strong>statio,</strong></span> <span class='ocrx_word' id='word_1_87' title='bbox 1783 1106 1943 1169; x_wconf 89' lang='lat' dir='ltr'><strong>prout</strong></span> <span class='ocrx_word' id='word_1_88' title='bbox 1965 1099 2020 1153; x_wconf 92' lang='lat' dir='ltr'><strong>in</strong></span> 
     </span>
    </p>
   </div>
   <div class='ocr_carea' id='block_1_14' title="bbox 444 1188 2019 1262">
    <p class='ocr_par' dir='ltr' id='par_1_14' title="bbox 444 1188 2019 1262">
     <span class='ocr_line' id='line_1_14' title="bbox 444 1188 2019 1262; baseline -0.001 -16"><span class='ocrx_word' id='word_1_89' title='bbox 444 1201 697 1262; x_wconf 87' lang='lat' dir='ltr'><strong>promptu</strong></span> <span class='ocrx_word' id='word_1_90' title='bbox 715 1206 784 1246; x_wconf 83' lang='lat' dir='ltr'><strong>ac</strong></span> <span class='ocrx_word' id='word_1_91' title='bbox 810 1189 968 1245; x_wconf 80' lang='lat' dir='ltr'><strong>facile</strong></span> <span class='ocrx_word' id='word_1_92' title='bbox 983 1196 1066 1245; x_wconf 86' lang='lat' dir='ltr'><strong>est</strong></span> <span class='ocrx_word' id='word_1_93' title='bbox 1092 1188 1412 1259; x_wconf 73' lang='lat' dir='ltr'><strong>intelligere,</strong></span> <span class='ocrx_word' id='word_1_94' title='bbox 1435 1190 1760 1245; x_wconf 87' lang='lat' dir='ltr'><strong>sententiam</strong></span> <span class='ocrx_word' id='word_1_95' title='bbox 1795 1191 2019 1245; x_wconf 86' lang='lat' dir='ltr'><strong>indicat.</strong></span> 
     </span>
    </p>
   </div>
   <div class='ocr_carea' id='block_1_15' title="bbox 446 1278 2021 1352">
    <p class='ocr_par' dir='ltr' id='par_1_15' title="bbox 446 1278 2021 1352">
     <span class='ocr_line' id='line_1_15' title="bbox 446 1278 2021 1352; baseline -0.001 -17"><span class='ocrx_word' id='word_1_96' title='bbox 446 1280 556 1337; x_wconf 84' lang='lat' dir='ltr'><strong>Nec</strong></span> <span class='ocrx_word' id='word_1_97' title='bbox 576 1297 677 1352; x_wconf 91' lang='lat' dir='ltr'><strong>ego</strong></span> <span class='ocrx_word' id='word_1_98' title='bbox 705 1295 866 1350; x_wconf 81' lang='lat' dir='ltr'><strong>nego.</strong></span> <span class='ocrx_word' id='word_1_99' title='bbox 885 1278 1082 1335; x_wconf 76' lang='lat' dir='ltr'><strong>Verum</strong></span> <span class='ocrx_word' id='word_1_100' title='bbox 1101 1294 1209 1334; x_wconf 86' lang='lat' dir='ltr'><strong>non</strong></span> <span class='ocrx_word' id='word_1_101' title='bbox 1235 1279 1291 1333; x_wconf 93' lang='lat' dir='ltr'><strong>id</strong></span> <span class='ocrx_word' id='word_1_102' title='bbox 1319 1280 1463 1349; x_wconf 90' lang='lat' dir='ltr'><strong>quod</strong></span> <span class='ocrx_word' id='word_1_103' title='bbox 1482 1280 1536 1334; x_wconf 89' lang='lat' dir='ltr'><strong>in</strong></span> <span class='ocrx_word' id='word_1_104' title='bbox 1558 1280 1884 1350; x_wconf 83' lang='lat' dir='ltr'><strong>corporibus</strong></span> <span class='ocrx_word' id='word_1_105' title='bbox 1899 1294 2021 1336; x_wconf 84' lang='lat' dir='ltr'><strong>ver-</strong></span> 
     </span>
    </p>
   </div>
   <div class='ocr_carea' id='block_1_16' title="bbox 449 1369 2019 1442">
    <p class='ocr_par' dir='ltr' id='par_1_16' title="bbox 449 1369 2019 1442">
     <span class='ocr_line' id='line_1_16' title="bbox 449 1369 2019 1442; baseline -0.001 -15"><span class='ocrx_word' id='word_1_106' title='bbox 449 1373 642 1427; x_wconf 86' lang='lat' dir='ltr'><strong>borum</strong></span> <span class='ocrx_word' id='word_1_107' title='bbox 675 1369 1002 1442; x_wconf 84' lang='lat' dir='ltr'><strong>signiﬁcatio</strong></span> <span class='ocrx_word' id='word_1_108' title='bbox 1020 1371 1280 1438; x_wconf 89' lang='lat' dir='ltr'><strong>ostendit,</strong></span> <span class='ocrx_word' id='word_1_109' title='bbox 1295 1371 1402 1426; x_wconf 89' lang='lat' dir='ltr'><strong>hoc</strong></span> <span class='ocrx_word' id='word_1_110' title='bbox 1427 1371 1662 1427; x_wconf 88' lang='lat' dir='ltr'><strong>etiamin</strong></span> <span class='ocrx_word' id='word_1_111' title='bbox 1695 1373 2019 1441; x_wconf 89' lang='lat' dir='ltr'><strong>incorporea</strong></span> 
     </span>
    </p>
   </div>
   <div class='ocr_carea' id='block_1_17' title="bbox 444 1461 2018 1532">
    <p class='ocr_par' dir='ltr' id='par_1_17' title="bbox 444 1461 2018 1532">
     <span class='ocr_line' id='line_1_17' title="bbox 444 1461 2018 1532; baseline -0.001 -14"><span class='ocrx_word' id='word_1_112' title='bbox 444 1471 642 1518; x_wconf 88' lang='lat' dir='ltr'><strong>natura</strong></span> <span class='ocrx_word' id='word_1_113' title='bbox 672 1461 755 1516; x_wconf 80' lang='lat' dir='ltr'><strong>fas</strong></span> <span class='ocrx_word' id='word_1_114' title='bbox 781 1468 868 1516; x_wconf 89' lang='lat' dir='ltr'><strong>est</strong></span> <span class='ocrx_word' id='word_1_115' title='bbox 900 1461 1236 1518; x_wconf 80' lang='lat' dir='ltr'><strong>existimare.</strong></span> <span class='ocrx_word' id='word_1_116' title='bbox 1273 1461 1408 1517; x_wconf 80' lang='lat' dir='ltr'><strong>Nam</strong></span> <span class='ocrx_word' id='word_1_117' title='bbox 1447 1463 1503 1517; x_wconf 91' lang='lat' dir='ltr'><strong>in</strong></span> <span class='ocrx_word' id='word_1_118' title='bbox 1537 1463 1757 1519; x_wconf 91' lang='lat' dir='ltr'><strong>bomine</strong></span> <span class='ocrx_word' id='word_1_119' title='bbox 1800 1463 2018 1532; x_wconf 90' lang='lat' dir='ltr'><strong>quidem</strong></span> 
     </span>
    </p>
   </div>
   <div class='ocr_carea' id='block_1_18' title="bbox 443 1553 2020 1626">
    <p class='ocr_par' dir='ltr' id='par_1_18' title="bbox 443 1553 2020 1626">
     <span class='ocr_line' id='line_1_18' title="bbox 443 1553 2020 1626; baseline 0 -16"><span class='ocrx_word' id='word_1_120' title='bbox 443 1555 642 1620; x_wconf 82' lang='lat' dir='ltr'><strong>sessio,</strong></span> <span class='ocrx_word' id='word_1_121' title='bbox 665 1557 720 1608; x_wconf 89' lang='lat' dir='ltr'><strong>in</strong></span> <span class='ocrx_word' id='word_1_122' title='bbox 753 1553 974 1609; x_wconf 87' lang='lat' dir='ltr'><strong>natibus</strong></span> <span class='ocrx_word' id='word_1_123' title='bbox 1002 1556 1254 1625; x_wconf 86' lang='lat' dir='ltr'><strong>corporis</strong></span> <span class='ocrx_word' id='word_1_124' title='bbox 1280 1555 1610 1626; x_wconf 88' lang='lat' dir='ltr'><strong>positionem</strong></span> <span class='ocrx_word' id='word_1_125' title='bbox 1643 1556 1912 1626; x_wconf 88' lang='lat' dir='ltr'><strong>designat,</strong></span> <span class='ocrx_word' id='word_1_126' title='bbox 1951 1570 2020 1610; x_wconf 92' lang='lat' dir='ltr'><strong>ne</strong></span> 
     </span>
    </p>
   </div>
   <div class='ocr_carea' id='block_1_19' title="bbox 446 1645 2016 1716">
    <p class='ocr_par' dir='ltr' id='par_1_19' title="bbox 446 1645 2016 1716">
     <span class='ocr_line' id='line_1_19' title="bbox 446 1645 2016 1716; baseline -0.002 -14"><span class='ocrx_word' id='word_1_127' title='bbox 446 1661 664 1715; x_wconf 86' lang='lat' dir='ltr'><strong>semper</strong></span> <span class='ocrx_word' id='word_1_128' title='bbox 696 1645 981 1700; x_wconf 87' lang='lat' dir='ltr'><strong>contentio</strong></span> <span class='ocrx_word' id='word_1_129' title='bbox 1008 1660 1242 1714; x_wconf 80' lang='lat' dir='ltr'><strong>genuum</strong></span> <span class='ocrx_word' id='word_1_130' title='bbox 1283 1661 1348 1701; x_wconf 86' lang='lat' dir='ltr'><strong>ac</strong></span> <span class='ocrx_word' id='word_1_131' title='bbox 1379 1647 1645 1716; x_wconf 87' lang='lat' dir='ltr'><strong>poplitum</strong></span> <span class='ocrx_word' id='word_1_132' title='bbox 1675 1647 1728 1700; x_wconf 90' lang='lat' dir='ltr'><strong>in</strong></span> <span class='ocrx_word' id='word_1_133' title='bbox 1758 1661 1878 1701; x_wconf 89' lang='lat' dir='ltr'><strong>sese</strong></span> <span class='ocrx_word' id='word_1_134' title='bbox 1896 1661 2016 1700; x_wconf 87' lang='lat' dir='ltr'><strong>cor-</strong></span> 
     </span>
    </p>
   </div>
   <div class='ocr_carea' id='block_1_20' title="bbox 443 1736 2010 1807">
    <p class='ocr_par' dir='ltr' id='par_1_20' title="bbox 443 1736 2010 1807">
     <span class='ocr_line' id='line_1_20' title="bbox 443 1736 2010 1807; baseline 0 -17"><span class='ocrx_word' id='word_1_135' title='bbox 443 1737 595 1807; x_wconf 88' lang='lat' dir='ltr'><strong>poris</strong></span> <span class='ocrx_word' id='word_1_136' title='bbox 634 1736 849 1806; x_wconf 91' lang='lat' dir='ltr'><strong>pondus</strong></span> <span class='ocrx_word' id='word_1_137' title='bbox 897 1737 1176 1792; x_wconf 90' lang='lat' dir='ltr'><strong>sustinens</strong></span> <span class='ocrx_word' id='word_1_138' title='bbox 1208 1737 1418 1793; x_wconf 83' lang='lat' dir='ltr'><strong>laboret</strong></span> <span class='ocrx_word' id='word_1_139' title='bbox 1453 1756 1467 1792; x_wconf 91' lang='lat'><strong>:</strong></span> <span class='ocrx_word' id='word_1_140' title='bbox 1512 1745 1567 1791; x_wconf 91' lang='lat' dir='ltr'><strong>et</strong></span> <span class='ocrx_word' id='word_1_141' title='bbox 1598 1746 1792 1793; x_wconf 88' lang='lat' dir='ltr'><strong>contra</strong></span> <span class='ocrx_word' id='word_1_142' title='bbox 1826 1738 2010 1800; x_wconf 90' lang='lat' dir='ltr'><strong>statio,</strong></span> 
     </span>
    </p>
   </div>
   <div class='ocr_carea' id='block_1_21' title="bbox 444 1826 2015 1897">
    <p class='ocr_par' dir='ltr' id='par_1_21' title="bbox 444 1826 2015 1897">
     <span class='ocr_line' id='line_1_21' title="bbox 444 1826 2015 1897; baseline -0.001 -15"><span class='ocrx_word' id='word_1_143' title='bbox 444 1827 674 1882; x_wconf 86' lang='lat' dir='ltr'><strong>arduum</strong></span> <span class='ocrx_word' id='word_1_144' title='bbox 697 1835 752 1881; x_wconf 92' lang='lat' dir='ltr'><strong>et</strong></span> <span class='ocrx_word' id='word_1_145' title='bbox 781 1834 1022 1881; x_wconf 87' lang='lat' dir='ltr'><strong>erectum</strong></span> <span class='ocrx_word' id='word_1_146' title='bbox 1077 1841 1240 1896; x_wconf 88' lang='lat' dir='ltr'><strong>super</strong></span> <span class='ocrx_word' id='word_1_147' title='bbox 1272 1842 1448 1897; x_wconf 87' lang='lat' dir='ltr'><strong>genua</strong></span> <span class='ocrx_word' id='word_1_148' title='bbox 1480 1827 1754 1882; x_wconf 89' lang='lat' dir='ltr'><strong>hominem</strong></span> <span class='ocrx_word' id='word_1_149' title='bbox 1807 1826 2015 1896; x_wconf 85' lang='lat' dir='ltr'><strong>signiﬁ-</strong></span> 
     </span>
    </p>
   </div>
   <div class='ocr_carea' id='block_1_22' title="bbox 443 1916 2012 1988">
    <p class='ocr_par' dir='ltr' id='par_1_22' title="bbox 443 1916 2012 1988">
     <span class='ocr_line' id='line_1_22' title="bbox 443 1916 2012 1988; baseline 0.002 -17"><span class='ocrx_word' id='word_1_150' title='bbox 443 1925 552 1982; x_wconf 87' lang='lat' dir='ltr'><strong>cat,</strong></span> <span class='ocrx_word' id='word_1_151' title='bbox 593 1931 703 1971; x_wconf 92' lang='lat' dir='ltr'><strong>non</strong></span> <span class='ocrx_word' id='word_1_152' title='bbox 747 1916 803 1971; x_wconf 92' lang='lat' dir='ltr'><strong>in</strong></span> <span class='ocrx_word' id='word_1_153' title='bbox 848 1917 1072 1972; x_wconf 85' lang='lat' dir='ltr'><strong>natibus</strong></span> <span class='ocrx_word' id='word_1_154' title='bbox 1101 1916 1340 1972; x_wconf 88' lang='lat' dir='ltr'><strong>sedendo</strong></span> <span class='ocrx_word' id='word_1_155' title='bbox 1378 1918 1772 1988; x_wconf 83' lang='lat' dir='ltr'><strong>quiescentem.</strong></span> <span class='ocrx_word' id='word_1_156' title='bbox 1811 1917 1869 1972; x_wconf 91' lang='lat' dir='ltr'><strong>ln</strong></span> <span class='ocrx_word' id='word_1_157' title='bbox 1914 1935 2012 1974; x_wconf 86' lang='lat' dir='ltr'><strong>su-</strong></span> 
     </span>
    </p>
   </div>
   <div class='ocr_carea' id='block_1_23' title="bbox 445 2008 2013 2082">
    <p class='ocr_par' dir='ltr' id='par_1_23' title="bbox 445 2008 2013 2082">
     <span class='ocr_line' id='line_1_23' title="bbox 445 2008 2013 2082; baseline 0.004 -21"><span class='ocrx_word' id='word_1_158' title='bbox 445 2022 614 2077; x_wconf 87' lang='lat' dir='ltr'><strong>perna</strong></span> <span class='ocrx_word' id='word_1_159' title='bbox 671 2015 855 2062; x_wconf 92' lang='lat' dir='ltr'><strong>autem</strong></span> <span class='ocrx_word' id='word_1_160' title='bbox 903 2015 958 2062; x_wconf 91' lang='lat' dir='ltr'><strong>et</strong></span> <span class='ocrx_word' id='word_1_161' title='bbox 987 2008 1291 2063; x_wconf 83' lang='lat' dir='ltr'><strong>excellente</strong></span> <span class='ocrx_word' id='word_1_162' title='bbox 1326 2017 1522 2064; x_wconf 89' lang='lat' dir='ltr'><strong>natura</strong></span> <span class='ocrx_word' id='word_1_163' title='bbox 1574 2010 1643 2065; x_wconf 90' lang='lat' dir='ltr'><strong>ab</strong></span> <span class='ocrx_word' id='word_1_164' title='bbox 1698 2011 2013 2082; x_wconf 88' lang='lat' dir='ltr'><strong>hujusmodi</strong></span> 
     </span>
    </p>
   </div>
   <div class='ocr_carea' id='block_1_24' title="bbox 446 2098 2013 2173">
    <p class='ocr_par' dir='ltr' id='par_1_24' title="bbox 446 2098 2013 2173">
     <span class='ocr_line' id='line_1_24' title="bbox 446 2098 2013 2173; baseline 0.004 -23"><span class='ocrx_word' id='word_1_165' title='bbox 446 2098 813 2154; x_wconf 89' lang='lat' dir='ltr'><strong>intellectibus</strong></span> <span class='ocrx_word' id='word_1_166' title='bbox 843 2107 897 2153; x_wconf 92' lang='lat' dir='ltr'><strong>et</strong></span> <span class='ocrx_word' id='word_1_167' title='bbox 928 2099 1104 2156; x_wconf 89' lang='lat' dir='ltr'><strong>sessio</strong></span> <span class='ocrx_word' id='word_1_168' title='bbox 1133 2107 1189 2155; x_wconf 91' lang='lat' dir='ltr'><strong>et</strong></span> <span class='ocrx_word' id='word_1_169' title='bbox 1221 2100 1384 2154; x_wconf 90' lang='lat' dir='ltr'><strong>statio</strong></span> <span class='ocrx_word' id='word_1_170' title='bbox 1412 2116 1587 2156; x_wconf 87' lang='lat' dir='ltr'><strong>vacua</strong></span> <span class='ocrx_word' id='word_1_171' title='bbox 1631 2109 1796 2173; x_wconf 92' lang='lat' dir='ltr'><strong>atque</strong></span> <span class='ocrx_word' id='word_1_172' title='bbox 1838 2103 2013 2158; x_wconf 83' lang='lat' dir='ltr'><strong>aliena</strong></span> 
     </span>
    </p>
   </div>
   <div class='ocr_carea' id='block_1_25' title="bbox 445 2190 2012 2264">
    <p class='ocr_par' dir='ltr' id='par_1_25' title="bbox 445 2190 2012 2264">
     <span class='ocr_line' id='line_1_25' title="bbox 445 2190 2012 2264; baseline 0.004 -22"><span class='ocrx_word' id='word_1_173' title='bbox 445 2195 550 2252; x_wconf 88' lang='lat' dir='ltr'><strong>est,</strong></span> <span class='ocrx_word' id='word_1_174' title='bbox 577 2195 809 2258; x_wconf 88' lang='lat' dir='ltr'><strong>utraque</strong></span> <span class='ocrx_word' id='word_1_175' title='bbox 838 2190 1044 2258; x_wconf 86' lang='lat' dir='ltr'><strong>pariter</strong></span> <span class='ocrx_word' id='word_1_176' title='bbox 1071 2190 1139 2244; x_wconf 92' lang='lat' dir='ltr'><strong>ab</strong></span> <span class='ocrx_word' id='word_1_177' title='bbox 1162 2205 1246 2255; x_wconf 90' lang='lat' dir='ltr'><strong>ea,</strong></span> <span class='ocrx_word' id='word_1_178' title='bbox 1280 2205 1441 2260; x_wconf 89' lang='lat' dir='ltr'><strong>quam</strong></span> <span class='ocrx_word' id='word_1_179' title='bbox 1476 2192 1727 2261; x_wconf 83' lang='lat' dir='ltr'><strong>expedite</strong></span> <span class='ocrx_word' id='word_1_180' title='bbox 1751 2201 1914 2264; x_wconf 88' lang='lat' dir='ltr'><strong>atque</strong></span> <span class='ocrx_word' id='word_1_181' title='bbox 1957 2195 2012 2249; x_wconf 93' lang='lat' dir='ltr'><strong>in</strong></span> 
     </span>
    </p>
   </div>
   <div class='ocr_carea' id='block_1_26' title="bbox 445 2281 2010 2354">
    <p class='ocr_par' dir='ltr' id='par_1_26' title="bbox 445 2281 2010 2354">
     <span class='ocr_line' id='line_1_26' title="bbox 445 2281 2010 2354; baseline 0.005 -22"><span class='ocrx_word' id='word_1_182' title='bbox 445 2287 694 2348; x_wconf 90' lang='lat' dir='ltr'><strong>promptu</strong></span> <span class='ocrx_word' id='word_1_183' title='bbox 745 2287 851 2346; x_wconf 89' lang='lat' dir='ltr'><strong>est,</strong></span> <span class='ocrx_word' id='word_1_184' title='bbox 913 2281 1241 2351; x_wconf 88' lang='lat' dir='ltr'><strong>intelligere,</strong></span> <span class='ocrx_word' id='word_1_185' title='bbox 1299 2281 1705 2352; x_wconf 89' lang='lat' dir='ltr'><strong>signiﬁcatione</strong></span> <span class='ocrx_word' id='word_1_186' title='bbox 1737 2295 2010 2354; x_wconf 87' lang='lat' dir='ltr'><strong>separata.</strong></span> 
     </span>
    </p>
   </div>
   <div class='ocr_carea' id='block_1_27' title="bbox 375 2369 2014 2448">
    <p class='ocr_par' dir='ltr' id='par_1_27' title="bbox 375 2369 2014 2448">
     <span class='ocr_line' id='line_1_27' title="bbox 375 2369 2014 2448; baseline 0.007 -25"><span class='ocrx_word' id='word_1_187' title='bbox 375 2400 408 2436; x_wconf 70' lang='grc' dir='ltr'><strong><em>ο</em></strong></span> <span class='ocrx_word' id='word_1_188' title='bbox 442 2369 628 2441; x_wconf 86' lang='lat' dir='ltr'><strong>Neque</strong></span> <span class='ocrx_word' id='word_1_189' title='bbox 641 2373 856 2426; x_wconf 91' lang='lat' dir='ltr'><strong>enimin</strong></span> <span class='ocrx_word' id='word_1_190' title='bbox 875 2373 1175 2443; x_wconf 74' lang='lat' dir='ltr'><strong>poplitibus</strong></span> <span class='ocrx_word' id='word_1_191' title='bbox 1191 2375 1482 2431; x_wconf 89' lang='lat' dir='ltr'><strong>stationem</strong></span> <span class='ocrx_word' id='word_1_192' title='bbox 1497 2376 1636 2445; x_wconf 89' lang='lat' dir='ltr'><strong>ejus,</strong></span> <span class='ocrx_word' id='word_1_193' title='bbox 1665 2379 1807 2448; x_wconf 90' lang='lat' dir='ltr'><strong>quod</strong></span> <span class='ocrx_word' id='word_1_194' title='bbox 1832 2380 2014 2434; x_wconf 90' lang='lat' dir='ltr'><strong>incor-</strong></span> 
     </span>
    </p>
   </div>
   <div class='ocr_carea' id='block_1_28' title="bbox 441 2467 2013 2542">
    <p class='ocr_par' dir='ltr' id='par_1_28' title="bbox 441 2467 2013 2542">
     <span class='ocr_line' id='line_1_28' title="bbox 441 2467 2013 2542; baseline 0.006 -25"><span class='ocrx_word' id='word_1_195' title='bbox 441 2477 668 2532; x_wconf 84' lang='lat' dir='ltr'><strong>poreum</strong></span> <span class='ocrx_word' id='word_1_196' title='bbox 686 2471 770 2518; x_wconf 89' lang='lat' dir='ltr'><strong>est</strong></span> <span class='ocrx_word' id='word_1_197' title='bbox 789 2480 965 2533; x_wconf 91' lang='lat' dir='ltr'><strong>neque</strong></span> <span class='ocrx_word' id='word_1_198' title='bbox 978 2467 1031 2519; x_wconf 92' lang='lat' dir='ltr'><strong>in</strong></span> <span class='ocrx_word' id='word_1_199' title='bbox 1047 2467 1270 2523; x_wconf 90' lang='lat' dir='ltr'><strong>natibus</strong></span> <span class='ocrx_word' id='word_1_200' title='bbox 1282 2469 1583 2524; x_wconf 85' lang='lat' dir='ltr'><strong>sessionem</strong></span> <span class='ocrx_word' id='word_1_201' title='bbox 1598 2469 1738 2540; x_wconf 88' lang='lat' dir='ltr'><strong>ejus,</strong></span> <span class='ocrx_word' id='word_1_202' title='bbox 1759 2471 1906 2542; x_wconf 91' lang='lat' dir='ltr'><strong>quod</strong></span> <span class='ocrx_word' id='word_1_203' title='bbox 1921 2488 2013 2527; x_wconf 82' lang='lat' dir='ltr'><strong>ex-</strong></span> 
     </span>
    </p>
   </div>
   <div class='ocr_carea' id='block_1_29' title="bbox 444 2551 2012 2630">
    <p class='ocr_par' dir='ltr' id='par_1_29' title="bbox 444 2551 2012 2630">
     <span class='ocr_line' id='line_1_29' title="bbox 444 2551 2012 2630; baseline 0.006 -24"><span class='ocrx_word' id='word_1_204' title='bbox 444 2566 569 2622; x_wconf 90' lang='lat' dir='ltr'><strong>pers</strong></span> <span class='ocrx_word' id='word_1_205' title='bbox 592 2551 776 2621; x_wconf 81' lang='lat' dir='ltr'><strong>ﬁgurae</strong></span> <span class='ocrx_word' id='word_1_206' title='bbox 792 2559 897 2616; x_wconf 88' lang='lat' dir='ltr'><strong>est,</strong></span> <span class='ocrx_word' id='word_1_207' title='bbox 917 2553 1248 2624; x_wconf 88' lang='lat' dir='ltr'><strong>accipiemus</strong></span> <span class='ocrx_word' id='word_1_208' title='bbox 1267 2579 1278 2611; x_wconf 89' lang='lat'><strong><em>:</em></strong></span> <span class='ocrx_word' id='word_1_209' title='bbox 1297 2556 1393 2612; x_wconf 86' lang='lat' dir='ltr'><strong>sed</strong></span> <span class='ocrx_word' id='word_1_210' title='bbox 1413 2572 1506 2626; x_wconf 90' lang='lat' dir='ltr'><strong>per</strong></span> <span class='ocrx_word' id='word_1_211' title='bbox 1525 2567 1811 2630; x_wconf 90' lang='lat' dir='ltr'><strong>utramque</strong></span> <span class='ocrx_word' id='word_1_212' title='bbox 1823 2574 2012 2616; x_wconf 88' lang='lat' dir='ltr'><strong>vocem</strong></span> 
     </span>
    </p>
   </div>
   <div class='ocr_carea' id='block_1_30' title="bbox 445 2643 2015 2714">
    <p class='ocr_par' dir='ltr' id='par_1_30' title="bbox 445 2643 2015 2714">
     <span class='ocr_line' id='line_1_30' title="bbox 445 2643 2015 2714; baseline 0.007 -17"><span class='ocrx_word' id='word_1_213' title='bbox 445 2643 496 2697; x_wconf 88' lang='lat' dir='ltr'><strong>id</strong></span> <span class='ocrx_word' id='word_1_214' title='bbox 523 2643 668 2713; x_wconf 91' lang='lat' dir='ltr'><strong>quod</strong></span> <span class='ocrx_word' id='word_1_215' title='bbox 701 2644 756 2697; x_wconf 94' lang='lat' dir='ltr'><strong>in</strong></span> <span class='ocrx_word' id='word_1_216' title='bbox 791 2645 938 2698; x_wconf 91' lang='lat' dir='ltr'><strong>omni</strong></span> <span class='ocrx_word' id='word_1_217' title='bbox 976 2647 1120 2700; x_wconf 89' lang='lat' dir='ltr'><strong>bono</strong></span> <span class='ocrx_word' id='word_1_218' title='bbox 1148 2649 1363 2714; x_wconf 85' lang='lat' dir='ltr'><strong>stabile,</strong></span> <span class='ocrx_word' id='word_1_219' title='bbox 1394 2658 1448 2704; x_wconf 91' lang='lat' dir='ltr'><strong>et</strong></span> <span class='ocrx_word' id='word_1_220' title='bbox 1478 2649 1530 2703; x_wconf 93' lang='lat' dir='ltr'><strong>in</strong></span> <span class='ocrx_word' id='word_1_221' title='bbox 1564 2652 1710 2706; x_wconf 91' lang='lat' dir='ltr'><strong>omni</strong></span> <span class='ocrx_word' id='word_1_222' title='bbox 1737 2651 1880 2706; x_wconf 89' lang='lat' dir='ltr'><strong>bono</strong></span> <span class='ocrx_word' id='word_1_223' title='bbox 1914 2653 2015 2713; x_wconf 90' lang='lat' dir='ltr'><strong>im-</strong></span> 
     </span>
    </p>
   </div>
   <div class='ocr_carea' id='block_1_31' title="bbox 442 2735 2011 2811">
    <p class='ocr_par' dir='ltr' id='par_1_31' title="bbox 442 2735 2011 2811">
     <span class='ocr_line' id='line_1_31' title="bbox 442 2735 2011 2811; baseline 0.007 -23"><span class='ocrx_word' id='word_1_224' title='bbox 442 2735 704 2790; x_wconf 86' lang='lat' dir='ltr'><strong>mutabile</strong></span> <span class='ocrx_word' id='word_1_225' title='bbox 730 2743 834 2798; x_wconf 90' lang='lat' dir='ltr'><strong>est,</strong></span> <span class='ocrx_word' id='word_1_226' title='bbox 861 2735 945 2804; x_wconf 92' lang='lat' dir='ltr'><strong>pie</strong></span> <span class='ocrx_word' id='word_1_227' title='bbox 972 2735 1358 2808; x_wconf 86' lang='lat' dir='ltr'><strong>intelligemus.</strong></span> <span class='ocrx_word' id='word_1_228' title='bbox 1380 2739 1512 2794; x_wconf 88' lang='lat' dir='ltr'><strong>Nam</strong></span> <span class='ocrx_word' id='word_1_229' title='bbox 1526 2750 1634 2795; x_wconf 90' lang='lat' dir='ltr'><strong>tam</strong></span> <span class='ocrx_word' id='word_1_230' title='bbox 1660 2741 1708 2797; x_wconf 92' lang='lat' dir='ltr'><strong>is</strong></span> <span class='ocrx_word' id='word_1_231' title='bbox 1729 2743 1822 2811; x_wconf 88' lang='lat' dir='ltr'><strong>qui</strong></span> <span class='ocrx_word' id='word_1_232' title='bbox 1845 2752 2011 2810; x_wconf 90' lang='lat' dir='ltr'><strong>stare,</strong></span> 
     </span>
    </p>
   </div>
   <div class='ocr_carea' id='block_1_32' title="bbox 443 2826 2010 2902">
    <p class='ocr_par' dir='ltr' id='par_1_32' title="bbox 443 2826 2010 2902">
     <span class='ocr_line' id='line_1_32' title="bbox 443 2826 2010 2902; baseline 0.008 -25"><span class='ocrx_word' id='word_1_233' title='bbox 443 2841 606 2895; x_wconf 90' lang='lat' dir='ltr'><strong>quam</strong></span> <span class='ocrx_word' id='word_1_234' title='bbox 636 2826 730 2894; x_wconf 90' lang='lat' dir='ltr'><strong>qui</strong></span> <span class='ocrx_word' id='word_1_235' title='bbox 785 2826 976 2882; x_wconf 89' lang='lat' dir='ltr'><strong>sedere</strong></span> <span class='ocrx_word' id='word_1_236' title='bbox 1036 2843 1241 2884; x_wconf 89' lang='lat' dir='ltr'><strong>numen</strong></span> <span class='ocrx_word' id='word_1_237' title='bbox 1293 2830 1537 2885; x_wconf 88' lang='lat' dir='ltr'><strong>divinum</strong></span> <span class='ocrx_word' id='word_1_238' title='bbox 1589 2834 1802 2902; x_wconf 83' lang='lat' dir='ltr'><strong>dicunt,</strong></span> <span class='ocrx_word' id='word_1_239' title='bbox 1855 2836 2010 2902; x_wconf 89' lang='lat' dir='ltr'><strong>nihil,</strong></span> 
     </span>
    </p>
   </div>
   <div class='ocr_carea' id='block_1_33' title="bbox 449 2900 2012 2985">
    <p class='ocr_par' dir='ltr' id='par_1_33' title="bbox 449 2900 2012 2985">
     <span class='ocr_line' id='line_1_33' title="bbox 449 2900 2012 2985; baseline 0.006 -15"><span class='ocrx_word' id='word_1_240' title='bbox 449 2916 595 2985; x_wconf 85' lang='lat' dir='ltr'><strong>quod</strong></span> <span class='ocrx_word' id='word_1_241' title='bbox 628 2913 695 2967; x_wconf 89' lang='lat' dir='ltr'><strong>ad</strong></span> <span class='ocrx_word' id='word_1_242' title='bbox 728 2915 1054 2970; x_wconf 88' lang='lat' dir='ltr'><strong>sententiam</strong></span> <span class='ocrx_word' id='word_1_243' title='bbox 1089 2919 1306 2982; x_wconf 89' lang='lat' dir='ltr'><strong>attinet,</strong></span> <span class='ocrx_word' id='word_1_244' title='bbox 1351 2920 1670 2979; x_wconf 79' lang='lat' dir='ltr'><strong>diversitate</strong></span> <span class='ocrx_word' id='word_1_245' title='bbox 1700 2900 2012 2980; x_wconf 34' lang='lat' dir='ltr'><strong>&#39;verborum</strong></span> 
     </span>
    </p>
   </div>
   <div class='ocr_carea' id='block_1_34' title="bbox 2121 457 3689 530">
    <p class='ocr_par' dir='ltr' id='par_1_34' title="bbox 2121 457 3689 530">
     <span class='ocr_line' id='line_1_34' title="bbox 2121 457 3689 530; baseline -0.002 -17"><span class='ocrx_word' id='word_1_246' title='bbox 2121 461 2231 524; x_wconf 84' lang='grc' dir='ltr'>τοῖς</span> <span class='ocrx_word' id='word_1_247' title='bbox 2276 459 2724 530; x_wconf 88' lang='grc' dir='ltr'>θεοφορουμένοις</span> <span class='ocrx_word' id='word_1_248' title='bbox 2750 459 3058 528; x_wconf 85' lang='grc' dir='ltr'>γενόμενον)</span> <span class='ocrx_word' id='word_1_249' title='bbox 3083 474 3096 489; x_wconf 81' lang='grc'><strong><em>⁸</em></strong></span> <span class='ocrx_word' id='word_1_250' title='bbox 3150 458 3268 520; x_wconf 90' lang='grc' dir='ltr'><strong>πῶς</strong></span> <span class='ocrx_word' id='word_1_251' title='bbox 3317 458 3383 512; x_wconf 80' lang='grc' dir='ltr'>ἄν</span> <span class='ocrx_word' id='word_1_252' title='bbox 3423 474 3509 520; x_wconf 81' lang='grc' dir='ltr'><strong>τις</strong></span> <span class='ocrx_word' id='word_1_253' title='bbox 3570 457 3689 510; x_wconf 84' lang='grc' dir='ltr'>δια-</span> 
     </span>
    </p>
   </div>
   <div class='ocr_carea' id='block_1_35' title="bbox 2122 546 3690 620">
    <p class='ocr_par' dir='ltr' id='par_1_35' title="bbox 2122 546 3690 620">
     <span class='ocr_line' id='line_1_35' title="bbox 2122 546 3690 620; baseline -0.003 -17"><span class='ocrx_word' id='word_1_254' title='bbox 2122 550 2325 618; x_wconf 81' lang='grc' dir='ltr'>φωνίαν</span> <span class='ocrx_word' id='word_1_255' title='bbox 2362 549 2483 603; x_wconf 82' lang='grc' dir='ltr'>τινὰ</span> <span class='ocrx_word' id='word_1_256' title='bbox 2512 549 2620 603; x_wconf 89' lang='grc' dir='ltr'><strong>τῶν</strong></span> <span class='ocrx_word' id='word_1_257' title='bbox 2663 549 2948 620; x_wconf 81' lang='grc' dir='ltr'><strong>δογμάτων</strong></span> <span class='ocrx_word' id='word_1_258' title='bbox 2980 548 3507 612; x_wconf 88' lang='grc' dir='ltr'>καθυποπτεύσειεν;</span> <span class='ocrx_word' id='word_1_259' title='bbox 3553 546 3690 599; x_wconf 78' lang='grc' dir='ltr'>Ἀλλ’</span> 
     </span>
    </p>
   </div>
   <div class='ocr_carea' id='block_1_36' title="bbox 2120 638 3692 714">
    <p class='ocr_par' dir='ltr' id='par_1_36' title="bbox 2120 638 3692 714">
     <span class='ocr_line' id='line_1_36' title="bbox 2120 638 3692 714; baseline -0.003 -18"><span class='ocrx_word' id='word_1_260' title='bbox 2120 642 2306 714; x_wconf 72' lang='grc' dir='ltr'>ἕτερον</span> <span class='ocrx_word' id='word_1_261' title='bbox 2328 644 2362 714; x_wconf 84' lang='grc' dir='ltr'><strong>ἡ</strong></span> <span class='ocrx_word' id='word_1_262' title='bbox 2387 642 2644 713; x_wconf 78' lang='grc' dir='ltr'><strong>καθέδρα,</strong></span> <span class='ocrx_word' id='word_1_263' title='bbox 2692 644 2847 713; x_wconf 78' lang='grc' dir='ltr'>φησὶ,</span> <span class='ocrx_word' id='word_1_264' title='bbox 2877 643 2971 695; x_wconf 72' lang='grc' dir='ltr'><strong>καὶ</strong></span> <span class='ocrx_word' id='word_1_265' title='bbox 3008 642 3192 713; x_wconf 76' lang='grc' dir='ltr'>ἕτερον</span> <span class='ocrx_word' id='word_1_266' title='bbox 3226 644 3258 711; x_wconf 76' lang='grc' dir='ltr'>ἡ</span> <span class='ocrx_word' id='word_1_267' title='bbox 3301 641 3488 703; x_wconf 82' lang='grc' dir='ltr'><strong>στάσις</strong></span> <span class='ocrx_word' id='word_1_268' title='bbox 3527 638 3692 693; x_wconf 77' lang='grc' dir='ltr'>ἐνδεί-</span> 
     </span>
    </p>
   </div>
   <div class='ocr_carea' id='block_1_37' title="bbox 2121 733 3691 805">
    <p class='ocr_par' dir='ltr' id='par_1_37' title="bbox 2121 733 3691 805">
     <span class='ocr_line' id='line_1_37' title="bbox 2121 733 3691 805; baseline -0.003 -17"><span class='ocrx_word' id='word_1_269' title='bbox 2121 749 2311 788; x_wconf 86' lang='grc' dir='ltr'>κνυται</span> <span class='ocrx_word' id='word_1_270' title='bbox 2351 733 2496 800; x_wconf 82' lang='grc' dir='ltr'><strong>νοῦν,</strong></span> <span class='ocrx_word' id='word_1_271' title='bbox 2544 735 2684 788; x_wconf 91' lang='grc' dir='ltr'>κατά</span> <span class='ocrx_word' id='word_1_272' title='bbox 2731 734 2792 787; x_wconf 90' lang='lat' dir='ltr'><strong>rb</strong></span> <span class='ocrx_word' id='word_1_273' title='bbox 2835 733 3142 805; x_wconf 83' lang='grc' dir='ltr'><strong>προχείρως</strong></span> <span class='ocrx_word' id='word_1_274' title='bbox 3189 735 3501 804; x_wconf 85' lang='grc' dir='ltr'>νοούμενον.</span> <span class='ocrx_word' id='word_1_275' title='bbox 3542 734 3691 802; x_wconf 75' lang='grc' dir='ltr'>Φημὶ</span> 
     </span>
    </p>
   </div>
   <div class='ocr_carea' id='block_1_38' title="bbox 2119 822 3692 896">
    <p class='ocr_par' dir='ltr' id='par_1_38' title="bbox 2119 822 3692 896">
     <span class='ocr_line' id='line_1_38' title="bbox 2119 822 3692 896; baseline 0.002 -20"><span class='ocrx_word' id='word_1_276' title='bbox 2119 823 2295 892; x_wconf 87' lang='grc' dir='ltr'>κάγώ·</span> <span class='ocrx_word' id='word_1_277' title='bbox 2326 822 2443 877; x_wconf 84' lang='grc' dir='ltr'>ἀλλ’</span> <span class='ocrx_word' id='word_1_278' title='bbox 2482 825 2580 894; x_wconf 74' lang='grc' dir='ltr'><strong>οὐχ</strong></span> <span class='ocrx_word' id='word_1_279' title='bbox 2618 825 2753 894; x_wconf 84' lang='grc' dir='ltr'>ὅπερ</span> <span class='ocrx_word' id='word_1_280' title='bbox 2791 824 2884 877; x_wconf 78' lang='grc' dir='ltr'>ἐπὶ</span> <span class='ocrx_word' id='word_1_281' title='bbox 2937 825 3045 877; x_wconf 88' lang='grc' dir='ltr'><strong>τῶν</strong></span> <span class='ocrx_word' id='word_1_282' title='bbox 3097 826 3363 894; x_wconf 87' lang='grc' dir='ltr'>σωμάτων</span> <span class='ocrx_word' id='word_1_283' title='bbox 3396 826 3428 896; x_wconf 78' lang='grc' dir='ltr'><em>ἡ</em></span> <span class='ocrx_word' id='word_1_284' title='bbox 3461 824 3568 878; x_wconf 88' lang='grc' dir='ltr'><strong>τῶν</strong></span> <span class='ocrx_word' id='word_1_285' title='bbox 3597 825 3692 895; x_wconf 82' lang='grc' dir='ltr'><strong>ῥη-</strong></span> 
     </span>
    </p>
   </div>
   <div class='ocr_carea' id='block_1_39' title="bbox 2123 915 3690 986">
    <p class='ocr_par' dir='ltr' id='par_1_39' title="bbox 2123 915 3690 986">
     <span class='ocr_line' id='line_1_39' title="bbox 2123 915 3690 986; baseline -0.002 -16"><span class='ocrx_word' id='word_1_286' title='bbox 2123 918 2307 985; x_wconf 83' lang='grc' dir='ltr'><strong>μάτων</strong></span> <span class='ocrx_word' id='word_1_287' title='bbox 2349 916 2585 986; x_wconf 80' lang='grc' dir='ltr'>έμφασις</span> <span class='ocrx_word' id='word_1_288' title='bbox 2621 917 2896 982; x_wconf 87' lang='grc' dir='ltr'>δείκνυσι,</span> <span class='ocrx_word' id='word_1_289' title='bbox 2948 915 3106 969; x_wconf 89' lang='grc' dir='ltr'>τοῦτο</span> <span class='ocrx_word' id='word_1_290' title='bbox 3148 917 3242 968; x_wconf 76' lang='grc' dir='ltr'><strong>καὶ</strong></span> <span class='ocrx_word' id='word_1_291' title='bbox 3279 916 3372 968; x_wconf 75' lang='grc' dir='ltr'>ἐπὶ</span> <span class='ocrx_word' id='word_1_292' title='bbox 3413 916 3514 984; x_wconf 85' lang='grc' dir='ltr'>τῆς</span> <span class='ocrx_word' id='word_1_293' title='bbox 3547 915 3690 967; x_wconf 87' lang='grc' dir='ltr'>ἀσω-</span> 
     </span>
    </p>
   </div>
   <div class='ocr_carea' id='block_1_40' title="bbox 2125 1007 3692 1081">
    <p class='ocr_par' dir='ltr' id='par_1_40' title="bbox 2125 1007 3692 1081">
     <span class='ocr_line' id='line_1_40' title="bbox 2125 1007 3692 1081; baseline -0.004 -17"><span class='ocrx_word' id='word_1_294' title='bbox 2125 1011 2296 1081; x_wconf 87' lang='grc' dir='ltr'>μάτου</span> <span class='ocrx_word' id='word_1_295' title='bbox 2344 1010 2559 1080; x_wconf 84' lang='grc' dir='ltr'>φύσεως</span> <span class='ocrx_word' id='word_1_296' title='bbox 2621 1009 2815 1076; x_wconf 85' lang='grc' dir='ltr'>εὐαγές</span> <span class='ocrx_word' id='word_1_297' title='bbox 2865 1011 2980 1061; x_wconf 78' lang='grc' dir='ltr'>ἐστι</span> <span class='ocrx_word' id='word_1_298' title='bbox 3037 1007 3364 1076; x_wconf 79' lang='grc' dir='ltr'>λογίζεσθαι.</span> <span class='ocrx_word' id='word_1_299' title='bbox 3424 1007 3541 1060; x_wconf 85' lang='grc' dir='ltr'><strong>Ἐπ’</strong></span> <span class='ocrx_word' id='word_1_300' title='bbox 3596 1007 3692 1059; x_wconf 84' lang='grc' dir='ltr'>άν-</span> 
     </span>
    </p>
   </div>
   <div class='ocr_carea' id='block_1_41' title="bbox 2121 1093 3688 1173">
    <p class='ocr_par' dir='ltr' id='par_1_41' title="bbox 2121 1093 3688 1173">
     <span class='ocr_line' id='line_1_41' title="bbox 2121 1093 3688 1173; baseline -0.005 -18"><span class='ocrx_word' id='word_1_301' title='bbox 2121 1101 2339 1173; x_wconf 86' lang='grc' dir='ltr'>θρώπου</span> <span class='ocrx_word' id='word_1_302' title='bbox 2377 1102 2474 1171; x_wconf 82' lang='grc' dir='ltr'>μὲν</span> <span class='ocrx_word' id='word_1_303' title='bbox 2515 1100 2624 1171; x_wconf 84' lang='grc' dir='ltr'><strong>γὰρ</strong></span> <span class='ocrx_word' id='word_1_304' title='bbox 2656 1102 2688 1170; x_wconf 82' lang='grc' dir='ltr'><strong>ἡ</strong></span> <span class='ocrx_word' id='word_1_305' title='bbox 2733 1099 2992 1170; x_wconf 80' lang='grc' dir='ltr'><strong>καθέδρα,</strong></span> <span class='ocrx_word' id='word_1_306' title='bbox 3022 1097 3120 1168; x_wconf 79' lang='grc' dir='ltr'>τὴν</span> <span class='ocrx_word' id='word_1_307' title='bbox 3145 1098 3234 1150; x_wconf 76' lang='grc' dir='ltr'>ἐπὶ</span> <span class='ocrx_word' id='word_1_308' title='bbox 3269 1095 3348 1168; x_wconf 82' lang='grc' dir='ltr'>τῷ</span> <span class='ocrx_word' id='word_1_309' title='bbox 3403 1096 3558 1166; x_wconf 77' lang='grc' dir='ltr'>ἰσχίῳ</span> <span class='ocrx_word' id='word_1_310' title='bbox 3594 1093 3688 1147; x_wconf 78' lang='grc' dir='ltr'><strong>τοῦ</strong></span> 
     </span>
    </p>
   </div>
   <div class='ocr_carea' id='block_1_42' title="bbox 2122 1185 3691 1263">
    <p class='ocr_par' dir='ltr' id='par_1_42' title="bbox 2122 1185 3691 1263">
     <span class='ocr_line' id='line_1_42' title="bbox 2122 1185 3691 1263; baseline -0.005 -18"><span class='ocrx_word' id='word_1_311' title='bbox 2122 1192 2370 1263; x_wconf 84' lang='grc' dir='ltr'>σώματος</span> <span class='ocrx_word' id='word_1_312' title='bbox 2429 1191 2734 1262; x_wconf 82' lang='grc' dir='ltr'><strong>ὑπογράφει</strong></span> <span class='ocrx_word' id='word_1_313' title='bbox 2789 1190 2953 1242; x_wconf 88' lang='grc' dir='ltr'>θέσιν·</span> <span class='ocrx_word' id='word_1_314' title='bbox 3008 1189 3084 1252; x_wconf 85' lang='grc' dir='ltr'>ὡς</span> <span class='ocrx_word' id='word_1_315' title='bbox 3128 1188 3192 1242; x_wconf 84' lang='grc' dir='ltr'><strong>ἂν</strong></span> <span class='ocrx_word' id='word_1_316' title='bbox 3243 1188 3317 1258; x_wconf 83' lang='grc' dir='ltr'>μὴ</span> <span class='ocrx_word' id='word_1_317' title='bbox 3363 1187 3450 1240; x_wconf 82' lang='grc' dir='ltr'>διὰ</span> <span class='ocrx_word' id='word_1_318' title='bbox 3490 1185 3691 1248; x_wconf 83' lang='grc' dir='ltr'>παντὸς</span> 
     </span>
    </p>
   </div>
   <div class='ocr_carea' id='block_1_43' title="bbox 2117 1277 3690 1353">
    <p class='ocr_par' dir='ltr' id='par_1_43' title="bbox 2117 1277 3690 1353">
     <span class='ocr_line' id='line_1_43' title="bbox 2117 1277 3690 1353; baseline -0.003 -18"><span class='ocrx_word' id='word_1_319' title='bbox 2117 1283 2316 1353; x_wconf 76' lang='grc' dir='ltr'>κάμνοι</span> <span class='ocrx_word' id='word_1_320' title='bbox 2358 1283 2458 1352; x_wconf 82' lang='grc' dir='ltr'><strong>τῆς</strong></span> <span class='ocrx_word' id='word_1_321' title='bbox 2499 1281 2740 1352; x_wconf 82' lang='grc' dir='ltr'><strong>ἀγκύλης</strong></span> <span class='ocrx_word' id='word_1_322' title='bbox 2774 1283 2802 1333; x_wconf 98' lang='lat'><strong>6</strong></span> <span class='ocrx_word' id='word_1_323' title='bbox 2847 1281 3036 1343; x_wconf 84' lang='lat' dir='ltr'><strong>r6vo;,</strong></span> <span class='ocrx_word' id='word_1_324' title='bbox 3083 1279 3168 1347; x_wconf 77' lang='grc' dir='ltr'><strong>ἐφ’</strong></span> <span class='ocrx_word' id='word_1_325' title='bbox 3211 1278 3404 1332; x_wconf 75' lang='grc' dir='ltr'>ἑαυτοῦ</span> <span class='ocrx_word' id='word_1_326' title='bbox 3434 1277 3492 1330; x_wconf 98' lang='lat' dir='ltr'><strong>rb</strong></span> <span class='ocrx_word' id='word_1_327' title='bbox 3526 1277 3690 1346; x_wconf 84' lang='grc' dir='ltr'>βάρος</span> 
     </span>
    </p>
   </div>
   <div class='ocr_carea' id='block_1_44' title="bbox 2119 1367 3687 1444">
    <p class='ocr_par' dir='ltr' id='par_1_44' title="bbox 2119 1367 3687 1444">
     <span class='ocr_line' id='line_1_44' title="bbox 2119 1367 3687 1444; baseline -0.005 -17"><span class='ocrx_word' id='word_1_328' title='bbox 2119 1374 2326 1444; x_wconf 84' lang='grc' dir='ltr'><strong>ἀνέχων</strong></span> <span class='ocrx_word' id='word_1_329' title='bbox 2355 1373 2448 1426; x_wconf 87' lang='grc' dir='ltr'><strong>τοῦ</strong></span> <span class='ocrx_word' id='word_1_330' title='bbox 2485 1372 2756 1443; x_wconf 82' lang='grc' dir='ltr'>σώματος.</span> <span class='ocrx_word' id='word_1_331' title='bbox 2797 1372 2907 1425; x_wconf 78' lang='grc' dir='ltr'><strong>Καὶ</strong></span> <span class='ocrx_word' id='word_1_332' title='bbox 2939 1371 3001 1424; x_wconf 90' lang='lat' dir='ltr'><strong>rb</strong></span> <span class='ocrx_word' id='word_1_333' title='bbox 3035 1369 3266 1442; x_wconf 76' lang='grc' dir='ltr'>ἔμπαλιν</span> <span class='ocrx_word' id='word_1_334' title='bbox 3289 1371 3323 1440; x_wconf 74' lang='grc' dir='ltr'>ἡ</span> <span class='ocrx_word' id='word_1_335' title='bbox 3353 1368 3562 1430; x_wconf 81' lang='grc' dir='ltr'><strong>στάσις,</strong></span> <span class='ocrx_word' id='word_1_336' title='bbox 3591 1367 3687 1438; x_wconf 77' lang='grc' dir='ltr'><strong>δρ-</strong></span> 
     </span>
    </p>
   </div>
   <div class='ocr_carea' id='block_1_45' title="bbox 2121 1459 3686 1536">
    <p class='ocr_par' dir='ltr' id='par_1_45' title="bbox 2121 1459 3686 1536">
     <span class='ocr_line' id='line_1_45' title="bbox 2121 1459 3686 1536; baseline -0.006 -16"><span class='ocrx_word' id='word_1_337' title='bbox 2121 1466 2232 1520; x_wconf 89' lang='grc' dir='ltr'>θιον</span> <span class='ocrx_word' id='word_1_338' title='bbox 2261 1467 2352 1518; x_wconf 71' lang='grc' dir='ltr'>ἐπὶ</span> <span class='ocrx_word' id='word_1_339' title='bbox 2381 1466 2620 1535; x_wconf 84' lang='grc' dir='ltr'>γονάτων</span> <span class='ocrx_word' id='word_1_340' title='bbox 2655 1463 2942 1536; x_wconf 75' lang='grc' dir='ltr'>ἐρμηνεύει</span> <span class='ocrx_word' id='word_1_341' title='bbox 2975 1463 3064 1516; x_wconf 83' lang='grc' dir='ltr'><strong>τὸν</strong></span> <span class='ocrx_word' id='word_1_342' title='bbox 3113 1461 3415 1533; x_wconf 77' lang='grc' dir='ltr'>ἄνθρωπον,</span> <span class='ocrx_word' id='word_1_343' title='bbox 3450 1459 3552 1512; x_wconf 80' lang='grc' dir='ltr'>οὐκ</span> <span class='ocrx_word' id='word_1_344' title='bbox 3597 1459 3686 1511; x_wconf 73' lang='grc' dir='ltr'><strong>ἐπ’</strong></span> 
     </span>
    </p>
   </div>
   <div class='ocr_carea' id='block_1_46' title="bbox 2123 1551 3688 1627">
    <p class='ocr_par' dir='ltr' id='par_1_46' title="bbox 2123 1551 3688 1627">
     <span class='ocr_line' id='line_1_46' title="bbox 2123 1551 3688 1627; baseline -0.004 -18"><span class='ocrx_word' id='word_1_345' title='bbox 2123 1557 2278 1627; x_wconf 86' lang='grc' dir='ltr'>ίσχίῳ</span> <span class='ocrx_word' id='word_1_346' title='bbox 2320 1557 2408 1610; x_wconf 82' lang='grc' dir='ltr'><strong>διὰ</strong></span> <span class='ocrx_word' id='word_1_347' title='bbox 2463 1555 2733 1624; x_wconf 83' lang='grc' dir='ltr'>καθέδρας</span> <span class='ocrx_word' id='word_1_348' title='bbox 2765 1553 3191 1624; x_wconf 83' lang='grc' dir='ltr'>ἀναπαυόμενον.</span> <span class='ocrx_word' id='word_1_349' title='bbox 3237 1552 3360 1605; x_wconf 74' lang='grc' dir='ltr'><strong>Ἐπὶ</strong></span> <span class='ocrx_word' id='word_1_350' title='bbox 3415 1551 3472 1604; x_wconf 81' lang='grc' dir='ltr'><strong>δὲ</strong></span> <span class='ocrx_word' id='word_1_351' title='bbox 3520 1551 3688 1620; x_wconf 80' lang='grc' dir='ltr'>ὑπερ-</span> 
     </span>
    </p>
   </div>
   <div class='ocr_carea' id='block_1_47' title="bbox 2120 1641 3688 1721">
    <p class='ocr_par' dir='ltr' id='par_1_47' title="bbox 2120 1641 3688 1721">
     <span class='ocr_line' id='line_1_47' title="bbox 2120 1641 3688 1721; baseline -0.006 -18"><span class='ocrx_word' id='word_1_352' title='bbox 2120 1650 2348 1721; x_wconf 89' lang='grc' dir='ltr'>εχούσης</span> <span class='ocrx_word' id='word_1_353' title='bbox 2381 1648 2613 1718; x_wconf 71' lang='grc' dir='ltr'>φύσεως,</span> <span class='ocrx_word' id='word_1_354' title='bbox 2646 1647 2938 1718; x_wconf 82' lang='grc' dir='ltr'>καθαρεύει</span> <span class='ocrx_word' id='word_1_355' title='bbox 2961 1645 3068 1699; x_wconf 88' lang='grc' dir='ltr'><strong>τῶν</strong></span> <span class='ocrx_word' id='word_1_356' title='bbox 3108 1644 3362 1698; x_wconf 83' lang='grc' dir='ltr'>τοιούτων</span> <span class='ocrx_word' id='word_1_357' title='bbox 3399 1641 3688 1712; x_wconf 84' lang='grc' dir='ltr'>νοημάτων</span> 
     </span>
    </p>
   </div>
   <div class='ocr_carea' id='block_1_48' title="bbox 2115 1729 3689 1811">
    <p class='ocr_par' dir='ltr' id='par_1_48' title="bbox 2115 1729 3689 1811">
     <span class='ocr_line' id='line_1_48' title="bbox 2115 1729 3689 1811; baseline -0.008 -17"><span class='ocrx_word' id='word_1_358' title='bbox 2115 1745 2149 1811; x_wconf 82' lang='grc' dir='ltr'><strong>ἡ</strong></span> <span class='ocrx_word' id='word_1_359' title='bbox 2174 1739 2407 1810; x_wconf 83' lang='grc' dir='ltr'>καθέδρα</span> <span class='ocrx_word' id='word_1_360' title='bbox 2431 1757 2489 1793; x_wconf 90' lang='grc' dir='ltr'><strong>τε</strong></span> <span class='ocrx_word' id='word_1_361' title='bbox 2518 1740 2610 1792; x_wconf 76' lang='grc' dir='ltr'>καὶ</span> <span class='ocrx_word' id='word_1_362' title='bbox 2635 1741 2671 1800; x_wconf 83' lang='grc' dir='ltr'>ἠ</span> <span class='ocrx_word' id='word_1_363' title='bbox 2697 1739 2904 1803; x_wconf 84' lang='grc' dir='ltr'>στάσις,</span> <span class='ocrx_word' id='word_1_364' title='bbox 2939 1736 3132 1808; x_wconf 77' lang='grc' dir='ltr'>ἐπίσης</span> <span class='ocrx_word' id='word_1_365' title='bbox 3159 1735 3395 1805; x_wconf 80' lang='grc' dir='ltr'>ἑκατέρα</span> <span class='ocrx_word' id='word_1_366' title='bbox 3423 1732 3521 1802; x_wconf 83' lang='grc' dir='ltr'>τῆς</span> <span class='ocrx_word' id='word_1_367' title='bbox 3548 1729 3689 1784; x_wconf 82' lang='grc' dir='ltr'>κατά</span> 
     </span>
    </p>
   </div>
   <div class='ocr_carea' id='block_1_49' title="bbox 2115 1822 3685 1902">
    <p class='ocr_par' dir='ltr' id='par_1_49' title="bbox 2115 1822 3685 1902">
     <span class='ocr_line' id='line_1_49' title="bbox 2115 1822 3685 1902; baseline -0.007 -17"><span class='ocrx_word' id='word_1_368' title='bbox 2115 1832 2178 1886; x_wconf 88' lang='lat' dir='ltr'><strong>rb</strong></span> <span class='ocrx_word' id='word_1_369' title='bbox 2242 1832 2533 1902; x_wconf 90' lang='grc' dir='ltr'>πρόχειρον</span> <span class='ocrx_word' id='word_1_370' title='bbox 2585 1830 2880 1900; x_wconf 82' lang='grc' dir='ltr'>νοουμένης</span> <span class='ocrx_word' id='word_1_371' title='bbox 2942 1826 3232 1898; x_wconf 79' lang='grc' dir='ltr'>ἐμφάσεως</span> <span class='ocrx_word' id='word_1_372' title='bbox 3286 1822 3685 1895; x_wconf 78' lang='grc' dir='ltr'>κεχωρισμένη.</span> 
     </span>
    </p>
   </div>
   <div class='ocr_carea' id='block_1_50' title="bbox 2118 1913 3689 1993">
    <p class='ocr_par' dir='ltr' id='par_1_50' title="bbox 2118 1913 3689 1993">
     <span class='ocr_line' id='line_1_50' title="bbox 2118 1913 3689 1993; baseline -0.006 -17"><span class='ocrx_word' id='word_1_373' title='bbox 2118 1921 2254 1976; x_wconf 80' lang='grc' dir='ltr'>υύτε</span> <span class='ocrx_word' id='word_1_374' title='bbox 2280 1922 2388 1993; x_wconf 84' lang='grc' dir='ltr'>γὰρ</span> <span class='ocrx_word' id='word_1_375' title='bbox 2415 1922 2512 1993; x_wconf 83' lang='grc' dir='ltr'><strong>τὴν</strong></span> <span class='ocrx_word' id='word_1_376' title='bbox 2535 1923 2620 1975; x_wconf 75' lang='grc' dir='ltr'><strong>ἐπ’</strong></span> <span class='ocrx_word' id='word_1_377' title='bbox 2644 1920 2850 1992; x_wconf 78' lang='grc' dir='ltr'>ἀγκύλῃ</span> <span class='ocrx_word' id='word_1_378' title='bbox 2886 1919 3074 1973; x_wconf 88' lang='grc' dir='ltr'>στάσιν</span> <span class='ocrx_word' id='word_1_379' title='bbox 3099 1917 3194 1971; x_wconf 89' lang='grc' dir='ltr'><strong>τοῦ</strong></span> <span class='ocrx_word' id='word_1_380' title='bbox 3222 1916 3538 1986; x_wconf 88' lang='grc' dir='ltr'>ἀσωμάτου,</span> <span class='ocrx_word' id='word_1_381' title='bbox 3562 1913 3689 1968; x_wconf 77' lang='grc' dir='ltr'>οὔτε</span> 
     </span>
    </p>
   </div>
   <div class='ocr_carea' id='block_1_51' title="bbox 2116 2007 3690 2086">
    <p class='ocr_par' dir='ltr' id='par_1_51' title="bbox 2116 2007 3690 2086">
     <span class='ocr_line' id='line_1_51' title="bbox 2116 2007 3690 2086; baseline -0.005 -19"><span class='ocrx_word' id='word_1_382' title='bbox 2116 2013 2214 2086; x_wconf 82' lang='grc' dir='ltr'>τὴν</span> <span class='ocrx_word' id='word_1_383' title='bbox 2242 2015 2335 2067; x_wconf 74' lang='grc' dir='ltr'>ἐπὶ</span> <span class='ocrx_word' id='word_1_384' title='bbox 2366 2015 2518 2084; x_wconf 87' lang='grc' dir='ltr'>ίσχίῳ</span> <span class='ocrx_word' id='word_1_385' title='bbox 2550 2014 2866 2086; x_wconf 82' lang='grc' dir='ltr'>καθίδρυσιν</span> <span class='ocrx_word' id='word_1_386' title='bbox 2893 2010 2986 2066; x_wconf 87' lang='grc' dir='ltr'><strong>τοῦ</strong></span> <span class='ocrx_word' id='word_1_387' title='bbox 3009 2010 3414 2081; x_wconf 83' lang='grc' dir='ltr'>ἀσχηματίστου</span> <span class='ocrx_word' id='word_1_388' title='bbox 3441 2007 3690 2079; x_wconf 86' lang='grc' dir='ltr'>παραλη-</span> 
     </span>
    </p>
   </div>
   <div class='ocr_carea' id='block_1_52' title="bbox 2115 2097 3690 2176">
    <p class='ocr_par' dir='ltr' id='par_1_52' title="bbox 2115 2097 3690 2176">
     <span class='ocr_line' id='line_1_52' title="bbox 2115 2097 3690 2176; baseline -0.006 -17"><span class='ocrx_word' id='word_1_389' title='bbox 2115 2107 2347 2176; x_wconf 77' lang='grc' dir='ltr'>ψόμεθσ.</span> <span class='ocrx_word' id='word_1_390' title='bbox 2421 2105 2582 2159; x_wconf 85' lang='grc' dir='ltr'>Ἀλλά</span> <span class='ocrx_word' id='word_1_391' title='bbox 2625 2105 2691 2157; x_wconf 88' lang='grc' dir='ltr'><strong>δι’</strong></span> <span class='ocrx_word' id='word_1_392' title='bbox 2757 2104 3023 2174; x_wconf 79' lang='grc' dir='ltr'>ἑκατέρας</span> <span class='ocrx_word' id='word_1_393' title='bbox 3079 2101 3263 2171; x_wconf 86' lang='grc' dir='ltr'>φωνῆς</span> <span class='ocrx_word' id='word_1_394' title='bbox 3307 2100 3368 2152; x_wconf 88' lang='lat' dir='ltr'><strong>rb</strong></span> <span class='ocrx_word' id='word_1_395' title='bbox 3426 2100 3485 2152; x_wconf 84' lang='grc' dir='ltr'>έν</span> <span class='ocrx_word' id='word_1_396' title='bbox 3526 2097 3690 2151; x_wconf 76' lang='grc' dir='ltr'>παντὶ</span> 
     </span>
    </p>
   </div>
   <div class='ocr_carea' id='block_1_53' title="bbox 2119 2186 3688 2266">
    <p class='ocr_par' dir='ltr' id='par_1_53' title="bbox 2119 2186 3688 2266">
     <span class='ocr_line' id='line_1_53' title="bbox 2119 2186 3688 2266; baseline -0.007 -16"><span class='ocrx_word' id='word_1_397' title='bbox 2119 2195 2306 2266; x_wconf 88' lang='grc' dir='ltr'><strong>ἀγαθῷ</strong></span> <span class='ocrx_word' id='word_1_398' title='bbox 2338 2197 2618 2266; x_wconf 89' lang='grc' dir='ltr'>στάσιμον,</span> <span class='ocrx_word' id='word_1_399' title='bbox 2658 2196 2752 2248; x_wconf 79' lang='grc' dir='ltr'><strong>καὶ</strong></span> <span class='ocrx_word' id='word_1_400' title='bbox 2783 2195 2841 2246; x_wconf 78' lang='grc' dir='ltr'>έν</span> <span class='ocrx_word' id='word_1_401' title='bbox 2882 2193 3045 2247; x_wconf 70' lang='grc' dir='ltr'>παντὶ</span> <span class='ocrx_word' id='word_1_402' title='bbox 3071 2189 3422 2263; x_wconf 86' lang='grc' dir='ltr'>ἀμετάθετον,</span> <span class='ocrx_word' id='word_1_403' title='bbox 3449 2186 3688 2249; x_wconf 78' lang='grc' dir='ltr'>εὐσεϐῶς</span> 
     </span>
    </p>
   </div>
   <div class='ocr_carea' id='block_1_54' title="bbox 2116 2277 3687 2356">
    <p class='ocr_par' dir='ltr' id='par_1_54' title="bbox 2116 2277 3687 2356">
     <span class='ocr_line' id='line_1_54' title="bbox 2116 2277 3687 2356; baseline -0.007 -18"><span class='ocrx_word' id='word_1_404' title='bbox 2116 2286 2400 2356; x_wconf 76' lang='grc' dir='ltr'>νοήσομεν.</span> <span class='ocrx_word' id='word_1_405' title='bbox 2426 2285 2494 2337; x_wconf 88' lang='grc' dir='ltr'>Ὅ</span> <span class='ocrx_word' id='word_1_406' title='bbox 2519 2301 2576 2336; x_wconf 91' lang='grc' dir='ltr'><strong>τε</strong></span> <span class='ocrx_word' id='word_1_407' title='bbox 2607 2283 2715 2354; x_wconf 90' lang='grc' dir='ltr'><strong>γάρ</strong></span> <span class='ocrx_word' id='word_1_408' title='bbox 2749 2283 2967 2336; x_wconf 80' lang='grc' dir='ltr'>ἑστάναι</span> <span class='ocrx_word' id='word_1_409' title='bbox 2997 2283 3134 2336; x_wconf 73' lang='grc' dir='ltr'><strong>καὶὸ</strong></span> <span class='ocrx_word' id='word_1_410' title='bbox 3156 2281 3428 2352; x_wconf 83' lang='grc' dir='ltr'>καθῆσθαι</span> <span class='ocrx_word' id='word_1_411' title='bbox 3454 2279 3514 2331; x_wconf 90' lang='lat' dir='ltr'><strong>rb</strong></span> <span class='ocrx_word' id='word_1_412' title='bbox 3533 2277 3687 2330; x_wconf 83' lang='grc' dir='ltr'>Θείον</span> 
     </span>
    </p>
   </div>
   <div class='ocr_carea' id='block_1_55' title="bbox 2117 2371 3688 2446">
    <p class='ocr_par' dir='ltr' id='par_1_55' title="bbox 2117 2371 3688 2446">
     <span class='ocr_line' id='line_1_55' title="bbox 2117 2371 3688 2446; baseline -0.005 -18"><span class='ocrx_word' id='word_1_413' title='bbox 2117 2377 2308 2445; x_wconf 86' lang='grc' dir='ltr'>λέγων,</span> <span class='ocrx_word' id='word_1_414' title='bbox 2347 2376 2498 2429; x_wconf 79' lang='grc' dir='ltr'>οὐδὲν</span> <span class='ocrx_word' id='word_1_415' title='bbox 2525 2375 2662 2446; x_wconf 79' lang='grc' dir='ltr'>πρὸς</span> <span class='ocrx_word' id='word_1_416' title='bbox 2687 2375 2950 2445; x_wconf 87' lang='grc' dir='ltr'>ἀλλήλους</span> <span class='ocrx_word' id='word_1_417' title='bbox 2972 2377 3028 2428; x_wconf 84' lang='grc' dir='ltr'>ὲν</span> <span class='ocrx_word' id='word_1_418' title='bbox 3053 2377 3119 2446; x_wconf 79' lang='grc' dir='ltr'>τῇ</span> <span class='ocrx_word' id='word_1_419' title='bbox 3150 2375 3259 2428; x_wconf 91' lang='grc' dir='ltr'><strong>τῶν</strong></span> <span class='ocrx_word' id='word_1_420' title='bbox 3284 2373 3542 2444; x_wconf 73' lang='grc' dir='ltr'>ῥημάτων</span> <span class='ocrx_word' id='word_1_421' title='bbox 3572 2371 3688 2422; x_wconf 80' lang='grc' dir='ltr'>ἐτε-</span> 
     </span>
    </p>
   </div>
   <div class='ocr_carea' id='block_1_56' title="bbox 2119 2461 3686 2540">
    <p class='ocr_par' dir='ltr' id='par_1_56' title="bbox 2119 2461 3686 2540">
     <span class='ocr_line' id='line_1_56' title="bbox 2119 2461 3686 2540; baseline -0.006 -19"><span class='ocrx_word' id='word_1_422' title='bbox 2119 2469 2306 2540; x_wconf 88' lang='grc' dir='ltr'>ρότητι</span> <span class='ocrx_word' id='word_1_423' title='bbox 2329 2467 2460 2537; x_wconf 73' lang='grc' dir='ltr'>περὶ</span> <span class='ocrx_word' id='word_1_424' title='bbox 2491 2467 2584 2519; x_wconf 83' lang='grc' dir='ltr'><strong>τὸν</strong></span> <span class='ocrx_word' id='word_1_425' title='bbox 2631 2466 2757 2520; x_wconf 88' lang='grc' dir='ltr'>νοῦν</span> <span class='ocrx_word' id='word_1_426' title='bbox 2816 2467 3182 2538; x_wconf 75' lang='grc' dir='ltr'>διαφέρονταιο</span> <span class='ocrx_word' id='word_1_427' title='bbox 3209 2468 3238 2519; x_wconf 91' lang='lat'><strong>6</strong></span> <span class='ocrx_word' id='word_1_428' title='bbox 3266 2467 3362 2534; x_wconf 85' lang='grc' dir='ltr'>μὲν</span> <span class='ocrx_word' id='word_1_429' title='bbox 3391 2461 3686 2533; x_wconf 79' lang='grc' dir='ltr'>βεϐηκέναι</span> 
     </span>
    </p>
   </div>
   <div class='ocr_carea' id='block_1_57' title="bbox 2119 2552 3689 2628">
    <p class='ocr_par' dir='ltr' id='par_1_57' title="bbox 2119 2552 3689 2628">
     <span class='ocr_line' id='line_1_57' title="bbox 2119 2552 3689 2628; baseline -0.004 -18"><span class='ocrx_word' id='word_1_430' title='bbox 2119 2558 2365 2626; x_wconf 84' lang='grc' dir='ltr'>παγίως,</span> <span class='ocrx_word' id='word_1_431' title='bbox 2403 2560 2432 2612; x_wconf 93' lang='lat'><strong>6</strong></span> <span class='ocrx_word' id='word_1_432' title='bbox 2463 2557 2521 2610; x_wconf 81' lang='grc' dir='ltr'><strong>δὲ</strong></span> <span class='ocrx_word' id='word_1_433' title='bbox 2561 2556 2912 2628; x_wconf 90' lang='grc' dir='ltr'>καθιδρύσθαι</span> <span class='ocrx_word' id='word_1_434' title='bbox 2952 2555 3300 2628; x_wconf 84' lang='grc' dir='ltr'>ἀμεταθέτως</span> <span class='ocrx_word' id='word_1_435' title='bbox 3335 2555 3397 2608; x_wconf 87' lang='lat' dir='ltr'><strong>rb</strong></span> <span class='ocrx_word' id='word_1_436' title='bbox 3433 2554 3588 2606; x_wconf 81' lang='grc' dir='ltr'>Θεῖον</span> <span class='ocrx_word' id='word_1_437' title='bbox 3629 2552 3689 2604; x_wconf 77' lang='grc' dir='ltr'>ὲν</span> 
     </span>
    </p>
   </div>
   <div class='ocr_carea' id='block_1_58' title="bbox 2115 2645 3690 2720">
    <p class='ocr_par' dir='ltr' id='par_1_58' title="bbox 2115 2645 3690 2720">
     <span class='ocr_line' id='line_1_58' title="bbox 2115 2645 3690 2720; baseline -0.003 -20"><span class='ocrx_word' id='word_1_438' title='bbox 2115 2648 2196 2718; x_wconf 81' lang='grc' dir='ltr'>τῷ</span> <span class='ocrx_word' id='word_1_439' title='bbox 2251 2648 2441 2719; x_wconf 85' lang='grc' dir='ltr'>ἀγαθῷ</span> <span class='ocrx_word' id='word_1_440' title='bbox 2491 2645 2923 2718; x_wconf 78' lang='grc' dir='ltr'>δογματίζοντες.</span> <span class='ocrx_word' id='word_1_441' title='bbox 2969 2648 3180 2720; x_wconf 78' lang='grc' dir='ltr'>Ὥσπερ</span> <span class='ocrx_word' id='word_1_442' title='bbox 3228 2647 3285 2700; x_wconf 82' lang='grc' dir='ltr'><strong>δὲ</strong></span> <span class='ocrx_word' id='word_1_443' title='bbox 3328 2648 3356 2699; x_wconf 92' lang='lat'><strong>6</strong></span> <span class='ocrx_word' id='word_1_444' title='bbox 3405 2646 3690 2716; x_wconf 82' lang='grc' dir='ltr'>προφήτης</span> 
     </span>
    </p>
   </div>
   <div class='ocr_carea' id='block_1_59' title="bbox 2117 2732 3689 2808">
    <p class='ocr_par' dir='ltr' id='par_1_59' title="bbox 2117 2732 3689 2808">
     <span class='ocr_line' id='line_1_59' title="bbox 2117 2732 3689 2808; baseline -0.004 -16"><span class='ocrx_word' id='word_1_445' title='bbox 2117 2740 2300 2804; x_wconf 71' lang='grc' dir='ltr'><strong>Δαϐὶδ,</strong></span> <span class='ocrx_word' id='word_1_446' title='bbox 2326 2742 2420 2793; x_wconf 75' lang='grc' dir='ltr'><strong>καὶ</strong></span> <span class='ocrx_word' id='word_1_447' title='bbox 2446 2742 2475 2794; x_wconf 92' lang='lat'><strong>6</strong></span> <span class='ocrx_word' id='word_1_448' title='bbox 2497 2741 2790 2804; x_wconf 88' lang='grc' dir='ltr'>ἀπόστολος</span> <span class='ocrx_word' id='word_1_449' title='bbox 2820 2740 3050 2804; x_wconf 86' lang='grc' dir='ltr'>Παῦλος,</span> <span class='ocrx_word' id='word_1_450' title='bbox 3089 2739 3187 2808; x_wconf 82' lang='grc' dir='ltr'>τὴν</span> <span class='ocrx_word' id='word_1_451' title='bbox 3220 2736 3314 2790; x_wconf 90' lang='grc' dir='ltr'><strong>τοῦ</strong></span> <span class='ocrx_word' id='word_1_452' title='bbox 3349 2732 3689 2803; x_wconf 86' lang='grc' dir='ltr'>Μονογενοῦς</span> 
     </span>
    </p>
   </div>
   <div class='ocr_carea' id='block_1_60' title="bbox 2119 2824 3689 2901">
    <p class='ocr_par' dir='ltr' id='par_1_60' title="bbox 2119 2824 3689 2901">
     <span class='ocr_line' id='line_1_60' title="bbox 2119 2824 3689 2901; baseline -0.005 -17"><span class='ocrx_word' id='word_1_453' title='bbox 2119 2830 2385 2901; x_wconf 85' lang='grc' dir='ltr'>καθέδραν</span> <span class='ocrx_word' id='word_1_454' title='bbox 2421 2832 2479 2883; x_wconf 81' lang='grc' dir='ltr'>ὲν</span> <span class='ocrx_word' id='word_1_455' title='bbox 2525 2834 2634 2894; x_wconf 79' lang='grc' dir='ltr'>τοῖς</span> <span class='ocrx_word' id='word_1_456' title='bbox 2665 2831 2787 2883; x_wconf 79' lang='grc' dir='ltr'>καθ’</span> <span class='ocrx_word' id='word_1_457' title='bbox 2823 2830 3012 2883; x_wconf 80' lang='grc' dir='ltr'>ἑαυτὸν</span> <span class='ocrx_word' id='word_1_458' title='bbox 3049 2829 3307 2900; x_wconf 81' lang='grc' dir='ltr'>ἑκάτερος</span> <span class='ocrx_word' id='word_1_459' title='bbox 3358 2827 3538 2895; x_wconf 83' lang='grc' dir='ltr'>λόγοις</span> <span class='ocrx_word' id='word_1_460' title='bbox 3609 2824 3689 2878; x_wconf 69' lang='grc' dir='ltr'>διο</span> 
     </span>
    </p>
   </div>
   <div class='ocr_carea' id='block_1_61' title="bbox 2117 2917 3688 2990">
    <p class='ocr_par' dir='ltr' id='par_1_61' title="bbox 2117 2917 3688 2990">
     <span class='ocr_line' id='line_1_61' title="bbox 2117 2917 3688 2990; baseline -0.003 -18"><span class='ocrx_word' id='word_1_461' title='bbox 2117 2920 2410 2990; x_wconf 84' lang='grc' dir='ltr'>ηγούμενοι</span> <span class='ocrx_word' id='word_1_462' title='bbox 2435 2922 2533 2974; x_wconf 83' lang='grc' dir='ltr'>οὐκ</span> <span class='ocrx_word' id='word_1_463' title='bbox 2560 2921 2766 2976; x_wconf 73' lang='grc' dir='ltr'>ἔδωκαν</span> <span class='ocrx_word' id='word_1_464' title='bbox 2789 2923 2948 2984; x_wconf 81' lang='grc' dir='ltr'>νοεῖν,</span> <span class='ocrx_word' id='word_1_465' title='bbox 2975 2921 3055 2974; x_wconf 84' lang='grc' dir='ltr'>ὅτι</span> <span class='ocrx_word' id='word_1_466' title='bbox 3078 2919 3170 2973; x_wconf 90' lang='grc' dir='ltr'><strong>τοῦ</strong></span> <span class='ocrx_word' id='word_1_467' title='bbox 3198 2918 3408 2989; x_wconf 77' lang='grc' dir='ltr'>Πατρδς</span> <span class='ocrx_word' id='word_1_468' title='bbox 3429 2917 3688 2984; x_wconf 78' lang='grc' dir='ltr'>ἑστῶτος,</span> 
     </span>
    </p>
   </div>
   <div class='ocr_carea' id='block_1_62' title="bbox 451 3005 2014 3104">
    <p class='ocr_par' dir='ltr' id='par_1_62' title="bbox 451 3005 2014 3080">
     <span class='ocr_line' id='line_1_62' title="bbox 451 3005 2014 3080; baseline 0.007 -18"><span class='ocrx_word' id='word_1_469' title='bbox 451 3011 591 3066; x_wconf 79' lang='lat' dir='ltr'><strong>inter</strong></span> <span class='ocrx_word' id='word_1_470' title='bbox 619 3021 678 3062; x_wconf 87' lang='lat' dir='ltr'><strong>se</strong></span> <span class='ocrx_word' id='word_1_471' title='bbox 696 3005 979 3061; x_wconf 76' lang='lat' dir='ltr'><strong>diﬂerunt:</strong></span> <span class='ocrx_word' id='word_1_472' title='bbox 999 3008 1312 3078; x_wconf 86' lang='lat' dir='ltr'><strong>illequidem</strong></span> <span class='ocrx_word' id='word_1_473' title='bbox 1336 3010 1564 3067; x_wconf 90' lang='lat' dir='ltr'><strong>ﬁrmiter</strong></span> <span class='ocrx_word' id='word_1_474' title='bbox 1591 3023 1758 3080; x_wconf 89' lang='lat' dir='ltr'><strong>stare,</strong></span> <span class='ocrx_word' id='word_1_475' title='bbox 1777 3017 1864 3072; x_wconf 93' lang='lat' dir='ltr'><strong>hic</strong></span> <span class='ocrx_word' id='word_1_476' title='bbox 1885 3033 2014 3073; x_wconf 89' lang='lat' dir='ltr'><strong>vero</strong></span> 
     </span>
    </p>
   </div>
   <div class='ocr_carea' id='block_1_63' title="bbox 2118 3005 3689 3104">
    <p class='ocr_par' dir='ltr' id='par_1_63' title="bbox 2122 3005 3689 3081">
     <span class='ocr_line' id='line_1_63' title="bbox 2122 3005 3689 3081; baseline -0.003 -20"><span class='ocrx_word' id='word_1_477' title='bbox 2122 3009 2151 3061; x_wconf 88' lang='lat'><strong>6</strong></span> <span class='ocrx_word' id='word_1_478' title='bbox 2179 3009 2305 3071; x_wconf 75' lang='grc' dir='ltr'>Υἱὸς</span> <span class='ocrx_word' id='word_1_479' title='bbox 2335 3009 2391 3062; x_wconf 81' lang='grc' dir='ltr'>ἐν</span> <span class='ocrx_word' id='word_1_480' title='bbox 2419 3009 2654 3081; x_wconf 81' lang='grc' dir='ltr'>καθέδρᾳ</span> <span class='ocrx_word' id='word_1_481' title='bbox 2678 3009 2814 3073; x_wconf 75' lang='grc' dir='ltr'>ἐστὶ,</span> <span class='ocrx_word' id='word_1_482' title='bbox 2843 3010 3020 3062; x_wconf 90' lang='grc' dir='ltr'>καίτοι</span> <span class='ocrx_word' id='word_1_483' title='bbox 3043 3025 3108 3078; x_wconf 86' lang='grc' dir='ltr'><strong>γε</strong></span> <span class='ocrx_word' id='word_1_484' title='bbox 3141 3008 3306 3079; x_wconf 84' lang='grc' dir='ltr'>μόνης</span> <span class='ocrx_word' id='word_1_485' title='bbox 3361 3005 3689 3078; x_wconf 79' lang='grc' dir='ltr'>μνησθέντες</span> 
     </span>
    </p>
   </div>
   <div class='ocr_carea' id='block_1_64' title="bbox 443 3099 2017 3166">
    <p class='ocr_par' dir='ltr' id='par_1_64' title="bbox 443 3099 2017 3166">
     <span class='ocr_line' id='line_1_64' title="bbox 443 3099 2017 3166; baseline 0.008 -13"><span class='ocrx_word' id='word_1_486' title='bbox 443 3099 861 3154; x_wconf 86' lang='lat' dir='ltr'><strong>immutabilitcr</strong></span> <span class='ocrx_word' id='word_1_487' title='bbox 883 3100 1241 3154; x_wconf 86' lang='lat' dir='ltr'><strong>constitutum</strong></span> <span class='ocrx_word' id='word_1_488' title='bbox 1265 3111 1318 3156; x_wconf 91' lang='lat' dir='ltr'><strong>et</strong></span> <span class='ocrx_word' id='word_1_489' title='bbox 1341 3105 1395 3156; x_wconf 90' lang='lat' dir='ltr'><strong>in</strong></span> <span class='ocrx_word' id='word_1_490' title='bbox 1421 3104 1562 3159; x_wconf 88' lang='lat' dir='ltr'><strong>bono</strong></span> <span class='ocrx_word' id='word_1_491' title='bbox 1580 3105 1862 3162; x_wconf 80' lang='lat' dir='ltr'><strong>fundatum</strong></span> <span class='ocrx_word' id='word_1_492' title='bbox 1894 3125 2017 3166; x_wconf 87' lang='lat' dir='ltr'><strong>esse</strong></span> 
     </span>
    </p>
   </div>
   <div class='ocr_carea' id='block_1_65' title="bbox 446 3189 2014 3260">
    <p class='ocr_par' dir='ltr' id='par_1_65' title="bbox 446 3189 2014 3260">
     <span class='ocr_line' id='line_1_65' title="bbox 446 3189 2014 3260; baseline 0.008 -16"><span class='ocrx_word' id='word_1_493' title='bbox 446 3206 649 3245; x_wconf 89' lang='lat' dir='ltr'><strong>numen</strong></span> <span class='ocrx_word' id='word_1_494' title='bbox 690 3189 938 3244; x_wconf 90' lang='lat' dir='ltr'><strong>divinum</strong></span> <span class='ocrx_word' id='word_1_495' title='bbox 983 3201 1288 3247; x_wconf 88' lang='lat' dir='ltr'><strong>censentes.</strong></span> <span class='ocrx_word' id='word_1_496' title='bbox 1327 3192 1792 3260; x_wconf 84' lang='lat' dir='ltr'><strong>Quemadmodum</strong></span> <span class='ocrx_word' id='word_1_497' title='bbox 1832 3209 2014 3256; x_wconf 75' lang='lat' dir='ltr'><strong>autem</strong></span> 
     </span>
    </p>
   </div>
   <div class='ocr_carea' id='block_1_66' title="bbox 445 3281 2012 3352">
    <p class='ocr_par' dir='ltr' id='par_1_66' title="bbox 445 3281 2012 3352">
     <span class='ocr_line' id='line_1_66' title="bbox 445 3281 2012 3352; baseline 0.006 -17"><span class='ocrx_word' id='word_1_498' title='bbox 445 3284 712 3351; x_wconf 86' lang='lat' dir='ltr'><strong>propheta</strong></span> <span class='ocrx_word' id='word_1_499' title='bbox 741 3281 910 3336; x_wconf 84' lang='lat' dir='ltr'><strong>David</strong></span> <span class='ocrx_word' id='word_1_500' title='bbox 925 3282 970 3314; x_wconf 76' lang='grc' dir='ltr'><strong>⁸ο</strong></span> <span class='ocrx_word' id='word_1_501' title='bbox 987 3293 1037 3336; x_wconf 93' lang='lat' dir='ltr'><strong>et</strong></span> <span class='ocrx_word' id='word_1_502' title='bbox 1058 3284 1336 3352; x_wconf 86' lang='lat' dir='ltr'><strong>apostolus</strong></span> <span class='ocrx_word' id='word_1_503' title='bbox 1354 3283 1555 3340; x_wconf 86' lang='lat' dir='ltr'><strong>Paulus</strong></span> <span class='ocrx_word' id='word_1_504' title='bbox 1577 3287 1619 3318; x_wconf 77' lang='lat'><strong>”</strong></span> <span class='ocrx_word' id='word_1_505' title='bbox 1651 3289 1704 3342; x_wconf 93' lang='lat' dir='ltr'><strong>in</strong></span> <span class='ocrx_word' id='word_1_506' title='bbox 1735 3291 1850 3345; x_wconf 89' lang='lat' dir='ltr'><strong>suis</strong></span> <span class='ocrx_word' id='word_1_507' title='bbox 1868 3299 2012 3346; x_wconf 88' lang='lat' dir='ltr'><strong>uter-</strong></span> 
     </span>
    </p>
   </div>
   <div class='ocr_carea' id='block_1_67' title="bbox 445 3371 2017 3445">
    <p class='ocr_par' dir='ltr' id='par_1_67' title="bbox 445 3371 2017 3445">
     <span class='ocr_line' id='line_1_67' title="bbox 445 3371 2017 3445; baseline 0.005 -17"><span class='ocrx_word' id='word_1_508' title='bbox 445 3389 552 3445; x_wconf 85' lang='lat' dir='ltr'><strong>que</strong></span> <span class='ocrx_word' id='word_1_509' title='bbox 568 3372 790 3442; x_wconf 85' lang='lat' dir='ltr'><strong>scriptis</strong></span> <span class='ocrx_word' id='word_1_510' title='bbox 811 3371 1083 3443; x_wconf 77' lang='lat' dir='ltr'><strong>Unigeniti</strong></span> <span class='ocrx_word' id='word_1_511' title='bbox 1103 3371 1398 3429; x_wconf 89' lang='lat' dir='ltr'><strong>sessionem</strong></span> <span class='ocrx_word' id='word_1_512' title='bbox 1419 3387 1801 3442; x_wconf 88' lang='lat' dir='ltr'><strong>memorantes,</strong></span> <span class='ocrx_word' id='word_1_513' title='bbox 1821 3396 1925 3434; x_wconf 92' lang='lat' dir='ltr'><strong>non</strong></span> <span class='ocrx_word' id='word_1_514' title='bbox 1941 3383 2017 3436; x_wconf 83' lang='lat' dir='ltr'><strong>in-</strong></span> 
     </span>
    </p>
   </div>
   <div class='ocr_carea' id='block_1_68' title="bbox 443 3466 2016 3538">
    <p class='ocr_par' dir='ltr' id='par_1_68' title="bbox 443 3466 2016 3538">
     <span class='ocr_line' id='line_1_68' title="bbox 443 3466 2016 3538; baseline 0.002 -14"><span class='ocrx_word' id='word_1_515' title='bbox 443 3469 718 3534; x_wconf 87' lang='lat' dir='ltr'><strong>dicarunt,</strong></span> <span class='ocrx_word' id='word_1_516' title='bbox 737 3468 880 3538; x_wconf 85' lang='lat' dir='ltr'><strong>quod</strong></span> <span class='ocrx_word' id='word_1_517' title='bbox 901 3466 1060 3522; x_wconf 88' lang='lat' dir='ltr'><strong>Patre</strong></span> <span class='ocrx_word' id='word_1_518' title='bbox 1087 3474 1264 3522; x_wconf 84' lang='lat' dir='ltr'><strong>stante</strong></span> <span class='ocrx_word' id='word_1_519' title='bbox 1281 3466 1450 3522; x_wconf 87' lang='lat' dir='ltr'><strong>Filius</strong></span> <span class='ocrx_word' id='word_1_520' title='bbox 1474 3469 1666 3524; x_wconf 82' lang='lat' dir='ltr'><strong>inscde</strong></span> <span class='ocrx_word' id='word_1_521' title='bbox 1683 3471 1773 3534; x_wconf 91' lang='lat' dir='ltr'><strong>sit,</strong></span> <span class='ocrx_word' id='word_1_522' title='bbox 1795 3471 1918 3526; x_wconf 92' lang='lat' dir='ltr'><strong>licet</strong></span> <span class='ocrx_word' id='word_1_523' title='bbox 1935 3487 2016 3529; x_wconf 83' lang='lat' dir='ltr'><strong>so-</strong></span> 
     </span>
    </p>
   </div>
   <div class='ocr_carea' id='block_1_69' title="bbox 443 3559 2014 3619">
    <p class='ocr_par' dir='ltr' id='par_1_69' title="bbox 443 3559 2014 3619">
     <span class='ocr_line' id='line_1_69' title="bbox 443 3559 2014 3619; baseline 0.004 -6"><span class='ocrx_word' id='word_1_524' title='bbox 443 3561 550 3614; x_wconf 87' lang='lat' dir='ltr'><strong>lius</strong></span> <span class='ocrx_word' id='word_1_525' title='bbox 566 3559 830 3615; x_wconf 87' lang='lat' dir='ltr'><strong>sessionis</strong></span> <span class='ocrx_word' id='word_1_526' title='bbox 847 3559 965 3613; x_wconf 85' lang='lat' dir='ltr'><strong>Filii</strong></span> <span class='ocrx_word' id='word_1_527' title='bbox 986 3559 1311 3614; x_wconf 88' lang='lat' dir='ltr'><strong>mentionem</strong></span> <span class='ocrx_word' id='word_1_528' title='bbox 1335 3560 1591 3615; x_wconf 80' lang='lat' dir='ltr'><strong>fecissent</strong></span> <span class='ocrx_word' id='word_1_529' title='bbox 1612 3579 1624 3616; x_wconf 91' lang='lat'>:</span> <span class='ocrx_word' id='word_1_530' title='bbox 1644 3562 1831 3618; x_wconf 89' lang='lat' dir='ltr'><strong>eodem</strong></span> <span class='ocrx_word' id='word_1_531' title='bbox 1854 3564 2014 3619; x_wconf 93' lang='lat' dir='ltr'><strong>modo</strong></span> 
     </span>
    </p>
   </div>
   <div class='ocr_carea' id='block_1_70' title="bbox 443 3649 2015 3719">
    <p class='ocr_par' dir='ltr' id='par_1_70' title="bbox 443 3649 2015 3719">
     <span class='ocr_line' id='line_1_70' title="bbox 443 3649 2015 3719; baseline 0.004 -15"><span class='ocrx_word' id='word_1_532' title='bbox 443 3666 566 3706; x_wconf 90' lang='lat' dir='ltr'><strong>cum</strong></span> <span class='ocrx_word' id='word_1_533' title='bbox 597 3650 758 3704; x_wconf 90' lang='lat' dir='ltr'><strong>etiam</strong></span> <span class='ocrx_word' id='word_1_534' title='bbox 778 3650 831 3704; x_wconf 94' lang='lat' dir='ltr'><strong>in</strong></span> <span class='ocrx_word' id='word_1_535' title='bbox 853 3649 1115 3719; x_wconf 90' lang='lat' dir='ltr'><strong>Stephani</strong></span> <span class='ocrx_word' id='word_1_536' title='bbox 1143 3650 1371 3705; x_wconf 86' lang='lat' dir='ltr'><strong>historia</strong></span> <span class='ocrx_word' id='word_1_537' title='bbox 1409 3650 1503 3704; x_wconf 92' lang='lat' dir='ltr'><strong>ﬁlii</strong></span> <span class='ocrx_word' id='word_1_538' title='bbox 1534 3652 1827 3709; x_wconf 89' lang='lat' dir='ltr'><strong>stationem</strong></span> <span class='ocrx_word' id='word_1_539' title='bbox 1863 3657 2015 3710; x_wconf 89' lang='lat' dir='ltr'><strong>audi-</strong></span> 
     </span>
    </p>
   </div>
   <div class='ocr_carea' id='block_1_71' title="bbox 444 3741 2014 3805">
    <p class='ocr_par' dir='ltr' id='par_1_71' title="bbox 444 3741 2014 3805">
     <span class='ocr_line' id='line_1_71' title="bbox 444 3741 2014 3805; baseline 0.004 -10"><span class='ocrx_word' id='word_1_540' title='bbox 444 3741 587 3796; x_wconf 87' lang='lat' dir='ltr'><strong>veris</strong></span> <span class='ocrx_word' id='word_1_541' title='bbox 609 3741 676 3805; x_wconf 86' lang='grc'><strong>³¹,</strong></span> <span class='ocrx_word' id='word_1_542' title='bbox 713 3741 863 3795; x_wconf 90' lang='lat' dir='ltr'><strong>nulla</strong></span> <span class='ocrx_word' id='word_1_543' title='bbox 909 3741 978 3796; x_wconf 77' lang='lat' dir='ltr'><strong>tle</strong></span> <span class='ocrx_word' id='word_1_544' title='bbox 1027 3756 1191 3796; x_wconf 87' lang='lat' dir='ltr'><strong>causa</strong></span> <span class='ocrx_word' id='word_1_545' title='bbox 1233 3755 1331 3796; x_wconf 89' lang='lat' dir='ltr'><strong>nec</strong></span> <span class='ocrx_word' id='word_1_546' title='bbox 1365 3750 1512 3796; x_wconf 90' lang='lat' dir='ltr'><strong>recte</strong></span> <span class='ocrx_word' id='word_1_547' title='bbox 1559 3743 1628 3797; x_wconf 87' lang='lat' dir='ltr'><strong>de</strong></span> <span class='ocrx_word' id='word_1_548' title='bbox 1685 3743 1860 3800; x_wconf 87' lang='lat' dir='ltr'><strong>Patris</strong></span> <span class='ocrx_word' id='word_1_549' title='bbox 1899 3760 2014 3800; x_wconf 87' lang='lat' dir='ltr'><strong>ses-</strong></span> 
     </span>
    </p>
   </div>
   <div class='ocr_carea' id='block_1_72' title="bbox 443 3831 2011 3901">
    <p class='ocr_par' dir='ltr' id='par_1_72' title="bbox 443 3831 2011 3901">
     <span class='ocr_line' id='line_1_72' title="bbox 443 3831 2011 3901; baseline 0.003 -15"><span class='ocrx_word' id='word_1_550' title='bbox 443 3833 599 3886; x_wconf 87' lang='lat' dir='ltr'><strong>sione</strong></span> <span class='ocrx_word' id='word_1_551' title='bbox 645 3832 959 3901; x_wconf 85' lang='lat' dir='ltr'><strong>suspicatus</strong></span> <span class='ocrx_word' id='word_1_552' title='bbox 1007 3831 1196 3886; x_wconf 85' lang='lat' dir='ltr'><strong>fueris.</strong></span> <span class='ocrx_word' id='word_1_553' title='bbox 1249 3831 1718 3896; x_wconf 84' lang='lat' dir='ltr'><strong>Quemadmodum</strong></span> <span class='ocrx_word' id='word_1_554' title='bbox 1765 3835 1908 3889; x_wconf 92' lang='lat' dir='ltr'><strong>enim</strong></span> <span class='ocrx_word' id='word_1_555' title='bbox 1957 3837 2011 3890; x_wconf 91' lang='lat' dir='ltr'><strong>in</strong></span> 
     </span>
    </p>
   </div>
   <div class='ocr_carea' id='block_1_73' title="bbox 442 3921 2009 3996">
    <p class='ocr_par' dir='ltr' id='par_1_73' title="bbox 442 3921 2009 3996">
     <span class='ocr_line' id='line_1_73' title="bbox 442 3921 2009 3996; baseline 0.004 -20"><span class='ocrx_word' id='word_1_556' title='bbox 442 3923 613 3977; x_wconf 82' lang='lat' dir='ltr'><strong>Paulo</strong></span> <span class='ocrx_word' id='word_1_557' title='bbox 643 3933 806 3991; x_wconf 92' lang='lat' dir='ltr'><strong>atque</strong></span> <span class='ocrx_word' id='word_1_558' title='bbox 839 3922 1040 3976; x_wconf 88' lang='lat' dir='ltr'><strong>Davide</strong></span> <span class='ocrx_word' id='word_1_559' title='bbox 1085 3922 1278 3976; x_wconf 88' lang='lat' dir='ltr'><strong>sedere</strong></span> <span class='ocrx_word' id='word_1_560' title='bbox 1306 3921 1523 3977; x_wconf 88' lang='lat' dir='ltr'><strong>Patrem</strong></span> <span class='ocrx_word' id='word_1_561' title='bbox 1555 3940 1620 3979; x_wconf 81' lang='lat' dir='ltr'><strong>ex</strong></span> <span class='ocrx_word' id='word_1_562' title='bbox 1653 3941 1719 3980; x_wconf 89' lang='lat' dir='ltr'><strong>eo</strong></span> <span class='ocrx_word' id='word_1_563' title='bbox 1744 3928 1887 3996; x_wconf 88' lang='lat' dir='ltr'><strong>quod</strong></span> <span class='ocrx_word' id='word_1_564' title='bbox 1921 3929 2009 3983; x_wconf 85' lang='lat' dir='ltr'><strong>Fi—</strong></span> 
     </span>
    </p>
   </div>
   <div class='ocr_carea' id='block_1_74' title="bbox 445 4013 2011 4076">
    <p class='ocr_par' dir='ltr' id='par_1_74' title="bbox 445 4013 2011 4076">
     <span class='ocr_line' id='line_1_74' title="bbox 445 4013 2011 4076; baseline 0.006 -10"><span class='ocrx_word' id='word_1_565' title='bbox 445 4016 550 4067; x_wconf 91' lang='lat' dir='ltr'><strong>lius</strong></span> <span class='ocrx_word' id='word_1_566' title='bbox 577 4013 763 4068; x_wconf 85' lang='lat' dir='ltr'><strong>sedeat</strong></span> <span class='ocrx_word' id='word_1_567' title='bbox 788 4027 818 4065; x_wconf 88' lang='lat' dir='ltr'><strong>a</strong></span> <span class='ocrx_word' id='word_1_568' title='bbox 847 4013 1053 4066; x_wconf 81' lang='lat' dir='ltr'><strong>dextris</strong></span> <span class='ocrx_word' id='word_1_569' title='bbox 1095 4013 1258 4067; x_wconf 85' lang='lat' dir='ltr'><strong>simul</strong></span> <span class='ocrx_word' id='word_1_570' title='bbox 1288 4023 1504 4070; x_wconf 88' lang='lat' dir='ltr'><strong>constat</strong></span> <span class='ocrx_word' id='word_1_571' title='bbox 1535 4033 1548 4070; x_wconf 94' lang='lat'><strong>:</strong></span> <span class='ocrx_word' id='word_1_572' title='bbox 1579 4019 1800 4072; x_wconf 87' lang='lat' dir='ltr'><strong>tametsi</strong></span> <span class='ocrx_word' id='word_1_573' title='bbox 1833 4035 2011 4076; x_wconf 90' lang='lat' dir='ltr'><strong>sermo</strong></span> 
     </span>
    </p>
   </div>
   <div class='ocr_carea' id='block_1_75' title="bbox 435 4101 2009 4168">
    <p class='ocr_par' dir='ltr' id='par_1_75' title="bbox 435 4101 2009 4168">
     <span class='ocr_line' id='line_1_75' title="bbox 435 4101 2009 4168; baseline 0.008 -12"><span class='ocrx_word' id='word_1_574' title='bbox 435 4103 581 4157; x_wconf 78' lang='lat' dir='ltr'><strong>nihil</strong></span> <span class='ocrx_word' id='word_1_575' title='bbox 611 4110 736 4158; x_wconf 90' lang='lat' dir='ltr'><strong>ante</strong></span> <span class='ocrx_word' id='word_1_576' title='bbox 765 4103 834 4157; x_wconf 91' lang='lat' dir='ltr'><strong>de</strong></span> <span class='ocrx_word' id='word_1_577' title='bbox 861 4101 1022 4158; x_wconf 88' lang='lat' dir='ltr'><strong>Patre</strong></span> <span class='ocrx_word' id='word_1_578' title='bbox 1055 4103 1338 4160; x_wconf 74' lang='lat' dir='ltr'><strong>domuisset</strong></span> <span class='ocrx_word' id='word_1_579' title='bbox 1366 4124 1379 4159; x_wconf 91' lang='lat'><strong>:</strong></span> <span class='ocrx_word' id='word_1_580' title='bbox 1419 4106 1486 4161; x_wconf 89' lang='lat' dir='ltr'><strong>ad</strong></span> <span class='ocrx_word' id='word_1_581' title='bbox 1511 4107 1760 4164; x_wconf 89' lang='lat' dir='ltr'><strong>eumdem</strong></span> <span class='ocrx_word' id='word_1_582' title='bbox 1789 4112 2009 4168; x_wconf 90' lang='lat' dir='ltr'><strong>modum</strong></span> 
     </span>
    </p>
   </div>
   <div class='ocr_carea' id='block_1_76' title="bbox 440 4193 2008 4264">
    <p class='ocr_par' dir='ltr' id='par_1_76' title="bbox 440 4193 2008 4264">
     <span class='ocr_line' id='line_1_76' title="bbox 440 4193 2008 4264; baseline 0.007 -17"><span class='ocrx_word' id='word_1_583' title='bbox 440 4196 610 4247; x_wconf 71' lang='lat' dir='ltr'><strong>ctiam</strong></span> <span class='ocrx_word' id='word_1_584' title='bbox 641 4193 694 4246; x_wconf 91' lang='lat' dir='ltr'><strong>in</strong></span> <span class='ocrx_word' id='word_1_585' title='bbox 731 4193 958 4249; x_wconf 90' lang='lat' dir='ltr'><strong>historia</strong></span> <span class='ocrx_word' id='word_1_586' title='bbox 993 4193 1250 4264; x_wconf 90' lang='lat' dir='ltr'><strong>Stephani</strong></span> <span class='ocrx_word' id='word_1_587' title='bbox 1273 4237 1288 4260; x_wconf 95' lang='lat'><strong>,</strong></span> <span class='ocrx_word' id='word_1_588' title='bbox 1322 4195 1442 4252; x_wconf 89' lang='lat' dir='ltr'><strong>Filii</strong></span> <span class='ocrx_word' id='word_1_589' title='bbox 1477 4200 1640 4254; x_wconf 87' lang='lat' dir='ltr'><strong>statio</strong></span> <span class='ocrx_word' id='word_1_590' title='bbox 1671 4201 1810 4256; x_wconf 90' lang='lat' dir='ltr'><strong>idem</strong></span> <span class='ocrx_word' id='word_1_591' title='bbox 1845 4205 2008 4258; x_wconf 88' lang='lat' dir='ltr'><strong>etiam</strong></span> 
     </span>
    </p>
   </div>
   <div class='ocr_carea' id='block_1_77' title="bbox 445 4282 2008 4365">
    <p class='ocr_par' dir='ltr' id='par_1_77' title="bbox 445 4282 2008 4365">
     <span class='ocr_line' id='line_1_77' title="bbox 445 4282 2008 4365; baseline 0.008 -27"><span class='ocrx_word' id='word_1_592' title='bbox 445 4283 706 4354; x_wconf 80' lang='lat' dir='ltr'><strong>ingloria</strong></span> <span class='ocrx_word' id='word_1_593' title='bbox 736 4282 916 4338; x_wconf 87' lang='lat' dir='ltr'><strong>Patris</strong></span> <span class='ocrx_word' id='word_1_594' title='bbox 961 4285 1124 4339; x_wconf 92' lang='lat' dir='ltr'><strong>simul</strong></span> <span class='ocrx_word' id='word_1_595' title='bbox 1173 4287 1399 4342; x_wconf 88' lang='lat' dir='ltr'><strong>indicat.</strong></span> <span class='ocrx_word' id='word_1_596' title='bbox 1443 4289 1536 4343; x_wconf 91' lang='lat' dir='ltr'><strong>Sic</strong></span> <span class='ocrx_word' id='word_1_597' title='bbox 1564 4290 1712 4345; x_wconf 88' lang='lat' dir='ltr'><strong>enim</strong></span> <span class='ocrx_word' id='word_1_598' title='bbox 1754 4293 2008 4365; x_wconf 85' lang='lat' dir='ltr'><strong>imaginis</strong></span> 
     </span>
    </p>
   </div>
   <div class='ocr_carea' id='block_1_78' title="bbox 2122 3095 3690 3174">
    <p class='ocr_par' dir='ltr' id='par_1_78' title="bbox 2122 3095 3690 3174">
     <span class='ocr_line' id='line_1_78' title="bbox 2122 3095 3690 3174; baseline -0.004 -20"><span class='ocrx_word' id='word_1_599' title='bbox 2122 3099 2219 3170; x_wconf 81' lang='grc' dir='ltr'>τῆς</span> <span class='ocrx_word' id='word_1_600' title='bbox 2254 3100 2348 3153; x_wconf 88' lang='grc' dir='ltr'><strong>τοῦ</strong></span> <span class='ocrx_word' id='word_1_601' title='bbox 2382 3101 2512 3154; x_wconf 79' lang='grc' dir='ltr'>Υίοῦ</span> <span class='ocrx_word' id='word_1_602' title='bbox 2541 3102 2904 3174; x_wconf 75' lang='grc' dir='ltr'>καθιζήσεωςο</span> <span class='ocrx_word' id='word_1_603' title='bbox 2936 3101 3028 3155; x_wconf 78' lang='grc' dir='ltr'><strong>τὸν</strong></span> <span class='ocrx_word' id='word_1_604' title='bbox 3065 3101 3224 3155; x_wconf 77' lang='grc' dir='ltr'>αὑτὸν</span> <span class='ocrx_word' id='word_1_605' title='bbox 3247 3100 3443 3171; x_wconf 85' lang='grc' dir='ltr'>τρόπον</span> <span class='ocrx_word' id='word_1_606' title='bbox 3475 3097 3568 3150; x_wconf 77' lang='grc' dir='ltr'><strong>καὶ</strong></span> <span class='ocrx_word' id='word_1_607' title='bbox 3596 3095 3690 3149; x_wconf 74' lang='grc' dir='ltr'><strong>ἐπὶ</strong></span> 
     </span>
    </p>
   </div>
   <div class='ocr_carea' id='block_1_79' title="bbox 2121 3187 3689 3263">
    <p class='ocr_par' dir='ltr' id='par_1_79' title="bbox 2121 3187 3689 3263">
     <span class='ocr_line' id='line_1_79' title="bbox 2121 3187 3689 3263; baseline -0.002 -20"><span class='ocrx_word' id='word_1_608' title='bbox 2121 3189 2216 3244; x_wconf 89' lang='grc' dir='ltr'><strong>τοῦ</strong></span> <span class='ocrx_word' id='word_1_609' title='bbox 2260 3193 2550 3261; x_wconf 75' lang='grc' dir='ltr'>Στεφάνου,</span> <span class='ocrx_word' id='word_1_610' title='bbox 2582 3193 2676 3247; x_wconf 91' lang='grc' dir='ltr'><strong>τοῦ</strong></span> <span class='ocrx_word' id='word_1_611' title='bbox 2705 3193 2835 3247; x_wconf 82' lang='grc' dir='ltr'>Υίοῦ</span> <span class='ocrx_word' id='word_1_612' title='bbox 2873 3194 2972 3263; x_wconf 81' lang='grc' dir='ltr'>τὴν</span> <span class='ocrx_word' id='word_1_613' title='bbox 3000 3193 3186 3246; x_wconf 89' lang='grc' dir='ltr'>στάσιν</span> <span class='ocrx_word' id='word_1_614' title='bbox 3215 3190 3474 3252; x_wconf 84' lang='grc' dir='ltr'>ἀκούσας,</span> <span class='ocrx_word' id='word_1_615' title='bbox 3509 3187 3689 3241; x_wconf 83' lang='grc' dir='ltr'>οὐκέτ’</span> 
     </span>
    </p>
   </div>
   <div class='ocr_carea' id='block_1_80' title="bbox 2123 3280 3690 3355">
    <p class='ocr_par' dir='ltr' id='par_1_80' title="bbox 2123 3280 3690 3355">
     <span class='ocr_line' id='line_1_80' title="bbox 2123 3280 3690 3355; baseline -0.003 -21"><span class='ocrx_word' id='word_1_616' title='bbox 2123 3281 2190 3334; x_wconf 81' lang='grc' dir='ltr'>ἂν</span> <span class='ocrx_word' id='word_1_617' title='bbox 2226 3283 2460 3351; x_wconf 83' lang='grc' dir='ltr'>εὐλόγως</span> <span class='ocrx_word' id='word_1_618' title='bbox 2502 3285 2631 3355; x_wconf 83' lang='grc' dir='ltr'>περὶ</span> <span class='ocrx_word' id='word_1_619' title='bbox 2652 3285 2751 3353; x_wconf 82' lang='grc' dir='ltr'>τῆς</span> <span class='ocrx_word' id='word_1_620' title='bbox 2785 3284 2878 3337; x_wconf 89' lang='grc' dir='ltr'><strong>τοῦ</strong></span> <span class='ocrx_word' id='word_1_621' title='bbox 2914 3283 3125 3354; x_wconf 84' lang='grc' dir='ltr'>Πατρὸς</span> <span class='ocrx_word' id='word_1_622' title='bbox 3154 3281 3421 3352; x_wconf 84' lang='grc' dir='ltr'>καθέδρας</span> <span class='ocrx_word' id='word_1_623' title='bbox 3460 3280 3690 3347; x_wconf 84' lang='grc' dir='ltr'>ὑπονοή-</span> 
     </span>
    </p>
   </div>
   <div class='ocr_carea' id='block_1_81' title="bbox 2123 3371 3688 3446">
    <p class='ocr_par' dir='ltr' id='par_1_81' title="bbox 2123 3371 3688 3446">
     <span class='ocr_line' id='line_1_81' title="bbox 2123 3371 3688 3446; baseline -0.002 -20"><span class='ocrx_word' id='word_1_624' title='bbox 2123 3389 2288 3437; x_wconf 86' lang='grc' dir='ltr'>σειας.</span> <span class='ocrx_word' id='word_1_625' title='bbox 2327 3375 2416 3438; x_wconf 83' lang='grc' dir='ltr'>Ὠς</span> <span class='ocrx_word' id='word_1_626' title='bbox 2449 3375 2546 3446; x_wconf 76' lang='grc' dir='ltr'>γὰρ</span> <span class='ocrx_word' id='word_1_627' title='bbox 2573 3375 2665 3430; x_wconf 78' lang='grc' dir='ltr'><strong>ἐπὶ</strong></span> <span class='ocrx_word' id='word_1_628' title='bbox 2693 3376 2786 3429; x_wconf 90' lang='grc' dir='ltr'><strong>τοῦ</strong></span> <span class='ocrx_word' id='word_1_629' title='bbox 2811 3376 3024 3428; x_wconf 85' lang='grc' dir='ltr'>Παύλου</span> <span class='ocrx_word' id='word_1_630' title='bbox 3053 3377 3144 3429; x_wconf 77' lang='grc' dir='ltr'><strong>καὶ</strong></span> <span class='ocrx_word' id='word_1_631' title='bbox 3169 3373 3263 3427; x_wconf 89' lang='grc' dir='ltr'><strong>τοῦ</strong></span> <span class='ocrx_word' id='word_1_632' title='bbox 3295 3373 3457 3426; x_wconf 77' lang='grc' dir='ltr'><strong>Δαὸὶδ</strong></span> <span class='ocrx_word' id='word_1_633' title='bbox 3475 3371 3536 3424; x_wconf 87' lang='lat' dir='ltr'><strong>rb</strong></span> <span class='ocrx_word' id='word_1_634' title='bbox 3553 3371 3688 3424; x_wconf 83' lang='grc' dir='ltr'>καθ-</span> 
     </span>
    </p>
   </div>
   <div class='ocr_carea' id='block_1_82' title="bbox 2121 3464 3690 3539">
    <p class='ocr_par' dir='ltr' id='par_1_82' title="bbox 2121 3464 3690 3539">
     <span class='ocr_line' id='line_1_82' title="bbox 2121 3464 3690 3539; baseline -0.003 -19"><span class='ocrx_word' id='word_1_635' title='bbox 2121 3467 2284 3533; x_wconf 84' lang='grc' dir='ltr'>ῆσθαι</span> <span class='ocrx_word' id='word_1_636' title='bbox 2324 3467 2416 3521; x_wconf 84' lang='grc' dir='ltr'><strong>τὸν</strong></span> <span class='ocrx_word' id='word_1_637' title='bbox 2453 3468 2690 3539; x_wconf 82' lang='grc' dir='ltr'>Πατέρα,</span> <span class='ocrx_word' id='word_1_638' title='bbox 2742 3469 2830 3522; x_wconf 76' lang='grc' dir='ltr'>διὰ</span> <span class='ocrx_word' id='word_1_639' title='bbox 2878 3468 2974 3522; x_wconf 92' lang='grc' dir='ltr'><strong>τοῦ</strong></span> <span class='ocrx_word' id='word_1_640' title='bbox 3023 3468 3241 3522; x_wconf 80' lang='grc' dir='ltr'>καθίσαι</span> <span class='ocrx_word' id='word_1_641' title='bbox 3294 3467 3384 3520; x_wconf 88' lang='lat' dir='ltr'><strong>rbv</strong></span> <span class='ocrx_word' id='word_1_642' title='bbox 3437 3464 3566 3518; x_wconf 84' lang='grc' dir='ltr'>Υίὸν</span> <span class='ocrx_word' id='word_1_643' title='bbox 3622 3465 3690 3517; x_wconf 75' lang='grc' dir='ltr'><strong>ὲκ</strong></span> 
     </span>
    </p>
   </div>
   <div class='ocr_carea' id='block_1_83' title="bbox 2119 3555 3690 3631">
    <p class='ocr_par' dir='ltr' id='par_1_83' title="bbox 2119 3555 3690 3631">
     <span class='ocr_line' id='line_1_83' title="bbox 2119 3555 3690 3631; baseline -0.003 -19"><span class='ocrx_word' id='word_1_644' title='bbox 2119 3557 2306 3624; x_wconf 78' lang='grc' dir='ltr'>δεξιῶν</span> <span class='ocrx_word' id='word_1_645' title='bbox 2335 3559 2794 3631; x_wconf 79' lang='grc' dir='ltr'>συνωμολόγηται,</span> <span class='ocrx_word' id='word_1_646' title='bbox 2826 3560 3002 3614; x_wconf 86' lang='grc' dir='ltr'>καίτοι</span> <span class='ocrx_word' id='word_1_647' title='bbox 3032 3559 3126 3612; x_wconf 81' lang='grc' dir='ltr'><strong>τοῦ</strong></span> <span class='ocrx_word' id='word_1_648' title='bbox 3177 3559 3333 3627; x_wconf 92' lang='grc' dir='ltr'>λόγου</span> <span class='ocrx_word' id='word_1_649' title='bbox 3367 3556 3531 3627; x_wconf 81' lang='grc' dir='ltr'>μηδὲν</span> <span class='ocrx_word' id='word_1_650' title='bbox 3560 3555 3690 3627; x_wconf 79' lang='grc' dir='ltr'>περὶ</span> 
     </span>
    </p>
   </div>
   <div class='ocr_carea' id='block_1_84' title="bbox 2119 3648 3687 3722">
    <p class='ocr_par' dir='ltr' id='par_1_84' title="bbox 2119 3648 3687 3722">
     <span class='ocr_line' id='line_1_84' title="bbox 2119 3648 3687 3722; baseline -0.001 -19"><span class='ocrx_word' id='word_1_651' title='bbox 2119 3648 2214 3703; x_wconf 83' lang='grc' dir='ltr'><strong>τοῦ</strong></span> <span class='ocrx_word' id='word_1_652' title='bbox 2263 3651 2472 3721; x_wconf 82' lang='grc' dir='ltr'>Πατρὸς</span> <span class='ocrx_word' id='word_1_653' title='bbox 2504 3651 2916 3722; x_wconf 80' lang='grc' dir='ltr'>προδιδάξαντος</span> <span class='ocrx_word' id='word_1_654' title='bbox 2935 3669 2948 3682; x_wconf 88' lang='grc'><strong>·</strong></span> <span class='ocrx_word' id='word_1_655' title='bbox 2977 3651 3118 3706; x_wconf 85' lang='grc' dir='ltr'>κατά</span> <span class='ocrx_word' id='word_1_656' title='bbox 3150 3652 3241 3704; x_wconf 84' lang='grc' dir='ltr'>τὸν</span> <span class='ocrx_word' id='word_1_657' title='bbox 3281 3650 3441 3704; x_wconf 75' lang='grc' dir='ltr'>αὐτὸν</span> <span class='ocrx_word' id='word_1_658' title='bbox 3485 3650 3687 3720; x_wconf 77' lang='grc' dir='ltr'>τρόπον</span> 
     </span>
    </p>
   </div>
   <div class='ocr_carea' id='block_1_85' title="bbox 2121 3735 3684 3812">
    <p class='ocr_par' dir='ltr' id='par_1_85' title="bbox 2121 3735 3684 3812">
     <span class='ocr_line' id='line_1_85' title="bbox 2121 3735 3684 3812; baseline -0.003 -18"><span class='ocrx_word' id='word_1_659' title='bbox 2121 3740 2212 3794; x_wconf 78' lang='grc' dir='ltr'>καὶ</span> <span class='ocrx_word' id='word_1_660' title='bbox 2252 3741 2343 3794; x_wconf 79' lang='grc' dir='ltr'>ἐπὶ</span> <span class='ocrx_word' id='word_1_661' title='bbox 2383 3740 2476 3794; x_wconf 83' lang='grc' dir='ltr'><strong>τοῦ</strong></span> <span class='ocrx_word' id='word_1_662' title='bbox 2528 3741 2829 3810; x_wconf 79' lang='grc' dir='ltr'>Στεφάνου,</span> <span class='ocrx_word' id='word_1_663' title='bbox 2864 3741 3016 3812; x_wconf 82' lang='grc' dir='ltr'>ήτοῦ</span> <span class='ocrx_word' id='word_1_664' title='bbox 3064 3740 3195 3794; x_wconf 87' lang='grc' dir='ltr'>Υίοῦ</span> <span class='ocrx_word' id='word_1_665' title='bbox 3239 3740 3425 3803; x_wconf 89' lang='grc' dir='ltr'>στάσις</span> <span class='ocrx_word' id='word_1_666' title='bbox 3462 3739 3520 3792; x_wconf 97' lang='lat' dir='ltr'><strong>rb</strong></span> <span class='ocrx_word' id='word_1_667' title='bbox 3568 3735 3684 3791; x_wconf 80' lang='grc' dir='ltr'>ἴσον</span> 
     </span>
    </p>
   </div>
   <div class='ocr_carea' id='block_1_86' title="bbox 2120 3827 3683 3904">
    <p class='ocr_par' dir='ltr' id='par_1_86' title="bbox 2120 3827 3683 3904">
     <span class='ocr_line' id='line_1_86' title="bbox 2120 3827 3683 3904; baseline -0.004 -18"><span class='ocrx_word' id='word_1_668' title='bbox 2120 3833 2214 3886; x_wconf 78' lang='grc' dir='ltr'>καὶ</span> <span class='ocrx_word' id='word_1_669' title='bbox 2237 3833 2330 3886; x_wconf 77' lang='grc' dir='ltr'>ἐπὶ</span> <span class='ocrx_word' id='word_1_670' title='bbox 2365 3833 2463 3903; x_wconf 83' lang='grc' dir='ltr'><strong>τῆς</strong></span> <span class='ocrx_word' id='word_1_671' title='bbox 2489 3833 2642 3904; x_wconf 78' lang='grc' dir='ltr'>δόξης</span> <span class='ocrx_word' id='word_1_672' title='bbox 2669 3832 2761 3886; x_wconf 88' lang='grc' dir='ltr'><strong>τοῦ</strong></span> <span class='ocrx_word' id='word_1_673' title='bbox 2800 3832 3010 3903; x_wconf 85' lang='grc' dir='ltr'>Πατρὸς</span> <span class='ocrx_word' id='word_1_674' title='bbox 3051 3831 3490 3885; x_wconf 87' lang='grc' dir='ltr'>συνενδείκνυται.</span> <span class='ocrx_word' id='word_1_675' title='bbox 3525 3827 3683 3881; x_wconf 79' lang='grc' dir='ltr'>Οὕτω</span> 
     </span>
    </p>
   </div>
   <div class='ocr_carea' id='block_1_87' title="bbox 2117 3918 3685 3995">
    <p class='ocr_par' dir='ltr' id='par_1_87' title="bbox 2117 3918 3685 3995">
     <span class='ocr_line' id='line_1_87' title="bbox 2117 3918 3685 3995; baseline -0.004 -17"><span class='ocrx_word' id='word_1_676' title='bbox 2117 3925 2227 3995; x_wconf 86' lang='grc' dir='ltr'>γὰρ</span> <span class='ocrx_word' id='word_1_677' title='bbox 2281 3925 2347 3977; x_wconf 80' lang='grc' dir='ltr'>ἂν</span> <span class='ocrx_word' id='word_1_678' title='bbox 2384 3925 2412 3974; x_wconf 92' lang='lat'><strong>6</strong></span> <span class='ocrx_word' id='word_1_679' title='bbox 2461 3925 2558 3995; x_wconf 79' lang='grc' dir='ltr'>τῆς</span> <span class='ocrx_word' id='word_1_680' title='bbox 2586 3925 2792 3987; x_wconf 74' lang='grc' dir='ltr'>εἰκόνος</span> <span class='ocrx_word' id='word_1_681' title='bbox 2819 3923 3107 3993; x_wconf 88' lang='grc' dir='ltr'>διασωθείη</span> <span class='ocrx_word' id='word_1_682' title='bbox 3149 3923 3333 3992; x_wconf 89' lang='grc' dir='ltr'>λόγος,</span> <span class='ocrx_word' id='word_1_683' title='bbox 3365 3924 3412 3975; x_wconf 85' lang='grc' dir='ltr'><strong>εί</strong></span> <span class='ocrx_word' id='word_1_684' title='bbox 3445 3923 3551 3975; x_wconf 79' lang='grc' dir='ltr'>πᾶν</span> <span class='ocrx_word' id='word_1_685' title='bbox 3578 3920 3607 3974; x_wconf 84' lang='grc' dir='ltr'>ὅ</span> <span class='ocrx_word' id='word_1_686' title='bbox 3629 3918 3685 3971; x_wconf 88' lang='grc' dir='ltr'><strong>τί</strong></span> 
     </span>
    </p>
   </div>
   <div class='ocr_carea' id='block_1_88' title="bbox 2118 4013 3684 4088">
    <p class='ocr_par' dir='ltr' id='par_1_88' title="bbox 2118 4013 3684 4088">
     <span class='ocr_line' id='line_1_88' title="bbox 2118 4013 3684 4088; baseline -0.002 -20"><span class='ocrx_word' id='word_1_687' title='bbox 2118 4015 2222 4088; x_wconf 84' lang='grc' dir='ltr'>πέρ</span> <span class='ocrx_word' id='word_1_688' title='bbox 2250 4017 2394 4069; x_wconf 79' lang='grc' dir='ltr'>ἐστιν</span> <span class='ocrx_word' id='word_1_689' title='bbox 2431 4017 2489 4069; x_wconf 82' lang='grc' dir='ltr'>ὲν</span> <span class='ocrx_word' id='word_1_690' title='bbox 2524 4016 2697 4086; x_wconf 85' lang='grc' dir='ltr'>τούτῳ</span> <span class='ocrx_word' id='word_1_691' title='bbox 2734 4016 3020 4086; x_wconf 87' lang='grc' dir='ltr'>νοούμενόν</span> <span class='ocrx_word' id='word_1_692' title='bbox 3059 4033 3118 4069; x_wconf 91' lang='grc' dir='ltr'><strong>τε</strong></span> <span class='ocrx_word' id='word_1_693' title='bbox 3147 4017 3240 4070; x_wconf 80' lang='grc' dir='ltr'><strong>καὶ</strong></span> <span class='ocrx_word' id='word_1_694' title='bbox 3282 4013 3684 4086; x_wconf 79' lang='grc' dir='ltr'>καθορώμενον,</span> 
     </span>
    </p>
   </div>
   <div class='ocr_carea' id='block_1_89' title="bbox 2116 4106 3686 4179">
    <p class='ocr_par' dir='ltr' id='par_1_89' title="bbox 2116 4106 3686 4179">
     <span class='ocr_line' id='line_1_89' title="bbox 2116 4106 3686 4179; baseline -0.002 -17"><span class='ocrx_word' id='word_1_695' title='bbox 2116 4108 2177 4162; x_wconf 87' lang='lat' dir='ltr'><strong>rb</strong></span> <span class='ocrx_word' id='word_1_696' title='bbox 2216 4109 2346 4162; x_wconf 76' lang='grc' dir='ltr'>αὐτὸ</span> <span class='ocrx_word' id='word_1_697' title='bbox 2388 4110 2480 4162; x_wconf 81' lang='grc' dir='ltr'><strong>καὶ</strong></span> <span class='ocrx_word' id='word_1_698' title='bbox 2513 4109 2571 4160; x_wconf 86' lang='grc' dir='ltr'>ὲν</span> <span class='ocrx_word' id='word_1_699' title='bbox 2601 4108 2678 4177; x_wconf 84' lang='grc' dir='ltr'>τῷ</span> <span class='ocrx_word' id='word_1_700' title='bbox 2709 4108 3003 4179; x_wconf 77' lang='grc' dir='ltr'>ἀρχετύπῳ</span> <span class='ocrx_word' id='word_1_701' title='bbox 3032 4107 3352 4164; x_wconf 84' lang='grc' dir='ltr'>πιστεύοιτο.</span> <span class='ocrx_word' id='word_1_702' title='bbox 3386 4107 3498 4161; x_wconf 75' lang='grc' dir='ltr'><strong>Καὶ</strong></span> <span class='ocrx_word' id='word_1_703' title='bbox 3524 4106 3600 4171; x_wconf 85' lang='grc' dir='ltr'>ὡς</span> <span class='ocrx_word' id='word_1_704' title='bbox 3627 4107 3686 4160; x_wconf 73' lang='grc' dir='ltr'>ἐν</span> 
     </span>
    </p>
   </div>
   <div class='ocr_carea' id='block_1_90' title="bbox 2115 4199 3686 4270">
    <p class='ocr_par' dir='ltr' id='par_1_90' title="bbox 2115 4199 3686 4270">
     <span class='ocr_line' id='line_1_90' title="bbox 2115 4199 3686 4270; baseline -0.001 -18"><span class='ocrx_word' id='word_1_705' title='bbox 2115 4199 2192 4269; x_wconf 84' lang='grc' dir='ltr'>τῷ</span> <span class='ocrx_word' id='word_1_706' title='bbox 2232 4199 2422 4268; x_wconf 82' lang='grc' dir='ltr'>ἀγαθῷ</span> <span class='ocrx_word' id='word_1_707' title='bbox 2465 4200 2525 4253; x_wconf 87' lang='lat' dir='ltr'><strong>rb</strong></span> <span class='ocrx_word' id='word_1_708' title='bbox 2550 4199 2773 4268; x_wconf 83' lang='grc' dir='ltr'>ἀγαθὸν,</span> <span class='ocrx_word' id='word_1_709' title='bbox 2815 4202 2907 4254; x_wconf 74' lang='grc' dir='ltr'>καὶ</span> <span class='ocrx_word' id='word_1_710' title='bbox 2936 4201 2993 4253; x_wconf 82' lang='grc' dir='ltr'>ὲν</span> <span class='ocrx_word' id='word_1_711' title='bbox 3028 4200 3105 4270; x_wconf 79' lang='grc' dir='ltr'>τῷ</span> <span class='ocrx_word' id='word_1_712' title='bbox 3139 4201 3280 4269; x_wconf 71' lang='grc' dir='ltr'>φωτὶ</span> <span class='ocrx_word' id='word_1_713' title='bbox 3304 4200 3366 4252; x_wconf 86' lang='lat' dir='ltr'><strong>rb</strong></span> <span class='ocrx_word' id='word_1_714' title='bbox 3394 4200 3546 4268; x_wconf 83' lang='grc' dir='ltr'>φῶς,</span> <span class='ocrx_word' id='word_1_715' title='bbox 3592 4199 3686 4252; x_wconf 80' lang='grc' dir='ltr'>καὶ</span> 
     </span>
    </p>
   </div>
   <div class='ocr_carea' id='block_1_91' title="bbox 2115 4286 3686 4360">
    <p class='ocr_par' dir='ltr' id='par_1_91' title="bbox 2115 4286 3686 4360">
     <span class='ocr_line' id='line_1_91' title="bbox 2115 4286 3686 4360; baseline -0.001 -20"><span class='ocrx_word' id='word_1_716' title='bbox 2115 4289 2173 4342; x_wconf 84' lang='grc' dir='ltr'>ὲν</span> <span class='ocrx_word' id='word_1_717' title='bbox 2203 4289 2335 4340; x_wconf 80' lang='grc' dir='ltr'>πᾶσι</span> <span class='ocrx_word' id='word_1_718' title='bbox 2382 4287 2443 4341; x_wconf 85' lang='grc' dir='ltr'><strong>τὸ</strong></span> <span class='ocrx_word' id='word_1_719' title='bbox 2480 4291 2836 4360; x_wconf 84' lang='grc' dir='ltr'>πρωτότυπον</span> <span class='ocrx_word' id='word_1_720' title='bbox 2881 4288 3076 4352; x_wconf 89' lang='grc' dir='ltr'>κάλλος</span> <span class='ocrx_word' id='word_1_721' title='bbox 3121 4288 3209 4341; x_wconf 83' lang='grc' dir='ltr'><strong>διὰ</strong></span> <span class='ocrx_word' id='word_1_722' title='bbox 3235 4289 3342 4341; x_wconf 91' lang='grc' dir='ltr'><strong>τῶν</strong></span> <span class='ocrx_word' id='word_1_723' title='bbox 3377 4287 3590 4340; x_wconf 80' lang='grc' dir='ltr'>οἰκείων</span> <span class='ocrx_word' id='word_1_724' title='bbox 3626 4286 3686 4339; x_wconf 82' lang='grc' dir='ltr'>ὲν</span> 
     </span>
    </p>
   </div>
   <div class='ocr_carea' id='block_1_92' title="bbox 445 4375 2014 4451">
    <p class='ocr_par' dir='ltr' id='par_1_92' title="bbox 445 4375 2013 4451">
     <span class='ocr_line' id='line_1_92' title="bbox 445 4375 2013 4451; baseline 0.008 -24"><span class='ocrx_word' id='word_1_725' title='bbox 445 4375 586 4429; x_wconf 80' lang='lat' dir='ltr'><strong>ratio</strong></span> <span class='ocrx_word' id='word_1_726' title='bbox 642 4375 958 4432; x_wconf 76' lang='lat' dir='ltr'><strong>conservari</strong></span> <span class='ocrx_word' id='word_1_727' title='bbox 1004 4376 1215 4445; x_wconf 89' lang='lat' dir='ltr'><strong>possit,</strong></span> <span class='ocrx_word' id='word_1_728' title='bbox 1255 4385 1315 4431; x_wconf 90' lang='lat' dir='ltr'><strong>ut</strong></span> <span class='ocrx_word' id='word_1_729' title='bbox 1355 4379 1620 4451; x_wconf 88' lang='lat' dir='ltr'><strong>quidquid</strong></span> <span class='ocrx_word' id='word_1_730' title='bbox 1658 4382 1713 4436; x_wconf 92' lang='lat' dir='ltr'><strong>in</strong></span> <span class='ocrx_word' id='word_1_731' title='bbox 1760 4383 1861 4437; x_wconf 91' lang='lat' dir='ltr'><strong>hac</strong></span> <span class='ocrx_word' id='word_1_732' title='bbox 1905 4393 2013 4441; x_wconf 87' lang='lat' dir='ltr'><strong>tam</strong></span> 
     </span>
    </p>
   </div>
   <div class='ocr_carea' id='block_1_93' title="bbox 2118 4375 3685 4451">
    <p class='ocr_par' dir='ltr' id='par_1_93' title="bbox 2118 4378 3685 4451">
     <span class='ocr_line' id='line_1_93' title="bbox 2118 4378 3685 4451; baseline -0.001 -19"><span class='ocrx_word' id='word_1_733' title='bbox 2118 4382 2182 4450; x_wconf 80' lang='grc' dir='ltr'>τῇ</span> <span class='ocrx_word' id='word_1_734' title='bbox 2225 4381 2392 4432; x_wconf 80' lang='grc' dir='ltr'>εἰκόνι</span> <span class='ocrx_word' id='word_1_735' title='bbox 2421 4380 2912 4451; x_wconf 76' lang='grc' dir='ltr'>χαρακτηρίζεταιο</span> <span class='ocrx_word' id='word_1_736' title='bbox 2945 4379 3086 4433; x_wconf 75' lang='grc' dir='ltr'>οὕτω</span> <span class='ocrx_word' id='word_1_737' title='bbox 3113 4379 3208 4434; x_wconf 72' lang='grc' dir='ltr'><strong>καὶ</strong></span> <span class='ocrx_word' id='word_1_738' title='bbox 3251 4381 3309 4432; x_wconf 81' lang='grc' dir='ltr'>ὲν</span> <span class='ocrx_word' id='word_1_739' title='bbox 3336 4381 3402 4450; x_wconf 80' lang='grc' dir='ltr'>τῇ</span> <span class='ocrx_word' id='word_1_740' title='bbox 3445 4378 3685 4449; x_wconf 68' lang='grc' dir='ltr'>καθέδρα</span> 
     </span>
    </p>
   </div>
   <div class='ocr_carea' id='block_1_94' title="bbox 443 4466 2016 4543">
    <p class='ocr_par' dir='ltr' id='par_1_94' title="bbox 443 4466 2016 4543">
     <span class='ocr_line' id='line_1_94' title="bbox 443 4466 2016 4543; baseline 0.006 -26"><span class='ocrx_word' id='word_1_741' title='bbox 443 4466 771 4536; x_wconf 88' lang='lat' dir='ltr'><strong>intelligitur</strong></span> <span class='ocrx_word' id='word_1_742' title='bbox 802 4481 968 4534; x_wconf 90' lang='lat' dir='ltr'><strong>quam</strong></span> <span class='ocrx_word' id='word_1_743' title='bbox 1001 4467 1362 4536; x_wconf 87' lang='lat' dir='ltr'><strong>conspicitur,</strong></span> <span class='ocrx_word' id='word_1_744' title='bbox 1396 4468 1538 4524; x_wconf 90' lang='lat' dir='ltr'><strong>idem</strong></span> <span class='ocrx_word' id='word_1_745' title='bbox 1565 4469 1727 4524; x_wconf 87' lang='lat' dir='ltr'><strong>etiam</strong></span> <span class='ocrx_word' id='word_1_746' title='bbox 1769 4471 1823 4525; x_wconf 90' lang='lat' dir='ltr'><strong>in</strong></span> <span class='ocrx_word' id='word_1_747' title='bbox 1854 4473 2016 4543; x_wconf 87' lang='lat' dir='ltr'><strong>origi-</strong></span> 
     </span>
    </p>
   </div>
   <div class='ocr_carea' id='block_1_95' title="bbox 444 4553 2012 4624">
    <p class='ocr_par' dir='ltr' id='par_1_95' title="bbox 444 4553 2012 4624">
     <span class='ocr_line' id='line_1_95' title="bbox 444 4553 2012 4624; baseline 0.008 -16"><span class='ocrx_word' id='word_1_748' title='bbox 444 4555 557 4609; x_wconf 84' lang='lat' dir='ltr'><strong>nali</strong></span> <span class='ocrx_word' id='word_1_749' title='bbox 582 4569 646 4607; x_wconf 91' lang='lat' dir='ltr'><strong>ac</strong></span> <span class='ocrx_word' id='word_1_750' title='bbox 673 4555 956 4624; x_wconf 89' lang='lat' dir='ltr'><strong>principali</strong></span> <span class='ocrx_word' id='word_1_751' title='bbox 984 4553 1160 4608; x_wconf 82' lang='lat' dir='ltr'><strong>forma</strong></span> <span class='ocrx_word' id='word_1_752' title='bbox 1183 4571 1305 4611; x_wconf 89' lang='lat' dir='ltr'><strong>esse</strong></span> <span class='ocrx_word' id='word_1_753' title='bbox 1327 4557 1604 4622; x_wconf 87' lang='lat' dir='ltr'><strong>credatur,</strong></span> <span class='ocrx_word' id='word_1_754' title='bbox 1627 4566 1681 4614; x_wconf 89' lang='lat' dir='ltr'><strong>et</strong></span> <span class='ocrx_word' id='word_1_755' title='bbox 1705 4567 1763 4614; x_wconf 89' lang='lat' dir='ltr'><strong>ut</strong></span> <span class='ocrx_word' id='word_1_756' title='bbox 1789 4560 1842 4616; x_wconf 87' lang='lat' dir='ltr'><strong>in</strong></span> <span class='ocrx_word' id='word_1_757' title='bbox 1867 4563 2012 4620; x_wconf 89' lang='lat' dir='ltr'><strong>bono</strong></span> 
     </span>
    </p>
   </div>
   <div class='ocr_carea' id='block_1_96' title="bbox 441 4645 2015 4722">
    <p class='ocr_par' dir='ltr' id='par_1_96' title="bbox 441 4645 2015 4722">
     <span class='ocr_line' id='line_1_96' title="bbox 441 4645 2015 4722; baseline 0.007 -23"><span class='ocrx_word' id='word_1_758' title='bbox 441 4646 678 4709; x_wconf 88' lang='lat' dir='ltr'><strong>bonum,</strong></span> <span class='ocrx_word' id='word_1_759' title='bbox 709 4653 764 4700; x_wconf 92' lang='lat' dir='ltr'><strong>et</strong></span> <span class='ocrx_word' id='word_1_760' title='bbox 793 4645 847 4699; x_wconf 91' lang='lat' dir='ltr'><strong>in</strong></span> <span class='ocrx_word' id='word_1_761' title='bbox 887 4645 1092 4700; x_wconf 90' lang='lat' dir='ltr'><strong>lumine</strong></span> <span class='ocrx_word' id='word_1_762' title='bbox 1123 4646 1334 4711; x_wconf 89' lang='lat' dir='ltr'><strong>lumen,</strong></span> <span class='ocrx_word' id='word_1_763' title='bbox 1367 4653 1422 4701; x_wconf 88' lang='lat' dir='ltr'><strong>et</strong></span> <span class='ocrx_word' id='word_1_764' title='bbox 1449 4648 1503 4701; x_wconf 90' lang='lat' dir='ltr'><strong>in</strong></span> <span class='ocrx_word' id='word_1_765' title='bbox 1531 4649 1788 4707; x_wconf 89' lang='lat' dir='ltr'><strong>omnibus</strong></span> <span class='ocrx_word' id='word_1_766' title='bbox 1830 4654 2015 4722; x_wconf 92' lang='lat' dir='ltr'><strong>primi-</strong></span> 
     </span>
    </p>
   </div>
   <div class='ocr_carea' id='block_1_97' title="bbox 441 4735 2012 4808">
    <p class='ocr_par' dir='ltr' id='par_1_97' title="bbox 441 4735 2012 4808">
     <span class='ocr_line' id='line_1_97' title="bbox 441 4735 2012 4808; baseline 0.008 -21"><span class='ocrx_word' id='word_1_767' title='bbox 441 4735 553 4788; x_wconf 88' lang='lat' dir='ltr'><strong>tiva</strong></span> <span class='ocrx_word' id='word_1_768' title='bbox 577 4749 640 4788; x_wconf 92' lang='lat' dir='ltr'><strong>ac</strong></span> <span class='ocrx_word' id='word_1_769' title='bbox 665 4735 984 4804; x_wconf 86' lang='lat' dir='ltr'><strong>principalis</strong></span> <span class='ocrx_word' id='word_1_770' title='bbox 1006 4735 1358 4805; x_wconf 91' lang='lat' dir='ltr'><strong>pulchritudo</strong></span> <span class='ocrx_word' id='word_1_771' title='bbox 1382 4752 1476 4807; x_wconf 90' lang='lat' dir='ltr'><strong>per</strong></span> <span class='ocrx_word' id='word_1_772' title='bbox 1501 4739 1750 4808; x_wconf 89' lang='lat' dir='ltr'><strong>proprias</strong></span> <span class='ocrx_word' id='word_1_773' title='bbox 1775 4750 1935 4800; x_wconf 88' lang='lat' dir='ltr'><strong>notas</strong></span> <span class='ocrx_word' id='word_1_774' title='bbox 1959 4745 2012 4800; x_wconf 92' lang='lat' dir='ltr'><strong>in</strong></span> 
     </span>
    </p>
   </div>
   <div class='ocr_carea' id='block_1_98' title="bbox 443 4826 2010 4902">
    <p class='ocr_par' dir='ltr' id='par_1_98' title="bbox 443 4826 2010 4902">
     <span class='ocr_line' id='line_1_98' title="bbox 443 4826 2010 4902; baseline 0.007 -22"><span class='ocrx_word' id='word_1_775' title='bbox 443 4826 677 4896; x_wconf 86' lang='lat' dir='ltr'><strong>imagine</strong></span> <span class='ocrx_word' id='word_1_776' title='bbox 719 4827 1074 4896; x_wconf 88' lang='lat' dir='ltr'><strong>designatur:</strong></span> <span class='ocrx_word' id='word_1_777' title='bbox 1122 4828 1196 4882; x_wconf 89' lang='lat' dir='ltr'><strong>ita</strong></span> <span class='ocrx_word' id='word_1_778' title='bbox 1253 4829 1418 4884; x_wconf 89' lang='lat' dir='ltr'><strong>etiam</strong></span> <span class='ocrx_word' id='word_1_779' title='bbox 1460 4830 1516 4884; x_wconf 89' lang='lat' dir='ltr'><strong>in</strong></span> <span class='ocrx_word' id='word_1_780' title='bbox 1559 4832 1808 4889; x_wconf 86' lang='lat' dir='ltr'><strong>sessione</strong></span> <span class='ocrx_word' id='word_1_781' title='bbox 1850 4834 2010 4902; x_wconf 88' lang='lat' dir='ltr'><strong>Filii,</strong></span> 
     </span>
    </p>
   </div>
   <div class='ocr_carea' id='block_1_99' title="bbox 436 4921 2018 4997">
    <p class='ocr_par' dir='ltr' id='par_1_99' title="bbox 436 4921 2018 4997">
     <span class='ocr_line' id='line_1_99' title="bbox 436 4921 2018 4997; baseline 0.008 -25"><span class='ocrx_word' id='word_1_782' title='bbox 436 4934 825 4989; x_wconf 85' lang='lat' dir='ltr'><strong>quemcunque</strong></span> <span class='ocrx_word' id='word_1_783' title='bbox 869 4921 1084 4974; x_wconf 89' lang='lat' dir='ltr'><strong>tandem</strong></span> <span class='ocrx_word' id='word_1_784' title='bbox 1130 4921 1234 4977; x_wconf 90' lang='lat' dir='ltr'><strong>hoc</strong></span> <span class='ocrx_word' id='word_1_785' title='bbox 1273 4937 1469 4977; x_wconf 91' lang='lat' dir='ltr'><strong>nomen</strong></span> <span class='ocrx_word' id='word_1_786' title='bbox 1510 4923 1844 4980; x_wconf 87' lang='lat' dir='ltr'><strong>intellectum</strong></span> <span class='ocrx_word' id='word_1_787' title='bbox 1883 4943 2018 4997; x_wconf 65' lang='lat' dir='ltr'><strong>prae-</strong></span> 
     </span>
    </p>
   </div>
   <div class='ocr_carea' id='block_1_100' title="bbox 441 5010 2018 5081">
    <p class='ocr_par' dir='ltr' id='par_1_100' title="bbox 441 5010 2018 5081">
     <span class='ocr_line' id='line_1_100' title="bbox 441 5010 2018 5081; baseline 0.004 -16"><span class='ocrx_word' id='word_1_788' title='bbox 441 5011 564 5073; x_wconf 83' lang='lat' dir='ltr'><strong>bet,</strong></span> <span class='ocrx_word' id='word_1_789' title='bbox 604 5010 788 5066; x_wconf 79' lang='lat' dir='ltr'><strong>Patris</strong></span> <span class='ocrx_word' id='word_1_790' title='bbox 820 5026 1040 5080; x_wconf 92' lang='lat' dir='ltr'><strong>quoque</strong></span> <span class='ocrx_word' id='word_1_791' title='bbox 1086 5012 1263 5066; x_wconf 90' lang='lat' dir='ltr'><strong>sessio</strong></span> <span class='ocrx_word' id='word_1_792' title='bbox 1313 5013 1819 5081; x_wconf 88' lang='lat' dir='ltr'><strong>comprehenditur,</strong></span> <span class='ocrx_word' id='word_1_793' title='bbox 1867 5018 2018 5072; x_wconf 88' lang='lat' dir='ltr'><strong>simi-</strong></span> 
     </span>
    </p>
   </div>
   <div class='ocr_carea' id='block_1_101' title="bbox 441 5102 2018 5180">
    <p class='ocr_par' dir='ltr' id='par_1_101' title="bbox 441 5102 2018 5180">
     <span class='ocr_line' id='line_1_101' title="bbox 441 5102 2018 5180; baseline 0.008 -26"><span class='ocrx_word' id='word_1_794' title='bbox 441 5103 566 5156; x_wconf 86' lang='lat' dir='ltr'><strong>liter</strong></span> <span class='ocrx_word' id='word_1_795' title='bbox 608 5110 664 5157; x_wconf 93' lang='lat' dir='ltr'><strong>et</strong></span> <span class='ocrx_word' id='word_1_796' title='bbox 709 5102 764 5156; x_wconf 91' lang='lat' dir='ltr'><strong>in</strong></span> <span class='ocrx_word' id='word_1_797' title='bbox 808 5105 1048 5158; x_wconf 88' lang='lat' dir='ltr'><strong>statione</strong></span> <span class='ocrx_word' id='word_1_798' title='bbox 1096 5105 1294 5166; x_wconf 87' lang='lat' dir='ltr'><strong>statio,</strong></span> <span class='ocrx_word' id='word_1_799' title='bbox 1341 5120 1409 5159; x_wconf 91' lang='lat' dir='ltr'><strong>ne</strong></span> <span class='ocrx_word' id='word_1_800' title='bbox 1457 5107 1595 5161; x_wconf 88' lang='lat' dir='ltr'><strong>ratio</strong></span> <span class='ocrx_word' id='word_1_801' title='bbox 1638 5108 1890 5178; x_wconf 82' lang='lat' dir='ltr'><strong>imaginis</strong></span> <span class='ocrx_word' id='word_1_802' title='bbox 1923 5127 2018 5180; x_wconf 90' lang='lat' dir='ltr'><strong>per</strong></span> 
     </span>
    </p>
   </div>
   <div class='ocr_carea' id='block_1_102' title="bbox 444 5193 2017 5268">
    <p class='ocr_par' dir='ltr' id='par_1_102' title="bbox 444 5193 2017 5268">
     <span class='ocr_line' id='line_1_102' title="bbox 444 5193 2017 5268; baseline 0.006 -22"><span class='ocrx_word' id='word_1_803' title='bbox 444 5193 796 5249; x_wconf 86' lang='lat' dir='ltr'><strong>abolitionem</strong></span> <span class='ocrx_word' id='word_1_804' title='bbox 828 5196 1221 5266; x_wconf 88' lang='lat' dir='ltr'><strong>pr0prielatum</strong></span> <span class='ocrx_word' id='word_1_805' title='bbox 1253 5197 1322 5250; x_wconf 88' lang='lat' dir='ltr'><strong>ab</strong></span> <span class='ocrx_word' id='word_1_806' title='bbox 1348 5196 1602 5266; x_wconf 89' lang='lat' dir='ltr'><strong>originali</strong></span> <span class='ocrx_word' id='word_1_807' title='bbox 1632 5213 1697 5254; x_wconf 88' lang='lat' dir='ltr'><strong>ac</strong></span> <span class='ocrx_word' id='word_1_808' title='bbox 1740 5200 2017 5268; x_wconf 88' lang='lat' dir='ltr'><strong>primitivo</strong></span> 
     </span>
    </p>
   </div>
   <div class='ocr_carea' id='block_1_103' title="bbox 440 5286 2009 5359">
    <p class='ocr_par' dir='ltr' id='par_1_103' title="bbox 440 5286 2009 5359">
     <span class='ocr_line' id='line_1_103' title="bbox 440 5286 2009 5359; baseline 0.007 -22"><span class='ocrx_word' id='word_1_809' title='bbox 440 5286 677 5340; x_wconf 89' lang='lat' dir='ltr'><strong>alienata</strong></span> <span class='ocrx_word' id='word_1_810' title='bbox 713 5287 1004 5343; x_wconf 88' lang='lat' dir='ltr'><strong>intercidat</strong></span> <span class='ocrx_word' id='word_1_811' title='bbox 1046 5297 1208 5359; x_wconf 85' lang='lat' dir='ltr'><strong>atque</strong></span> <span class='ocrx_word' id='word_1_812' title='bbox 1237 5289 1532 5344; x_wconf 88' lang='lat' dir='ltr'><strong>dilabatur.</strong></span> <span class='ocrx_word' id='word_1_813' title='bbox 1575 5289 1700 5345; x_wconf 73' lang='lat' dir='ltr'><strong>Haec</strong></span> <span class='ocrx_word' id='word_1_814' title='bbox 1741 5306 1772 5344; x_wconf 94' lang='lat' dir='ltr'><strong>a</strong></span> <span class='ocrx_word' id='word_1_815' title='bbox 1815 5293 2009 5358; x_wconf 89' lang='lat' dir='ltr'><strong>nobis,</strong></span> 
     </span>
    </p>
   </div>
   <div class='ocr_carea' id='block_1_104' title="bbox 443 5378 2012 5452">
    <p class='ocr_par' dir='ltr' id='par_1_104' title="bbox 443 5378 2012 5452">
     <span class='ocr_line' id='line_1_104' title="bbox 443 5378 2012 5452; baseline 0.008 -23"><span class='ocrx_word' id='word_1_816' title='bbox 443 5378 677 5441; x_wconf 70' lang='lat' dir='ltr'><strong>fratres,</strong></span> <span class='ocrx_word' id='word_1_817' title='bbox 732 5379 800 5434; x_wconf 88' lang='lat' dir='ltr'><strong>ad</strong></span> <span class='ocrx_word' id='word_1_818' title='bbox 850 5383 1185 5451; x_wconf 89' lang='lat' dir='ltr'><strong>propositam</strong></span> <span class='ocrx_word' id='word_1_819' title='bbox 1243 5383 1638 5452; x_wconf 65' lang='lat' dir='ltr'><strong>quaestionem,</strong></span> <span class='ocrx_word' id='word_1_820' title='bbox 1695 5399 1818 5439; x_wconf 92' lang='lat' dir='ltr'><strong>cum</strong></span> <span class='ocrx_word' id='word_1_821' title='bbox 1871 5386 2012 5441; x_wconf 90' lang='lat' dir='ltr'><strong>visio</strong></span> 
     </span>
    </p>
   </div>
   <div class='ocr_carea' id='block_1_105' title="bbox 445 5468 2013 5544">
    <p class='ocr_par' dir='ltr' id='par_1_105' title="bbox 445 5468 2013 5544">
     <span class='ocr_line' id='line_1_105' title="bbox 445 5468 2013 5544; baseline 0.006 -23"><span class='ocrx_word' id='word_1_822' title='bbox 445 5468 706 5540; x_wconf 86' lang='lat' dir='ltr'><strong>Stephani</strong></span> <span class='ocrx_word' id='word_1_823' title='bbox 741 5473 900 5527; x_wconf 84' lang='lat' dir='ltr'><strong>talem</strong></span> <span class='ocrx_word' id='word_1_824' title='bbox 935 5475 1365 5544; x_wconf 78' lang='lat' dir='ltr'><strong>speculationem</strong></span> <span class='ocrx_word' id='word_1_825' title='bbox 1413 5475 1470 5530; x_wconf 87' lang='lat' dir='ltr'><strong>in</strong></span> <span class='ocrx_word' id='word_1_826' title='bbox 1513 5476 1815 5530; x_wconf 86' lang='lat' dir='ltr'><strong>orationem</strong></span> <span class='ocrx_word' id='word_1_827' title='bbox 1862 5477 2013 5530; x_wconf 65' lang='lat' dir='ltr'><strong>intuv</strong></span> 
     </span>
    </p>
   </div>
   <div class='ocr_carea' id='block_1_106' title="bbox 514 5651 1235 5723">
    <p class='ocr_par' dir='ltr' id='par_1_106' title="bbox 514 5651 1235 5723">
     <span class='ocr_line' id='line_1_106' title="bbox 514 5651 1235 5723; baseline 0.004 -17"><span class='ocrx_word' id='word_1_828' title='bbox 514 5651 559 5684; x_wconf 72' lang='grc'><strong>⁸⁸</strong></span> <span class='ocrx_word' id='word_1_829' title='bbox 594 5653 782 5706; x_wconf 70' lang='lat' dir='ltr'><strong>Matth.</strong></span> <span class='ocrx_word' id='word_1_830' title='bbox 818 5670 954 5717; x_wconf 76' lang='lat' dir='ltr'><strong>vxn,</strong></span> <span class='ocrx_word' id='word_1_831' title='bbox 985 5655 1053 5708; x_wconf 66' lang='grc' dir='ltr'>Η</span> <span class='ocrx_word' id='word_1_832' title='bbox 1083 5671 1235 5723; x_wconf 80' lang='lat' dir='ltr'><strong>seqq.</strong></span> 
     </span>
    </p>
   </div>
   <div class='ocr_carea' id='block_1_107' title="bbox 2113 4469 3685 4540">
    <p class='ocr_par' dir='ltr' id='par_1_107' title="bbox 2113 4469 3685 4540">
     <span class='ocr_line' id='line_1_107' title="bbox 2113 4469 3685 4540; baseline -0.001 -18"><span class='ocrx_word' id='word_1_833' title='bbox 2113 4470 2205 4523; x_wconf 85' lang='grc' dir='ltr'><strong>τοῦ</strong></span> <span class='ocrx_word' id='word_1_834' title='bbox 2234 4470 2387 4534; x_wconf 87' lang='grc' dir='ltr'>Υίοῦ,</span> <span class='ocrx_word' id='word_1_835' title='bbox 2418 4473 2447 4524; x_wconf 81' lang='grc' dir='ltr'>ὅ</span> <span class='ocrx_word' id='word_1_836' title='bbox 2471 4472 2523 4524; x_wconf 89' lang='grc' dir='ltr'><strong>τί</strong></span> <span class='ocrx_word' id='word_1_837' title='bbox 2549 4489 2677 4524; x_wconf 84' lang='grc' dir='ltr'>ποτε</span> <span class='ocrx_word' id='word_1_838' title='bbox 2703 4473 2839 4524; x_wconf 83' lang='grc' dir='ltr'>νοεῖν</span> <span class='ocrx_word' id='word_1_839' title='bbox 2868 4470 3027 4524; x_wconf 89' lang='grc' dir='ltr'>τοῦτο</span> <span class='ocrx_word' id='word_1_840' title='bbox 3051 4470 3113 4523; x_wconf 88' lang='lat' dir='ltr'><strong>rb</strong></span> <span class='ocrx_word' id='word_1_841' title='bbox 3141 4470 3312 4540; x_wconf 75' lang='grc' dir='ltr'>ὄνομα</span> <span class='ocrx_word' id='word_1_842' title='bbox 3354 4470 3561 4531; x_wconf 87' lang='grc' dir='ltr'>δίδωσι,</span> <span class='ocrx_word' id='word_1_843' title='bbox 3591 4469 3685 4522; x_wconf 80' lang='grc' dir='ltr'><strong>καὶ</strong></span> 
     </span>
    </p>
   </div>
   <div class='ocr_carea' id='block_1_108' title="bbox 2113 4558 3685 4633">
    <p class='ocr_par' dir='ltr' id='par_1_108' title="bbox 2113 4558 3685 4633">
     <span class='ocr_line' id='line_1_108' title="bbox 2113 4558 3685 4633; baseline -0.003 -19"><span class='ocrx_word' id='word_1_844' title='bbox 2113 4563 2145 4632; x_wconf 81' lang='grc' dir='ltr'><strong>ἡ</strong></span> <span class='ocrx_word' id='word_1_845' title='bbox 2188 4562 2281 4614; x_wconf 88' lang='grc' dir='ltr'><strong>τοῦ</strong></span> <span class='ocrx_word' id='word_1_846' title='bbox 2314 4562 2526 4633; x_wconf 84' lang='grc' dir='ltr'>Πατρὸς</span> <span class='ocrx_word' id='word_1_847' title='bbox 2557 4561 2794 4631; x_wconf 87' lang='grc' dir='ltr'>καθέδρα</span> <span class='ocrx_word' id='word_1_848' title='bbox 2826 4559 3326 4629; x_wconf 77' lang='grc' dir='ltr'>καταλαμϐάνεται,</span> <span class='ocrx_word' id='word_1_849' title='bbox 3361 4558 3562 4629; x_wconf 78' lang='grc' dir='ltr'>ὁμοίως</span> <span class='ocrx_word' id='word_1_850' title='bbox 3592 4559 3685 4611; x_wconf 66' lang='grc' dir='ltr'>καὶ</span> 
     </span>
    </p>
   </div>
   <div class='ocr_carea' id='block_1_109' title="bbox 2113 4650 3685 4723">
    <p class='ocr_par' dir='ltr' id='par_1_109' title="bbox 2113 4650 3685 4723">
     <span class='ocr_line' id='line_1_109' title="bbox 2113 4650 3685 4723; baseline -0.002 -18"><span class='ocrx_word' id='word_1_851' title='bbox 2113 4655 2171 4705; x_wconf 85' lang='grc' dir='ltr'>ἐν</span> <span class='ocrx_word' id='word_1_852' title='bbox 2196 4655 2262 4723; x_wconf 79' lang='grc' dir='ltr'>τῇ</span> <span class='ocrx_word' id='word_1_853' title='bbox 2287 4653 2472 4705; x_wconf 89' lang='grc' dir='ltr'>στάσει</span> <span class='ocrx_word' id='word_1_854' title='bbox 2495 4654 2526 4722; x_wconf 85' lang='grc' dir='ltr'><strong>ή</strong></span> <span class='ocrx_word' id='word_1_855' title='bbox 2561 4653 2768 4714; x_wconf 69' lang='grc' dir='ltr'>στάσιςο</span> <span class='ocrx_word' id='word_1_856' title='bbox 2799 4652 2874 4714; x_wconf 85' lang='grc' dir='ltr'>ὡς</span> <span class='ocrx_word' id='word_1_857' title='bbox 2896 4651 2962 4704; x_wconf 80' lang='grc' dir='ltr'>ἂν</span> <span class='ocrx_word' id='word_1_858' title='bbox 2989 4652 3062 4721; x_wconf 81' lang='grc' dir='ltr'><strong>μὴ</strong></span> <span class='ocrx_word' id='word_1_859' title='bbox 3093 4651 3338 4704; x_wconf 84' lang='grc' dir='ltr'>διαπέσοι</span> <span class='ocrx_word' id='word_1_860' title='bbox 3360 4651 3459 4720; x_wconf 85' lang='grc' dir='ltr'><strong>τῆς</strong></span> <span class='ocrx_word' id='word_1_861' title='bbox 3477 4650 3685 4712; x_wconf 86' lang='grc' dir='ltr'>είκόνος</span> 
     </span>
    </p>
   </div>
   <div class='ocr_carea' id='block_1_110' title="bbox 2111 4741 3683 4814">
    <p class='ocr_par' dir='ltr' id='par_1_110' title="bbox 2111 4741 3683 4814">
     <span class='ocr_line' id='line_1_110' title="bbox 2111 4741 3683 4814; baseline -0.003 -16"><span class='ocrx_word' id='word_1_862' title='bbox 2111 4745 2140 4797; x_wconf 89' lang='lat'><strong>6</strong></span> <span class='ocrx_word' id='word_1_863' title='bbox 2169 4746 2346 4813; x_wconf 88' lang='grc' dir='ltr'>λόγος,</span> <span class='ocrx_word' id='word_1_864' title='bbox 2374 4747 2432 4797; x_wconf 84' lang='grc' dir='ltr'>ὲν</span> <span class='ocrx_word' id='word_1_865' title='bbox 2461 4746 2526 4814; x_wconf 76' lang='grc' dir='ltr'>τῇ</span> <span class='ocrx_word' id='word_1_866' title='bbox 2549 4743 2844 4809; x_wconf 78' lang='grc' dir='ltr'>ἀπαλλάξει</span> <span class='ocrx_word' id='word_1_867' title='bbox 2872 4743 2978 4796; x_wconf 89' lang='grc' dir='ltr'><strong>τῶν</strong></span> <span class='ocrx_word' id='word_1_868' title='bbox 3007 4744 3308 4812; x_wconf 77' lang='grc' dir='ltr'>ἰδιωμάτων</span> <span class='ocrx_word' id='word_1_869' title='bbox 3340 4742 3432 4796; x_wconf 88' lang='grc' dir='ltr'><strong>τοῦ</strong></span> <span class='ocrx_word' id='word_1_870' title='bbox 3457 4741 3683 4814; x_wconf 84' lang='grc' dir='ltr'>ἀρχετύ-</span> 
     </span>
    </p>
   </div>
   <div class='ocr_carea' id='block_1_111' title="bbox 2113 4833 3685 4906">
    <p class='ocr_par' dir='ltr' id='par_1_111' title="bbox 2113 4833 3685 4906">
     <span class='ocr_line' id='line_1_111' title="bbox 2113 4833 3685 4906; baseline 0 -20"><span class='ocrx_word' id='word_1_871' title='bbox 2113 4852 2218 4886; x_wconf 88' lang='grc' dir='ltr'><strong>που</strong></span> <span class='ocrx_word' id='word_1_872' title='bbox 2274 4833 2740 4904; x_wconf 87' lang='grc' dir='ltr'>ἀλλοτριούμενος.</span> <span class='ocrx_word' id='word_1_873' title='bbox 2808 4834 2993 4888; x_wconf 89' lang='grc' dir='ltr'>Ταῦτα</span> <span class='ocrx_word' id='word_1_874' title='bbox 3044 4837 3197 4906; x_wconf 75' lang='grc' dir='ltr'>ἡμῖν,</span> <span class='ocrx_word' id='word_1_875' title='bbox 3240 4835 3489 4904; x_wconf 80' lang='grc' dir='ltr'>ἀδελφοὶ,</span> <span class='ocrx_word' id='word_1_876' title='bbox 3543 4833 3685 4887; x_wconf 88' lang='grc' dir='ltr'>κατά</span> 
     </span>
    </p>
   </div>
   <div class='ocr_carea' id='block_1_112' title="bbox 2117 4924 3682 4996">
    <p class='ocr_par' dir='ltr' id='par_1_112' title="bbox 2117 4924 3682 4996">
     <span class='ocr_line' id='line_1_112' title="bbox 2117 4924 3682 4996; baseline 0.001 -20"><span class='ocrx_word' id='word_1_877' title='bbox 2117 4925 2349 4995; x_wconf 82' lang='grc' dir='ltr'>πάροδον</span> <span class='ocrx_word' id='word_1_878' title='bbox 2395 4924 2531 4995; x_wconf 83' lang='grc' dir='ltr'>πρὸς</span> <span class='ocrx_word' id='word_1_879' title='bbox 2557 4924 2617 4976; x_wconf 89' lang='grc' dir='ltr'>τὺ</span> <span class='ocrx_word' id='word_1_880' title='bbox 2660 4925 3018 4995; x_wconf 87' lang='grc' dir='ltr'>προκείμενον</span> <span class='ocrx_word' id='word_1_881' title='bbox 3050 4925 3270 4996; x_wconf 78' lang='grc' dir='ltr'>ζήτημα</span> <span class='ocrx_word' id='word_1_882' title='bbox 3293 4925 3682 4995; x_wconf 84' lang='grc' dir='ltr'>τεθεωρήσθω,</span> 
     </span>
    </p>
   </div>
   <div class='ocr_carea' id='block_1_113' title="bbox 2114 5014 3686 5088">
    <p class='ocr_par' dir='ltr' id='par_1_113' title="bbox 2114 5014 3686 5088">
     <span class='ocr_line' id='line_1_113' title="bbox 2114 5014 3686 5088; baseline 0 -21"><span class='ocrx_word' id='word_1_883' title='bbox 2114 5015 2212 5084; x_wconf 84' lang='grc' dir='ltr'>τῆς</span> <span class='ocrx_word' id='word_1_884' title='bbox 2249 5014 2342 5068; x_wconf 88' lang='grc' dir='ltr'><strong>τοῦ</strong></span> <span class='ocrx_word' id='word_1_885' title='bbox 2387 5015 2655 5082; x_wconf 81' lang='grc' dir='ltr'>Στεφάνου</span> <span class='ocrx_word' id='word_1_886' title='bbox 2704 5015 2968 5080; x_wconf 82' lang='grc' dir='ltr'>ὀπτασίας</span> <span class='ocrx_word' id='word_1_887' title='bbox 3013 5018 3113 5088; x_wconf 83' lang='grc' dir='ltr'><strong>τὴν</strong></span> <span class='ocrx_word' id='word_1_888' title='bbox 3151 5016 3402 5087; x_wconf 86' lang='grc' dir='ltr'>τοιαύτην</span> <span class='ocrx_word' id='word_1_889' title='bbox 3453 5015 3686 5087; x_wconf 90' lang='grc' dir='ltr'>θεωρίαν</span> 
     </span>
    </p>
   </div>
   <div class='ocr_carea' id='block_1_114' title="bbox 2117 5106 3686 5178">
    <p class='ocr_par' dir='ltr' id='par_1_114' title="bbox 2117 5106 3686 5178">
     <span class='ocr_line' id='line_1_114' title="bbox 2117 5106 3686 5178; baseline 0.003 -20"><span class='ocrx_word' id='word_1_890' title='bbox 2117 5106 2602 5175; x_wconf 83' lang='grc' dir='ltr'>ὲπεισενεγκούσης</span> <span class='ocrx_word' id='word_1_891' title='bbox 2655 5106 2730 5176; x_wconf 83' lang='grc' dir='ltr'><strong>τῷ</strong></span> <span class='ocrx_word' id='word_1_892' title='bbox 2775 5107 2936 5178; x_wconf 83' lang='grc' dir='ltr'>λόγῳ.</span> <span class='ocrx_word' id='word_1_893' title='bbox 2993 5109 3206 5162; x_wconf 81' lang='grc' dir='ltr'>Γένοιτο</span> <span class='ocrx_word' id='word_1_894' title='bbox 3257 5109 3313 5160; x_wconf 78' lang='grc' dir='ltr'><strong>δὲ</strong></span> <span class='ocrx_word' id='word_1_895' title='bbox 3362 5109 3540 5178; x_wconf 77' lang='grc' dir='ltr'>ἡμᾶς,</span> <span class='ocrx_word' id='word_1_896' title='bbox 3611 5106 3686 5176; x_wconf 81' lang='grc' dir='ltr'><strong>μὴ</strong></span> 
     </span>
    </p>
   </div>
   <div class='ocr_carea' id='block_1_115' title="bbox 2115 5198 3682 5270">
    <p class='ocr_par' dir='ltr' id='par_1_115' title="bbox 2115 5198 3682 5270">
     <span class='ocr_line' id='line_1_115' title="bbox 2115 5198 3682 5270; baseline 0 -20"><span class='ocrx_word' id='word_1_897' title='bbox 2115 5198 2310 5262; x_wconf 85' lang='grc' dir='ltr'>θεατὰς</span> <span class='ocrx_word' id='word_1_898' title='bbox 2341 5198 2502 5269; x_wconf 87' lang='grc' dir='ltr'>μόνον</span> <span class='ocrx_word' id='word_1_899' title='bbox 2528 5199 2778 5266; x_wconf 82' lang='grc' dir='ltr'>γενέσθαι</span> <span class='ocrx_word' id='word_1_900' title='bbox 2802 5201 2898 5270; x_wconf 86' lang='grc' dir='ltr'>τῆς</span> <span class='ocrx_word' id='word_1_901' title='bbox 2933 5201 3026 5254; x_wconf 86' lang='grc' dir='ltr'><strong>τοῦ</strong></span> <span class='ocrx_word' id='word_1_902' title='bbox 3065 5202 3336 5269; x_wconf 72' lang='grc' dir='ltr'>Στεφάνου</span> <span class='ocrx_word' id='word_1_903' title='bbox 3371 5200 3682 5270; x_wconf 83' lang='grc' dir='ltr'>ἀθλήσεως,</span> 
     </span>
    </p>
   </div>
   <div class='ocr_carea' id='block_1_116' title="bbox 2117 5287 3684 5361">
    <p class='ocr_par' dir='ltr' id='par_1_116' title="bbox 2117 5287 3684 5361">
     <span class='ocr_line' id='line_1_116' title="bbox 2117 5287 3684 5361; baseline -0.003 -19"><span class='ocrx_word' id='word_1_904' title='bbox 2117 5289 2253 5342; x_wconf 82' lang='grc' dir='ltr'><strong>ἀλλά</strong></span> <span class='ocrx_word' id='word_1_905' title='bbox 2289 5291 2382 5341; x_wconf 79' lang='grc' dir='ltr'><strong>καὶ</strong></span> <span class='ocrx_word' id='word_1_906' title='bbox 2425 5289 2684 5358; x_wconf 82' lang='grc' dir='ltr'>μετόχους</span> <span class='ocrx_word' id='word_1_907' title='bbox 2731 5291 2829 5358; x_wconf 81' lang='grc' dir='ltr'>τῆς</span> <span class='ocrx_word' id='word_1_908' title='bbox 2868 5291 3119 5361; x_wconf 85' lang='grc' dir='ltr'>χάριτος,</span> <span class='ocrx_word' id='word_1_909' title='bbox 3162 5290 3545 5360; x_wconf 78' lang='grc' dir='ltr'>πληρωθέντας</span> <span class='ocrx_word' id='word_1_910' title='bbox 3590 5287 3684 5341; x_wconf 88' lang='grc' dir='ltr'><strong>τοῦ</strong></span> 
     </span>
    </p>
   </div>
   <div class='ocr_carea' id='block_1_117' title="bbox 2119 5380 3686 5451">
    <p class='ocr_par' dir='ltr' id='par_1_117' title="bbox 2119 5380 3686 5451">
     <span class='ocr_line' id='line_1_117' title="bbox 2119 5380 3686 5451; baseline -0.002 -17"><span class='ocrx_word' id='word_1_911' title='bbox 2119 5383 2270 5450; x_wconf 85' lang='grc' dir='ltr'>ἁγίου</span> <span class='ocrx_word' id='word_1_912' title='bbox 2311 5381 2644 5449; x_wconf 86' lang='grc' dir='ltr'>Πνεύματος,</span> <span class='ocrx_word' id='word_1_913' title='bbox 2673 5383 2752 5444; x_wconf 87' lang='grc' dir='ltr'><strong>είς</strong></span> <span class='ocrx_word' id='word_1_914' title='bbox 2779 5382 3094 5451; x_wconf 78' lang='grc' dir='ltr'>καθαίρεσιν</span> <span class='ocrx_word' id='word_1_915' title='bbox 3127 5382 3235 5435; x_wconf 84' lang='grc' dir='ltr'><strong>τῶν</strong></span> <span class='ocrx_word' id='word_1_916' title='bbox 3269 5380 3576 5444; x_wconf 82' lang='grc' dir='ltr'>ἀντιδίκων,</span> <span class='ocrx_word' id='word_1_917' title='bbox 3607 5381 3686 5441; x_wconf 84' lang='grc' dir='ltr'>εἰς</span> 
     </span>
    </p>
   </div>
   <div class='ocr_carea' id='block_1_118' title="bbox 2115 5464 3684 5543">
    <p class='ocr_par' dir='ltr' id='par_1_118' title="bbox 2115 5464 3684 5543">
     <span class='ocr_line' id='line_1_118' title="bbox 2115 5464 3684 5543; baseline -0.004 -16"><span class='ocrx_word' id='word_1_918' title='bbox 2115 5473 2270 5537; x_wconf 81' lang='grc' dir='ltr'>δόξαν</span> <span class='ocrx_word' id='word_1_919' title='bbox 2312 5472 2406 5526; x_wconf 85' lang='grc' dir='ltr'><strong>τοῦ</strong></span> <span class='ocrx_word' id='word_1_920' title='bbox 2447 5473 2649 5542; x_wconf 84' lang='grc' dir='ltr'>Κυρίου</span> <span class='ocrx_word' id='word_1_921' title='bbox 2691 5473 2846 5543; x_wconf 77' lang='grc' dir='ltr'>ἡμῶν</span> <span class='ocrx_word' id='word_1_922' title='bbox 2905 5473 3072 5542; x_wconf 78' lang='grc' dir='ltr'>Ἰησοῦ</span> <span class='ocrx_word' id='word_1_923' title='bbox 3127 5471 3386 5542; x_wconf 80' lang='grc' dir='ltr'>Χριστοῦ,</span> <span class='ocrx_word' id='word_1_924' title='bbox 3422 5464 3466 5538; x_wconf 81' lang='grc' dir='ltr'>ᾧ</span> <span class='ocrx_word' id='word_1_925' title='bbox 3497 5472 3530 5542; x_wconf 78' lang='grc' dir='ltr'><strong>η</strong></span> <span class='ocrx_word' id='word_1_926' title='bbox 3562 5469 3684 5534; x_wconf 76' lang='grc' dir='ltr'>δόξα</span> 
     </span>
    </p>
   </div>
   <div class='ocr_carea' id='block_1_119' title="bbox 1313 5653 2014 5722">
    <p class='ocr_par' dir='ltr' id='par_1_119' title="bbox 1313 5656 2014 5722">
     <span class='ocr_line' id='line_1_119' title="bbox 1313 5656 2014 5722; baseline 0.004 -14"><span class='ocrx_word' id='word_1_927' title='bbox 1313 5657 1358 5688; x_wconf 71' lang='grc' dir='ltr'><strong>’θ</strong></span> <span class='ocrx_word' id='word_1_928' title='bbox 1389 5657 1408 5708; x_wconf 92' lang='lat' dir='ltr'><strong>l</strong></span> <span class='ocrx_word' id='word_1_929' title='bbox 1445 5656 1569 5711; x_wconf 88' lang='lat' dir='ltr'><strong>Cor.</strong></span> <span class='ocrx_word' id='word_1_930' title='bbox 1599 5672 1712 5722; x_wconf 75' lang='lat' dir='ltr'><strong>xlv,</strong></span> <span class='ocrx_word' id='word_1_931' title='bbox 1744 5656 1798 5709; x_wconf 75' lang='lat'><strong>‘2.</strong></span> <span class='ocrx_word' id='word_1_932' title='bbox 1877 5659 1921 5689; x_wconf 89' lang='grc'>³⁰</span> <span class='ocrx_word' id='word_1_933' title='bbox 1958 5656 2014 5712; x_wconf 74' lang='lat' dir='ltr'><strong>Ps</strong></span> 
     </span>
    </p>
   </div>
   <div class='ocr_carea' id='block_1_120' title="bbox 2118 5653 3364 5722">
    <p class='ocr_par' dir='ltr' id='par_1_120' title="bbox 2135 5653 3364 5721">
     <span class='ocr_line' id='line_1_120' title="bbox 2135 5653 3364 5721; baseline -0.001 -13"><span class='ocrx_word' id='word_1_934' title='bbox 2135 5671 2240 5721; x_wconf 66' lang='lat' dir='ltr'><strong>cur,</strong></span> <span class='ocrx_word' id='word_1_935' title='bbox 2279 5655 2327 5709; x_wconf 86' lang='lat' dir='ltr'><strong>l.</strong></span> <span class='ocrx_word' id='word_1_936' title='bbox 2408 5655 2448 5686; x_wconf 83' lang='grc'>⁸¹</span> <span class='ocrx_word' id='word_1_937' title='bbox 2492 5653 2655 5708; x_wconf 59' lang='grc' dir='ltr'>Πρω.</span> <span class='ocrx_word' id='word_1_938' title='bbox 2689 5671 2724 5718; x_wconf 81' lang='grc' dir='ltr'><strong>ι,</strong></span> <span class='ocrx_word' id='word_1_939' title='bbox 2761 5654 2853 5713; x_wconf 67' lang='lat'><strong>13.;</strong></span> <span class='ocrx_word' id='word_1_940' title='bbox 2922 5653 2964 5684; x_wconf 82' lang='grc'><strong>³²</strong></span> <span class='ocrx_word' id='word_1_941' title='bbox 2996 5653 3118 5707; x_wconf 79' lang='lat' dir='ltr'><strong>Act.</strong></span> <span class='ocrx_word' id='word_1_942' title='bbox 3149 5669 3241 5720; x_wconf 74' lang='lat' dir='ltr'><strong>vn,</strong></span> <span class='ocrx_word' id='word_1_943' title='bbox 3277 5654 3364 5709; x_wconf 83' lang='lat'><strong>55.</strong></span> 
     </span>
    </p>
   </div>
  </div>
