4084 6158
367 399 466 456 ’121

363 523 460 578 καὶ
486 520 544 574 τὸ
570 517 768 590 κράτος
793 517 872 579 είς
895 515 1022 581 τοὺς
1051 489 1252 579 αἰῶνας
1280 513 1388 570 τῶν
1418 517 1647 572 αἰώνων.
1690 517 1880 589 Ἀμήν.

1394 395 1671 453 ALTERA
1719 395 2073 454 LAUDATIO
2117 397 2175 454 S.
2213 397 2574 454 STEPHANI.

3507 393 3612 448 72%

2038 519 2194 573 lisset
2214 557 2230 581 ,
2263 519 2439 574 obiter
2465 519 2811 574 considerata
2833 555 2848 582 ,
2873 516 3124 573 discussa
3159 523 3322 585 atque
3345 529 3407 568 ex
3418 514 3611 583 plicata

363 615 454 670 sit.
485 612 777 681 Contingat
826 619 1004 663 autem
1038 607 1229 672 nobis,
1259 616 1321 662 ut
1370 624 1479 662 non
1514 611 1693 664 solum
1731 619 2070 680 spectatores
2123 610 2385 683 Stephani
2447 611 2800 677 certaminis,
2841 608 3197 665 vcrumetiam
3257 605 3443 676 repleti
3488 602 3612 672 Spi-

362 709 472 762 ritu
500 711 692 758 sancto
720 699 909 772 gratiae
943 699 1238 769 participes
1266 698 1460 764 simus,
1491 699 1559 754 ad
1585 701 1928 757 eversionem
1968 701 2433 766 adversariorum,
2465 701 2532 756 ad
2572 701 2803 772 gloriam
2845 698 3056 756 Domini
3081 697 3255 752 nostri
3291 693 3420 750 Jcsu
3454 693 3618 750 Chri-

361 794 428 848 sti
452 832 469 854 ,
501 791 593 847 cui
622 790 832 862 gloria,
862 789 1108 860 potentia
1137 798 1301 860 atque
1329 791 1617 860 imperium
1653 791 1707 846 in
1737 793 1940 848 saecula
1977 793 2330 849 saeculorum.
2356 794 2553 848 Amen.
3039 779 3044 784 ’
3161 790 3164 791 ⁷

1554 1135 1854 1252 ΤΟΥ
1941 1136 2430 1254 ΑΥΤΟΥ

1655 1328 1926 1382 ΕΤΕΡΟΝ
1965 1330 2323 1384 ΕΓΚΩΜΙΟΝ

521 1488 692 1576 ΕΙΣ
788 1487 1017 1574 TON
1099 1479 1434 1573 ΑΓΙΟΝ
1525 1478 2114 1568 ΣΤΕΦΑΝΟΝ

2217 1479 2444 1564 TON
2544 1473 3467 1568 ΠΡΩΤΟΜΑΡΤΥΡΑ.

1713 1763 2283 1879 ΕΙΗΞΒΕΜ

1650 1973 1996 2034 LAUDATIO
2056 1976 2338 2032 ALTERA

782 2152 901 2265 s.
989 2157 1697 2274 STEPHANI
1807 2157 3028 2272 PROTOMARTYRIS
3084 2136 3213 2267 (ί).

1322 2355 1606 2420 interprete
1629 2363 1685 2408 et
1705 2359 1971 2409 scholtaste
1989 2358 2256 2409 Laurentio
2276 2357 2520 2422 Zacagnio
2537 2359 2598 2408 γ.
2623 2359 2676 2409 C.

448 2653 789 2724 Ἐπεδήμησε
813 2655 1044 2726 Χριστὸς
1073 2655 1150 2725 τῷ
1187 2654 1374 2727 κόσμῳ
1405 2657 1484 2719 είς
1517 2655 1810 2726 σωτηρίαν,
1840 2654 1936 2708 καὶ

2107 2654 2360 2712 Christus
2387 2654 2443 2710 in
2474 2656 2663 2711 mundi
2694 2657 2925 2714 salutem
2965 2657 3202 2722 advenit,
3247 2667 3298 2712 et
3343 2655 3490 2711 illico
3516 2654 3621 2710 Eo-

369 2746 486 2815 μετ’
513 2747 673 2800 αὐτὸν
711 2746 1048 2818 ἐϐλάστησαν
1093 2749 1142 2801 οί
1197 2748 1398 2819 καρποὶ
1439 2749 1535 2819 τῆς
1594 2746 1938 2817 Ἐκκλησίας.

371 2831 648 2908 Ἔλαμψεν
679 2841 707 2892 ὁ
735 2836 957 2910 μάρτυς
987 2840 1086 2909 τῆς
1118 2839 1394 2910 ἀληθείας,
1451 2841 1545 2894 καὶ
1594 2838 1943 2908 συνέλαμψαν

365 2931 416 2982 oi
451 2931 721 3000 μάρτυρες
745 2931 844 3000 τῆς
892 2931 1132 3001 μεγάλης
1165 2931 1494 3002 οἰκονομίας.
1541 2929 1946 3000 Ἦκολούθησαν

367 3021 419 3071 οἱ
473 3019 710 3089 μαθηταὶ
756 3019 833 3090 τῷ
892 3021 1223 3091 Διδασκάλῳ,
1255 3023 1366 3083 τοῖς
1405 3022 1700 3089 Κυριακοῖς
1742 3020 1946 3089 ῐχνεσιν

369 3107 674 3172 ὁδεύοντες·
713 3109 851 3180 μετὰ
895 3110 1124 3181 Χριστὸν
1159 3113 1206 3162 οἱ
1249 3111 1650 3180 Χριστοφόροι·
1690 3109 1829 3179 μετὰ
1852 3109 1944 3162 τὸν

369 3199 519 3270 ἥλιον
545 3199 644 3269 τῆς
704 3199 1047 3272 δικαιοσύνης
1070 3203 1120 3254 οἱ
1164 3201 1448 3272 φωστῆρες
1471 3202 1569 3270 τῆς
1595 3200 1942 3270 οἰκουμένης·

371 3290 465 3340 καὶ
515 3288 728 3359 πρῶτος
781 3291 878 3360 μὲν
908 3293 1037 3362 ἡμῖν
1074 3294 1102 3344 ὁ
1155 3291 1419 3359 Στέφανος
1460 3291 1713 3361 ἧνθηισεν,
1743 3290 1842 3344 οὐκ
1881 3292 1946 3344 ἐκ

369 3380 478 3432 τῶν
513 3381 815 3435 Ἰουδαϊκῶν
841 3381 1090 3435 ἀκανθῶν
1111 3383 1356 3446 πλακεὶς,
1381 3381 1493 3435 ἀλλ’
1524 3383 1589 3434 ἐκ
1615 3381 1715 3450 τῆς
1745 3379 1944 3450 ἐκκληα

373 3470 653 3539 σιαστικῆς
679 3470 930 3540 εὐθηνίας
965 3470 1180 3541 πρῶτος
1208 3470 1420 3544 καρπὸς
1446 3469 1524 3540 τῷ
1555 3467 1744 3540 Κυρίῳ
1773 3485 1945 3539 προσ-

370 3560 626 3629 ενεχθείς.
668 3561 905 3613 Ἰουδαῖοι
930 3562 1027 3631 μὲν
1047 3562 1155 3633 γὰρ
1187 3561 1446 3629 στέφανον
1477 3559 1536 3624 ἐξ
1559 3559 1807 3613 ἀκανθῶν
1827 3556 1948 3610 πλέ-

372 3649 579 3718 ξαντες,
623 3656 690 3724 τῇ
733 3655 941 3725 κεφαλῇ
991 3655 1085 3708 τοῦ
1142 3655 1391 3724 Σωτῆρος
1428 3654 1721 3722 ἐπέθηκαν,
1763 3652 1948 3716 ἀξίους

369 3743 466 3812 τῆς
495 3745 666 3813 κακῆς
695 3744 967 3814 γεωργίας
1016 3742 1195 3796 αὐτῶν
1226 3745 1352 3806 τοὺς
1392 3744 1635 3813 καρποὺς
1679 3738 1950 3804 ἐπιδειξά-

373 3854 524 3906 μενοι
545 3837 623 3907 τῷ
662 3839 908 3910 Δεσπότῃ
944 3838 1039 3892 τοῦ
1075 3837 1418 3908 ἀμπελῶνος,
1448 3837 1524 3900 ὡς
1567 3835 1656 3890 διὰ
1693 3836 1792 3907 τῆς
1817 3851 1950 3906 προ-

372 3927 597 3997 φητείας
628 3929 1015 3999 προανεφώνει,
1039 3928 1214 3997 λέγων
1232 3942 1246 3958 '
1283 3927 1584 3999 Ἆμπελὼν
1598 3927 1818 3996 Κυρίου
1845 3930 1948 3979 Σα-

2041 2749 2221 2804 clcsiae
2259 2746 2470 2804 fructus
2513 2749 2852 2819 prodierunt.
2899 2747 3132 2804 Rcfulsit
3165 2750 3320 2804 testis
3350 2747 3618 2814 veritatis,

2043 2840 2315 2909 simulque
2343 2855 2550 2909 magna:
2575 2840 3003 2910 dispensationis
3030 2848 3197 2896 testes
3223 2845 3614 2894 coruscarum.

2046 2930 2228 2985 Secuti
2259 2938 2384 2985 sunt
2417 2931 2733 3000 Magistrum
2782 2931 3058 3001 discipuli,
3101 2931 3314 2986 Domini
3368 2930 3614 2999 vestigiis

2044 3023 2398 3088 insistentes;
2426 3031 2550 3092 post
2577 3023 2878 3088 Christum,
2910 3023 3219 3079 Christifcri
3249 3041 3262 3090 ;
3295 3030 3429 3092 post.
3445 3022 3624 3078 solem-

2041 3115 2287 3184 justitiae,
2323 3121 2483 3168 terrae
2530 3115 2780 3169 lumina:
2832 3125 2887 3170 et
2923 3115 3135 3184 primus
3187 3113 3405 3184 quidem
3456 3114 3618 3167 nobis

2047 3205 2376 3276 Stephanus,
2416 3223 2609 3260 corona
2643 3207 2870 3269 scilicet,
2893 3205 3096 3272 floruit,
3125 3222 3232 3260 non
3265 3221 3328 3260 ex
3377 3203 3631 3258 Judaicis.

2046 3299 2218 3367 Spinis
2261 3306 2534 3361 contexta,
2585 3297 2682 3354 sed
2738 3299 2944 3368 primus
2993 3299 3252 3353 Ecclesiae
3317 3296 3616 3351 fertilitatis

2046 3388 2256 3442 fructus
2292 3387 2398 3442 Deo
2439 3387 2678 3442 oblatus.
2719 3386 2930 3456 Quippe
2966 3386 3136 3440 Judaei
3178 3387 3421 3455 spineam
3455 3399 3616 3438 coro-

2047 3495 2170 3534 nam
2210 3478 2506 3533 Salvatoris
2557 3476 2720 3546 capiti
2764 3479 3161 3545 imposuerunt,
3213 3476 3355 3528 mala
3401 3490 3500 3529 sua
3533 3475 3618 3528 di-

2048 3586 2185 3640 gnos
2205 3569 2542 3638 agricultura
2575 3568 2787 3622 fructus
2811 3569 3038 3622 Domino
3059 3568 3229 3621 vinem
3254 3573 3628 3631 ostentantes,

2047 3657 2500 3728 quemadmodum
2533 3673 2630 3726 per
2659 3656 2951 3726 prophetas
2982 3656 3110 3710 olim
3148 3657 3365 3711 locutus
3393 3663 3498 3724 est,
3529 3655 3616 3710 di.-

2047 3763 2217 3804 ccns:
2259 3747 2420 3802 Vinea
2451 3748 2662 3802 Domini
2695 3746 2952 3812 Sabaoth,
2997 3746 3186 3801 domus
3219 3745 3390 3802 Israel
3419 3755 3518 3813 est,
3567 3756 3620 3802 et

2048 3839 2202 3892 homo
2245 3835 2413 3901 Iuda,
2446 3836 2649 3891 novella
2684 3837 2946 3906 plantatio
2975 3837 3187 3892 dilecta.
3217 3836 3528 3905 Exspectavi
3559 3845 3616 3890 ut

2050 3929 2243 3999 faceret
2264 3945 2416 3995 uvas,
2449 3928 2572 3997 fecit
2612 3939 2785 3984 autem
2814 3930 2993 3998 spinas
3015 3931 3056 3984 ί.
3079 3929 3149 3982 At
3170 3928 3497 4000 evangelicae
3522 3943 3613 3984 ve-

370 4017 544 4083 6acb0,
562 4014 723 4084 οἷκος
742 4019 850 4074 τοῦ
880 4019 1116 4088 Ἰσραήλ
1135 4020 1286 4083 ἐστι,
1307 4019 1405 4074 καὶ
1426 4022 1459 4074 ό
1479 4019 1788 4087 ἄνθρωπος
1816 4017 1946 4071 Ἰού-

2048 4019 2226 4075 ritatis
2257 4018 2511 4086 operarii,
2538 4018 2771 4087 primum
2814 4018 3033 4090 pietatis
3061 4017 3345 4074 exordium
3379 4025 3435 4072 et
3473 4017 3619 4088 agri-

369 4105 462 4170 6α,
495 4108 792 4176 νεόφυτον
831 4109 1238 4178 ἠγαπημένον.
1278 4110 1516 4178 Ἕμεινα
1546 4109 1654 4162 τοῦ
1701 4107 1950 4177 ποιῆσαι

370 4199 712 4268 σταφυλὴν,
741 4200 993 4268 ἐποίησε
1017 4198 1086 4252 δὲ
1119 4197 1405 4264 ἀκάνθας.
1431 4199 1494 4251 υἱ
1513 4199 1570 4250 δὲ
1597 4200 1696 4268 τῆς
1720 4198 1950 4266 εὐαγγε-

370 4288 525 4357 λικῆς
555 4289 809 4359 ἀληθείας
836 4289 1063 4361 ἐργάται
1098 4288 1304 4360 πρῶτον
1331 4287 1614 4358 προοίμιον
1646 4288 1943 4353 εὐσεϐείας,

373 4381 466 4432 καὶ
523 4380 745 4451 πρώτην
798 4381 1054 4452 ἀπαρχὴν
1100 4381 1199 4451 τῆς
1239 4379 1531 4451 γεωργίας,
1558 4380 1826 4447 Στέφανον
1854 4379 1948 4433 τὸν

372 4469 527 4538 ἅγιον
587 4471 755 4542 ἄνδρα
792 4472 1159 4544 προσφέρουσι
1210 4471 1287 4542 τῷ
1324 4472 1588 4544 Δεσπότῃ,
1628 4465 1717 4524 οἷα
1740 4471 1804 4538 δή
1824 4487 1945 4524 τινα

374 4561 636 4627 στέφανον
681 4563 894 4633 ἀληθῶς
941 4565 1006 4618 ἐκ
1045 4563 1254 4618 πολλῶν
1303 4563 1397 4617 καὶ
1428 4563 1698 4632 διαφόρων
1738 4560 1946 4632 ἀρετῶν

374 4654 836 4724 συνηρμοσμένον.
889 4654 1113 4725 Πρῶτον
1143 4655 1241 4726 μὲν
1277 4654 1386 4725 γὰρ
1416 4656 1444 4708 ὁ
1469 4653 1770 4723 θαυμάσιος
1795 4647 1946 4716 οὗτος

373 4741 511 4813 ἀνὴρ
537 4743 635 4814 τὴν
668 4743 775 4798 τῶν
803 4743 983 4815 χηρῶν
1025 4744 1346 4816 ἐπιμέλειαν
1379 4743 1711 4811 ἐπιστεύετο,
1750 4760 1947 4816 μαρτυ-

444 4918 462 4950 ¹
485 4918 592 4975 Isa.
615 4936 668 4985 v,
705 4921 758 4975 7.

446 5079 521 5148 (Ι)
551 5076 779 5131 Galland
812 5117 826 5141 ,
872 5073 985 5148 Vel.
1019 5073 1239 5148 Patrum
1291 5074 1562 5148 Biblioth.,
1595 5086 1737 5148 tom.
1765 5074 1852 5142 Vl,
1884 5091 1936 5148 p.

374 5145 660 5203 595⁷11.εο
697 5148 873 5201 oratio
911 5146 994 5200 bis
1038 5145 1228 5198 eadem
1289 5161 1453 5200 manu
1504 5146 1837 5201 describitur
1885 5145 1940 5200 in

375 5216 643 5272 Vaticano
669 5217 882 5280 codice,
910 5230 1060 5270 num.
1091 5213 1215 5276 446,
1250 5216 1416 5269 semel
1443 5216 1664 5284 quidem
1708 5215 1766 5270 in
1793 5216 1942 5270 calce

374 5287 620 5353 ejusdem
657 5288 887 5349 codicis,
918 5286 1116 5339 iterum
1149 5299 1279 5356 vero
1322 5284 1465 5356 inter
1505 5286 1650 5356 alias
1695 5285 1945 5356 Gregorii

376 5357 939 5428 Nysseniiora’tiones,
966 5354 1334 5428 postcelebre
1360 5355 1604 5424 ejusdem
1635 5354 1945 5428 enconiium

377 5423 556 5483 sancti
600 5427 883 5507 Stephani,
922 5423 1204 5507 typisjam
1231 5423 1459 5507 editum,
1491 5433 1544 5506 et
1577 5425 1722 5507 quod
1764 5427 1819 5478 in
1871 5425 1948 5505 fe-

377 5507 462 5551 sto
492 5498 669 5553 sancti
700 5492 968 5565 Stephani
986 5492 1224 5564 'publice
1254 5494 1309 5546 in
1339 5492 1787 5565 EcclesiaGraeea
1813 5495 1950 5565 reci-

375 5567 483 5620 tari
527 5575 764 5621 testatur
808 5563 1067 5634 Typicum
1122 5565 1427 5617 monasterii
1473 5563 1532 5618 S.
1581 5565 1757 5618 Sabw.
1808 5563 1948 5634 Hinc

376 5637 563 5705 itaque
595 5637 794 5691 factum
823 5633 906 5689 est
938 5647 995 5689 ut
1025 5635 1249 5704 Ἕτερον
1269 5634 1542 5702 ἐγκώμιον
1565 5637 1644 5696 είς
1670 5635 1763 5686 τὸν
1789 5633 1952 5705 ἅγιον

380 5704 656 5773 Στέφανον
693 5707 746 5759 in
793 5719 860 5758 eo
895 5705 1082 5760 codice
1117 5705 1468 5769 inscribatur,
1519 5705 1646 5758 licet
1692 5704 1943 5772 sequenti

379 5777 470 5832 die
497 5776 640 5832 festo
668 5774 909 5832 habitum
933 5789 963 5831 a
990 5773 1234 5844 Nysseno
1263 5774 1435 5832 fuisse
1468 5791 1532 5830 ex
1559 5775 1680 5844 ejus
1717 5773 1947 5830 lectione

2047 4111 2274 4165 culturae
2321 4125 2434 4165 sua:
2459 4109 2748 4177 primitias,
2779 4107 3115 4180 Stephanum
3147 4109 3326 4164 virum
3364 4115 3616 4165 sanctum

2044 4198 2278 4252 Domino
2331 4197 2605 4262 olferunt,
2676 4197 2844 4252 veluti
2902 4212 3163 4252 coronam
3207 4197 3501 4268 quamdam
3550 4211 3617 4251 ex

2041 4290 2230 4345 multis
2259 4287 2604 4357 diversisque
2629 4288 2932 4344 virtutibus
2955 4304 3086 4345 vere
3124 4295 3463 4344 contextam.
3501 4285 3620 4340 Pri-

2040 4397 2189 4436 mum
2225 4379 2494 4450 siquidem
2523 4379 2649 4434 huic
2675 4379 2983 4434 admirabili
3004 4382 3126 4434 viro
3148 4379 3442 4433 viduarum
3483 4388 3618 4429 cura

2050 4469 2378 4526 demandata
2421 4475 2526 4532 est,
2577 4482 2701 4524 cum
2735 4468 2854 4538 ipse
2903 4479 3160 4538 tanquam
3205 4465 3381 4520 fidelis
3410 4463 3514 4529 vir,
3552 4477 3618 4518 ac

2051 4559 2252 4631 Spiritu
2280 4567 2473 4616 sancto
2499 4560 2714 4630 plenus,
2744 4567 2799 4613 et
2824 4560 3196 4628 apostolorum
3221 4554 3430 4624 judicio
3444 4560 3618 4623 atque

2051 4652 2287 4716 delectu,
2318 4659 2372 4706 et
2404 4659 2595 4722 postea
2623 4649 2884 4720 spiritalis
2906 4648 3190 4719 sapientiae
3219 4647 3439 4711 virtute,
3467 4660 3620 4700 com-

2052 4741 2314 4813 probatus
2345 4739 2560 4796 fuisset.
2588 4737 2652 4792 Et
2675 4751 2815 4793 sane
2831 4739 2968 4792 tantl
2998 4735 3168 4794 studii
3203 4745 3365 4805 atque
3390 4741 3620 4790 conatus

2048 5075 2255 5148 liquido
2280 5084 2514 5148 constet,
2545 5077 2696 5148 quia,
2722 5091 2935 5148 nempe,
2964 5091 2994 5130 a
3023 5074 3095 5148 8.Δ
3123 5071 3403 5148 Stephani
3443 5073 3618 5128 laudi-

2049 5143 2154 5201 bus
2187 5145 2488 5214 incipiens,
2525 5143 2650 5201 mox
2684 5143 2760 5201 ad
2806 5143 3194 5202 celebrandum
3227 5143 3328 5199 SS.
3373 5143 3616 5214 Petrum,

2048 5211 2338 5279 Jacobuni,
2385 5222 2441 5269 et
2472 5214 2759 5278 Joannem,
2807 5216 3086 5283 apostolos
3126 5215 3416 5269 transitum
3464 5211 3615 5283 facit.

2042 5284 2158 5355 Nos
2184 5291 2366 5339 autem
2393 5292 2682 5355 utramque
2713 5281 2976 5342 orationis
3002 5283 3181 5355 hujus
3195 5284 3515 5355 editionem,
3559 5281 3615 5355 in

2045 5353 2313 5409 Vaticano
2363 5354 2555 5424 codice
2595 5351 3089 5424 repraesentatam,‘
3132 5351 3528 5424 diﬂiciliorihus
3564 5351 3620 5404 in

2045 5425 2180 5479 locis
2211 5423 2616 5491 consuluimus,
2651 5421 2705 5478 et
2731 5440 2797 5477 ex
2835 5437 2898 5478 ea
2932 5432 3176 5478 nostram
3225 5421 3618 5491 expressimus,

2044 5493 2184 5548 locis
2215 5501 2418 5557 tamen,
2453 5495 2546 5549 ubi
2595 5488 2824 5562 utraque
2868 5494 3010 5548 inter
3042 5507 3102 5548 se
3146 5488 3440 5562 discrepat,
3476 5488 3618 5562 indi:

2044 5563 2206 5618 catis.
2236 5565 2503 5619 Cancrum
2535 5565 2674 5618 hanc
2703 5559 3005 5617 orationem
3049 5562 3366 5633 genuinum
3390 5559 3624 5633 Nysscn-i

2049 5634 2220 5688 fetum
2247 5648 2388 5706 esse,
2419 5641 2535 5688 tum
2567 5635 2742 5706 stylus
2772 5633 2909 5706 ipse,
2942 5626 3076 5706 ιιιηῖ
3123 5631 3373 5685 nonnulli
3403 5626 3617 5706 antiqui

2051 5718 2232 5758 mores
2292 5704 2347 5759 in
2398 5719 2464 5761 ea
2509 5700 2820 5766 memorati,
2889 5703 3025 5759 satis
3069 5714 3343 5772 superque
3397 5700 3628 5757 demut-

2058 5779 2256 5829 strant.
