4050 6164
443 447 455 477 ι

465 425 534 479 ‘35

1671 426 1727 482 S.
1757 422 2083 482 GRECORII
2141 423 2432 482 NYSSENI

3581 417 3687 472 7‘25

432 539 702 610 specimen
750 539 802 592 in
851 538 1244 609 propugnando
1283 540 1790 612 promulgandnque
1824 540 1996 597 Evan-

2113 542 2286 613 οηθεὶς
2317 542 2496 613 κρίσει
2526 542 2616 596 καὶ
2647 541 2842 612 ἐκλογῇ
2881 538 2990 593 τῶν
3037 535 3351 593 ἀποστόλων
3380 532 3520 604 ἀνὴρ
3549 529 3690 586 εἶναι

432 631 572 701 gelio
597 629 920 700 praebuerat,
954 640 1012 684 ut
1033 639 1087 685 et
1117 644 1313 701 magna
1346 631 1545 685 divina:
1589 631 1810 685 virtutis
1841 631 2003 684 mira-

431 722 554 776 cula
595 720 715 789 ejus
759 720 1201 790 praedicationem
1249 723 1664 778 comitarentur.
1701 723 2002 792 Stephanus

429 812 590 877 enim,
624 811 818 882 inquit,
843 812 1024 882 plenus
1047 813 1152 880 ﬁde
1176 823 1224 867 et
1248 813 1561 884 fortitudine
1596 814 1822 884 faciebat
1850 814 2003 884 signa

431 903 683 972 magna”.
735 901 921 972 Neque
970 905 1117 960 enim
1163 906 1452 961 viduarum
1498 920 1686 960 curam
1743 906 1856 960 ullo
1901 905 2002 960 sibi

433 993 824 1064 impedimento
853 995 970 1051 fore
1007 998 1236 1067 putavit,
1275 996 1370 1053 sed
1404 1004 1458 1053 et
1494 999 1600 1052 hoc
1626 1013 1791 1054 onere
1819 997 2006 1052 alacri-

433 1093 515 1139 ter
543 1093 823 1156 suscepto,
860 1101 891 1141 a
920 1088 1071 1143 verbi
1097 1088 1404 1144 ministerio
1424 1104 1705 1159 nunquam
1738 1090 2001 1152 cessavit;

429 1185 485 1234 et
519 1177 623 1235 hoc
651 1179 830 1250 ipsum
872 1181 928 1234 in
958 1194 1023 1236 eo
1068 1195 1277 1252 magna:
1302 1181 1653 1236 admirationi
1687 1188 1827 1244 erat,
1859 1177 2002 1249 quod

431 1270 597 1325 animi
627 1271 695 1326 ad
748 1272 1064 1328 subeundos
1100 1273 1317 1328 labores
1370 1273 1628 1344 propensi
1674 1271 2004 1342 singularem

433 1361 595 1431 plane
639 1362 1032 1418 abundantiam
1068 1363 1406 1419 ostenderet.
1449 1361 1753 1418 Viduarum
1817 1375 2004 1415 curam

429 1454 690 1524 gerebat,
745 1465 798 1510 et
847 1455 1153 1511 animarum
1208 1455 1561 1526 negotiationi
1617 1453 2004 1515 incumbebat,

433 1545 556 1601 illas
595 1545 815 1616 quidem
861 1562 1001 1618 pane
1041 1548 1312 1611 nutriens,
1347 1548 1447 1602 has
1496 1560 1627 1602 vero
1664 1543 2008 1600 sermonibus

434 1637 758 1704 instruens;
820 1639 928 1694 illis
974 1639 1194 1710 quidem
1242 1637 1582 1708 corporalem
1618 1649 1864 1690 mensam
1914 1647 2010 1702 ap-

435 1745 662 1799 ponens,
710 1731 796 1786 his
826 1746 955 1787 vero
1011 1730 1296 1802 Spirituale
1344 1729 1562 1800 epulum
1603 1741 1826 1798 parans.
1878 1726 2011 1778 Erat

432 1820 576 1875 enim
613 1820 698 1874 vir
729 1821 971 1891 probus,
1007 1830 1061 1877 et
1094 1823 1288 1892 plenus
1335 1821 1543 1892 Spiritu
1579 1825 1796 1884 sancto,
1838 1815 2007 1871 animi

433 1911 653 1981 quidem
690 1883 966 1982 probitate?
991 1883 1258 1984 pauperes
1285 1883 1463 1968 alendi
1490 1926 1690 1966 munus
1711 1883 2010 1972 sustinens,
2045 1883 2086 1942 Β

434 2003 685 2073 loquendi
721 2020 852 2059 vero
887 2004 1160 2070 libertate,
1193 2013 1246 2061 et
1290 2003 1532 2076 Spiritus
1579 2003 1754 2058 sancti
1787 2001 2008 2064 virtute,

434 2091 680 2147 veritatis
702 2092 953 2149 hostibus
982 2108 1079 2148 ora
1105 2093 1465 2165 praecludens.
1503 2091 1772 2150 Omnibus
1828 2092 2014 2161 itaque

434 2183 748 2251 resistebat,
778 2195 830 2240 et
852 2184 1117 2242 adversus
1140 2201 1333 2244 omnes
1357 2184 1605 2242 veritatis
1629 2182 2014 2255 praedicatione

434 2275 769 2342 decertabat,
825 2276 1263 2334 adversariorum
1316 2277 1547 2333 consilia
1597 2276 1918 2339 destruens,
1958 2284 2014 2329 et

435 2380 649 2421 omnem
675 2367 1021 2422 altitudinem
1050 2368 1400 2424 extollentem
1443 2384 1504 2425 se
1545 2367 1808 2424 adversus
1837 2367 2015 2422 scien-

434 2457 564 2510 tiam
606 2457 701 2512 Dei
721 2458 761 2512 ³.
799 2457 976 2513 Tanta
1006 2466 1190 2514 autem
1235 2458 1452 2514 dicendi
1483 2457 1534 2513 vi
1585 2466 1750 2529 atque
1777 2456 2013 2513 efﬁcacia

435 2549 697 2617 praeditus
719 2558 858 2614 erat,
902 2557 961 2604 ut
1010 2563 1168 2604 sacra
1199 2548 1396 2620 pagina
1429 2555 1686 2613 testante,
1725 2563 1888 2613 nemo
1918 2564 2012 2619 po-

434 2639 600 2693 tuerit
629 2638 889 2694 resistere
922 2639 1204 2710 sapientia:
1233 2649 1287 2696 et
1327 2639 1568 2710 spiritui,
1607 2654 1718 2710 quo
1755 2639 2014 2710 loqueba-

435 2736 526 2782 tur
550 2729 593 2784 δ.
617 2730 724 2786 Sed
753 2730 818 2784 ad
843 2731 1137 2786 concilium
1162 2731 1459 2801 impietatis
1487 2730 1687 2786 ductus
1709 2729 1810 2785 fuit
1837 2745 2013 2800 praeco

435 2819 732 2886 veritatis;
779 2828 995 2890 oportet
1040 2822 1185 2877 enim
1237 2836 1340 2875 nos
1407 2821 1481 2876 ita
1534 2821 1590 2876 in
1645 2829 2010 2886 transcursu,

435 2909 648 2965 debitas
682 2909 1072 2982 Protomartyri
1111 2911 1304 2978 laudes
1329 2911 1577 2975 reddere,
1611 2927 1750 2982 quas
1782 2911 1895 2966 heri
1935 2911 2010 2982 (2)

436 3000 735 3068 adimplere
764 2990 989 3071 propter
1011 3003 1262 3072 corporis
1291 3003 1662 3057 inﬁrmitatem
1699 3018 1807 3058 non
1838 3003 2010 3070 licuit,

434 3098 489 3144 et
518 3089 678 3144 hodie
711 3090 948 3145 debitam
992 3092 1200 3146 sanctis
1235 3092 1498 3160 apostolis
1536 3093 2014 3148 commemoratio-

435 3195 560 3235 nem
609 3195 888 3251 peragere.
945 3179 1191 3236 Primum
1240 3183 1508 3254 siquidem
1550 3198 1727 3254 neque
1776 3182 2009 3248 diebus,
2040 3218 2082 3276 ρ

437 3287 617 3341 neque
663 3272 1005 3342 temporibus
1057 3281 1374 3329 sanctorum
1429 3274 1618 3330 Iaudes
1661 3274 2012 3329 circumscri-

435 3363 626 3418 benda:
653 3372 781 3418 sunt
806 3381 822 3429 ;
849 3377 973 3417 nam
1002 3361 1071 3418 In
1104 3365 1380 3429 memoria,
1410 3364 1504 3432 ait,
1552 3373 1751 3420 (eterna
1775 3365 1877 3417 erit
1915 3364 2012 3433 ju-

435 3465 551 3510 stus
573 3454 616 3510 ⁸.
647 3454 852 3512 Deinde
881 3470 1012 3511 vero
1045 3456 1246 3525 quibus
1277 3471 1385 3510 una
1410 3456 1710 3526 eademque
1735 3455 1837 3512 fuit
1861 3470 2014 3511 mens

435 3553 601 3618 atque
651 3548 924 3603 sententia
955 3547 1056 3618 (5),
1101 3546 1138 3602 ii
1175 3548 1362 3618 utique
1400 3547 1625 3602 laudum
1654 3561 1874 3618 quoque
1918 3547 2014 3602 de-

433 3638 565 3694 bent
594 3653 718 3695 esse
740 3645 1046 3695 consortes.
1075 3636 1195 3694 Non
1223 3639 1406 3709 itaque
1439 3637 1695 3694 laudandi
1728 3646 1856 3693 sunt
1895 3637 2014 3694 sine

433 3729 698 3799 apostolis
721 3737 1009 3801 martyres,
1041 3743 1143 3784 nec
1173 3728 1292 3784 sine
1323 3729 1444 3784 istis
1472 3729 1729 3798 apostoli.
1759 3727 2010 3798 Magistri

434 3820 581 3874 enim
620 3828 919 3890 martyrum
957 3821 1214 3890 apostoli,
1251 3820 1518 3891 imagines
1560 3837 1692 3876 vero
1731 3821 2012 3890 apostolo-

435 3923 557 3962 rum
581 3917 710 3964 sunt
740 3916 1030 3978 martyres.
1063 3906 1285 3962 Illorum
1311 3908 1496 3977 itaque
1520 3908 1815 3979 imaginem
1849 3917 2014 3980 atque

435 3999 673 4068 insigne,
729 4013 948 4054 crucem
999 3997 1268 4064 videlicet,
1322 3999 1515 4055 beatus
1561 4015 1674 4070 pra:
1715 4016 1775 4058 se
1829 4000 2012 4058 ferens

439 4087 771 4158 Stephanus,
827 4089 1036 4157 primus
1085 4102 1305 4159 quoque
1354 4105 1450 4160 per
1489 4100 1719 4146 mortem
1764 4092 2011 4163 martyrii

435 4193 642 4235 corona
664 4178 953 4236 redimitus
985 4179 1110 4237 fuit.
1158 4178 1304 4248 Quin
1339 4190 1393 4237 et
1425 4183 1675 4254 martyrii
1726 4183 2011 4239 tolerantia

435 4271 716 4342 magistris
744 4272 973 4344 gloriam
1014 4271 1379 4344 decoremque
1411 4275 1791 4344 comparavit;
1826 4283 1882 4330 et
1927 4274 2010 4330 fa-

434 4371 559 4419 ctus
599 4373 686 4420 est
731 4378 858 4420 vere
905 4362 1238 4434 Stephanus,
1293 4367 1396 4419 hoc
1439 4375 1543 4432 est,
1592 4381 1834 4429 corona;
1884 4382 2010 4420 nam

434 4453 824 4525 magistrorum
855 4453 1201 4524 egregiorum
1249 4467 1475 4518 corona,
1525 4467 1634 4507 non
1664 4467 1730 4507 ex
1778 4453 2012 4508 celebri-

2111 635 2322 701 πιστὸς,
2347 636 2441 688 καὶ
2468 635 2678 705 πλήρης
2701 633 3017 704 Πνεύματος
3045 631 3224 696 ἀγίου,
3245 627 3435 680 ἔπειτα
3461 623 3690 692 δυνάμει

2077 755 2080 758 ~
2109 726 2482 797 πνευματικῆς
2505 724 2714 794 σοφίας.
2741 725 2851 778 Καὶ
2882 722 2990 794 γὰρ
3007 721 3083 794 τῷ
3096 720 3223 790 θείῳ
3249 718 3394 787 λόγῳ
3420 715 3691 782 τοσαύτην

2109 817 2250 889 ὑπὲρ
2281 816 2375 871 τοῦ
2434 817 2788 888 κηρύγματος
2845 813 3168 885 συνηγορίαν
3213 809 3580 869 ἐπεδείκνυτο,
3614 806 3690 868 ὠς

2109 910 2204 964 καὶ
2259 909 2469 980 μεγάλα
2497 909 2565 962 τὰ
2595 909 2851 979 θαύματα
2894 907 2994 977 τῆς
3041 904 3192 968 Θείας
3242 899 3522 973 ἐνεργείας
3569 915 3692 950 συν-

2108 1001 2320 1072 τρέχειν
2340 999 2504 1054 αὐτοῦ
2521 1002 2639 1063 ταῖς
2649 997 3040 1060 διδασκαλίαις.
3062 994 3366 1064 Στέφανος
3383 992 3511 1062 γὰρ,
3535 991 3688 1059 φησὶν

2110 1093 2345 1161 πλήρης
2401 1094 2657 1157 πίστεως
2698 1091 2794 1144 καὶ
2852 1087 3181 1158 δυνάμεως,
3231 1085 3418 1140 ἐποίει
3473 1081 3692 1152 σημεῖά

2104 1184 2359 1258 μεγάλα.
2420 1185 2495 1238 Ub
2533 1184 2640 1254 γὰρ
2665 1183 2979 1238 ἐδικαίωσεν
2999 1180 3256 1251 ἐμπόδιον
3277 1175 3428 1247 αὐτῷ
3452 1193 3504 1228 τι
3543 1173 3692 1244 γενέ-

2113 1274 2236 1329 σθαι
2267 1277 2333 1346 τῇ
2372 1274 2502 1345 περὶ
2531 1273 2630 1337 τάς
2668 1273 2844 1344 χήρας
2866 1271 3090 1341 σπουδῇ,
3117 1268 3250 1322 ἀλλὰ
3273 1268 3366 1321 καὶ
3386 1265 3590 1334 ταύτης
3612 1265 3688 1316 ετ-

2111 1385 2235 1438 χετο
2263 1367 2578 1440 προθύμως,
2603 1365 2863 1436 κάκείνης
2889 1364 2990 1417 οὐκ
3018 1359 3427 1432 άπελιμπάνετο
3447 1375 3461 1388 ο
3495 1357 3588 1412 καὶ
3624 1351 3693 1426 ἦν

2113 1461 2198 1512 ἐπ’
2221 1458 2370 1530 αὐτῷ
2389 1458 2530 1528 μέγα
2543 1457 2604 1511 τὸ
2623 1457 2828 1528 θαῦμα,
2841 1457 2935 1511 καὶ
2951 1453 3237 1524 φιλοπόνου
3253 1451 3487 1514 διανοίας
3507 1448 3692 1502 πλεον-

2115 1551 2352 1620 έκτημα.
2401 1550 2593 1621 Χήρας
2624 1547 2957 1610 ἐπιστεύετο,
2990 1545 3083 1599 καὶ
3111 1544 3288 1615 ψυχάς
3319 1540 3688 1612 ἐνεπορεύετο,

2113 1641 2213 1704 τὰς
2265 1641 2364 1711 μέν
2406 1641 2556 1712 ἄρτῳ
2592 1639 2830 1708 τρέφων,
2858 1638 2954 1701 τὰς
2991 1637 3047 1691 δέ
3085 1636 3228 1706 λόγῳ
3277 1633 3565 1695 παιδεύων,
3595 1633 3691 1686 καὶ

2114 1735 2232 1796 ταῖς
2257 1732 2353 1804 μὲν
2374 1731 2688 1803 σωματικὴν
2707 1730 2984 1803 τράπεζαν
3005 1729 3299 1801 προτιθεὶς,
3322 1730 3442 1792 ταῖς
3455 1727 3512 1780 δέ
3530 1743 3693 1780 πνευ-

2119 1826 2352 1897 ματικήν
2373 1825 2557 1879 ἑστίαν
2583 1823 3034 1896 προϐαλλόμενος.
3053 1817 3161 1875 Ἦν
3180 1822 3290 1889 γὰρ
3312 1819 3448 1890 ἀνὴρ
3469 1816 3691 1886 ἀγαθὸς,

2113 1918 2208 1971 καὶ
2246 1917 2459 1989 πλήρης
2510 1915 2827 1986 Πνεύματος
2879 1915 3062 1985 ἁγίουο
3113 1912 3409 1983 ἀγαοότητι
3456 1910 3554 1980 μὲν
3595 1908 3694 1979 τῆς

2112 2007 2356 2079 γνώμης,
2386 2008 2492 2060 τῶν
2541 2009 2788 2077 πενήτων
2811 2007 2910 2076 τὴν
2948 2003 3287 2074 λειτουργίαν
3308 2001 3692 2071 ὑφιστάμενος·

2113 2099 2395 2171 παρρησία
2415 2099 2472 2152 δέ
2491 2099 2585 2152 καὶ
2607 2098 2832 2169 δυνάμει
2849 2097 2944 2151 τοῦ
2968 2096 3107 2150 Πνεύ
3116 2113 3304 2167 ματος,
3327 2094 3452 2156 τοὺς
3469 2092 3696 2163 ἐχθροὺς

2112 2191 2211 2260 τῆς
2247 2190 2504 2261 ἀληθείας
2534 2190 2921 2262 ἐπιστομίζων.
2941 2189 3084 2242 Πᾶσι
3105 2185 3235 2256 γοῦν
3260 2184 3574 2256 ἀντέκρουε,
3602 2184 3696 2236 καὶ

2114 2281 2320 2344 πάντας
2341 2280 2419 2351 τῷ
2443 2281 2584 2352 λόγῳ
2629 2281 2725 2351 τῆς
2765 2279 3024 2350 ἀληθείας
3091 2276 3517 2347 κατηγωνίζετο,
3551 2275 3696 2342 λογι-

2113 2372 2283 2442 σμοὺς
2315 2371 2614 2444 καθαιρῶν.
2668 2377 2762 2427 καὶ
2790 2373 2896 2425 πᾶν
2942 2369 3142 2440 ὕψωμα
3172 2367 3532 2438 ἐπαιρόμενον
3554 2365 3696 2420 κατά

2111 2463 2210 2534 τῆς
2239 2462 2493 2532 γνώσεως
2551 2462 2646 2516 τοῦ
2680 2461 2836 2514 θεοῦ,
2862 2459 3111 2530 Τοσαύτη
3159 2459 3215 2512 δὲ
3243 2457 3390 2528 αὐτῷ
3426 2457 3579 2526 ἰσχὺς
3601 2453 3696 2506 τοῦ

2111 2551 2268 2620 λόγου
2303 2552 2505 2623 παρῆν,
2532 2551 2606 2612 ὼς
2627 2549 2773 2604 κατὰ
2798 2549 2895 2621 τὴν
2923 2548 3230 2619 μαρτυρίαν
3252 2547 3350 2616 τῆς
3375 2545 3534 2613 ἁγίας
3551 2545 3694 2613 Γραο

2113 2643 2238 2714 φῆς,
2277 2645 2480 2716 μηδένα
2517 2642 2779 2698 δύνασθαι
2813 2643 3126 2712 ἀντιστῆναι
3179 2643 3246 2710 τῇ
3285 2637 3445 2708 σοφίᾳ
3483 2637 3576 2690 καὶ
3619 2635 3696 2703 τῷ

2113 2733 2404 2802 πνεύματι,
2436 2729 2480 2802 ᾧ
2510 2735 2708 2789 ἐλάλει.
2746 2733 2885 2786 Ἀλλ’
2904 2735 2998 2785 ἐπὶ
3024 2732 3083 2786 τὸ
3113 2731 3385 2803 συνέδριον
3412 2731 3574 2800 ήγετο
3591 2727 3692 2798 τῆς

2111 2825 2390 2891 ἀπιστίας,
2423 2825 2451 2876 6
2481 2824 2655 2895 κήρυξ
2682 2827 2782 2894 τῆς
2803 2822 3061 2894 ἀληθείας
3083 2840 3096 2854 ·
3122 2823 3202 2875 δεῖ
3233 2821 3343 2892 γὰρ
3380 2821 3527 2891 ήμᾶς
3552 2818 3696 2873 οὕτω

2113 2913 2567 2984 παραδραμόντας
2616 2912 2694 2984 τῷ
2735 2913 3167 2984 Πρωτομάρτυρι
3200 2913 3298 2982 τὴν
3340 2909 3695 2980 ὀφειλομένην

2112 3003 2422 3068 ἀποδοῦναι,
2458 3004 2524 3076 ἢν
2551 3003 2674 3074 χθές
2707 3003 3102 3074 ἀποπληρῶσαι
3125 3001 3186 3056 τὸ
3213 3001 3434 3064 ἀσθενὲς
3463 3000 3554 3053 τοῦ
3577 3001 3695 3064 ,σώ-

2116 3113 2282 3168 ματος
2312 3097 2410 3149 οὐκ
2433 3095 2722 3165 ἐπέτρεψε,
2749 3095 2843 3149 καὶ
2869 3096 3105 3165 σήμερον
3126 3096 3238 3157 τοῖς
3270 3093 3446 3161 ἀγίοις
3467 3091 3695 3146 ἀποστό-

2114 3189 2226 3251 λοις
2252 3188 2351 3258 τὴν
2379 3187 2588 3242 οἰκείαν
2626 3187 2848 3259 μνήμην
2889 3184 3306 3256 ἀποπληρῶσαι.
3343 3183 3566 3254 Πρῶτον
3598 3187 3696 3253 μὲν

2113 3279 2222 3351 γὰρ
2236 3279 2333 3348 οὐχ
2361 3278 2617 3349 ἡμέραις,
2642 3277 2762 3329 οὐδὲ
2794 3275 3099 3348 χρόνοις,τά
3123 3275 3230 3327 τῶν
3252 3273 3420 3342 ἁγίων
3445 3269 3695 3342 ἐγκώμια

2113 3367 2482 3440 περιορίζεται
2505 3384 2516 3398 ⁸
2543 3371 2648 3434 Είς
2665 3368 3065 3436 μνημόσυνον
3081 3364 3208 3435 γὰρ,
3237 3363 3419 3435 φησὶν,
3453 3361 3694 3416 αἰώνιον

2111 3459 2283 3514 ἔσται
2325 3459 2554 3525 δίκαιος
2575 3475 2588 3489 ·
2633 3459 2823 3512 ἔπειτα
2867 3457 2945 3520 δὲ,
2975 3449 3058 3520 οἷς
3089 3457 3150 3509 οὐ
3189 3451 3567 3525 διαιρεῖταιτά
3597 3452 3695 3520 τῆς

2113 3551 2357 3622 γνώμης.
2386 3550 2524 3604 Οὔτε
2550 3550 2726 3604 τοίνυν
2761 3549 3040 3620 μάρτυρες
3060 3547 3187 3602 ἀνευ
3209 3544 3540 3609 ἀποστόλων,
3571 3541 3696 3596 οὔτε

2113 3643 2275 3696 πάλιν
2304 3641 2592 3696 ἀπόστολοι
2620 3642 2793 3712 χωρὶς
2829 3641 3073 3695 ἐκείνων.
3107 3637 3425 3692 Διδάσκαλοι
3453 3637 3550 3704 μὲν
3582 3634 3695 3701 γὰρ

2116 3734 2430 3806 μαρτύρων,
2461 3733 2767 3788 ἀπόστολον
2819 3734 3025 3796 εἰκόνες
3057 3732 3114 3786 δέ
3149 3730 3260 3784 τῶν
3286 3728 3616 3789 ἀποστόλων,
3642 3729 3694 3778 οἱ

2115 3825 2410 3906 μάρτυρες.
2430 3825 2627 3879 Εἰκόνα
2647 3824 2777 3895 γοῦν
2793 3825 2890 3896 τὴν
2907 3824 3126 3879 ἐκείνων
3147 3824 3240 3877 καὶ
3260 3821 3351 3875 τὸν
3370 3817 3696 3890 χαρακτῆρα.

2113 3917 2291 3988 φέρων
2315 3918 2342 3969 6
2366 3916 2631 3987 μακάριος
2663 3916 2951 3985 Στέφανος,
2981 3913 3212 3984 σταυρὸν
3237 3913 3335 3982 (5),
3368 3911 3463 3965 καὶ
3493 3910 3581 3962 διὰ
3601 3907 3696 3960 τοῦ

2112 4003 2343 4058 θανάτου
2381 4004 2595 4074 πρῶτος
2622 4003 2715 4057 τοῦ
2753 4003 3053 4074 μαρτυρίου
3087 4003 3178 4056 τὸν
3214 4001 3475 4070 στέφανον
3500 4001 3695 4070 ἀνεδήο

2112 4110 2262 4147 σατο.
2305 4092 2442 4146 Ἀλλ’
2487 4094 2635 4164 ὅμως
2677 4093 2768 4146 διὰ
2811 4092 2910 4160 τῆς
2951 4091 3225 4163 ὑπομονῆς
3267 4090 3360 4144 τοῦ
3396 4090 3694 4162 μαρτυρίου

2111 4185 2235 4246 τοὺς
2263 4183 2615 4248 διδασκάλους
2674 4184 3036 4253 ἀπεσέμνυνε,
3083 4184 3178 4236 καὶ
3222 4183 3446 4252 γέγονεν
3483 4182 3695 4252 ἀληθῶς

2113 4271 2404 4340 στέφανος⁶
2442 4272 2704 4340 στέφανος
2731 4272 2839 4342 γάρ
2867 4271 2975 4324 τῶν
3005 4270 3184 4324 καλῶν
3227 4269 3560 4323 διδασκάλων
3597 4268 3694 4320 οὐκ

2109 4358 2178 4434 ἦν
2201 4362 2336 4432 τιμὴ
2363 4361 2458 4431 τῆς
2488 4361 2783 4432 εὐφημίας,
2815 4361 2927 4414 ἀλλ’
2962 4356 3029 4432 ἦν
3057 4349 3313 4432 προκοπή
3334 4359 3432 4428 τῆς
3472 4357 3694 4425 Ἐκκλη-

2115 4455 2253 4520 σίας,
2278 4454 2466 4525 ὥσπερ
2483 4454 2613 4524 γοῦν
2637 4453 2938 4524 Κορινθίοις
2958 4453 3188 4523 γράφων
3215 4455 3243 4505 6
3269 4452 3411 4514 θεῖος
3441 4449 3692 4504 Ἀπόστο-

437 4553 546 4599 tate
582 4544 822 4599 nominis
853 4553 1007 4599 ortus
1056 4542 1251 4610 honor,
1283 4542 1379 4599 sed
1408 4541 1667 4597 Ecclesiae
1702 4541 2008 4598 incremen-

2113 4543 2202 4609 λός
2235 4560 2419 4615 φησιν·
2464 4543 2729 4613 Ἀδελφοί
2751 4562 2872 4614 μου
2893 4544 3186 4614 ἀγαπητοὶ
3209 4543 3304 4598 καὶ
3325 4543 3689 4606 ἐπιπόθητοι.

437 4645 550 4689 tum
577 4643 719 4698 erat,
755 4634 1224 4705 quemadmodum
1255 4635 1421 4690 etiam
1451 4634 1520 4688 ad
1584 4633 1901 4691 Corinthios
1931 4634 2008 4706 (4)

435 4725 685 4782 scribens
737 4725 956 4784 divinus
1000 4727 1301 4798 Apostolus
1351 4726 1562 4797 inquit:
1634 4723 1860 4781 Fratres
1913 4728 2015 4782 mei

435 4818 773 4884 charissimi,
826 4819 1086 4890 gaudium
1135 4835 1349 4884 meum,
1400 4828 1446 4872 et
1486 4834 1684 4873 corona
1739 4834 1876 4885 mea,
1936 4819 2014 4874 sic

435 4918 574 4965 state
596 4909 636 4965 ⁸.
663 4909 768 4965 Sed
800 4909 866 4964 ad
902 4909 1246 4981 propositum
1268 4908 1580 4965 redeamus.

507 5023 794 5093 Ingressus
842 5033 928 5081 est
976 5024 1032 5080 in
1092 5021 1297 5078 Christi
1347 5022 1659 5077 occisorum
1713 5019 2006 5075 concilium

434 5115 520 5170 vir
557 5113 840 5172 Christum
885 5115 1089 5180 ferens,
1135 5115 1253 5170 ovis
1294 5113 1351 5168 in
1386 5113 1639 5183 luporum
1680 5126 2012 5183 synagogam

512 5301 675 5360 'Act.
699 5320 778 5372 v1,
814 5303 848 5360 8
901 5318 1024 5376 sqq.

505 5487 582 5556 (‘2)
618 5487 812 5544 Habita
842 5494 926 5543 est
955 5487 1121 5560 igitur
1162 5490 1278 5546 haec
1336 5491 1514 5546 oratio
1566 5492 1834 5562 postridie
1887 5490 2011 5547 festi

436 5555 497 5611 S.
538 5556 824 5611 Stephani.

484 5573 1015 5696 ’(ἒῖθιιῖἶῗῐιῖξηηυιιθ
1041 5628 1235 5685 deesse
1256 5628 1507 5686 videntur
1539 5629 1592 5684 in
1620 5637 1771 5684 textu
1795 5629 2010 5695 Graeco,

435 5711 557 5764 qua!
597 5698 665 5751 ad
696 5696 1130 5768 antecedentium
1165 5710 1218 5754 et
1246 5701 1693 5768 subsequentium
1720 5701 2008 5755 verborum

436 5780 667 5838 sensum
697 5766 750 5819 in
783 5765 1036 5838 versione
1071 5776 1257 5838 nostra
1288 5765 1682 5838 supplevimus.

510 5834 588 5905 (4)
621 5834 881 5893 Memoria
912 5836 1114 5892 labitur
1133 5834 1435 5908 Nysscuus,
1461 5840 1566 5896 nisi
1596 5843 1795 5897 veteris
1841 5839 2006 5895 libra-

2113 4637 2268 4705 χαρὰ
2295 4635 2392 4689 καί
2422 4633 2724 4703 στέφανός
2759 4651 2898 4702 μου,
2926 4634 3082 4687 οὕτω
3105 4633 3378 4701 στήκετε.
3429 4629 3568 4685 Ἀλλ’
3601 4629 3693 4681 ἐπὶ

2112 4726 2173 4780 τὸ
2214 4726 2576 4797 προκείμενον
2604 4723 3008 4796 ἐπανέλθωμεν.

2171 5015 2434 5086 Εἰσῆλθεν
2467 5015 2546 5078 είς
2582 5015 2640 5066 τὺ
2664 5013 2935 5086 συνέδριον
2965 5013 3075 5069 τῶν
3093 5010 3472 5084 Χριστοφόνων
3497 5012 3528 5064 6
3557 5011 3691 5083 Χρι-

2107 5108 2369 5180 στοφόρος
2385 5121 2399 5137 ⁶
2418 5106 2774 5177 εἰσεπήδησεν
2797 5107 2878 5170 είς
2907 5105 3006 5177 τὴν
3033 5104 3355 5176 συναγωγὴν
3381 5103 3490 5156 τῶν
3512 5103 3690 5158 λύκων

1138 5305 1158 5336 ³
1209 5303 1252 5358 ll
1273 5303 1401 5361 Cor.
1436 5305 1604 5368 ι,15.
1683 5305 1705 5337 ⁸
1735 5304 1854 5360 Act.
1887 5320 1962 5370 v1,
1993 5305 2012 5359 l

2157 5305 2180 5337 ⁸
2208 5303 2352 5361 Psal.
2389 5319 2503 5368 cxt,
2547 5303 2597 5358 7.
2638 5303 2659 5335 ⁸
2685 5301 2921 5373 Philipp.
2957 5315 3030 5368 tv,
3068 5299 3119 5352 1.

2121 5491 2188 5545 rii
2211 5502 2366 5544 error
2395 5487 2508 5554 sit;
2545 5501 2674 5542 nam
2719 5487 2835 5544 haec
2867 5488 3033 5543 verba
3068 5502 3176 5542 non
3221 5486 3277 5540 in
3317 5484 3577 5555 Epistolis
3618 5481 3684 5555 ad

2118 5553 2616 5622 Corinthios,sed
2665 5559 2719 5612 in
2773 5559 3016 5630 Epistola
3075 5557 3143 5611 ad
3192 5553 3571 5628 Philippenses
3617 5553 3687 5608 le-

2294 5645 2340 5681 r.

2116 5639 2534 5780 gutngrYidean
2573 5701 2795 5757 verbum
2830 5697 3063 5780 σταυρόν
3092 5711 3557 5780 supervacaneum
3583 5693 3687 5761 sit;

2116 5784 2264 5829 certe
2292 5775 2412 5832 sine
2439 5776 2532 5832 illo
2563 5785 2761 5832 sensus
2789 5775 3041 5825 constare
3068 5775 3264 5839 potest.
3622 5777 3628 5782 '
