4050 6164
369 373 477 430 225

1389 377 1666 434 ALTERk
1710 378 2067 436 LA-UDATIO
2123 380 2177 437 S.
2225 381 2589 440 STEPHANI.

3521 382 3627 438 7‘26

368 495 434 548 τὸ
459 492 756 565 πρόϐατον’
807 494 924 549 ἀλλ’
966 491 1033 567 ἦν
1061 497 1164 567 οὐχ
1191 496 1266 561 ὡς
1289 499 1476 564 ἁπλῶς
1505 501 1776 572 πρόϐατον
1804 501 1956 572 θηρι-

2065 502 2288 569 insiluit,
2326 519 2433 559 non
2465 512 2724 572 tanquam
2760 501 2986 558 omnino
3035 502 3155 558 ovis
3191 518 3220 557 a
3267 503 3396 572 lupo
3447 511 3626 572 rapta,

371 587 596 648 ἁλωτον,
625 584 760 638 ἀλλά
795 587 1067 658 πρόϐατον
1105 588 1208 642 ὑπὸ
1242 589 1478 662 Χριστοῦ
1510 591 1950 662 ποιμαινόμενον,

370 676 464 729 καὶ
482 676 621 748 πρὸς
641 677 770 741 τοὺς
797 676 994 743 λύκους
1013 680 1432 752 ἀγωνιζόμενον.
1464 684 1528 736 Ol
1551 683 1650 754 μὲν
1666 684 1774 754 γὰρ
1802 684 1960 738 ὲλύσ-
1991 697 1994 700 ’

370 781 481 818 σων
535 766 629 818 καὶ
655 767 982 838 διεπρίοντο,
1009 771 1128 834 ταῖς
1150 772 1505 844 κατηγορίαις
1536 774 1631 826 καὶ
1660 775 1781 838 ταῖς
1802 775 1960 828 ἀπει-

368 857 488 920 λαῖς
525 858 586 908 τὸ
618 858 871 929 ποίμνιον
909 862 1334 927 καταδάκνοντες
1357 880 1370 893 ο
1403 865 1433 918 6
1459 863 1516 918 δὲ
1545 864 1744 935 μᾶλλον
1763 865 1960 928 αὐτοὺς

369 950 481 1011 τοῖς
510 948 750 1021 ἐλέγχοις
772 950 1186 1022 διεσπάραττεν,
1221 953 1254 1025 ἢ
1281 957 1400 1018 ταῖς
1425 956 1676 1021 ἀπειλαῖς
1727 958 1821 1012 καὶ
1839 959 1960 1020 ταῖς

371 1041 746 1113 κατηγορίαις,
766 1041 841 1106 ὡς
864 1045 1081 1099 ἐκεῖνοι.
1115 1045 1206 1117 Μὴ
1235 1045 1429 1116 ψιλῶς,
1465 1048 1588 1118 μηδ’
1624 1048 1961 1111 ἐπιπολαίως

373 1132 820 1204 παραδράμωμεν
845 1134 914 1188 τὰ
949 1135 1237 1208 λεγόμενα.
1275 1133 1444 1202 Οὗτος
1471 1138 1580 1210 γὰρ
1601 1140 1735 1210 πρὸς
1764 1140 1960 1194 τοσαύ-

371 1241 472 1293 την
515 1225 837 1297 συναγωγὴν
871 1229 1344 1300 πονηρευομένων,
1375 1231 1472 1285 καὶ
1511 1231 1650 1298 πρὸς
1694 1230 1962 1302 τοσαύτην

373 1315 552 1369 λύκων
579 1316 765 1386 ἔφοδον
790 1320 930 1372 κατά
968 1321 1071 1390 τῆς
1101 1321 1313 1386 ἀδικίας
1351 1321 1622 1394 ἐθάρσησε
1649 1323 1959 1395 παρρησιά-

374 1406 592 1471 σασθαι,
628 1409 720 1462 καὶ
741 1403 916 1464 εἰπεῖν
945 1413 1084 1483 μετὰ
1113 1413 1212 1484 τὴν
1242 1414 1443 1486 πολλὴν
1466 1414 1680 1487 ἐκείνην
1705 1414 1962 1468 διδασκα-

371 1497 493 1552 λίαν
509 1513 522 1528 ·
543 1503 1091 1572 Σκληροτράχηλοι,
1113 1505 1213 1560 καὶ
1244 1506 1627 1576 ἀπερίτμητοι
1649 1505 1724 1576 τῇ
1750 1507 1964 1575 καρδίᾳ

374 1589 474 1643 καὶ
523 1591 648 1657 τοῖς
689 1592 862 1657 ὠσὶν,
905 1595 1075 1663 ὑμεῖς
1136 1597 1230 1652 ἀεὶ
1264 1597 1347 1664 τῷ
1369 1599 1675 1668 Πνεύματι
1717 1597 1799 1664 τῷ
1818 1598 1965 1667 ἁγίῳ

373 1679 771 1747 ἀντιπίπτετε,
808 1683 1002 1749 καθὼς
1028 1687 1083 1740 οἱ
1110 1685 1364 1756 πατέρες
1385 1687 1572 1758 ὑμῶν,
1595 1687 1690 1742 καὶ
1716 1685 1784 1741 τὰ
1813 1687 1960 1756 ἑξῆς.

375 1771 564 1836 Οὕτως
595 1775 624 1826 6
650 1775 743 1827 ἐπὶ
785 1775 880 1845 μὲν
906 1777 1010 1846 γῆς
1048 1779 1393 1849 φαινόμενος,
1441 1779 1512 1833 τὰ
1566 1779 1623 1833 δὲ
1659 1781 1716 1832 ὲν
1749 1775 1964 1851 οὐρανῷ

375 1866 889 1936 κατόπτριζόμενοςο
943 1869 1040 1922 καὶ
1090 1869 1379 1942 ἀνθρώπου
1435 1871 1535 1942 μὲν
1560 1871 1723 1940 φύσιν
1755 1873 1962 1927 ἐνδεδυ·
1989 1917 2029 1942 ,.

376 1955 554 2026 μένος,
589 1957 823 2025 ἀγγέλου
854 1958 910 2012 δὲ
933 1958 1057 2028 ὖψιν
1109 1961 1205 2014 καὶ
1246 1962 1430 2033 σχῆμα
1457 1965 1963 2035 μεταμορφωσάμε-

373 2062 461 2109 νος
509 2046 624 2117 (καὶ
651 2047 858 2103 τούτων
899 2049 1050 2104 οὐδὲν
1085 2051 1314 2116 ἀπεικός
1340 2072 1352 2084 ·
1384 2053 1594 2125 ἔπρεπε
1617 2054 1727 2127 γὰρ
1747 2055 1963 2127 άληθῶς

374 2138 434 2192 ὲν
483 2136 564 2208 τῷ
611 2139 1046 2213 Πρωτομάρτυρι
1098 2142 1379 2214 δειχθῆναι
1423 2144 1533 2199 τῶν
1585 2147 1878 2217 μαρτύρων
1903 2147 1964 2200 τὸ

373 2227 612 2299 ἀξίωμα,
648 2231 744 2283 καὶ
771 2230 974 2299 γνῶναι
1004 2232 1192 2287 λοιπὸν
1231 2233 1478 2299 ἅπαντας
1519 2235 1619 2306 τῆς
1649 2237 1842 2306 καινῆς
1867 2237 1964 2306 χά-

375 2337 523 2390 ριτος
580 2322 651 2374 τά
700 2320 899 2393 ἔργα)·
934 2323 964 2375 ὀ
1010 2322 1106 2376 τοῦ
1161 2325 1463 2396 μαρτυρίου
1509 2325 1671 2389 πόθος
1707 2327 1771 2380 οὐ
1803 2326 1965 2398 μόνον

373 2409 672 2482 ἀγγελικὴν
699 2409 857 2476 ἀξίαν
885 2412 1190 2484 χαρίζεται,
1218 2413 1464 2467 ἀλλὰκαὶ
1487 2413 1732 2484 οὐρανῶν
1759 2415 1964 2483 ἀνοίγει

375 2501 582 2568 πύλαςο
609 2505 794 2558 οὐκέτι
833 2504 1050 2576 θανάτῳ
1079 2505 1179 2570 τὰς
1200 2506 1379 2578 ψυχὰς
1413 2507 1817 2578 παραπέμπων,
1848 2509 1962 2562 ἀλλ’

374 2595 455 2656 είς
496 2595 943 2667 χεῖρας’Χριστοῦ
966 2597 1026 2651 τὸ
1058 2597 1276 2668 πνεῦμα
1295 2598 1744 2668 παρατιθέμενος.
1788 2600 1846 2653 '0
1865 2600 1964 2670 μὲν

374 2684 484 2753 γὰρ
517 2684 795 2755 Κυριακδς
823 2685 1108 2757 ἄνθρωπος
1133 2688 1228 2742 τοῦ
1247 2689 1499 2760 Σωτῆρος
1530 2689 1610 2760 τῷ
1637 2689 1814 2760 ἑαυτῷ
1850 2693 1964 2744 Πα-

373 2777 466 2848 τρὶ
496 2777 554 2832 ὲν
604 2777 685 2848 τῷ
728 2778 947 2851 σταυρῷ
983 2781 1345 2852 προσεφώνει,
1387 2781 1596 2851 λέγων·
1626 2781 1837 2851 Πάτερ,
1877 2785 1965 2850 είς

379 2869 578 2939 χεῖράς
609 2888 726 2927 σου
769 2875 1127 2942 παρατίθημι
1158 2873 1225 2928 τὸ
1266 2873 1503 2944 πνεῦμά
1528 2891 1648 2944 μου
1671 2892 1685 2906 ’
1737 2876 1766 2928 6
1793 2875 1850 2928 δὲ
1871 2875 1966 2928 τοῦ

378 2960 614 3028 Χριστοῦ
629 2960 816 3025 δοῦλος
833 2961 1126 3032 Στέφανος,
1148 2961 1438 3026 ἀνατείνας
1459 2963 1539 3026 είς
1559 2960 1650 3015 τὸν
1667 2959 1963 3030 Δεσπότην,

378 3051 575 3120 Κύριε,
603 3053 787 3122 φησὶν,
823 3051 1038 3120 Ἰησοῦ,
1058 3051 1226 3118 δέξαι
1260 3053 1325 3106 τὸ
1351 3051 1589 3120 πνεῦμά
1609 3069 1728 3121 μου
1748 3067 1765 3085 ο
1794 3051 1968 3124 ταύτῃ

377 3143 442 3211 τῇ
469 3144 618 3211 φωνῇ
655 3141 755 3213 τὴν
780 3140 958 3212 ψυχὴν
985 3141 1344 3212 ἀποθέμενος.
1368 3141 1624 3210 Ἀγγελοι
1647 3141 1740 3194 τὸν
1759 3140 1968 3195 ἑαυτῶν

2059 595 2156 650 sed
2195 603 2452 664 tanquam
2483 595 2602 649 ovis
2639 611 2669 648 ο
2697 594 2900 650 Christi
2934 609 3095 666 grege
3129 609 3252 648 cum
3295 594 3439 664 lupis
3468 592 3629 646 dimi-

2059 701 2212 742 cans.
2247 685 2380 740 Nam
2406 686 2482 740 illi
2519 683 2768 740 furebant
2830 695 2992 754 atque
3037 684 3481 748 dissecahantur,
3538 696 3628 735 ac-

2057 775 2406 830 cusationum
2441 784 2604 844 atque
2666 775 2939 828 minarum
2979 773 3252 829 morsibus
3283 786 3497 843 gregem
3543 769 3628 824 di-

2059 867 2399 934 lacerantes;
2435 873 2490 920 at
2515 865 2601 920 hic
2634 864 2854 921 diverso
2900 877 3124 935 prorsus
3161 878 3311 918 more
3339 875 3435 917 eos
3465 876 3630 930 argu-

2061 958 2492 1016 mentationibus
2545 958 2730 1028 potius
2761 957 2895 1022 suis,
2929 971 3091 1026 quam
3125 955 3286 1010 minis
3316 962 3370 1009 et
3398 968 3628 1008 accusa-

2060 1050 2304 1107 tionibus
2336 1051 2699 1120 discerpebat.
2741 1049 2810 1102 At
2834 1064 2946 1102 non
2977 1047 3171 1102 leviter
3195 1057 3357 1117 atque
3388 1060 3632 1100 summa-

2062 1145 2181 1209 tim,
2221 1159 2343 1216 qua:
2389 1142 2457 1198 de
2509 1143 2630 1214 ipso
2667 1148 2966 1194 narrantur
2993 1181 3009 1205 ,
3064 1153 3476 1209 percurramus.
3533 1135 3632 1190 llic

2059 1233 2203 1288 enim
2241 1233 2296 1288 in
2333 1239 2486 1287 tanto
2522 1229 2937 1301 malignantium
2995 1227 3229 1283 concilio
3268 1235 3322 1281 et
3354 1234 3435 1281 tot
3473 1224 3630 1293 lupo-

2061 1339 2182 1378 rum
2215 1324 2442 1378 incursu
2474 1321 2735 1377 audacter
2764 1320 3026 1375 adversus
3072 1317 3406 1387 impietatem
3455 1315 3630 1385 loqui,

2061 1423 2266 1485 etpost
2293 1414 2566 1485 egregiam
2612 1413 2760 1468 illam
2801 1410 2922 1465 fidei
2973 1409 3415 1480 praedicationem
3450 1407 3634 1462 dicere

2064 1523 2171 1563 non
2203 1507 2416 1561 timuit:
2453 1505 2606 1559 Dura
2636 1505 2851 1570 cervice,
2873 1512 2922 1557 et
2954 1499 3338 1557 incircumcisis
3364 1497 3632 1558 cordibus,

2061 1611 2111 1656 et
2159 1599 2400 1660 auribus,
2451 1614 2538 1652 vos
2582 1611 2785 1664 semper
2850 1593 3072 1663 Spiritui
3125 1600 3309 1646 sancto
3364 1588 3632 1650 resistitis,

2062 1695 2197 1748 sicut
2225 1701 2401 1760 patres
2451 1688 2671 1753 vestri",
2706 1693 2761 1744 et
2794 1701 2916 1758 quae
2969 1689 3292 1754 sequuntur.
3347 1678 3474 1734 Haec
3524 1680 3632 1742 ille,

2063 1787 2156 1857 qui
2199 1785 2254 1840 in
2287 1793 2434 1838 terra
2469 1779 2688 1852 quidem
2723 1793 2846 1834 esse
2883 1776 3196 1841 videbatur,
3237 1772 3482 1828 cmlestia
3509 1785 3638 1825 vero

2065 1877 2475 1948 speculabatur,
2506 1888 2616 1928 non
2639 1880 2804 1927 exuta
2828 1869 3070 1923 hominis
3101 1874 3319 1927 natura,
3367 1865 3422 1917 in
3458 1862 3635 1930 angeli

2067 1969 2283 2034 faciem,
2319 1966 2667 2037 speciemque
2695 1961 3162 2026 transformatus;
3199 1957 3362 2026 idque
3390 1970 3496 2009 non
3533 1955 3637 2006 im-

2065 2065 2262 2117 merito
2290 2077 2303 2114 :
2337 2059 2566 2115 decebat
2595 2055 2765 2118 enim,
2805 2060 2865 2107 ut
2915 2051 2970 2105 in
3004 2049 3437 2118 Protomartyre,
3492 2061 3638 2098 mar-

2065 2163 2245 2226 tyrum
2272 2151 2511 2222 dignitas
2542 2163 2668 2204 vere
2711 2153 3020 2216 appareret,
3048 2154 3347 2209 omnesque
3380 2137 3637 2204 deinceps

2067 2258 2219 2301 novae
2270 2241 2458 2312 gratiae
2503 2253 2671 2310 opera
2723 2239 2779 2291 in
2823 2250 2890 2292 eo
2939 2233 3343 2304 dignoscerent.
3386 2225 3637 2297 Martyrii

2065 2337 2268 2408 quippe
2296 2332 2630 2390 desiderium
2665 2345 2774 2384 non
2805 2328 3104 2399 angelicam
3133 2323 3296 2380 modo
3320 2321 3638 2392 dignitatem

2072 2427 2335 2499 impertit,
2377 2423 2474 2481 sed
2513 2431 2568 2479 et
2596 2422 2859 2477 caelorum
2893 2418 3067 2489 aperit
3108 2424 3333 2486 portas;
3369 2429 3477 2466 non
3523 2417 3640 2464 tra-

2067 2520 2204 2575 dens
2234 2519 2444 2572 animas
2481 2514 2665 2578 morti,
2697 2512 2794 2568 sed
2823 2511 2879 2565 in
2908 2509 3116 2565 Christi
3152 2521 3347 2561 manus
3387 2503 3638 2574 spiritum

2067 2608 2481 2666 commendans.
2523 2605 2660 2660 Nam
2708 2603 3024 2658 Dominicus
3056 2600 3274 2670 quidem
3310 2598 3474 2652 homo
3518 2595 3639 2648 Sal-

2070 2707 2225 2754 vator
2257 2706 2446 2754 noster
2478 2697 2544 2752 ad
2579 2696 2794 2750 Patrem
2841 2709 3000 2750 suum
3051 2691 3104 2745 in
3146 2705 3311 2745 cruce
3351 2686 3641 2747 clamabat,

2067 2793 2253 2846 dicens
2282 2795 2306 2844 ε’
2333 2789 2394 2844 1η
2425 2805 2614 2842 manus
2646 2795 2764 2841 tuas
2793 2783 3097 2840 commendo
3129 2781 3374 2852 spiritum
3408 2777 3638 2832 meum".

2069 2883 2379 2953 Stephanus
2406 2895 2537 2936 vero
2570 2877 2777 2934 Christi
2835 2891 3029 2932 servus
3060 2875 3304 2929 extensis
3335 2871 3400 2925 ad
3456 2869 3641 2922 Domi-

2068 2989 2196 3029 num
2231 2972 2486 3027 maribus
2520 2971 2615 3034 ait,
2666 2968 2891 3022 Domine
2931 2965 3085 3029 Jesu,
3138 2965 3344 3032 suscipe
3391 2961 3638 3029 spiritum

2067 3081 2241 3120 meum
2260 3067 2300 3117 υ.
2333 3061 2398 3117 Ει
2422 3062 2538 3116 haec
2556 3059 2722 3115 verba
2747 3057 3054 3130 proferens,
3085 3056 3319 3110 animam
3345 3051 3636 3108 exhalavit.

2069 3156 2258 3226 Angeli
2288 3162 2467 3210 autem
2499 3152 2740 3208 caelestis
2779 3148 2936 3205 chori
2989 3147 3199 3204 socium
3249 3151 3634 3213 susceperunt;

377 3233 642 3305 χορευτὴν
667 3233 1073 3304 ἀπελάμϐανον,
1103 3233 1303 3304 μᾶλλον
1325 3234 1489 3287 αὐτὸν
1520 3232 1726 3288 ἀνωθεν
1746 3232 1965 3303 βάλλον-

2070 3248 2322 3320 pluribus
2355 3261 2386 3302 e
2419 3245 2558 3301 coelo
2587 3242 2843 3298 laudibus
2874 3241 3056 3310 ipsum
3088 3236 3452 3294 cumulantes,
3477 3247 3653 3302 quam.

375 3342 469 3388 τες
515 3327 636 3388 ταῖς
694 3324 1072 3395 εὐφημίαις,ἢ
1112 3326 1170 3379 ὲν
1203 3327 1317 3388 τοῖς
1353 3324 1522 3388 λίθοις
1549 3323 1794 3378 κάτωθεν
1838 3327 1966 3380 Ἰου-

377 3413 534 3468 δαῖοι.
575 3413 714 3466 Ἀλλ’
741 3414 770 3465 6
806 3413 908 3484 μὲν
953 3412 1223 3482 Στέφανος
1266 3413 1410 3468 οὕτω
1438 3415 1528 3467 τὸν
1567 3417 1732 3470 καλὸν
1764 3418 1962 3486 ἀγωνι-

381 3503 613 3573 σάμενος
639 3501 848 3570 ἀγῶνα,
879 3501 970 3556 τὸν
1015 3503 1074 3555 ἐν
1104 3501 1354 3574 οὐρανοῖς
1388 3503 1588 3576 κλῆρον
1613 3506 1849 3572 ἐδέξατο.
1876 3507 1967 3578 Τῷ

380 3593 638 3662 Στεφάνῳ
687 3591 747 3646 δὲ.
782 3590 958 3662 τούτῳ
1008 3592 1211 3656 πάντες
1251 3593 1511 3664 ἐξαίφνης
1538 3597 1589 3649 οί
1632 3596 1801 3666 τίμιοι
1829 3596 1966 3650 λίθοι

379 3684 821 3754 συνεπλάκησαν,
845 3685 894 3738 οἱ
925 3683 1192 3738 θειότατοι
1205 3684 1314 3739 τῶν
1329 3686 1680 3755 Εὐαγγελίων
1706 3687 1963 3758 κήρυκες,

381 3776 500 3848 μεθ’
531 3775 625 3840 οὒς
652 3777 704 3829 οί
733 3777 1028 3848 μάρτυρες.
1081 3777 1176 3830 καὶ
1220 3779 1334 3848 μετ’
1365 3777 1562 3842 αὐτοὺς
1591 3777 1754 3832 πάλιν
1790 3779 1840 3832 oi
1863 3797 1968 3833 σω-

376 3871 552 3940 τηρὶῳ
611 3869 783 3940 ἀρετῇ
835 3868 1238 3938 διαλάμψαντες
1277 3887 1291 3901 ’
1327 3870 1760 3942 προηγουμένως
1805 3871 1863 3925 δὲ
1915 3873 1966 3924 el

380 3963 470 4015 ἐπὶ
497 3961 593 4014 τοῦ
612 3961 878 4032 παρόντος
909 3963 1394 4034 μνημονευόμενοι,
1432 3963 1566 4017 πολὺ
1597 3964 1691 4017 καὶ
1715 3964 1966 4038 λαμπρὸν

380 4055 866 4126 ἀπαστράπτοντες
910 4055 973 4108 τὸ
1000 4055 1196 4118 κάλλος
1244 4055 1344 4124 τῆς
1379 4055 1682 4118 εὐσεϐείας,
1727 4055 1872 4124 λέγω
1901 4055 1966 4128 δὴ

382 4150 606 4220 Πέτρος,
642 4150 735 4203 καὶ
773 4148 1050 4214 Ἰάκωϐος,
1078 4149 1173 4203 καὶ
1215 4149 1485 4220 Ἰωάννης,
1510 4150 1560 4202 οἱ
1594 4150 1809 4220 καὶτῆς
1837 4150 1968 4203 ἀπο·

381 4241 634 4313 στολικῆς
672 4240 936 4312 ἁρμονίας
956 4240 1194 4311 ἔξαρχοι,
1227 4241 1322 4294 καὶ
1360 4241 1460 4312 τῆς
1507 4241 1967 4313 ὲκκλησιαστικῆς

381 4332 623 4398 εὐδοξίας
656 4333 928 4404 στέφανοι.
976 4334 1094 4388 Οὐκ
1129 4333 1433 4403 ἀφίσταμαι
1461 4332 1568 4406 γάρ
1600 4333 1703 4404 τῆς
1721 4333 1816 4388 τοῦ
1839 4335 1967 4387 Στε-

381 4426 551 4494 φάνου
615 4426 1019 4497 προσηγορίας·
1077 4424 1213 4478 ἀλλά
1271 4424 1530 4488 πολλάκις
1582 4425 1676 4478 καὶ
1705 4423 1966 4496 μυριάκις

381 4517 575 4586 λέγων,
599 4517 680 4570 ἔτι
710 4517 876 4587 διψῶν
923 4515 1392 4586 ὲπαναλαμϐἀνιιν
1427 4517 1702 4585 Στεφάνου
1742 4516 1850 4587 γὰρ
1883 4515 1966 4569 κό-

2068 3341 2271 3411 quibus
2301 3338 2355 3392 in
2383 3343 2529 3392 terra
2551 3349 2674 3390 eum
2699 3331 2870 3387 Judaei
2903 3330 3175 3400 lapidibus
3205 3327 3507 3382 obruerint.
3535 3324 3641 3378 Sed

2068 3431 2382 3502 Stephanus
2414 3428 2635 3498 quidem
2679 3426 2888 3480 bonum
2922 3422 3025 3476 hoc
3059 3429 3219 3490 pacto
3252 3425 3472 3472 certans
3517 3430 3650 3468 (ιρι-ιι

2067 3527 2250 3574 tamen
2278 3557 2293 3583 ,
2343 3515 2590 3571 etelestis
2639 3513 2827 3583 gloria:
2870 3523 3101 3565 consors
3157 3515 3242 3562 cst
3275 3506 3470 3560 factus.
3507 3503 3644 3557 lluie

2068 3619 2249 3664 autem
2283 3606 2583 3676 Stephano,
2637 3605 2742 3659 hoc
2781 3612 2888 3670 est,
2936 3619 3164 3668 coronis,
3223 3602 3368 3655 illico
3420 3599 3642 3670 pretiosi

2066 3698 2273 3768 lapides
2302 3694 2622 3766 agglutinati
2650 3701 2800 3759 sunt,
2844 3693 3014 3748 divini
3050 3691 3300 3748 videlicet
3325 3689 3642 3759 Evangelia-

2069 3805 2189 3844 rum
2224 3802 2526 3859 praecones,
2569 3803 2710 3858 quos
2753 3785 3032 3842 subsecuti
3081 3791 3218 3840 sunt-
3268 3790 3555 3854 martyres,
3590 3793 3644 3837 et

2069 3897 2282 3950 rursus,
2315 3880 2410 3953 qui
2441 3879 2674 3936 salutari
2715 3878 2976 3948 deinceps
3012 3878 3216 3932 virtute
3239 3883 3644 3938 coruscarunt.;

2067 3987 2180 4042 pra:
2206 3973 2418 4028 ueteris
2453 3986 2584 4026 vero
2609 3969 2870 4025 omnibus
2901 3968 2968 4034 ii»,
3021 3982 3254 4038 quorum
3295 3967 3348 4021 in
3389 3968 3643 4039 praesenti

2069 4062 2385 4118 memoriam
2455 4061 2694 4131 agimus,
2761 4060 2855 4131 qui
2931 4060 3092 4130 longe
3160 4059 3378 4129 lateque
3426 4058 3645 4128 pictatis

2071 4150 2366 4220 splendore
2417 4149 2740 4206 elfulserunt
2769 4188 2785 4213 ,
2834 4147 3057 4204 Petrum
3115 4149 3225 4216 aio,
3261 4147 3548 4209 Iacobum,
3593 4159 3643 4200 ct

2065 4239 2332 4296 Joannem
2382 4238 2670 4310 apostolici
2712 4240 2921 4295 ordinis
2963 4240 3260 4311 principes,
3294 4248 3349 4296 et
3385 4239 3643 4294 ecclesia.

2066 4333 2216 4389 sticae
2243 4331 2426 4401 gloriae
2451 4347 2683 4386 coronas
2716 4332 2815 4401 (7).
2846 4333 3064 4402 Nequeo
3095 4333 3240 4388 enim
3275 4332 3404 4386 mihi
3436 4341 3640 4400 tempe-

2067 4437 2211 4488 rare,
2240 4423 2536 4494 quominus
2561 4421 2823 4494 Stephani
2844 4423 2922 4497 (8)
2960 4441 3162 4480 nomen
3208 4438 3468 4492 usurpem
3497 4464 3511 4486 ,
3545 4423 3640 4476 sed

2071 4515 2323 4586 quamvis
2355 4514 2700 4585 frequentius
2727 4530 2792 4573 ac
2811 4517 3013 4572 millies
3027 4514 3289 4585 Stephani
3312 4514 3641 4568 mentionem

383 4627 474 4680 ρος
523 4609 623 4662 οὐκ
663 4608 780 4662 ἔστι
810 4611 922 4670 τοῖς
957 4608 1016 4662 τὸ
1061 4607 1330 4679 μακάριον
1356 4607 1511 4670 τέλος
1553 4607 1661 4661 τῶν
1692 4606 1965 4675 στεφάνων

2073 4603 2319 4668 fecerim,
2353 4613 2594 4660 attamen
2630 4617 2852 4675 propter
2879 4604 3260 4660 inexhaustam
3293 4601 3457 4670 huius
3490 4601 3643 4656 vocis

382 4700 776 4770 ἐκδεχομένοις.
809 4699 1039 4761 Οὐκοῦν,
1072 4703 1120 4754 εί
1172 4700 1250 4753 δεῖ
1294 4698 1602 4770 φιλαλήθως
1642 4699 1835 4762 είπείν,
1862 4699 1971 4752 ἀπὸ

383 4791 653 4859 Στεφάνου
689 4791 850 4844 πάλιν
884 4791 1164 4859 στεφάνοις
1194 4791 1526 4862 εὐωχοῦμεν,
1553 4790 1649 4844 καὶ
1687 4788 1972 4843 κοινωνοῦ-

385 4897 483 4950 μεν
505 4880 685 4934 αὐτῶν
721 4883 841 4944 ταῖς
898 4882 1160 4951 μνήμαις,
1211 4882 1509 4954 ἐπειδήπερ
1545 4880 1836 4951 ἐλπίζομεν
1859 4898 1972 4936 κοι‹

383 4974 586 5036 νωνεῖν,
620 4973 713 5026 καὶ
752 4971 954 5042 μένειν,
979 4973 1071 5026 καὶ
1105 4973 1495 5045 συνδοξάσομεν
1511 4973 1588 5045 (6)
1609 4991 1623 5004 ο
1649 4973 1970 5045 βεϐαιούσης

458 5174 479 5206 '
506 5176 626 5230 Act.
662 5173 872 5241 vu,5l.
947 5172 969 5204 ⁸
993 5169 1129 5227 Luc.
1158 5187 1314 5240 um,
1341 5172 1433 5228 46.
1508 5173 1529 5206 ⁸
1565 5173 1690 5230 Act.
1726 5189 1826 5238 vn,
1861 5173 1950 5228 59.

454 5371 533 5444 (6)
559 5370 616 5426 ln
644 5368 1020 5444 alia_ed_itione
1062 5366 1229 5444 hujus
1274 5369 1543 5444 orationis
1576 5385 1706 5444 quae
1751 5371 1806 5424 in
1849 5385 1959 5444 uno

395 5438 698 5510 eodemque
726 5438 1242 5510 Vaticanoicodice,‘
1261 5454 1412 5493 num.
1441 5439 1547 5496 446
1575 5438 1826 5505 habetur,
1863 5441 1939 5497 le-

385 5515 534 5584 gitur
563 5506 658 5584 κᾲὶ
691 5510 871 5581 μένειν
887 5506 1331 5584 συνδοξάζεσθαι.

455 5583 536 5652 (7)
576 5578 858 5652 Nyssenae_
887 5578 1145 5652 Ecclesia:
1173 5587 1226 5633 et
1256 5578 1450 5652 totius_
1470 5579 1700 5635 fortasse
1719 5650 1728 5652 _
1748 5579 1960 5648 Cappa-

378 5648 578 5706 docum
610 5648 809 5720 gentis
847 5648 1128 5720 instituto,
1187 5663 1296 5702 una
1354 5649 1787 5720 cademqueidie
1840 5659 1961 5720 post

382 5725 442 5789 δ.
474 5718 738 5789 Stephani
785 5718 1208 5789 solemnitatem,
1243 5718 1616 5788 apostolorum
1659 5719 1823 5783 Petri,
1862 5718 1956 5772 Ja-

380 5787 529 5861 cobi,
554 5786 610 5848 et
637 5786 865 5846 Joannis
901 5787 1095 5844 festum
1131 5786 1525 5846 celebrabatur.
1557 5789 1960 5846 Mcminitcnim

2066 4694 2410 4766 proferenda:
2432 4696 2765 4762 aviditatem,
2793 4695 3060 4764 Stephani
3089 4709 3286 4748 nomen
3315 4709 3510 4747 rursus
3548 4693 3642 4746 ad-

2068 4787 2175 4842 huc
2203 4794 2391 4859 repeto
2422 4804 2436 4852 ;
2465 4787 2744 4856 Stephano
2772 4787 2918 4842 enim
2945 4783 3428 4842 commemorando
3454 4783 3642 4838 satiari

2066 4895 2414 4950 nequaquam
2444 4889 2698 4949 possunt,
2743 4879 2838 4950 qui
2887 4880 3133 4934 virorum
3176 4876 3456 4946 Stephano
3487 4877 3642 4931 sinti-

2070 4975 2201 5028 lium
2235 4972 2446 5029 felicem
2481 4972 2686 5028 exitum
2727 4980 3065 5044 exspectant.
3104 4969 3272 5042 Igitur
3315 4969 3362 5025 si
3399 4983 3528 5024 vera
3563 4969 3641 5024 lo-

2065 5370 2232 5440 hujus
2266 5369 2438 5426 moris
2482 5366 2802 5440 nonmodo
2849 5365 3038 5440 hocin
3070 5364 3512 5440 loco_Nyssenus_
3538 5381 3639 5440 no-

2064 5435 2214 5506 ster;
2268 5440 2362 5496 sed
2398 5448 2453 5495 et
2505 5439 2662 5492 initio
2715 5437 2942 5494 alterius
2988 5435 3547 5494 orationis'funebris
3584 5439 3635 5490 in

2067 5513 2128 5566 D.
2164 5511 2424 5566 Basilium
2458 5509 2702 5564 fratrem.

2143 5649 2220 5718 (8)
2250 5646 2531 5719 Nyssenus
2560 5646 2766 5719 pluries
2795 5659 2890 5714 per
2913 5645 3056 5719 hanc
3086 5651 3389 5719 orationem
3419 5647 3474 5702 in
3506 5663 3637 5700 voce

2067 5716 2278 5783 Graeca,
2300 5716 2578 5788 ’στέφανος
2632 5716 2790 5776 ludit,
2822 5732 2942 5784 qua:
2973 5717 3304 5784 Stephanum
3337 5730 3637 5788 protomar-

2071 5801 2256 5860 tyrem,
2294 5797 2347 5847 et
2377 5785 2627 5846 coronam
2665 5801 2816 5857 asque
2845 5788 3140 5857 significat,
3168 5803 3268 5845 nos
3301 5795 3480 5843 autem
3520 5785 3637 5838 Ste-
