4050 6164
400 333 497 391 7‘27
1640 335 1697 392 3.
1727 333 2007 394 CREGOR

2111 335 2372 393 lYSSENl
3546 332 3655 388 ηε

395 451 486 519 qui
514 461 747 520 oportet,
769 452 1044 522 Stephano
1069 449 1282 504 initium
1316 449 1570 518 faciente,
1590 452 1712 510 aliis
1745 469 1960 522 rursus,
1995 475 2007 518 Α

2111 457 2174 528 ἀρ
2205 457 2303 526 τῆς
2335 455 2688 524 ἐπαγγελίας,
2725 453 2760 523 ἡ
2790 449 3044 506 κοινωνία
3083 451 3181 521 τῆς
3215 449 3448 514 πίστεως
3492 450 3657 503 πολυ-

399 552 458 596 ιιι
489 543 561 598 ita
601 544 797 603 dicam,
837 543 1128 615 Stephauis
1180 543 1448 610 laztamur,
1500 559 1798 615 eorumque
1844 561 1961 600 me-

2111 546 2451 611 ;λασιάζεται.

399 633 586 688 moria:
625 635 1114 701 communicamus,
1147 636 1274 705 quia
1309 636 1538 705 scilicet,
1569 646 1622 692 et
1653 654 1842 694 eorum
1872 655 1973 694 nos
2012 641 2199 709 gloria:
2257 641 2549 710 participes
2600 639 2740 704 ﬁeri,
2771 652 3007 707 cumque
3042 634 3176 705 ipsis
3213 648 3433 688 manere
3471 646 3656 702 spera-

401 742 558 791 mus,
606 737 660 782 et
717 743 904 785 revera
963 745 1084 785 cum
1147 731 1283 801 ipsis
1335 733 1629 802 aliquando
1683 735 2152 806 gloriﬁcabimur;
2212 736 2653 806 quandoquidem
2711 732 3078 806 promissione
3127 727 3478 792 confirmata,
3533 726 3658 781 fidei

402 819 715 873 communio
748 819 1169 890 multiplicatur.

473 907 578 963 Sed
610 917 662 963 et
709 925 900 965 rursus
931 911 1120 975 nobis,
1179 912 1396 978 fratres,
1437 914 1782 984 spiritalibus
1813 915 1975 972 bonis

2148 911 2315 965 Πάλιν
2345 911 2401 964 δὲ
2423 913 2575 983 ἡμῖν,
2605 910 2846 980 ἀδελφοὶ,
2879 909 2988 966 τῶν
3021 909 3243 979 ἀγαθῶν
3277 911 3312 981 ὴ
3341 908 3658 976 ἀπόλαυσις,

403 999 617 1056 fruendi
661 1002 821 1058 datur
869 1005 1109 1070 occasio,
1143 1005 1272 1061 dum
1337 1021 1445 1061 una
1499 1023 1622 1062 cum
1679 1018 1976 1078 martyrum

2111 1002 2153 1074 ᾦ
2186 1003 2282 1074 τὴν
2309 1003 2595 1074 Κυριακὴν
2621 1003 2720 1072 τῆς
2745 1003 3093 1065 ἀναστάσεως
3116 1002 3328 1073 ἡμέραν
3352 1001 3662 1071 πλλάμψαι

404 1097 924 1150 commemoratione
955 1094 1272 1152 Dominicus
1331 1114 1548 1168 quoque
1617 1098 1976 1154 resurrectio-

405 1184 492 1236 nis
541 1184 655 1239 dies
691 1183 923 1256 refulget
954 1185 1054 1258 t9).
1095 1186 1154 1244 In
1213 1187 1314 1243 hac
1365 1188 1509 1244 enim
1538 1189 1625 1244 die
1653 1190 1980 1244 illuminatio

407 1275 592 1343 gloriae
636 1276 916 1347 Evangelii
950 1276 1078 1334 Jesu
1129 1279 1333 1335 Christi
1383 1288 1592 1336 mentes
1638 1291 1854 1336 nostras
1887 1296 1977 1350 po-

409 1368 682 1423 tissimum
749 1370 1064 1438 illustravit,
1101 1373 1154 1428 in
1190 1387 1296 1444 qua
1331 1372 1420 1426 lux
1473 1373 1583 1438 illa,
1639 1373 1978 1428 salutaribus

406 1459 636 1528 justitia:
677 1461 842 1517 radiis
872 1462 1082 1533 vigens,
1118 1462 1411 1533 impietatis
1441 1464 1698 1518 tenebras
1725 1463 1976 1534 dispulit,

411 1557 464 1603 et
503 1550 716 1605 animas
747 1551 1060 1622 cognitione
1093 1553 1338 1610 veritatis
1379 1553 1725 1610 illuminavit.
1761 1553 1826 1606 Et
1858 1554 1980 1608 viile

415 1657 575 1710 quam
632 1642 951 1698 admirabile
1001 1643 1368 1714 eximiumque
1423 1645 1498 1699 sit
1552 1644 1696 1700 istud
1732 1645 1980 1701 beneficii

2076 1099 2144 1168 τῇ
2183 1098 2368 1166 μνήμη
2396 1094 2504 1148 τῶν
2537 1094 2850 1166 μαρτύρων.
2898 1095 2988 1151 Ἐν
3017 1094 3194 1166 ταύτῃ
3227 1092 3336 1164 γὰρ
3384 1109 3661 1164 προηγου-

2083 1187 2256 1258 μένως
2288 1186 2445 1258 ἡμῶν
2489 1186 2589 1251 τὰς
2636 1185 2875 1248 διανοίας
2927 1185 3269 1256 κατηύγασεν
3319 1185 3348 1237 ό
3384 1185 3666 1256 φωτισμὸς

2080 1278 2179 1349 τῆς
2202 1277 2360 1348 δόξης
2389 1277 2483 1330 τοῦ
2521 1276 2849 1345 Εὐαγγελίου
2872 1275 2966 1330 τοῦ
3006 1275 3265 1346 Χριστοῦ,
3294 1277 3351 1331 ὲν
3443 1275 3542 1338 τάς
3569 1290 3669 1326 cm-

2081 1369 2300 1441 τηρίους
2320 1371 2546 1432 ἀκτῖνας
2571 1369 2668 1437 τῆς
2683 1367 3030 1438 δικαιοσύνης
3056 1368 3312 1439 ἀνθήσας,
3338 1367 3400 1420 τδ
3425 1367 3524 1437 μὲν
3551 1365 3670 1418 σκό-

2081 1479 2172 1525 τος
2197 1463 2295 1530 τῆς
2321 1460 2577 1523 ἀσεϐείας
2601 1460 2848 1528 ἠφάνισε.
2884 1459 2984 1522 τὰς
3033 1459 3089 1513 δὲ
3119 1459 3296 1528 ψυχὰς
3338 1461 3404 1530 τῇ
3439 1456 3672 1527 ἐπιγνώ-

2087 1570 2167 1606 σει
2197 1556 2295 1624 τῆς
2327 1552 2583 1622 ἀληθείας
2612 1552 2945 1624 ὲλὰμπρυνε.
2969 1553 3204 1643 Καὶιόρα
3235 1568 3324 1620 μοι
3360 1550 3423 1603 τὸ
3459 1549 3671 1620 θαυμα-

2087 1644 2210 1698 στὸν
2237 1644 2336 1714 τῆς
2365 1643 2680 1714 ὲυεργεσίας
2705 1643 2797 1696 καὶ
2845 1639 3116 1712 μέγιστον.
3145 1641 3206 1696 ’0
3229 1640 3326 1711 μὲν
3347 1641 3454 1711 γὰρ
3483 1639 3674 1711 αἰσθη-

413 1748 606 1802 genus.
639 1732 732 1787 Sol
765 1734 911 1788 enim
971 1734 1072 1788 iste
1102 1735 1403 1800 sensibilis,
1443 1749 1604 1790 mane
1624 1736 1899 1799 exoriens,
1935 1745 1988 1792 et

2111 1737 2178 1799 ῖὺς
2203 1729 2354 1798 οὗτος
2383 1735 2532 1804 ἣλιος
2559 1734 2793 1803 ἀνίσχων
2829 1732 3016 1794 ἔωθεν,
3051 1731 3143 1784 καὶ
3188 1733 3309 1792 ταῖς
3339 1729 3674 1800 προδρόμοις

417 1825 695 1878 radiorum
733 1823 1036 1895 fulgoribus
1072 1826 1339 1882 adventus
1369 1825 1453 1879 sui
1501 1827 1820 1895 praenuntiis
1843 1827 1986 1882 diem

417 1916 730 1980 exordiens,
787 1917 965 1985 operit
998 1915 1242 1985 quidem,
1296 1915 1708 1986 circumdatqne
1747 1931 1848 1972 suo
1906 1919 1990 1972 lu-

419 2005 563 2059 mine
626 2011 860 2070 terram;
891 2013 1208 2059 cmterorum
1258 2019 1384 2059 vero
1435 2013 1713 2059 astrorum
1744 2007 1988 2061 omnium

417 2095 620 2149 choros
659 2096 919 2149 obscurat
948 2102 1113 2164 atque
1158 2097 1364 2163 obruit,
1394 2098 1468 2152 ita
1495 2106 1553 2154 ut
1593 2099 1771 2169 ipsum
1813 2099 1989 2154 solum

419 2201 515 2256 per
549 2186 672 2241 οωιί
713 2186 930 2256 apsides
963 2189 1144 2258 vagari
1176 2189 1604 2261 conspiciamus.
1631 2191 1702 2244 At
1726 2189 1991 2248 Dominus

420 2284 607 2332 noster
625 2276 784 2333 Jesus
815 2277 1067 2335 Christus
1110 2283 1296 2336 oriens
1345 2282 1507 2338 nobis
1536 2298 1603 2338 ex
1651 2283 1781 2346 alto,
1833 2283 1989 2352 juxta

420 2368 745 2440 Prophetam
807 2371 873 2426 de
917 2371 1036 2442 ipso
1076 2371 1371 2437 dicentem,
1413 2371 1478 2426 In
1533 2374 1723 2440 quibus
1763 2375 1994 2429 uisitauit

421 2478 512 2515 nos
552 2464 734 2516 Oriens
759 2478 821 2516 ea:
849 2463 958 2516 alto
987 2463 1062 2526 ¹⁰;
1087 2471 1309 2519 sanctos
1340 2464 1463 2519 illos
1489 2465 1572 2520 sui
1605 2481 1991 2534 praecursores,

423 2561 476 2606 et
506 2553 596 2621 qni
633 2561 759 2608 ante
805 2554 1097 2609 adventum
1133 2557 1253 2625 ejus
1306 2557 1587 2612 stellarum
1620 2558 1794 2612 instar
1829 2559 1996 2613 reful-

424 2649 632 2709 serunt,
664 2660 773 2698 non
797 2646 972 2700 solum
1000 2660 1107 2699 non
1147 2648 1482 2712 obscuravit,
1516 2648 1612 2703 sed
1660 2650 1782 2706 illos
1814 2650 1995 2720 potius

424 2737 823 2806 splendidiores
886 2738 1144 2800 reddidit,
1188 2753 1253 2792 ac
1293 2747 1554 2808 praeterea
1592 2750 1651 2794 ut
1693 2755 1832 2794 nova
1887 2741 1995 2795 alia

428 2831 718 2882 luminaria
749 2844 934 2884 secum
967 2832 1264 2892 orirentur,
1288 2830 1487 2887 effecit.
1521 2832 1732 2904 Quippe
1767 2835 1998 2904 prophe-

428 2930 494 2989 ιςο
545 2930 666 2990 post
719 2922 839 2991 ejus
895 2922 1188 2976 adventum
1224 2931 1633 2992 coruscarum;
1669 2934 1724 2981 et
1775 2926 1994 2997 quidem

429 3013 636 3082 majore
688 3027 850 3082 quam
903 3020 1065 3066 antea
1128 3013 1356 3082 fulgore.
1383 3013 1518 3069 Nam
1563 3032 1686 3070 cum
1743 3018 1995 3075 obscura:

430 3105 608 3159 adhuc
671 3115 854 3161 essent
918 3106 1218 3175 prophetia:
1277 3107 1347 3161 ob
1410 3107 1626 3178 ineptas
1679 3108 1994 3166 Scribarum

430 3197 796 3266 digressiones
847 3198 900 3250 in
950 3197 1018 3252 iis
1071 3199 1429 3267 exponendis,
1477 3216 1597 3268 quae
1652 3203 1719 3257 ad
1761 3201 2000 3274 Evange-

435 3287 588 3348 lium.
632 3286 948 3358 Christique
998 3288 1292 3343 adventum
1330 3290 1697 3359 pertinebant,
1750 3293 2002 3349 Salvator

433 3378 660 3432 veniens
689 3379 742 3432 in
776 3379 1062 3442 mundum,
1095 3390 1343 3442 cunctas,
1382 3397 1475 3452 per
1501 3398 1595 3438 eos
1619 3385 1792 3454 quiin
1827 3385 1996 3441 Evan-

433 3470 590 3540 geliis
621 3479 895 3535 narratur,
926 3479 1180 3536 eventus,
1211 3473 1529 3539 illustravit,
1561 3476 1850 3547 clarasque
1882 3479 2004 3534 rcd-

435 3562 592 3626 didit,
626 3564 1079 3634 complementum
1133 3565 1268 3636 legis
1303 3572 1358 3621 et
1388 3567 1778 3638 prophetarum
1808 3569 2004 3625 factus.

507 3729 552 3759 ¹⁹
590 3725 724 3784 Luc.
751 3746 789 3796 ι,
825 3730 908 3784 79.

437 3896 602 3962 phani
638 3894 950 3967 vocem‘hie
975 3895 1334 3967 retinuimus,
1383 3911 1506 3951 cum
1551 3899 1671 3967 ejus
1715 3899 2021 3962 allusionis,

2089 1827 2197 1880 τῶν
2230 1826 2462 1882 ἀκτίνων
2501 1826 2695 1894 αὐγαῖς
2745 1825 2842 1895 τὴν
2889 1823 3102 1895 ἡμέραν
3157 1820 3674 1892 προοιμιαζόμενος,

2090 1919 2353 1974 καλύπτει
2388 1918 2483 1987 μὲν
2515 1917 2608 1970 καὶ
2655 1915 2968 1986 περιϐάλλει
3014 1917 3131 1977 ταῖς
3161 1915 3548 1984 μαρμαρυγαῖς
3573 1911 3677 1982 τὴν

2092 2011 2183 2064 ὑπ’
2213 2010 2439 2082 οὐρανόν
2471 2008 2583 2080 (10)
2606 2025 2618 2038 ·
2651 2006 2994 2078 ἀποκρύπτει
3050 2005 3108 2059 δὲ
3151 2006 3244 2058 καὶ
3275 2004 3514 2074 ἀμαυροῖ
3537 2001 3677 2054 πάν-

2091 2120 2189 2165 τας
2216 2101 2350 2172 ὁμοῦ
2374 2101 2499 2166 τοὺς
2522 2101 2629 2154 τῶν
2663 2100 2908 2169 ἀστέρων
2952 2097 3168 2168 χοροὺς,
3205 2095 3279 2158 ὡς
3318 2093 3474 2164 μόνον
3513 2093 3679 2146 αὑτὸν

2091 2193 2325 2264 ὁρᾶσθαι
2357 2191 2753 2264 περιπολοῦντα
2793 2192 2912 2252 ταῖς
2959 2189 3236 2260 οὐρανίαις
3263 2186 3471 2254 ἀψίσιν.
3523 2185 3582 2237 '0
3618 2183 3679 2236 δέ

2093 2301 2158 2352 γε
2186 2283 2390 2356 Κύριος
2409 2282 2566 2353 ἡμῶν
2610 2279 2814 2350 Ἰησοῦς
2845 2278 3099 2350 Χριστὸς,
3144 2275 3432 2338 ἀνατείλας
3463 2275 3596 2344 ἡμῖν
3618 2271 3685 2339 ἐξ

2096 2374 2282 2444 ὕψους,
2312 2373 2454 2428 κατά
2486 2375 2583 2446 τὴν
2639 2373 2901 2441 λέγουσαν
2939 2372 3066 2441 περὶ
3109 2367 3272 2424 αὑτοῦ
3319 2365 3680 2438 προφητείαν,

2048 2527 2051 2529 ι
2109 2473 2210 2525 ’Er
2237 2467 2328 2537 οἷς
2353 2470 2732 2539 ἐπεσκέψατο
2766 2466 2924 2538 ἡμᾶς
2964 2464 3246 2533 Ἀνατολὴ
3272 2464 3341 2529 ἐξ
3367 2462 3681 2532 ὕψους-πού

2099 2563 2257 2632 μόνον
2287 2563 2385 2616 οὐκ
2431 2561 2718 2633 ἀπέκρυψε
2746 2562 2872 2623 τοὺς
2899 2558 3004 2629 πρὸ
3032 2559 3130 2628 τῆς
3187 2556 3480 2626 ἐπιδημίας
3516 2553 3684 2608 αὑτοῦ

2095 2653 2251 2721 δίκην
2276 2653 2520 2724 ἀστέρων
2543 2652 2966 2722 ἀναλάμψαντας
3000 2649 3209 2718 ἁγίους,
3233 2648 3327 2702 καὶ
3341 2647 3685 2720 προδρόμους

2098 2743 2260 2798 αὐτοῦ
2307 2745 2672 2814 γενομένους,
2729 2741 2864 2798 ἀλλά
2925 2741 3210 2801 κάκείνους
3267 2737 3684 2809 λαμπροτέρους

2098 2836 2346 2907 ἐποίησε,
2377 2837 2472 2890 καὶ
2510 2834 2731 2904 ἑτέρους
2752 2831 2929 2903 ἑαυτῷ
2963 2832 3256 2902 φωστῆρας
3277 2827 3682 2898 συνανέλαμψε.

2100 2930 2384 3000 Προφῆται
2411 2927 2509 2996 μὲν
2535 2926 2643 2999 γὰρ
2675 2925 2977 2995 διέλαμψαν
3016 2923 3153 2994 μετά
3179 2921 3277 2992 τὴν
3319 2921 3530 2974 ἐκείνου
3558 2935 3686 2986 παρα

2103 3020 2290 3074 ουσίαν
2313 3035 2326 3048 ο
2357 3018 2555 3089 μᾶλλον
2579 3018 2635 3072 δὲ
2669 3017 2704 3087 ἢ
2723 3017 2833 3087 (Η)
2863 3015 2970 3088 πρὸ
3001 3015 3234 3085 ἐκείνης.
3280 3011 3552 3083 Ἀμυδρᾶς
3578 3012 3686 3082 γὰρ

2103 3112 2272 3184 οὔσης
2325 3112 2406 3166 ἔτι
2460 3112 2562 3182 τῆς
2615 3110 2951 3182 προφητείας
3003 3110 3125 3170 τοῖς
3159 3104 3542 3176 εὐαγγελικαῖς
3579 3103 3686 3157 τῶν

2097 3202 2472 3275 Γφμματέων
2505 3200 2792 3255 ὲκόἀσεσιν
2819 3199 2952 3268 (12),
2989 3200 3018 3252 ὁ
3046 3197 3236 3267 Σωτὴρ
3278 3191 3460 3249 ἐλθὼν⁶
3482 3194 3558 3256 είς
3595 3191 3687 3246 τὸν

2100 3295 2323 3364 κόσμον,
2356 3294 2561 3356 πάντας
2582 3293 2915 3364 ὲλάμπρυνε,
2952 3289 3043 3344 καὶ
3069 3288 3383 3358 διεσάφησε,
3419 3285 3686 3356 πλήρωμα

2101 3385 2267 3455 νόμου
2301 3385 2394 3439 καὶ
2419 3385 2712 3457 προφητῶν
2758 3383 3067 3452 γενόμενος.
3113 3380 3186 3432 Οὐ
3219 3378 3328 3448 γὰρ
3361 3374 3492 3448 ἦλθε
3520 3391 3685 3427 κατα·

2108 3477 2268 3530 λῦσαι
2292 3478 2384 3530 τὸν
2410 3477 2571 3546 νόμον
2602 3476 2696 3529 καὶ
2733 3476 2857 3538 τοὺς
2888 3473 3194 3544 προφήτας,
3225 3469 3360 3524 ἀλλὰ
3378 3468 3685 3540 πληρῶσαι.

2126 3569 2250 3622 Ἐπὶ
2275 3567 2330 3621 δὲ
2351 3568 2452 3638 τῆς
2470 3567 2596 3631 νέας
2620 3568 2840 3638 χάριτος
2865 3566 2993 3636 περὶ
3023 3563 3218 3619 ἑαυτοῦ
3244 3564 3460 3632 λέγωνό
3477 3563 3686 3633 Σωτὴρ,

2135 3893 2482 3965 interpretari
2520 3899 2943 3965 consueverunt.
3003 3889 3177 3965 Porro
3224 3901 3452 3965 censere
3514 3886 3690 3965 potuit

435 3957 492 4023 et
529 3964 981 4037 alquivocatienis
1026 3963 1264 4037 leporem
1303 3957 1358 4020 in
1405 3957 1851 4036 interpretatione
1896 3957 2025 4025 reti;
2125 3957 2723 4037 Nyssén_us,__t_ene_bras
2751 3961 2963 4037 aliquas
3002 3961 3058 4014 in
3106 3957 3492 4037 prophetarum
3547 3959 3691 4037 seri:-

443 4033 568 4105 neri
597 4033 801 4105 Latinae
831 4033 1028 4105 linguae
1065 4035 1275 4105 indoles
1300 4051 1408 4090 non
1441 4033 1699 4105 patiatur.

527 4102 605 4173 (9)
643 4101 782 4156 Hinc
812 4102 1087 4173 colligitur
1109 4103 1395 4161 Dominica
1421 4101 1509 4161 die
1531 4108 1798 4172 accidisse
1823 4107 2020 4166 festum

446 4171 676 4246 Joannis
711 4172 947 4240 apostoli
977 4187 1043 4228 eo
1075 4189 1240 4240 anno,
1268 4190 1378 4246 quo
1415 4176 1559 4232 hanc
1591 4175 1893 4235 orationem
1925 4179 2024 4232 ha-

447 4243 567 4298 buit
592 4241 894 4312 Nyssenus.

519 4311 738 4382 (lO)"H
786 4313 877 4367 ὑπ’
923 4315 1172 4388 οὐρανόν,
1222 4315 1444 4385 phrasis
1495 4326 1579 4372 est
1620 4315 1678 4370 S.
1712 4315 2026 4388 Scriptum,

450 4399 570 4457 quae
599 4395 828 4457 terram,
865 4385 966 4457 vel
990 4385 1316 4457 sublunares
1350 4392 1603 4457 regiones
1632 4385 1935 4457 significat,
1968 4397 2026 4443 ut

452 4454 642 4529 videre
671 4461 758 4529 est
805 4453 862 4505 in
914 4453 1054 4508 libro
1076 4453 1209 4529 _Job,
1237 4470 1356 4529 cap.
1382 4453 1495 4529 if_7
1516 4475 1539 4529 :_
1563 4453 1872 4529 Περιὲλοῲν
1926 4457 2026 4529 τὴν

615 4523 710 4575 καὶ
743 4506 1209 4649 ὲμπεξιπατήσας
2058 4506 2100 4561 D

451 4595 596 4648 Idem
629 4608 752 4649 cat).
794 4610 853 4649 ll.
942 4613 957 4649 :
989 4595 1377 4649 Διαποοευθεὶς
1412 4595 1510 4649 τὴν
1536 4597 1628 4648 ὑπ’
1655 4596 1905 4649 οὐρανὸν.
1931 4596 2024 4649 xui.

451 4595 596 4678 idem
629 4608 752 4661 cap.
782 4610 853 4678 'u,
877 4595 913 4649 2
942 4613 957 4649 :
989 4595 1377 4678 ᾼιαπορευθεὶς
1412 4595 1510 4667 τὴν
1536 4597 1628 4678 ea?
1655 4595 2024 4678 obpa‘vbv,ui_<at

451 4667 921 4736 ἐμπεριπατήσας
955 4665 1056 4736 sini
1095 4665 1428 4734 σύμπασαν,
1470 4665 1738 4736 πάρειμιζ
1781 4665 2026 4722 Nobilius

451 4734 744 4803 utrobique
791 4735 968 4804 vertit,
1006 4734 1163 4798 Eam,
1206 4751 1320 4804 qua:
1366 4738 1458 4790 sub
1497 4734 1625 4790 creto
1661 4734 1767 4797 est,
1827 4735 1924 4792 sed
1972 4736 2024 4790 in

452 4804 624 4874 veteri
654 4804 899 4874 editione
946 4803 1141 4859 Latina
1173 4803 1474 4860 secundum
1518 4805 1660 4859 LXX
1696 4806 2027 4874 lnterpretes

453 4890 486 4928 a
518 4873 855 4928 doctissimis
885 4874 1219 4930 Benedictini
1263 4877 1403 4944 apud
1439 4874 1626 4930 Gallos
1660 4873 1870 4930 ordinis
1910 4877 2029 4928 alu-

456 4944 600 4998 mnis
627 4959 803 5017 nuper
832 4945 1049 5017 vulgjita
1077 4946 1131 4998 in
1163 4946 1339 5017 primo
1369 4945 1426 5017 S.
1453 4944 1770 5017 Hieronymi
1800 4960 2025 5015 operum

457 5021 635 5084 tome,
650 5015 901 5084 vertitur,
937 5014 1015 5067 Ea
1055 5031 1170 5084 qua:
1203 5014 1296 5067 sub
1328 5016 1454 5069 creto
1484 5027 1626 5068 sunt.

533 5083 646 5154 (Η)
683 5083 1006 5154 Particulam
1040 5082 1098 5154 ἦ,
1135 5099 1302 5139 sensu
1336 5089 1683 5154 postulante,
1727 5099 1832 5139 nos
1876 5082 2030 5139 addi-

459 5153 667 5215 dimus,
705 5153 832 5208 licet
871 5154 926 5208 in
957 5153 1223 5208 Vaticano
1248 5153 1436 5208 codice
1463 5169 1572 5207 non
1602 5155 1886 5208 habeatur.

531 5223 644 5294 (lit)
695 5222 876 5279 Locus
935 5225 1247 5294 obscurus,
1279 5234 1334 5278 et
1382 5225 1750 5293 corruptionis
1797 5224 2031 5278 fortasse

461 5293 798 5361 suspectus;
832 5308 934 5348 nos
963 5301 1143 5348 tamen
1178 5293 1312 5346 nihil
1340 5301 1554 5348 mutare
1603 5295 1744 5356 ausi,
1789 5307 2034 5347 commo-

463 5364 594 5417 dum
628 5365 862 5432 aliquem
893 5379 1114 5418 sensum
1148 5377 1214 5417 ex
1249 5362 1596 5433 hisNysseni
1627 5363 1810 5433 verbis
1841 5376 2032 5433 eruere

464 5433 650 5486 conati
705 5431 919 5488 sumus.
950 5434 1083 5504 Vult
1125 5433 1268 5504 enim
1303 5431 1586 5504 Nyssenus
1635 5431 1914 5504 Christum
1945 5432 2035 5486 ad-

464 5512 631 5571 ventu
672 5517 773 5556 suo
805 5503 1122 5571 prophetias
1157 5502 1654 5557 adhuc'obscuras
1701 5502 2028 5556 illustrasse.

468 5569 668 5622 Earum
719 5569 922 5625 autem
951 5573 1304 5626 obscuritatis
1343 5587 1564 5626 causam
1613 5573 1665 5624 in
1722 5571 2031 5625 Iudaeorum

467 5639 692 5694 Scribas
739 5641 986 5708 conjicit.
1047 5640 1253 5694 Scriba:
1301 5648 1482 5694 autem
1541 5641 1774 5709 primum
1814 5639 2030 5709 quidem

471 5710 791 5776 Scripturas
827 5711 897 5778 in,
924 5726 1074 5771 cum,
1116 5726 1275 5778 quem
1306 5710 1576 5772 videmus,
1605 5712 1851 5764 ordinem
1881 5711 2034 5763 rede-

471 5788 710 5851 gerunt;
744 5777 937 5834 deinde
982 5794 1108 5834 vero
1139 5777 1360 5834 easdem
1408 5780 1621 5850 publice
1653 5781 1707 5834 in
1743 5781 2033 5849 synagogis

2124 4025 2215 4106 pt'a
2256 4051 2297 4106 a7
2317 4032 2525 4088 Scribis
2585 4025 3063 4106 inductas'fnisse,
3092 4025 3180 4106 fel
3209 4025 3350 4106 cum_
3383 4025 3597 4082 diffusis
3634 4034 3691 4082 et

2125 4097 2398 4178 interdum
2429 4102 2730 4178 nugacibus
2756 4099 3214 4178 explicationibus
3241 4113 3304 4178 ea
3338 4097 3393 4152 in
3434 4110 3682 4178 synago-

2126 4177 2209 4246 gis
2239 4174 2454 4246 publice
2502 4167 2869 4241 explicabani,
2918 4171 3001 4246 vel
3035 4185 3169 4246 cum
3191 4167 3379 4223 eadem
3433 4167 3488 4246 in
3521 4180 3688 4246 unum

2129 4233 2328 4315 corpus
2358 4233 2699 4315 digesserant
2733 4233 3282 4315 nonnulla,_s_cilicet,
3337 4237 3575 4315 partim_
3594 4233 3691 4315 ad-

2130 4303 2330 4377 den'do,
2353 4303 2844 4386 pa}tim_tol_lendo,
2866 4318 2926 4386 ut
2947 4303 3012 4386 in
3035 4308 3315 4386 historicis
3340 4303 3518 4386 sacrae
3542 4303 3692 4358 Scri-
3721 4352 3740 4379 ἦ

2129 4376 2486 4454 ptumlibris
2533 4382 2602 4454 ab
2630 4381 2834 4454 eisdem
2857 4379 3080 4454 _Scribis
3115 4377 3321 4454 factum
3356 4376 3527 4431 fuisse
3585 4389 3688 4454 pu-
3725 4376 3750 4444 ri

2132 4444 2268 4511 iant.
2312 4449 3081 4524 Sane_antiquos__.ludaeorum
3134 4447 3357 4524 §cribas
3403 4444 3688 4524 nonnulla,

2129 4539 2248 4593 qua:
2281 4515 2659 4593 emendatione
2692 4521 2998 4593 aliquaaut
3047 4517 3252 4593 majore
3301 4515 3547 4593 claritate
3606 4515 3690 4565 in—

2131 4585 2410 4665 digebant,
2443 4593 2497 4645 in
2525 4585 2950 4665 sacﬁsjpaginis,
2973 4587 3271 4665 praesertim
3297 4585 3683 4665 prophetarum
3726 4617 3735 4648 ς

2131 4657 2310 4727 Ιίιῖνὶε,
2359 4671 2641 4722 mutasse,
2695 4657 2859 4729 atque
2912 4657 3294 4729 interpolasse,
3354 4661 3572 4729 censtat
3625 4665 3734 4706 ex‘

2130 4722 2317 4803 paucis
2349 4732 2456 4803 illis
2500 4722 2796 4803 Scripturae
2845 4728 2981 4783 locis
3124 4726 3324 4796 quibus
3373 4722 3693 4803 scribarum

2129 4792 2498 4858 correctiones
2545 4792 2918 4860 continentur,
2977 4792 3180 4867 quique
3230 4812 3295 4850 ex
3337 4792 3690 4867 rgbbinorum

2133 4873 2354 4941 scriptis
2381 4871 2710 4941 late_pr:etcr
2731 4869 2868 4941 a_li_o_s
2892 4860 3283 4941 enumerantur
3309 4879 3338 4916 a
3367 4860 3694 4931 Baymundo

2134 4934 2348 4995 Martini
2383 4940 2440 4994 in
2471 4934 2707 5008 Pugione
2734 4937 2857 5007 ﬁdei
2886 4937 3138 5008 adversus
3173 4934 3412 5008 Judwos,
3460 4945 3586 5008 par.
3617 4945 3691 4991 ιι,

2130 5026 2252 5081 cap.
2284 5013 2338 5076 5,
2372 5001 2617 5081 num_._9,
2643 5016 2699 5062 et
2734 5001 2858 5081 par.
2912 5023 2994 5069 ιιι,
3043 5006 3180 5081 dist.
3293 5017 3413 5081 cap.
3435 5001 3502 5081 ἐ,
3524 5016 3691 5081 Διιιιιιιε

2133 5069 2222 5144 ll,
2256 5089 2308 5135 et
2326 5069 2456 5149 'cap.
2489 5077 2576 5138 l6,
2608 5069 2758 5149 n_um'.
2787 5075 2898 5149 26A;
2927 5085 2979 5130 et
3013 5091 3043 5128 a
3086 5073 3310 5149 VoisiAno
3340 5069 3396 5125 in
3435 5071 3591 5149 I‘iotis
3622 5069 3689 5149 ad

2130 5142 2379 5220 ejusdem
2405 5142 2606 5220 'Operis
2638 5144 3281 5220 Procemium_pa_g.__88,_
3326 5149 3382 5198 et
3410 5142 3478 5194 ad
3528 5147 3692 5208 caput

2133 5214 2354 5293 tertium
2387 5214 2559 5289 partis
2589 5216 2865 5271 secundae.
2901 5214 3395 5293 Sed‘nihilorni‘nus
3420 5225 3545 5293 cum
3582 5225 3687 5293 non

2133 5291 2268 5345 satis
2296 5282 2532 5351 constet,
2566 5302 2635 5340 an
2682 5287 3054 5353 correctiones
3102 5285 3218 5338 ista:
3246 5282 3480 5353 Nyssepi
3533 5286 3691 5334 aetate

2133 5360 2468 5432 antiquiores
2507 5357 2645 5432 sint,
2679 5352 3018 5432 licet-Judaei
3062 5351 3360 5432 innmagna
3390 5351 3688 5432 .Synagoga

2134 5420 2318 5483 Esdr'ae
2352 5427 2688 5497 temporibus
2718 5425 2920 5497 habita,
2960 5425 3080 5478 illas
3124 5420 3295 5476 factas
3327 5420 3499 5476 fuisse
3527 5434 3691 5497 asse-

2136 5508 2298 5565 rant;
2330 5507 2383 5553 et
2411 5489 2801 5567 alioquicurn
2827 5493 3120 5567 Nyssenus‘
3149 5507 3259 5546 non
3306 5489 3688 5567 correctionis,

2134 5577 2229 5622 aut
2252 5559 2521 5640 lectionis,
2539 5559 2646 5640 'sed
2675 5559 2950 5627 ὲκόἀσείυς
2979 5563 3200 5640 nomine
3233 5570 3421 5640 utatur
3445 5577 3460 5623 ;
3488 5559 3690 5640 verosi-

2137 5640 2318 5693 milius
2361 5639 2493 5690 mihi
2536 5638 2710 5690 visum
2761 5643 2865 5696 est,
2912 5648 3035 5688 eum
3083 5632 3148 5686 ad
3203 5633 3446 5701 prolixas
3487 5632 3686 5700 potius.

2137 5710 2401 5778 longeque
2439 5708 2636 5776 petitas
2664 5703 3500 5778 Scribaruminterpretatiunes.
3526 5712 3688 5768 quant

2137 5779 2206 5834 ad
2233 5772 2554 5833 corumdem
2585 5776 2954 5832 correctiones
2986 5772 3211 5829 biblicas
3243 5772 3567 5842 respexisse.
