4050 6164
314 357 416 412 7‘29

1355 343 1638 404 ALTERA
1674 346 2033 406 LAUDATIO
2075 354 2134 410 S.
2173 355 2538 416 STEPHANI.

3468 364 3572 423 730

316 469 464 540 Ἐγώ
485 470 601 538 εἰμι
627 466 690 520 τὸ
708 464 835 535 φῶς
855 464 961 519 τοῦ
981 463 1214 532 κόσμου
1228 463 1446 526 τούτου,
1464 465 1563 517 οὐκ
1584 462 1895 534 ἀπηξίωσεν

2010 465 2184 540 Neque
2209 473 2354 527 enim
2386 475 2533 529 venit
2564 474 2775 530 solvere
2809 475 2980 545 legem
3012 484 3106 530 aut
3133 477 3444 547 prophetas,
3475 481 3572 538 sed

304 563 338 630 ὴ
365 559 516 630 πηγὴ
546 556 642 627 τῆς
664 554 1000 626 ἀγαθότητος
1025 553 1083 620 ἐξ
1112 552 1322 621 ἀγαθοῦ
1355 554 1569 624 Πατρὸς
1592 552 1893 625 προελθὼν,

305 655 420 715 τοῖς
468 648 618 720 αὐτῷ
649 647 959 702 δουλεύουσι
995 644 1324 716 μεταδοῦναι
1359 647 1458 718 τῆς
1501 645 1697 700 ἑαυτοῦ
1728 664 1898 719 προσ-

305 743 560 814 ηγορίαςσ
620 739 760 794 ἀλλά
811 757 945 810 φησι
1003 739 1140 810 πρὸς
1194 739 1321 804 τοὺς
1373 737 1570 794 ἑαυτοῦ
1605 739 1892 810 μαθητάς·

318 831 504 901 Ὑμεῖς
535 831 676 885 ἐστε
704 829 771 884 τὸ
813 827 940 899 ςοῶς
975 828 1085 885 τοῦ
1131 831 1363 900 κόσμου
1387 846 1398 861 '
1433 831 1548 895 καὶ,
1598 830 1900 900 Λαμψάτω

306 925 379 979 τὰ
425 924 570 993 ἔργα
608 920 777 993 ὑμῶν
828 921 1175 992 ἔμπροσθεν
1214 922 1334 977 τῶν
1365 923 1710 992 ἀνθρώπων.
1748 927 1814 978 Ὃ
1843 926 1900 979 δὲ

313 1016 498 1087 μεῖζον
528 1017 873 1086 παραγαγεῖν
928 1015 1126 1088 ἔχομεν
1164 1017 1244 1078 εἷς
1272 1016 1579 1087 ὑπόμνησιν
1611 1016 1718 1070 τῶν
1751 1018 1902 1088 είρτΓ

314 1108 513 1178 μένων,
547 1108 725 1169 τοῦτο,
750 1107 936 1178 χάριτι
962 1108 1118 1168 Θεοῦ,
1141 1107 1303 1162 πάλιν
1322 1107 1684 1178 ἐκθησόμεθασ
1728 1108 1902 1162 Ἰωάν-

312 1215 412 1267 νης
445 1198 779 1267 Βαπτιστὴς,
805 1200 998 1270 λύχνος
1035 1200 1377 1270 ὀνομασθείς,
1411 1201 1504 1254 καὶ
1523 1200 1581 1252 ὲν
1607 1201 1720 1262 τοῖς
1750 1198 1902 1254 Ψαλ-

316 1293 438 1360 μοῖς
460 1293 1090 1364 προαναπεφωνημένος,
1127 1293 1222 1344 καὶ
1253 1291 1358 1344 ὑπὸ
1390 1293 1596 1363 Κυρίου
1622 1308 1902 1362 μεμαρτυ-

316 1380 573 1452 ρημένος.
620 1383 680 1436 '0
736 1383 834 1454 μὲν
861 1383 971 1453 γάρ
1013 1384 1321 1454 Προφήτης,
1362 1384 1428 1436 ὲκ
1482 1381 1773 1453 προσώπου
1805 1382 1900 1436 τοῦ

315 1469 544 1540 Πατρδς,
576 1471 715 1542 φησὶ
761 1473 890 1541 περ).
921 1469 1085 1525 αὐτοῦ
1124 1471 1212 1524 διὰ
1248 1473 1347 1540 τῆς
1391 1471 1686 1543 ὑμνῳδίαςο
1724 1472 1903 1527 Ἠτοιι-

311 1574 479 1629 μασα
501 1558 738 1628 λύχνον
763 1560 841 1626 τῷ
860 1562 1091 1629 Χριστῷ
1104 1580 1245 1632 μου,
1275 1563 1574 1630 τουτέστιν,
1591 1564 1732 1636 Ὑπη
1743 1566 1902 1636 ρέτην

316 1651 411 1704 καὶ
461 1652 772 1723 πρόδρομον
823 1654 1094 1724 ἡτοίμασα
1135 1655 1228 1708 τοῦ
1279 1655 1496 1723 φωτός·
1535 1658 1564 1708 6
1599 1655 1656 1708 δὲ
1699 1656 1904 1728 Κύριος

315 1744 415 1814 τὴν
451 1745 729 1816 Πατρικὴν
764 1745 997 1816 βεϐαιῶν
1039 1747 1242 1818 φωνὴν,
1285 1747 1540 1814 Ἐκεῖνος
1579 1743 1680 1818 ἦν,
1713 1751 1899 1822 φησὶν,

317 1839 351 1890 ὁ
403 1839 634 1906 λύχνος
692 1839 725 1891 ό
782 1839 1112 1908 καιόμενος.
1159 1839 1296 1892 Ἀλλ’
1336 1840 1486 1910 ὅμως
1516 1840 1545 1892 ὁ
1575 1840 1766 1912 λύχνος
1803 1841 1898 1908 ὢν,

315 1928 569 1982 τοσοῦτον
619 1930 823 2002 ἀπέσχε
881 1929 976 1983 τοῦ
1031 1931 1422 2002 ἀμαυρωθῆναι
1452 1934 1517 2002 τῇ
1565 1933 1658 1986 τοῦ
1693 1935 1902 2004 Κυρίου

318 2021 612 2092 παρουσίᾳ,
644 2021 702 2084 ὃς
724 2017 791 2092 ἦν
820 2021 970 2092 ἥλιος
1019 2021 1378 2094 δικαιοσύνης,
1409 2022 1550 2077 ὥστε
1584 2025 1677 2079 καὶ
1706 2027 1904 2095 μᾶλλον

316 2111 601 2183 διέλαμψε,
625 2111 801 2185 κῆρυξ
842 2114 976 2186 ὁμοῦ
1011 2119 1104 2168 καὶ
1139 2115 1384 2185 θεολόγος
1415 2118 1581 2172 αὐτοῦ
1608 2118 1698 2172 106
1723 2121 1905 2190 Σωτῆ-

321 2225 413 2280 ρος
434 2208 462 2259 6
500 2208 806 2278 Βαπτιστὴς
845 2208 1153 2277 γενόμενος.
1196 2208 1447 2280 Ἰωάννης
1477 2210 1576 2280 μὲν
1607 2207 1699 2266 οὖν
1720 2212 1809 2266 διὰ
1846 2213 1906 2266 τὺ

319 2294 416 2352 ἕνα
444 2300 604 2370 μόνον
631 2300 884 2368 φωτίζειν
910 2295 1058 2353 οἷκον
1082 2299 1174 2353 τὸν
1194 2299 1288 2354 τοῦ
1314 2302 1552 2373 Ἰσραὴλ,
1579 2301 1770 2374 λύχνος
1793 2303 1906 2376 (15)

319 2390 632 2462 ὠνομάσθη.
671 2393 732 2444 Ol
765 2390 819 2443 δὲ
854 2389 949 2444 106
977 2391 1227 2462 Σωτῆρος
1252 2392 1558 2458 ἀπόστολοι,
1593 2395 1654 2447 οὐ
1690 2394 1904 2465 λύχνοι,

318 2483 441 2536 οὐδὲ
466 2481 715 2552 ἀστέρες,
740 2481 875 2535 ἀλλά
908 2481 1193 2553 φωστῆρες
1223 2484 1688 2555 ἀνηγορεύθησαν,
1718 2487 1818 2540 ούκ
1849 2489 1906 2540 ἐν

321 2574 402 2626 ἑνὶ
435 2573 680 2643 κλίματι,
705 2573 826 2628 οὐδὲ
857 2575 954 2644 μιᾷ
978 2574 1150 2644 γωνίᾳ
1186 2575 1514 2646 λάμποντες,
1545 2577 1661 2631 ἀλλ’
1688 2577 1907 2634 ἅπασαν

320 2663 417 2733 τὴν
442 2664 546 2717 ὑπὸ
567 2662 791 2731 οὐρανὸν
831 2665 1287 2734 καταυγάζοντες.
1320 2667 1576 2740 Ἔξαρχοι
1603 2669 1660 2722 δὲ
1701 2671 1906 2724 τούτων

322 2757 421 2808 καὶς
438 2763 718 2826 κορυφαῖοι
754 2757 782 2809 6
813 2757 1042 2828 Πέτρος,
1072 2759 1167 2811 καὶ
1194 2759 1222 2811 6
1261 2759 1533 2824 Ἰάκωϐος,
1559 2760 1653 2814 καὶ
1678 2762 1706 2814 6
1733 2761 1909 2816 Ἰωάν-

321 2854 440 2918 νης,
466 2851 519 2903 οἱ
543 2851 780 2920 σήμερον
805 2851 926 2914 ταῖς
961 2850 1102 2921 ὑπὲρ
1135 2851 1378 2920 Χριστοῦ
1417 2853 1746 2925 μαρτυρίαις
1815 2872 1907 2908 σε-

329 2941 670 3014 μνυνόμενοι,
713 2939 1022 3011 συμφώνως
1057 2943 1154 3013 μὲν
1187 2944 1323 3015 πρὸς
1379 2945 1440 2998 τὸ
1467 2946 1623 3012 τέλος
1648 2947 1743 3002 τοῦ
1789 2947 1906 3018 βίου

325 3033 640 3104 δραμόντες,
662 3033 938 3103 διαφόροις
978 3033 1037 3088 δὲ
1073 3033 1167 3088 τοῦ
1199 3036 1501 3108 μαρτυρίου
1559 3038 1782 3108 τρόποις
1819 3041 1906 3094 ὲν-

1921 694 1948 732 ἐι

1930 1811 1975 1867 Β

1998 561 2296 632 adimplere
2329 566 2393 618 “.
2427 565 2497 619 At
2536 581 2669 621 vero
2697 580 2852 621 novae
2879 567 3014 637 legis
3055 575 3322 638 tempore,
3353 586 3476 624 cum
3506 572 3575 628 de

1998 669 2058 710 se
2090 655 2210 725 ipso
2233 655 2478 712 Salvator
2504 658 2686 712 dicat:
2715 658 2825 729 Ego
2853 675 2968 713 sum
2997 659 3089 713 lux
3116 661 3302 716 mundi
3325 663 3487 731 hujus
3511 665 3578 728 ¹²,

1998 763 2110 802 non
2145 747 2469 820 dedignatus
2492 756 2579 804 est
2606 749 2730 806 fons
2754 750 2842 804 ille
2877 751 3158 816 bonitatis,
3185 768 3215 807 e
3245 754 3388 807 bono
3417 752 3580 810 Patre

1997 853 2286 901 emanans,
2324 853 2514 894 servos
2541 855 2672 896 suos
2705 842 2947 895 nominis
2969 843 3133 910 hujus
3169 844 3253 899 sui
3281 845 3580 914 participes

2001 928 2203 984 facere.
2232 927 2338 984 Sed
2371 929 2437 984 ad
2465 931 2763 1002 discipulos
2788 948 2918 989 suos
2946 933 3124 1003 inquit
3149 952 3163 989 :
3202 933 3304 988 Vos
3334 936 3462 989 estis
3488 937 3581 988 tua:

2000 1023 2226 1089 mundi;
2263 1032 2350 1090 et,
2401 1025 2637 1080 Luceant
2693 1042 2852 1096 opera
2911 1036 3086 1080 vestra
3125 1043 3305 1079 coram
3347 1028 3580 1081 homini-

2001 1115 2096 1170 bus
2131 1115 2194 1170 ¹³.
2225 1116 2334 1172 Sed
2383 1117 2530 1186 quod
2558 1117 2624 1172 ad
2655 1133 2715 1172 ea
2739 1133 2861 1187 qua:
2913 1117 3172 1183 diximus,
3206 1121 3580 1176 confirmanda

1999 1205 2197 1260 adduci
2223 1213 2426 1275 potest,
2457 1205 2532 1269 id,
2553 1206 2779 1276 juvaute
2807 1205 2936 1271 Deo,
2973 1221 3164 1262 rursus
3196 1207 3579 1276 proferamus:

1998 1296 2198 1353 Joanni
2246 1297 2501 1369 Baptista:
2545 1298 2865 1369 impositum
2921 1297 3022 1352 fuit
3075 1297 3311 1354 lucerna:
3358 1315 3578 1366 nomen,

1996 1389 2151 1460 juxta
2179 1391 2232 1446 id
2258 1391 2402 1461 quod
2435 1392 2488 1446 in
2512 1391 2746 1448 Psalmis
2768 1392 2835 1446 de
2857 1405 2924 1447 eo
2945 1398 3103 1445 antea
3133 1391 3580 1461 praenuntiatum,

1999 1491 2054 1537 ct
2082 1483 2291 1538 Christi
2318 1483 2575 1553 deinceps
2619 1483 2936 1538 testimonio
2988 1481 3405 1552 comprobatum
3457 1481 3581 1536 fuit.

2001 1574 2271 1646 Propheta
2299 1577 2469 1640 enim,
2493 1575 2675 1631 Patris
2703 1591 2992 1645 personam
3030 1575 3335 1636 sustinens,
3363 1572 3431 1628 de
3463 1567 3585 1643 ipso

2000 1668 2144 1722 inter
2162 1667 2466 1722 canendum
2491 1668 2586 1733 ait,
2617 1665 2815 1720 Paravi
2841 1667 3109 1720 lucernam
3137 1664 3349 1720 Christo
3369 1680 3481 1718 meo
3514 1663 3586 1726 “,

2002 1761 2108 1818 hoc
2137 1767 2242 1826 est,
2270 1761 2409 1816 lueis
2441 1759 2758 1814 ministrum
2791 1767 2846 1813 et
2901 1771 3320 1828 praecursorem.
3363 1755 3431 1808 At
3475 1754 3585 1809 Do-

2004 1853 2187 1907 minus
2217 1864 2456 1920 paternae
2489 1851 2607 1906 voci
2638 1851 2807 1905 robur
2828 1851 3056 1914 addens,
3116 1847 3240 1911 Ille,
3273 1847 3470 1916 inquit,
3503 1847 3588 1899 lu-

2004 1962 2161 2000 cerna
2180 1953 2293 1999 erat
2324 1944 2595 1998 ardens”.
2617 1941 2721 1996 Sed
2745 1940 3099 2012 quantumvis
3124 1940 3346 1994 lucerna
3379 1939 3586 1993 solum-

2005 2035 2168 2092 modo
2203 2043 2372 2098 esset,
2414 2041 2626 2087 tantum
2667 2031 2866 2098 abfuit,
2900 2038 2960 2084 ut
2990 2031 3044 2084 in
3077 2029 3292 2084 Domini
3324 2029 3585 2092 adventu,

2005 2129 2100 2199 qui
2131 2128 2212 2184 sol
2258 2134 2376 2183 erat
2405 2125 2654 2196 justitiae,
2689 2125 3113 2187 obscuraretur,
3156 2129 3218 2174 ut
3237 2120 3454 2174 elariori
3488 2134 3586 2190 po-

2007 2221 2118 2276 tius
2143 2220 2349 2274 lumine
2386 2216 2680 2283 refulserit,
2733 2215 2909 2286 ipsius
2937 2213 3262 2278 Salvatoris,
3313 2211 3588 2280 ejusdem-

2007 2329 2116 2386 que
2171 2312 2478 2368 divinitatis
2534 2325 2714 2381 prazco
2769 2307 2953 2372 simul,
3009 2320 3074 2360 ac
3129 2305 3285 2360 testis
3336 2303 3584 2360 effectus.

2005 2404 2246 2460 Joannes
2276 2404 2446 2473 igitur
2469 2409 2757 2474 propterea
2791 2398 2934 2467 quod
2972 2411 3134 2450 unam
3167 2395 3339 2450 solam
3370 2392 3589 2449 lsraelis

1998 2496 2228 2552 domum
2291 2493 2639 2555 illuminavit,
2695 2492 2934 2544 lucernae
2971 2502 3172 2542 nomen
3243 2486 3475 2555 accepit.
3518 2483 3590 2537 At

2007 2587 2182 2644 nostri
2201 2585 2499 2641 Salvatoris
2512 2583 2762 2652 apostoli,
2780 2595 2887 2635 non
2901 2581 3143 2645 lucerna,
3165 2591 3270 2631 non
3287 2575 3586 2646 lampades,

2009 2695 2112 2736 uec
2141 2679 2346 2742 sidera,
2387 2676 2482 2733 sed
2522 2674 2814 2730 luminaria
2861 2670 3158 2737 nuneupati
3193 2667 3366 2729 fuere,
3404 2675 3591 2734 utpote

2007 2772 2103 2841 qui
2130 2786 2236 2826 non
2263 2769 2317 2823 in
2343 2782 2450 2823 una
2471 2766 2712 2836 regione,
2747 2778 2850 2818 nec
2880 2762 2933 2815 in
2954 2775 3062 2815 uno
3087 2767 3356 2812 terrarqu
3392 2753 3593 2823 angulo

2009 2864 2232 2924 fulsere,
2263 2860 2361 2926 sed
2390 2857 2657 2929 quidquid
2714 2853 2820 2910 sub
2846 2853 2987 2908 etelo
3041 2857 3126 2905 est
3179 2845 3589 2903 illuminarunt.

2010 2957 2215 3012 Horum
2243 2969 2372 3010 vero
2409 2951 2578 3006 duces
2601 2963 2665 3003 ac
2697 2947 2974 3018 principes
3016 2949 3148 2999 sunt
3179 2941 3395 3004 Petrus,
3425 2935 3592 2990 Jaco—

2008 3050 2134 3116 bus,
2191 3056 2246 3103 et
2303 3045 2560 3105 Joannes.
2624 3040 2696 3096 ob
2729 3039 3018 3093 loleratum
3067 3048 3165 3104 pro
3221 3031 3427 3087 Christi
3487 3027 3595 3083 fide

323 3125 675 3195 αθλήσαντες.
713 3125 774 3181 Ὀ
807 3127 904 3196 μὲν
933 3126 1041 3197 γὰρ
1084 3127 1473 3199 πρωτοστάτης
1503 3130 1593 3186 καὶ
1621 3135 1907 3204 κορυφαῖος

2015 3137 2334 3210 martyrium
2354 3134 2633 3190 hodierna:
2654 3129 2965 3187 festivitatis
2990 3129 3251 3181 honorem
3277 3119 3590 3180 consecuti,

321 3217 421 3287 τῆς
461 3216 821 3286 ἀποστολικῆς
876 3219 1096 3289 χορείας
1159 3220 1495 3290 ἀναδειχθεὶς
1520 3263 1534 3289 ,
1575 3223 1781 3276 οἰκείαν
1828 3223 1908 3294 τῷ

324 3305 594 3377 ἀξιώματι
622 3307 720 3378 τὴν
778 3306 937 3373 δόξαν
991 3307 1359 3380 ἀπηνέγκατο,
1407 3310 1473 3378 τῇ
1521 3308 1616 3362 τοῦ
1655 3310 1908 3381 Σωτῆρος

323 3397 684 3468 ὁμοιοπαθείᾳ
707 3397 1069 3468 τετιμημένος
1097 3414 1110 3425 ·
1146 3399 1174 3452 6
1202 3399 1421 3470 σταυρῷ
1449 3400 1560 3470 (14)
1594 3400 1703 3474 γὰρ
1741 3418 1910 3472 προσ-

323 3489 574 3560 ηλωθεὶς,
606 3489 705 3562 τὴν
737 3490 1070 3562 Δεσποτικὴν
1103 3489 1286 3545 είκό⁶να
1313 3492 1406 3547 τοῦ
1438 3492 1703 3564 βασιλέως
1725 3494 1909 3560 ἐξετύ-

327 3599 509 3636 πωσεν
532 3582 738 3652 (εἰκόνα
790 3581 847 3634 δὲ
891 3581 1035 3650 λέγω
1069 3580 1352 3652 βασιλικὴν
1379 3582 1472 3636 τὸν
1499 3585 1776 3656 σταυρόν)ο
1809 3585 1910 3639 ούκ

325 3675 713 3745 αἰσχυνόμενος
749 3674 844 3727 ἐπὶ
876 3674 954 3745 τῷ
991 3675 1175 3739 πάθει,
1222 3675 1360 3729 ἀλλά
1393 3676 1790 3747 σεμνυνόμενος
1818 3677 1911 3730 ἐπὶ

325 3766 404 3838 τῷ
460 3766 680 3838 μεγάλῳ
712 3765 974 3836 τροπαίῳ.
1005 3768 1158 3836 Μήτε
1201 3767 1310 3838 γάρ
1334 3768 1539 3833 αὐτοῖς,
1583 3769 1721 3839 μήτε
1755 3770 1910 3838 ἡμῖν,

330 3861 468 3932 μήτε
521 3861 634 3923 τοῖς
671 3859 789 3929 μεθ’
818 3860 988 3929 ἡμᾶς,
1038 3860 1177 3929 μήτε
1208 3860 1315 3914 τινὶ
1357 3859 1550 3932 ἑτέρῳ,
1583 3859 1679 3914 τοῦ
1703 3861 1909 3932 Κυρίου

327 3953 486 4025 ήμῶν
502 3952 677 4023 Ἰησοῦ
690 3950 951 4022 Χριστοῦ,
969 3950 1150 4016 καθὼς
1168 3951 1264 4005 καὶ
1280 3953 1307 4006 6
1322 3951 1534 4016 Παῦλός
1550 3969 1712 4023 φησιν
1726 3953 1770 4024 (1
1785 3953 1861 4022 5).
1872 3991 1910 4008 ..

328 4047 473 4104 οὕτω
531 4048 642 4119 γὰρ
673 4047 769 4101 καὶ
795 4046 1000 4117 Πέτρος
1051 4045 1302 4115 φαίνεται
1341 4045 1430 4098 διὰ
1457 4046 1626 4116 τιμῆς
1654 4045 1792 4116 ἔχων
1817 4045 1914 4117 τὴν

340 4140 640 4212 σεϐάσμιον
673 4138 859 4204 (16)...
905 4136 1086 4201 Ἠξίου
1120 4135 1232 4207 γὰρ
1263 4136 1406 4190 κατά
1433 4136 1676 4207 κεφαλῆς
1710 4155 1919 4208 κρεμαο

334 4232 528 4303 σθῆναι
555 4231 660 4286 ὑπὸ
699 4231 808 4286 τῶν
856 4231 1232 4303 σταυρούντων
1258 4231 1347 4285 διὰ
1377 4231 1578 4302 πολλὴν
1610 4232 1918 4296 εὐλάϐειαν,

334 4324 422 4378 ἵνα
447 4323 522 4395 μὴ
561 4318 682 4388 ἶσος
736 4320 876 4378 εῖναι
906 4323 982 4396 τῷ
1007 4323 1222 4395 Σωτῆρι
1263 4323 1412 4396 δόξῃ,
1444 4323 1523 4395 τῷ
1555 4324 1698 4396 ὑπὲρ
1740 4325 1921 4396 πάσης

2013 3232 2108 3302 qui
2137 3241 2248 3286 uno
2286 3225 2504 3297 quidem
2557 3223 2862 3290 eodemque
2908 3214 3196 3288 proposito
3248 3211 3314 3265 ad
3363 3214 3594 3263 mortem

2015 3327 2405 3395 properarunt,
2441 3318 2663 3372 diverso
2695 3319 2876 3368 autem
2908 3307 3154 3378 martyrii
3186 3319 3384 3375 genere
3408 3302 3598 3356 decer-

2013 3391 2224 3473 tarunt.
2252 3413 2390 3468 Nam
2437 3410 2548 3474 ille,
2591 3421 2751 3478 quem
2798 3402 3065 3458 Dominus
3104 3395 3392 3468 apostolici
3440 3391 3597 3446 chori

2016 3508 2318 3580 principem
2345 3511 2399 3559 et
2425 3499 2778 3569 coryphaeum
2825 3491 3157 3560 designavit,
3180 3485 3596 3541 convenientem

2015 3573 2266 3668 dignitati
2317 3605 2432 3646 sum
2487 3585 2716 3658 gloriam
2762 3579 3038 3642 obtinuit,
3088 3573 3340 3644 martyrii
3373 3585 3594 3642 genere,

2017 3665 2316 3742 Dominieae
2339 3679 2585 3752 passioni
2613 3675 2756 3730 haud
2783 3671 3044 3733 absimili,
3063 3668 3378 3728 decoratus,
3397 3665 3598 3734 quippe

2017 3779 2112 3851 qui
2145 3776 2299 3831 cruci
2338 3771 2572 3828 sufﬁxus
2605 3768 2808 3836 regiam
2837 3761 3054 3817 Domini
3088 3758 3264 3814 nostri
3302 3755 3597 3826 imaginem

2016 3867 2312 3940 expressit.
2337 3863 2566 3934 Regiam
2605 3865 2788 3913 autem
2839 3853 3134 3924 imaginem
3185 3861 3406 3904 crucem
3439 3859 3596 3906 voco,

2018 3938 2130 4018 non
2157 3957 2300 4030 quod
2329 3955 2641 4027 passionem
2688 3947 3036 4010 erubescam,
3064 3941 3160 3999 sed
3208 3939 3339 4012 quia
3367 3938 3437 3993 de
3481 3950 3602 3990 ma-

2018 4067 2150 4126 gno,
2176 4027 2323 4121 quod
2355 4047 2426 4102 ab
2475 4045 2596 4115 ipsa
2630 4039 2920 4113 pependit,
2971 4033 3219 4105 trophaeo
3247 4030 3432 4102 potius
3484 4027 3602 4126 glo-

2017 4119 2150 4202 rier.
2169 4119 2302 4196 Nam
2324 4155 2426 4195 nec
2447 4137 2606 4208 ipsis,
2629 4148 2736 4188 nec
2759 4130 2942 4193 nobis,
2963 4142 3067 4182 nec
3095 4125 3336 4196 posteris
3366 4119 3600 4180 nostris,

2018 4251 2122 4292 nec
2152 4233 2245 4288 alii
2275 4230 2516 4301 cuipiam
2546 4223 2764 4282 Domini
2793 4220 2973 4277 nostri
2999 4217 3129 4275 Iesu
3156 4215 3386 4279 Christi,
3419 4228 3606 4282 quem-

2019 4328 2316 4385 admodum
2369 4321 2576 4378 Paulus
2627 4318 2808 4372 ait...
2854 4314 2930 4369 ita
2972 4312 3120 4367 enim
3168 4315 3224 4363 et
3273 4305 3500 4360 Petrum
3545 4303 3602 4356 in

332 4415 435 4484 τῆς
555 4416 866 4487 ρωπότητος
888 4389 1021 4469 σταυ
1030 4389 1278 4487 ρωθέντι,
1295 4389 1393 4468 κώζ
1407 4389 1907 4486 πλατείαιςιῶσπερ

2021 4398 2233 4473 honore
2276 4413 2540 4470 habuisse
2569 4413 2799 4479 apparet
2829 4399 3294 4487 venerandam...
3327 4389 3602 4461 siquidem

332 4509 452 4572 ταῖς
480 4484 569 4562 διά
604 4507 698 4560 τοῦ
742 4484 999 4580 σταυροῦ,
1021 4484 1180 4579 χερσὶ
1207 4506 1305 4579 τὴν
1334 4507 1661 4578 οἰκουμένην
1683 4484 1907 4578 οιτεριϐαζ

2023 4517 2248 4583 pr0pter
2283 4517 2556 4563 summam
2595 4496 3005 4555 venerationem
3049 4484 3286 4557 rogavit,
3318 4488 3377 4583 ut
3407 4495 3436 4533 a
3471 4493 3604 4532 cru-

334 4600 498 4654 λόντι.
525 4596 778 4665 Ἰάκωϐος
797 4601 854 4654 δὲ
874 4601 970 4672 τὴν
986 4601 1228 4674 κεφαλὴν
1249 4600 1605 4672 ἀπετέμνετο,
1630 4601 1727 4673 τὴν
1751 4601 1918 4666 ὅντως

335 4693 502 4747 αὐτοῦ
525 4693 788 4762 κεφαλὴν,
811 4684 910 4746 ’τὸν
938 4694 1192 4764 Χριστὸν,
1225 4694 1516 4748 ἀπολαϐεῖν
1539 4695 1914 4764 ἐπειγόμενος.

335 4783 564 4854 Κεφαλὴ
593 4782 702 4854 γὰρ
729 4783 921 4853 ἀνδρὸς
948 4783 977 4834 6
1006 4785 1261 4855 Χριστὸς,
1280 4784 1422 4838 κατά
1444 4784 1534 4838 τὸν
1577 4785 1917 4847 Ἀπόστολον,

337 4875 432 4928 καὶ
459 4875 641 4946 πάσης
677 4873 814 4944 ὁμοῦ
855 4873 1062 4945 κεφαλὴ
1094 4876 1194 4946 τῆς
1238 4876 1583 4946 Ἐκκλησίας.
1635 4877 1692 4929 '0
1730 4875 1788 4929 δὲ
1819 4893 1919 4946 μα·-

337 4969 527 5040 κάριος
568 4969 820 5038 Ἰωάννης
863 4969 921 5020 ὲν
948 4967 1167 5030 πολλαῖς
1214 4967 1309 5022 καὶ
1346 4968 1620 5040 διαφόροις
1653 4968 1796 5022 κατά
1829 4968 1922 5022 τὸν

338 5060 451 5131 βίον
499 5059 740 5132 ἀθλήσας
785 5058 983 5128 ἀγῶσι,
1039 5059 1132 5112 καὶ
1189 5061 1246 5112 ὲν
1298 5063 1430 5115 πᾶσι
1477 5061 1780 5132 διαπρέψας
1810 5065 1922 5126 τοῖς

335 5151 723 5223 κατορθώμασι
744 5151 848 5222 τῆς
878 5149 1179 5217 εὐσεϐείας,
1196 5150 1352 5205 κενὸν
1375 5151 1473 5223 μὲν
1497 5154 1578 5216 είς
1602 5151 1748 5225 ὕδωρ
1765 5152 1923 5206 τοῦτο

409 5328 452 5360 ¹¹
484 5328 677 5387 Matth.
704 5347 760 5399 ν,
788 5329 876 5387 18.

410 5515 522 5586 (1⁸5)
560 5514 676 5571 Vox
699 5517 894 5588 λύχνος
925 5517 979 5572 in
1015 5515 1282 5571 Vaticano
1311 5517 1501 5572 codice
1527 5515 1772 5588 deerat;
1817 5517 1915 5574 sed

339 5601 442 5642 nos
470 5602 615 5650 eam,
645 5586 811 5643 sensu
845 5589 1022 5655 palam
1053 5593 1334 5655 poscente,
1382 5586 1781 5654 supplevimus.

409 5657 528 5721 (14)
557 5655 814 5728 Fortasse
847 5657 1156 5728 legendum,
1189 5656 1267 5728 τῷ
1302 5656 1541 5728 σταυρῷ.

412 5728 528 5796 (15)
565 5725 664 5796 llic
704 5725 1013 5796 lacuna—cst
1040 5729 1092 5780 in
1125 5725 1313 5782 codice
1353 5725 1637 5782 Vatieano.
1667 5725 1926 5785 Fortasse

341 5795 515 5859 deest,
540 5795 664 5861 δόξα
687 5797 910 5862 συνέϐη,
931 5795 1111 5851 Gloria
1130 5798 1369 5868 contigit,
1396 5797 1479 5854 vel
1497 5798 1626 5868 quid
1654 5797 1853 5854 simile.

952 5332 994 5367 σ¹
1026 5328 1189 5386 Joan.
1211 5346 1336 5396 vut,
1367 5330 1454 5386 12.
1483 5331 1526 5363 ³³
1555 5331 1752 5388 Matth.
1779 5349 1832 5398 ν,
1862 5333 1950 5389 15.

2026 4573 2372 4674 eiligentibus
2408 4598 2630 4652 inverso
2663 4590 2844 4660 capite
2869 4579 3300 4653 suspenderetur
3329 4573 3386 4626 in
3416 4585 3602 4670 cruce,

2026 4785 2157 4849 fixo,
2187 4789 2242 4838 et
2270 4777 2551 4850 expansis,
2587 4783 2649 4829 ut
2675 4777 2794 4828 erat
2828 4769 2883 4822 in
2917 4778 3082 4819 cruce
3114 4758 3394 4820 manibus,
3428 4761 3603 4808 totum

2031 4843 2304 4929 terrarum
2343 4843 2533 4924 orbem
2562 4857 2946 4932 complectenti
2971 4853 3200 4924 aequalis
3227 4863 3349 4905 esse
3393 4843 3608 4899 videre-

2031 4977 2144 5022 tur.
2188 4963 2427 5019 Jacobus
2460 4971 2594 5014 vero
2639 4955 2821 5025 capite
2869 4956 3162 5004 truncatus
3193 4941 3324 5002 fuit,
3359 4935 3603 4999 Christo,

2025 5058 2121 5128 qui
2200 5069 2329 5110 vere
2397 5056 2565 5121 caput
2649 5047 2768 5117 ejus
2835 5049 2978 5106 erat,
3031 5033 3275 5109 potiendi
3345 5029 3603 5099 cupidus.

2027 5119 2200 5222 Caput
2232 5145 2383 5203 enim
2417 5119 2526 5198 viri
2553 5139 2813 5196 Christus
2843 5131 3146 5192 secundum
3190 5123 3511 5195 Apostolum
3538 5119 3604 5181 ‘°,

2035 5331 2078 5364 “
2107 5328 2253 5386 Psal.
2277 5341 2466 5392 cxm,
2488 5320 2578 5378 17.
2659 5318 2701 5351 ⁸⁵
2726 5315 2886 5372 Joan.
2915 5327 2970 5372 ν.
3004 5308 3091 5365 54.
3170 5305 3215 5339 ¹⁶
3245 5307 3261 5360 I
3287 5303 3414 5359 Cor.
3447 5318 3524 5366 xi,
3551 5300 3606 5355 5.

2100 5516 2119 5587 (
2128 5514 2214 5587 16)
2242 5512 2310 5587 Et
2331 5511 2426 5587 hic
2454 5510 2511 5587 in
2538 5505 2808 5587 Vaticano
2833 5502 3048 5587 'eodiee
3071 5500 3293 5587 Ilacu‘na
3343 5505 3450 5587 est,

2027 5567 2268 5642 fortasse
2296 5567 2512 5651 impleri
2562 5585 2749 5651 posset
2795 5575 2879 5628 his
2921 5572 3138 5651 verbis,
3179 5569 3278 5651 τὴν
3318 5567 3612 5651 σεϐάσμιον

2027 5636 2606 5727 ὲῐεὲὶῦἱιῖῐσξαῦρωσιῡ,
2663 5644 3026 5703 Venerundum
3069 5640 3202 5696 illud
3237 5636 3612 5709 ’cruciﬁat‘ouis

2027 5744 2212 5800 genus.
