4050 6164
511 321 573 379 fil
1748 335 1807 391 S.
1851 333 2180 392 GREGORII
2220 336 2506 395 NYSSENI

3607 344 3718 399 73?.

473 447 634 510 atque
649 439 856 504 itidem,
872 443 1037 499 totius
1057 443 1312 502 Ecclesia:
1327 457 1486 518 caput
1503 451 1566 504 ".
1585 450 1778 507 Beatus
1797 451 2029 521 denique

2145 454 2366 525 πέρας...
2390 451 2710 526 κεκριμένος
2727 451 2859 522 (l7),
2891 450 2965 522 τῷ
2981 450 3125 522 χορῷ
3147 451 3254 506 τῶν
3277 452 3566 525 μαρτύρων
3589 473 3712 509 συνο

470 528 709 586 Joannes
740 533 906 587 multa
949 543 1111 604 atque
1144 537 1357 594 diversa
1400 557 1492 610 per
1520 550 1689 596 totam
1721 544 1888 597 vitam
1918 558 2036 596 cer-

473 627 596 674 tans
657 623 996 689 certamina,
1053 635 1107 683 et
1167 629 1222 683 in
1271 633 1524 689 omnibus
1581 633 1793 704 pietatis
1842 633 2038 690 ofﬁciis

472 711 736 777 emicans,
773 713 1001 771 ferventi
1063 721 1280 790 quidem
1331 724 1385 778 in
1417 740 1556 792 aqua
1591 726 1736 780 hunc
1775 726 2026 780 finem...

468 800 767 867 judicatus,
801 806 855 860 in
892 817 1190 882 martyrum
1223 815 1405 871 choris
1438 826 1828 874 annumeratur
1855 820 2035 890 (apud

472 905 658 960 mquos
693 896 835 948 cnim
868 914 1050 954 rerum
1095 903 1456 961 aestimatores
1487 923 1596 962 non
1645 923 1712 964 ex
1766 909 2038 978 passionis

472 993 688 1048 eventu,
719 986 812 1040 sed
847 1003 913 1042 ex
949 991 1218 1049 desiderio
1258 995 1424 1051 libere
1461 999 1715 1068 eligentis
1747 1000 2040 1054 voluntatis

473 1071 540 1126 de
578 1078 836 1146 martyrio
890 1082 1322 1156 existimatur);
1373 1097 1425 1142 et
1460 1090 1677 1160 quidem
1728 1091 2039 1160 huiusmodi

472 1163 576 1217 fuit
625 1167 842 1223 illorum
888 1174 1080 1228 mortis
1114 1191 1304 1246 genus,
1350 1179 1442 1248 qui
1479 1196 1574 1249 per
1619 1188 1846 1234 mortem
1897 1181 2040 1250 apud

477 1255 748 1312 Ecclesias
778 1276 990 1331 quoque
1025 1265 1380 1322 immortalem
1410 1271 1493 1324 sui
1549 1271 1866 1324 memoriam
1921 1270 2043 1324 reli-

473 1357 728 1414 querunt.
762 1349 1048 1409 Enimvero
1071 1358 1305 1414 maxime
1339 1359 1563 1414 decebat
1605 1375 1713 1414 uno
1743 1361 2044 1427 eodemque

475 1447 721 1508 tempore
771 1444 999 1499 istorum
1064 1448 1308 1503 virorum
1372 1451 1689 1506 memoriam
1743 1451 2042 1513 celebrari,

476 1543 583 1583 non
615 1546 679 1584 ea
708 1540 915 1588 tantum
945 1536 1012 1590 de
1048 1552 1233 1603 causa,
1256 1540 1400 1609 quod
1435 1542 1486 1594 in
1513 1542 1814 1612 profitenda
1849 1543 2046 1611 pietate

474 1637 579 1674 una
615 1632 668 1676 et
700 1634 899 1689 mente,
947 1638 1000 1682 et
1038 1646 1171 1684 voce
1206 1632 1606 1696 consenserint,
1651 1648 1838 1686 verum
1880 1633 2043 1686 etiam

471 1718 617 1784 quod
641 1723 839 1789 aequali
865 1723 917 1777 in
955 1724 1158 1778 honore
1191 1741 1220 1778 a
1251 1727 1474 1782 Christo
1506 1727 1676 1782 habiti
1717 1727 1934 1782 fuerint.

2141 545 2439 616 ηρίθμηται
2458 562 2470 576 ·
2508 546 2526 611 (
2550 541 2663 615 [18]
2692 542 2842 612 παρά
2860 542 2966 612 γὰρ
2993 541 3319 608 δικάζουσιν,
3356 545 3456 596 οὐκ
3485 545 3592 598 ἀπὸ
3615 546 3716 615 τῆς

2141 634 2416 698 ἐκϐάσεως
2446 633 2556 704 (l9)
2589 630 2683 686 τοῦ
2723 630 2947 694 πάθους,
2983 631 3117 684 ἀλλά
3149 633 3278 703 παρ’
3316 633 3577 703 αἱρέσεως
3619 634 3716 686 τοῦ

2142 727 2307 780 πόθου
2345 726 2586 796 κρίνεται
2618 724 2677 777 τὸ
2709 723 3045 795 μαρτύριον)·
3091 723 3229 775 Ἀλλ’
3261 725 3290 777 ό
3324 725 3422 794 μὲν
3445 723 3536 776 τοῦ
3559 724 3719 778 θανά-

2141 834 2235 870 του
2263 816 2459 888 τρόπος
2479 814 2713 876 τοιοῦτος
2727 810 2816 884 ἦν,
2833 816 2944 876 τοῖς
2968 813 3052 867 διὰ
3075 813 3304 868 Θανάτου
3335 813 3433 884 τὴν
3449 814 3718 868 ἀθάνατον

2144 906 2364 976 μνήμην
2393 904 2485 956 καὶ
2508 905 2626 964 ταῖς
2659 901 3003 970 Ἐκκλησίαις
3028 901 3432 973 χαρισαμένοις.
3466 905 3714 974 Ἔπρεπε

2141 993 2198 1046 δέ
2223 993 2298 1057 ὡς
2327 991 2540 1062 ἀληθῶς
2568 991 2660 1045 ἐπὶ
2687 991 2746 1044 τὸ
2779 991 2911 1045 αὐτὸ
2935 991 3044 1046 τῶν
3067 993 3476 1062 προειρημένων
3503 994 3714 1066 ἀνδρῶν

2142 1083 2240 1146 τὰς
2271 1083 2489 1153 μνήμας
2519 1081 2899 1144 ἐπιτελεῖσθαι,
2921 1082 2982 1134 οὐ
3013 1081 3170 1151 μόνον
3200 1082 3288 1134 διά
3322 1082 3385 1134 τὸ
3426 1082 3716 1153 σύμφωνον

2140 1162 2240 1241 τῆς
2292 1170 2589 1234 εὐσεϐείας,
2621 1170 2755 1224 ἀλλά
2783 1171 2876 1223 καὶ
2911 1169 2998 1222 διὰ
3023 1170 3084 1222 τὸ
3119 1169 3376 1240 ὁμότιμον
3399 1171 3499 1239 τῆς
3539 1171 3712 1236 ἀξίας.

2144 1258 2300 1318 Οὗτοι
2328 1263 2436 1334 γὰρ
2479 1264 2628 1334 μόνοι
2656 1262 2734 1333 τῷ
2770 1262 2958 1332 Κυρίῳ
3006 1262 3236 1315 πάντοτε
3277 1259 3714 1330 συσχολάζοντες,

2144 1355 2238 1408 καὶ
2266 1353 2536 1425 ἐξαίρετον
2561 1353 2748 1424 ὥσπερ
2773 1353 2922 1424 παρά
2957 1355 3082 1416 τοὺς
3109 1354 3327 1416 λοιποὺς
3351 1351 3458 1405 τῶν
3489 1352 3719 1405 ἀποστό-

2144 1447 2250 1501 λων
2278 1445 2460 1518 χώραν
2493 1445 2725 1516 ἔχοντες.
2766 1447 2860 1499 καὶ
2887 1446 3216 1516 παρρησίαν,
3241 1445 3302 1497 οὐ
3335 1444 3474 1497 κατά
3493 1443 3592 1512 τὴν
3617 1445 3716 1510 τῆς

2144 1538 2490 1611 ἀνθρωπίνης
2518 1537 2698 1605 φιλίας
2725 1536 3048 1608 πρόσληψιν,
3073 1536 3209 1590 ἀλλά
3227 1535 3372 1590 κατά
3386 1534 3572 1605 θεῖκὴν
3593 1533 3719 1602 ἀλη-

2147 1631 2296 1694 θείας
2332 1629 2624 1701 ἐπίκρισιν.

2019 1727 2081 1782 Hi
2121 1727 2319 1782 etenim
2354 1725 2455 1780 soli
2492 1741 2614 1780 cum
2668 1723 2912 1778 Christo?
2949 1723 3151 1792 ubique
3189 1721 3388 1776 versati
3439 1725 3585 1787 sunt,
3651 1731 3718 1772 ac

475 1819 730 1880 praterea
767 1823 878 1868 tum
935 1818 1128 1886 agendi
1177 1819 1541 1888 loquendique
1573 1819 1900 1883 libertatem,
1930 1827 2044 1872 tum
2083 1819 2492 1874 eminentiorem
2539 1814 2941 1886 quodammodo
2987 1829 3096 1884 pra:
3174 1814 3388 1868 caeteris
3452 1813 3718 1884 apostolis

445 1906 654 1961 .locum
700 1909 1006 1971 obtinuere,
1053 1927 1161 1966 non
1197 1913 1445 1968 humanae
1487 1913 1738 1967 amicitiae
1787 1914 2019 1982 ratione,
2060 1913 2154 1968 sed
2200 1913 2384 1967 divino
2412 1911 2620 1982 judicio
2649 1910 2714 1964 ad
2740 1909 2794 1964 id
2828 1908 3109 1979 dignitatis
3147 1908 3338 1964 evecti.

543 2021 696 2092 lpsos
730 2023 911 2092 itaque
943 2024 1092 2078 solos
1124 2040 1152 2078 a
1194 2025 1445 2089 Domino,
1476 2027 1604 2081 dum
1640 2031 1912 2101 praecipua
1946 2031 2041 2084 mi-
2070 2022 2112 2077 Β

473 2117 655 2169 racula
713 2116 977 2186 patravit,
1027 2125 1284 2187 tanquam
1329 2118 1676 2177 ﬁdelissimos
1715 2129 1769 2178 et
1802 2123 2043 2178 veracis-

471 2207 643 2261 simos
698 2215 977 2275 gestorum
1032 2215 1200 2262 testes
1262 2225 1450 2264 secum
1516 2221 1829 2280 assumptus
1871 2211 2044 2269 fuisse

471 2293 858 2361 comperimus.
894 2292 1006 2347 lloc
1035 2310 1166 2350 sane
1189 2296 1389 2350 factum
1427 2297 1526 2350 fuit
1557 2299 1612 2352 in
1651 2300 1860 2355 visione
1891 2317 2045 2355 mon-

470 2378 543 2430 tis
564 2377 626 2429 “'.
672 2376 784 2430 Soli
830 2379 976 2431 enim
1024 2379 1099 2431 ibi
1150 2378 1365 2446 Petrus,
1409 2381 1672 2447 Iacobus,
1715 2394 1768 2439 et
1803 2385 2043 2442 Joannes

470 2466 722 2532 aderant,
772 2483 896 2520 cum
949 2483 1151 2538 corpus
1199 2484 1356 2523 suum
1419 2472 1824 2529 trausformans
1871 2475 2044 2530 Domi-

473 2571 596 2624 nus,
643 2557 696 2610 in
747 2558 1040 2627 gloriosam
1092 2575 1157 2614 ac
1207 2561 1626 2629 splendidiorem
1701 2564 2043 2622 divinitatem

469 2652 879 2713 transmutarit,
910 2658 964 2706 et
994 2650 1196 2721 Moyse,
1218 2660 1382 2723 atque
1405 2653 1521 2707 Elia
1543 2654 1647 2710 sibi
1673 2655 2041 2721 adstantibus,

470 2741 721 2809 lucisque
753 2742 948 2796 nebula
977 2742 1360 2805 obumbrante,
1391 2744 1646 2798 eximiam
1680 2741 1824 2800 i'ﬁam
1853 2750 2043 2803 aeterni

474 2833 624 2900 regni
680 2832 971 2898 imaginem
1018 2833 1278 2907 ostendit.
1321 2832 1435 2888 Hoc
1479 2836 1642 2890 etiam
1689 2836 1891 2892 factum
1937 2846 2041 2904 est,

471 2928 602 2982 dum
663 2927 797 2981 Jairi
867 2929 1030 2983 filiam
1095 2946 1125 2982 a
1183 2932 1415 2986 mortuis
1473 2933 1758 2988 suscitavit
1783 2936 1860 3001 ¹⁹;
1911 2944 2046 2992 tunc

470 3020 617 3074 enim
662 3019 762 3074 hos
812 3025 1027 3072 tantum
1074 3020 1323 3074 miraculi
1377 3021 1524 3078 illius
1570 3031 1904 3092 Spectatores
1947 3027 2045 3080 ha-

476 3112 613 3165 buit.
649 3111 792 3176 Quin
843 3119 900 3165 et
943 3110 1047 3164 sub
1089 3111 1264 3180 ipsqu
1303 3113 1574 3180 passionis
1605 3122 1840 3184 tempus,
1886 3132 1955 3172 ne
1988 3117 2044 3172 in

473 3203 710 3272 singulis
758 3202 1065 3272 quibusque
1102 3206 1392 3260 narrandis
1432 3205 1638 3260 diutius
1683 3221 1885 3272 morer,
1920 3223 2044 3263 eos-

474 3295 598 3349 dem
634 3293 784 3348 viros
813 3309 998 3349 secum
1042 3297 1362 3364 assumpsit,
1409 3296 1599 3365 eisque
1625 3304 1880 3365 tanquam
1919 3298 2046 3353 fide-

2212 2032 2368 2084 ’Έστι
2394 2029 2524 2098 γοῦν
2558 2029 2735 2098 εὑρεῖν
2761 2029 2818 2080 ἐν
2843 2029 2955 2090 τοῖς
2979 2026 3253 2097 μεγίστοις
3279 2026 3388 2080 τῶν
3418 2027 3716 2098 θαυμάτων

2147 2122 2341 2193 μόνους
2367 2121 2562 2183 αὐτοὺς
2591 2118 2738 2192 παρά
2768 2117 2853 2172 τοῦ
2883 2119 3090 2189 Κυρίου
3124 2118 3574 2189 παραληφθέντας
3597 2160 3611 2183 ,
3640 2120 3721 2184 ὡς

2144 2211 2496 2274 πιστοτάτους
2531 2210 2626 2264 καὶ
2670 2207 3064 2279 ἀληθεστάτους
3087 2209 3195 2261 τῶν
3221 2209 3559 2279 γιγνομένων
3587 2211 3725 2280 μάρ-

2141 2317 2330 2372 τυρας·
2364 2300 2520 2354 τοῦτο
2589 2299 2688 2370 μέν
2723 2299 2812 2350 ἐπὶ
2843 2298 2941 2368 τῆς
2971 2298 3029 2350 ἐν
3055 2296 3132 2367 τῷ
3179 2298 3292 2368 ϐρει
3326 2299 3558 2371 θεωρίας
3595 2301 3722 2370 (μό.

2143 2407 2233 2453 νος
2271 2389 2379 2461 γὰρ
2404 2387 2472 2460 ἦν
2517 2390 2633 2442 ἐκεῖ
2675 2387 2908 2456 Πέτρος,
2945 2387 3038 2440 καὶ
3085 2387 3374 2451 Ἰάκωϐος,
3408 2388 3501 2441 καὶ
3543 2387 3724 2441 Ἰωάν-

2143 2499 2242 2552 νης
2258 2520 2274 2545 ,
2297 2483 2386 2535 ὅτε
2406 2480 2468 2533 τὸ
2490 2479 2646 2550 σῶμα
2677 2478 2737 2531 τὸ
2769 2476 2961 2530 ἐαυτοῦ
2989 2476 3424 2547 μεταμορφώσεις
3446 2479 3473 2530 ό
3493 2477 3720 2548 Κύριος,

2143 2574 2224 2636 εἰς
2275 2570 2479 2636 ἔνδοξον
2535 2571 2629 2624 καὶ
2678 2567 3059 2639 λαμπροτέραν
3132 2567 3361 2637 θεότητα
3434 2567 3723 2637 μετέϐαλε,

2144 2663 2381 2718 Μωῦσέα
2431 2660 2527 2714 καὶ
2559 2659 2742 2714 Ἠλίαν
2768 2661 2825 2712 ἐν
2856 2656 3031 2727 ἐαυτῷ
3060 2656 3172 2728 (20)
3205 2659 3723 2728 παραστησάμενος,

2145 2753 2240 2808 καὶ
2265 2754 2330 2823 τῇ
2367 2752 2562 2822 νεφέλη
2595 2750 2690 2804 τοῦ
2729 2749 2905 2819 φωτὸς
2952 2748 3307 2811 ἐπισκιάσας,
3345 2747 3444 2818 τὴν
3481 2748 3726 2819 μεγάλην

2144 2843 2358 2912 ἐκείνην
2385 2843 2568 2897 είκόνα
2610 2843 2707 2913 τῆς
2738 2840 3012 2911 βασιλείας
3043 2840 3333 2911 ὐπέδειξε)’
3357 2841 3514 2894 τοῦτο
3543 2841 3599 2894 δὲ
3628 2841 3725 2894 ἐπὶ

2143 2937 2242 3007 τῆς
2287 2934 2512 3005 Ἰαείρου
2559 2932 2825 3003 θυγατρὸς
2852 2971 2868 2997 ,
2892 2933 2968 3001 ,ἢν
3013 2931 3280 2985 θανοῦσαν
3311 2930 3552 3001 διήγειρε
3577 2947 3591 2964 ·
3625 2933 3723 2984 καὶ

2145 3028 2252 3100 γὰρ
2283 3028 2397 3080 ἐκεῖ
2442 3023 2662 3086 τούτους
2691 3019 2836 3093 εἶχεν
2869 3023 3108 3086 ἐπόπτας
3135 3023 3234 3093 τῆς
3265 3021 3562 3092 γενομένης
3598 3021 3726 3074 θαυ-

2149 3118 2501 3189 ματουργίας.
2542 3117 2662 3169 Ἔτι
2704 3131 2769 3183 γε
2813 3114 2948 3185 μὴν,
2985 3114 3071 3167 ἵνα
3119 3114 3192 3185 μὴ
3225 3113 3294 3167 τά
3341 3114 3463 3168 καθ’
3491 3114 3724 3166 ἕκαστον

2145 3208 2316 3276 λέγων
2347 3205 2604 3277 διατρίϐω
2628 3244 2642 3267 ,
2675 3205 2768 3256 καὶ
2808 3206 2930 3258 κατ’
2960 3205 3124 3257 αὐτὸν
3153 3205 3245 3258 τὸν
3274 3204 3462 3274 καιρὸν
3489 3203 3582 3257 τοῦ
3616 3221 3725 3257 σω-

2145 3295 2336 3366 τηρίου
2367 3295 2568 3358 πάθους
2589 3295 2712 3358 τούς
2738 3294 2933 3357 αὐτοὺς
2965 3294 3162 3365 ἀνδρας
3184 3293 3534 3365 παραλαϐὼν.
3567 3293 3726 3365 ἐθάρ-

472 3387 616 3442 tibtts
645 3385 1216 3456 constantissimisque
1237 3363 1529 3458 discipulis
1559 3404 1666 3443 non
1696 3363 1782 3444 est
1837 3390 2042 3444 veritus

2150 3363 2314 3460 ῥησεν
2348 3387 2520 3439 εἰπεῖν
2543 3425 2558 3449 ,
2601 3385 2675 3448 ὼς
2705 3387 2915 3448 πιστοῖς
2945 3363 3174 3456 ἀνδράσι
3207 3363 3300 3438 κα)⁵
3332 3363 3721 3455 βεϐαιοτάτοις·

473 3477 676 3541 dicere,
716 3477 873 3530 Nunc
907 3479 1087 3533 anima
1115 3495 1228 3532 mea
1258 3482 1469 3534 turbata
1502 3482 1663 3536 est".
1704 3479 1829 3537 llmc
1863 3489 2044 3536 autem

474 3585 502 3624 a
534 3570 692 3624 nobis
715 3570 862 3624 dicta
893 3580 1042 3634 sunt,
1077 3589 1185 3626 non
1221 3581 1281 3627 ut
1322 3575 1539 3629 caeteris
1571 3575 1838 3644 apostolis
1865 3574 2048 3628 detra-

474 3659 688 3724 hamus,
741 3660 837 3715 sed
884 3661 938 3716 in
979 3679 1168 3717 eorum
1211 3664 1431 3719 virtutis
1470 3665 1866 3727 testimonium,
1907 3679 2046 3734 quo-

474 3769 592 3806 rum
635 3753 797 3808 hodie
851 3757 1170 3809 memoriam
1216 3758 1602 3822 celebramus;
1651 3764 1704 3811 et
1760 3764 1820 3810 ut
1861 3758 2043 3812 verius

472 3844 651 3898 dicam
683 3845 737 3899 in
768 3860 1110 3900 communem
1142 3862 1364 3915 quoque
1399 3849 1772 3916 apostolorum
1798 3848 2042 3902 omnium

473 3935 686 3989 laudem
732 3948 903 3986 :nam
963 3935 1032 3990 de
1085 3944 1402 3989 sanctorum
1463 3939 1819 4004 excellentia,
1869 3937 2047 4010 deque

474 4041 664 4080 eorum
714 4025 1395 4098 sanctimonizeogradihus
1443 4030 1724 4100 quidpiam
1777 4038 2043 4098 statuere,

475 4116 728 4170 humanm
753 4115 1081 4184 cognitionis
1113 4133 1218 4172 non
1244 4128 1346 4184 est,
1375 4119 1468 4176 sed
1493 4121 1686 4189 judicii
1715 4121 1905 4176 divini.
1937 4122 2046 4178 Nos

475 4215 654 4261 autem
689 4205 781 4275 qui
820 4205 969 4275 digni
1007 4207 1134 4262 facti
1183 4227 1396 4274 sumus,
1429 4219 1490 4267 ut
1534 4220 1613 4268 tot
1655 4220 2046 4282 tantorumque

476 4298 714 4352 virormn
767 4300 1042 4354 memoriae
1095 4305 1596 4368 communicemus,
1657 4305 1865 4375 gratias
1914 4304 2048 4373 ipsis

473 4403 633 4458 agerc
669 4404 896 4444 necesse
924 4401 1029 4455 est,
1063 4407 1171 4446 non
1195 4401 1431 4461 quantas
1459 4394 1742 4456 debemus,
1772 4395 1874 4450 hoc
1902 4396 2046 4451 enim

471 4483 586 4537 fieri
634 4482 843 4552 nequit,
881 4484 973 4538 sed
1019 4493 1254 4554 quantas
1300 4501 1627 4555 possumus;
1679 4501 1803 4540 nam
1851 4497 1902 4542 et
1944 4488 2046 4543 hoc

473 4583 757 4644 acceptum
799 4585 904 4630 est.
940 4574 1220 4645 Siquidem
1257 4579 1432 4632 sancti
1486 4566 1584 4633 hos
1616 4594 1645 4631 a
1681 4579 1839 4633 nobis
1876 4579 2046 4635 hono-

2147 3479 2278 3534 Νῦν
2307 3479 2346 3546 ὴ
2383 3477 2552 3546 ψυχή
2593 3495 2714 3546 μου
2759 3476 3124 3544 τετάρακται.
3162 3476 3346 3529 Ταῦτα
3382 3477 3438 3530 δὲ
3477 3478 3612 3546 ἡμῖν
3645 3479 3725 3531 εῖ-

2152 3586 2334 3641 ρηται,
2369 3569 2467 3621 οὐκ
2511 3568 2590 3630 εἰς
2643 3566 2961 3637 καθαίρεσιν
3007 3566 3115 3619 τῶν
3156 3565 3358 3618 λοιπῶν
3387 3567 3724 3632 ἀποστόλων,

2149 3659 2263 3714 ἀλλ’
2289 3660 2368 3723 είς
2397 3657 2692 3730 μαρτύριον
2718 3659 2816 3728 τῆς
2840 3656 2948 3710 τῶν
2982 3655 3464 3727 μνημονευομένων
3497 3656 3721 3725 ἀρετῆς·

2149 3752 2197 3804 εί
2231 3751 2289 3805 δὲ
2321 3751 2402 3804 δεῖ
2429 3749 2733 3822 φιλαλήθως
2762 3750 2957 3812 εἰπεῖν,
2993 3749 3086 3801 καὶ
3119 3749 3200 3811 είς
3246 3747 3424 3803 κοινὸν
3449 3748 3557 3801 τῶν
3589 3749 3726 3802 ἀπο-

2149 3843 2351 3896 στόλων
2384 3843 2655 3912 ἐγκὼμιον
2676 3859 2690 3874 ο
2721 3843 2782 3896 τὸ
2807 3842 2914 3911 γάρ
2941 3841 3214 3912 ὐπεροχάς
3241 3841 3334 3895 καὶ
3355 3840 3635 3905 ἐπιϐάσεις
3665 3843 3727 3895 ἐν

2147 3938 2260 4000 τοῖς
2287 3936 2462 4004 ἁγίοις
2489 3933 2765 4004 ὁρίζεσθαι
2789 3974 2802 3998 ,
2831 3933 2930 3986 οὐκ
2961 3933 3306 4003 ἀνθρωπίνης
3346 3930 3412 3985 ἂν
3501 3932 3723 4002 δοκιμα-

2149 4029 2271 4092 σίας
2291 4068 2306 4091 ,
2335 4027 2451 4081 ἀλλ’
2476 4024 2802 4096 ἐπικρίσεως
2831 4025 2924 4078 καὶ
2975 4024 3233 4094 ἀληθείας
3265 4022 3418 4077 Θεοῦ.
3465 4024 3642 4093 Ἠμᾶς
3666 4022 3724 4075 δὲ

2152 4121 2392 4191 μνήμαις
2423 4116 2681 4171 τοιούτων
2717 4116 2813 4170 καὶ
2843 4113 3176 4184 τηλικοῦτων
3210 4113 3418 4184 ἀνδρῶν
3446 4115 3722 4166 κοινωνεῖν

2154 4213 2484 4278 ἀξιωθέντας
2505 4253 2520 4277 ,
2562 4211 2899 4282 εὐχαριστεῖν
2932 4209 3226 4276 ἀναγκαῖον
3249 4248 3264 4272 ,
3293 4207 3391 4276 οὐχ
3428 4207 3551 4259 ὅσον
3577 4207 3725 4274 ὀφεί-

2153 4304 2348 4373 λομεν,
2400 4302 2556 4356 τοῦτο
2606 4301 2712 4371 γὰρ
2763 4299 3054 4361 ἀδύνατον,
3105 4297 3220 4352 ἀλλ’
3270 4298 3393 4350 ὅσον
3447 4295 3724 4366 ίσχύομεν.

2151 4394 2465 4467 τοῦτο-γὰρ
2513 4392 2890 4448 εὐαπόδεκτον.
2940 4389 3254 4445 Ἀπαιτοῦσι
3308 4389 3366 4442 δέ
3419 4387 3620 4449 ταύτας
3670 4388 3723 4439 οί

2153 4487 2296 4554 ἇγιοι
2329 4485 2458 4555 παρ’
2497 4482 2652 4552 ἡμῶν
2680 4481 2778 4544 τὰς
2813 4480 2978 4551 τιμάς
3004 4521 3018 4545 ,
3051 4481 3150 4549 οὐχ
3180 4480 3266 4532 ἵνα
3296 4497 3351 4530 τι
3396 4479 3725 4548 κερδάνωσιν

2151 4579 2582 4647 εὐφημούμενοι,
2621 4572 2732 4626 ἀλλ’
2781 4572 2866 4625 ῖνα
2915 4572 3073 4640 ἡμεῖς
3119 4569 3532 4638 κοινωνήσωμεν
3580 4567 3728 4634 εὐερ-

471 4681 560 4721 res
607 4675 937 4734 exposcunt,
990 4683 1098 4722 non
1148 4676 1207 4722 ut
1259 4668 1390 4738 quid
1445 4671 1718 4724 commodi
1770 4673 1974 4727 nostris
2012 4688 2042 4727 e

2146 4668 2479 4739 γετούμενοι.
2527 4666 2733 4718 Ἐκεῖνο
2784 4663 2840 4716 δὲ
2883 4663 3045 4716 πάλιν
3097 4661 3287 4714 οὐδένα
3336 4657 3447 4711 τῶν
3487 4655 3726 4711 εὐσεϐῶν

471 4755 726 4811 laudibus
765 4756 868 4810 sibi
910 4758 1156 4821 accedat,
1190 4757 1284 4812 sed
1322 4767 1381 4812 ut
1423 4773 1523 4815 nos
1561 4774 1624 4814 ex
1660 4759 1763 4814 hac
1796 4775 2042 4816 commu-

543 4932 584 4963 "
611 4930 814 5001 Ephcs.
848 4947 901 4998 v,
925 4932 1017 4987 25.
1093 4933 1136 4965 ¹⁸
1173 4931 1364 4988 Matth.
1407 4950 1542 4999 xvtt,
1583 4935 1604 4990 l
1650 4952 1771 5007 sqq.

541 5107 656 5180 (I7)
689 5105 830 5184 Etsi_
851 5109 1060 5184 nullum
1081 5111 1415 5184 scriptorem
1447 5113 1690 5184 legerim,
1725 5113 1819 5184 qui
1865 5113 2035 5184 Joan-

471 5179 592 5232 nem
625 5179 928 5251 apostolum
988 5181 1041 5233 in
1076 5179 1337 5236 ferventis
1371 5179 1525 5251 aquzé
1559 5179 1763 5237 dolium
1823 5183 2036 5238 immis-

469 5263 587 5322 sum
630 5247 808 5322 fuisse
840 5253 1170 5322 narraverit;
1219 5247 1579 5322 nihilominus
1634 5254 1686 5308 id
1739 5263 1946 5322 aperte.
1980 5254 2036 5309 ni

471 5319 652 5391 fallor,
686 5319 959 5391 colligitur
992 5336 1056 5374 ex
1092 5330 1352 5391 corrupto
1383 5323 1488 5376 isto
1527 5319 1789 5378 Vaticani
1828 5323 2035 5380 codicis

473 5389 612 5450 loco,
650 5388 756 5462 qui
799 5391 1224 5462 commodiorem
1262 5388 1484 5445 nullum
1520 5409 1739 5448 sensum
1792 5394 2035 5462 recipere

473 5470 632 5524 posse
670 5457 904 5519 videtur,
941 5468 994 5513 et
1032 5459 1264 5517 fortasse
1305 5462 1378 5514 ita
1428 5463 1799 5517 restituendus
1835 5457 1940 5523 est,
1975 5470 2036 5517 ut

471 5527 733 5602 legamus,
782 5526 1056 5602 ζεόμενον,
1111 5533 1187 5602 vel
1225 5532 1511 5601 καιόμενον
1559 5535 1637 5594 είς
1669 5532 1812 5602 ὕδωρ
1846 5533 2036 5586 τούτου

471 5595 644 5672 πέρας
679 5595 795 5672 βίου
830 5595 1001 5672 Δἔχειν·
1041 5602 1117 5652 vel
1153 5595 1369 5672 lafiaiv,
1406 5602 1750 5672 κεκριμένος,
1782 5595 1892 5655 hoc
1932 5611 2035 5666 est,

475 5663 542 5718 Et
568 5664 786 5733 ferventi
824 5663 1059 5736 in'aqun,
1091 5681 1143 5721 ut
1177 5671 1452 5723 mortalem
1487 5663 1619 5725 lianc
1659 5663 1817 5725 vitam
1853 5663 2035 5725 termié

469 5743 620 5790 nam
646 5773 661 5801 ,
705 5738 918 5802 tyranni
956 5738 1161 5792 decreto
1203 5740 1412 5806 jussus,
1444 5742 1496 5796 in
1540 5753 1829 5810 martyrum
1865 5743 2035 5798 choris

2149 4762 2361 4829 ἀγνοεῖν
2403 4759 2602 4826 οίομαι,
2635 4755 2710 4818 ὠς
2738 4755 2797 4808 οὐ
2835 4754 2995 4825 μόνον
3027 4753 3236 4822 Πέτρου
3257 4792 3274 4817 ,
3308 4751 3400 4804 καὶ
3445 4748 3729 4811 Ἰακώϐου,

1853 4937 1892 4968 ⁸³
1930 4935 2096 4990 Marc.
2131 4951 2184 5000 v,
2218 4934 2308 4990 37.
2384 4934 2428 4967 '°
2455 4933 2615 4989 Joan.
2651 4947 2750 4998 xu,
2773 4932 2865 4987 27.

2145 5123 2552 5168 annumeratur.
2585 5110 2691 5168 Sed
2719 5111 2788 5166 de
2827 5111 2932 5166 hac
2964 5111 3281 5181 conjectura
3317 5116 3506 5165 nostra
3543 5109 3720 5165 erudi-

2143 5193 2322 5240 torum
2366 5183 2633 5252 judicium
2669 5189 2806 5236 esto.

2214 5253 2327 5325 (l8)
2367 5249 2905 5325 Quzesemicirculis-
2925 5249 3488 5325 comprehenduntur,
3524 5250 3720 5303 desunt

2141 5324 2198 5378 itt
2224 5321 2734 5394 'po'Steriori‘hujus
2769 5321 3043 5394 orationis
3072 5321 3338 5394 editione,
3378 5335 3542 5389 quam
3585 5332 3722 5372 unus

2142 5389 2399 5466 idemque
2431 5389 2730 5466 Vaticanus
2758 5390 2930 5466 codex
2959 5389 3233 5466 exhibet."
3300 5458 3311 5466 _
3657 5456 3690 5466 η

2216 5455 2326 5533 (19)
2368 5463 2446 5516 lta
2496 5460 2878 5533 corrigendum
2931 5474 3156 5533 censeo”
3190 5455 3518 5512 Vaticanum
3569 5456 3718 5509 codi-

2144 5527 2395 5594 cem,'in
2432 5546 2565 5602 quo,
2608 5527 2909 5602 manifesto
2950 5527 3160 5602 librarii
3194 5543 3404 5592 errore,
3436 5539 3721 5598 perperam

2146 5603 2427 5665 scribitur,
2451 5597 2557 5652 οὐκ
2594 5600 2838 5653 ἀποτίσει
2865 5601 2927 5650 ἐκ
2957 5597 3185 5666 βάσεως.

2217 5673 2330 5745 (‘20)
2371 5661 2484 5745 Alia
2512 5671 2692 5745 ‘hujus
2729 5661 2994 5745 orationis
3019 5667 3368 5745 etlitin,_qtm
3399 5667 3455 5722 in
3485 5665 3589 5722 line
3615 5661 3721 5718 Va—

2143 5739 2309 5800 ticani
2345 5740 2555 5800 codicis
2589 5747 2788 5807 exstat,
2831 5739 2992 5794 habet
3026 5740 3082 5791 ἐν
3111 5739 3278 5802 αὐτῷ.
