4050 6164
327 419 434 476 753

1348 415 1627 473 ALTERA
1683 405 2038 478 LAUDAT’IO
2090 421 2152 479 s.
2190 420 2558 480 STEPHANI.

318 531 410 585 καὶ
448 528 713 591 Ἰωάννου,
744 527 882 582 ἀλλά
915 526 1009 582 καὶ
1031 527 1212 599 πάσης
1239 529 1375 600 ὁμοῦ
1406 531 1506 602 τῆς
1527 532 1892 605 ἀποπολικῆς
1920 558 1934 599 Α

2035 536 2160 592 ione
2171 537 2456 595 beneﬁciis
2473 546 2897 610 prosequantur.
2931 538 3106 594 Porro
3133 537 3403 592 neminem
3421 535 3574 606 pium

318 621 583 694 ἁρμονίας
614 621 714 683 τὰς
749 619 938 690 μνείας
975 621 1349 692 ἐπιτελοῦμεν.
1383 624 1447 676 Et
1484 622 1594 695 γὰρ
1625 625 1769 679 κατὰ
1794 625 1894 696 τὴν

319 713 425 766 τῶν
443 712 726 782 δογμάτων
752 711 1031 783 ἀλήθειαν,
1049 711 1224 782 μελῶν
1246 713 1398 779 τάξιν
1426 714 1716 784 ἐπέχοντες
1731 757 1746 782 ,
1779 715 1896 780 ἑνὸς

322 801 571 872 σώματος
601 801 976 873 ἀποπληροῢσι
1011 803 1192 873 σχῆμα
1217 843 1233 868 ,
1268 803 1511 874 δηλονότι
1545 805 1898 878 ὀοξαζομένου

326 911 426 963 μου
453 893 567 963 (21)
597 892 795 964 μέρους
824 895 940 957 ἑνὸς
959 933 974 958 ,
1009 893 1084 959 ὦς
1106 913 1268 966 φησιν
1297 898 1326 949 ὁ
1361 898 1679 962 Ἀπόστολος
1700 941 1715 965 ,
1747 903 1901 954 Συν-

323 982 625 1049 δοξὰζεται
661 983 859 1038 πάντα
887 985 959 1040 τὰ
985 984 1142 1055 μέλη
1165 1025 1180 1050 ,
1227 987 1323 1040 καὶ
1369 987 1601 1058 μάλιστα
1634 990 1723 1042 ἐπ’
1756 989 1902 1042 ὲκεί-

323 1094 430 1130 νων
488 1077 597 1130 τῶν
653 1077 935 1148 μακαρίων
989 1078 1083 1131 καὶ
1135 1079 1485 1134 τελειοτάτων
1526 1080 1769 1150 ἀνδρῶν,
1822 1075 1903 1144 οἷς

326 1168 508 1222 πάντα
540 1171 818 1239 συμφωνεῖ
845 1169 981 1239 πρὸς
1012 1170 1268 1240 ἀλήθειαν
1287 1210 1302 1237 ,
1333 1171 1428 1225 καὶ
1460 1173 1488 1225 ό
1529 1172 1729 1243 τρόπος
1775 1173 1904 1243 ὁμό-

327 1278 578 1332 γνωμος,
614 1262 706 1315 καὶ
760 1264 792 1330 ἡ
838 1263 1020 1326 πίστις
1065 1262 1352 1333 όμόδοξος,
1389 1264 1481 1317 καὶ
1519 1264 1594 1327 ὠς
1646 1265 1805 1317 κοινά
1834 1265 1902 1319 τὰ

327 1355 430 1426 τῆς
455 1354 734 1417 εὐσεϐείας
766 1354 1214 1426 πλεονεκτήματα
1245 1357 1448 1410 τούτων
1471 1396 1486 1421 ,
1516 1356 1672 1410 κοινά
1698 1357 1792 1410 καὶ
1837 1357 1906 1410 τά

329 1447 481 1516 παρά
510 1446 610 1516 τῆς
647 1445 900 1515 ἀληθείας
951 1446 1420 1518 σεμνολογήματα.
1453 1447 1548 1512 Τίς
1593 1449 1649 1502 δὲ
1694 1449 1794 1503 οὐκ
1840 1449 1907 1504 ἂν

330 1538 566 1604 εὐλόγως
623 1538 846 1608 ἡσθείη,
882 1539 976 1592 καὶ
1029 1539 1192 1593 αὐτοῦ
1246 1540 1341 1593 τοῦ
1386 1540 1539 1608 ἁγίου
1592 1542 1907 1611 Πνεύματος

332 1629 644 1702 πληρωθείη
673 1670 688 1696 ,
723 1630 1062 1702 ἀποστολικῷ
1089 1631 1235 1702 χορῷ
1278 1635 1556 1685 κοινωνεῖν
1584 1632 1907 1703 ἠξιωμένος,

332 1720 412 1792 τῷ
437 1721 618 1774 πᾶσαν
663 1721 762 1792 τὴν
789 1722 1112 1792 οίκουμένην
1162 1722 1300 1793 πρὸς
1347 1722 1444 1793 τὴν
1473 1722 1769 1792 ἐπίγνωσιν
1811 1723 1910 1792 τῆς

335 1812 594 1884 ἀληθείας
629 1813 977 1883 ὁδηγήσαντι,
1021 1813 1098 1884 τῷ
1137 1813 1280 1867 κατὰ
1322 1813 1500 1884 πάσης
1529 1817 1629 1885 τῆς
1660 1813 1909 1884 οἰκουμέ-

1995 629 2248 699 ignorare
2297 631 2554 695 arbitror,
2599 645 2702 686 nos
2749 631 2853 688 bac
2896 631 2985 686 die
3022 645 3131 683 non
3185 629 3362 684 solum
3404 626 3575 692 Petri,

1994 719 2183 777 Jacobi
2225 729 2278 777 et
2307 720 2559 790 Joannis,
2593 722 2690 778 sed
2722 729 2778 778 et
2827 722 3076 776 omnium
3109 719 3271 776 simul
3304 719 3580 788 apostolo-

1997 829 2120 869 rum
2170 814 2489 868 memoriam
2532 814 2835 870 celebrare.
2872 813 2930 868 Si
2981 812 3127 867 enim
3162 810 3310 880 quod
3364 809 3432 864 ad
3477 808 3580 862 do-

1999 913 2240 976 gmatum
2282 905 2570 960 veritatem
2601 906 2817 972 attinet,
2863 905 3232 958 membrorum
3266 901 3442 955 instar
3470 899 3583 973 dis-

2001 993 2188 1064 positi,
2233 994 2399 1048 unius
2445 996 2695 1064 corporis
2737 993 2970 1048 formam
3019 981 3357 1061 exprimunt,
3417 997 3492 1054 et,
3536 991 3584 1042 si

2002 1100 2163 1137 unum
2184 1086 2472 1139 membrum
2509 1085 2792 1154 gloriatur,
2823 1091 2880 1138 ut
2905 1084 2980 1137 ait
3001 1082 3296 1151 Apostolus
3312 1081 3379 1145 ¹¹,
3406 1081 3584 1133 omnia

2001 1175 2165 1228 simul
2194 1177 2424 1229 membra
2461 1177 2784 1245 gloriantur,
2820 1174 2875 1229 id
2910 1175 3098 1242 utique
3135 1173 3191 1225 in
3236 1172 3413 1227 beatis
3449 1187 3587 1241 quo-

2004 1282 2112 1338 que
2153 1266 2262 1321 illis
2306 1274 2472 1337 atque
2521 1265 2889 1320 sanctissimis
2927 1262 3064 1316 viris
3097 1262 3372 1331 praecipue
3403 1261 3586 1314 locum

2006 1359 2189 1425 habet,
2221 1359 2275 1412 in
2321 1358 2519 1428 quibus
2548 1365 2746 1411 cuncta
2797 1370 2923 1408 cum
2961 1354 3194 1408 veritate
3227 1352 3586 1413 concordant,

2009 1463 2224 1503 morum
2266 1463 2458 1518 nempe
2486 1445 2813 1510 similitudo,
2846 1453 2899 1500 et
2929 1445 2983 1498 in
3010 1459 3122 1499 una
3153 1443 3454 1510 eademque
3483 1441 3588 1496 ﬁde

2010 1537 2150 1591 mira
2183 1536 2513 1602 consensio;
2545 1545 2598 1590 et
2628 1533 3090 1604 quemadmodum
3118 1530 3431 1585 communia
3461 1537 3592 1583 sunt

2008 1642 2200 1684 eorum
2231 1629 2449 1697 egregia
2487 1641 2584 1694 pro
2611 1626 2811 1694 pietate
2851 1631 3025 1694 gesta,
3061 1623 3136 1676 ita
3169 1629 3224 1675 et
3271 1633 3593 1675 communes

2011 1725 2160 1782 sunt,
2188 1717 2281 1786 qui
2322 1715 2458 1784 ipsis
2489 1716 2558 1770 ob
2584 1729 2728 1769 vera:
2758 1713 2879 1768 ﬁdei
2907 1711 3347 1782 praedicationem
3389 1709 3594 1779 imper-

2013 1809 2227 1862 tiuntur
2265 1807 2525 1862 honores.
2576 1805 2778 1877 Ecquis
2829 1804 3017 1859 laetitia
3065 1818 3177 1858 non
3224 1801 3420 1856 merito
3463 1817 3590 1870 per-

337 1878 438 1974 νης
463 1878 874 1957 ἀπλώσαντιντά
907 1903 1008 1973 τῆς
1038 1878 1315 1966 εὐσεϐείας
1348 1878 1560 1967 δίκτυα,
1583 1878 1683 1956 καὶ
1713 1878 1915 1954 παντα-

2032 1899 2282 1954 Γιιηάοιιιι·
2335 1905 2389 1953 et
2444 1895 2684 1968 Spiritus
2744 1894 2921 1952 sancti
2971 1894 3172 1966 gaudio
3229 1893 3426 1962 plenus
3484 1908 3594 1946 non

337 1993 436 2066 χοῦ
464 1993 692 2063 πήξαντι
721 1995 790 2048 τὰ
827 1995 928 2065 τῆς
955 1994 1211 2066 ἀληθείας
1233 1994 1497 2066 θήρατρα,
1531 1994 1616 2047 ἵνα
1653 1993 1914 2047 συλλαϐό-

343 2103 494 2158 μενοι
541 2087 722 2140 πᾶσαν
763 2085 899 2156 ὁμοῦ
931 2084 1027 2156 τὴν
1073 2084 1502 2157 ἀνθρωπότητα,
1547 2083 1646 2155 τὴν
1687 2083 1790 2136 ὑπὸ
1817 2083 1918 2149 τῆς

343 2177 540 2242 κακίας
603 2177 951 2249 ὴγριωμένην
1006 2176 1393 2247 προσαγάγωσι
1443 2175 1522 2246 τῷ
1572 2173 1923 2246 ὲξημεροῦντι

343 2269 440 2323 καὶ
466 2267 724 2333 «Movet;
755 2271 860 2335 Εἰς
893 2267 1101 2323 πᾶσαν
1133 2268 1283 2337 γοῦν
1319 2266 1434 2335 τὴν
1466 2267 1582 2336 γῆν
1610 2265 1869 2333 ἐξῆλθεν
1892 2267 1926 2319 ὁ

343 2362 604 2432 φθόγγος
659 2361 876 2415 αὐτῶν.
919 2359 984 2416 Oi
1036 2361 1276 2430 θεμέλιοι
1326 2361 1426 2430 τῆς
1466 2357 1830 2428 Ἐκκλησίας,
1876 2358 1926 2410 oi

347 2452 527 2506 στύλοι
557 2453 652 2506 καὶ
671 2453 740 2506 τά
769 2452 1114 2524 ἑδραιώματα
1130 2451 1226 2522 τῆς
1243 2451 1517 2521 ἀληθείας,
1544 2442 1689 2503 οὗτοί
1708 2451 1843 2501 εἰσιν
1871 2449 1928 2502 αἱ

331 2541 558 2599 ’ἀένναοι
589 2545 762 2617 πηγαὶ
782 2545 874 2599 τοῦ
907 2546 1174 2616 σωτηρίου
1193 2586 1208 2610 ,
1242 2543 1298 2598 αἳ
1329 2542 1462 2596 πολὺ
1483 2582 1498 2606 ,
1531 2544 1625 2595 καὶ
1653 2540 1926 2606 πλούσιον,

349 2637 443 2690 καὶ
477 2637 708 2701 θεοειδὲς
755 2639 902 2708 νᾶμα
938 2638 1000 2690 τὸ
1045 2637 1144 2706 τῆς
1197 2633 1538 2696 διδασκαλίας
1582 2631 1922 2702 προχέουσιν.

363 2727 485 2781 Ἐπὶ
531 2729 752 2792 τούτους
804 2731 950 2801 ἡμᾶς
987 2729 1147 2799 καὶή
1205 2726 1516 2799 προφητικὴ
1567 2724 1928 2796 παραπέμπει

353 2819 503 2890 φωνὴ
529 2860 544 2885 ,
574 2819 806 2888 λέγουσα
828 2835 842 2850 ο
897 2817 1253 2884 Ἀντλήσατε
1283 2817 1440 2887 ὕδωρ
1471 2817 1598 2886 μετ’
1633 2815 1928 2884 εὐφροσύ-

351 2927 464 2977 νης
500 2911 568 2964 ἐκ
596 2909 715 2964 τῶν
743 2909 949 2980 πηγῶν
975 2909 1081 2964 τοῦ
1111 2909 1430 2977 Σωτηρίου.

2022 1989 2341 2053 exsultabit,
2383 1987 2514 2042 dum
2557 2002 2616 2042 se
2653 1986 2936 2057 dignatum
2977 1985 3182 2054 cogitat
3224 1983 3596 2052 apostolorum
3667 2029 3678 2034 -

2024 2082 2195 2136 choro
2223 2078 2654 2142 communicare,
2695 2078 2790 2148 qui
2823 2078 3010 2131 orbem
3038 2083 3210 2128 totum
3253 2073 3319 2127 ad
3351 2073 3598 2128 veritatis

2027 2172 2396 2242 cognitionem
2447 2168 2770 2240 perduxere,
2817 2168 2909 2237 qui
2959 2181 3055 2236 per
3103 2173 3276 2220 totum
3328 2173 3600 2219 terrarum

2022 2265 2210 2320 orbem
2241 2261 2460 2331 pietatis
2505 2261 2640 2314 retia
2679 2259 3044 2330 explicarunt,
3079 2265 3133 2312 et
3163 2257 3479 2325 ubicunque
3515 2257 3600 2308 lo-

2022 2367 2212 2408 eorum
2263 2352 2514 2406 veritatis
2564 2349 2732 2404 ﬁxere
2780 2349 3072 2416 venabula,
3119 2355 3179 2402 ut
3229 2361 3389 2402 omne
3439 2345 3604 2400 simul

2024 2443 2324 2498 humanum
2392 2457 2564 2512 genus
2619 2439 2831 2494 malitia
2877 2437 3185 2502 efferatum,
3225 2435 3292 2490 ad
3345 2450 3469 2489 eum
3511 2435 3603 2501 qui

2026 2535 2398 2590 mansuefacit
2458 2534 2595 2588 illud
2645 2541 2809 2605 atque
2865 2531 3059 2595 salvat,
3119 2529 3502 2584 adducerent:
3539 2525 3606 2578 In

2031 2643 2235 2681 omnem
2266 2627 2448 2694 itaque
2481 2633 2676 2678 terram
2704 2623 2862 2677 exivit
2892 2634 3052 2676 sanus
3077 2636 3258 2674 eorum
3281 2621 3349 2671 ".
3387 2616 3450 2670 lli
3478 2623 3609 2670 sunt

2031 2714 2294 2770 Ecclesiae
2336 2713 2726 2778 fundamenta,
2770 2720 2826 2768 et
2857 2710 3103 2766 veritatis
3137 2707 3406 2762 celumnae
3443 2713 3610 2772 atque

2033 2808 2374 2864 fulcimenta.
2437 2805 2505 2859 Hi
2552 2815 2681 2861 sunt
2725 2818 2996 2875 perennes
3050 2799 3246 2855 salutis
3314 2797 3514 2857 fontes,
3579 2809 3612 2847 e

2033 2900 2237 2970 quibus
2268 2895 2727 2952 abundantissimi
2755 2894 2954 2949 divinae
2981 2892 3247 2947 doctrinae
3277 2889 3465 2942 latices
3488 2899 3613 2953 pro.

356 2975 551 3057 fluunt.
607 3001 688 3056 Ad
747 2975 915 3058 hosce
962 3015 1063 3057 nos
1113 3000 1192 3056 ire
1250 2975 1407 3072 jﬁubet
1462 2996 1728 3070 pr0pheta
1795 3009 1924 3051 cum
1998 2994 2206 3064 inquit,
2259 2989 2535 3044 Haurietis
2588 3002 2782 3056 aquam
2867 3000 2986 3038 cum
3031 2981 3225 3053 gaudio
3271 2984 3336 3032 de
3381 2975 3612 3045 fontibus

358 3094 651 3151 Saluatoris
673 3096 744 3151 ”.

426 3188 840 3260 Μνημονεύεται
873 3187 1077 3260 Πέτρος
1107 3189 1142 3257 ἡ
1195 3187 1402 3257 κεφαλὴ
1439 3185 1547 3240 τῶν
1594 3183 1925 3248 ἀποστόλων,

2105 3177 2428 3234 Celebratur
2461 3173 2612 3228 Petri
2653 3169 2941 3233 memoria,
2977 3166 3072 3239 qui
3119 3161 3496 3234 apostolorum
3531 3165 3619 3214 est

360 3283 452 3336 καὶ
481 3279 855 3346 ἃυνδοξάζεται
891 3280 990 3350 μὲν
1031 3278 1179 3348 αὐτῷ
1209 3279 1278 3333 τά
1307 3278 1468 3331 λοιπά
1503 3277 1636 3348 μέλη
1670 3277 1770 3346 τῆς
1811 3275 1934 3327 Ἐκ-

358 3374 586 3444 κλησίας
615 3390 629 3405 ·
679 3371 1086 3443 ἐπιστηρίζεται
1133 3370 1190 3423 δὲ
1234 3372 1266 3440 ἡ
1307 3368 1602 3438 Ἐκκλησία
1650 3365 1740 3421 τοῦ
1773 3364 1931 3420 Θεοῦ.

361 3461 526 3530 Οὗτος
574 3465 682 3537 γάρ
724 3466 839 3518 ἐστι
871 3463 1012 3518 κατὰ
1039 3463 1135 3534 τὴν
1165 3462 1409 3516 δοθεῖσαν
1447 3460 1597 3530 αὐτῷ
1642 3458 1796 3532 παρά
1840 3454 1934 3510 τοῦ

361 3555 566 3627 Κυρίου
600 3554 870 3624 δωρεάνὴ
922 3552 1172 3625 ἀρραγὴς
1227 3551 1322 3605 καὶ
1369 3549 1690 3621 ὀχυρωτάτη
1740 3547 1936 3618 πέτρα,

363 3648 448 3717 ἐφ’
481 3648 549 3720 ἢν
587 3647 685 3719 τὴν
721 3645 1044 3717 Ἐκκλησίαν
1081 3647 1108 3699 ὁ
1138 3645 1327 3714 Σωτὴρ
1350 3643 1689 3714 ᾠκοδόμησε.
1714 3641 1942 3709 Μνημο-

364 3738 578 3793 νεύεται
629 3739 788 3794 πάλιν
843 3738 1098 3801 Ἰάκωϐος
1142 3737 1236 3790 καὶ
1272 3735 1557 3803 Ἰωάννης,
1585 3733 1680 3786 καὶ
1727 3731 1803 3794 ὡς
1836 3729 1944 3781 υἱοὶ

369 3831 596 3902 βροντῆς
624 3831 728 3884 ὐπὸ
760 3829 853 3883 τοῦ
884 3829 1137 3900 Σωτῆρος
1175 3824 1721 3902 προσαγορευόμενοι,
1765 3821 1946 3883 πάσας

369 3898 578 3982 ἑαυτοῖς
626 3919 726 3982 τὰς
772 3898 1138 3990 ὀμϐροτόκους
1189 3917 1420 3986 νεφέλας
1459 3898 1943 3984 συνέπιφὲρονται·

374 4012 717 4084 ῥηγνυμένης
754 4011 861 4083 γὰρ
911 4012 1009 4082 τῆς
1050 4009 1308 4080 βροντῆς,
1339 4008 1550 4077 ἀνάγκη
1587 4006 1682 4060 καὶ
1714 4005 1813 4069 τὰς
1859 4020 1950 4056 νε-

374 4103 544 4172 φέλας
593 4103 1056 4176 συναθροίζεσθαι.
1085 4101 1332 4170 Νεφέλας
1367 4099 1464 4170 μὲν
1514 4093 1606 4152 οὖν
1656 4097 1781 4159 τοὺς
1814 4097 1950 4149 ἀπο-

376 4197 652 4260 στολικοὺς
697 4197 791 4250 καὶ
849 4192 1219 4266 προφητικοὺς
1257 4190 1448 4258 λόγους
1483 4187 1842 4258 ὑποληπτέον,
1877 4178 1954 4239 ὧν

377 4291 426 4344 εί
460 4289 556 4344 καὶ
581 4288 825 4358 διάφοροι
853 4286 947 4338 τοῦ
975 4283 1330 4356 κηρύγματος
1351 4281 1401 4333 οἱ
1429 4279 1632 4351 χρόνοι,
1665 4277 1800 4332 ἀλλά
1827 4277 1965 4349 σύμ-

379 4400 545 4452 φωνοι
599 4381 701 4451 τῆς
737 4378 1012 4441 εὐσεϐείας
1046 4378 1095 4430 οἱ
1126 4375 1312 4446 νόμοι·
1343 4373 1401 4439 ἐξ
1435 4372 1554 4435 ἐνὸς
1605 4371 1716 4442 γὰρ
1772 4371 1955 4432 αὐτοῖς

381 4470 598 4528 καὶτοῦ
640 4469 802 4525 αὐτοῦ
851 4468 1158 4538 πνεύματος
1204 4465 1459 4536 ὥρμηται
1500 4462 1570 4515 τά
1621 4459 1954 4531 χαρίσματα.

2033 3278 2220 3342 caput,
2263 3276 2318 3324 et
2367 3282 2477 3322 una
2520 3264 2743 3336 quidem
2787 3277 2911 3316 cum
2947 3260 3068 3329 ipso
3108 3264 3307 3311 cetera
3359 3251 3620 3308 Ecclesia:

2034 3362 2278 3419 membra
2331 3358 2744 3430 gloriﬁcantur;
2780 3353 2877 3408 Dei
2929 3365 3060 3406 vero
3090 3347 3336 3403 Ecclesia
3389 3346 3444 3400 in
3499 3345 3622 3412 ipso

2037 3456 2332 3512 solidatur.
2388 3451 2488 3505 Hic
2543 3449 2713 3512 enim,
2765 3446 2921 3516 juxta
2970 3441 3387 3514 praerogativam
3439 3436 3542 3491 sibi
3590 3448 3622 3488 a

2043 3547 2278 3604 Domino
2302 3556 2648 3606 concessam,
2688 3538 2842 3592 ﬁrma
2871 3543 2924 3590 et
2957 3532 3291 3588 solidissima
3321 3536 3478 3599 petra
3513 3535 3621 3588 est,

2043 3650 2213 3704 super
2244 3647 2408 3703 quam
2447 3630 2702 3683 Salvator
2730 3623 3035 3678 Ecclesiam
3065 3615 3375 3672 aediﬁcavit.
3417 3612 3622 3666 Memo-

2043 3702 2128 3781 ria
2163 3702 2405 3790 denique
2449 3717 2766 3772 celebratur
2806 3710 3022 3773 Jacobi,
3071 3714 3126 3762 et
3170 3702 3417 3767 Joannis,
3467 3708 3521 3756 et
3567 3707 3627 3754 ut

2047 3817 2144 3872 ﬁlii
2188 3811 2441 3875 tonitrui,
2489 3802 2952 3879 quemadmodum
2995 3813 3091 3855 eos
3135 3795 3399 3851 Dominus
3441 3792 3628 3862 appel-

2047 3907 2202 3972 lavit,
2261 3917 2454 3957 omnes
2517 3911 2705 3955 secum
2763 3891 3075 3948 imbriferas
3133 3888 3310 3944 nubes
3365 3884 3624 3949 trahunt;

2048 4000 2259 4056 tonitru
2299 3995 2445 4050 enim
2481 4005 2665 4047 aerem
2715 3992 3029 4056 rumpente,
3062 3995 3288 4036 necesse
3329 3983 3414 4034 est
3455 3977 3630 4032 nubes

2051 4085 2398 4160 congregari.
2449 4081 2634 4137 Nubes
2665 4080 2852 4147 itaque
2900 4073 3255 4144 apostolicos,
3307 4078 3364 4126 et
3398 4069 3633 4139 prophe-

2053 4184 2194 4239 ticos
2231 4191 2512 4236 sermones
2547 4170 2861 4242 signiﬁcare
2901 4167 3235 4223 censendum
3265 4171 3368 4228 est,
3401 4176 3632 4233 quorum

2055 4273 2159 4331 etsi
2196 4268 2454 4342 praeconii
2482 4267 2702 4321 diversa
2751 4267 2880 4318 sunt
2911 4268 3180 4330 tempora,
3215 4255 3520 4312 concordes
3555 4260 3637 4304 ta—

2057 4381 2206 4429 men,
2241 4377 2306 4416 ac
2338 4361 2498 4431 plane
2531 4356 2742 4413 similes
2774 4351 2994 4425 pietatis
3024 4355 3154 4406 sunt
3185 4349 3352 4417 leges,
3404 4359 3529 4398 cum
3568 4356 3634 4394 ex

2058 4471 2171 4511 uno
2196 4453 2502 4522 eodemque
2547 4448 2748 4521 spiritu
2793 4445 2931 4516 ipsis
2972 4441 3304 4497 charismata
3347 4448 3636 4507 promana-

595 4562 648 4616 τί
682 4564 793 4624 τοῖς
829 4524 1108 4621 ἀδυνάτοις
1139 4524 1421 4622 ’ἐπεὲίέναι
1459 4524 1661 4624 τολμᾷν
1681 4524 1710 4615 ,⁵
1733 4524 1828 4604 καὶ
1859 4549 1934 4619 τῆε

2032 4537 2194 4605 Ϊτίηι.
2253 4545 2357 4600 Sed
2392 4541 2524 4614 quid
2555 4556 2694 4611 opus
2745 4538 2908 4592 nobis
2941 4542 3026 4590 est
3073 4549 3160 4596 ea,
3209 4543 3331 4599 quae
3378 4524 3636 4624 explicari

383 4653 745 4722 ἀποπολικῆς
773 4653 969 4723 ἀρετῆς
997 4649 1232 4716 ἐπαξίως
1257 4645 1546 4717 πειρᾶσθαι
1583 4661 1686 4714 μνη
1697 4639 1960 4712 μονεύειν;

386 4746 462 4800 Οὐ
492 4745 626 4816 πρὸς
654 4744 873 4813 Σίμωνα
912 4744 1041 4812 ἡμῖν
1063 4779 1078 4805 ,
1106 4741 1195 4792 τὸν
1220 4739 1327 4792 ἀπὸ
1355 4739 1453 4805 τῆς
1492 4735 1676 4796 ἀλείας
1704 4730 1965 4802 γνωριξὸ-

392 4851 572 4905 μενον,
600 4835 633 4904 ἡ
659 4833 767 4886 τῶν
795 4830 1029 4884 ἐπαίνων
1056 4828 1348 4897 φιλοτιμία,
1371 4824 1509 4880 ἀλλά
1535 4823 1672 4894 πρὸς
1692 4822 1788 4892 τὴν
1820 4819 1964 4874 ὲκεί-

390 4943 483 4978 νου
517 4925 699 4978 πίστιν
723 4921 821 4992 τὴν
851 4919 1098 4988 στερεὰν.
1127 4917 1219 4971 καὶ
1249 4917 1428 4985 πάσης
1453 4913 1590 4984 ὁμοῦ
1619 4912 1717 4982 τῆς
1747 4910 1970 4980 Ἐκκλη-

393 5017 514 5079 σίας
563 5015 624 5068 τὸ
658 5015 956 5084 στήριγμα.
986 5009 1120 5063 Οὐδὲ
1150 5007 1310 5061 πάλιν
1342 5007 1479 5076 πρὸς
1527 5004 1652 5066 τοὺς
1691 5001 1840 5064 υἱοὺς
1878 5002 1972 5053 Ζε-

393 5107 608 5161 ϐεδαίου
659 5105 749 5159 τὸν
786 5103 943 5171 λόγον
989 5099 1183 5171 ἔχομεν
1206 5141 1221 5165 ,
1252 5097 1386 5152 ἀλλά
1425 5096 1562 5167 πρὸς
1588 5096 1713 5158 τοὺς
1740 5095 1970 5163 Βοανερ-

395 5202 534 5268 γεῖς,
565 5200 690 5262 τούς
723 5193 1206 5270 ἑρμηνευομένους,
1243 5189 1410 5256 υἱοὺς
1427 5185 1714 5258 βροντῆς.
1751 5186 1860 5240 Ποῦ
1876 5185 1972 5239 νῦν

398 5264 696 5361 (ρανήσεται
793 5264 1116 5357 ⁷βραχυτάτη
1151 5282 1242 5336 τοῦ
1283 5281 1444 5348 λόγου
1475 5279 1626 5350 φωνὴ
1656 5319 1669 5342 ,
1705 5277 1975 5346 τοσαύτης

400 5381 496 5435 καὶ
528 5379 856 5451 τηλικαύτης
907 5377 1134 5449 βροντῆς
1185 5373 1285 5436 τὰς
1349 5372 1568 5425 πάντων
1602 5369 1770 5432 ἀκοάς
1815 5386 1974 5436 περι-

399 5473 689 5544 ηχούσης;
719 5469 930 5524 Οὐκοῦν
982 5467 1114 5521 αὐτὸ
1159 5464 1318 5518 τοῦτο
1355 5463 1511 5533 μόνον
1540 5461 1636 5532 τὴν
1669 5461 1805 5531 πρὸς
1855 5461 1982 5523 τοὺς

403 5565 594 5633 ἁγίους
629 5560 1044 5632 εὐγνωμοσύνην
1065 5555 1462 5626 ἀποπληρῶσαι
1494 5553 1829 5614 σπεύσαντες
1846 5593 1860 5617 ,
1887 5551 1980 5604 ἐπὶ

477 5708 524 5741 ⁸⁸
557 5704 576 5759 l
608 5706 736 5760 Cor.
765 5719 860 5769 xu,
887 5703 976 5758 ‘26.

488 5839 602 5906 (21)
643 5834 942 5894 Delendum
969 5834 1058 5889 bic
1086 5834 1300 5890 videtur
1329 5843 1626 5902 pronomen
1659 5840 1777 5896 μου.

1083 5703 1128 5732 ⁹’
1157 5699 1302 5753 Psal.
1327 5712 1478 5762 xvm,
1507 5696 1559 5749 5.
1637 5693 1681 5725 "
1709 5691 1814 5748 lsa.
1848 5707 1944 5759 xu,
1974 5692 2026 5747 5.

2019 4643 2373 4708 'nequeunt,
2412 4613 2685 4688 audacter
2731 4625 3027 4699 prosequi,
3080 4629 3244 4690 atque
3281 4615 3411 4672 eniti
3454 4621 3513 4708 ut
3551 4613 3641 4667 di-

2058 4703 2218 4799 gnam
2269 4724 2574 4796 apostolica
2601 4722 2804 4776 virtute
2847 4709 3428 4770 commemorationem
3474 4703 3643 4757 facia-

2060 4818 2222 4875 mus?
2266 4815 2387 4871 Non
2425 4815 2491 4870 ad
2527 4813 2809 4867 Simonem
2847 4803 3154 4877 piscatione
3201 4807 3390 4854 notum
3427 4799 3645 4849 nostra-

2061 4925 2185 4965 rum
2250 4907 2475 4962 laudum
2546 4901 2730 4958 studia
2779 4896 3092 4969 pertinent;
3144 4889 3238 4947 sed
3303 4887 3370 4942 ad
3435 4885 3644 4939 ﬁrmam

2070 5000 2322 5071 ejusdem
2358 4996 2542 5061 ﬁdem,
2575 5002 2628 5050 et
2654 4992 2826 5046 totius
2856 4987 3021 5044 simul
3055 4981 3312 5038 Ecclesiae
3339 4979 3647 5032 ﬁrmamen-

2071 5066 2210 5147 tum.
2244 5087 2354 5144 Nec
2398 5101 2597 5142 rursus
2644 5080 2892 5139 Zebedmi
2938 5077 3083 5132 ﬁlios
3131 5071 3496 5144 alloquimur;
3552 5066 3646 5123 sed

2073 5181 2406 5249 Boanerges,
2441 5175 2588 5247 quod
2618 5175 3040 5242 interpretatum
3090 5171 3279 5228 sonat,
3316 5159 3536 5215 tonitrui
3585 5156 3650 5225 [i-

2073 5273 2197 5327 tios.
2219 5247 2446 5336 Qualem
2489 5283 2614 5323 nam
2651 5265 2809 5322 exilis
2843 5270 3029 5318 noster
3059 5271 3238 5315 sermo
3277 5265 3472 5308 sonum
3507 5247 3649 5312 edet,

2075 5363 2205 5417 dum
2255 5363 2362 5416 tale
2411 5367 2736 5428 tantumque
2784 5355 2995 5410 tonitru
3046 5349 3292 5406 omnium
3333 5358 3495 5399 aures
3539 5341 3650 5394 cir-

2013 5441 2036 5478 ί
2075 5453 2403 5510 cumsonat?
2439 5452 2782 5522 Quapropter
2825 5441 3179 5516 quantumvis
3231 5447 3481 5494 nostrum
3523 5446 3649 5501 erga

2076 5557 2296 5604 sanctos
2325 5545 2568 5604 studium
2602 5557 2665 5599 ac
2700 5543 2899 5599 bonam
2936 5544 3182 5594 nostram
3225 5545 3356 5603 erga
3397 5529 3524 5585 illos
3555 5538 3651 5579 vo-

3466 419 3656 477 756⁷
