4050 6164
361 305 391 317 ”
450 326 556 382 735

1684 322 1743 379 8.
1777 319 2108 379 GREGORII
2139 317 2432 376 NYSSENI

3600 315 3710 376 Ἰῖσ

451 433 710 486 luntatem
763 431 1003 500 explere,
1059 445 1124 488 ea
1175 433 1368 489 saltem
1420 433 1632 490 ratione
1682 447 2018 505 magnopere

2130 431 2228 502 τὴν·
2243 429 2521 486 ἀκίνδυνον
2549 426 2762 499 σιωπὴν
2792 423 3212 496 καταφεύγομεν
3235 461 3253 491 ,
3303 425 3484 479 ἐκεῖνο
3526 425 3708 490 καλῶς

447 536 792 590 cuperemus,
822 523 885 574 ad
911 521 1189 577 silentium
1215 534 1394 580 tamen
1419 526 1648 596 periculi
1671 541 1868 595 expers
1892 541 2022 580 conc

409 599 417 608 ³
449 610 708 680 fugimus,
743 613 942 680 quippe
973 613 1064 682 qui
1099 615 1305 684 optime
1339 619 1615 680 novimus,
1659 631 1761 670 nos
1787 624 1902 669 tum
1929 616 2022 670 de-

449 718 596 754 mum
639 701 833 771 dignos
867 701 1004 766 fore,
1057 706 1151 774 qui
1191 714 1507 762 sanctorum
1554 708 1830 763 memoria:
1873 722 2023 761 com-

451 793 828 859 municcmus,
888 796 933 849 si
985 812 1176 851 eorum
1233 799 1464 855 virtutes
1524 799 1803 854 imitemur
1859 805 2024 868 atque

449 884 810 962 aemulemur;
856 902 963 940 non
1002 889 1244 956 ipsorum
1279 899 1428 959 gesta
1482 891 1832 946 sermonibus
1875 889 2023 944 cele-

449 973 701 1039 brantes,
742 976 834 1030 sed
870 992 1060 1032 eorum
1097 994 1276 1034 mores
1309 980 1382 1034 ita
1434 981 1619 1036 animo
1650 981 2018 1051 complecten-

450 1074 554 1129 tes,
587 1075 645 1120 ut
688 1084 784 1123 eos
825 1069 965 1122 elabi
1007 1087 1312 1140 nunquam,
1345 1088 1408 1128 ac
1444 1074 1697 1129 excidere
1729 1073 2023 1144 patiamur.

449 1157 561 1213 Nos
595 1160 744 1212 enim
787 1175 950 1215 veros
991 1176 1180 1216 eorum
1224 1162 1531 1234 discipulos
1577 1180 1698 1220 esse
1742 1179 1852 1220 non
1884 1163 2024 1218 festa

452 1247 854 1305 inconsiderate
899 1259 955 1305 et
1005 1268 1102 1322 pro
1137 1256 1534 1309 consuetudine
1573 1255 1880 1322 celebrata;
1927 1254 2023 1309 sed

451 1339 702 1408 religiosa
734 1341 929 1410 pietas,
963 1343 1262 1415 eademque
1288 1345 1500 1401 vivendi
1537 1348 1700 1412 ratio,
1731 1354 1784 1401 et
1807 1361 2024 1400 morum

456 1430 758 1484 similitudo
793 1431 1211 1490 demonstrabit.
1248 1435 1536 1492 Veneraris
1575 1445 1876 1508 martyrum
1909 1451 2020 1489 me-

452 1521 672 1584 morias,
708 1523 1024 1578 eorumdem
1066 1542 1286 1596 quoque
1332 1528 1672 1597 propositum
1711 1542 1972 1581 venerare
2007 1544 2020 1578 :

453 1617 582 1663 tunc
637 1626 872 1681 namque
909 1622 1228 1668 sanctorum
1285 1617 1561 1672 memoriis
1605 1631 1734 1671 vere
1772 1631 2024 1670 commu-

454 1699 721 1765 nicamus,
752 1717 874 1755 cum
920 1718 1110 1756 eorum
1147 1706 1274 1758 vitae
1304 1705 1552 1760 instituta
1577 1715 1870 1761 sectamur.
1906 1705 2025 1758 Non

2124 523 2362 585 ειδότες,
2389 523 2466 584 ὼς
2507 519 2590 573 ἑνὶ
2633 517 2810 588 τούτῳ
2843 517 2957 589 (22)
2991 519 3109 580 ταῖς
3161 515 3370 587 μνιίαις
3397 515 3507 569 τῶν
3534 517 3709 584 ἁγίων

2124 609 2400 661 κοινωνεῖν
2431 604 2749 674 ἀξιούμεθα,
2779 605 2838 658 ὲν
2869 603 2948 674 τῷ
2978 603 3075 667 τὰς
3112 603 3338 657 ἐκείνων
3363 603 3565 674 ἀρετὰς
3618 621 3709 674 μι-

2127 695 2345 769 μεῖσθαι
2375 696 2469 749 καὶ
2497 694 2716 766 ζηλοῦνο
2771 695 2872 748 οὐκ
2922 697 2982 748 ὲν
3011 693 3092 764 τῷ
3129 693 3275 765 λόγῳ
3319 694 3712 765 περιφέροντες

2122 787 2301 843 αὐτῶν
2324 788 2413 842 ’σὺν
2443 785 2576 857 βίον,
2603 786 2716 840 ἀλλ’
2745 786 2802 839 ὲν
2832 788 2900 857 τῇ
2930 784 3120 857 γνώμῃ
3149 785 3502 848 διασώζοντες
3526 786 3712 839 αὐτῶν

2122 881 2214 934 τὸν
2243 878 2462 951 τρόπον.
2507 877 2802 944 Ἀποδείξει
2853 876 2962 948 γὰρ
2991 878 3138 948 ἡμᾶς
3184 875 3412 932 ἐκείνων
3452 877 3711 946 γνησίους

2127 971 2374 1044 μαθητὰς
2394 1010 2409 1033 ,
2443 970 2506 1022 οὐ
2547 969 2802 1040 συνήθεια
2849 967 2986 1039 μετὰ
3017 966 3271 1036 ἀλογίας,
3307 965 3421 1019 ἀλλ’
3455 965 3711 1019 εὐσέϐεια

2127 1064 2265 1135 μετὰ
2300 1061 2615 1126 εὐλαϐείας,
2650 1062 2744 1115 καὶ
2788 1063 2818 1115 6
2860 1060 2973 1131 βίος
3011 1058 3293 1130 όμόδοξος,
3329 1059 3422 1112 καὶ
3450 1059 3481 1110 6
3507 1057 3710 1128 τρόπος

2122 1152 2403 1224 ὁμόζηλος.
2443 1154 2622 1224 Τιμᾷς
2671 1151 2964 1223 μαρτύρων
3011 1151 3113 1220 τὴν
3171 1151 3430 1221 μνήμην;
3477 1149 3712 1220 τίμησαι

2124 1244 2218 1298 καὶ
2259 1243 2356 1314 τὴν
2383 1242 2608 1312 γνώμην
2629 1258 2642 1273 ο
2672 1241 2924 1295 κοινωνία
2972 1240 3080 1312 γὰρ
3120 1241 3218 1310 τῆς
3247 1240 3473 1309 μνήμης
3505 1239 3538 1308 ἡ
3567 1255 3710 1308 συμ-

2125 1337 2300 1407 φωνία
2331 1337 2430 1407 τῆς
2461 1335 2702 1405 γνώμης.
2737 1333 2830 1401 Μὴ
2858 1331 2965 1404 γὰρ
3002 1332 3230 1394 ἐκείνοις
3259 1331 3439 1402 μόνοις
3467 1329 3707 1398 ἐπέλαμ-

2123 1430 2221 1500 ψεν
2244 1431 2272 1482 6
2295 1427 2572 1497 φωτισμδς
2601 1429 2700 1497 τῆς
2729 1424 2981 1494 γνώσεως
3007 1425 3105 1494 τῆς
3137 1424 3294 1494 δόξης
3331 1422 3426 1476 τοῦ
3463 1423 3711 1490 Εὐαγγε-

2124 1520 2238 1573 λίου
2265 1517 2356 1572 τοῦ
2387 1515 2660 1589 Χριστοῦ;
2697 1516 2771 1586 μὴ
2815 1514 2924 1586 γὰρ
2972 1514 3198 1577 ἐκείνοις
3250 1513 3430 1583 μόνοις
3478 1514 3510 1581 ἡ
3547 1513 3710 1582 χάρις

2127 1613 2498 1683 ὲξαπεστὰλη;
2528 1613 2593 1665 Αἱ
2619 1610 2826 1666 ἐντολαὶ
2858 1609 3034 1663 κοιναὶ
3054 1651 3070 1670 ,
3099 1609 3128 1660 6
3153 1606 3347 1675 τρόπος
3381 1604 3558 1668 κοινὸς
3581 1644 3599 1666 ,
3623 1599 3710 1667 εἷς

2124 1709 2152 1760 ὁ
2177 1706 2284 1760 τῶν
2333 1705 2507 1756 πόνων
2538 1700 2882 1770 ἀγωνοθέτης
2902 1739 2916 1763 ,
2968 1699 3028 1754 ἓν
3054 1699 3115 1752 τὸ
3144 1697 3392 1768 βραϐεῖον
3429 1697 3528 1767 τῆς
3573 1695 3677 1764 ἀλη
3696 1728 3709 1737 -

451 1790 595 1843 enim
624 1791 731 1846 illis
761 1793 894 1847 solis
927 1795 1251 1850 illuminatio
1285 1799 1526 1852 scientiae
1549 1799 1820 1854 claritatis
1846 1797 2023 1852 Evan-

2130 1796 2274 1858 θείας
2295 1835 2310 1861 ,
2350 1788 2410 1849 οῦ
2437 1769 2642 1862 γένοιτο
2675 1769 2884 1855 πάντας
2927 1791 3076 1862 ἡμᾶς
3121 1789 3414 1859 ἀξιωθῆναι
3442 1830 3456 1850 .
3519 1789 3714 1856 εὐχαῖς

453 1881 574 1949 gelii
603 1878 732 1936 Jesu
771 1882 974 1938 Christi
1010 1884 1312 1940 refulsit”.
1350 1887 1470 1941 Non
1505 1889 1610 1943 illis
1641 1890 2022 1942 tantummodo

2130 1887 2222 1942 καὶ
2253 1885 2568 1957 πρεσϐείαις
2618 1884 2726 1938 τῶν
2767 1881 3240 1955 μνημονευθέντων
3269 1881 3439 1949 ἁγίων
3464 1920 3482 1946 ,
3520 1881 3708 1951 χάριτι

453 1973 679 2040 gratiam
743 1973 969 2042 largitus
1022 1986 1106 2031 est
1155 1976 1295 2033 Deus
1337 1997 1349 2032 :
1390 1988 1661 2050 praecepta
1707 1979 2023 2034 communia

2130 1979 2220 2032 τοῦ
2251 1978 2454 2048 Κυρίου
2487 1977 2642 2046 ἡμῶν
2683 1974 2858 2045 Ἰησοῦ
2889 1972 3125 2044 Χριστοῦ
3148 2013 3164 2037 ,
3261 1975 3293 2042 ή
3322 1971 3450 2038 δόξα
3497 1970 3594 2025 καὶ
3642 1969 3716 2022 τὸ

454 2071 601 2124 sunt,
658 2066 970 2119 communis
1017 2082 1237 2137 quoque
1278 2069 1363 2125 lex
1411 2085 1660 2136 morum;
1721 2049 1863 2126 unus
1915 2078 2020 2134 est,

2130 2070 2327 2140 κράτος
2359 2069 2438 2132 εἰς
2464 2069 2588 2130 τοὺς
2613 2066 2814 2128 αἰῶνας
2839 2064 2947 2120 τῶν
2981 2065 3212 2118 αἰώνων.
3259 2065 3450 2146 ’Δμήν.

452 2152 547 2221 qui
613 2154 949 2209 certantibus
1013 2155 1262 2211 laborum
1310 2161 1531 2230 praemia
1574 2161 1877 2227 distribuit,
1918 2176 2084 2214 unum
2126 2159 2372 2214 veritatis
2415 2157 2724 2227 praemium,
2767 2154 2928 2225 cujus
2963 2155 3098 2210 faxit
3136 2155 3300 2219 Deus,
3344 2163 3405 2209 ut
3445 2169 3546 2209 nos
3581 2167 3709 2208 om-

452 2257 552 2296 nes
591 2241 737 2310 digni
787 2243 1107 2312 clliciamur,
1143 2249 1400 2318 precibus
1464 2262 1515 2304 et
1563 2251 2058 2306 intercessionibus
2133 2257 2475 2312 sanctorum,
2543 2261 2780 2317 quorum
2842 2246 3160 2301 memoriam
3219 2246 3591 2312 celebramus,
3649 2253 3711 2300 et

452 2335 623 2405 gratia
675 2335 887 2389 Domini
940 2339 1116 2393 nostri
1149 2337 1280 2396 Jcsu
1332 2340 1561 2408 Christi,
1613 2343 1703 2398 cui
1747 2343 1920 2413 gloria
1967 2349 2022 2397 et
2056 2341 2300 2412 potentia
2339 2340 2395 2394 in
2435 2340 2640 2395 sacula
2671 2338 3020 2395 saeculorum.
3063 2338 3258 2392 Amen.

522 2511 568 2543 "
598 2511 638 2564 ll
669 2513 794 2567 Cor.
823 2529 894 2578 IV,
921 2513 974 2576 4,
1008 2512 1062 2570 6.

526 2667 638 2738 (‘29)
678 2665 733 2721 In
780 2669 885 2722 alia
927 2667 1087 2738 hujus
1135 2669 1400 2723 orationis
1434 2669 1689 2733 editione,
1721 2684 1845 2738 quae
1898 2670 2127 2723 habetur
2158 2668 2212 2722 in
2252 2668 2359 2722 ﬁne
2392 2667 2640 2723 Vaticani
2688 2667 2897 2723 codicis
2931 2665 3150 2736 legitur,
3212 2665 3288 2731 ὡς
3332 2665 3413 2718 év‘t
3472 2662 3704 2716 τούτων.

541 2860 886 2874 Ἡμ-

471 2859 2025 2889 W

2130 2859 3683 2890 Μ

1729 3017 1956 3102 ΤΟΥ
2053 3015 2428 3103 ΑΥΤΟΥ

1891 3195 2254 3250 ΕΓΚΩΜΙΟΝ

633 3363 872 3476 ΕΙΣ
937 3360 1237 3478 ΤΟΝ
1313 3363 1840 3479 ΜΕΓΑΝ
1898 3364 2604 3480 ΜΑΡΤΥΡΑυ
2670 3365 3525 3481 ΘΕΟΔΩΡΟΝ.

1780 3748 2410 3842 EJUSDEM

1705 3937 1964 3996 οιιΑτῐο
2011 3940 2448 3998 LAUDATOBIA

540 4120 1068 4238 SANCTl
1139 4118 1314 4236 AC
1417 4119 1872 4238 MAGNI
1980 4121 2742 4237 MARTYRIS
2841 4117 3601 4242 THEODORI'

1738 4342 1924 4393 Eodem
1948 4344 2114 4397 Silano
2139 4341 2439 4409 interprete.

532 4634 659 4700 Vos,
720 4635 814 4706 qui
844 4633 1079 4704 populus
1110 4631 1342 4700 Christi,
1395 4633 1490 4704 qui
1531 4649 1660 4706 grex
1695 4646 1920 4694 sanctus
1970 4653 2025 4695 ac

2218 4641 2406 4711 Ὑμεῖς
2450 4641 2478 4694 6
2513 4637 2608 4693 τοῦ
2653 4639 2889 4711 Χριστοῦ
2928 4640 3074 4706 λαὸς,
3124 4643 3158 4712 ή
3209 4642 3339 4711 ἁγία
3379 4642 3618 4713 ποίμνη,
3647 4639 3712 4694 τὸ

456 4735 636 4798 regale
662 4726 798 4782 estis
819 4726 1208 4792 sacerdotium,
1239 4727 1333 4796 qui
1365 4728 1605 4798 undique
1627 4737 1683 4784 et
1712 4744 1780 4785 ex
1803 4729 2025 4787 urbibus

2139 4731 2406 4802 βασίλειον
2441 4730 2738 4800 ἱεράτευμα
2761 4769 2776 4794 ,
2802 4731 2854 4782 οἱ
2885 4730 3216 4801 πανταχόθεν
3256 4730 3466 4783 ἀστικοί
3512 4747 3573 4782 τε
3615 4728 3708 4782 καὶ

455 4829 510 4874 ct
537 4835 604 4873 ex
635 4819 781 4886 agris
805 4818 1126 4874 catervatim
1158 4817 1526 4883 conﬂuxistis,
1562 4819 1710 4875 unde
1744 4819 1901 4890 signo
1939 4821 2025 4876 iti-

2136 4824 2416 4892 χωριτικοὶ
2467 4821 2862 4891 συρῥεύσαντες
2919 4820 3111 4890 δῆμοι,
3149 4820 3312 4873 πόθεν
3353 4819 3605 4881 λαϐόντες
3646 4816 3710 4871 τὸ

456 4910 605 4965 neris
635 4917 859 4980 accepto
886 4909 951 4964 ad
987 4909 1133 4963 hunc
1167 4923 1383 4963 sacrum
1403 4911 1582 4965 locum
1613 4911 1877 4967 venistis?
1897 4911 2034 4978 Quis

455 5003 612 5057 vobis
636 5003 742 5057 huc
771 5003 1020 5058 veniendi
1056 5002 1192 5057 adeo
1218 5003 1417 5059 seriam
1453 5019 1518 5058 ac
1546 5005 1706 5074 quasi
1760 5008 2034 5075 praestitu-

457 5105 567 5148 tam
604 5093 986 5150 necessitatem
1017 5093 1319 5164 imposuit?
1369 5095 1590 5166 Hocque
1620 5103 1860 5167 tempore
1915 5097 2034 5153 hie-

459 5186 585 5250 mis,
619 5201 732 5255 quo
763 5192 816 5240 et
844 5199 873 5238 a
905 5186 1047 5240 bello
1079 5187 1237 5256 quies
1261 5194 1366 5252 est,
1397 5195 1452 5241 et
1506 5187 1664 5242 miles
1693 5199 2029 5258 armaturam

458 5284 693 5342 amovet,
722 5283 778 5332 et
793 5283 955 5331 nauta
983 5279 1414 5348 gubernaculum
1434 5294 1598 5349 supra
1623 5279 1832 5334 fumum
1858 5280 2028 5350 ponit,

456 5377 512 5424 ct
538 5370 775 5439 agricola
806 5378 1047 5428 aratores
1073 5371 1240 5428 boves
1264 5372 1316 5426 in
1349 5373 1615 5444 praesepio
1641 5387 1847 5428 curans
1875 5373 2029 5443 quie-

457 5459 602 5514 scit?
633 5462 715 5514 An
751 5462 928 5531 palam
953 5470 1056 5526 est,
1086 5461 1232 5532 quod
1265 5471 1491 5520 sanctus
1520 5471 1727 5532 martyr
1769 5478 1839 5518 ex
1887 5463 2029 5517 mili-

460 5551 673 5606 taribus
696 5552 980 5608 ordinibus
1003 5553 1131 5607 tuba
1155 5552 1373 5618 cecinit,
1395 5562 1450 5610 et
1486 5556 1687 5609 multos
1708 5569 1774 5608 ex
1801 5553 2030 5608 diversis

457 5644 773 5713 regionibus
797 5646 1061 5700 excitatos
1083 5647 1147 5700 ad
1177 5662 1288 5701 sua:
1327 5645 1584 5715 requietis
1628 5645 1807 5699 locum
1839 5659 1902 5700 ac
1940 5660 2030 5700 εστ

461 5733 586 5792 dem
617 5737 852 5804 vocavit,
874 5753 982 5794 non
1006 5737 1069 5794 ad
1098 5738 1350 5795 bellicum
1386 5740 1662 5797 instruens
1683 5745 2027 5808 apparatum,

2138 4913 2386 4984 σύνθημα
2413 4914 2510 4984 τῆς
2535 4913 2676 4977 ὁδοῦ,
2692 4913 2826 4983 πρὸς
2851 4912 2942 4965 τὸν
2972 4913 3114 4982 ἱερὸν
3137 4912 3320 4966 τοῦτον
3347 4910 3707 4980 ἐδημαγωγή-

2137 5004 2264 5075 θητε
2291 5005 2484 5072 τόπον;
2511 5005 2607 5068 Τίς
2640 5005 2768 5074 ὑμῖν
2796 5003 2893 5074 τῆς
2921 5003 3108 5058 ἐνθάδε
3138 5003 3426 5057 σπουδαίαν
3452 4999 3596 5054 οὕτω
3617 5000 3708 5053 καὶ

2136 5095 2517 5167 εμπρόθεσμον
2579 5095 2822 5164 ἀνάγκην
2878 5094 3181 5178 ὲπέθῃκενς
3225 5095 3319 5149 καὶ
3367 5091 3541 5146 ταῦτα
3591 5089 3709 5162 ὥρᾳ

2135 5188 2428 5260 χειμῶνος,
2461 5187 2626 5259 ἡνίκα
2654 5188 2745 5240 καὶ
2778 5187 3012 5256 πόλεμος
3056 5188 3253 5258 ἠρεμεῖ
3275 5227 3290 5252 ,
3320 5186 3415 5240 καὶ
3446 5180 3708 5253 στρατιώ-

2135 5297 2233 5350 της
2266 5281 2365 5351 τὴν
2393 5279 2691 5334 πανοπλίαν
2717 5278 3169 5343 ἁποσκευάζεται,
3201 5276 3295 5329 καὶ
3322 5275 3546 5345 πλωτὴρ
3570 5273 3710 5342 ὑπὲρ

2136 5371 2342 5426 καπνοῦ
2387 5372 2569 5441 τίθησι
2596 5371 2656 5424 τδ
2693 5370 2949 5440 πηδάλιον
2971 5413 2985 5436 ,
3030 5368 3126 5421 καὶ
3174 5366 3419 5438 γεωγρδς
3447 5363 3708 5437 ἡσυχάζει

2137 5464 2259 5525 τοὺς
2285 5461 2559 5534 ἀροτῆρας
2593 5460 2718 5530 βοῦς
2746 5458 3059 5529 θεραπεύων
3098 5455 3192 5508 ἐπὶ
3221 5458 3317 5524 τῆς
3356 5455 3601 5524 φάτνηςς
3640 5450 3708 5503 Ἢ

2143 5553 2436 5624 πρόδηλον,
2475 5552 2548 5614 ὡς
2581 5551 2836 5604 ἐσάλπισε
2885 5549 2981 5620 μὲν
3031 5549 3092 5600 ἐκ
3136 5546 3245 5600 τῶν
3304 5540 3708 5618 στρατιωτικῶν

2141 5643 2449 5710 καταλόγων
2495 5644 2523 5695 6
2563 5641 2714 5710 ἆγιος
2749 5641 2987 5711 μάρτυς·
3025 5638 3251 5709 κινήσας
3280 5637 3335 5690 δὲ
3387 5634 3610 5696 πολλοὺς
3645 5633 3707 5683 ἐκ

2140 5735 2408 5804 διαφόρων
2435 5733 2704 5803 πατρίδων
2742 5731 2874 5802 πρὸς
2902 5729 2996 5799 τὴν
3027 5728 3232 5783 οἰκείαν
3261 5729 3562 5783 ἀνάπαυσιν
3616 5721 3714 5776 καί
