4050 6164
271 237 380 294 737

1396 230 1486 286 DE
1513 228 1572 286 S.
1601 225 1976 286 THEODORO
2011 225 2374 284 MARTYRE.

3417 232 3525 294 758

273 354 458 409 ἑστίαν
487 349 776 417 ἐκάλεσεν,
803 349 905 404 οὐκ
947 352 1030 413 είς
1063 349 1362 420 πολεμικὴν
1382 347 1716 419 εὐτρεπίζων
1743 363 1846 400 πα·

1959 345 2041 400 sed
2063 345 2131 400 ad
2157 345 2373 400 dulcem
2418 356 2483 398 ae
2518 344 2754 400 maxime
2805 343 3148 400 Christianos
3197 345 3386 416 utique
3431 346 3534 401 de-

275 443 568 515 ρασκευὴν,
611 441 745 496 ἀλλὰ
794 441 929 510 πρὸς
961 445 1058 510 τὴν
1103 441 1356 508 γλυκεῖαν
1389 440 1484 492 xa'l.
1525 438 1757 507 μάλιστα
1785 435 1850 507 δὴ

273 535 611 604 Χριστιανοῖς
639 532 952 602 πρέπουσαν
978 531 1223 599 συνάγων
1253 531 1476 601 είρήνην
1494 546 1509 596 ;
1529 521 1696 591 Οὗτος
1718 526 1848 596 γὰρ,

269 623 349 686 ὡς
374 621 700 690 πιστεύομεν
722 660 738 684 ,
772 621 868 674 καὶ
915 619 1010 672 τοῦ
1067 619 1425 690 παρελθόντος
1466 615 1713 671 ἐνιαυτοῦ
1751 614 1852 685 τὴν

275 711 614 782 βαρϐαρικὴν
647 711 815 780 ζάλην
845 710 1090 781 ἐκοίμισε
1115 749 1130 774 ,
1175 711 1269 764 καὶ
1307 711 1400 765 τὸν
1449 709 1696 781 φρικώδη
1739 708 1850 762 τῶν

273 806 479 877 ἀγρίων
509 801 730 856 Σκυθῶν
755 801 948 870 ἔστησε
975 802 1232 869 πόλεμονζ
1244 802 1413 854 δεινὸν
1438 803 1620 864 αὐτοῖς
1646 799 1852 854 ἐπισεί-

276 913 375 960 σας
410 896 504 948 καὶ
545 892 774 963 φοϐερὸν
821 893 924 963 ήδη
959 893 1309 963 βλεπομένοις
1338 893 1433 946 καὶ
1467 892 1848 962 πλησιάσασιν,

272 988 334 1040 οὐ
363 987 561 1057 κράνος
582 983 860 1056 τρίλοφον,
894 983 1014 1036 οὐδὲ
1057 983 1210 1051 ξίφος
1255 977 1314 1036 εὖ
1349 981 1709 1052 τεθηγμένον,
1758 980 1851 1033 καὶ

275 1077 410 1148 πρὸς
435 1077 524 1130 τὸν
557 1074 706 1144 ἥλιον
734 1073 1055 1126 ἀποστίλϐον
1076 1111 1091 1135 ,
1123 1073 1258 1125 ἀλλὰ
1292 1073 1382 1126 τὸν
1407 1073 1730 1138 ἀλεξίκακον
1758 1071 1851 1125 καὶ

271 1165 680 1235 παντοδύναμον
714 1163 944 1234 σταυρὸν
973 1162 1066 1215 τοῦ
1095 1161 1354 1233 Χριστοῦ.
1380 1162 1522 1232 ὑπὲρ
1547 1155 1607 1216 οῦ
1637 1161 1732 1214 καὶ
1760 1160 1851 1213 αύ-

270 1258 363 1321 τδς
387 1256 592 1322 παθὼν,
623 1255 720 1325 τὴν
749 1253 905 1318 δόξαν
934 1253 1137 1324 ταύτην
1163 1255 1451 1324 ἐκτήσατο.
1493 1253 1602 1306 Καί
1635 1270 1724 1324 μοι
1748 1253 1852 1307 λοι-

269 1348 374 1402 πὸν
405 1347 497 1400 τὸν
525 1345 650 1399 νοῦν
688 1345 1078 1415 ἐπιστήσαντες
1102 1345 1463 1415 διασκέψασθε
1489 1386 1502 1412 ,
1535 1348 1584 1400 oi
1620 1347 1720 1416 τῆς
1747 1365 1850 1402 κα-

268 1437 444 1508 θαρᾶς
460 1435 664 1504 ταύτης
693 1434 987 1506 θρησκείας
1013 1435 1281 1505 ὑπηρέται
1306 1437 1398 1488 καὶ
1426 1436 1846 1509 φιλομάρτυρές,

269 1527 455 1598 ήλίκον
481 1528 672 1598 χρῆμα
698 1527 935 1591 δίκαιος,
969 1526 1064 1580 κα)⁵
1101 1528 1241 1582 ὅσων
1273 1528 1517 1595 ἀξιοῦται
1549 1529 1658 1583 τῶν
1691 1531 1847 1600 ἀμοιο

273 1617 392 1670 ϐῶν
420 1616 566 1686 (τῶν
603 1617 913 1687 ἐγκοσμίων
947 1633 1027 1682 τε,
1056 1615 1218 1685 λέγω,
1248 1618 1342 1672 καὶ
1367 1618 1476 1671 τῶν
1506 1621 1636 1689 παρ’
1677 1622 1809 1690 ἡμῖν
1831 1635 1845 1650 ·

1958 445 2168 491 centem
2212 450 2401 504 pacem
2444 437 2690 505 cogens?
2721 435 2827 490 llic
2883 437 3050 500 enim,
3104 444 3166 490 ut
3225 437 3527 502 credimus,

1956 527 2120 583 etiam
2151 540 2297 580 anno
2339 527 2614 595 praeterito
2638 527 2981 582 barbaricam
3020 536 3394 598 tempestatem
3442 543 3532 584 se-

1957 618 2127 682 davit,
2142 626 2198 672 et
2219 617 2552 672 horrendum
2569 617 2810 673 ferorum
2839 627 2893 673 et
2931 620 3246 673 immanium
3295 618 3528 690 Scytha-

1957 725 2078 764 rum
2133 709 2337 764 bellum
2399 709 2634 763 inhibuit
2674 718 2838 779 atque
2888 711 3171 779 repressit,
3231 711 3530 767 terribilem

1957 810 2122 872 atque
2158 800 2555 855 formidabilem
2623 800 2731 856 illis
2784 801 2897 870 jam
2934 802 3070 857 visis
3124 809 3178 856 et
3234 803 3531 872 appmpin-

1957 889 2254 962 quantibus
2283 888 2581 944 obvibrans
2615 904 2722 944 non
2772 891 2982 960 galeam
3022 890 3186 944 trinis
3223 892 3412 946 cristis
3477 897 3532 946 et

1957 983 2112 1038 conis
2140 981 2432 1047 insignem,
2471 995 2648 1050 neque
2678 980 2918 1050 gladium
2946 980 3083 1034 bene
3111 988 3330 1035 acutum
3361 989 3417 1036 et
3463 981 3531 1034 ad

1956 1074 2127 1128 solem
2156 1071 2619 1140 resplendentem,
2651 1071 2745 1126 sed
2783 1071 3051 1124 malorum
3076 1072 3531 1141 propulsatricem

1955 1174 2010 1221 et
2036 1164 2467 1232 omnipotentem
2499 1176 2718 1216 crucem
2748 1162 2975 1225 Christi,
3005 1178 3104 1232 pro
3151 1178 3258 1231 qua
3303 1175 3357 1217 et
3418 1168 3534 1232 ipse

1957 1263 2187 1308 mortem
2253 1267 2551 1322 perpessus
2603 1252 2746 1306 hanc
2798 1252 3028 1322 gloriam
3077 1253 3388 1322 acquisivit.
3453 1255 3534 1306 Ac

1955 1345 2089 1399 mihi
2111 1344 2372 1414 deinceps
2403 1345 2648 1398 animum
2680 1343 3023 1399 attendentes
3055 1343 3533 1413 considerate.qui

1957 1435 2122 1504 hujus
2152 1435 2278 1504 puri
2339 1434 2522 1490 cultus
2551 1434 2789 1488 ministri
2824 1448 2890 1488 ac
2933 1441 3242 1505 martyrum
3300 1434 3534 1490 studiosi

1956 1526 2113 1588 estis,
2145 1533 2348 1596 quanta
2387 1541 2474 1580 res
2502 1525 2576 1579 sit
2598 1525 2802 1593 justus,
2835 1540 3111 1596 quamque
3160 1526 3360 1579 multas
3401 1540 3532 1580 con-

1958 1624 2217 1687 sequatur
2251 1615 2722 1670 remunerationes
2767 1615 2857 1684 (de
2898 1617 2968 1670 iis
2997 1617 3192 1686 loquor
3214 1631 3536 1670 remunera-

269 1707 383 1760 τῶν
411 1707 519 1777 γὰρ
551 1707 796 1775 ἀοράτων
832 1708 1007 1772 οὐδεὶς
1065 1709 1246 1772 ἱκανὸς
1279 1708 1593 1778 λογίσασθαι
1630 1710 1730 1779 τὴν
1762 1727 1857 1781 με-

1959 1708 2220 1770 tionibus,
2250 1721 2372 1776 quae
2404 1706 2460 1759 in
2486 1705 2713 1769 mundo,
2740 1712 2795 1759 et
2823 1705 2966 1773 apud
3018 1721 3120 1760 nos
3163 1713 3529 1775 praestantur:

271 1794 709 1867 γαλοπρέπειαν)
737 1811 751 1824 ⁸
787 1797 882 1850 καὶ
924 1796 1253 1867 διορίσαντες
1293 1797 1384 1851 τὸν
1424 1798 1526 1868 τῆς
1572 1798 1852 1864 εὐσεϐείας

268 1887 504 1960 καρπὸν,
532 1886 807 1956 ζηλώσατε
833 1887 940 1940 τῶν
970 1886 1114 1940 οὓτω
1141 1887 1570 1958 προτιμωμένων
1592 1889 1690 1960 τὴν
1714 1889 1855 1958 γνώ-

272 1997 406 2050 μην.
448 1977 852 2050 Ἐπιθυμήσατε
899 1977 956 2031 δὲ
991 1977 1101 2031 τῶν
1145 1977 1322 2048 γερῶν
1356 1977 1392 2032 ἀ
1434 1980 1666 2050 Χριστὸς
1717 1980 1854 2050 πρὸς

270 2070 430 2134 ἀξίαν
449 2068 689 2138 διανέμει
709 2071 821 2131 τοῖς
850 2068 1129 2138 ἀθληταῖς.
1164 2069 1273 2122 Καὶ
1291 2069 1450 2134 τέως,
1483 2071 1532 2122 εἰ
1555 2070 1720 2136 δοκεῖ,
1753 2071 1854 2140 τῆς

272 2160 623 2222 ἀπολαύσεως
645 2159 754 2212 τῶν
776 2158 1074 2229 μελλόντων
1103 2159 1322 2228 ἀγαθῶν
1358 2160 1756 2232 σχολαζούσης,
1788 2161 1854 2232 ἢν

272 2253 432 2316 ἐλπὶς
468 2251 648 2322 ἀγαθὴ
693 2251 1016 2321 ταμιεύεται
1063 2253 1176 2316 τοῖς
1227 2252 1492 2320 δικαίοις,
1534 2253 1692 2323 ἡνίκα
1725 2254 1792 2306 ἂν
1827 2254 1854 2305 ὁ

271 2341 385 2394 τῶν
420 2340 703 2412 ἡμετέρων
746 2339 874 2409 βίων
903 2339 1159 2411 δικαστὴς
1191 2343 1513 2413 ἐπιφοιτήση
1540 2381 1556 2406 ,
1586 2342 1684 2414 τὴν
1713 2359 1855 2406 παρ-

272 2432 440 2486 οῦσαν
478 2432 673 2502 ἴδωμεν
697 2432 807 2484 τῶν
834 2431 1005 2500 ἁγίων
1029 2433 1380 2498 κατάστασιν,
1415 2433 1562 2496 ὅπως
1595 2433 1854 2504 καλλίστη

273 2521 394 2574 ἐστὶ
427 2520 520 2573 καὶ
575 2519 1018 2590 μεγαλοπρεπής.
1044 2518 1206 2589 Ψυχὴ
1259 2520 1357 2590 μὲν
1413 2521 1516 2591 γάρ
1561 2521 1856 2574 ἀνελθοῦσα

275 2611 409 2683 περὶ
442 2611 533 2663 τὸν
589 2609 718 2664 ἴδιον
759 2608 958 2680 κλῆρον
992 2610 1358 2682 ἐμφιλοχωρεῖ
1381 2653 1396 2678 ,
1433 2613 1526 2664 καὶ
1551 2613 1856 2682 ἀσωμάτως

274 2705 389 2766 τοῖς
415 2702 620 2774 ὁμοίοις
679 2701 1077 2754 συνδιαιτᾶταιο
1111 2702 1270 2773 σῶμα
1303 2703 1360 2756 δὲ
1413 2703 1474 2756 τὸ
1517 2704 1713 2774 σεμνὸν
1762 2704 1856 2756 καὶ

273 2793 605 2864 ἀκηλίδωτον
628 2792 842 2863 ἐκείνης
868 2793 1098 2864 ὄργανον
1116 2833 1132 2857 ,
1165 2793 1400 2865 οὐδαμοῦ
1425 2797 1534 2857 τοῖς
1570 2795 1719 2858 ἰδίοις
1751 2795 1856 2848 πά·-

276 2883 397 2935 θεσι
439 2881 645 2953 βλάψαν
676 2882 776 2951 τῆς
810 2883 1169 2954 ἐνοικησάσης
1201 2883 1300 2955 τὴν
1337 2884 1674 2956 ἀφθαρσίαν,
1715 2885 1855 2955 μετά

274 2973 479 3043 πολλῆς
516 2974 685 3044 τιμῆς
729 2974 826 3028 καὶ
865 2974 1158 3047 θεραπείας
1186 2977 1526 3047 περισταλέν,
1553 2978 1766 3047 σεμνῶς
1795 2978 1852 3032 ἐν

1953 1813 2081 1853 nam
2115 1812 2326 1862 earum,
2369 1811 2491 1866 quae
2540 1797 2721 1850 visum
2772 1794 3064 1864 effugiunt,
3117 1797 3536 1867 magnificentiae

1955 1904 2115 1946 nemo
2145 1889 2281 1946 satis
2311 1887 2543 1943 idoneus
2575 1885 2880 1941 aestimator
2900 1895 3030 1956 est),
3065 1895 3122 1941 et
3141 1888 3363 1957 cognito
3415 1888 3535 1957 pie-

1955 1982 2322 2045 tatis‘fructu,
2355 1979 2650 2034 imitamini
2697 1978 3018 2041 consilium,
3075 1989 3130 2032 et
3173 1982 3409 2049 aspirate
3462 1979 3532 2034 ad

1955 2077 2198 2129 animum
2232 2081 2289 2139 et
2317 2073 2658 2126 voluntatem
2694 2085 2910 2134 eorum,
2945 2071 3040 2140 qui
3067 2071 3141 2124 ita
3170 2086 3277 2140 pne
3319 2071 3535 2129 caeteris

1955 2167 2322 2225 honorantur,
2353 2171 2518 2232 atque
2545 2161 2924 2230 concupiscite
2951 2168 3006 2216 et
3031 2160 3283 2217 affectate
3315 2177 3378 2217 ea
3396 2177 3535 2233 prm-

1956 2261 2085 2322 mia,
2119 2275 2242 2328 qua:
2281 2257 2538 2312 Christus
2599 2255 2824 2310 athletis
2854 2269 2955 2324 pro
3008 2255 3209 2309 merito
3266 2256 3536 2324 cujusque

1954 2350 2258 2407 distribuit.
2290 2351 2467 2418 Atque
2501 2349 2554 2402 in
2589 2345 2879 2416 praesentia
2929 2345 2976 2400 si
3025 2347 3221 2415 placet,
3283 2354 3535 2402 cessante

1959 2441 2274 2495 futurorum
2301 2440 2570 2493 bonorum
2604 2436 2806 2504 fructu,
2841 2451 3002 2506 quem
3038 2437 3181 2490 bona
3213 2452 3338 2506 spes
3367 2436 3536 2506 justis

1954 2532 2010 2586 in
2041 2531 2176 2585 illud
2208 2530 2387 2599 rejicit
2417 2537 2663 2599 tempus,
2693 2543 2803 2597 quo
2856 2543 3040 2582 rerum
3077 2528 3134 2582 in
3167 2530 3277 2583 vita
3342 2538 3535 2584 nostra

1955 2631 2199 2677 actarum
2239 2621 2408 2690 judex
2467 2619 2783 2674 advenerit:
2845 2629 3167 2688 praesentem
3217 2627 3534 2675 sanctorum

1955 2717 2157 2766 statum
2215 2708 2595 2778 inspiciamus,
2645 2721 2808 2776 quam
2851 2707 3147 2776 praeclarus
3185 2708 3537 2778 magniﬁcus-

1953 2816 2062 2870 que
2095 2800 2186 2855 sit.
2217 2798 2352 2852 Nam
2385 2799 2564 2851 anima
2595 2797 2815 2866 quidem
2853 2813 2919 2851 ex
2946 2813 3057 2866 quo
3083 2797 3338 2852 sublimis
3376 2799 3532 2864 abiit,

1954 2892 2008 2944 in
2049 2905 2150 2945 suo
2176 2892 2298 2945 loco
2326 2889 2653 2960 acquiescit,
2687 2896 2742 2942 et
2769 2903 3000 2957 corpore
3055 2891 3236 2943 soluta
3291 2905 3415 2943 cum
3449 2891 3533 2945 sui

1954 2979 2227 3035 similibus
2271 2994 2378 3032 una
2406 2978 2573 3043 vivit;
2634 2992 2836 3046 corpus
2882 2992 3014 3032 vero
3060 2979 3428 3032 venerandum
3481 2987 3538 3034 et

278 3067 415 3138 ἱερῷ
458 3068 604 3140 τόπῳ
635 3069 976 3135 κατάκειται,
1007 3068 1196 3140 ὥσπερ
1236 3087 1288 3123 τι
1322 3069 1600 3141 κειμήλιον
1633 3070 1853 3125 πολυτί-

1959 3070 2365 3125 immaculatum
2398 3070 2547 3125 illius
2573 3069 3024 3132 instrumentum,
3057 3069 3202 3138 quod
3240 3070 3356 3126 suis
3389 3071 3537 3128 vitiis

279 3176 453 3231 μητον
482 3159 559 3229 τῷ
587 3159 761 3232 καιρῷ
782 3161 879 3231 τῆς
900 3160 1317 3230 παλιγγενεσίας
1342 3161 1695 3232 τηρούμενον,
1721 3163 1854 3217 πολὺ
1887 3141 1903 3156 ’

276 3253 342 3304 τὸ
381 3251 708 3324 ἀσύγκριτον
737 3253 858 3324 ἕχον
891 3253 1026 3323 πρὸς
1064 3253 1132 3306 τὰ
1167 3253 1303 3308 ἄλλα
1340 3253 1448 3308 τῶν
1479 3254 1746 3323 σωμάτων
1777 3292 1794 3318 ,
1821 3254 1858 3308 ἃ

277 3343 444 3412 κοινῷ
486 3345 581 3397 καὶ
608 3343 687 3414 τῷ
718 3344 934 3415 τυχόντι
956 3344 1174 3415 διελύθη
1211 3343 1455 3415 θανάτῳ,
1486 3345 1580 3398 καὶ
1608 3344 1777 3398 ταῦτα
1800 3347 1858 3400 ἐν

276 3435 443 3506 ὁμοίᾳ
479 3433 580 3506 ὕλῃ
610 3434 711 3503 τῆς
745 3433 976 3504 φύσεως.
1009 3434 1090 3488 Τὰ
1122 3435 1219 3506 μὲν
1247 3434 1356 3506 γὰρ
1381 3435 1515 3488 ἀλλα
1541 3436 1648 3490 τῶν
1674 3437 1862 3507 λειψά-

279 3542 411 3588 νων,
435 3524 527 3578 καὶ
549 3524 809 3595 βδελυκτά
829 3528 941 3587 τοῖς
973 3525 1186 3588 πολλοῖς
1211 3526 1346 3590 ἐστι,
1369 3526 1462 3579 καὶ
1491 3526 1664 3589 οὐδεὶς
1689 3527 1860 3598 ἡδέως

281 3615 616 3687 παρέρχεται
650 3615 836 3683 τάφον,
870 3616 904 3686 ἦ
930 3616 1025 3669 καὶ
1056 3616 1317 3686 ἀνεῳγότι
1345 3615 1523 3686 τυχὼν
1549 3617 1610 3669 ἐκ
1631 3617 1725 3670 τοῦ
1751 3635 1856 3671 πα-

284 3707 506 3778 ραδόξου
531 3745 546 3772 ,
577 3705 849 3759 ἐπιϐαλὼν
881 3708 936 3759 δέ
969 3707 1068 3777 τὴν
1091 3705 1214 3775 ὄψιν
1244 3709 1310 3778 τῇ
1347 3706 1593 3778 ἀμορφία
1635 3706 1742 3760 τῶν
1769 3709 1860 3774 ἐγ-

282 3801 574 3870 κειμένων,
600 3799 780 3870 πάσης
807 3799 996 3870 ἀηδίας
1027 3799 1354 3870 πληρωθεὶς,
1379 3799 1477 3854 καὶ
1503 3798 1673 3871 βαρέα
1693 3816 1860 3852 κατα-

283 3889 542 3954 στενάξας
570 3893 671 3960 τῆς
716 3889 1132 3960 ἁνθρωπότητος
1185 3890 1539 3961 παρατρέχει.
1583 3889 1780 3944 Ἐλθὼν
1805 3890 1862 3942 δὲ

282 3979 363 4041 εἴς
392 3996 444 4032 τι
473 3980 670 4050 χωρίον
697 3981 880 4050 ὅμοιον
912 3979 1105 4049 τούτῳ,
1135 3978 1261 4033 ἔνθα
1289 3981 1527 4052 σήμερον
1548 3980 1576 4032 ό
1600 3980 1865 4050 ἡμέτερος

284 4067 570 4134 σύλλογος,
604 4068 737 4120 ὅπου
793 4066 980 4138 μνήμη
1027 4065 1235 4119 δικαίου
1271 4065 1365 4118 καὶ
1398 4064 1552 4135 ἆγιον
1594 4064 1862 4133 λείψανονο

283 4157 503 4229 πρῶτον
527 4157 627 4227 μὲν
665 4158 730 4228 τῇ
763 4154 1210 4228 μεγαλοπρεπείᾳ
1248 4153 1357 4209 τῶν
1405 4154 1697 4225 ὁρωμένων
1729 4152 1865 4224 ψυχ-

282 4251 581 4316 αγωγεῖται
600 4289 615 4315 ,
639 4243 786 4302 οἶκον
821 4247 1032 4318 βλέπων
1055 4246 1133 4318 ὡς
1158 4245 1292 4300 Θεοῦ
1319 4245 1466 4311 ναὸν,
1499 4245 1866 4316 ἐξησκημένον

283 4314 558 4413 λαμπρῶς
600 4341 678 4411 τῷ
726 4314 944 4412 μεγέθει
985 4343 1085 4412 τῆς
1105 4314 1456 4410 Αοίκοδομῆς,
1497 4314 1593 4392 καί
1643 4314 1721 4410 τῶ
1767 4341 1866 4411 τῆς

285 4435 702 4502 ἐπικοσμήσεως
755 4432 979 4499 κάλλει,
1033 4431 1161 4485 ἐνθα
1215 4431 1310 4484 καὶ
1345 4430 1553 4484 τέκτων
1600 4433 1678 4493 είς
1711 4430 1863 4495 ζώων

284 4523 586 4593 φαντασίαν
630 4523 691 4577 τὸ
722 4523 876 4588 ξύλον
915 4523 1224 4595 ἐμόρφωσε,
1263 4521 1358 4576 καὶ
1396 4521 1630 4587 λιθοξόος
1659 4523 1737 4586 είς
1766 4522 1868 4592 ἀρ-

284 4616 454 4688 γύρου
477 4615 727 4686 λειότητα
761 4615 860 4678 τὰς
890 4615 1103 4678 πλάκας
1149 4612 1430 4680 ἀπέξεσεν.
1465 4611 1772 4683 Ἐπέχρωσε
1811 4610 1866 4662 δέ

285 4709 379 4762 καὶ
407 4707 692 4778 ζωγράφος
721 4706 791 4760 τὰ
819 4707 954 4778 ἄνθη
985 4707 1086 4777 τῆς
1121 4706 1314 4777 τέχνης
1347 4707 1407 4760 ἐν
1441 4706 1609 4759 εἰκόνι
1644 4705 1867 4774 διαγρα-

283 4800 525 4869 ψάμενος
549 4838 563 4860 ,
589 4797 688 4860 τὰς
723 4796 1002 4868 ἀριστείας
1047 4796 1140 4850 τοῦ
1177 4796 1482 4868 μάρτυρος,
1528 4795 1623 4857 τὰς
1676 4793 1865 4847 ἐνστά-

285 4908 430 4955 σεις,
485 4889 582 4954 τάς
618 4889 917 4959 ἀλγηδόνας
939 4926 956 4953 ,
989 4889 1086 4951 τὰς
1119 4888 1402 4958 θηριώδεις
1442 4887 1548 4940 τῶν
1593 4887 1867 4957 τυράννων

286 4982 502 5053 μορφὰς
528 5019 543 5046 ,
571 4980 670 5044 τὰς
697 4979 959 5050 ἐπηρείας
977 5017 994 5044 ,
1030 4978 1129 5052 τὴν
1151 4979 1512 5050 φλογοτρόφον
1538 4979 1750 5050 ἐκείνην
1776 4979 1864 5033 κά·

287 5091 442 5144 μινον
468 5112 483 5137 ,
537 5073 638 5144 τὴν
693 5071 1118 5144 μακαριωτάτην
1167 5069 1442 5123 τελείωσιν
1480 5070 1572 5124 τοῦ
1608 5070 1862 5142 ἀθλητοῦ,

281 5165 381 5218 τοῦ
409 5163 742 5233 ἀγωνοθέτου
765 5162 1002 5235 Χριστοῦ
1029 5163 1129 5232 τῆς
1163 5161 1508 5232 ἀνθρωπίνης
1551 5163 1765 5234 μορφῆς
1802 5163 1862 5216 τὸ

280 5256 591 5327 ἐκτύπωμα
613 5296 629 5322 ,
665 5256 841 5310 πάντα
873 5257 904 5326 ἡ
915 5253 1030 5326 μῶν
1061 5253 1134 5317 ὡς
1167 5253 1223 5305 ἐν
1271 5252 1459 5323 βιϐλίῳ
1498 5254 1602 5306 τινί
1627 5253 1861 5322 γλωττο-

282 5348 438 5420 φόρῳ
469 5347 556 5400 διὰ
584 5349 888 5419 χρωμάτων
921 5339 1462 5416 τεχνουργησάμενος
1491 5382 1504 5406 ,
1539 5345 1724 5412 σαφῶς
1778 5346 1857 5398 δι-

277 5440 556 5512 ηγόρευσε
577 5440 701 5502 τοὺς
725 5439 938 5508 ἀγῶνας
959 5436 1051 5490 τοῦ
1083 5436 1376 5506 μάρτυρος,
1402 5435 1494 5487 καὶ
1522 5435 1596 5498 ὡς
1619 5435 1859 5506 λειμῶνα

278 5529 538 5602 λαμπρὸν
562 5529 652 5582 τὸν
681 5529 814 5582 νεὼν
847 5527 1206 5598 κατηγλάϊσεν
1229 5542 1244 5556 ο
1286 5521 1392 5578 οἶδε
1421 5527 1528 5595 γὰρ
1563 5527 1655 5580 καὶ
1678 5529 1862 5600 γραφὴ

283 5622 551 5677 σιωπῶσα
584 5620 641 5672 ἐν
667 5619 830 5689 τοίχῳ
855 5621 1032 5674 λαλεῖν
1057 5660 1073 5690 ,
1107 5618 1200 5676 καὶ
1236 5619 1304 5672 τὰ
1337 5617 1569 5688 μέγιστα
1599 5619 1857 5688 ὠφελεῖν’

1956 3171 2010 3217 et
2039 3161 2324 3217 affectibus
2355 3161 2504 3216 illius
2548 3160 2910 3216 inhabitantis
2965 3161 3536 3230 incorruptibilitatem

1959 3269 2066 3309 non
2099 3254 2258 3317 laesit,
2297 3269 2424 3308 cum
2457 3254 2634 3308 multo
2657 3253 2870 3309 honore
2897 3259 2952 3309 et
2988 3253 3142 3308 cultu
3174 3254 3536 3323 compositum

1959 3353 2124 3415 atque
2157 3351 2411 3399 ornatum
2442 3344 2497 3398 in
2529 3352 2765 3415 augusto
2793 3359 3062 3414 sacroque
3089 3345 3210 3400 loco
3236 3346 3398 3402 situm
3422 3355 3537 3402 est:

1957 3434 2105 3505 quod
2142 3434 2308 3489 veluti
2362 3450 2452 3489 res
2501 3435 2670 3488 chara
2716 3435 3009 3504 magnique
3046 3435 3315 3490 aestimata
3375 3443 3540 3504 atque

1959 3527 2243 3582 recondita
2269 3527 2324 3580 in
2344 3535 2560 3596 tempus
2588 3528 3020 3597 regenerationis
3038 3535 3373 3590 reservatur,
3396 3527 3540 3581 mul-

1960 3620 2034 3673 tis
2066 3617 2440 3687 singularibus
2470 3625 2525 3670 et
2559 3616 2778 3670 eximiis
2805 3617 2968 3671 rebus
2992 3618 3294 3685 praeditum,
3317 3625 3542 3688 propter

1959 3723 2102 3778 quas
2133 3708 2198 3760 ad
2244 3706 2351 3759 alia
2401 3721 2654 3775 corpora,
2699 3720 2821 3774 qua:
2877 3707 3153 3760 communi
3209 3722 3271 3761 ac
3329 3707 3540 3778 vulgari

1962 3806 2140 3852 morte
2177 3797 2448 3852 dissoluta
2476 3806 2626 3861 sunt,
2655 3811 2723 3852 ne
2748 3796 3174 3865 comparandum
3199 3796 3418 3866 quidem
3433 3806 3539 3861 est,

1963 3889 2128 3958 idque
2147 3889 2205 3942 in
2239 3888 2406 3943 simili
2426 3888 2657 3943 materia
2684 3895 2914 3942 natura}.
2939 3885 3075 3941 Nam
3094 3895 3304 3942 caetera:
3321 3887 3540 3956 quidem

1962 3980 2212 4050 reliquiae
2269 3979 2435 4034 etiam
2489 3979 2894 4034 abominabiles
2925 3980 3202 4050 plerisque
3248 3991 3413 4045 sunt;
3477 3994 3544 4034 ac

1964 4086 2125 4127 nemo
2158 4070 2429 4125 lubenter
2456 4071 2768 4139 sepulcrum
2821 4071 3088 4141 praeterit,
3121 4079 3217 4125 aut
3266 4071 3312 4126 si
3351 4087 3416 4125 ex
3460 4071 3543 4125 in-

1965 4163 2189 4233 opinato
2248 4168 2497 4230 apertum
2557 4161 2818 4224 ostendit,
2883 4161 3230 4218 deformitate
3281 4163 3542 4218 nimirum

1964 4267 2153 4307 earum
2188 4265 2373 4304 rerum
2431 4265 2554 4320 quae
2603 4250 2740 4305 inibi
2791 4251 3000 4320 jacent,
3055 4251 3246 4308 faciem
3291 4253 3544 4321 Operiens

1967 4340 2117 4396 omni
2175 4339 2576 4409 injucunditate
2613 4341 2880 4410 repletus,
2925 4347 2981 4396 et
3027 4340 3283 4395 humanae
3335 4348 3544 4394 naturae

1965 4431 2265 4489 conditioni
2295 4431 2534 4502 graviter
2567 4431 2934 4502 ingemiscens
2967 4431 3360 4502 praetercurrit.
3388 4430 3544 4497 Quod

1967 4527 2014 4582 si
2051 4523 2259 4581 venerit
2283 4523 2350 4578 ad
2380 4523 2619 4594 aliquem
2652 4523 2833 4578 locum
2865 4523 3096 4578 similem
3124 4521 3272 4586 huic,
3301 4521 3394 4576 ubi
3444 4521 3543 4576 ho-

1967 4617 2056 4671 die
2088 4621 2276 4671 noster
2303 4621 2605 4670 conventus
2641 4613 2895 4670 habetur.
2923 4611 3014 4667 ubi
3063 4609 3329 4666 memoria
3378 4610 3543 4678 justi,

1967 4718 2279 4777 sanctasque
2307 4707 2552 4776 reliquie:
2582 4715 2710 4762 sunt
2755 4723 2768 4759 :
2808 4705 3048 4773 primum
3086 4701 3307 4772 quidem
3353 4716 3542 4756 earum

1968 4815 2148 4854 rerum
2181 4798 2607 4869 magnificentia,
2656 4811 2798 4865 quas
2828 4795 2996 4858 videt,
3032 4796 3360 4858 oblectatur,
3415 4795 3542 4848 dum

1964 4891 2133 4944 aedem
2173 4896 2232 4942 ut
2274 4887 2538 4956 templum
2575 4886 2669 4940 Dei
2715 4895 2768 4941 et
2801 4885 3180 4954 magnitudine
3230 4892 3543 4948 structurae,

1964 4989 2018 5036 et
2069 4978 2269 5050 adjecti
2331 4988 2558 5032 ornatus
2609 4977 2809 5032 decore
2867 4975 3150 5046 splendide
3206 4975 3544 5029 elaboratum

1967 5071 2228 5134 intuetur,
2262 5068 2352 5122 ubi
2389 5075 2444 5120 et
2477 5065 2631 5122 faber
2657 5067 2714 5122 in
2742 5067 3060 5122 animalium
3087 5065 3314 5135 figuram
3341 5064 3545 5134 lignum

1972 5161 2246 5224 fovmavit,
2269 5167 2324 5213 et
2353 5158 2590 5214 latemus
2623 5158 2692 5213 ad
2735 5159 2944 5230 argenti
2995 5156 3271 5212 levitatem
3329 5163 3545 5210 crustas

1966 5251 2207 5320 lapideas
2264 5247 2550 5317 expolivit.
2605 5248 2824 5302 lnduxit
2897 5254 3076 5301 autem
3134 5244 3298 5298 etiam
3374 5243 3544 5313 pictor

1967 5345 2129 5397 flores
2163 5340 2300 5395 artis
2347 5342 2400 5394 in
2452 5341 2686 5412 imagine
2717 5341 2984 5410 depictos,
3019 5337 3181 5393 fortia
3230 5335 3372 5392 facta
3406 5350 3544 5389 mar-

1968 5437 2126 5507 tyris,
2164 5433 2581 5504 repugnantias,
2635 5434 2937 5493 cruciatus,
2974 5430 3226 5484 efferatas
3253 5435 3307 5481 et
3355 5428 3546 5484 imma-

1970 5543 2065 5583 nes
2112 5533 2472 5596 tyrannorum
2510 5524 2738 5589 formas,
2779 5525 3013 5592 impetus
3065 5519 3360 5585 violentos,
3397 5518 3541 5572 flam-

1971 5629 2150 5670 meum
2195 5612 2348 5667 illum
2408 5612 2711 5679 fornacem,
2768 5611 3144 5668 beatissimam
3202 5621 3547 5663 consumma-
