4050 6164
493 211 600 269 759
1759 202 1814 257 S.
1854 199 2180 257 GREGORII
2221 199 2514 259 NYSSENI
3654 205 3763 260 740

499 331 703 385 tionem
729 328 963 391 athletm,
997 326 1355 382 certaminum
1407 322 1658 395 praesidis
1701 323 1905 380 Christi
1967 325 2104 389 hu-q

2207 325 2272 378 :al.
2292 325 2320 378 ό
2356 325 2467 379 τῶν
2491 325 2740 401 ψηφίδων
2776 327 3038 398 συνθέτης
3061 369 3076 395 ,
3107 328 3345 400 ἱστορίας
3368 327 3516 393 ἄξιον
3535 327 3766 398 ἐποίησε

500 437 676 476 manas
709 422 896 476 formae
923 420 1177 490 elligiem,
1209 419 1394 474 omnia
1422 417 1584 472 nobis
1614 427 1874 486 tanquam
1898 417 1954 472 in
2009 416 2076 470 li-

2207 415 2242 468 re
2275 417 2616 488 πατούμενον
2648 420 2861 488 ἔδαφος.

500 517 602 571 bro
624 515 879 585 quodam,
937 513 1030 582 qui
1091 513 1400 584 linguarum
1464 511 1948 580 interpretationes
1997 507 2300 573 contineat,
2382 511 2662 566 coloribus
2713 511 3012 568 artiﬁciose
3062 511 3384 583 depingens,
3459 511 3770 565 certamina

500 615 662 674 atque
713 604 926 658 labores
955 604 1212 673 martyris
1259 602 1418 658 nobis
1444 602 1740 673 expressit,
1768 589 2118 670 ac'tanquam
2159 611 2374 669 pratum
2424 615 2705 656 amoenum
2760 611 2814 656 et
2846 601 3099 658 ﬂoridum
3141 603 3402 672 templum
3441 601 3767 665 exornavit;

501 701 639 754 solet
662 697 806 751 enim
846 697 1008 750 etiam
1050 697 1261 766 pictura
1294 705 1481 751 tacens
1530 697 1584 752 in
1632 695 1841 766 pariete
1893 695 2066 763 loqui,
2107 694 2455 765 maximeque
2475 696 2776 767 prodesse;
2839 698 3154 768 lapillorum
3201 698 3331 752 item
3399 697 3772 752 concinnatur

501 790 744 844 historiae
774 804 872 859 par
899 804 1036 859 opus
1063 789 1118 842 in
1147 787 1478 858 pavimento,
1515 787 1659 856 quod
1686 786 1914 857 pedibus
1955 785 2220 848 calcatur,
2249 785 2447 840 eﬂ‘ecit.
2809 784 2822 791 ’

574 881 670 936 llis
689 881 867 949 .igitur
908 889 1024 934 arte
1055 880 1350 935 elaboratis
1409 879 1668 948 operibus
1723 893 1845 948 quae
1893 875 2083 930 sensui

502 973 746 1042 exposita
779 979 927 1034 sunt,
958 970 1050 1024 ubi
1079 969 1270 1023 oculos
1299 967 1614 1030 oblectavit,
1643 967 1796 1036 cupit
1823 965 2084 1032 deinceps

503 1065 670 1120 etiam
699 1061 802 1130 ipsi
839 1059 1146 1115 conditorio
1179 1057 1636 1127 appropinquare,
1688 1053 2082 1110 sanctiﬁcatio-

507 1173 630 1212 nem
712 1171 776 1208 ac
864 1151 1330 1213 benedictionem,
1409 1147 1897 1203 contrectationem
1962 1145 2083 1213 ejus

505 1263 629 1303 esse
699 1243 948 1299 credens.
1012 1240 1168 1307 Quod
1229 1241 1275 1296 si
1340 1241 1464 1309 quis
1539 1238 1700 1292 etiam
1779 1236 2082 1306 pulverem,

505 1354 616 1410 quo
693 1335 1084 1396 conditorium,
1158 1333 1248 1386 ubi
1327 1329 1587 1401 martyris
1655 1342 1854 1397 corpus
1924 1326 2083 1395 quie-

509 1432 635 1493 scit,
669 1430 906 1483 obsitum
940 1433 1044 1492 est,
1087 1423 1304 1479 auferre
1359 1423 1654 1490 permittat,
1703 1433 1802 1488 pro
1861 1430 2087 1471 munere

509 1520 688 1593 pulvis
718 1519 1006 1588 accipitur,
1032 1532 1096 1571 ac
1129 1524 1382 1583 tanquam
1419 1528 1505 1566 res
1536 1511 1718 1581 magni
1749 1509 1907 1579 pretii
1955 1524 2088 1564 con-

509 1613 686 1666 denda
716 1619 861 1663 terra
908 1607 1201 1676 colligitur.
1257 1601 1392 1655 Nam
1455 1601 1602 1670 ipsas
1643 1599 1909 1668 attingere
1963 1597 2088 1652 reli-

2259 878 2369 930 Καὶ
2400 881 2515 942 τοῖς
2551 880 2828 950 αἰσθητοῖς
2856 878 3000 933 οὕτω
3044 880 3498 950 φιλοτεχνήμασιν
3535 879 3774 933 ἐνευπα-

2189 969 2358 1041 θήσας
2387 972 2486 1042 τὴν
2512 971 2655 1040 ὄψιν,
2687 972 2943 1042 ἐπιθυμεῖ
2968 971 3150 1026 λοιπὸν
3178 973 3272 1024 καὶ
3303 971 3439 1041 αὑτῇ
3470 971 3774 1041 πλησιάσαι

2187 1064 2252 1132 τῇ
2303 1061 2478 1134 θήκῃ·
2520 1062 2788 1132 άγιασμὸν
2820 1063 2914 1116 καὶ
2958 1063 3206 1130 εὐλογίαν
3241 1062 3339 1133 τὴν
3379 1061 3593 1132 ἐπαφὴν
3625 1057 3776 1114 εἶναι

2189 1151 2481 1206 πιστεύων.
2511 1153 2573 1205 Εἰ
2613 1152 2670 1205 δὲ
2705 1155 2800 1206 καὶ
2846 1155 2993 1207 κόνιν
3029 1171 3111 1217 τις
3141 1153 3256 1224 δοίη
3301 1153 3484 1224 φέρειν
3519 1154 3616 1222 τὴν
3644 1153 3772 1204 ἐπι-

2189 1242 2447 1312 κειμένην
2487 1245 2554 1314 τῇ
2605 1243 2896 1314 ἐπιφανείᾳ
2927 1242 3027 1314 τῆς
3077 1244 3470 1308 ἀναπαύσεως,
3519 1244 3692 1315 δῶρον
3742 1245 3777 1295 ό

2190 1333 2317 1404 χοῦς
2346 1332 2721 1403 λαμϐάνεται,
2762 1335 2857 1386 καὶ
2899 1333 2975 1398 ὡς
3013 1334 3294 1404 κειμήλιον
3341 1335 3372 1403 ἠ
3403 1335 3474 1402 γῆ
3506 1333 3776 1404 θησαυρί-

2193 1425 2362 1489 ζεται.
2399 1425 2474 1478 Τὸ
2515 1423 2625 1494 γὰρ
2652 1425 2814 1477 αὑτοῦ
2841 1425 2933 1478 τοῦ
2971 1425 3224 1494 λειψάνου
3271 1424 3650 1496 προσάψασθαι
3677 1463 3692 1486 ,
3723 1423 3783 1476 ετ

2194 1515 2326 1568 ποτέ
2366 1533 2450 1579 τις
2487 1515 2743 1584 ἐπιτυχία
2780 1515 3004 1585 τοιαύτη
3038 1515 3313 1585 παράσχοι
3357 1514 3454 1584 τὴν
3501 1514 3777 1578 ἐξουσίαν,

2193 1605 2338 1669 ὅπως
2369 1607 2486 1658 ἐστί
2518 1605 2919 1675 πολυπόθητον,
2961 1606 3052 1659 καὶ
3094 1605 3257 1675 εὐχῆς
3285 1605 3383 1675 τῆς
3411 1605 3672 1658 ἀνωτάτω
3714 1603 3781 1655 τὸ

511 1704 691 1772 quias,
719 1701 764 1754 si
804 1701 1022 1767 quando
1044 1673 1232 1763 aliqua
1263 1691 1538 1759 ejusmodi
1577 1702 1838 1758 prospera
1866 1685 2086 1740 fortuna

2207 1696 2358 1765 ἰῶρον
2386 1736 2400 1758 ,
2436 1697 2612 1749 ἴσασιν
2645 1699 2695 1749 οἱ
2742 1695 3178 1766 πεπειραμένοι,
3224 1695 3324 1748 καὶ
3374 1695 3476 1764 τῆς
3517 1693 3780 1764 τοιαύτης

511 1794 814 1862 contingat,
844 1797 902 1844 ut
931 1789 982 1842 id
1013 1786 1196 1840 facere
1234 1784 1416 1845 liceat,
1449 1795 1609 1850 quam
1650 1779 1700 1833 id
1740 1778 1810 1833 sit
1859 1776 2090 1830 multum

512 1882 934 1941 desiderandum
966 1886 1020 1933 et
1045 1875 1363 1947 Optandum,
1395 1883 1459 1925 ac
1500 1884 1832 1924 summarum
1867 1881 2088 1937 precum

513 1978 735 2038 donum,
757 1973 938 2028 sciunt
955 1968 1185 2038 experti,
1213 1975 1267 2021 et
1285 1965 1404 2034 ejus
1422 1961 1678 2018 desiderii
1707 1966 1986 2028 compotes
2013 1956 2092 2010 l'a-

514 2070 610 2125 cti.
641 2066 808 2132 Quasi
825 2078 1025 2132 corpus
1048 2059 1192 2114 enim
1225 2071 1322 2127 per
1350 2069 1409 2112 se
1437 2054 1626 2108 vivens
1663 2061 1718 2107 et
1760 2048 2090 2119 ﬂorens,qui

516 2162 818 2220 intuentur,
841 2154 1266 2224 amplectuntur,
1288 2146 1490 2208 oculis,
1516 2145 1622 2207 ori,
1643 2144 1892 2205 auribus,
1917 2141 2095 2196 omni-

515 2253 620 2307 bus
637 2262 898 2305 sensuum
919 2243 1299 2299 instrumentis
1337 2235 1680 2296 adhibentes.
1719 2233 1916 2289 deinde
1934 2231 2094 2286 oﬂicii

516 2353 572 2398 et
605 2339 914 2395 affectionis
940 2337 1208 2404 lacryiuas
1235 2329 1480 2399 martyri,
1510 2325 1666 2397 quasi
1706 2325 1915 2393 integer
1950 2328 2096 2378 esset

517 2442 572 2490 et
599 2437 903 2502 appareret,
953 2422 1432 2495 superfundentes,
1489 2427 1550 2472 ut
1588 2431 1686 2486 pro
1739 2415 1872 2484 ipsis
1905 2414 2098 2482 depre-

519 2531 672 2578 cator
703 2517 1024 2580 intercedat,
1066 2514 1340 2584 supplices
1368 2524 1559 2580 preces
1582 2506 1816 2562 ollerunt
1839 2512 2097 2572 tanquam

523 2613 810 2670 satellitem
845 2609 940 2663 Dei
967 2618 1209 2671 orantes,
1242 2603 1403 2674 quasi
1429 2601 1786 2671 accipientem
1818 2596 2098 2651 donacum

525 2705 676 2769 velit,
731 2705 1077 2758 invocantes.
1141 2697 1219 2751 Ex
1275 2696 1361 2751 his
1389 2694 1666 2755 omnibus,
1695 2705 1728 2744 ο
1763 2688 1957 2759 popule
1991 2687 2098 2758 pie,

526 2797 751 2860 discite’,
798 2793 940 2863 quod
981 2793 1213 2861 pretiosa
1257 2803 1321 2842 ac
1357 2787 1616 2841 honorata
1653 2799 1832 2837 coram
1877 2781 2100 2834 Domino

527 2889 594 2942 sit
628 2904 766 2940 mors
800 2895 1102 2939 sanctorum
1132 2882 1264 2950 ejus.
1287 2878 1420 2932 Nam
1441 2893 1607 2931 unum
1638 2875 1854 2944 quidem
1882 2881 1935 2926 et
1959 2871 2102 2926 idem

530 2993 732 3047 corpus
761 2975 1004 3029 omnium
1051 2973 1332 3027 hominum
1364 2977 1468 3033 est,
1497 2983 1561 3021 ex
1597 2981 1702 3019 una
1746 2979 1926 3019 massa
1966 2978 2102 3017 con-

533 3069 719 3124 ﬂatum
758 3085 772 3120 :
802 3081 989 3121 verum
1026 3063 1102 3127 id,
1133 3061 1280 3133 quod
1309 3058 1545 3128 simplici
1577 3066 1753 3111 morte
1775 3056 2100 3110 dissolutum

531 3168 639 3222 est,
671 3165 731 3210 ut
761 3171 849 3210 res
879 3153 1131 3224 qualibet
1157 3151 1282 3206 vilis
1315 3147 1628 3220 projicitur.
1669 3145 1737 3200 At
1765 3145 1909 3215 quod
1956 3158 2106 3198 mar.

535 3250 661 3320 tyrii
696 3247 982 3302 allectione
1006 3244 1304 3314 gratiosum
1335 3239 1586 3294 cll‘ectum
1623 3245 1728 3298 est,
1761 3238 1834 3291 ita
1861 3246 1943 3292 est
1966 3251 2110 3290 ama-

536 3341 664 3405 bile,
695 3337 1023 3408 jucundum,
1071 3343 1125 3388 et
1164 3348 1193 3386 a
1245 3331 1428 3384 multis
1459 3329 1822 3383 desideratum
1852 3335 1906 3382 et
1949 3343 2110 3396 expe-

537 3432 718 3491 titum,
755 3439 815 3484 ut
868 3428 1121 3498 superior
1178 3425 1354 3479 oratio
1385 3421 1802 3476 demonstravit.
1843 3419 2110 3485 Quocirca

537 3531 760 3594 propter
785 3537 868 3583 ea,
893 3534 1016 3589 qua:
1042 3524 1329 3587 apparent,
1365 3515 1452 3574 iis,
1487 3530 1606 3582 qua:
1624 3513 1800 3566 visum
1827 3511 2111 3581 ell‘ugiunt,

538 3621 758 3685 propter
784 3609 1216 3680 experimentum
1237 3619 1426 3659 earum
1459 3617 1666 3665 rerum,
1691 3617 1810 3672 qua:
1832 3600 1885 3654 in
1911 3599 2114 3654 mundo

534 3709 814 3769 visuntur,
850 3702 1160 3757 futurarum
1195 3713 1374 3752 rerum
1408 3694 1756 3766 promissioni
1801 3693 2110 3750 credamus.

535 3799 669 3854 Nam
703 3796 859 3852 multi
891 3795 983 3865 qui
1014 3801 1256 3847 ventrem
1287 3796 1341 3843 et
1375 3801 1570 3840 vanam
1604 3785 1860 3856 gloriam,
1903 3792 1959 3840 et
2016 3784 2115 3838 has

547 3889 858 3944 mundanas
898 3886 1084 3955 paleas
1115 3879 1372 3934 omnibus
1400 3876 1564 3931 rebus
1593 3875 1928 3940 antelerunt,
1979 3875 2115 3928 nihil

539 3986 732 4049 putant
759 3990 880 4030 esse
911 3972 1155 4026 futurum
1184 3987 1199 4022 :
1230 3965 1327 4022 sed
1375 3980 1500 4019 cum
1541 3965 1665 4019 vitae
1699 3965 1804 4018 (ine
1835 3963 2116 4018 terminari

539 4069 724 4121 omnia
755 4065 1111 4118 arbitrantur.
1141 4057 1342 4114 Verum
1377 4058 1470 4127 qui
1520 4057 1595 4110 ita
1637 4056 1830 4122 sentis,
1865 4070 1930 4111 ex
1991 4071 2117 4125 par-

541 4161 625 4214 vis
671 4171 862 4227 magna
897 4155 1048 4210 disce
1081 4171 1094 4207 :
1128 4169 1194 4208 ex
1230 4151 1441 4206 umbris
1492 4149 1822 4220 principales
1888 4147 2116 4213 formas,

540 4249 732 4322 quales
761 4264 837 4304 eae
871 4248 984 4302 siut
1041 4245 1304 4314 intellige.
1358 4243 1459 4298 Cui
1512 4257 1699 4312 regum
1758 4241 1885 4296 talis
1941 4241 2119 4294 honor

543 4340 812 4396 habetur?
841 4337 976 4404 Quis
1002 4351 1068 4390 ex
1097 4337 1184 4398 iis,
1215 4334 1308 4404 qui
1338 4349 1502 4403 supra
1552 4333 1773 4388 modum
1830 4333 1974 4385 inter
2019 4333 2118 4385 lio-

543 4433 718 4486 mines
741 4429 1007 4485 excellere
1043 4426 1144 4481 visi
1181 4435 1329 4488 sunt,
1357 4426 1451 4478 tali
1477 4425 1737 4478 memoria
1765 4423 2117 4479 celebratur?

541 4520 681 4587 Quis
731 4518 1124 4588 imperatorum
1179 4514 1272 4582 qui
1308 4513 1473 4566 urbes
1539 4512 1778 4565 munitas
1828 4523 2115 4581 ceperunt,

542 4613 795 4668 nationes
822 4613 1142 4664 innumeras
1170 4604 1525 4674 subegerunt,
1554 4603 1690 4658 adeo
1707 4602 2030 4660 decantatus
2065 4613 2120 4660 et

545 4705 691 4759 fama
723 4702 1034 4758 celebratus
1067 4707 1172 4765 est,
1213 4704 1275 4751 ut
1307 4697 1398 4750 hic
1449 4695 1610 4751 miles
1665 4710 1897 4765 pauper,
1959 4697 2123 4752 modo

543 4799 890 4867 conscriptus
917 4802 971 4849 et
1002 4805 1148 4864 tyro:
1183 4805 1344 4862 quem
1398 4788 1601 4844 Paulus
1651 4789 1904 4855 armavit,
1959 4807 2122 4860 quem

2192 1787 2484 1858 ἐπιθυμίας
2533 1787 2954 1857 ἐμφορηθέντες.
2999 1787 3088 1850 Ὠς
3131 1786 3289 1856 σῶμα
3327 1785 3435 1856 γάρ
3485 1785 3618 1839 αὐτὸ
3667 1786 3781 1849 ζῶν

2194 1881 2288 1934 καὶ
2319 1881 2512 1934 ἀνθοῦν
2558 1882 2608 1933 οί
2657 1879 2941 1950 βλέποντες
2991 1875 3429 1940 κατασπάζονται
3452 1916 3467 1940 ,
3515 1879 3630 1940 τοῖς
3677 1875 3784 1944 ὀφ-

2197 1972 2448 2042 θαλμοῖς,
2488 1971 2566 2041 τῷ
2604 1971 2861 2042 στόματι,
2899 1972 3019 2032 ταῖς
3079 1969 3305 2033 ἀκοαῖς,
3357 1967 3560 2030 πάσαις
3608 1985 3783 2036 προσ-

2195 2064 2419 2132 άγοντες
2445 2065 2576 2126 ταῖς·
2597 2062 2938 2133 αἰσθήσεσιν,
2974 2057 3093 2113 εἶτα
3121 2059 3181 2112 τὸ
3212 2059 3312 2128 τῆς
3358 2058 3645 2121 εὐλαϐείας
3687 2058 3790 2111 καὶ

2193 2158 2255 2211 τὸ
2281 2157 2376 2211 τοῦ
2407 2157 2612 2220 πάθους
2651 2155 2963 2226 ἐπιχέοντες
2987 2154 3220 2224 δάκρυον
3242 2194 3256 2216 ,
3279 2153 3354 2216 ὡς
3377 2153 3655 2224 ὁλοκλήρῳ
3685 2152 3788 2205 καὶ

2195 2249 2506 2320 φαινομένῳ
2553 2247 2630 2319 τῷ
2661 2249 2898 2319 μάρτυρι
2945 2245 3044 2314 τὴν
3086 2244 3180 2299 τοῦ
3208 2243 3531 2315 πρεσϐεύειν
3570 2244 3786 2296 ἱκεσίαν

2197 2339 2689 2414 προσάγουσιν,-ώς
2714 2337 3010 2410 δορυφόρον
3036 2335 3130 2389 τοῦ
3155 2336 3288 2388 Θεοῦ
3313 2334 3784 2406 παρακαλοῦντες,

2196 2432 2272 2496 ὡς
2308 2430 2654 2502 λαμϐάνοντα
2683 2427 2780 2492 τὰς
2828 2427 3033 2498 δωρεὰς
3064 2427 3192 2480 ὅταν
3223 2425 3382 2498 ἐθέλῃ
3415 2425 3789 2495 ἐπικαλούμε-

2197 2541 2298 2577 νοι.
2338 2523 2434 2575 Ἐκ
2460 2520 2662 2574 τούτων
2687 2520 2919 2584 πάντων,
2943 2520 2971 2571 ό
2996 2517 3223 2586 εὐσεϐὴς
3251 2514 3788 2586 λαὸς,κατσμάοετε,

2197 2615 2279 2668 ὅτι
2307 2614 2502 2683 Τίμιος
2539 2611 2818 2665 ἐναντίον
2851 2610 3070 2677 Κυρίου
3101 2611 3132 2662 ό
3170 2606 3426 2672 θάνατος
3457 2605 3575 2660 τῶν
3601 2607 3795 2660 έσΙων

2199 2705 2402 2759 αὑτοῦ.
2440 2704 2534 2756 Ἐν
2564 2703 2659 2774 μὲν
2678 2703 2784 2772 γὰρ
2809 2702 2902 2754 καὶ
2917 2701 2977 2754 τὸ
2997 2699 3126 2752 αὐτὸ
3152 2699 3307 2769 σῶμα
3335 2698 3550 2753 πάντων
3578 2697 3794 2768 ἀνθρώ-

2204 2815 2320 2851 πων
2344 2838 2359 2862 ,
2396 2796 2454 2860 ἐξ
2485 2794 2600 2856 ἐνὸς
2631 2794 2952 2864 φυράματος
2989 2790 3109 2860 ἕχον
3145 2791 3246 2861 τὴν
3298 2789 3558 2842 σύστασιν
3590 2808 3601 2821 ·
3650 2789 3797 2842 ἀλλὰ

2200 2891 2260 2943 τὸ
2297 2890 2394 2959 μὲν
2428 2885 2612 2949 ἁπλῶς
2661 2883 2932 2938 ἀποθανὸν
2958 2923 2972 2946 ,
3004 2884 3255 2953 ρίπτεται
3292 2882 3367 2945 ὼς
3409 2881 3470 2934 τὸ
3499 2881 3660 2950 τυχόν
3681 2896 3696 2909 ·
3729 2881 3801 2934 rb

2203 2982 2259 3035 δὲ
2284 2980 2361 3051 τῷ
2407 2978 2569 3032 πάθει
2597 2975 2690 3030 τοῦ
2741 2975 3042 3048 μαρτυρίου
3073 2974 3370 3045 χαριτωθέν
3398 3013 3416 3040 ,
3444 2971 3615 3036 οῦτως
3644 2973 3800 3025 ἐστὶν

2209 3073 2467 3145 ἐράσμιον
2490 3071 2582 3121 καὶ
2613 3067 3127 3138 ἀμφισϐητήσιμον,
3156 3066 3230 3128 ώς
3257 3067 3286 3118 ό
3311 3062 3596 3136 προλαϐὼν
3633 3063 3796 3132 λόγκ

2210 3162 2466 3228 ἐδίδαξεν.
2497 3159 2596 3212 Διὰ
2619 3157 2778 3210 τοῦτο
2807 3159 3186 3227 πιστεύσωμεν
3214 3156 3278 3208 ἐκ
3306 3155 3414 3207 τῶν
3448 3153 3796 3224 φαινομένων

2209 3257 2321 3318 τοῖς
2349 3253 2600 3324 άοράτοις
2624 3293 2637 3317 ,
2666 3251 2774 3304 ἀπὸ
2816 3251 2913 3320 τῆς
2947 3249 3004 3301 ἐν
3045 3247 3121 3318 τῷ
3145 3247 3335 3317 κόσμῳ
3361 3245 3558 3317 πείρας
3585 3248 3650 3316 τῇ
3683 3245 3798 3298 τῶν

2214 3345 2511 3416 μελλόντων
2565 3340 2888 3411 ἐπαγγελία.
2921 3339 3110 3393 Πολλοὶ
3157 3339 3268 3408 γὰρ
3321 3339 3369 3390 οί
3401 3337 3500 3406 τὴν
3522 3337 3797 3406 γαστέρα,

2213 3435 2306 3489 καὶ
2327 3435 2425 3506 τὴν
2459 3431 2762 3496 κενοδοξίαν
2785 3471 2801 3497 ,
2831 3431 2924 3484 καὶ
2952 3430 3041 3483 τδν
3067 3429 3252 3483 ἐνθάδε
3281 3429 3543 3498 συρφετὸν
3578 3429 3806 3482 πάντων

2213 3525 2541 3597 ἐπίπροσθεν
2573 3525 2796 3592 ἄγοντες
2818 3561 2833 3587 ,
2872 3521 3022 3575 οὐδὲν
3079 3520 3336 3592 ἡγοῦνται
3369 3519 3429 3572 τὸ
3463 3519 3655 3589 μέλλον
3679 3535 3694 3548 '
3721 3519 3807 3589 τῷ

2212 3619 2353 3672 τέλει
2381 3618 2436 3670 δὲ
2461 3615 2552 3671 τοῦ
2583 3616 2697 3687 βίου
2739 3611 3205 3686 συμπεραιοῦσθαι
3236 3610 3306 3664 τά
3340 3611 3518 3665 πάντα
3556 3610 3809 3682 νομίζουι

2216 3728 2319 3764 σιν.
2367 3709 2506 3762 ’Λλλ’
2547 3710 2575 3761 ὁ
2609 3706 2821 3778 φρονῶν
2848 3704 3052 3767 οὕτως,
3085 3705 3148 3756 ἐκ
3195 3702 3302 3756 τῶν
3355 3701 3568 3774 μικρῶν
3606 3702 3674 3754 τὰ
3705 3719 3808 3772 με-

2216 3802 2359 3871 γάλα
2386 3800 2707 3871 κατάμαθε,
2737 3799 2802 3851 ἐκ
2835 3795 2942 3850 τῶν
2970 3794 3136 3848 σκιῶν
3168 3792 3238 3846 τὰ
3264 3793 3551 3864 ἀρχέτυπα
3586 3793 3803 3863 νόησον.

2215 3893 2312 3955 Τίς
2341 3892 2450 3944 τῶν
2481 3890 2744 3960 βασιλέων
2785 3887 3042 3957 τοιαύτην
3066 3887 3294 3955 τιμᾶται
3326 3891 3530 3956 τιμήν;
3571 3884 3656 3946 τίς
3693 3885 3809 3937 τῶν

2217 3982 2338 4037 καθ’
2413 3980 2719 4052 ὑπερϐολὴν
2771 3981 2828 4032 ἐν
2877 3975 3182 4047 ἀνθρώποις
3237 3975 3511 4045 φανέντων
3575 3974 3805 4046 τοιαύτῃ

2221 4074 2409 4146 μνήμῃ
2441 4070 2752 4137 δοξάζεται;
2800 4070 2884 4132 τίς
2930 4068 3037 4122 τῶν
3086 4067 3406 4138 στρατηγῶν
3457 4065 3565 4119 τῶν
3618 4067 3804 4129 πόλεις

2217 4166 2488 4235 τειχήρεις
2517 4163 2745 4216 ἑλόντων
2768 4201 2783 4226 ,
2816 4160 2911 4214 καὶ
2956 4158 3082 4229 ἔθνη
3130 4157 3556 4228 δουλωσαμένων
3609 4157 3801 4228 μυρία,

2218 4254 2390 4318 οὕτως
2417 4254 2564 4307 ἐστὶν
2599 4253 2874 4322 ἀοίδιμος,
2915 4249 2989 4314 ὡς
3017 4250 3044 4301 ὁ
3070 4247 3406 4320 στρατιώτης
3445 4241 3626 4313 οὗτος,
3655 4251 3686 4301 ό
3713 4249 3809 4301 πέ-

2219 4363 2352 4414 νης,
2391 4347 2420 4398 ό
2463 4345 2760 4407 νεόλεκτος,
2803 4342 2861 4394 ὃν
2898 4340 3108 4403 Παῦλος
3165 4338 3440 4405 ὥπλισεν,
3482 4339 3541 4391 όν
3581 4339 3806 4407 ἄγγελοι

2221 4438 2357 4507 πρὸς
2393 4437 2485 4490 τὸν
2537 4436 2721 4504 ἀγῶνα
2769 4432 3036 4504 ἠλειψαν,
3088 4431 3182 4484 καὶ
3229 4433 3526 4502 νικήσαντα
3568 4430 3807 4498 Χριστὸς

2223 4529 2597 4597 ἐστεφάνωσεν
2622 4545 2635 4592 ;
2663 4526 2871 4580 Μᾶλλον
2915 4524 2971 4576 δὲ
3006 4523 3191 4593 ἐπειδὴ
3242 4522 3408 4590 ἐγγὺς
3433 4520 3700 4591 ἐγενόμην
3729 4521 3811 4590 τῷ

2221 4620 2364 4690 λόγῳ
2389 4619 2496 4672 τῶν
2525 4617 2751 4687 ἀγώνων
2785 4614 2879 4668 τοῦ
2913 4615 3187 4685 μάρτυρος
3210 4652 3227 4677 ,
3261 4614 3417 4685 φέρε,
3448 4613 3514 4666 τὰ
3541 4611 3696 4664 κοινὰ
3719 4630 3813 4664 κα·

2227 4707 2659 4771 ταλιπόντες,τὺν
2681 4705 2956 4774 ἐξαίρετον
2984 4703 3077 4755 τοῦ
3108 4702 3264 4770 ἁγίου
3289 4701 3446 4770 λόγον
3467 4701 3809 4772 ποιήσωμεν·

2231 4799 2382 4867 φίλον
2411 4798 2519 4869 γὰρ
2549 4797 2764 4868 ἑκάστῳ
2792 4796 2852 4848 τὸ
2900 4795 3048 4848 ἴδιον.

547 4895 722 4965 angeli
796 4893 865 4947 ad
940 4899 1219 4946 certamen
1286 4896 1582 4952 unxerunt,
1655 4904 1816 4957 quem
1891 4889 2158 4946 victorem
2198 4893 2452 4950 Christus
2507 4893 2830 4948 coronavit?
2886 4891 3177 4946 Enimvero
3249 4889 3506 4961 quoniam
3555 4890 3816 4946 oratione

546 5006 714 5060 prope
743 4989 810 5043 ad
839 4988 1138 5044 certamina
1155 4996 1319 5055 atque
1359 4987 1574 5040 labores
1602 4986 1860 5055 martyris
1884 4989 2113 5054 accessi,
2156 5004 2254 5060 age
2283 4991 2670 5046 communibus
2702 4988 2908 5044 relictis
2949 4987 3280 5059 peculiarem
3349 4985 3527 5040 sancti
3595 5000 3816 5040 sermo-

548 5101 670 5140 nem
703 5085 1090 5148 instituamus;
1123 5090 1207 5138 est
1257 5083 1401 5137 enim
1453 5096 1613 5134 suum
1666 5082 1862 5152 cuique
1917 5092 2132 5152 gratum
2172 5094 2226 5140 ct
2260 5097 2567 5158 acceptum.

618 5175 800 5230 Patria
831 5177 996 5246 igitur
1040 5176 1302 5246 praeclaro
1347 5187 1411 5227 ac
1447 5181 1676 5228 strenuo
1720 5174 1846 5227 huic
1879 5175 2000 5228 viro
2039 5185 2123 5230 est

546 5284 610 5323 ea
645 5269 826 5338 regio,
877 5284 998 5336 qua:
1050 5267 1116 5321 ad
1155 5267 1324 5320 solem
1363 5272 1577 5334 spectat
1622 5266 1890 5320 orientem
1939 5284 1953 5321 :
1994 5282 2119 5320 nam

547 5357 712 5411 etiam
745 5355 853 5421 hic,
887 5356 1051 5410 sicuti
1084 5354 1216 5420 Job,
1248 5371 1314 5410 ex
1348 5355 1598 5426 partibus
1633 5355 1998 5433 orientalibus
2022 5371 2124 5411 no-

549 5447 678 5501 bilis
707 5454 812 5512 est,
843 5462 1080 5517 cumque
1109 5448 1338 5517 patriam
1373 5462 1497 5500 cum
1532 5446 1628 5500 illo
1658 5447 2126 5502 communemha-

553 5538 703 5592 beret
728 5578 744 5602 ,
777 5537 1026 5607 ejusdem
1063 5538 1297 5592 imitatio
1349 5552 1560 5592 morum
1595 5537 1907 5607 ingeniique
1935 5537 1986 5592 ei
2013 5553 2122 5594 non

556 5623 745 5685 deluit.
781 5627 937 5684 Nunc
971 5643 1103 5685 vero
1143 5629 1375 5699 quilibet
1412 5637 1623 5700 martyr
1651 5627 1819 5685 totius
1854 5627 1956 5684 soli
1989 5628 2124 5685 sub-

2300 5180 2506 5250 Πατρ“ις
2524 5179 2703 5232 τοίνυν
2729 5176 2806 5247 τῷ
2833 5175 3088 5245 γενναίῳ,
3119 5177 3150 5244 ἡ
3188 5173 3323 5243 πρὸς
3343 5173 3492 5243 ἥλιον
3517 5172 3817 5243 ἀνίσχουσα.

2232 5271 2413 5341 χώρα·
2445 5269 2669 5339 εὐγενὴς
2695 5269 2802 5338 γὰρ
2836 5269 2930 5321 καὶ
2960 5259 3113 5328 οὗτος
3145 5266 3285 5318 κατὰ
3302 5264 3390 5317 τὸν
3420 5262 3541 5316 Ἰὼϐ
3571 5264 3681 5317 τῶν
3715 5265 3811 5332 ἀφ’

2230 5361 2384 5430 ἡλίου
2421 5360 2710 5423 ἀνατολῶν,
2748 5359 2842 5411 κα)⁵
2878 5358 2978 5426 τῆς
3007 5355 3262 5426 πατρίδος
3289 5353 3481 5424 ἐκείνῳ
3515 5355 3810 5420 κοινωνῶν,

2233 5452 2334 5504 οῦκ
2375 5451 2674 5520 ἀπελείφθη
2729 5450 2827 5519 τῆς
2880 5447 2973 5500 τοῦ
3007 5445 3170 5516 ἤθους
3225 5446 3527 5515 μιμήσεως.
3587 5445 3701 5497 Νῦν
3755 5445 3815 5498 δὲ

2232 5540 2380 5610 πάσῃ
2408 5543 2474 5611 τῇ
2516 5539 2805 5609 οἰκουμένῃ
2838 5537 2954 5590 ἐστὶ
2981 5537 3190 5606 μάρτυς
3216 5535 3395 5597 κοινὸς
3423 5535 3521 5604 τῆς
3550 5534 3641 5603 ὑφ’
3675 5535 3816 5604 ἡλίῳ

2233 5630 2454 5702 πολίτης
2478 5647 2491 5661 ο
2543 5631 2766 5702 ληφθεὶς
2797 5629 2850 5683 δὲ
2880 5627 3089 5682 ἐκεῖθεν
3125 5626 3259 5698 πρὸς
3298 5625 3605 5691 ὁπλιτιγοὺς
3634 5641 3813 5682 κατα-

4041 2820 4047 2906 l

4043 2975 4048 3030 l
