4050 6164
319 226 418 282 ’111

1462 220 1549 274 DE
1590 220 1646 275 S.
1687 215 2063 275 TllEODORO
2113 215 2468 274 MARTYRE.

3491 227 3594 285 7-52

323 338 539 407 λόγους,
597 335 739 389 οὓτω
800 333 938 406 μετά
976 332 1072 386 τοῦ
1124 332 1253 387 ἰδίου
1306 334 1584 404 τάγματος
1633 334 1769 406 πρὸς
1817 334 1916 404 τὴν

2021 330 2174 400 jectae
2206 333 2450 404 regionis
2479 333 2618 389 civis
2653 334 2913 392 universo
2960 343 3232 392 terrarum
3269 337 3387 392 orbi
3433 352 3586 392 com-

322 429 604 500 ὴμετέραν
633 427 784 496 διέϐη
826 423 1031 497 χώραν,
1074 425 1173 495 τῆς
1205 425 1521 497 χειμερινῆς
1549 424 1909 486 ἀναπαύσεως

322 522 440 583 τοῖς
467 518 824 591 στρατιώταις
865 515 1054 572 ἐνθάδε
1101 514 1252 586 παρὰ
1278 515 1385 569 τῶν
1424 516 1764 581 κρατούντων
1791 515 1908 568 δια-

324 609 636 681 ταχθείσης.
697 607 941 676 Πολέμου
995 605 1052 658 δὲ
1098 605 1410 675 κινηθέντος
1463 604 1680 676 ἀθρόον,
1711 605 1812 658 οὐκ
1849 603 1908 672 ἐξ

326 701 517 770 ἐφόδου
551 698 925 770 βαρϐαρικῆς,
965 696 1079 751 ἀλλ’
1117 699 1181 750 ἐκ
1234 696 1398 766 νόμου
1427 694 1754 759 Σατανικοῦ,
1813 696 1909 749 καὶ

325 791 597 860 δόγματος
648 789 921 858 θεομάχου
966 789 1094 855 (πᾶς
1132 786 1241 859 γάρ
1285 784 1610 858 Χριστιανὸς
1649 783 1910 854 ἠλαύνετο

326 882 404 954 τῷ
428 881 681 935 δυσσεϐεῖ
705 880 1018 952 γράμματι,
1039 879 1133 933 καὶ
1157 879 1294 951 πρὸς
1314 879 1540 932 θάνατον
1565 876 1769 947 ἦγετο)·
1788 876 1908 929 τότε

326 970 413 1042 δὴ,
451 969 575 1023 τότε
601 973 630 1024 6
652 969 1052 1041 τρισμακάριος
1081 960 1256 1035 οὗτος,
1301 960 1575 1042 γνώριμος
1607 966 1682 1021 ῶν
1709 967 1796 1019 ἐπ’
1821 967 1910 1020 εὑ·-

330 1062 537 1134 σεϐείᾳ,
589 1062 684 1116 καὶ
719 1062 819 1130 τὴν
863 1061 1045 1117 πίστιν
1095 1063 1193 1133 τὴν
1240 1063 1320 1125 εἰς
1351 1061 1588 1134 Χριστὸν
1633 1058 1907 1130 πανταχοῦ

327 1155 663 1226 περιφέρων,
706 1154 862 1224 μόνον
904 1154 1004 1207 οὐκ
1034 1154 1129 1206 ἐπὶ
1165 1153 1258 1206 τοῦ
1305 1153 1558 1224 μετώπου
1599 1151 1697 1224 τὴν
1721 1151 1908 1222 ὁμολο-

328 1245 454 1314 γίαν
492 1244 861 1316 γραψάμενος,
896 1243 1079 1296 οὐκέτι
1112 1243 1390 1306 νεόλεκτος
1417 1237 1487 1312 ἦν
1511 1241 1609 1312 τὴν
1637 1239 1907 1312 ἀνδρείαν,

327 1336 449 1389 οὐδὲ
479 1336 705 1407 ἄπειρος
728 1334 966 1406 πολέμου
997 1334 1089 1387 καῖ⁹
1123 1333 1302 1405 μάχης
1325 1349 1339 1366 ⁸
1386 1333 1522 1387 ἀλλά
1545 1334 1788 1401 γενναῖος
1810 1332 1909 1401 τὴν

325 1425 527 1496 ψυχὴν,
577 1425 806 1495 ἰσχυρὰν
859 1423 1228 1494 ποιησάμενος
1278 1422 1414 1494 πρὸς
1456 1422 1584 1484 τοὺς
1634 1420 1910 1484 κινδύνους

326 1517 426 1587 τὴν
457 1517 726 1580 ἔνστασιν,
781 1517 880 1586 οὐχ
930 1514 1240 1585 ὑφειμένος,
1295 1515 1356 1567 οὐ
1395 1512 1623 1578 δειλιῶν,
1658 1513 1718 1565 οὐ
1752 1511 1910 1580 λόγον

329 1607 780 1678 ἀπαρρησίαστον
823 1606 1276 1678 προϐαλλόμενος.
1355 1605 1442 1669 Ὠς
1469 1605 1577 1676 γὰρ
1606 1604 1826 1658 ἐκάθισε
1850 1600 1910 1656 τὸ

2017 426 2200 478 munis
2231 433 2348 491 est;
2382 434 2637 495 sumptus
2663 436 2846 482 autem
2877 429 3029 483 illinc
3057 428 3125 482 ad
3159 441 3400 484 armatos
3434 429 3588 484 ordro

2016 528 2115 568 nes
2145 514 2430 580 militares,
2459 531 2582 571 cum
2614 517 2782 572 duces
2812 519 3044 574 militum
3071 535 3166 575 eos
3203 520 3290 575 hic
3323 519 3380 574 in
3408 520 3586 575 hibcr.

2015 605 2103 661 nis
2130 607 2516 672 collocassent,
2546 609 2619 662 ita
2645 625 2770 664 cum
2800 625 2864 665 ea
2893 611 3122 681 legione,
3157 612 3211 666 in
3235 626 3399 682 quam
3445 627 3584 666 con-

2018 697 2261 769 scriptus
2290 706 2430 765 erat,
2460 699 2527 754 ad
2550 710 2796 754 nostram
2830 703 3106 772 regionem
3135 703 3407 760 transivit.
3439 703 3590 757 Bello

2016 799 2198 846 autem
2221 799 2441 859 repente
2465 799 2614 846 moto
2631 805 2740 846 non
2767 806 2832 846 ex
2859 792 3175 849 incursione
3203 794 3589 856 barbarorum,

2017 879 2114 934 sed
2145 895 2212 934 ex
2243 880 2359 947 lege
2395 879 2658 934 Satanica
2707 881 3062 951 decretoque,
3098 897 3209 952 quo
3239 883 3382 938 Deus
3414 897 3588 953 oppu«

2015 978 2276 1041 gnaretur
2310 971 2650 1042 (quicunque
2681 972 2827 1027 enim
2847 971 3195 1029 Christianus
3225 981 3392 1036 esset,
3423 974 3591 1044 impio

2016 1062 2221 1131 scripto
2267 1063 2668 1132 exagitabatur,
2716 1071 2772 1117 et
2824 1063 2890 1117 ad
2950 1072 3178 1119 mortem
3225 1065 3589 1136 ducebatur),

2015 1162 2149 1208 tunc
2179 1153 2461 1220 nimirum,
2486 1161 2618 1210 tunc
2637 1155 2726 1210 hic
2753 1163 2837 1210 ter
2862 1163 3168 1225 quaterque
3187 1157 3382 1212 beatus
3411 1155 3592 1212 Theo-

2016 1243 2210 1311 dorus,
2246 1244 2393 1314 quod
2429 1245 2632 1315 insigni
2667 1246 2868 1315 pietate
2902 1246 3168 1315 praeditus
3198 1255 3368 1312 esset,
3403 1247 3588 1302 fidem-

2015 1347 2123 1402 que
2149 1332 2204 1385 in
2225 1331 2506 1387 Christum
2537 1332 2740 1402 ubique
2769 1333 3174 1398 circumferret,
3193 1335 3590 1404 propemodum

2015 1426 2069 1480 in
2098 1425 2278 1481 fronte
2310 1426 2714 1482 confessionem
2746 1427 3060 1497 inscriptam
3093 1442 3314 1498 gerens,
3344 1443 3452 1481 non
3477 1428 3590 1496 jam

2016 1516 2254 1585 amplius
2289 1516 2488 1571 virtute
2522 1527 2642 1587 tyro
2671 1517 2831 1571 modo
2858 1516 3209 1585 conscriptus
3245 1523 3384 1579 erat,
3415 1531 3590 1585 neque

2017 1609 2093 1663 rei
2151 1609 2359 1664 bellicae
2400 1616 2455 1664 et
2483 1624 2679 1679 pugnae
2722 1609 2914 1674 rudis,
2949 1608 3043 1664 sed
3094 1608 3279 1662 animo
3307 1615 3589 1677 strenuus,

332 1699 566 1771 πονηρὸν
603 1701 778 1754 ἐκεῖνο
827 1700 1194 1770 δικαστήριον,
1237 1699 1266 1752 ὃ
1292 1714 1352 1751 τε
1382 1697 1605 1768 ἡγεμὼν
1632 1698 1727 1751 καὶ
1759 1699 1787 1751 6
1811 1713 1910 1751 τα-

2021 1697 2230 1752 fortiter
2267 1713 2388 1753 sese
2430 1698 2692 1767 periculis
2731 1696 2999 1765 objiciens
3022 1735 3037 1758 ,
3091 1711 3200 1749 non
3236 1696 3503 1750 remissus
3534 1703 3590 1749 et

332 1792 553 1864 ξίαρχος
601 1793 678 1855 εἰς
711 1791 875 1844 ταύτὸ
924 1791 1296 1854 συνελθόντες,
1347 1789 1422 1854 ὡς
1463 1788 1712 1861 Ἡρώδης
1778 1788 1909 1842 ποτὲ

332 1884 427 1935 καὶ
453 1882 701 1948 unam,
723 1882 811 1935 τὸν
832 1881 1016 1935 δοῦλον
1044 1881 1138 1935 τοῦ
1165 1880 1591 1951 σταυρωθέντος,
1620 1881 1700 1945 είς
1722 1881 1910 1952 κρίσιν

331 1970 520 2040 ὁμοίαν
541 1968 634 2022 τοῦ
661 1969 931 2022 Δεσπότου
962 1969 1328 2041 κατέστησαν.
1357 1988 1375 2021 ι
1401 1971 1514 2024 Καὶ
1534 1969 1682 2038 λέγε,
1711 1988 1729 2022 ι
1756 1971 1910 2040 φησι,

337 2079 357 2110 ε
383 2059 546 2112 πόθεν
579 2076 660 2112 σοι
691 2059 1027 2130 θρασύτητος
1056 2061 1151 2114 καί
1181 2061 1387 2132 τόλμης
1419 2059 1795 2133 ἐγγινομένης,
1833 2060 1913 2123 εἰς

333 2150 423 2204 τδν
472 2149 746 2221 βασιλικὸν
795 2150 1098 2224 ἐξυϐρίζεις
1127 2151 1309 2221 νόμον,
1356 2151 1455 2223 οὐχ
1499 2151 1833 2215 ὑποκύπτεις
1857 2151 1914 2205 δὲ

319 2240 551 2312 ⁴σιρὲμων
579 2243 691 2301 τοῖς
713 2240 807 2294 τοῦ
831 2242 1103 2295 Δεσπότου
1129 2243 1566 2314 προστάγμασιν,
1597 2243 1718 2296 οὐδὲ
1749 2259 1914 2315 προσ-

333 2335 517 2395 κυνεῖς
564 2333 704 2386 κατά
748 2333 810 2386 τὸ
858 2332 1049 2388 δοκοῦν
1091 2336 1204 2398 τοῖς
1251 2334 1544 2406 κρατοῦσιν
1572 2351 1587 2401 ;
1620 2352 1639 2387 ›
1703 2335 1768 2388 Οἱ
1806 2334 1914 2404 γὰρ

335 2425 482 2494 ἀμφὶ
509 2423 853 2495 Μαξιμιανδν
883 2424 1004 2479 τότε
1043 2426 1143 2496 τῆς
1186 2425 1460 2497 βασιλείας
1504 2425 1753 2499 ἡγοῦντο.
1819 2427 1915 2489 Ὃς

336 2516 546 2587 στερρῷ
579 2515 659 2587 τῷ
693 2515 970 2588 προσώπῳ
1010 2518 1104 2572 καὶ
1130 2517 1584 2591 ἀκατα[π]λήκτῳ
1607 2520 1673 2590 τῇ
1695 2517 1912 2596 γνώμῃ,

331 2607 586 2680 εὔστοχον
633 2609 729 2678 τὴν
784 2610 1076 2682 ἀπόκρισιν
1125 2613 1238 2676 τοῖς
1291 2611 1557 2682 λεχθεῖσιν
1604 2611 1912 2681 ἐπέθηκενο

343 2717 361 2752 ι
389 2700 556 2764 Θεοὺς
593 2701 690 2770 μὲν
731 2701 831 2755 οὐκ
860 2697 976 2754 οἴδα
1023 2702 1177 2773 (οὐδὲ
1207 2701 1314 2774 γὰρ
1343 2703 1450 2756 είσὶ
1483 2703 1626 2757 κατά
1652 2702 1749 2774 τὴν
1779 2702 1915 2774 ἀλή-

334 2789 519 2862 θειαν)
540 2809 553 2822 ·
598 2791 858 2863 δαίμονας
902 2792 959 2845 δὲ
995 2793 1155 2864 ὑμεῖς
1189 2793 1510 2858 ἀπατεῶνας
1543 2794 1815 2849 πλανᾶσθε
1847 2797 1914 2866 τῇ

335 2878 429 2933 τοῦ
450 2879 582 2934 Θεοῦ
609 2881 875 2951 τιμῶντες
896 2881 1256 2955 προσηγορίᾳο
1306 2883 1429 2954 ἐμοὶ
1473 2883 1529 2937 δὲ
1567 2883 1698 2948 Θεὸς
1728 2884 1756 2936 ὁ
1782 2885 1918 2954 Χρι-

338 2969 486 3036 στδς,
525 2970 553 3022 6
580 2969 672 3023 τοῦ
705 2969 838 3024 Θεοῦ
890 2972 1182 3043 μονογενὴς
1211 2971 1364 3036 Υίός.
1401 2973 1570 3043 Ὑπὲρ
1613 2972 1714 3042 τῆς
1759 2972 1916 3026 εὐσε-

340 3059 493 3124 ϐείας
519 3061 696 3115 τοίνυν
727 3063 820 3116 καὶ
852 3062 951 3132 τῆς
989 3063 1276 3135 ὁμολογίας
1313 3065 1414 3135 τῆς
1457 3065 1536 3129 εἰς
1570 3066 1792 3126 ἐκεῖνον,
1821 3063 1914 3117 καὶ

337 3155 369 3208 6
402 3152 716 3227 τιτρώσκων
755 3155 1034 3227 τεμνέτω,
1099 3157 1195 3210 καὶ
1247 3157 1275 3210 6
1318 3155 1598 3228 μαστίζων
1646 3155 1870 3220 ξαινέτω
1897 3193 1912 3219 ,

340 3245 435 3299 καὶ
465 3247 492 3299 6
521 3247 689 3300 καίων
711 3247 1033 3319 προσαγέτω
1053 3247 1150 3319 τὴν
1176 3248 1349 3318 φλόγα
1370 3291 1384 3314 ,
1407 3248 1500 3301 καὶ
1525 3249 1553 3301 6
1573 3249 1688 3311 ταῖς
1713 3250 1916 3316 φωναῖς

344 3353 447 3405 μου
476 3335 702 3400 ταύταις
729 3337 1026 3408 ἀχθόμενος
1075 3338 1337 3409 ἐξαιρέτω
1358 3337 1454 3409 τὴν
1477 3337 1728 3406 γλῶσσαν
1748 3355 1761 3368 ο
1797 3337 1916 3390 καθ’

339 3427 570 3480 ἕκαστον
601 3427 708 3498 γάρ
748 3428 1010 3499 μέλος,τὸ
1047 3429 1205 3501 σῶμα
1248 3429 1325 3500 τῷ
1370 3430 1616 3483 κτίσαντι
1655 3431 1920 3500 χρεωστεῖ

338 3519 441 3590 τὴν
465 3521 760 3590 ὑπομονήν.
787 3539 805 3572 ι
857 3521 1198 3593 Ἠττήθησαν
1238 3524 1344 3576 τῶν
1359 3523 1532 3592 λόγων
1561 3523 1610 3576 οἱ
1637 3523 1916 3594 τύραννοι·

342 3610 438 3663 καὶ
475 3609 576 3680 τὴν
605 3609 827 3684 πρώτην
853 3611 1156 3684 προσϐολὴν
1191 3611 1283 3665 τοῦ
1327 3612 1593 3684 ἀριστέως
1625 3612 1725 3666 οὐκ
1758 3613 1920 3683 ἤνεγ-

343 3718 467 3766 καν,
487 3702 766 3755 νεανίσκον
817 3701 1104 3772 βλέποντες
1149 3703 1284 3776 πρὸς
1307 3703 1368 3756 τὸ
1397 3703 1568 3767 πάθος
1585 3703 1918 3774 σφριγῶντα,

343 3792 440 3846 καὶ⁸
468 3793 544 3857 ὡς
573 3793 669 3864 ἡδύ
699 3811 752 3847 τι
798 3795 952 3866 πόμα
976 3795 1074 3866 τὴν
1112 3795 1369 3868 τελευτὴν
1400 3795 1781 3865 ἐφελκόμενον.
1831 3793 1922 3861 Ὠς

342 3881 401 3933 δὲ
441 3882 636 3935 ἐκεῖνοι
673 3882 867 3954 μικρὸν
906 3884 1123 3954 ἐπεῖχον
1152 3883 1510 3956 ὴπορημένοι,
1552 3885 1647 3938 καὶ
1672 3883 1916 3955 βουλευόο

348 3987 499 4040 μενοι
523 3971 582 4024 τὸ
617 3971 888 4043 πρακτέον
911 3989 926 4004 ·
972 3972 1054 4037 εἷς
1079 3991 1164 4038 τις
1192 3973 1301 4027 τῶν
1324 3976 1384 4029 ἐν
1415 3975 1556 4028 τέλει
1586 3974 1925 4047 στρατιώτης

345 4059 554 4130 κομψὸς
590 4059 729 4116 εἶναι
777 4063 1044 4134 οἰόμενος,
1083 4063 1454 4136 ἐπιχλευάζων
1487 4064 1623 4136 ὁμοῦ
1656 4065 1753 4135 τὴν
1783 4067 1921 4120 ἀπὸο

344 4165 530 4219 κρισιν
562 4151 660 4221 τὴν
681 4150 772 4205 τοῦ
803 4150 1108 4223 μάρτυρος,
1142 4172 1160 4205 ι
1192 4153 1349 4206 Ἔστι
1374 4154 1503 4225 γὰρ,
1529 4174 1548 4207 ι
1576 4154 1702 4226 ἐφη,
1737 4174 1755 4208 ι
1775 4156 1923 4220 Υἱὸς,

343 4233 392 4294 ὦ
425 4240 690 4316 Θεόδωρε,
719 4244 798 4314 τῷ
833 4243 911 4316 σῷ
949 4243 1106 4315 Θεῷ;
1142 4245 1237 4298 καὶ
1269 4247 1434 4317 γεννᾷ
1465 4248 1692 4311 ἐκεῖνος,
1728 4247 1803 4312 ώς
1833 4247 1924 4303 ἄν-

2013 1784 2339 1856 languidus,
2375 1799 2484 1840 non
2514 1785 2798 1854 trepidans
2820 1822 2836 1848 ,
2873 1798 2983 1837 non
3024 1783 3328 1839 formidans
3356 1791 3410 1838 et
3441 1793 3588 1838 metu

2014 1877 2248 1943 fractus,
2289 1891 2401 1930 non
2429 1875 2656 1931 verbum
2693 1876 2877 1930 minus
2904 1874 3140 1929 liberum
3179 1873 3484 1944 proferens.
3524 1875 3590 1930 Ut

2012 1970 2157 2026 enim
2180 1984 2384 2038 praeses
2411 1976 2464 2024 et
2493 1967 2749 2022 tribunus
2771 1968 2826 2021 in
2854 1982 3022 2022 unum
3053 1976 3447 2033 convenerunt,
3483 1964 3592 2043 sica

2013 2071 2074 2118 ut
2117 2062 2247 2118 olim
2282 2060 2526 2116 Herodes
2565 2067 2622 2115 et
2653 2059 2886 2125 Pilatus,
2934 2069 3096 2129 atque
3135 2057 3382 2114 consedit
3417 2060 3586 2115 secie-

2015 2163 2160 2211 stum
2193 2161 2248 2209 et
2277 2152 2585 2222 improbum
2613 2152 2744 2207 illud
2762 2151 3054 2206 concilium
3100 2166 3316 2206 servum
3342 2152 3588 2206 crucifixi

2015 2246 2180 2303 simili
2241 2246 2452 2300 ratione
2477 2283 2493 2309 ,
2529 2255 2694 2314 atque
2739 2243 2972 2298 Domino
3011 2242 3133 2312 ejus
3179 2241 3482 2305 acciderat,
3519 2243 3588 2296 ad

2009 2336 2278 2409 judicium
2321 2336 2557 2401 sistunt,
2593 2352 2612 2386 ι
2653 2335 2730 2388 Ac
2755 2334 2864 2400 dic,
2907 2352 2926 2385 ›
2962 2333 3237 2403 inquiunt,
3269 2350 3286 2383 ι
3319 2330 3464 2386 unde
3492 2329 3588 2384 tibi

2017 2430 2206 2484 innata
2245 2426 2475 2482 audacia
2508 2433 2676 2495 atque
2708 2424 3037 2489 temeritate,
3092 2422 3359 2479 adversus
3415 2423 3589 2493 legem

2015 2518 2363 2590 imperatoris
2401 2526 2694 2572 contumax
2722 2517 2825 2571 es?
2866 2514 2976 2570 Nec
3013 2525 3065 2571 te
3106 2523 3349 2570 tremens
3373 2513 3584 2569 domini

2011 2611 2184 2682 jussis
2216 2607 2527 2664 submittis?
2554 2606 2664 2662 Nec
2693 2607 3147 2676 quemadmodum
3174 2606 3351 2676 placet
3377 2605 3466 2668 iis,
3495 2604 3591 2675 qui

2015 2717 2199 2759 rerum
2232 2699 2536 2771 potiuntur,
2571 2698 2809 2754 adoras?
2843 2717 2861 2749 ι
2897 2698 3261 2757 Maximianus
3291 2699 3437 2752 enim
3464 2713 3590 2752 cum

2017 2801 2274 2851 consorte
2317 2799 2448 2845 tunc
2498 2790 2785 2860 imperium
2821 2790 3060 2845 tenebat.
3093 2789 3186 2844 llle
3212 2790 3363 2842 vultu
3389 2787 3594 2842 confir-

2017 2895 2166 2943 mato
2192 2894 2356 2954 atque
2386 2882 2756 2953 imperterrito
2792 2881 2997 2947 animo,
3045 2881 3244 2937 scitum
3275 2887 3330 2935 et
3360 2889 3584 2933 acutum

2021 2973 2186 3029 dictis
2226 2970 2428 3041 adjecit
2479 2984 2809 3040 responsum
2857 2986 2870 3022 :
2928 2967 3070 3025 Deos
3115 2968 3336 3039 quidem
3402 2968 3594 3023 nescio

2023 3065 2240 3137 (neque
2266 3063 2416 3118 enim
2447 3075 2637 3117 revera
2664 3061 2856 3130 sunt).
2882 3058 2994 3116 Vos
3024 3067 3202 3116 autem
3237 3060 3460 3123 erratis,
3495 3059 3590 3129 qui

2017 3158 2293 3214 datmonas
2339 3153 2559 3208 fallaces
2602 3161 2656 3207 et
2699 3152 3030 3222 impostores
3092 3151 3187 3206 Dei
3229 3151 3594 3221 appellatione

2020 3249 2320 3311 honoratis,
2336 3245 2468 3299 mihi
2492 3259 2620 3298 vero
2631 3243 2774 3299 Deus
2787 3256 2870 3298 est
2885 3242 3263 3310 Christus,Dei
3282 3242 3596 3313 unigenitus

2020 3339 2214 3405 Filius,
2240 3351 2338 3407 pro
2360 3337 2556 3406 pietate
2579 3333 2744 3405 igitur
2773 3342 2936 3405 atque
2962 3333 3310 3390 confessione
3335 3334 3517 3397 istius,
3538 3339 3595 3386 ct

2021 3430 2113 3502 qui
2163 3429 2448 3492 vulnerat,
2490 3425 2694 3481 incidat
2733 3443 2747 3480 :
2787 3433 2841 3480 et
2871 3421 2962 3494 qui
2999 3425 3285 3490 verberat,
3336 3423 3534 3478 laceret
3573 3441 3590 3478 :

2019 3528 2076 3577 et
2125 3520 2219 3592 qui
2271 3529 2496 3581 cremat,
2547 3517 2820 3570 ﬂammam
2870 3517 3205 3581 admoveat;
3249 3522 3306 3570 et
3355 3515 3447 3584 qui
3503 3515 3596 3570 his

2020 3614 2250 3668 vocibus
2287 3612 2423 3666 meis
2450 3608 2761 3672 offenditur,
2797 3607 3036 3674 linguam
3058 3607 3264 3660 eximat
3301 3623 3315 3658 :
3345 3619 3441 3672 per
3479 3604 3595 3656 sin-

2025 3703 2148 3772 gula
2175 3700 2319 3755 enim
2354 3700 2598 3753 membra
2634 3712 2839 3767 corpus
2865 3696 3115 3750 Creatori
3154 3694 3472 3764 patientiam
3506 3692 3596 3746 de-

2022 3792 2132 3848 bet.
2167 3789 2350 3844 Fracti
2400 3795 2530 3844 sunt
2577 3789 2664 3845 his
2716 3786 2904 3842 verbis
2957 3783 3178 3856 tyranni
3214 3799 3229 3835 :
3261 3797 3325 3836 ae
3357 3783 3594 3852 primum

2025 3883 2285 3952 impetum
2303 3881 2405 3936 viri
2433 3879 2590 3936 fortis
2620 3895 2729 3936 non
2757 3878 3163 3943 sustinuerunt,
3190 3875 3595 3931 adolescentem

2024 3971 2272 4026 videntes
2304 3971 2370 4025 ad
2400 3971 2710 4040 passionem
2748 3969 3149 4031 exsultantem,
3188 3982 3253 4021 ac
3281 3967 3445 4022 veluti
3471 3982 3600 4021 sua-

2026 4078 2144 4118 vem
2178 4071 2363 4132 potum
2388 4072 2620 4116 mortem
2657 4068 3020 4131 appetentem.
3042 4059 3110 4113 Ut
3140 4067 3321 4112 autem
3359 4058 3435 4112 illi
3463 4073 3598 4128 pau-

2026 4154 2194 4225 lisper
2215 4153 2619 4208 cunctabantur
2643 4152 2962 4206 haesitantes
2984 4165 3047 4204 ac
3067 4150 3436 4206 deliberantes
3467 4150 3598 4222 quid

2028 4243 2173 4300 facto
2205 4259 2344 4314 Opus
2374 4252 2522 4299 esset
2554 4261 2568 4298 :
2612 4259 2758 4298 unus
2788 4243 3012 4313 quidam
3046 4258 3112 4296 ex
3155 4242 3224 4299 iis
3253 4244 3347 4313 qui
3375 4242 3600 4298 ordines

346 4333 564 4406 θρωπος
583 4336 877 4408 ὲμπαθῶς;
900 4358 918 4392 ι
946 4365 1018 4378 --
1038 4358 1056 4390 ι
1081 4338 1372 4409 Ἐμπα-θῶς
1405 4338 1502 4409 μὲν
1524 4340 1552 4392 ὁ
1573 4340 1723 4411 ἐμὸς,
1750 4361 1769 4395 ι
1793 4341 1916 4413 ἔφη,

2027 4334 2326 4399 ducebant,
2365 4335 2557 4400 miles,
2595 4337 2688 4404 qui
2719 4334 2826 4390 sibi
2854 4334 3067 4404 lepidus
3102 4343 3156 4388 et
3199 4333 3444 4387 urbanus
3477 4350 3600 4389 esse

352 4444 374 4478 ι
402 4427 536 4490 Θεὸς
567 4427 665 4480 οὐκ
700 4429 1017 4502 ἐγέννησεν·
1061 4428 1194 4484 ἀλλὰ
1232 4431 1325 4484 καὶ
1358 4429 1487 4484 Υἰὸν
1522 4431 1786 4503 ὁμολογῶ,
1832 4435 1927 4485 καὶ⁸

349 4517 626 4587 θεοπρεπῆ
681 4516 824 4586 λέγω
853 4519 952 4589 τὴν
991 4519 1247 4589 γέννησιν
1270 4533 1285 4549 ⁸
1335 4523 1422 4585 σὺ,
1458 4513 1503 4574 ὦ
1551 4520 1794 4591 νηπιώδη
1828 4522 1928 4575 ’τὸν

349 4608 609 4679 λογισμὸν
634 4609 730 4663 καὶ
761 4608 946 4674 ἄθλιε,
996 4611 1096 4664 οὐκ
1143 4609 1403 4682 ἐρυθριᾷς
1451 4611 1575 4665 οὐδὲ
1611 4610 1928 4681 ἐγκαλύπτῃ

349 4701 446 4752 καὶ
478 4699 698 4770 θήλειαν
740 4701 1017 4772 ὁμολογῶν
1051 4702 1200 4769 θεὰν,
1249 4705 1343 4758 καὶ
1369 4703 1446 4768 ῶς
1483 4704 1696 4776 μητέρα
1723 4703 1932 4759 δώδεκα

351 4790 560 4844 παίδων
599 4791 698 4862 τὴν
748 4793 918 4863 αὐτὴν
951 4795 1294 4865 προσκυνῶν,
1330 4795 1624 4849 πολύτοκόν
1657 4813 1780 4849 τινα
1820 4796 1936 4849 δαί-

356 4896 494 4948 μονα
526 4880 667 4933 κατά
694 4882 820 4944 τοὺς
859 4881 1103 4948 λαγωοὺς
1133 4883 1165 4953 ἢ
1197 4884 1295 4948 τὰς
1331 4879 1431 4949 ὗας
1456 4885 1690 4949 εὐκόλως
1725 4884 1819 4938 καὶ
1844 4885 1932 4954 ἐγ·

353 4973 724 5042 κυῖσκομένην
757 4973 854 5027 καὶ
879 4973 1277 5029 ἀποτίκτουσαν
1303 4993 1318 5040 ;
1350 4994 1369 5027 ι

2030 4425 2338 4491 videbatur,
2398 4425 2560 4480 simul
2616 4439 2941 4495 responsum
3001 4427 3263 4496 martyris
3327 4424 3599 4480 irridens:

2033 4535 2053 4569 ι
2091 4516 2288 4581 Estne,
2331 4536 2348 4569 ι
2395 4517 2594 4588 inquit,
2634 4535 2654 4568 ι
2693 4532 2726 4572 o
2757 4517 3062 4586 Theodore,
3104 4518 3279 4575 Filius
3311 4528 3407 4574 tuo
3452 4517 3599 4573 Deo!

2028 4618 2083 4666 et
2127 4621 2352 4680 generat
2403 4611 2494 4666 ille
2551 4611 2735 4667 carnis
2776 4611 3105 4675 affectibus,
3165 4619 3226 4666 ut
3274 4612 3460 4675 homo,
3498 4611 3601 4666 ob—

2031 4703 2270 4758 noxius?
2299 4723 2419 4756 i—c
2455 4702 2705 4758 Humano
2735 4704 2952 4772 quidem
2981 4719 3131 4759 more
3156 4702 3444 4760 affectibus
3483 4717 3605 4758 car-

2032 4794 2119 4849 nis
2142 4795 2412 4850 obnoxius
2440 4811 2614 4858 meus,
2651 4815 2669 4846 ι
2695 4795 2895 4864 inquit,
2923 4815 2942 4847 ι
2977 4794 3124 4850 Deus
3153 4811 3260 4850 non
3280 4795 3558 4865 generavit
3587 4814 3602 4851 :

2033 4902 2224 4942 verum
2267 4895 2320 4941 et
2362 4884 2559 4941 Filium
2609 4888 2895 4948 confiteor.
2935 4895 2992 4942 et
3035 4887 3375 4943 nativitatem
3436 4887 3600 4942 talem

2036 4992 2162 5034 esse
2195 4978 2338 5043 dico,
2377 4992 2499 5047 qua:
2540 4975 2710 5033 Deum
2740 4977 2932 5032 deceat
2965 4997 2977 5032 :
3027 4985 3083 5030 tu
3118 4992 3270 5040 vero,
3297 4992 3330 5031 ο
3359 4978 3524 5032 miser
3550 4985 3604 5031 et

355 5065 625 5133 imperite.
661 5064 809 5137 quod
848 5063 915 5119 ad
946 5080 1170 5122 sensum
1201 5075 1256 5121 et
1288 5069 1556 5124 rationem
1584 5068 1777 5124 attinet
1798 5108 1813 5134 ,
1846 5083 1916 5124 an
1954 5084 2064 5124 non
2092 5069 2394 5132 erubescis,
2425 5084 2489 5123 ac
2517 5068 2723 5138 pudore
2747 5069 2954 5124 vultum
2973 5070 3234 5130 demittis.
3292 5069 3384 5139 qui
3440 5071 3604 5125 etiam

356 5160 618 5216 feminam
657 5160 826 5218 Deum
864 5161 1176 5230 conﬁteris,
1211 5171 1266 5220 et
1331 5172 1392 5219 ut
1455 5173 1685 5220 matrem
1717 5165 2004 5221 duodecim
2046 5151 2340 5221 liberorum
2371 5164 2616 5219 eamdem
2662 5165 2861 5220 adoras
2889 5163 3176 5219 fecundam
3212 5165 3502 5234 quamdam
3534 5165 3582 5220 le

357 5269 552 5324 porum
587 5270 816 5310 suumve
843 5254 1010 5309 modo
1037 5255 1306 5319 daemone,
1340 5272 1462 5326 quae
1487 5255 1649 5313 facile
1675 5264 1730 5312 et
1765 5257 2045 5328 concipiat
2074 5265 2127 5310 ct
2169 5264 2382 5322 partum
2412 5256 2577 5309 edat?

427 5345 615 5410 Οὕτως
635 5347 691 5400 δὲ
734 5346 829 5400 τοῦ
875 5347 1030 5416 ἁγίου
1083 5346 1302 5402 διπλοῦν
1352 5347 1803 5419 ἀντιστρέψαντος
1856 5346 1936 5417 τῷ

355 5439 720 5512 εἰδωλολάτρῃ
760 5441 850 5493 τδν
903 5440 1286 5510 καταγέλωτα.
1364 5441 1548 5512 σχῆμα
1599 5440 1934 5511 πλασάμενοι

359 5530 770 5602 φιλανθρωπίας
798 5533 846 5584 οἱ
884 5531 1156 5603 τύραννοι,
1189 5549 1208 5583 ι
1244 5530 1471 5601 Ὀλίγος,
1499 5551 1518 5584 ι
1550 5533 1702 5602 φασὶ,
1735 5551 1754 5585 ι
1799 5531 1935 5602 πρὸς

354 5619 644 5693 διάσκεψιν
670 5620 934 5695 ἐνδοθὴτω
955 5623 1029 5696 τῷ
1054 5622 1364 5696 μαινομένῳ
1390 5624 1576 5696 καιρός
1599 5639 1613 5654 °
1643 5624 1770 5687 ἴσως
1793 5623 1934 5678 κατά

2112 5348 2248 5402 Cum
2281 5357 2459 5401 autem
2491 5345 2594 5399 hoc
2629 5345 2791 5400 modo
2824 5343 3096 5414 duplicem
3140 5349 3608 5403 sanctusirrisio-

2043 5456 2166 5494 nem
2198 5436 2620 5494 simulacrorum
2646 5435 2845 5490 cultori
2867 5436 3222 5504 reposuisset,
3256 5437 3610 5494 humanitatis

2042 5541 2096 5586 et
2132 5529 2432 5586 clementia:
2465 5529 2649 5599 specie
2684 5527 2827 5584 facta
2875 5529 3134 5598 tyranni,
3183 5549 3201 5580 ι
3238 5529 3504 5602 Exiguum
3527 5569 3544 5594 ,
3587 5550 3606 5582 ι

2043 5623 2334 5694 inquiunt,
2378 5641 2396 5674 ι
2448 5618 2515 5674 ad
2555 5619 3018 5677 considerandum
3066 5619 3365 5676 insanienti
3396 5629 3614 5692 tempus
