4050 6164
476 189 584 248 743

1721 184 1779 239 S.
1815 180 2146 241 GREGORII
2176 183 2474 242 NYSSENI

3611 184 3721 242 7H

471 309 833 374 concedatur,
868 309 1104 364 fortasse
1135 321 1232 378 per
1269 306 1441 361 otium
1465 319 1526 362 re
1555 319 1742 362 secum
1774 321 2045 378 perpensa

2164 307 2343 379 ῖχολὴν
2371 306 2495 372 δοὺς
2518 305 2696 376 ἐαυτῷ
2725 303 2948 377 γνώμην
2968 346 2982 370 ,
3025 304 3322 376 μετάθηται
3353 303 3486 374 πρὸς
3510 304 3572 357 τὺ
3604 304 3718 375 βέλο

475 411 639 472 atque
697 401 993 455 deliberata
1039 398 1343 452 mutabitur
1389 398 1446 452 in
1489 397 1712 452 melius.
1768 395 2046 453 Insaniam

2164 414 2280 451 ξιον.
2311 415 2330 450 ι
2368 397 2581 452 Μανίαν
2604 395 2713 468 γάρ
2735 398 2783 450 οἱ
2808 396 3070 467 ἔκφρονες
3100 397 3197 465 τὴν
3230 394 3581 467 σωφροσύνην
3606 396 3740 448 ἐκά-

443 493 620 548 -enim
671 492 950 546 dementes
997 489 1285 544 sanitatem
1331 487 1536 544 mentis
1569 490 1841 544 vocabant
1871 506 1883 541 :
1913 489 2049 544 alie-

473 585 751 640 nationem
804 597 936 637 vero
989 580 1188 637 mentis
1239 588 1294 636 et
1347 581 1686 647 vecordiam,
1730 581 1991 650 pietatem
2031 597 2045 633 :

471 672 934 745 quemadmodum
982 673 1061 738 fit,
1110 687 1234 727 cum
1291 672 1433 728 ebrii
1490 687 1647 727 suam
1707 671 2049 727 affectionem

473 765 674 820 sobriis
719 765 1008 833 objiciunt.
1044 765 1113 818 At
1156 764 1320 817 homo
1372 763 1497 833 pius
1537 762 1860 831 Christique
1890 761 2051 816 miles

470 855 600 907 dato
631 855 735 909 sibi
780 854 959 923 spatio
989 853 1056 906 ad
1099 850 1242 906 forte
1268 867 1333 906 ac
1355 853 1515 906 virile
1539 851 1756 906 facinus
1777 851 2047 906 abutitur.

471 944 759 1010 Quodnam
797 955 981 1000 autem
1027 947 1080 999 id
1117 943 1319 1009 fuerit,
1362 950 1581 1014 tempus
1616 952 1702 1000 est
1734 942 1888 999 vobis
1927 956 2054 996 cum

473 1038 660 1092 laititia
695 1039 1066 1092 narrationem
1096 1035 1402 1105 accipiendi
1433 1051 1446 1087 :
1486 1034 1547 1088 Ei
1585 1049 1708 1104 quae
1742 1033 1944 1088 fabulis
1964 1047 2056 1086 ce-

474 1130 736 1190 lebratur,
769 1129 932 1182 matri
963 1128 1189 1182 deorum
1233 1128 1493 1196 templum
1527 1136 1646 1181 erat
1678 1126 1733 1179 in
1765 1124 2054 1192 metropoli

473 1220 724 1285 Amasea,
756 1219 904 1289 quod
931 1220 1007 1272 illi
1034 1259 1049 1283 ,
1092 1220 1186 1288 qui
1221 1228 1351 1272 tunc
1381 1219 1660 1281 errabant,
1690 1216 1822 1270 inibi
1855 1215 2055 1270 alicubi

474 1312 620 1365 circa
653 1311 804 1378 ripas
835 1309 1014 1362 amnis
1061 1309 1301 1361 vanitate
1348 1306 1572 1360 adducti
1617 1309 2052 1360 exstruxerant:

474 1403 579 1455 hoc
612 1401 716 1455 iste
748 1401 830 1455 vir
858 1409 1117 1454 strenuus
1152 1401 1205 1452 in
1246 1407 1492 1467 tempore
1523 1396 1665 1450 data:
1707 1396 1814 1451 sibi
1842 1393 2057 1450 securi-

475 1495 603 1548 tatis
644 1500 804 1562 capta
837 1491 1167 1556 occasione,
1197 1499 1265 1546 et
1321 1504 1456 1544 aura
1489 1487 1734 1545 secunda
1768 1487 2056 1541 incensum

475 1585 870 1648 concremavit,
927 1584 1107 1652 reipsa
1169 1595 1500 1651 responsum
1535 1618 1550 1643 ,
1587 1579 1732 1650 quod
1788 1583 1910 1646 post
1963 1575 2058 1631 de-

2148 483 2274 538 λουν
2297 499 2312 515 °
2365 483 2628 538 ἔκστασιν
2658 483 2717 537 δέ
2756 484 2852 537 καὶ
2877 483 3220 555 παραφορὰν,
3259 483 3359 554 τὴν
3404 483 3688 536 εὐλάϐειαν
3710 499 3726 514 °

2149 577 2338 649 ῶσπερ
2367 578 2494 632 ὅταν
2515 578 2566 630 οἱ
2601 575 2913 648 μεθύοντες,
2953 575 3012 628 τὸ
3042 575 3171 628 ῐδιον
3199 574 3368 636 πάθος
3386 576 3498 637 τοῖς
3522 575 3729 644 νήφου-

2153 685 2236 722 σιν
2272 666 2622 732 ὀνειδίζωσιν.
2671 666 2809 720 Ἀλλ’
2845 668 2874 719 6
2910 664 3140 735 εὐσεϐὴς
3183 662 3466 732 ἄνθρωπος
3497 664 3591 716 καὶ
3633 663 3731 716 τοῦ

2151 760 2388 832 Χριστοῦ
2425 759 2871 832 στρατιώτης,εἰς
2901 757 3158 828 ἀνδρικὴν
3187 755 3385 826 πρᾶξιν
3413 757 3480 826 τῇ
3513 753 3734 828 δοθείσῃ

2155 853 2317 925 σχολῇ
2347 853 2748 922 κατεχρήσατο.
2803 850 2940 920 Ποία
2962 848 3162 919 vatim;
3210 847 3418 916 Καιρὸς
3447 847 3576 917 ὑμῖν
3613 848 3734 916 μετ’

2153 942 2492 1013 εὐφροσύνης
2525 939 2883 1005 ὑποδέξασθαι
2905 939 2964 992 τὸ
2991 939 3254 1009 διήγημα·
3285 937 3362 1008 Τῇ
3390 936 3735 1008 μυθευομένῃ

2158 1033 2326 1104 μητρὶ
2355 1031 2461 1086 τῶν
2485 1031 2643 1095 θεῶν,
2669 1031 2792 1093 ναὸς
2822 1027 2890 1102 ἦν
2917 1030 3008 1084 ἐπὶ
3035 1032 3134 1100 τῆς
3162 1029 3535 1099 μετροπόλεως
3560 1029 3733 1097 Ἅμα-

2157 1125 2325 1188 σεὶας,
2356 1123 2414 1177 ὃν
2439 1126 2487 1177 oi
2534 1125 2654 1177 τότε
2693 1122 3048 1193 πλανώμενοι,
3102 1121 3267 1174 αὑτοῦ
3318 1137 3421 1172 που
3456 1119 3581 1190 περὶ
3632 1118 3734 1183 τὰς

2155 1218 2320 1289 ὄχθας
2360 1217 2454 1272 τοῦ
2500 1215 2744 1287 ποταμοῦ
2797 1216 2862 1286 τῇ
2917 1215 3234 1286 ματαιότητι
3294 1211 3732 1266 κατεσκεύασαν.

2157 1311 2358 1364 Τοῦτον
2385 1311 2414 1363 6
2437 1311 2704 1378 γενναῖος,
2736 1309 2794 1360 ἐν
2821 1307 2900 1378 τῷ
2933 1308 3028 1377 τῆς
3055 1306 3302 1376 δοθείσης
3334 1305 3518 1367 ἀδείας
3553 1303 3734 1374 καιρῷ

2157 1403 2494 1478 ἐπιτηρήσας
2559 1400 2813 1472 εὔκαιρον
2863 1399 3044 1471 ὤραν,
3087 1399 3179 1451 καὶ
3227 1393 3400 1468 αὔραν
3450 1397 3734 1466 ἐπίφορον,

2158 1493 2450 1564 ἐμπρήσας
2492 1491 2816 1560 κατέφλεξεν
2832 1529 2847 1554 ,
2876 1489 3020 1562 ἔργῳ
3042 1491 3153 1552 τοῖς
3174 1488 3471 1561 ἀλιτηρίοις
3497 1487 3616 1551 δοὺς
3633 1487 3736 1555 τὴν

2160 1583 2469 1656 ἀπόκρισιν,
2501 1586 2568 1654 ἣν
2597 1583 2816 1646 πάντως
2844 1582 3104 1654 ἀνέμενον
3139 1581 3276 1652 μετά
3309 1581 3406 1652 τὴν
3427 1579 3733 1648 διάσκεψιν.

479 1673 856 1727 liberationem
896 1687 1126 1741 prorsus
1182 1670 1614 1740 exspectabant,
1670 1665 1856 1736 impiis
1897 1673 2060 1734 atque

2174 1675 2456 1742 Ἐπιδήλου
2491 1675 2546 1728 δέ
2573 1675 2668 1728 τοῦ
2709 1674 3034 1745 πράγματος
3058 1672 3266 1742 ταχέως
3299 1671 3471 1724 ἀπασι
3504 1671 3737 1741 γενομέ-

475 1763 727 1819 scelestis
779 1762 938 1818 daus.
1005 1762 1141 1816 Cum
1201 1776 1266 1815 ea
1324 1776 1412 1815 res
1475 1757 1734 1814 celeriter
1799 1757 2056 1811 omnibus

475 1854 758 1926 patefieret
834 1853 1089 1922 (quippe
1149 1853 1203 1905 in
1268 1851 1406 1906 urbe
1477 1849 1658 1904 media
1710 1847 2057 1903 clarissimus

477 1942 618 2012 ignis
651 1954 916 1995 accensus
964 1940 1137 2005 erat),
1193 1953 1306 1992 non
1361 1937 1676 1992 occultabat
1721 1936 1898 1989 audax
1962 1933 2062 1988 in—

475 2043 714 2103 cmptum
748 2070 764 2097 ,
820 2047 996 2101 neque
1046 2031 1369 2093 laborabat,
1415 2039 1476 2082 ut
1512 2029 1615 2082 hoc
1652 2042 1680 2080 a
1732 2042 1792 2083 se
1857 2026 2060 2080 factum

477 2125 688 2190 lateret,
733 2123 827 2178 sed
861 2123 1038 2193 palam
1071 2137 1136 2176 ac
1168 2122 1522 2176 vehementer
1539 2120 1758 2190 quidem
1789 2118 2064 2189 significa-

477 2217 569 2270 bat
614 2231 737 2272 sese
769 2224 992 2285 propter
1050 2213 1371 2284 praeclarum
1447 2212 1664 2267 facinus
1693 2219 1749 2265 et
1777 2226 1891 2266 rem
1925 2210 2065 2265 bene

477 2317 684 2378 gestam
735 2308 1016 2362 exsultare
1052 2314 1108 2361 et
1144 2305 1348 2370 eﬂ'erri,
1380 2315 1544 2374 atque
1569 2303 1808 2357 tumultu
1869 2300 2066 2370 impio-

477 2415 618 2462 rum,
663 2413 773 2468 quo
809 2397 996 2466 templi
1049 2403 1213 2465 atque
1271 2402 1466 2451 statuae
1533 2397 1754 2448 nomine
1817 2391 2065 2447 dolentes

479 2491 963 2560 perturbabantur,
999 2502 1164 2558 supra
1201 2487 1420 2540 modum
1443 2485 1712 2556 gaudere;
1741 2483 1872 2555 quin
1902 2484 2065 2538 etiam

479 2582 892 2652 magistratibus
913 2581 1216 2634 indicatum
1235 2589 1338 2642 est,
1365 2576 1511 2647 quod
1528 2577 1644 2646 ipse
1673 2576 1789 2632 suis
1812 2576 2067 2629 manibus

481 2651 790 2728 incendium
839 2671 1059 2727 fecisset
1091 2690 1106 2726 :
1151 2687 1216 2726 ac
1247 2684 1443 2725 rursus
1473 2669 1742 2739 judicium
1767 2667 1936 2738 priori
1958 2676 2068 2720 ter-

479 2765 713 2830 ribilius,
759 2773 819 2818 ut
868 2765 1126 2818 nimirum
1196 2763 1356 2817 etiam
1411 2778 1510 2832 par
1565 2769 1702 2827 erat,
1754 2777 1878 2816 cum
1916 2767 2065 2814 tanta

482 2873 592 2918 res,
623 2870 745 2925 qua:
797 2855 1151 2910 exacerbaret
1202 2860 1257 2907 et
1307 2853 1554 2908 irritaret
1583 2869 1698 2919 eos,
1757 2853 2063 2907 incidisset.

2160 1785 2251 1821 vou
2280 1768 2392 1837 (καὶ
2421 1767 2528 1838 γὰρ
2573 1767 2632 1820 ἐν
2677 1766 2754 1838 τῷ
2786 1767 2935 1838 μέσῳ
2979 1765 3074 1835 τῆς
3102 1765 3309 1828 πόλεώς
3354 1763 3738 1834 φανερώτατον

2161 1861 2366 1931 ἐξήφθη
2410 1859 2472 1912 τὸ
2509 1858 2674 1931 πῦρ),
2723 1861 2822 1912 οὐκ
2870 1857 3216 1929 ἐπεκρύψατο
3262 1856 3360 1926 τὴν
3402 1855 3734 1926 ἐγχείρησιν,

2161 1951 2281 2004 οὐδέ
2311 1951 2609 2005 ἐσπούδασε
2640 1951 2700 2004 τὸ
2725 1949 2908 2002 λαθεῖν
2929 1966 2943 1979 ·
2983 1947 3099 2002 ἀλλ’
3132 1946 3344 2018 ἔνδηλος
3368 1942 3456 2017 ἦν,
3480 1947 3572 1999 καὶ
3604 1945 3739 2014 σφό-

2161 2043 2264 2113 δρα
2302 2058 2366 2110 γε
2409 2041 2486 2111 τῷ
2543 2039 2926 2113 κατορθώματι
2958 2038 3220 2110 γαυριῶν,
3273 2037 3365 2090 καὶ
3387 2036 3740 2106 ὑπερχαίρων

2162 2135 2227 2204 τῇ
2255 2135 2461 2204 ταραχῇ
2479 2133 2586 2186 τῶν
2607 2132 2870 2203 ἀθέων,ἥν
2897 2131 3268 2202 ἐταράττοντο,
3289 2129 3364 2198 τῷ
3383 2129 3493 2198 ναῷ
3516 2147 3580 2181 πε
3591 2127 3742 2199 ριαλ-

2164 2222 2388 2292 γοῦντες
2463 2223 2558 2276 καὶ
2603 2223 2682 2293 τῷ
2735 2223 2924 2294 ξοάνῳ.
2982 2223 3091 2275 Καὶ
3151 2221 3328 2292 μέντοι
3386 2220 3740 2290 κατεμηνύθη

2164 2317 2276 2379 τοῖς
2306 2315 2594 2384 ἄρχουσιν,
2618 2314 2694 2377 ὡς
2724 2314 3102 2385 αύτουργήσας
3139 2314 3229 2364 τὸν
3260 2308 3616 2383 ἐμπρησμὸν·
3647 2311 3743 2364 καὶ

2167 2406 2327 2459 πάλιν
2351 2407 2628 2476 κριτήριον
2679 2403 3051 2476 φοϐερώτερον
3089 2403 3182 2456 τοῦ
3214 2403 3478 2474 προτέρου
3501 2419 3516 2434 ο
3549 2402 3744 2472 ῶσπερ

2167 2494 2260 2552 οὖν
2288 2498 2383 2552 καὶ
2411 2499 2578 2564 εἰκὸς,
2599 2498 2999 2568 ἐπισυμϐάντος
3026 2496 3344 2568 τηλικούτου
3374 2496 3468 2549 τοῦ
3502 2493 3745 2565 παροξύο

2167 2609 2376 2655 ναντος.
2407 2590 2514 2645 Καὶ
2539 2593 2588 2644 oi
2622 2591 2720 2664 μὲν
2748 2592 2837 2644 ἐπὶ
2857 2590 2946 2644 τὸν
2975 2589 3281 2643 δικαστικὸν
3315 2589 3585 2659 ἀνέϐησαν
3619 2586 3747 2660 θρό-

2168 2697 2277 2734 νον.
2313 2679 2584 2751 Θεόδωρος
2611 2680 2666 2732 δέ
2695 2677 3164 2752 εὐπαρῥησίαστος
3194 2680 3250 2731 ἐν
3284 2680 3394 2742 τοῖς
3428 2677 3610 2746 μέσοις
3645 2675 3742 2746 ἀρ-

2168 2789 2352 2842 χοντος
2375 2771 2574 2842 θάρσος
2597 2772 2732 2842 ἔχων
2763 2773 2819 2825 ἐν
2845 2775 2910 2844 τῇ
2937 2773 3122 2826 στάσει
3151 2771 3242 2825 τοῦ
3267 2769 3582 2841 κρινομένου
3607 2770 3748 2840 ἐρω-⁹

2169 2863 2432 2933 τώμενος,
2468 2865 2561 2916 καὶ
2593 2864 2669 2934 τῷ
2701 2865 2853 2934 τάχει
2886 2863 2986 2934 τῆς
3018 2861 3304 2934 ὁμολογίας
3346 2861 3446 2931 τὴν
3475 2859 3748 2930 ἐρώτησιν

480 2952 658 3015 Atque
713 2945 788 2997 illi
821 2945 1037 3013 quidem
1096 2943 1152 2996 in
1188 2942 1450 3012 judiciale
1507 2942 1748 2996 tribunal
1806 2941 2060 2997 ascende-

2171 2956 2501 3018 ἐπικόπτων.
2561 2957 2778 3028 Ἐπειδὴ
2809 2956 2865 3010 δὲ
2903 2955 3321 3026 ἀκατάπληκτος
3351 2949 3440 3024 ἦν,
3471 2953 3566 3006 καὶ
3605 2953 3746 3023 πρὸς

482 3045 645 3090 runt:
673 3033 993 3088 Theodorus
1019 3047 1148 3086 vero
1179 3032 1232 3085 in
1254 3032 1432 3086 medio
1458 3047 1646 3088 eorum
1676 3032 1836 3104 (erat)
1869 3047 2065 3103 magna

482 3125 737 3199 loquendi
784 3125 1032 3178 libertate
1057 3131 1234 3189 utens,
1269 3123 1324 3176 in
1349 3131 1496 3176 statu
1551 3137 1774 3178 causam
1830 3123 2067 3179 dicentis

482 3219 836 3287 magistratus
865 3214 1196 3269 conﬁdentia
1243 3215 1507 3284 praeditus
1530 3230 1654 3268 cum
1699 3215 2067 3285 interrogare-

480 3319 592 3370 tur,
653 3308 934 3364 eeleritate
967 3306 1334 3361 confessionis
1377 3306 1861 3376 interrogationem
1913 3315 2068 3362 ante-

479 3409 717 3456 vertens.
774 3400 1134 3470 Posteaquam
1168 3381 1348 3453 autem
1377 3408 1431 3454 et
1468 3399 1875 3468 imperterritus
1923 3406 2066 3468 erat,

479 3505 533 3548 et
562 3492 628 3546 ad
671 3493 808 3548 nihil
863 3506 1053 3549 eorum
1104 3505 1227 3560 quae
1279 3491 1466 3561 gravia
1497 3499 1662 3560 atque
1711 3505 1904 3560 aspera
1939 3505 2064 3546 cum

480 3585 644 3640 minis
690 3585 740 3640 ei
788 3583 1212 3641 ostentabantnr
1252 3584 1546 3653 supplicia,
1605 3597 1664 3638 se
1695 3583 2064 3650 submitteret,

479 3693 578 3731 nec
632 3678 999 3733 conﬁdentius
1056 3677 1204 3748 loqui
1255 3675 1555 3739 desineret,
1612 3675 1670 3730 in
1724 3675 2064 3730 contrariam

481 3771 748 3823 rationem
780 3770 973 3824 mutati
1006 3778 1156 3834 sunt,
1188 3783 1252 3822 ac
1282 3767 1521 3838 benigne
1554 3782 1680 3821 cum
1733 3782 1800 3823 eo
1854 3783 2067 3824 sermo-

477 3861 726 3914 einantes
789 3861 1078 3929 promissis
1129 3860 1339 3929 justum
1381 3859 1703 3914 subtrahere
1760 3861 2065 3918 tentabant.

484 3971 503 4002 ε
541 3952 603 4004 Et
635 3951 796 4014 scito,
820 3970 838 4000 ι
875 3951 1149 4020 inquiunt,
1185 3968 1204 4002 t
1237 3950 1380 4018 quod
1415 3950 1463 4004 si
1492 3949 1781 4004 consilium
1816 3961 2064 4007 nostrum

481 4042 798 4096 obedienter
818 4043 1106 4097 admittere
1132 4042 1390 4105 volueris,
1411 4040 1660 4111 protinus
1680 4049 1732 4096 te
1748 4057 1808 4096 ex
1831 4043 2067 4100 obscuro

482 4134 743 4196 nobilem,
786 4149 850 4188 ex
899 4134 1088 4189 humili
1129 4135 1495 4204 despectoque
1539 4141 1595 4187 et
1625 4134 1857 4205 inglorio
1893 4135 2064 4191 hono-

483 4234 662 4278 ratum
711 4225 1006 4280 efﬁciemus
1040 4244 1053 4280 :
1087 4240 1151 4280 ac
1187 4226 1286 4280 tibi
1333 4226 1684 4296 pontificatus
1735 4227 2056 4297 dignitatem

2170 3047 2322 3100 οὐδὲν
2351 3046 2594 3116 ἐφείδετο
2620 3047 2726 3102 τῶν
2746 3047 3151 3118 ἀπειλουμένων
3177 3045 3383 3108 δεινῶν,
3411 3046 3489 3108 είς
3517 3045 3748 3097 τούναν-

2169 3138 2282 3191 τίον
2319 3139 2722 3210 μετεϐλήθησαν
2755 3139 2953 3210 τρόπον
2973 3155 2988 3171 ·
3023 3138 3116 3192 καὶ
3149 3135 3540 3206 φιλανθρώπως
3571 3134 3747 3187 διαλε-

2169 3229 2770 3300 γόμενοι,ἐπαγγελίαις
2791 3228 2962 3282 ὑποσύ
2972 3245 3026 3300 ρε
3036 3246 3081 3280 ιν
3101 3226 3398 3298 ἐπειρῶντο
3412 3224 3501 3278 τὸν
3516 3224 3745 3279 δίκαιον.

2176 3339 2195 3372 t
2229 3321 2338 3373 Καὶ
2365 3321 2617 3388 γίνωσκε,
2641 3341 2657 3372 ι
2697 3319 2878 3388 φασὶν,
2918 3339 2935 3370 ‹
2959 3319 3034 3383 ὠς
3058 3320 3106 3372 εἰ
3130 3317 3449 3389 βουληθείης
3476 3315 3748 3378 εὐπειθῶς

2169 3411 2266 3482 τὴν
2308 3410 2612 3482 συμϐουλὴν
2659 3410 2754 3480 τὴν
2800 3409 3073 3481 ἡμετέραν
3121 3408 3537 3480 προσδέξασθαι,
3581 3407 3749 3470 εύθύς

2172 3518 2231 3554 σε
2261 3501 2673 3570 καταστήσομεν
2728 3499 2787 3566 ἐξ
2837 3501 3057 3568 ἀφανῶν
3100 3499 3405 3571 γνώριμον,
3453 3499 3512 3563 ἐξ
3540 3499 3748 3564 ἀδόξων

2170 3593 2383 3663 ἔντιμον
2407 3609 2422 3625 ο
2463 3593 2555 3646 καί
2587 3609 2667 3644 σοι
2702 3592 2800 3663 τῆς
2846 3593 3255 3665 ἀρχιερωσύνης
3296 3592 3749 3664 ἐπαγγελλόμεθα

2168 3686 2268 3758 τὴν
2307 3683 2483 3749 ἀξίαν.
2516 3703 2534 3734 ι
2573 3684 2659 3747 Ὠς
2682 3683 2737 3736 δέ
2762 3682 2854 3736 τοῦ
2879 3683 2978 3752 τῆς
3001 3683 3407 3754 ἀρχιερωσύνης
3435 3683 3746 3754 ἀξιώματος

2169 3775 2420 3844 ἧκουσεν,
2470 3772 2771 3840 ἐγγελάσας
2808 3772 3015 3843 μακρὸν
3064 3775 3092 3826 6
3119 3773 3517 3844 τρισμακάριος
3553 3769 3704 3826 εἶπεν
3727 3791 3744 3806 ο

2177 3881 2194 3915 t
2219 3863 2358 3930 Ἐγὼ
2390 3863 2483 3915 καὶ
2519 3863 2644 3924 τοὺς
2674 3863 2854 3934 ίερέας
2875 3864 2983 3916 τῶν
3009 3863 3240 3919 εἰδώλων
3270 3864 3486 3929 ἀθλίους
3513 3865 3745 3938 κρίνων,

2170 3955 2265 4008 καὶ
2295 3953 2370 4018 ὡς
2413 3953 2650 4024 ματαίας
2699 3954 2948 4025 πράξεως
2978 3955 3276 4026 ὑπηρέτας,
3304 3956 3586 4028 οἰκτείρω·
3616 3959 3746 4020 τοὺς

2168 4047 2224 4100 δέ
2250 4045 2538 4117 ἀρχιερέας
2565 4045 2657 4097 ἐπὶ
2695 4045 2876 4099 πλεῖον
2923 4045 3056 4098 ἐλεῶ
3091 4049 3185 4100 καὶ
3223 4047 3578 4118 βδελύσσομαι
3603 4065 3617 4078 ο
3650 4050 3745 4101 ἐπὶ⁵

2169 4135 2277 4206 γὰρ
2296 4136 2402 4189 τῶν
2425 4135 2749 4208 χειρόνων,ὁ
2775 4137 2974 4207 μείζων
2995 4137 3088 4191 καὶ
3117 4139 3512 4208 πρωτοτακτῶν
3541 4139 3742 4194 ἀθλιώο

2169 4243 2355 4298 τεροςο
2395 4227 2470 4290 ὡς
2500 4228 2558 4280 ἐν
2587 4230 2700 4292 τοῖς
2737 4228 2964 4294 ἀδίκοις,
2987 4230 3015 4282 6
3041 4229 3365 4300 ἀδικώτερος
3391 4247 3404 4260 ·
3447 4231 3522 4294 ὡς
3551 4233 3608 4284 ἐν
3632 4234 3744 4296 τοῖς

483 4317 906 4387 promittimus.»
927 4318 996 4374 Ut
1015 4326 1192 4373 autem
1213 4318 1545 4389 pontificiam
1561 4318 1882 4389 dignitatem
1899 4321 2060 4375 nomi-

2173 4319 2444 4388 φονεῦσιν,
2475 4321 2502 4373 6
2531 4320 2730 4390 μᾶλλον
2757 4320 2906 4392 ώμὸς
2931 4337 2944 4347 '
2983 4321 3058 4384 ὡς
3092 4323 3149 4374 ἐν
3202 4325 3313 4385 τοῖς
3345 4321 3686 4389 ἀκολάστοις,
3712 4323 3744 4375 ὁ

479 4410 599 4464 nari
619 4411 845 4473 audivit,
866 4422 946 4466 ter
970 4419 1270 4481 quaterque
1295 4411 1490 4465 beatus
1523 4411 1633 4474 ille,
1653 4425 1774 4463 cum
1795 4410 1888 4464 diu
1923 4413 2062 4465 mul-

479 4513 702 4572 tumque
730 4503 995 4560 irrisisset
1019 4503 1281 4575 (tandem)
1301 4502 1438 4558 dixit
1462 4522 1475 4556 :
1501 4522 1519 4554 ι
1546 4502 1658 4572 E30
1683 4502 1845 4558 etiam
1879 4518 2062 4559 sacer-

477 4596 636 4651 dotes
663 4597 1084 4652 simulacrorum
1103 4613 1444 4651 rerumnosos
1458 4611 1579 4651 esse
1596 4595 1807 4664 judico,
1826 4601 1878 4650 et
1901 4604 1958 4648 ut
1979 4611 2064 4650 va-

479 4702 562 4741 na:
579 4688 812 4742 actionis
830 4688 1110 4742 ministros
1127 4689 1359 4742 miseror
1379 4705 1393 4756 ;
1413 4687 1729 4758 pontiﬁcum
1749 4700 1879 4740 vero
1893 4687 2063 4741 multo

481 4779 652 4848 magis
663 4794 748 4834 me
759 4787 812 4834 et
829 4780 1069 4848 miseret,
1085 4788 1137 4835 et
1156 4781 1441 4835 abominor
1456 4779 1708 4835 eosdem:
1731 4779 1873 4833 inter
1891 4780 2064 4834 malos

479 4872 625 4924 enim
644 4872 738 4940 qui
761 4871 936 4941 major
965 4880 1070 4935 est,
1095 4887 1158 4926 ae
1173 4874 1407 4942 primum
1425 4874 1602 4928 locum
1625 4880 1796 4934 tenet.
1813 4871 2064 4925 miserior

479 4970 592 5027 est;
620 4973 681 5016 ut
715 4963 858 5018 inter
887 4963 1447 5033 injustos,injustior;
1482 4972 1540 5018 ut
1563 4964 1705 5018 inter
1736 4963 2059 5028 homicidas,

478 5053 571 5122 qui
613 5053 940 5108 crudelitate
990 5064 1216 5108 caeteros
1247 5053 1531 5122 prmcedit;
1558 5061 1617 5106 ut
1655 5053 1798 5107 inter
1825 5053 2062 5108 lascivos

479 5155 530 5198 et
558 5145 902 5210 libidinosos,
927 5145 1020 5215 qui
1049 5145 1384 5214 petulantior
1409 5155 1571 5213 atque
1600 5146 1907 5213 protervior
1931 5154 2018 5200 est
2045 5159 2059 5196 :

480 5245 767 5305 prepterea
826 5237 1134 5306 perniciosa
1176 5236 1527 5306 promittendi
1559 5236 1759 5290 dehinc
1789 5235 1948 5291 finem
1983 5235 2064 5290 fa-

478 5328 627 5388 cite;
667 5341 774 5381 non
826 5329 992 5391 enim,
1031 5329 1166 5383 heus
1216 5343 1312 5382 vos
1371 5327 1831 5388 animadvertitis,
1887 5343 2063 5396 neque

481 5420 694 5474 sentitis
724 5428 888 5490 caput
920 5428 974 5474 et
1025 5436 1297 5475 summum
1337 5420 1602 5473 malorum
1655 5419 1784 5473 mihi
1843 5419 2065 5488 promit-

479 5520 694 5563 tentes:
727 5519 776 5562 at
807 5512 878 5571 ei.
901 5511 993 5580 qui
1017 5513 1103 5580 pie
1136 5527 1199 5566 ac
1229 5520 1380 5566 recte
1399 5512 1578 5564 vivere
1602 5511 1810 5572 statuit,
1841 5517 2064 5578 prmstat

479 5601 534 5652 tn
563 5599 726 5653 domo
777 5593 990 5655 Domini
1038 5603 1310 5672 abjectum
1351 5617 1496 5669 esse,
1533 5616 1695 5672 quam
1729 5602 1976 5657 bahitare
2009 5603 2062 5656 in

2168 4412 2580 4485 ἀσελγέστερος
2635 4414 2730 4468 καὶ¹
2761 4414 2850 4467 διὰ
2881 4412 3036 4467 τοῦτο
3073 4414 3321 4469 ἐντεῦθεν
3375 4415 3476 4487 ἥδη
3520 4416 3608 4469 διὰ
3635 4417 3746 4470 τῶν

2165 4503 2420 4576 ὀλεθρίων
2441 4504 2781 4574 ἐπαγγελιῶν
2811 4506 3142 4560 καταϐάλετε
3168 4522 3180 4536 ·
3206 4506 3464 4578 λελήθατε
3494 4510 3601 4578 γάρ
3632 4527 3745 4580 μοι,

2165 4586 2209 4646 ὦ
2231 4587 2398 4662 οὗτοι,
2428 4595 2525 4666 τὴν
2552 4596 2796 4667 κορυφὴν
2817 4596 2925 4649 τῶν
2949 4597 3134 4650 κακῶν
3156 4599 3514 4670 ὑποσχόμενοι
3540 4615 3555 4629 ·
3581 4599 3660 4669 τῷ
3688 4598 3749 4651 δὲ

2166 4685 2404 4748 εὐσεϐῶς
2456 4687 2551 4740 καὶ
2587 4686 2762 4756 ὀρθῶς
2807 4688 2906 4759 ζῇν
2958 4691 3406 4761 προαιρουμένῳ,
3465 4691 3746 4760 παραρρι-

2166 4775 2412 4829 πτειῖσθαι
2446 4776 2608 4830 καλὸν
2635 4779 2691 4829 ἐν
2712 4776 2788 4848 τῷ
2816 4777 2949 4849 οἴκῳ
2978 4779 3071 4832 τοῦ
3097 4779 3232 4833 Θεοῦ
3265 4780 3486 4849 μᾶλλον,
3510 4779 3542 4849 ἦ
3573 4781 3746 4832 οἰκεῖν

2164 4870 2222 4920 ἐν
2251 4867 2601 4937 σκηνώμασιν
2635 4869 2992 4940 ἁμαρτωλῶν.
3035 4870 3174 4940 Ἐγὼ
3205 4873 3299 4925 καὶ
3328 4872 3454 4934 τοὺς
3488 4872 3745 4940 βασιλέας

2164 4958 2404 5022 τούτους,
2449 4955 2524 5012 ὧν
2579 4959 2669 5013 τὸν
2715 4961 2912 5031 ἄνομον
2965 4963 3201 5033 συνεχῶς
3263 4961 3744 5030 ὑπαναγινώσκετε

2165 5051 2349 5119 νόμον,
2381 5049 2535 5114 ἐλεῶ,
2570 5051 2652 5104 ὅτι
2685 5051 2956 5123 αὔταρκες
2994 5055 3051 5107 ἐν
3088 5052 3392 5126 ἀνθρώποις
3434 5053 3649 5125 ἀξίωμα
3684 5055 3742 5107 τὸ

2166 5143 2363 5212 κράτος
2390 5143 2491 5213 τῆς
2544 5141 2819 5212 βασιλείας
2865 5142 3112 5213 ἔχοντες,
3160 5145 3256 5215 τὴν
3297 5146 3390 5198 τοῦ
3439 5145 3739 5217 ἀρχιερέως

2165 5235 2377 5298 ἑαυτοῖς
2407 5234 2779 5306 προσηγορίαν
2800 5235 3082 5301 ἀνέθεσαν,
3116 5237 3209 5289 καῖ⁹
3239 5239 3337 5306 τὴν
3360 5237 3606 5310 πενθήρη
3648 5236 3740 5290 καὶ

2168 5327 2444 5398 σκοτεινὴν
2461 5327 2745 5400 πορφύραν
2770 5328 2976 5381 ἐκεῖθεν
3003 5327 3387 5399 ἀμπίσχονται,
3409 5329 3549 5384 κατά
3571 5330 3741 5400 μίμη-

2169 5435 2251 5471 σιν
2278 5420 2384 5471 τῶν
2410 5419 2813 5490 κακοδαιμόνων
2844 5420 3178 5492 ἀρχιερέων,
3219 5420 3488 5491 ἀξιώματι
3531 5419 3739 5492 φαιδρῷ

2169 5509 2490 5579 σκυθρωπὸν
2529 5510 2914 5582 περιφέροντες
2961 5511 3165 5580 ἔνδυμα
3193 5528 3206 5541 ο
3266 5512 3381 5565 ἐστι
3421 5513 3478 5566 δὲ
3516 5513 3603 5566 ὅτε
3647 5511 3736 5565 καὶ

2171 5601 2350 5672 μιαρῷ
2389 5601 2556 5674 βωμῷ
2592 5604 3001 5676 πλησιάζοντες,
3050 5604 3170 5658 ἀντὶ
3199 5603 3462 5676 βασιλέων
3500 5604 3734 5674 γίνονται
