4050 6164
388 289 494 346 745
1524 296 1612 351 DE
1653 297 1709 354 S.
1754 296 2130 353 'I‘HEODORO
2164 296 2522 353 MARTYRE.
3551 309 3650 364 756

390 409 638 477 μάγειροι
686 406 860 478 ὄρνεις
915 406 1161 478 θύοντες,
1221 411 1312 464 καὶ
1355 411 1715 483 βοσκημάτων
1761 411 1919 466 ἀθλία

2022 411 2438 480 [tabernaculis
2501 419 2870 484 peccatorum.
2919 416 3002 473 Me
3047 417 3207 473 etiam
3263 417 3650 490 imperatorum

380 493 663 569 σπλάγχνα
694 501 1129 573 διερευνώμενοι,
1155 504 1248 556 καὶ
1275 505 1352 575 τῷ
1377 503 1558 575 λύθρῳ
1584 503 1680 556 τοῦ
1706 504 1919 574 αἵματος

2071 504 2290 570 horum,
2329 521 2563 576 quorum
2604 508 2772 579 legem
2806 509 3047 580 iniquam
3076 512 3424 566 continenter
3453 512 3650 567 recita-

378 590 454 654 ὡς
488 591 816 669 κρεωπῶλαί
853 610 996 657 τινες
1022 595 1121 663 τὴν
1152 594 1354 666 ἐσθῆτα
1388 595 1728 666 μολύνοντες.
1758 613 1776 647 ι

2069 595 2167 660 tis,
2211 597 2454 660 miseret,
2491 598 2638 668 quod
2671 613 2795 654 cum
2845 601 2940 671 per
3004 617 3064 658 se
3098 603 3233 658 satis
3265 618 3458 673 magna
3504 603 3649 657 inter

379 686 627 742 homines
696 687 963 758 dignitate
1019 693 1090 748 ob
1137 693 1344 764 regium
1379 693 1668 764 imperium
1744 692 1958 764 praediti
1998 692 2131 760 sint,
2181 692 2459 764 pontiﬁcis
2512 697 2932 766 appellationem
2975 700 3078 756 sibi
3151 710 3526 772 sumpserunt,
3591 709 3646 755 et

376 779 589 852 lugubri
622 784 964 857 obscuraque
991 803 1227 858 purpura
1259 789 1422 856 hujus
1449 788 1794 860 indignitatis
1849 788 2076 843 nomine
2137 788 2467 854 induuntur,
2522 790 2588 844 ad
2647 790 3010 847 imitationem
3079 793 3378 850 infelicium
3422 795 3642 864 pontili~

375 889 521 939 cum,
548 877 601 929 in
625 878 889 947 dignitate
916 881 1200 950 Splendida
1239 889 1406 952 atque
1475 882 1702 947 illustri,
1739 882 1898 938 triste
1945 889 2002 936 et
2072 881 2406 936 inamoenum
2470 890 2744 952 gestantes
2790 887 3190 952 indumentum,
3252 902 3642 958 nonnunquam

374 977 558 1022 autem
591 970 808 1041 impuro
837 973 995 1028 altari
1051 977 1552 1046 appropinquantes
1587 991 1686 1048 pro
1713 975 2141 1046 imperatoribus
2196 977 2358 1046 coqui
2400 975 2558 1042 ﬁunt,
2602 991 2730 1033 aves
2789 979 3123 1045 occidentes,
3191 988 3247 1035 et
3311 982 3638 1037 miserorum

375 1078 634 1132 pecorum
697 1067 908 1123 viscera
984 1069 1248 1126 rimantes
1322 1087 1388 1126 ac
1441 1079 1873 1142 perscrutantes,
1940 1076 1996 1124 et
2070 1070 2330 1139 spurcitie
2387 1071 2672 1143 sanguinis
2725 1079 2986 1143 tanquam
3056 1076 3356 1136 macellarii
3416 1077 3637 1149 quidam

374 1159 504 1211 lanii
539 1160 789 1213 carnium
819 1159 1139 1218 venditores
1168 1171 1374 1218 vestem
1426 1163 1717 1219 l‘oedantcs.
1753 1182 1776 1214 ι

442 1249 596 1302 Μετὰ
629 1251 832 1314 ταύτας
853 1252 951 1314 τὰς
992 1252 1175 1322 φωνάς
1219 1257 1312 1308 τοῦ
1342 1255 1574 1318 δικαίου,
1611 1255 1792 1308 οὐκέτι
1829 1252 1950 1308 οὑδὲ

367 1337 470 1410 τὴν
517 1339 762 1410 πλαστὴν
806 1340 1214 1413 φιλανθρωπίαν
1256 1345 1350 1398 καὶ
1387 1346 1862 1416 ἐσχηματισμένην
1900 1344 1949 1399 οἱ

2119 1244 2252 1302 Post
2277 1245 2377 1303 has
2403 1247 2537 1317 justi
2585 1247 2744 1303 istius
2775 1263 2959 1315 voces,
2988 1263 3057 1302 ne
3101 1247 3286 1305 ﬁctam
3327 1253 3545 1322 quidem
3585 1263 3635 1310 et

2050 1337 2430 1392 assimulatam
2463 1339 2576 1409 jam
2620 1341 2857 1410 amplius
2896 1341 3289 1410 benignitatem
3343 1347 3633 1415 magistra-

369 1430 628 1500 ἄρχοντες
661 1431 1066 1486 ἐπεδείκνυντοο
1121 1435 1258 1490 ἀλλὰ
1299 1439 1394 1491 καὶ
1422 1438 1782 1491 ἀσεϐέστατον
1813 1436 1918 1508 πρὸ

2049 1436 2139 1484 tus
2174 1445 2285 1500 pne
2321 1446 2382 1486 se
2427 1431 2697 1497 ferebant,
2729 1432 2825 1487 sed
2851 1439 2906 1487 et
2939 1432 3330 1503 impiissimum
3366 1435 3637 1493 adversus

365 1524 492 1586 τοὺς
509 1522 678 1588 Θεοὺς
701 1523 1014 1589 καλοῦντες,
1039 1527 1131 1581 καὶ
1151 1529 1232 1582 ἔτι
1260 1529 1370 1583 τῶν
1393 1530 1655 1601 βασιλέων
1687 1529 1948 1602 ὑϐριστήν

2047 1517 2179 1573 deos
2228 1525 2510 1584 vocantes,
2569 1531 2831 1590 praeterea
2885 1525 2941 1578 in
2991 1523 3352 1592 imperatores
3419 1543 3634 1599 quoque

370 1617 461 1666 mi.
507 1614 847 1686 βλάσφημον,
879 1617 1094 1688 πρῶτον
1145 1620 1244 1689 μὲν
1273 1621 1365 1673 ἐπὶ
1400 1621 1495 1674 τοῦ
1523 1621 1919 1693 βασανιστηρίοε

2047 1608 2499 1663 contumeliosum
2530 1621 2584 1664 ct
2631 1611 2980 1676 maledicum,
3030 1613 3266 1682 primum
3303 1616 3526 1685 quidem
3575 1620 3630 1672 in

367 1704 524 1768 ξύλου
559 1707 954 1776 κρεμάσαντες,
1003 1709 1064 1762 τὸ
1095 1710 1250 1781 σῶμα
1292 1711 1603 1775 κατέξαινον
1627 1727 1642 1740 ο
1683 1711 1710 1763 ὁ
1735 1709 1814 1775 δὲ,
1840 1710 1946 1762 τῶν

364 1796 573 1865 δημίων
605 1798 846 1869 σφοδρῶς
868 1801 1252 1872 ἐνεργούντων,
1286 1802 1547 1872 καρτερὸς
1572 1798 1639 1873 ἦν
1668 1802 1762 1856 καὶ
1791 1801 1944 1856 ἀνέν-

364 1888 546 1951 δοτος,
587 1890 681 1943 καὶ
713 1893 892 1961 στίχον
931 1893 994 1945 ἐκ
1025 1892 1123 1962 τῆς
1163 1893 1492 1964 Ψαλμωδίας
1539 1896 1660 1958 ταῖς
1694 1893 1945 1963 βασάνοις

365 1977 590 2046 ἐπῇδεν”
644 1980 978 2048 Εὐλυγήσω
1018 1981 1125 2034 τὸν
1157 1983 1378 2050 Κύριον
1410 1982 1480 2036 ἐν
1521 1982 1700 2036 παντὶ
1738 1982 1941 2051 καιρῷ,

361 2069 460 2123 διὰ
492 2070 719 2136 παντὸς
757 2071 796 2138 ἡ
830 2071 1065 2138 αἴνεσις
1099 2073 1285 2127 αὑτοῦ
1317 2073 1488 2139 ἐντῷ
1512 2075 1766 2144 στόματί
1797 2093 1938 2144 μου.

363 2163 471 2215 Καὶ
516 2165 562 2215 οί
597 2163 695 2233 μὲν
741 2163 848 2218 τῶν
884 2165 1100 2236 σαρκῶν
1144 2165 1398 2230 ἀπέξεονθ
1447 2168 1475 2218 ὀ
1503 2166 1560 2220 δὲ
1588 2166 1835 2236 ἔψαλλεν,
1865 2168 1940 2232 ὡς

358 2251 519 2305 ἄλλου
570 2253 716 2316 τινὸς
759 2254 1122 2324 ὑφισταμένου
1169 2256 1266 2327 τὴν
1316 2258 1608 2328 τιμωρίαν.
1655 2258 1939 2326 Διεδέξατο

357 2344 456 2414 τὴν
486 2345 707 2398 κόλασιν
734 2345 938 2416 ταύτην
968 2347 1027 2400 τὸ
1065 2347 1457 2420 δεσμωτήριον,
1505 2349 1601 2403 καλ⁹
1631 2349 1794 2405 πάλιν
1823 2352 1939 2404 ἐκεῖ

359 2433 543 2504 θαῦμα
591 2435 824 2488 ἐτελεῖτο
866 2437 997 2508 περὶ
1039 2437 1130 2489 τὸν
1175 2437 1350 2507 ἆγιον,
1403 2438 1496 2492 καὶ
1523 2438 1738 2511 νύκτωρ
1783 2439 1936 2510 φωνὴ

359 2527 596 2597 πλήθους
616 2525 926 2595 ψαλλόντων
964 2527 1211 2597 ἠκούετο,
1261 2528 1354 2582 καὶ
1380 2529 1678 2599 λαμπάδων
1710 2529 1933 2598 ἐπιφαι-

356 2620 580 2685 νουσῶν,
606 2620 683 2684 ώς
737 2621 794 2673 ἐν
829 2621 1111 2691 παννυχίδι
1145 2621 1286 2692 αὑγὴ
1319 2623 1528 2694 ἑωρᾶτο
1565 2625 1676 2687 τοῖς
1709 2623 1930 2688 ἔξωθεν,

352 2710 428 2774 ὡς
467 2711 557 2764 καὶ
588 2710 678 2765 τὸν
723 2711 1106 2782 δεσμοφύλακα
1139 2713 1272 2785 πρὸς
1318 2711 1416 2783 τὴν
1464 2714 1764 2785 παράδοξον
1807 2715 1930 2785 ὄψιν

354 2803 447 2856 καὶ
472 2802 638 2873 ἀκοὴν
672 2803 1033 2873 ταραχθέντα,
1074 2804 1400 2874 εἰσπηδῆσαι
1430 2807 1508 2869 εἰς
1538 2805 1628 2858 τὸν
1661 2805 1926 2872 οἰκίσκον,

353 2894 446 2946 καὶ
475 2893 674 2964 μηδένα
716 2895 897 2965 εὑρεῖν
926 2895 1065 2966 πλὴν
1099 2894 1192 2948 τοῦ
1225 2895 1502 2969 μάρτυρος
1536 2897 1922 2968 ἡσυχάζοντος,

2049 1697 2199 1768 ligno
2247 1697 2312 1752 ad
2364 1701 2698 1768 torquendos
2747 1701 2996 1757 homines
3044 1711 3238 1771 parato
3299 1720 3628 1775 suspensum

2048 1806 2250 1862 corpus
2285 1791 2637 1847 lacerabant:
2693 1791 2784 1847 ille
2806 1807 2935 1847 vero
2969 1792 3254 1850 lictoribus
3283 1795 3630 1850 vehementer

2048 1883 2102 1936 in
2153 1897 2318 1952 opere
2340 1884 2645 1954 occupatis,
2675 1892 2937 1940 constans
2965 1892 3106 1952 erat,
3141 1885 3386 1956 nihilque
3413 1888 3480 1942 de
3520 1890 3628 1957 pri-

2045 1974 2189 2029 stina
2221 1977 2388 2030 animi
2422 1975 2800 2045 magnitudine
2832 1976 3164 2042 remittebat,
3201 1992 3266 2032 ac
3313 1995 3528 2035 versum
3560 1997 3624 2036 ex

2045 2066 2184 2121 libro
2214 2066 2555 2124 Psalmorum
2598 2068 2885 2122 tormentis
2919 2069 3204 2125 accinebat
3234 2088 3249 2125 :
3305 2070 3623 2127 Benedicam

2041 2157 2326 2213 Dominum
2370 2161 2424 2213 in
2465 2161 2608 2214 omni
2643 2168 2890 2226 tempore,
2922 2177 3123 2229 semper
3163 2161 3282 2217 laus
3313 2163 3428 2232 ejus
3451 2166 3506 2218 in
3535 2183 3624 2220 ore

2041 2253 2198 2306 meo‘.
2217 2251 2394 2323 Atque
2411 2253 2488 2307 illi
2503 2252 2719 2322 quidem
2737 2267 2933 2308 carnes
2947 2253 3203 2309 caedendo
3219 2256 3618 2320 diminuebant;

2039 2345 2128 2399 hic
2152 2360 2301 2408 vero,
2329 2346 2638 2415 quasialius
2659 2347 2785 2417 quis
2812 2361 3028 2416 poenam
3059 2348 3286 2411 subiret,
3314 2351 3614 2419 psallebat:

2037 2436 2142 2491 hoc
2183 2437 2345 2492 modo
2401 2440 2651 2507 punitum
2682 2453 2875 2494 carcer
2897 2440 3134 2509 excepit,
3181 2455 3245 2495 ac
3272 2456 3466 2496 rursus
3504 2443 3614 2497 illic

2035 2531 2298 2584 miracula
2354 2531 2501 2584 circa
2531 2538 2779 2586 sanctum
2838 2531 3161 2597 edebantur,
3203 2546 3267 2586 ac
3313 2543 3478 2588 noctu
3511 2550 3610 2588 vox

2034 2620 2400 2678 multitudinis
2439 2622 2787 2692 psallentium
2821 2623 3146 2678 audiebatur
3171 2634 3222 2679 et
3250 2623 3430 2678 lacum
3472 2626 3609 2680 allu-

2031 2715 2291 2779 rcntium,
2325 2715 2457 2768 utin
2488 2721 2758 2768 nocturna
2793 2713 3226 2784 pervigilatione,
3255 2715 3515 2785 splendor
3545 2719 3614 2770 ab

2045 2808 2113 2862 iis
2166 2808 2258 2876 qui
2296 2806 2429 2862 foris
2478 2813 2634 2862 erant
2687 2807 3147 2876 conspiciebatur,
3184 2807 3320 2862 adeo
3361 2809 3609 2864 utetiam

2026 2901 2266 2955 carceris
2289 2907 2476 2955 custos
2519 2899 2737 2953 insolita
2779 2907 2942 2969 atque
2967 2898 3275 2953 admirabili
3308 2899 3519 2955 visione
3557 2911 3612 2952 rt

352 2985 577 3039 καὶτῶν
611 2985 784 3040 ἄλλων
815 2986 1108 3057 δεσμωτῶν
1153 2987 1537 3045 καθευδόντων.
1611 2989 1826 3062 Ἐπειδὴ
1871 2990 1919 3043 δὲ

2030 2993 2309 3048 auditione
2356 2991 2610 3045 turbatus
2659 2989 2893 3045 insiliret
2967 2989 3022 3044 in
3081 2989 3496 3054 domunculam,
3556 3000 3609 3046 et

351 3077 561 3132 πολλῶν
589 3078 884 3150 γινομένων
924 3080 1138 3151 ἤκμαζε
1181 3081 1319 3152 πρὸς
1363 3081 1460 3152 τὴν
1500 3081 1792 3153 ὁμολογίαν
1825 3082 1920 3135 καὶ

347 3167 446 3240 τὴν
478 3169 788 3234 εὐσέϐειαν,
830 3166 994 3241 ἦλθεν
1021 3170 1108 3223 ἐπ’
1139 3171 1301 3225 αὑτὸν
1327 3172 1360 3242 ἡ
1392 3172 1797 3243 κατακρίνουσα
1819 3171 1920 3242 ψῆ-

347 3279 477 3329 (ρος,
525 3261 620 3315 καὶ
665 3261 798 3333 πυρί
844 3261 1195 3331 τελειωθῆναι
1244 3262 1576 3328 κελευσθεὶς,
1625 3263 1786 3326 αὑτὸς
1821 3264 1920 3334 μὲν

344 3352 552 3423 ἀπῆλθε
578 3353 676 3426 τὴν
703 3354 873 3426 καλὴν
902 3355 999 3409 καὶ
1032 3355 1307 3426 μακαρίαν
1334 3357 1470 3426 πρὸς
1493 3355 1624 3409 Θεὸν
1651 3357 1875 3427 πορείαν
1901 3373 1914 3386 °

344 3447 478 3517 ἡμῖν
509 3445 563 3499 δὲ
594 3446 692 3518 τὴν
727 3448 947 3519 μνήμην
972 3447 1066 3501 τοῦ
1094 3448 1302 3517 ἀγῶνος
1330 3448 1670 3504 διδασκάλων
1700 3450 1915 3503 κατέλι-

342 3555 441 3604 πε,
472 3537 632 3602 λαοὺς
658 3539 954 3610 ἀθροίζων,
986 3539 1282 3611 ἐκκλησίαν
1315 3541 1616 3606 παιδεύων,
1655 3541 1916 3610 δαίμονας

341 3629 692 3692 ἀπελαύνων,
746 3631 1011 3699 ἀγγέλους
1058 3631 1366 3702 εἰρηνικοὺς
1407 3632 1683 3700 κατάγων,
1736 3631 1914 3701 ζητῶν

340 3721 478 3793 ὑπὲρ
511 3721 668 3793 ἡμῶν
702 3723 851 3794 παρὰ
880 3722 1013 3777 Θεοῦ
1045 3723 1112 3777 τὰ
1155 3723 1522 3795 συμφέροντα,
1567 3725 1798 3794 ἰατρεῖον
1829 3724 1915 3776 νό-

337 3829 446 3866 σων
477 3813 736 3867 ποικίλων
769 3813 859 3867 τὸν
897 3814 1059 3867 τόπον
1093 3812 1278 3868 τοῦτον
1326 3813 1797 3885 ἀπεργασάμενος,
1834 3813 1912 3866 λι-

338 3901 475 3970 μένα
506 3902 614 3955 τῶν
651 3902 1060 3974 χειμαζομένων
1105 3906 1224 3967 ταῖς
1264 3903 1496 3974 θλίψεσι,
1541 3907 1788 3976 πενήτων
1821 3906 1914 3958 εύ-

336 3993 498 4063 θηνου
507 3994 680 4064 μένων
705 3997 964 4065 ταμιεῖον,
984 3995 1276 4068 ὁδοιπόρων
1298 3997 1522 4050 ἀνεκτὸν
1548 3996 1910 4067 καταγώγιον.

336 4085 640 4155 πανήγυριν
688 4086 796 4139 τῶν
845 4086 1212 4158 ἑορταζόντων
1261 4088 1512 4160 ἄληκτον.
1555 4090 1618 4142 Εἰ
1669 4089 1779 4159 γὰρ
1817 4090 1912 4142 καὶ

335 4175 689 4240 ἐνιαυσιαίοις
734 4177 950 4247 ἑορταῖς
981 4178 1078 4248 τὴν
1129 4178 1342 4249 ἡμέραν
1388 4179 1593 4250 ταύτην
1627 4178 1906 4251 τελοῦμεν,

332 4265 447 4318 ἀλλ’
474 4266 725 4320 οὐδέποτε
773 4267 928 4338 λήγει
971 4268 1078 4321 τῶν
1121 4269 1264 4322 κατά
1310 4271 1544 4342 σπουδὴν
1577 4273 1907 4343 ἀφικνουμέ-

2022 3086 2296 3138 neminem
2355 3082 2628 3138 inveniret
2675 3088 2872 3152 praeter
2897 3090 3195 3153 martyrem
3235 3083 3606 3153 quiescentem

2020 3186 2072 3228 rt
2103 3185 2332 3230 caeteros
2367 3175 2580 3229 vinctos
2608 3173 2964 3229 dormientes.
3004 3173 3366 3246 Posteaquam
3398 3184 3606 3237 autem,

2019 3281 2143 3320 cum
2174 3267 2340 3320 nmlta
2381 3267 2571 3321 tierent
2605 3281 2669 3321 ac
2701 3273 3048 3321 tentarentur
3085 3267 3140 3322 in
3175 3281 3262 3332 eo,
3292 3267 3358 3322 ad
3390 3265 3609 3322 confes-

2019 3357 2226 3410 sionem
2255 3361 2311 3410 et
2343 3354 2598 3425 pietatem
2641 3355 2962 3410 obﬁrmatus
2994 3363 3132 3419 erat,
3181 3357 3388 3426 prolata
3435 3365 3520 3411 est
3549 3356 3605 3410 in

2017 3463 2140 3501 eum
2181 3453 2447 3504 sententia
2514 3448 2986 3514 condemnatoria,
3040 3457 3096 3504 et
3147 3451 3257 3520 igni
3287 3451 3481 3506 conﬁci
3549 3463 3605 3506 et

2017 3539 2393 3594 consummari
2463 3538 2678 3606 jussus,
2755 3537 2872 3606 ipse
2929 3538 3150 3607 quidem
3228 3542 3492 3608 praeclaro
3542 3558 3606 3595 ac

2018 3630 2179 3685 beato
2214 3630 2408 3684 itinere
2457 3628 2591 3682 abiit
2613 3628 2678 3681 ad
2707 3627 2872 3682 Deum
2897 3647 2909 3683 :
2939 3628 3100 3683 nobis
3131 3645 3260 3684 vero
3285 3633 3601 3685 memoriam

2015 3717 2336 3773 certaminis
2382 3730 2482 3786 pro
2503 3715 2757 3768 doctrina
2820 3715 3065 3784 reliquit,
3117 3716 3349 3784 populos
3371 3731 3604 3788 congre-

2016 3824 2175 3880 gans,
2191 3806 2494 3862 Ecclesiam
2507 3805 2786 3870 erudiens,
2804 3805 3082 3860 daemonas
3101 3819 3296 3861 arcens
3308 3815 3361 3862 et
3378 3805 3402 3860 ί
3406 3823 3598 3876 ugans.

2015 3901 2237 3971 angelos
2261 3899 2521 3970 paciﬁcos
2546 3895 2837 3963 reducens,
2868 3912 3070 3967 rogans
3097 3913 3127 3952 a
3159 3897 3269 3953 Deo
3317 3914 3416 3968 pro
3443 3899 3602 3954 nobis

2015 3993 2195 4058 utilia,
2260 3990 2539 4044 variorum
2599 3988 2917 4045 morborum
2981 3989 3270 4045 medicinae
3326 3990 3598 4046 ollicinam

2014 4085 2159 4139 inme
2187 4083 2365 4137 locum
2405 4080 2664 4145 elliciens,
2707 4087 2925 4150 portum
2966 4095 3158 4136 eorum
3211 4083 3304 4152 qui
3349 4083 3600 4138 amictio—

2013 4192 2143 4231 num
2181 4173 2596 4243 tempestatibus
2637 4175 2940 4242 jactentur,
2979 4187 3278 4243 pauperum
3313 4175 3597 4234 abundans

2012 4277 2067 4323 et
2095 4267 2380 4337 copiosum
2437 4265 2714 4330 aerarium,
2772 4265 3040 4319 viatorum
3075 4266 3320 4336 quietum
3353 4267 3597 4322 diverso-

331 4372 437 4408 νων
457 4355 515 4407 τὸ
535 4355 753 4425 πλῆθος,
770 4333 879 4410 τῶν
902 4357 1206 4427 μυρμήκων
1233 4358 1290 4410 δὲ
1312 4357 1474 4424 σώζει
1497 4333 1596 4430 τὴν
1614 4333 1904 4432 δμοιότήτα

2022 4361 2177 4424 rium,
2246 4359 2425 4412 locum
2478 4356 2745 4410 celebrem
2796 4364 3099 4412 conventus
3154 4373 3219 4412 ac
3281 4357 3400 4412 dies
3427 4357 3595 4413 festos

331 4448 363 4516 ἡ
416 4446 508 4499 ἐπὶ
538 4448 662 4501 τάδε
717 4449 955 4519 φέρουσα
1005 4448 1298 4520 λεωφόρος,
1348 4451 1457 4503 τῶν
1498 4452 1596 4522 μὲν
1622 4453 1900 4518 ἀνιόντων,

326 4537 437 4590 τῶν
468 4538 524 4591 δὲ
549 4540 973 4611 ὑποχωρούντων
1001 4545 1115 4602 τοῖς
1142 4541 1476 4613 ἐρχομένοις.

2009 4452 2354 4506 continenter
2400 4450 2695 4519 agentium.
2742 4446 2858 4504 Etsi
2886 4449 3033 4504 enim
3083 4448 3476 4503 anniversariis
3527 4451 3593 4502 l'c-

2007 4545 2106 4599 riis
2153 4544 2298 4597 hunc
2354 4540 2499 4596 diem
2558 4539 2934 4607 celebramus;
2972 4547 3028 4594 at
3084 4554 3360 4610 nunquam
3413 4547 3590 4594 cessat

326 4633 573 4689 studiose
624 4634 1026 4690 advenientium
1074 4637 1386 4702 multitudo,
1445 4651 1509 4692 ac
1558 4635 1910 4692 formicarum
1951 4637 2369 4694 similitudinem
2415 4645 2596 4692 servat
2631 4649 2694 4689 ea
2745 4650 2867 4704 quae
2895 4634 3001 4688 huc
3049 4634 3280 4704 pertinet
3347 4633 3432 4686 via
3494 4650 3579 4702 pu-

326 4721 488 4785 blica.
516 4740 639 4780 cum
679 4725 766 4780 alii
815 4727 1034 4796 quidem
1084 4729 1402 4794 ascendant,
1435 4729 1526 4783 alii
1579 4745 1708 4785 vero
1734 4730 2078 4786 venientibus
2103 4731 2319 4785 cedant.

407 4818 598 4888 Ἡμεῖς
636 4819 734 4888 μὲν
762 4815 876 4883 οὖν,
902 4813 946 4872 ὦ
976 4822 1233 4892 μακάριε,
1265 4822 1358 4876 τὸν
1399 4823 1492 4876 τοῦ
1521 4822 1766 4878 ἐνιαυτοῦ
1797 4823 1898 4877 κύ-

325 4907 451 4961 κλον
520 4909 915 4972 καταλαϐόντες
974 4910 1352 4984 φιλανθρωπίᾳ
1417 4912 1511 4966 τοῦ
1583 4911 1895 4978 κτίσαντος,

319 4999 656 5069 ἠθροίσαμέν
682 5015 761 5051 σοι
811 4999 912 5071 τὴν
941 5001 1275 5073 πανήγυριν,
1317 5002 1407 5055 τὸν
1438 5003 1582 5075 ἱερὸν
1608 5004 1716 5056 τῶν
1746 5007 1895 5073 φιλο-

322 5089 618 5161 μαρτύρων
675 5091 931 5157 σύλλογον
955 5134 969 5150 .
1022 5094 1114 5146 τόν
1158 5111 1217 5147 τε
1244 5095 1420 5150 κοινὸν
1459 5099 1896 5168 προσκυνοῦντες

318 5179 616 5248 Δεσπότην,
671 5182 766 5233 καὶ
813 5181 911 5251 τήν
948 5182 1208 5236 ἐπινίκιον
1237 5185 1622 5256 πληρώσαντες
1648 5187 1755 5240 τῶν
1787 5188 1895 5240 σῶν

315 5266 546 5335 ἀγώνων
580 5269 916 5340 ὑπόμνησιν·
950 5272 1014 5324 σὺ
1045 5271 1119 5334 δὲ,
1148 5271 1305 5344 δεῦρο
1328 5273 1391 5343 δὴ
1421 5275 1739 5346 προςήμᾶς,
1761 5278 1892 5331 ὅπου

315 5362 438 5412 ποτ’
470 5359 536 5414 ἂν
568 5358 666 5435 ᾖς,
717 5363 816 5432 τῆς
867 5365 1061 5435 ἑορτῆς
1093 5364 1285 5435 ἔφορος
1331 5367 1656 5436 (καλέσαντα
1695 5370 1803 5440 γάρ
1834 5388 1893 5423 σε

313 5453 758 5525 ἀντικαλοῦμεν)·
808 5457 902 5509 καὶ
931 5458 1037 5509 εἴτε
1067 5455 1146 5526 τῷ
1176 5456 1365 5528 ὑψηλῷ
1402 5458 1639 5529 αἰθέριον
1688 5461 1888 5531 διαιτᾷ,

309 5547 421 5601 εἴτε
473 5547 596 5601 τινὰ
638 5547 957 5618 ἐπουράνιον
1006 5549 1170 5618 dorsa
1217 5551 1560 5619 περιπολεῖς,
1617 5553 1650 5623 ἢ
1711 5556 1891 5624 χοροῖς

388 5701 407 5732 ⁸
438 5699 586 5754 Psal.
632 5714 828 5761 χχχιιι,
872 5701 922 5753 l.

647 5839 916 5897 ΡΑΤιιοι..
958 5838 1003 5896 (ἶ
1017 5858 1074 5898 ιι.
1127 5840 1175 5898 Χ
1190 5839 1341 5900 LVI.

2075 4823 2153 4876 Ac
2172 4838 2270 4878 uos
2295 4820 2539 4891 quidem.
2569 4835 2602 4873 ο
2632 4821 2809 4878 beate,
2842 4815 3174 4886 benignitate
3189 4815 3465 4872 Creatoris
3495 4833 3587 4872 an-

2004 4914 2368 4970 niversariam
2434 4911 2629 4965 circuli
2689 4909 3124 4965 vicissitudinem
3195 4909 3433 4963 assecuti
3493 4925 3586 4964 co-

2001 5011 2214 5080 egimus
2245 5006 2345 5060 tibi
2379 5003 2656 5074 publicum
2693 5007 3045 5061 conventum,
3077 5013 3317 5060 sacrum,
3341 4999 3586 5068 inquam,

2003 5095 2336 5166 martyribus
2359 5090 2660 5152 addictum,
2684 5097 2739 5143 et
2767 5100 3114 5140 communem
3153 5084 3445 5139 Dominum
3486 5087 3585 5139 ad-

2000 5195 2246 5251 orantes,
2263 5191 2316 5241 et
2348 5191 2568 5237 tuorum
2593 5178 2954 5235 certaminum
2987 5177 3230 5231 victorize
3254 5191 3584 5232 commemo-

1993 5280 2260 5334 rationem
2285 5279 2608 5345 pcragentes
2637 5288 2651 5324 :
2679 5277 2738 5324 tu
2769 5282 2920 5332 vero,
2953 5268 3061 5323 huc
3082 5268 3195 5338 jam
3217 5268 3347 5325 ades
3366 5271 3431 5324 ad
3459 5285 3582 5333 nos,

1995 5373 2308 5440 ubicunque
2334 5364 2553 5420 tandem
2595 5361 2786 5424 fueris,
2840 5369 2901 5414 ut
2926 5360 3034 5415 diei
3070 5359 3208 5416 festo
3237 5363 3464 5431 praesis;
3494 5379 3582 5415 vo.

1994 5469 2208 5520 cantem
2239 5459 2384 5515 enim
2418 5467 2470 5511 te
2503 5463 2694 5510 contra
2729 5465 2992 5508 vocamus
3033 5469 3047 5507 :
3077 5466 3143 5506 ac
3183 5453 3298 5508 sive
3324 5454 3378 5508 in
3410 5454 3571 5510 subli-

1994 5556 2067 5611 mi
2088 5553 2289 5610 aethere
2326 5547 2566 5617 habitas,
2598 5545 2714 5602 sive
2747 5558 2846 5616 per
2871 5544 3150 5600 caelestem
3189 5544 3424 5616 aliquem
3471 5545 3582 5600 cir-

3249 5834 3330 5894 21s
