4050 6164
516 317 624 374 747

1730 317 1795 373 S.
1830 313 2161 373 GREGORII
2198 311 2494 370 NYSSENI

3668 312 3763 370 ἨΒ

518 431 697 488 culum
726 431 986 497 versaris,
1019 435 1113 485 aut
1143 430 1200 484 in
1235 429 1434 486 choros
1461 432 1782 504 angelorum
1809 444 2092 508 cooptatus

2202 434 2448 505 ἀγγέλων
2491 427 2916 499 συντεταγμένος
2943 423 3021 498 τῷ
3048 423 3295 498 Δεσπότῃ
3333 423 3700 499 παρέστηκας,
3728 431 3760 501 ἢ

518 523 748 580 Domino
781 523 1020 589 assistis,
1059 531 1154 578 aut
1186 516 1313 578 cum
1335 525 1634 582 virtutibus
1652 537 1709 584 et
1734 530 2099 597 potestatibus

517 624 576 671 ut
649 630 842 671 servus
908 614 1086 671 ﬁdelis
1147 615 1489 673 adorationis
1543 616 1728 673 officio
1783 618 2029 690 fungeris
2080 640 2095 677 :

516 722 812 779 parumper
881 708 952 763 ab
1020 706 1090 763 iis
1158 707 1360 764 officiis
1415 709 1755 765 vacationem
1839 711 2098 780 depreca-

514 811 626 865 tus,
679 800 806 856 veni
832 799 900 855 ad
963 798 1067 856 hes
1094 800 1273 871 quite
1299 799 1594 866 honorant,
1646 802 1941 860 invisibilis
1969 806 2101 861 ami-

515 905 614 947 cus
648 910 663 947 :
691 904 963 963 cognosce
988 904 1054 946 ac
1089 892 1207 948 vise
1260 890 1429 948 ferias
1456 909 1579 963 quae
1615 895 1999 960 celebrantur,
2039 905 2097 952 ut

513 981 811 1055 gratiarum
842 981 1113 1038 adversus
1163 982 1334 1038 Deum
1382 984 1736 1056 conduplices
1797 988 2093 1056 actionem,

514 1074 607 1145 qui
629 1088 729 1144 pro
755 1088 862 1128 una
892 1073 1170 1144 passione,
1188 1082 1243 1129 et
1267 1089 1374 1130 una
1402 1076 1490 1146 pia
1522 1077 1865 1136 confessione
1890 1087 1971 1135 tot
1999 1081 2097 1141 tibi

514 1166 986 1222 remunerationes
1016 1166 1242 1238 largitus
1273 1174 1358 1224 est
1391 1186 1404 1222 :
1439 1183 1505 1224 ac
1540 1169 1739 1227 laeteris
1769 1170 1841 1227 ob
1871 1173 2097 1243 sangui-

515 1268 638 1310 nem
664 1253 918 1322 eﬂ‘usum,
956 1262 1014 1311 et
1071 1255 1217 1328 ignis
1268 1257 1550 1316 cruciatus
1609 1260 1892 1319 toleratos.
1949 1262 2096 1329 Quot

516 1347 659 1405 enim
696 1355 830 1403 tunc
856 1348 1110 1419 supplicii
1158 1355 1500 1420 spectatores
1563 1352 1797 1422 populos
1825 1353 2092 1422 habebas,

516 1448 598 1497 tot
627 1454 773 1495 nunc
807 1439 974 1496 habes
1009 1440 1237 1495 honoris
1266 1441 1573 1498 ministros.
1594 1440 1891 1509 Multorum
1928 1444 2096 1499 bene-

517 1532 764 1587 ficiorum
825 1529 1181 1602 indigemus;
1239 1531 1515 1588 intercede
1549 1548 1614 1587 ac
1660 1532 1957 1604 deprecare
1999 1549 2096 1604 pro

516 1619 691 1692 patria
721 1619 865 1690 apud
895 1634 1448 1691 eommunemregem
1486 1628 1541 1675 et
1594 1619 1880 1677 Dominum
1916 1642 1931 1679 :
1969 1640 2094 1680 nam

517 1711 690 1781 patria
718 1710 972 1781 martyris
992 1717 1075 1765 est
1100 1709 1269 1765 etiam
1300 1711 1456 1766 locus
1472 1712 1766 1781 passionis,
1791 1714 1946 1771 cives
1964 1716 2093 1770 item

2203 525 2340 598 μετά
2365 523 2644 595 δυνάμεων
2662 521 2756 575 καὶ
2779 517 3058 586 ἐξουσιῶν,
3085 515 3160 581 ὼς
3186 515 3371 580 δοῦλος
3401 517 3592 581 πιστὸς
3608 535 3763 590 προσ.

2200 616 2418 677 κυνεῖς·
2490 610 2686 684 μικρὸν
2738 607 2807 661 τά
2859 605 3046 659 αὐτόθι
3101 605 3615 677 παραιτησάμενος,
3666 598 3794 679 ἦκέ

2200 704 2338 776 πρὸς
2369 704 2492 769 τούς
2520 700 2795 772 τιμῶντας
2815 715 2875 751 σε
2910 696 3142 769 ἀόρατος
3172 694 3324 766 φίλος
3342 712 3356 727 ·
3389 697 3673 769 ίστόρησον
3701 701 3764 755 τά

2196 795 2515 867 τελούμενα,
2533 794 2622 848 ἵνα
2640 792 2739 863 τήν
2760 791 2838 854 είς
2862 788 2994 843 Θεὸν
3019 787 3370 860 εὐχαριστίαν
3388 788 3761 863 διπλασιάσῃς,

2198 889 2289 945 τὸν
2314 888 2433 943 ἀντὶ
2465 886 2670 949 πάθους
2698 885 2835 950 ἐνὸς,
2882 881 2977 937 καὶ
3018 882 3149 953 μιᾶς
3179 879 3436 945 εὐσεϐοῦς
3461 881 3761 954 ὁμολογίας,

2197 982 2466 1045 τοσαύτας
2518 996 2600 1033 σοι
2648 977 2748 1041 τὰς
2788 975 3023 1046 ἀμοιϐάς
3080 973 3443 1046 χαρισάμενον
3470 990 3486 1006 ⁸
3538 976 3805 1047 εὐφρανν

2198 1072 2347 1143 θείης
2377 1072 2434 1126 δὲ
2465 1070 2543 1143 τῷ
2565 1070 2757 1141 αἵματι
2780 1068 2874 1122 καὶ
2896 1068 2963 1139 τῇ
2984 1068 3076 1121 τοῦ
3095 1067 3265 1137 πυρὸς
3283 1066 3555 1138 ἀλγηδόνι.
3572 1068 3767 1133 Ὀσους

2197 1164 2304 1236 γάρ
2324 1159 2468 1235 εἶχες
2489 1162 2610 1215 τότε
2639 1161 2802 1225 λαοὺς
2827 1159 2925 1229 τῆς
2945 1157 3216 1230 τιμωρίας
3242 1156 3459 1223 θεατάς,
3486 1159 3766 1225 τοσούτους

2197 1254 2292 1310 νῦν
2316 1254 2414 1325 τῆς
2445 1253 2610 1324 τιμῆς
2635 1251 2778 1323 ἔχεις
2804 1248 3100 1320 ὑπηρέτας.
3129 1249 3173 1301 Χ
3182 1248 3423 1320 ρῄζομεν
3446 1249 3654 1304 πολλῶν
3681 1251 3764 1302 εὐ-

2196 1344 2459 1417 εργεσιῶν
2480 1362 2494 1376 ο
2527 1341 2857 1416 πρέσϐευσον
2891 1341 3031 1413 ὑπὲρ
3079 1339 3180 1410 τῆς
3210 1340 3465 1411 πατρίδος
3509 1340 3646 1412 πρὸς
3675 1341 3765 1394 τὸν

2197 1437 2371 1491 κοινὸν
2398 1436 2617 1508 βασιλέα
2643 1450 2658 1466 ο
2690 1433 2886 1504 πατρὶς
2917 1431 3025 1504 γὰρ
3057 1429 3355 1503 μάρτυρος,
3381 1430 3476 1485 τοῦ
3508 1431 3708 1496 πάθους
3727 1435 3762 1504 ή

2197 1525 2349 1599 χώρα
2373 1543 2387 1559 ο
2437 1526 2649 1580 πολῖται
2676 1523 2731 1577 δὲ
2765 1523 2859 1577 καὶ
2891 1525 3192 1591 συγγενεῖς,
3245 1524 3295 1575 οί
3325 1522 3763 1594 περιστείλαντες

2199 1620 2294 1674 καλ⁵
2317 1619 2530 1691 ἔχοντες
2553 1617 2645 1671 καὶ
2668 1616 2955 1688 τιμῶντες.
2975 1612 3338 1687 ’Υφορώμεθα
3362 1613 3589 1684 θλίψεις,
3612 1632 3767 1685 προσ-

2198 1711 2440 1783 δοκῶμεν
2477 1709 2774 1774 κινδύνους,
2806 1708 2867 1761 οὐ
2905 1707 3122 1779 μακράν
3169 1708 3220 1761 οἱ
3257 1707 3524 1779 ἀλιτήριοι
3570 1707 3764 1762 Σκύθαι

514 1812 567 1857 et
597 1802 797 1858 fratres
830 1809 883 1857 et
905 1803 1143 1873 cognati,
1169 1802 1262 1872 qui
1286 1808 1341 1857 et
1358 1802 1561 1858 habent
1581 1818 1705 1859 eum
1724 1813 1778 1859 et
1804 1814 2027 1861 tuentur
2043 1815 2092 1863 et

2196 1805 2288 1859 τὸν
2328 1803 2450 1858 καθ’
2499 1803 2658 1874 ἡμῶν
2707 1801 2985 1864 ὠδίνοντες
3014 1800 3284 1871 πόλεμονο
3331 1798 3407 1863 ὡς
3437 1799 3767 1872 στρατιώτης

513 1900 713 1948 ornant
736 1902 898 1962 atque
925 1892 1221 1960 honorant;
1255 1892 1516 1950 timemus
1534 1894 1879 1964 alllictioncs,
1898 1912 2095 1970 exspe-

513 1992 727 2040 ctamus
754 1984 1017 2054 pericula;
1047 1998 1156 2039 non
1186 1985 1346 2056 longe
1379 1985 1576 2043 absunt
1611 1987 1829 2044 scelesti
1879 1987 2094 2061 Scytha}

514 2074 714 2130 bellum
746 2074 1037 2131 adversum
1078 2089 1180 2133 nos
1219 2077 1623 2147 parturientes;
1674 2086 1733 2132 ut
1782 2080 1940 2137 miles
1972 2096 2094 2152 pro-

514 2182 695 2238 pugna
716 2168 842 2239 (pro
873 2168 1080 2241 nobis),
1100 2177 1161 2225 ut
1180 2177 1388 2243 martyr
1415 2185 1515 2241 pro
1545 2173 1832 2227 conservis
1864 2181 2017 2228 utere
2031 2173 2095 2227 li-

515 2259 1050 2331 bet-tateloquendi.
1087 2259 1317 2318 Etiamsi
1371 2263 1649 2333 superasti
1696 2264 1990 2328 saeculum,
2038 2272 2094 2318 at

514 2352 657 2406 nosti
683 2349 914 2406 affectus
944 2358 999 2409 et
1025 2366 1159 2407 usus
1193 2352 1662 2423 necessitatesque
1688 2355 1939 2409 humana:
1968 2370 2094 2411 con-

515 2442 739 2499 ditionis
772 2451 935 2514 :pete
965 2457 1181 2513 pacem,
1209 2449 1270 2498 ut
1304 2442 1358 2497 hi
1386 2444 1589 2513 publici
1635 2454 1942 2501 conventus
1983 2463 2091 2502 non

514 2533 804 2590 desinant:
844 2547 915 2589 ne
933 2532 1303 2588 debacchetur
1333 2540 1498 2604 atque
1524 2545 1805 2604 grassetur
1829 2535 2092 2592 adversus

513 2623 718 2692 templa
751 2622 1014 2677 altariave
1047 2621 1304 2678 rabiosus
1350 2628 1406 2675 et
1456 2621 1755 2678 sceleratus
1778 2622 2041 2677 barbarus
2071 2641 2086 2678 :

514 2728 585 2769 ne
615 2713 904 2769 conculcet
930 2719 1123 2768 sancta
1152 2710 1419 2782 profanus
1449 2719 1505 2767 et
1550 2713 1772 2782 impius.
1801 2712 1913 2769 Nos
1945 2713 2092 2768 enim

516 2804 708 2870 etiam,
737 2804 884 2872 quod
916 2803 1222 2858 incolumes
1236 2811 1293 2857 et
1323 2803 1523 2873 integri
1544 2805 1851 2859 conservati
1876 2820 2088 2873 sumus,

514 2895 614 2950 tibi
662 2893 988 2951 beneficium
1030 2901 1314 2964 acceptum
1361 2894 1671 2951 referimus.
1707 2893 1953 2950 Petimus
1993 2911 2090 2950 au-

517 2997 628 3041 tem
655 2985 822 3041 etiam
857 2984 1029 3041 futuri
1052 2985 1314 3055 temporis
1346 2985 1658 3056 praesidium
1691 2994 1854 3057 atque
1881 2988 2091 3043 securi—

516 3086 707 3134 tatem.
744 3076 903 3143 Quod
937 3077 986 3132 si
1042 3077 1241 3147 majori
1280 3078 1446 3133 etiam
1485 3092 1623 3148 opus
1665 3077 1827 3133 fuerit
1858 3079 2090 3134 advoca»

514 3170 668 3225 tione
692 3183 758 3225 ac
810 3168 1221 3240 deprecatione,
1257 3167 1493 3224 fratrum
1534 3179 1754 3224 tuorum
1786 3180 2088 3243 martyrum

512 3275 647 3333 coge
671 3260 924 3326 chorum,
950 3268 1006 3317 et
1033 3275 1159 3316 cum
1184 3260 1447 3317 omnibus
1469 3276 1573 3316 una
1599 3261 1925 3332 deprecare:
1954 3263 2094 3316 mul-

511 3360 691 3409 torum
720 3352 994 3422 iustorum
1043 3366 1234 3423 preces
1268 3352 1640 3408 multitudinis
1671 3367 1737 3407 ac
1767 3353 2092 3424 populorum

510 3453 733 3517 peccata
782 3444 963 3513 luant;
1024 3444 1259 3500 admone
1312 3443 1555 3510 Petrum,
1602 3443 1782 3498 excita
1841 3442 2090 3508 Paulum,

509 3537 779 3596 Joannem
810 3538 940 3594 item
978 3536 1315 3610 Theologum
1348 3552 1413 3593 ac
1451 3537 1777 3608 discipulum
1809 3535 2090 3601 dilectum,

510 3640 568 3688 ut
607 3646 708 3704 pro
741 3630 1005 3688 Ecclesiis
1051 3645 1190 3701 quas
1223 3631 1633 3687 constituerunt
1684 3627 1905 3684 solliciti
1947 3627 2090 3698 sint,

506 3737 611 3796 pro
651 3722 853 3796 quibus
888 3730 1115 3778 catenas
1150 3731 1527 3793 gestaverunt,
1573 3736 1673 3791 pro
1700 3721 1901 3791 quibus
1947 3720 2093 3791 peri-

508 3815 634 3871 cula
687 3828 753 3871 ac
783 3821 990 3871 mortes
1037 3813 1301 3879 tulerunt,
1356 3828 1425 3869 ne
1456 3812 1877 3869 simulacrorum
1909 3815 2091 3869 cultus

509 3906 798 3962 adversum
828 3921 931 3962 nos
966 3914 1131 3976 caput
1155 3906 1351 3973 tollat;
1382 3921 1454 3962 ne
1489 3907 1724 3963 hmreses
1761 3907 1905 3963 sicut
1921 3908 2093 3978 spinae

506 3998 684 4055 vineae
732 4005 1105 4065 succreseant,
1162 4013 1232 4055 ne
1283 3998 1554 4055 zizanium
1605 3999 1807 4055 editum
1865 3998 2093 4056 suﬂoeet

509 4088 772 4144 triticum.
808 4086 886 4146 Ne
912 4103 1020 4161 qua
1031 4097 1185 4162 petra
1214 4092 1326 4148 veri
1361 4091 1503 4149 roris
1530 4090 1856 4163 pinguedine
1895 4105 2090 4147 carens

509 4183 799 4240 adversum
830 4197 932 4240 nos
951 4180 1202 4250 exsistat,
1229 4193 1285 4241 et
1316 4187 1591 4243 sermonis
1620 4201 1685 4243 ac
1718 4185 1873 4243 verbi
1906 4185 2092 4242 fertili-

507 4275 637 4331 tatis
663 4275 773 4332 vim
823 4276 1025 4334 radicis
1061 4285 1335 4348 expertem
1381 4276 1603 4344 efficiat,
1623 4277 1718 4334 sed
1746 4278 1949 4333 virtute
1986 4284 2093 4333 tua:

508 4368 894 4440 sociorumque
908 4376 1130 4424 tuorum
1160 4367 1583 4440 deprecationis,
1613 4385 1646 4426 o
1669 4369 1752 4426 vir
1771 4368 2092 4425 admiranda

505 4473 673 4534 atque
707 4462 853 4520 inter
886 4471 1157 4536 martyres
1206 4464 1453 4521 eminens
1488 4471 1545 4521 et
1582 4462 1876 4529 excellens,
1927 4463 2088 4520 Chri-

2195 4467 2379 4539 Κυρίφ
2402 4467 2576 4539 ἡμῶν.
2603 4467 2739 4522 Μεθ’
2772 4462 2833 4524 οὗ
2865 4467 2943 4540 τῷ
2971 4467 3147 4540 Πατρὶ
3179 4465 3297 4537 ἅμα
3323 4464 3401 4536 τῷ
3431 4465 3571 4537 ἁγίῳ
3593 4467 3781 4519 Πνεύο
3880 4459 3889 4464 ’

506 4552 810 4611 stianbrum
831 4555 1139 4627 respublica
1163 4570 1389 4626 campus
1407 4563 1651 4627 segetum
1672 4554 1957 4620 reddatur,
1992 4554 2087 4627 qui

504 4664 735 4721 campus
758 4649 828 4705 ad
866 4650 1028 4707 linem
1051 4665 1228 4722 usque
1255 4656 1471 4706 maneat
1503 4650 1559 4705 in
1588 4649 1777 4720 pingui
1808 4647 2085 4720 fertiliquc

2198 1893 2586 1965 ὐπερμάχησον
2610 1909 2625 1923 ·
2652 1893 2728 1955 ὼς
2766 1892 2979 1964 μάρτυς
3005 1890 3147 1962 ὑπὲρ
3173 1890 3281 1946 τῶν
3305 1891 3606 1962 ὁμοδούλων
3634 1895 3766 1966 χρῆ-

2196 2002 2286 2038 σαι
2328 1987 2395 2056 τῇ
2440 1984 2741 2056 παρρησίᾳ.
2798 1983 2860 2036 Εἰ
2891 1983 2984 2037 καὶ
3019 1974 3293 2054 ὑπερέϐης
3333 1983 3424 2037 τὸν
3447 1982 3600 2054 βίον,
3655 1986 3767 2039 ἀλλ’

2193 2072 2340 2141 οἶδας
2380 2077 2451 2132 τὰ
2490 2077 2636 2148 πάθη
2683 2076 2778 2129 καὶ
2814 2075 2914 2140 τάς
2949 2075 3139 2148 χρείας
3168 2075 3268 2146 τῆς
3309 2074 3722 2149 ἀνθρωπότητος
3752 2094 3763 2108 -

2194 2168 2414 2239 αἴτησον
2448 2168 2694 2239 εἰρήνην,
2738 2168 2821 2221 ἵνα
2850 2171 2903 2222 αί
2943 2166 3279 2239 πανηγύρεις
3304 2160 3464 2222 αὗται
3496 2168 3572 2240 μὴ
3595 2169 3765 2241 λήξωο

2196 2276 2313 2323 σιν,
2369 2259 2456 2313 ἵνα
2512 2257 2586 2330 μὴ
2633 2259 2865 2329 κωμάσῃ
2910 2257 3052 2319 κατά
3095 2257 3240 2313 ναῶν
3287 2257 3322 2328 ἢ
3372 2257 3767 2330 θυσιαστηρίων

2193 2349 2403 2421 λυσσῶν
2431 2350 2527 2404 καὶ
2563 2349 2801 2419 ἄθεσμος
2849 2348 3124 2421 βάρϐαρος
3149 2390 3165 2415 ,
3215 2348 3304 2403 ἵνα
3341 2348 3415 2421 μὴ
3456 2352 3674 2423 πατήσῃ
3700 2353 3768 2405 τά

2193 2443 2323 2514 ἅγια
2370 2443 2611 2516 βέϐηλος.
2670 2444 2862 2515 Ἡμεῖς
2904 2444 3014 2515 γὰρ
3072 2444 3165 2498 καὶ
3227 2443 3368 2515 ὑπὲρ
3412 2436 3488 2498 ὧν
3540 2446 3767 2511 ἀπαθεῖς

2193 2535 2592 2609 ἐφυλάχθημεν,
2618 2537 2701 2590 σοὶ
2730 2536 3055 2609 λογιζόμεθα
3082 2536 3182 2607 τὴν
3205 2537 3522 2607 εὐεργεσίαν
3539 2557 3554 2569 ·
3590 2538 3770 2592 αἰτοῦ⁴

2195 2645 2296 2699 μεν
2319 2628 2375 2683 δὲ
2405 2640 2498 2683 και
2533 2629 2626 2682 τοῦ
2668 2628 2950 2701 μέλλοντος
2997 2628 3095 2702 τὴν
3129 2630 3448 2700 ἀσφάλειαν.
3482 2632 3580 2685 Ἂν
3610 2633 3769 2703 χρεία

2189 2722 2414 2793 γένηται
2448 2720 2540 2775 καὶ
2571 2721 2814 2784 πλείονος
2856 2721 3152 2788 δυσωπίας,
3210 2723 3461 2794 ἄθροισον
3485 2723 3581 2776 τὸν
3609 2725 3769 2794 χορὸν

2194 2813 2301 2869 τῶν
2332 2809 2440 2867 σῶν
2468 2812 2712 2882 ἀδελφῶν
2740 2811 2848 2866 τῶν
2896 2812 3208 2885 μαρτύρων,
3242 2814 3337 2866 καὶ
3375 2812 3514 2884 μετὰ
3547 2812 3769 2867 πάντων

2190 2904 2431 2978 δεήθητι·
2489 2905 2699 2960 πολλῶν
2751 2905 2975 2959 δικαίων
3031 2905 3207 2975 εὐχαὶ,
3255 2904 3399 2958 λαῶν
3440 2905 3535 2958 καὶ
3580 2905 3771 2977 δήμων

2192 2996 2467 3066 ἁμαρτίας
2496 2996 2814 3050 λυσάτωσαν
2835 3012 2848 3024 ·
2895 2994 3207 3066 ὑπόμνησον
3235 2996 3461 3069 Πέτρον,
3504 2995 3772 3068 διέγειρον

2192 3089 2423 3155 Παῦλον,
2459 3088 2711 3160 Ἰωάννην
2742 3084 2941 3159 ὁμοίως
2971 3087 3064 3141 τὸν
3116 3087 3364 3156 θεολόγον
3396 3089 3490 3142 καὶ
3512 3089 3773 3160 φιλούμε-

2193 3197 2280 3233 νον
2310 3178 2592 3250 μαθητήν·
2626 3178 2692 3233 ἵν’
2723 3179 2861 3251 ὑπὲρ
2900 3178 3013 3232 τῶν
3050 3177 3386 3249 Ἐκκλησιῶν
3418 3178 3486 3244 ἃς
3513 3183 3774 3251 συνεστή-

2195 3288 2355 3326 σαντο
2382 3273 2809 3344 μεριμνήσωσιν,
2842 3270 2981 3342 ὑπὲρ
3004 3263 3078 3325 ὧν
3106 3271 3207 3335 τάς
3238 3270 3454 3334 ἁλύσεις
3476 3271 3769 3343 ἐφόρεσαν,

2194 3363 2333 3434 ὑπὲρ
2361 3356 2437 3417 ὧν
2469 3364 2594 3427 τοὺς
2624 3363 2899 3428 κινδύνους
2930 3366 3024 3418 καὶ
3062 3364 3190 3429 τοὺς
3221 3362 3479 3428 θανάτους
3505 3365 3771 3437 ἤνεγκαν

2196 3456 2272 3528 μὴ
2305 3455 2717 3527 εἰδωλολατρεία
2757 3457 2865 3531 ἄρῃ
2894 3456 3014 3510 καθ’
3045 3457 3203 3529 ήμῶν
3236 3457 3478 3529 κεφαλὴν
3498 3497 3513 3520 ,
3564 3459 3642 3529 μὴ
3685 3459 3777 3511 αἱ-

2198 3547 2372 3618 ρέσεις
2410 3547 2486 3612 ὡς
2533 3546 2767 3603 ἄκανθαι
2808 3548 2886 3621 τῷ
2938 3548 3219 3621 ἀμπελῶνι
3279 3549 3773 3621 ύποὸλαστήσωσι,

2197 3641 2273 3713 μὴ
2299 3640 2536 3706 ζιζάνιον
2564 3641 2784 3714 ἐγερθὲν
2824 3641 2986 3717 πνίεῃ
3026 3641 3117 3696 τὸν
3147 3645 3310 3695 σῖτον·
3360 3643 3436 3713 μή
3478 3659 3564 3706 τις
3592 3642 3778 3715 πέτρα

2192 3732 2416 3806 γένηται
2439 3733 2559 3787 καθ’
2585 3734 2743 3806 ήμῶν
2767 3733 3063 3805 λειπομένη
3101 3733 3200 3805 τῆς
3227 3733 3480 3804 πιότητος
3505 3737 3607 3806 τῆς
3639 3735 3777 3807 άλη-

2193 3821 2344 3896 θινῆς
2393 3823 2617 3896 δρόσου,
2669 3824 2765 3878 καὶ
2802 3823 2990 3896 άριζον
3031 3822 3287 3895 ἀποδείξῃ
3318 3824 3417 3894 τῆς
3464 3824 3777 3896 εὐκαρπίας

2190 3915 2284 3969 τοῦ
2335 3915 2492 3983 λόγου
2522 3914 2621 3983 τὴν
2667 3915 2927 3988 δύναμιν·
2986 3914 3119 3971 ἀλλά
3157 3918 3223 3987 τῇ
3257 3915 3482 3986 δυνάμει
3525 3915 3632 3987 τῆς
3669 3917 3778 3987 σῆς

2193 4009 2487 4082 πρεσϐείας
2515 4011 2610 4064 καὶ
2641 4009 2749 4064 τῶν
2780 4010 2876 4064 σὺν
2909 4011 3011 4077 σοὶ,
3029 4008 3328 4080 θαυμαστὲ,
3363 4009 3456 4063 καὶ
3486 4010 3779 4082 ὑπερλάμ-

2191 4116 2292 4154 πον
2339 4102 2396 4155 ὲν
2421 4102 2532 4167 τοῖς
2566 4101 2801 4173 μάρτυσι
2842 4100 2990 4172 λήϊον
3027 4099 3372 4172 ἀποδειχθείη
3402 4099 3464 4153 τὸ
3490 4099 3600 4153 τῶν
3632 4100 3775 4170 Χρι-

2194 4192 2423 4248 στιανῶν
2449 4193 2745 4266 πολίτευμα
2774 4192 2936 4266 μέχρι
2959 4192 3145 4257 τέλους
3173 4193 3347 4265 μένον,
3382 4193 3441 4245 ἐν
3469 4193 3535 4264 τῇ
3559 4190 3783 4265 λιπαρᾷ

2190 4283 2287 4337 καὶ
2310 4284 2572 4357 εὐκάρπῳ
2594 4286 2694 4358 τῆς
2710 4287 2768 4339 ἐν
2787 4282 3007 4357 Χριστῷ
3031 4284 3265 4347 πίστεως
3293 4283 3505 4355 ἀρούρα
3531 4283 3616 4338 ἀεὶ
3640 4301 3783 4354 καρ-

2192 4375 2464 4448 ποφοροῦν
2480 4377 2581 4449 τὴν
2602 4377 2817 4432 αἰώνιον
2846 4375 3013 4450 ζωὴν,
3033 4375 3134 4448 τὴν
3158 4376 3217 4430 ὲν
3245 4373 3465 4447 Χριστῷ
3496 4372 3672 4446 Ἰησοῦ
3690 4375 3783 4446 τῷ

2196 4576 2345 4631 ματι,
2372 4559 2518 4626 δόξα,
2558 4561 2778 4631 κράτος,
2809 4562 2964 4633 τιμὴ,
3017 4558 3112 4614 νῦν
3146 4558 3241 4613 καὶ
3278 4559 3364 4613 ἀεὶ
3401 4559 3497 4612 καὶ
3531 4558 3614 4623 είς
3640 4559 3781 4623 τοὺς

2192 4649 2391 4714 αἰῶνας
2426 4650 2533 4705 τῶν
2559 4649 2792 4705 αἰώνων.
2844 4652 3036 4723 Ἀμήν.

516 4759 650 4800 arvo
682 4743 805 4801 fidei
831 4744 887 4799 in
908 4744 1447 4816 Christum,semper
1465 4745 1703 4800 fructum
1724 4744 2128 4815 edensaeternm
2163 4745 2310 4811 vitro,
2345 4761 2466 4818 quae
2497 4745 2725 4817 contigit
2753 4762 2850 4817 per
2902 4746 3182 4802 Christum
3222 4744 3408 4801 Jcsum
3468 4741 3782 4799 Dominum

505 4844 776 4893 nostrum.
840 4837 978 4892 Cum
1024 4852 1136 4908 quo
1169 4836 1320 4893 Patri
1349 4837 1513 4895 simul
1542 4844 1596 4893 et
1642 4834 1873 4907 Spiritui
1914 4843 2107 4893 sancto
2128 4835 2324 4907 gloria,
2357 4837 2644 4908 imperium
2668 4846 2722 4892 ct
2754 4839 2928 4893 honor
2975 4853 3121 4892 nunc
3148 4848 3200 4892 ct
3231 4850 3468 4906 semper,
3500 4845 3556 4891 et
3588 4837 3641 4889 in
3662 4852 3782 4893 sae-

505 4929 630 4984 cula
667 4929 1017 4987 saeculorum.
1043 4937 1237 4986 Amen.
