4050 6164
379 279 489 341 749

403 452 675 465 *ια-’Ἧ-

1488 284 1558 343 lN
1598 283 2101 355 QUADRAGINTA
2135 284 2544 349 MARTYRES.

3539 289 3643 346 750
3726 254 3733 259 ’

396 434 3633 510 νηῒ-ΜΨ

1545 582 1847 698 ΤΟΥ

1971 582 2463 700 ΑΥΤΟΥ

1834 801 2193 857 ΕΓΚΩΜΙΟΝ

683 943 854 1029 ΕΙΣ
926 943 1217 1031 ΤΟΥΣ
1282 946 1685 1031 ΑΓΙΟΥΣ
1757 938 2624 1033 ΤΕΣΣΑΡΑΚΟΝΤΑ
2713 938 3325 1035 ΜΑΡΤΥΡΑΣ.

1721 1237 2310 1343 EJUSDEM

1803 1443 1872 1500 IN
1939 1444 2222 1501 ιιΛυῡΕδι

1025 1599 1181 1689 SS.
1273 1599 2137 1706 QUADRAGINTA
2243 1526 2971 1691 MARTYRUM.

1754 1788 1942 1847 Eodem
1963 1784 2258 1852 interprete,

993 2002 1218 2061 ΛΟΓΟΣ
1261 2004 1338 2058 A'.

442 2112 540 2183 Οἷς
586 2117 842 2173 ἀνιᾶσθαι
895 2118 1020 2182 τοὺς
1069 2118 1296 2183 πολλοὺς
1338 2119 1693 2191 στοχάζομαι,
1746 2120 1959 2185 τούτοις

369 2211 534 2276 αὐτὸς
560 2212 866 2284 ἀγάλλομαι
890 2210 986 2283 τὴν
1005 2211 1265 2267 διάνοιαν.
1306 2212 1492 2283 Ἀηδὲς
1517 2212 1650 2284 γάρ,
1685 2213 1761 2278 ὡς
1786 2215 1955 2284 εἰκὸς,

369 2307 484 2369 τοῖς
522 2304 736 2368 πολλοῖς
788 2303 851 2358 τὸ
895 2305 953 2358 ὲν
993 2303 1245 2375 ἀλλήλοις
1294 2302 1692 2370 συνθλίϐεσθαι,
1747 2306 1871 2377 ἐμοὶ
1901 2306 1959 2362 δὲ

368 2396 529 2451 τοῦτο
559 2396 854 2476 κεφάλαιον
896 2396 1237 2470 εὐφροσύνης
1268 2397 1434 2452 ἐστίν.
1460 2396 1827 2469 Εὑφραίνεται
1849 2398 1958 2471 γὰρ

369 2488 647 2561 ὀφθαλμὸς
674 2488 768 2543 τοῦ
800 2488 1078 2560 ποιμένος,
1104 2488 1165 2542 τὸ
1189 2488 1439 2560 ποίμνιον
1455 2489 1668 2560 βλέπων
1692 2489 1797 2544 ὑπὸ
1824 2491 1959 2564 πλή-

372 2582 498 2644 οους
567 2579 1105 2657 στενοχωρούμενον,
1169 2579 1262 2633 καὶ
1320 2578 1420 2649 τῆς
1480 2578 1723 2653 μάνδρας
1791 2580 1959 2652 ὑπερ·

370 2673 649 2745 χεόμενον⁸
718 2671 897 2726 καίτοί
960 2688 1025 2741 γε
1082 2671 1143 2725 ού
1204 2670 1374 2741 μικρά
1410 2669 1518 2724 τῶν
1577 2668 1864 2742 προϐάτων
1922 2672 1957 2742 ἡ

370 2763 629 2828 ἔπαυλις,
678 2762 815 2818 ἀλλά
855 2760 1047 2834 στενὴν
1078 2763 1222 2815 ποιεῖ
1270 2760 1367 2833 τὴν
1410 2761 1752 2835 εὐρυχωρίαν
1794 2762 1958 2834 εὐθη-

368 2855 628 2926 νούμενον
656 2854 738 2925 τῷ
757 2854 951 2926 πλήθει
973 2853 1034 2907 τὸ
1063 2853 1331 2924 ποίμνιον.
1351 2852 1602 2907 Τοιοῦτόν
1629 2871 1682 2907 τι
1702 2854 1796 2908 καὶ
1829 2854 1959 2925 περὶ

369 2946 463 3001 τὸν
506 2945 716 3019 Κύριον
749 2946 778 2998 6
810 2943 1018 3016 Πέτρος
1059 2942 1183 2998 ίδὼν
1227 2942 1562 3015 ἀπεκρίνατο
1608 2942 1802 3014 λέγων,
1851 2944 1954 3011 ὅτι,

385 3036 731 3100 Ἐπιστάτα,
766 3037 815 3090 ot
861 3035 1032 3106 ὄχλοι
1082 3034 1425 3103 συνέχουσί
1458 3049 1532 3088 σε
1568 3033 1665 3088 καὶ
1710 3035 1958 3089 (£1001!—

370 3129 606 3183 ϐουσιν.
631 3129 860 3195 Ὄντως,
887 3126 1071 3190 καθώς
1094 3127 1227 3198 φησι
1255 3143 1359 3179 που
1389 3128 1417 3180 6
1440 3124 1582 3190 θεῖος
1613 3126 1954 3192 Ἀπόστολος,

368 3220 430 3275 τὸ
455 3219 728 3275 θλίϐεσθαι
748 3221 842 3274 καὶ
863 3219 939 3291 μὴ
970 3216 1418 3290 στενοχωρεῖσθαι
1435 3216 1590 3271 τοῦτό
1632 3217 1769 3272 ἐστι.
1788 3219 1957 3273 Παντὶ⁵

2630 2000 2891 2058 onA'rIo
2928 2000 2948 2056 ι
2980 2002 3080 2073 (ι).

2130 2114 2280 2182 Quas
2321 2128 2410 2169 res
2465 2113 2725 2170 existimo
2776 2113 3058 2185 plerisque
3101 2128 3302 2185 graves
3340 2129 3406 2171 ac
3468 2118 3643 2174 mole-

2056 2210 2177 2261 stas
2217 2220 2361 2269 esse,
2408 2205 2495 2259 his
2544 2203 2665 2276 ipse
2711 2204 2898 2259 animo
2929 2204 3105 2260 latter.
3142 2203 3430 2261 Molestum
3493 2209 3640 2264 enim

2048 2297 2320 2352 nimirum
2354 2296 2635 2368 plerisque
2660 2303 2746 2351 est
2775 2295 3064 2367 comprimi
3090 2296 3235 2353 inter
3269 2314 3392 2355 sese
3414 2309 3468 2355 et
3503 2317 3640 2357 con-

2060 2389 2252 2462 stipari
2281 2408 2295 2444 :
2327 2391 2428 2444 hoc
2457 2404 2587 2445 vero
2615 2387 2748 2443 mihi
2782 2402 3009 2444 summae
3063 2386 3266 2445 laetitias
3315 2400 3426 2448 cst.
3469 2390 3644 2447 Laeta-

2060 2491 2150 2536 tur
2173 2483 2319 2538 enim
2358 2482 2552 2538 oculus
2586 2481 2846 2550 pastoris,
2877 2496 3002 2537 cum
3048 2497 3265 2554 gregem
3295 2499 3409 2555 prae
3450 2485 3641 2541 multi-

2060 2573 2250 2629 tudine
2272 2575 2569 2642 coarctari,
2600 2581 2655 2629 et
2687 2574 2831 2629 ovile
2861 2574 3185 2645 superlundi
3220 2576 3366 2633 videt
3397 2594 3414 2645 ,
3459 2593 3640 2648 quan-

2060 2683 2218 2738 quam
2239 2683 2345 2724 non
2363 2668 2619 2739 exiguum
2636 2667 2818 2722 ovium
2836 2667 3110 2725 stabulum
3126 2675 3230 2735 est,
3245 2668 3341 2725 sed
3364 2669 3642 2725 laxitatem

2060 2767 2348 2832 angustam
2402 2759 2582 2816 eﬂ‘ecit
2627 2759 2977 2816 multitudine
3028 2777 3157 2830 grex
3187 2761 3500 2819 abundans.
3532 2761 3645 2817 llu—

2056 2850 2297 2922 jusmodi
2347 2849 2479 2922 quid
2522 2851 2685 2907 etiam
2724 2851 2872 2906 circa
2911 2849 3204 2908 Dominum
3248 2851 3445 2910 Petrus
3508 2869 3644 2911 con-

2060 2942 2303 3012 spicatus
2333 2942 2618 3012 respondit
2648 2942 2734 2998 his
2761 2943 2979 2998 verbis:
3009 2942 3334 3015 Prwceplor,
3375 2948 3543 3001 turba:
3597 2956 3645 3003 te

2060 3035 2422 3104 comprimunt
2449 3044 2500 3090 et
2527 3044 2802 3089 coarctant
2821 3036 2859 3090 ί.
2883 3035 2998 3091 Hoc
3029 3037 3189 3107 plane
3218 3046 3323 3105 est,
3352 3047 3410 3093 ut
3440 3040 3642 3095 alicubi

2059 3129 2237 3200 inquit
2274 3129 2496 3184 divinus
2536 3128 2854 3199 Apostolus,
2890 3130 3088 3199 premi,
3118 3137 3173 3185 et
3206 3146 3319 3187 non
3350 3132 3406 3187 in
3471 3148 3646 3204 angu-

2059 3221 2192 3277 stias
2218 3220 2407 3292 redigi.
2466 3219 2603 3274 Dum
2639 3221 2694 3275 in
2722 3221 2868 3276 omni
2899 3236 2978 3286 re,
3017 3221 3194 3292 inquit
3217 3261 3231 3286 .
3267 3224 3560 3294 urgemini,
3591 3235 3652 3281 et

368 3311 499 3384 γὰρ,
516 3312 670 3384 φησὶ,
696 3311 1022 3382 θλιϐόμενοι,
1041 3310 1155 3364 ἀλλ’
1186 3311 1248 3364 οὐ
1272 3311 1783 3383 στενοχωρούμενοι.
1815 3311 1958 3382 Ἐγὼ

2062 3312 2246 3367 nonin
2279 3312 2564 3383 angustias
2613 3312 2942 3382 redigimini.
2974 3312 3086 3384 Ego
3118 3327 3250 3369 vero
3304 3329 3469 3385 quam
3517 3330 3648 3387 pro-

368 3365 426 3456 δὲ
447 3365 590 3455 ’τ’ίᾷοί
619 3365 1040 3475 πιροχειρίσομαι
1067 3399 1224 3469 λόγον
1255 3400 1348 3454 ἐπὶ
1385 3365 1478 3453 τάῦ
1507 3365 1748 3455 «Eadm
1773 3365 1958 3455 συλλό-

2072 3365 2245 3367 ν
2650 3365 2685 3367 -ν
3018 3365 3076 3384 υ-
3311 3365 3468 3385 τῇ---
3518 3365 3612 3387 Γ-

2062 3419 2207 3459 mam
2247 3407 2551 3460 orationem
2578 3403 2634 3459 in
2657 3404 2927 3473 ejusmodi
2959 3413 3232 3461 conventu
3262 3406 3286 3461 Ἰ
3318 3408 3443 3477 quis
3493 3408 3645 3464 dabit

368 3509 500 3563 γου;
548 3492 643 3558 Τίς
671 3493 833 3547 δώσει
886 3509 977 3564 μοι
1026 3492 1211 3563 φωνὴν
1262 3492 1561 3562 σάλπιγγος
1599 3492 1957 3565 ὑψηλοτέραν,

368 3586 512 3642 ὥστε
556 3588 905 3659 περηχῆσαι
953 3586 1014 3640 τὸ
1059 3585 1286 3658 πλῆθος,
1331 3587 1424 3639 καὶ
1464 3588 1584 3650 ταῖς
1623 3587 1814 3649 ἀκοαῖς
1852 3584 1959 3639 τῶν

370 3678 801 3750 συνειλεγμένων
828 3678 1188 3733 ἐναποοέσθαι
1213 3681 1282 3732 τά
1312 3679 1566 3749 ρήματα;
1599 3677 1742 3748 Πρὸς
1766 3677 1818 3729 τί
1850 3675 1959 3730 τῶν

369 3771 800 3842 ἀνεγνωσμένων
834 3769 1037 3843 τρέψας
1057 3771 1081 3822 ὲ
1090 3769 1296 3841 μαυτοῦ
1318 3769 1416 3841 τὴν
1438 3768 1697 3834 διάνοιαν,
1725 3768 1959 3839 πρόσφο-

373 3884 464 3938 ρον
495 3865 705 3940 ὲξεύρω
735 3868 847 3929 τοῖς
891 3863 1127 3935 παροῦσι
1166 3862 1260 3918 τὸν
1302 3862 1497 3933 λόγον;
1549 3862 1722 3926 Πολὺς
1762 3862 1792 3914 6
1836 3859 1958 3915 Ἰὼϐ

369 3958 640 4013 παιδεύων
675 3957 755 4021 είς
778 3955 1031 4030 ἀνδρείαν
1068 3956 1159 4011 τὸν
1183 3954 1296 4026 βίον
1326 3955 1439 4019 τοῖς
1467 3952 1589 4009 καθ’
1619 3952 1812 4007 ἑαυτὸν
1833 3952 1960 4006 ὐπο-

369 4050 649 4121 δείγμασι,
690 4047 857 4111 πολὺς
891 4050 920 4101 ό
957 4046 1369 4119 Παροιμιαστὴς
1408 4048 1517 4109 τοῖς
1548 4040 1856 4115 αἰνίγμασι.
1891 4042 1956 4096 Τί

370 4141 417 4195 δ’
452 4140 518 4194 ἄν
544 4156 628 4204 τις
648 4139 792 4193 εῐποι
819 4135 949 4209 περὶ
974 4136 1068 4191 τοῦ
1095 4134 1239 4207 ἱεροῦ
1287 4134 1629 4200 Ἀποστόλου,
1668 4133 1726 4198 ὃς
1754 4134 1820 4187 ἐκ
1855 4133 1957 4186 τῶν

372 4232 626 4306 ἀρρήτων
660 4229 921 4302 ῥημάτων
964 4228 1188 4283 ἐκείνων
1219 4225 1256 4281 ἀ
1295 4226 1436 4298 ὑπὲρ
1479 4228 1577 4298 τὴν
1610 4223 1957 4297 ἀνθρωπίνην

371 4323 514 4378 εἷναί
541 4339 672 4394 φησι
700 4321 1050 4392 κατανόησιν,
1076 4320 1218 4391 τάχα
1254 4318 1343 4373 διά
1376 4319 1476 4390 τῆς
1496 4317 1633 4388 πρὸς
1678 4315 1956 4385 Ἐφεσίους

370 4414 716 4478 διδασκαλίας
754 4415 850 4468 καὶ
896 4414 1028 4485 ἡμῖν
1075 4411 1382 4483 ὑπελάλησε
1419 4410 1510 4464 τὸν
1560 4409 1873 4481 ἀπόρρητον
1898 4408 1957 4461 ὲν

370 4505 451 4576 τῷ
519 4505 739 4576 σταυρῷ
792 4505 984 4575 λόγον,
1026 4504 1092 4558 δι’
1136 4504 1476 4575 αἰνιγμάτων
1534 4500 1951 4556 ἀνακαλύπτων.

369 4595 611 4652 Τοιαῦτα
631 4596 688 4651 δὲ
709 4597 873 4669 ἕτερα
893 4598 986 4651 καὶ
1006 4597 1074 4651 τὰ
1094 4598 1159 4651 ὲκ
1183 4596 1284 4669 τῆς
1305 4593 1629 4667 ψαλμῳδίας
1655 4595 1952 4666 μυστήρια,

369 4689 697 4762 ἀνάμνησις,
732 4690 827 4743 καὶ
876 4688 1270 4760 στηλογραφία,
1305 4687 1401 4741 καὶ
1433 4686 1729 4758 ὲπιλήνιος.
1771 4684 1956 4741 Ταῦτα
1982 4720 2026 4780 c

369 4782 479 4854 γάρ
517 4784 578 4836 ὲν
602 4783 723 4846 ταῖς
763 4783 1099 4854 ἐπιγραφαῖς
1133 4781 1241 4855 τῶν
1267 4778 1800 4850 ύπαναγνωσθέντων
1828 4780 1957 4850 ἡμῖν

370 4874 604 4947 ψαλμῶν
633 4874 1088 4944 κατανοήσαντες,
1120 4872 1180 4926 ού
1219 4872 1422 4944 μικρὰν
1453 4870 1669 4944 ὁρῶμεν
1701 4872 1956 4945 ἀφορμὴν

368 4964 450 5037 τῷ
483 4963 627 5036 λόγῳ
661 4962 751 5018 διὰ
782 4961 888 5016 τῶν
928 4960 1264 5034 αἰνιγμάτων
1290 4962 1596 5036 διδομένην.
1642 4961 1781 5016 Ἀλλ’
1833 4963 1956 5033 ἐμοὶ

369 5054 432 5109 τὺ
467 5054 568 5126 μὲν
591 5055 705 5119 τοῖς
734 5052 1048 5124 εἰρημένοις
1070 5052 1394 5120 ἐπεξελθεῖν,
1420 5054 1675 5125 εὔκαιρον
1710 5049 1849 5108 εἶναι
1871 5053 1955 5107 δο-

373 5150 461 5202 κεῖ
487 5146 726 5219 δευτέρῳ
767 5143 1169 5217 ταμιεύσασθαι
1217 5144 1423 5217 χρόνῳ·
1460 5143 1714 5217 ἐπιθυμῶ
1759 5145 1817 5197 δὲ
1852 5144 1953 5215 τῆς

373 5239 658 5312 παρούσης
695 5239 915 5312 χάριτος
958 5237 1267 5312 πρόσφορόν
1305 5254 1427 5293 τινα
1478 5239 1573 5292 καὶ
1620 5237 1954 5308 κατάλληλον

371 5332 613 5405 ἐξευρεῖν
636 5332 735 5405 τὴν
761 5334 965 5405 φωνήν.
997 5331 1093 5395 Τίς
1132 5326 1226 5385 οὖν
1270 5331 1419 5386 ἐστιν
1450 5329 1622 5402 αὖτη;
1655 5326 1785 5384 Οἶδά
1835 5345 1957 5389 τινα

450 5470 467 5503 ¹
493 5467 629 5525 Luc.
653 5483 772 5533 VIII,
803 5467 894 5523 δῦ.

428 5604 522 5675 (ει)
563 5601 664 5659 Est
698 5609 879 5657 autem
910 5600 1238 5675 principium
1275 5596 1460 5675 potius
1484 5598 1750 5675 orationis
1781 5615 1810 5675 :_
1827 5610 1953 5651 nam

374 5670 512 5729 cunt
538 5675 775 5728 tumultu
833 5670 1178 5743 ac—strep’itu
1220 5670 1473 5743 certatim
1514 5670 1956 5743 conﬂuentis__ct

379 5761 502 5801 sese
542 5744 910 5814 constipautis
935 5745 990 5797 in
1022 5739 1225 5813 templo
1253 5740 1652 5821 multitudinis
1705 5739 1954 5796 exaudiri

2062 3496 2193 3550 mihi
2227 3511 2413 3551 vocem
2445 3496 2573 3550 tuba
2608 3495 2897 3550 clariorem
2928 3503 2983 3550 et
3009 3496 3184 3566 magis
3238 3511 3498 3554 sonoram
3535 3538 3549 3563 ,
3583 3512 3643 3554 ut

2063 3588 2377 3644 resonantia
2438 3586 2735 3656 strepitum
2792 3587 3158 3644 multitudinis
3192 3599 3435 3660 superet,
3487 3600 3542 3647 et
3586 3595 3641 3647 in

2062 3677 2290 3733 auribus
2328 3682 2784 3747 congregatorum
2816 3676 2981 3732 verba
3013 3674 3319 3732 recondat?
3360 3680 3427 3734 ad
3483 3681 3645 3751 quid-

2061 3786 2188 3826 nam
2223 3784 2415 3826 corum
2445 3784 2567 3840 qua:
2607 3768 2889 3841 (publice)
2937 3768 3078 3825 lecta
3114 3780 3263 3836 sunt,
3288 3780 3471 3828 mente
3522 3788 3643 3828 mea

2059 3877 2326 3920 conversa
2354 3863 2520 3919 rebus
2562 3862 2930 3934 praesentibus
2972 3863 3390 3919 convenientem
3434 3873 3489 3920 et
3545 3880 3641 3921 ac-

2059 3954 2463 4012 eommodatum
2502 3955 2828 4024 excogitabo
2854 3970 3162 4010 sermonem
3190 3954 3214 4010 ?
3244 3954 3473 4013 Multum
3501 3959 3647 4015 valet

2057 4046 2160 4103 Job
2188 4049 2243 4103 in
2281 4047 2617 4104 instituenda
2647 4047 2758 4102 vita
2790 4047 2859 4102 ad
2888 4046 3268 4103 fortitudinem
3297 4049 3414 4106 suis
3460 4066 3647 4107 exem-

2058 4139 2165 4210 plis
2188 4180 2203 4203 ,
2236 4139 2447 4195 multus
2494 4138 2549 4193 in
2598 4138 2905 4209 aenigmatis
2937 4146 2990 4195 et
3017 4139 3307 4196 verborum
3343 4141 3644 4198 involucris

2058 4229 2297 4299 scriptor
2343 4226 2781 4282 Proverbiorum.
2818 4226 2959 4295 Quid
2990 4227 3119 4285 item
3150 4228 3218 4286 de
3274 4244 3434 4285 sacro
3497 4232 3643 4301 Apo-

2059 4321 2203 4378 stolo
2237 4320 2439 4376 dixerit
2485 4319 2731 4391 aliquis?
2767 4319 2869 4386 Qui
2922 4334 2989 4375 ex
3019 4320 3238 4375 arcanis
3301 4320 3411 4378 illis
3460 4321 3644 4376 verbis

2057 4428 2179 4484 qum
2206 4428 2374 4483 supra
2405 4421 2624 4482 captum
2673 4420 2727 4468 et
2771 4412 3108 4469 intellectum
3163 4413 3462 4466 humanum
3517 4427 3641 4467 esse

2057 4505 2166 4573 ait,
2207 4504 2445 4562 fortasse
2474 4519 2573 4575 per
2620 4505 2954 4571 doctrinam,
3017 4518 3125 4575 qua
3186 4502 3424 4559 instituit
3465 4501 3645 4572 Ephe-

2057 4598 2195 4663 sios,
2235 4598 2401 4654 etiam
2467 4597 2626 4653 nobis
2668 4597 2916 4669 suggerit
2955 4609 3219 4650 arcanum
3254 4594 3311 4649 in
3346 4608 3513 4649 cruce
3548 4610 3646 4665 per

2057 4691 2347 4763 aenigmata
2389 4699 2553 4761 atque
2582 4690 2871 4744 involucra
2914 4687 3207 4744 verborum
3238 4686 3499 4758 detegens
3529 4702 3645 4743 ser-

2064 4798 2306 4838 monem.
2359 4780 2689 4850 llujusmodi
2734 4780 2869 4835 item
2908 4779 3015 4835 alia
3069 4778 3386 4849 psalmodia:
3425 4794 3646 4851 quoque

2066 4877 2352 4950 mysteria,
2412 4872 2720 4930 recordatio
2752 4912 2768 4940 ,
2825 4881 2881 4929 et
2930 4872 3072 4928 tituli
3112 4871 3428 4943 inscriptio,
3465 4882 3520 4929 et
3576 4875 3643 4928 ad

2064 4967 2366 5025 toreularia
2434 4965 2711 5021 celebrata
2769 4965 2973 5020 cantio.
3020 4962 3118 5019 His
3160 4963 3306 5020 enim
3341 4964 3399 5019 in
3442 4964 3643 5021 inscri-

2062 5058 2340 5132 ptionibus
2394 5058 2775 5128 psalmorum,
2815 5056 2909 5128 qui
2965 5055 3126 5112 nobis
3181 5055 3421 5125 praelecti
3471 5066 3638 5121 sunt,

2061 5150 2495 5218 animadversis,
2546 5149 2695 5206 haud
2756 5163 2983 5220 parvam
3045 5147 3296 5205 videmus
3374 5163 3471 5218 per
3523 5150 3645 5219 ipsa

2061 5244 2348 5316 aenigmata
2419 5250 2584 5314 atque
2648 5242 2933 5298 involucra
3007 5238 3300 5297 verborum
3361 5242 3644 5297 materiem

2063 5335 2185 5392 dari
2241 5332 2499 5390 orationi.
2559 5332 2667 5389 Sed
2706 5332 2840 5388 mihi
2921 5332 3142 5404 quidem
3182 5334 3532 5392 commodum
3563 5337 3646 5392 vi-

2064 5604 2425 5669 praetcrquam
2466 5610 2494 5649 a
2530 5598 2773 5668 proxime
2801 5596 3148 5653 adstantibus
3193 5611 3301 5653 non
3342 5609 3549 5669 posset,
3588 5601 3641 5653 in

2065 5678 2347 5794 pgsterum
2411 5670 2552 5723 diem
2587 5685 2699 5724 rem
2737 5669 2985 5737 distulit,
3023 5676 3077 5723 et
3108 5672 3356 5738 proxima
3396 5673 3644 5726 oratione

2067 5754 2094 5793 a
2140 5755 2199 5795 so
2227 5752 2317 5792 γιι.
