4050 6164
451 308 548 366 73!
1685 298 1742 356 S.
1785 293 2113 355 GREGORII
2155 295 2449 351 NYSSENI
3622 295 3722 352 75'!

449 428 633 494 detur,
694 436 756 484 ut
802 423 1222 495 explicationem
1277 435 1468 476 eorum
1515 434 1638 491 qua:
1689 419 1836 476 dicta
1911 425 2035 474 sunt

2145 419 2308 489 νόμον
2337 420 2434 490 τῆς
2475 418 2689 489 φύσεως
2726 419 2874 483 ἴδιον,
2921 419 3111 484 αὐταῖς
3156 421 3274 482 ταῖς
3323 417 3496 482 θείαις
3533 418 3722 486 πλαξὶν

449 519 504 574 in
546 520 776 574 alterum
811 526 1023 584 tempus
1082 513 1399 584 rejiciamus
1428 533 1441 569 :
1469 514 1632 584 cupio
1676 522 1858 568 autem
1904 527 2035 582 prae-

2143 508 2581 578 ἐντετυπωμένον
2615 508 2764 581 παρὰ
2788 508 2884 562 τοῦ
2920 508 3209 579 νομοθέτου
3244 507 3344 576 τῆς
3381 506 3597 576 φύσεως
3620 525 3633 538 ·
3668 508 3724 570 ὃς

450 611 596 665 senti
620 607 904 664 festivitati
935 607 1348 660 convenientem
1380 611 1434 660 et
1465 603 1932 658 accommodatam
1951 602 2043 655 ali-

450 715 614 768 quam
645 713 833 752 vocem
865 698 1197 766 excogitare.
1253 695 1386 762 Quae
1420 696 1584 765 igitur
1613 705 1696 751 est
1719 694 1874 748 hate?
1905 691 2041 748 Novi

450 789 742 857 quamdam
771 789 943 859 legem
975 799 1178 843 natura»
1216 788 1514 860 propriam,
1552 788 1685 858 ipsis
1713 787 1915 844 divinis
1965 796 2044 839 ta-

451 880 596 937 bulis
622 881 951 950 insculptam
987 895 1016 932 a
1041 879 1324 934 conditore
1353 879 1488 949 legis
1519 888 1731 933 natura:
1751 916 1764 940 ,
1789 892 1911 948 quae
1962 876 2044 946 ju-

451 974 541 1029 bet
568 980 628 1028 ut
657 972 914 1028 omnibus
961 970 1121 1025 bonis
1159 981 1212 1026 et
1247 969 1474 1034 ciliciis,
1524 984 1865 1040 quaecunque
1913 983 2046 1038 prae-

388 1066 398 1085 ‘
451 1065 589 1120 stari
617 1063 852 1135 possint,
879 1061 1144 1117 beneﬁcia
1195 1069 1485 1131 parentum
1529 1076 1754 1118 suorum
1811 1060 2046 1130 quisque

451 1164 788 1229 compensct.
811 1154 1052 1219 Honora,
1074 1153 1272 1224 inquit,
1302 1162 1506 1222 patrem
1533 1163 1680 1206 tuum
1718 1165 1768 1206 et
1821 1161 2044 1204 matrem

453 1263 599 1306 tuam
621 1267 638 1305 :
661 1248 798 1320 quod
826 1258 903 1302 est
928 1247 1240 1301 mandatum
1263 1247 1491 1312 primum
1511 1248 1561 1298 in
1579 1243 2042 1314 promissionibus,

451 1354 509 1396 ut
527 1343 620 1395 tibi
638 1344 760 1395 bene
785 1340 912 1395 sit”.
941 1339 1096 1406 Quod
1123 1339 1167 1393 si
1188 1341 1422 1408 primum
1449 1339 1647 1403 locum,
1678 1337 1822 1407 quod
1852 1336 2046 1390 attinet

451 1433 518 1488 ad
537 1431 977 1503 promissionem,
1001 1432 1212 1486 obtinet
1231 1430 1475 1498 ha‘cJex,
1497 1439 1550 1485 et
1571 1428 1850 1484 exsecutio
1879 1425 2044 1495 hujus

451 1523 734 1593 proprium
789 1524 1001 1578 lucrutn
1066 1522 1342 1577 servantis
1389 1536 1507 1576 eam
1559 1521 1776 1575 exsistit
1831 1521 2046 1587 (honor

451 1611 599 1670 enim
647 1611 970 1680 parentibus
1029 1611 1253 1666 habitus
1309 1610 1604 1664 revertitur
1649 1608 1721 1662 ad
1765 1624 1889 1663 eum
1945 1609 2041 1678 qui

454 1705 624 1772 legem
657 1702 1033 1773 impleverit),
1075 1701 1223 1756 haud
1257 1700 1492 1755 alienum
1548 1699 1731 1764 fuerit,
1774 1715 2044 1770 quemque

2146 600 2327 652 πᾶσαν
2368 598 2578 670 ἀγαθὴν
2609 599 2842 670 ἀμοιϐὴν
2869 601 2978 662 τοῖς
3028 598 3179 662 ἰδίοις
3211 598 3458 667 γονεῦσιν
3492 599 3726 651 ὲκτιννύ-

2144 706 2232 743 ναι
2283 690 2513 756 κελεύει,
2563 691 2695 762 ὅσην
2735 689 2802 744 ἂν
2842 694 2874 762 ἡ
2918 690 3145 760 δύναμις
3181 689 3357 760 φέρει.
3413 690 3554 758 Τίμα
3595 690 3726 761 γὰρ,

2146 781 2300 850 φησὶ,
2333 781 2439 834 τὸν
2471 781 2698 849 πατέρα
2730 796 2847 836 σου
2884 782 2981 836 καὶ
3017 781 3132 850 τὴν
3165 781 3394 851 μητέρα
3431 797 3570 846 σου,
3599 781 3722 849 ἣτις

2143 869 2315 922 ἐστὶν
2350 870 2569 937 ἐντολὴ
2611 871 2808 938 πρώτη
2835 871 2906 924 ἐν
2943 871 3344 940 ἐπαγγελίαις,
3379 871 3481 923 ἵνα
3523 866 3592 925 εὖ
3631 887 3726 924 act

2144 961 2405 1031 γένηται.
2438 963 2500 1014 Ei
2528 962 2585 1014 δὲ
2612 963 2880 1032 πρωτεύει
2906 964 3026 1016 κατ’
3054 960 3387 1030 ἐπαγγελίαν
3407 954 3564 1024 οὗτος
3591 962 3620 1013 ό
3645 961 3726 1014 νό-

2149 1073 2270 1126 μος,
2304 1056 2398 1109 καὶ
2427 1056 2487 1110 τὸ
2523 1057 2852 1127 κατόρθωμα
2892 1058 3082 1110 τούτου
3124 1056 3254 1109 ἴδιον
3283 1056 3472 1127 κέρδος
3495 1056 3586 1110 τοῦ
3624 1075 3726 1126 φυ-

2147 1146 2436 1209 λάσσοντος
2486 1146 2693 1215 γίνεται
2747 1147 3171 1218 (ἐπαναστρέφει
3223 1147 3332 1218 γὰρ
3379 1148 3412 1216 ἡ
3472 1149 3551 1210 είς
3603 1147 3726 1210 τοὺς

2145 1237 2340 1305 γονέας
2370 1238 2506 1308 τιμὴ
2537 1239 2615 1300 εἰς
2635 1237 2725 1291 τόν
2755 1237 3154 1309 πεπληρωκότα
3179 1236 3270 1290 τὸν
3299 1237 3506 1306 νόμον)’
3548 1237 3726 1300 καλῶς

2147 1328 2212 1381 ἂν
2245 1327 2358 1399 ἔχοι
2405 1328 2580 1382 πάντα
2611 1329 2702 1382 τόν
2731 1346 2795 1399 γε
2826 1327 2948 1382 νοῦν
2981 1327 3172 1396 ἔχοντα
3201 1329 3337 1400 πρὸς
3373 1327 3575 1397 ταύτην
3607 1327 3718 1398 βλέ-

2146 1437 2268 1475 πειν
2309 1422 2409 1491 τὴν
2434 1421 2672 1492 ἐντολὴν,
2700 1416 2766 1492 ἦς
2809 1421 2871 1473 τὸ
2910 1420 3082 1492 πέρας
3123 1420 3414 1491 εὐεργεσία
3446 1421 3538 1473 καὶ
3570 1421 3724 1491 χάρις

2146 1513 2238 1566 τοῦ
2271 1515 2594 1584 ποιήσαντος
2617 1513 2845 1581 γίνεται.
2871 1515 2933 1566 Οἱ
2959 1513 3061 1583 μὲν
3086 1507 3181 1566 οὖν
3213 1512 3312 1582 τῆς
3345 1513 3547 1584 σαρκὸς
3569 1513 3726 1582 ἡμῶν

2146 1606 2401 1676 πατέρες,
2429 1609 2494 1677 τῇ
2523 1606 2645 1659 καθ’
2681 1606 2907 1668 ἑαυτοὺς
2951 1608 3114 1677 γενεᾷ
3153 1605 3295 1660 κατὰ
3331 1605 3422 1658 τὸν
3463 1606 3522 1670 ἐξ
3554 1607 3727 1677 ἀρχῆς

2146 1694 2328 1758 αὐτοῖς
2377 1695 2734 1766 ἀφορισθέντα
2761 1696 2950 1767 χρόνον
3001 1697 3463 1767 ὑπηρετήσαντες,
3519 1698 3727 1767 ἀπροσ-

453 1794 738 1849 εοτιιιιιιιιιι
769 1794 988 1864 quidem
1018 1802 1170 1848 certe
1205 1793 1270 1848 ad
1319 1793 1460 1847 hanc
1485 1793 1653 1864 legem
1686 1835 1698 1859 ,
1731 1793 1889 1864 cujus
1916 1793 2035 1849 ﬁnis

2145 1784 2283 1846 δεεῖς
2320 1762 2436 1838 εἰσι
2608 1762 2885 1857 ἡμετέρας
2918 1762 3247 1857 τιμτῖγςξ-Εξω⁷
3276 1787 3370 1841 τοῦ
3403 1787 3516 1856 βίου
3561 1762 3727 1842 παλαι

454 1881 779 1941 beneﬁcium
803 1890 857 1936 et
889 1883 1061 1952 gratia
1083 1882 1204 1951 ejus
1230 1880 1324 1951 qui
1367 1896 1487 1936 eam
1520 1888 1813 1936 exsecutus
1844 1880 2040 1946 fuerit,

451 1974 689 2042 exsistit,
738 1974 1034 2043 respicere,
1089 1987 1320 2042 eamque
1363 1970 1678 2027 observare.
1717 1971 1796 2026 Ac
1858 1972 2042 2028 carnis

450 2066 670 2136 quidem
707 2072 910 2120 nostra;
949 2071 1204 2134 parentes
1253 2065 1397 2118 aetati
1440 2063 1733 2133 suzejuxta
1797 2062 2042 2120 destina-

451 2166 566 2212 tum
599 2157 703 2212 sibi
730 2157 798 2212 ab
825 2156 984 2210 initio
1019 2162 1235 2226 tempus
1261 2155 1576 2211 ministerio
1611 2156 1855 2225 praestito
1885 2197 1902 2223 ,
1935 2155 2040 2211 ho-

452 2249 605 2305 noris
636 2249 809 2304 nostri
828 2247 1009 2305 debito
1038 2247 1216 2302 oﬂicio
1245 2263 1354 2303 non
1379 2248 1614 2319 amplius
1639 2263 1778 2317 opus
1800 2248 2036 2315 habent,

449 2356 578 2396 cum
628 2341 956 2411 jampridem
988 2339 1332 2395 excesserint
1360 2354 1390 2394 e
1433 2339 1568 2405 vita,
1613 2340 1751 2394 adeo
1808 2346 1869 2394 ut
1929 2355 2038 2394 non

449 2433 798 2490 exstantibus
827 2433 896 2489 iis
925 2432 1016 2502 qui
1059 2430 1384 2486 beneﬁcium
1429 2430 1702 2499 accipiant
1724 2473 1742 2498 ,
1767 2430 2038 2500 ejusmodi

452 2524 536 2578 lex
570 2522 786 2593 impleri
816 2539 924 2578 non
960 2523 1154 2592 possit.
1182 2521 1291 2577 Lex
1321 2536 1451 2577 vero
1467 2522 1624 2592 jubet
1666 2536 1768 2578 nos
1798 2523 1851 2577 in
1875 2537 2038 2592 opere

450 2622 739 2671 versantes
766 2614 1032 2684 consequi
1061 2613 1504 2685 promissionem.
1538 2613 1724 2685 Neque
1758 2615 1905 2670 enim
1942 2617 2038 2672 tie-

459 2707 505 2760 ri
561 2711 744 2776 potest
774 2714 834 2759 ut
864 2713 1149 2760 cessantes
1198 2703 1254 2757 in
1295 2717 1459 2774 opere
1506 2703 1843 2758 vcrsantium
1902 2719 2037 2774 prae-

452 2796 561 2849 mia
585 2795 887 2850 obtineant.
910 2794 1050 2859 Quid
1084 2793 1251 2864 igitur
1268 2807 1436 2864 agere
1460 2803 1696 2864 oportet,
1719 2795 2035 2864 parentibus

453 2898 563 2938 non
594 2883 960 2946 exstantibus,
989 2899 1112 2937 eum
1139 2884 1234 2952 qui
1267 2890 1321 2938 et
1349 2883 1771 2953 promissionem
1815 2885 2034 2955 assequi

452 2975 659 3044 cupiat,
691 2981 748 3030 et
785 2973 1053 3028 rationem
1076 2974 1386 3045 excogitare
1426 2991 1533 3029 non
1571 2977 1766 3045 possit,
1799 2993 1907 3047 qua
1941 2993 2032 3034 ra-

454 3069 600 3122 tione
636 3066 690 3122 id
719 3065 864 3138 quod
895 3066 1146 3137 expetit,
1185 3066 1478 3121 obtineat?
1505 3066 1764 3122 Profecto
1813 3071 2032 3124 solvunt
2059 3098 2101 3155 α

454 3157 615 3211 nobis
654 3171 881 3227 prorsus
927 3157 1069 3211 hanc
1124 3158 1536 3226 perplexitatem
1575 3173 1638 3214 ea
1679 3173 1799 3228 qua:
1853 3163 2032 3218 oculis

452 3247 702 3316 exposita
741 3253 891 3300 sunt.
929 3243 1040 3300 Vos
1080 3246 1227 3300 enim
1255 3261 1380 3300 cum
1413 3245 1569 3300 video
1601 3285 1617 3313 ,
1666 3249 1846 3305 nullos
1891 3250 2032 3307 alios

452 3352 592 3408 Opus
623 3338 796 3392 habeo
826 3335 1104 3406 inquirere
1136 3344 1415 3407 parentes.
1449 3336 1559 3392 Vos
1589 3339 1733 3392 enim
1771 3342 1907 3396 estis
1929 3358 2029 3410 pa-

451 3437 565 3484 tres
597 3428 724 3494 mei,
760 3429 849 3499 qui
890 3429 1056 3484 etiam
1115 3429 1360 3498 ipsorum
1401 3429 1534 3484 mihi
1572 3439 1788 3500 patrum
1824 3441 2025 3501 patres.

453 3520 644 3575 Patria
705 3522 850 3577 enim
897 3529 1184 3593 parentum
1213 3560 1228 3584 ,
1269 3521 1325 3575 in
1356 3536 1416 3577 se
1447 3523 1695 3577 continet
1729 3525 1894 3579 etiam
1929 3541 2028 3595 pa-

450 3622 665 3668 rentum
694 3613 1038 3684 dignitatem.
1065 3612 1184 3679 Quo
1220 3613 1388 3685 igitur
1423 3612 1569 3669 facto
1601 3615 1774 3686 legem
1807 3615 2033 3674 honoris

448 3707 606 3761 vobis
655 3707 1004 3776 iniplcbimus
1040 3706 1062 3760 ?
1101 3705 1304 3760 Gratus
1357 3706 1500 3761 enim
1544 3708 1777 3776 quilibet
1816 3718 1870 3764 et
1906 3709 2031 3779 pius

451 3797 598 3852 [ilius
651 3798 877 3851 senilem
915 3796 1090 3866 patris
1125 3804 1341 3851 aetatem
1372 3796 1490 3852 suis
1520 3797 1713 3854 ollieiis
1777 3814 2033 3855 recreans

449 3893 504 3940 et
539 3885 897 3948 refocillans,
946 3893 1219 3940 sustentat
1268 3895 1433 3954 atque
1485 3886 1775 3942 confirmat
1834 3889 2028 3944 vitium

450 3973 870 4050 imbecillitatis,
905 3973 1020 4043 ipse
1079 3973 1220 4044 patri
1254 3974 1499 4028 omnium
1543 3977 1715 4031 vicem
1745 3989 2026 4046 praestans.

456 4063 609 4122 Unde
645 4063 1150 4133 rejuvenescentem
1189 4067 1242 4120 in
1269 4065 1381 4120 lilio
1420 4075 1629 4136 patrem
1657 4068 1830 4125 videri
1884 4071 2025 4126 licet.

450 4157 533 4214 Ac
556 4170 953 4225 nonnunquam
1011 4156 1173 4216 etiam
1218 4172 1413 4212 manus
1449 4157 1638 4214 senilis
1673 4175 1739 4216 ac
1794 4163 2028 4217 tremula

445 4247 754 4316 juventutis
785 4248 974 4318 vigore
1008 4261 1072 4302 ac
1121 4247 1320 4303 robore
1354 4264 1414 4304 se
1446 4249 1698 4306 reﬁciens
1729 4260 1784 4307 et
1811 4253 2028 4308 refoeil-

2144 1875 2446 1945 γενόμενοι,
2487 1877 2563 1939 ὡς
2593 1877 2667 1947 μὴ
2695 1877 2918 1931 δυνατόν
2948 1874 3084 1931 εἶναι
3123 1878 3214 1933 τὸν
3239 1879 3480 1933 τοιοῦτον
3509 1881 3726 1951 πληρῶ-

2144 1983 2233 2019 σαι
2271 1966 2457 2036 νόμον,
2509 1968 2618 2020 τῶν
2661 1969 3071 2040 ὑποδεχομένων
3099 1971 3197 2042 τὴν
3235 1971 3483 2026 εὐποιίαν
3511 1974 3612 2026 οὐκ
3636 1975 3724 2027 όν-

2140 2075 2270 2114 των.
2313 2058 2371 2111 '0
2391 2059 2448 2112 δὲ
2476 2059 2638 2130 νόμος
2666 2060 3020 2131 ἐνεργοῦντας
3049 2065 3197 2133 ἡμᾶς
3227 2064 3604 2135 ἐπιτυγχάνειν
3627 2068 3727 2134 τῆς

2139 2151 2472 2221 ἐπαγγελίας
2502 2152 2734 2206 κελεύει.
2773 2153 2908 2207 Οὐδὲ
2945 2154 3053 2225 γᾶρ
3084 2154 3305 2208 δυνατὸν
3332 2156 3457 2220 τούς
3496 2157 3728 2227 ἀργοῦν.

2138 2260 2238 2308 τας
2279 2244 2422 2314 ἔχειν
2453 2244 2563 2297 τῶν
2608 2244 2973 2314 ἐνεργούντων
3006 2245 3075 2298 τὰ
3121 2245 3353 2301 ἔπαθλα.
3386 2248 3452 2301 Τί
3491 2244 3585 2302 οὖν
3617 2250 3724 2320 χρὴ

2139 2336 2423 2406 πράττειν,
2462 2335 2571 2390 τῶν
2602 2335 2804 2403 γονέων
2835 2336 2935 2388 οὐκ
2966 2335 3156 2399 ὄντων,
3188 2338 3279 2392 τὸν
3307 2339 3400 2392 καὶ
3425 2342 3524 2410 τῆς
3554 2343 3728 2410 ἐπαγ-

2139 2424 2326 2492 γελίας
2352 2425 2585 2494 ἐρῶντα,
2609 2424 2701 2477 καὶ
2726 2426 2873 2488 ὅπως
2895 2425 2959 2477 ἂν
2980 2426 3117 2497 τύχῃ
3139 2431 3238 2498 τῆς
3262 2429 3498 2498 σπουδῆς
3521 2431 3727 2500 ταύτης

2138 2516 2533 2581 ἀδυνατοῦντα;
2565 2516 2675 2569 Ναὶ
2711 2515 2826 2568 λύει
2862 2515 3078 2580 πάντως
3116 2519 3215 2589 τὴν
3252 2520 3562 2592 ἀμηχανίαν
3591 2523 3728 2575 ταύο

2136 2623 2235 2676 την
2259 2609 2388 2678 ἡμῖν
2407 2608 2474 2660 τὰ
2489 2606 2762 2678 ὁρώμενα.
2791 2607 2968 2676 ’Υμᾶς
2988 2609 3096 2681 γὰρ
3115 2609 3343 2680 βλέπων,
3363 2612 3512 2665 οὐδὲν
3535 2613 3728 2684 δέομαι

2137 2701 2380 2772 πατέρας
2408 2701 2600 2765 ἄλλους
2623 2701 3310 2774 περιεργάζεσθαι.⁹1⁴μεῖς
3339 2705 3446 2778 γὰρ
3466 2707 3592 2761 ἐστέ
3623 2727 3729 2779 μου

2136 2792 2394 2863 πατέρες,
2427 2795 2475 2845 οἱ
2508 2794 2602 2846 καὶ
2631 2793 2809 2846 αὐτῶν
2837 2811 2926 2864 μοι
2952 2794 3058 2847 τῶν
3083 2797 3334 2866 πατέρων
3364 2798 3620 2870 πατέρες.
3657 2800 3724 2854 Ἠ

2135 2884 2244 2954 γὰρ
2272 2885 2472 2955 πατρὶς
2502 2884 2609 2936 τῶν
2637 2884 3053 2956 γεννησαμένων
3083 2887 3140 2938 ὲν
3164 2888 3262 2940 ’έαυ
3274 2891 3331 2958 τῇ
3365 2889 3605 2961 περιέχει
3633 2894 3731 2945 καὶ

2133 2974 2194 3027 τὸ
2225 2973 2333 3026 τῶν
2362 2974 2770 3045 γεγεννηκότων
2796 2974 3031 3046 ἀξίωμα.
3069 2976 3134 3030 Τί
3157 2973 3252 3030 οὖν
3283 2981 3609 3051 ποιήσαντες
3633 2986 3728 3039 τὸν

2133 3067 2232 3136 τῆς
2261 3067 2424 3137 τιμῆς
2465 3067 2594 3136 ύμῖν
2639 3067 2800 3138 νόμον
2847 3068 3361 3141 ἀποπληρώσομενς
3412 3075 3727 3148 Εύγνὼμων

2138 3158 2236 3229 μὲν
2266 3159 2374 3229 γάρ
2402 3175 2486 3222 τις
2534 3161 2662 3222 παῖς
2712 3159 2806 3214 καὶ
2851 3159 3224 3232 φιλόστοργος,
3267 3163 3326 3216 τὸ
3350 3165 3581 3236 γηραιόν
3627 3169 3726 3239 τῆς

2131 3247 2226 3300 τοῦ
2259 3247 2464 3318 πατρὸς
2498 3246 2712 3317 ἡλικίας
2751 3247 2838 3301 διὰ
2868 3247 2966 3316 τῆς
3013 3250 3144 3319 παρ’
3188 3249 3378 3304 ἑαυτοῦ
3427 3251 3726 3322 θεραπείας

2132 3338 2548 3408 ἀνανεούμενος,
2602 3339 2876 3409 ὑπερείδει
2924 3339 2985 3392 τὸ
3029 3340 3230 3410 σαθρὸν
3271 3342 3368 3411 τῆς
3415 3343 3722 3407 ἀσθενείας,

2135 3427 2297 3491 αὐτὸς
2350 3426 2428 3497 τῷ
2482 3429 2651 3498 πατρὶ
2683 3428 2752 3482 τὰ
2798 3429 2977 3482 πάντα
3019 3430 3329 3500 γενόμενος.
3361 3432 3523 3485 Ὅθεν
3569 3433 3720 3487 ἐστιν

2137 3519 2265 3572 ίδεῖν
2288 3518 2666 3588 ἁνηϐάσκοντα
2711 3520 2768 3573 ὲν
2799 3519 2876 3590 τῷ
2905 3521 3056 3573 παιδὶ
3085 3520 3176 3575 τὸν
3209 3523 3436 3593 πατέρα,
3469 3524 3578 3577 Καί
3613 3542 3720 3578 που

2134 3609 2230 3662 καὶ⁸
2253 3609 2374 3679 χεὶρ
2405 3609 2744 3681 πρεσϐυτικὴ
2768 3611 2861 3664 καὶ
2893 3611 3222 3684 ὑπότρομος,
3251 3613 3329 3684 τῷ
3353 3613 3595 3686 σθεναρῷ
3621 3618 3723 3686 τῆς

2133 3701 2386 3772 νεότητος
2419 3701 2617 3773 ἑαυτὴν
2651 3702 3022 3768 ἀναπαύουσα,
3064 3705 3432 3778 ὲκκαρποῦται
3472 3708 3566 3761 τοῦ
3594 3710 3722 3764 νέου

2132 3791 2231 3862 τὴν
2257 3791 2503 3862 δύναμιν,
2538 3794 2632 3846 καὶ
2658 3795 2690 3865 ὴ
2717 3793 2825 3848 τῶν
2852 3795 3028 3850 ποδῶν
3067 3796 3279 3868 κίνησις
3309 3799 3404 3870 ἤδη
3432 3802 3496 3871 τῇ
3535 3802 3722 3871 ῥικνό-

2132 3902 2255 3956 τητι
2285 3885 2392 3937 τῶν
2440 3884 2615 3954 μελῶν
2658 3886 3053 3954 ὲποκλᾶζουσα,
3099 3891 3319 3961 ἐνεργὸς
3349 3891 3436 3944 διὰ
3474 3893 3576 3962 τῆς
3621 3895 3721 3948 τοῦ

2131 3978 2323 4030 τέκνου
2349 3976 2581 4046 σπουδῆς
2606 3978 2834 4046 γίνεται,
2860 3980 3236 4051 ὑπορθουμένη
3257 3982 3335 4054 τῷ
3357 3984 3721 4054 ὐπερείδοντι.

2131 4071 2250 4124 Κᾶν
2284 4069 2584 4141 ἀμαυρωθῇ
2616 4069 2702 4123 διὰ
2735 4070 2826 4123 τὸν
2864 4073 3052 4142 χρόνον
3084 4075 3116 4144 ὴ
3144 4074 3284 4143 ὄψις,
3317 4075 3479 4130 πάλιν
3505 4077 3593 4131 διὰ
3619 4079 3717 4131 τοῦ

2132 4161 2321 4224 παιδὸς
2349 4164 2376 4216 ό
2414 4161 2726 4234 πρεσϐύτης
2763 4162 3057 4237 ὀξυδερκὴς
3093 4167 3322 4235 γίνεται,
3355 4169 3489 4239 πρὸς
3517 4170 3584 4223 τὰ
3612 4171 3718 4240 τῆς

2131 4254 2277 4325 ζωῆς
2297 4256 2566 4325 ἀναγκαῖα
2589 4257 3115 4328 χειραγωγούμενος.
3147 4259 3336 4332 Ὑμεῖς
3353 4263 3410 4316 δὲ
3433 4264 3465 4333 ἠ
3489 4263 3712 4333 πατρὶς,

451 4340 571 4395 laus
592 4380 606 4404 ,
637 4337 848 4394 fructus
874 4355 941 4394 ex
988 4339 1198 4396 viribus
1237 4339 1455 4410 juvenis
1501 4341 1906 4410 quodammodo
1936 4361 2027 4400 ca-

2136 4348 2230 4418 οὐχ
2253 4346 2426 4409 οὕτως
2454 4345 2602 4417 ἔχετε
2634 4346 2709 4410 ὡς
2733 4347 2938 4402 τούτων
2969 4350 3266 4404 ὲπιδεῖσθαί
3295 4370 3460 4416 τινος.

451 4433 552 4503 pit,
585 4440 640 4486 et
667 4442 850 4487 motus
882 4434 1117 4502 pedum,
1152 4433 1455 4488 incurvatis
1515 4435 1627 4504 jam
1687 4439 1952 4496 membris
2015 4444 2323 4505 labascens,
2377 4441 2470 4496 ﬁlii
2527 4441 2710 4498 studio
2757 4443 3118 4501 sull‘ulcientis
3179 4448 3496 4506 sublevatus
3551 4467 3710 4507 suam

451 4525 646 4594 recipit
691 4526 987 4582 cliicaciam
1031 4535 1086 4582 et
1126 4527 1391 4598 vigorem.
1421 4528 1577 4594 Quod
1611 4531 1656 4586 si
1703 4539 1946 4606 tempore
2000 4542 2153 4596 visus
2189 4540 2518 4594 obscuratus
2571 4539 2664 4602 sit,
2721 4554 2817 4608 per
2859 4541 3027 4594 lilium
3073 4558 3239 4597 senex
3272 4583 3285 4607 ,
3337 4544 3465 4598 dum
3539 4563 3705 4602 manu

459 4615 680 4669 ducitur
709 4616 774 4669 ad
811 4631 898 4670 res
934 4616 1055 4669 vitae
1090 4616 1464 4682 necessarias,
1506 4617 1652 4674 visus
1687 4634 1918 4678 acumen
1991 4628 2222 4697 recipit,
2291 4635 2343 4682 et
2397 4626 2683 4696 perspicax
2734 4628 2937 4684 evadit.
2991 4629 3100 4685 Vos
3140 4641 3322 4688 autem
3349 4674 3364 4699 ,
3414 4635 3505 4705 qui
3568 4637 3706 4691 mihi
3762 4694 3770 4702 ,

450 4724 551 4778 pro
606 4711 787 4779 patria
817 4711 988 4772 estis,
1039 4724 1149 4764 non
1203 4709 1241 4764 ii
1288 4711 1422 4766 estis
1455 4713 1547 4782 qui
1602 4714 1782 4784 aliqua
1827 4717 2023 4775 harum
2062 4738 2245 4777 rerum
2277 4719 2589 4790 indigeatis.

517 4801 658 4867 Quid
690 4801 856 4870 igitur
893 4801 1145 4855 faciendo
1171 4801 1571 4861 benedictionis
1616 4808 1857 4864 mandati
1901 4810 2021 4866 fru.

445 4900 593 4948 ctum
625 4891 1036 4962 percipieinus?
1065 4888 1220 4956 Quod
1253 4892 1458 4948 donum
1487 4894 1641 4951 vobis
1682 4906 1898 4966 gratum
1939 4899 2022 4954 of—

446 4983 685 5038 feremus
701 5021 718 5048 ,
741 4998 868 5036 cum
901 4982 1106 5036 nullum
1131 4983 1332 5038 bonum
1365 4987 1518 5042 vobis
1541 4987 1725 5044 desit?
1746 4990 1830 5047 An
1854 4994 2019 5048 etiam

447 5077 566 5148 ipsa
606 5074 856 5131 narratio
890 5075 1162 5130 bonorum
1218 5091 1340 5146 quae
1382 5079 1540 5154 vobis
1590 5081 1826 5148 adsunt,
1861 5085 2022 5154 perti-

393 5155 405 5160 ’
446 5145 573 5222 neat
611 5168 678 5220 ad
711 5166 952 5222 debitum
981 5167 1142 5224 vobis
1179 5145 1497 5224 honorem?
1536 5171 1771 5228 Proinde
1804 5145 2019 5245 tempus

450 5259 611 5314 fuerit
655 5260 1118 5314 commemorandi
1162 5268 1294 5329 quot
1324 5270 1377 5315 et
1411 5263 1666 5331 qualibus
1711 5264 1873 5321 bonis
1903 5266 2014 5320 vita

446 5361 629 5406 vestra
651 5358 968 5405 exornetur.
996 5351 1112 5407 lmo
1148 5366 1279 5407 vero
1303 5367 1412 5408 non
1433 5369 1864 5411 commemorare
1885 5356 2013 5427 (mo-

368 5485 380 5496 .
447 5439 566 5509 do),
584 5455 772 5494 verum
791 5442 955 5496 etiam
976 5441 1264 5498 ostendere
1281 5443 1428 5498 licet.
1445 5441 1696 5516 Nunquid
1721 5455 1901 5503 autem
1921 5463 2013 5518 pu-

446 5532 576 5586 tatis
597 5532 712 5586 htec
735 5534 1045 5589 communia
1067 5573 1082 5600 ,
1106 5549 1336 5606 quaeque
1369 5537 1422 5590 in
1452 5547 1710 5609 promptu
1740 5549 1906 5604 sunt,
1932 5541 2016 5595 di-
2051 5613 2064 5622 ο

522 5693 542 5723 ³
566 5691 763 5761 Εριιρε.
798 5707 873 5758 vr,
901 5691 958 5749 2.

2203 4812 2267 4865 Τί
2300 4807 2392 4865 οὖν
2422 4810 2748 4881 πράττοντες
2775 4813 2872 4884 τὴν
2907 4814 3156 4884 εὐλογίαν
3187 4819 3282 4890 τῆς
3319 4823 3540 4894 ἐντολῆς
3571 4843 3712 4898 καρ-

2130 4901 2458 4973 πωσόμεθα;
2497 4901 2562 4954 Τί
2587 4901 2694 4954 τῶν
2728 4907 3137 4976 κεχαρισμένων
3172 4910 3299 4980 ὑμῖν
3327 4911 3712 4986 δωροφορήσο-

2132 5012 2251 5064 μεν,
2305 4993 2530 5064 μηδενὸς
2572 4993 2680 5046 τῶν
2720 4993 2942 5062 ἀγαθῶν
2993 4997 3119 5067 ὑμῖν
3162 4998 3462 5068 λείποντος;
3497 5006 3565 5057 Ἥ
3610 5008 3709 5060 καὶ

2129 5085 2260 5138 αὐτὸ
2290 5084 2350 5136 τὸ
2395 5083 2753 5154 διηγήσασθαι
2803 5083 2871 5137 τὰ
2922 5089 3190 5157 προσόντα
3233 5091 3393 5156 καλὰ,
3435 5097 3602 5166 τιμῆς
3636 5100 3707 5150 ἂν

2125 5175 2212 5244 εἴη
2237 5174 2338 5244 τῆς
2370 5175 2819 5245 χρεωστουμένης
2858 5176 3014 5247 ὐμίν;
3050 5180 3257 5235 Οὐκοῦν
3298 5183 3489 5255 καιρὸς
3520 5186 3586 5238 ἂν
3614 5189 3701 5258 εἴη

2122 5265 2297 5320 ταῦτα
2322 5266 2520 5334 λέγειν,
2552 5267 2684 5330 οἵοις
2711 5268 2803 5320 καὶ
2833 5269 2978 5333 ὅσοις
3004 5272 3033 5324 ὁ
3062 5272 3321 5344 ὑμέτερος
3353 5275 3467 5345 βίος
3504 5279 3704 5346 ἐγκαλ-

2120 5357 2434 5424 λωπίζεται.
2464 5359 2677 5412 Μᾶλλον
2706 5360 2764 5413 δὲ
2789 5361 2910 5431 οὐχὶ
2936 5363 3132 5432 λέγειν,
3161 5366 3297 5419 ἀλλὰ
3320 5370 3414 5422 καὶ
3434 5369 3702 5423 δεικνύειν

2121 5449 2402 5521 πάρεστιν.
2427 5446 2506 5503 Ἦ
2535 5467 2637 5503 που
2661 5451 2716 5505 δὲ
2745 5453 2920 5506 οἴεσθε
2953 5455 3020 5508 τὰ
3051 5458 3206 5511 κοινὰ
3232 5458 3404 5513 ταῦτα
3433 5464 3528 5516 καὶ
3563 5464 3700 5534 πρό-

2122 5558 2280 5613 χειρα
2312 5541 2522 5633 λέγειν;
2551 5543 2657 5613 Γῆς
2695 5544 2970 5616 εὐφορίαν,
3006 5548 3098 5601 καὶ
3152 5551 3382 5621 καρπῶν
3417 5553 3701 5622 ἀφθονίαν,
