4050 6164
352 300 460 361 75³5

1455 315 1528 370 ΙΝ
1565 316 2069 384 ρυΑοιιΑοΙΝτΑ
2129 322 2222 378 MA
2233 322 2537 380 RTYRES.

3529 328 3628 383 755

351 420 447 472 καὶ
477 416 724 488 ποταμὸν
772 418 1083 491 διαιροῦντα
1109 422 1208 492 τὴν
1247 422 1492 496 οίκησιν;
1527 427 1750 482 Τουτονὶ
1800 428 1944 498 λέγω

2058 432 2218 488 :enda
2240 436 2406 491 esse?
2427 434 2613 492 Terrae
2643 435 2981 494 fertilitatem
2998 479 3018 506 ,
3036 449 3090 497 et
3113 438 3391 496 ﬂuctuum
3413 442 3628 511 copiam

347 511 444 563 τὸ)
474 510 554 582 τῷ
587 509 772 581 κύκλῳ
799 512 894 565 τοῦ
939 514 1121 567 πεδίου
1161 514 1223 568 τὸ
1265 515 1479 588 ῥεῖθρον
1525 518 1719 572 ἑαυτοῦ
1767 537 1936 574 κατα-

352 601 618 664 κλείοντα,
645 602 738 654 καὶ
759 601 952 674 λίμνην
969 605 1273 676 γινόμενον,
1299 606 1358 670 ὃς
1384 607 1480 661 καὶ
1503 608 1610 678 πρὸ
1630 610 1724 663 τοῦ
1747 610 1938 682 λιμνά-

353 692 466 756 ζειν
509 691 603 744 καὶ
650 691 790 762 μετὰ
827 693 984 748 τοῦτο
1032 696 1171 766 πρὸς
1199 695 1297 767 τὴν
1335 698 1567 752 ἑκάστου
1613 699 1802 772 χρείαν
1829 703 1936 756 τῶν

353 781 706 836 ἐνοικούντων
732 785 1083 854 τεμνόμενος,
1115 787 1253 858 άλση
1283 805 1343 842 τε
1375 789 1469 843 καὶ
1492 790 1762 862 λειμῶνας
1790 791 1939 861 φιλο-

358 873 555 942 τεχνῶν
577 871 932 945 διεξέρχεται,
980 877 1074 930 κα)⁵
1104 878 1302 948 μυρίας
1334 881 1562 952 παρέχει
1589 885 1702 946 τοῖς
1731 882 1938 936 οἰκοῦσι

352 962 452 1025 τὰς
482 961 730 1032 χάριτας,
760 966 898 1035 πρὸς
943 968 1124 1020 πᾶσαν
1172 968 1468 1040 ἐπιθυμίαν
1499 970 1608 1024 τῶν
1641 973 1939 1043 οἰκητόρων

355 1051 456 1122 τῆς
485 1053 692 1118 πόλεως
720 1055 909 1110 ἑαυτὸν
934 1056 1246 1129 διασχίζων.
1281 1061 1464 1115 ΙἌλλοι
1494 1061 1667 1117 ταῦτα
1709 1062 1939 1132 λεγέτω-

359 1160 482 1212 σαν,
513 1142 595 1211 οῘς
621 1148 714 1201 καὶ
758 1148 788 1201 ό
819 1148 976 1217 λόγος
1023 1151 1287 1224 ὑπηρετεί
1331 1154 1468 1226 πρὸς
1509 1153 1601 1207 τὸν
1633 1154 1814 1224 ὄγκον,
1846 1155 1941 1210 καί

355 1252 480 1291 τινα
518 1238 673 1310 φέρει
703 1240 1014 1312 φιλοτιμίαν
1055 1246 1171 1306 τοῖς
1213 1248 1704 1318 γεγυμνασμένοις,
1737 1248 1802 1300 ἐκ
1831 1246 1941 1300 τῶν

355 1329 616 1386 τοιούτων
662 1331 842 1399 αῠξων
883 1339 948 1405 τῇ
987 1339 1207 1410 πατρίδι
1246 1339 1335 1393 τὸν
1375 1339 1618 1395 ἔπαινον.
1655 1341 1942 1412 Κοσμικὸς

357 1423 416 1477 δέ
441 1442 522 1489 τις
548 1424 708 1496 ἀνὴρ,
732 1427 827 1480 καὶ
845 1430 911 1499 τῇ
945 1427 1056 1500 ζωῇ
1077 1429 1251 1504 ταύτῃ
1273 1431 1342 1484 τὰ
1369 1430 1508 1485 καλὰ
1535 1431 1742 1504 κρίνειν
1763 1430 1940 1496 εἰδὼς,

359 1514 699 1585 προστιθέτω
739 1519 854 1581 τοῖς
893 1518 1157 1583 ἐπαίνοις,
1190 1522 1239 1574 εί
1287 1521 1454 1585 δοκεῖ,
1497 1521 1592 1574 καὶ
1631 1521 1723 1574 τὸν
1757 1520 1944 1593 ἕτερον

357 1605 470 1660 τῶν
517 1605 801 1678 ποταμῶν.
852 1609 1052 1664 Τοῦτον
1094 1611 1237 1680 λέγω
1276 1612 1367 1666 τδν
1398 1611 1636 1681 γείτονα,
1679 1611 1739 1676 ὃς
1769 1612 1860 1667 διὰ
1885 1613 1945 1666 τὸ

364 1697 594 1767 μέγεθος
621 1702 736 1764 τοῖς
779 1700 1101 1772 ὀνομαστοίς
1139 1702 1249 1756 τῶν
1290 1704 1433 1757 κατὰ
1473 1703 1574 1774 τὴν
1621 1703 1945 1774 οἰκουμένην

361 1788 625 1860 ’ποταμῶν
654 1768 968 1864 ἐναρίθμιος
999 1793 1096 1859 ῶν,
1123 1794 1234 1848 ἀπὸ
1275 1793 1378 1864 τῆς
1405 1768 1683 1865 ἡμετέρας,
1705 1768 1943 1864 ἀρχόμε-
1979 1768 2021 1823 Β

361 1895 454 1944 νος
491 1882 550 1935 έν
579 1881 755 1952 χρόνῳ
793 1883 1128 1955 παραμείδει
1167 1885 1264 1957 τὴν
1299 1883 1472 1950 πόλιν,
1503 1886 1565 1938 οὐ
1601 1885 1807 1956 μικρὰν
1843 1885 1944 1958 τὴν

363 1978 495 2047 παρ’
530 1977 726 2031 ἑαυτοῦ
748 1978 910 2051 χάριν
935 1981 1015 2044 είς
1039 1980 1356 2052 προσθήκην
1382 1980 1610 2045 κάλλους
1636 1998 1696 2034 τε
1727 1981 1821 2034 καὶ
1845 1981 1946 2051 τῆς

364 2068 655 2140 συνεργίας
679 2071 771 2124 τοῦ
804 2072 922 2142 βίου
957 2071 1026 2126 δι’
1057 2073 1252 2126 ἑαυτοῦ
1288 2073 1675 2146 συνεισφέρων,
1710 2072 1829 2127 Κᾶν
1869 2075 1946 2127 oi—

363 2158 556 2223 κιστὰς
581 2161 902 2231 καταλέγειν
940 2162 1055 2235 δέῃ,
1095 2163 1196 2218 κᾶν
1223 2163 1282 2232 ἐξ
1311 2165 1567 2228 ἀποικίας
1587 2164 1656 2218 τὰ
1681 2164 1812 2236 γένη
1839 2164 1947 2219 τῶν

361 2249 663 2323 οἰκητόρων
688 2253 1104 2325 άποσεμνύνειν,
1136 2254 1238 2309 κάν
1269 2273 1390 2310 τινα
1423 2254 1603 2327 χειρὸς
1640 2257 1949 2328 πολεμικῆς

364 2343 770 2415 κατορθώματα
807 2347 920 2410 τοῖς
957 2346 1079 2400 καθ’
1111 2348 1260 2419 ἡμᾶς
1309 2344 1752 2421 προσδιηγὴμασι
1778 2363 1792 2381 ο
1822 2347 1949 2420 τρό⁴

365 2449 521 2500 παια,
559 2434 652 2488 καὶ
679 2437 870 2508 μάχαι,
901 2438 997 2492 καὶ
1035 2437 1105 2491 τὰ
1135 2438 1192 2506 ἐξ
1235 2437 1512 2510 ἀριστείας
1544 2437 1818 2510 θαύματα,
1849 2439 1950 2494 ὅσα

369 2525 734 2595 συγγραφέων
791 2529 980 2593 παῖδες
1029 2528 1234 2600 βίϐλοις
1287 2527 1711 2602 ὲναπεθήκαντο,
1759 2531 1951 2603 πόρρω

366 2615 540 2671 ταῦτα
564 2616 658 2670 τοῦ
687 2619 956 2689 ἡμετέρου
986 2619 1171 2692 χοροῦ.
1201 2620 1524 2692 Αίσχύνεται
1553 2621 1664 2692 γὰρ
1707 2638 1952 2692 χριστια-

369 2707 459 2771 νὸς
482 2707 640 2776 λόγος
660 2710 770 2763 άπὸ
796 2710 903 2764 τῶν
934 2711 1039 2776 ἔξω
1065 2711 1164 2783 τῆς
1190 2711 1420 2777 πίστεως
1447 2715 1558 2778 τοῖς
1588 2712 1952 2784 φιλοχρίστοις

366 2796 469 2862 τὰς
500 2798 775 2870 εὐφημίας
821 2801 1164 2873 χαρίζεσθαι,
1197 2803 1388 2876 ὥσπερ
1434 2805 1484 2858 oi
1523 2806 1624 2878 τὴν
1657 2805 1816 2860 σκιὰν
1857 2805 1952 2860 τοῦ

370 2890 638 2962 ἀριστέως
661 2893 767 2965 πρὸ
788 2893 896 2946 τῶν
926 2895 1201 2966 τροπαίων
1224 2896 1596 2967 σεμνύνοντες.
1622 2896 1836 2952 Οὐκοῦν
1862 2915 1953 2951 τε-

371 2981 597 3052 τράφθω
633 2982 770 3055 πρὸς
794 2983 863 3038 τὰ
893 2985 1137 3056 παρόντα
1165 2989 1194 3040 ὁ
1223 2987 1400 3057 λόγος,
1431 2989 1528 3043 καὶ
1552 2990 1644 3043 ὐπ’
1670 2989 1790 3061 όψιν
1820 2991 1955 3062 ἡμῖν

373 3073 627 3145 ἁγαγέτω
664 3075 755 3130 τὺν
793 3077 1002 3148 καρπὸν
1045 3077 1138 3132 τὸν
1183 3077 1471 3151 ὑμέτερον.
1506 3080 1757 3150 Σιγάσθω
1799 3081 1857 3134 δὲ
1887 3081 1956 3134 τὰ
1982 3117 2024 3174 c

372 3163 472 3221 τοῦ
517 3167 724 3238 κόσμου
754 3169 915 3234 καλὰ,
965 3169 1070 3224 κᾶν
1107 3170 1172 3223 ὲκ
1219 3172 1536 3242 περιουσίας
1579 3171 1850 3246 πλεονάζῃ
1877 3171 1955 3242 τῷ

373 3257 521 3330 λόγῳ
563 3259 660 3314 καὶ
691 3261 724 3333 ὴ
763 3259 984 3334 τοιαύτη
1019 3260 1128 3315 τῶν
1167 3261 1458 3334 ἐγκωμίων
1509 3262 1788 3337 ὑπόθεσις.
1821 3262 1956 3316 Οὐδὲ

375 3349 487 3421 γάρ
514 3351 544 3404 ό
581 3351 806 3423 οὐρανὸς
844 3353 984 3418 ὅλος,
1022 3353 1052 3408 δ
1078 3353 1143 3425 δὴ
1172 3353 1454 3409 κάλλιστόν
1488 3371 1546 3408 τε
1573 3355 1669 3408 καὶ
1701 3354 1958 3427 μέγιστον

376 3439 488 3494 τῶν
518 3441 577 3495 ὲν
603 3444 670 3514 τῇ
705 3443 880 3498 κτίσει
909 3444 1127 3499 πάντων
1154 3445 1323 3510 ἐστὶν,
1349 3444 1475 3499 οὐτε
1504 3447 1562 3500 αί
1591 3446 1701 3501 τῶν
1741 3448 1962 3517 φωστή-

383 3548 494 3604 ρων
529 3533 718 3603 αὐγαὶ,
769 3533 893 3589 οὔτε
935 3536 1035 3608 τῆς
1077 3541 1178 3609 γῆς
1213 3537 1275 3591 τὸ
1307 3537 1530 3601 πλάτος,
1580 3535 1703 3590 οὔτε
1736 3537 1864 3592 ἄλλο
1907 3555 1962 3590 τι

381 3624 493 3679 τῶν
525 3627 878 3698 στοιχειωδῶς
909 3628 986 3700 τῷ
1014 3630 1178 3684 παντὶ
1211 3629 1586 3700 ὑποκειμένων
1617 3629 1758 3700 μέγα
1790 3646 1844 3682 τι
1871 3629 1966 3684 καὶ

384 3715 664 3787 θαύματος
687 3718 836 3783 ἄξιον
855 3715 994 3774 οἶδεν
1021 3721 1052 3775 ό
1077 3721 1432 3784 θεόπνευστος
1460 3720 1636 3790 λόγος.
1663 3719 1966 3774 Πεπαίδευ-

387 3824 488 3878 μαι
515 3807 596 3879 τῷ
632 3808 760 3880 θείῳ
795 3811 1176 3882 προστάγματι
1202 3811 1337 3884 πρὸς
1366 3811 1530 3884 μηδὲν
1555 3811 1665 3865 τῶν
1697 3828 1966 3883 παρερχο-

389 3897 566 3968 μένων
599 3897 985 3970 θαυμαστικῶς
1014 3900 1361 3957 διατίθεσθαι.

2039 530 2093 577 et
2127 523 2566 578 abundantiam?
2607 524 2741 581 item
2777 541 3036 593 amnem,
3085 530 3183 600 qui
3226 529 3424 586 dividit
3473 531 3632 588 sedes

2041 616 2294 671 vestras?
2316 616 2473 671 Hune
2495 617 2640 684 dico,
2663 617 2765 687 qui.
2781 619 2992 674 circulo
3019 631 3184 692 atque
3207 622 3413 676 ambitu
3448 637 3632 692 campi

2040 704 2302 762 ﬂuentum
2326 722 2486 762 suum
2516 707 2787 776 includit,
2811 718 2866 765 et
2888 710 3042 766 lacus
3067 712 3251 766 evadit
3276 731 3288 766 :
3314 713 3405 784 qui
3430 720 3484 768 et
3505 721 3634 768 ante

2040 805 2095 852 et
2123 806 2416 869 postquam
2467 808 2751 872 restagnet
2778 843 2792 868 ,
2825 801 2911 870 {ad
2955 803 3227 874 cujusque
3274 805 3631 860 incolentium

2041 903 2204 945 usum
2231 889 2443 946 divisus
2471 899 2524 946 et
2553 907 2779 946 nemora
2806 903 2861 948 et
2894 901 3049 964 prata
3075 896 3234 966 quasi
3267 896 3335 952 de
3360 897 3633 954 industria

2040 979 2283 1036 cﬂiciens
2305 1020 2321 1044 ,
2350 996 2574 1036 cursum
2611 997 2771 1037 suum
2803 986 3017 1054 peragit
3046 993 3212 1056 atque
3241 989 3519 1058 erumpit,
3552 988 3634 1044 in‘

2043 1087 2384 1144 numeraque
2410 1072 2789 1130 habitantibus
2824 1090 3056 1131 munera
3085 1079 3290 1147 prachet
3315 1088 3370 1134 et
3403 1083 3634 1137 amoeni-

2043 1171 2218 1228 tates,
2249 1163 2316 1219 ad
2359 1179 2580 1220 omnem
2627 1165 2986 1236 cupiditatem
3015 1176 3068 1222 et
3099 1167 3436 1226 desiderium
3471 1171 3632 1228 urbis

2044 1256 2348 1310 incolarum
2382 1271 2504 1313 sese
2529 1257 2785 1314 dividens
2815 1265 2870 1314 et
2902 1258 3186 1315 scindens.
3215 1261 3318 1315 Alii
3349 1261 3465 1318 haec
3487 1279 3636 1318 eom-

2043 1356 2384 1414 memorent,
2414 1363 2651 1419 quorum
2685 1350 2853 1404 etiam
2886 1349 3072 1406 oratio
3099 1351 3166 1405 ad
3209 1353 3531 1422 gravitatem
3577 1363 3635 1411 et

2045 1437 2459 1507 amplitudinem
2486 1439 3059 1508 aceommodataest,
3101 1449 3268 1512 atque
3311 1445 3633 1502 exercitatis

2045 1529 2338 1598 quamdam
2395 1529 2552 1585 affert
2605 1531 2920 1602 opinionem
2985 1533 3402 1604 magnificentiae
3469 1543 3636 1604 atque

2047 1617 2358 1686 splendoris
2377 1657 2394 1682 ,
2419 1620 2489 1674 ab
2515 1619 2790 1690 ejusmodi
2817 1623 2994 1679 rebus
3011 1626 3204 1694 patria:
3232 1626 3447 1682 laudem
3478 1643 3638 1701 exag-

2045 1719 2244 1775 gerans
2267 1712 2324 1760 et
2350 1721 2577 1777 augens.
2600 1708 2909 1765 Mundanus
2935 1721 3120 1767 autem
3146 1715 3352 1785 aliquis
3373 1717 3480 1784 vir,
3507 1719 3636 1789 qui-

2046 1812 2153 1868 que
2174 1798 2242 1852 ad
2279 1797 2421 1854 hanc
2451 1800 2616 1855 vitam
2646 1803 3063 1860 accommodate
3076 1805 3225 1860 bona
3247 1807 3501 1878 judicare
3532 1825 3636 1864 no—

2047 1891 2125 1944 vit
2143 1933 2157 1956 ,
2185 1889 2437 1947 laudibus
2456 1929 2472 1956 ,
2501 1889 2546 1946 si
2575 1891 2808 1959 videtur,
2831 1892 3058 1964 adjiciat
3078 1896 3242 1951 etiam
3266 1897 3497 1952 alterum
3518 1914 3636 1955 am-

2047 1994 2192 2045 nem,
2215 1980 2360 2036 hunc
2381 1981 2794 2049 dicovieinum,
2837 1985 2931 2055 qui
2956 1996 3178 2057 propter
3199 1990 3634 2060 magnitudinem

2047 2083 2446 2130 annumeratus
2511 2073 2580 2131 iis
2627 2076 2724 2146 qui
2781 2091 2879 2147 per
2942 2077 3132 2134 orbem
3181 2086 3454 2136 terrarum
3496 2082 3633 2140 clari

2051 2177 2243 2220 amnes
2269 2163 2560 2230 habentur,
2591 2180 2622 2219 a
2652 2175 2843 2222 nostra
2870 2169 3140 2240 (regione)
3164 2172 3418 2229 exoriens
3445 2174 3634 2228 urbem

2049 2254 2295 2322 proxime
2324 2255 2754 2324 praeterlabitur,
2787 2256 2934 2311 haud
2964 2273 3158 2328 parum
3187 2260 3374 2329 gratiae
3407 2276 3522 2316 sua:
3550 2270 3636 2316 at-

2051 2360 2157 2417 que
2183 2347 2594 2403 commoditatis
2625 2348 2690 2403 ad
2720 2348 3028 2438 augendam
3069 2351 3537 2438 pulchritudinem
3581 2362 3638 2410 et

2049 2434 2172 2489 vitae
2195 2434 2510 2503 adjnmenta
2539 2451 2636 2505 per
2665 2451 2790 2491 sese
2821 2431 3139 2493 conferens.
3172 2436 3298 2494 Sive
3320 2440 3636 2498 conditores

2051 2527 2206 2582 urbis
2239 2541 2566 2582 enumerare
2604 2536 2860 2598 Oportet,
2901 2529 3018 2584 sive
3048 2545 3248 2600 genera
3281 2531 3512 2588 coloniae
3549 2534 3637 2588 in-

2053 2617 2300 2673 colarum
2345 2618 2663 2683 celebrare,
2705 2620 2820 2675 sive
2866 2619 3078 2676 bellica:
3118 2637 3316 2678 manus
3357 2638 3446 2678 res
3494 2623 3632 2680 bene

2053 2716 2238 2779 gestas
2291 2709 2497 2764 nostris
2565 2711 2976 2768 narrationibus
3033 2713 3275 2783 adjicere
3323 2731 3336 2767 :
3382 2720 3622 2784 tropea,

2053 2799 2237 2870 praelia
2257 2839 2272 2864 ,
2299 2799 2632 2872 fortiumqne
2655 2800 2962 2858 facinorum
2989 2805 3251 2859 miracula
3273 2845 3300 2868 ν
3329 2822 3454 2875 quat
3494 2809 3634 2862 seri-.-

2055 2898 2240 2962 ptores
2267 2891 2424 2947 libris
2456 2892 2704 2948 inserere
2736 2895 2951 2958 solent,
2985 2896 3176 2964 procul
3222 2896 3337 2951 haec
3383 2897 3565 2952 absint
3598 2911 3630 2951 a

2055 2993 2244 3039 nostro
2269 2989 2438 3038 coetu.
2470 2981 2757 3039 Erubescit
2787 2985 2934 3040 enim
2967 2984 3320 3041 Christianus
3349 3001 3532 3042 sermo
3564 2988 3635 3044 ab

2057 3075 2126 3132 iis
2155 3075 2320 3130 rebus
2340 3115 2356 3141 ,
2382 3090 2506 3145 quae
2527 3089 2559 3128 a
2589 3075 2696 3131 fide
2727 3075 2922 3132 alienae
2947 3083 3114 3142 sunt,
3150 3077 3354 3134 Christi
3386 3078 3642 3150 fidelibus

2063 3164 2254 3219 amicis
2306 3161 2464 3219 famae
2512 3164 2754 3220 tribuere
2816 3167 3388 3234 commendationem,
3435 3185 3638 3240 quem-

2064 3255 2356 3311 admodum
2400 3256 2496 3328 qui
2543 3257 2791 3312 umbrain
2839 3258 2941 3313 viri
2992 3259 3156 3315 fortis
3204 3261 3482 3316 celebrant
3513 3271 3644 3317 ante

2061 3355 2285 3419 tropaea.
2325 3347 2558 3406 Proinde
2589 3349 2656 3404 ad
2692 3351 2984 3421 prasentia
3022 3366 3207 3407 sermo
3258 3362 3642 3421 convertatur,

2065 3451 2120 3498 et
2148 3441 2389 3497 fructum
2417 3448 2664 3498 vestrum
2696 3443 2857 3497 nobis
2885 3455 3013 3499 ante
3041 3445 3236 3500 oculos
3266 3453 3455 3516 ponat.
3487 3445 3645 3500 Mnu-

2066 3531 2209 3586 dana
2240 3545 2368 3585 vero
2396 3530 2573 3596 bona,
2607 3538 2662 3585 et
2700 3531 2975 3600 ejusmodi
3008 3543 3390 3602 argumentum
3423 3535 3646 3590 laudan-

2059 3623 2147 3687 di,
2178 3623 2393 3678 etiamsi
2423 3637 2620 3692 magna
2646 3621 2855 3677 dicenti
2883 3625 3043 3692 copia
3083 3625 3427 3695 suppeditari
3462 3642 3526 3680 ex
3560 3628 3645 3682 his

2061 3714 2271 3784 p0ssit,
2303 3713 2523 3769 silentio
2573 3721 2988 3783 praetereantur.
3033 3716 3221 3786 Neque
3267 3717 3414 3772 enim
3465 3725 3644 3772 totum

2061 3807 2262 3862 coelum
2281 3843 2296 3870 ,
2324 3821 2446 3878 quae
2473 3806 2662 3877 utique
2692 3821 2816 3862 cum
2845 3807 3239 3878 pulcherrima,
3266 3818 3377 3864 tum
3405 3810 3640 3864 maxima

2062 3913 2191 3969 pars
2242 3905 2327 3954 est
2374 3899 2431 3952 in
2482 3906 2740 3954 creatura
2780 3914 2964 3955 rerum
3005 3901 3427 3968 universarum,
3471 3917 3648 3974 neque

387 3987 741 4044 luminarium
794 3989 1077 4063 fulgores,
1131 4009 1310 4064 neque
1361 4001 1522 4048 terra:
1570 3991 1957 4058 latitudinem,
1995 4005 2176 4063 neque
2220 3989 2518 4061 quidquam
2549 4005 2738 4046 eorum
2777 4005 2896 4059 quae
2953 4006 3051 4062 per
3083 3991 3352 4048 elementa
3414 3995 3638 4048 univer-

387 4079 540 4136 sitati
575 4081 823 4153 subjecta
863 4093 1026 4148 sunt,
1068 4101 1328 4156 magnum
1369 4085 1631 4156 quiddam
1671 4092 1725 4140 et
1786 4085 2149 4139 admiratione
2200 4083 2424 4154 dignum
2474 4083 2624 4138 novit
2693 4083 2914 4139 divinus
2995 4099 3200 4140 sermo.
3245 4083 3441 4140 Divino
3488 4085 3633 4140 enim

386 4185 660 4246 praecepto
694 4177 943 4234 eruditus
984 4193 1138 4243 sum,
1185 4179 1321 4234 nihil
1363 4195 1551 4236 earum
1599 4195 1782 4234 rerum
1824 4195 1945 4250 quae
1979 4185 2346 4248 praatereunt,
2385 4176 2689 4233 admirans.

459 4269 523 4322 Εί
556 4264 650 4323 οὖν
690 4271 796 4334 πᾶς
838 4270 1064 4342 οὐρανὸς
1092 4271 1186 4324 καὶ
1225 4271 1258 4342 ἡ
1291 4271 1362 4342 γῆ
1409 4270 1828 4343 παρελεύσεται,
1872 4269 1957 4324 καὶ

2143 4267 2200 4323 Si
2235 4269 2403 4339 igitur
2433 4277 2608 4324 totum
2645 4270 2844 4324 emtum
2880 4276 2934 4326 et
2979 4277 3125 4326 terra
3163 4273 3556 4341 pneteribunt,
3588 4281 3642 4327 et

387 4359 536 4415 ἅπαν
560 4360 653 4414 τοῦ
691 4361 894 4432 κόσμου
936 4361 1173 4432 παράγει
1202 4363 1264 4416 τὸ
1299 4362 1505 4434 σχῆμα,
1539 4362 1722 4426 καθώς
1750 4379 1914 4432 φησιν
1940 4364 1970 4416 ό

400 4451 752 4516 Ἀπόστολος·
782 4454 898 4518 πῶς
942 4453 1008 4509 ἄν
1050 4472 1136 4518 τις
1173 4455 1444 4527 εὐπρεπὲς
1497 4449 1641 4508 εἶναι
1687 4455 1965 4524 νομίσειε,

385 4541 491 4613 γῆς
517 4541 651 4613 ἡμῖν
686 4542 780 4596 καὶ
815 4543 1008 4606 ὓδατος
1047 4545 1308 4617 εὐφορίαν
1331 4546 1412 4608 είς
1448 4543 1702 4616 ἀφορμὴν
1731 4543 1968 4597 ἐπαίνων

387 4633 824 4704 προδάλλεσθαι;
868 4636 930 4688 Εἰ
978 4637 1086 4707 γὰρ
1135 4638 1228 4691 καὶ
1261 4636 1522 4708 πρόσεστι
1559 4635 1636 4707 τῷ
1678 4635 1798 4690 καθ’
1823 4637 1969 4707 ὑμᾶς

386 4724 541 4794 τόπῳ
563 4723 745 4790 πλέον,
772 4726 804 4796 ἢ
833 4727 926 4779 καὶ
948 4728 1006 4779 ὲν
1032 4727 1231 4792 ἄλλοις,
1257 4728 1326 4782 τὰ
1344 4727 1570 4783 τοιαῦτα
1594 4729 1694 4798 τῆς
1716 4729 1818 4799 γῆς
1838 4746 1972 4800 προ-

387 4817 696 4887 τερήματα,
746 4816 881 4870 ἀλλὰ
906 4819 1187 4890 συγκρίσει
1211 4818 1318 4873 τῶν
1346 4819 1623 4891 ὑμετέρων
1656 4819 1834 4873 καλῶν
1855 4820 1968 4873 ἀντ’

391 4905 604 4970 οὐδενὸς
646 4902 789 4960 οἶδεν
838 4907 1020 4961 ὲκεῖνα
1071 4911 1437 4982 παρατρέχειν
1471 4911 1502 4964 ὁ
1547 4909 1726 4978 λόγος.
1761 4909 1971 4964 Οὐκοῦν

392 4995 530 5065 πρὸς
559 4995 627 5049 τὰ
675 4997 1045 5068 προτιμότερα
1081 5001 1146 5069 τῇ
1179 4999 1336 5067 φύσει
1364 5003 1484 5064 ταῖς
1526 5000 1823 5071 εὐφημίαις
1848 5016 1973 5072 τρε-

393 5085 644 5157 πώμεθα.
681 5087 865 5141 Ταῦτα
901 5088 960 5141 δὲ
1003 5089 1186 5142 οὐκέτι
1224 5090 1312 5144 διὰ
1336 5092 1510 5156 λόγων
1539 5093 1670 5164 ἡμῖν
1693 5091 1970 5163 δειχθήσε-

393 5194 504 5245 ται,
543 5177 657 5231 ἀλλ’
703 5181 781 5243 εἰς
813 5180 945 5234 αὐτὸ
980 5179 1213 5252 πάρεστι
1260 5181 1477 5252 βλέπειν
1529 5183 1638 5237 τῶν
1692 5183 1974 5254 ὑμετέρων

395 5267 618 5336 ἀγαθῶν
646 5269 706 5322 τὸ
733 5271 1046 5341 κεφάλαιον.
1092 5273 1188 5337 Τίς
1211 5272 1321 5345 γὰρ
1353 5275 1454 5328 οὐκ
1491 5271 1597 5328 οἶδε
1640 5275 1734 5328 τὸν
1763 5274 1975 5346 καρπὸν

394 5359 488 5414 τὸν
517 5359 802 5434 ὑμέτερον,
829 5363 910 5418 ὅτι
941 5365 1098 5435 ὑμεῖς
1129 5365 1219 5419 τὸν
1246 5364 1353 5418 τῶν
1389 5365 1680 5437 μαρτύρων
1709 5365 1973 5437 ἐϐλαστή-

395 5465 529 5503 σατε
563 5453 784 5522 στάχυν,
830 5455 922 5509 τὸν
962 5455 1229 5528 πολύχουν
1264 5455 1475 5524 τοῦτον,
1531 5458 1626 5511 καὶ
1659 5456 1801 5528 ὑπὲρ
1847 5458 1973 5521 τοὺς

395 5541 694 5612 τριάκοντα
737 5544 817 5615 τῷ
859 5547 1054 5618 πλήθει
1105 5549 1215 5604 τῶν
1262 5547 1488 5621 καρπῶν
1539 5549 1974 5619 πλατυνόμενον;

426 5697 446 5730 ³
478 5697 494 5752 l
522 5698 648 5754 Cor.
683 5712 776 5763 vu,
802 5696 889 5751 '51.

2073 4361 2254 4417 omnis
2303 4361 2493 4416 mundi
2525 4362 2739 4431 species
2769 4371 2824 4416 et
2851 4361 3073 4418 habitus
3101 4363 3336 4426 transit,
3385 4371 3443 4415 ut
3476 4364 3649 4432 inquit

2073 4451 2368 4523 Apostolus
2397 4453 2418 4484 ³
2448 4471 2460 4507 :
2494 4454 2588 4522 qui
2623 4453 2798 4524 possit
2831 4454 3031 4524 aliquis
3070 4453 3332 4508 decorqu
3372 4453 3647 4508 existima.

2079 4559 2166 4608 re,
2215 4543 2263 4598 si
2297 4553 2455 4599 terrae
2495 4544 2652 4600 vobis
2690 4553 2746 4600 et
2793 4559 2950 4614 aqua:
3005 4543 3346 4598 fertilitatem
3395 4542 3649 4597 laudandi

2077 4650 2244 4692 causa
2290 4635 2513 4690 afferam
2546 4636 2600 4690 in
2628 4636 2867 4690 medium
2894 4633 3072 4688 ?Nam
3101 4635 3264 4690 etiam
3294 4634 3448 4690 locus
3477 4644 3651 4691 vester

2076 4726 2233 4794 plura
2286 4727 2448 4780 habet
2483 4725 2754 4794 ejusmodi
2787 4724 3075 4779 commoda
3116 4733 3276 4780 terrm
3321 4741 3487 4796 quam
3525 4727 3652 4782 alibi

2076 4817 2426 4888 reperiantur
2452 4835 2466 4870 :
2510 4825 2748 4871 attamen
2777 4816 3190 4886 comparatione
3218 4816 3528 4872 vestrorum
3559 4819 3652 4872 ho-

2075 4923 2307 4976 norum,
2361 4918 2622 4976 tanquam
2665 4922 2756 4962 res
2802 4907 3008 4963 nullius
3047 4907 3208 4978 pretii
3249 4909 3528 4976 praeterire
3564 4910 3651 4962 illa

2079 5001 2230 5055 novit
2254 4999 2449 5054 oratio.
2475 4998 2657 5065 Quare
2674 4999 2740 5054 ad
2770 5015 2861 5056 res
2884 5007 3079 5054 natura
3108 5000 3520 5070 praestantiores
3539 5001 3653 5054 lau-

2079 5088 2352 5145 dationem
2394 5096 2804 5144 convertamus.
2851 5088 2944 5144 liae
2992 5097 3172 5143 autem
3200 5090 3354 5146 vobis
3388 5105 3494 5144 non
3544 5106 3652 5145 am-

2079 5179 2223 5251 plius
2243 5192 2339 5248 per
2361 5178 2522 5232 verba
2559 5179 2940 5242 ostendentur,
2961 5177 3054 5232 sed
3077 5179 3201 5233 licet
3228 5180 3283 5234 in
3300 5180 3476 5251 ipsum
3495 5189 3654 5250 caput

2083 5271 2283 5326 intueri
2313 5277 2619 5325 vestrorum
2652 5272 2941 5326 bonorum.
2982 5271 3118 5337 Quis
3147 5272 3292 5326 enim
3323 5273 3538 5342 ignorat
3569 5288 3654 5328 vc-

2080 5372 2253 5418 strum
2289 5361 2525 5416 fructum
2551 5402 2564 5426 ,
2597 5361 2741 5431 quod
2791 5376 2888 5416 vos
2936 5371 3238 5434 martyrum
3291 5364 3656 5434 produxeritis

2085 5453 2327 5525 spicam,
2373 5451 2660 5510 fecundam
2707 5453 2849 5506 hanc
2893 5461 2946 5508 ct
2992 5454 3308 5524 copiosam,
3351 5469 3472 5525 qua:
3515 5455 3656 5508 ultra

2089 5547 2450 5620 trigenarium
2480 5561 2767 5603 numerum
2801 5546 3149 5602 multitudine
3174 5553 3229 5602 et
3257 5549 3414 5619 copia
3446 5545 3658 5617 frugum
