4050 6164
356 316 363 321 ’
433 337 537 395 7'55
1637 337 1696 397 s.
1735 337 2054 398 GREGORII

2154 340 2409 399 I'YSSENI
3581 341 3689 397 7E6

434 457 739 511 d.latatur?
765 454 956 512 Videte
985 452 1201 512 sa‘crum
1240 458 1345 514 hoc
1381 473 1574 514 arvum
1596 502 1610 524 ,
1644 458 1775 514 hinc
1800 467 2005 532 marty—
2032 464 2054 522 Α

2154 462 2309 532 )ρᾶτε
2339 464 2435 535 τὴν
2466 463 2617 537 ἱεράν
2637 464 2839 536 ταύτην
2862 465 3118 536 ἄρουραν·
3146 463 3393 518 ἐντεῦθεν
3416 463 3524 516 τῶν
3551 480 3689 534 μαρο

438 564 559 601 rum
590 549 850 618 manipuli
887 549 1105 605 collecti
1142 561 1290 607 sunt.
1341 550 1497 618 Quod
1539 550 1585 608 si
1617 552 1760 607 scire
1796 527 2011 607 deside—

2154 527 2289 624 Jpwv
2316 527 2725 627 τά-δράγῖίατα.
2762 527 2825 610 Ei
2852 527 3033 628 ζητεῖς
3061 557 3252 627 μαθεῖν
3273 556 3395 610 τίνα
3418 527 3566 625 λέγω
3590 527 3693 625 τήν

437 654 529 695 ras
569 637 637 694 de
689 654 800 709 quo
831 654 965 696 arvo
1008 639 1226 708 dicam,
1265 659 1334 699 ne
1376 644 1568 714 procul
1614 643 1682 698 ab
1717 658 1817 707 eo,
1864 641 2011 714 quod

2154 659 2367 713 ρουραν,
2398 642 2473 715 μὴ
2507 644 2697 717 πόρρω
2724 644 2818 699 τοῦ
2846 645 3112 715 παρόντος
3134 645 3564 715 περισκοπήσῃς.
3590 643 3691 707 Τίς

439 730 627 792 adest.
658 731 1096 803 circumspicias.
1127 733 1262 800 Quis
1304 745 1389 791 est
1430 734 1531 791 iste
1569 735 1727 791 locus
1771 734 1862 806 qui
1905 749 2016 788 am-

2170 728 2331 797 τόπος
2383 734 2412 787 6
2465 735 2735 806 περιέχων
2764 735 2856 788 τὸν
2906 734 3196 803 σύλλογον;
3229 735 3295 787 Τί
3348 751 3430 788 σοι
3475 734 3623 802 λέγει
3650 736 3689 806 ἡ

439 820 694 891 plectitur
713 824 1091 878 conventum?
1116 824 1256 890 Quid
1284 825 1383 881 tibi
1421 825 1559 882 dicit
1599 825 2015 881 anniversarius

2154 823 2384 889 νιαύσιος
2418 825 2511 880 τοῦ
2544 825 2744 880 κύκλου
2785 826 3066 897 περίοδος;
3093 827 3228 880 Ποῖά
3263 842 3345 879 σοι
3375 826 3695 897 διηγήματα

439 913 637 968 circuli
660 913 901 971 ambitus
920 916 945 968 ?
963 916 1164 982 Quales
1187 917 1353 988 hujus
1381 918 1489 974 diei
1516 918 1828 974 recordatio
1854 924 2019 988 atque

2193 916 2292 988 τῆς
2337 916 2549 986 ἡμέρας
2585 917 2791 990 ταύτης
2836 918 3142 990 ὑπόμνησις
3185 919 3312 988 ἥκει
3353 918 3694 990 κομίζουσαι

441 1007 893 1062 commemoratio
951 1008 1120 1063 refert
1161 1010 1256 1065 tibi
1287 1010 1675 1066 narrationes?
1714 1011 1909 1065 Annon
1946 1008 2022 1063 lo-

2154 1012 2244 1086 Ap’
2276 1013 2336 1066 οὐ
2361 1010 2539 1067 λαλιαί
2573 1015 2719 1077 τινές
2751 1015 2876 1076 είσι,
2912 1011 3096 1077 καθὼς
3126 1029 3288 1084 φησιν
3317 1015 3345 1067 6
3378 1014 3696 1084 Προφήτης.

443 1098 620 1168 quelaa
645 1099 894 1169 quaadam
919 1111 1067 1167 sunt,
1098 1110 1158 1156 ut
1183 1102 1358 1172 inquit
1379 1101 1650 1173 Propheta
1668 1103 1710 1166 ⁸,
1735 1111 1789 1158 et
1820 1116 2021 1160 sermo-

2154 1103 2216 1158 ,ai.
2243 1103 2410 1173 λόγοι,
2443 1097 2519 1161 ὧν
2547 1103 2665 1175 οὐχὶ
2692 1102 2850 1175 μόνον
2878 1102 3161 1160 ἀκούονται
3195 1104 3253 1157 αἱ
3284 1102 3481 1172 φωναὶ,
3512 1102 3699 1156 αὐτῶν

446 1205 581 1257 nes,
616 1206 851 1260 quorum
883 1200 1093 1247 tantum
1125 1207 1235 1247 non
1281 1193 1584 1249 audiuntur
1621 1207 1785 1249 voces
1831 1206 2022 1247 eorum

2154 1195 2323 1258 ταντὸς
2364 1193 2521 1263 λόγου
2550 1175 2905 1267 εὐτονώτερον
2941 1194 3386 1265 διηγούμεναιτά
3412 1193 3698 1265 θαύματα;

446 1280 643 1348 quovis
670 1295 924 1339 sermone
946 1282 1150 1340 clarius
1177 1283 1443 1338 miracula
1467 1283 1832 1339 enarrantes?
1862 1280 1919 1338 Si
1952 1283 2027 1338 lo-

2154 1286 2227 1338 Av
2253 1287 2331 1350 είς
2356 1284 2448 1338 τὸν
2476 1285 2641 1342 τόπον
2672 1285 2890 1358 ἀπίδῃς,
2929 1286 3089 1350 αὐτὸς
3116 1280 3254 1341 εἷναί
3281 1303 3414 1355 φησι
3436 1286 3543 1339 τῶν
3568 1302 3705 1356 μαρ-

448 1385 576 1423 cum
610 1369 901 1438 intuearis,
932 1372 1051 1441 ipse
1079 1380 1381 1445 martyrum
1408 1372 1645 1430 stadium
1673 1389 1795 1430 esse
1827 1376 1938 1429 ait:
1978 1375 2026 1430 si

2154 1379 2304 1450 ύρων
2343 1378 2403 1431 τὸ
2446 1378 2691 1432 στάδιον·
2722 1377 2787 1432 ἂν
2834 1378 2931 1450 τὴν
2972 1378 3182 1450 ἡμέραν
3223 1378 3435 1449 λογίσῃ,
3475 1371 3588 1430 οἷόν
3618 1394 3706 1442 τις

450 1462 594 1516 diem
624 1463 1097 1530 consideraveris,
1138 1473 1398 1534 tanquam
1434 1480 1614 1536 praeco
1654 1467 1876 1534 quidam
1920 1481 2030 1521 ma-

2154 1470 2306 1542 ιήρυξ
2338 1470 2718 1542 μεγαλόφωνος
2748 1470 3109 1541 ἀνακηρύττει
3147 1469 3255 1524 τῶν
3289 1469 3578 1542 μαρτύρων
3612 1467 3709 1522 τὸν

454 1568 575 1622 gnte
615 1553 770 1610 vocis
799 1560 854 1608 et
879 1568 1115 1612 sonorus
1141 1564 1442 1628 martyrum
1481 1572 1741 1612 coronam
1776 1573 2022 1628 pronun-

2154 1562 2414 1631 rrécpavov.
2459 1561 2646 1616 Ταῦτά
2696 1579 2787 1634 μοι
2836 1561 2977 1614 δοκῶ
3026 1561 3125 1633 τῆς
3164 1560 3375 1635 ἡμέρας
3419 1558 3709 1632 ὲμὸοώσης

455 1645 577 1699 tiat.
614 1641 743 1699 Haec
772 1644 906 1699 mihi
926 1645 1117 1701 videor
1135 1662 1199 1701 ex
1230 1647 1318 1702 die
1337 1646 1498 1717 (ipsa)
1514 1648 1785 1702 clamante
1801 1647 1988 1703 audire
2014 1666 2030 1715 ;

2154 1654 2348 1708 ικούειν
2372 1670 2384 1683 ·
2423 1654 2502 1708 ὅτι
2529 1653 2660 1725 ἄλλη
2693 1654 2789 1724 μὲν
2811 1656 2875 1725 τῇ
2909 1652 3238 1725 δημιουργίᾳ
3274 1654 3383 1706 τῶν
3407 1655 3713 1723 φωστήρων

457 1735 600 1791 alius
629 1735 849 1805 quidem
880 1736 998 1792 dies
1030 1738 1388 1792 luminarium
1426 1740 1703 1794 creatione
1730 1739 2027 1811 gloriatur;

2154 1741 2475 1811 τεμνύνεται,
2513 1741 2649 1813 ἄλλη
2678 1740 2732 1794 δὲ
2756 1740 2835 1811 τῷ
2860 1740 3094 1812 οὐρανῷ,
3128 1744 3221 1798 καὶ
3246 1744 3407 1814 ἑτέρα
3439 1745 3505 1813 τῇ
3537 1759 3712 1795 κατα-

458 1827 601 1883 alius
630 1843 764 1884 vero
784 1867 798 1893 ,
838 1828 1018 1896 coelo;
1048 1830 1176 1885 item
1207 1831 1348 1886 alius
1376 1831 1593 1886 laetatur
1624 1840 1679 1886 et
1718 1832 1821 1887 sibi
1854 1833 2033 1900 placet

2154 1836 2301 1905 ῖκευῇ
2343 1833 2443 1905 τῆς
2497 1835 2598 1904 γῆς
2644 1832 3029 1901 ὲπαγάλλεται.
3076 1833 3230 1905 Ἐμοὶ
3262 1833 3320 1888 δὲ
3365 1834 3528 1904 ἀρκεῖ
3574 1831 3715 1905 πρὸς

460 1926 684 1987 propter
700 1917 1122 1974 fabricationem
1142 1926 1323 1975 terrae.
1344 1919 1477 1974 Mihi
1500 1928 1680 1974 autem
1697 1920 1761 1975 ad
1778 1928 2032 1975 ornatum

2154 1927 2337 1998 ιόσμον
2368 1925 2437 1980 τὰ
2460 1925 2567 1979 τῶν
2600 1925 2892 1998 μαρτύρων
2925 1925 3181 1997 θαύματα
3198 1944 3210 1957 ο
3239 1927 3401 1997 ἀρκεῖ
3427 1925 3504 1997 τῷ
3524 1925 3716 1979 κάλλει

462 2008 726 2089 miracula
756 2016 1060 2079 martyrum
1103 2008 1412 2078 sufﬁciunt;
1449 2008 1654 2065 sufﬁcit
1700 2025 2032 2065 coronarum

2154 2017 2242 2072 τῶν
2291 2018 2571 2086 στεφάνων
2617 2017 3120 2086 ἐγκαλλωπίζεσθαι
3144 2034 3158 2047 ·
3210 2017 3371 2089 ἀρκεῖ
3413 2017 3717 2083 τοῖς,κατὰ

461 2098 661 2155 decore
698 2108 863 2170 atque
901 2101 1307 2170 pulchritudine
1343 2105 1597 2157 exornari
1627 2119 1643 2170 ;
1690 2101 1889 2158 sulﬁcit
1921 2112 2033 2157 tro-

463 2193 592 2260 pacis
639 2191 905 2247 adversus
949 2193 1225 2249 diabolum
1278 2196 1481 2252 erectis
1534 2194 1818 2252 honestari
1873 2203 2038 2266 atque

459 2285 729 2341 decorari.
759 2287 961 2353 Quales
988 2287 1045 2341 in
1072 2303 1158 2341 me
1186 2287 1407 2343 fuerunt
1435 2289 1820 2346 narrationes?
1847 2288 2038 2356 Qualis

460 2377 670 2446 angelis
722 2392 818 2447 per
867 2393 954 2433 me
1001 2378 1140 2433 facta
1175 2386 1261 2434 cst
1299 2381 1586 2435 accessio?
1621 2380 1847 2447 Qualem
1890 2383 2041 2437 dedit

462 2475 609 2524 terra
652 2468 891 2524 fructum
930 2469 1088 2526 Deo?
1128 2471 1345 2541 qualem
1382 2471 1647 2528 Dominus
1686 2473 1740 2527 in
1779 2489 1864 2529 me
1907 2489 2043 2529 con-

463 2562 717 2617 sitionem
744 2562 1030 2620 consevit?
1060 2561 1216 2619 Unde
1243 2564 1427 2621 onmis
1454 2565 1619 2621 etiam
1647 2566 2043 2636 propemodum

461 2653 613 2709 orbis
649 2661 922 2710 terrarum
962 2654 1089 2711 hinc
1121 2663 1407 2711 enatorum
1449 2657 1734 2727 palmitum
1766 2665 1819 2713 et
1848 2673 2044 2712 surcu-

465 2747 645 2800 lorum
693 2747 1094 2818 propaginibus
1141 2747 1395 2803 consitus
1436 2755 1562 2802 est:
1609 2757 1870 2821 tanquam
1916 2749 2045 2806 vitis

465 2836 715 2906 quaedam
747 2821 968 2908 copiosa
990 2877 1005 2903 ,
1038 2846 1204 2908 atque
1237 2836 1527 2893 abundans
1551 2879 1565 2902 ,
1600 2852 1724 2891 cum
1773 2838 1909 2893 alias
1952 2853 2049 2908 per

466 2943 592 2984 sese
617 2928 758 2985 vites
783 2928 974 2992 edicit,
997 2936 1112 2983 tum
1143 2931 1259 2999 ipsa
1285 2944 1397 2984 non
1425 2928 1684 2985 deﬁciens
1714 2931 1768 2985 in
1799 2944 1900 2987 suo
1931 2946 2050 3001 per-

468 3026 655 3075 manet
687 3020 895 3092 vigore.
931 3020 1056 3076 Hmc
1086 3030 1141 3077 et
1167 3020 1441 3091 ejusmodi
1481 3022 1742 3076 nimirum
1781 3036 1905 3076 cum
1938 3021 2048 3075 diei

2136 2108 2231 2163 τοῦ
2269 2108 2514 2163 διαϐόλου
2544 2108 2824 2180 τροπαίοις
2849 2111 3000 2163 ἐπισε
3012 2108 3324 2180 μνύνεσθαι.
3354 2102 3458 2162 Οἷα
3490 2107 3718 2176 γέγονεν

2139 2201 2197 2254 ὲν
2220 2200 2343 2271 ἐμοὶ
2362 2200 2702 2272 διηγήματαί
2732 2196 2833 2254 Οἷα
2857 2200 3047 2270 γέγονε
3076 2200 3142 2254 δι’
3166 2200 3299 2272 ἐμοῦ
3326 2202 3437 2264 τοῖς
3459 2199 3719 2270 ἀγγέλοις

2140 2292 2460 2363 προσθήκηῑ
2491 2289 2616 2346 Οἴον
2662 2291 2858 2346 ἔδωκεν
2884 2295 2917 2365 ή
2951 2293 3025 2364 γῆ
3068 2291 3145 2365 τῷ
3174 2292 3293 2364 Θεῷ
3324 2292 3418 2348 τὸν
3463 2292 3718 2363 καρπόνί

2142 2385 2273 2440 Οἴαν
2299 2384 2560 2455 ἐφύτευσε
2604 2384 2827 2454 φυτείαν
2869 2387 2926 2438 ἐν
2959 2386 3079 2455 ἐμοὶ
3102 2387 3130 2439 6
3162 2385 3399 2457 Κύριοςί
3437 2385 3600 2439 ὐθεν
3624 2384 3724 2437 καὶ

2143 2479 2295 2532 πᾶσα
2323 2477 2507 2549 σχεδὸν
2537 2479 2570 2549 ή
2596 2478 2887 2549 οἰκουμένη
2911 2481 3029 2542 ταῖς
3059 2478 3376 2549 παραφυάσι
3404 2479 3511 2532 τῶν
3536 2476 3723 2529 ἐντεῦ-

2143 2568 2236 2623 θεν
2278 2569 2572 2640 κλημάτων
2601 2569 3097 2639 καταπεφύτευται,
3124 2569 3375 2642 καθάπερ
3411 2586 3492 2633 τις
3536 2569 3724 2639 ἄμπεο

2144 2660 2234 2724 λος
2264 2658 2583 2729 εύθηνοῦσα,
2613 2660 2706 2713 καὶ
2744 2658 2907 2722 ἄλλας
2935 2660 3003 2713 δι’
3030 2662 3224 2732 ἑαυτῆς
3253 2659 3528 2731 ἀμπέλους
3552 2658 3724 2730 ἐργά-

2148 2752 2321 2816 ζεται,
2358 2754 2450 2805 καὶ
2479 2751 2615 2824 αὕτη
2642 2752 2886 2824 διαμένει
2916 2752 3283 2816 ἀνέκλειπτος.
3312 2751 3495 2807 Ταῦτά
3517 2767 3600 2803 τοι
3630 2750 3726 2805 καὶ

2146 2841 2218 2895 τὰ
2248 2841 2467 2897 τοιαῦτα
2496 2842 2642 2895 δοκεί
2686 2842 2785 2913 τῆς
2829 2841 3041 2913 ἡμέρας
3096 2842 3130 2912 ή
3178 2843 3337 2913 χάρις
3374 2839 3727 2911 εὐαγγελίζε-

2152 2932 2296 2998 σθαι,
2326 2934 2418 2986 καὶ
2447 2933 2474 2985 6
2503 2931 2596 2986 τοῦ
2628 2931 2886 3002 συλλόγου
2911 2933 3075 2998 τόπος
3094 2932 3318 2987 τοιαῦτα
3339 2933 3522 3007 ἕτερα.
3563 2932 3753 2988 aum-

2149 3027 2203 3081 τί
2234 3026 2391 3082 πάθω
2420 3027 2555 3098 πρὸς
2588 3026 2716 3082 λαὸν
2745 3025 3019 3093 τοσοῦτον,
3052 3026 3377 3098 ἰσχνόφωνός
3402 3043 3487 3090 τις
3514 3025 3590 3080 ὣν
3615 3026 3728 3094 ἐγὼ

471 3110 779 3176 festivitas,
813 3118 926 3166 tum
971 3100 1126 3167 lecus
1157 3113 1212 3165 in
1253 3126 1431 3182 quem‘
1455 3112 1796 3168 convenistis
1819 3153 1834 3177 ,
1874 3111 2044 3166 altera

2154 3121 2245 3175 καὶ
2280 3119 2711 3190 βραδύγλωσσος,
2750 3119 2844 3173 καὶ
2898 3120 3056 3189 μόγις
3105 3122 3217 3184 τοῖς
3265 3120 3611 3191 παρεστῶσιν
3668 3121 3729 3174 ὲν

471 3204 601 3280 talia
645 3205 769 3259 laeta
813 3205 1144 3260 annuntiare
1183 3206 1421 3261 videtur.
1470 3204 1576 3259 Sed
1612 3205 1745 3275 quid
1786 3219 1944 3277 agam
1979 3206 2049 3259 ad

2154 3212 2371 3283 ἐπηκόῳ
2396 3210 2784 3282 φθεγγόμενος,
2818 3210 3216 3283 ύπερηχοῠντος
3240 3211 3332 3291 τού
3366 3212 3496 3283 ἤχου
3520 3211 3611 3265 τὸν
3637 3211 3729 3264 λό-

474 3304 686 3351 tantum
722 3296 1019 3367 populum,
1060 3312 1184 3352 cum
1220 3298 1351 3353 exili
1393 3297 1499 3353 sim
1543 3311 1712 3362 voce,
1755 3295 2053 3367 linguaque

2154 3321 2245 3373 γον
2270 3321 2285 3369 ;
2318 3300 2396 3357 τΗ
2426 3302 2533 3373 γὰρ
2563 3302 2629 3357 ἂν
2661 3302 2971 3375 ἐνδιέτριψα
3000 3304 3112 3366 τοῖς
3134 3303 3355 3373 ἀγαθοῖς
3374 3304 3728 3375 διηγήμασιν,

478 3389 632 3442 tarda
653 3430 667 3455 ,
701 3389 793 3458 qui
823 3399 1123 3458 superante
1154 3389 1340 3445 sonitu
1384 3403 1449 3444 ac
1477 3388 1695 3444 fremitu
1742 3403 2050 3444 sermonem

2154 3397 2298 3459 ὅπως
2326 3397 2360 3468 ή
2386 3396 2523 3467 καλὴ
2547 3396 2810 3467 συσκηνία
2838 3396 2945 3448 τῶν
2967 3395 3392 3468 τεσσαράκοντα,
3420 3396 3604 3468 κοινὴν
3630 3396 3732 3467 μὲν

477 3483 563 3536 vix
591 3481 896 3538 astantibus
922 3481 975 3536 in
1003 3481 1127 3536 loco
1153 3482 1225 3537 ita
1253 3481 1543 3537 commodo
1565 3482 1778 3553 loquar,
1804 3489 1864 3535 ut
1889 3495 2055 3536 exau-

476 3574 580 3629 diri
622 3575 838 3645 possit?
875 3573 1009 3630 Nam
1055 3575 1299 3644 alioquin
1332 3574 1654 3629 immoratus
1682 3589 1861 3629 essem
1893 3582 2058 3644 atque

478 3684 915 3738 perseverassem
954 3669 1011 3723 in
1056 3667 1217 3724 bonis
1253 3667 1699 3730 narrationibus,
1744 3683 1855 3745 quo
1895 3676 2056 3740 pacto

480 3759 724 3828 praeclari
751 3761 1171 3816 contubernales
1212 3758 1575 3830 quadraginta
1605 3775 1728 3814 cum
1765 3776 2059 3816 commune

477 3859 792 3917 certamen,
825 3860 939 3905 tum
977 3866 1323 3905 communem
1366 3851 1569 3921 ubique
1599 3851 1871 3905 coloniam
1902 3850 2060 3904 inha-

479 3941 916 4011 bitationemque
953 3940 1232 4006 fecerunt,
1277 3951 1331 3996 et
1371 3955 1595 4013 quoquo
1622 3957 1817 3998 versus
1846 3942 2060 4014 disper-

480 4033 715 4099 tiuntur,
746 4041 802 4087 et
839 4034 895 4086 in
929 4032 1099 4088 variis
1135 4030 1272 4089 locis
1312 4033 1594 4103 conjuncti
1634 4033 1873 4104 hospitio
1920 4035 2061 4091 reci-

479 4126 730 4196 piuntur;
762 4123 1033 4192 Quocirca
1066 4140 1226 4182 nemo
1254 4126 1349 4197 qui
1383 4126 1768 4197 particularem
1797 4128 2062 4199 reliquia-

480 4233 604 4273 rum
631 4219 861 4287 gratiam
891 4218 1171 4287 suscepit,
1195 4233 1304 4273 non
1330 4234 1395 4274 ex
1423 4224 1540 4273 toto
1565 4229 1865 4290 martyrum
1894 4232 2061 4288 appa-

2150 3489 2248 3560 τὴν
2270 3486 2516 3558 ἄθλησιν,
2549 3488 2736 3558 κοινὴν
2776 3488 2833 3542 δὶ
2879 3487 3153 3558 πανταχοῦ
3198 3488 3299 3560 τὴν
3330 3487 3586 3543 ἀποικίαν
3634 3504 3735 3540 πε-

2155 3579 2427 3650 ποίηνται,
2474 3581 2567 3634 καὶ
2613 3579 2887 3652 πανταχοῦ
2936 3579 3415 3653 καταμερίζονται,
3466 3579 3562 3633 καὶ
3611 3579 3734 3650 μετ’

2155 3670 2398 3744 ἀλλήλων
2419 3672 2788 3740 ἐπιξενοῦνται
2823 3676 2932 3739 τοῖς
2954 3674 3161 3739 τόποις.
3187 3673 3395 3728 Οὐκοῦν
3428 3672 3602 3736 οὐδεὶς
3633 3688 3737 3742 με·-

2161 3761 2317 3831 ρικὴν
2350 3761 2457 3815 τῶν
2488 3761 2758 3832 λειψάνων
2788 3762 2945 3835 χάριν
2977 3762 3390 3834 ὑποδεξάμενος,
3423 3764 3524 3817 ούκ
3541 3764 3608 3815 ὲκ
3638 3759 3734 3815 τοῦ

2159 3852 2357 3916 παντὸς
2379 3854 2479 3923 τὴν
2512 3853 2831 3922 ἐπιφάνειαν
2879 3856 2988 3910 τῶν
3038 3854 3328 3926 μαρτύρων
3372 3854 3609 3921 ἐδέξατο.
3637 3847 3735 3918 Εἷς

2158 3945 2267 4019 γάρ
2304 3948 2362 4000 ὲν
2412 3945 2603 4018 Κυρίῳ
2648 3947 2932 4016 γεγονότες
2959 3949 3007 4001 oi
3052 3948 3275 4012 πάντες,
3317 3947 3383 4002 δι’
3432 3947 3548 4012 ἑνὸς
3594 3946 3735 4018 μετὰ

2162 4037 2364 4101 παντὸς
2388 4037 2480 4090 τοῦ
2504 4037 2870 4109 πληρώματος
2901 4039 3108 4093 ἑαυτῶν
3136 4036 3535 4105 εἰσοικίζονται.
3574 4038 3735 4092 Ἀλλὰ

2162 4126 2280 4192 πῶς
2311 4127 2427 4180 ἔστι
2461 4126 2537 4199 μὴ
2566 4128 2821 4199 ἀδικῆσαι
2847 4128 2938 4183 τὸν
2970 4128 3146 4198 λόγον,
3175 4130 3274 4202 τὴν
3292 4130 3464 4200 ἀρχὴν
3481 4128 3588 4181 τῶν
3615 4128 3737 4183 κατ’

2162 4220 2360 4284 αὐτοὺς
2382 4218 2737 4290 διηγημάτων
2759 4220 3090 4291 σιγήσᾳ,ντα;
3114 4221 3210 4284 Τίς
3228 4216 3321 4274 οὖν
3349 4222 3496 4274 ἐστιν
3517 4222 3550 4291 ἡ
3569 4220 3737 4292 ἀρχή;

480 4310 738 4366 ritionem
759 4310 985 4381 recepit.
1014 4308 1169 4366 Unus
1194 4314 1337 4366 enim
1362 4309 1418 4364 in
1447 4308 1673 4365 Christo
1700 4324 1825 4363 cum
1858 4307 2054 4363 fuerint

2162 4309 2367 4381 Νεότης
2397 4309 2576 4381 ἀγαθὴ
2625 4311 2720 4364 καὶ
2767 4311 3147 4382 περίϐλεπτος,
3193 4312 3371 4377 πίστις
3415 4311 3636 4384 ἀρίστη,
3669 4310 3739 4364 δι’

480 4403 764 4470 universi,
797 4418 893 4475 per
921 4418 1088 4458 unum
1130 4418 1256 4458 cum
1286 4409 1403 4458 toto
1443 4417 1547 4457 suo
1584 4416 1749 4473 grege
1775 4398 2054 4470 recipiun-

2162 4400 2230 4473 ἢν
2260 4401 2307 4453 οἱ
2335 4399 2535 4463 πάντες
2560 4400 2944 4473 ἐξειλεγμένοι,
2975 4402 3161 4456 κάλλει
3186 4403 3529 4475 διαπρεπεῖς,
3560 4403 3739 4475 ἔρνεσι

481 4503 593 4552 tur.
617 4496 726 4552 Sed
749 4496 844 4566 qui
870 4494 987 4552 fieri
1014 4502 1195 4566 potest
1227 4503 1290 4550 ut
1314 4495 1495 4551 oratio
1526 4509 1638 4549 non
1680 4491 1942 4563 injuriam
1971 4492 2054 4547 fa-

2162 4491 2224 4545 τδ
2256 4491 2485 4564 μέγεθος
2524 4493 2888 4564 παραπλήσιοι
2922 4496 2980 4548 ὲν
3021 4494 3171 4549 ἄνθει
3209 4496 3307 4565 τῆς
3336 4495 3504 4567 ὥρας.
3545 4494 3742 4567 Ὁρᾶτε

479 4587 618 4652 ciat,
645 4602 767 4657 quae
796 4586 1013 4641 initium
1042 4584 1300 4640 narrandi
1327 4599 1417 4640 res
1446 4582 1516 4639 ab
1542 4583 1611 4637 iis
1631 4591 1813 4653 gestas
1836 4581 2054 4636 silentio

2164 4584 2262 4657 τὴν
2288 4583 2470 4656 φωνὴν
2499 4584 2575 4656 τῷ
2610 4584 2824 4657 θορύϐῳ
2856 4586 3293 4659 ταρασσομένην,
3331 4588 3543 4643 καὶτὸν
3582 4587 3743 4656 λόγον

480 4677 939 4750 praetermiserit?
961 4675 1118 4744 Quod
1145 4687 1229 4733 est
1258 4676 1429 4747 igitur
1452 4673 1698 4730 initium?
1722 4672 2056 4729 Adolescen-

481 4772 560 4826 tia
576 4771 814 4844 egregia,
838 4777 1003 4841 atque
1025 4775 1291 4841 spectata,
1316 4768 1448 4823 lich
1465 4767 1692 4845 optima,
1709 4765 1869 4836 cujus
1887 4765 2060 4836 gratia

480 4863 640 4918 elccu
671 4878 882 4930 omnes,
903 4861 1104 4917 decore
1131 4877 1195 4916 ac
1229 4860 1640 4932 pulchritudine
1659 4859 1907 4928 insignes
1931 4900 1945 4924 ,
1993 4858 2062 4912 ad

481 4970 666 5010 ramos
680 4954 1052 5027 magnitudine
1068 4955 1313 5025 proxime
1342 4951 1684 5015 accedentes,
1703 4953 1756 5007 in
1776 4950 1909 5007 ﬂore
1925 4960 2059 5005 aeta-

484 5048 557 5105 tis
580 5048 884 5104 constituti.
922 5029 1206 5101 Videtisne
1240 5061 1431 5101 vocem
1466 5040 1985 5108 tumultuturbari,
2006 5050 2062 5096 et

484 5141 717 5209 strepitu
739 5154 1049 5195 sermonem
1066 5139 1481 5209 interrumpi,ut
1498 5137 1657 5191 nobis
1681 5136 1847 5190 veluti
1866 5135 2062 5205 pelago

484 5232 722 5302 quodam
751 5237 1049 5297 aestuante,
1076 5226 1306 5286 vocibus
1346 5228 1530 5301 p0puli
1555 5269 1569 5293 ,
1598 5227 1861 5297 inquam,
1884 5225 2062 5297 jacta-

487 5322 561 5379 tis
589 5325 908 5380 necessario
935 5323 1002 5378 ad
1029 5324 1391 5395 tranquillum
1431 5320 1635 5379 silentii
1678 5330 1896 5392 portum
1927 5335 2064 5374 con-

2164 4677 2243 4748 τῷ
2272 4679 2389 4749 ήχῳ
2424 4677 2865 4748 διακοπτόμενον,
2896 4678 3036 4732 ὥστε
3081 4681 3228 4750 ἡμᾶς
3260 4673 3371 4733 οἷόν
3416 4695 3524 4733 τινι
3571 4678 3744 4732 πελά-

2167 4788 2251 4840 γει
2277 4769 2660 4842 κυμαινομὲνῳ
2681 4772 2800 4834 ταῖς
2825 4774 3030 4840 φωναῖς
3053 4771 3147 4825 τοῦ
3171 4769 3301 4824 λαοῦ
3323 4769 3742 4841 χειμασθέντας,

2170 4861 2481 4927 ἀναγκαίως
2530 4862 2624 4916 ἐπὶ
2672 4861 2764 4915 τὸν
2822 4861 3137 4933 ἀκύμαντον
3169 4862 3266 4933 τῆς
3321 4863 3529 4936 σιωπῆς
3574 4877 3747 4914 κατα-

2168 4951 2389 5023 φεύγειν
2415 4953 2644 5026 λιμένας
2675 4954 2736 5009 El
2757 4954 2813 5009 δὲ
2840 4954 3052 5024 γένοιτο
3073 4957 3208 5026 ήμῖν
3241 4956 3379 5011 κατὰ
3405 4952 3539 5008 Θεοῦ
3562 4954 3745 5023 χάριν,

2168 5047 2261 5098 καί
2289 5045 2358 5097 τὰ
2384 5045 2612 5117 δεύτερα
2633 5045 2727 5099 τοῦ
2757 5045 2918 5115 λόγου
2932 5046 3098 5120 σχολὴ
3116 5049 3173 5101 ἐν
3193 5046 3391 5119 ἡσυχίᾳ
3412 5048 3511 5115 τῆς
3540 5043 3747 5115 ἀκροά-

2170 5152 2328 5203 σεως,
2357 5137 2427 5190 τὰ
2457 5136 2551 5191 νῦν
2581 5136 2927 5206 ὲλλειφθέντα
2954 5140 3212 5209 συνεργίᾳ
3233 5135 3327 5190 τοῦ
3354 5133 3488 5189 Θεοῦ
3522 5133 3744 5204 πληρω-

2170 5229 2412 5300 θήσεται.
2444 5229 2604 5302 Αὐτῷ
2637 5232 2671 5301 ἠ
2698 5228 2823 5296 δόξα
2851 5230 2931 5294 εἰς
2972 5230 3097 5294 τοὺς
3136 5229 3335 5294 αἰῶνας
3371 5226 3480 5281 τῶν
3512 5225 3740 5281 αἰώνων.

2183 5320 2375 5392 Ἀμήν.

490 5417 807 5487 fugiendum
834 5417 940 5474 sit?
962 5416 1118 5484 Quod
1146 5393 1193 5473 si
1220 5432 1311 5490 per
1343 5417 1574 5488 gratiam
1604 5414 1702 5472 Dei
1729 5415 1889 5471 nobis
1909 5414 2074 5471 etiam
2114 5416 2182 5468 ad
2209 5417 2435 5472 alteram
2465 5424 2673 5485 partem
2699 5418 2965 5474 orationis
3001 5416 3170 5473 otium
3229 5393 3520 5486 contigerit
3540 5454 3556 5477 ,
3617 5427 3743 5506 cum

491 5510 711 5565 silentio
747 5509 1186 5566 auscultantibus
1222 5509 1429 5568 reliqua
1456 5548 1471 5576 ,
1536 5523 1659 5580 quae
1694 5523 1843 5563 nunc
1867 5507 2234 5579 praetermissa
2265 5517 2395 5565 sunt
2443 5507 2511 5564 ad
2555 5511 2922 5566 narrationem
2974 5507 3340 5580 pertinentia,
3390 5505 3598 5564 auxilio
3648 5504 3742 5558 Dci

493 5602 914 5672 supplebuntur.
932 5600 994 5655 Ei
1016 5601 1187 5673 gloria
1212 5602 1268 5659 in
1290 5607 1489 5660 saecula
1505 5601 1862 5658 saeculorum.
1900 5599 2095 5655 Amen.

564 5788 588 5817 δ
619 5783 757 5838 l‘sal.
790 5796 947 5848 xvur,
988 5780 1041 5836 5.
