4050 6164
383 249 488 306 757

1013 370 1233 425 ΛΟΓΟΣ
1263 369 1340 427 B’.

452 460 597 524 Χθές
619 450 669 514 οί
703 460 979 532 μάρτυρες
996 463 1132 533 πρὸς
1158 459 1501 528 ἐαυτοὺςτὺν
1526 465 1656 520 λαὸν
1690 468 1920 523 ἐκάλουν
1939 487 1954 503 ·

379 550 478 606 νῦν
507 551 586 623 τῷ
623 553 952 625 καταγωγίῳ
983 557 1081 626 τῆς
1118 555 1440 627 Ἐκκλησίας
1465 559 1835 626 ὲπιξενοῦνται
1861 562 1959 617 αύ-

377 642 648 713 τόκλητοι.
681 644 862 715 Νόμος
902 644 960 699 δέ
993 645 1078 710 τίς
1118 648 1235 701 ἐστι
1261 651 1613 720 συμποτικὸς,
1644 652 1743 718 τὰς
1789 656 1959 723 ἐγκυ-

377 732 562 798 κλίους
589 731 798 799 ταύτας
819 735 1090 801 ἑστιάσεις
1120 736 1268 809 παρὰ
1289 739 1400 794 τῶν
1430 740 1765 812 δαιτυμόνων
1793 743 1960 815 ἀλλή-

376 818 490 883 λοις
524 821 589 873 ἐκ
622 822 962 894 περιτροπῆς
999 824 1347 881 ἐπιδίδοσθαι.
1380 827 1589 882 Ούκοῢν
1618 830 1830 903 ἀνάγκη
1865 832 1960 886 καὶ

377 912 526 983 ἡμᾶς
554 911 646 966 τὸν
666 912 829 967 αὑτὸν
866 913 1272 986 ἀντιπληρῶσαι
1295 916 1390 971 τοῦ
1427 917 1645 973 δείπνου
1676 923 1791 985 τοῖς
1821 921 1961 994 μάρ-

377 1021 535 1058 τυσιν
553 1004 772 1077 ἔρανον.
823 1006 961 1059 Ἀλλ’
1005 1007 1192 1079 ἐπειδὴ
1223 1008 1445 1064 πένεται
1491 1011 1621 1081 ημῖν
1659 1012 1694 1083 ἡ
1724 1013 1960 1084 χορηγία

378 1095 473 1149 τοῦ
503 1096 683 1166 λόγου,
723 1097 903 1161 καλῶς
929 1096 1041 1169 ἔχει
1069 1101 1183 1163 τοῖς
1214 1100 1342 1170 παρ’
1372 1101 1551 1155 αὐτῶν
1584 1103 1807 1158 ἐκείνων
1844 1104 1959 1158 λει-

376 1184 568 1254 ψάνοις
596 1188 741 1257 ἡμᾶς
785 1186 1108 1255 δεξιοῦσθαι,
1141 1190 1266 1255 τοὺς
1310 1191 1437 1261 χθὲς
1479 1192 1576 1263 μὲν
1618 1194 1958 1265 ἑστιάτορας,

378 1274 620 1347 σήμερον
661 1276 718 1330 δὲ
768 1276 1115 1349 δαιτυμόνας.
1156 1281 1342 1351 Ἀρκεῖ
1386 1281 1495 1354 γὰρ
1542 1285 1635 1338 καὶ
1686 1284 1859 1357 βραχύ
1908 1304 1960 1341 τι

378 1365 544 1438 μέρος
582 1366 648 1420 ἐκ
695 1368 954 1432 πλουσίας
983 1370 1284 1443 τραπέζης,
1321 1373 1564 1446 μεγάλης
1603 1376 1838 1448 εὐωχίας
1869 1396 1959 1447 γε-

375 1457 562 1512 νέσθαι
583 1462 958 1534 παρασκευὴν,
989 1465 1117 1520 ὅταν
1149 1465 1388 1520 τοιοῦτον
1415 1466 1663 1538 λείψανον
1778 1470 1843 1523 Τί
1867 1466 1960 1525 οὗν

375 1548 535 1602 τοῦτο
581 1550 641 1603 τὺ
668 1551 947 1621 λείψανον;
996 1555 1293 1627 Μέμνησθε
1324 1557 1541 1623 πάντως
1585 1562 1643 1613 ἐν
1676 1561 1780 1614 τίνι
1818 1557 1959 1633 ἦμεν

376 1640 471 1694 τοῦ
494 1640 673 1709 λόγου,
713 1644 802 1696 ὅτε
832 1645 861 1697 ό
886 1644 1135 1709 εύκτάῖος
1168 1648 1372 1713 ἐκεῖνος
1411 1651 1504 1703 καὶ
1551 1650 1683 1722 ἡδὺς
1728 1654 1858 1725 ἡμῖν
1894 1656 1959 1709 ἐκ

376 1729 471 1783 τοῦ
497 1730 730 1803 πλήθους
757 1732 864 1787 τῶν
893 1736 1325 1807 συνειλεγμένων
1356 1738 1580 1810 θόρυϐος
1608 1742 1829 1814 συνέχεε
1859 1746 1958 1817 τὴν
1990 1728 2031 1783 Β

376 1820 486 1875 τῶν
512 1823 819 1896 λεγομένων
850 1827 1130 1897 ἀκρόασιν,
1166 1829 1253 1883 ὅτε
1290 1832 1324 1901 ὴ
1362 1831 1604 1904 ἔμψυχος
1642 1835 1826 1908 ἐκείνη
1858 1839 1957 1909 τῆς

376 1912 668 1984 ἐκκλησίας
724 1914 969 1970 θάλασσα
1031 1916 1109 1988 τῷ
1165 1918 1357 1991 πλήθει
1409 1918 1515 1974 τῶν
1566 1923 1961 1995 ἐπεισρεόντων

379 2004 807 2076 πλημμυροῦσα,
867 2005 1002 2078 πρὸς
1029 2009 1129 2079 τὴν
1154 2010 1326 2082 ῥοπὴν
1368 2010 1477 2065 τῶν
1504 2013 1590 2067 ἀεὶ
1621 2014 1955 2088 βιαζομένων

375 2092 654 2165 ἐκύμαινε,
692 2097 1000 2167 μιμουμένη
1032 2099 1125 2152 καὶ
1168 2099 1247 2171 τῷ
1277 2100 1392 2172 ἦχῳ
1434 2102 1532 2176 τὴν
1562 2103 1729 2170 ὅντως
1756 2105 1956 2162 θάλασ-

377 2201 499 2251 σαν,
531 2180 642 2240 οἷον
670 2187 862 2250 αὐταῖς
889 2191 1006 2253 ταῖς
1036 2190 1223 2254 ἀκοαῖς
1256 2192 1412 2262 ήμῶν
1433 2197 1825 2267 προσρηγνῦσα
1845 2198 1957 2252 τῶν

374 2279 635 2350 κυμάτων
658 2280 747 2334 τὸν
772 2281 964 2352 ψόφον.
1009 2282 1096 2335 Ἐν
1115 2283 1224 2337 τίσι
1248 2285 1426 2340 τοίνυν
1448 2287 1812 2360 κατελίπομεν
1840 2308 1954 2362 χει-

376 2370 655 2442 μασθέντα
683 2373 763 2445 τῷ
804 2375 1017 2447 θορύϐῳ
1062 2377 1153 2430 τὸν
1192 2378 1370 2447 λόγον,
1408 2380 1687 2454 μέμνησθε
1737 2385 1957 2450 πάντως

371 2460 453 2528 οἷς
491 2465 854 2537 μεμελέτηται
902 2468 991 2523 διὰ
1038 2470 1256 2542 μνήμης
1301 2470 1442 2541 ἔχειν
1475 2474 1599 2538 τοὺς
1651 2476 1953 2549 μάρτυρας.

370 2550 479 2608 Ἦν
510 2556 588 2620 δὲ,
619 2555 697 2621 ὡς
738 2550 913 2629 οἶμαι,
937 2560 971 2630 ἡ
1017 2560 1307 2615 ἀκολουθία
1341 2564 1437 2618 τοῦ
1468 2563 1625 2634 λόγου
1671 2568 1830 2639 αὕτη,
1872 2571 1954 2625 ὅτι

369 2645 431 2698 οὐ
466 2645 575 2700 τῶν
605 2651 877 2720 τυχόντων
904 2645 1045 2722 ἦσάν
1072 2669 1217 2716 τινες
1246 2654 1297 2707 οἱ
1326 2655 1405 2717 εἰς
1439 2655 1531 2707 τὸν
1557 2656 1743 2723 ἀγῶνα
1767 2659 1954 2714 τοῦτον

370 2734 755 2807 ἐξειλεγμένοι,
784 2741 905 2793 ούδέ
928 2758 1009 2805 τις
1031 2741 1335 2814 σύμμικτος
1356 2747 1450 2799 καὶ
1474 2746 1755 2818 ἀνώνυμος
1775 2749 1951 2820 ὄχλος,

367 2827 438 2879 ἐκ
486 2829 756 2883 ταπεινῶν
807 2832 1250 2904 ἐπιτηδευμάτων
1300 2838 1652 2909 ὁρμηθέντες,
1711 2842 1847 2913 πρὸς
1892 2842 1953 2897 τὸ

371 2920 587 2992 ἀξίωμα
610 2921 769 2976 τοῦτο
817 2924 1164 2997 ἐπήρθησαν
1194 2928 1332 2982 ἀλλὰ
1374 2930 1590 3002 πρῶτον
1638 2933 1735 3002 μὲν
1764 2933 1831 2987 δι’
1857 2937 1943 2987 εύ-

1476 255 1543 310 ΙΝ
1583 256 2082 337 ρυΑῡιιΑριΝΤΑ
2123 261 2314 321 MART
2327 262 2518 320 YRES.

1986 388 2033 445 Δ

3530 269 3635 327 158

2134 439 2139 444 .
2670 382 2931 442 ORATIO
2967 380 3033 449 ll.

2129 471 2258 528 lleri
2290 482 2555 545 martyres
2582 474 2653 530 ad
2681 491 2805 534 sese
2843 477 3108 549 populum
3141 478 3453 546 vocabant;
3487 496 3637 538 nunc

2059 562 2297 633 hospitio
2326 563 2588 622 Ecclesia:
2637 566 2747 636 ipsi
2792 582 2914 624 sese
2942 566 3234 627 oﬂ‘erentes
3262 569 3633 641 excipiuntur.

2059 657 2166 713 Lex
2200 668 2380 715 autem
2407 659 2659 730 quaedam
2685 659 3012 718 eonvivialis
3035 670 3140 728 est,
3173 669 3235 717 ut
3253 662 3554 720 eireulares
3579 673 3637 721 et

2058 753 2314 821 vulgares
2360 751 2496 809 istas
2534 751 2726 822 epulas
2774 753 2865 808 alii
2907 754 3031 809 aliis
3061 754 3308 812 convivis
3347 765 3498 813 certa
3551 759 3635 823 vj-

2060 843 2393 901 cissitudine
2429 845 2708 914 praebeant
2737 844 2794 901 in
2820 846 3032 901 orbem.
3068 844 3238 917 Igitur
3266 861 3497 904 necesse
3522 856 3632 913 est,

2061 942 2122 988 ut
2146 934 2315 990 etiam
2343 948 2446 989 nos
2469 943 2661 990 contra
2700 934 3040 1007 martyribus
3073 950 3261 1006 parem
3304 951 3476 992 ereum
3506 951 3633 1008 gra-

2059 1021 2190 1077 tiam
2222 1022 2544 1090 referamus,
2595 1032 2651 1080 et
2690 1023 2833 1080 idem
2865 1024 3102 1080 omcium
3134 1033 3480 1096 praestemus.
3524 1026 3633 1084 Sed

2058 1113 2317 1184 quoniam
2349 1120 2543 1170 nostra
2579 1112 2817 1169 facultas
2857 1114 3125 1170 orationis
3154 1115 3314 1187 inops
3349 1124 3406 1173 et
3439 1118 3633 1190 exigua

2058 1212 2164 1270 est,
2194 1205 2338 1261 haud
2365 1205 2775 1260 incommodum
2813 1204 2999 1273 fuerit,
3029 1206 3077 1262 si
3102 1206 3172 1261 ab
3195 1206 3306 1263 illis
3337 1207 3472 1279 ipsis
3488 1224 3635 1264 sum-

2059 1298 2167 1370 ptis
2238 1298 2486 1368 reliquiis
2535 1298 2876 1369 excipiamus
2926 1313 3025 1354 eos
3086 1294 3180 1369 qui
3229 1298 3353 1354 heri
3407 1301 3628 1370 quidem

2059 1388 2441 1445 convivatores
2466 1396 2520 1445 et
2546 1390 2690 1460 epuli
2721 1378 3040 1461 praebituros
3068 1396 3227 1446 erant
3248 1431 3264 1457 ,
3297 1389 3463 1446 hodie
3501 1407 3632 1447 vero

2058 1479 2303 1533 convivae
2331 1485 2480 1534 sunt.
2515 1476 2727 1534 Sullieit
2767 1479 2911 1533 enim
2941 1479 3027 1535 vel
3051 1479 3248 1550 exigua
3285 1479 3532 1549 quaedam
3568 1481 3636 1535 de

2059 1570 2226 1625 divite
2255 1584 2440 1626 mensa
2470 1584 2621 1640 pars,
2660 1586 2787 1626 cum
2824 1572 2963 1628 tales
3010 1571 3257 1642 rciiquia:
3308 1570 3530 1636 fuerint,
3563 1572 3631 1627 ad

2059 1663 2241 1733 magni
2271 1663 2418 1732 epuli
2449 1672 2797 1734 apparatum.
2839 1662 2972 1731 Quae
3009 1670 3139 1720 sunt
3185 1664 3349 1736 igitur
3392 1664 3475 1719 hac
3507 1665 3636 1721 reli-

2060 1752 2237 1823 quiae?
2283 1752 2613 1810 Meministis
2660 1769 2891 1824 prorsus
2934 1756 2991 1808 in
3035 1767 3143 1823 qua
3175 1762 3331 1824 parte
3368 1753 3636 1809 orationis

2061 1844 2423 1909 haerebamus,
2465 1857 2589 1899 cum
2621 1850 2843 1915 optatus
2872 1842 2964 1898 ille
2992 1848 3048 1897 et
3073 1840 3354 1911 iucundus
3381 1840 3540 1896 nobis
3567 1855 3632 1896 ex

2060 1935 2409 1991 multitudine
2447 1945 2905 2009 eongregatorum
2950 1938 3224 1993 tumultus
3264 1936 3637 2005 confundebat

2056 2040 2249 2082 eorum
2286 2042 2410 2097 quae
2448 2028 2774 2084 dicebantur
2819 2029 3283 2085 auscultationem
3316 2048 3329 2085 :
3362 2045 3486 2087 cum
3518 2030 3638 2086 ani-

2058 2125 2265 2171 matum
2315 2117 2446 2172 illud
2490 2116 2752 2174 Ecclesia:
2806 2133 2957 2174 mare
3006 2119 3360 2174 multitudine
3400 2118 3637 2173 aliorum

2058 2223 2222 2279 super
2254 2208 2394 2265 alios
2422 2207 2810 2265 conﬂuentium
2845 2218 2899 2265 et
2921 2209 3294 2280 ingruentium
3335 2209 3637 2278 inundans,

2058 2299 2126 2354 ad
2174 2300 2438 2370 impetum
2495 2307 2550 2355 et
2595 2298 2979 2371 impulsionem
3030 2317 3220 2356 eorum
3264 2300 3355 2371 qui
3412 2316 3628 2370 semper

2055 2392 2110 2447 vi
2140 2391 2535 2461 irrumperent,
2569 2388 2864 2447 ﬂuctuaret
2885 2399 2939 2446 et
2964 2398 3246 2458 aestuaret,
3283 2392 3465 2448 sonitu
3495 2407 3631 2460 quo-

2054 2497 2162 2553 que
2203 2482 2324 2552 ipso
2362 2498 2549 2537 verum
2596 2483 2820 2538 imitans
2848 2497 3021 2550 mare,
3070 2484 3235 2538 veluti
3276 2485 3503 2553 rupibus
3553 2484 3636 2539 lit-

2058 2571 2325 2626 toralibus
2357 2572 2589 2628 auribus
2635 2572 2844 2637 nostris
2894 2572 3167 2627 undarum
3218 2573 3504 2643 strepitum
3551 2574 3631 2628 in-

2054 2661 2299 2733 fringens
2328 2670 2383 2716 et
2410 2662 2648 2718 illidens.
2686 2660 2743 2716 In
2773 2663 2974 2733 quibus
3003 2663 3167 2735 igitur
3199 2664 3435 2718 tumultu
3469 2663 3627 2734 quasi

2054 2761 2376 2823 tempestate
2415 2755 2680 2824 jactatam
2733 2755 3121 2824 reliquerimus
3153 2757 3478 2819 orationem,
3521 2772 3635 2811 mc-

2054 2845 2290 2899 ministis
2311 2860 2560 2916 prorsus,
2593 2845 2796 2917 quibus
2826 2847 3138 2902 recordatio
3163 2857 3463 2917 martyrum
3489 2860 3636 2902 curm

2052 2945 2155 2992 est.
2193 2936 2322 2992 Erat
2369 2947 2551 2994 autem
2591 2938 2959 3005 continuatio,
2995 2939 3210 3010 opinor,
3243 2947 3298 2995 et
3343 2947 3633 2995 contextus

372 3012 535 3080 φυΐαν
569 3012 838 3083 σώματος,
888 3015 1075 3070 κάλλει
1122 3019 1215 3072 καὶ
1244 3020 1470 3091 δυνάμει
1502 3023 1596 3076 καὶ
1636 3023 1826 3096 ῥώμης
1854 3043 1952 3079 πε·-

2055 3030 2322 3086 orationis
2362 3021 2488 3095 'hic,
2534 3029 2682 3097 quod
2731 3044 2842 3084 non
2896 3045 2965 3086 ex
3015 3030 3280 3101 gregariis
3335 3041 3389 3085 et
3433 3030 3632 3086 vilibus

375 3105 590 3178 ριουσίᾳ
610 3106 719 3160 τῶν
749 3107 954 3163 λοιπῶν
986 3109 1375 3178 διενεγκόντες,
1404 3115 1516 3178 τοῖς
1541 3120 1950 3185 στρατιωτικοῖς

369 3193 690 3263 καταλόγοις
728 3197 1171 3270 ἐνηριθμήθησαν
1195 3216 1208 3230 ·
1249 3201 1388 3271 μετά
1426 3203 1599 3257 ταῦτα
1636 3204 1691 3258 δὲ
1718 3204 1796 3277 τῷ
1833 3208 1951 3261 κατ’

368 3287 570 3360 ἀρετὴν
621 3287 721 3360 βίῳ
782 3289 874 3343 καὶ
922 3290 1168 3363 πολιτείᾳ
1238 3292 1472 3365 σώφρονι
1533 3294 1951 3367 διαπρέψαντες,

373 3379 558 3451 ὥσπερ
590 3398 642 3434 τι
667 3381 838 3451 γέρας
876 3381 969 3436 καὶ
999 3384 1271 3453 ἀριστεῖον
1297 3384 1395 3457 τὴν
1428 3386 1586 3458 χάριν
1612 3388 1712 3459 τῆς
1747 3406 1953 3461 μαρτυ-

375 3473 498 3543 ρίας
520 3475 892 3541 τελειωθέντες
912 3476 1177 3542 ἐδέξαντο.
1209 3481 1319 3534 Καὶ
1343 3483 1391 3535 εί
1412 3482 1560 3536 δοκεῖ
1584 3484 1659 3547 ὡς
1682 3484 1747 3538 ἂν
1769 3486 1951 3556 ἡδίους

368 3567 682 3638 γενοίμεθα,
715 3569 895 3624 πάντα
932 3571 1003 3625 τά
1047 3570 1154 3624 τῶν
1191 3572 1484 3644 μαρτύρων
1523 3573 1720 3647 ἐφεξῆς
1747 3576 1952 3630 ἀναλά-

370 3656 573 3728 ϐωμεν,
599 3655 709 3715 οἷον
742 3662 833 3715 ὑπ’
862 3662 983 3740 ὄψιν
1010 3664 1233 3733 ἄγοντες
1261 3664 1340 3736 τῷ
1363 3665 1589 3737 παρόντι
1615 3666 1828 3738 θεάτρῳ
1851 3668 1951 3739 τὴν

367 3750 613 3823 ἄθλησιν.

2051 3120 2273 3192 quidam
2314 3128 2521 3189 essent,
2553 3122 2647 3191 qui
2695 3122 2761 3178 ad
2793 3123 2900 3176 hoc
2949 3129 3232 3177 certamen
3270 3120 3431 3178 electi
3477 3128 3631 3188 sunt,

2052 3229 2229 3283 neque
2272 3214 2640 3283 promiscuum
2679 3213 2960 3286 quoddam
3006 3221 3060 3269 ct
3110 3213 3407 3270 obscurum
3439 3215 3635 3285 vulgus

2052 3319 2119 3360 ex
2151 3305 2451 3361 humilibus
2480 3306 2763 3362 exercitiis
2795 3316 2850 3361 et
2881 3304 3081 3362 studiis
3108 3304 3341 3376 profecti
3371 3304 3439 3359 ad
3488 3305 3633 3362 hanc

2051 3394 2371 3467 dignitatem
2408 3397 2580 3451 evecti
2609 3402 2824 3462 essent;
2857 3395 2952 3451 sed
2978 3396 3220 3465 primum
3254 3394 3474 3465 quidem
3503 3410 3631 3464 pro-

2051 3497 2174 3559 pter
2215 3489 2358 3543 bona
2391 3497 2557 3557 atque
2595 3487 2883 3541 commoda
2914 3486 3167 3556 corporis
3194 3485 3391 3542 decore
3417 3494 3470 3540 et
3505 3486 3632 3541 viri-

2052 3580 2156 3634 bus
2181 3586 2235 3634 et
2267 3580 2463 3633 robore
2510 3583 2807 3647 superante
2837 3578 3085 3647 reliquos
3116 3575 3490 3647 praecedentes
3537 3576 3633 3630 mi-

2052 3668 2304 3723 litaribus
2335 3667 2581 3724 numeris
2622 3667 2849 3737 ascripti
2884 3675 3070 3722 essent
3098 3685 3111 3721 :
3140 3666 3338 3722 deinde
3362 3680 3494 3723 vero
3542 3679 3633 3720 so-

2050 3760 2176 3816 brio
2218 3767 2380 3829 atque
2431 3773 2555 3812 eum
2607 3758 2811 3814 virtute
2855 3757 3149 3828 coniuncto
3210 3759 3330 3812 vita:
3380 3755 3635 3813 instituto

366 3858 493 3899 cum
576 3849 991 3918 excelluisseut,
1064 3858 1326 3923 tanquam
1375 3854 1659 3923 praemium
1710 3853 1988 3927 quoddam
2055 3851 2382 3909 decoranda:
2429 3861 2484 3909 et
2538 3852 2891 3908 bonestandae
2954 3852 3170 3907 virtutis
3219 3867 3353 3922 ergo
3399 3851 3630 3923 gratiam

367 3941 616 4011 martyrii
661 3944 1033 3999 consummati
1080 3946 1441 4017 accepissent.
1487 3948 1566 4002 Ac
1620 3946 1667 4003 si
1711 3948 2093 4018 videtur,‘quo
2114 3947 2289 4002 oratio
2312 3954 2504 4002 nostra
2557 3945 2731 4016 magis
2755 3944 2999 4015 jucunda
3056 3943 3351 4009 efficiatur,
3413 3958 3631 3999 omnem

370 4040 486 4082 rem
540 4040 749 4099 gestam
824 4048 852 4086 a
902 4036 1236 4105 martyribus
1292 4036 1554 4107 deinceps
1597 4036 1789 4094 ordine
1831 4046 2170 4108 repetamus,
2241 4044 2502 4108 tanquam
2554 4037 2611 4092 in
2661 4047 2961 4111 conspectu
3016 4035 3144 4092 huic
3188 4036 3402 4093 theatro
3451 4037 3629 4109 ipsam

368 4122 721 4179 certationem
753 4123 1109 4183 adducentes.
2430 4122 2449 4141 “

436 4209 545 4270 Ἶιν
576 4232 627 4269 τι
654 4217 840 4288 τάγμα
870 4218 1261 4289 στρατιωτικὸν
1288 4219 1512 4275 παλαιὸν
1547 4221 1687 4277 κατὰ
1711 4220 1811 4294 τὴν
1834 4220 1946 4291 γείο

2127 4215 2256 4271 Erat
2282 4224 2439 4272 vetus
2458 4216 2707 4298 quaedam
2728 4217 2877 4271 circa
2901 4217 3135 4272 vicinam
3161 4217 3353 4273 urbem
3393 4219 3629 4276 militum

364 4322 496 4361 τονα
524 4307 679 4360 πόλιν
712 4311 910 4374 παντὸς
943 4311 1035 4364 τοῦ
1067 4310 1253 4374 ἔθνους
1296 4312 1433 4384 πρὸς
1472 4313 1571 4377 τὰς
1604 4314 1711 4370 τῶν
1743 4312 1948 4384 βαρϐά-

2056 4326 2274 4374 manus,
2313 4307 2630 4381 praesidium
2674 4310 2845 4366 totius
2873 4314 3051 4381 gentis
3088 4312 3354 4367 adversus
3392 4312 3634 4383 impetus

369 4414 481 4470 ρων
508 4397 680 4469 ὁρμὰς
708 4401 1140 4472 προκαθήμενον·
1164 4401 1391 4465 ἐκείνοις
1411 4401 1475 4456 ἔκ
1497 4419 1639 4466 τινος
1664 4406 1949 4474 προῡπαρ-

2055 4402 2432 4458 barbarorum.
2456 4401 2568 4458 illis
2613 4418 2680 4459 ex
2719 4403 2956 4474 quadam
3000 4412 3128 4458 ante
3164 4403 3343 4458 oblata
3365 4403 3630 4463 divinitus

370 4486 573 4558 χούσης
617 4486 802 4542 θεόθεν
845 4489 1198 4557 ἐπιφανείας,
1245 4490 1427 4545 πλεῖον
1453 4492 1486 4563 ἡ
1518 4490 1697 4555 πίστις
1725 4491 1832 4544 τῶν
1858 4509 1955 4545 τα-

367 4578 571 4632 κτικῶν
603 4578 1097 4642 ιέσιιιτονδάζετο,Καὶ⁸
1128 4580 1257 4644 ἴσως
1282 4582 1383 4635 οὐκ
1414 4580 1640 4653 ἄκαιρον
1665 4580 1724 4636 ἐν
1752 4597 1802 4635 τι
1825 4598 1952 4635 κατ-

365 4669 595 4742 όρθωμα
626 4672 725 4739 τῆς
770 4672 1009 4735 πίστεως
1041 4673 1149 4725 τῶν
1196 4672 1407 4745 ἀνδρῶν
1427 4674 1650 4728 ἐκείνων
1673 4674 1730 4727 ὲν
1770 4690 1952 4744 παρα-

366 4759 539 4831 δρομῇ
573 4761 957 4832 διηγήσασθαι.
992 4762 1292 4828 Συστάντος
1326 4762 1436 4835 γὰρ
1464 4764 1647 4826 αὐτοῖς
1692 4780 1822 4816 ποτε
1855 4764 1951 4817 τοῦ

366 4850 502 4921 πρὸς
537 4852 664 4915 τοὺς
713 4852 1021 4924 βαρϐάρους
1053 4854 1322 4925 πολέμου,
1368 4856 1461 4910 καὶ
1493 4854 1603 4909 τῶν
1646 4856 1949 4927 ἐπικαίρων

367 4941 585 4998 πάντων
636 4943 1202 5015 προκαταληφθέντων
1249 4946 1355 5001 ὑπὸ
1384 4947 1485 5018 τῆς
1531 4946 1643 5001 τῶν
1688 4948 1949 5003 ἐναντίων

367 5038 647 5104 στρατιᾶς,
682 5036 776 5090 καὶ
806 5035 914 5089 τῶν
938 5036 1146 5092 ὑδάτων
1173 5038 1231 5091 ἐν
1258 5040 1324 5110 τῇ
1346 5037 1454 5093 τῶν
1483 5037 1696 5110 ἐχθρῶν
1726 5038 1948 5111 ἐξουσία

367 5128 770 5198 γεγενημένων,
805 5128 886 5192 είς
911 5126 1138 5199 ἔσχατον
1168 5128 1413 5195 ἐλθόντες
1447 5131 1709 5198 κίνδυνον,
1738 5132 1850 5186 είτε
1876 5131 1947 5187 δι’

366 5217 621 5288 ἀπειρίαν
659 5218 768 5273 τῶν
793 5218 866 5273 τὰ
904 5219 1149 5291 ἡμέτερα
1193 5221 1664 5294 στρατηγούντων,
1716 5224 1827 5278 εἴτε
1857 5223 1949 5278 διά

362 5324 489 5364 τινα
514 5310 799 5382 κρείττονα
826 5312 921 5366 καὶ
953 5310 1235 5384 θειοτέραν
1261 5314 1595 5386 οἰκονομίαν,
1626 5316 1703 5380 ὡς
1730 5314 1796 5370 ἂν
1838 5315 1948 5387 μά⁴

364 5399 525 5456 λιστα
546 5401 643 5456 καὶ
664 5402 753 5457 διὰ
781 5402 972 5459 τούτου
1001 5404 1196 5476 φανείη
1222 5404 1329 5460 τῶν
1351 5406 1694 5477 Χριστιανῶν
1724 5406 1785 5461 τὸ
1809 5406 1948 5480 πρὸς

363 5491 492 5555 τοὺς
519 5491 848 5562 ἀλλοφύλους
861 5495 1136 5568 διάφορον·
1159 5496 1349 5568 ἐπειδὴ
1375 5497 1476 5552 οὐκ
1497 5493 1642 5569 εἶχον
1661 5498 1689 5551 ὃ
1713 5515 1767 5551 τι
1814 5499 1948 5569 χρή·

366 5599 552 5639 σονται
579 5587 695 5648 τοῖς
725 5586 988 5657 παροῦσι,
1022 5588 1115 5644 καὶ
1147 5587 1313 5660 πολλή
1347 5606 1432 5653 τις
1470 5583 1538 5660 ἦν
1564 5591 1596 5661 ή
1629 5590 1941 5661 ἀμηχανία,

365 5674 623 5746 οὐδεμιᾶς
652 5676 836 5741 αὐτοῖς
861 5678 1083 5745 πίδακος
1122 5680 1155 5753 ἢ
1190 5681 1492 5754 ἀπορροίας
1511 5681 1717 5736 ὑδάτων
1739 5683 1942 5754 ἐμφαι-

364 5764 597 5836 νομένης
640 5763 718 5836 τῷ
758 5767 934 5839 τόπῳ,
977 5767 1069 5823 καὶ
1110 5768 1350 5834 κίνδυνος
1392 5763 1461 5840 ἦν
1516 5768 1790 5839 ὑποκύψαι
1833 5771 1944 5832 τοῖς

2051 4492 2411 4562 apparitione,
2457 4493 2649 4561 majori
2687 4494 2872 4549 studio
2919 4494 3052 4550 ﬁdes
3079 4500 3221 4558 erat,
3252 4508 3417 4563 quam
3455 4511 3541 4552 res
3565 4511 3628 4552 ac

2051 4584 2345 4655 disciplina
2384 4585 2662 4642 militaris.
2717 4585 2797 4640 Ac
2846 4584 3078 4641 forsitan
3130 4600 3238 4640 non
3285 4584 3626 4655 intempesti-

2047 4691 2175 4730 vum
2230 4676 2399 4733 fuerit
2443 4692 2614 4732 unum
2644 4676 2920 4746 quoddam
2953 4674 3075 4731 ﬁdei
3126 4677 3367 4731 virorum
3408 4677 3625 4734 illorum

2047 4767 2264 4824 facinus
2287 4766 2566 4838 egregium
2598 4767 2775 4821 obiter
2806 4780 3262 4822 commemorare.
3293 4766 3447 4823 Bello
3478 4769 3629 4824 enim

2053 4858 2135 4915 eis
2193 4857 2457 4914 adversus
2504 4854 2772 4912 barbaros
2823 4857 3123 4927 aliquando
3167 4855 3437 4922 conﬂato.
3498 4872 3625 4913 cum

2054 4948 2313 5004 omnibus
2326 4947 2463 5004 locis
2477 4948 2805 5019 opportunis
2818 4949 2887 5005 ab
2901 4948 3151 5004 exercitu
3166 4949 3407 5006 hostium
3424 4964 3627 5020 praeoc-

2053 5037 2287 5110 cupatis,
2332 5053 2489 5109 aquae
2522 5054 2740 5110 quoque
2786 5040 2842 5093 in
2890 5054 3081 5094 eorum
3108 5049 3385 5110 potestate
3416 5051 3623 5105 essent,

2054 5129 2121 5184 ad
2174 5139 2476 5184 extremum
2528 5131 2836 5203 periculum
2895 5130 3124 5200 redacti,
3180 5134 3298 5189 sive
3355 5133 3626 5204 imperitia

2054 5228 2370 5277 nostrorum
2409 5220 2634 5286 dueum,
2682 5220 2799 5277 sive
2850 5219 3076 5293 meliore
3122 5230 3179 5278 et
3228 5222 3415 5279 divino
3451 5225 3626 5294 magis

2053 5312 2287 5367 consilio
2324 5318 2488 5383 atque
2514 5311 2897 5382 dispositione,
2924 5320 2986 5368 ut
3017 5315 3102 5370 vel
3134 5303 3229 5386 per
3256 5314 3362 5371 hoc
3387 5315 3624 5371 maxime

2054 5411 2341 5474 appareret
2392 5401 2521 5473 quid
2556 5401 2848 5459 interesset
2895 5403 3037 5459 inter
3063 5403 3416 5463 Christianos
3458 5413 3627 5475 atque

2053 5505 2308 5551 externos
2332 5502 2387 5551 et
2412 5510 2441 5549 τι
2472 5494 2576 5551 llde
2611 5494 2821 5550 alienos
2849 5513 2863 5550 :
2887 5510 3013 5551 cum
3039 5497 3189 5550 nulla
3220 5499 3435 5555 ratione
3456 5499 3625 5553 rebus

2055 5586 2417 5657 praesentibus
2452 5585 2654 5641 mederi
2688 5596 2934 5654 possent,
2987 5602 3291 5658 magnaque
3331 5589 3629 5660 trepidatio

2053 5688 2215 5749 atque
2241 5679 2553 5750 desperatio
2583 5688 2749 5741 esset,
2781 5692 2905 5732 cum
2938 5679 3123 5735 nullus
3152 5680 3275 5738 fons
3297 5684 3351 5737 in
3381 5699 3448 5736 eo
3480 5683 3621 5742 loco.

2052 5782 2145 5828 aut
2181 5773 2398 5828 aliunde
2439 5769 2812 5843 provenientis
2858 5785 3013 5841 aqua:
3057 5770 3291 5828 facultas
3331 5774 3412 5828 eis
3457 5782 3621 5838 appa-
