4050 6164
462 309 568 367 759
1714 312 1771 368 S.
1797 310 2124 369 GREGOllll
2157 308 2449 368 NYSSENI
3615 300 3720 360 τσο

464 430 651 485 reret,
702 425 1115 497 periculumque
1167 432 1317 484 esset
1366 440 1435 484 ne
1483 427 1576 483 siti
1624 429 1919 499 expugnati
1965 428 2034 483 ab

2142 427 2398 490 ἐναντίοις
2442 419 2965 494 ἐκπολιορκηθέντας
3012 418 3090 492 τῷ
3125 419 3268 491 δίψει
3289 434 3303 449 ’
3338 419 3461 473 τότε
3497 420 3723 474 καταλι-

464 517 796 573 adversariis
824 518 1211 588 subigerentur
1246 538 1261 576 :
1296 526 1429 576 tunc
1460 521 1707 591 praeclari
1749 522 1825 576 illi
1870 529 2038 590 atque

462 608 690 679 egregii,
717 609 927 666 omisso
953 624 1232 665 armorum
1265 611 1544 682 praesidio,
1592 613 1853 668 invictum
1881 610 2039 667 cuive

462 696 650 752 resisti
683 710 792 751 non
817 704 1004 767 posset
1028 699 1294 755 auxilium
1319 700 1377 756 in
1413 699 1854 757 formidabilibus
1883 700 2035 770 ejus-

464 787 611 851 modi
639 787 1043 857 implorandum
1067 791 1173 847 sibi
1197 797 1530 847 statuerunt.
1557 790 1784 847 Relictis
1814 792 1958 847 enim
1980 792 2037 846 in

373 906 380 912 -
462 877 663 932 castris
704 878 774 935 iis
806 875 901 949 qui
926 880 1170 936 nondum
1194 880 1356 937 fidem
1389 890 1734 953 receperant,
1761 895 1827 936 ac
1849 896 1949 951 per
1974 896 2038 936 se

462 969 726 1039 separati,
762 970 1056 1026 imitantur
1076 971 1128 1027 id
1153 972 1301 1043 quod
1325 981 1569 1044 tempore
1604 971 1736 1027 Elia;
1758 972 2039 1044 prophetae

465 1063 667 1118 factum
704 1070 790 1119 est
831 1065 1181 1129 miraculum,
1228 1067 1508 1121 communi
1538 1073 1707 1137 atque
1734 1066 2039 1136 conjuncta

463 1168 596 1209 voce
609 1154 867 1224 precibus
887 1164 1151 1226 petentes,
1169 1163 1229 1211 ut
1251 1172 1316 1212 ex
1337 1158 1502 1213 rebus
1513 1157 1889 1228 despcratisin
1901 1170 2039 1227 quas

463 1246 811 1310 incidissent,
826 1248 1190 1319 eriperentur.
1209 1248 1388 1320 Atque
1403 1250 1481 1307 illi
1505 1250 1724 1322 quidem
1743 1249 2040 1320 precaban-

462 1347 581 1405 tur;
609 1353 802 1409 preces
829 1354 963 1394 vero
1000 1341 1276 1411 extemplo
1306 1340 1362 1395 in
1383 1356 1525 1411 opus
1552 1342 2035 1397 convertebantur.

461 1431 601 1486 Cum
626 1431 772 1486 enim
798 1431 979 1488 adhuc
992 1433 1094 1503 ipsi
1114 1433 1168 1488 in
1182 1434 1432 1490 oratione
1447 1434 1676 1506 genibus
1693 1433 1846 1489 ﬂexis
1861 1448 2041 1503 persc-

460 1530 737 1586 verarent,
762 1521 894 1578 ﬂatu
911 1523 1154 1580 violento
1175 1526 1349 1581 nubes
1371 1526 1627 1581 alicunde
1648 1534 1838 1580 coacta
1862 1523 2039 1580 subli-

464 1611 568 1665 mis
592 1611 645 1666 in
663 1627 790 1669 aere
803 1614 1000 1670 castris
1016 1615 1256 1671 hostium
1277 1617 1597 1673 imminebat
1613 1634 1630 1672 :
1649 1615 1851 1672 deinde
1867 1614 2040 1686 frago-

462 1703 619 1758 ribus
643 1704 954 1775 lngentibus
976 1709 1430 1778 superintonans,
1455 1719 1508 1764 et
1529 1708 1806 1780 fulgurum
1823 1708 1879 1763 in
1903 1708 2037 1764 sub-

2138 518 2331 580 πόντες
2352 514 2402 570 oi
2428 518 2664 585 γενναῖοι
2689 514 2788 585 τὴν
2817 516 2882 567 ἐκ
2908 513 3017 567 τῶν
3038 513 3220 567 ὅπλων
3241 511 3515 583 βοήθειαν,
3549 510 3719 579 ἐγνω-

2139 628 2238 666 σαν
2265 611 2362 681 τὴν
2387 609 2598 679 ἄμαχον
2626 607 2723 660 καὶ
2751 607 3194 674 ἀκαταγὼνιστον
3229 606 3286 657 ἐν
3314 606 3433 667 τοῖς
3467 603 3721 675 φοϐεροῖς

2137 699 2563 757 ἐπικαλέσασθαι
2617 697 2954 769 συμμαχίαν.
3015 696 3271 766 ’Δφέντες
3320 695 3429 766 γὰρ
3475 695 3569 748 ἐπὶ
3618 694 3718 747 τοῦ

2139 792 2502 866 στρατοπέδου
2524 790 2648 855 τοὺς
2677 791 2844 861 μήπω
2869 806 2943 843 πα
2951 787 3375 860 ραδεδεγμένους
3396 787 3496 858 τὴν
3512 786 3717 851 πίστιν,

2139 885 2234 938 καὶ
2263 882 2348 953 ἐφ’
2379 880 2589 937 ἑαυτῶν
2617 881 2938 945 ίδιάσαντες,
2972 878 3262 950 μιμοῦνται
3282 878 3381 950 τὴν
3403 880 3496 931 ἐπὶ⁵
3535 878 3719 931 Ἡλίου

2136 973 2231 1028 τοῦ
2270 975 2548 1046 προφήτου
2600 972 2900 1043 γενομένην
2935 970 3400 1042 θαυματουργίαν,
3449 971 3603 1040 κοινῇ
3649 972 3719 1040 τῇ

2139 1069 2289 1139 φωνῇ
2321 1067 2414 1121 καὶ
2452 1064 2858 1138 συντεταγμένῃ
2902 1062 3055 1118 λύσιν
3102 1063 3284 1126 αὐτοῖς
3315 1060 3375 1127 ἐξ
3421 1061 3721 1131 ἀμηχάνων

2139 1157 2393 1228 γενέσθαι
2440 1157 2542 1227 τῆς
2591 1156 2877 1227 συμφορᾶς
2924 1154 3301 1225 αἰτησάμενοι.
3355 1152 3466 1205 Καὶ
3516 1151 3567 1204 οἱ
3619 1149 3722 1221 μέν

2138 1253 2386 1326 ηὖχοντο”
2422 1252 2456 1322 ἡ
2494 1250 2553 1304 δὲ
2580 1249 2713 1320 εὐχὴ
2757 1247 3099 1319 παραχρῆμα
3129 1232 3289 1319 ἔργον
3323 1245 3552 1313 ἐγίνετο.
3596 1243 3721 1295 Ἔτι

2139 1344 2247 1416 γάρ
2279 1342 2459 1398 αὐτῶν
2493 1343 2560 1414 τῇ
2595 1339 2911 1410 γονυκλισίᾳ
2939 1337 3511 1411 προσκαρτερούντων,
3551 1334 3721 1387 πνεύ-

2143 1452 2272 1506 ματι
2315 1430 2475 1505 βιαίῳ
2515 1430 2713 1501 νεφέλη
2761 1427 2923 1482 ποθὲν
2971 1425 3347 1499 ἀποληφθεῖσα
3371 1465 3387 1489 ,
3448 1423 3722 1494 μετέωρος

2140 1528 2280 1600 ὑπὲρ
2300 1527 2362 1581 τὸ
2378 1525 2488 1579 τῶν
2517 1523 2789 1594 πολεμίων
2814 1520 3175 1593 στρατόπεδον
3199 1520 3404 1574 ἵστατοο
3432 1512 3550 1570 εἶτα
3573 1516 3720 1587 βρον-

2139 1620 2238 1684 τάς
2283 1618 2552 1684 ἐξαισίους
2584 1615 3037 1686 ἐπικτυπήσασα,
3067 1613 3160 1667 καί¹
3191 1609 3480 1682 ἀστραπὰς
3509 1607 3722 1679 φλογώ-

2139 1711 2251 1774 δεις
2274 1708 2417 1764 κατὰ
2443 1708 2552 1762 τῶν
2591 1707 2968 1777 ὑποκειμένων
2997 1703 3274 1774 ἐξάψασα,
3310 1702 3722 1774 κατερρήγνυεν

460 1792 637 1864 jectos
666 1795 920 1852 incendia
945 1798 1264 1866 immittens,
1294 1815 1491 1869 aquam
1518 1799 1838 1855 ﬂuminibus
1858 1799 2036 1855 abun-

2142 1800 2286 1873 ὕδωρ
2316 1799 2579 1870 ποταμῶν
2611 1798 3005 1869 ἀφθονώτερον·
3036 1794 3177 1849 ὥστε
3211 1796 3324 1857 τοῖς
3364 1793 3462 1865 μέν
3488 1793 3730 1846 ύπεναν-

461 1885 771 1941 dantiorem
800 1888 1198 1958 praecipitabat,
1226 1889 1363 1949 adeo
1380 1898 1440 1945 ut
1464 1891 1795 1946 adversariis
1816 1891 2034 1960 quidem

463 1984 580 2031 tum
616 1979 961 2034 continentia
1001 1979 1255 2043 fulmina.
1301 1990 1418 2037 tum
1465 1983 1901 2038 continuationis
1929 1984 2037 2037 im-

463 2068 647 2122 brium
682 2070 766 2125 vis
787 2070 1015 2125 extremi
1042 2070 1197 2126 exitii
1221 2087 1392 2127 causa
1420 2072 1746 2138 exsisteret;
1766 2072 1854 2128 his
1885 2087 2036 2137 vero,

462 2159 556 2228 qui
581 2174 802 2229 precum
819 2161 988 2215 aciem
1004 2170 1396 2233 opposuerunt,
1412 2164 1479 2219 ad
1500 2170 1730 2234 utraque
1745 2163 2038 2231 suﬂiceret,

464 2262 575 2305 tam
614 2253 683 2308 ad
714 2253 1015 2310 vincendos
1061 2255 1249 2313 hostes
1278 2271 1445 2326 quam
1484 2255 1551 2311 ad
1592 2256 1716 2312 sitis
1753 2257 2037 2321 levamen,

461 2342 665 2410 quippe
691 2340 1058 2398 deﬂuentibus
1083 2344 1423 2399 torrentibus
1445 2343 1662 2400 abunde
1691 2351 1879 2414 potum
1902 2344 2037 2415 ipsis

463 2431 967 2501 suppeditantibus.
1030 2432 1128 2488 llis
1176 2433 1342 2504 igitur
1389 2433 1686 2504 adjunctus
1732 2443 1819 2490 est
1873 2435 2039 2489 etiant

463 2531 651 2577 noster
687 2534 865 2580 cmms
883 2540 1098 2589 eorum,
1132 2527 1228 2596 qui
1257 2525 1325 2582 de
1353 2526 1596 2582 exercitu
1633 2527 2041 2583 narrationibus

463 2615 576 2672 illis
604 2615 770 2671 etiam
804 2617 908 2687 ipsi
933 2618 1083 2673 circa
1119 2619 1278 2673 tidem
1306 2618 1636 2683 conﬁrmati,
1670 2627 1726 2673 et
1756 2618 1810 2673 in
1843 2618 2039 2675 iisdem

463 2707 665 2764 studiis
700 2715 757 2761 et
791 2708 1071 2764 exercitiis
1110 2708 1362 2765 innutriti
1405 2710 1458 2763 in
1501 2717 1709 2764 tantam
1752 2710 1922 2765 animi
1964 2710 2044 2765 in-

464 2798 641 2852 dolem
675 2814 738 2853 ac
768 2800 1197 2869 magnitudinem
1240 2800 1413 2856 evecti
1445 2808 1600 2863 sunt,
1629 2808 1689 2855 ut
1718 2802 2040 2857 excellentia

464 2888 692 2944 virtutis
712 2890 975 2945 adversus
1001 2905 1122 2946 sese
1152 2891 1411 2944 invidiam
1433 2892 1816 2949 cxcitaverint.
1836 2890 2039 2959 Quem-

468 2979 762 3034 admodum
805 2981 949 3034 cnim
987 2981 1282 3037 didicimus
1315 2997 1382 3037 ex
1417 2982 1485 3038 iis
1527 2998 1650 3053 quae
1686 2999 1834 3061 nunc
1880 2986 2041 3041 nobis

464 3088 534 3128 ex
568 3071 797 3128 historia
838 3071 960 3126 Jobi
1004 3072 1255 3143 praelecta
1303 3081 1456 3138 sunt,
1496 3075 1646 3144 quod
1689 3076 2038 3133 adversarius

469 3161 723 3217 humana:
750 3163 876 3214 vitae
916 3138 1171 3229 injuriam
1202 3162 1307 3217 sibi
1336 3163 1453 3219 fieri
1492 3138 1713 3233 putaret
1756 3164 1903 3235 quod
1939 3164 2044 3221 Job
2070 3138 2111 3195 δ

466 3253 688 3310 virtutis
722 3253 945 3309 nomine
992 3254 1227 3311 clareret
1279 3271 1345 3311 ac
1393 3256 1532 3311 bene
1581 3256 1819 3323 audiret,
1866 3268 1921 3313 et
1959 3258 2042 3312 id-

466 3344 614 3400 circo
648 3359 774 3399 eum
818 3346 1138 3415 deposceret
1184 3346 1252 3401 ad
1282 3355 1641 3416 tormentum,
1676 3350 1825 3420 quod
1869 3348 2043 3405 oﬂ'en-

465 3437 625 3492 deret
655 3452 718 3492 ac
747 3437 995 3494 molestia
1028 3437 1266 3495 aﬂiceret
1292 3456 1417 3496 eum
1447 3439 1574 3507 Job,
1606 3441 1700 3512 qui
1737 3457 1926 3507 verax,
1954 3442 2044 3512 ju-

468 3536 591 3586 stus
625 3537 681 3585 et
733 3530 1048 3602 inculpatus
1098 3541 1248 3589 esset
1294 3534 1531 3590 :eodem
1574 3535 1736 3589 modo
1780 3534 1957 3590 hostis
1988 3543 2044 3588 et

467 3625 690 3678 iuvasor
721 3623 1018 3687 bonorum,
1043 3624 1292 3694 improbo
1317 3626 1482 3682 oculo
1517 3625 1651 3681 vidit
1682 3640 1911 3698 magnos
1940 3625 2044 3683 ltos

465 3716 699 3787 pugiles,
751 3725 806 3773 et
849 3733 959 3773 non
1018 3718 1149 3773 tulit
1198 3720 1452 3775 canitiem
1498 3734 1735 3781 morum,
1778 3734 1942 3789 quam
1989 3719 2041 3773 in

461 3805 693 3875 juvenili
721 3814 886 3861 aetate
917 3806 1404 3862 animadvertebat.
1433 3807 1585 3861 Vidit
1613 3823 1905 3878 corporum
1944 3808 2043 3863 ﬂo-

465 3912 582 3951 rem
635 3897 976 3952 continentia
1033 3905 1198 3967 atque
1250 3898 1551 3954 sobrietate
1604 3900 1790 3952 ornari
1845 3918 1858 3954 :
1906 3900 2044 3955 vidit

467 3993 743 4041 armatum
802 3986 1095 4056 quemdam
1147 3988 1415 4055 chorum,
1464 4005 1563 4060 per
1601 3990 1901 4046 exercitum
1949 4006 2045 4045 eos

467 4079 585 4134 Deo
628 4076 862 4132 choreas
910 4078 1198 4143 ducentes,
1254 4079 1517 4150 pulchros
1567 4088 1816 4152 aspectu,
1865 4082 2043 4137 oculis

467 4184 659 4229 torvos
687 4177 742 4226 et
772 4169 1070 4236 terribiles,
1107 4171 1383 4226 excelsum
1416 4171 1683 4239 animum,
1714 4181 1769 4228 et
1815 4175 2044 4244 spiritus

467 4268 848 4326 contumaces,
880 4259 1078 4330 pedum
1110 4260 1483 4327 velocitatem,
1520 4263 1665 4317 vires
1692 4265 2042 4331 excellentes,

469 4354 909 4416 convenientem,
944 4359 1124 4421 aptam
1174 4358 1229 4406 et
1276 4337 1621 4406 commodam
1674 4354 2042 4409 membrorum

466 4441 930 4511 compactionem,
981 4441 1036 4495 in
1096 4442 1374 4506 omnibus,
1423 4457 1545 4511 qua:
1585 4443 1719 4512 ipsis
1769 4442 2041 4508 adessent,

467 4532 775 4588 commodis
815 4531 983 4586 animi
1031 4534 1288 4587 virtutem
1329 4520 1762 4602 suo'splendore
1796 4537 2045 4606 corporis

471 4625 614 4680 bona
664 4633 1036 4695 superantem.
1095 4624 1402 4681 lnambulat
1439 4627 1605 4681 etiam
1661 4641 1756 4696 per
1814 4627 1940 4683 illos
1989 4630 2045 4685 in

469 4716 698 4783 invidia,
724 4718 817 4788 qui
857 4732 954 4787 per
983 4717 1174 4772 orbem
1219 4725 1488 4774 terrarum
1523 4719 1866 4776 obambulat.
1896 4718 2046 4775 Vidit

469 4823 579 4863 non
623 4823 789 4863 unum
833 4808 1109 4863 hominem
1148 4823 1420 4876 vcracem,
1454 4808 1550 4866 sed
1593 4818 1871 4866 catervam
1899 4811 2043 4866 divi-

467 4916 596 4957 nam
635 4909 714 4956 tot
763 4901 1032 4966 virorum,
1089 4900 1183 4971 qui
1228 4917 1424 4957 omnes
1474 4918 1718 4967 veraces,
1751 4901 1908 4972 justi,
1953 4902 2045 4958 Dei

466 4995 712 5052 cultores
740 5002 921 5059 erant,
968 4996 1218 5066 deposcit
1249 4997 1411 5051 etiam
1456 4996 1579 5052 illos
1608 4996 1673 5050 ad
1711 5011 1871 5051 suum
1903 4996 2045 5053 arbi-

468 5088 658 5144 trium.
701 5087 782 5144 Ac
810 5088 1047 5159 primum
1081 5086 1298 5156 quidem
1344 5088 1471 5143 duci
1516 5090 1801 5159 copiarum
1849 5089 2046 5144 insano

2139 1892 2298 1959 τίοις,
2328 1891 2423 1945 καὶ
2449 1889 2558 1943 τῶν
2588 1888 2847 1960 σκηπτῶν
2868 1891 2969 1959 τὴν
3000 1887 3295 1958 συνέχειαν,
3312 1886 3407 1940 καὶ
3424 1885 3486 1939 τδ
3517 1883 3723 1955 πλῆθος

2139 1985 2238 2054 τῆς
2268 1980 2573 2054 ἐπομϐρίας
2602 1979 2772 2034 αῖτιον
2815 1979 3066 2048 γενέσθαι
3114 1976 3409 2040 παντελοῦς
3446 1975 3722 2045 καταφθο-

2142 2076 2262 2146 ρᾶς·
2290 2074 2497 2137 τούτοις
2517 2072 2573 2126 δέ
2596 2074 2708 2135 τοῖς
2744 2069 2833 2125 διὰ
2860 2069 2968 2125 τῶν
3005 2068 3180 2142 εὐχῶν
3210 2067 3687 2141 παραταξαμένοις
3706 2107 3722 2129 ,

2142 2165 2323 2220 ίκανδν
2359 2165 2496 2236 πρὸς
2523 2164 2808 2236 ἀμφότερα
2839 2162 3123 2231 γενέσθαι,
3160 2160 3300 2233 πρός
3343 2176 3405 2214 τε
3436 2158 3535 2230 τὴν
3563 2157 3725 2229 νίκην

2140 2257 2250 2311 τῶν
2282 2255 2770 2326 ἀντιτεταγμένων,
2811 2255 2905 2308 καὶ
2941 2254 3078 2326 πρὸς
3106 2252 3205 2323 τὴν
3236 2250 3591 2324 παραμυθίαν
3623 2250 3723 2319 τῆς

2142 2346 2425 2419 δίψης,τῆς
2436 2346 2543 2401 τῶν
2555 2345 2867 2418 χειμάρρων
2882 2345 3160 2418 ἀπορροῆς
3174 2343 3421 2413 ἀφθόνως
3436 2344 3621 2406 αὐτοῖς
3631 2341 3727 2396 τὸν

2142 2440 2306 2495 πότον
2322 2437 2682 2511 χορηγούσης.
2704 2437 2927 2501 Τούτοις
2950 2437 3128 2491 τοίνυν
3159 2434 3461 2506 συνετάχθη
3486 2436 3515 2488 ό
3533 2433 3724 2505 ἡμέτε·

2145 2549 2237 2604 ρος
2260 2531 2357 2602 τῆς
2380 2533 2637 2602 στρατιᾶς
2656 2528 2835 2601 χορὸς,
2858 2528 2951 2582 ἀπ’
2980 2526 3204 2582 ἐκείνων
3232 2526 3342 2580 τῶν
3368 2526 3726 2597 διηγημάτων

2144 2623 2240 2677 καὶ
2252 2622 2405 2675 αὐτοὶ
2425 2620 2554 2692 περὶ
2573 2620 2674 2690 τὴν
2694 2618 2874 2673 πίστιν
2893 2617 3252 2691 κυρωθέντες,
3270 2616 3493 2679 καὶτοῖς
3514 2614 3725 2686 ὁμοίοις

2144 2712 2501 2784 ἐντραφέντες
2546 2711 2993 2783 ἐπιτηδεύμασιν,
3040 2711 3122 2774 είς
3169 2708 3421 2763 τοσοῦτον
3489 2707 3723 2779 μεγαλο-

2145 2805 2308 2875 φυῒας
2335 2803 2672 2875 ἐπήρθησαν,
2697 2801 2839 2854 ὥστε
2859 2801 2937 2871 τῷ
2961 2800 3203 2872 περιόντι
3228 2801 3327 2871 τῆς
3362 2800 3565 2871 ἀρετῆς
3603 2797 3710 2852 καθ

2145 2894 2353 2947 ἑαυτῶν
2383 2894 2682 2964 ἀναστῆσαι
2704 2891 2795 2946 τὸν
2820 2892 3034 2962 φθόνον.
3061 2891 3331 2963 Καθάπερ
3357 2891 3466 2963 γὰρ
3495 2892 3588 2945 ἐπὶ
3614 2891 3726 2945 τῶν

2142 2983 2238 3039 νῦν
2265 2983 2796 3052 ὑπαναγνωσθὲντων
2820 2985 2953 3054 ἡμῖν
2982 2983 3047 3036 ἐκ
3074 2983 3174 3054 τῆς
3200 2982 3292 3036 τοῦ
3333 2980 3452 3035 Ἰὼϐ
3482 2982 3724 3052 ἱστορίας

2142 3076 2438 3148 ἐμάθομεν,
2463 3077 2544 3129 ὅτι
2572 3074 2815 3147 ἀδίκημα
2844 3073 3038 3128 ἐαυτοῦ
3061 3073 3233 3129 ἐποίει
3255 3076 3285 3128 ὀ
3307 3074 3599 3139 ἀντίπαλος
3623 3077 3726 3144 τῆς

2145 3166 2494 3240 ἀνθρωπίνης
2540 3164 2688 3237 ζωῆς
2732 3166 2833 3239 τὴν
2868 3166 2962 3221 τοῦ
3017 3165 3141 3220 Ἰὼϐ
3198 3165 3574 3237 εὐδοκίμησιν,
3629 3170 3727 3220 καὶ

2146 3258 2235 3312 διά
2287 3258 2444 3312 τοῦτο
2487 3257 2728 3331 ἐξῃτεῖτο
2768 3257 2904 3329 πρὸς
2946 3257 3220 3329 αἰκισμὸν,
3261 3256 3345 3310 δτι
3389 3255 3575 3310 ἐλύπει
3627 3257 3725 3311 αύ-

2148 3351 2238 3405 τδν
2264 3352 2294 3404 ὁ
2337 3349 2478 3414 Ἰὼϐ,
2514 3348 2765 3421 ἀληθινὸς
2796 3349 2892 3403 καὶ
2916 3348 3121 3412 δίκαιος
3165 3349 3262 3403 καὶ
3308 3349 3596 3419 ἄμεμπτος
3624 3347 3724 3400 ὢν·

2148 3441 2240 3495 τὸν
2265 3442 2426 3495 αὑτὸν
2464 3440 2665 3513 τρόπον
2708 3435 2817 3494 εἶδε
2859 3440 3081 3512 πονηρῷ
3118 3440 3199 3513 τῷ
3234 3439 3497 3512 ὀφθαλμῷ
3539 3441 3569 3492 ὁ
3612 3441 3726 3501 τοῖς

2151 3533 2381 3604 ἀγαθοῖς
2409 3531 2772 3603 ἐπιφυόμενος
2802 3533 2928 3597 τοὺς
2986 3532 3254 3604 μεγάλους
3280 3532 3500 3595 τούτους
3524 3532 3725 3600 ἀγωνι-

2151 3623 2306 3689 στὰς,
2328 3623 2424 3678 καὶ
2442 3624 2543 3677 οὐκ
2569 3624 2765 3694 ἧνεγκε
2799 3621 2991 3676 πολιὰν
3006 3621 3154 3693 ⁴ίγθῶν
3181 3625 3239 3677 ἐν
3264 3622 3483 3693 ἡλικίας
3511 3621 3726 3692 νεότητι

2151 3715 2382 3788 βλέπων.
2410 3709 2535 3769 Εἶδε
2563 3714 2830 3782 σωμάτων
2853 3713 3035 3777 ἄνθος,
3064 3714 3124 3768 ἐν
3143 3714 3464 3785 σωφροσύνῃ
3492 3711 3723 3783 κοσμού·

2154 3823 2332 3877 μενον·
2360 3800 2500 3859 εἶδεν
2525 3805 2770 3859 ἐνόπλιόν
2787 3823 2909 3859 τινα
2929 3806 3308 3877 χοροστασίαν,
3328 3804 3419 3860 διά
3443 3806 3541 3876 τῆς
3565 3822 3722 3875 στρα-

2149 3898 2271 3959 τιᾶς
2311 3895 2509 3958 αὐτοὺς
2537 3894 2615 3965 τῷ
2643 3894 2762 3966 Θεῷ
2789 3893 3134 3965 χορεύοντας,
3168 3894 3370 3958 καλοὺς
3421 3893 3723 3965 προσιδεῖν,

2104 3982 2111 3990 ’
2151 3986 2444 4060 βλοσυροὺς
2475 3985 2537 4039 τὸ
2563 3985 2740 4058 δμμα,
2765 3985 3004 4058 γαύρους
3029 3984 3091 4038 τὺ
3120 3986 3395 4056 φρόνημα,
3429 3983 3594 4055 τάχος
3626 4000 3729 4037 πο-

2148 4079 2274 4146 δῶν,
2309 4078 2623 4149 περιουσίαν
2666 4078 2984 4149 δυνάμεως,
3035 4076 3376 4148 συμμετρίαν
3416 4076 3613 4148 μελῶν,
3665 4076 3729 4128 ἐν

2150 4173 2284 4226 πᾶσι
2332 4172 2447 4235 τοῖς
2493 4169 2785 4242 προσοῦσιν
2832 4171 3016 4235 αὐτοῖς
3063 4170 3444 4240 προτερήμασι
3490 4168 3588 4239 τὴν
3629 4169 3729 4239 τῆς

2148 4262 2324 4335 ψυχῆς
2344 4262 2548 4333 ἀρετὴν
2579 4263 2678 4333 τῆς
2702 4261 3020 4332 σωματικῆς
3051 4260 3348 4332 εὐκληρίας
3376 4260 3729 4331 ὑπεραστρά-

2151 4371 2408 4410 πτουσαν.
2452 4354 2851 4424 Ἐμπεριπατεῖ
2877 4353 2972 4407 καὶ
2997 4352 3062 4405 δι’
3093 4353 3317 4407 ἐκείνων
3349 4351 3428 4422 τῷ
3458 4352 3667 4422 φθόνῳ,
3698 4353 3729 4405 ὁ

2080 4496 2120 4549 D
2150 4444 2542 4517 ἐμπεριπατῶν
2570 4444 2670 4514 τὴν
2700 4444 3048 4514 οἰκουμένην.
3086 4440 3240 4497 Εἶδεν
3272 4445 3371 4513 οὐχ
3402 4443 3500 4497 ἕνα
3525 4442 3726 4513 ἀνθρω·

2151 4553 2251 4590 πον
2280 4534 2553 4605 ἀληθινὸν,
2583 4533 2721 4586 ἀλλὰ
2750 4532 3005 4605 σύστημα
3039 4533 3180 4587 θεῖον
3204 4532 3475 4587 τοσούτων
3512 4530 3728 4602 ἀνθρώ-

2143 4645 2282 4690 πων,
2311 4625 2530 4679 πάντων
2561 4612 2851 4695 ἀληθινῶν,
2879 4623 3125 4687 δικαίων,
3157 4622 3452 4677 θεοσεόῶνο
3494 4621 3727 4688 ἐξαιτεῖ-

2142 4736 2231 4771 ται
2266 4717 2553 4779 κάκείνους
2581 4718 2662 4779 είς
2691 4715 2753 4769 τὸ
2782 4715 2911 4769 ῖδιον
2939 4715 3206 4787 βούλημα.
3240 4715 3350 4769 Καὶ
3382 4714 3598 4787 πρῶτον
3629 4714 3729 4784 μὲν

2143 4810 2591 4882 είδωλομανοῦντι
2633 4807 2711 4879 τῷ
2747 4810 2849 4880 τῆς
2883 4808 3143 4879 στρατιᾶς
3174 4807 3397 4877 ἄρχοντι
3427 4804 3729 4874 σύμϐουλος

2141 4903 2380 4972 γίνεται,
2413 4902 2489 4972 μὴ
2520 4901 2586 4954 ἂν
2618 4900 2793 4963 ἄλλως
2825 4901 3119 4971 ὑπερσχεῖν
3145 4900 3245 4969 τῆς
3283 4896 3427 4952 κατὰ
3461 4897 3570 4949 τῶν
3603 4895 3727 4965 βαρ.

2151 4994 2335 5065 ϐάρων
2357 4994 2530 5065 νίκης,
2562 4996 2611 5046 εί
2641 4993 2716 5065 μὴ
2736 4993 2861 5055 τοὺς
2885 4992 2947 5045 τὸ
2976 4992 3150 5063 όνομα
3171 4989 3266 5044 τοῦ
3295 4987 3534 5061 Χριστοῦ
3563 5004 3727 5059 προσ-

2152 5085 2445 5149 κυνοῦντας
2484 5085 2835 5157 προθύσαιτο.

462 5179 894 5236 simulacrorum
938 5179 1111 5234 cultui
1178 5178 1365 5234 dedito
1425 5179 1759 5250 persuadere
1807 5188 2075 5244 conatur,
2132 5191 2242 5232 non
2298 5177 2461 5231 aliter
2500 5191 2627 5231 eum
2685 5174 2757 5231 de
2818 5174 3072 5231 barbaris
3133 5172 3364 5228 victoria
3425 5171 3723 5242 potiturum

466 5291 612 5341 esse,
652 5275 758 5332 nisi
794 5275 951 5347 prius
980 5280 1246 5331 mactaret
1289 5290 1387 5332 eos
1428 5276 1524 5347 qui
1564 5275 1770 5331 Christi
1816 5291 2015 5332 nomen
2057 5273 2375 5329 adorarent.

540 5364 639 5420 llis
668 5374 850 5421 autem
882 5373 1105 5437 propter
1128 5366 1400 5438 egregiam
1425 5365 1831 5423 confessionem
1857 5383 2053 5439 quam-

469 5457 708 5525 primum
747 5457 1073 5528 dcsignatis,
1140 5466 1194 5513 et
1227 5460 1373 5514 ultro
1413 5459 1479 5515 ad
1520 5461 2048 5516 consummationem

470 5548 750 5616 passionis
796 5548 1261 5620 confugientibus,
1312 5552 1496 5606 statim
1539 5567 1635 5607 eos
1664 5551 1846 5623 gladio
1880 5552 2052 5606 inter-

470 5637 855 5709 licere(quasi
911 5637 1044 5695 mite
1090 5640 1364 5709 quoddam
1425 5659 1488 5697 ac
1527 5643 1821 5713 benignum
1878 5660 2051 5714 genus

472 5729 667 5797 mortis
708 5730 758 5784 id
807 5730 985 5794 esset)
1021 5730 1278 5789 inimicus
1330 5736 1627 5797 recusavit.
1676 5736 1770 5791 sed
1820 5737 2052 5793 \inculis

2234 5362 2683 5433 Ἀναδειχθέντων
2700 5362 2758 5416 δέ
2785 5362 2991 5416 τούτων
3011 5361 3087 5425 ὡς
3103 5360 3333 5431 τάχιστα
3363 5359 3454 5413 διά
3481 5360 3579 5429 τῆς
3604 5360 3719 5427 ἀγα.

2150 5454 2249 5526 θῆς
2279 5455 2589 5526 ὁμολογίας,
2623 5455 2717 5508 καὶ
2748 5453 3187 5526 αὐτομολούντων
3221 5451 3357 5523 πρὸς
3390 5452 3490 5522 τὴν
3514 5451 3602 5504 διὰ
3632 5448 3722 5502 τοῦ

2150 5548 2356 5611 πάθους
2387 5547 2687 5613 τελείωσιν,
2733 5547 2794 5600 τὸ
2831 5546 2931 5616 μὲν
2973 5544 3134 5608 εὐθὺς
3168 5545 3471 5613 ἐπαγαγεῖν
3512 5542 3604 5595 τὸν
3640 5541 3721 5593 διὰ

2149 5639 2243 5694 τοῦ
2287 5638 2471 5708 ξίφους
2518 5638 2747 5693 θάνατον
2777 5636 2875 5708 (ὣς
2916 5655 2971 5689 τι
3008 5632 3409 5706 φιλάνθρωπον)
3440 5636 3472 5686 ὁ
3508 5632 3722 5703 Ἐχθρὸς

2150 5735 2528 5802 παρῃτήσατο,
2562 5734 2780 5804 δεσμοῖς
2807 5733 2863 5787 δὲ
2900 5735 3010 5797 τοῖς
3038 5732 3102 5786 ἐκ
3129 5731 3343 5801 σιδήρου
3373 5727 3722 5789 καταπιέσας,
