4050 6164
390 306 494 365 ’201

1483 317 1551 372 ΙΝ
1589 314 2090 386 QUADRAGINTA
2131 317 2538 385 MMlTYilES.

3536 329 3644 384 70‘2

386 429 592 502 ταύτην
621 431 851 486 ἐποιεῖτο
874 434 972 506 τὴν
1003 435 1102 506 τῆς
1127 436 1392 508 τιμωρίας
1435 439 1629 509 ἀρχήν.
1660 442 1783 503 Τοῖς
1808 441 1864 493 δὲ
1891 435 1956 511 ἦν

2063 439 2254 494 ferreis
2284 440 2551 510 allligens,
2586 439 2713 496 hinc
2754 441 3008 512 supplicii
3050 441 3268 499 initium
3304 443 3448 500 fecit.
3479 447 3548 500 At
3577 448 3646 500 il-

387 523 498 595 ἄρα
532 524 625 576 καὶ
650 526 679 576 ὁ
705 525 903 595 δεσμὸς
931 526 1383 600 ὲγκαλλώπισμα,
1425 532 1517 583 καὶ
1543 531 1720 602 θέαμα
1751 533 1960 601 γλαφυ-

391 613 482 683 ρὸν
525 614 620 666 καὶ
663 613 760 683 ἡδὺ
794 615 1136 684 Χριστιανῶν
1167 617 1499 689 ὀφθαλμοῖς,
1539 621 1727 693 νεότης
1760 621 1963 687 ἐξειλε-

386 703 562 774 γμένη
605 703 825 776 ἀριθμῷ
857 706 1128 778 τοσούτῳ,
1171 710 1358 764 κάλλει
1395 712 1731 784 διαπρεπὴς,
1777 714 1962 786 ἡλικίᾳ

386 795 526 867 ὑπὲρ
553 796 679 860 τοὺς
703 797 915 862 ἄλλους,
948 801 1148 866 πάντες
1176 802 1316 857 κατά
1346 805 1541 859 ταύτὸν
1569 808 1686 877 μετ’
1717 806 1961 878 ἀλλήλων

383 886 460 958 τῷ
481 887 665 958 δεσμῷ
687 889 1108 961 συνηρμόζρντο,
1130 893 1317 967 ὥσπερ
1336 913 1420 960 τις
1441 896 1703 967 στέφανος
1729 899 1761 970 ἢ
1793 901 1961 970 ὅρμος

386 979 763 1051 περιαυχένιος
795 981 1130 1053 ἰσομεγέθεις
1157 989 1499 1059 μαργαρίτας
1532 991 1590 1042 ὲν
1623 991 1807 1061 κύκλῳ
1834 992 1962 1044 διει-

385 1073 696 1144 λημμένους
730 1076 888 1146 ἔχωνθ
940 1077 1171 1133 τοιοῦτοι
1223 1075 1364 1152 ἦσαν
1408 1083 1458 1134 οἱ
1506 1083 1685 1152 ἀγιοι,
1739 1085 1833 1139 καὶ
1873 1086 1959 1139 διὰ

325 1162 330 1166 ’
389 1166 625 1232 πίστεως
669 1169 970 1240 ὴνωμὲνοι,
1016 1174 1111 1225 καὶ
1157 1173 1244 1227 διὰ
1280 1192 1390 1228 των
1422 1175 1661 1248 δεσμῶν’
1685 1179 1823 1250 πρὸς
1865 1179 1961 1234 άλ-

387 1260 580 1331 λήλους
636 1262 1006 1332 σφιγγόμενοι.
1057 1263 1249 1330 Ὀντες
1297 1267 1405 1338 γὰρ
1442 1270 1535 1324 καὶ
1593 1270 1715 1324 καθ’
1769 1271 1961 1327 ἑαυτὸν

385 1355 613 1417 ἕκαστος
639 1355 823 1422 καλοὶ,
862 1359 1148 1432 προσθήκη
1188 1360 1282 1415 τοῦ
1317 1363 1546 1428 κάλλους
1581 1365 1828 1435 ἀλλήλοις
1855 1367 1962 1435 ἐγί-

385 1464 553 1502 νοντο.
587 1443 710 1502 Οἷον
735 1451 828 1504 ἐπὶ
859 1451 967 1506 τῶν
1003 1453 1269 1528 οὐρανίων
1308 1456 1594 1527 συμϐαίνει
1641 1458 1958 1530 θαυμάτων,

385 1539 512 1592 ὅταν
567 1539 634 1592 δι’
701 1540 920 1612 αἰθρίας
993 1544 1086 1597 καί
1148 1545 1398 1617 καθαρᾶς
1459 1547 1492 1616 ἡ
1549 1546 1659 1601 τῶν
1715 1549 1959 1619 ἀστέρων

385 1632 543 1702 χάρις
571 1632 638 1685 δι’
675 1632 919 1702 ἀλλήλων
961 1636 1335 1708 ποικίλληται,
1371 1637 1598 1691 ἑκάστου
1623 1638 1722 1711 τὴν
1751 1639 1958 1693 οἰκείαν

385 1725 577 1795 αίγλην
620 1727 698 1791 εἰς
741 1725 844 1780 ’τὸν
888 1727 1064 1782 κοινὸν
1095 1728 1298 1799 κόσμον
1339 1729 1434 1784 τοῦ
1479 1730 1709 1802 ούρανοῦ
1754 1749 1958 1786 συνεισο

384 1816 657 1886 φέροντος.
685 1817 935 1874 Τοιοῦτον
964 1814 1032 1891 ἦν
1062 1819 1169 1874 τῶν
1201 1821 1370 1889 ἁγίων
1423 1822 1484 1876 τὸ
1515 1822 1695 1894 θέαμα
1716 1865 1731 1890 ,
1763 1823 1953 1890 ὅντως,

386 1906 566 1972 καθώς
641 1909 774 1982 φησί
837 1927 940 1964 που
1006 1911 1264 1984 Ἰεζεκιὴλ
1307 1915 1336 1968 6
1381 1915 1702 1986 προφήτης,
1767 1916 1958 1988 ὅρασις

381 1999 681 2070 λαμπάδων
734 2001 1204 2074 συστρεφομένων.
1285 2005 1686 2078 Ἐμφιλοχωρεῖ
1731 2009 1760 2061 6
1800 2006 1958 2077 λόγος

381 2089 460 2160 τῷ
498 2090 682 2145 κάλλει
731 2092 830 2163 τῆς
877 2092 1044 2165 ὧρας.
1088 2088 1243 2149 Οἶδεν
1281 2095 1422 2167 γὰρ,
1471 2095 1655 2160 καθὼς
1713 2098 1746 2169 ὴ
1785 2097 1958 2167 Σοφία

383 2181 568 2250 φησιν,
595 2181 660 2232 ὲκ
705 2180 967 2251 μεγέθους
1002 2184 1095 2238 καὶ
1147 2183 1410 2256 καλλονῆς
1433 2186 1750 2256 κτισμάτων
1773 2188 1867 2242 καὶ
1894 2188 1957 2241 τὸ

383 2274 442 2325 ὲν
495 2273 720 2344 κρυπτῷ
773 2273 968 2336 κάλλος
1015 2275 1459 2346 ἀναλογίζεσθαι,
1515 2277 1699 2350 ἐπειδὴ
1758 2279 1853 2332 καὶ
1921 2281 1956 2351 ἡ

381 2369 480 2438 τῆς
524 2367 704 2438 ψυχῆς
745 2367 1055 2438 καθαρότης
1103 2366 1192 2421 διά
1229 2367 1324 2421 τοῦ
1372 2369 1698 2440 φαινομένου
1735 2363 1958 2443 διέλαμ-

382 2476 476 2526 πε,
527 2461 622 2514 καὶ
661 2461 691 2512 6
729 2459 1050 2531 φαινόμενος
1085 2458 1367 2531 ἅνθρωπος
1401 2460 1548 2528 ἄξιον
1582 2457 1651 2534 ἦν
1685 2462 1780 2516 τοῦ
1823 2465 1958 2535 ἀφα-

383 2552 506 2617 νοῦς
559 2553 890 2624 οἰκητήριον.
960 2551 1050 2616 Ὠς
1103 2551 1266 2606 καλὸν
1319 2552 1498 2605 τοίνυν
1561 2549 1629 2624 ἦν
1675 2554 1796 2607 τότε
1844 2557 1958 2619 τοῖς

382 2646 549 2718 ὁρῶσι
594 2645 656 2698 τὸ
703 2644 910 2717 θέοιμαί
963 2643 1126 2698 καλὸν
1165 2644 1308 2714 λέγω
1373 2647 1489 2709 τοῖς
1535 2644 1606 2698 τὰ
1654 2644 1796 2700 καλά
1844 2645 1959 2716 βλέο

383 2756 506 2792 πειν
530 2737 791 2805 ἐθέλουσι,
830 2735 994 2792 καλὸν
1043 2736 1313 2807 ἀγγέλοις,
1370 2736 1532 2791 καλὸν
1569 2739 1691 2802 ταῖς
1729 2739 1959 2810 ὑπερκο-

385 2829 570 2902 σμίαις
597 2829 876 2900 δυνάμεσι·
904 2828 1098 2901 πικρὸν
1127 2829 1185 2884 δὲ
1212 2831 1327 2894 τοῖς
1354 2828 1570 2901 δαίμοσι
1587 2869 1602 2895 ,
1632 2830 1726 2884 καὶ
1752 2833 1866 2885 ὅσοι
1890 2831 1957 2887 τὰ

382 2921 490 2976 τῶν
524 2921 793 2992 δαιμόνων
834 2921 1139 2992 ἠσπάζοντο
1158 2961 1172 2987 ,
1202 2921 1481 2994 ἄνθρωποι
1528 2923 1718 2995 (εἴπερ
1745 2922 1957 2996 ἄνθρωα-

384 3029 497 3077 ποι,
515 3015 560 3065 οἱ
578 3010 734 3065 τοσοῦ
743 3028 828 3065 τον
847 3012 1205 3083 ἀνεστηκότες
1217 3012 1292 3083 τῷ
1315 3011 1584 3085 μεγαλείῳ
1599 3014 1696 3085 τῆς
1711 3013 1954 3086 φύσεως)

386 3103 711 3174 στρατιῶται
729 3101 823 3156 τοῦ
850 3101 1114 3174 Χριστοῦ,
1144 3100 1238 3156 τοῦ
1274 3103 1433 3172 ἁγίου
1461 3102 1778 3173 Πνεύματος
1806 3104 1954 3158 ὁπλϊ·

382 3213 492 3263 ται,
514 3196 614 3266 τῆς
630 3195 865 3259 πίστεως
893 3195 1189 3268 πρόμαχοι,
1212 3193 1411 3268 πύργοι
1430 3195 1532 3266 τῆς
1553 3195 1703 3260 θείας
1729 3196 1954 3260 πόλεως’

382 3288 432 3342 οἳ
465 3290 642 3342 πᾶσαν
687 3287 961 3357 αἰκισμῶν
990 3287 1281 3360 τιμωρίαν,
1324 3289 1507 3342 πᾶσαν
1533 3287 1714 3357 φόϐων
1758 3288 1958 3342 ἐπανά-

385 3399 592 3443 στασιν,
620 3381 799 3435 πᾶσαν
842 3380 1073 3452 ἀπειλῆς
1102 3380 1431 3453 προσϐολὴν,
1462 3379 1539 3445 ῶς
1573 3397 1699 3435 τινα
1731 3381 1959 3435 παιδίων

381 3473 564 3527 ἄνοιαν
587 3470 1009 3541 κατεχλεύαζον·
1059 3470 1311 3541 καθάπερ
1332 3472 1454 3542 οὐχὶ
1477 3471 1548 3526 τὰ
1574 3469 1804 3542 σώματα
1840 3473 1961 3535 ταῖς

382 3563 586 3626 αἰκίαις
597 3563 862 3627 ἐκδόντες,
875 3562 1010 3618 ἀλλά
1023 3563 1122 3626 τὰς
1134 3563 1243 3618 τῶν
1260 3563 1527 3634 σωμάτων
1546 3563 1779 3627 σκιάς-οἳ
1797 3562 1960 3634 σαρκὶ

381 3657 480 3726 τὴν
501 3655 681 3727 σάρκα
704 3654 1232 3722 καταπαλαίσαντες,
1259 3655 1354 3709 καὶ
1373 3657 1439 3726 τῇ
1458 3655 1592 3726 πρὸς
1606 3654 1698 3708 τὸν
1732 3653 1960 3708 θάνατον

383 3746 653 3818 ὑπεροψίᾳ
693 3747 912 3801 πάντων
950 3745 1062 3800 τῶν
1088 3744 1428 3817 τυραννικῶν
1459 3745 1641 3815 φόϐων
1681 3743 1960 3814 ὑπερφρο-

381 3841 662 3910 νήσαντες.
693 3839 1011 3910 ὑψηλότεροι
1039 3839 1149 3893 τῶν
1179 3837 1537 3910 ἀνθρωπίνων
1577 3838 1793 3910 μέτρων
1823 3837 1960 3890 ὲδείο

381 3930 610 4000 χθησαν.
639 3931 702 3983 Ὢ
751 3929 930 3994 καλῶς
962 3931 1074 3993 τοῖς
1122 3931 1452 4000 σωματικοῖς
1489 3927 1768 4000 τροπαίοις
1797 3930 1962 3998 ἐμμε-

382 4022 741 4090 λετήσαντεςι
785 4022 850 4073 Ὢ
897 4019 1077 4085 καλῶς
1112 4019 1529 4091 μετενεγκόντες
1557 4019 1657 4089 τὴν
1685 4017 1780 4071 τοῦ
1809 4018 1960 4070 πολε-

385 4114 506 4182 μεῖν
531 4112 822 4184 ἐμπειρίαν
847 4113 926 4176 εἰς
950 4111 1051 4181 τὴν
1073 4110 1214 4164 κατά
1233 4110 1327 4163 τοῦ
1352 4109 1602 4163 διαϐόλου
1627 4107 1952 4180 παράταξινο

382 4205 442 4257 ού
471 4204 612 4272 ξίφει
659 4204 756 4268 τάς
804 4207 991 4275 χεῖρας
1035 4202 1391 4264 ὁπλίσαντες,
1444 4200 1567 4253 οὐδὲ
1622 4200 1714 4253 τὸν
1753 4201 1818 4253 ὲκ
1863 4196 1958 4252 τοῦ

385 4297 541 4362 ξύλου
567 4296 756 4369 θυρεὸν
798 4296 1260 4368 προϐαλλόμενοι,
1293 4293 1414 4346 οὐδὲ
1453 4293 1624 4363 χαλκῇ
1656 4307 1960 4362 περικεφα-

381 4388 543 4460 λαίᾳ,
591 4389 682 4441 καὶ
726 4390 955 4459 κνήμεσι
998 4386 1500 4459 περιφραξάμενοι,
1546 4384 1682 4437 ἀλλά
1723 4383 1824 4453 τὴν
1863 4381 1958 4436 τοῦ

2066 524 2132 578 lis
2158 540 2291 580 sane
2321 527 2484 579 etiam
2521 528 2737 582 vincula
2763 538 3087 586 ornamento
3112 540 3293 598 erant,
3327 542 3382 588 et
3419 536 3645 605 elegans

2065 622 2228 685 atque
2249 616 2554 685 jucundum
2583 618 3026 676 Christianorum
3053 624 3231 678 oculis
3260 627 3640 694 spectaculum

2058 706 2318 776 juventus
2349 708 2521 764 electa
2548 709 2606 763 in
2642 717 2796 765 tanto
2827 728 3078 778 numero,
3108 705 3525 786 pulchritudine
3553 719 3642 772 in-

2063 797 2256 867 signis,
2285 807 2444 855 aatate
2472 801 2682 856 caeteris
2712 811 3004 872 praestans,
3028 823 3222 862 omnes
3249 808 3414 863 simul
3453 810 3641 864 eodem

2063 889 2209 944 inter
2242 905 2302 946 se
2325 907 2466 946 nexu
2501 894 2924 964 copulabantur,
2953 898 3116 952 veluti
3154 914 3363 954 corona
3391 901 3642 970 quaedam

2062 990 2161 1037 aut
2198 992 2424 1054 torques
2449 995 2503 1040 et
2539 988 2742 1043 monile
2780 988 2988 1043 circum
3021 991 3222 1046 collum
3267 993 3644 1063 magnitudine

2064 1077 2289 1148 paribus
2321 1079 2560 1149 undique
2608 1083 2922 1150 margaritis
2965 1082 3196 1153 digestis
3249 1095 3412 1156 atque
3443 1087 3642 1142 distin-

2061 1169 2166 1222 ctis
2217 1169 2469 1239 insigne:
2505 1171 2642 1226 tales
2690 1180 2850 1226 erant
2889 1176 3088 1241 sancti,
3135 1176 3228 1245 qui
3261 1186 3315 1230 et
3345 1194 3441 1247 per
3479 1178 3642 1232 [idem

2063 1259 2225 1328 uniti,
2259 1267 2312 1314 et
2342 1276 2438 1330 per
2466 1262 2682 1316 vincula
2711 1264 2854 1318 inter
2881 1280 2940 1320 se
2970 1267 3259 1322 constricti
3286 1277 3464 1323 erant.
3501 1268 3639 1323 Cum

2061 1352 2206 1408 enim
2247 1353 2629 1424 unusquisque
2657 1369 2756 1424 per
2787 1371 2846 1411 se
2889 1357 3102 1426 pulchri
3149 1366 3358 1424 essent,
3395 1361 3642 1416 accessio

2063 1450 2228 1513 atque
2294 1443 2694 1500 incrementum
2779 1448 3207 1517 pulchritudinis
3289 1450 3428 1505 alter
3483 1453 3640 1506 alteri

2059 1539 2236 1586 erant.
2270 1530 2442 1598 Quale
2471 1535 2526 1587 in
2559 1535 2882 1590 cmlestibus
2933 1536 3138 1592 accidit
3175 1539 3476 1602 miraculis,
3513 1556 3640 1594 eum

2061 1638 2256 1680 serena
2309 1639 2373 1679 ac
2431 1640 2570 1694 pura
2618 1634 2780 1682 nocte
2823 1629 3105 1683 stellarum
3154 1631 3322 1685 decor
3375 1631 3516 1685 alius
3548 1647 3643 1702 per

2061 1715 2227 1770 alium
2267 1715 2627 1788 distinguitur
2671 1725 2727 1774 et
2773 1729 3027 1783 ornatur,
3091 1737 3419 1792 unaquaque
3451 1739 3640 1778 earum

2059 1827 2221 1868 suum
2271 1811 2621 1882 splendorem
2680 1810 2748 1864 ad
2793 1827 3143 1867 communem
3201 1823 3453 1869 ornatum
3515 1815 3640 1870 caeli

2060 1902 2224 1959 simul
2255 1903 2638 1959 contribuente
2670 1922 2682 1958 :
2721 1905 2830 1958 tale
2856 1912 2974 1959 erat
3002 1912 3318 1960 sanctorum
3353 1916 3640 1976 spectacu-

2058 1992 2193 2059 lum,
2240 2008 2390 2056 vere,
2438 2000 2500 2046 ut
2552 1993 2756 2048 alicubi
2804 1994 2983 2063 inquit
3016 1993 3265 2050 Ezechiel
3312 1996 3572 2066 propheta
3596 1996 3639 2058 ⁵,

2058 2082 2198 2138 visio
2239 2083 2556 2152 lampadum
2593 2083 3048 2140 discurrentium.
3079 2083 3360 2140 Lubentcr
3405 2086 3641 2155 pulchri-

2059 2175 2239 2230 tudini
2288 2175 2479 2231 forma:
2531 2183 2586 2231 et
2636 2175 2816 2232 aetatis
2867 2177 3047 2232 oratio
3103 2177 3450 2232 immoratur.
3493 2177 3644 2232 Solet

2057 2267 2228 2329 enim,
2283 2275 2344 2321 ut
2393 2268 2572 2339 inquit
2619 2267 2901 2340 Sapientia
2923 2270 2964 2332 ⁸,
3006 2285 3072 2325 ex
3115 2269 3489 2339 magnitudine
3518 2270 3642 2339 pul-

2058 2358 2394 2415 chritudinis
2447 2367 2828 2415 creaturarum
2877 2360 3045 2416 etiam
3075 2375 3139 2416 ea
3177 2375 3298 2431 quae
3325 2368 3412 2416 est
3465 2361 3518 2416 in
3551 2374 3644 2414 oc-

2062 2451 2232 2518 culto,
2285 2450 2639 2521 pulchritudo
2689 2451 2974 2518 aestimari,
3033 2453 3292 2522 quoniam
3345 2459 3400 2508 et
3473 2451 3642 2505 animi

2058 2544 2274 2614 puritas
2305 2558 2402 2613 per
2447 2543 2500 2598 id
2533 2544 2679 2614 quod
2717 2543 3037 2614 apparebat,
3070 2543 3456 2599 eluceSCebat:
3503 2550 3557 2598 et
3595 2543 3643 2598 is

2059 2635 2152 2706 qui
2179 2635 2474 2705 apparebat
2506 2635 2691 2700 homo,
2729 2637 2952 2706 dignum
2989 2635 3329 2697 domicilium
3376 2644 3494 2691 erat
3524 2635 3644 2705 ejus

2056 2728 2151 2798 qui
2197 2729 2419 2791 latebat,
2469 2735 2523 2782 et
2569 2726 2749 2782 visum
2797 2727 3112 2798 eﬂugicbat.
3148 2726 3320 2792 Quam
3357 2727 3644 2796 pulchrum

2057 2821 2222 2891 igitur
2238 2827 2369 2873 tunc
2387 2821 2735 2875 intuentibus
2750 2830 2869 2874 erat
2885 2820 3261 2888 spectaculum
3283 2819 3305 2872 ?
3326 2807 3637 2889 pulchrum,

2057 2913 2298 2984 inquam,
2329 2912 2400 2968 iis
2445 2913 2538 2983 qui
2574 2912 2799 2982 pulchra
2855 2922 3022 2981 atque
3073 2911 3338 2980 praeclara
3392 2912 3644 2965 contueri

2058 3007 2273 3072 volunt,
2305 3006 2600 3075 pulchrum
2632 3004 2862 3074 angelis,
2914 3002 3203 3072 pulchrum
3243 3000 3644 3070 supramunda~

2061 3099 2150 3156 nis
2181 3098 2510 3164 virtutibus;
2546 3097 2806 3152 acerbum
2839 3110 2970 3151 vero
3007 3094 3366 3159 daemonibus,
3405 3101 3457 3147 et
3480 3099 3643 3161 quot-

2062 3197 2196 3261 quot
2241 3189 2555 3244 daemonum
2602 3189 2810 3244 cultum
2841 3187 3337 3256 amplectebantur,
3393 3185 3644 3239 homines

2062 3283 2139 3355 (si
2180 3282 2342 3336 modo
2389 3281 2643 3336 homines
2674 3280 2916 3341 dicendi,
2946 3279 3038 3348 qui
3067 3286 3220 3332 tanta
3266 3277 3645 3346 magnitudine

2062 3375 2266 3430 indolis
2313 3371 2743 3437 excelluerunt),
2789 3371 2991 3425 milites
3028 3369 3256 3431 Christi,
3299 3368 3475 3424 sancti
3520 3368 3646 3437 Spi-

2061 3466 2200 3520 ritus
2254 3463 2534 3534 armigeri,
2598 3461 2724 3517 ﬁdei
2772 3460 3141 3530 antesignani,
3213 3468 3391 3514 turres
3444 3459 3646 3514 divina:

2060 3556 2324 3619 civitatis,
2369 3555 2463 3624 qui
2502 3567 2720 3608 omnem
2769 3559 3174 3605 tormentorum
3220 3563 3440 3620 ptenam
3481 3555 3646 3617 atque

2061 3647 2474 3711 contumeliam,
2523 3659 2716 3700 omnes
2759 3651 3000 3697 terrores
3049 3643 3390 3712 ingruentes,
3426 3655 3643 3695 omnem

2060 3741 2331 3796 minarum
2368 3739 2498 3806 vim,
2527 3746 2785 3806 tanquam
2827 3734 3087 3804 puerilem
3130 3733 3419 3802 quamdam
3459 3745 3645 3784 amen-

2061 3833 2191 3888 tiam
2219 3831 2564 3887 deridebant.
2619 3827 2851 3883 Perinde
2881 3841 2947 3880 ac
2993 3827 3038 3881 si
3073 3841 3179 3879 non
3209 3839 3439 3892 corpora
3463 3822 3646 3876 verbe-

2062 3927 2222 3983 ribus
2254 3924 2580 3995 praaberent,
2613 3919 2708 3976 sed
2742 3933 3036 3989 corporum
3082 3916 3342 3970 umbras:
3394 3915 3488 3985 qui
3521 3929 3644 3968 cum

2062 4033 2229 4074 carne
2258 4029 2480 4070 carnem
2525 4011 2884 4072 devicissent,
2933 4016 2986 4062 et
3015 4013 3388 4076 contemptum
3429 4005 3642 4068 niortis,

2061 4123 2255 4164 omnes
2311 4116 2673 4178 tyrannorum
2741 4111 2983 4156 terrores
3042 4097 3421 4168 magnitudine
3477 4097 3642 4152 animi

2062 4207 2439 4273 superassent,
2495 4199 2735 4251 humana
2803 4193 3118 4250 conditione
3174 4195 3488 4263 superiores
3544 4188 3643 4243 visi

2060 4300 2211 4350 sunt.
2242 4290 2287 4347 Ο
2315 4291 2408 4362 qui
2441 4288 2708 4360 przeclare
2742 4285 3025 4342 exercitati
3070 4292 3217 4350 sunt,
3265 4283 3358 4353 qui
3392 4280 3644 4350 peritiam

2063 4384 2302 4441 bellandi
2360 4384 2416 4438 in
2459 4382 2631 4436 aciem
2685 4379 2952 4433 adversus
2992 4377 3269 4432 diabolum
3321 4375 3643 4427 instructam

383 4477 518 4531 Θεοῦ
545 4477 844 4531 πανοπλίαν
883 4477 1240 4538 ἀναλαϐόντες
1262 4517 1276 4539 ,
1314 4474 1381 4545 ἢν
1409 4473 1697 4544 διαγράφει
1731 4473 1760 4524 6
1791 4488 1958 4542 στρα⁹

2061 4471 2498 4528 transtuleruntl
2547 4484 2656 4524 nou
2687 4467 2867 4538 gladio
2897 4480 3092 4520 manus
3131 4470 3430 4525 armantcs,
3469 4475 3646 4529 neque

381 4567 548 4638 τηγὺς
576 4569 676 4637 τῆς
727 4568 1070 4638 Ἐκκλησίας,
1117 4567 1145 4618 6
1184 4565 1324 4629 θεῖος
1372 4564 1713 4626 Ἀπόστολος,
1743 4562 1957 4632 θυρεὸν,

384 4659 480 4712 καὶ
501 4658 745 4730 θώρακα,
769 4661 861 4712 καὶ
883 4655 1432 4731 περικεφαλαίαν,καί
1461 4655 1756 4726 μάχαιραν·
1780 4652 1955 4716 οὕτως

384 4749 624 4820 ἐχώρουν
663 4751 804 4803 κατά
842 4751 941 4819 τῆς
972 4748 1218 4811 ἐναντίας
1249 4748 1552 4817 δυνάμεως.
1603 4745 1957 4818 Ἐστρατήγει

384 4841 444 4894 δὲ
472 4841 674 4894 τούτων
707 4843 802 4911 μὲν
832 4843 864 4911 ὴ
892 4840 1116 4910 οὐρανία
1145 4841 1323 4910 χάρις’
1361 4839 1460 4909 τῆς
1493 4839 1550 4891 δὲ
1583 4837 1678 4891 τοῦ
1711 4837 1957 4890 διαϐόλου

389 4930 768 5004 παρατάξεως,
800 4929 828 4980 6
849 4929 986 4999 ἔχων
1007 4927 1099 4980 τοῦ
1126 4928 1352 4980 θανάτου
1375 4928 1434 4981 τὸ
1455 4928 1674 4998 κράτος.
1703 4926 1878 4989 Τόπος
1903 4925 1960 4978 δὲ

384 5026 486 5094 τῆς
515 5023 870 5094 παρατάξεως
897 5020 1100 5084 αὐτοῖς,
1128 5019 1188 5071 τὸ
1216 5019 1322 5071 τῶν
1368 5019 1666 5088 μιαιφόνων
1701 5017 1960 5087 δικαστή-

388 5131 504 5186 ριον
529 5109 618 5186 ἦν·
656 5114 714 5166 ὲν
748 5111 944 5181 ἐκείνῳ
988 5108 1279 5170 συστάντες
1317 5108 1698 5179 διηγωνίζοντο
1722 5148 1736 5172 ,
1767 5109 1818 5160 οἰ
1861 5107 1961 5176 μὲν

387 5206 637 5269 ἀπειλαῖς
674 5201 1182 5276 ἀκροϐολιζόμενοι,
1225 5201 1275 5252 οἰ
1307 5200 1364 5253 δὲ
1403 5200 1493 5253 διὰ
1538 5203 1636 5272 τῆς
1685 5199 1962 5270 ύπομονῆς

387 5299 740 5368 ἀμυνόμενοι.

2068 4563 2321 4634 clypeum
2377 4561 2616 4630 ligneum
2648 4557 2993 4626 objicientcs,
3047 4566 3227 4621 neque
3275 4565 3416 4604 aerea
3469 4549 3642 4618 galea,

2064 4653 2353 4722 ocreisque
2385 4649 2604 4710 muniti,
2643 4649 2738 4704 sed
2797 4653 3134 4700 armaturam
3186 4641 3277 4696 Dei
3330 4649 3642 4695 sumentes:

2065 4759 2231 4814 quam
2260 4750 2463 4814 praetor
2493 4747 2547 4795 et
2576 4740 2685 4794 dux
2717 4738 3000 4803 Ecclesiae,
3033 4735 3253 4790 divinus
3286 4734 3374 4789 ille
3410 4735 3646 4801 Aposto-

2065 4835 2153 4891 lus
2178 4833 2440 4890 describit
2457 4833 2498 4895 ',
2525 4841 2739 4885 scutum
2757 4837 2813 4884 et
2839 4828 3088 4890 loricam,
3125 4835 3177 4881 et
3205 4825 3436 4894 galeam,
3459 4831 3512 4877 et
3532 4822 3645 4892 gla-

2065 4925 2240 4990 dium,
2286 4923 2360 4975 ita
2408 4918 2707 4975 tendebant
2753 4917 3019 4971 adversus
3068 4913 3255 4983 copias
3301 4911 3646 4966 adversario-

2063 5030 2206 5072 rum.
2266 5013 2386 5068 Dux
2441 5020 2622 5066 autem
2695 5017 2813 5064 erat
2866 5007 3058 5061 horum
3137 5003 3356 5074 quidem
3405 4999 3645 5056 co-lestis

2065 5105 2264 5178 gratia,
2293 5101 2495 5158 diaboli
2527 5112 2708 5156 autem
2739 5097 2900 5160 aciei,
2937 5096 2986 5151 is
3006 5096 3096 5165 qui
3131 5093 3324 5148 mortis
3357 5090 3644 5158 imperium

2067 5203 2238 5253 tenet.
2269 5195 2450 5249 Locus
2477 5193 2558 5248 eis
2605 5192 2764 5254 aciei,
2809 5189 3146 5245 nefariorum
3179 5194 3234 5240 et
3261 5181 3644 5252 sanguinario~

2070 5307 2189 5345 rum
2223 5287 2466 5344 tribunal
2495 5293 2615 5341 erat
2641 5304 2654 5339 :
2706 5284 2820 5338 illic
2846 5279 3127 5351 congressi
3155 5277 3532 5336 decertabant,
3569 5274 3645 5327 illi

387 5388 606 5458 quidem
657 5389 817 5444 minis
864 5399 1097 5458 pugnam
1147 5385 1526 5438 lacessentes:
1571 5382 1626 5436 lii
1677 5397 1806 5437 vero
1852 5397 1948 5452 per
1999 5381 2316 5454 patientiam
2374 5378 2758 5449 prOpulsantes
2813 5380 2868 5428 et
2919 5371 3255 5426 resistentes.

463 5481 732 5551 Πρότασις
772 5476 838 5552 ἦν
893 5477 1044 5551 παρὰ
1085 5477 1194 5529 τῶν
1239 5476 1592 5539 ὑπεναντίων,
1632 5473 1961 5544 ἐξόμνυσθαι

388 5574 488 5645 τὴν
519 5573 598 5635 εἰς
645 5571 735 5624 τὸν
775 5571 977 5642 Κύριον
1026 5568 1227 5632 πίστιν,
1271 5565 1304 5637 ἢ
1347 5563 1674 5636 ζημιοῦσθαι
1724 5565 1958 5635 θανάτῳ.

467 5753 486 5783 ⁵
529 5750 728 5805 Ezcch.
767 5765 806 5814 I,
855 5749 934 5803 i3.
1013 5749 1032 5780 ⁶
1070 5746 1196 5819 Sap.
1239 5761 1359 5814 xm,
1394 5742 1444 5800 5.

2137 5471 2551 5543 Proponcbatur
2600 5469 2669 5523 ab
2722 5464 3076 5527 adversariis,
3130 5471 3190 5517 ut
3243 5464 3326 5516 vel
3387 5461 3544 5514 Iidem
3587 5458 3642 5513 in

2070 5565 2362 5620 Dominum
2421 5563 2761 5634 abjurarcnt,
2813 5558 2898 5614 vel
2946 5563 3122 5613 morte
3151 5555 3642 5619 multarentur;ct

1522 5745 1540 5776 ⁷
1574 5742 1770 5814 Ephcs.
1803 5759 1875 5810 γι,
1908 5743 1965 5798 ll
2007 5755 2126 5815 Sqq.
