4050 6164
424 295 528 352 7o;
1653 294 1711 349 s.
1738 289 2066 369 esseom]
2090 291 2383 349 NYSSEM
3565 281 3667 334 τοι

419 410 851 482 respondebatur
896 425 927 466 a
965 411 1099 468 viris
1144 410 1396 476 fortibus,
1446 425 1505 467 se
1546 410 1683 467 velle
1716 425 1890 481 usque
1918 410 1974 465 ad

2100 412 2415 484 Ἀπόκρισις
2435 409 2584 484 παρὰ
2610 407 2717 464 τῶν
2740 404 3027 482 ἀριστέων,
3049 402 3210 506 μέχρι
3231 397 3463 506 θἀνάτου
3486 409 3667 506 παρα-

415 511 647 559 mortem
694 518 1011 575 permanere
1044 502 1101 559 in
1133 518 1408 560 sermone.
1451 504 1596 574 Ignis
1623 503 1728 562 sub
1762 503 1878 559 haec
1907 503 1974 557 in-

2094 504 2280 575 μένειν
2316 503 2392 575 τῷ
2428 503 2592 574 λόγῳ.
2622 501 2742 573 Πῦρ
2768 499 2863 553 ἐπὶ
2895 497 3107 559 τούτοις
3137 492 3418 565 ὴπείλητο,
3451 488 3546 543 καὶ
3580 489 3664 556 ξί-

415 593 762 659 tendebatur,
787 599 842 648 et
872 592 1090 663 gladius
1118 599 1174 649 et
1200 592 1543 657 barathrum,
1573 599 1630 648 et
1650 607 1974 663 quaecunqut

2089 610 2217 663 φος,
2243 593 2337 648 καὶ
2365 593 2658 667 βάραθρον,
2710 588 2806 645 καὶ
2836 589 2938 643 ὅσα
2963 585 3100 642 ἀλλα
3140 583 3274 687 τῶν.
3291 579 3665 687 κολαστηρίων

414 693 544 739 sunt
585 684 692 738 alia
721 684 945 739 nomina
1003 683 1418 757 suppliciorum.
1457 682 1575 739 Una
1620 698 1725 739 vox
1754 683 1823 739 ad
1872 685 1974 741 haec

2085 685 2345 757 ὀνόματα.
2377 685 2494 747 Μία
2518 683 2671 755 φωνὴ
2700 680 2838 754 πρὸς
2865 677 3039 733 ταῦτα
3060 676 3234 730 πάντα
3254 672 3503 779 ¹Ιγκούετο,
3523 672 3665 779 ’ξρι-

412 775 598 829 omnia
644 773 992 842 audiebatur,
1030 775 1307 845 Christus,
1356 792 1520 847 quem
1556 789 1653 832 ore
1683 776 1859 832 sancti
1906 777 1974 832 illi

2088 777 2210 842 στὸς
2227 778 2285 832 ἐν
2305 778 2417 843 τοῖς
2442 776 2672 848 στόμασι
2704 774 2812 829 τῶν
2839 771 3006 843 ἁγίων
3033 765 3481 839 ὁμολογούμενος.
3509 765 3660 832 Λῦτη

413 866 836 924 conﬁtebantur.
906 866 1020 924 Hoc
1077 877 1198 924 erat
1256 868 1696 927 adversariorum
1761 869 1984 934 vulnus,

413 954 556 1010 hanc
606 956 888 1027 cuspidem
939 955 1270 1025 adversariis
1317 958 1668 1029 objiciebant,
1712 973 1809 1028 per
1842 958 1985 1014 hanc

413 1058 600 1099 vocem
638 1045 691 1099 in
729 1045 909 1101 medio
935 1044 1102 1103 corde
1124 1046 1324 1103 vulnus
1358 1048 1709 1104 adversarius
1748 1047 1980 1116 accepit,

411 1136 501 1189 hic
530 1144 620 1191 est
653 1137 813 1207 lapis,
854 1137 946 1206 qui
980 1152 1076 1208 per
1105 1152 1324 1193 manum
1354 1138 1573 1197 Davidis
1619 1138 1785 1195 funda
1823 1138 1984 1196 emit-

409 1227 648 1292 tebatnr,
674 1229 768 1298 qui
798 1243 826 1283 a
850 1230 1001 1301 galea
1031 1230 1355 1297 adversarii,
1385 1246 1494 1302 quo
1514 1232 1820 1288 destinatus
1841 1226 1978 1297 erat,

411 1334 521 1372 non
550 1319 844 1375 aberravit.
879 1320 1013 1376 Nam
1045 1322 1250 1379 Christi
1290 1322 1586 1391 confessio,
1621 1324 1747 1380 boni
1790 1324 1980 1381 militis

410 1409 575 1464 funda
615 1412 874 1467 exsistit:
918 1414 1067 1469 cadit
1100 1414 1379 1484 inimicus,
1428 1425 1482 1473 et
1510 1425 1676 1487 caput
1706 1417 1912 1471 amittit
1934 1416 1976 1471 ⁸.

410 1499 613 1556 Verum
653 1504 813 1573 quasi
861 1504 1089 1562 habenis
1139 1507 1389 1564 excussis
1420 1509 1596 1563 oratio
1633 1509 1979 1578 praeterlapSa

407 1601 514 1657 est,
565 1601 620 1650 et
657 1596 922 1654 terminos
973 1599 1254 1664 transiliit,
1311 1608 1366 1655 et
1393 1599 1461 1653 ad
1503 1598 1816 1654 audendum
1869 1613 1977 1653 non

407 1686 636 1741 dicenda
673 1687 917 1756 proferre
949 1691 1288 1759 provehitur,
1335 1690 1494 1760 quasi
1533 1689 1827 1759 spectatrix
1862 1688 1979 1744 fue-

2081 862 2150 940 ἦν
2178 870 2211 941 ἡ
2242 869 2351 923 τῶν
2380 867 2639 923 ἐναντίων
2674 866 2882 937 πληγή.
2912 861 3129 931 Ταύτην
3172 857 3484 931 προέτεινον
3519 853 3659 908 κατά

2081 958 2176 1011 τοῦ
2207 956 2402 1030 ἐχθροῦ
2427 957 2527 1030 τὴν
2548 956 2772 1028 αἰχμήν.
2803 954 2903 1008 Διά
2923 950 3127 1023 ταύτης
3152 949 3250 1020 τῆς
3275 947 3458 1018 φωνῆς
3485 943 3658 1017 μέσην

2083 1048 2296 1122 ἐτρώθη
2335 1048 2434 1124 τὴν
2462 1049 2690 1123 καρδίαν
2722 1048 2752 1100 6
2798 1042 3217 1115 Ἀντικείμενος.
3241 1031 3410 1102 Οὗτος
3447 1039 3475 1091 6
3513 1035 3659 1100 λίθος

2083 1142 2232 1196 ἐστὶν
2262 1143 2291 1195 6
2319 1142 2375 1196 ἐν
2398 1144 2464 1213 τῇ
2498 1139 2647 1213 χειρὶ
2686 1136 2781 1192 τοῦ
2811 1135 2978 1191 Δαόὶδ
3008 1129 3538 1228 σφενδο-νούμε-ν-οςὶὁ
3565 1143 3659 1228 tu:
3740 1168 3751 1177 .

2081 1229 2191 1302 χὼν
2215 1232 2312 1303 τῆς
2331 1228 2758 1304 περικεφαλαίας
2778 1225 2872 1281 τοῦ
2905 1221 3327 1294 Ἀντικειμένου.
3350 1219 3417 1273 Ἦ
3431 1217 3542 1290 γὰρ
3560 1217 3660 1271 τοῦ

2081 1322 2318 1394 Χριστοῦ
2350 1323 2626 1392 ὁμολογία,
2659 1320 2914 1393 σφενδόνη
2938 1315 3146 1387 γίνεται
3175 1311 3267 1365 τοῦ
3295 1308 3460 1364 καλοῦ
3493 1323 3660 1377 στρα-

2080 1412 2294 1467 τιώτου.
2314 1416 2509 1468 Πίπτει
2531 1417 2559 1467 6
2595 1412 2836 1484 Ἐχθρὸς,
2850 1409 2945 1465 καὶ
2964 1404 3233 1476 ἀκέφαλος
3249 1402 3477 1472 γίνεται.
3494 1396 3660 1451 Ἀλλά

2080 1501 2395 1574 παρηνέχθη
2433 1501 2738 1572 ἀφηνιάσας
2768 1502 2797 1554 6
2841 1497 3019 1568 λόγος,
3062 1496 3158 1549 καὶ
3187 1492 3327 1563 ὑπὲρ
3353 1490 3477 1553 τοὺς
3496 1488 3658 1559 ὅρους

2079 1591 2379 1659 ἐξάλλεται,
2418 1594 2514 1647 καὶ
2541 1592 2649 1647 τῶν
2681 1591 2935 1664 ἀρρήτων
2962 1584 3279 1654 κατατολμᾷ
3300 1623 3315 1647 ,
3352 1581 3446 1635 καὶ
3475 1579 3658 1648 λέγειν

2081 1684 2405 1756 προάγεται,
2435 1685 2508 1749 ὡς
2527 1684 2791 1757 παρείθεα
2806 1683 2903 1754 τῆς
2928 1681 3039 1735 τῶν
3072 1677 3318 1749 ἀοράτων
3344 1673 3656 1743 γενόμενος,

407 1776 482 1830 rit
529 1754 718 1834 earum
767 1754 967 1834 rerum.
1003 1796 1123 1851 quae
1155 1754 1667 1852 visum-effugiunt,
1709 1782 1855 1851 quod
1904 1781 1974 1838 ob

2082 1754 2164 1829 ὅτι
2194 1774 2288 1827 ἐπὶ
2309 1777 2375 1845 τῇ
2405 1754 2629 1845 τοιαὺτῂ
2655 1775 2805 1843 φωνῇ
2828 1774 2894 1844 τῇ
2918 1770 3010 1824 τὸν
3036 1765 3271 1840 Χριστὸν
3295 1765 3353 1817 ἐν
3378 1759 3661 1852 παρρησία

406 1868 678 1934 ejusmodi
700 1885 908 1937 vocem,
942 1887 1067 1942 qua:
1082 1871 1357 1930 Christum
1388 1874 1560 1931 libere
1590 1876 1972 1941 conﬁtebatur,

405 1977 571 2032 supra
603 1963 827 2033 plausus
866 1973 987 2020 erat
1025 1973 1079 2020 et
1109 1967 1229 2023 laus
1263 1981 1293 2020 a
1326 1967 1535 2024 sanctis
1579 1969 1810 2039 angelis,
1846 1970 1975 2025 item

406 2054 734 2109 acclamatio
766 2055 944 2111 fausta
977 2057 1219 2113 cmlestis
1244 2057 1397 2114 urbis
1425 2058 1626 2113 civium
1644 2060 1979 2130 applauden—

403 2143 539 2197 tium
570 2145 649 2200 rei
678 2145 814 2203 bene
841 2157 1026 2217 gestae,
1065 2148 1132 2203 ad
1165 2150 1279 2204 haec
1304 2150 1560 2219 gaudium
1592 2151 1833 2208 universi
1864 2166 1977 2208 cm-

404 2236 558 2294 lrstis
613 2249 940 2296 conventus.
999 2242 1172 2307 Quale
1224 2243 1369 2299 enim
1406 2244 1616 2321 angelis
1659 2244 1716 2299 in
1772 2245 1978 2301 mundo

403 2330 684 2386 hominum
718 2332 1010 2388 conflatum
1043 2344 1127 2391 est
1153 2336 1569 2405 spectaculum?
1594 2338 1809 2407 qualem
1844 2353 1978 2394 con-

402 2422 610 2477 flictum
646 2425 846 2480 diaboli
889 2434 942 2481 et
979 2426 1257 2483 bominhm
1297 2430 1551 2486 viderunt
1601 2437 1804 2487 nostra:
1851 2432 1978 2488 vita:

404 2518 788 2584 spectatores?
816 2519 991 2585 Quam
1045 2521 1380 2576 contrarium
1412 2522 1581 2594 priori
1613 2537 1804 2592 pugnae
1842 2536 1978 2578 con-

402 2620 651 2673 gressum
682 2607 893 2672 habuit,
925 2625 1050 2665 cum
1083 2626 1311 2681 serpens
1343 2611 1610 2666 Adamum
1636 2611 1838 2667 devicit
1860 2611 1977 2669 iNe

403 2712 573 2751 unum
610 2699 829 2768 quidem
865 2699 1027 2754 homo
1057 2710 1191 2755 tunc
1237 2701 1499 2757 sustinuit
1530 2701 1792 2771 impetum
1822 2702 1974 2771 mali,

400 2801 511 2855 quo
550 2802 647 2855 per
673 2791 963 2857 quemdam
1004 2791 1312 2860 speciosum
1346 2801 1664 2862 praetextum
1694 2803 1749 2849 et
1790 2808 1974 2850 escam

402 2872 605 2942 petitus
635 2884 791 2928 erat:
824 2875 922 2932 sed
947 2877 1112 2933 simul
1136 2886 1299 2949 atque
1334 2880 1426 2936 Ille
1468 2881 1653 2947 irruit,
1689 2883 1853 2941 etiam
1884 2884 1976 2940 hic

401 2965 561 3018 ruina
615 2980 842 3022 eversus
896 2976 999 3024 est.
1059 2969 1118 3023 in
1171 2970 1255 3025 his
1289 2986 1418 3026 vero
1463 2974 1719 3031 omnibus
1760 2976 1885 3031 vani
1922 2984 1978 3033 et

403 3056 709 3113 inefﬁcaces
739 3072 895 3115 erant
916 3059 1123 3114 inimici
1151 3069 1403 3118 conatus.
1427 3063 1590 3134 Spem
1622 3066 1966 3132 ostendebat,

401 3148 458 3200 lzi
488 3162 621 3202 vero
648 3149 1022 3219 respuebant:
1068 3160 1307 3227 terrores
1361 3155 1697 3225 intendebat,
1744 3159 1801 3216 hi
1841 3176 1970 3217 vero

399 3236 745 3292 tleridehant.
767 3237 920 3296 Unus
937 3242 1017 3297 eis
1048 3251 1227 3300 metus
1248 3245 1401 3303 solus
1430 3255 1569 3313 erat,
1603 3264 1672 3304 ne
1697 3264 1726 3304 a
1756 3250 1976 3307 Christo

398 3328 852 3400 sejungerentur;
909 3348 1078 3387 unum
1133 3334 1358 3403 bonum,
1398 3352 1520 3395 esse
1577 3353 1699 3393 cum
1755 3339 1978 3397 Christo

396 3422 557 3489 solo;
591 3430 790 3479 catera
822 3437 953 3479 vero
978 3426 1183 3491 omnia,
1216 3430 1363 3486 risus
1388 3439 1441 3486 et
1463 3430 1677 3496 umbra,
1711 3447 1978 3503 nugaeque

396 3520 453 3565 et
486 3513 829 3569 somniorum
858 3515 994 3571 visis
1019 3516 1238 3573 similia.
1271 3517 1568 3591 Propterea
1594 3522 1774 3579 oratio
1807 3523 1876 3579 de
1907 3523 1977 3581 iis

395 3617 521 3672 quae
576 3613 862 3675 aspectum
915 3605 1218 3680 effugiunt,
1276 3609 1427 3681 loqui
1481 3612 1751 3677 sustinet,
1800 3622 1856 3671 et
1898 3615 1976 3670 ait

387 3696 544 3763 quod
574 3697 755 3752 omnis
781 3702 1267 3769 supramundanus
1297 3703 1572 3760 exercitus
1612 3706 1683 3761 ob
1705 3721 1820 3762 rem
1851 3722 1977 3778 qua:

388 3792 613 3859 egregie
643 3789 713 3844 ab
759 3791 980 3845 athletis
1010 3792 1131 3848 istis
1171 3793 1485 3864 gerebatur,
1539 3797 1836 3853 laetaretur.
1865 3800 1977 3855 Ad-

392 3879 507 3932 huc
557 3879 738 3933 oratio
781 3880 836 3934 in
870 3882 1036 3936 rebus
1075 3897 1184 3937 non
1229 3884 1508 3941 tentandis
1552 3901 1676 3943 sese
1718 3888 1874 3944 effert
1921 3897 1977 3945 et

393 3970 561 4025 audet
589 3986 605 4026 :
633 3971 812 4027 adhuc
829 3974 1272 4044 supramundana
1293 3977 1526 4034 sustinet
1552 3992 1798 4047 narrare,
1827 3983 1973 4051 quod

393 4071 526 4109 cum
563 4054 646 4110 hae
688 4072 779 4113 res
829 4059 1088 4115 nimirum
1120 4062 1210 4117 hic
1253 4078 1515 4135 prospere
1564 4078 1887 4138 gererentur
1917 4071 1974 4126 in

394 4145 654 4202 conflictu
684 4159 875 4204 contra
902 4149 1270 4222 adversarios,
1310 4155 1501 4225 justus
1527 4159 1844 4217 certaminis
1888 4161 1974 4216 in-

392 4240 621 4295 stitutor
679 4255 743 4296 ac
782 4257 986 4313 praeses
1036 4259 1272 4303 coronas
1318 4247 1621 4307 victoribus
1669 4250 1973 4311 destinatas

395 4332 732 4401 proferebat,
785 4342 842 4391 et
891 4335 1192 4406 imperator
1221 4338 1392 4393 divini
1422 4342 1700 4397 exercitus
1749 4345 1970 4412 praemia

2083 1863 2450 1937 ὁμολογούσῃ,
2489 1864 2682 1935 κρότος
2730 1862 2828 1935 μὲν
2861 1858 2928 1934 ἦν
2959 1860 3071 1916 ἀνω
3114 1857 3208 1912 καὶ
3234 1855 3454 1916 ἔπαινος
3504 1850 3659 1923 παρά

2082 1956 2191 2010 τῶν
2236 1955 2406 2025 ἁγίων
2449 1953 2715 2024 ἀγγέλων,
2746 1950 2991 2023 εὐφημία
3039 1949 3097 2003 δὲ
3139 1948 3246 2002 τῶν
3289 1944 3524 1999 πολιτῶν
3555 1943 3658 2012 τῆς

2083 2048 2340 2121 οὐρανίας
2386 2046 2594 2112 πόλεως
2648 2042 3081 2117 ἐπικροτούντων
3122 2039 3204 2112 τῷ
3235 2035 3655 2110 κατορθώματι,

2082 2138 2227 2211 χαρά
2261 2139 2318 2193 δὲ
2347 2137 2528 2209 πάσης
2543 2136 2642 2208 τῆς
2664 2138 2721 2191 ἐν
2740 2134 2955 2208 οὐρανῷ
2981 2130 3361 2205 πανηγύρεως.
3395 2122 3519 2183 Οἷον
3547 2125 3663 2197 γάρ

2084 2232 2312 2303 συνέστη
2341 2231 2462 2286 τότε
2490 2233 2602 2296 τοῖς
2631 2229 2882 2300 ἀγγέλοις
2907 2229 2965 2283 ὲν
2985 2225 3064 2297 τῷ
3089 2225 3277 2296 κόσμῳ
3306 2221 3412 2276 τῶν
3445 2217 3660 2289 ἀνθρώ-

2083 2341 2201 2379 πων
2226 2325 2293 2379 τὸ
2321 2324 2573 2396 θέατρονί
2605 2323 2722 2377 οἵαν
2754 2316 2893 2375 εἶδον
2923 2317 3242 2391 συμπλοκὴν
3286 2314 3380 2369 τοῦ
3408 2312 3658 2366 διαϐόλου

2082 2416 2310 2471 καὶτῶν
2347 2415 2669 2486 ἀνθρώπων,
2707 2415 2756 2467 οι
2790 2411 2979 2466 θεαταὶ
3011 2411 3110 2481 τῆς
3151 2406 3427 2483 ἡμετέρας
3470 2402 3657 2473 ζωῆςι

2092 2510 2181 2573 Ὠς
2210 2507 2527 2563 ἀπεναντίον
2556 2509 2622 2579 τῇ
2653 2504 2843 2579 πρώτῃ
2875 2503 3022 2576 πάλῃ
3065 2501 3164 2573 τὴν
3198 2498 3453 2553 σύστασιν
3476 2495 3659 2567 ἐσχευ,

2081 2603 2172 2657 ὅτε
2197 2603 2225 2655 6
2245 2601 2366 2672 δφις
2385 2601 2477 2655 τὸν
2516 2600 2688 2672 Ἀδὰμ
2708 2598 3108 2653 κατεπάλαισεν
3132 2597 3146 2649 1
3178 2594 3292 2648 Οὐκ
3311 2593 3511 2664 ἤνεγκε
3532 2591 3661 2643 τότε

2083 2692 2364 2766 ἄνθρωπος
2395 2693 2525 2764 μίαν
2551 2691 2645 2745 τοῦ
2673 2688 2918 2763 Πονηροῦ
2946 2685 3265 2758 προσϐολὴν,
3289 2684 3379 2738 διά
3396 2700 3540 2747 τινος
3568 2684 3661 2736 εὐ-

2081 2786 2272 2858 χροίας
2321 2786 2416 2839 καὶ
2472 2784 2833 2856 δελεάσματος
2876 2780 3025 2853 αὐτῷ
3073 2779 3504 2852 προσαχθεῖσαψ
3538 2773 3660 2829 ἀλλ’

2081 2877 2216 2951 ὁμοῦ
2267 2895 2325 2933 τε
2373 2876 2699 2950 προσέπεσε,
2752 2875 2845 2929 καὶ
2892 2873 3171 2944 ἀνετράπη
3249 2869 3328 2939 τῷ
3380 2866 3657 2939 πτώματι.

2094 2970 2220 3025 Ἐπὶ
2245 2969 2449 3024 τούτων
2496 2968 2553 3022 δὲ
2590 2969 2808 3021 πάντων
2856 2962 2925 3040 ἦν
2954 2965 3100 3038 ἀργὰ
3145 2963 3239 3018 καὶ
3270 2962 3527 3033 ἄπρακτα
3558 2959 3656 3012 τοῦ

2096 3064 2323 3138 Ἐχθροῦ
2353 3065 2421 3119 τά
2448 3062 2822 3132 παλαίσματα.
2861 3059 3114 3124 Ἐλπίδας
3149 3056 3478 3130 προέτεινεν,
3510 3054 3560 3107 οἱ
3598 3052 3661 3106 δὲ

2080 3154 2435 3224 κατεπάτουν·
2478 3152 2672 3224 φόϐους
2704 3150 2918 3222 ἠπείλει
2943 3192 2957 3218 ,
2988 3149 3037 3204 οἱ
3069 3149 3125 3203 δὲ
3171 3146 3498 3217 κατεγέλων.
3557 3144 3659 3198 Ἐν

2079 3222 2308 3322 φοϐερὸν
2327 3241 2395 3319 ἦν
2427 3222 2583 3317 μόνον
2608 3245 2812 3308 αὐτοῖς,
2840 3243 2900 3296 τὸ
2918 3240 3012 3296 τοῦ
3039 3239 3275 3312 Χριστοῦ
3299 3237 3655 3311 χωρισθῆναιο

2079 3340 2137 3399 ἒν
2163 3339 2384 3408 ἀγαθὸν,
2419 3338 2481 3392 τὸ
2510 3336 2649 3407 μετά
2672 3333 2909 3408 Χριστοῦ
2939 3330 3076 3389 εἶναι
3109 3333 3289 3406 μόνου⁸
3333 3330 3402 3386 τὰ
3429 3330 3486 3384 δέ
3518 3329 3660 3384 ἄλλα

2079 3433 2278 3497 πάντα,
2312 3430 2487 3496 γέλως
2528 3430 2623 3484 καὶ
2658 3427 2806 3492 σκιὰ,
2844 3425 2939 3481 καὶ
2984 3424 3220 3496 φλυαρία
3265 3423 3360 3478 καὶ
3395 3419 3656 3494 όνειρώδη

2079 3522 2462 3599 φαντάσματα.
2508 3521 2607 3575 Διά
2647 3519 2821 3574 ταῦτα
2865 3516 3180 3588 κατατολμᾷ
3209 3514 3315 3569 τῶν
3348 3512 3591 3569 ἀθεάτων
3626 3512 3659 3564 6

2078 3615 2267 3686 λόγος,
2315 3613 2409 3668 καί
2442 3629 2605 3685 φησιν
2646 3609 3046 3680 ἐπαγάλλεσθαι
3082 3608 3260 3662 πᾶσαν
3284 3605 3384 3676 τὴν
3415 3602 3655 3674 ὑπερκό-

2078 3724 2238 3779 σμιον
2267 3706 2493 3777 δύναμιν
2525 3703 2604 3774 τῷ
2641 3701 2749 3757 τῶν
2789 3698 3039 3772 ἀθλητῶν
3077 3695 3487 3771 κατορθώματι.
3532 3695 3656 3747 Ἔτι

2076 3800 2105 3852 6
2148 3798 2304 3866 λόγος
2345 3797 2487 3861 κατὰ
2512 3794 2620 3848 τῶν
2651 3792 2971 3864 ἀτολμήτων
2995 3788 3339 3863 θρασύνεται’
3368 3787 3448 3839 ἔτι
3480 3785 3658 3856 τολμᾷ

2075 3885 2378 3956 διηγεῖσθαι
2408 3884 2476 3939 τὰ
2502 3883 2869 3956 ὑπερκόσμια,
2903 3880 2988 3935 ὅτι
3017 3879 3221 3933 τούτων
3254 3876 3487 3932 ἐνταῦθα
3516 3893 3653 3930 κατ-

2077 3976 2443 4050 ορθουμένων,
2474 3977 2532 4028 ὲν
2577 3979 2646 4047 τῇ
2682 3973 2816 4046 πρὸς
2842 3974 2968 4039 τοὺς
3011 3971 3283 4034 ἐναντίους
3309 3968 3595 4039 συμπλοκῇ
3624 3968 3657 4020 6

2075 4070 2279 4135 δίκαιος
2304 4068 2643 4139 ἀγωνοθέτης
2670 4068 2796 4132 τοὺς
2827 4069 2919 4122 ἐπὶ
2944 4068 3011 4141 τῇ
3040 4066 3167 4140 νίκῃ
3197 4063 3497 4133 στεφάνους
3524 4079 3652 4134 προ-

2076 4160 2300 4226 έτεινεν,
2347 4159 2442 4213 καὶ
2482 4160 2511 4212 6
2558 4158 2992 4229 ἀρχιστράτηγος
3042 4156 3141 4227 τῆς
3176 4155 3324 4219 θείας
3371 4154 3653 4225 δυνάμεως

2075 4251 2144 4306 τὰ
2196 4252 2445 4324 ἀριστεῖα
2488 4253 2598 4315 τοῖς
2653 4253 2900 4321 νικηταίς
2961 4246 3393 4320 παρεσκεύαζεν,
3448 4245 3543 4300 καλ⁵
3590 4245 3653 4298 τδ

2077 4345 2303 4417 Πνεῦμα
2340 4346 2402 4399 τὸ
2450 4346 2604 4414 ἀγιον
2655 4347 2769 4409 τοῖς
2817 4343 3178 4405 παντοδαποῖς
3235 4337 3501 4406 ἐδεξιοῦτο
3552 4353 3653 4408 χα-

392 4425 698 4483 victoribus
742 4428 1107 4497 praeparabat,
1152 4437 1208 4486 et
1248 4428 1486 4500 Spiritus
1520 4442 1745 4495 sanctus
1791 4438 1960 4493 variis

2079 4441 2354 4512 ρίσμασιν.
2381 4437 2596 4510 Ἐπειδὴ
2626 4439 2733 4509 γὰρ
2765 4438 2844 4503 εἰς
2871 4436 2970 4507 τὴν
3002 4434 3210 4507 Τριάὸα
3241 4435 3275 4505 ἡ
3306 4430 3652 4498 πίστιςώμο-

388 4516 557 4575 donis
591 4534 688 4575 eos
716 4519 1041 4591 excipiebat.
1070 4521 1342 4588 Quoniam
1382 4524 1528 4580 enim
1558 4525 1719 4581 ﬁdem
1752 4527 1807 4582 in
1844 4527 1968 4584 Tri-

392 4611 620 4666 nitatem
667 4611 1083 4682 proﬁtebantur,
1130 4613 1336 4671 idcirco
1362 4616 1538 4686 gratia
1569 4633 1789 4689 quoque
1817 4622 1900 4676 eis
1939 4638 1969 4678 a

391 4699 663 4757 Trinitate
718 4702 1083 4760 referebatur.
1123 4703 1387 4771 Quaenam
1436 4716 1620 4764 autem
1679 4724 1743 4766 ea
1792 4714 1971 4779 gratia

389 4798 548 4850 erat?
576 4793 693 4852 Hoc
735 4796 914 4868 ipsum
945 4807 1008 4853 ut
1046 4800 1457 4870 praestantiores
1495 4803 1690 4873 primis
1722 4804 1967 4876 athletis,

387 4885 620 4951 Adamo,
652 4887 900 4958 inquam,
929 4897 984 4947 et
1006 4889 1118 4947 Eva
1146 4892 1678 4951 demonstrarentnr.
1710 4896 1794 4955 Illi
1822 4905 1975 4955 stan-

385 4985 498 5033 tem
548 4982 845 5036 humanam
880 4990 1128 5038 naturam
1176 5001 1273 5052 per
1302 4996 1585 5056 peccatum
1630 4989 1972 5060 dejecerunt,

386 5068 445 5122 hi
473 5086 794 5140 oppressam
831 5075 990 5129 ruina
1022 5077 1366 5146 superiorum
1392 5095 1485 5149 per
1510 5081 1832 5150 patientiam
1860 5101 1976 5141 rur-

387 5175 485 5215 sus
512 5170 829 5217 erexerunt.
891 5162 972 5219 llli
1007 5180 1073 5221 ex
1126 5165 1386 5235 paradiso
1444 5168 1498 5223 in
1548 5177 1752 5227 terram
1803 5174 1966 5244 eiecti

386 5260 558 5322 sunt;
586 5254 675 5310 isti
704 5254 832 5312 hinc
860 5257 927 5311 ad
964 5258 1282 5327 paradisum
1310 5261 1668 5332 emigrarunt.
1707 5264 1793 5319 Illi
1818 5280 1966 5322 mor-

384 5351 495 5401 tem
531 5346 797 5405 adversus
835 5349 1052 5422 seipsos
1088 5362 1373 5410 armarunt
1413 5356 1600 5427 (arma
1638 5360 1786 5415 enim
1820 5376 1967 5417 mor-

387 5437 481 5500 tis,
515 5438 711 5510 inquit,
742 5450 829 5497 est
872 5451 1155 5512 peccatum
1169 5461 1221 5516 );
1258 5438 1313 5501 1ἱί
1340 5459 1570 5505 mortem
1610 5461 1838 5521 peccato
1868 5468 1966 5507 ar-

321 5588 335 5613 ‘
388 5535 590 5583 matam
626 5545 727 5588 sua
759 5533 959 5590 virtute
993 5543 1158 5606 atque
1188 5528 1511 5598 fortitudine
1545 5542 1840 5601 tolerandis
1875 5545 1963 5601 in-

466 5706 487 5738 ⁸
526 5707 543 5761 1
579 5707 711 5780 Reg.
742 5726 872 5776 svnt,
907 5711 977 5769 25
1011 5730 1131 5785 sqq.

2077 4531 2301 4600 λογεῖτο,
2318 4530 2408 4584 διὰ
2430 4528 2589 4584 τοῦτο
2616 4531 2711 4583 καὶ
2731 4530 2766 4601 ἡ
2790 4529 2949 4599 χάρις
2971 4528 3156 4590 αὐτοῖς
3181 4522 3331 4596 παρά
3352 4523 3456 4595 τῆς
3482 4520 3654 4595 Τριά-

2074 4622 2164 4687 δος
2198 4623 2602 4693 ἀντεμετρεῖτο.
2634 4620 2729 4684 Τίς
2761 4619 2816 4673 δὲ
2851 4621 2884 4688 ἡ
2912 4618 3070 4691 χάρις
3102 4613 3204 4689 ἧν;
3232 4614 3374 4669 Αὐτὸ
3399 4613 3560 4667 τοῦτο
3589 4611 3656 4665 τὸ

2078 4712 2442 4784 ὑψηλοτέρους
2492 4709 2863 4780 ἐπιδειχθῆναι
2903 4707 3012 4761 τῶν
3046 4705 3276 4777 πρώτων
3309 4701 3652 4773 ἀγωνιστῶν,

2075 4804 2168 4859 τοῦ
2210 4804 2378 4876 Ἀδὰμ
2402 4803 2564 4873 λέγω,
2590 4801 2682 4857 καὶ
2708 4805 2805 4872 τῆς
2827 4799 2990 4864 Εὔας.
3030 4800 3256 4853 Ἐκεῖνοι
3285 4795 3530 4850 ἑστῶσαν
3553 4793 3654 4865 τὴν

2069 4895 2419 4967 ἀνθρωπίνην
2466 4892 2627 4965 φύσιν
2670 4892 2759 4948 διὰ
2807 4893 2906 4963 τῆς
2956 4888 3230 4963 ἁμαρτίας
3280 4887 3647 4959 κατήνεγκαν·

2060 4980 2215 5053 οὗτοι
2247 4985 2505 5057 κειμένην
2535 4985 2593 5039 ἐν
2631 4983 2703 5055 τῷ
2736 4982 2989 5054 πτώματι
3016 4980 3126 5035 τῶν
3159 4978 3538 5052 προλαϐόντων
3563 4977 3654 5031 διά

2069 5081 2169 5152 τῆς
2195 5076 2474 5149 ὑπομονῆς
2499 5075 2659 5131 πάλιν
2684 5074 3035 5144 ἀνώρθωσαν.
3076 5074 3303 5126 Ἐκεῖνοι
3333 5071 3396 5123 ἐκ
3416 5068 3513 5123 τοῦ
3544 5086 3651 5122 πα-

2071 5170 2321 5244 ραδείσου
2347 5168 2440 5223 ἐπὶ
2468 5167 2565 5240 τὴν
2590 5166 2694 5238 γῆν
2720 5164 3073 5236 ἀπώσθησαψ
3104 5157 3246 5218 οὗτοι
3276 5158 3528 5215 ἐντεῦθεν
3556 5158 3648 5213 ἐπὶ

2069 5263 2163 5318 τὸν
2207 5262 2532 5334 παράδεισον
2573 5257 2977 5330 ἀνῳκίσθησαν
3023 5258 3221 5310 ἐκεῖνοι
3269 5254 3391 5308 καθ’
3439 5252 3645 5308 ἑαυτῶν

2069 5355 2162 5410 τὸν
2186 5354 2414 5410 θάνατον
2443 5352 2687 5407 ὥπλισαν
2716 5350 2898 5422 (ὅπλον
2924 5348 3032 5422 γάρ
3056 5348 3287 5403 θανάτου
3320 5348 3352 5419 ἡ
3380 5344 3639 5418 ἁμαρτία,

2071 5448 2275 5518 φησίν)·
2294 5440 2439 5501 οὗτοι
2469 5442 2915 5515 καθωπλισμένον
2940 5445 3005 5514 τῇ
3033 5440 3281 5513 ἁμαρτίᾳ
3303 5439 3391 5495 τὸν
3417 5437 3640 5492 θάνατον

2052 5540 2159 5597 διὰ
2181 5540 2281 5611 τῆς
2314 5540 2520 5595 ἐαυτῶν
2547 5536 2796 5608 ἀνδρείας
2818 5534 3146 5607 ὴχρείωσαν,
3170 5536 3239 5606 τῇ
3268 5532 3509 5604 ὑπομονῇ
3532 5526 3636 5582 τῶν
