4050 6164
373 360 482 417 765

1462 354 1529 409 ΙΝ
1586 356 2091 424 QUADRAGINTA
2133 358 2534 418 MARTYRES.

3533 358 3636 413 7H)

316 536 327 545 ⁸
366 470 710 542 παθημάτων
737 472 831 525 τοῦ
868 473 1093 545 κέντρου
1127 473 1225 545 τὴν
1254 473 1437 545 ἀκμὴν
1467 475 1938 546 ἁπαμόλύναντες·

2052 477 2368 545 commodis,
2432 479 2639 534 stimuli
2702 479 2876 534 aciem
2931 476 3322 537 obtundentes,
3377 472 3631 527 frustrati

363 561 505 616 ὥστε
533 565 708 617 εἰπεῖν
736 564 936 628 καλῶς,
964 564 1087 619 Ποῦ
1115 577 1254 629 σου,
1286 565 1523 633 θάνατε,
1557 566 1623 621 τὸ
1653 567 1906 634 κέντρον
1928 581 1949 630 ;

365 652 493 707 Ποῦ
517 666 656 719 σου,
682 653 819 720 ᾄδη,
846 653 913 708 τὸ
935 654 1104 719 νῖκος
1119 670 1140 718 ;
1169 655 1401 727 Καρποῢ
1423 655 1582 724 ξύλου
1609 656 1662 709 τί
1693 656 1950 710 ἀθλιώτε-

2046 574 2180 621 sunt
2226 577 2391 639 atque
2435 570 2757 640 fregerunt:
2809 570 2946 625 adeo
2977 577 3036 624 ut
3078 576 3226 623 recte
3267 565 3374 621 dici
3422 563 3632 636 possit,

2049 654 2153 711 Ubi
2179 667 2277 723 est,
2319 676 2485 724 mors,
2524 663 2749 716 victoria
2783 664 2919 718 tua?
2954 660 3053 716 Ubi
3083 659 3331 716 stimulus
3371 666 3515 723 tuus,
3545 658 3633 710 iu-
3692 692 3693 695 η

365 754 499 812 pou;
542 743 608 795 Τί
654 743 1030 815 εὐτελέστερον
1068 744 1264 811 ξύλους
1306 747 1533 819 Καρπὸς
1583 747 1807 819 εὐχροίᾳ
1842 747 1950 801 τινὶ

2052 746 2515 816 ferne’1Fructu
2558 752 2690 824 ligni
2746 753 2879 824 quid
2927 753 3232 809 miserius?
3275 749 3447 821 Ligno
3498 747 3630 818 quid

362 832 458 885 καὶ
520 832 682 905 ἡδονῇ
730 834 973 902 γεύσεως
1019 837 1532 909 ὲπικεχρωσμένος,
1579 838 1950 911 ἀτιμασθῆναι

2052 839 2255 895 vilius?
2288 839 2523 900 Fructus
2566 846 2769 901 coloris
2804 844 3040 915 quadam
3085 845 3332 900 bonitate
3362 849 3418 898 et
3446 841 3634 896 suavi-

358 921 455 975 τοῦ
489 923 818 997 παραδείσου
855 927 955 997 τὴν
984 927 1143 999 χάριν
1189 927 1468 999 ἐποίησεν.

2046 937 2161 986 tate
2213 934 2429 1004 saporis
2483 938 2935 1006 commendatus,
2992 936 3175 993 eﬂ‘ecit
3220 944 3281 991 ut
3340 932 3633 989 arnoenitas

361 1023 528 1086 atque
578 1017 955 1074 commoditas.
988 1020 1233 1089 paradisi
1295 1020 1610 1091 parviﬂeret
1656 1027 1710 1076 et
1755 1019 2146 1091 negligeretur.

432 1196 558 1260 Τοῖς
587 1197 645 1252 δὲ
678 1200 934 1269 μεγάλοις
977 1202 1186 1268 τούτοις
1235 1204 1566 1273 ἀγωνισταῖς
1611 1202 1734 1258 οὐδὲ
1789 1201 1952 1266 αὐτὸς

359 1288 391 1341 ὁ
417 1287 568 1358 ἥλιος
605 1289 778 1363 ἐφάνη
832 1292 1069 1362 γλυκύς·
1123 1294 1260 1355 ἀλλά
1310 1295 1405 1351 καὶ
1449 1294 1642 1349 τούτου
1684 1295 1949 1359 ἑκουσίως

362 1379 755 1452 ὴλλοτριοῦντο,
790 1383 878 1438 ῖνα
920 1386 996 1457 μὴ
1030 1384 1126 1441 τοῦ
1169 1385 1425 1457 ἀληθινοῦ
1456 1386 1632 1457 φωτὸς
1661 1386 1951 1441 ἁποπέσω-

359 1487 443 1526 σι.
500 1472 567 1526 Τί
607 1472 754 1543 λέγει
799 1477 926 1549 περὶ
968 1478 1067 1549 τῆς
1100 1479 1273 1545 Ἐὐας
1317 1483 1347 1535 ὁ
1392 1480 1548 1550 λόγος
1610 1480 1947 1552 (προάγομαι

358 1564 469 1635 γὰρ
496 1564 593 1618 καὶ
630 1565 774 1637 πέρα
810 1568 903 1622 τοῦ
946 1568 1159 1635 δέοντος
1204 1573 1574 1644 καταδραμεῖν
1603 1571 1712 1627 τῶν
1739 1590 1948 1643 πρωτο-

358 1656 577 1724 γονων);
610 1654 808 1725 Εῒόεν,
840 1663 1025 1731 φησὶν,
1054 1662 1145 1718 ὅτι
1171 1663 1433 1733 ἀρεστὸν
1461 1663 1588 1731 τοῖς
1619 1664 1948 1734 ὀφθαλμοῖς

360 1745 464 1799 καί
488 1747 703 1815 ὡραῖον
723 1751 813 1817 είς
843 1751 1075 1821 γεῦσιν.
1118 1750 1253 1809 Εἶτα
1293 1753 1391 1825 τὴν
1437 1756 1494 1809 ὲν
1538 1754 1749 1820 τούτοις
1787 1755 1947 1827 χάριν

2129 1207 2198 1262 At
2225 1210 2441 1281 magnis
2482 1210 2605 1267 istis
2630 1207 2999 1267 certatoribus
3036 1221 3103 1262 ne
3147 1206 3228 1261 sol
3263 1202 3481 1273 quidem
3515 1203 3634 1271 ipse

2054 1300 2232 1358 dulcis
2258 1303 2412 1360 visus
2439 1314 2558 1370 est,
2591 1303 2684 1361 sed
2720 1303 2790 1359 ab
2841 1302 2944 1357 hoc
2972 1300 3138 1356 etiam
3170 1303 3366 1368 sponte
3409 1308 3509 1349 sua
3537 1293 3630 1348 εὶ)-

2057 1393 2277 1448 alienati
2299 1405 2448 1460 sunt,
2479 1412 2549 1452 ne
2585 1411 2717 1451 vero
2740 1393 2946 1448 lumine
2974 1390 3294 1448 exciderent
3326 1395 3493 1457 atque
3518 1385 3634 1455 pri-

2049 1492 2333 1540 varentur.
2385 1485 2527 1552 Quid
2568 1485 2704 1540 dicit
2755 1484 3039 1553 Scriptura
3073 1481 3143 1536 de
3179 1477 3292 1532 Eva
3327 1476 3634 1547 (provehor

2049 1573 2195 1630 enim
2242 1575 2458 1645 longius
2486 1576 2650 1630 etiam
2683 1589 2847 1644 quam
2893 1588 2983 1628 res
3012 1570 3256 1642 postulat
3307 1580 3633 1638 percurrere

2051 1661 2193 1718 facta
2243 1663 2545 1733 primorum
2602 1662 2962 1733 parentum)?
3018 1659 3185 1721 Vidit,
3241 1656 3442 1727 inquit,
3492 1654 3631 1726 quod

2049 1764 2185 1811 esset
2217 1765 2427 1823 gratum
2458 1757 2649 1821 oculis,
2679 1764 2730 1810 et
2751 1766 3020 1808 maturum
3049 1751 3118 1805 ad
3156 1761 3371 1821 gustum
3396 1749 3476 1815 ‘°;
3536 1747 3632 1802 de-

363 1838 488 1941 ἀντὶ
514 1839 605 1894 τοῦ
633 1841 963 1941 παραδείσου
983 1845 1299 1917 ἠλλάξαντο.
1327 1848 1547 1911 Τούτοις
1571 1848 1628 1902 δὲ
1656 1848 1764 1920 ἄρα
1791 1867 1950 1904 κατα-

2052 1845 2176 1901 inde
2204 1846 2433 1900 istorum
2466 1846 2699 1917 gratiam
2744 1851 2801 1899 et
2831 1844 3144 1899 illecebram
3196 1856 3321 1896 eum
3376 1839 3631 1909 paradiso

362 1929 600 1995 γεύσεως
631 1931 823 2002 ἡδονὴν
847 1933 916 1988 τὰ
955 1935 1207 2007 ὁρώμενα
1239 1935 1307 2011 ἦν
1326 1954 1341 1969 ·
1374 1939 1621 2011 οὐρανὸς,
1653 1939 1824 2010 ἣλιος,
1853 1941 1946 2012 γῆ,

360 2017 666 2089 ἄνθρωποι·
701 2024 920 2095 πατρὶς,
962 2026 1221 2098 μητέρες,
1266 2029 1503 2098 ἀδελφοὶ,
1552 2030 1715 2100 φίλοι,
1754 2047 1951 2100 συγγε-

360 2112 490 2176 νεῖς,
523 2112 825 2182 ἡλικιῶται·
867 2110 944 2172 ὧν
986 2119 1040 2173 τί
1084 2120 1183 2192 μὲν
1234 2121 1466 2193 ὀφθῆναι
1496 2123 1863 2194 γλυκύτερον;
1894 2124 1950 2178 τί

359 2201 418 2255 δὲ
450 2203 532 2267 είς
571 2204 761 2274 γεῦσιν
803 2208 977 2292 ἐλθεῖν
1020 2210 1381 2283 τιμιώτερον;
1410 2214 1623 2281 Οἴδατε,
1658 2217 1706 2268 oi
1739 2216 1947 2279 παῖδες,

362 2294 464 2365 τὴν
489 2297 572 2360 εἰς
596 2298 724 2362 τοὺς
742 2299 934 2369 γονέας
961 2304 1215 2375 στοργήν.
1236 2304 1448 2369 Οἴδατε,
1479 2307 1528 2359 οἱ
1556 2306 1814 2377 πατέρες,
1850 2307 1949 2378 τὴν

360 2386 495 2458 πρὸς
530 2387 599 2442 τά
634 2389 800 2444 τέκνα
831 2392 1093 2449 διάθεσιν.
1128 2391 1311 2462 Οἶδας,
1339 2397 1368 2450 ό
1399 2396 1612 2467 βλέπων
1640 2398 1701 2451 τὸ
1729 2400 1786 2452 ἐν
1815 2397 1949 2468 ἡλίῳ

357 2476 562 2545 γλυκύ·
594 2478 697 2533 οὐκ
715 2480 951 2550 ἀγνοεῖς,
982 2484 1013 2537 ό
1050 2482 1392 2554 φιλάδελφος,
1427 2484 1525 2556 τὴν
1554 2484 1787 2556 φυσικὴν
1814 2484 1951 2556 πρὸς

356 2568 458 2640 τὴν
502 2570 838 2644 ἀδελφότητα
890 2575 1101 2646 σχέσιν·
1147 2577 1456 2645 ἐπίστασαι,
1483 2579 1513 2632 ό
1545 2577 1686 2642 νέος,
1749 2578 1848 2650 τὴν
1885 2579 1951 2630 ἐκ

357 2660 468 2716 τῶν
501 2663 812 2734 ἡλικιωτῶν
853 2667 1035 2740 χάριν,
1063 2668 1188 2723 ὅσον
1232 2688 1313 2724 σοι
1351 2670 1443 2725 τὸν
1489 2669 1603 2740 βίον
1645 2669 1948 2742 ήδύνουσιν.

371 2750 509 2807 Ἀλλ’
538 2753 771 2821 ἐκείνοις
797 2757 978 2812 πάντα
1020 2757 1213 2832 ἐχθρὰ,
1241 2760 1421 2817 πάντα
1450 2760 1705 2832 ἀλλότρια
1730 2757 1818 2832 ἦν.
1854 2762 1950 2815 Ἓν

360 2840 522 2911 μόνον
550 2843 777 2914 ἀγαθὸν,
807 2847 836 2900 ὁ
866 2848 1118 2920 Χριστός.
1143 2851 1327 2905 Πάντα
1358 2852 1683 2922 ἠρνήσαντο,
1709 2853 1795 2906 ἴνα
1824 2851 1949 2905 τοῦ·

358 2949 450 2989 τον
480 2936 836 3008 κερδήσωσιν.
876 2939 1082 3011 Χρόνος
1108 2937 1178 3015 ἦν
1207 2941 1316 2997 τῶν
1343 2941 1556 3015 δεσμῶν
1603 2944 1704 2998 οὐκ
1748 2944 1945 3014 ὀλίγος,

360 3024 591 3090 καὶτοῖς
624 3028 798 3098 ἁγίοις
830 3033 897 3104 τῇ
938 3034 1243 3107 παρατάσει
1287 3035 1387 3107 τῆς
1431 3036 1701 3107 τιμωρίας
1729 3038 1764 3108 ἠ
1810 3038 1946 3107 πρὸς

360 3118 459 3187 τὴν
494 3120 768 3176 τελείωσιν
814 3124 1081 3196 ἐπιθυμία
1130 3128 1496 3199 συνήκμαζεν.
1531 3129 1642 3183 Καὶ
1681 3128 1869 3201 ὥσπερ
1897 3130 1948 3184 οἱ

2052 1936 2429 1991 commutavit.
2496 1936 2567 1990 At
2616 1935 2703 1992 his
2761 1951 2865 2007 pro
2907 1932 3305 2007 degustationis
3351 1932 3632 2000 voluptate

2050 2033 2208 2079 erant
2231 2042 2295 2080 ea
2319 2043 2440 2096 qua:
2469 2027 2572 2081 sub
2598 2027 2775 2082 visum
2804 2026 3027 2089 cadunt,
3062 2025 3285 2085 coelum.
3321 2021 3431 2085 sol,
3461 2029 3629 2084 terra,

2051 2116 2323 2185 homines,
2376 2120 2576 2186 patria,
2631 2126 2828 2183 mater,
2880 2116 3102 2181 fratres,
3144 2114 3329 2179 amici,
3387 2112 3628 2183 cognati,

2050 2210 2311 2280 aequales,
2348 2211 2547 2279 quibus
2582 2211 2745 2266 rebus
2791 2210 2923 2280 quid
2956 2210 3074 2265 visu
3109 2208 3331 2278 quidem
3367 2206 3584 2261 dulcius
3606 2205 3632 2259 ?

2051 2300 2190 2367 Quid
2218 2317 2345 2357 vero
2382 2302 2558 2372 magis
2589 2301 2979 2370 expetendum,
3017 2315 3181 2369 quam
3218 2298 3284 2352 ad
3319 2308 3540 2369 gustum
3574 2305 3630 2352 ct

2051 2393 2290 2449 fructum
2322 2395 2553 2451 istarum
2604 2411 2788 2450 rerum
2831 2393 3118 2465 pervenire
3137 2393 3173 2459 Ἰ,
3206 2391 3414 2458 Nostis,
3444 2390 3628 2453 liberi,

2051 2498 2291 2537 amorem
2350 2484 2618 2540 adversus
2674 2492 2970 2555 parentes;
3021 2482 3223 2547 nostis,
3256 2486 3461 2551 patres,
3498 2495 3629 2548 erga

2055 2575 2195 2631 ﬁlios
2233 2575 2572 2631 allectionem
2604 2594 2618 2643 ;
2646 2576 2813 2637 nosti,
2852 2575 2944 2645 qui
2978 2574 3214 2629 intueris
3252 2572 3413 2627 dulce
3440 2571 3627 2626 lumen

2052 2668 2219 2733 solis;
2247 2682 2355 2721 non
2387 2667 2634 2738 ignoras,
2661 2668 2753 2736 qui
2790 2666 3020 2722 fratrum
3053 2664 3336 2719 studiosus
3365 2678 3448 2728 cs,
3478 2669 3632 2716 natu-

2050 2761 2222 2813 ralem
2250 2774 2378 2830 crga
2399 2757 2698 2813 fraternam
2729 2757 3213 2821 necessitudinem,
3246 2754 3626 2819 all‘eetiouem;

2051 2852 2183 2914 seis,
2203 2852 2447 2921 juvenis,
2464 2866 2626 2920 quam
2648 2856 2804 2920 grata
2834 2857 2998 2919 atque
3021 2847 3266 2918 jucunda
3289 2845 3631 2902 consuetudo

2051 2944 2341 3014 aequalium
2396 2944 2489 3007 sit,
2536 2950 2876 3013 quantopere
2929 2941 3098 2995 vitam
3147 2950 3295 2995 tuam
3335 2938 3628 2994 delectent.

2051 3037 2122 3089 At
2158 3036 2268 3091 illis
2297 3036 2480 3090 omnia
2514 3035 2760 3098 inimica,
2791 3034 2978 3089 omnia
3018 3032 3197 3089 aliena
3232 3041 3411 3087 erant.
3448 3028 3628 3085 Unum

2052 3127 2159 3182 illis
2182 3127 2384 3182 bonum
2403 3126 2707 3193 videbatur,
2730 3127 3016 3193 Christus;
3047 3124 3230 3181 omnia
3245 3122 3631 3193 repudiarunt,

356 3211 459 3284 τὴν
496 3202 829 3290 σωματικὴν
856 3217 1072 3283 εὐεξίαν
1118 3219 1471 3290 μελετῶντες,
1503 3210 1721 3276 ἐπειδὰν
1759 3222 1948 3294 ἱκανὴν

2052 3231 2113 3276 ut
2172 3222 2322 3276 hunc
2368 3221 2775 3295 lucrifacerent.
2815 3218 3058 3289 Tempus
3109 3224 3228 3273 erat
3280 3215 3630 3272 vinculorum

358 3302 419 3356 ὲν
463 3304 808 3378 παιδοτρίϐου
852 3306 952 3380 τὴν
1003 3308 1231 3382 δύναμιν
1269 3312 1598 3383 κτήσωνται,
1633 3310 1774 3366 οὕτω
1813 3311 1947 3385 θαρ-

361 3392 584 3467 ροῦντες
608 3396 703 3452 ἐπὶ
745 3399 872 3463 τοὺς
913 3399 1129 3465 ἀγῶνας
1169 3401 1435 3475 χωροῦσιν
1455 3420 1469 3435 ·
1509 3402 1599 3458 τὸν
1628 3403 1791 3458 αὐτὸν
1821 3403 1947 3476 τρό-

361 3501 463 3540 πον
492 3487 587 3541 καὶ
616 3482 761 3544 οὗτοι
788 3489 876 3545 διὰ
914 3492 1023 3547 τῶν
1052 3492 1270 3565 δεσμῶν
1304 3493 1398 3548 καὶ
1422 3494 1516 3567 τῆς
1546 3495 1794 3566 φυλακῆς
1827 3497 1947 3550 ίκα-

360 3576 467 3642 νῶς
491 3580 999 3654 παιδατριὸηθέντες
1029 3584 1166 3657 πρὸς
1188 3585 1286 3659 τὴν
1322 3586 1622 3654 εὐσέϐειαν,
1653 3589 1824 3653 οὕτως
1856 3589 1949 3643 ἐπὶ

359 3667 452 3723 τόν
499 3669 758 3739 στέφανον
813 3673 926 3729 τῶν
979 3675 1208 3744 ἀγώνων
1252 3680 1624 3750 προήχθησαν.
1659 3675 1860 3735 Ἦλθεν
1914 3682 1948 3753 ἡ

359 3761 651 3818 ἀκολουθία
692 3764 789 3818 τοῦ
844 3766 1003 3837 λόγου
1043 3768 1137 3823 ἐπὶ
1182 3769 1281 3841 τὴν
1332 3771 1609 3843 τελευτὴν,
1647 3773 1847 3842 μᾶλλον
1892 3772 1950 3826 δὲ

358 3853 453 3908 ἐπὶ
476 3854 577 3926 τὴν
609 3858 852 3930 κορυφὴν
880 3858 1002 3913 ὅλου
1029 3859 1124 3914 τοῦ
1163 3861 1602 3933 κατορθώματος.
1630 3855 1799 3927 Οὗτος
1826 3859 1893 3936 ἦν
1921 3867 1951 3919 ό

358 3946 577 4018 καιρός·
628 3942 787 4005 αὗται
834 3950 929 4005 τοῦ
968 3951 1178 4021 ἀγῶνος
1215 3956 1271 4008 αἱ
1307 3955 1544 4026 ἡμέραι·
1583 3955 1740 4011 τοῦτο
1772 3958 1833 4012 τὸ
1856 3957 1948 4011 τοῦ

361 4037 556 4110 Πάσχα
580 4040 886 4112 προοίμιον,
915 4043 978 4097 τὸ
1002 4045 1105 4114 τῆς
1134 4046 1294 4115 ἁγίας
1326 4050 1820 4120 τεσσαρακοντάδος
1845 4067 1949 4120 μυ-

362 4130 598 4202 στήριον.
653 4132 1071 4206 Τεσσαρὰκοντα
1103 4137 1394 4209 ὲξιλασμοῦ
1439 4141 1571 4210 ἡμῖν
1619 4140 1676 4194 αι
1720 4141 1948 4213 ἡμέραι,

364 4221 639 4294 ίσὰριθμοι
664 4226 887 4282 καὶτῶν
908 4229 1077 4298 ἁγίων
1102 4230 1151 4283 oi
1177 4229 1451 4300 στέφανοι.
1473 4225 1554 4285 Ἦ
1574 4249 1678 4287 που
1698 4235 1953 4305 περιττὸς

365 4313 494 4385 ὑμῖν
517 4312 658 4370 εἶναι
680 4317 823 4372 δοκῶ
860 4320 956 4373 καὶ
983 4320 1290 4392 ἀδόλεσχος,
1320 4321 1390 4376 τά
1422 4322 1661 4396 ὑμέτερα
1699 4325 1953 4398 θαύματα

362 4405 423 4458 ὲν
450 4405 578 4477 ὑμῖν
605 4408 978 4481 διηγούμενος,
1023 4413 1119 4467 καὶ
1152 4414 1267 4480 τοῖς
1322 4414 1607 4487 ὑμετέροις
1644 4417 1745 4487 τὴν
1781 4417 1952 4488 ἀκοὴν

360 4496 732 4569 δεξιούμενος;
758 4501 906 4575 Πλὴν
933 4503 1009 4569 ὡς
1038 4506 1119 4560 ἃν-
1135 4506 1209 4579 μὴ
1253 4508 1467 4572 ἀτελεῖς
1494 4510 1639 4580 ὑμᾶς
1673 4511 1947 4582 παραδρά-

2054 3313 2197 3369 haud
2228 3314 2510 3387 exiguum,
2551 3323 2604 3370 et
2630 3328 2743 3385 quo
2772 3312 2978 3368 diutius
3008 3310 3337 3382 supplicium
3371 3323 3634 3380 proroga-

2052 3405 2236 3469 batur,
2267 3420 2333 3461 eo
2357 3405 2535 3462 sancti
2572 3393 2950 3461 vehementius
2981 3409 3036 3457 et
3061 3401 3345 3457 ardentius
3370 3413 3633 3455 consum-

2053 3497 2349 3552 mationcm
2396 3494 2805 3552 desiderabant.
2835 3494 2916 3549 Ae
2942 3489 3403 3562 quemadmodum
3430 3488 3508 3543 illi
3537 3486 3633 3558 qui

2053 3591 2305 3660 corporis
2350 3589 2551 3644 bonam
2601 3585 2976 3640 habitudinem
3016 3588 3232 3647 curant,
3271 3586 3632 3650 posteaquam

2054 3681 2199 3752 apud
2248 3679 2602 3751 paedotribam
2634 3677 2768 3733 satis
2808 3675 3007 3730 virium
3045 3672 3480 3743 acquisiverunt,
3517 3675 3632 3723 tum

2055 3773 2273 3829 demum
2315 3772 2577 3826 audacter
2604 3769 2672 3824 ad
2714 3767 3016 3824 certamina
3054 3764 3400 3837 procedunt:
3438 3761 3629 3819 eodem

2057 3866 2222 3921 modo
2248 3865 2416 3920 etiam
2448 3862 2502 3917 hi
2535 3860 2769 3916 vinculis
2795 3867 2851 3915 et
2866 3873 3093 3914 carcere
3117 3858 3252 3914 satis
3273 3856 3339 3910 ad
3376 3855 3634 3926 pietatem

2055 3957 2361 4021 exercitati,
2395 3956 2469 4010 ita
2495 3953 2714 4009 tandem
2740 3952 2807 4006 ad
2833 3965 3091 4006 coronam
3119 3947 3483 4004 certaminum
3508 3959 3629 4016 pro-

2056 4047 2206 4104 ducti
2238 4054 2389 4103 sunt.
2424 4044 2680 4102 Pervenit
2707 4044 2773 4099 ad
2799 4043 3027 4106 exitum,
3061 4041 3172 4095 imo
3205 4055 3336 4095 vero
3366 4038 3432 4093 ad
3468 4037 3635 4093 verti-

2056 4153 2175 4194 cem
2232 4138 2402 4193 totius
2448 4135 2529 4192 rei
2578 4136 2718 4191 bene
2750 4143 2918 4205 gestae
2962 4132 3306 4189 continuatio
3343 4128 3635 4185 orationis.

2058 4228 2174 4284 lloe
2205 4234 2324 4283 erat
2356 4234 2611 4297 tempus:
2646 4224 2699 4278 hi
2728 4223 3048 4279 certaminis
3072 4223 3190 4279 dies
3216 4238 3230 4274 :
3265 4222 3369 4277 hoc
3410 4221 3636 4277 Pascha)

2057 4319 2411 4392 prommium,
2490 4324 2699 4374 sach
2774 4314 3210 4386 quadragesimae
3289 4311 3633 4383 mysterium.

2058 4409 2433 4480 Quadraginta
2477 4406 2807 4479 placationis
2857 4404 3021 4461 nobis
3048 4412 3179 4459 sunt
3224 4401 3362 4464 dies,
3408 4398 3633 4453 totidem

2058 4504 2224 4558 etiam
2282 4505 2599 4555 sanctorum
2651 4509 2901 4551 coronae.
2951 4489 3208 4561 Nunquid
3259 4501 3634 4555 supervacuus

366 4603 458 4659 μοι
487 4589 518 4643 ό
544 4588 721 4658 λόγος,
752 4591 889 4663 πρὸς
913 4592 976 4647 τὸ
1016 4594 1189 4665 πέρας
1218 4594 1328 4650 τῶν
1368 4579 1594 4665 ἀγώνων
1632 4579 1950 4667 τάςίὰγίοις

2057 4594 2212 4650 vobis
2238 4599 2293 4646 et
2331 4596 2567 4661 nugator
2606 4602 2732 4644 esse
2757 4586 2970 4649 videor,
3003 4583 3098 4654 qui
3129 4589 3313 4637 vestra
3364 4579 3510 4634 inter
3536 4592 3634 4633 vos

363 4681 459 4734 καὶ
486 4683 649 4753 ἡμεῖς
680 4684 1154 4758 συνδραμούμεθα.
1181 4689 1408 4761 Κρυμὸς
1435 4684 1503 4761 ἦν
1530 4689 1669 4744 κατά
1693 4688 1791 4762 τὴν
1821 4691 1959 4762 ἠμέ-

366 4786 468 4843 ραν
500 4774 735 4846 ἐκείνην.
778 4775 1004 4842 Πάντως
1042 4778 1100 4832 δὲ
1130 4779 1284 4833 οὐδὲν
1329 4780 1412 4834 δεῖ
1456 4781 1646 4852 μαθεῖν
1670 4782 1815 4851 ὑμᾶς
1845 4777 1957 4847 οἷος

364 4863 395 4914 ὁ
427 4864 657 4936 κρυμὸς,
689 4866 755 4920 ὲκ
794 4867 896 4939 τῆς
924 4869 1207 4941 παρούσης
1252 4870 1466 4942 ἡμέρας
1511 4872 1953 4945 στοχαζομένους,

367 4954 577 5026 κρυμὸς
601 4956 695 5010 καὶ
717 4957 900 5011 αὐτῶν
923 4958 1032 5013 τῶν
1060 4961 1263 5032 τριχῶν
1289 4963 1656 5035 διαδυόμενος.
1686 4966 1830 5020 Ἵστε
1855 4966 1957 5038 τὴν

368 5044 693 5119 ὑπερϐολὴν,
720 5047 860 5102 οἵτε
894 5048 1153 5121 ἐπήλυδες
1183 5051 1291 5105 τῶν
1333 5053 1513 5108 τόπων
1558 5056 1651 5109 καὶ
1699 5057 1748 5110 οί
1796 5057 1956 5111 αὐτό-

367 5135 574 5206 χθονες,
595 5139 689 5192 καὶ
710 5138 864 5194 οὐδὲν
883 5139 1059 5193 δεῖσθε
1087 5140 1228 5214 λόγῳ
1249 5143 1463 5215 μαθεῖν·
1482 5146 1619 5201 ἀλλά
1645 5147 1747 5202 κᾶν
1772 5147 1958 5219 ἕτερος

366 5224 511 5278 εἴποι
555 5228 656 5297 τὴν
701 5228 1132 5300 θαυματοποιίαν
1175 5230 1283 5286 τῶν
1316 5234 1595 5306 ὑμετέρων
1636 5237 1954 5309 χειμώνων·

365 5314 518 5379 ὅπως
552 5319 788 5391 ποταμοὶ
831 5320 929 5392 μὲν
969 5320 1173 5376 άένναα
1234 5322 1449 5393 ῥέοντες
1499 5326 1762 5393 ἵστανται,
1809 5330 1958 5384 ἀντι-

369 5408 662 5482 δαινούσης
690 5412 771 5482 τῷ
804 5412 1004 5486 ῥείθρῳ
1030 5413 1133 5484 τῆς
1161 5414 1396 5480 πήξεως,
1420 5417 1525 5471 καὶ
1552 5417 1958 5474 ἁπολιθοποιού-

370 5518 472 5573 σης
523 5502 594 5556 τά
632 5502 882 5574 κύματα·
914 5505 949 5577 ἡ
980 5504 1039 5558 δὲ
1070 5504 1266 5574 γείτων
1306 5504 1471 5578 λίμνη
1518 5509 1760 5580 σημείων
1794 5512 1955 5566 τινῶν

373 5592 507 5664 πρὸς
524 5593 587 5648 τὸ
608 5594 1007 5667 ἐπιγνωσθῆναι
1029 5595 1191 5668 λίμνη
1215 5591 1349 5650 οὖσα
1374 5599 1713 5669 προσδέεται,
1741 5619 1949 5675 χερσω‹

444 5775 466 5807 ⁸
503 5773 671 5830 lCor.
704 5790 790 5840 ιν,
819 5773 904 5830 55.
983 5776 1026 5808 ¹⁰
1088 5774 1226 5832 Gen.
1266 5790 1350 5843 ιιι,
1386 5775 1437 5831 ὐ.

2054 4684 2318 4741 miracula
2345 4695 2640 4752 exponam,
2673 4678 2987 4747 vestrisque
3032 4671 3193 4728 bonis
3224 4682 3388 4725 aures
3421 4675 3634 4724 vestras

2052 4773 2432 4833 demulceam?
2479 4770 2870 4826 Verumtamen
2901 4780 2970 4820 ne
3001 4760 3318 4832 imperfecta
3350 4772 3448 4813 vos
3496 4772 3638 4827 prati-

2053 4865 2370 4924 tervehatur
2403 4861 2604 4924 oratio,
2648 4859 2716 4913 ad
2745 4857 2905 4912 linem
2937 4852 3306 4912 certaminum
3334 4862 3459 4904 cum
3504 4862 3633 4903 san-

2052 4960 2156 5014 ctis
2183 4957 2348 5013 etiam
2375 4968 2477 5008 nos
2499 4965 2606 5008 una
2630 4962 2940 5004 eurremus.
2961 4943 3157 5015 Frigus
3178 4949 3297 4998 erat
3322 4940 3377 4994 in
3404 4939 3499 4995 illo
3524 4938 3634 4993 die.

2055 5051 2290 5106 Prorsus
2338 5054 2520 5102 autem
2570 5043 2706 5100 nihil
2752 5057 2894 5112 opus
2944 5047 3029 5095 est
3066 5053 3167 5094 vos
3215 5033 3423 5099 doceri,
3476 5032 3635 5103 quale

2053 5140 2229 5212 frigus
2258 5143 2429 5200 esset,
2456 5151 2582 5193 cum
2611 5149 2677 5189 ex
2721 5129 2982 5203 praesenti
3011 5127 3101 5183 die
3134 5125 3511 5195 conjecturam
3560 5123 3634 5175 fa-

2054 5250 2180 5292 cere
2208 5232 2456 5305 possitis,
2488 5230 2661 5300 frigus
2694 5226 2842 5298 quod
2879 5224 2964 5280 vel
2995 5223 3148 5293 ipsos
3189 5220 3331 5290 pilos
3364 5215 3635 5288 pervadit.

2052 5327 2238 5383 Nostis
2264 5324 2490 5381 nimiam
2526 5320 2891 5377 intensionem
2927 5324 2985 5372 et
3018 5312 3372 5385 asperitatem
3398 5316 3510 5363 tam
3544 5306 3634 5361 ad-

2055 5435 2206 5476 vena:
2235 5420 2505 5480 locorum,
2541 5426 2707 5484 quam
2752 5409 3058 5480 indigenae:
3088 5419 3154 5460 ac
3198 5402 3339 5458 nihil
3364 5416 3508 5473 opus
3543 5399 3634 5452 ha-

2052 5512 2195 5568 betis
2231 5509 2481 5566 oratione
2504 5503 2713 5568 doceri,
2744 5500 2841 5557 sed
2868 5501 2957 5555 vel
2980 5497 3163 5569 quivis
3189 5495 3334 5550 alius
3360 5504 3636 5564 exponere

2053 5606 2246 5676 possit,
2282 5617 2442 5674 quam
2499 5596 2743 5655 miriﬁca:
2771 5592 2916 5663 apud
2957 5607 3056 5648 vos
3110 5589 3321 5644 hiemes
3376 5600 3501 5642 esse
3547 5596 3635 5637 so-
3698 5577 3705 5609 ⁵
