4050 6164
391 341 501 403 767

1617 332 1674 392 S.
1715 328 2044 391 GREGORII
2098 325 2386 387 NYSSFNI

3564 312 3668 369 768

392 472 561 528 leant,
603 460 1066 534 quemadmodum
1108 458 1488 529 congelatione
1515 457 1724 512 flumini
1772 457 1995 516 adver-,

2101 457 2219 507 εἰσα
2246 449 2334 505 διὰ
2367 448 2465 518 τῆς
2499 445 2732 515 πήξεως,
2766 440 2850 510 ἐφ’
2888 433 2954 511 ἧς
2993 434 3218 508 σύνηθές
3249 434 3365 486 ἐστι
3399 430 3509 493 τοῖς
3541 429 3667 498 βου-
3733 493 3736 496 γ

392 565 568 616 sante,
601 563 654 610 et
681 553 836 623 quasi
869 553 922 606 in
951 549 1182 620 lapidem
1210 550 1388 605 undas
1419 549 1673 614 durante,
1705 565 1978 620 perennes

391 649 611 716 quidem
653 659 843 698 amnes
894 641 1063 696 fluere
1122 641 1516 712 supersedeant
1578 649 1743 711 atque
1793 644 1979 698 consi-

392 745 559 792 stant.
601 735 778 788 Lacus
812 748 940 788 vero
977 732 1192 787 vicinus
1241 731 1414 802 signis
1455 730 1784 802 quibusdam
1813 733 1976 787 etiam

391 843 531 897 opus
573 827 756 880 habet.
809 825 1011 895 quibus
1052 825 1208 878 lacus
1255 839 1378 879 esse
1427 831 1783 893 agnoscatur,
1820 823 1976 894 quasi

395 927 538 972 terra
587 916 795 969 inculta
839 929 934 984 per
978 913 1412 983 congelationem
1451 911 1716 966 effectus:
1766 911 1824 966 in
1867 926 1977 982 quo

392 1008 488 1075 qui
543 1007 737 1060 volunt
799 1019 964 1074 super
993 1003 1171 1057 undas
1218 1003 1339 1072 ejus
1379 1017 1552 1072 equos
1608 1002 1698 1055 alii
1744 1003 1797 1055 in
1838 1001 1975 1057 alios

394 1098 727 1154 concitando
765 1097 1068 1152 certamina
1102 1095 1311 1150 ludicra
1345 1097 1507 1150 edere
1543 1102 1968 1150 consueverunt.

394 1189 529 1244 Novi
559 1193 725 1244 etiam
771 1202 916 1258 saepe
959 1188 1203 1241 locorum
1247 1187 1457 1241 incolas
1501 1202 1564 1240 ex
1615 1186 1724 1256 igni
1773 1201 1970 1253 aquam

2077 544 2323 614 λομένοις
2368 539 2480 595 ἄνω
2515 536 2624 589 τῶν
2674 534 2934 604 κυμάτων
2983 529 3151 598 αὐτῆς
3205 520 3668 586 καθιππάζεσθαι.

2077 610 2211 688 Οἶδα
2238 629 2497 691 πολλάκις
2526 625 2622 678 καὶ
2644 626 2708 676 ὲκ
2738 621 2908 693 πυρὸς
2935 618 3077 689 ὕδωρ
3099 617 3213 677 τοῖς
3227 612 3520 682 ἐγχωρίοις
3551 610 3672 660 ἐπι-

2076 724 2386 794 νοούμενον,
2420 721 2547 773 ὅταν
2584 734 2635 769 τι
2663 713 2868 785 τρύφος
2900 709 2994 763 τοῦ
3034 708 3224 770 ὕδατος
3259 701 3672 761 ἀποκλάσαντες

2076 790 2263 885 ὥσπερ
2290 809 2413 864 τινὰ
2464 805 2660 878 χαλκὸν
2696 804 2728 873 ἦ
2766 800 2981 870 σίδηρον
3021 796 3098 868 τῷ
3130 794 3263 866 πυρὶ
3294 790 3670 860 διατήξαντες,

2078 880 2243 976 ὓδωρ⁷
2270 905 2361 956 τὸν
2408 900 2554 953 λίθον
2607 897 2923 966 ποιήσωσιν.
2971 889 3222 951 Τοιοῦτος
3267 881 3336 956 ἦν
3391 885 3420 936 ὁ
3481 880 3673 950 καιρὸς

2075 969 2218 1051 κατά
2249 993 2338 1048 τὸν
2369 991 2469 1062 τῆς
2506 988 2784 1058 ἀθλήσεως
2816 983 3028 1056 χρόνον,
3064 981 3313 1032 ἐπίτασιν
3354 974 3448 1028 τοῦ
3498 969 3672 1025 κακοῦ

2076 1087 2228 1160 παρά
2287 1085 2447 1155 φύσιν
2518 1083 2583 1134 ὲκ
2646 1077 2870 1150 βορείων
2927 1070 3309 1144 πνευματικῶν
3371 1066 3672 1125 λαϐόντος,

2080 1179 2264 1243 καθὼς
2295 1179 2441 1231 ἔστιν
2473 1173 2689 1228 ἀκούειν
2740 1169 2847 1224 τῶν
2892 1165 3259 1236 διηγουμένων
3288 1161 3358 1215 τὰ
3393 1157 3669 1227 θαύματα.

397 1282 620 1336 solertia
677 1279 916 1350 quadam
965 1277 1255 1341 conficere,
1315 1291 1442 1331 cum
1496 1278 1674 1332 frusto
1732 1275 1966 1346 quodam
2009 1273 2162 1344 arjuaa
2191 1270 2314 1343 gelu
2351 1271 2627 1322 concretae
2651 1271 2910 1332 tanquam
2937 1272 3046 1312 aere
3087 1253 3322 1326 quodam
3381 1249 3463 1304 vel
3527 1247 3678 1300 ferro

397 1377 642 1431 defraclo
669 1345 723 1430 et
770 1373 880 1444 igni
923 1371 1311 1442 colliquefacto
1375 1387 1574 1441 aquam
1626 1372 1882 1441 redigunt
1933 1385 2000 1425 ex
2038 1384 2105 1424 eo
2163 1364 2311 1438 quod
2358 1364 2413 1417 in
2458 1359 2696 1432 lapidem
2737 1355 2895 1424 quasi
2924 1351 3180 1407 duratum
3236 1354 3343 1401 est.
3375 1345 3424 1399 Is
3492 1348 3678 1396 status

399 1473 660 1542 temporis
693 1480 828 1534 erat,
861 1484 970 1539 quo
1001 1478 1244 1538 tempore
1273 1474 1550 1522 certamen
1588 1468 1970 1538 peragebatur,
2011 1463 2155 1519 malo
2185 1467 2384 1533 praeter
2406 1463 2660 1511 naturam
2726 1449 2946 1506 flatibus
2995 1441 3306 1500 borealibus
3367 1439 3677 1493 incremen-

401 1574 512 1616 tum
545 1569 745 1615 naeto:
785 1559 1242 1630 quemadmodum
1275 1561 1466 1615 audire
1498 1561 1626 1615 licet
1654 1577 1720 1615 ex
1745 1560 1813 1614 ἰὼ
1847 1559 1940 1628 qui
1977 1556 2248 1613 miracula
2277 1557 2580 1622 exponunt.

469 1652 834 1722 Posteaquam
880 1651 1049 1722 igitur
1101 1653 1251 1707 clare
1288 1667 1488 1707 nomen
1519 1651 1723 1707 Christi
1756 1651 1971 1722 publice

2090 1645 2311 1716 Ἐπειδὴ
2347 1617 2537 1696 τοίνυν
2587 1633 2856 1709 λαμπρῶς
2892 1630 2952 1684 τὸ
2998 1627 3174 1716 ὄνομα
3202 1621 3297 1677 τοῦ
3328 1619 3546 1716 ’Κυρίου
3575 1617 3676 1716 δῇηῖ-

402 1744 800 1814 praedicassent
831 1783 848 1810 ,
898 1751 953 1798 et
999 1758 1096 1814 per
1135 1743 1406 1812 ejusmodi
1468 1743 1801 1814 praeconium
1857 1757 1978 1796 sese

2099 1704 2252 1810 μοσίᾳ
2275 1704 2629 1805 κηρύξαντες,
2803 1723 2901 1796 ήδη
2954 1713 3282 1814 στεφανίτας
3323 1709 3550 1814 ἑαυτοὺς
3587 1704 3680 1814 διιά

399 1851 514 1905 jam
571 1835 858 1906 (victoriae
908 1834 1174 1906 nomine)
1204 1843 1498 1890 coronatos
1530 1849 1652 1890 esse
1705 1832 1980 1889 declaras-

400 1935 526 1982 sent
551 1967 566 1988 .
599 1935 652 1982 et
702 1925 991 1980 tenderent
1047 1926 1114 1981 ad
1151 1927 1350 1983 mortis
1399 1925 1932 1982 consummationem
1961 1965 1976 1991 ,

401 2019 495 2072 hic
533 2018 728 2072 modus
760 2017 1082 2073 certaminis
1124 2017 1206 2074 eis
1234 2017 1580 2088 excogitatus
1611 2024 1716 2072 est.
1749 2015 1982 2086 Imperat

404 2118 674 2180 tyrannus
697 2120 754 2164 ut
777 2110 898 2180 gelu
923 2110 1135 2164 athleta:
1157 2111 1458 2166 excruciati
1478 2109 1979 2180 cxstinguerentur.

405 2200 451 2256 0
505 2201 878 2254 infirmitatem
925 2200 1210 2256 verborum
1237 2207 1289 2256 et
1331 2200 1769 2256 sententiarum!
1806 2215 1982 2269 quan-

405 2303 521 2346 tum
551 2292 702 2346 abest
733 2306 760 2344 a
795 2292 1060 2362 dignitate
1082 2293 1294 2347 oratio!
1325 2291 1609 2346 Sententia
1641 2291 1834 2346 mortis
1866 2304 1982 2360 po:-

405 2398 533 2436 nam
566 2383 816 2452 irrogans
852 2389 906 2436 et
931 2384 1050 2452 gelu
1078 2422 1092 2445 ,
1124 2391 1178 2438 et
1217 2383 1567 2452 supplicium,
1600 2392 1654 2435 et
1703 2391 1986 2450 exspecta-

409 2477 488 2530 tio
521 2475 649 2529 talis
703 2488 921 2544 prensa:
965 2483 1020 2528 et
1058 2475 1216 2529 beata
1266 2475 1528 2545 juventus
1568 2488 1665 2544 per
1716 2472 1888 2527 risum
1931 2479 1984 2524 et

407 2564 593 2633 iocum
641 2571 695 2619 et
730 2564 1058 2618 hilaritatem
1105 2565 1172 2618 ad
1219 2565 1398 2619 locum
1458 2563 1714 2633 supplicii
1753 2569 1985 2616 conten-

409 2655 614 2722 debat;
647 2670 845 2711 cursus
877 2663 995 2710 erat
1027 2657 1358 2710 athletarum
1381 2655 1446 2708 ad
1480 2655 1832 2724 passionem;
1865 2667 1990 2707 cur-

409 2763 509 2802 sus
537 2755 591 2802 et
617 2762 774 2802 sacer
822 2757 875 2802 et
917 2746 1200 2812 incitatus,
1231 2754 1286 2800 et
1330 2747 1610 2801 contentio
1641 2742 1989 2816 prmripiendi

411 2853 674 2894 coronam
711 2837 1122 2893 confessionis:
1181 2852 1278 2908 par
1307 2838 1387 2891 eis
1415 2837 1655 2891 studium
1702 2835 1769 2889 ad
1813 2833 1989 2889 victo-

415 2929 552 2982 riam
583 2935 724 2994 erat,
773 2941 936 2980 nemo
991 2925 1160 2980 animi
1231 2925 1662 2995 promptitudine
1719 2923 1993 2994 posterior

416 3020 572 3074 visus
609 3026 722 3081 est;
775 3017 868 3072 sed
904 3016 1242 3071 unanimiter
1296 3017 1536 3070 universi
1581 3016 1686 3070 hoe
1721 3028 1990 3086 occupato

2084 1798 2184 1899 τῆς
2209 1798 2462 1893 τοιαύτης
2485 1819 2838 1891 ἀναρρήσεως
2865 1811 3157 1899 δείξαντες,
3188 1803 3428 1899 ἐχώρουν
3458 1801 3551 1852 ἐπὶ

2086 1887 2179 1972 διά
2211 1915 2303 1970 τοῦ
2351 1887 2920 1968 θανάτου-τελείωσιν,
2962 1897 3119 1964 οὗτος
3172 1897 3357 1958 αὐτοῖς
3406 1887 3679 1959 ἐπενοήθη

2086 2009 2186 2079 τῆς
2215 2005 2494 2076 ἀθλήσεως
2526 2003 2555 2055 ό
2585 1999 2810 2072 τρόπος·
2850 1993 3182 2065 Πρόσταγμα
3209 1985 3416 2079 γίνεται
3452 1979 3547 2079 τού
3579 1995 3681 2079 τυ-

2092 2072 2303 2174 ράννου,
2330 2072 2528 2166 κρυμῷ
2563 2093 2690 2154 τοὺς
2729 2085 2966 2158 ἀθλητὰς
3010 2075 3444 2174 τιμωρήσασθαι.
3478 2072 3678 2174 Γίλᾼτῆς

2089 2166 2368 2253 ἀσθενείας
2396 2188 2490 2242 καὶ
2509 2185 2616 2239 τῶν
2643 2182 2901 2257 ῥημάτων
2924 2178 3020 2232 καὶ
3043 2174 3153 2228 τῶν
3173 2167 3491 2242 νοημάτωνὶ
3514 2166 3682 2218 Ὀσον

2089 2283 2439 2338 ἀπολείπεται
2469 2278 2566 2348 τῆς
2593 2277 2750 2342 ἀξίας
2771 2275 2800 2326 ό
2827 2272 3019 2340 λόγοςί
3053 2267 3293 2321 Θανάτου
3326 2263 3678 2334 πρόσταγμα,

2091 2378 2186 2430 και
2222 2372 2450 2444 κρυμὸς,
2481 2369 2575 2424 καὶ
2613 2365 2873 2437 τιμωρίαν
2912 2362 3007 2416 καὶ
3034 2357 3328 2432 προσδοκία
3367 2354 3466 2423 τῆς
3494 2350 3682 2444 τ⁰⁵α⁶ῗ

2091 2485 2188 2538 της
2221 2441 2493 2527 κολάσεως
2513 2478 2528 2493 ⁶
2569 2460 2663 2513 καὶ
2683 2461 2717 2529 ή
2751 2454 2996 2528 μακαρία
3026 2452 3212 2522 νεότης
3255 2451 3312 2502 έν
3346 2445 3542 2515 γέλωτι
3585 2441 3686 2496 καὶ

2093 2535 2281 2630 παιδιᾷ
2313 2557 2409 2610 καὶ
2441 2553 2760 2625 φαιδρότητι
2806 2551 2897 2602 τῦν
2938 2547 3035 2617 τῆς
3083 2541 3352 2614 τιμωρίας
3407 2535 3682 2630 κατελάμ-

2095 2651 2222 2704 save
2248 2625 2438 2702 τόπονο
2464 2646 2662 2716 δρόμος
2709 2637 2777 2713 ἦν
2823 2635 3068 2708 ἀθλητῶν
3101 2633 3194 2687 επι
3225 2632 3285 2685 τδ
3319 2629 3519 2690 πάθος,
3553 2625 3678 2695 δρά-

2106 2760 2202 2815 μος
2231 2740 2375 2812 ίερός
2417 2755 2476 2792 τε
2525 2736 2620 2790 καὶ
2653 2734 2905 2793 σύντονος
2924 2747 2938 2764 ·
2967 2729 3062 2783 καὶ
3099 2721 3393 2796 φιλονεικία
3420 2719 3512 2773 τοῦ
3545 2734 3683 2788 προ-

2096 2807 2340 2903 αρπάσαι
2367 2829 2467 2899 τῆς
2497 2825 2782 2898 ὁμολογίας
2829 2822 2918 2876 τὸν
2963 2819 3221 2887 στέφανον
3241 2831 3254 2846 ·
3289 2813 3376 2882 ἴση
3418 2810 3553 2903 πρός
3584 2807 3682 2878 τὴν

2097 2899 2252 2994 νίκην
2285 2919 2352 2993 ἦν
2385 2921 2567 2982 αὐτοῖς
2604 2920 2637 2989 ή
2688 2914 2919 2985 σπουδή·
2960 2910 3135 2972 οὐδεὶς
3167 2906 3392 2976 ὕστερος
3421 2900 3574 2970 ὤφθη
3611 2899 3679 2968 τῇ

2099 3015 2394 3088 προθυμίᾳ·
2445 3011 2559 3065 ἀλλ’
2595 3005 2937 3080 ὁμοθυμαδὸν
2981 3001 3220 3062 ἅπαντες
3263 2995 3472 3049 τουτονὶ
3505 3006 3676 3044 κατα-

419 3112 572 3177 loco,
629 3110 864 3181 publicis
921 3109 1151 3178 perinde
1178 3107 1337 3178 quasi
1393 3107 1605 3162 balneis
1653 3075 1880 3162 vacaret
1897 3117 1995 3172 ,et

2099 3075 2362 3170 λαϐόντες·
2393 3104 2484 3157 τὸν
2535 3075 2720 3164 τόπον,
2772 3075 2908 3150 docet
2966 3091 3244 3165 δημοσίοις
3281 3088 3401 3142 τότε
3441 3085 3682 3154 λουτροῖς

415 3202 576 3274 quasi
617 3210 730 3255 tum
760 3201 863 3271 ipsi
909 3201 1131 3254 lavacro
1181 3214 1412 3268 corpora
1463 3199 1709 3253 curaturi
1738 3209 1792 3254 et
1834 3199 1995 3256 ablu-

421 3293 529 3348 turi
561 3301 746 3348 essent
770 3334 784 3356 ,
828 3291 973 3346 haud
1007 3297 1332 3346 cunctanter
1368 3289 1679 3343 tunicarum
1735 3289 1995 3342 amictum

419 3383 790 3454 deponebant,
833 3383 1044 3438 dictum
1085 3379 1218 3436 illud
1253 3379 1376 3434 Jobi
1409 3395 1602 3434 omnes
1633 3378 1952 3448 adjicientes
1981 3397 1994 3433 :

422 3476 566 3530 Nudi
603 3475 950 3530 introivimus
985 3473 1042 3528 in
1075 3472 1377 3535 mundum,
1423 3469 1554 3525 nudi
1593 3469 1660 3524 ad
1700 3484 1822 3525 eum
1849 3509 1864 3533 ,
1903 3467 1998 3540 qui

422 3573 442 3640 t_
475 3570 582 3624 huc
623 3567 763 3637 nos)
793 3565 1144 3630 introduxit,
1177 3563 1558 3629 abibimus“;
1594 3562 1732 3616 nihil
1793 3562 1999 3632 impor-

423 3668 662 3720 tavimus
727 3664 783 3718 in
815 3661 1102 3725 mundum,
1140 3674 1206 3713 ne
1239 3664 1532 3728 exportare
1571 3655 1794 3726 quidem
1836 3654 1999 3726 quid-

423 3774 584 3829 quam
613 3756 874 3811 debemus
901 3755 942 3784 "
967 3773 980 3807 :
1006 3752 1118 3806 imo
1149 3765 1278 3805 vero
1318 3747 1450 3802 nudi
1487 3746 1743 3817 ingressi,
1778 3747 2002 3802 thesau-

426 3867 613 3905 rorum
643 3865 711 3902 ex
741 3848 881 3901 bona
917 3843 1266 3899 confessione
1301 3841 1658 3895 collectorum
1714 3838 1859 3907 pleni
1900 3839 2000 3892 ab-

428 3941 651 3996 ibimus.
690 3936 816 3989 Haec
836 3935 1104 3998 dicentes,
1135 3941 1189 3986 et
1221 3929 1492 4000 ejusmodi
1526 3928 1712 3983 verbis
1738 3943 1857 3983 sese
1886 3929 2005 3983 ani-

429 4039 644 4088 mantes
673 4037 724 4083 et
753 4026 1142 4080 conlirmantes
1169 4061 1183 4088 ,
1235 4037 1436 4091 corpus
1499 4019 1689 4091 frigori
1725 4021 2004 4076 constrin-

431 4119 666 4192 gendum
711 4117 956 4176 dabant,
990 4129 1053 4168 ac
1085 4114 1478 4168 elementorum
1521 4111 1738 4182 quidem
1809 4121 2006 4167 natura

440 4210 808 4283 congelationi
840 4206 1230 4264 succumbebat
1261 4219 1274 4256 :
1301 4213 1602 4275 martyrum
1630 4218 1757 4258 vero
1786 4212 2005 4267 natura,

436 4304 593 4375 quasi
619 4301 883 4358 indomita
907 4309 1070 4368 atque
1101 4297 1302 4350 invicta
1335 4303 1474 4361 erat;
1508 4295 1619 4349 imo
1644 4311 1778 4350 vero
1801 4303 2009 4349 natura:

2097 3199 2443 3272 σχολάζοντα,
2464 3194 2541 3258 ὼς
2566 3193 2659 3248 καὶ
2687 3189 2841 3244 αὐτοὶ
2873 3185 3154 3259 μέλλοντες
3177 3181 3255 3252 τῷ
3283 3177 3491 3250 λουτρῷ
3510 3191 3684 3228 κατα-

2099 3268 2403 3365 φαιδρύνειν
2447 3287 2515 3341 τὰ
2563 3284 2822 3357 σώματα,
2869 3279 3100 3349 ἑτοίμως
3145 3275 3244 3346 τὴν
3287 3272 3395 3326 τῶν
3445 3268 3684 3365 χιτώνων

2099 3355 2388 3455 περιδολὴν
2416 3355 2752 3437 ἀπετίθεντο,
2773 3371 2833 3425 τὸ
2859 3370 2953 3424 τοῦ
2991 3367 3110 3422 ’1ὼὸ
3135 3365 3332 3426 πάντες
3359 3355 3685 3428 ἐπιφθεγγόσ

2104 3449 2281 3547 μενοι,
2305 3449 2387 3523 ὅτι
2414 3467 2615 3540 Γυμνοὶ
2645 3462 2963 3535 εἰσήλθομεν
2994 3460 3074 3522 είς
3099 3455 3194 3510 τὸν
3238 3453 3459 3523 κόσμον,
3487 3449 3692 3519 γυμνοὶΔ

2102 3541 2237 3634 πρὸς
2296 3562 2387 3616 τὸν
2453 3557 2815 3627 εἰσαγαγόντα
2880 3547 3329 3618 ἀπελευσόμεθα*
3377 3541 3687 3634 ούδὲνΑείσ-

2101 3628 2410 3728 ηνέγκαμεν
2444 3649 2523 3712 είς
2550 3646 2642 3701 τὸν
2680 3645 2905 3714 κόσμον,
2936 3639 3089 3694 οὐδὲν
3119 3634 3422 3703 ἐξενεγκεῖν
3455 3647 3508 3682 τι
3537 3628 3686 3698 ὀφεί-

2102 3721 2266 3817 λομεν
2285 3721 2525 3812 ’μᾶλλον
2552 3738 2608 3792 δὲ
2635 3736 2833 3807 γυμνοὶ
2861 3729 3211 3791 εἰσελθόντες,
3240 3724 3464 3817 πλήρεις
3494 3721 3686 3817 θησαυ·

2108 3809 2215 3908 ρι’ύν
2259 3809 2367 3887 των
2413 3834 2478 3885 ὲκ
2523 3829 2624 3900 τῆς
2669 3825 2876 3895 ἀγαθῆς
2921 3818 3208 3892 ὁμολογίας
3256 3809 3685 3880 ἀπελευσόμεθα.

2105 3905 2290 3984 Ταῦτα
2315 3923 2580 3994 λέγοντες,
2611 3919 2705 3973 καὶ
2737 3914 2998 3977 τοιούτοις
3041 3909 3266 3971 ἑαυτοὺς
3302 3905 3484 3973 λόγοις
3513 3919 3688 3972 παρα-

2107 4018 2480 4092 θαρσύνοντες,
2514 4013 2753 4066 ἐδίδοσαν
2782 4010 2850 4080 τῇ
2877 4003 3034 4092 πήξει
3074 4002 3134 4056 τὸ
3188 3999 3365 4070 σῶμα·
3402 3996 3498 4049 καὶ
3525 3997 3559 4066 ή
3593 3994 3688 4064 μὲν

2106 4113 2215 4167 τῶν
2266 4108 2541 4181 στοιχείων
2589 4105 2751 4174 φύσις
2795 4089 3183 4169 κατεκρατεῖτο
3227 4096 3294 4164 τῇ
3340 4090 3533 4162 πήξει·
3564 4090 3598 4156 ή
3632 4087 3688 4139 δὲ

2106 4201 2216 4256 τῶν
2244 4178 2534 4271 μαρτύρων
2573 4195 2752 4266 φύσις,
2779 4192 2855 4254 ὡς
2898 4187 3193 4248 ἀδούλωτος
3229 4180 3317 4254 ἦν·
3348 4180 3544 4271 μᾶλλον
3572 4178 3625 4231 δὲ
3655 4179 3688 4246 ή

2114 4293 2212 4364 μὲν
2249 4270 2412 4362 φύσις
2459 4289 2520 4342 τὸ
2562 4287 2761 4340 οίκείον
2801 4283 3028 4351 ἔπασχε,
3074 4275 3170 4331 καὶ¹
3201 4275 3270 4327 τὰ
3297 4270 3516 4342 ἀλγεινά
3553 4284 3688 4336 παρα

433 4397 652 4469 quidem
694 4394 769 4458 id,
825 4391 968 4464 quod
1012 4406 1110 4460 par
1141 4397 1195 4444 et
1224 4395 1650 4444 consentaneum
1679 4395 1794 4443 erat
1820 4429 1834 4452 ,
1860 4390 1995 4444 acci-

2111 4388 2359 4457 εδέχετοο
2404 4386 2438 4456 ή
2490 4383 2547 4436 δὲ
2587 4378 2925 4452 μεγαλοφυῖα
2960 4375 3066 4429 τῶν
3105 4371 3374 4443 ἀθλητῶν,
3421 4369 3515 4422 καὶ
3559 4364 3688 4435 πρὸς

435 4488 644 4541 debat:
699 4483 902 4555 quippe
961 4479 1241 4534 cruciatus
1330 4475 1579 4546 capiebat
1619 4493 1631 4529 :
1678 4476 2004 4529 athletarum

435 4593 566 4635 vero
596 4572 912 4646 magnitudo
959 4570 1126 4624 animi
1165 4568 1328 4624 etiam
1386 4565 1647 4622 adversus
1691 4567 1863 4637 ipsam
1911 4581 2008 4620 na-

437 4681 618 4726 turam
674 4663 1010 4720 decertabat.
1070 4659 1204 4714 Nam
1262 4660 1409 4715 vires
1478 4657 1698 4728 quidem
1762 4660 2009 4728 corporis

438 4758 853 4827 constringente
894 4755 1015 4826 gelu
1051 4751 1506 4806 contabescentes
1545 4748 1804 4818 paulatim
1831 4751 2010 4804 solve-

438 4854 638 4907 bantur
658 4859 713 4905 et
745 4846 1246 4906 consumebantur;
1280 4841 1448 4894 animi
1491 4855 1623 4895 vero
1660 4840 1814 4910 vigor
1839 4839 2014 4910 major

438 4944 742 5009 evadebat;
785 4937 1133 5010 nigrescebat
1173 4935 1393 5004 quidem
1433 4933 1604 4988 decor
1642 4932 1911 5002 corporis,
1949 4946 2014 4986 ac

441 5031 796 5107 pulchritudo
844 5026 1255 5086 deﬂorescebat.
1291 5033 1345 5079 et
1391 5023 1576 5078 carnis
1630 5022 1809 5077 bonus
1862 5020 2014 5075 color

440 5124 838 5188 evanescebat;
869 5121 1184 5177 defluebant
1207 5115 1361 5187 digiti
1393 5115 1514 5186 gelu
1547 5113 1808 5184 paulatim
1836 5112 2012 5182 carpti

443 5229 606 5287 atque
646 5214 815 5270 accisi
846 5252 862 5276 ,
911 5211 1264 5278 membraque
1299 5207 1480 5261 omnia
1523 5220 1586 5260 ac
1633 5221 1898 5260 sensuum
1926 5205 2015 5259 in—

445 5319 750 5376 strnmrnla
783 5305 990 5362 smvitia
1021 5302 1243 5373 frigoris
1277 5299 1480 5372 passim
1503 5297 1919 5369 frangebantur,
1953 5313 2018 5352 ac

444 5401 852 5456 dilabebantur.
899 5395 1198 5450 Liveseens
1261 5391 1407 5448 enim
1473 5405 1602 5444 caro
1655 5389 1915 5458 paulatim
1964 5395 2019 5444 et

448 5495 820 5548 intumescens
859 5503 983 5542 cum
1031 5487 1177 5540 circa
1235 5482 1479 5538 membra
1539 5479 1904 5546 scinderetur,
1949 5481 2018 5535 ab

447 5583 673 5640 ossibus
693 5580 986 5643 defluebat,
1024 5591 1088 5631 ac
1138 5572 1409 5630 mortiferi
1473 5571 1754 5628 cruciatus
1813 5573 2018 5628 sentie-

529 5764 569 5794 “
598 5759 699 5815 Job
742 5775 780 5820 1,
811 5756 898 5809 21.
981 5755 1059 5808 ¹²Ι
1098 5753 1335 5810 Timoth.
1371 5768 1443 5818 γι,
1476 5753 1528 5804 7.

2113 4477 2280 4549 αὐτὴν
2317 4477 2414 4547 τὴν
2455 4473 2615 4543 φύσιν
2660 4469 3025 4541 διηγωνίζετο.
3073 4465 3137 4518 Ἦ
3187 4463 3284 4535 μὲν
3323 4460 3430 4531 γὰρ
3467 4459 3690 4527 δύναμις

2114 4569 2256 4624 κατά
2290 4565 2482 4638 μικρὸν
2509 4563 2766 4626 διελύετο,
2801 4555 3167 4630 μαραινομένη
3208 4555 3302 4608 καὶ
3332 4548 3691 4621 δαπανωμένη

2114 4661 2201 4714 διὰ
2232 4661 2330 4731 τῆς
2358 4657 2607 4728 πήξεως·
2653 4656 2681 4708 ό
2716 4653 2771 4705 δὲ
2807 4652 2905 4722 τῆς
2940 4649 3118 4720 ψυχῆς
3136 4646 3306 4710 τόνος,
3347 4642 3549 4715 μείζων
3583 4638 3693 4708 έγί·

2117 4769 2237 4806 νετο
2255 4767 2268 4780 ⁸
2300 4749 2616 4820 ἐμελαίνετο
2647 4747 2744 4816 μὲν
2774 4746 2806 4814 ή
2839 4743 2958 4814 ὥρα
2988 4741 3080 4795 τού
3108 4738 3375 4809 σώματος,
3398 4734 3493 4788 καὶ
3519 4733 3694 4801 ἀπήν-

2115 4844 2197 4898 θει
2226 4843 2286 4897 τὸ
2311 4841 2526 4904 κάλλος,
2549 4840 2645 4893 καὶ
2676 4837 2736 4890 τὸ
2757 4836 2858 4906 τῆς
2885 4833 3088 4905 σαρκὸς
3111 4829 3340 4901 εὖχρουν
3360 4821 3700 4895 κατεμαραίι-

2113 4951 2265 4989 νετο·
2315 4932 2584 5004 ἀπέρρεον
2641 4927 2912 4991 δάκτυλοι,
2970 4924 3050 4996 τῷ
3101 4919 3297 4995 κρυμῷ
3347 4919 3469 4973 κατ’
3519 4916 3695 4983 ὀλίγον

2114 5023 2587 5096 περικοπτόμενοι,
2617 5019 2752 5091 μέλη
2793 5035 2855 5071 τε
2903 5016 3081 5070 πάντα
3123 5014 3218 5068 καὶ
3262 5008 3590 5079 αἰσθητήρια
3634 5006 3694 5096 τῇ

2115 5095 2310 5187 πικρίᾳ
2338 5113 2432 5168 τοῦ
2475 5112 2675 5185 κρύους
2707 5108 3120 5182 περιεθρύφετο.
3156 5099 3549 5170 Πελιδνουμένη
3584 5095 3694 5187 ,γὰρ

2123 5185 2243 5260 κατ’
2271 5185 2448 5273 ὀλίγον
2475 5204 2510 5274 ή
2555 5199 2710 5274 σὰρξ,
2744 5199 2837 5253 καὶ
2881 5195 3147 5251 διοιδοῦσα
3188 5194 3281 5249 καὶ
3317 5185 3692 5262 περιλακιζουη

2127 5296 2262 5367 μένη
2291 5298 2404 5358 τοῖς
2474 5295 2680 5365 μέλεσι,
2719 5292 2827 5345 τῶν
2874 5290 3073 5343 ὀστέων
3097 5287 3356 5358 ἀπέρῤεε,
3387 5282 3483 5335 καὶ⁵
3507 5279 3576 5333 τὰ
3602 5277 3690 5346 τῆς

2123 5388 2444 5458 νεκρότητος
2469 5386 2616 5456 πάθη
2647 5387 2704 5439 ὲν
2728 5386 2974 5458 αἰσθήσει
3007 5383 3238 5451 ἐδέχετο.
3266 5375 3373 5429 Καὶ
3397 5372 3570 5434 οὕτως
3596 5369 3690 5421 αὖ·

2123 5483 2234 5544 τοῖς
2261 5480 2402 5534 κατὰ
2434 5479 2628 5551 μικρὸν
2648 5481 2676 5533 ὁ
2705 5479 2930 5542 θάνατος
2954 5474 3155 5548 προϊὼν
3190 5467 3492 5541 ὲμηκύνετο
3520 5460 3693 5533 τρισὶν

2124 5571 2356 5644 ἡμέραις
2406 5573 2881 5644 παρατεινὸμενος.
2927 5570 3105 5641 Μέχρι
3147 5564 3254 5635 γὰρ
3308 5574 3558 5616 τοτουτου
3596 5553 3690 5622 τῆς
