4050 6164
377 285 486 343 769

1487 281 1556 338 IN
1611 279 2116 349 QUADRAGINTA
2155 278 2563 337 MAllTYRES.

3549 282 3652 341 Ι’70

377 399 690 470 αἰσθήσεως
737 384 1338 471 αὑτοῖςδιαρκούσης,
1391 397 1612 469 ἔμειναν
1667 400 1750 468 ἐφ’
1804 391 1871 469 ἦς
1915 396 1974 462 ἐξ

2082 400 2296 452 bantur.
2349 399 2524 468 Atque
2568 397 2641 450 ita
2677 409 2826 451 mors
2873 394 2954 451 eis
3013 394 3276 466 paulatim
3316 407 3380 448 ac
3445 398 3653 451 sensim

380 491 557 560 ἀρχῆς
597 487 899 559 ἐτάχθησαν
938 488 1159 553 τάξεως,
1200 488 1288 540 διὰ
1336 489 1551 542 πάντων
1581 487 1799 556 νικηταὶ
1833 487 1974 538 κατά

379 582 477 630 του
514 578 759 633 ὲναντίου
788 578 1082 647 γινόμενοι.
1125 577 1284 630 Ἀλλὰ
1309 577 1393 640 τίς
1425 577 1491 631 ἄν
1527 594 1616 646 μοι
1640 577 1706 630 τὰ
1732 577 1824 629 ἐπὶ
1851 577 1974 629 τού-

379 686 494 733 τοις
524 670 660 740 πρὸς
691 669 848 735 ἀξίαν
877 668 1291 739 ὲκδιηγήσαιτος
1326 667 1423 732 Τίς
1472 668 1780 740 ὑπογράψει
1819 668 1974 736 λόγος

379 763 477 834 τὴν
513 763 661 816 Θείαν
710 761 924 831 ἐκείνην
963 759 1207 831 πομπὴν,
1241 759 1330 814 ὅτε
1378 759 1447 813 τὰ
1481 758 1612 828 ἂγια
1655 759 1879 828 σώματα
1906 759 1972 812 δι’

384 855 610 924 ἁμαξῶν
646 853 738 906 ἐπὶ
771 853 832 906 τὸ
865 853 977 926 πῦρ
1003 851 1376 924 ὲπομπεύετο;
1415 852 1539 915 Πῶς
1572 851 1694 905 ἀντὶ
1720 851 1814 904 τοῦ
1845 851 1975 904 κλα-

381 946 574 1008 πέντος
605 943 728 997 ὑπὸ
780 943 874 997 τοῦ
915 943 1159 996 διαϐόλου
1206 941 1533 1013 ἀντεισήχθη
1571 940 1650 1011 τῷ
1688 940 1905 1012 ἀριθμῴ
1946 944 1976 995 6

379 1036 722 1109 δεσμοφύλαξ
748 1035 852 1088 ὑπὸ
878 1038 976 1106 τῆς
1003 1035 1258 1107 χάριτος;
1290 1034 1385 1099 Τίς
1417 1051 1506 1105 μοι
1532 1033 1844 1105 διηγήσεται
1875 1033 1973 1104 τὴν

384 1129 599 1200 μητέρα
626 1127 839 1197 ἐκείνην
890 1126 988 1197 τὴν
1032 1126 1190 1192 ἀξίαν
1247 1125 1342 1178 τοῦ
1399 1124 1674 1195 μάρτυρος
1722 1123 1903 1195 ῥίζαν,
1938 1125 1972 1193 ἢ

382 1218 814 1287 καταλειφθέντα
852 1218 956 1270 ὑπὸ
1002 1216 1096 1270 τοῦ
1134 1216 1329 1288 δημίου
1376 1215 1467 1268 τὸν
1508 1215 1568 1280 ἐξ
1605 1216 1792 1286 αὐτῆς,
1840 1214 1972 1268 διότι

379 1312 621 1382 ἔμπνους
645 1307 731 1381 ἦν,
759 1311 852 1362 καὶ
881 1309 968 1362 διὰ
997 1308 1154 1362 τοῦτο
1185 1308 1260 1379 μὴ
1290 1307 1666 1378 ἀναληφθέντα
1699 1308 1838 1378 μετά
1865 1307 1973 1360 τῶν

383 1404 563 1460 ἄλλων
594 1403 688 1457 ἐπὶ
715 1402 814 1474 τὴν
869 1402 1108 1474 ἄμαξαν,
1158 1399 1346 1472 ἐπειδὴ
1387 1396 1493 1453 εἶδε
1529 1400 1629 1471 τὴν
1670 1401 1972 1472 φιλανθρω-

380 1495 512 1548 πίαν
560 1491 652 1546 τοῦ
711 1491 905 1561 δημίου
952 1491 1046 1545 ἐπὶ
1100 1489 1191 1544 τὸν
1246 1490 1494 1561 ἀριστέα,
1528 1488 1628 1559 τὴν
1682 1487 1835 1558 ῦΰριν
1872 1489 1973 1540 οὐκ

376 1588 642 1658 ἤνεγκενο
683 1585 796 1638 ἀλλ’
832 1587 1036 1638 ἐκεῖνον
1081 1584 1182 1654 μὲν
1231 1581 1508 1653 ἐλοιδόρει,
1556 1581 1638 1634 ὃτι
1681 1581 1788 1635 τῶν
1842 1597 1971 1635 συν-

377 1677 695 1746 αγωνιστῶν
727 1675 816 1729 τὸν
855 1676 1094 1747 ἀθλητὴν
1116 1675 1520 1745 ἀπεσχοίνισεν·
1550 1671 1686 1743 αὕτη
1710 1672 1768 1725 δὲ
1795 1688 1973 1742 παρα-

2086 491 2446 560 progrediens
2501 488 2946 561 protrahebatur,
2983 489 3161 542 tribus
3197 487 3393 543 diebus
3424 488 3652 544 durans.

2080 579 2216 634 Nam
2251 583 2318 636 ad
2351 583 2402 635 id
2432 597 2609 650 usque
2652 581 2888 650 spatium
2951 594 3116 635 sensu
3152 594 3340 634 eorum
3381 578 3613 634 durante
3637 621 3653 646 ,

2081 682 2406 729 manserunt
2458 673 2512 728 in
2552 687 2618 729 eo
2665 674 2786 727 loco
2830 672 2886 726 in
2925 687 3032 742 quo
3086 672 3154 726 ab
3209 671 3365 726 initio
3402 670 3654 726 collocati

2080 774 2260 832 erant,
2319 781 2419 837 per
2452 766 2633 820 omnia
2703 763 3000 820 adversarii
3053 763 3294 818 victores
3326 763 3648 819 evalentes.

2083 856 2190 914 Sed
2235 859 2361 928 quis
2395 857 2530 911 mihi
2559 871 2643 921 ea,
2685 870 2805 926 quae
2855 861 3154 908 consecuta
3215 861 3342 908 sunt
3382 893 3397 917 ,
3447 868 3546 922 pro
3574 853 3657 906 di-

2081 946 2287 1017 gnitate
2328 960 2598 1016 exponere
2641 944 2861 1015 possit?
2897 943 3153 1008 Quaenam
3200 942 3378 998 oratio
3415 943 3657 996 divinam

2080 1038 2230 1092 illam
2285 1053 2536 1108 pompam
2569 1037 2842 1092 describet
2876 1050 3002 1089 cum
3051 1042 3240 1088 sancta
3290 1034 3382 1088 illa
3423 1048 3654 1104 corpora

2081 1129 2344 1199 plaustris
2385 1127 2454 1182 ad
2486 1128 2667 1198 ignem
2695 1123 3080 1181 veherentur?
3133 1123 3250 1190 Qua
3301 1125 3518 1178 ratione
3558 1141 3659 1194 pro

2078 1232 2146 1272 eo
2177 1217 2268 1288 qui
2299 1218 2368 1272 ab
2411 1216 2631 1272 diabolo
2660 1215 2967 1272 subductus
2996 1221 3138 1279 erat,
3191 1211 3257 1266 ad
3288 1214 3655 1282 supplendum

2083 1324 2375 1364 numerum
2442 1320 2632 1365 custos
2703 1309 2944 1363 carceris
3001 1322 3030 1358 a
3078 1304 3253 1374 gratia
3307 1305 3660 1359 introductus

2078 1411 2132 1458 et
2158 1402 2383 1471 reliquis
2438 1402 2728 1471 adjunctus
2779 1401 2896 1456 sit?
2936 1399 3069 1466 Quis
3127 1398 3257 1452 mihi
3320 1407 3552 1466 exponet
3591 1400 3658 1452 de

2081 1499 2258 1548 matre
2306 1492 2406 1546 illa
2433 1532 2447 1555 ,
2486 1493 2649 1563 digna
2700 1507 2823 1561 quae
2856 1503 3150 1561 martyrem
3207 1488 3530 1559 produxerit
3571 1504 3661 1540 ra-

2079 1584 2226 1652 dice,
2276 1597 2399 1653 qute
2425 1598 2492 1638 ex
2521 1597 2642 1638 sese
2675 1589 2805 1637 nato
2853 1597 2883 1636 a
2939 1584 3197 1638 carniﬁce
3243 1581 3434 1636 relicto
3469 1621 3484 1646 ,
3517 1595 3640 1651 pro-

2079 1685 2269 1747 pterea
2293 1674 2439 1746 quod
2459 1675 2624 1730 etiam
2654 1689 2802 1728 nunc
2825 1675 3078 1744 spiraret,
3103 1683 3159 1730 et
3184 1673 3391 1728 idcirco
3414 1689 3536 1727 cum
3554 1687 3660 1727 ca:-

382 1769 556 1822 στᾶσα
590 1766 668 1837 τῷ
712 1766 974 1838 μάρτυρι,
1011 1766 1111 1837 ἥδη
1159 1765 1518 1836 νεναρκηκότι
1564 1764 1659 1818 καὶ
1705 1764 1974 1834 ἀκινήτως

2079 1768 2211 1824 teris
2241 1767 2296 1822 in
2333 1767 2644 1836 plaustrum
2669 1764 2920 1819 sublatus
2958 1780 3069 1818 non
3099 1772 3265 1827 esset,
3308 1773 3368 1818 ut
3389 1763 3525 1817 vidit
3558 1764 3659 1817 hu-

383 1859 489 1914 ὑπὸ
513 1859 612 1928 τῆς
643 1857 856 1929 πήξεως
888 1858 1080 1927 ἔχοντι,
1111 1857 1204 1910 καὶ
1236 1856 1419 1910 ίδοῦσα
1461 1854 1654 1928 ψυχρῴ
1692 1857 1786 1909 καὶ
1812 1855 1972 1909 ἀσθε-

380 1954 464 2004 νεῖ
488 1951 566 2019 τῷ
598 1950 837 2021 ἄσθματι
875 1949 1250 2020 συνεχόμενον,
1288 1949 1539 2002 τοσοῦτον
1578 1948 1755 2014 ζῶντα
1792 1947 1972 2019 μόνον,

381 2043 502 2095 ὅσον
526 2042 634 2095 τῶν
662 2040 924 2110 ἀλγεινῶν
951 2039 1392 2106 ὲπαισθάνεσθαι,
1419 2039 1647 2111 ἀμυδρῷ
1675 2040 1768 2092 καὶ
1800 2055 1977 2108 μεμα-

382 2133 640 2205 ρασμένῳ
684 2133 761 2202 τῷ
791 2131 1061 2203 βλέμματι
1112 2131 1208 2203 τὴν
1263 2131 1473 2204 μητέρα
1515 2130 1708 2185 ἑαυτοῦ
1744 2131 1976 2184 ὑποϐλέ-

381 2240 572 2287 ποντα,
609 2224 777 2293 νεκρᾷ
811 2221 907 2275 καὶ
949 2220 1214 2293 ἀτονούσῃ
1263 2223 1328 2292 τῇ
1383 2220 1527 2291 χειρὶ
1570 2215 1881 2272 διανεύοντά
1915 2233 1976 2269 τε

382 2318 480 2372 καὶ
531 2313 1044 2386 παραμυθούμενον,
1103 2311 1398 2382 ὑποφέρειν
1455 2310 1716 2380 γενναίως
1769 2325 1977 2381 παρεγ-

383 2408 633 2477 γυῶντα;
678 2404 897 2474 Ἐπειδὴ
965 2400 1139 2456 ταῦτα
1192 2395 1332 2454 εῑδεν
1397 2401 1431 2470 ἡ
1495 2401 1712 2471 μήτηρ,
1766 2393 1878 2470 ἆρά
1922 2415 1977 2451 τι

383 2496 554 2550 ἔπαθε
610 2493 906 2566 μητρικόν;
939 2489 1088 2566 τΑρα
1122 2491 1444 2563 συνεκινήθη
1489 2491 1560 2545 τά
1608 2490 1909 2562 σπλάγχνα,
1939 2492 1974 2563 ἢ

382 2589 474 2642 τὸν
524 2586 725 2658 χιτῶνα
775 2583 1195 2656 περιερρήξατο,
1242 2583 1276 2655 ἦ
1325 2582 1622 2654 περιεχύθη
1669 2583 1745 2654 τῷ
1779 2585 1976 2655 τέκνῳ,

383 2678 615 2750 θερμαῖς
658 2679 776 2740 ταῖς
823 2675 1051 2737 ὠλέναις
1091 2675 1183 2730 τὸν
1229 2675 1516 2746 μαρασμὸν
1572 2675 1976 2743 ὲπιθάλπουσα;

389 2770 626 2838 Ἄπαγε.
652 2768 762 2822 Καὶ
789 2767 852 2820 τὺ
873 2768 1044 2819 εἰπεῖν
1066 2783 1120 2819 τι
1143 2764 1402 2828 τοιοῦτον,
1427 2764 1532 2819 τῶν
1560 2765 1777 2835 ἀτόπων
1810 2767 1978 2822 ἐστίν.

392 2860 601 2924 Ὄντως
642 2863 707 2914 ἐκ
739 2859 833 2913 τοῦ
885 2857 1098 2930 καρποῦ
1147 2858 1208 2911 τὸ
1260 2857 1474 2930 δένδρον
1508 2857 1979 2930 ὲπιγινὼσκομεψ

2078 1860 2396 1916 manilatem
2445 1856 2725 1911 carniﬁcis
2754 1871 2882 1926 erga
2916 1856 3089 1910 virum
3122 1855 3336 1920 fortem,
3372 1862 3659 1909 contume-

2077 1953 2206 2007 liam
2232 1965 2341 2006 non
2378 1949 2538 2004 tulit:
2577 1949 2672 2004 sed
2705 1948 2855 2002 illum
2890 1948 3110 2018 quidem
3143 1948 3481 2017 increpabat,
3513 1947 3660 2017 quod

2075 2058 2108 2098 a
2138 2040 2610 2099 commilitonibus
2639 2047 2693 2094 et
2727 2039 2956 2108 collegis
2981 2039 3240 2094 athletam
3270 2046 3656 2110 segregasset;

2078 2134 2199 2204 ipsa
2231 2146 2358 2187 vero
2403 2131 2629 2202 martyri
2684 2129 2954 2186 assistens
2993 2129 3231 2199 torpenti
3267 2129 3380 2200 jam
3437 2139 3492 2185 et
3545 2145 3658 2200 pra:

2078 2207 2460 2294 congelatione
2487 2221 2780 2284 immobili,
2821 2236 2886 2277 ac
2914 2222 3232 2292 conspicata
3281 2236 3408 2277 eum
3458 2219 3662 2292 frigido

2077 2320 2242 2382 atque
2280 2311 2500 2366 inﬁrmo
2530 2309 2773 2365 anhelitu
2793 2309 3090 2374 coarctari,
3151 2318 3362 2364 tantum
3393 2310 3658 2364 duntaxat

2075 2402 2371 2466 viventem,
2399 2408 2460 2456 ut
2489 2401 2768 2456 cruciatus
2788 2401 3034 2464 sentiret,
3056 2401 3293 2456 obscuro
3340 2415 3405 2455 ac
3446 2402 3656 2474 langui-

2079 2494 2150 2550 do
2185 2494 2382 2549 obtutu
2416 2502 2646 2548 matrem
2695 2509 2848 2549 suam
2886 2493 3283 2565 aspicientem,
3317 2503 3567 2549 emortua
3594 2510 3668 2550 ac-

2080 2584 2342 2655 languida
2389 2599 2556 2639 manu
2616 2585 2931 2641 innuentem
2960 2594 3014 2641 et
3070 2587 3465 2649 consolantem,
3495 2595 3552 2642 et
3601 2596 3660 2641 ut

2081 2677 2298 2733 fortiter
2325 2676 2494 2732 ferret
2518 2677 2871 2733 hortantem?
2904 2677 2972 2733 Ut
2996 2678 3112 2732 haec
3143 2685 3317 2734 mater
3333 2677 3490 2746 vidit,
3518 2694 3660 2734 nun-

2083 2768 2214 2839 quid
2258 2767 2530 2839 ejusmodi
2570 2768 2816 2838 aliquid,
2870 2770 3032 2840 quale
3078 2769 3350 2826 matribus
3401 2770 3652 2826 accidere

2083 2861 2268 2927 solet,
2319 2859 2582 2915 admisit?
2613 2859 2872 2930 Nunquid
2936 2862 3146 2918 viscera
3195 2865 3316 2934 ejus
3383 2876 3660 2925 commota

381 2952 448 3010 οὐ
510 2950 736 3005 δύναται
777 2949 995 3020 δένδρον
1036 2947 1244 3020 σαπρὸν
1289 2949 1535 3020 καρποὺς
1578 2949 1778 3014 καλοὺς
1827 2951 1974 3022 ποιῆ-

2084 2958 2259 3014 sunt,
2294 2958 2390 3004 aut
2421 2950 2663 3005 tunicam
2705 2953 3106 3020 circumscidit,
3138 2966 3233 3011 aut
3261 2957 3374 3014 ﬁlio
3421 2960 3660 3016 circum-

393 3058 502 3094 σαι.

2086 3043 2210 3098 fusa
2232 3049 2346 3105 est,
2374 3043 2570 3099 calidis
2599 3045 2748 3101 ulnis
2780 3054 3054 3116 torporem
3082 3064 3150 3104 ac
3177 3049 3540 3108 defeetionem
3571 3070 3658 3110 re-

391 3143 586 3195 fovens
618 3144 670 3190 et
699 3133 1016 3190 refocillans
1040 3135 1064 3188 ?
1091 3133 1333 3190 Remove
1367 3134 1584 3190 isthaac.
1613 3133 1788 3189 Etiam
1817 3135 2002 3192 dicere
2043 3137 2249 3208 aliquid
2297 3135 2570 3207 ejusmodi
2621 3138 2925 3194 absurdum
3001 3150 3106 3198 est.
3177 3143 3254 3198 Ex
3325 3145 3507 3202 fructu
3580 3165 3660 3204 re-

397 3241 524 3282 vera
556 3226 808 3280 arborem
846 3223 1240 3295 cognoscimus
1273 3239 1286 3276 :
1329 3240 1440 3279 non
1477 3231 1664 3294 potest
1699 3225 1866 3280 arbor
1887 3226 2072 3296 putris
2101 3236 2157 3283 et
2191 3228 2394 3282 vitiosa
2431 3227 2608 3284 bonos
2646 3227 2862 3285 fructus
2892 3231 3220 3301 producere.

476 3317 628 3371 Ἐπεὶ
656 3313 748 3371 οὖν
775 3316 805 3368 6
837 3316 1051 3388 καρπὸς
1075 3317 1175 3386 τῆς
1206 3316 1507 3387 μαρτυρίας
1539 3317 1722 3381 καλὸς,
1754 3319 1974 3374 ἐπαίνε-

2150 3319 2421 3386 Quoniam
2451 3320 2617 3390 igitur
2647 3320 2862 3376 fructus
2896 3326 3145 3396 martyrii
3165 3327 3342 3386 bonus
3364 3338 3468 3399 est,
3496 3332 3659 3388 lauda

393 3429 484 3464 σον
510 3411 610 3480 τὴν
627 3409 978 3481 ἀριστοτόκον
1012 3409 1244 3480 μητέρα,
1275 3411 1374 3479 τὴν
1403 3409 1490 3463 διὰ
1505 3411 1603 3481 τῆς
1627 3411 1973 3480 τεκνογονίας

391 3503 724 3575 σωζομένην,
765 3500 947 3564 καθώς
975 3517 1138 3570 φησιν
1166 3503 1194 3554 ὁ
1235 3502 1572 3564 Ἀπόστολος.
1620 3487 1836 3574 Ἐπειδὴ
1862 3504 1972 3576 γὰρ

390 3593 628 3648 τοιοῦτον
673 3594 984 3666 παρέστησε
1023 3591 1102 3662 τῷ
1143 3591 1262 3662 Θεῷ
1304 3591 1395 3646 τὸν
1426 3594 1656 3667 καρπὸν,
1701 3595 1840 3666 ὑπὲρ
1873 3596 1972 3665 τῆς

386 3688 575 3760 ’κοινῆς
595 3687 702 3741 τῶν
727 3684 1000 3755 γυναικῶν
1024 3683 1401 3756 ἀπελογήσατο
1423 3685 1656 3755 φύσεως.
1683 3687 1796 3740 Οὐκ
1818 3686 1970 3758 ἐμὸν,

390 3779 546 3852 φησὶ,
575 3778 762 3833 τέκνον
795 3777 858 3831 σύ
883 3795 895 3809 ⁸
921 3777 981 3830 ού
1008 3777 1106 3848 τῆς
1135 3777 1275 3848 ἐμῆς
1303 3778 1490 3840 ὠδῖνος
1517 3777 1807 3848 βλάστημα
1837 3795 1850 3808 ·
1880 3778 1972 3830 τὸν

389 3872 524 3927 Θεὸν
548 3867 862 3940 δεξάμενος,
889 3869 1030 3923 κατά
1050 3868 1182 3921 Θεὸν
1211 3868 1525 3940 ἐγεννήθης.
1563 3869 1792 3934 Ἐλαὸες
1817 3868 1971 3935 ἐξου-

393 3963 514 4016 σίαν
551 3961 742 4015 τέκνον
787 3958 923 4012 Θεοῦ
985 3959 1260 4028 γενέσθαι.
1315 3959 1498 4032 Δράμε
1565 3960 1698 4032 πρὸς
1740 3961 1832 4014 τὸν
1881 3960 1972 4014 σὺν

393 4052 654 4125 Πατέρα,
705 4049 780 4122 μὴ
814 4049 1182 4120 καταλειφθῇς
1216 4051 1367 4122 παρὰ
1410 4051 1518 4104 τῶν
1548 4052 1844 4122 ὁμηλίκων,
1898 4053 1972 4123 μὴ

391 4145 643 4215 δεύτερος
677 4145 769 4196 ἐπὶ
797 4142 888 4196 τὸν
920 4141 1182 4209 στέφανον
1216 4142 1404 4215 ἔλθῃς,
1436 4143 1511 4214 μὴ
1539 4144 1703 4215 ἀτελῆ
1739 4146 1972 4215 ποιήσῃς

397 4234 660 4308 μητρῴαν
705 4235 872 4304 εὐχήν
898 4249 911 4262 ·
945 4231 1005 4285 οὐ
1043 4230 1305 4302 λυπήσεις
1356 4233 1600 4304 μητέρα,
1650 4234 1973 4304 στεφανίτης

393 4323 490 4375 καὶ
512 4320 738 4392 νικητὴς
777 4320 872 4373 καὶ
907 4319 1308 4390 τροπαιοφόρος
1333 4321 1644 4392 γενόμενος.
1676 4323 1862 4375 Ταῦτα
1892 4324 1972 4377 λέ-

394 4431 599 4485 γουσα,
633 4415 728 4467 καὶ
748 4413 886 4484 ὑπὲρ
911 4412 1009 4482 τὴν
1037 4414 1197 4482 φύσιν
1224 4413 1421 4484 ἑαυτὴν
1441 4414 1744 4480 τονὼσασα,
1775 4417 1973 4486 μᾶλλον

393 4509 452 4562 δὲ
482 4506 778 4571 τονωθεῖσᾳ
800 4505 907 4558 ὑπὸ
934 4505 1030 4558 τοῦ
1063 4504 1400 4575 Πνεῦματος,
1435 4506 1572 4578 αὑτὴ
1601 4507 1692 4561 τὸν
1723 4507 1781 4573 ἐξ
1803 4509 1972 4578 αὐτῆς

399 4599 538 4671 μετά
565 4597 672 4652 τῶν
711 4596 913 4651 λοιπῶν
946 4598 1176 4669 ὲπὶςτὴν
1216 4598 1432 4669 ἀπήνην
1470 4598 1722 4662 ἀπέθετο,
1765 4601 1974 4671 φαιδρῷ

395 4690 474 4761 τῷ
502 4687 780 4761 προσώπῳ
802 4689 896 4742 τοῦ
920 4688 1152 4760 ἀθλητοῦ
1172 4690 1661 4762 προπομπεύουσα.
1689 4693 1769 4746 Τά
1795 4693 1851 4746 δὲ
1882 4695 1976 4747 ἐπὶ

396 4783 608 4847 τούτοις
640 4779 768 4847 οἵας
812 4782 1145 4852 Ἐνήθλησαν
1171 4783 1248 4853 τῷ
1281 4783 1404 4855 ἀέρι
1441 4785 1492 4836 oi.
1527 4784 1674 4852 ἅγιοι
1698 4825 1713 4849 ,
1742 4786 1976 4854 ήγίασαν

401 4876 496 4929 καὶ
519 4875 579 4929 τὸ
607 4875 719 4946 πῦρ
741 4877 807 4946 τῇ
843 4873 1050 4927 ἑαυτῶν
1073 4874 1380 4947 προσθήκῃ,
1416 4875 1514 4947 ὕλη
1542 4879 1608 4946 τῇ
1642 4876 1800 4944 φλογὶ
1828 4878 1982 4946 γενό-

405 4984 576 5038 μενοι.
618 4968 897 5034 Ἤνεγκαν
928 4965 1023 5017 καὶ
1055 4965 1146 5017 ἐπὶ
1177 4965 1238 5018 τὸ
1271 4965 1415 5038 ὓδωρ
1450 4966 1550 5038 τὴν
1584 4967 1853 5036 εὐλογίαν.
1882 4967 1980 5023 Διά

402 5056 622 5110 πάντων
655 5054 958 5126 ἐπληροῦτο
1009 5055 1078 5109 τὰ
1122 5055 1240 5108 θεῖα
1288 5056 1462 5126 λόγια.
1501 5059 1562 5111 οε
1599 5061 1748 5126 τρεῖς
1791 5058 1980 5122 παῖδες

405 5145 1042 5218 συμπαραλαμϐάνουσιν
1074 5146 1154 5209 εἰς
1179 5145 1276 5218 τὴν
1303 5148 1490 5219 κοινὴν
1527 5148 1853 5219 ὑμνολογίαν
1873 5149 1980 5218 ψύ-

404 5254 498 5310 χος
525 5239 617 5290 καὶ
639 5235 826 5306 καῦμα
847 5251 860 5264 ⁸
884 5234 945 5288 τὸ
965 5234 1154 5305 ψύχος,
1180 5234 1270 5289 διὰ.
1295 5236 1394 5306 τῆς
1414 5234 1631 5307 πήξεως
1646 5254 1660 5267 ·
1686 5237 1748 5290 τὸ
1767 5237 1979 5307 καῦμα,

403 5326 496 5380 διά
522 5326 618 5397 τῆς
644 5325 891 5389 καύσεως
911 5341 925 5356 °
963 5320 1087 5378 ὲῐτα
1112 5323 1324 5396 διῆλθον
1349 5325 1440 5384 διὰ
1456 5325 1625 5396 πυρὸς
1646 5327 1741 5380 καὶ
1769 5326 1978 5392 ὓδατος.

418 5412 559 5468 Ἀλλ’
602 5414 858 5484 ἐπιθυμεῖ
886 5412 1058 5467 ταῦτα
1085 5411 1162 5477 ὡς
1221 5415 1511 5484 γνωσμένα
1540 5417 1919 5488 παραδραμεῖν
1953 5419 1981 5470 ὁ

403 5503 582 5574 λόγος,
605 5504 699 5556 καὶ
718 5503 844 5573 περί
864 5521 1007 5567 τινος
1021 5502 1128 5557 τῶν
1150 5502 1340 5575 πρώην
1357 5502 1700 5577 ζητουμένων
1726 5507 1783 5562 ὲν
1805 5505 1984 5577 καιρῷ

482 5684 528 5717 ¹⁸
558 5685 574 5738 l
601 5683 820 5748 Tim.lt,
845 5683 933 5738 15.

2074 3412 2298 3481 optima:
2323 3412 2495 3483 prolis
2532 3420 2786 3478 matrem,
2813 3429 2935 3484 quae
2963 3431 3059 3484 per
3090 3417 3184 3471 ﬁlii
3223 3427 3658 3489 procreationem

2073 3510 2357 3568 servatur,
2410 3512 2470 3557 ut
2534 3503 2715 3572 inquit
2768 3504 3066 3574 Apostolus
3091 3507 3152 3561 ".
3189 3510 3459 3574 Quoniam
3511 3517 3656 3568 enim

2074 3594 2235 3647 talem
2277 3593 2386 3648 Deo
2426 3594 2664 3647 fructum
2700 3594 2998 3664 produxit,
3050 3611 3393 3654 communem
3443 3601 3657 3659 feminei

2074 3691 2240 3734 sexus
2272 3694 2498 3734 causam
2530 3679 2795 3738 defendit.
2841 3681 2960 3736 Non
3020 3700 3210 3752 meus,
3263 3688 3474 3759 inquit,
3515 3691 3660 3747 filius

2072 3782 2132 3823 es
2184 3776 2242 3822 tu
2287 3785 2441 3826 :non
2500 3772 2604 3826 mei
2644 3780 2835 3842 partus
2866 3788 3128 3844 germen:
3175 3781 3432 3849 quoniam
3485 3781 3656 3838 Deum

2073 3861 2363 3931 recepisti,
2395 3863 2698 3920 secundum
2736 3863 2904 3922 Deum
2936 3875 3099 3925 natus
3133 3885 3214 3926 es.
3250 3871 3525 3945 Accepisti
3558 3893 3657 3948 pc-

2072 3961 2327 4009 testatem
2359 3962 2419 4008 ut
2447 3955 2594 4011 ﬁlius
2620 3956 2713 4011 Dei
2747 3957 2866 4012 ﬁas.
2907 3958 3079 4017 Curre
3105 3963 3175 4018 ad
3214 3961 3430 4021 Patrem
3477 3976 3654 4037 tuum,

2075 4059 2144 4098 ne
2190 4045 2520 4115 relinqueris
2550 4047 2616 4102 ab
2645 4047 2755 4103 tuis
2789 4050 3017 4115 coaevis,
3048 4067 3114 4108 ne
3155 4057 3432 4114 secundus
3469 4060 3536 4114 ad
3567 4077 3657 4115 co-

2074 4149 2261 4187 ronam
2296 4135 2502 4200 venias,
2534 4151 2604 4190 ne
2637 4136 2852 4190 irritum
2896 4138 3062 4195 facias
3097 4151 3281 4198 votum
3314 4157 3656 4213 maternum;

2073 4240 2182 4280 non
2219 4225 2479 4292 oﬁendes,
2521 4244 2629 4282 non
2658 4229 2905 4284 molestia
2947 4231 3148 4289 ailicics
3185 4247 3439 4303 matrem,
3495 4241 3542 4294 si
3575 4246 3658 4296 vi-

2075 4326 2194 4372 ctor
2230 4331 2549 4382 coronatus,
2587 4322 2633 4375 si
2687 4323 2863 4377 victor
2899 4331 2951 4379 et
2995 4326 3358 4396 triumphator
3394 4334 3655 4386 evaseris.

2076 4409 2200 4465 llmc
2241 4410 2429 4468 dicens
2477 4423 2530 4468 et
2576 4415 2717 4469 ultra
2750 4415 2988 4488 (sexus)
3026 4427 3275 4471 naturam
3323 4435 3443 4476 sese
3486 4423 3656 4477 obﬁr-

2075 4518 2253 4571 mans,
2304 4504 2414 4560 imo
2451 4521 2582 4561 vero
2637 4508 2895 4563 roborata
2937 4525 2965 4562 a
3015 4508 3265 4580 Spiritu,
3313 4510 3429 4581 ipsa
3475 4529 3540 4568 ex
3597 4530 3656 4569 se

2076 4604 2264 4650 natum
2305 4597 2372 4652 ad
2409 4600 2650 4670 reliquos
2697 4601 2752 4655 in
2814 4601 3115 4655 vehiculum
3158 4601 3429 4671 imponit,
3487 4605 3654 4659 alacri

2010 4669 2052 4724 D
2081 4689 2234 4743 vultu
2270 4669 2610 4761 prosequens
2631 4707 2697 4746 ac
2729 4691 3007 4747 deducens
3054 4669 3336 4747 athletam.
3364 4691 3494 4760 Qua:
3523 4709 3656 4750 con-

2070 4791 2260 4837 secuta
2294 4793 2424 4839 sunt
2464 4785 2686 4855 qualia?
2738 4785 3102 4840 Certaverunt
3153 4787 3204 4840 in
3264 4801 3391 4842 aere
3445 4791 3652 4851 sancti,

2075 4876 2566 4930 sanctiﬁcaverunt
2607 4877 2773 4931 etiam
2815 4875 2994 4946 ignem
3037 4877 3122 4932 sui
3173 4877 3498 4948 atljcctione,
3538 4895 3655 4933 ma-

2076 4965 2215 5017 teria
2257 4963 2486 5018 ﬂamma:
2532 4963 2684 5018 facti.
2721 4963 2990 5020 Tulerunt
3015 4966 3181 5020 etiam
3236 4966 3303 5020 ad
3333 4981 3529 5037 aquam
3557 4969 3654 5024 be-

2076 5053 2485 5120 nedictionem;
2521 5069 2618 5124 per
2652 5054 2836 5107 omnia
2880 5053 3253 5122 implebantur
3293 5055 3478 5109 divina
3530 5072 3656 5110 ora.-

2082 5144 2225 5198 cnla.
2269 5142 2406 5198 Tres
2447 5145 2522 5199 illi
2559 5145 2711 5214 pueri
2756 5144 2823 5198 ad
2878 5159 3225 5199 communem
3280 5144 3500 5199 laudum
3561 5145 3656 5200 de—

2081 5235 2448 5290 cantationem
2478 5252 2585 5291 una
2615 5247 2905 5291 assumunt
2931 5234 3103 5305 frigus
3133 5246 3190 5290 et
3219 5246 3412 5292 trstum
3443 5256 3456 5292 :
3483 5236 3658 5308 frigus

2083 5340 2181 5395 per
2212 5325 2674 5392 congelationcm,
2705 5334 2899 5380 astum
2942 5341 3039 5395 per
3060 5327 3498 5384 combustionem
3523 5347 3536 5383 :
3561 5329 3656 5384 de-

2083 5415 2211 5470 inde
2239 5417 2576 5470 transierunt
2611 5432 2708 5487 per
2732 5417 2909 5486 ignem
2950 5426 3004 5470 et
3038 5433 3256 5487 aquam.
3291 5418 3489 5475 Verum
3544 5419 3657 5474 hrec

2084 5513 2345 5578 tanquam
2370 5515 2497 5564 nota
2523 5507 2843 5579 praetervehi
2874 5509 3025 5578 cupit
3059 5511 3258 5578 oratio,
3285 5528 3348 5568 ac
3376 5512 3444 5568 de
3474 5512 3657 5584 aliqua
