4050 6164
455 291 557 342 ’ΠΙ

1774 282 1835 344 S.
1864 279 2193 340 GREGORII
2231 278 2528 336 NYSSENI

3585 278 3695 336 772

453 420 642 463 earum
677 403 1042 475 quaestionum
1064 416 1184 473 quae
1226 416 1398 472 nuper
1424 412 1589 457 moue
1616 410 1765 471 sunt,
1789 418 1933 458 nunc
1962 402 2017 457 in

2125 399 2219 453 νῦν
2246 399 2518 466 ἐξετάσαι·
2560 399 2687 452 Ὅτε
2726 394 2995 468 ἐξωρίσθη
3033 394 3133 450 τοῦ
3165 393 3494 468 παραδείσου
3537 398 3567 451 ὁ
3601 395 3696 450 ἀν-

454 506 698 566 tempm'e
737 496 1014 551 disserere
1051 502 1216 564 atque
1243 501 1496 548 tractare.
1536 493 1897 563 Posteaquam
1928 495 2025 548 ho-

453 603 546 643 mo
574 587 783 656 ejeclus
817 594 964 641 esset
1000 601 1030 639 a
1059 585 1335 656 paradiso,
1361 586 1575 656 gladius
1602 584 1905 651 ﬂammeus,
1927 588 2023 657 qui

451 684 760 735 verteretur
787 717 805 742 ,
827 677 1139 733 destinatus
1174 685 1229 733 et
1266 677 1568 733 collocatus
1608 684 1694 733 est
1729 678 1796 732 ad
1836 684 2025 733 custo-

451 769 711 826 diendum
752 767 978 823 aditum.
1020 769 1088 822 Et
1129 783 1297 825 causa
1343 768 1467 824 talis
1532 768 1889 839 providentia:
1932 766 2024 822 Dei

449 865 559 924 est,
603 872 673 913 ne
699 857 862 912 homo
909 857 1235 929 irrumperet
1275 858 1344 913 ad
1390 860 1593 930 lignum
1638 860 1797 927 vitae,
1823 874 1888 914 ac
1925 859 2021 914 de-

453 955 737 1017 gustaret,
784 953 841 1001 et
900 954 1240 1015 permaneret
1292 947 1639 1005 immortalis.
1700 946 2024 1005 Meministis

454 1051 686 1105 prorsus
727 1050 917 1090 eorum
940 1051 1064 1105 qua:
1099 1036 1328 1107 quasita
1363 1036 1625 1094 fuerunt:
1655 1040 2022 1096 recordamini

455 1129 608 1193 item,
660 1134 720 1181 ut
763 1141 863 1197 par
900 1134 1025 1192 est,
1071 1129 1235 1182 etiam
1278 1142 1467 1184 eorum
1511 1144 1633 1202 qum
1670 1144 1702 1185 a
1742 1131 1900 1187 nobis
1955 1130 2020 1186 ad

454 1217 511 1273 id
555 1218 700 1288 quod
746 1217 1095 1287 quaerebatur
1130 1219 1350 1274 inventa
1385 1226 1517 1276 sunt
1566 1237 1582 1277 :
1623 1221 1717 1278 sed
1748 1223 1795 1278 si
1841 1223 2023 1278 omnia

454 1308 526 1363 ah
564 1306 725 1362 initio
764 1305 946 1362 denuo
1007 1306 1300 1377 persequi,
1343 1314 1622 1378 totamque
1681 1307 1750 1365 de
1810 1307 2024 1379 integro

454 1399 811 1469 quaestionem
863 1404 1099 1453 tractare
1130 1407 1186 1454 et
1246 1399 1521 1470 explicare
1558 1398 1791 1457 velimus
1824 1439 1838 1464 ,
1882 1401 2022 1456 ultra

455 1504 618 1559 quam
661 1501 899 1558 praesens
940 1488 1080 1543 ratio
1124 1490 1386 1559 temporis
1435 1490 1679 1560 patiatur
1704 1528 1721 1554 ,
1764 1505 1855 1547 res
1893 1505 2021 1561 pro-

452 1577 724 1632 trahetur.
771 1575 849 1632 Ac
888 1576 1121 1647 quaestio
1157 1577 1379 1648 quidem
1424 1577 1541 1634 haec
1589 1586 1835 1639 erat:an
1856 1579 2022 1635 etiam

453 1668 663 1723 sanctis
709 1674 933 1738 propter
976 1667 1246 1739 gladium,
1290 1669 1383 1738 qui
1422 1669 1693 1736 vertitur,
1733 1669 2022 1740 paradisus

2128 490 2365 562 θρωπος,
2397 488 2599 561 ἐτάχθη
2646 488 2903 561 φρουρεῖν
2937 486 3036 556 τὴν
3069 485 3272 540 εῐσοδον
3295 485 3523 556 φλογίνη
3564 490 3697 559 ῥομ-

2127 582 2259 650 φαία
2298 583 2332 652 ἠ
2368 579 2731 651 στρεφομένη.
2768 578 2879 632 Καὶ
2922 577 2957 647 ἡ
2991 576 3140 631 αίτία
3171 576 3271 645 τῆς
3301 576 3558 647 τοιαύτης
3601 577 3696 633 τοῦ

2124 672 2260 727 Θεοῦ
2291 670 2650 745 προμηθείας,
2684 669 2748 723 τὸ
2775 670 2850 741 μὴ
2882 667 3171 739 παρελθεῖν
3208 668 3301 721 ἐπὶ
3333 668 3393 721 τὸ
3427 667 3530 738 τῆς
3550 667 3700 737 ζωῆς

2125 762 2282 830 ξύλον
2317 764 2409 817 τὸν
2455 763 2763 833 ἄνθρωπον,
2803 760 2899 815 καὶ
2951 759 3221 830 ἅψασθαι,
3275 759 3372 813 καὶ
3422 758 3698 831 διαμεῖναι

2125 855 2416 911 ἀθάνατον.
2450 853 2745 924 Μέμνησοε
2777 852 2994 917 πάντως
3015 851 3122 906 τῶν
3142 849 3525 922 ὲζητημένων·
3557 851 3699 922 μέμυ

2123 946 2287 1016 νησθε
2312 947 2387 1013 δὲ,
2419 945 2495 1010 ὡς
2524 944 2670 1010 εἰκὸς
2701 944 2795 998 καὶ
2818 943 2927 999 τῶν
2953 943 3090 1016 πρὸς
3121 944 3184 997 τὸ
3206 941 3536 1014 ζητούμενον
3565 945 3699 1015 ἡμῖν

2124 1037 2445 1109 εὑρημένων
2464 1053 2480 1069 ⁶
2512 1036 2628 1091 ἀλλ’
2660 1037 2709 1089 εί
2748 1036 3035 1107 μέλλοιμεν
3084 1035 3246 1090 πάλιν
3277 1035 3372 1089 ἀπ’
3402 1034 3577 1106 ἀρχῆς
3601 1038 3701 1089 έπ-

2124 1130 2344 1198 εξιέναι,
2391 1129 2487 1184 καὶ
2513 1129 2632 1184 ὅλον
2657 1127 3042 1199 διαλαμϐάνειν
3087 1127 3178 1181 τὸν
3223 1126 3398 1197 λόγον,
3427 1128 3567 1196 ὑπὲρ
3605 1128 3698 1181 τὸν

2125 1222 2365 1293 παρόντα
2404 1221 2557 1275 ἔσται
2624 1220 2813 1292 καιρὸν
2876 1221 2909 1291 ἡ
2954 1218 3281 1289 παράτασις.
3329 1218 3404 1271 Τὸ
3463 1219 3562 1288 μὲν
3603 1214 3698 1271 οὗν

2125 1313 2452 1385 ζητούμενον
2477 1311 2634 1367 τοῦτο
2650 1308 2737 1384 ἦν·
2774 1313 2837 1366 El
2862 1312 2955 1366 καὶ
2979 1313 3093 1375 τοῖς
3123 1310 3298 1380 ἁγίοις
3327 1309 3524 1374 ἀὸατός
3551 1312 3699 1363 ἐστιν

2124 1406 2153 1458 ό
2184 1405 2512 1478 παράδεισος
2533 1403 2623 1458 διὰ
2648 1404 2750 1474 τῆς
2771 1402 3148 1475 στρεφομένης
3193 1402 3466 1474 ῥομφαίας
3486 1417 3501 1432 ο
3531 1402 3622 1454 καὶ
3648 1403 3697 1454 εί

2122 1494 2217 1549 τοῦ
2243 1495 2572 1567 παραδείσου
2596 1496 2646 1549 οί
2676 1494 2909 1565 ἀθληταὶ
2927 1493 3305 1548 ἀποκλείονται
3328 1511 3341 1523 ·
3361 1493 3445 1557 τίς
3466 1493 3500 1564 ἠ
3522 1493 3696 1561 ἐπαγ-

2123 1584 2277 1654 γελία
2301 1585 2485 1641 λοιπὸν
2508 1585 2648 1656 ὑπὲρ
2674 1580 2745 1657 ἧς
2785 1583 3126 1655 ἀναδέχονται
3145 1584 3271 1647 τοὺς
3292 1584 3391 1654 τῆς
3418 1581 3698 1647 εὐσεϐείας

2126 1677 2363 1746 ἀγῶνας,
2393 1677 2489 1732 καὶ
2524 1680 2573 1731 εί
2601 1676 2694 1731 τοῦ
2729 1676 2927 1750 λῃστοῦ
2959 1674 3180 1731 ἔλαττον
3227 1674 3430 1742 ἕξουσι,
3472 1673 3611 1742 πρὸς
3637 1673 3699 1727 ὃν

455 1731 779 1814 inacccssas
814 1731 897 1812 sit
919 1731 1031 1811 ἳέι
1056 1772 1126 1812 an
1167 1731 1385 1813 athleta:
1424 1731 1688 1828 paradiso?
1725 1731 2025 1815 excludan-

2128 1731 2557 1834 kdptoc
2585 1802 2601 1828 ,
2636 1763 2717 1818 ὅτι
2747 1731 3015 1832 ἕήμερον
3043 1764 3171 1832 μετ’
3195 1731 3342 1832 ἐμοῦ
3372 1731 3492 1830 ἔσῃ
3519 1731 3698 1826 ἔν’-τῷ

457 1851 588 1905 tur?
615 1850 875 1916 Qumnam
902 1849 1199 1919 promissio
1223 1850 1480 1920 deinceps
1506 1851 1597 1917 sit,
1631 1851 1792 1922 cujus
1847 1867 2027 1923 respeo

453 1950 545 1996 ctu
568 1957 668 2010 pro
695 1942 892 2011 pietate
914 1941 1214 1996 certamina
1237 1941 1581 2012 suscipiunt?
1601 1942 1754 2009 ltem,
1777 1959 1845 2000 an
1875 1946 2028 2002 dete-

453 2034 601 2088 riore
624 2033 935 2090 conditione
953 2032 1124 2088 futuri
1146 2033 1447 2101 sint,quam
1473 2033 1633 2094 latro.
1657 2034 1724 2088 ad
1747 2050 1906 2105 quem
1930 2036 2028 2092 lio-

455 2125 639 2180 minus
660 2124 814 2188 dixit,
847 2121 1015 2178 Hodie
1034 2138 1235 2176 mecum
1255 2125 1358 2177 eris
1380 2123 1432 2176 in
1463 2123 1819 2197 paradiso”?
1843 2124 2027 2192 Quan-

452 2229 617 2287 quam
654 2229 763 2269 non
822 2223 1015 2285 sponte
1051 2228 1151 2270 sua
1200 2214 1340 2271 latro
1379 2215 1446 2270 ad
1493 2231 1713 2272 crucem
1752 2223 2024 2292 accessit;

454 2307 550 2363 sed
582 2316 933 2379 posteaquam
985 2322 1154 2378 prope
1208 2308 1440 2364 salutem
1476 2308 1599 2377 fuit,
1636 2311 2028 2371 animadvertit

452 2406 648 2453 acutus
693 2407 750 2453 et
782 2397 1099 2469 ingeniosus
1130 2398 1219 2453 fur
1244 2400 1585 2467 thesaurum,
1616 2410 1672 2458 et
1700 2413 1895 2459 nactus
1933 2420 2027 2461 oc-

452 2491 729 2544 casionem
752 2490 919 2545 vitam
959 2489 1140 2560 rapuit
1166 2497 1284 2546 arte
1326 2489 1546 2546 furandi
1604 2492 1832 2562 pulchre
1865 2501 2029 2565 atque

454 2582 686 2637 solerter
720 2581 950 2637 abusus.
986 2580 1226 2646 Domine,
1258 2591 1516 2638 memento
1547 2584 1669 2648 mei,
1719 2585 1916 2656 inquit,
1972 2588 2027 2643 in

453 2689 610 2743 regno
653 2680 742 2727 tuo
762 2673 827 2727 η.
853 2671 1006 2727 Tunc
1034 2673 1124 2728 ille
1156 2674 1376 2744 quidem
1399 2675 1711 2745 paradisum
1742 2679 2030 2747 consequi-

454 2771 582 2816 tur:
617 2760 764 2831 quod
787 2770 969 2816 autem
1006 2761 1073 2815 ad
1103 2768 1323 2818 sanctos
1354 2764 1567 2828 attinet,
1622 2764 1907 2822 ﬂammeus
1930 2783 2028 2822 en-

456 2851 535 2906 sis
558 2851 764 2904 aditum
804 2850 1124 2921 impeditum
1154 2851 1373 2906 reddit?
1411 2851 1557 2907 Sane
1599 2868 1630 2908 a
1668 2855 1847 2925 seipsa
1883 2872 2030 2927 qiua-

455 2940 565 2996 stio
583 2938 908 2996 solutionem
936 2938 1250 2995 habet.Nam
1269 2950 1549 3012 propterea
1581 2959 1689 3000 non
1713 2961 1927 3019 seraper
1947 2950 2022 3004 in-

457 3027 829 3098 gredientibus
852 3044 916 3082 ex
946 3027 1176 3085 adverso
1202 3042 1434 3086 stantem
1462 3033 1699 3102 gladium
1742 3036 2025 3111 Scriptura

456 3119 820 3185 demonstrat,
848 3134 1036 3174 verum
1068 3122 1234 3177 etiam
1266 3122 1400 3178 verti
1453 3125 1608 3197 lingit
1637 3143 1652 3194 ;
1687 3135 1747 3182 ut
1789 3130 2028 3202 indignis

458 3209 682 3278 quidem
747 3209 1015 3266 adversus
1072 3222 1370 3283 appareat:
1402 3216 1582 3286 dignis
1610 3234 1739 3273 vero
1769 3237 1962 3278 versus
1996 3239 2026 3278 a

458 3308 614 3370 tergo
636 3301 888 3368 exsistat,
913 3303 1224 3374 expeditum
1254 3304 1338 3361 eis
1367 3307 1574 3362 aditum
1608 3311 1938 3379 patefaciens
1959 3316 2027 3371 ad

458 3387 663 3453 vitam,
697 3388 840 3459 intra
871 3405 1034 3461 quam
1085 3392 1162 3447 illi
1221 3393 1417 3449 fiducia
1454 3398 1814 3454 certaminum
1872 3402 2026 3460 illaasi

458 3475 731 3533 ﬂammam
761 3482 1090 3553 transgressi
1126 3492 1515 3554 penetrarunt:
1575 3503 1681 3559 qua
1735 3492 1898 3546 etiam
1924 3509 2026 3550 nos

459 3566 727 3638 intrepide
757 3582 1011 3642 superata
1032 3613 1047 3639 ,
1088 3573 1231 3631 intra
1263 3577 1578 3645 paradisum
1618 3583 2022 3653 perveniamus,

2126 1853 2510 1923 παραδείσῳ;
2541 1852 2738 1906 Καίτοι
2792 1869 2857 1921 γε
2897 1852 2996 1923 οὐχ
3035 1850 3298 1914 ἑκουσίως
3330 1853 3359 1906 ὁ
3387 1851 3590 1923 λῃστὴς
3620 1848 3699 1922 τῷ

2129 1941 2343 2013 σταυρῷ
2376 1940 2681 2013 προσῆλθεν
2701 1958 2715 1973 ο
2746 1940 2860 1994 ἀλλ’
2883 1940 3071 2012 ἐπειδὴ
3101 1941 3267 2010 ἐγγὺς
3295 1940 3395 2012 τῆς
3424 1938 3696 2010 σωτηρίας

2102 2033 2360 2103 -ἑγένετο,
2390 2028 2527 2088 εἶδεν
2556 2035 2585 2086 ὁ
2606 2032 2735 2100 ὀξὺς
2759 2033 2855 2088 καὶ
2877 2033 3085 2104 εὐφυὴς
3113 2031 3349 2100 κλέπτης
3374 2030 3466 2086 τὸν
3498 2030 3700 2102 θησαυ-

2131 2124 2241 2194 ρὸν,
2272 2124 2366 2178 καὶ
2390 2123 2662 2195 ἐπιτυχὼν
2697 2122 2890 2195 καιροῦ
2923 2123 3021 2194 τὴν
3056 2122 3201 2192 ζωὴν
3224 2121 3495 2193 ὲληϊσατο,
3518 2120 3700 2187 καλῶς

2124 2217 2192 2286 τῇ
2234 2215 2499 2286 κλεπτικῇ
2535 2216 2630 2269 καὶ
2676 2214 2950 2284 εὐστόχως
2992 2213 3472 2286 ἀποχρησάμενος,
3521 2214 3699 2282 Κύριε

2121 2305 2431 2375 μνήσθητί
2440 2322 2578 2376 μου,
2594 2304 2856 2371 είπὼν,ἐν
2866 2303 2940 2373 τῇ
2953 2305 3240 2373 βασιλείᾳ
3256 2319 3393 2359 σου.
3406 2300 3540 2358 Εἶτα
3557 2305 3699 2357 ἐκεῖ·

2127 2413 2216 2457 νος
2239 2396 2337 2467 μὲν
2351 2395 2594 2460 ἀξιοῦται
2618 2396 2712 2449 τοῦ
2747 2396 3074 2466 παραδείσου
3098 2411 3112 2425 ⁸
3144 2396 3238 2451 ἐπὶ
3255 2396 3312 2449 δὲ
3332 2395 3439 2449 τῶν
3460 2396 3631 2462 ἁγίων
3663 2399 3697 2468 ὴ

2128 2485 2351 2557 φλογίνη
2388 2484 2630 2557 ῥομφαία
2656 2484 2944 2539 διακωλύει
2980 2486 3078 2556 τὴν
3105 2485 3343 2553 είσοδονς
3368 2480 3446 2540 ’Ἦ
3466 2485 3691 2539 αὐτόθεν

2127 2574 2243 2646 ἔχει
2286 2575 2387 2647 τὴν
2425 2573 2580 2628 λύσιν
2631 2574 2692 2627 τὸ
2742 2571 2981 2644 ζήτημα.
3016 2574 3115 2627 Διὰ
3145 2573 3301 2627 τοῦτο
3338 2573 3447 2644 γὰρ
3475 2574 3577 2626 οὐκ
3608 2574 3698 2626 ἀεὶ

2127 2664 2374 2720 ἑστῶσαν
2405 2666 2818 2737 ἀντιπρόσωπον
2845 2668 2958 2730 τοῖς
2986 2663 3211 2718 εἰσιοῦσι
3239 2663 3337 2736 τὴν
3370 2663 3641 2735 ῥομφαίαν
3668 2664 3697 2715 ὁ

2127 2758 2284 2828 λόγος
2329 2756 2551 2824 ἔδειξεν,
2585 2757 2722 2812 ἀλλά
2757 2758 2852 2812 καὶ
2886 2757 3259 2829 στρεφομένην
3290 2757 3565 2827 ἐποίησεν,
3609 2757 3697 2810 ἵνα

2128 2853 2239 2915 τοῖς
2274 2851 2372 2922 μὲν
2408 2849 2645 2916 ἀναξίοις
2678 2849 2818 2903 κατά
2862 2850 3035 2921 στόμα
3064 2849 3426 2921 προφαίνηται
3453 2892 3467 2912 ,
3500 2852 3613 2912 τοῖς
3640 2848 3696 2901 δὲ

2128 2942 2301 3010 ἀξίοις
2351 2942 2690 3015 στρεφομένη
2742 2941 2883 2997 κατὰ
2915 2942 3085 2995 νώτου
3127 2941 3374 3014 γίνηται,
3422 2940 3696 2994 ἀκώλυτον

2130 3035 2311 3099 αὐτοῖς
2355 3034 2452 3106 τὴν
2493 3033 2697 3088 εἴσοδον
2744 3034 2837 3087 ἐπὶ
2866 3032 2964 3105 τὴν
3005 3032 3150 3104 ζωὴν
3197 3031 3563 3102 ύπανοίγουσα
3583 3049 3597 3062 ·
3629 3028 3695 3103 ἧς

2128 3126 2282 3191 ἐντὸς
2319 3127 2519 3180 ἐκεῖνοι
2550 3124 2834 3195 γεγόνασι,
2869 3127 2937 3197 τῇ
2984 3123 3273 3197 παρρησίᾳ
3323 3122 3432 3178 τῶν
3474 3122 3694 3191 ἀγώνων

2128 3216 2356 3280 ἀπαθῶς
2379 3217 2478 3289 τὴν
2509 3216 2683 3287 φλόγα
2709 3216 3045 3287 περάσαντες
3063 3233 3078 3246 ·
3110 3217 3177 3286 ἢν
3206 3213 3300 3269 καὶ
3336 3215 3496 3286 ἡμεῖς
3527 3214 3693 3278 ἀδεῶς

2130 3309 2469 3382 περάσαντες
2495 3352 2510 3379 ,
2550 3309 2643 3364 τοῦ
2686 3309 3015 3381 παραδείσου
3053 3307 3206 3373 ἐντὸς
3262 3307 3572 3377 γενοίμεθα,
3609 3306 3693 3359 διά

2131 3405 2232 3475 τῆς
2248 3404 2541 3476 πρεσϐείας
2568 3405 2747 3459 αὐτῶν
2773 3403 3179 3475 δυναμωθέντες
3206 3401 3341 3472 πρὸς
3363 3400 3461 3472 τὴν
3487 3399 3693 3470 ἀγαθὴν

2130 3497 2418 3568 ὁμολογίαν
2442 3496 2538 3550 τοῦ
2567 3497 2771 3569 Κυρίου
2797 3496 2957 3567 ἡμῶν
2984 3494 3158 3567 Ἰησοῦ
3178 3493 3436 3567 Χριστοῦ,
3452 3487 3497 3563 ᾧ
3523 3492 3691 3565 ήδὸξα

2129 3589 2210 3653 είς
2237 3590 2361 3653 τοὺς
2386 3588 2588 3654 αἰῶνας
2612 3589 2720 3643 τῶν
2741 3588 2971 3644 αἰώνων.
3015 3589 3207 3661 ’Δμήν.

461 3676 557 3732 per
582 3662 798 3717 illorum
856 3664 1302 3723 intercessionem
1341 3669 1649 3728 conﬁrmati
1703 3673 1770 3730 ad
1824 3675 2024 3734 bonam
2064 3680 2464 3740 confessionem
2500 3681 2712 3738 Domini
2739 3682 2914 3738 nostri
2961 3680 3088 3738 Jcsu
3125 3680 3363 3741 Christi.
3391 3679 3480 3735 cui
3521 3677 3691 3749 gloria
3764 3708 3775 3719 ς

463 3755 515 3808 in
542 3754 740 3808 saecula
772 3756 1113 3812 smculorum.
1149 3758 1339 3815 Amen.

535 3928 583 3961 ιδ
610 3928 746 3987 Luc.
780 3947 939 3995 mn,
973 3934 1062 3986 4'5.
1140 3932 1183 3966 ³⁸
1215 3934 1341 3990 ibid.
1375 3935 1465 3992 42.
