4050 6164
430 290 544 353 ’Πδ

1545 288 1615 345 IN
1654 284 2161 357 QUADRAGINTA
2207 288 2400 345 MART
2413 288 2612 346 YBES.

1713 597 1942 684 ΤΟΥ
2061 596 2438 683 ΑΥΤΟΥ

628 794 873 906 ΕΙΣ
927 791 1319 909 ΤΟΥΣ
1388 796 2602 914 ΤΕΣΣΑΡΑΚΟΝΤΑ
2652 746 2657 751 ’
2710 795 3496 916 ΜΑΡΤΥΡΑΣ

1673 1005 1894 1060 ΛΟΓΟΣ
1918 1006 2476 1062 ΕΓΚΩΜΙΑΣΤΙΚΟΣ

1540 1163 2016 1218 ΡΗΘΕΙΣΕΝ
2051 1166 2145 1235 Τῼ
2179 1164 2647 1234 ΜᾹΡΤΥΡΙῼ.

2014 1350 2085 1363 ..-

1812 1501 2356 1593 EJUSDEM

666 1756 696 1775 ο
992 1711 1141 1823 ΙΝ
1235 1709 2263 1845 QUADRAGINTA
2366 1709 3150 1825 MARTYRES

1698 1928 1962 1986 ORATIO
2006 1929 2145 1986 LAU
2156 1929 2460 1986 DATORlA

1524 2084 1749 2142 DICTA
1784 2086 1874 2142 ΙΝ
1911 2085 2171 2143 EORUM
2200 2083 2605 2140 MARTYRIO.

1438 2243 1619 2295 Jacobo
1640 2243 1875 2296 Gretsero
1900 2246 2010 2297 Soc.
2053 2245 2176 2297 Jesu
2198 2245 2372 2295 Theol.
2398 2249 2698 2309 interprete.

2013 2428 2083 2442 ὴ

503 2550 567 2605 Oi
597 2549 699 2623 μὲν
716 2548 933 2604 ὁπλῖται
972 2549 1261 2622 Ῥωμαίων
1278 2552 1421 2608 κατὰ
1446 2552 1613 2624 νόμον
1635 2553 1881 2626 πάτριον,
1912 2554 2005 2609 καὶ

2182 2552 2556 2610 Romanorum
2585 2552 2790 2608 milites
2824 2566 2977 2606 more
3009 2550 3209 2621 patrio,
3231 2558 3286 2607 et
3314 2552 3542 2623 antiqua
3578 2568 3711 2610 con«

435 2641 724 2727 συνῄθειαν
750 2641 1008 2707 παλαιὰν,
1044 2641 1111 2714 ἢν
1137 2642 1325 2706 παῖδες
1346 2643 1497 2714 παρὰ
1526 2645 1807 2714 προγόνων
1834 2645 2008 2699 διαδε-

434 2733 658 2806 ξάμενοι
675 2773 689 2795 ,
727 2733 820 2787 καὶ
848 2731 1009 2804 μέχρι
1037 2731 1132 2785 τοῦ
1159 2733 1428 2804 παρόντος
1450 2733 1827 2802 φυλάττουσιν,
1855 2735 1914 2787 ὲν
1939 2737 2006 2807 τῇ

435 2827 575 2898 ἀρχῇ
606 2823 699 2878 τοῦ
723 2823 1016 2886 ἐνεστῶτος
1045 2822 1213 2894 μηνὸς
1237 2822 1335 2892 τὴν
1363 2823 1667 2877 πανοπλίαν
1685 2823 2009 2889 ἐνσκευαζό-

438 2933 587 2989 μενοι
611 2957 627 2983 ,
667 2916 759 2970 καὶ
784 2914 1090 2987 χωροῦντες
1114 2914 1207 2967 ἐπί
1235 2932 1289 2967 τι
1326 2915 1510 2971 πεδίον
1540 2916 1860 2988 ήπ).ωμένον
1889 2918 2010 2970 ίκα-

435 3008 541 3072 νῶς
577 3007 673 3062 καὶ
741 3006 950 3074 ὕπτιον,
990 3006 1227 3080 ἔνθαπερ
1256 3008 1432 3075 ἔξεστι
1462 3011 1559 3065 καὶ
1601 3010 1798 3083 δρόμον
1826 3011 2009 3067 ἵππων

436 3100 691 3164 ἐκτεῖναι,
736 3099 831 3152 καὶ
863 3097 1155 3170 μελετῆσαι
1178 3100 1250 3154 τὰ
1276 3101 1533 3169 τακτικὰ,
1560 3102 1657 3157 καὶ
1702 3105 1886 3157 πᾶσαν
1919 3120 2011 3172 γυ-

438 3190 743 3263 μνασθῆναι
782 3191 884 3263 τὴν
914 3190 1161 3245 ἐνόπλιον
1189 3192 1419 3263 ἄσκησιν
1439 3231 1455 3257 ,
1495 3194 1801 3265 ἀνάμνησίν
1824 3211 1884 3248 τε
1912 3193 2009 3249 τοῦ

432 3282 585 3348 ἔτους
611 3284 919 3349 ποιοῦνται,
954 3283 1050 3338 καὶ
1078 3283 1178 3355 τὴν
1205 3285 1421 3357 ἡμέραν
1453 3285 1724 3358 ἐπίσημον
1762 3287 2007 3359 ἄγουσιν.

444 3374 585 3445 Ἐγὼ
613 3376 672 3431 δὲ
710 3377 932 3448 μνήμην
975 3375 1268 3448 μαρτύρων
1305 3376 1477 3431 τελῶν
1499 3418 1514 3445 ,
1549 3378 1646 3432 καὶ
1691 3378 1897 3452 ταύτην
1940 3382 2008 3453 τῇ

434 3466 733 3539 προτεραίᾳ
763 3466 1006 3538 κηρύξας
1031 3467 1182 3537 ὑμῖν,
1209 3468 1337 3532 τοὺς
1363 3468 1458 3522 τοῦ
1486 3469 1721 3541 Χριστοῦ
1749 3472 2012 3544 στρατιῶ-

433 3574 531 3622 τας
558 3558 685 3622 τοὺς
708 3563 782 3630 μ’,
802 3558 929 3622 τοὺς
962 3559 1143 3614 πᾶσαν
1168 3559 1479 3631 προθυμίαν
1510 3560 2007 3633 ὑπερϐαλομένους,

433 3652 493 3706 ὲν
520 3652 634 3715 τοῖς
672 3649 880 3720 ἀγῶσιν
918 3649 1147 3715 ὁπλίσας
1205 3651 1295 3705 διὰ
1336 3651 1436 3723 τῆς
1483 3653 1705 3723 μνήμης
1770 3652 2010 3723 σήμερον

433 3742 783 3815 θαυμαστοὺς
813 3744 926 3807 τοῖς
957 3730 1275 3814 δυναμένοις
1303 3742 1521 3814 βλέπειν
1551 3742 1853 3815 προῖστημι
1872 3761 1885 3774 ·
1917 3743 2011 3796 κό·

432 3852 569 3907 σμον
592 3834 692 3907 τῆς
727 3834 1072 3907 Ἑκκλησίας,
1098 3835 1191 3890 καὶ
1218 3835 1364 3891 λαῶν
1388 3834 1845 3907 εὐφροσύνην,καὶ
1874 3834 2008 3889 Θεοῦ

2110 2644 2427 2710 suetudine,
2470 2658 2634 2713 quam
2690 2658 2721 2696 a
2757 2642 3062 2712 majoribus
3086 2651 3510 2712 acceperunt,et
3540 2660 3715 2716 usque

2110 2736 2176 2790 ad
2203 2735 2305 2790 hoc
2333 2743 2548 2805 tempus
2575 2742 2932 2801 conservant,
2974 2734 3130 2789 initio
3183 2734 3443 2791 instantis
3479 2737 3706 2801 mensis.

2112 2829 2283 2884 armis
2311 2827 2485 2883 induti
2516 2828 2582 2882 ad
2614 2842 2869 2897 campum
2901 2827 3038 2883 satis
3065 2828 3287 2898 planum
3310 2834 3366 2883 et
3387 2829 3705 2899 aaquabilem

2111 2935 2171 2977 se
2192 2918 2504 2985 conferunt,
2547 2919 2640 2974 ubi
2668 2926 2723 2974 et
2751 2933 3021 2989 equorum
3049 2933 3275 2975 cursum
3305 2921 3622 2987 extendere,
3656 2931 3705 2978 et

2110 3027 2202 3069 res
2259 3012 2525 3067 militares
2589 3011 2888 3075 instruere,
2918 3017 2974 3066 et
3026 3011 3212 3066 omnia
3266 3025 3462 3082 pugnae
3508 3028 3705 3084 genera
3791 3041 3795 3043 λ

2111 3103 2267 3160 obire
2317 3104 2427 3158 illis
2464 3104 2593 3158 licet
2626 3120 2640 3156 :
2673 3101 2836 3158 simul
2865 3102 3029 3169 etiam
3065 3104 3195 3157 anni
3235 3106 3700 3162 commemoratio-

2112 3207 2235 3247 nem
2280 3190 2506 3256 faciunt,
2541 3196 2827 3260 totumque
2856 3190 3010 3244 illum
3041 3188 3185 3245 diem
3211 3190 3498 3261 splendide
3517 3200 3713 3264 agunt.

2111 3281 2225 3355 Ego
2245 3297 2377 3338 vero
2398 3281 2718 3338 memoriam
2745 3290 3048 3352 martyrum
3079 3281 3389 3351 celebrans,
3412 3300 3575 3354 quam
3606 3301 3719 3355 prt-

2112 3372 2200 3428 die
2224 3372 2388 3428 etiam
2419 3373 2578 3429 vobis
2611 3372 2806 3439 indixi,
2853 3372 3218 3444 quadraginta
3248 3371 3453 3431 Christi
3481 3376 3704 3441 milites,

2112 3463 2261 3519 omni
2314 3465 2483 3519 animi
2549 3465 2838 3519 alacritate
2888 3465 3241 3534 superiores,
3295 3466 3364 3521 ad
3425 3476 3705 3524 certamen

2113 3568 2355 3621 armare,
2399 3561 2455 3610 ct
2516 3569 2680 3624 quam
2740 3553 3096 3610 admirabiles
3150 3555 3287 3621 sint,
3346 3573 3444 3627 per
3492 3575 3702 3614 memo-

2113 3644 2251 3699 riam
2289 3645 2357 3700 iis
2386 3648 2481 3715 qui
2527 3659 2758 3700 cernere
2801 3655 3013 3716 queunt
3046 3656 3450 3718 repraesentare
3494 3653 3701 3707 consti-

2114 3736 2215 3800 tui,
2261 3736 2355 3805 qui
2390 3752 2519 3792 vere
2554 3744 2686 3792 sunt
2739 3746 3127 3794 ornamentum
3180 3739 3464 3808 Ecclesiae,
3515 3742 3703 3799 laetitia

2113 3826 2466 3897 pepulerum,
2493 3838 2547 3884 et
2576 3829 2746 3900 gloria
2795 3828 2910 3898 Dei,
2942 3831 3038 3901 qui
3084 3831 3195 3888 illis
3233 3833 3406 3888 robur
3441 3819 3699 3907 suppedi-

428 3926 586 3995 δόξαν
630 3926 722 3981 τοῦ
757 3926 1162 3998 ένισχύσαντος.
1214 3928 1473 4000 Ἀριστον
1514 3927 1573 3981 δὲ
1617 3927 1833 3992 πάντως
1859 3965 1874 3992 ,
1917 3926 2005 3981 καὶ

2114 3919 2270 3973 tavit.
2327 3916 2606 3989 Optimum
2675 3928 2858 3977 autem
2931 3929 3017 3978 est
3080 3930 3136 3978 et
3191 3922 3701 3984 fructuosissimum

427 4018 567 4089 ἄγαν
596 4018 872 4084 λυσιτελὲς
903 4021 1019 4084 τοῖς
1048 4019 1147 4091 τῆς
1185 4021 1390 4092 ἀρετῆς
1427 4020 1762 4093 διηγήμασι,
1797 4019 1922 4083 τούς
1945 4035 2007 4072 τε

426 4112 582 4177 νέους
627 4110 1018 4184 ἐντρέφεσθαι,
1070 4112 1165 4165 καὶ
1208 4110 1579 4183 ωνακμάζειν
1619 4112 1747 4177 τοὺς
1782 4112 2002 4184 ἄνδρας.

435 4204 504 4258 Ἦ
540 4203 715 4275 ἀκοὴ,
755 4204 920 4276 μέρος
963 4201 1329 4274 καιριώτατόν
1371 4204 1487 4258 ἐστι
1517 4203 1626 4260 τῶν
1674 4204 2004 4276 αἰσθήσεων,

427 4295 649 4366 καὶτῆς
681 4295 856 4365 ὅψεως
897 4297 996 4368 οὐχ
1024 4291 1186 4368 ἦττον
1230 4295 1559 4353 διδακτικόν.
1594 4296 1695 4350 Διὰ
1740 4296 1851 4369 γὰρ
1895 4297 2006 4351 τῶν

425 4384 581 4439 ὢτων
607 4386 854 4457 ἐναργῶς
888 4386 1172 4456 ἐπεισάγει
1213 4386 1314 4458 τὴν
1349 4385 1586 4458 μάθησιν
1617 4389 1738 4451 ταῖς
1764 4387 1964 4458 ψυχαῖς
1986 4399 2004 4419 ⁶

431 4474 521 4528 καὶ
547 4474 789 4541 κίνδυνος
816 4477 875 4530 οὐ
920 4477 1117 4549 μικρὸς
1153 4476 1294 4532 καλὰ
1318 4478 1626 4549 τυγχάνειν,
1658 4478 1692 4550 ἢ
1728 4478 1909 4549 φαῦλα
1934 4480 2006 4534 τὰ

426 4565 586 4638 διηγή
596 4553 761 4638 ματᾶ.
786 4565 886 4623 Οἷα
899 4568 1008 4640 γὰρ
1030 4571 1212 4624 ἐκεῖνα
1228 4569 1463 4640 λέγεται,
1488 4569 1742 4642 τοιαύτην
1765 4572 2006 4641 ἐπάναγ-

425 4675 521 4722 κες
555 4660 668 4723 τοῖς
698 4659 979 4731 λογισμοῖς
1011 4662 1312 4731 φαντασίαν
1338 4661 1653 4732 ἐγγίνεσθαι
1678 4678 1691 4692 °
1717 4663 1898 4718 ἔννοια
1922 4664 2001 4727 δὲ,

424 4751 519 4804 καὶ
550 4748 755 4823 θεωρία
793 4751 887 4805 τοῦ
915 4751 1009 4806 νοῦ
1037 4754 1296 4826 συνεχὴς,
1340 4756 1421 4819 εἰς
1445 4754 1741 4826 ἐπιθυμίαν
1764 4755 1888 4825 ἄγει
1911 4755 2002 4810 τὸν

425 4840 712 4913 ἄνθρωπον
742 4840 839 4894 τοῦ
875 4844 1052 4897 ποιεῖν
1079 4843 1117 4898 ἃ
1140 4844 1435 4914 λογίζεται.
1458 4847 1549 4900 Διό
1575 4864 1665 4917 μοι
1684 4847 1784 4919 τὴν
1800 4847 2002 4919 (Expect-

427 4948 510 4986 σιν
540 4933 866 5005 γαληνῶσαν
914 4936 1009 4989 καὶ
1040 4936 1441 5009 ἁμετειὶῳιστον
1472 4940 1830 5009 εὐτρεπίσατε
1851 4959 1863 4971 ·
1915 4940 2001 4995 ἴνα

427 5024 518 5077 καὶ
546 5026 596 5079 οί
630 5026 894 5098 μακάριοι
951 5026 1229 5098 μάρτυρες
1256 5029 1530 5101 τιμηθῶσι
1576 5031 1646 5086 τὰ
1686 5032 1997 5104 πρέποντα,

424 5113 518 5167 καὶ
543 5114 704 5186 ὑμεῖς
729 5114 816 5170 διὰ
840 5115 938 5186 τῆς
973 5115 1192 5186 μνήμης
1215 5117 1538 5190 παιδευθῆτε
1563 5120 1623 5174 τὸ
1646 5119 1868 5183 εὕσεὸὲς
1904 5121 2000 5174 καὶ

426 5205 691 5274 φιλόθεον.
964 5224 969 5227 ·

501 5479 656 5551 Ἐμοὶ
678 5481 737 5536 δὲ
761 5481 1045 5554 πρόκειται
1071 5480 1292 5550 διπλοῦς
1323 5485 1496 5555 ἀγὼν,
1513 5488 1609 5542 καὶ
1625 5487 1744 5555 δέος
1766 5490 1841 5564 μὴ
1865 5491 2001 5546 καθ-

421 5570 630 5644 υϐρίσω
675 5572 776 5645 μὲν
802 5573 903 5646 τὴν
947 5573 1206 5630 ὑπόθεσιν
1251 5578 1320 5649 τῇ
1347 5576 1604 5653 ἀσθενείᾳ
1650 5582 1755 5654 τῆς
1793 5584 1998 5656 ἐξηγή-

2116 4009 2528 4068 narratiouibus
2558 4011 2779 4068 virtutis
2804 4020 2862 4068 et
2907 4027 3092 4069 rerum
3123 4016 3388 4086 praeclare
3415 4026 3701 4090 gestarum

2111 4100 2340 4171 juvenes
2389 4102 2672 4169 innutriri,
2721 4112 2779 4159 et
2818 4104 2888 4159 ad
2938 4106 3153 4163 virilem
3204 4115 3423 4165 atatem
3451 4110 3699 4168 educari.

2114 4190 2249 4247 Nam
2282 4195 2504 4250 auditus
2543 4198 3013 4265 opportunissima
3035 4213 3167 4270 pars
3191 4208 3278 4257 est
3309 4201 3455 4258 inter
3478 4218 3699 4270 sensus,

2113 4298 2218 4339 nec
2266 4284 2450 4341 minus
2497 4286 2563 4340 ad
2605 4286 2935 4343 discendum
2993 4304 3157 4360 quam
3212 4291 3370 4347 visus
3433 4291 3697 4349 confert:

2114 4371 2337 4430 auditus
2370 4376 2516 4430 enim
2548 4376 2853 4432 doctrinam
2896 4378 2955 4434 in
2990 4380 3208 4436 animos
3242 4396 3339 4450 per
3370 4397 3534 4438 aures
3575 4398 3698 4452 per-

2114 4467 2307 4535 spicue
2371 4467 2716 4535 introduxit,
2784 4486 2889 4527 nec
2949 4488 3147 4544 parum
3215 4473 3448 4531 interest
3506 4477 3702 4546 quales

2112 4557 2227 4613 sint
2279 4561 2653 4628 narrationes,
2685 4563 2845 4618 bona;
2888 4578 2959 4618 an
3012 4564 3191 4631 malae,
3236 4564 3422 4634 probae
3471 4581 3539 4620 an
3594 4567 3696 4620 im.

2110 4650 2300 4721 probae
2337 4669 2350 4706 :
2384 4667 2512 4708 nam
2558 4654 2751 4724 quales
2791 4655 2899 4710 illa;
2944 4664 3096 4720 sunt,
3145 4655 3282 4713 tales
3316 4656 3371 4711 in
3405 4657 3697 4728 phantasia

2109 4758 2331 4816 quoque
2376 4745 2646 4817 imagines
2692 4748 2924 4817 produci
2955 4749 3329 4805 necessarium
3382 4758 3467 4807 est
3502 4755 3696 4825 :cogi-

2109 4838 2246 4893 tatio
2274 4846 2458 4894 autem
2486 4846 2541 4895 et
2588 4843 2854 4895 continua
2888 4842 3089 4898 mentis
3137 4844 3557 4914 contemplatio,
3598 4846 3693 4902 bo-

2109 4931 2314 4986 minem
2358 4929 2636 4987 desiderio
2678 4931 2985 4989 incendunt
3022 4935 3092 4990 ad
3122 4918 3416 5007 agendum
3473 4952 3536 4994 ea
3572 4953 3700 5009 qua?

2108 5020 2445 5094 cogitatione
2488 5023 2875 5094 apprehendit.
2906 5024 3179 5092 Quocirca
3213 5029 3378 5099 cupio
3414 5036 3476 5085 ut
3507 5031 3698 5102 quiete

2107 5123 2163 5167 et
2211 5112 2424 5183 absque
2476 5113 2710 5185 strepitu
2772 5129 2860 5172 me
2910 5117 3183 5174 dicentem
3233 5121 3491 5190 audiatis,
3538 5132 3597 5178 ut
3639 5131 3694 5181 et

2109 5202 2255 5258 beati
2301 5210 2595 5275 martyres.
2644 5212 2808 5275 prout
2852 5205 3031 5273 decet,
3072 5207 3437 5278 bonorentur,
3486 5228 3696 5285 vosque

2026 5309 2068 5366 ο
2102 5309 2200 5365 per
2230 5304 2534 5367 martyrum
2578 5296 3025 5355 recordationem
3075 5300 3143 5356 ad
3190 5302 3450 5373 pietatem
3488 5305 3697 5379 Deique

2103 5386 2315 5441 cultum
2353 5386 2751 5446 informemiui.

2175 5494 2258 5552 Me
2288 5511 2421 5553 vero
2468 5496 2673 5570 duplex
2712 5500 2861 5558 lucta
2906 5510 2962 5559 et
3006 5514 3188 5564 metus
3237 5520 3459 5577 manet,
3509 5529 3578 5570 ne
3606 5513 3695 5569 tli-

2101 5588 2263 5644 cendi
2305 5590 2576 5648 tenuitate
2610 5605 2994 5666 argumentum
3049 5599 3294 5658 deteram
3332 5605 3493 5663 :sive
3543 5609 3689 5662 enim
3821 5656 3827 5665 .

419 5679 579 5727 σεως.
630 5664 755 5717 Εἴτε
799 5664 908 5737 γὰρ
951 5666 1222 5739 έννοήσειέ
1274 5686 1361 5733 τις
1397 5669 1563 5725 αὐτοῦ
1609 5672 1704 5727 τοῦ
1753 5676 1810 5729 ὲν
1842 5678 1998 5747 χερσὶ

2110 5682 2227 5753 quis
2268 5684 2371 5747 rei,
2406 5700 2528 5755 quae
2567 5703 2678 5758 pra:
2720 5692 2981 5749 manibus
3026 5705 3305 5765 versatur,
3356 5701 3685 5771 magnitudi-
3786 5678 3795 5685 ’

423 5757 745 5828 πράγματος
778 5755 874 5830 τὴν
904 5760 1397 5834 μεγαλοπρέπειαν,
1423 5764 1569 5823 κατὰ
1607 5769 1804 5833 παντὸς
1835 5769 1995 5840 λόγου

2110 5791 2223 5833 nem
2254 5786 2318 5833 et
2364 5778 2705 5851 majestatem
2749 5788 3085 5859 perpendat,
3138 5806 3204 5846 ea
3253 5800 3404 5848 tanta
3447 5755 3578 5861 cst,
3629 5801 3687 5845 ut
