4050 6164
420 268 524 324 775

1650 263 1704 317 S.
1759 260 2084 320 GREGORII
2124 262 2421 321 NYSSENI

3575 265 3676 321 776

418 390 664 445 oumium
709 387 1062 445 sermonibus
1093 385 1463 456 prmdicetur;
1494 385 1612 442 sive
1659 389 1784 456 quis
1823 388 1985 440 virun

2107 387 2264 459 φέρει
2301 388 2369 441 τὰ
2419 385 2746 456 νικητήριαο
2799 383 2909 437 εἴτε
2951 382 3041 436 τὸν
3090 383 3198 454 πρὸ
3244 381 3402 454 ήμῶν
3446 383 3534 437 διὰ
3581 385 3676 454 τῆς

425 485 580 537 illum
616 483 915 547 intueatur,
945 480 1037 548 qui
1063 486 1190 532 ante
1212 493 1314 533 nos
1346 478 1533 533 beatos
1559 481 1711 549 ipsos
1745 479 2000 533 laudibus

415 577 630 638 extulit,
675 582 727 628 et
771 573 934 642 quasi
981 570 1269 624 coronavit
1301 589 1313 624 :
1344 569 1430 623 vir
1457 570 1503 622 is
1534 585 1828 624 commune
1876 570 2000 624 uui-

416 665 693 721 versitatis
740 662 1066 717 miraculum
1113 669 1218 728 est,
1256 660 1588 717 eruditionis
1635 659 1998 726 Christiana),

415 767 469 809 ιι
511 771 632 826 quae
663 754 732 808 ab
787 756 1034 808 externis
1088 751 1290 807 tradita
1341 759 1449 815 est,
1478 757 1735 806 accurata
1781 765 1998 814 norma,

417 846 780 917 philosophiae
837 847 1038 915 imago,
1086 846 1471 913 episcoporum
1524 842 1700 896 forma
1745 852 1798 896 et
1838 841 1999 908 libra,

416 948 598 992 rector
653 954 937 992 consonus
987 952 1215 1006 operum
1262 936 1426 991 simul
1479 944 1533 988 et
1563 935 1855 988 verborum
1898 932 1998 1003 (α),

414 1031 502 1084 cui
540 1030 683 1100 apud
730 1045 923 1084 omnes
974 1029 1232 1083 mortales
1283 1028 1461 1098 gloria
1513 1025 1825 1082 indelebilis
1869 1040 2002 1079 con-

414 1129 557 1187 stat,
607 1123 860 1192 exceptis
913 1131 1095 1176 tamen
1155 1121 1267 1176 illis
1329 1121 1424 1190 qui
1483 1135 1662 1189 neque
1715 1119 1997 1174 Christum

413 1213 772 1279 hlasphemiis
857 1213 1138 1268 incessere
1211 1215 1461 1268 horrent.
1528 1211 1996 1277 Quemadmodum

409 1305 557 1358 enim
613 1306 796 1359 nullus
865 1305 1141 1374 reperitur
1203 1304 1297 1374 qui
1357 1304 1527 1360 solem
1581 1303 1896 1355 illuminare
1945 1309 1999 1355 et

411 1396 719 1450 calefacere
765 1396 974 1449 abnuat
1006 1414 1019 1449 :
1053 1395 1134 1450 sic
1171 1410 1333 1449 nemo
1367 1392 1702 1447 inliciabitur
1737 1406 1995 1462 maguum

414 1487 678 1541 Basilium
729 1487 976 1541 omnium
1008 1487 1271 1539 virtutum
1315 1485 1724 1555 pulchritudine
1768 1484 1998 1538 decora-

414 1590 530 1632 tum
578 1593 701 1633 esse
733 1597 748 1633 :
781 1579 1036 1633 sublimis
1081 1578 1248 1648 igitur
1299 1577 1392 1631 ille
1441 1575 1758 1631 sublimium
1809 1575 1999 1628 lauda-

412 1681 521 1734 tor,
571 1677 908 1740 sanctusque
963 1679 1281 1726 sanctorum
1329 1670 1529 1734 cultor,
1579 1683 1680 1736 pro
1734 1667 1998 1721 facultate

2103 479 2299 533 ἑαυτοῦ
2331 479 2524 547 σοφίας
2557 476 2979 546 στεφανώσαντα
3009 477 3135 539 τοὺς
3170 476 3393 543 ἁγίους·
3444 475 3584 548 ἀνὴρ
3615 470 3675 529 οὗ

2100 571 2163 623 τὸ
2210 570 2396 641 θαῦμα
2437 571 2538 640 τῆς
2583 569 2910 640 οίκουμένης
2942 568 3120 623 κοινόν
3143 587 3157 600 ·
3188 567 3436 631 παιδείας
3475 568 3576 636 τῆς
3619 586 3678 622 τε

2103 663 2255 735 παρὰ
2277 665 2622 735 Χριστιανοῖς
2641 705 2655 729 ,
2698 665 2790 717 καὶ
2821 662 2922 732 τῆς
2955 661 3173 728 ἔξωθεν,
3205 661 3386 716 κανὼν
3418 663 3674 732 ἀκριϐὴς,

2102 755 2420 824 φιλοσοφίας
2456 757 2697 826 ἄγαλμα,
2727 755 3040 808 ἐπισκόπων
3076 755 3246 817 τύπος
3276 753 3370 808 καὶ
3413 754 3674 817 κίνδυνος,

2100 845 2418 910 διδάσκαλος
2451 847 2628 918 ἔργων
2653 847 2748 900 καὶ
2777 847 2950 914 λόγων
2981 845 3268 918 σύμφωνος
3287 860 3301 876 °
3334 845 3487 917 παρὰ
3514 848 3677 899 πᾶσιν

2101 936 2410 1009 ἀνθρώποις
2462 938 2930 1007 ἀνανταγώνιστον
2968 937 3106 1009 ἔχων
3156 938 3254 1009 τὴν
3301 938 3674 1009 εὐδοκίμησιν,

2100 1029 2240 1100 πλὴν
2280 1031 2328 1082 εί
2360 1029 2436 1101 μὴ
2467 1030 2594 1101 παρ’
2619 1025 2700 1093 οἷς
2725 1030 2846 1083 οὐδὲ
2877 1030 3111 1107 Χριστός
3140 1030 3287 1082 ἐστιν
3311 1029 3672 1100 ἀϐλασφήμη-

2099 1137 2210 1184 τος.
2253 1122 2342 1185 Ὠς
2370 1121 2479 1193 γὰρ
2508 1122 2682 1186 οὐδεὶς
2720 1119 3000 1190 ἀντιλέγει
3031 1120 3286 1190 φωτίζειν
3329 1121 3421 1174 καὶ
3450 1121 3677 1190 θερμαί-

2101 1232 2211 1268 νειν
2249 1214 2339 1267 τὸν
2377 1214 2548 1285 ἥλιον,
2581 1212 2752 1276 οὕτως
2779 1213 2900 1266 οὐδὲ
2945 1213 3036 1266 τὸν
3067 1213 3238 1283 μέγαν
3269 1213 3547 1266 Βασίλειον
3581 1213 3677 1265 ἀνθ

2099 1305 2248 1375 τερεῖ
2279 1321 2360 1366 τις
2383 1343 2396 1364 ,
2441 1303 2515 1375 μὴ
2542 1303 2706 1357 παντὶ
2732 1303 2811 1374 τῷ
2834 1303 3020 1358 κάλλει
3040 1305 3139 1375 τῆς
3163 1304 3365 1374 ἀρετῆς
3397 1304 3675 1374 κεκοσμῆ-

2101 1396 2244 1449 σθαι.
2282 1395 2517 1466 ’Υψηλδς
2543 1395 2641 1466 μὲν
2668 1392 2762 1450 οὖν
2787 1396 2894 1449 τῶν
2923 1395 3146 1468 ὑψηλῶν
3173 1397 3460 1468 ἐπαινέτης
3482 1437 3498 1461 ,
3523 1398 3678 1464 ἅγιος

2098 1485 2209 1540 τῶν
2241 1487 2411 1556 ἁγίων
2451 1487 2826 1558 θεραπευτήςο
2863 1487 3005 1541 κατά
3038 1487 3137 1559 τήν
3182 1488 3489 1561 προσοῦσαν
3516 1489 3679 1542 δύνα-

2102 1597 2192 1648 μιν
2223 1578 2630 1651 ἀποπληρώσας
2660 1583 2770 1644 τοῖς
2801 1581 3083 1651 ἀριστεῦσι
3108 1581 3168 1633 τὺ
3196 1581 3386 1652 γέρας.
3422 1582 3575 1650 Ἐμοὶ
3616 1582 3679 1632 δὲ

2097 1675 2157 1726 οὐ
2201 1672 2289 1726 διὰ
2336 1671 2495 1726 τοῦτο
2541 1673 2875 1744 σιωπητέον·
2922 1675 3222 1745 ἐπειδήπερ
3267 1674 3335 1726 τὰ
3383 1674 3678 1744 θαυμαστὰ

409 1780 517 1834 qua
563 1739 835 1834 pollebat,
870 1765 1094 1834 inclytis
1145 1762 1451 1817 victoribus
1501 1760 1744 1814 debitum
1791 1775 1985 1812 munus

2103 1764 2354 1834 μεγάλως
2396 1764 2424 1817 ὁ
2462 1739 2749 1834 προλαϐών
2786 1739 3122 1836 διεκήρυξεν..
3160 1739 3234 1818 (ίὺ
3267 1765 3376 1836 γάρ
3417 1739 3534 1818 ἐστι
3577 1764 3678 1817 νῦν

408 1857 687 1927 dependit.
741 1855 1010 1911 Cancrum
1053 1872 1142 1910 me
1193 1871 1300 1910 non
1347 1854 1471 1908 ideo
1521 1863 1707 1908 tacere
1754 1859 1991 1923 oportet,

407 1949 534 2020 quia
575 1949 666 2005 ille
708 1948 860 2019 prius
896 1948 1189 2018 magnifice
1217 1955 1520 2018 martyrum
1557 1943 1876 1998 admiranda
1911 1943 1994 1997 fa-

405 2053 496 2096 cta
542 2041 952 2111 depraedicavit,
996 2057 1106 2095 non
1150 2041 1295 2094 enim
1339 2041 1393 2092 in
1430 2042 1687 2106 praesenti
1729 2053 1852 2093 cum
1901 2038 1994 2090 illo

408 2143 625 2188 certare
690 2133 1074 2201 instituimus,
1117 2133 1211 2188 sed
1258 2133 1315 2187 in
1364 2131 1418 2186 id
1467 2130 1878 2193 incumbimus,
1938 2136 1996 2181 ut

407 2230 568 2286 vobis
606 2229 955 2285 auditoribus
984 2230 1190 2300 aliquid
1223 2228 1478 2283 utilitatis
1509 2225 1804 2282 afferamus
1848 2243 1861 2279 :

2097 1858 2125 1909 ό
2162 1857 2363 1920 σκοπὸς
2406 1856 2608 1927 ἅμιλλα
2637 1857 2772 1928 πρὸς
2804 1857 2895 1911 τὸν
2929 1858 3209 1929 εἰρηκότα,
3237 1857 3350 1910 ἀλλ’
3396 1856 3548 1926 ὑμῶν
3572 1856 3678 1926 τῆς

2095 1948 2204 2002 τῶν
2229 1949 2536 2003 ἀκουόντων
2567 1949 2835 2018 ὠφελείας
2862 1950 3152 2020 ἐπιμέλεια
3172 1967 3186 1980 ·
3217 1949 3416 2018 ὠφελεῖ
3448 1949 3504 2002 δὲ
3542 1949 3680 2001 ἐκα-

2099 2055 2222 2102 στος
2249 2039 2468 2103 πάντως
2502 2039 2578 2103 ὡς
2603 2039 2844 2106 δύναται,
2881 2040 2984 2109 τῆς
3019 2041 3370 2104 ἀπολαύσεως
3411 2040 3517 2094 τῶν
3548 2057 3677 2110 μει-

2100 2130 2266 2195 ζόνων
2293 2131 2443 2202 παρά
2469 2131 2580 2185 τῶν
2609 2118 3022 2204 πλουσιωτέρων
3051 2133 3483 2206 χορηγουμένης.

1919 2224 2068 2294 capit
2107 2236 2290 2282 autem
2341 2227 2588 2298 qualibet
2650 2228 2876 2284 omnino
2913 2239 3076 2300 prout
3122 2237 3325 2302 potest,
3377 2244 3442 2284 ex
3505 2227 3680 2283 rebus

406 2327 732 2382 melioribus
771 2325 1101 2390 utilitatem,
1154 2327 1374 2395 quando
1427 2325 1497 2380 ab
1547 2323 1982 2395 opulentioribus
2023 2321 2493 2378 subministratur.

479 2419 650 2488 Igitur
689 2418 1052 2489 quadraginta
1104 2417 1193 2472 isti
1229 2416 1413 2472 officio
1458 2417 1694 2486 vitaaque
1723 2414 1985 2468 instituto

404 2510 608 2565 milites
655 2521 838 2574 erant,
887 2508 1134 2563 Romano
1181 2507 1496 2576 imperatori
1537 2505 1825 2569 auctorati,
1883 2503 1985 2558 fide

405 2597 709 2655 Christiani
739 2637 754 2663 ,
781 2606 835 2653 et
879 2599 1148 2669 religione
1184 2597 1282 2666 pii.
1320 2597 1618 2666 Postquam
1654 2610 1784 2650 vero
1815 2594 1861 2648 is
1891 2591 1983 2661 qui

405 2692 516 2746 illis
534 2693 878 2762 temporibus
911 2692 1206 2761 imperium
1237 2690 1480 2756 tenebat,
1509 2705 1656 2745 unus
1685 2703 1749 2743 ex
1785 2699 1982 2742 eorum

407 2798 640 2838 numero
687 2785 781 2853 qui
842 2783 1028 2853 plures
1095 2783 1229 2837 deos
1285 2781 1575 2847 colebant,
1642 2778 1983 2835 daemonibus

405 2876 660 2930 acerbum
703 2875 753 2929 ei
779 2874 1072 2929 consilium
1118 2883 1173 2929 et
1215 2871 1497 2928 decretum
1543 2870 1980 2944 suggerentibus,

405 2981 547 3021 nova
583 2967 700 3036 lege
751 2973 804 3019 et
843 2979 988 3018 novo
1030 2963 1215 3017 edicto
1246 2962 1594 3018 Christianos
1643 2961 1979 3031 exagitabat,

410 3056 682 3112 mandans
712 3063 773 3110 ut
805 3069 999 3110 omnes
1042 3053 1272 3118 subditi,
1317 3063 1410 3108 aut
1439 3053 1782 3108 daemonibus
1817 3053 1979 3106 thura

403 3145 706 3210 adolerent,
753 3149 849 3197 aut
911 3141 1017 3196 hoc
1057 3141 1238 3197 facere
1279 3141 1674 3207 detrectantes,
1731 3142 1850 3195 neci
1897 3139 1984 3194 de-

402 3230 680 3294 derentur,
710 3238 765 3285 et
798 3239 926 3284 ante
961 3237 1194 3284 mortem
1237 3236 1356 3284 toto
1397 3245 1634 3300 corpore
1671 3231 1826 3284 omni
1862 3246 1985 3285 cru-

401 3322 583 3377 ciatus
601 3337 810 3392 genere
856 3321 1426 3390 exearnilicarentur;
1467 3330 1601 3376 tunc
1639 3322 1982 3393 tyrannicam

401 3411 789 3465 truculentiam
841 3411 1058 3481 Deoque
1089 3411 1323 3466 invisam
1363 3411 1537 3483 legem
1571 3425 1670 3481 pro
1704 3409 1984 3464 fortitudi-

400 3505 488 3560 nis
547 3505 904 3561 ostendenda:
961 3519 1096 3559 ansa
1159 3503 1304 3559 beati
1351 3504 1444 3559 isti
1510 3504 1876 3573 arripientes,
1929 3510 1984 3557 et

399 3587 633 3654 scersim
669 3598 739 3653 ab
770 3599 896 3654 aliis
927 3598 1196 3654 militibus
1231 3595 1492 3651 eximiam
1525 3605 1582 3651 et
1613 3596 1841 3650 Christo
1887 3595 1983 3650 de-

397 3689 567 3744 ditam
604 3689 885 3744 cohortem
931 3689 1364 3750 constituentes,
1407 3701 1530 3757 quae
1575 3687 1778 3740 virtute
1818 3686 1984 3755 spiri-

400 3791 489 3840 tus
522 3784 806 3847 militaret,
863 3794 1052 3854 aperte
1083 3798 1206 3839 sese
1251 3782 1597 3838 detestandis
1639 3781 1842 3836 litteris
1886 3796 1983 3850 op-

399 3882 732 3945 posuerunt,
795 3882 850 3928 et
907 3873 1258 3928 concorditer
1298 3888 1513 3935 omnes,
1558 3872 1706 3926 velut
1755 3888 1821 3927 ex
1872 3888 1982 3926 uno

397 3981 518 4029 ore,
550 3966 713 4021 fidem
750 3973 992 4019 nostram
1021 3963 1256 4034 professi
1290 3970 1439 4028 sunt,
1472 3964 1742 4026 dicentes,
1775 3971 1983 4018 morta-

400 4061 506 4114 lem
541 4058 684 4112 hanc
711 4064 765 4112 et
802 4056 1066 4112 caducam
1093 4058 1261 4112 vitam
1291 4071 1482 4128 parum
1525 4057 1629 4113 sibi
1659 4072 1806 4113 curae
1835 4072 1977 4121 esse,

400 4164 574 4218 seque
603 4147 839 4202 libenter
869 4163 1100 4218 corpora
1134 4162 1231 4202 sua
1258 4148 1422 4203 variis
1457 4155 1852 4203 tormentorum
1884 4162 1979 4218 ge-

401 4239 630 4295 neribus
694 4239 1071 4308 exposituros.
1143 4240 1492 4310 Quapropter
1553 4239 1792 4294 crudelis
1846 4239 1978 4309 legis

2096 2428 2105 2437 ·
2153 2415 2494 2484 Στρατιῶται
2520 2415 2622 2487 μὲν
2644 2409 2737 2470 οὖν
2763 2417 2813 2470 oi
2853 2416 3285 2488 τεσσαράκοντα,
3313 2419 3406 2471 τοῦ
3431 2418 3545 2490 βίου
3569 2421 3681 2488 τὴν

2082 2503 2236 2569 τάξιν
2277 2505 2486 2575 βασιλεί
2527 2506 2634 2560 τῶν
2679 2507 2967 2578 Ῥωμαίων
3009 2509 3316 2563 ὁπλιτεύειν
3368 2511 3622 2582 λαχόντες
3651 2553 3674 2580 ,

2083 2593 2399 2665 Χριστιανοὶ
2414 2597 2470 2651 δὲ
2491 2597 2588 2670 τὴν
2611 2599 2820 2665 πίστιν,
2847 2601 2940 2654 καὶ
2961 2602 3204 2666 εὐσεϐεῖς
3219 2602 3316 2673 τὴν
3338 2603 3642 2675 θρησκείαν
3657 2650 3670 2661 .

2095 2685 2314 2754 Ἐπειδὴ
2351 2687 2408 2741 δὲ
2444 2691 2473 2742 ὁ
2511 2690 2812 2760 τηνικαῦτα
2859 2691 3108 2762 κρατῶν,
3138 2689 3217 2756 εἷς
3260 2693 3334 2747 ὢν
3362 2695 3471 2748 τῶν
3501 2688 3676 2750 ξολυ-

2089 2777 2250 2845 θέων,
2283 2779 2554 2851 δαιμόνων
2597 2780 2746 2852 αὐτῷ
2785 2782 2846 2836 τὸ
2876 2783 3068 2854 πικρὸν
3113 2784 3460 2856 ὑποθεμένων
3491 2789 3674 2842 ἐκεῖνο

2092 2869 2398 2943 βούλευμα,
2427 2871 2598 2942 καινῷ
2645 2872 2796 2944 νόμῳ
2837 2874 2930 2928 καὶ
2986 2874 3272 2946 γράμματι
3307 2878 3676 2949 Χριστιανοὺς

2089 2963 2287 3034 ἤλαυνε
2307 3002 2321 3027 ,
2353 2961 2612 3026 κελεύσας
2641 2962 2850 3027 πάντας
2877 2965 3002 3028 τοὺς
3032 2965 3306 3036 ὑπηκόους
3328 3005 3342 3028 ,
3363 2967 3398 3038 ἢ
3430 2968 3490 3021 τὸ
3517 2969 3671 3022 λιϐα-

2084 3053 2253 3107 νωτὸν
2279 3053 2550 3123 ἐναγίζειν
2573 3056 2686 3118 τοῖς
2717 3054 2988 3126 δαίμοσιν,
3028 3057 3062 3127 ἦ
3089 3057 3247 3111 τοῦτο
3274 3059 3348 3131 μὴ
3378 3061 3669 3126 ποιοῦντας

2087 3144 2302 3216 θανάτῳ
2331 3144 2809 3211 καταδικάξεσθαι,
2858 3149 2951 3201 καὶ⁹
2980 3148 3087 3220 πρό
3121 3165 3185 3218 γε
3219 3150 3318 3221 τῆς
3367 3152 3622 3223 τελευτῆς
3652 3194 3667 3217 ,

2085 3238 2249 3291 παντὶ
2275 3237 2353 3308 τῷ
2385 3237 2600 3309 σώματι
2624 3239 2825 3304 πολλὰς
2861 3239 3153 3311 ὑπομένειν
3177 3242 3275 3307 τὰς
3299 3243 3478 3309 λώϐας
3502 3262 3515 3276 ·
3537 3247 3667 3300 τότε

2083 3329 2148 3400 δὴ
2175 3329 2320 3396 τότε,
2356 3328 2454 3400 τὴν
2477 3331 2808 3402 τυραννικὴν
2838 3331 3118 3404 ὠμότητα,
3148 3335 3242 3388 καί
3273 3335 3366 3389 τὸν
3408 3339 3667 3410 μισόθεον

2084 3421 2267 3492 νόμον,
2293 3421 2658 3492 ἀνδραγαθίας
2683 3423 2892 3476 ἑαυτῶν
2913 3425 2960 3477 οἱ
2987 3425 3246 3498 μακάριοι
3267 3430 3628 3500 ποιησάμενοι
3649 3475 3664 3495 ,

2083 3513 2178 3565 καὶ
2216 3511 2323 3565 τῶν
2356 3512 2530 3565 ἄλλων
2581 3511 2679 3582 μέν
2715 3514 3122 3586 ἀπορραγέντες
3151 3519 3520 3587 στρατιωτῶν,
3557 3523 3667 3590 φά-

2083 3603 2262 3672 λαγγα
2291 3604 2564 3676 ἐξαίρετον
2594 3605 2688 3660 καὶ
2720 3607 3063 3677 φιλόχριστον
3096 3612 3569 3682 συγκροτήσαντες
3590 3619 3664 3684 τῇ

2081 3696 2306 3769 δυνάμει
2354 3700 2836 3773 στρατηγουμένην
2880 3702 2973 3756 τοῦ
3014 3704 3367 3775 Πνεύματος,
3411 3709 3666 3778 φανερῶς

2083 3792 2309 3855 ἑαυτοὺς
2333 3795 2445 3856 τοῖς
2475 3795 2693 3866 μιαροῖς
2719 3793 3183 3866 ἀντικατέστησαν
3206 3799 3498 3869 γράμμασι
3519 3816 3532 3829 ·
3566 3802 3665 3853 καὶ

2085 3881 2373 3952 σύμφωνον
2404 3882 2633 3948 πάντες,
2658 3882 2735 3946 ὡς
2778 3885 2841 3937 ἐκ
2873 3886 3001 3954 μιᾶς
3032 3885 3278 3958 γλώττης
3302 3928 3317 3952 ,
3343 3888 3444 3960 τήν
3475 3890 3662 3944 πίστιν

2081 3969 2238 4039 ήμῶν
2295 3969 2610 4040 ἐξεϐόησαν,
2666 3973 2860 4044 μικρὸν
2909 3976 3215 4046 φροντίζειν
3265 3977 3515 4048 λέγοντες
3556 3980 3662 4049 τῆς

2082 4061 2419 4133 προσκαίρου
2451 4061 2656 4133 ταύτης
2696 4066 2874 4136 ζωῆς,
2907 4067 3002 4120 καὶ
3051 4068 3313 4139 παρέχειν
3357 4069 3548 4124 ἔκδοτοι
3589 4072 3659 4125 τὰ

2081 4151 2310 4222 σώματα
2351 4152 2625 4218 ποικίλαις
2665 4155 2937 4210 κολάσεων
2989 4157 3176 4222 ἰδέαις.
3233 4160 3292 4214 ’0
3330 4162 3508 4214 τοίνυν
3557 4162 3656 4215 τοῦ

2082 4242 2257 4323 βιαίου
2288 4245 2454 4315 νόμου
2489 4245 2954 4319 τυραννικώτερος
2985 4249 3262 4321 ὑπηρέτης
3281 4291 3295 4316 ,
3321 4253 3654 4324 καταμαθὼν

399 4330 682 4388 crudelior
713 4337 1009 4386 exsecutor
1043 4339 1098 4386 et
1143 4332 1492 4395 administer,
1532 4331 1810 4387 intellecta
1850 4347 1978 4386 san-

2088 4335 2192 4389 τῶν
2224 4336 2395 4404 ἁγίων
2441 4337 2540 4408 τὴν
2577 4337 2849 4404 ἔνστασιν,
2888 4341 3176 4412 ἰσόρροπον
3219 4342 3450 4409 ἔσπευσε
3480 4363 3653 4416 μηχαο

398 4432 614 4478 ctorum
638 4433 842 4486 mente,
866 4422 999 4476 illud
1021 4421 1328 4485 contendit,
1351 4429 1410 4475 ut
1433 4422 1703 4476 alacritati
1724 4433 1776 4477 et
1791 4437 1976 4492 prom-

401 4515 660 4586 ptitudini
702 4515 857 4585 paria
898 4515 1170 4586 supplicia
1201 4514 1510 4582 adhiberet,
1543 4522 1596 4570 et
1639 4515 1850 4570 animos
1887 4517 1973 4570 in-

400 4607 646 4678 trepidos
679 4616 735 4662 et
765 4607 1168 4677 imperterritos
1212 4619 1354 4661 novo
1391 4615 1448 4660 et
1484 4607 1751 4662 inusitato
1781 4607 1972 4660 formi-

397 4699 544 4754 dinis
601 4699 936 4752 incutiendte
977 4698 1140 4752 modo
1185 4697 1568 4753 terrcfaceret.
1617 4698 1673 4753 Si
1711 4699 1976 4768 gladium,

397 4791 613 4862 inquit,
662 4791 773 4844 illis
815 4791 1149 4854 commiuer,
1216 4805 1406 4860 parum
1457 4792 1980 4855 connuovebuntu:-,

399 4897 580 4953 neque
617 4896 815 4936 manus
864 4880 1098 4944 dabunt.
1157 4887 1287 4934 sunt
1331 4881 1477 4935 enim
1509 4880 1611 4935 viri
1655 4881 1725 4935 ab
1761 4881 1979 4936 ineunte

394 4982 555 5030 atate
588 4973 642 5027 in
687 4972 860 5027 armis
903 4971 1120 5026 educati
1165 4979 1219 5026 et
1259 4987 1409 5025 arma
1453 4971 1596 5027 ferre
1644 4971 1875 5028 assueti.
1911 4967 1969 5024 Si

343 5111 350 5124 .
396 5069 502 5123 alia
549 5077 954 5122 tormentorum
1003 5079 1204 5136 genera
1259 5065 1369 5120 illis
1413 5064 1670 5132 inferam,
1709 5080 1975 5135 generose

396 5161 734 5226 tolerabunt,
781 5167 971 5229 utpote
1014 5157 1107 5228 qui
1155 5157 1435 5226 plagarum
1459 5165 1514 5211 et
1535 5157 1820 5212 vulnerum
1854 5156 1976 5211 diu-

396 5264 618 5309 turnam
673 5251 1072 5323 experientiam
1122 5250 1383 5306 habeant.
1426 5248 1616 5320 Neque
1673 5250 1813 5320 ignis
1859 5249 1972 5302 for-

397 5346 590 5400 millini
640 5352 726 5399 est
779 5344 914 5404 illis,
972 5342 1067 5413 qui
1118 5343 1212 5407 ita,
1271 5349 1330 5396 ut
1363 5341 1477 5406 isti,
1535 5341 1805 5396 obdurato
1845 5347 1975 5396 sunt

396 5449 638 5509 peetore.
677 5437 810 5491 Eam
849 5435 920 5490 ob
963 5451 1186 5490 causam
1240 5435 1664 5505 excogitandum
1713 5443 1798 5489 est
1838 5450 1971 5504 sup-

397 5532 644 5604 plicium,
675 5530 822 5601 quod
852 5538 907 5586 et
940 5531 1392 5586 molestissimum
1434 5529 1735 5584 cruciatum
1768 5527 1966 5598 pariat,

2082 4427 2347 4497 νήσασθαι
2377 4427 2476 4496 τῆς
2518 4428 2826 4499 προθυμίας
2864 4429 2963 4500 τὴν
2994 4433 3287 4502 τιμωρίαν,
3325 4436 3416 4488 καὶ
3457 4435 3654 4506 ψυχαῖς

2081 4521 2382 4583 ἀνενδότοις
2410 4521 2602 4592 καινὴν
2633 4523 2729 4574 καὶ
2761 4523 3060 4595 παράδοξον
3109 4528 3401 4599 ἐπινοήσας
3429 4531 3648 4585 δειλίαν.

2083 4610 2180 4665 Ἂν
2216 4612 2276 4665 τὸ
2305 4612 2457 4682 ξίφος
2483 4614 2664 4678 αὐτοῖς
2691 4614 2990 4688 ἀπειλήσω,
3029 4619 3184 4687 φησὶ,
3229 4621 3427 4690 μικρὸς
3449 4623 3529 4684 είς
3563 4639 3652 4674 κα-

2073 4702 2340 4773 τάπληξιν
2364 4704 2392 4755 ὁ
2421 4703 2602 4772 φόϐος,
2632 4705 2725 4759 καὶ
2749 4707 2999 4777 οὐδαμῶς
3030 4709 3429 4778 ὑποκύψουσιν·
3461 4713 3650 4785 ἄνδρες

2079 4792 2189 4864 γὰρ
2217 4796 2356 4846 εἰσιν
2379 4796 2437 4847 ἐν
2470 4795 2653 4858 ὅπλοις
2676 4799 2740 4848 ἐκ
2762 4796 2969 4849 παίδοιν
2996 4799 3278 4870 ζήσαντες,
3311 4803 3406 4854 καὶ
3437 4803 3650 4874 σίδηρον

2075 4879 2264 4949 φέρειν
2319 4882 2634 4953 εἰθισμένοι.
2703 4884 2831 4940 Ἐὰν
2880 4887 3045 4952 ἄλλας
3088 4891 3268 4954 αὐτοῖς
3317 4897 3650 4964 προσαγάγω

2077 4973 2343 5038 κολάσεις,
2384 4975 2646 5043 γενναίως
2705 4976 3227 5052 ἐγκαρτερήσουσιν,
3275 4985 3373 5035 οὐκ
3411 4985 3648 5056 ἀπείρως

2077 5064 2292 5135 ἔχοντες
2331 5066 2576 5138 πληγῶν,
2612 5069 2706 5122 καὶ
2737 5073 3084 5142 τραυμάτωΨ
3134 5074 3253 5126 οὐδὲ
3291 5075 3353 5127 τὸ
3387 5075 3498 5148 πῦρ
3532 5079 3646 5128 ἐστι

2079 5159 2308 5231 φοϐερὸν
2336 5163 2446 5223 τοῖς
2476 5162 2824 5226 ἐνστατικῶς,
2855 5164 2929 5228 ὡς
2962 5159 3125 5231 οὗτοι,
3156 5167 3538 5238 διακειμένοις.
3563 5169 3647 5220 Διὸ

2077 5252 2354 5324 προσῆκεν
2375 5254 2724 5326 ἐξευρεθῆναι
2745 5257 3036 5328 τιμωρίαν,
3066 5258 3100 5329 ἢ
3135 5259 3228 5312 καὶ
3255 5258 3354 5329 τὴν
3373 5259 3646 5331 ἐνέργειαν

2076 5343 2187 5409 ’ἐξει
2217 5346 2315 5416 τῆς
2335 5345 2624 5416 ἀλγηδόνος
2644 5346 2929 5419 ὀδυνηρὰν,
2962 5349 3056 5402 καὶ
3083 5349 3174 5402 τὸν
3197 5351 3386 5422 χρόνον
3419 5351 3642 5422 μακρὸν.

2077 5438 2173 5491 καὶ
2211 5437 2576 5509 παρέλκοντα.
2611 5439 2676 5492 Τί
2707 5435 2799 5510 οὖν
2829 5439 3107 5511 ἐπιμελῶς
3129 5441 3486 5496 ἐϐουλεύσατο
3511 5441 3641 5494 κατὰ

2076 5529 2186 5582 τῶν
2214 5529 2386 5598 ἁγίων
2409 5531 2437 5583 ό
2456 5529 2565 5585 τῶν
2588 5530 2774 5586 κακῶν
2801 5532 3088 5604 σοφιστήςς
3125 5532 3234 5588 Καὶ
3265 5535 3603 5605 μεριμνήσας
3626 5571 3639 5592 .

471 5712 547 5784 (α)
590 5713 860 5785 Loquitur
897 5718 963 5772 de
999 5718 1055 5772 S.
1094 5717 1319 5788 Basilio,
1352 5719 1512 5789 cujus
1549 5720 1726 5795 etiam
1754 5728 1932 5778 exstat
1969 5717 2160 5797 Oratio
2189 5721 2241 5776 in
2276 5737 2343 5776 τι
2384 5718 2677 5791 Martyres.
