4050 6164
362 350 460 405 777

1451 351 1515 404 ΙΝ
1555 351 2054 418 ρυΑυιιΑοιΝτΑ
2118 355 2522 413 )IARTYRES.

3516 362 3616 416 778

355 462 514 540 εὗρεν
556 452 795 535 ἐναέριον
823 465 1083 528 κίνδυνον,
1109 465 1164 518 ὃν
1193 466 1478 538 πρόχειρον
1504 466 1650 536 αὐτῷ
1677 471 1917 539 παρεῖχει

2037 475 2090 522 et
2128 477 2373 540 tempore
2425 474 2561 528 satis
2604 474 2768 545 longo
2799 475 2979 530 duret.
3022 475 3166 542 Quid
3201 477 3368 548 igitur
3397 479 3620 534 consilii

353 563 382 613 ὁ
406 558 620 629 καιρὸς,
653 558 747 610 καὶ
769 559 800 627 ἡ
823 557 994 628 χώρα.
1031 557 1092 610 '0
1117 557 1214 626 μὲν
1238 559 1346 629 γάρ
1377 558 1584 629 καιρὸς,
1611 555 1677 628 ἧν
1701 558 1904 633 χειμών
1921 576 1934 590 ⁸

353 651 382 703 ὁ
406 651 460 703 δὲ
497 649 663 710 τόπος
683 688 697 710 ,
744 647 1001 716 ’Λρμενία
1022 689 1036 711 ,
1069 650 1101 716 ἡ
1134 649 1425 720 πρόσοικος
1467 649 1616 720 χώρα
1635 689 1650 712 ,
1683 649 1758 713 ὡς
1786 650 1897 703 ἴστε
1917 694 1933 718 ,

353 739 731 808 δυσχείμερος·
758 739 876 790 οὑδὲ
902 738 997 808 τὴν
1027 737 1121 791 τοῦ
1150 739 1339 810 θέρους
1373 739 1520 812 ὤραν
1551 741 1797 812 ἀλεεινὴν
1823 743 1935 806 τοῖς

353 829 622 882 ἐνοικοῦσι
659 829 972 899 παρέχουσα
999 871 1012 894 ,
1042 829 1177 882 ἀλλά
1205 832 1456 886 τοσοῦτον
1488 831 1788 903 ἀγαπητῶς
1815 832 1934 886 θαλ-

353 921 564 989 πομένη
587 961 600 980 ,
637 922 762 974 ὅσον
789 921 1048 992 ἐκθρέψαι
1073 923 1162 976 τὸν
1197 923 1468 994 ἀσταχυν·
1508 925 1754 995 ἀμπέλου
1789 925 1844 978 δὲ
1873 927 1933 978 τὸ

351 1009 516 1076 φυτὸν
554 1010 682 1078 παρ’
715 1009 897 1071 αὐτοῖς
944 1009 1039 1060 καὶ
1071 1010 1333 1080 ἠγνόηται
1355 1028 1366 1040 ·
1411 1011 1504 1062 καὶ
1529 1013 1557 1062 ὁ
1591 1009 1666 1081 μὴ
1715 1012 1932 1082 μακρὰν

351 1099 692 1170 ἐκδημήσας,
725 1099 916 1170 βότρυν
941 1101 1040 1152 οὐκ
1067 1097 1206 1153 οἶδεν
1229 1117 1240 1128 ·
1270 1104 1451 1173 ἐρωτᾷ
1471 1103 1527 1154 δὲ
1565 1104 1694 1172 περὶ
1736 1120 1931 1172 σταφυ-

349 1191 448 1262 λῆς
479 1185 636 1254 οὗτος
660 1234 674 1257 ,
707 1191 781 1254 ὡς
810 1194 969 1261 ἡμεῖς
1001 1193 1129 1263 περὶ
1163 1191 1272 1246 τῶν
1302 1195 1432 1264 παρ’
1490 1194 1671 1257 Ἰνδοῖς
1711 1196 1932 1267 γινομέ-

349 1300 476 1336 νων.
497 1282 644 1334 Ἐκεῖ
667 1282 842 1353 χιόνος
865 1282 1032 1354 οΰσης
1059 1283 1352 1354 ἀνατέμνει
1372 1285 1471 1356 τὴν
1493 1287 1596 1356 γῆν
1615 1288 1643 1338 ὁ
1669 1288 1927 1359 σπείρων,
1967 1329 1976 1336 .

349 1376 444 1426 καὶ
472 1373 563 1426 τὸν
594 1373 807 1446 ἄμητον
841 1373 1256 1444 καταλαμϐάνει
1289 1376 1483 1446 νιφάςο
1526 1378 1621 1430 καὶ
1662 1377 1754 1430 τὸν
1791 1378 1931 1450 θερι-

349 1467 481 1536 στὴν
526 1465 852 1518 ἀποδύουσιν
900 1466 1128 1537 ἄνεμοι,
1162 1466 1228 1520 ἂν
1263 1467 1338 1538 μὴ
1373 1469 1578 1539 σφόδρα
1619 1469 1928 1550 καταδήσας

347 1559 537 1610 ἑαυτὸν
580 1560 692 1620 τοῖς
727 1557 963 1626 ἱματίοις
984 1598 996 1622 ,
1028 1558 1165 1628 πρὸς
1191 1559 1288 1630 τὴν
1316 1559 1437 1629 βίαν
1467 1559 1575 1623 τῶν
1603 1563 1926 1632 πνευμάτων

343 1649 754 1720 διαγωνίσηται.
788 1651 1124 1720 Μετόττωρον
1157 1649 1212 1702 δὲ
1243 1651 1335 1703 καὶ
1369 1650 1469 1722 ἔαρ
1509 1652 1696 1722 σχεδὸν
1725 1652 1826 1704 οὐκ
1857 1653 1926 1704 εί-

346 1743 452 1807 σὶν,
484 1742 560 1804 ὼς
581 1743 732 1812 παρὰ
755 1741 927 1794 κακοῦ
958 1741 1196 1810 γείτονος
1226 1742 1320 1796 τοῦ
1366 1741 1632 1814 χειμῶνος
1671 1743 1804 1814 πρὸς
1825 1741 1924 1813 τὴν

344 1833 554 1887 ἐκείνου
583 1834 904 1888 δυναστείαν
942 1834 1392 1904 παρασυρόμενα.

2042 564 2236 610 contra
2287 567 2512 614 sanctos
2573 563 2718 630 cepit
2769 565 3038 618 malorum
3091 565 3194 620 iste
3251 573 3499 635 repertor
3558 577 3614 622 et

2041 645 2278 702 artifex?
2307 646 2554 704 Sollicite
2605 652 3056 722 circumspiciens
3088 656 3298 709 invenit
3329 657 3486 726 quasi
3535 673 3620 714 ae-

2041 737 2183 790 rium
2214 739 2571 808 supplitium,
2611 743 2754 811 quod
2803 746 2849 798 ei
2893 746 3276 814 seppeditabat
3308 756 3525 817 tempus
3563 758 3618 802 et

2037 829 2208 900 regio.
2237 831 2498 902 Tempus,
2538 832 2715 889 hiems
2764 843 2918 900 erat;
2956 837 3131 901 locus,
3163 837 3446 902 Armenia,
3493 837 3618 892 fini-

2037 921 2169 975 tima
2219 923 2382 979 nobis
2411 925 2720 994 provincia,
2763 944 2883 998 quae
2916 945 3090 998 neque
3137 938 3380 984 :Pstatem
3419 931 3615 986 incolis

2035 1013 2155 1067 sine
2194 1012 2419 1084 frigoris
2462 1018 2754 1072 afilfctione
2803 1021 3005 1089 pricbct
3029 1060 3042 1079 ,
3079 1020 3174 1073 sed
3223 1037 3287 1074 eo
3317 1022 3502 1076 calore
3533 1023 3616 1075 fo-

2035 1115 2210 1171 vetur,
2247 1108 2340 1177 qui
2375 1109 2442 1162 ad
2475 1110 2808 1164 frumentum
2855 1113 3331 1182 progenerandum
3359 1115 3564 1170 sufficit.
3597 1134 3610 1170 :

2033 1205 2087 1248 at
2115 1197 2238 1252 vitis
2269 1205 2410 1268 apud
2445 1201 2568 1256 illos
2596 1203 2875 1272 incognita
2907 1213 3013 1270 est,
3045 1212 3098 1257 et
3129 1205 3220 1274 qui
3253 1220 3361 1259 non
3390 1206 3610 1276 longius

2032 1289 2415 1359 peregrinatus
2445 1301 2550 1355 est,
2601 1292 2822 1348 botrum
2867 1309 2962 1349 seu
2998 1310 3158 1348 uvam
3195 1311 3474 1364 nunquam
3527 1299 3613 1351 vi-

2031 1378 2112 1432 dit
2145 1400 2156 1434 :
2188 1381 2255 1436 de
2286 1399 2391 1436 uva
2426 1393 2610 1438 autem
2641 1386 2769 1440 talis
2814 1401 2922 1439 non
2961 1386 3121 1439 aliter
3165 1387 3382 1454 qnmrit,
3415 1402 3479 1441 ac
3507 1404 3612 1443 nos

2029 1471 2096 1525 de
2133 1472 2240 1527 illis
2275 1489 2400 1544 quae
2449 1487 2757 1530 nascuntur
2785 1479 2926 1547 apud
2973 1477 3158 1532 ludos.
3197 1479 3278 1532 lbi
3317 1479 3442 1533 nive
3475 1496 3610 1535 non-

2027 1559 2156 1613 dum
2227 1563 2522 1632 liquefacta
2585 1576 2784 1620 terram
2834 1568 3140 1636 proscindit
3203 1571 3441 1639 agricola
3492 1590 3504 1623 :
3554 1581 3610 1624 et

2029 1668 2266 1706 messem
2331 1654 2523 1709 bruma
2588 1659 2826 1728 excipit,
2895 1668 3292 1730 ventorumque
3350 1661 3609 1715 violentia

2027 1757 2329 1800 messorem
2382 1749 2627 1804 vestibus
2694 1751 2867 1813 exuit,
2918 1752 3026 1805 nisi
3067 1761 3261 1806 contra
3317 1763 3606 1808 ventorum

1959 1829 1997 1886 li
2029 1835 2428 1893 vehementiam
2479 1840 2696 1896 fortiter
2746 1843 3076 1899 vestimenta
3120 1845 3430 1915 colligando
3487 1862 3609 1902 sese

345 1927 942 1982 muniat..Autumnus
981 1938 1036 1981 et
1075 1941 1170 1981 ver
1206 1925 1602 1998 propemodum
1650 1926 1726 1980 ibi
1773 1925 1923 1980 nulla
1959 1937 2108 1997 sunt,
2149 1939 2337 2000 utpote
2371 1947 2400 1986 a
2437 1935 2582 1988 malo
2631 1935 2837 2000 vicino,
2903 1937 3100 1992 hiemis
3173 1939 3386 1996 scilicet
3433 1942 3606 1997 incle-

345 2017 570 2081 mentia,
603 2017 912 2088 proﬂigata.

423 2109 538 2163 Ἐπ’
563 2109 778 2180 ὲκείνης
815 2110 988 2164 τοίνυν
1036 2109 1134 2180 τῆς
1167 2109 1348 2180 χώρας
1379 2111 1470 2162 καὶ
1505 2107 1598 2162 τοῦ
1632 2107 1922 2170 ἐνεστῶτος

345 2203 510 2276 μηνὸς
536 2203 809 2264 ἀποδύσας
841 2203 969 2265 τοὺς
999 2203 1207 2271 ἀγίους,
1259 2201 1579 2272 ὑπαιθρίους
1609 2201 1834 2273 ἔστησεν
1866 2203 1922 2253 ἐν

340 2293 655 2364 όλογύμνοις
685 2294 796 2354 τοῖς
862 2291 1105 2361 σώμασιν
1145 2291 1203 2354 ἐξ
1244 2291 1490 2353 ἐναντίας
1525 2291 1620 2343 τοῦ
1661 2290 1924 2360 βασιλέως

337 2384 446 2437 τῶν
493 2385 793 2454 ’Λσσυρίων
837 2383 931 2436 καὶ
960 2385 1057 2454 τῆς
1113 2382 1460 2445 Βαϐυλωνίας
1502 2384 1764 2453 καμίνου,
1797 2383 1922 2444 τοὺς

335 2476 434 2546 τῆς
454 2475 735 2537 εὐσεϐείας
764 2474 1010 2544 μαθητάς
1045 2472 1406 2544 ἀμυνόμενος.
1451 2474 1615 2527 Οὐδὲν
1648 2473 1703 2525 δὲ
1742 2491 1921 2545 παρα-

337 2568 561 2638 πλήσιον
596 2567 676 2628 είς
703 2566 988 2636 ἀλγηδόνα,
1016 2565 1128 2636 πῦρ
1155 2565 1370 2634 φλέγον,
1410 2566 1501 2618 καὶ
1543 2583 1643 2635 κρυ
1655 2566 1749 2634 μὰς
1780 2584 1918 2636 συμ-

340 2660 548 2730 πηγνὺς
603 2658 697 2711 καὶ
735 2657 1013 2728 μαραίνων
1034 2673 1048 2688 ο
1071 2657 1132 2708 τὸ
1165 2657 1260 2726 μὲν
1285 2657 1392 2730 γὰρ
1414 2654 1490 2726 τῷ
1522 2656 1723 2726 σιδήρῳ
1749 2673 1919 2726 προσ-

335 2752 486 2820 ἧκεν,
515 2750 682 2816 ὀξέως
724 2748 852 2816 ἄγον
881 2749 970 2800 ἐπὶ
991 2749 1080 2802 τὸν
1120 2748 1347 2801 θάνατον
1367 2765 1380 2778 ·
1410 2748 1470 2800 τὸ
1507 2747 1562 2800 δὲ
1591 2748 1686 2818 τὴν
1717 2748 1908 2817 ὀδύνην

336 2842 455 2912 ἕχον
487 2841 794 2910 ίσὸῤῥοπον,
827 2841 1136 2910 παρατείνει
1166 2841 1263 2911 τὴν
1302 2839 1576 2910 τελευτήν.
1613 2839 1910 2910 ’Λργότερα

336 2933 444 3004 γάρ
474 2931 702 2985 καθόλου
730 2931 800 2983 τὰ
838 2931 942 2983 ὑπὸ
975 2931 1182 3002 ψυχροῦ
1207 2933 1464 3000 γινόμενα
1501 2930 1667 3000 πάθη,
1697 2927 1804 2982 οἷον
1825 2947 1913 2982 τε-

335 3023 598 3091 ταρταῖοι,
634 3021 727 3074 καὶ
761 3024 1024 3090 καρκῖνοι,
1061 3023 1154 3074 καὶ
1183 3022 1470 3094 ἄνθρακες,
1502 3023 1594 3074 καὶ
1634 3023 1734 3074 ὅσα
1763 3023 1912 3090 φιλο-

2104 2109 2159 2160 In
2208 2108 2312 2162 hac
2359 2107 2527 2178 igitur
2568 2109 2810 2180 regione,
2855 2112 3096 2168 instante
3135 2130 3342 2180 mense,
3382 2131 3607 2175 sanctos

2027 2197 2287 2252 Omnibus
2319 2197 2659 2253 indumentis
2701 2199 2964 2268 spolians,
2989 2201 3094 2254 sub
3133 2202 3224 2256 dio
3269 2203 3447 2258 nudos
3491 2213 3606 2259 toto

2027 2301 2258 2354 corpore
2287 2287 2604 2353 constituit,
2629 2288 2912 2342 contrario
2940 2291 3230 2359 supplicio,
3290 2308 3454 2360 quam
3509 2310 3605 2348 rex

2027 2378 2378 2447 Assyriorum
2418 2393 2666 2433 cumsua
2706 2380 3039 2451 Babylonica
3093 2381 3313 2438 fornace
3361 2384 3606 2450 discipu-

2027 2471 2110 2522 los
2133 2469 2354 2537 pietatis
2385 2469 2645 2525 alliciens.
2694 2469 2844 2524 Nihil
2883 2487 3016 2526 vero
3055 2473 3237 2528 simile
3284 2472 3352 2528 ad
3392 2478 3605 2531 crucia—

2025 2567 2135 2610 tum
2203 2559 2549 2614 inferendum
2605 2559 2790 2624 habet,
2843 2561 2986 2631 ignis
3029 2562 3266 2628 ardens,
3319 2565 3604 2636 frigusque

2024 2651 2382 2720 compingens
2407 2661 2460 2706 et
2485 2651 2850 2720 tabefaciens;
2891 2670 3014 2708 nam
3070 2657 3213 2726 ignis
3250 2655 3398 2712 ferro
3445 2674 3601 2714 com-

2027 2742 2181 2810 petit,
2217 2744 2558 2814 celeremque
2596 2753 2829 2800 mortem
2880 2748 3044 2816 parit,
3092 2748 3265 2818 frigus
3311 2766 3437 2805 vero
3475 2767 3600 2807 cum

2027 2835 2204 2887 dolori
2234 2835 2574 2903 procreanda
2619 2851 2805 2906 parem
2841 2839 2958 2902 ,vim
2985 2839 3204 2906 habeat,
3253 2851 3484 2896 mortem
3518 2851 3602 2897 ta-

2025 2941 2151 2980 men
2201 2928 2454 2996 protelat.
2503 2929 2642 2981 Nam
2703 2930 3066 2985 durabiliores
3115 2940 3242 2986 sunt
3302 2936 3602 3003 generatim

2025 3030 2219 3072 omnes
2264 3018 2369 3072 illa:
2413 3017 2754 3084 affectiones,
2805 3036 2928 3090 quae
2963 3036 2992 3074 a
3033 3023 3234 3093 frigore
3261 3022 3598 3089 efﬁciuntur,

338 3111 624 3182 σοφοῦντες
662 3112 894 3182 ίατρικοὶ
921 3112 1016 3181 τὴν
1044 3112 1254 3183 ψυχρὰν
1280 3113 1409 3182 ὓλην
1440 3114 1787 3182 ἀπεφήναντο
1807 3115 1917 3176 τοῖς

2029 3117 2086 3162 ιιι
2109 3109 2436 3166 suntfebres
2471 3121 2772 3180 quartanae,
2809 3127 3030 3176 cancer,
3065 3115 3408 3182 carbunculi,
3451 3127 3504 3172 et
3546 3118 3602 3172 id

339 3199 583 3268 σώμασιν
621 3203 889 3270 ἐμποιεῖν.
932 3199 1116 3264 Οὕτως
1163 3203 1212 3253 οἱ
1256 3201 1580 3274 ψυχρότεροι
1629 3203 1722 3256 καὶ
1757 3221 1918 3273 πιμε-

337 3288 542 3354 λώδεις,
573 3288 899 3362 νωθρότὲροι
931 3292 1024 3344 καὶ
1053 3291 1386 3363 δύσχρηστον
1409 3293 1620 3363 ἔχοντες
1641 3294 1702 3346 τὸ
1729 3295 1916 3365 σωμά-

338 3400 450 3436 τιον
467 3398 481 3412 ’
505 3385 597 3437 καὶ
617 3383 685 3437 τά
717 3383 884 3452 ἄλογα
910 3383 964 3436 δὲ
988 3383 1096 3436 τῶν
1126 3383 1279 3447 ζώων
1301 3386 1518 3454 ὁμοίως.
1559 3386 1639 3438 Τά
1665 3387 1764 3457 μὲν
1795 3386 1917 3459 θερ-

340 3474 544 3546 μότερα
573 3515 590 3540 ,
616 3475 787 3544 ταχέα
822 3475 916 3528 καὶ
962 3476 1098 3546 πρὸς
1139 3475 1237 3547 τὴν
1262 3476 1582 3544 ἐπείγουσαν
1608 3477 1794 3549 χρείαν
1823 3479 1914 3530 εὐ-

335 3566 565 3634 κίνητα·
594 3567 661 3619 τὰ
704 3568 762 3621 δὲ
805 3568 1060 3632 ἐναντίως
1097 3568 1307 3638 ἔχοντα,
1357 3569 1574 3640 βραδέα,
1613 3571 1705 3624 καὶ
1739 3571 1917 3642 νάρκῃ

337 3656 703 3726 πεπεδημένα.
742 3656 928 3720 Οὕτως
974 3658 1138 3722 ἵππος
1181 3659 1370 3729 ταχὺς,
1408 3659 1658 3731 συριγμῷ
1693 3659 1915 3730 πρὸτῆς

337 3746 598 3817 μάστιγος
647 3747 1043 3817 διεγειρόμενος
1091 3747 1226 3818 πρὸς
1273 3748 1363 3800 τὸν
1389 3748 1622 3820 δρόμον·
1661 3747 1858 3818 βραδὺς
1886 3751 1915 3802 ὁ

330 3839 471 3903 δνος,
523 3840 615 3892 καὶ
679 3839 828 3910 μόλις
878 3841 967 3894 διά
1008 3839 1116 3892 τῶν
1171 3839 1420 3910 ῥοπάλων
1467 3839 1565 3910 τὴν
1603 3840 1913 3911 ὁδοιπορίαν

330 3932 528 3986 ἀνύων.
570 3933 747 3996 Ὀξεῖα
783 3934 816 4003 ἡ
862 3931 1146 4003 πάρδαλις,
1180 3929 1330 4002 ξηρῷ
1359 3931 1452 3984 καὶ
1484 3929 1670 4000 θερμῴ
1697 3929 1775 4000 τῷ
1805 3929 1912 3983 σώ-

334 4045 466 4098 ματι
497 4025 820 4096 διιπταμένη
845 4025 942 4088 τὰς
990 4023 1166 4088 νάπας
1185 4040 1199 4054 ·
1231 4025 1266 4092 ἠ
1299 4023 1518 4094 ἄρκτος,
1549 4022 1610 4075 τὸ
1647 4021 1910 4076 ἀνάπαλιν

332 4118 658 4189 παχυτέροις
679 4119 790 4180 τοῖς
814 4116 1028 4187 μέλεσιν
1051 4113 1480 4187 ὲμϐραδύνουσα.
1503 4112 1687 4166 Ταῦτα
1707 4112 1764 4166 δὲ
1783 4113 1911 4182 ὑμῖν

329 4212 430 4264 οὐκ
467 4211 572 4263 ἀπὸ
625 4207 818 4280 καιροῦ
857 4207 1285 4278 ὲφυσιολόγησα,
1317 4205 1430 4258 ἀλλ’
1470 4204 1556 4258 ἴνα
1587 4204 1684 4274 τὴν
1713 4220 1912 4274 καρτε-

330 4304 454 4377 ρίαν
482 4303 590 4357 τῶν
618 4302 829 4374 ἀνδρῶν
857 4299 1232 4372 καταμάθητε,
1263 4296 1354 4351 τὸν
1391 4297 1588 4367 τρόπον
1617 4295 1717 4364 τῆς
1738 4311 1910 4364 τιμω-

330 4396 452 4468 ρίας
491 4394 935 4464 ἐπισκεψάμενοι.
975 4391 1196 4463 Χειμὼν
1224 4391 1367 4443 ποιεῖ
1408 4387 1689 4458 ποταμοὺς
1727 4402 1910 4439 ναυσι-

327 4487 530 4558 πόρους
560 4485 901 4551 πεζεύεσθαι,
933 4484 1027 4538 καὶ
1056 4483 1199 4553 ὓδωρ
1229 4481 1289 4535 τὸ
1315 4481 1435 4552 ῥέον
1455 4480 1535 4541 είς
1568 4478 1667 4549 τὴν
1692 4477 1800 4530 τῶν
1829 4477 1910 4530 λί-

327 4577 436 4631 θων
476 4577 799 4648 μεταϐάλλει
853 4574 1193 4644 σκληρότητα
1219 4588 1235 4605 ο
1266 4571 1360 4624 καὶ
1413 4569 1618 4638 πέτρας
1667 4565 1906 4630 διαλύει,

325 4669 454 4722 ὅταν
484 4667 578 4722 τοῦ
612 4669 807 4738 βάθους
838 4666 1132 4736 καθίκηται
1153 4683 1166 4694 ·
1188 4662 1413 4724 καὶτοῖς
1445 4658 1706 4722 ἐναντίοις
1732 4657 1913 4727 σώμα-

329 4777 413 4812 σιν
439 4759 623 4830 ὲξίσης
682 4759 999 4829 λυμαίνεται
1022 4795 1038 4819 ,
1066 4757 1137 4810 τὰ
1161 4758 1258 4827 μὲν
1292 4754 1474 4808 ἁπαλά
1497 4751 1785 4806 λιθοποιῶν
1805 4790 1820 4814 ,
1843 4752 1912 4805 τὰ

325 4851 384 4904 δὲ
421 4851 632 4922 σκληρά
658 4850 910 4903 διαλύων.
962 4847 1148 4909 Οὕτως
1181 4850 1210 4900 ό
1255 4841 1397 4910 οἶνος
1428 4847 1554 4899 ὅταν
1586 4847 1735 4914 παγῇ
1775 4860 1910 4914 μορ⁴

326 4941 522 5010 φοῦται
570 4943 706 5013 πρὸς
736 4943 829 4995 τὸν
887 4939 1206 5009 περιέχοντα
1252 4938 1432 5002 πίθον,
1474 4940 1569 4991 καὶ
1605 4937 1666 4988 τὸ
1701 4935 1910 4989 ἁπαλὸν

325 5034 504 5087 ἔλαιον
526 5035 739 5088 ἵσταται
807 5033 1025 5103 στερεὸν
1059 5032 1194 5102 πρὸς
1218 5031 1309 5084 τὸν
1341 5031 1506 5082 τόπον
1544 5029 1638 5082 τοῦ
1679 5027 1905 5098 ἀγγείου

327 5127 736 5196 σχηματισθέν-
799 5127 833 5196 ὴ
886 5123 1039 5188 ὖελος
1088 5123 1143 5175 δὲ
1206 5122 1300 5174 καὶ
1338 5121 1600 5189 ὄστρακον
1637 5121 1908 5191 περιρρα-

321 5215 492 5282 γέντα
546 5217 656 5278 τοῖς
693 5217 880 5286 ὑγροῖς
931 5211 1338 5282 διαθρύπτεται.
1408 5209 1531 5264 Ζὼα
1585 5210 1642 5262 δὲ
1691 5208 1761 5262 τὰ
1809 5208 1908 5278 τὴν

318 5307 502 5377 δρειον
536 5305 680 5376 ζωὴν
731 5306 965 5376 λαχόντα
1019 5303 1112 5356 καὶ
1179 5301 1472 5373 ὓπαιθρον,
1517 5300 1587 5354 τὰ
1635 5301 1730 5372 μὲν
1769 5301 1907 5353 διόλ-

318 5399 502 5462 λυται,
535 5396 604 5450 τὰ
630 5397 687 5450 δὲ
725 5399 792 5467 τῇ
841 5395 1114 5469 ὑπερϐολῇ
1143 5393 1236 5447 τοῦ
1280 5393 1450 5446 κακοῦ
1494 5392 1908 5447 ἐπιλανθάνεται

319 5488 419 5542 καὶ
473 5487 572 5556 τῆς
622 5487 963 5558 ἀγριότητος.
1015 5486 1243 5553 Ἔλαφοι
1307 5483 1416 5554 γὰρ
1477 5485 1570 5536 καὶ
1640 5483 1898 5554 δορκάδες

317 5579 380 5630 ὲν
416 5577 679 5648 μάνδραις
708 5577 1049 5640 αὐλίζονται·
1091 5575 1212 5629 οὔτε
1254 5575 1422 5636 κύνας
1462 5573 1580 5626 τότε
1611 5573 1904 5635 δειλιῶσαι,

319 5669 448 5724 οὗτε
491 5673 618 5734 τοὺς
651 5669 964 5738 ἐγγίζοντας
1005 5667 1432 5738 ἀποφεύγουσαι.
1472 5666 1546 5717 Τὸ
1579 5665 1686 5736 γὰρ
1723 5664 1906 5734 μεῖζον

318 5764 411 5818 ἀεὶ
464 5763 636 5816 δεινὸν
688 5762 797 5814 τῶν
863 5761 1260 5832 ὑποδεεστέρων
1322 5757 1500 5828 φόϐων
1556 5757 1653 5827 τὴν
1702 5755 1905 5808 δειλίαν

655 5857 925 5915 ΡΑτιιοι.
984 5855 1101 5918 Gn.
1134 5855 1347 5916 XLVI.

2022 3216 2194 3270 genus
2251 3203 2380 3268 alia,
2441 3219 2564 3273 qua:
2613 3219 2643 3258 a
2695 3204 2891 3274 frigida
2929 3208 3159 3260 materia
3187 3207 3240 3261 in
3269 3209 3601 3278 corporibus

2021 3295 2174 3348 nasci
2205 3295 2544 3350 medicorum
2572 3295 2666 3350 filii
2701 3297 2944 3352 tradunt.
2980 3296 3101 3364 Quo
3135 3298 3192 3352 fit
3223 3310 3284 3354 ut
3320 3301 3413 3370 qui
3457 3301 3604 3372 frigi-

2019 3383 2173 3439 diore
2222 3392 2277 3439 et
2319 3387 2574 3442 obesiore
2637 3389 3034 3444 constitutione
3079 3400 3242 3454 sunt,
3297 3393 3409 3446 sint
3461 3407 3602 3461 quo-

2017 3490 2126 3546 que
2195 3478 2467 3532 tardiores
2532 3485 2588 3534 et
2644 3479 2954 3549 pigriores,
3018 3495 3250 3550 corpore
3309 3483 3377 3537 ad
3437 3499 3599 3538 usum

2019 3582 2129 3620 non
2158 3581 2331 3636 usque
2357 3567 2494 3622 adeo
2523 3567 2710 3621 habili.
2749 3567 2907 3633 Quod
2951 3569 3116 3623 etiam
3161 3571 3221 3624 in
3269 3572 3599 3628 animalibus

2018 3657 2256 3712 rationis
2301 3658 2620 3727 expertibus
2659 3673 2887 3712 cernere
2919 3658 3046 3713 licet
3077 3677 3117 3727 ι,
3148 3676 3275 3716 nam
3310 3663 3596 3728 calidiora,

2017 3749 2280 3803 celeriora
2320 3757 2375 3802 et
2431 3748 2501 3803 ad
2525 3756 2808 3818 urgentem
2833 3750 3218 3806 necessitatem
3251 3752 3596 3824 expeditiora

2017 3852 2185 3911 sunt;
2239 3855 2358 3911 qua:
2386 3855 2516 3896 vero
2575 3842 2851 3895 contraria
2893 3843 3270 3913 complexione
3305 3853 3594 3912 constant,

2014 3931 2173 3984 tarda
2197 3939 2326 3988 sunt
2363 3941 2416 3986 et
2468 3939 2688 4001 torpore
2708 3933 2869 4001 quasi
2894 3933 3099 3987 vincta.
3157 3932 3237 3989 lta
3289 3950 3466 4007 equus
3511 3953 3598 3996 ce-

2015 4025 2096 4079 ler
2133 4033 2218 4080 est
2255 4025 2379 4080 solo
2408 4022 2606 4094 flagelli
2641 4025 2821 4080 sonitu
2857 4024 2925 4080 ad
2965 4040 3188 4080 cursum
3239 4027 3456 4084 incitari
3501 4046 3596 4087 so-

2013 4116 2188 4182 litus;
2229 4117 2421 4171 tardus
2470 4125 2650 4170 autem
2718 4125 2804 4172 est
2847 4117 3062 4181 asinus,
3107 4127 3161 4172 et
3209 4119 3300 4174 vix
3356 4120 3595 4180 fustibus

2015 4208 2158 4278 adigi
2218 4215 2411 4277 potest,
2442 4214 2503 4261 ut
2550 4215 2794 4276 emptum
2853 4209 2958 4264 iter
3003 4217 3224 4266 teneat:
3271 4215 3463 4283 pernix
3511 4225 3594 4271 est

2015 4299 2273 4368 pardalis,
2305 4299 2452 4354 sicco
2484 4306 2538 4354 et
2555 4299 2732 4353 calido
2763 4313 2994 4370 corpore
3031 4301 3205 4358 saltus
3225 4305 3590 4372 pervolitans;

2016 4406 2178 4445 ursus
2211 4405 2242 4444 e
2277 4390 2558 4444 contrario
2600 4390 2950 4446 densioribus
2999 4393 3260 4448 membris
3305 4402 3590 4459 constans,

1939 4487 1985 4540 D
2017 4480 2206 4536 tardus
2227 4489 2330 4536 est.
2370 4482 2494 4536 Haec
2517 4489 2701 4536 autem
2737 4498 2802 4537 ex
2836 4490 3045 4537 naturae
3075 4485 3252 4554 adytis
3282 4485 3449 4554 petita
3479 4501 3590 4542 non

2013 4573 2112 4624 abs
2141 4586 2200 4625 re
2228 4570 2380 4625 vobis
2416 4571 2696 4642 praposui,
2733 4571 2829 4626 sed
2859 4581 2918 4626 ut
2955 4571 3294 4641 intelligatis,
3316 4574 3590 4642 quodnam

2014 4664 2269 4732 supplicii
2330 4679 2504 4734 genus
2572 4665 2827 4735 generosi
2881 4665 2970 4718 isti
3034 4664 3248 4732 pugiles
3297 4664 3590 4722 subierint.

2010 4753 2199 4810 Hiems
2251 4755 2405 4819 facit,
2456 4765 2515 4809 ut
2547 4754 2775 4809 flumina
2811 4754 3146 4820 navigabilia
3197 4754 3428 4824 pedibus
3469 4772 3596 4825 per-

2011 4856 2386 4911 transeantur,
2419 4855 2587 4918 utque
2618 4861 2759 4916 aqua
2791 4847 2996 4916 alioqui
3027 4847 3198 4902 fluere
3228 4848 3388 4902 solita
3420 4849 3472 4902 in
3512 4851 3591 4901 la-

2007 4939 2198 5009 pidum
2223 4939 2478 4992 duritiem
2509 4947 2864 4994 conercscat:
2905 4940 3041 5008 quin
3076 4949 3133 4996 et
3173 4949 3359 5010 petras
3391 4941 3593 4995 dissol-

2010 5031 2110 5090 vit,
2151 5027 2373 5097 quando
2407 5027 2475 5081 ad
2516 5027 2847 5098 profundum
2883 5047 3055 5100 usque
3085 5030 3450 5100 penetraverit
3485 5045 3498 5081 :
3535 5040 3590 5082 et

2011 5118 2306 5172 contrariis
2335 5118 2662 5187 corporibus
2689 5119 2941 5174 similiter
2972 5121 3176 5187 officit;
3227 5136 3351 5175 nam
3405 5130 3590 5178 tcnesa

2013 5209 2071 5264 in
2105 5206 2316 5277 lapides
2343 5209 2529 5272 vertit,
2558 5208 2698 5262 dura
2732 5217 2914 5262 autem
2947 5211 3219 5265 dissolvit.
3255 5210 3346 5264 Sic
3375 5210 3584 5273 vinum,

2011 5301 2233 5370 quando
2276 5299 2629 5368 congelascit,
2667 5300 2895 5353 formam
2931 5300 3062 5353 dolii
3101 5302 3157 5355 in
3194 5318 3304 5372 quo
3337 5303 3588 5358 contine-

2010 5405 2120 5456 tur,
2148 5391 2348 5457 induit,
2381 5391 2672 5460 oleumque
2699 5389 2966 5458 liquidum
2997 5392 3227 5446 firmiter
3244 5394 3497 5448 consistit
3517 5395 3587 5450 ad

2008 5485 2238 5554 figuram
2266 5483 2410 5538 vasis
2445 5481 2886 5548 conformatum;
2919 5482 3121 5537 vitrum
3154 5500 3322 5554 porro
3359 5493 3414 5540 et
3443 5495 3584 5542 testa

2012 5576 2238 5629 humore
2267 5573 2714 5644 confringuntur.
2740 5573 3034 5640 Animalia,
3055 5591 3176 5644 qua:
3209 5577 3264 5648 in
3308 5579 3585 5634 ulantibus

2009 5674 2061 5719 et
2083 5667 2185 5719 sub
2207 5665 2300 5718 dio
2330 5665 2554 5736 degunt,
2586 5664 2782 5734 partim
2807 5663 3028 5734 quidem
3061 5665 3358 5730 intereunt,
3387 5675 3582 5738 partim

2012 5757 2388 5828 magnitudine
2443 5758 2592 5825 ntali,
2644 5756 2876 5814 fcritatis
2923 5761 3192 5816 naturalis
3243 5762 3582 5819 obliviscun-

3171 5853 3251 5914 25
