4050 6164
488 246 590 365 vra

1705 263 1760 317 S.
1797 260 2121 318 GBEGORII
2148 260 2442 315 NYS‘SEM

3622 260 3732 316 780

491 402 595 447 tur.
625 389 780 444 Cervi
812 388 953 442 enim
979 395 1030 441 et
1057 400 1267 455 capreae
1300 385 1352 437 in
1389 383 1634 437 mentiris
1685 399 1777 438 seu
1827 382 2039 436 ovilibu:

2167 379 2434 432 ἐκϐάλλει.
2473 377 2717 447 Ὄρνιθες
2760 377 2816 430 δὲ
2872 377 3000 446 παρ’
3055 375 3361 446 ἀνθρώποις
3414 374 3730 438 εἰσοικίζον-

489 483 853 543 stabulantur,
880 492 1055 546 neque
1083 490 1247 531 canes
1274 485 1405 529 tunc
1445 483 1731 542 metuunt;
1769 490 1944 543 neque
1979 489 2060 527 ac-

490 578 791 632 cedentium
826 573 1115 626 formidine
1146 570 1466 639 aul‘ugiunt:
1510 585 1725 639 semper
1759 568 1903 622 enim
1942 582 2061 637 gra-

488 668 606 721 vius
655 664 855 717 malum
899 661 1175 714 minorum
1210 661 1479 713 malorum
1529 659 1779 711 tinorcm
1816 657 2055 726 expellit.

487 757 628 807 Aves
668 761 846 805 autem
896 765 1018 803 cum
1066 749 1380 804 hominibus
1423 749 1689 812 habitant,
1731 757 1783 801 et
1825 748 1926 802 sub
1964 763 2057 802 eo-

488 845 608 897 dem
663 851 804 897 tecto
847 849 1093 894 manent.
1137 841 1203 894 At
1252 840 1502 895 homines
1540 854 1690 892 mare
1730 837 1962 903 fodiunt,
2003 846 2055 892 et

488 934 862 989 instrumentis
895 932 1095 1002 quibus
1121 932 1320 1000 alioqui
1349 930 1554 1000 lapides
1585 929 1819 994 cmdttnt,
1857 944 2050 999 aquam

489 1027 836 1095 percutiunt:
883 1032 935 1078 ct
979 1024 1175 1079 vicinis
1219 1039 1439 1092 quoque
1489 1024 1710 1078 sedibus
1745 1022 1947 1087 dissiti,
1994 1037 2053 1076 se

488 1126 677 1172 mutuo
725 1117 876 1171 adire
915 1122 1209 1185 nequeunt.
1255 1113 1531 1184 Ejusmodi
1576 1120 2052 1184 tempustyranno

488 1223 637 1264 arma
689 1208 951 1263 adversus
1000 1216 1266 1276 martyres
1307 1206 1691 1276 suppeditavit.
1756 1204 2051 1273 Oportebat

487 1300 659 1364 enim,
696 1308 755 1353 ut
786 1306 1027 1368 apparet,
1052 1297 1261 1352 beatam
1285 1296 1439 1353 istam
1476 1296 1752 1351 cohortem
1777 1312 1896 1352 cum
1912 1312 2050 1351 novo

487 1389 740 1460 supplicii
787 1403 983 1457 genere
1025 1387 1354 1456 depugnare,
1419 1395 1477 1440 ut
1543 1401 1653 1455 prae
1703 1386 1889 1442 multis
1927 1388 2048 1441 aliis

483 1481 817 1553 martyribus
859 1480 1188 1549 singularem
1218 1486 1272 1533 et
1318 1480 1571 1534 eximiam
1605 1478 1834 1550 gloriam
1870 1479 2045 1550 adipi-

483 1579 788 1629 scerentur.
834 1569 1065 1623 Stabant
1122 1568 1288 1638 igitur
1341 1575 1657 1631 trementes,
1710 1577 1764 1623 et
1806 1569 2046 1623 membra

485 1661 930 1732 congelabantur,
960 1667 1015 1712 at
1055 1667 1237 1715 mente
1282 1659 1500 1712 immota
1550 1668 1602 1713 et
1655 1658 2044 1728 imperturbata

2160 488 2278 536 ται,
2320 470 2412 522 καὶ
2457 469 2710 539 μένουσιν
2745 467 3065 539 ὑπωρόφιοι.
3104 465 3410 536 ’Ἄνθρωποι
3444 464 3502 516 δὲ
3538 464 3730 516 πόντον

2157 559 2457 629 ὀρύττουσι,
2480 559 2571 612 καὶ
2592 557 2892 629 λιθουργοῖς
2913 557 3163 627 ὀργάνοις
3207 556 3267 607 τὸ
3283 554 3423 626 ὕδωρ
3446 554 3725 607 κόπτουσι·

2157 651 2248 702 καὶ
2267 651 2316 703 οἱ
2344 649 2567 719 πλησίον
2587 648 2834 717 ἀλλήλοις
2864 646 2964 699 οὐκ
2991 648 3392 717 ἐπιμίγνυνται,
3415 644 3474 697 Ὀ
3490 641 3729 706 τοιοῦτος

2154 741 2343 810 καιρὸς
2401 740 2562 793 ὅπλον
2591 738 2668 809 τῷ
2696 737 2943 809 τυράννῳ
2984 737 3124 790 κατά
3146 735 3252 788 τῶν
3286 734 3574 806 μαρτύρων
3608 733 3721 800 ἐγέ-

2153 849 2293 885 νετο.
2321 832 2465 884 Ἔδει
2497 831 2627 903 γὰρ,
2655 832 2730 893 ὡς
2764 830 2926 895 ἔοικε,
2951 830 3049 898 τὴν
3087 827 3327 897 μεγάλην
3380 827 3473 879 καὶ
3502 824 3730 895 σύμφω-

2153 941 2241 977 νον
2262 921 2366 976 τῶν
2411 924 2693 994 μακαρίων
2741 922 2993 990 φάλαγγα
3030 919 3198 989 καινῴ
3225 921 3413 988 τρόπῳ
3452 916 3726 987 τιμωρίας

2151 1014 2599 1084 ἐναγωνίσασθαι,
2620 1014 2704 1066 ἵνα
2731 1012 2866 1084 πρὸς
2882 1012 3005 1074 τοὺς
3034 1011 3260 1074 πολλοὺς
3279 1008 3385 1063 τῶν
3432 1006 3726 1079 μαρτύρων

2148 1103 2477 1176 ἀσύγκριτον
2494 1106 2798 1176 κτήσωνται
2812 1104 2909 1173 τῆς
2920 1102 3197 1164 εὐσεϐείας
3220 1100 3316 1171 τὴν
3340 1099 3727 1168 δόξαν.Ἔστη-

2150 1212 2248 1249 σαν
2278 1192 2390 1259 οὖν,
2427 1196 2520 1250 καὶ
2566 1196 2871 1265 ἐπήγνυντο
2902 1194 2969 1247 τὰ
3001 1193 3138 1263 μέλη
3164 1193 3473 1263 τρέμοντες,
3500 1188 3595 1243 καλ⁸
3625 1188 3726 1259 τὴν

2075 1289 2092 1307 ⁹
2148 1287 2371 1360 γνώμην
2396 1288 2687 1359 ἀκλόνητον
2722 1285 2954 1356 ἔχοντες,
2998 1285 3123 1337 θέαν
3156 1282 3485 1355 παρέχοντες
3519 1279 3700 1348 ἐναγώ

2148 1396 2281 1443 νιον,
2339 1379 2612 1448 ἀγγέλοις,
2655 1376 2960 1450 ἀνθρώποις
3007 1377 3100 1429 καὶ
3146 1376 3429 1446 δαίμοσι...
3470 1371 3726 1440 ’Ἄγγελοι

2151 1472 2249 1543 μὲν
2281 1471 2371 1524 τὸν
2402 1470 2677 1543 χωρισμὸν
2700 1470 2805 1536 τῶν
2830 1468 3015 1538 ψυχῶν
3044 1467 3301 1539 ἀνέμενον
3321 1505 3336 1530 ,
3361 1466 3446 1518 ἴνα
3477 1462 3725 1535 παραλα-

2146 1560 2329 1622 δόντες
2358 1559 2526 1621 αύτὰς
2553 1558 2688 1628 πρὸς
2719 1558 2807 1610 τὸν
2836 1556 2963 1609 ἴδιον
3002 1554 3314 1624 ἀναγάγωσι
3351 1550 3569 1621 κλῆρον.
3598 1549 3727 1602 "Av-

2147 1649 2354 1721 θρωποι
2375 1649 2430 1701 δὲ
2458 1648 2517 1701 τὸ
2548 1648 2698 1710 τέλος
2743 1645 3130 1718 ἐκαραδόκουν,
3162 1644 3263 1713 τῆς
3291 1641 3477 1710 κοινῆς
3509 1639 3725 1710 φύσεως

484 1754 729 1824 angelis,
791 1751 1101 1806 hominibus
1171 1758 1224 1804 et
1278 1748 1616 1804 dannonibus
1674 1748 2039 1817 spectaculum

2144 1742 2242 1812 τὴν
2276 1740 2501 1809 δύναμιν
2528 1738 2942 1807 δοκιμάζοντεςο
2984 1738 3032 1790 εἰ
3056 1735 3144 1789 διὰ
3175 1733 3336 1803 φόϐον
3386 1734 3476 1786 καὶ
3533 1729 3725 1783 ἐλπίδα

481 1842 829 1900 exhibebant.
890 1841 1079 1910 Angeli
1109 1840 1253 1894 enim
1299 1839 1692 1909 separationem
1745 1839 2044 1893 animarum

482 1932 863 2002 acorporibus
918 1930 1337 2001 exspectabant,
1387 1936 1446 1984 ut
1492 1928 1613 1984 illas
1665 1930 1720 1983 in
1772 1929 2045 1999 prepriam

481 2028 683 2077 sortem
728 2027 782 2075 et
827 2021 1118 2074 statiOnem
1165 2018 1513 2073 deducerent.
1565 2016 1822 2072 Homines
1867 2024 2045 2071 autem

482 2111 934 2171 praestolabantur
967 2108 1125 2163 ﬁnem
1151 2148 1165 2172 ,
1214 2108 1518 2163 communis
1543 2116 1751 2161 naturae
1792 2107 1956 2161 robur
1993 2114 2047 2161 et

483 2203 776 2273 potentiam
817 2199 1149 2271 probantes;
1197 2213 1319 2267 qua:
1389 2204 1612 2267 propter
1677 2196 1927 2251 timorem
1990 2205 2044 2251 et

480 2308 632 2364 Spem
667 2291 834 2346 futuri
867 2298 946 2345 tot
978 2305 1039 2344 ac
1067 2288 1231 2344 tantis
1256 2286 1594 2341 cruciatibus
1645 2286 1895 2357 superior
1924 2301 2044 2340 esse

478 2396 682 2458 posset.
709 2384 779 2436 At
807 2384 1100 2445 daemones,
1127 2380 1344 2435 curiose
1366 2378 1431 2431 ad
1454 2393 1536 2440 ea,
1555 2393 1673 2447 quae
1689 2377 2039 2448 gerebantur,

477 2474 856 2539 intendebant,
882 2488 1003 2527 cum
1032 2486 1230 2542 magno
1270 2470 1543 2525 desiderio
1572 2468 1787 2523 videndi
1823 2468 2039 2523 ruinam

477 2566 804 2621 athletarum
870 2572 923 2619 et
998 2563 1366 2633 periculorum
1413 2559 1880 2615 detrectationem.
1933 2557 2039 2613 Sed

477 2673 602 2729 spes
629 2657 842 2713 illorum
881 2654 1105 2709 confusa
1133 2660 1235 2718 est,
1272 2659 1495 2721 propter
1528 2650 1701 2715 illum,
1756 2651 1848 2720 qui
1890 2664 2040 2702 mar-

477 2745 806 2817 tyres-intus
846 2742 1226 2797 conﬁrmabat.
1273 2740 1593 2794 Intuebatur
1636 2740 1779 2794 enim
1818 2741 2036 2794 mutila—

476 2838 651 2891 tiones
683 2836 910 2905 quilibet
938 2833 1223 2904 proprias;
1241 2838 1296 2885 et
1323 2834 1573 2897 aliorum,
1597 2830 1827 2888 omnes.’
1852 2831 1917 2885 Et
1950 2832 2039 2886 hic

474 2924 693 2994 quidem
717 2923 929 2994 iacebat
958 2921 1093 2991 pede
1113 2928 1205 2975 aut
1244 2921 1429 2991 digitis
1463 2922 1864 2988 diiiluentibus;
1897 2922 2037 2975 alius

472 3012 688 3080 jacebat
729 3011 896 3066 insito
939 3010 1121 3065 calore
1171 3010 1282 3078 jam
1336 3012 1553 3080 penitus
1606 3011 1928 3082 refrigerato
1981 3018 2035 3066 et

474 3104 763 3159 exstincto.
794 3100 1258 3168 Quemadmodum
1283 3111 1464 3158 autem
1481 3103 1861 3159 violentissimi
1891 3103 2032 3157 venti

475 3210 597 3249 cum
638 3194 816 3248 locum
868 3193 971 3248 sibi
1015 3192 1267 3246 idoneum
1314 3178 1566 3262 perﬂant,
1634 3201 1821 3263 postea
1874 3195 2035 3249 arbo-

475 3300 596 3339 rum
626 3284 863 3341 eulmina
897 3283 1294 3348 concutientes,
1323 3284 1921 3354 radicitusexstirpant
1982 3295 2036 3340 et

384 3364 387 3367 ’
474 3376 528 3430 in
556 3384 754 3431 terram
778 3382 1182 3444 prosternunt:
1231 3374 1310 3429 sic
1361 3375 1430 3429 ab
1469 3375 1571 3429 hac
1623 3375 1797 3431 hieme
1837 3378 2036 3434 nobilis

472 3468 573 3524 ista
611 3467 891 3523 beatorum
914 3467 1159 3539 pugilum
1195 3466 1394 3522 cohors
1428 3466 1641 3536 dejecta
1667 3476 1750 3521 est
1776 3506 1790 3531 ,
1822 3468 2034 3524 nobiles

471 3560 720 3615 videlicet
751 3560 989 3630 paradisi
1008 3560 1221 3631 plantae,
1256 3559 1535 3616 societatis
1572 3558 1822 3614 humanae
1848 3559 2034 3625 decus,

2145 1834 2240 1887 τοῦ
2274 1832 2555 1903 μέλλοντος
2592 1829 2921 1901 τηλικούτων
2968 1825 3386 1897 κατευμεγεθεῖν
3416 1824 3724 1895 ἀλγηδόνων

2150 1926 2446 1997 ίσχύοιμεν.
2478 1923 2739 1993 Δαίμονες
2771 1923 2829 1975 δὲ
2873 1920 3076 1991 σφόδρα
3114 1921 3398 1989 προσεῖχον
3430 1916 3542 1978 τοῖς
3573 1933 3722 1984 γινο-

2153 2017 2356 2087 μένοις,
2382 2012 2770 2082 ἐπιθυμοῦντες
2799 2011 2925 2064 ίδεῖν
2952 2010 3050 2080 τὴν
3088 2009 3292 2063 πτῶσιν
3316 2008 3423 2061 τῶν
3450 2007 3720 2076 ἀθλητῶν,

2142 2109 2241 2163 καὶ
2272 2107 2371 2178 τὴν
2399 2105 2534 2177 πρὸς
2560 2104 2687 2167 τοὺς
2719 2101 2994 2165 κινδύνους
3025 2100 3286 2172 ἄνανδρον
3330 2098 3721 2169 ἀπαγόρευσιν.

2153 2199 2218 2252 Ἦ
2242 2199 2298 2252 δέ
2321 2198 2470 2262 ἐλπὶς
2497 2195 2674 2250 αὐτῶν
2700 2193 3066 2267 κατῃσχύνθη,
3086 2192 3174 2245 διὰ
3204 2194 3294 2244 τὸν
3321 2190 3724 2259 ἐνδυναμοῦντα

2142 2289 2294 2342 Θεόν.
2336 2288 2601 2341 Ἐϐλεπον
2632 2287 2739 2357 γὰρ
2761 2286 2888 2349 τοὺς
2919 2283 3430 2355 ἀκρωτηριασμοὺς,
3463 2280 3557 2335 καὶ
3594 2281 3722 2343 τοὺς

2147 2382 2306 2443 ἰδίους
2329 2380 2575 2443 ἕκαστος,
2623 2379 2718 2433 καὶ
2746 2379 2871 2442 τοὺς
2912 2377 3154 2448 ἀλλήλων
3196 2376 3245 2428 οἱ
3274 2376 3493 2438 πάντες.
3534 2375 3592 2428 ’0
3621 2374 3723 2443 μὲν

2141 2470 2316 2523 ἔκειτο
2344 2470 2499 2532 ποδὸς
2542 2469 2575 2540 ἦ
2603 2468 2879 2522 δακτύλων
2899 2466 3304 2539 περιρρυέντων
3324 2483 3335 2494 ·
3360 2464 3519 2527 ἄλλος
3543 2464 3723 2518 ἔκειτο

2138 2562 2236 2631 τῆς
2294 2560 2532 2632 ἐμφύτου
2587 2560 2916 2632 θερμότητος
2952 2556 3393 2628 καταψυχθείσης
3420 2556 3498 2619 είς
3538 2556 3719 2619 τέλος.

2140 2654 2310 2706 Ὠσπε
2320 2670 2350 2724 ρ
2370 2653 2424 2705 δὲ
2443 2655 2491 2706 οἱ
2519 2652 2864 2723 σφοδρότατοι
2880 2650 2985 2704 τῶν
3012 2651 3248 2720 ἀνέμων,
3268 2649 3431 2702 τόπον
3459 2648 3721 2702 ἐπιπνεύ-

2139 2764 2331 2810 σαντες
2365 2746 2640 2817 σύμφυτον
2667 2786 2680 2808 ,
2715 2740 2833 2797 εἶτα
2857 2744 2923 2795 τὰ
2946 2741 3126 2812 ὑψηλά
3155 2740 3262 2793 τῶν
3289 2740 3517 2811 δένδρων
3547 2756 3721 2794 κατα-

2140 2839 2435 2901 σείσαντες,
2489 2840 2569 2900 είς
2605 2837 2706 2907 γῆν
2774 2834 3141 2905 καταφέρουσι
3182 2831 3485 2903 πρόρριζαο
3541 2831 3720 2894 οὕτως

2139 2928 2478 3001 ὲστορέ[σ]ϐη
2499 2929 2647 3000 παρὰ
2663 2928 2754 2982 τοῦ
2770 2928 3033 2998 χειμῶνος
3058 2927 3090 2997 ἡ
3115 2925 3220 2978 τῶν
3240 2923 3521 2994 μακαρίων
3537 2922 3720 2992 παρά-

2136 3019 2321 3085 ταξιςο
2354 3019 2422 3071 τὰ
2450 3019 2642 3089 εὐγενῆ
2683 3017 2825 3087 φυτὰ
2863 3016 2956 3069 τοῦ
3005 3015 3354 3087 παραδείσου,
3389 3011 3481 3065 τοῦ
3524 3012 3719 3080 γένους

2137 3109 2198 3163 τὸ
2223 3108 2668 3179 ἐγκαλλώπισμα,
2692 3111 2745 3162 αἱ
2764 3106 3021 3179 pagana;
3044 3105 3313 3177 ἡμετέρας
3331 3091 3676 3174 βλαστήσεως
3699 3144 3714 3168 ,

2137 3203 2186 3256 οἱ
2243 3200 2454 3254 Παύλου
2506 3200 2741 3261 ὁπλῖται,
2795 3201 2842 3252 οἱ
2893 3196 3134 3268 Χριστοῦ
3178 3196 3497 3268 δορυφόροι,
3529 3193 3578 3247 οἱ
3605 3190 3717 3245 τῶν

2143 3292 2339 3363 βωμῶν
2370 3292 2665 3346 καταλυταλ⁵
2688 3331 2702 3355 ,
2734 3293 2781 3344 οἱ
2824 3289 2931 3342 τῶν
2975 3286 3308 3357 Ἐκκλησιῶν
3329 3284 3639 3353 οἰκοδόμοι,
3666 3284 3717 3334 οἱ

2141 3385 2282 3438 κατά
2310 3384 2598 3456 βαρϐάρων
2624 3382 2925 3437 ὁπλιτεύειν
2950 3380 3417 3451 ἀπογραψάμενοι,
3454 3377 3549 3430 καὶ
3576 3374 3717 3445 πρὸς

2140 3475 2232 3528 τὸν
2261 3476 2435 3529 κοινὸν
2463 3474 2653 3545 ἐχθρὸν
2682 3474 2781 3544 τῆς
2805 3473 3219 3544 ἁνθρωπότητος
3248 3471 3339 3524 τὸν
3367 3468 3551 3537 ἀγῶνα
3566 3466 3719 3520 τελέ-

2146 3580 2355 3626 σαντες.

472 3650 682 3706 radices
712 3658 911 3706 nostra:
942 3650 1357 3721 germinationis
1382 3689 1399 3715 ,
1419 3638 1589 3704 'Pauli
1613 3650 1817 3706 milites
1847 3690 1862 3715 ,
1887 3650 2090 3708 Christi
2116 3654 2395 3719 satellites,
2466 3667 2752 3729 eversores
2817 3653 3070 3708 altarium
3133 3654 3519 3726 (ethnicorum)
3549 3692 3565 3717 ,
3609 3651 3709 3705 Ec-

471 3745 758 3800 clesiarum
803 3745 1184 3808 mdiﬁcatores,

473 3850 593 3889 nem
623 3836 844 3889 humani
873 3836 1085 3905 generis
1110 3836 1324 3889 hostem
1356 3834 1730 3891 confecerunt.

540 3923 891 3994 Nequaquam
927 3939 1089 3993 porro
1130 3923 1428 3979 inevitabili
1478 3926 1671 3980 mortis
1706 3928 2036 3980 necessitate

470 4015 1006 4084 constringebantur,
1095 4013 1193 4069 sed
1227 4015 1283 4069 in
1339 4029 1527 4069 eorum
1563 4023 1835 4085 potestate
1887 4017 2036 4073 salus

470 4112 610 4168 erat.
644 4105 689 4158 si
742 4120 799 4159 se
845 4105 1073 4161 emolliri
1125 4105 1525 4176 permisissent.
1579 4106 1841 4163 Balneum
1885 4108 2030 4162 enim

471 4207 582 4248 non
618 4195 803 4263 procul
838 4194 1095 4261 distabat,
1129 4197 1275 4266 quod
1310 4197 1491 4251 dedita
1541 4213 1704 4268 opera
1732 4198 1852 4252 loco
1905 4213 2034 4267 sup-

471 4286 617 4355 plicii
652 4287 889 4340 vicinum
922 4295 1070 4354 erat;
1100 4289 1267 4357 janua
1303 4290 1544 4359 patebat,
1577 4297 1629 4343 ct
1669 4290 2033 4343 circumstan-

470 4389 550 4432 tes
575 4378 903 4432 invitabant:
938 4393 1062 4432 nam
1096 4365 1382 4450 lyra-unus,
1418 4379 1822 4449 persecutionis
1857 4386 1910 4433 et
1934 4395 2029 4432 va-

468 4470 564 4523 riae
590 4468 946 4537 improbitatis
973 4478 1120 4525 sator
1152 4482 1203 4525 et
1230 4481 1443 4533 auctor,
1497 4486 1663 4541 prope
1721 4478 2031 4539 transgres-

468 4559 639 4613 sionis
666 4573 846 4613 escam
901 4558 1106 4630 frigore
1149 4559 1263 4629 jam
1327 4560 1630 4631 compactis
1678 4568 2030 4632 apposuerat,

467 4647 726 4711 suadens,
761 4657 819 4701 ut
854 4659 1049 4717 sponte
1074 4664 1171 4703 sua
1214 4649 1280 4702 ad
1311 4650 1655 4705 curationem
1681 4658 1734 4704 et
1764 4649 2029 4705 medelam

463 4743 838 4805 properarent,
873 4737 1118 4793 imitatus
1148 4738 1406 4791 nimirum
1454 4750 1660 4807 patrem
1702 4754 1885 4803 suum,
1936 4740 2028 4810 qui

464 4826 531 4878 ad
562 4825 691 4895 ligni
726 4826 871 4880 vetiti
907 4836 1126 4897 gustum
1162 4830 1371 4897 primos
1400 4840 1656 4897 parentes
1713 4828 2029 4883 fraudulen-

465 4925 547 4969 ter
582 4915 793 4971 induxit
832 4918 870 4972 ¹.
908 4916 1103 4971 Verum
1139 4919 1216 4971 illi
1264 4919 1636 4974 fortitudinem
1679 4920 1850 4990 magis
1901 4934 2030 4975 exa-

379 5077 381 5079 ,
461 5016 715 5069 cucrunt,
743 5024 852 5062 non
893 5010 1063 5079 ignari
1091 5010 1432 5064 tolerantiam
1484 5020 1613 5067 tunc
1653 5012 2024 5081 probationem

460 5097 697 5165 operari,
732 5098 949 5165 quando
1004 5100 1129 5167 quis
1177 5099 1416 5153 abstinet
1448 5100 1514 5153 ab
1542 5100 1662 5168 ejus
1698 5100 1776 5154 rei
1837 5116 1940 5155 usu
1974 5109 2028 5154 et

454 5186 767 5256 commodo,
804 5204 923 5257 quae
953 5188 1015 5263 in.
1038 5206 1134 5243 sua
1169 5199 1438 5260 petestate
1464 5194 1567 5245 sita
1595 5200 1718 5247 est:
1751 5192 1897 5262 quod
1930 5207 2028 5245 suo

461 5277 766 5347 perioribus
784 5280 943 5334 annis
972 5281 1215 5335 divinum
1235 5279 1509 5338 Daniclem
1547 5285 1724 5354 egisse
1749 5283 2026 5353 proditum
2047 5311 2059 5321 -

457 5373 562 5422 est.
586 5366 723 5422 Nam
754 5386 875 5424 cum
912 5381 1224 5426 moneretur
1255 5381 1312 5426 ut
1342 5375 1562 5443 epipara
1593 5378 1851 5445 lautaque
1868 5390 2024 5429 escu-

458 5459 602 5513 lenta
636 5472 690 5514 ct
735 5464 1028 5517 poculenta
1078 5473 1335 5531 sumeret,
1377 5466 1501 5521 odio
1552 5478 1606 5522 et
1664 5467 2023 5524 detestatione

1620 5580 1651 5588 ς

534 5637 550 5668 ⁸
583 5636 714 5692 Gen.
756 5654 836 5700 nt,
870 5641 894 5692 1
922 5654 1038 5708 sqq.

1255 3745 1349 3814 qui
1391 3746 1713 3814 conscripti,
1779 3753 1839 3799 ttt
1885 3758 2073 3801 contra
2139 3748 2405 3804 barbaros
2448 3749 2763 3815 militarent,
2825 3756 3097 3803 certamen
3150 3749 3409 3804 adversus
3463 3763 3713 3803 commu-

2224 3919 2463 3989 Ἐγίνετο
2497 3920 2550 3974 δὲ
2574 3921 2756 3983 αὐτοῖς
2789 3922 2847 3974 ού
2876 3921 3010 3992 πρὸς
3036 3921 3155 3991 βίαν
3198 3923 3299 3999 καὶ
3338 3925 3715 3998 ἀπαραίτητον

2141 4012 2387 4084 ἀνάγκην
2441 4014 2470 4067 6
2525 4012 2771 4091 Θάνατος,
2812 4013 2949 4067 ἀλλὰ
2995 4015 3087 4067 καὶ
3139 4014 3283 4084 μάλα
3323 4019 3611 4088 πρόχειρος
3641 4017 3710 4094 ἦν

2139 4106 2235 4160 καὶ
2281 4106 2369 4160 ἐπ’
2403 4105 2715 4177 ἐξουσίαςὴ
2766 4107 3026 4177 σωτηρία,
3071 4110 3118 4159 εί
3175 4109 3266 4162 καὶ
3306 4111 3709 4185 μαλακισθῆναι

2140 4197 2274 4268 πρὸς
2289 4197 2388 4268 τὴν
2416 4196 2663 4251 ἔνστασιν
2700 4196 3092 4268 ἠϐουλήθησαν.
3126 4199 3361 4271 Λουτρὺν
3388 4200 3497 4273 γὰρ
3533 4199 3601 4274 ἦν
3646 4207 3712 4259 ἐκ

2135 4285 2228 4339 τοῦ
2257 4285 2542 4353 σύνεγγυς,
2575 4285 2707 4354 ὅπερ
2754 4285 2988 4352 ἐγειτνία
3028 4286 3149 4339 κατ’
3181 4286 3418 4340 ἐπίνοιαν
3447 4287 3526 4358 τῷ
3557 4288 3710 4361 τόπῳ

2136 4375 2232 4444 τῆς
2261 4374 2562 4446 τιμωρίας’
2601 4374 2694 4427 καὶ
2719 4375 2750 4444 ἡ
2771 4374 2907 4444 θύρα
2938 4375 3199 4445 ἠνέῳκτο,
3227 4377 3321 4430 καὶ
3356 4379 3710 4448 παρεστῶτες

2128 4466 2372 4519 ἐκάλουν.
2405 4466 2670 4535 Σοφιστὴς
2696 4466 2804 4537 γὰρ
2836 4464 2911 4519 ὣν
2935 4465 3176 4536 διωγμοῦ
3208 4467 3298 4521 καὶ
3328 4469 3583 4540 ποικίλης
3608 4472 3710 4542 ρᾳ-

2126 4556 2397 4627 διουργίας
2424 4556 2453 4608 ὁ
2481 4557 2761 4627 τύραννος,
2804 4557 2971 4625 ἐγγὺς
3004 4557 3063 4609 τὸ
3100 4557 3289 4630 δέλεαρ
3319 4559 3419 4629 τῆς
3447 4561 3708 4632 παραδοὶ⁴
3761 4613 3774 4623 ,

2129 4666 2265 4712 σεως
2292 4650 2401 4711 τοῖς
2465 4646 2829 4718 πηγνυμένοις
2869 4645 3169 4720 παρέθηκε,
3217 4649 3307 4702 καὶ
3354 4652 3707 4708 συνεϐούλευε

2130 4738 2265 4808 πρὸς
2290 4736 2386 4808 τὴν
2411 4737 2703 4808 θεραπείαν
2735 4737 3119 4808 αὐτομολῆσαι,
3156 4740 3231 4804 ὡς
3263 4742 3291 4795 ό
3330 4742 3510 4815 πατὴρ
3536 4746 3708 4800 αὑτοῦ

2131 4828 2256 4889 τοὺς
2287 4826 2739 4896 πρωτοπλάστους
2768 4829 2847 4891 είς
2869 4828 2965 4900 τὴν
2993 4829 3180 4898 γεῦσιν
3222 4821 3314 4885 τοῦ
3347 4832 3523 4898 ξύλου.
3563 4837 3631 4888 Οἱ
3651 4837 3710 4891 δὲ

2132 4919 2251 4972 τότε
2283 4918 2376 4971 καὶ
2401 4918 2597 4988 μᾶλλον
2620 4918 2716 4990 τὴν
2763 4920 3011 4990 ἀνδρείαν
3040 4923 3309 4976 ἐπέτεινον
3327 4963 3342 4988 ,
3392 4924 3594 4989 εἰδότες
3630 4927 3710 4991 ὡς

2132 5011 2393 5081 καρτερία
2451 5010 2747 5081 τηνικαῦτα
2791 5012 3016 5083 παρέχει
3041 5014 3136 5084 τὴν
3168 5013 3417 5084 βάσανον,
3446 5019 3609 5087 ἡνίκα
3640 5019 3707 5073 ἂν

2129 5103 2490 5172 προκειμένης
2528 5104 2584 5155 ἐν
2633 5102 2852 5174 ἐξουσίᾳ
2887 5107 2983 5174 τῆς,
3020 5106 3369 5171 ἀπολαύσεως
3404 5108 3663 5177 φείσηται
3688 5129 3702 5142 ·

2127 5195 2262 5264 ὅπερ
2315 5195 2372 5246 ἐν
2405 5196 2516 5257 τοῖς
2561 5195 2848 5267 ἁνωτέροις
2877 5198 3086 5266 χρόνοις
3112 5199 3310 5271 Δανιὴλ
3353 5201 3382 5252 6
3414 5200 3706 5268 θεσπέσιος

2127 5283 2829 5355 πεποιηκιῦςέπιδέδεικται.
2851 5289 3338 5360 Παρακαλούμενος
3362 5292 3470 5361 γὰρ
3490 5293 3703 5361 ἄφθονα

2125 5378 2216 5429 καὶ
2247 5377 2373 5447 ἡδέα
2400 5380 2520 5430 σῖτα
2576 5379 2669 5431 καὶ
2724 5380 2861 5432 ποτὰ
2900 5382 3341 5453 προσφέρεσθαι,
3389 5384 3536 5452 μίσει
3605 5388 3704 5440 καὶ

2129 5470 2442 5539 ἀποστροφῇ
2471 5470 2577 5522 τῶν
2604 5470 2981 5540 εἰδωλοθύτων,
2997 5474 3091 5542 τὴν
3115 5477 3532 5549 σπερμρφαγίαν
3556 5478 3701 5549 ἠγά-
