4050 6164
399 323 495 382 781

1491 324 1560 381 IN
1617 324 2115 394 QUADRAGINTA
2157 283 2557 388 MARTYRES.

3498 300 3505 305 ⁷
3548 341 3648 399 78ἱ

397 456 540 513 atque
564 455 578 472 '
604 439 698 495 καὶ
722 439 994 513 νηστεύων
1020 441 1190 513 ήνθει,
1208 438 1303 495 καὶ
1323 437 1518 494 ἀσιτῶν
1539 441 1677 514 ὑπὲρ
1703 444 1829 507 τοὺς
1854 460 1974 515 τρυ-

2084 457 2298 509 eorum,
2332 461 2454 517 quae
2502 437 2674 503 idolis'
2717 447 2992 502 immolata
3030 448 3264 518 fuerant,
3316 451 3651 522 leguminum

396 533 613 601 φῶντας
659 530 926 603 εὖσαρκος
955 527 1058 604 ἦν·
1125 530 1261 586 Θεοῦ
1319 530 1429 603 γάρ
1482 530 1639 586 τοῦτο
1676 532 1848 604 δῶρον
1887 534 1978 601 ἐξ·

397 625 631 697 αίρετον,
662 626 777 687 τοῖς
797 628 1010 689 πιστοῖς
1036 623 1243 689 δούλοις
1264 624 1321 678 ἐν
1346 626 1466 688 ταῖς
1492 624 1741 696 ἀπορίαις
1759 624 1829 679 τὰ
1846 629 1976 697 παρ’

397 717 587 771 ἐλπίδα
618 717 963 788 χαρίζεσθαι.

464 901 611 972 Πλὴν
644 900 831 972 ἐπειδὴ
869 902 981 965 τοῖς
1016 900 1241 971 ὑψηλοῖς
1279 899 1387 954 τῶν
1416 899 1758 971 πραγμάτων
1786 899 1836 952 οἱ
1857 898 1978 967 φθόη

394 1012 473 1047 νοι
503 995 989 1064 παραπεπήγασιν,
1011 991 1352 1046 ἐκινδύνευσε
1377 990 1686 1062 λωϐηθῆναι
1718 991 1778 1044 τὸ
1800 991 1977 1061 μακά-

397 1102 510 1155 ριον
545 1083 849 1153 σύνταγμα,
877 1083 971 1136 καὶ
997 1081 1194 1154 μικροῦ
1226 1082 1458 1144 δέοντος,
1489 1081 1851 1153 ἀπωλέσαμεν
1880 1083 1977 1153 τῆς

393 1176 660 1246 τετάρτης
687 1175 903 1240 δεκάδος
924 1175 985 1229 τὸ
1015 1176 1306 1247 πλήρωμα.
1343 1169 1435 1238 Εἷς
1460 1173 1569 1246 γάρ
1594 1172 1978 1246 ἀπαγορεύσας

392 1270 482 1323 διὰ
499 1270 587 1323 τδν
611 1268 840 1339 κρυμὸν,
869 1267 1005 1338 πρὸς
1028 1266 1176 1338 αὐτῷ
1201 1266 1277 1338 τῷ
1289 1267 1431 1320 τέλει
1448 1267 1551 1336 τῆς
1579 1267 1753 1337 νίκης,
1796 1264 1972 1336 οἵμοιί

394 1359 519 1422 τοὺς
566 1360 666 1430 μὲν
702 1357 1106 1428 συστρατιώτας
1136 1356 1315 1427 ἀφῆκε
1340 1398 1355 1422 ,
1378 1357 1443 1426 τῇ
1477 1355 1640 1429 τέχνῃ
1674 1356 1731 1409 δὲ
1761 1356 1855 1409 τοῦ
1886 1374 1979 1410 τυ-

395 1452 589 1522 ράννου
630 1448 1018 1521 προσεχώρησε
1068 1446 1146 1519 τῷ
1202 1445 1442 1518 λουτρῷ,
1498 1446 1600 1517 ήδη
1636 1447 1736 1515 τῆς
1776 1445 1977 1517 σαρκὸς

397 1542 767 1614 μαρανθείσης
799 1528 1127 1613 φεισάμενος
1150 1542 1179 1596 ὁ
1207 1539 1469 1609 φιλόζωος
1488 1556 1503 1571 ·
1535 1539 1634 1610 τῆς
1661 1556 1720 1592 τε
1750 1539 1858 1610 γὰρ
1887 1538 1976 1591 ὲλ-

393 1634 542 1698 πίδος
576 1635 819 1701 ἐξέπεσε,
849 1635 945 1687 καὶ
972 1636 1070 1703 τῆς
1109 1632 1448 1704 προσκαίρου
1476 1630 1620 1702 ζωῆς
1650 1632 1753 1685 οὐκ
1782 1630 1976 1683 ἐπέτυ-

394 1743 506 1796 χεν,
567 1724 728 1789 εὐθὺς
781 1724 1204 1794 ἐπιτελευτήσας
1249 1726 1314 1795 τῇ
1367 1721 1707 1793 παραϐάσειο
1775 1720 1976 1785 Ἰούδας

2078 550 2233 590 esum
2256 536 2441 606 elegit,
2471 536 2838 609 jejunansque
2870 537 3100 595 florebat
3124 548 3177 595 et
3200 541 3436 611 vigebat,
3468 551 3522 598 et
3544 546 3652 600 cibi

2077 642 2273 697 expers
2319 628 2558 684 habitior
2601 637 2655 684 et
2694 630 3074 702 corpulentior
3112 634 3437 702 apparebat,
3487 652 3650 707 quam

2080 719 2190 784 illi,
2221 720 2316 790 qui
2346 720 2402 775 in
2438 720 2651 776 deliciis
2678 721 2977 777 vivebant’
3011 743 3022 778 :
3063 724 3153 779 Dei
3187 728 3331 779 enim
3362 735 3445 782 est
3480 729 3653 784 ﬁdeli-

2079 802 2181 865 bus
2209 812 2384 866 servis
2418 811 2534 868 suis
2563 812 2695 867 talia
2722 812 2863 868 d'ona
2890 821 3084 884 praeter
3111 830 3261 885 spem
3291 818 3561 875 conferre.

2150 899 2439 968 Cieterum,
2481 901 2609 973 quia
2647 885 2946 972 grandibus
2971 905 3167 973 emptis
3207 905 3346 960 livor
3374 908 3651 966 adhaerere

2080 991 2239 1054 solet,
2274 991 2576 1061 perieulum
2601 1000 2743 1056 erat,
2777 1008 2845 1047 ne
2890 994 3047 1048 beata
3103 995 3203 1049 ista
3245 998 3445 1053 cohors
3499 1009 3647 1055 trum

2079 1091 2321 1147 caretur,
2349 1090 2402 1138 et
2428 1084 2540 1153 jam
2587 1084 2719 1138 inibi
2771 1094 3022 1141 reserat.
3058 1094 3116 1138 ut
3166 1099 3374 1156 quarta:
3429 1090 3651 1147 decadis

2079 1176 2481 1246 complemento
2542 1178 2868 1247 privaretur.
2915 1175 3066 1232 Unus
3117 1181 3260 1232 enim
3315 1182 3418 1236 sub
3474 1184 3649 1252 ipsum

2077 1267 2322 1321 victoriae
2351 1268 2665 1332 articulum,
2700 1268 3041 1337 impatientia
3069 1267 3287 1339 frigoris
3338 1276 3648 1331 succubuit.

2080 1357 2176 1413 [Iei
2216 1358 2379 1412 mihi!
2416 1358 2829 1413 fiommilitones
2864 1374 2995 1414 suos
3037 1359 3301 1428 deseruit,
3337 1371 3391 1418 et
3421 1365 3652 1421 subdola

2080 1447 2297 1517 tyranni
2328 1454 2445 1502 arte
2479 1449 2714 1503 accessit
2749 1448 2815 1501 ad
2854 1449 3126 1516 balneum,
3165 1451 3319 1509 carni
3359 1452 3470 1521 jam
3503 1457 3653 1511 tabe—

2079 1536 2236 1592 factae
2264 1553 2496 1606 parcens
2528 1552 2715 1593 amore
2743 1538 2909 1607 hujus
2942 1539 3095 1594 vita):
3146 1555 3272 1594 nam
3319 1549 3373 1596 et
3406 1558 3501 1612 spe
3552 1562 3650 1600 sua

2076 1628 2301 1694 excidit,
2333 1638 2388 1683 et
2426 1628 2715 1684 mortalem
2752 1629 2896 1684 hanc
2921 1631 3087 1684 vitam
3123 1647 3233 1686 non
3280 1642 3364 1688 cst
3393 1636 3649 1706 adeptus,

2079 1720 2131 1773 in
2163 1719 2282 1789 ipsa
2310 1722 2748 1790 transgressione
2771 1723 3009 1776 animam
3047 1725 3333 1792 exhalans,
3378 1729 3651 1784 miseran-

391 1815 571 1877 ἄθλιος
597 1817 654 1868 ἐν
683 1817 793 1878 τοῖς
827 1814 1096 1885 μάρτυσιν
1115 1854 1131 1880 ,
1175 1811 1299 1866 οὔτε
1344 1811 1609 1883 μαθητὴς,
1638 1810 1763 1867 οὔτε
1803 1811 1968 1889 πλούτ

2078 1810 2180 1867 dus
2204 1810 2375 1867 Judas
2401 1812 2544 1867 inter
2572 1821 2864 1885 martyres,
2895 1822 2949 1868 et
2987 1830 3167 1885 neque
3198 1815 3524 1888 discipulus,
3551 1836 3650 1876 ne-

394 1922 529 1970 σιος,
556 1905 650 1961 καὶ
681 1906 814 1977 πρός
839 1922 903 1974 γε
924 1905 1016 1958 τὸν
1057 1904 1248 1976 βρόχον
1270 1902 1708 1974 ἐφελκυσάμενος
1729 1919 1742 1932 '
1770 1904 1865 1957 καὶ
1896 1903 1971 1974 μὴ

393 1997 644 2070 θαυμάσῃ
677 1998 883 2070 μηδείς.
908 1997 1146 2069 Σύνηθες
1179 1996 1289 2067 γὰρ
1316 1995 1393 2067 τῷ
1423 1995 1654 2066 διαϐόλῳ
1687 1995 1827 2049 κατὰ
1863 1995 1972 2049 τῶν

393 2090 812 2142 ὑποκυπτόντων
836 2086 986 2158 αὐτῷ
1022 2088 1083 2141 τὸ
1110 2086 1518 2158 τοιουτότροπον
1556 2083 1933 2157 ῥᾳδιούργημα
1953 2097 1968 2111 θ

390 2183 575 2253 ἀπατᾷ
618 2184 714 2236 καὶ
757 2180 1043 2235 κολακεύει
1084 2178 1363 2242 ποικίλως,
1398 2177 1485 2232 ἵνα
1509 2177 1670 2249 ῥίψῃ·
1702 2177 1863 2247 ῥίψας
1883 2174 1969 2240 δὲ,

390 2274 551 2338 εὐθὺς
582 2274 925 2344 ἐπεμϐαίνει,
962 2273 1057 2326 καλ⁸
1083 2271 1178 2325 τοῦ
1210 2269 1461 2341 κειμένου
1490 2268 1782 2340 καταγελᾷ.
1824 2269 1974 2321 Ἐπι-

388 2367 639 2437 κωμάζει
660 2367 718 2421 δὲ
738 2369 804 2438 τῇ
840 2364 1095 2436 συμφορᾷ
1120 2366 1218 2435 τὴν
1239 2361 1520 2433 αἰσχύνην,
1540 2362 1636 2414 καὶ
1655 2362 1720 2432 τῇ
1742 2358 1972 2433 αἰσχύνῃ

387 2459 483 2512 τοῦ
512 2458 888 2521 δελεασθέντος
927 2456 1294 2528 εὐφραίνεται.
1340 2455 1431 2508 Διὸ
1476 2455 1570 2508 καὶ
1610 2455 1639 2507 ὁ
1668 2452 1974 2523 Ψαλμῳδὸς

389 2550 584 2621 ἐχθρὸν
616 2550 711 2603 καὶ
757 2549 1047 2621 ἐκδικητὴν
1082 2548 1489 2620 προσηγόρευσε
1510 2584 1527 2611 ,
1560 2545 1622 2599 τὸ
1650 2544 1748 2598 τοῦ
1770 2544 1971 2616 τρόπου

390 2639 726 2711 παλίμϐολον
764 2641 831 2692 ἐκ
855 2639 954 2710 τῆς
979 2640 1087 2692 τῶν
1115 2638 1393 2709 ὀνομάτων
1429 2636 1710 2711 σημαίνων
1735 2634 1974 2688 ἐναντιόο

390 2749 572 2803 τητος.
616 2731 944 2804 Ἀνθρώπων
974 2731 1085 2802 γὰρ
1130 2732 1336 2794 ἐκεῖνος
1372 2726 1626 2783 οὐδέποτε
1658 2726 1866 2796 γίνεται
1891 2726 1975 2780 ἔν-

391 2822 615 2886 σπονδός
638 2840 698 2875 τε
725 2821 819 2876 καὶ
849 2821 1022 2892 φίλιος
1047 2838 1060 2852 ·
1092 2820 1441 2891 ὑποκρίνεται
1456 2818 1514 2872 δὲ
1535 2817 1656 2872 τότε
1685 2817 1745 2871 τὸ
1773 2818 1970 2887 φίλιον,

390 2917 517 2968 ὅταν
547 2912 696 2984 αύτῷ
739 2913 939 2985 θελήσῃ
983 2915 1321 2984 προσωπεῖον
1368 2909 1585 2981 ἀπάτης
1627 2908 1970 2964 ἐνδύσασθαι.

408 3006 545 3060 Ἀλλ’
576 3009 605 3061 ὁ
641 3008 739 3078 τῆς
791 3005 1073 3069 ἀσθενείας
1105 3006 1206 3076 τῆς
1226 3003 1501 3076 ἡμετέρας
1528 3003 1842 3074 ἐπίκουρος,
1878 3001 1972 3053 καὶ

2073 1917 2181 1973 que
2212 1903 2527 1973 opulentus,
2568 1911 2622 1958 et
2662 1902 2731 1958 ad
2782 1905 3034 1975 laqueum
3095 1914 3348 1964 tractus:
3411 1925 3512 1965 nec
3569 1923 3652 1969 est

2073 1996 2217 2066 quod
2244 1998 2369 2066 quis
2399 1996 2646 2052 miretur.
2690 1994 2962 2052 Usitatnm
2995 2004 3082 2052 est
3115 1998 3332 2055 diabolo
3387 2001 3645 2070 hujusce-

2075 2089 2538 2171 modiartificium
2582 2096 2770 2145 contra
2817 2090 2963 2155 illos,
3017 2108 3154 2161 quos
3204 2093 3310 2148 sibi
3369 2096 3645 2167 subjugat.

2074 2180 2286 2251 Decipit
2328 2196 2394 2236 ac
2450 2196 2589 2237 vane
2638 2181 2935 2246 blanditur,
3004 2191 3063 2238 ut
3125 2194 3466 2254 prosternat;
3522 2203 3647 2243 cum

2079 2274 2398 2344 prostravit,
2431 2274 2694 2345 evcstigio
2739 2274 3028 2344 inequitat,
3083 2275 3468 2348 iacentemque
3522 2280 3651 2336 irri-

2073 2366 2185 2431 det,
2218 2374 2272 2420 et
2332 2365 2759 2421 insultabundus
2789 2364 3090 2420 calamitati
3125 2367 3388 2436 pudorem
3423 2379 3477 2426 et
3511 2386 3647 2427 con-

2077 2456 2351 2512 fusionem
2381 2455 2722 2526 superaddit,
2777 2463 2831 2511 et
2860 2455 3157 2526 ignominia
3192 2472 3288 2527 per
3313 2473 3496 2513 eseam
3541 2460 3652 2516 cir-

2074 2549 2347 2603 eumventi
2375 2551 2634 2604 exsultat.
2665 2548 2846 2614 Quare
2895 2563 2924 2601 a
2952 2547 3381 2621 Psalmographo
3433 2569 3650 2625 quoque

2074 2640 2331 2696 inimicus
2353 2650 2405 2696 et
2446 2642 2591 2696 ultor
2635 2642 2940 2711 appellatus
2975 2650 3058 2696 est
3085 2641 3123 2703 ³.
3168 2643 3371 2714 ingenii
3416 2647 3651 2701 mutabi-

2077 2735 2279 2787 litatem
2308 2734 2627 2789 diversitate
2661 2735 2940 2789 nominum
2978 2735 3328 2805 significans:
3364 2738 3452 2794 ille
3500 2740 3647 2794 enim

2075 2837 2198 2876 cum
2237 2824 2551 2879 hominibus
2595 2840 2872 2895 nunquam
2936 2826 3113 2882 ftedus
3170 2829 3318 2883 serio
3372 2829 3494 2893 init,
3555 2839 3651 2885 aut

2075 2915 2372 2969 amicitiam
2404 2916 2555 2971 colit.
2588 2914 2747 2970 Tunc
2779 2931 2909 2972 vero
2943 2918 3186 2971 animum
3216 2920 3451 2974 amicum
3478 2920 3648 2976 simu-

2073 3008 2169 3072 lat,
2218 3009 2440 3078 quando
2498 3008 2603 3063 sibi
2660 3009 2869 3062 larvam
2933 3008 3154 3065 fallendi
3218 3012 3392 3081 gratia
3446 3013 3645 3068 induit.

392 3100 503 3152 τῶν
527 3100 768 3169 ἀγαθῶν,
801 3099 895 3153 καὶ
922 3099 1113 3168 λόγων,
1143 3099 1237 3151 καὶ
1270 3097 1520 3168 πράξεων
1548 3096 1811 3167 γεωργὸς,
1841 3087 1967 3163 εὗρε

2078 3099 2274 3155 Verum
2304 3108 2510 3155 nostra?
2552 3099 2884 3155 infirmitatis
2923 3100 3160 3169 adjutor,
3192 3101 3569 3172 bonorumque
3595 3112 3652 3159 et

392 3193 532 3247 κατά
553 3192 644 3244 τὸν
684 3190 932 3262 Ἀϐραὰμ
957 3189 1134 3261 ἐαυτῷ
1168 3189 1436 3261 πρόϐατον
1461 3189 1540 3251 εἰς
1562 3187 1752 3241 θυσίαν
1779 3187 1843 3239 ἐκ
1862 3185 1970 3240 τῶν

395 3284 773 3353 πολεμούντων
815 3272 1051 3349 οἰκεῖον,
1090 3284 1154 3336 ἐκ
1195 3281 1303 3334 τῶν
1346 3279 1806 3352 βλασφημούντων
1834 3280 1973 3349 ὁμο-

392 3373 626 3445 λογητὴν
651 3413 666 3438 ,
725 3372 819 3425 καὶ
882 3372 945 3424 ἐκ
989 3369 1083 3423 τοῦ
1127 3368 1506 3440 συντάγματος
1534 3367 1642 3421 τῶν
1670 3366 1972 3419 διωκόντων

397 3466 668 3537 μάρτυρα.
706 3458 802 3529 Εἷς
824 3463 932 3535 γὰρ
954 3463 1061 3516 τῶν
1085 3462 1183 3533 τῆς
1212 3462 1522 3531 τυραννίδος
1558 3459 1785 3531 δημίων,
1807 3460 1974 3512 ὀπτα-

396 3558 520 3620 σίας
539 3559 782 3628 ἀγγέλων
815 3558 1064 3622 ἀξιωθεὶς
1105 3557 1215 3610 τῶν
1252 3557 1513 3611 ἐλθόντων
1543 3556 1635 3609 ἐπὶ
1664 3556 1788 3617 τοὺς
1829 3553 1973 3623 μάρ-

394 3667 582 3721 τυρας,
651 3651 746 3705 καὶ
808 3649 1204 3721 περιλαμφθεὶς
1228 3652 1295 3721 τῇ
1344 3647 1634 3717 ἐπιφανείᾳ
1664 3646 1772 3699 τῶν
1804 3644 1975 3713 ἁγίων

395 3744 740 3814 πνευμάτων,
775 3740 850 3806 ὥς
888 3760 1017 3796 ποτε
1048 3741 1257 3804 Παῦλος
1281 3743 1346 3811 τῇ
1367 3738 1491 3811 δόξῃ
1520 3736 1776 3809 Χριστοῦ,
1813 3736 1976 3807 ἡνίκα

391 3834 490 3906 τὴν
512 3836 604 3889 ἐπὶ
626 3835 913 3904 Δαμασκὸν
934 3832 1247 3904 ἐπορεύετο,
1274 3832 1434 3895 εὐθὺς
1453 3832 1550 3902 τὴν
1570 3828 1794 3900 γνώμην
1849 3846 1976 3898 μετ-

393 3927 567 3993 έθετο,
590 3928 686 3981 καὶ
707 3926 999 3998 γυμνώσας
1029 3925 1218 3979 ἐαυτὸν
1249 3925 1347 3995 τῆς
1371 3925 1615 3995 ἐσθῆτος,
1640 3925 1752 3984 τοῖς
1776 3938 1978 3990 πηγνυ-

398 4017 583 4088 μένοις
613 4017 998 4089 συνανεμὲχθη.
1023 4017 1210 4071 Πάντα
1238 4016 1294 4069 δὲ
1326 4018 1384 4070 ἐν
1422 4016 1580 4088 ὀλίγῃ
1609 4013 1802 4084 καιροῦ
1831 4014 1972 4084 ῥοπῇ

396 4107 636 4177 συνάψας
659 4107 895 4175 ἐγένετο,
945 4107 1297 4180 προσήλυτος,
1341 4108 1695 4178 ὁμολογητὴς,
1742 4107 1970 4179 μάρτυς,

395 4198 726 4270 λουσάμενος
756 4202 813 4254 ἐν
847 4200 924 4270 τῷ
957 4199 1071 4269 ἰδίῳ
1100 4199 1293 4269 αἵματι
1323 4198 1382 4251 τὸ
1410 4198 1508 4268 τῆς
1547 4198 1975 4266 παλιγγενεσίας

395 4289 638 4361 λουτρὸν,
670 4290 862 4360 αἵματι
908 4287 986 4359 τῷ
1042 4287 1507 4357 νεκρωθέντι,καὶ
1553 4289 1626 4360 μὴ
1678 4288 1927 4359 ῥεύσαντι
1959 4304 1973 4320 '

395 4382 535 4453 ἀνὴρ
581 4382 933 4453 στεφανίτης,
968 4381 1104 4454 ἀνὴρ
1157 4380 1250 4434 τοῦ
1306 4381 1504 4446 παντὸς
1539 4381 1687 4448 ἄξιος
1724 4400 1738 4414 ο
1777 4384 1843 4452 τῇ
1884 4379 1975 4434 τοῦ

2078 3208 2388 3248 sermonum
2446 3199 2499 3246 et
2534 3192 2808 3246 actionum
2850 3192 3143 3261 plantator,
3179 3192 3383 3262 reperit
3437 3193 3542 3248 sibi
3581 3193 3651 3249 ad

2075 3283 2367 3338 Abrahami
2400 3284 2707 3353 exemplum
2736 3283 3005 3337 oviculam
3030 3283 3097 3337 ad
3129 3283 3654 3340 sacrificiumdome-

2076 3376 2304 3430 Slicam:
2337 3391 2400 3429 ex
2437 3373 2944 3445 blasphcinantibus
2969 3374 3339 3440 confitentem,
3374 3382 3428 3429 et
3458 3390 3526 3429 ex
3558 3389 3653 3429 co-

2076 3484 2196 3522 rmn
2250 3467 2478 3528 ordine,
2525 3466 2619 3535 qui
2681 3471 3060 3534 persecutores
3114 3473 3295 3527 erant,
3333 3471 3648 3535 martyrem.

2075 3559 2309 3624 Quidam
2342 3557 2486 3612 enim
2540 3571 2608 3611 ex
2658 3555 2967 3625 tyrannidis
3023 3554 3390 3620 administris,
3438 3557 3654 3612 visione

2075 3650 2387 3719 angelorum
2435 3647 2502 3701 ad
2558 3655 2826 3716 martyres
2885 3644 3217 3700 venientium
3274 3644 3551 3715 dignatus,
3600 3657 3654 3702 et

2076 3738 2447 3794 circumfusus
2507 3751 2791 3792 sacrorum
2844 3736 3136 3806 spirituum
3170 3736 3532 3804 apparitione,
3591 3743 3654 3792 ut

2076 3829 2204 3884 olim
2231 3827 2441 3882 Paulus
2470 3827 2758 3898 majestate
2785 3827 3012 3890 Christi,
3054 3826 3277 3895 quando
3325 3825 3652 3883 Damascum

2077 3919 2550 3991 proficiscebatur,
2598 3918 2781 3974 statim
2825 3925 3061 3973 mentem
3106 3917 3358 3983 mutavit,
3401 3925 3456 3971 et
3486 3918 3654 3974 vcsti-

2077 4009 2274 4065 mentis
2304 4009 2543 4079 seipsum
2584 4022 2793 4063 exuens
2828 4006 3029 4077 frigore
3068 4007 3340 4062 concretis
3394 4023 3516 4064 sese
3560 4012 3654 4063 ad-

2076 4099 2298 4154 miscuit
2341 4098 2379 4150 ‘.
2442 4097 2508 4150 Et
2555 4096 2753 4165 exiguo
2806 4095 3069 4166 temporis
3125 4105 3404 4151 momento
3468 4099 3653 4153 omnia

2081 4190 2256 4245 factus
2293 4196 2398 4253 est,
2436 4187 2764 4259 proselytus,
2811 4186 3113 4253 confessor,
3153 4195 3382 4259 martyr,
3423 4189 3653 4247 abluens

2077 4281 2298 4352 proprio
2355 4280 2621 4351 sanguine
2675 4279 3106 4349 regenerationis
3167 4279 3465 4346 lavacrum,
3523 4298 3653 4351 pro-

2078 4375 2220 4444 prio,
2255 4373 2500 4442 inquam,
2553 4371 2818 4443 sanguine
2852 4378 3070 4424 mortuo
3096 4409 3112 4433 ,
3166 4386 3273 4424 non
3305 4369 3492 4429 fluido.
3557 4369 3654 4425 Vir

396 4474 534 4527 Θεοῦ
576 4474 868 4546 Ἐκκλησία
895 4475 962 4528 δι’
992 4475 1198 4527 ἐκεῖνον
1231 4472 1338 4544 ἔχω
1363 4473 1490 4536 τοὺς
1527 4480 1599 4543 μ’.
1630 4472 1727 4526 Διά
1747 4472 1837 4526 τὸν
1862 4489 1974 4540 γεν-

2078 4480 2336 4519 coronam
2367 4462 2720 4533 promeritus,
2753 4462 2837 4515 vir
2870 4460 3017 4515 omni
3052 4460 3259 4515 honore
3286 4460 3517 4530 dignus:
3557 4476 3655 4531 per

398 4569 547 4619 ναῖον
609 4567 671 4619 ού
718 4565 937 4630 κολοϐὸς
967 4567 999 4636 ή
1032 4566 1140 4619 τῶν
1193 4564 1483 4637 μαρτύρων
1514 4563 1840 4636 παράταξις.
1874 4562 1973 4615 Διά

398 4656 491 4710 τὸν
534 4657 872 4729 προσήλυτον
923 4656 1131 4710 τελείαν
1174 4655 1380 4726 ἄγομεν
1419 4656 1504 4707 ἐπ’
1527 4654 1744 4725 ἀριθμῷ
1782 4654 1974 4725 τελείῳ

400 4750 727 4820 πανήγυριν.
762 4750 819 4802 ’0
857 4749 915 4801 δέ
965 4748 1208 4812 διάϐολος
1252 4748 1445 4819 χαρίεν
1485 4745 1687 4800 ἔπαθεν
1741 4746 1976 4815 πρᾶγμα

401 4841 498 4895 καὶ
549 4841 786 4909 γέλωτος
816 4841 961 4907 ἄξιον
987 4857 1002 4870 ·
1028 4840 1101 4902 ὡς
1117 4839 1222 4909 γὰρ
1242 4840 1468 4892 ἔκλεπτε
1500 4837 1590 4891 τὸν
1608 4837 1975 4909 στρατιώτην,

354 4974 360 4981 ς
398 4934 637 5004 ἐσυλήθη
658 4934 748 4989 τὸν
767 4932 999 5002 διώκτην
1046 4932 1140 4984 καὶ
1168 4932 1379 5002 δήμιον.

474 5112 608 5171 Εἶτα
626 5115 766 5169 τίτά
794 5114 886 5169 ἐπί
914 5113 1156 5177 τούτοις;
1186 5114 1248 5166 Οἱ
1283 5113 1382 5182 μὲν
1407 5111 1794 5183 τρισμακάριοι
1819 5109 1980 5180 ἔφθαο

402 5226 527 5274 σαν,
562 5210 694 5263 ὅπου
726 5208 1004 5262 ἔσπευδον.
1039 5209 1098 5259 '0
1131 5206 1187 5259 δὲ
1219 5206 1316 5275 τῆς
1344 5205 1611 5277 τιμωρίας
1650 5203 1858 5277 κύριος,
1878 5205 1980 5256 οὐκ

402 5300 646 5369 ἐνεγκὼν
683 5301 922 5364 ἀνεκτῶς
947 5299 1055 5352 τῶν
1096 5296 1387 5369 μαρτύρων
1414 5297 1511 5368 τὴν
1541 5296 1716 5367 νίκην,
1742 5299 1850 5359 τοῖς
1890 5312 1978 5349 νεα

406 5397 560 5464 κροῖς
592 5395 846 5465 ἐπολέμει
867 5393 1082 5464 σώμασι
1116 5405 1131 5419 ⁸
1168 5389 1427 5451 κελεύσας
1451 5390 1583 5460 πυρὶ
1612 5389 1981 5459 παραδοθῆναι

402 5489 505 5552 τὰς
535 5487 712 5550 οἰκίας
738 5487 846 5545 τῶν
871 5485 1039 5554 ἁγίων
1064 5480 1270 5553 ψυχῶν,
1300 5482 1393 5534 καὶ
1417 5480 1483 5533 δι’
1512 5480 1625 5543 ἐνὸς
1662 5480 1984 5549 πράγματος

406 5582 662 5651 ἐμιμεῖτο
702 5578 868 5649 ἄγρια
910 5577 1073 5649 θηρία
1113 5576 1205 5629 καὶ
1245 5572 1473 5643 πικροὺς
1503 5571 1718 5642 ἄνδρας.
1760 5571 1839 5622 Ti
1884 5569 1983 5639 μέν

484 5762 505 5790 ¹
560 5761 695 5814 Dan.
736 5777 805 5825 ιι,
840 5759 873 5811 lt
907 5774 1027 5828 sqq.
1105 5759 1124 5790 ³
1158 5757 1304 5813 Psal.
1345 5770 1463 5817 vni,
1500 5752 1553 5806 5.

2075 4558 2229 4611 illum
2283 4555 2448 4610 habet
2498 4553 2746 4609 Ecclesia
2803 4552 2901 4607 Dei
2951 4553 3347 4622 quadraginta;
3381 4567 3478 4620 per
3507 4551 3654 4606 hunc

2074 4664 2398 4721 generosum
2429 4662 2538 4701 non
2574 4654 2658 4701 est
2690 4645 2881 4698 mutila
2914 4651 3214 4714 martyrum
3243 4650 3480 4696 caterva.
3523 4640 3656 4697 Pro-

2078 4749 2199 4810 pter
2244 4740 2393 4793 hunc
2440 4738 2773 4807 proselytnm
2816 4734 3111 4805 perfectam
3155 4734 3368 4803 agimus
3413 4732 3655 4801 perfecto

2083 4845 2312 4884 numero
2352 4829 2690 4900 panegyrim.
2725 4826 2788 4881 Et
2817 4825 3041 4881 diabolo
3082 4841 3170 4880 res
3222 4823 3399 4894 lepida
3434 4831 3488 4877 et
3537 4823 3655 4879 risu

2084 4925 2246 4996 digna
2280 4921 2483 4978 accidit
2516 4938 2529 4973 :
2565 4920 2695 4973 dum
2742 4917 2913 4972 enim'
2940 4908 3165 4970 militem
3208 4914 3508 4971 suffuratus
3549 4925 3655 4981 est,

2085 5017 2268 5071 amisit
2297 5019 2700 5083 persecutorem
2725 5018 2779 5064 et
2795 5008 3129 5063 carnificem.

2154 5106 2295 5174 Quid
2325 5119 2454 5158 vero
2486 5110 2609 5172 post
2646 5101 2805 5156 haec?
2837 5098 2945 5154 Ter
2980 5099 3123 5154 beati
3165 5098 3239 5152 illi
3272 5105 3658 5167 pervenerunt,

2086 5216 2196 5269 quo
2234 5194 2625 5267 properabant.
2678 5194 2749 5246 At
2778 5190 3034 5261 supplicii
3078 5205 3279 5260 praeses
3314 5189 3664 5259 impatienter

2089 5295 2270 5348 ferens
2303 5297 2603 5357 martyrum
2637 5286 2945 5343 victoriam,
2979 5298 3102 5336 cum
3135 5283 3402 5337 cadavere
3460 5281 3659 5335 bellum

2088 5383 2330 5455 gerebat,
2373 5380 2636 5433 mandans
2666 5385 2725 5431 ut
2757 5383 3071 5431 sanctarum
3102 5375 3406 5428 animarum
3459 5373 3664 5427 habita-

2091 5475 2212 5529 cula
2246 5471 2353 5541 igni
2387 5464 2943 5525 trmlereuturJiaciu
2980 5479 3036 5517 re
3066 5463 3389 5519 eteﬂ‘eratas
3427 5464 3660 5524 belluas,

2093 5575 2145 5619 et
2178 5563 2517 5617 truculentos
2558 5558 2805 5611 homines
2845 5557 3109 5618 imitatus,
3136 5571 3366 5625 quarum
3400 5556 3506 5611 illa:
3529 5552 3664 5610 cffu-

1634 5750 1653 5781 θ’
1687 5716 1808 5804 Act.
1847 5763 1925 5814 ix,
1965 5746 1984 5799 l
2022 5763 2143 5816 sqq.
