4050 6164
410 303 511 355 733
1672 271 1728 325 S.
1772 263 2100 325 GREGORH
2140 259 2431 316 NYSSENI
3569 243 3677 298 73.1,

407 405 672 485 gientinm
699 417 877 464 vestes
919 408 1154 470 abjectas
1185 400 1451 458 lacerant,
1485 392 1572 449 isti
1592 403 1723 445 vero
1739 386 1980 485 hostium
2013 432 2019 443 ι

2126 380 2192 452 ἀρ
2223 378 2329 433 τῶν
2347 374 2688 446 διωκομένων
2709 371 2805 428 ἀνθ
2815 371 3011 439 ρώπων
3032 364 3311 437 φυγόντων
3329 358 3427 433 τὴν
3453 353 3698 429 προσ[ο]ο

2192 472 2216 485 "
2252 473 2275 485 ‘
2481 469 2492 484 ⁹
2554 469 2591 485 νο
2652 466 2667 485 1
2690 464 2847 485 μιν-ξμμ
2897 460 3218 485 -_..-1._..-..
3251 456 3295 485 Αἰ
3327 453 3382 485 λὶ-
3410 450 3519 485 ρῖἷιυ
3549 450 3681 485 κεπτ-

2094 450 2375 543 ριιρθεῖσαν
2436 469 2618 530 αὐτοῖς
2648 464 2853 534 ἐσθῆτα
2893 460 3218 532 σπαράττει·
3251 456 3299 507 οί
3327 453 3383 506 δὲ
3410 450 3519 543 τῶν
3549 450 3681 543 bna-

2094 563 2273 635 μενῶν
2321 558 2794 630 ἀναχωρησάντων
2831 555 2930 616 τὰς
2975 550 3151 611 οἰκίας
3197 540 3518 635 ἐμπιπρῶσι
3547 542 3557 551 ’

2092 650 2444 707 καταλύουσι.
2497 648 2606 700 Καί
2644 664 2728 709 τις
2762 645 2828 698 ἂν
2866 642 2974 695 τῶν
3007 637 3296 711 μαρτύρων
3332 629 3483 686 εἶπεν
3540 628 3685 683 ἐνδί-

2093 761 2203 806 κως
2221 741 2356 812 πρὸς
2385 740 2548 794 αὐτόν
2568 755 2580 767 '
2601 739 2796 792 Οὐκέτι
2815 754 2931 801 σου,
2964 735 3179 804 μάταιε,
3207 727 3386 783 δειλιῶ
3410 725 3505 796 τὴν
3535 723 3688 794 ὠμό-

2093 851 2249 905 τητα.
2279 830 2502 901 Ἐφοϐού
2513 848 2619 901 μην
2651 830 2760 900 γὰρ
2790 827 2980 899 μέχρις
3010 826 3065 877 αἱ
3097 823 3267 894 ψυχαὶ
3312 817 3686 888 συμπαρῆσαν

2092 927 2205 987 τοῖς
2233 921 2622 991 πηγνυμένοις,
2645 921 2719 991 μὴ
2751 919 2811 971 τὸ
2850 919 2950 970 ύπε
2962 915 3183 991 ρϐάλλον
3218 912 3316 981 τῆς
3342 907 3575 979 βασάνου
3605 922 3689 957 νι-

2096 1018 2238 1089 κήσῃ
2273 1017 2371 1086 τὴν
2404 1013 2652 1084 ἀνδρείαν
2691 1012 2797 1065 τῶν
2828 1007 3064 1062 εὐσεϐῶν
3101 990 3133 1038 ’⁸
3153 1004 3344 1058 τούτου
3373 1001 3429 1054 δὲ
3481 996 3690 1068 παρελο

2097 1108 2280 1171 θόντος
2308 1106 2401 1160 τοῦ
2428 1106 2600 1169 δέους,
2624 1104 2824 1175 χρῆσαι
2863 1099 2941 1170 τῷ
2974 1096 3328 1168 ἀπομείναντι
3373 1088 3550 1160 πηλῷ,
3582 1102 3689 1140 κα-

2095 1200 2203 1263 θὼς
2223 1200 2402 1271 βούλει
2428 1215 2440 1228 ’
2469 1197 2572 1252 κᾶν
2594 1195 2875 1265 ἀπογεύσῃ
2899 1192 3005 1244 τῶν
3036 1187 3275 1260 σαρκῶν,
3301 1185 3359 1238 οὑ
3392 1180 3685 1255 φροντίζω.

2099 1294 2250 1363 Ὅσῳ
2282 1290 2391 1361 γὰρ
2447 1286 2732 1342 λυσσῶσαν
2768 1282 3033 1343 δεικνύεις
3080 1279 3178 1348 τὴν
3231 1274 3522 1345 ὠμότητα,
3559 1283 3688 1320 τοσ-

2100 1358 2242 1452 ούτω
2282 1358 2444 1434 πλέον
2494 1362 2776 1449 στεφανοῖς
2817 1374 2925 1426 τῶν
2973 1368 3315 1425 ἀπελθόντων
3356 1361 3454 1433 τὴν
3507 1358 3686 1452 νίκην.

2099 1474 2165 1526 Αἱ
2216 1448 2327 1543 γὰρ
2392 1460 2636 1538 γενναῖαι
2689 1462 2986 1535 προσϐολαὶ
3037 1457 3147 1511 τῶν
3198 1448 3703 1543 ἀντιτεταγμένων..

2100 1541 2405 1630 ἀποδείξεις
2438 1560 2683 1633 ἀκριϐεῖς
2723 1560 2820 1629 τῆς
2860 1552 3109 1625 ἀνδρείας
3140 1548 3247 1603 τῶν
3302 1541 3695 1616 κρατησάντων

2029 1670 2071 1723 Β
2100 1659 2366 1727 γίνονται.

2182 1748 2342 1803 ’Λλλά
2391 1747 2442 1800 τί
2476 1744 2663 1818 μακρά
2712 1740 3096 1812 διατρίϐομεν;
3151 1730 3413 1803 Ἐ·,;λέχθη
3464 1726 3537 1781 τά
3593 1723 3698 1778 σῶ-

2104 1858 2268 1915 ματα,
2299 1841 2392 1895 καὶ
2420 1840 2481 1893 τὸ
2508 1838 2579 1891 πῦ
2590 1856 2618 1908 ρ
2640 1835 2776 1889 αύτά
2806 1832 3093 1896 διεδέξατο.
3118 1828 3229 1899 Τὴν
3256 1826 3312 1878 δὲ
3349 1823 3497 1877 κόνιν
3544 1819 3691 1915 ὲκεί-

2102 1911 2220 2005 νην,
2248 1933 2343 1987 καὶ
2369 1932 2469 2002 τῆς
2491 1930 2721 2001 καμίνου
2744 1927 2810 1981 τὰ
2842 1925 3069 1995 λείψανα
3097 1924 3125 1975 ὁ
3174 1921 3381 1989 κόσμος
3402 1911 3691 2005 ἐμερίσθη

2105 2026 2200 2078 καὶ
2235 2025 2385 2077 πᾶσα
2445 2022 2516 2090 γῆ
2555 2019 2739 2090 σχεδὸν
2789 2018 2901 2078 τοῖς
2955 2012 3258 2082 άγιάσμασι
3307 2006 3515 2068 τούτοις
3545 2002 3699 2056 εὐλο-

2106 2119 2306 2186 γεῖται.
2344 2113 2492 2184 Ἔχω
2519 2112 2674 2179 κάγὼ
2714 2109 2906 2181 μερίδα
2943 2105 3036 2161 τοῦ
3074 2106 3271 2176 δώρου,
3295 2101 3390 2155 καὶ
3415 2098 3522 2153 τῶν
3546 2095 3702 2168 ἐμῶν

2110 2208 2362 2278 πατέρων
2400 2205 2469 2257 τὰ
2512 2204 2737 2273 σώματα
2763 2204 2876 2265 τοῖς
2918 2199 3025 2252 τῶν
3068 2194 3415 2268 στρατιωτῶν
3468 2188 3704 2260 παρεθέ-

2104 2316 2220 2370 μην
2243 2295 2515 2365 λειψάνοις
2535 2310 2548 2323 ·
2573 2294 2658 2345 ἵνα
2680 2295 2737 2344 ἐν
2758 2291 2833 2361 τῷ
2856 2288 3032 2360 καιρῷ
3058 2288 3155 2359 τῆς
3182 2284 3533 2345 ἀναστάσεως
3556 2279 3705 2351 μετὰ

2111 2392 2220 2445 τῶν
2274 2386 2762 2460 εύπαρῤησιαστῶν
2802 2383 3011 2455 βοηθῶν
3041 2380 3361 2453 ἐγερθῶσιν.
3402 2372 3532 2430 Οἶδα
3567 2373 3700 2445 γὰρ,

433 2491 488 2536 et
529 2481 739 2535 fiducia:
767 2480 941 2550 plenis
974 2489 1287 2551 resurgant.
1325 2477 1452 2533 Scio
1482 2478 1629 2533 enim
1654 2478 1781 2533 illos
1826 2491 2007 2545 posse,

2121 2487 2190 2549 ὡς
2237 2484 2503 2555 ἰσχύουσι,
2540 2480 2651 2549 ,καὶ
2689 2480 2786 2548 τῆς
2839 2476 3149 2550 παρρησίας
3190 2472 3368 2528 αὐτῶν
3418 2471 3519 2540 τῆς
3566 2468 3706 2541 πρὸς

435 2579 491 2626 et
517 2587 625 2641 qua
665 2572 914 2624 libertate
947 2580 1000 2623 et
1030 2570 1229 2625 fiducia
1248 2569 1389 2639 apud
1414 2568 1580 2625 Deum
1608 2568 1847 2630 valeant,
1867 2566 2013 2625 dilu—
2116 2574 2247 2630 θεὸν
2297 2576 2547 2645 ἐναργεῖς
2590 2571 2902 2639 ἐθεασάμην
2947 2568 3047 2631 τὰς
3103 2563 3403 2629 ἀποδείξεις
3437 2579 3449 2593 ’
3491 2561 3587 2614 καὶ
3632 2559 3703 2629 δὴ

439 2663 565 2718 cida
601 2671 925 2735 argumenta
959 2663 1068 2718 vidi
1112 2683 1125 2717 :
1159 2679 1223 2719 ex
1266 2662 1465 2733 quibus
1489 2677 1655 2715 unum
1683 2673 2017 2716 commemo-

2121 2665 2377 2737 βούλομαι
2407 2664 2465 2716 ἓν
2495 2679 2549 2714 τι
2569 2662 2689 2714 ’τῶν
2712 2661 2791 2721 είς
2814 2656 2997 2728 θαῦμα
3028 2654 3324 2708 τελούντων
3352 2653 3449 2722 τῆς
3481 2649 3708 2704 ἐκείνων

439 2771 566 2811 rare
623 2756 796 2820 lubet,
862 2756 1071 2809 clarum
1123 2755 1378 2810 videlicet
1422 2754 1824 2819 testimonium,
1884 2751 2017 2823 quid

2121 2756 2397 2828 ἐνεργείας
2428 2756 2602 2807 εἰπεῖν
2626 2768 2639 2781 ·
2671 2750 2872 2823 Κώμης
2898 2750 2999 2819 τῆς
3028 2748 3152 2819 ἐμοὶ
3198 2740 3615 2817 προσηκούσης,⁴
3646 2741 3709 2791 ὲν

442 2847 655 2902 efIicere
692 2857 914 2916 queant.
957 2846 1056 2902 Est
1093 2847 1163 2901 ad
1187 2862 1272 2902 me
1303 2847 1589 2918 pertinens
1618 2846 1796 2913 vicus,
1830 2846 1884 2900 in
1910 2860 2018 2915 quo

2121 2844 2241 2923 ᾖτά
2266 2848 2373 2902 τῶν
2393 2845 2807 2918 τρισμακαρίων
2826 2844 3027 2896 τούτων
3054 2840 3435 2895 ἀναπέπαυται
3455 2835 3706 2904 λείψανα,

444 2938 890 2995 beatissimorum
960 2944 1263 3009 martyrum
1331 2936 1580 3007 reliquiae
1648 2937 2017 3007 requiescunt.

2122 2940 2238 2993 ἐστι
2279 2956 2362 3001 τις
2403 2938 2627 3008 πολίχνη
2668 2939 2700 3007 ὴ
2740 2935 2957 3005 γείτων,
2996 2933 3197 3005 Ἴὸωρα
3228 2930 3481 2984 καλοῦσιν
3512 2926 3705 2996 αὐτήν.

407 478 779 562 recedentium
821 501 1014 551 domos
1049 492 1349 548 incendunt
1382 497 1437 544 et
1469 490 1741 541 evertunt.
1792 478 1983 534 Merito

409 602 711 664 martyrum
743 586 1019 657 quispiam
1073 598 1198 637 eum
1250 581 1332 635 sic
1389 570 1828 664 compellaverit:
1861 566 1982 620 Non

410 663 664 755 amplius,
697 696 729 733 ο
762 679 929 741 fatue,
978 675 1356 729 crudelitatem
1412 677 1561 722 tuam
1614 663 1980 755 pertimesco:

410 750 667 828 timebam
698 769 868 831 enim,
901 764 1164 836 quamdiu
1196 762 1393 816 animae
1412 755 1714 828 congelatis
1753 750 1986 836 aderant

410 874 463 918 et
495 864 726 923 inerant,
765 874 833 913 ne
866 834 1184 925 magnitudo
1204 850 1545 905 cruciatuum
1569 846 1855 913 superaret
1884 834 1997 888 for-

415 953 704 1009 titudinem
734 952 972 1020 piorum.
1013 944 1126 999 llac
1184 950 1363 996 autem
1429 933 1722 993 formidine
1759 929 1993 997 dilapsa,

415 1057 569 1102 utere
592 1045 709 1099 luto
742 1041 933 1096 relicto
968 1043 1131 1108 prout
1166 1035 1349 1089 voles:
1403 1025 1621 1085 etiamsi
1655 1036 1875 1079 carnem
1902 1031 1996 1071 vo-

415 1139 647 1201 raveris,
680 1150 886 1204 susque
911 1132 1084 1200 deque
1116 1128 1325 1182 habebo
1348 1143 1359 1178 :
1390 1129 1597 1192 quanto
1620 1118 1763 1173 enim
1787 1112 1994 1167 rabiem

416 1231 679 1300 majorem
710 1226 943 1286 exseris,
982 1238 1046 1277 eo
1078 1220 1201 1290 plus
1228 1216 1545 1272 abeuntium
1581 1207 1861 1264 victoriam
1888 1217 1988 1256 co-

418 1297 617 1376 ronas:
662 1332 785 1371 nam
826 1306 1285 1368 adversariorum
1347 1303 1539 1360 valida:
1600 1297 1991 1370 impressiones

420 1414 687 1466 victorum
717 1404 1094 1462 fortitudinem
1134 1400 1425 1472 perspicuo
1450 1401 1707 1466 arguunt.

496 1755 566 1806 At
622 1752 753 1822 quid
827 1752 1006 1822 longis
1040 1750 1332 1805 verborum
1363 1745 1688 1817 ambagibus
1748 1742 1996 1798 utimur?

428 1841 727 1899 Combusta
803 1850 932 1897 sunt
988 1856 1243 1911 corpora,
1270 1855 1443 1909 eaque
1506 1832 1722 1892 flamma
1761 1836 1993 1905 excepit.

426 1933 652 1990 Cineres
710 1949 841 1989 vero
898 1933 978 1987 illi
1032 1940 1085 1988 et
1120 1931 1358 1987 incendii
1417 1930 1662 2000 reliquiae
1693 1929 1748 1982 in
1813 1927 2000 1982 orbem

431 2034 701 2079 terrarum
732 2025 806 2077 ita
840 2024 1031 2079 divisa:
1074 2033 1223 2088 sunt,
1255 2031 1315 2079 ut
1353 2022 1525 2078 ferme
1562 2017 1816 2091 quaelibet
1872 2032 2000 2087 pro-

429 2115 612 2169 vincia
642 2114 1085 2171 benedictionem
1116 2114 1246 2171 inde
1272 2114 1583 2185 participet.
1621 2111 1807 2166 Habeo
1839 2116 2005 2179 etego

431 2206 755 2278 particulam
788 2204 966 2278 hujus
984 2206 1131 2262 sacri
1168 2185 1442 2261 muneris:
1473 2213 1527 2259 et
1544 2212 1773 2273 corpora
1807 2216 2006 2272 parcn-

431 2308 547 2353 tum
581 2312 825 2352 meorum
850 2296 1008 2367 juxta
1038 2297 1233 2351 horum
1265 2298 1499 2350 militum
1529 2294 1791 2365 reliquias
1826 2293 2005 2362 posui,

430 2398 492 2443 ut
532 2396 776 2457 tempore
799 2386 1223 2442 resurrectionis
1252 2402 1376 2441 cum
1410 2385 1836 2455 opitulatoribus
1894 2384 2010 2454 spei

444 3027 562 3083 Non
595 3028 783 3099 procul
812 3027 963 3081 abest
992 3041 1161 3097 parva
1197 3027 1413 3094 civitas,
1442 3043 1605 3096 quam
1638 3029 1852 3083 lboram
1882 3028 2019 3083 νοεῖς

2137 3032 2224 3085 Ἐν
2251 3031 2314 3101 δὴ
2351 3028 2544 3100 ταύτῃ,
2599 3027 2739 3082 κατὰ
2788 3027 2880 3080 τὸν
2913 3025 3116 3097 συνήθη
3172 3021 3461 3093 Ῥωμαίοις
3507 3019 3706 3088 νόμον,

446 3128 587 3175 tant.
619 3122 682 3174 In
715 3120 821 3174 hac
854 3133 979 3173 cum
1019 3133 1088 3172 ex
1131 3126 1348 3188 recepta
1381 3117 1752 3173 Romanorum
1792 3135 2025 3175 consue-

446 3213 637 3269 tudine
657 3225 869 3267 census
895 3210 1127 3264 militum
1155 3211 1553 3277 institueretur,
1578 3206 1796 3280 quidam
1829 3228 1893 3267 ex
1924 3211 2028 3265 mi-

446 3305 637 3360 litibus
665 3303 732 3358 ad
758 3302 1079 3373 praedictum
1110 3301 1292 3357 vicum
1326 3305 1496 3367 venit,
1528 3318 1558 3355 a
1592 3302 1809 3357 tribuno
1832 3298 1898 3356 ad
1934 3317 2028 3357 cn-

449 3397 683 3451 stodiam
713 3395 818 3450 vici
854 3394 1185 3460 destinatus,
1217 3401 1277 3447 ut
1309 3392 1749 3448 commilitonum
1800 3407 2028 3446 suorum

448 3488 763 3543 invasioncs
787 3494 841 3543 et
868 3486 1100 3556 injurias
1125 3486 1494 3557 propulsaret,
1527 3499 1669 3555 quas
1697 3484 1898 3538 milites
1934 3499 2029 3538 ru-

450 3571 680 3627 sticanis
701 3572 960 3626 audacter
1007 3569 1210 3625 inferre
1248 3570 1447 3627 solent.
1478 3568 1803 3640 Egrotabat
1848 3575 2029 3623 autem

450 3667 554 3720 iste
586 3665 757 3719 altero
800 3663 958 3734 pede,
992 3669 1046 3718 et
1077 3661 1453 3718 claudicabat:
1548 3671 1773 3732 eratque
1817 3646 2031 3716 affectio

450 3758 710 3811 diuturna
738 3763 792 3812 et
825 3754 1262 3811 immedicabilis.
1294 3753 1465 3810 Porro
1494 3763 1784 3825 postquam
1816 3754 1872 3808 in
1889 3769 2034 3808 mar-

453 3849 593 3919 tyrio
620 3856 673 3904 et
694 3850 750 3902 in
775 3849 897 3903 loco
924 3846 1281 3914 requietionis
1302 3847 1629 3900 Sanctorum
1661 3845 1784 3913 fuit,
1816 3860 2035 3914 preecsc

452 3955 558 4008 que
587 3939 653 3992 ad
703 3939 871 3992 Deum
902 3937 1075 4003 fudit,
1109 3937 1437 3991 Sanctorum
1490 3950 1708 4006 quoque
1774 3936 2034 3991 interces-

454 4032 665 4086 sionem
718 4028 1050 4097 imploravit,
1111 4034 1166 4083 et
1197 4042 1325 4083 ecce
1384 4034 1550 4082 noctu
1590 4036 1816 4098 apparet
1862 4027 1911 4083 ei
1950 4028 2035 4083 vir

451 4120 765 4176 veneranda
800 4119 1000 4189 specie,
1032 4128 1084 4174 et
1113 4130 1237 4191 post
1261 4120 1388 4200 alia,
1406 4134 1526 4190 qua:
1542 4119 1699 4186 dixit,
1717 4111 2031 4186 Ctaudicas,

456 4212 553 4276 ait,
582 4226 615 4267 o
640 4211 818 4277 miles,
862 4220 915 4266 et
944 4211 1227 4275 curatione
1270 4212 1435 4282 eges?
1472 4211 1566 4268 sed
1597 4211 1687 4276 da,
1725 4219 1785 4267 ut
1817 4221 2033 4282 tangam

456 4300 673 4373 pedem.
709 4299 775 4355 Et
804 4302 1202 4372 apprehensum
1238 4303 1296 4357 in
1336 4304 1544 4359 somnis
1596 4303 1783 4373 pedem
1819 4302 2034 4357 fortiter
2064 4343 2108 4398 Β

457 4393 703 4448 attraxit.
739 4390 805 4447 Et
840 4407 963 4449 cum
1018 4400 1286 4447 nocturna
1313 4392 1450 4449 visio
1482 4394 1586 4448 hoc
1641 4393 1860 4456 faceret,
1896 4392 2034 4463 vigi-

456 4482 697 4538 lantibus
729 4476 1156 4537 talis’excitatus
1178 4492 1261 4536 est
1292 4481 1526 4546 sonitus,
1561 4481 1742 4551 qualis
1770 4481 2035 4536 exsistere

455 4576 616 4641 solet,
671 4589 796 4631 osse
822 4590 886 4630 ex
948 4575 1187 4629 naturali
1218 4590 1318 4630 sua
1375 4575 1504 4631 sede
1540 4575 1774 4639 revulso,
1844 4574 2039 4631 deinde

454 4667 727 4722 violenter
750 4668 1001 4723 restituto
1036 4686 1051 4734 ;
1082 4676 1141 4721 ut
1173 4667 1347 4731 etilli,
1400 4668 1493 4737 qui
1525 4682 1633 4720 una
1666 4666 2031 4732 dormiebant,

454 4758 905 4828 cxpergefierent,
945 4766 999 4813 et
1040 4758 1156 4827 ipse
1194 4762 1359 4813 etiam
1406 4758 1563 4813 miles
1609 4757 1900 4813 confestim
1946 4773 2036 4813 so-

457 4865 587 4903 mno
622 4851 950 4916 solveretur,
985 4865 1261 4920 sanusque
1289 4864 1442 4905 more
1471 4850 1700 4904 aliorum
1736 4849 2035 4905 incederet.

459 4941 573 4997 lloc
612 4942 934 4997 miraculum
968 4958 1070 5013 ego
1108 4943 1225 5014 ipse
1254 4943 1387 5007 vidi,
1413 4957 1538 4997 cum
1567 4942 1687 5013 ipso
1720 4942 1890 4997 milite
1908 4958 2034 4997 ver-

458 5044 632 5099 satus,
674 5034 767 5103 qui
802 5034 1005 5103 ubique
1028 5041 1082 5087 et
1141 5032 1282 5104 apud
1310 5048 1499 5088 omnes
1547 5033 1651 5087 hoe
1708 5032 2033 5088 beneficium

456 5142 486 5178 a
525 5123 863 5194 martyribus
903 5132 1185 5194 acceptum
1233 5123 1564 5194 divulgabat,
1596 5130 1650 5178 et
1679 5124 2032 5193 praedicabat,

458 5226 511 5271 et
555 5218 988 5272 commilitonum
1018 5232 1243 5271 suorum
1279 5218 1668 5287 benignitatem
1701 5217 2032 5271 celebrabat.

535 5398 593 5452 Si
620 5413 752 5453 vero
780 5398 930 5468 quid,
971 5398 1114 5467 quod
1149 5413 1235 5452 me
1280 5398 1544 5467 peculiari
1585 5398 1745 5452 modo
1779 5397 2032 5468 attingat,

462 5503 731 5558 apponere
793 5496 1039 5556 oportet,
1101 5488 1246 5542 haud
1297 5488 1565 5541 omittam.
1599 5488 1828 5553 Quando
1887 5491 2032 5543 enim

464 5578 699 5646 primum
729 5578 928 5632 festum
958 5579 1099 5633 diem
1128 5580 1196 5634 ob
1226 5580 1486 5650 reliquias
1515 5580 1690 5632 acturi
1721 5594 1960 5644 eramus,
1981 5590 2032 5636 et

464 5681 655 5722 urnam
694 5667 747 5720 in
781 5675 1027 5722 sanctam
1063 5670 1350 5725 ecclesiam
1382 5670 1622 5737 illaturi,
1674 5679 1846 5727 mater
1889 5688 2027 5739 mea,

2128 3122 2428 3190 καταλόγου
2463 3118 2809 3192 στρατιωτῶν
2834 3118 3130 3186 διάγοντος,
3181 3110 3260 3179 εἷς
3297 3131 3382 3177 τις
3423 3111 3530 3165 τῶν
3554 3109 3710 3165 ὁπλι-

2127 3211 2235 3264 τῶν
2257 3211 2348 3263 ὲπὶ
2387 3211 2482 3279 τὴν
2518 3208 2709 3279 κώμην
2730 3207 2827 3279 τὴν
2850 3207 3235 3278 προλεχθεῖσαν
3266 3204 3493 3274 ἀφίκετο
3516 3243 3530 3267 ,
3567 3201 3710 3273 πρὸς

2130 3300 2376 3372 φυλακὴν
2426 3297 2520 3352 τοῦ
2570 3298 2768 3370 χωρίου
2818 3296 2969 3368 παρά
3014 3294 3104 3348 τοῦ
3160 3293 3445 3363 ταξιάρχου
3491 3290 3706 3353 δοθείς·

2130 3394 2217 3446 ἵνα
2260 3393 2370 3445 τῶν
2422 3389 2836 3461 συστρατιωτῶν
2880 3387 3071 3440 ἑαυτοῦ
3105 3385 3205 3450 τὰς
3261 3386 3435 3456 ὁρμὰς
3476 3382 3571 3436 καὶ
3609 3382 3711 3445 τὰς

2132 3484 2316 3555 ὕόρεις
2346 3483 2611 3554 άνείργῃ,
2635 3481 2703 3546 ἂς
2738 3479 2990 3534 εἰώθασιν
3021 3477 3247 3547 ἐπάγειν
3279 3480 3390 3538 τοῖς
3429 3472 3710 3545 ἀγροίκοις

2133 3577 2237 3630 ὑπὸ
2266 3575 2499 3647 θράσους
2541 3578 2589 3628 οἱ
2636 3573 3028 3635 ὁπλιτεύοντες.
3084 3570 3285 3624 Ἐνόσει
3330 3568 3388 3622 δὲ
3424 3561 3577 3630 οὗτος
3616 3567 3712 3620 τὸν

2131 3669 2316 3741 ἕτερον
2347 3671 2459 3722 τοῖν
2505 3667 2705 3731 ποδοῖν,
2737 3668 2832 3719 καὶ
2855 3664 3086 3736 ὲχώλευε
3105 3682 3119 3695 '
3152 3663 3247 3716 καὶ
3267 3661 3327 3714 τὸ
3357 3659 3526 3723 πάθος
3560 3657 3713 3726 αὐτῷ

2131 3760 2343 3831 χρόνιον
2374 3759 2467 3812 καὶ
2505 3757 2756 3811 δυσίατον
2779 3753 2867 3828 ἦν.
2917 3757 3067 3809 Ἐπεί⁵
3111 3754 3168 3807 δὲ
3198 3753 3349 3817 ὲντὸς
3376 3750 3592 3820 ἐγένετο
3615 3748 3710 3801 τοῦ

2136 3851 2436 3922 μαρτυρίου
2460 3850 2553 3904 καὶ
2581 3851 2680 3921 τῆς
2704 3848 3063 3912 ἀναπαύσεως
3090 3847 3198 3902 τῶν
3227 3846 3421 3913 ἁγίων,
3461 3842 3553 3896 καὶ
3591 3840 3715 3911 Θεῷ

2137 3941 2598 4012 προσευξάμενος,
2640 3942 2739 4011 τὴν
2776 3941 2884 3994 τῶν
2917 3940 3085 4009 ἁγίων
3115 3939 3410 4011 πρεσϐείαν
3443 3935 3710 3990 ἐπεκαλέ-

2137 4050 2268 4088 σατο
2293 4051 2306 4064 ·
2346 4034 2562 4105 νύκτωρ
2590 4032 2738 4104 αὐτῷ
2782 4031 3029 4103 φαίνεταί
3060 4049 3143 4094 τις
3173 4031 3314 4102 ἀνὴρ
3349 4028 3708 4101 ἀξιοπρεπὴς.

2136 4125 2229 4180 καί
2278 4143 2399 4179 τινα
2432 4125 2565 4180 ἄλλα
2615 4123 2937 4194 διαλεχθεὶς,
2978 4121 3326 4185 «Χωλεύεις,
3376 4140 3394 4173 ι
3426 4120 3551 4191 ἔφη,
3590 4138 3609 4170 ι
3665 4113 3712 4171 ὦ

2139 4217 2462 4289 στρατιῶτα,
2514 4217 2609 4271 καὶ
2663 4217 2745 4269 δεῖ
2788 4233 2868 4269 σοι
2924 4215 3255 4287 θεραπείας;
3301 4213 3436 4269 ἀλλὰ
3485 4213 3571 4275 δός
3621 4229 3714 4283 μοι

2134 4309 2450 4379 ψηλαφῆσαι
2494 4309 2583 4362 τὸν
2639 4308 2792 4362 πόδα.
2830 4326 2848 4358 ι
2896 4307 3207 4377 Λαὸόμενος
3246 4306 3302 4359 δὲ
3333 4305 3464 4377 ὄναρ
3508 4302 3711 4369 αὐτοῦ,

2139 4400 2379 4470 σφοδρῶς
2404 4398 2908 4469 ὲφειλκύσατο.Τῆς
2931 4396 2985 4450 δὲ
3012 4396 3328 4467 νυκτερινῆς
3353 4395 3524 4465 ὅψεως
3558 4394 3716 4448 τοῦτο

2135 4490 2394 4562 ποιούσης
2427 4531 2441 4555 ,
2470 4489 2974 4561 ὓπαρ.τηλικοῦτος
3026 4488 3245 4556 ἐγένετο
3284 4487 3474 4556 ψόφος,
3507 4481 3618 4548 οἷος
3648 4487 3717 4540 ἀν

2134 4583 2560 4652 γένοιτο,όστὲου
2585 4583 2683 4653 τῆς
2708 4581 2943 4651 φυσικῆς
2965 4581 3228 4652 ἁρμονίας
3249 4579 3717 4650 ὲξολισθήσαντος,

2136 4670 2255 4727 εἶτα
2296 4673 2483 4744 βιαίως
2515 4672 2961 4744 ἐναρμοσθέντοςσ
2987 4672 3125 4724 ὥστε
3158 4670 3459 4740 ἀφυπνίσαι
3482 4670 3721 4732 καὶτοὺς

2140 4766 2604 4835 συγκαθεύδοντας
2644 4766 2737 4818 καί⁵
2789 4764 2950 4818 αὐτὸν
2980 4763 3068 4817 τὸν
3114 4761 3448 4835 στρατιώτην
3470 4800 3485 4824 ,
3511 4761 3721 4833 διεγερ-

2137 4857 2293 4927 θῆναι
2343 4857 2399 4910 δὲ
2442 4857 2533 4908 τὸν
2584 4855 2869 4926 ἄνθρωπον
2925 4854 3104 4921 εὐθὺς,
3133 4855 3227 4907 καὶ
3281 4850 3516 4923 βαδίζειν
3550 4852 3720 4920 ὑγιῶς

2137 4948 2276 5001 κατά
2306 4947 2486 5017 φύσιν,
2512 4947 2586 5010 ὡς
2606 4950 2627 4969 ’⁸
2656 4946 2864 5000 εἴωθεν.
2888 4947 3103 5018 Ταύτην
3146 4947 3239 5018 τὴν
3273 4945 3718 5016 θαυματουργίαι

2137 5034 2276 5091 εἶδον
2306 5038 2444 5107 ἐγὼ,
2469 5039 2618 5108 αύτῷ
2664 5039 2743 5109 τῷ
2790 5038 3062 5110 ἀνθρώπῳ
3096 5037 3403 5111 περιτυχὼν
3458 5036 3723 5106 ἐξαγγέλ-

2136 5129 2279 5183 λοντι
2331 5130 2464 5200 πρὸς
2511 5130 2738 5194 πάντας,
2787 5130 2882 5184 καὶ
2938 5131 3258 5202 κηρύττοντι
3291 5131 3389 5201 τὴν
3422 5130 3724 5201 μαρτύρων

2135 5223 2474 5293 εὐεργεσίαν,
2497 5225 2591 5277 καὶ
2636 5225 2733 5293 τὴν
2767 5224 2873 5277 τῶν
2907 5224 3256 5295 στρατιωτῶν
3303 5224 3721 5295 φιλανθρωπίαν

2134 5316 2232 5367 ἀνυ
2243 5314 2480 5384 μνοῦντι.

2206 5406 2269 5459 Εἰ
2308 5407 2362 5459 δέ
2409 5424 2460 5458 τι
2494 5406 2597 5476 χρὴ
2650 5409 2962 5479 προσθεῖναι
3020 5408 3111 5460 καὶ
3146 5407 3254 5461 τῶν
3298 5408 3417 5460 κατ’
3444 5406 3729 5480 ἐξαίρετόν

2145 5514 2233 5566 μοι
2262 5496 2663 5565 προσηκόντων,
2692 5496 2824 5566 ἐρῶ.
2868 5497 3056 5550 Ἡνίκα
3094 5496 3202 5567 γάρ
3231 5497 3326 5568 τὴν
3361 5498 3453 5551 ἐπὶ
3474 5501 3586 5561 τοῖς
3615 5498 3724 5551 λει-

2140 5588 2328 5656 ψάνοις
2364 5590 2668 5659 πανήγυριν
2695 5588 2790 5658 τὴν
2816 5589 3035 5659 πρώτην
3071 5588 3243 5643 τελεῖν
3269 5590 3591 5661 ἐμέλλομεν,
3623 5592 3728 5644 κάν

2142 5678 2219 5750 τῷ
2249 5679 2385 5752 ἁγίῳ
2429 5681 2580 5753 σηκῷ
2624 5671 2917 5735 ἀναπαύειν
2954 5682 3052 5753 τὴν
3102 5683 3366 5754 λάρνακα,
3398 5686 3431 5754 ἡ
3470 5686 3653 5757 μήτηρ
3692 5684 3727 5757 ἡ
