4050 6164
346 370 454 425 785

1482 381 1550 437 ΙΝ
1581 384 2079 452 ρυΑυοΑιηΝτΑ
2123 396 2522 455 ΜᾹίὶΤΥῙῖΕε.

3505 405 3604 460 786

343 479 502 580 ibi}:
537 478 676 588 αὕτη
707 479 828 588 ⁵γάρ
873 476 940 554 ἦν
985 485 1016 555 ή
1067 486 1142 557 τῷ
1172 486 1290 558 Θεῷ
1337 493 1641 563 συνάγουσα
1697 502 1789 555 καὶ
1835 521 1921 557 κο-

2032 508 2216 578 (hujus
2243 511 2386 565 enim
2425 515 2529 567 vita
2563 529 2686 568 cum
2727 515 2835 572 Deo
2866 525 3008 580 erat,
3040 531 3159 588 qua:
3189 515 3350 570 etiam
3387 529 3602 567 omnem

347 569 559 636 σμοῦσα
577 571 674 642 τήν
701 573 914 644 ἑορτήν·
935 578 992 646 ή⁴
1010 577 1068 630 δέ
1097 579 1251 650 ἥκειν
1271 599 1336 652 με
1362 585 1496 656 πρὸς
1517 588 1615 660 τήν
1641 596 1928 661 μετουσίαν

343 661 452 714 τῶν
485 663 778 733 δρωμένων
805 667 1076 734 ἐκέλευσε,
1105 671 1294 743 πόρρω
1325 693 1380 728 τε
1421 677 1694 749 διάγοντα,
1728 686 1820 738 καὶ
1852 687 1932 740 ἔτι

343 752 462 804 νέον
485 753 631 816 ὄντα,
648 756 749 810 κάν
765 759 878 820 τοῖς
903 757 1109 824 λαῖκοῖς
1135 763 1561 837 ἀριθμούμενον.
1585 767 1685 826 Οἴα
1708 774 1762 828 δὲ
1788 779 1931 846 φιλεῖ

343 845 584 913 γίνεσθαι
621 847 714 900 ἐπὶ
744 850 1034 922 πράγμασι
1087 859 1505 927 κατεπείγουσιν
1525 905 1538 927 ,
1571 845 1805 938 ἄσχολος
1829 869 1926 934 ὢν,

347 933 643 1005 βαρύτερον
671 939 699 990 6
727 939 952 1010 ἀνόητος
981 941 1248 1016 ἐδεξάμην
1279 948 1376 1020 τὴν
1414 952 1624 1024 κλῆσιν,
1644 933 1928 1030 ’.ὑπομεμ-

341 1025 584 1122 ψόιμενος
603 1031 677 1122 ,τῇ
708 1031 896 1100 μητρὶ.
920 1033 1000 1086 ὅτι
1034 1037 1108 1106 μὴ
1139 1040 1217 1102 είς
1243 1039 1400 1096 ἄλλον
1423 1047 1614 1116 καιρὸν
1637 1025 1929 1122 ὑπερέθετο

341 1118 442 1189 τὴν
477 1120 813 1190 πανήγυριν,
847 1121 983 1178 ἀλλά
1015 1143 1082 1206 με
1122 1129 1330 1183 πολλῶν
1360 1118 1930 1214 ἀποκινήσασαφρον-

340 1209 518 1272 τίδων,
552 1211 871 1280 μεθείλκυσε
903 1217 1100 1290 ταύτῃ,
1139 1222 1234 1274 καί¹
1271 1225 1378 1295 πρὸ
1407 1229 1534 1296 μιᾶς
1555 1231 1655 1301 τῆς
1689 1209 1925 1289 συνόδου.

355 1301 656 1372 Ἀφικόμην
704 1307 784 1369 είς
827 1306 887 1360 τό
936 1312 1136 1382 χωρίον
1165 1331 1178 1344 ·
1218 1320 1542 1390 παννυχίδος
1574 1323 1631 1376 δὲ
1657 1325 1824 1398 οὔσης
1872 1330 1928 1382 ἐν

342 1393 705 1488 κήπῳχένθα
765 1399 860 1488 καὶ
923 1399 992 1454 τά
1042 1402 1270 1474 λείψανα
1307 1409 1416 1462 τῶν
1450 1413 1621 1480 ἁγίων
1665 1393 1928 1488 ἐτύγχανε

339 1483 679 1554 ψαλμῳδίαις
712 1477 1021 1559 τιμ”ὡμενα,
1056 1495 1180 1564 ἐμοὶ
1240 1499 1465 1572 πλησίον
1509 1505 1602 1558 ἐπί
1633 1523 1777 1572 τινος
1817 1477 1924 1564 Ῑδω-

345 1573 532 1641 ματίου
591 1576 906 1632 καθεύδοντι
975 1583 1224 1650 φαίνεται
1281 1587 1416 1659 ὄναρ
1484 1591 1607 1660 ὄψις
1655 1594 1876 1667 τοιαύτη
1911 1613 1924 1627 ·

341 1661 593 1717 Ἐδόκουν
613 1665 1137 1736 βούλεσθαιείσιέναι
1169 1678 1225 1730 ἐν
1249 1678 1327 1750 τῷ
1356 1681 1538 1753 κήπῳ,
1565 1683 1690 1737 ἔνθα
1723 1661 1926 1759 ὕπαρή

343 1759 600 1827 παννυχὶς
633 1760 882 1818 ἐτελεῖτο.
908 1765 1188 1838 Γενομένῳ
1223 1770 1278 1823 δέ
1326 1791 1416 1842 μοι
1447 1776 1574 1846 περὶ
1596 1777 1695 1846 τήν
1735 1777 1921 1849 θύραν,

340 1847 541 1916 πλῆθος
561 1849 714 1922 ὤφθη
741 1856 1088 1924 στρατιωτῶν
1124 1863 1578 1934 προσκαθήμενον
1606 1869 1670 1939 τῇ
1699 1847 1890 1938 εἰσόδῳ
1908 1887 1920 1900 ·
1959 1859 1998 1912 Β

337 1939 533 2011 ἀθρόον
555 1941 610 1994 δὲ
645 1945 692 1996 oi
723 1945 922 2024 πάντες
948 1947 1354 2023 διαναστάντες,
1386 1956 1614 2026 ῥάϐδους
1641 1961 1926 2015 ἐπανατει-

337 2033 584 2102 νόμενοι,
618 2037 713 2090 καὶ
745 2039 1116 2112 ἀπειλητικῶς
1174 2048 1553 2120 ἐφορμῶντες,
1590 2052 1652 2105 οὐ
1689 2053 1925 2123 συνεχώ-

338 2139 467 2214 ρουν
499 2125 596 2194 τὴν
634 2127 837 2182 εἴσοδον
865 2147 878 2160 ·
904 2131 1094 2188 ἔλαϐον
1121 2135 1164 2188 δ’
1181 2136 1246 2190 ἃν
1285 2139 1378 2192 καὶ
1411 2139 1645 2210 πληγὰς,
1674 2143 1721 2194 εί
1753 2143 1828 2212 μή
1859 2160 1924 2214 με

336 2209 437 2278 εἷς,
455 2215 529 2279 ὡς
549 2216 784 2281 ἐδόκουν,
808 2221 1316 2301 φιλανθρωπότερος
1345 2209 1658 2304 ἐξῃτήσατο.
1679 2209 1766 2298 Ὠς
1783 2235 1838 2288 δέ
1857 2209 1924 2306 με

333 2307 364 2358 ὁ
396 2307 561 2372 ὕπνος
589 2311 792 2382 ἀφῆκε,
821 2315 914 2366 κοιλ⁵
966 2311 1128 2388 ἦλθον
1175 2323 1253 2385 είς
1293 2323 1661 2396 ἀναλογισμὸν
1689 2327 1788 2398 τῆς
1833 2327 1925 2380 ἐπὶ

332 2403 401 2472 τῇ
437 2401 625 2473 κλήσει
679 2405 1075 2478 πλημμελείας,
1109 2413 1356 2485 ᾐσθόμην
1396 2416 1496 2487 μὲν
1529 2420 1610 2481 είς
1637 2417 1688 2471 τί
1729 2418 1922 2488 ἔφερεν

331 2495 366 2562 ἡ
413 2494 520 2548 τῶν
569 2498 915 2567 στρατιωτῶν
969 2503 1230 2572 ἐπίφοϐος
1281 2509 1518 2562 δπτασία
1547 2527 1558 2540 ·
1609 2509 1821 2574 πολλοῖς
1867 2509 1922 2562 δὲ

335 2585 553 2656 θρήνοις
570 2588 859 2662 ὡδυρόμην
880 2593 980 2664 τὴν
997 2596 1238 2664 ἐμαυτοῦ
1272 2601 1610 2671 ματαιότητα
1636 2617 1648 2630 ·
1669 2600 1762 2652 καὶ
1787 2600 1920 2670 αὐτῇ

332 2693 398 2744 γε
415 2681 479 2748 τῇ
513 2678 653 2752 θήκῃ
681 2681 790 2736 τῶν
813 2681 1082 2754 λειψάνων
1108 2689 1305 2760 πικρὸν
1329 2691 1638 2762 ἐπέρρευσα
1667 2691 1918 2760 δάκρυον,

335 2769 423 2822 ἵνα
455 2787 542 2841 μοι
575 2774 603 2826 ὁ
632 2774 765 2838 Θεός
795 2793 854 2828 τε
879 2777 1122 2848 εὐμενῶς
1147 2779 1376 2854 ἕχῃ,κα“ι
1409 2785 1456 2836 οἱ
1480 2786 1621 2853 ἆγιοι
1656 2781 1916 2853 στρατιῶ-

333 2879 423 2916 ται
452 2863 549 2934 τὴν
579 2867 889 2937 ἀμνηστίαν
919 2872 1274 2942 χαρίσωνται.

406 3058 591 3114 Ταῦτα
617 3054 791 3128 εἷπον,
828 3061 914 3116 ἵνα
951 3066 1282 3136 πεισθῶμεν,
1309 3069 1388 3121 ὅτι
1423 3067 1588 3134 ζῶσιν
1637 3075 1684 3126 οἱ
1718 3074 1916 3146 μάρτυ-

332 3167 449 3220 ρες,
476 3151 571 3204 καὶ
603 3151 710 3205 εἰσὶ
761 3153 894 3207 Θεοῦ
934 3155 1252 3228 δορυφόροι,
1302 3159 1396 3212 καὶ
1427 3160 1704 3232 πάρεδροι,
1734 3164 1781 3216 oi
1824 3165 1919 3234 σή-

333 3258 500 3314 μερον
523 3243 677 3312 ήμῶν
705 3243 805 3314 τὴν
837 3245 1163 3318 Ἐκκλησίαν
1193 3249 1568 3320 ὠφελήσαντες
1592 3255 1683 3306 καὶ⁷
1714 3257 1920 3328 κοσμήο

330 3351 527 3398 σαντες
557 3351 571 3366 ο
622 3334 982 3409 λαμπροτέρα
1029 3339 1085 3392 δὲ
1125 3340 1218 3394 καὶ
1254 3340 1454 3412 μείζων
1486 3344 1622 3416 αὕτη
1661 3349 1692 3417 ὴ
1727 3364 1920 3401 τεσσα-

333 3423 570 3496 ρακοστὴ
599 3426 706 3478 τῶν
735 3433 786 3498 μ’
825 3429 1120 3500 μαρτύρων
1143 3431 1243 3504 τὴν
1268 3437 1486 3505 μνήμην
1516 3435 1732 3507 ἔχουσα,
1760 3439 1854 3492 καὶ
1889 3441 1918 3492 6

333 3517 445 3586 μὴν
487 3517 910 3591 ἐπιφανέστερος
939 3522 1046 3574 τῶν
1105 3524 1314 3594 μηνῶν,
1334 3527 1428 3579 καὶ
1449 3527 1476 3579 6
1511 3527 1778 3600 μοχθηρὸς
1803 3549 1917 3601 χει-

334 3607 453 3678 μὼν
477 3611 658 3664 οὐκέτι
692 3629 781 3682 μοι
814 3613 962 3667 δοκεῖ
989 3616 1221 3686 χαλεπός
1251 3635 1263 3647 ·
1297 3618 1416 3671 οὐδὲ
1449 3621 1745 3690 σχετλιάζω
1774 3624 1916 3678 κατὰ

328 3700 432 3772 τῆς
460 3703 756 3767 ἐνεστῶτος
785 3707 980 3779 καιροῦ
1033 3709 1374 3780 ἀγριότητος,
1422 3706 1590 3776 Οὗτος
1617 3713 1724 3787 γὰρ
1755 3715 1919 3770 ὅπλον

328 3792 424 3847 τοῦ
455 3793 685 3851 διώκτου
735 3799 1044 3870 γενόμενος,
1085 3801 1288 3872 ταύτην
1326 3820 1415 3872 μοι
1457 3803 1556 3874 τὴν
1607 3805 1755 3876 ἱερὰν
1804 3809 1919 3862 ἐτε-

325 3883 520 3939 λείωσε
545 3887 821 3957 φάλαγγα.
855 3891 966 3943 Καὶ
998 3889 1187 3962 ῶσπερ
1215 3891 1322 3945 τῶν
1369 3893 1509 3947 ἐπτά
1542 3895 1916 3952 Μακκαϐαίων

231 4047 238 4052 _
329 3981 364 4050 ή
411 3979 613 4050 μήτηρ,
645 3979 734 4034 διὰ
781 3981 843 4034 τὸ
889 3981 1066 4054 ψυχὴν
1123 3982 1268 4054 ἔχειν
1323 3985 1571 4054 φιλόθεον
1623 3987 1822 4058 μᾶλλον
1875 3988 1908 4060 ἢ

328 4069 678 4142 φιλόσαρκον,
715 4069 838 4126 οὐτε
865 4072 964 4144 τὴν
997 4075 1272 4146 Ἀντιόχου
1306 4074 1401 4128 τοῦ
1425 4077 1690 4147 τυράννου
1718 4079 1917 4151 Συρίας

325 4159 588 4232 ὠμότητα
611 4164 1036 4236 κατεμέμψατο,
1061 4165 1181 4219 οὕτε
1213 4167 1349 4238 πρὸς
1381 4169 1480 4232 τὰς
1537 4169 1786 4234 κολάσεις
1822 4172 1915 4225 καὶ

325 4252 428 4316 τὰς
485 4255 771 4326 συμφορὰς
817 4255 926 4311 τῶν
982 4255 1112 4310 υίῶν
1149 4257 1502 4330 ἐδυσχέρανεν
1546 4277 1558 4288 ·
1598 4257 1814 4324 ἐδέξατο
1858 4262 1916 4316 δὲ

325 4345 428 4416 τὴν
471 4347 729 4417 ἐρημίαν,
769 4348 844 4412 ὡς
873 4349 1214 4420 εὐεργεσίαν,
1260 4351 1352 4404 καὶ
1390 4351 1489 4423 τὴν
1523 4352 1801 4421 ἀπαιδίαν,
1839 4354 1915 4419 ὡς

329 4435 612 4506 βοήθειανο
645 4437 768 4492 οὐτε
811 4441 916 4513 μὴν
946 4443 973 4494 6
1009 4443 1283 4511 Στέφανος
1316 4441 1668 4514 λιθαζόμενος
1696 4445 1911 4516 ἐνόμιζε

2033 598 2174 654 diem
2209 600 2405 657 festum
2431 605 2626 660 eximie
2648 607 2898 680 ornabat)
2947 608 3115 678 jussit
3173 621 3258 660 me
3313 603 3378 658 ad
3422 617 3603 657 rermn

2033 695 2393 761 gerendarum
2425 697 2893 766 participationem
2955 701 3161 754 venire.
3208 699 3276 751 At
3309 713 3432 752 cum
3478 710 3604 764 pm-

2031 785 2119 838 cul
2161 787 2430 850 abessem,
2490 789 2669 844 adhuc
2722 792 2966 860 juvenis,
3007 793 3136 847 etin
3193 791 3459 844 laicorum
3515 800 3604 838 0r-

2030 875 2176 940 dine,
2209 886 2370 947 prout
2401 878 2512 933 ﬁeri
2546 883 2832 937 consuevit
2857 883 2910 936 in
2937 883 3100 938 rebus
3141 879 3484 949 urgentibus,
3512 890 3605 928 oc-

2030 969 2416 1038 cupationibus
2461 971 2748 1036 distentus,
2793 975 3016 1044 gravius
3077 973 3414 1027 vocationem
3468 969 3605 1023 insi-

2029 1061 2184 1130 piens
2212 1063 2418 1132 accepi,
2447 1065 2824 1121 subaccusans
2861 1078 3110 1128 matrem,
3134 1064 3279 1134 quod
3306 1061 3598 1116 banccele—

2030 1152 2282 1208 britatcm
2311 1155 2362 1208 in
2391 1156 2534 1211 aliud
2572 1168 2784 1227 tempus
2833 1173 2940 1211 non
2993 1157 3339 1222 distulisset,
3370 1155 3463 1210 sed
3517 1167 3604 1206 me

2029 1260 2058 1298 a
2091 1246 2259 1300 variis
2311 1248 2544 1316 uegOtiis
2597 1249 2931 1304 abstractum
2987 1249 3094 1303 huc
3147 1248 3488 1308 abduxisset,
3547 1251 3602 1296 et

2029 1337 2246 1406 quidem
2281 1349 2405 1393 ante
2435 1341 2600 1396 ullam
2644 1342 2934 1412 synodum.
2974 1339 3108 1395 Veni
3143 1354 3271 1409 ergo
3297 1339 3348 1391 in
3379 1352 3597 1406 pagum.

2027 1426 2247 1483 Etcum
2279 1433 2620 1500 pervigilium
2666 1434 2910 1488 obit-etur
2950 1435 3004 1487 in
3057 1433 3236 1493 horto,
3293 1431 3378 1484 ubi
3438 1430 3599 1482 etiam

2030 1517 2357 1574 Sanctorum
2400 1523 2643 1592 reliquis)
2693 1525 2919 1594 psalmis
2981 1523 3416 1585 bonorabantur,
3468 1517 3600 1572 mihi

2027 1614 2080 1669 in
2116 1613 2298 1666 vicina
2328 1614 2558 1669 aedicula
2607 1616 2899 1670 dormienti
2935 1613 3248 1685 hujusmodi
3299 1611 3599 1668 secundum

2027 1706 2261 1775 quietem
2283 1708 2419 1760 Vi>i0
2436 1709 2613 1761 oblata
2629 1689 2737 1762 est:
2775 1707 3014 1762 Videbar
3047 1708 3251 1762 intrare
3274 1705 3327 1759 in
3357 1704 3597 1764 hortum,

2029 1799 2119 1851 ubi
2171 1799 2511 1868 pervigilium
2555 1801 2835 1870 agebatur.
2884 1799 2948 1853 Et
2977 1815 3102 1854 eum
3129 1798 3195 1852 ad
3230 1799 3372 1852 fores
3398 1809 3596 1860 essem,

2029 1890 2278 1959 apparuit
2335 1889 2622 1943 multitudo
2675 1889 2904 1942 militum
2971 1889 3041 1944 ad
3095 1887 3378 1942 introitum
3438 1898 3601 1940 excu-

2028 1980 2298 2041 ὺιιιιῑίιιιίι,
2357 1981 2448 2050 qui
2509 1996 2539 2034 e
2597 1980 2825 2050 vestigio
2881 1985 3252 2048 assurgentes,
3311 1977 3602 2046 virgasque

2026 2069 2356 2139 quatientes,
2393 2077 2448 2124 et
2476 2069 2796 2123 tuinabundi
2833 2069 2886 2122 in
2932 2084 3019 2123 me
3051 2057 3341 2132 irruentes,
3368 2050 3599 2120 aditum

2025 2175 2134 2213 non
2164 2158 2570 2213 concedebant:
2609 2159 2741 2228 quin
2772 2167 2826 2213 et
2865 2160 3055 2230 plagas
3089 2158 3451 2227 accepissem,
3491 2154 3600 2209 nisi

2025 2249 2406 2318 deprecatione
2451 2251 2634 2316 unius,
2673 2249 2788 2318 qui,
2821 2257 2881 2303 ut
2911 2248 3218 2315 videbatur,
3260 2246 3473 2302 cmteris
3505 2245 3602 2298 htt-

2024 2342 2239 2394 manior
2274 2349 2413 2403 erat,
2467 2350 2687 2411 ereptus
2718 2340 2962 2396 fuissem.
3022 2337 3130 2394 Ubi
3201 2353 3332 2394 vero
3372 2351 3600 2392 somnus

2025 2449 2111 2489 me
2135 2434 2374 2504 reliquit,
2426 2435 2590 2504 inque
2621 2435 2939 2489 memoriam
2995 2432 3270 2497 revocavi,
3303 2446 3423 2501 quae
3449 2431 3596 2484 circa

2022 2529 2361 2580 vocationem
2396 2527 2758 2596 deliquerant,
2802 2535 2915 2583 tum
2966 2525 3099 2594 quid
3148 2524 3385 2587 terrilica
3452 2522 3596 2576 mili--

2022 2625 2134 2670 tum
2163 2617 2434 2686 apparitio
2469 2617 2572 2670 sibi
2603 2615 2786 2681 vellet,
2848 2615 3126 2672 intellexi:
3183 2613 3368 2669 multis
3415 2621 3596 2667 autem

2019 2705 2278 2776 lacrymis
2309 2703 2499 2758 deflevi
2529 2720 2706 2758 meam
2745 2705 3146 2775 insipientiam,
3167 2704 3470 2777 ipsamque
3507 2715 3597 2756 sa-

2019 2811 2237 2850 crarum
2267 2796 2623 2866 reliquiarum
2651 2797 2862 2850 thecam
2893 2797 3149 2868 lacrymi‘s
3176 2795 3379 2848 amaris
3409 2807 3596 2861 asper-

2020 2891 2086 2950 si.
2122 2896 2180 2944 ut
2211 2897 2262 2942 et
2297 2887 2465 2944 Deum
2503 2889 2636 2942 mihi
2681 2889 3055 2959 propitiarem,
3097 2895 3151 2947 et
3183 2903 3213 2948 a
3243 2886 3450 2943 sanctis
3494 2884 3598 2938 Ini-

1937 2978 1940 2982 ’
2020 2980 2210 3036 litibus
2231 2981 2510 3036 commissi
2545 2980 2874 3034 oblivionem
2910 2981 3237 3034 obtinerem.

2088 3071 2213 3127 llaec
2248 3072 2637 3137 recensuerim,
2676 3081 2734 3126 ut
2769 3071 3058 3128 credamus
3092 3078 3359 3142 martyres
3388 3069 3592 3134 vivere,

2020 3174 2072 3221 et
2107 3165 2198 3220 Dei
2230 3165 2388 3234 quasi
2424 3165 2716 3234 stipatores
2752 3174 2807 3218 et
2834 3179 3147 3220 assessores
3179 3178 3320 3228 esse,
3361 3162 3454 3232 qui
3498 3163 3594 3216 ho-

2021 3255 2108 3312 die
2151 3255 2412 3310 Ecclesiae
2455 3265 2508 3309 et
2553 3235 2922 3310 emolumento
2968 3267 3022 3310 et
3071 3261 3396 3310 ornamento
3441 3261 3592 3309 sunt.

2008 3335 2140 3417 ‘lpsa
2169 3361 2301 3402 vero
2335 3344 2788 3416 Quadragesima,
2831 3361 2935 3415 qua
2983 3344 3343 3415 quadraginta
3391 3353 3594 3415 marty-

2018 3454 2142 3492 rum
2171 3439 2436 3494 memoria
2473 3437 2678 3501 obitur,
2713 3437 3054 3506 splendidior
3077 3445 3131 3492 et
3178 3436 3355 3505 major
3392 3449 3495 3502 est,
3540 3445 3594 3491 et

2018 3528 2227 3582 mensis
2259 3526 2546 3581 mensibus
2577 3526 2701 3580 aliis
2728 3526 3014 3592 illustrior,
3043 3540 3220 3594 neque
3244 3525 3385 3578 mala
3416 3525 3614 3580 hiems.

2018 3627 2253 3695 amplius
2297 3624 2428 3678 mihi
2478 3621 2716 3678 diﬂicilis
2756 3629 3002 3691 apparet,
3051 3635 3230 3691 neque
3269 3619 3478 3690 afﬂigar
3522 3620 3593 3675 ob

2017 3714 2282 3784 temporis
2307 3713 2565 3768 instantis
2593 3711 3022 3766 inclementiam.
3058 3708 3193 3762 Nam
3231 3710 3440 3764 immite
3464 3719 3596 3764 tem-

2015 3823 2144 3878 pus,
2177 3804 2471 3860 occasione
2504 3802 2844 3874 persecutori
2874 3801 3312 3865 subministrata,
3345 3802 3485 3856 hanc
3512 3815 3594 3856 sa-

2016 3909 2166 3950 cram
2201 3903 2477 3948 catervam
2511 3890 2769 3948 confecit.
2798 3891 2864 3946 Et
2895 3891 3352 3962 quemadmodum
3384 3899 3591 3960 septem

2017 3985 2484 4040 Macchabaeorum
2542 3988 2753 4045 mater,
2793 3996 2858 4038 eo
2878 3982 3024 4050 quod
3077 3982 3318 4036 animum
3370 3981 3595 4036 haberet

2017 4078 2192 4148 magis
2223 4076 2317 4131 Dei
2365 4090 2528 4146 quam
2561 4075 2749 4129 carnis
2780 4082 3077 4142 amantem,
3111 4089 3287 4144 neque
3338 4074 3595 4130 Antiochi

2018 4169 2237 4241 tyranni
2281 4168 2458 4238 Syriae
2497 4166 2880 4222 crudelitatem
2909 4167 3227 4235 accusavit;
3258 4183 3434 4238 neque
3465 4183 3594 4238 sup-

2013 4260 2175 4332 plicia
2201 4267 2255 4316 et
2281 4259 2624 4314 calamitates
2669 4257 2907 4312 filiorum
2951 4258 3174 4329 indigne
3212 4260 3356 4324 tulit,
3400 4261 3598 4314 solitu-

2015 4351 2198 4406 dinem
2229 4365 2382 4413 vero,
2429 4357 2490 4403 ut
2537 4349 2886 4413 beneficium,
2916 4356 2970 4404 et
2997 4350 3312 4414 orbitatem,
3348 4357 3406 4401 nt
3438 4349 3594 4403 auxi-

2013 4443 2148 4496 lium
2183 4442 2430 4511 accepit;
2474 4457 2652 4511 neque
2683 4439 2997 4512 Stephanus
3045 4439 3319 4510 lapidatus
3359 4439 3593 4494 arbitra-

329 4529 665 4599 βλάπτεσθαι
693 4571 708 4596 ,
740 4531 876 4586 ἀλλά
911 4533 1109 4605 μᾶλλον
1147 4529 1557 4599 ζωοποιεῖσθαι·
1592 4533 1763 4601 οὕτως
1819 4538 1911 4591 καὶ

2020 4535 2178 4591 batur
2211 4549 2270 4589 se
2305 4534 2448 4600 laedi,
2487 4533 2584 4589 sed
2616 4534 2792 4605 magis
2813 4532 3081 4587 vivificari
3109 4550 3122 4586 :
3159 4533 3233 4584 ita
3267 4539 3320 4584 et
3364 4546 3464 4584 nos
3495 4529 3591 4584 Dei

327 4623 488 4692 ἡμεῖς
525 4624 639 4686 τοῖς
663 4621 949 4695 θεομάχοις
979 4625 1266 4698 ὀφείλομεν
1291 4626 1452 4697 χάριν
1484 4627 1548 4680 ἐκ
1572 4629 1671 4700 τῆς
1702 4628 1910 4697 ἀγαθῆς

329 4713 675 4779 ἀποϐάσεως,
704 4715 820 4770 ἀνθ’
847 4712 922 4771 ὧν
947 4719 1076 4788 ἡμῖν
1101 4719 1369 4772 τοσούτων
1401 4719 1624 4786 ἀγαθῶν
1646 4719 1912 4790 κατέστη-

328 4821 429 4857 σαν
469 4803 666 4872 αἴτιοι,
715 4806 764 4857 εί
791 4805 886 4858 καὶ
930 4807 1003 4876 μὴ
1036 4803 1701 4878 σκοπῷεὐεργετούντων
1727 4847 1740 4871 ,
1779 4807 1916 4862 ἀλλὰ

327 4897 710 4967 πολεμούντων
739 4899 1022 4968 ἐνήργουν.
1057 4898 1415 4970 Εὐεργετοῦσι
1446 4901 1556 4972 γὰρ
1593 4902 1686 4954 καὶ
1727 4900 1913 4973 ἐχθροὶ

331 4991 407 5062 μὴ
459 4989 703 5051 θέλοντες
731 5031 745 5054 ,
782 4989 891 5042 τῶν
945 4990 1184 5058 γνησίων
1225 4992 1393 5060 φίλων
1436 4993 1538 5046 οὐκ
1592 4983 1908 5064 ἀτιμότερα.

341 5082 637 5150 Ὠφέλησεν
671 5085 700 5135 ὁ
727 5080 974 5144 διάὸολος
1011 5080 1103 5134 τὸν
1153 5083 1273 5135 Ἰὼϐ
1320 5083 1540 5153 μᾶλλον,
1575 5084 1606 5156 ἢ
1659 5084 1911 5154 ἔϐλαψεν.

328 5174 640 5246 Εὐεργέτης
683 5177 712 5230 6
765 5173 1019 5244 βασιλεὺς
1069 5173 1177 5227 τῶν
1237 5177 1537 5247 Ἀσσυρίων
1584 5176 1676 5230 τοῦ
1717 5177 1914 5248 Δανιὴλ

327 5265 564 5331 ἐγένετο.
591 5267 701 5320 Καὶ
740 5267 790 5320 οἱ
813 5269 962 5338 τρεῖς
995 5265 1182 5329 παῖδες
1227 5267 1292 5336 τῇ
1331 5267 1546 5338 καμίνῳ
1593 5267 1753 5339 χάριν
1783 5268 1914 5337 ὁμο-

327 5357 688 5424 λογείτωσαν·
721 5359 814 5412 καὶ
859 5357 1110 5430 πρισθεὶς
1143 5359 1171 5410 ὁ
1209 5357 1434 5421 Ἡσαΐας
1474 5359 1598 5421 τοὺς
1631 5358 1916 5428 Ἐϐραίους

328 5448 590 5519 ὐμνείτω.
638 5450 749 5502 Καὶ
797 5450 1072 5522 Ζαχαρίας
1121 5448 1322 5517 μεταξῦ
1372 5449 1464 5501 τοῦ
1503 5449 1632 5502 ναοῦ
1673 5451 1768 5504 xui.
1818 5449 1913 5503 τοῦ

330 5540 722 5610 θυσιαστηρίου
758 5543 986 5610 σφαγεὶς
1016 5541 1229 5612 τιμάτω
1276 5542 1400 5602 τοὺς
1434 5541 1752 5612 αὐτόχειρας
1773 5556 1787 5570 ·
1825 5542 1917 5595 καὶ

341 5633 600 5702 Ἰωάννης
627 5632 724 5692 τὴν
746 5633 983 5704 κεφαλὴν
1005 5633 1360 5704 ἀποτμηθεὶς,
1387 5633 1681 5702 εὐεργέτην
1711 5650 1780 5702 κη
1791 5649 1917 5702 ρυτ-

327 5725 473 5779 τὲτω
511 5723 758 5794 Ἦρττλδην
781 5739 792 5750 ·
830 5727 922 5776 καὶ
945 5726 990 5776 οἱ
1022 5724 1304 5778 ἀπόστολοι
1351 5724 1476 5785 τοὺς
1505 5723 1772 5794 δήσαντας
1825 5722 1918 5776 καὶ

335 5815 755 5888 μαστίξαντας·
802 5819 892 5870 καὶ
951 5817 1144 5881 πάντες
1217 5817 1492 5888 μάρτυρες
1553 5815 1917 5885 ἀγαπάτωσαν

2014 4624 2488 4696 oppugnatoribus
2526 4623 2759 4694 gratiam
2800 4622 3097 4685 debemus,
3150 4620 3221 4674 ob
3267 4634 3590 4689 prosperum

2015 4727 2308 4782 eventum,
2364 4733 2490 4772 cum
2546 4716 2708 4774 nobis
2759 4723 3039 4769 tantorum
3097 4713 3368 4768 honorum
3424 4727 3594 4766 causa

2015 4809 2188 4864 eﬂ'ccti
2232 4816 2383 4873 sunt,
2417 4807 2523 4862 etsi
2555 4806 2611 4859 id
2643 4805 2786 4875 quod
2829 4805 3082 4876 agebant,
3117 4819 3224 4858 non
3275 4803 3461 4857 animo
3499 4803 3594 4858 be-

2015 4898 2345 4960 nefaciendi,
2370 4897 2462 4951 sed
2488 4893 2838 4966 oppugnandi
2863 4895 3117 4965 agebant.
3145 4893 3280 4946 Nam
3303 4900 3358 4946 et
3381 4893 3590 4954 hostes,

2017 4993 2146 5048 licet
2184 4991 2456 5051 nolentes,
2490 4987 2788 5057 aliquando
2829 4985 3094 5042 beneﬁcia
3130 4984 3462 5050 conferunt;
3495 5001 3592 5036 nec

2015 5084 2268 5140 diabolus
2294 5079 2431 5134 Jobo
2461 5079 2645 5135 minus
2691 5078 2918 5149 profuit,
2963 5091 3124 5146 quam
3174 5073 3395 5145 genuini
3433 5075 3593 5128 amici

2016 5175 2158 5245 ejus.
2183 5170 2504 5228 Beuefaetor
2533 5169 2772 5224 Danielis
2820 5168 2924 5222 fuit
2971 5183 3068 5220 rex
3120 5165 3496 5232 Assyriorum.
3530 5163 3596 5217 Et

2018 5270 2128 5316 tres
2161 5258 2315 5330 pueri
2350 5259 2589 5312 incensae
2618 5257 2826 5310 fornaci
2854 5255 3058 5325 gratias
3096 5263 3259 5324 agant
3289 5272 3302 5306 :
3333 5263 3388 5308 et
3417 5254 3586 5309 lsaias

2019 5368 2170 5408 serra
2217 5351 2490 5406 dissectus
2563 5349 2819 5403 Hebraeos
2867 5346 3131 5401 dilaudet.
3182 5345 3245 5399 Et
3297 5343 3594 5401 Zacharias

2019 5447 2164 5500 inter
2195 5444 2456 5513 templum
2494 5450 2546 5496 et
2583 5442 2754 5495 altare
2780 5447 3052 5494 mactatus
3084 5438 3219 5494 snos'
3271 5438 3594 5493 interfecto-

2019 5555 2108 5593 res
2140 5549 2449 5600 veneretur,
2507 5542 2560 5588 et
2593 5532 2835 5588 Joannes
2882 5531 3059 5600 capite
3093 5539 3380 5586 truncatus
3425 5529 3598 5585 Here-

2019 5630 2140 5684 dem
2179 5643 2279 5682 (‘Cll
2312 5627 2718 5682 benefactorem
2755 5638 2916 5678 suum
2975 5624 3252 5692 prazzlicet,
3287 5633 3342 5677 et
3361 5619 3594 5694 apostoli

1982 5778 1992 5788 ,
2020 5737 2134 5786 eos,
2172 5736 2200 5774 a
2225 5720 2428 5789 quibus
2462 5718 2774 5787 Iigabantur
2793 5723 2846 5771 et
2873 5717 3303 5785 llagellabantur,
3322 5728 3375 5770 et
3403 5730 3597 5770 omnes

2026 5822 2294 5882 martyres
2328 5828 2446 5878 eos,
2473 5826 2499 5863 a
2526 5812 2724 5882 quibus
2754 5811 3189 5878 persecutimem
3210 5809 3596 5876 patiebantur,
