4050 6164
456 338 555 394 787

457 561 730 615 quaquam
762 547 980 601 athleta:
1012 546 1389 604 fortitudinem
1418 564 1571 604 suam
1593 552 1767 621 palam
1796 552 2019 608 demon-

458 645 752 691 strassent.
795 635 936 702 Quid
968 654 1097 693 vero
1144 640 1268 709 quis
1307 640 1375 694 ad
1411 641 1626 696 laudem
1672 657 1884 708 eorum,
1927 646 2018 712 qui

459 726 618 782 nobis
650 741 751 797 pro
784 737 1106 798 argumento
1138 730 1406 800 propositi
1436 738 1597 797 sunt,
1636 733 1809 803 magis
1849 733 2021 786 admi-

458 827 629 883 retur,
659 832 729 872 an
760 806 1187 887 multitudinem,
1209 837 1276 875 an
1304 820 1701 887 fortitudinem,
1729 838 1799 877 an
1844 824 2023 879 since-

458 922 573 963 ram
614 917 667 962 et
697 924 805 962 non
837 907 1074 964 fucatam
1112 912 1497 966 concordiam?
1534 912 1612 968 Ne
1642 928 1771 969 vero
1802 923 2022 984 praeter-

458 1014 648 1054 eamus
679 1000 891 1069 ingrate
922 1001 1156 1070 primum
1196 1017 1503 1057 numerum.
1532 1001 1668 1057 Nam
1700 1005 1794 1075 qui
1843 1014 2023 1060 tantos

461 1092 856 1147 intercessores
892 1091 1079 1157 habet,
1115 1091 1163 1147 is
1188 1109 1467 1163 nunquam
1499 1095 1681 1149 inanis
1711 1110 1742 1149 a
1771 1097 2024 1165 precibus

458 1188 511 1233 et
534 1182 783 1235 oratione
819 1180 1008 1245 abibit,
1048 1181 1173 1236 licet
1204 1184 1444 1252 peccatis
1473 1184 1763 1239 admodum
1794 1196 2023 1241 onustus

460 1273 553 1327 sit.
600 1271 770 1339 Cujus
806 1286 1005 1327 sensus
1044 1282 1098 1327 et
1135 1274 1250 1343 Spei
1297 1276 1454 1331 testis
1502 1283 1588 1331 est
1625 1277 1741 1345 ipse
1798 1277 1937 1333 Deus
1968 1279 2025 1331 in

459 1364 731 1433 colloquio
761 1377 885 1417 cum
944 1362 1275 1428 Ahrahamo,
1330 1366 1548 1434 quando
1597 1383 1695 1437 pro
1727 1367 2024 1425 Sodomitis

459 1455 825 1524 supplicabat,
857 1469 982 1510 cum
1023 1472 1133 1513 non
1171 1456 1550 1529 quadraginta,
1583 1461 1677 1515 sed
1712 1460 1900 1516 decem
1930 1476 2024 1518 so-

460 1545 736 1599 lummodo
757 1545 940 1615 justus
972 1547 1040 1601 ad
1079 1548 1319 1603 civitatis
1349 1548 1573 1619 jamjam
1607 1550 1862 1620 periturae
1893 1566 2026 1605 cou-

459 1636 823 1692 servationem
844 1638 1150 1707 requisivit.
1172 1637 1282 1695 Nos
1308 1656 1456 1707 vero,
1475 1641 1631 1710 juxta
1649 1643 2023 1712 Apostolum‘,

459 1735 666 1781 tantam
706 1728 926 1783 testium
965 1728 1167 1784 nubem
1188 1729 1579 1787 circumfusam
1613 1732 1894 1800 habentes,
1926 1748 2026 1789 nos

1710 342 1767 396 S.
1809 342 2132 398 GREGORII
2168 341 2453 398 NYSSENI

456 455 718 525 diligant:
756 457 861 512 nisi
899 457 1042 510 enim
1073 455 1151 511 illi
1170 456 1405 512 stadium
1434 459 1799 528 aperuissent,
1841 462 2018 517 haud-

2127 463 2245 526 τοῦς
2266 460 2582 522 διώκοντας·
2604 460 2649 511 εί
2680 458 2753 529 μὴ
2779 457 2887 529 γάρ
2921 457 3115 509 ἐκεῖνοι
3141 453 3201 508 τὸ
3221 452 3432 508 στάδιον
3452 452 3690 522 ἤνοιξαν,
3798 496 3805 500 .

3584 330 3691 390 788

2120 554 2219 605 οὐκ
2269 552 2334 606 ἂν
2377 554 2424 605 οί
2479 549 2706 621 ἀθληταὶ
2751 546 2849 617 τὴν
2890 545 3139 616 ἀνδρείαν
3174 543 3586 613 ὲδημοσίευσαν.
3628 542 3695 594 Τί

2121 643 2163 695 δ’
2184 644 2248 698 ἄν
2275 660 2360 706 τις
2395 641 2556 695 πλέον
2604 637 2866 708 ἀγασθείη
2896 636 3003 690 τῶν
3031 634 3403 706 προκειμένων
3446 634 3578 703 ἡμῖν
3612 637 3695 697 είς

2121 734 2394 805 εὐφημίαν
2426 731 2663 803 ἀνδρῶν;
2695 730 2756 783 τὸ
2790 727 3011 799 πλῆθος,
3047 727 3079 798 ἢ
3108 726 3205 797 τὴν
3234 725 3562 795 ἀνδρείαν,ἢ
3594 724 3696 796 τὴν

2122 824 2324 895 ἀψευδῆ
2349 822 2661 894 συμφωνίαν
2681 839 2695 888 ;
2719 820 2831 874 Καὶ
2855 819 2929 891 μὴ
2952 818 3308 889 παρέλθωμεν
3330 816 3693 887 ἀναισθήτως,

2128 916 2260 988 μηδὲ
2295 914 2603 987 ἀχαρίστως
2647 912 2861 986 πρῶτον
2900 912 2994 965 τὸν
3035 908 3285 981 ἀριθμόν.
3330 908 3387 961 Ὀ
3423 907 3531 977 γὰρ
3571 922 3699 960 τοσ-

2123 1006 2310 1069 ούτους
2334 1004 2471 1075 ἔχων
2505 1000 3057 1075 πρεσϐευτὰς,ούποτ’
3079 1000 3145 1054 ἂν
3170 999 3449 1070 ἄπρακτος
3470 996 3696 1050 ἀπέλθοι

2125 1097 2430 1169 προσευχῆς
2485 1095 2579 1149 καὶ
2626 1094 2861 1166 δεήσεως
2888 1132 2902 1156 ,
2927 1091 3029 1146 κᾶν
3066 1090 3272 1161 σφόδρα
3325 1088 3699 1161 βεϐαρημένος

2126 1187 2345 1260 ὑπάρχῃ
2379 1187 2489 1250 τοῖς
2519 1184 2901 1256 ἁμαρτήμασι.
2934 1182 3045 1237 Καὶ
3073 1180 3277 1252 ταύτης
3323 1181 3424 1249 τῆς
3460 1178 3701 1241 διανοίας

2125 1280 2217 1332 καὶ
2249 1278 2477 1340 ἐλπίδος,
2495 1276 2701 1347 μάρτυς
2715 1275 2867 1327 ἐστὶν
2898 1275 2927 1326 ὁ
2953 1273 3103 1337 Θεὸς,
3122 1274 3180 1325 ὲν
3200 1274 3265 1343 τῇ
3284 1270 3420 1342 πρὸς
3448 1269 3700 1341 Ἀϐραὰμ

2123 1370 2398 1435 διαλέξει,
2424 1368 2585 1439 ἡνίκα
2630 1365 2728 1437 τὴν
2766 1365 2903 1437 ὑπὲρ
2959 1363 3259 1434 Σοδομιτῶν
3311 1361 3546 1415 ἱκετείαν
3583 1361 3700 1415 ἑδέ-

2126 1478 2250 1533 χετο
2268 1501 2281 1526 ,
2310 1461 2371 1513 ού
2403 1459 2809 1530 τεσσαράκοντα
2847 1456 3106 1522 δικαίους,
3135 1455 3277 1510 ἀλλὰ
3302 1454 3435 1509 δέκα
3459 1455 3700 1526 ζητήσας

2127 1553 2207 1615 εἰς
2258 1550 2586 1621 παραίτησιν
2648 1546 2858 1610 πόλεως
2910 1545 3209 1617 μελλούσης
3255 1544 3698 1615 ὲξαφανίζεσθαι.

2137 1644 2326 1712 Ἡμεῖς
2377 1641 2455 1709 δὲ,
2491 1641 2630 1695 κατὰ
2654 1640 2744 1693 τὸν
2804 1638 3143 1703 Ἀπόστολον,
3190 1636 3440 1691 τοσοῦτον
3484 1636 3707 1706 ἔχοντες

2130 1729 2509 1803 περικείμενον
2546 1731 2682 1801 ἡμῖν
2740 1728 2901 1799 νέφος
2949 1725 3262 1798 μαρτύρων,
3304 1725 3703 1797 μακαρίσωμεν

460 1818 611 1888 ipsos
641 1819 998 1888 praedicemus
1052 1820 1265 1886 beatos,
1299 1837 1392 1892 spe
1423 1823 1753 1892 gaudentes,
1788 1825 2019 1878 orationi

2127 1822 2351 1884 ἑαυτοὺς
2383 1822 2449 1891 τῇ
2485 1819 2660 1873 ἐλπίδι
2680 1819 2985 1892 χαίροντες,
3007 1820 3072 1889 τῇ
3113 1820 3389 1889 προσευχῇ
3418 1833 3705 1888 προσκαρ-

458 1909 761 1973 instantes,
825 1910 1105 1966 memoriis
1156 1922 1470 1966 sanctorum
1520 1915 2020 1971 communicantes:

458 2012 586 2051 nam
622 2000 979 2072 quadraginta
1027 2009 1292 2072 martyres
1331 2002 1493 2057 validi
1537 2011 1667 2058 sunt
1701 2012 1891 2058 contra
1930 2005 2029 2060 ad-

460 2090 740 2145 versarios
769 2101 1205 2162 propugnatores
1227 2132 1241 2157 ,
1272 2100 1326 2147 et
1358 2092 1461 2149 fide
1499 2094 1653 2164 digni
1680 2095 2028 2153 intercessio-

456 2180 547 2247 nis
581 2179 723 2250 apud
754 2196 1098 2237 communem
1143 2181 1431 2238 Dominum
1498 2184 1786 2253 advocati;
1832 2186 2026 2240 horum

458 2272 711 2342 pnesidio
736 2263 912 2329 tectus
935 2271 1285 2329 Christianus
1312 2274 1579 2341 confidat,
1618 2276 1744 2331 licet
1773 2276 2026 2334 diabolus

457 2364 787 2419 tentationes
807 2373 1010 2429 nectat,
1029 2372 1084 2419 et
1110 2365 1360 2421 homines
1383 2365 1616 2435 improbi
1633 2367 1941 2438 insurgant,
1973 2377 2028 2423 et

458 2453 675 2522 tyranni
724 2454 911 2510 furore
953 2455 1385 2521 excandescant,
1427 2463 1481 2510 et
1519 2472 1670 2513 mare
1724 2459 1939 2522 saeviat,
1972 2465 2027 2512 et

455 2553 603 2600 terra
649 2561 759 2601 non
809 2546 967 2611 ferat,
1013 2562 1135 2622 quae
1168 2548 1485 2604 hominibus
1516 2547 1660 2605 ferre
1698 2549 1857 2616 solet,
1884 2558 2025 2604 tan-

455 2638 690 2709 demque
725 2640 925 2694 ccelum
958 2639 1135 2696 minas
1186 2640 1451 2695 intentet:
1507 2640 1575 2695 ad
1624 2656 1839 2697 omnem
1878 2643 2022 2697 enim

457 2729 839 2785 necessitatem
864 2737 920 2785 et
940 2737 1195 2786 eventum
1227 2732 1420 2785 horum
1442 2729 1674 2788 facultas
1696 2741 1751 2788 et
1782 2732 2024 2802 potentia

458 2820 671 2884 sullicit,
708 2827 762 2875 et
784 2820 1006 2876 uberem
1045 2835 1077 2874 a
1110 2820 1333 2876 Christo
1363 2822 1592 2892 gratiam
1609 2823 1827 2894 accipit,
1860 2838 2020 2894 quem

456 2910 609 2963 decet
627 2914 804 2964 omnis
830 2910 1006 2980 gloria
1029 2911 1087 2965 in
1118 2910 1336 2967 sazeula.
1365 2910 1560 2969 Amen.
1973 2899 1980 2906 ’

527 3135 547 3165 ⁸
596 3133 760 3190 Hebr.
803 3150 904 3200 xu,
946 3136 995 3191 Ι.

466 3291 1167 3319 nam:

1712 3452 1941 3539 ΤΟΥ

2128 1911 2409 1983 τεροῦντες
2436 1952 2452 1978 ,
2477 1913 2598 1975 ταῖς
2654 1912 2892 1983 μνήμαις
2938 1910 3045 1964 τῶν
3084 1909 3251 1978 ἁγίων
3299 1907 3702 1971 κοινωνοῦντες.

2134 2003 2549 2073 Τεσσαράκοντα
2575 2002 2683 2075 γὰρ
2712 2004 3005 2075 μάρτυρες,
3040 2001 3247 2073 ίσχυροὶ
3292 2001 3390 2071 μὲν
3427 2000 3566 2061 κατά
3595 2000 3706 2054 τῶν

2134 2092 2341 2164 ἐχθρῶν
2377 2094 2735 2165 ὑπασπισταὶ,
2764 2093 3064 2159 ἀξιόπιστοι
3098 2093 3155 2147 δὲ
3183 2093 3281 2163 τῆς
3317 2091 3453 2163 πρὸς
3479 2092 3570 2145 τὸν
3606 2094 3708 2144 Δε-

2134 2184 2337 2255 σπότην
2366 2184 2575 2249 ἱκεσίας
2604 2184 2942 2256 παράκλητοι
2967 2200 2980 2215 ⁸
3016 2184 3157 2254 μετά
3186 2182 3284 2254 τῆς
3316 2181 3518 2236 τούτων
3544 2181 3705 2235 ἐλπί-

2130 2277 2218 2339 δος
2243 2274 2654 2347 καταθαρῤείτω
2680 2276 3023 2347 Χριστιανὸς,
3055 2275 3149 2329 καὶ
3183 2272 3277 2328 τοῦ
3305 2271 3547 2326 διαϐόλου
3583 2288 3706 2326 πει-

2133 2368 2376 2440 ρασμοῦς
2403 2369 2717 2439 ράπτοντος,
2748 2369 2841 2421 καὶ
2873 2365 3174 2439 ἀνθρώπων
3219 2364 3469 2438 πονηρῶν
3534 2364 3707 2418 ἐπαν-

2133 2458 2437 2528 ισταμένων
2476 2499 2492 2525 ,
2532 2459 2628 2512 καὶ
2671 2459 2949 2530 τυράννων
2974 2457 3050 2529 τῷ
3095 2456 3252 2527 θυμῷ
3290 2455 3518 2519 ζεόντων
3560 2496 3576 2522 ,
3611 2457 3708 2509 καὶ

2131 2546 2405 2617 θαλάσσης
2456 2546 2888 2617 ἀγριαινούσης,
2918 2547 3011 2600 καὶ
3060 2546 3161 2615 γῆς
3210 2544 3284 2616 μὴ
3335 2544 3637 2616 φερούσης,
3667 2545 3707 2599 ἃ

2129 2639 2322 2709 γεννᾷν
2351 2636 2655 2709 ἀνθρώποις
2686 2636 2975 2703 τέτακται,
3023 2634 3119 2689 καὶ
3145 2633 3372 2704 ούρανοῦ
3418 2633 3707 2704 συμφορὰς

2130 2730 2497 2794 ἀπειλοῦντος.
2537 2728 2682 2800 Πρὸς
2714 2730 2896 2807 πᾶσαν
2941 2727 3049 2800 γὰρ
3082 2727 3289 2799 χρείαν,
3319 2727 3413 2780 καὶ
3441 2726 3712 2797 περίστα-

2131 2837 2216 2873 σιν
2245 2822 2279 2891 ἡ
2307 2819 2509 2873 τούτων
2550 2818 2778 2888 δύναμις
2820 2816 3072 2888 ἐξαρκεῖ,
3122 2815 3221 2870 καὶ
3250 2814 3507 2870 πλουσίαν
3548 2813 3710 2885 παρά

2128 2910 2363 2982 Χριστοῦ
2402 2909 2667 2978 λαμϐάνει
2702 2908 2801 2979 τὴν
2830 2909 2988 2981 χάριν
3140 2908 3345 2979 πρέπει
3391 2907 3539 2960 πᾶσα
3573 2905 3710 2973 δόξα

2133 3001 2214 3063 είς
2233 3001 2359 3065 τοὺς
2381 2999 2602 3062 αἰῶνας.
2637 2997 2826 3069 Ἀμήν.

1165 3283 3681 3321 W

2061 3454 2435 3540 ΑΥΤΟΥ

1354 3668 2190 3785 ΕΠΙΤΑΦΙΟΣ
2297 3661 2820 3786 ΛΟΓΟΣ

1051 3909 1184 3962 ΕΙΣ
1214 3906 1374 3962 ΤΟΝ
1415 3908 1636 3965 ΙΛΙΟΝ
1670 3911 2063 3965 ΑΔΕΛΦΟΝ
2111 3910 2269 3979 Τ1οΝ
2320 3912 2604 3967 ΜΕΓΛΝ
2648 3908 3135 3966 ΒΑΣΙΛΕΙΟΝ.

1809 4262 2344 4353 EJUSDEM

1415 4499 1943 4615 ORATIO
2045 4492 2740 4620 FUNEBRIS

724 4772 733 4779 ο
769 4746 912 4815 QUA
952 4746 1256 4801 FRATRIS
1294 4744 1403 4802 SUl
1466 4745 1708 4802 BASILII
1748 4744 1964 4801 MAGNI
2002 4747 2277 4803 LAUDES
2316 4747 2404 4802 ΕΤ
2452 4745 2819 4801 MEMORIAM
2860 4744 3380 4803 CONCELEBBAT.

1603 4973 1613 4981 .
1706 4925 1969 4978 Laurentio
1994 4925 2160 4976 Silano
2184 4925 2477 4989 interprete.

523 5231 729 5286 Bonum
769 5229 1033 5300 imposuit
1055 5228 1199 5284 Deus
1221 5227 1469 5283 ordinem
1511 5228 1903 5285 anniversariis
1935 5230 2021 5287 his

2193 5229 2376 5302 Καλὴν
2425 5229 2689 5301 ἐπέθηκεν
2720 5232 2747 5283 ὁ
2779 5227 2910 5292 Θεὸς
2946 5226 3043 5298 τὴν
3085 5227 3234 5291 τάξιν
3284 5229 3402 5288 ταῖς
3456 5225 3689 5298 ἐτησίοις

449 5324 656 5377 nostris
722 5319 911 5385 feriis,
981 5333 1121 5391 quas
1186 5334 1283 5389 per
1355 5318 1663 5374 ordinatam
1723 5320 2015 5390 quamdam

2127 5321 2346 5385 ταύταις
2374 5322 2531 5393 ἡμῶν
2560 5324 2789 5394 ἑορταῖς,
2822 5321 2887 5384 ἃς
2915 5321 3002 5374 διά
3026 5337 3166 5382 τινος
3196 5318 3532 5389 τεταγμένης
3565 5320 3687 5372 rixo-

450 5413 883 5469 vicissitudinem
914 5418 969 5468 et
1000 5411 1198 5469 seriem
1223 5410 1309 5467 bis
1329 5411 1521 5467 diebus
1545 5418 1599 5466 et
1629 5412 1740 5481 jam
1770 5412 2019 5468 celebra-

447 5505 653 5569 vimus,
684 5509 740 5560 et
787 5518 981 5559 rursus
1027 5503 1391 5559 celebramus.
1436 5500 1583 5559 Ordo
1623 5512 1803 5558 autem
1858 5504 2019 5561 nobis

451 5591 818 5662 Spiritualium
847 5593 1224 5648 celebritatum
1260 5604 1424 5664 atque
1440 5601 1810 5648 conventuum
1829 5592 1878 5649 is
1907 5600 2015 5661 est,

2127 5412 2341 5474 λουθίας
2377 5414 2517 5467 κατά
2544 5414 2643 5478 τὰς
2689 5413 2898 5485 ἡμέρας
2920 5412 3120 5475 ταύτας
3150 5412 3247 5482 ἢδη
3286 5428 3347 5464 τε
3388 5412 3685 5482 ἠγάγομεν,

2127 5505 2221 5558 καὶ
2257 5504 2417 5559 πάλιν
2443 5507 2667 5577 ἄγομεν.
2723 5509 2784 5560 Ἠ
2814 5506 2870 5561 δὲ
2898 5504 3048 5569 τάξις
3075 5507 3206 5576 ἡμῖν
3239 5508 3355 5562 ἐστι
3388 5505 3495 5557 τῶν
3528 5521 3688 5557 πνευ-

2128 5595 2370 5666 ματικῶν
2416 5598 2792 5669 πανηγύρεων,
2834 5597 2900 5668 ἥν
2930 5597 3022 5650 καὶ
3060 5598 3088 5650 ὁ
3124 5596 3296 5667 μέγας
3325 5596 3536 5660 Παῦλος
3583 5594 3687 5648 ἐδί-

450 5696 611 5754 quem
640 5697 870 5752 magnus
898 5683 1061 5739 etiam
1086 5682 1291 5739 Paulus
1333 5682 1539 5748 docuit,
1584 5698 1821 5755 superne
1853 5692 2016 5757 atque

2127 5686 2297 5754 δαξεν,
2333 5687 2536 5743 ἄνωθεν
2564 5689 2672 5745 τῶν
2709 5688 2960 5743 τοιούτων
2997 5686 3096 5759 τὴν
3123 5687 3324 5758 γνῶσιν
3357 5686 3515 5757 ἔχων.
3549 5684 3685 5756 Φησὶ

452 5773 673 5832 coalitus
706 5771 976 5843 ejusmodi
1004 5789 1189 5830 rerum
1230 5773 1593 5848 cognitionem
1627 5775 1873 5847 adeptus.
1926 5778 2014 5833 Ait

2127 5781 2229 5855 γὰρ
2252 5784 2477 5839 ἐκεῖνος.
2521 5784 2578 5839 ἐν
2612 5783 2842 5854 πρώτοις
2873 5782 2970 5853 μὲν
2999 5783 3124 5845 τοὺς
3153 5779 3478 5844 ἀποστόλους
3505 5796 3564 5832 τε
3597 5775 3684 5832 καὶ
