4050 6164
373 362 476 419 789

1470 357 1534 412 IN
1577 359 1864 415 LAUDEM
1911 356 2213 418 FRATRIS
2251 360 2518 417 BASlLll.

3528 362 3631 419 790

368 475 493 537 τοὺς
553 471 835 543 προφήτας
892 470 1170 541 τετάχθαι,
1237 472 1352 541 μετ’
1411 472 1651 536 ἐκείνους
1712 472 1768 525 δὲ
1822 474 1947 535 τοὺς

2049 473 2192 527 enim
2225 474 2332 541 illc,
2368 475 2421 528 in
2452 474 2640 544 primis
2670 473 2889 544 quidem
2925 472 3202 544 apostolos
3234 483 3288 528 et
3326 473 3629 555 prOphetas

369 563 633 635 ποιμένας
664 562 756 616 καὶ
786 562 1155 625 διδασκάλους.
1188 562 1481 632 Συμϐαίνει
1506 563 1684 617 τοίνυν
1710 566 1775 635 τῇ
1811 564 1946 616 ἀπο-

372 658 589 726 στολικῇ
620 654 793 725 ταύτῃ
836 654 1126 725 ἀκολουθίᾳ
1170 656 1202 725 ἡ
1248 655 1399 720 τάξις
1429 655 1539 710 τῶν
1579 655 1673 709 τοῦ
1703 656 1946 710 ἐνιαυτοῦ

369 746 747 817 πανηγύρεων.
794 744 952 798 Ἀλλά
984 745 1082 816 τὴν
1129 749 1349 818 πρώτην
1381 748 1441 800 οὐ
1479 747 1794 819 συναριθμῶ
1830 752 1950 812 ταῖς

367 837 572 900 ἄλλαις.
632 837 699 889 Ἡ
751 835 856 908 γὰρ
896 836 989 888 ἐπὶ
1036 838 1103 907 τῇ
1153 837 1438 908 θεοφανείᾳ
1487 839 1579 892 τοῦ
1631 839 1949 910 μονογενοῦς

368 927 496 982 Υἱοῦ
527 929 709 1000 χάρις,
751 930 784 1001 ἠ
814 929 899 982 διὰ
928 930 1025 1001 τῆς
1057 932 1122 984 ἐκ
1160 930 1442 1001 Παρθένου
1473 932 1780 1002 γεννήσεως
1817 933 1949 987 ἀνα-

368 1019 639 1091 δειχθεῖσα
668 1017 747 1089 τῷ
776 1019 986 1091 κόσμῳ,
1021 1021 1118 1090 οὐχ
1142 1020 1326 1085 ἁπλῶς
1352 1023 1498 1075 ἐστιν
1541 1020 1668 1091 ἁγία
1707 1024 1948 1093 πανήγυ-

372 1129 477 1184 ρις,
526 1110 640 1164 ἀλλ’
684 1110 814 1180 ἁγία
848 1111 1037 1179 ἁγίων,
1084 1113 1175 1165 καὶ
1218 1114 1527 1186 πανήγυρις
1565 1115 1944 1186 πανηγύρεων.

370 1202 580 1257 Οὐκοῦν
618 1202 716 1266 τάς
745 1203 860 1273 μετ’
894 1204 1065 1273 αὐτὴν
1098 1204 1490 1277 ἀριθμήσωμεν
1517 1222 1529 1235 ·
1573 1207 1794 1277 Πρῶτον
1819 1211 1948 1278 ἡμῖν

368 1292 655 1347 ἀπόστολοί
705 1310 764 1344 τε
799 1292 893 1346 καὶ
932 1297 1207 1365 προφῆται
1239 1296 1336 1367 τῆς
1380 1298 1753 1368 πνευματικῆς
1797 1315 1946 1369 χορο-

371 1383 596 1446 στασίας
626 1382 1098 1455 κατήρξαντο.Τά
1143 1384 1235 1437 δύο
1254 1384 1375 1456 ’γὰρ
1405 1386 1620 1450 πάντως
1667 1388 1793 1459 περὶ
1822 1390 1948 1450 τοὺς

370 1475 562 1539 αὐτούς
592 1476 710 1528 ἐστι
748 1476 1083 1546 χαρίσματα,
1122 1475 1180 1529 τό
1223 1493 1281 1528 τε
1325 1477 1679 1531 ἀποστολικὸν
1711 1478 1945 1549 πνεῦμα,
1988 1518 1997 1529 .

369 1570 462 1620 καὶ
507 1567 566 1619 τὸ
617 1567 717 1637 τῆς
767 1569 1122 1638 προφητείας.
1181 1569 1298 1622 Εἰσὶ
1335 1569 1391 1621 δὲ
1436 1564 1613 1622 οὗτοι·
1661 1572 1945 1639 Στέφανος,

368 1659 592 1728 Πέτρος,
628 1657 900 1722 Ἰάκωϐος,
945 1659 1213 1730 Ἰωάννης,
1236 1660 1475 1722 Παῦλος’
1511 1658 1628 1714 εἶτα
1665 1663 1800 1732 μετά
1824 1663 1947 1716 τού-

366 1762 492 1808 τους
520 1745 759 1815 φυλάξας
799 1747 898 1816 τὴν
932 1747 1122 1800 ἑαυτοῦ
1158 1748 1328 1814 τάξιν,
1367 1749 1583 1822 ἐξάρχει
1614 1754 1710 1822 τῆς
1741 1752 1945 1825 παρούο

370 1853 469 1907 σης
499 1839 632 1908 ἡμῖν
662 1837 1020 1910 πανηγύρεως
1063 1841 1089 1892 ό
1118 1842 1320 1911 ποιμὴν
1348 1843 1440 1894 καὶ
1482 1842 1819 1907 διδάσκαλος.
1852 1842 1947 1907 Τίς

368 1921 556 1998 οὗτος;
600 1930 754 1984 Εἴπω
803 1931 863 1984 τὸ
913 1931 1101 2002 ὄνομα,
1138 1933 1170 2004 ἢ
1218 1933 1378 2007 ἀρκεῖ
1414 1936 1445 2004 ἡ
1489 1934 1647 2006 χάρις
1688 1935 1808 1987 ἀντὶ
1853 1933 1977 1987 τοῦ·

368 2019 630 2091 ὀνόματος
665 2021 834 2089 δεῖξαι
864 2023 954 2076 τὸν
983 2024 1183 2093 ἄνδρας
1208 2025 1535 2080 Διδάσκαλον
1566 2025 1672 2097 γὰρ
1706 2028 1798 2080 καὶ
1831 2043 1947 2079 ποι-

373 2113 507 2184 μένα
560 2114 698 2184 μετά
743 2115 869 2179 τοὺς
896 2117 1223 2180 ἀποστόλους
1260 2117 1515 2183 ἀκούσας,
1555 2118 1780 2191 ἐνόησας
1815 2119 1947 2173 πάν-

368 2222 476 2269 τως
506 2205 596 2260 τὸν
632 2205 769 2278 μετά
800 2207 926 2272 τοὺς
975 2209 1304 2274 ἀποστόλους
1355 2210 1587 2281 ποιμένα
1634 2228 1692 2263 τε
1727 2213 1820 2265 καὶ
1867 2211 1947 2265 δι-

367 2296 628 2350 δάσκαλον
653 2313 668 2327 ·
702 2298 891 2353 τοῦτον
919 2299 1060 2369 λέγω
1082 2342 1096 2364 ,
1132 2301 1191 2354 τὸ
1224 2301 1414 2366 σκεῦος
1446 2302 1544 2372 τῆς
1578 2302 1826 2374 ἐκλογῆς,
1857 2302 1947 2355 τὸν

369 2388 571 2460 ὑψηλὸν
602 2389 701 2461 βίῳ
746 2408 805 2443 τε
845 2393 939 2445 καὶ
984 2392 1125 2461 λόγῳ
1158 2394 1456 2458 Βασίλειον,
1505 2395 1595 2447 τὸν
1633 2396 1844 2449 ἀστεῖον
1870 2392 1948 2464 τῷ

366 2478 484 2550 Θεῴ
508 2481 573 2532 ἐκ
593 2482 916 2551 γεννήσεως,
944 2481 1035 2536 τον
1058 2485 1169 2547 τοῖς
1197 2484 1350 2554 ἤθεσι
1384 2484 1563 2539 πολιὸν
1590 2486 1651 2538 ἐκ
1679 2486 1944 2552 νεότητος,

365 2571 456 2625 τὸν
482 2573 840 2627 παιδευθέντα
876 2577 971 2644 μὲν
1007 2575 1146 2629 κατὰ
1174 2577 1412 2629 Μωῦσέα
1460 2576 1606 2649 πάσῃ
1652 2577 1813 2648 σοφία
1838 2577 1947 2630 τῶν

366 2664 563 2731 ἔξωθεν
595 2664 768 2734 λόγων
789 2708 804 2733 ,
836 2668 948 2729 τοῖς
974 2666 1029 2720 δὲ
1061 2669 1223 2738 ἱεροῖς
1254 2667 1575 2738 γράμμασιν
1611 2670 1674 2721 ἐκ
1716 2667 1948 2739 βρέφους

367 2754 460 2806 καὶ
494 2755 654 2826 μέχρι
685 2756 782 2827 τῆς
806 2755 1135 2821 τελειώσεως
1168 2762 1533 2831 συντραφέντα
1566 2762 1657 2814 καὶ
1687 2763 1947 2836 συναυξη-

368 2845 528 2898 θέντα
578 2849 671 2900 καὶ
706 2849 1127 2919 συνακμάσαντα
1148 2866 1162 2882 ο
1194 2851 1315 2905 ὅθεν
1348 2852 1608 2907 διδάσκων
1638 2857 1811 2909 πάντα
1851 2857 1946 2910 ἀνα

367 2937 584 3008 θρωπον
632 2940 691 2991 ἐν
724 2939 874 3014 πάσῃ
907 2942 1066 3014 σοφίᾳ
1099 2945 1164 3014 τῇ
1217 2943 1337 3016 θείᾳ
1366 2963 1426 2998 τε
1472 2947 1564 2999 καὶ
1609 2949 1673 3018 τῇ
1726 2947 1944 3014 ἔξωθεν,

366 3023 478 3081 οἶόν
506 3046 588 3092 τις
613 3030 867 3101 ἀριστεὺς
893 3033 1193 3103 περιδέξιος
1221 3035 1288 3087 δι’
1318 3037 1585 3106 ἑκατέρας
1614 3038 1946 3104 παιδεύσεως

365 3120 480 3181 τοῖς
523 3119 996 3192 ἀντιτεταγμένοις
1040 3122 1230 3175 ἑαυτὸν
1273 3124 1628 3193 ἀνθοπλίξων,
1661 3128 1942 3199 ὑπεραίρει

365 3207 433 3260 δι’
483 3208 805 3279 ἀμφοτέρων
846 3211 972 3274 τοὺς
1020 3214 1504 3282 προσπαλαίοντας,
1563 3218 1843 3291 ὑπερέχων
1887 3207 1977 3276 ἐνέ

368 3299 615 3371 ἐκατέρῳ
659 3303 785 3365 τοὺς
822 3303 880 3356 ἐν
934 3302 1144 3376 θατέρῳ
1189 3306 1308 3360 τινά
1364 3308 1507 3362 κατά
1550 3310 1650 3381 τῆς
1693 3313 1949 3384 ἀληθείας

372 3393 525 3462 ἰσχὺν
567 3393 712 3464 ἔχειν
762 3394 1100 3465 νομίζοντας,
1134 3399 1260 3463 τοὺς
1305 3399 1405 3471 μὲν
1451 3404 1515 3455 ἐκ
1545 3403 1641 3475 τῆς
1687 3406 1949 3474 αἱρέσεως

368 3483 467 3548 τὰς
494 3484 716 3556 Γραφάς
749 3487 1235 3557 προϐαλλομένους,
1283 3493 1402 3556 ταῖς
1443 3493 1685 3565 Γραφαῖς
1718 3498 1949 3570 ἀνατρέ-

372 3592 523 3641 πων,
554 3577 822 3648 ’Έλληνας
848 3578 903 3632 δὲ
946 3579 1035 3633 διὰ
1079 3580 1176 3652 τῆς
1224 3582 1360 3646 ίδίας
1392 3585 1568 3639 αὐτῶν
1601 3588 1943 3658 συμποδίζων

371 3665 718 3731 παιδεύσεως.
786 3669 850 3722 Ἦ
897 3670 954 3723 δὲ
1000 3673 1141 3727 κατά
1212 3674 1321 3729 τῶν
1362 3678 1669 3734 ἀντιπάλων
1701 3681 1823 3752 νίκη
1881 3684 1940 3735 οὐ

368 3757 576 3812 πτῶσιν
622 3759 794 3814 ἐποίει
832 3761 941 3816 τῶν
973 3766 1313 3836 ἡττημένων,
1362 3768 1475 3822 ἀλλ’
1510 3771 1823 3828 ἀνάστασιν.
1877 3775 1951 3827 Οἱ·

365 3851 475 3923 γὰρ
508 3852 808 3924 ἡττώμενοι
837 3855 934 3925 τῆς
961 3856 1237 3927 ἀληθείας,
1264 3861 1481 3930 νικηταὶ
1506 3861 1598 3928 καὶ
1630 3866 1942 3933 στεφανῖται

366 3942 506 3995 κατά
535 3945 633 4014 τῆς
667 3943 870 4015 πλάνης
898 3947 991 4000 καὶ
1027 3946 1118 4000 τοῦ
1155 3948 1382 4017 ψεύδους
1400 3952 1657 4020 ἐγίνοντο.

2051 566 2379 622 constitutos
2412 574 2464 620 et
2487 565 2769 621 ordinatos
2788 580 2931 631 esse,
2961 574 3083 636 post
3113 566 3236 620 illos
3272 582 3401 621 vero
3440 576 3629 637 pasto-

2050 671 2141 712 res
2161 664 2213 712 et
2249 657 2501 713 doctores
2531 659 2569 710 ¹.
2621 656 2901 712 Convenit.
2930 658 3096 728 igitur
3130 640 3267 712 ordo
3297 657 3627 713 solemnium

2051 755 2418 803 convcntuum
2443 760 2494 803 et
2521 748 2897 804 celebritatum
2929 762 3052 803 cum
3078 749 3378 819 apostolica
3405 750 3507 804 hac
3544 765 3630 802 or—

2050 842 2349 897 dinatione.
2379 840 2482 895 Sed
2521 843 2749 912 primam
2790 841 3166 896 celebritatem
3204 858 3312 897 una
3342 858 3464 897 cum
3501 844 3626 898 aliis

2050 948 2157 987 non
2188 948 2435 990 numero.
2464 931 2598 986 Nam
2639 947 2760 1003 quae
2804 943 3037 1003 propter
3073 932 3312 987 divinam
3365 934 3625 1006 unigeniti

2050 1021 2172 1076 Filii
2204 1024 2637 1093 apparitionem,
2684 1039 2778 1093 per
2823 1031 3039 1093 partum
3076 1021 3312 1091 Virginis
3344 1038 3372 1077 a
3423 1023 3625 1081 mundo

2051 1112 2326 1170 festivitas
2378 1114 2631 1170 instituta
2675 1120 2782 1176 cst,
2814 1126 2877 1166 ea
2926 1128 3034 1166 non
3076 1114 3399 1184 simpliciter
3437 1123 3623 1169 sancta

2050 1203 2340 1259 celebritas
2369 1211 2473 1269 est,
2510 1202 2604 1259 sed
2638 1209 2828 1258 sant-ta
2859 1210 3200 1264 sanctarum,
3242 1212 3293 1257 et
3337 1203 3624 1258 celebritas

2051 1296 2448 1352 celebritatum.
2495 1296 2663 1366 igitur
2702 1310 2796 1349 cas
2842 1309 2963 1364 quae
3005 1294 3144 1347 hanc
3184 1304 3621 1362 consequuntur,

2052 1404 2425 1444 numeremus.
2469 1387 2712 1441 Primum
2771 1386 2934 1441 nobis
2974 1385 3205 1455 apostoli
3252 1397 3305 1440 et
3346 1387 3625 1456 prOphetre

2051 1482 2352 1553 spiritualis
2395 1493 2570 1537 cmtus
2609 1481 2826 1534 initium
2869 1479 3138 1535 fecerunt.
3200 1476 3443 1548 Utraque
3478 1480 3622 1531 enim

2050 1588 2276 1644 prorsus
2317 1573 2463 1627 circa
2512 1573 2732 1628 eosdem
2791 1580 2919 1625 sunt
2975 1569 3138 1634 dona,
3188 1578 3240 1624 et
3293 1569 3623 1639 apostolicus

2051 1662 2299 1734 Spiritus,
2345 1673 2399 1718 et
2449 1663 2678 1732 spiritus
2738 1660 3055 1730 prOphetiae.
3097 1660 3237 1714 Sunt
3288 1670 3468 1714 autem
3528 1659 3627 1713 hi:-

2052 1755 2381 1825 Stephanus,
2441 1753 2654 1818 Petrus,
2708 1753 2976 1813 Jacobus.
3048 1753 3318 1817 Joannes,
3376 1751 3620 1818 Paulus;

2048 1846 2245 1902 deinde
2283 1855 2407 1916 post
2438 1845 2540 1902 hos
2571 1855 2898 1902 conservato
2933 1846 3124 1901 ordine
3159 1861 3259 1901 suo
3285 1886 3298 1908 ,
3343 1853 3528 1916 pastor
3569 1852 3623 1900 ct

2048 1937 2309 2009 magister
2334 1944 2654 2008 praesentem
2691 1936 2849 1990 nobis
2879 1936 3250 1991 celebritatem
3283 1934 3619 2004 auspicatur.

2048 2027 2185 2095 Quis
2230 2035 2315 2083 est
2360 2026 2495 2081 hic?
2537 2026 2721 2080 Dicam
2770 2042 2990 2089 nomen,
3048 2041 3114 2079 an
3175 2025 3409 2079 nominis
3448 2024 3620 2078 vicwm

2049 2114 2225 2191 gratia
2262 2127 2425 2187 atque
2457 2116 2726 2171 festivitas
2773 2116 2991 2185 supplet
3019 2115 3085 2169 ad
3117 2115 3294 2168 virum
3326 2113 3621 2191 ostenden-

2047 2210 2371 2266 dum?Cum
2407 2210 2550 2263 enim
2591 2208 2658 2262 de
2708 2207 2967 2278 magistro
3018 2214 3181 2277 atque
3225 2212 3442 2276 pastore
3500 2211 3621 2274 post

2048 2302 2324 2373 apostolos
2368 2299 2680 2362 audiveris,
2711 2297 3026 2353 intellexisti
3068 2312 3294 2367 prorsus
3348 2311 3470 2351 eum
3529 2295 3620 2364 qui

2048 2395 2325 2465 apostolos
2347 2392 2705 2463 consequitur
2734 2398 2920 2462 pastor
2952 2398 3005 2445 et
3037 2389 3247 2444 doctor;
3277 2390 3434 2443 Hunc
3471 2388 3618 2453 dico,

2047 2484 2140 2554 qui
2170 2499 2266 2539 vas
2311 2493 2397 2538 est
2447 2482 2755 2547 electionis,
2814 2481 3100 2536 sublimem
3141 2480 3292 2534 illum
3342 2489 3394 2534 ct
3429 2481 3538 2531 vita
3569 2486 3621 2531 et

2050 2589 2303 2629 sermone
2353 2574 2639 2638 Basilinm,
2686 2581 2900 2642 gratum
2954 2580 3010 2627 et
3058 2577 3335 2641 acceptum
3406 2568 3514 2622 Deo
3592 2582 3619 2620 a

2048 2668 2355 2729 nativitate,
2410 2666 2503 2737 qui
2538 2666 2783 2721 moribus
2824 2679 2997 2720 canus
3046 2664 3113 2718 ab
3152 2663 3479 2732 iuventute,
3529 2660 3621 2729 qui

2048 2760 2191 2816 sicut
2216 2757 2426 2829 Moyses
2462 2768 2502 2823 θ,
2531 2758 2779 2811 eruditus
2822 2754 2925 2809 fuit
2955 2753 3103 2808 omni
3142 2753 3410 2823 sapientia
3459 2761 3622 2821 atque

2049 2850 2276 2906 scientia
2301 2856 2656 2904 externarum
2692 2846 3128 2915 disciplinarum,
3156 2845 3330 2898 sacris
3367 2858 3496 2897 vero
3524 2843 3614 2894 Iit-

2047 2943 2181 2999 teris
2211 2942 2278 2995 ab
2306 2940 2535 2996 infantia
2565 2956 2740 3009 usque
2769 2939 2834 2993 ad
2868 2937 3258 3008 perfectionem
3286 2943 3337 2991 et
3369 2951 3623 2989 consum-

2048 3035 2347 3089 mationem
2378 3033 2703 3093 innutritus,
2733 3046 2838 3084 una
2881 3029 3088 3095 crevit,
3139 3028 3194 3082 in
3231 3027 3416 3082 adulta
3463 3035 3625 3095 atque

2049 3126 2372 3181 conﬁrmata
2402 3131 2562 3178 actate
2610 3136 2717 3177 una
2766 3130 3018 3176 versatus
3063 3129 3169 3183 est,
3232 3118 3377 3172 unde
3417 3118 3622 3172 docens

2047 3231 2263 3271 onmem
2295 3214 2568 3270 hominem
2615 3214 2672 3267 in
2719 3212 2869 3265 omni
2918 3211 3185 3281 sapientia
3235 3219 3345 3263 tam
3399 3219 3620 3263 externa

2045 3325 2208 3383 quam
2245 3308 2453 3373 divina,
2483 3305 2646 3361 veluti
2680 3304 2766 3359 vir
2806 3303 3026 3374 quidam
3077 3302 3235 3358 fortis
3270 3311 3323 3356 et
3357 3308 3616 3356 strenuus

2046 3403 2277 3460 bellator
2311 3399 2674 3463 ambidexter,
2705 3412 2804 3467 per
2836 3405 3126 3464 utramque
3151 3394 3515 3449 eruditionem
3566 3394 3618 3446 in

2044 3493 2390 3549 adversarios
2422 3506 2543 3547 sese
2567 3504 2811 3553 armans,
2835 3502 2934 3557 per
2960 3494 3252 3557 utramque
3275 3481 3635 3555 disciplimmr

2047 3587 2221 3641 vincit
2247 3584 2605 3643 reluctantes.
2630 3590 2862 3649 utraque
2905 3585 3183 3633 armatura
3215 3579 3529 3648 praecedens
3570 3586 3623 3631 et

2050 3690 2319 3747 superans
2339 3689 2454 3738 eos,
2477 3673 2568 3742 qui
2598 3687 2693 3741 per
2712 3673 3032 3725 alterutram
3053 3672 3316 3725 adversus
3342 3670 3621 3723 veritatem

2050 3770 2269 3839 aliquas
2292 3766 2439 3821 vires
2460 3764 2662 3818 habere
2692 3778 2751 3818 se
2787 3762 3085 3832 putabant,
3133 3776 3229 3816 eos
3265 3761 3481 3831 quidem
3527 3761 3623 3831 qui

2050 3861 2119 3917 de
2168 3842 2547 3914 haereticorum
2595 3856 2866 3912 sententia
2921 3855 3226 3925 scripturas
3276 3856 3619 3925 proferrent,

2054 3951 2358 4023 Scripturis
2395 3958 2645 4006 evertens
2702 3956 2866 4018 atque
2899 3945 3229 4013 confutans,
3272 3945 3491 4001 Graecos
3523 3960 3622 3998 au-

369 4043 477 4086 tem
504 4050 568 4090 ac
595 4034 825 4105 gentiles
878 4052 973 4107 per
1007 4054 1161 4094 suam
1202 4043 1445 4112 ipsorum
1478 4046 1735 4105 irretiens
1763 4059 1925 4121 atque
1959 4052 2264 4121 illaqueans
2311 4044 2701 4100 eruditionem.
2756 4040 2863 4096 Sed
2915 4040 3146 4094 victoria
3186 4040 3252 4094 de
3292 4038 3622 4094 adversariis

368 4139 478 4178 non
527 4126 742 4181 ruinam
780 4128 869 4192 iis,
908 4129 1001 4199 qui
1046 4131 1178 4186 victi
1226 4142 1432 4201 essent,
1490 4137 1787 4209 afferebat,
1850 4144 1947 4199 sed
1988 4137 2465 4198 resurrecﬁonem.
2542 4134 2646 4201 Qui
2699 4134 2846 4189 enim
2911 4133 3128 4188 veritati
3197 4132 3624 4189 succumbebant

368 4217 650 4273 victoriam
708 4230 762 4275 et
797 4236 1058 4276 coronam
1097 4223 1164 4279 de
1208 4240 1398 4281 errore
1435 4235 1597 4299 atque
1640 4235 1926 4291 mendacio
1965 4232 2299 4290 referebant.

438 4306 635 4360 Τοῦτον
671 4303 765 4362 οὖν
812 4307 1008 4379 ἔχομεν
1043 4311 1136 4364 καὶ
1183 4313 1343 4383 ἡμεῖς
1372 4314 1466 4369 νῦν
1510 4316 1600 4371 τὸν
1639 4319 1946 4377 διατιθέντα

366 4401 500 4471 ἡμῖν
526 4400 624 4471 τὴν
651 4401 931 4473 παροῦσαν
958 4405 1282 4476 πανήγυριν,
1306 4406 1397 4461 τὸν
1420 4408 1640 4479 γνήσιον
1663 4410 1946 4484 ὑποφήτην

2123 4317 2278 4372 llunc
2309 4312 2762 4386 igiturhabemus
2795 4327 2941 4368 nunc
2966 4313 3128 4369 etiam
3172 4329 3297 4379 nos,
3344 4315 3439 4385 qui
3486 4330 3623 4371 con—

2050 4409 2243 4465 stituat
2274 4405 2436 4462 nobis
2458 4411 2781 4475 praesentem
2817 4406 3214 4471 celebritatem,
3238 4407 3532 4475 genuinum
3569 4416 3625 4461 et

366 4491 460 4545 τοῦ
482 4491 818 4563 Πνεύματος,
834 4493 924 4548 τὸν
943 4497 1187 4563 γενναῖον
1208 4496 1301 4549 τοῦ
1326 4496 1560 4569 Χριστοῦ
1589 4502 1943 4573 στρατιώτην,

2048 4516 2239 4557 verum
2264 4498 2575 4553 ministrum
2604 4504 2656 4550 et
2687 4497 3039 4566 interpretem
3063 4496 3311 4565 spiritus,
3336 4503 3620 4550 strenuum

365 4582 457 4635 τον
490 4582 868 4652 μεγαλόφωνον
895 4587 1109 4657 κήρυκα
1141 4586 1233 4640 τοῦ
1271 4589 1537 4662 σωτηρίου
1566 4591 1938 4663 κηρύγματος,

368 4673 457 4725 τὸν
487 4674 792 4755 ἀγωνιστῄν
827 4692 887 4729 τε
934 4677 1029 4729 καὶ
1062 4678 1346 4749 πρόμαχον
1393 4681 1493 4752 τῆς
1535 4682 1674 4755 ὑπὲρ
1705 4685 1942 4755 Χριστοῦ

369 4749 791 4835 παρρησίαςο’ᾧ
824 4765 892 4819 τὰ
923 4766 1147 4837 δεύτερα
1183 4769 1318 4838 μετὰ
1368 4749 1493 4835 τοῦς
1541 4749 1870 4839 ἀποστόλους
1914 4778 1942 4829 ὁ

369 4853 555 4923 χρόνος
600 4854 783 4907 δίδωσι
835 4854 1010 4924 μόνον.
1062 4855 1125 4907 Εἰ
1185 4856 1293 4928 γάρ
1330 4858 1469 4913 κατά
1508 4860 1600 4914 τὸν
1652 4862 1813 4915 αὐτὸν
1864 4863 1945 4934 τῷ

367 4943 562 5015 Παύλῳ
588 4945 777 5015 χρόνον
826 4945 1084 5015 μετέσχεν
1115 4946 1209 5000 τοῦ
1230 4948 1569 5020 ἀνθρωπίνου
1621 4951 1735 5022 βίου
1778 4954 1941 5007 Βασί-

363 5031 527 5097 λειος,
566 5033 740 5099 οὕτως
784 5034 849 5088 ἃν
893 5036 1111 5101 πάντως
1155 5040 1466 5111 συνετράφη
1501 5041 1581 5113 τῷ
1629 5043 1826 5115 Παύλῳ
1871 5045 1948 5109 ὡς

367 5123 649 5188 Σιλουανδς
671 5126 764 5179 καὶ⁸
785 5125 1046 5197 Τιμόθεος
1066 5142 1081 5156 ⁶
1104 5128 1195 5183 καὶ
1217 5129 1299 5182 ὅτι
1318 5131 1417 5183 οὐκ
1446 5130 1549 5196 ἔξω
1569 5134 1669 5204 τῆς
1692 5135 1946 5205 ἀληθείας

368 5215 719 5287 στοχάζομαι,
755 5217 951 5271 οὑτωσὶ
976 5218 1068 5271 τὸν
1100 5217 1255 5289 λόγον
1300 5224 1722 5295 κατανοήσωμεν
1748 5242 1762 5257 ο
1797 5227 1946 5300 Παρ⁴

364 5307 530 5360 είσθω
585 5309 647 5362 τὺ
698 5309 1046 5381 προτερεύειν
1088 5310 1214 5374 τοὺς
1262 5311 1448 5379 ἁγίους
1492 5313 1571 5385 τῷ
1616 5316 1809 5387 χρόνῳ.
1876 5319 1940 5371 Ἡ

364 5398 475 5471 γὰρ
521 5401 614 5454 τοῦ
666 5402 854 5473 χρόνου
911 5401 1073 5472 φύσις
1108 5403 1166 5455 ἐν
1214 5401 1292 5473 τῷ
1331 5406 1681 5476 παρῳχηκότι
1720 5407 1813 5462 καὶ
1861 5408 1939 5480 τῷ

368 5491 634 5561 μέλλοντι,
687 5494 820 5563 πρὸς
852 5494 1053 5567 ἀρετήν
1089 5510 1148 5547 τε
1193 5495 1286 5547 καὶ
1336 5494 1529 5549 κακίαν
1575 5498 1774 5567 ὁμοίως
1804 5499 1935 5571 ἔχει,

362 5582 490 5637 οὔτε
514 5582 671 5637 τοῦτο
697 5582 848 5649 οὖσα,
881 5586 1002 5640 οὔτε
1028 5587 1089 5641 τὸ
1113 5586 1297 5658 ἕτερον
1323 5603 1338 5619 ο
1380 5588 1437 5640 ἐν
1476 5588 1584 5660 γὰρ
1625 5592 1939 5663 προαιρέσει

445 5761 464 5795 ¹
494 5759 517 5816 l
549 5759 679 5814 Cor.
714 5775 811 5822 xu,
841 5759 928 5815 28.
1007 5765 1025 5794 ί
1054 5762 1172 5818 Act.
1211 5779 1304 5828 vn,
1338 5763 1427 5818 2‘2.

2020 4591 2255 4648 'Christi
2318 4591 2579 4652 militem,
2641 4604 2902 4643 sonorum
2958 4595 3012 4643 et
3064 4589 3306 4642 vocalem
3364 4588 3623 4642 salutaris

2048 4680 2307 4751 praeconii
2333 4690 2495 4750 atque
2526 4676 2940 4747 praedicationis
2967 4690 3297 4744 praeconem,
3318 4675 3487 4730 libere
3522 4690 3622 4745 pro

2046 4772 2269 4829 Christo
2307 4771 2584 4842 loquendo
2615 4770 3013 4833 decertantem,
3037 4776 3091 4821 et
3123 4768 3177 4820 in
3205 4768 3495 4837 principiis
3525 4783 3623 4837 pu-

2047 4877 2206 4932 gnam
2230 4862 2461 4916 cientem
2487 4877 2500 4912 :
2530 4858 2617 4912 cui
2647 4856 2920 4912 secundas
2958 4863 3082 4926 post
3121 4856 3401 4925 apostolos
3434 4864 3618 4925 partes

2047 4964 2265 5026 tempus
2322 4953 2499 5008 solum
2522 4950 2633 5005 dat.
2683 4947 2820 5003 Nam
2874 4950 2917 5005 si
2974 4947 3164 5003 eodem
3200 4956 3467 5018 tempore,
3512 4965 3622 5019 quo

2044 5044 2283 5107 Paulus,
2329 5046 2452 5099 vitae
2491 5040 2769 5112 particeps
2817 5039 3071 5094 humanae
3124 5036 3318 5093 fuisset
3361 5037 3619 5106 Basilius,

2045 5138 2207 5193 sicuti
2248 5134 2520 5206 Sylvanus
2554 5143 2608 5189 et
2630 5133 2983 5189 Timotheus:
3005 5131 3079 5185 ita
3102 5144 3331 5201 prorsus
3362 5143 3469 5184 una
3495 5145 3618 5184 cum

2046 5227 2218 5281 Paulo
2287 5225 2593 5281 litterarum
2642 5221 3016 5279 monumentis
3081 5206 3407 5277 celebratus.
3451 5229 3620 5276 esset.

2046 5318 2224 5389 Atque
2248 5325 2308 5373 ut
2337 5317 2697 5389 intelligatur,
2722 5313 2870 5386 quod
2903 5315 3278 5384 conjecturam
3310 5312 3560 5369 faciendo
3590 5330 3623 5368 a

2045 5412 2275 5465 veritate
2307 5424 2415 5465 non
2450 5409 2666 5473 aberro,
2712 5408 2816 5463 hoc
2853 5406 3014 5462 modo
3048 5407 3315 5461 rationem
3347 5406 3620 5468 ineamus.

2045 5503 2504 5560 Praetermittatur
2535 5517 2598 5559 ea
2634 5501 2832 5564 oratio,
2864 5512 2972 5569 qua
3007 5497 3334 5569 explicetur,
3370 5496 3464 5568 qui
3494 5512 3623 5552 san-

2045 5597 2139 5662 eti,
2174 5612 2311 5667 quos
2345 5602 2568 5653 sanctos
2614 5603 2857 5664 tempore
2901 5589 3295 5649 antecesserint
3331 5589 3625 5667 (temporis
