4050 6164
418 300 512 356 79!

1653 291 1710 348 S.
1737 290 2063 348 GREGORH
2107 288 2391 344 ΝΣᾜὲἰίλί

3562 288 3673 343 7θί

411 415 558 470 enim
581 420 773 468 natura
793 413 846 468 in
871 413 1142 483 przcterito
1164 419 1216 466 et
1245 411 1450 478 futuro,
1472 411 1616 483 quod
1643 413 1708 468 ad
1735 413 1990 468 virtutem

2095 413 2155 465 τι
2201 411 2424 480 ἀγαθον,
2476 411 2576 463 οὐκ
2625 410 2681 461 ἐν
2728 409 2922 480 χρόνῳ.
2970 406 3109 460 Ἀλλ’
3149 403 3486 470 ἐξεταζέσθω
3533 405 3672 476 7:96;

412 515 468 558 et
520 505 712 560 vitium
771 504 986 567 attinet,
1019 503 1212 582 eodem
1251 503 1411 556 modo
1469 520 1591 560 sese
1641 503 1826 567 habet,
1857 519 1991 561 cum

413 614 595 666 neque
645 597 772 660 hoc,
806 611 984 664 neque
1023 594 1360 650 contrarium
1395 595 1500 652 sit:
1553 596 1607 650 in
1641 596 1812 650 libero
1847 596 1990 651 enim

415 689 645 742 arbitrio
676 694 841 756 atque
874 690 1158 756 proposito
1187 687 1506 749 voluntatis,
1529 703 1636 740 non
1667 687 1720 740 in
1749 697 1993 756 tempore

413 778 617 831 bonum
650 777 949 845 consistit),
983 786 1039 830 at
1076 777 1212 832 fides
1253 793 1377 831 cum
1416 777 1550 844 fide,
1580 793 1703 831 cum
1747 779 1994 833 oratione

413 867 594 918 oratio
617 864 956 920 conferatur.
997 866 1134 919 Nam
1177 867 1224 921 si
1274 867 1398 937 quis
1443 868 1630 937 justus
1689 867 1994 924 aestimator

417 957 579 1009 fuerit
609 956 664 1008 in
696 955 1048 1013 conferendis
1102 959 1245 1012 inter
1299 973 1358 1012 se
1400 958 1700 1023 miraculis,
1758 958 1994 1028 reperiet

415 1061 579 1099 unam
617 1047 670 1100 in
704 1047 976 1102 ambobus
997 1049 1254 1118 gratiam,
1288 1064 1410 1120 quae
1441 1066 1506 1103 ex
1550 1051 1740 1106 eodem
1796 1051 1992 1120 spiritu

409 1137 564 1205 juxta
617 1139 1057 1194 convenientiam
1099 1149 1263 1209 atque
1297 1141 1702 1211 proportionem
1740 1141 1862 1196 fidei
1898 1157 1993 1196 ex-

415 1230 634 1284 sisteret
663 1231 718 1284 in
767 1239 1019 1299 utroque.
1060 1231 1216 1298 Quod
1255 1233 1299 1286 si
1339 1239 1583 1304 tempore
1615 1232 1819 1287 Paulus
1857 1248 1992 1302 pra:-

415 1321 584 1384 eedit,
617 1330 672 1376 et
705 1323 892 1377 multis
921 1325 1179 1395 aetatibus
1205 1333 1330 1394 post
1353 1325 1591 1380 Basilius
1615 1326 1893 1381 exhibitas
1931 1341 1996 1382 ac

415 1413 732 1481 designatus
773 1423 896 1470 est:
935 1413 1133 1470 divinae
1169 1417 1666 1472 administrationis
1697 1434 1859 1488 quam
1897 1418 1996 1472 bo-

417 1505 624 1556 minum
657 1505 829 1574 gratia
863 1507 1128 1576 suscepit,
1171 1523 1310 1578 opus
1341 1507 1501 1572 dicis,
1539 1525 1645 1562 non
1687 1509 1846 1564 affers
1871 1525 1998 1579 pro-

417 1595 698 1649 hationem
727 1595 875 1649 circa
903 1597 1158 1651 virtutem
1184 1597 1591 1654 diminutionis.
1613 1597 1746 1652 Nam
1766 1609 1820 1652 et
1846 1598 1999 1672 Moy—

417 1703 505 1742 ses
537 1687 728 1742 multis
753 1688 1090 1756 temporibus
1114 1690 1384 1759 posterior
1405 1690 1748 1745 Ahrabamo:
1779 1688 1998 1746 Samuel

2091 503 2188 574 τὴν
2236 503 2474 574 πίστινὴ
2513 501 2714 565 πίστις,
2767 501 2860 552 καὶ
2903 499 3039 570 πρὸς
3073 499 3161 552 τὸν
3207 496 3365 565 λόγον
3406 498 3434 549 6
3479 495 3670 564 λόγος’

2093 590 2434 664 εύρήσειγάρ
2454 593 2560 661 ὅγε
2589 591 2811 654 δικαίως
2836 591 2898 642 ἐκ
2931 588 3274 660 παραλλήλου
3305 586 3676 652 ἀντεξετάζων

2090 679 2159 732 τὰ
2189 681 2459 751 θαύματα,
2514 681 2642 750 μίαν
2685 681 2770 732 ἐπ’
2803 679 3126 750 ἀμφοτέρων
3171 677 3268 749 τὴν
3297 677 3456 748 χάριν
3486 679 3549 730 ἐκ
3580 677 3674 728 τοῦ

2091 771 2255 825 αὐτοῦ
2287 772 2600 842 Πνεύματος
2627 772 2979 842 ἐγγινομένην
3008 771 3065 824 ἐν
3105 769 3348 840 ἐκατέρῳ
3377 767 3516 822 κατὰ
3577 767 3676 839 τὴν

2093 864 2381 933 ἀναλογίαν
2431 864 2528 934 τῆς
2575 863 2830 927 πίστεως.
2887 863 2950 914 Εἰ
2994 861 3052 914 δὲ
3091 862 3323 932 προήκει
3349 861 3446 931 .τῷ
3497 859 3676 931 χρόνῳ

2094 956 2323 1022 Παῦλος,
2356 957 2450 1009 καὶ
2493 955 2713 1018 πολλαῖς
2759 953 2984 1024 ὕστερον
3014 955 3226 1023 γενεαῖς
3260 952 3538 1024 ἀνεδείχθη
3572 951 3678 1005 Ba-

2096 1047 2310 1112 σίλειος.
2361 1047 2460 1118 τῆς
2497 1047 2646 1110 θείας
2698 1047 2832 1116 ὑπὲρ
2875 1045 2984 1100 τῶν
3033 1044 3331 1114 ἀνθρώπων
3367 1043 3676 1115 οἰκονομίας

2093 1138 2271 1206 λέγεις
2326 1138 2388 1190 τὺ
2441 1137 2620 1208 ἔργον,
2675 1136 2775 1190 οὐκ
2821 1134 3092 1201 ἀπόδειξιν
3143 1133 3241 1205 τῆς
3293 1135 3414 1189 κατ’
3474 1125 3674 1206 ἀρετὴν

2095 1230 2438 1294 ἐλαττώσεως
2463 1247 2477 1260 ·
2529 1229 2650 1282 ἐπεὶ
2681 1228 2774 1283 καὶ
2807 1228 3036 1299 Μωῦσῆς
3061 1225 3152 1280 τοῦ
3194 1225 3445 1298 Ἀϐραὰμ
3465 1226 3677 1289 πολλοῖς

2095 1321 2306 1392 χρόνοις
2365 1323 2863 1392 μεταγενέστερος,
2917 1320 3011 1372 καὶ
3055 1318 3308 1390 Σαμουὴλ
3373 1317 3676 1385 Μωῡσέως,

2096 1411 2419 1466 καὶτούτων
2487 1411 2702 1475 Ἠλίαςο
2767 1410 3018 1464 κάκείνου
3061 1411 3088 1462 6
3147 1409 3320 1480 μέγας
3389 1409 3676 1478 Ἰωάννης,

2097 1507 2190 1558 καὶ
2247 1506 2382 1577 μετά
2451 1504 2702 1575 Ἰωάννην
2788 1501 3033 1567 Παῦλος-ο
3111 1505 3206 1555 καὶ
3277 1501 3416 1574 μετά
3490 1501 3678 1554 τοῦτον

2098 1596 2396 1660 Βασίλειος.
2463 1597 2673 1666 Ὥσπερ
2735 1591 2828 1648 οὖν
2881 1597 2938 1648 ἐν
2987 1596 3098 1658 τοῖς
3148 1594 3482 1666 προάγουσιν
3528 1593 3678 1647 οὐδὲν

2099 1691 2128 1741 6
2169 1688 2358 1762 χρόνος
2406 1686 2774 1758 δευτερεύων,
2837 1689 2918 1750 εἰς
2969 1685 3066 1757 τὴν
3111 1687 3248 1740 κατά
3317 1686 3450 1740 Θεὸν
3523 1685 3718 1752 δόξαν.

419 1779 626 1850 Moyse,
655 1787 710 1834 et
759 1780 862 1833 hoc
903 1779 1086 1835 Elias:
1123 1787 1176 1836 et
1215 1780 1310 1835 illo
1351 1797 1584 1852 magnus
1636 1781 1906 1847 Joannes,
1940 1791 1990 1839 et

2094 1782 2220 1844 τοὺς
2270 1781 2454 1849 ἁγίους
2495 1780 2835 1851 ἠλάττωσενο
2885 1779 3025 1833 οὕτω
3077 1780 3172 1834 καὶ
3208 1778 3302 1834 νῦν
3346 1781 3403 1832 ἐν
3459 1777 3537 1850 τῷ
3579 1779 3680 1850 τῆς

415 1881 542 1939 post
565 1870 828 1926 Joannem
855 1870 1082 1938 Paulus,
1108 1882 1162 1928 et
1187 1886 1312 1944 post
1342 1875 1486 1930 hunc
1503 1875 1764 1932 Basilius.
1798 1875 1997 1943 Quem-

417 1963 712 2039 admodum
765 1963 933 2033 igitur
981 1965 1035 2018 in
1089 1966 1526 2035 prtecedentibus
1582 1968 1722 2022 nihil
1781 1976 1996 2040 tempus

419 2057 716 2124 posterius,
750 2054 897 2126 quod
939 2055 1136 2110 attinet
1183 2057 1246 2112 ad
1289 2059 1516 2128 gloriam
1546 2075 1668 2129 quae
1707 2075 1833 2115 cum
1885 2060 1998 2116 Deo

415 2145 711 2214 conjuncta
761 2155 866 2210 est,
943 2148 1153 2202 sanctis
1200 2149 1659 2206 incommodavit:
1716 2153 1790 2206 ita
1833 2153 1997 2207 etiam

415 2253 564 2292 nunc
601 2237 654 2290 in
681 2237 1078 2310 disceptatione
1118 2240 1374 2306 virtutis,
1426 2243 1602 2298 aetatis
1649 2242 1996 2298 commodum

417 2330 642 2384 silentio
667 2333 1135 2402 prtetermittatmn
1182 2323 1318 2387 Nam
1363 2334 1439 2398 id,
1482 2344 1543 2388 ut
1582 2335 1747 2390 modo
1775 2335 1998 2391 diceba-

415 2435 561 2486 mus,
597 2421 956 2490 providentiae
988 2423 1208 2487 divina},
1261 2439 1367 2494 qua
1417 2425 1726 2481 consulitur
1760 2427 1998 2481 homini-

411 2511 541 2570 bus.
570 2513 817 2566 continet
851 2513 1402 2570 demonstrationem.
1433 2517 1527 2572 llle
1565 2518 1730 2584 enim,
1764 2519 1878 2588 qui,
1939 2526 1998 2572 ut

413 2603 592 2672 inquit
615 2606 877 2674 propheta
900 2645 914 2666 ,
942 2620 1031 2658 res
1069 2621 1262 2661 omnes
1294 2607 1446 2661 novit
1505 2620 1794 2678 antequam
1845 2610 1996 2666 exsi-

413 2695 620 2760 stant’,
679 2705 734 2748 et
773 2696 1036 2772 malitiam
1081 2695 1282 2752 diaboli
1344 2699 1509 2753 simul
1563 2715 1689 2753 eum
1741 2702 1996 2756 mtatibus

413 2786 694 2840 hominum
725 2787 943 2841 extendi
978 2797 1140 2858 atque
1173 2789 1387 2844 traduci
1415 2797 1468 2844 et
1491 2789 1558 2862 ad
1587 2793 1744 2846 finem
1772 2807 1997 2862 pergere

413 2876 829 2944 animadvertit,
862 2881 1282 2934 convenientem
1323 2888 1377 2935 et
1411 2884 1878 2936 accommodatam
1927 2882 1996 2936 ad

413 2969 685 3038 cujusque
735 2972 915 3026 aetatis
970 2973 1219 3026 morbum
1280 2973 1608 3028 medicinam
1668 2984 1860 3046 parat,
1929 2991 1997 3031 ne

305 3102 325 3118 .
411 3062 722 3118 curationis
753 3069 1030 3132 expertem
1065 3065 1211 3118 sinat
1245 3081 1366 3121 esse
1399 3067 1651 3121 morbum
1687 3068 1992 3133 hominum,

2099 1870 2297 1942 ἀρετῆς
2355 1869 2497 1940 λόγῳ
2545 1869 2839 1923 σιωπάσθω
2889 1869 2958 1923 τὰ
3005 1869 3270 1941 πρεσϐεῖα
3315 1869 3410 1923 τοῦ
3461 1871 3676 1942 χρόνου.

2100 1963 2174 2016 Τὸ
2199 1963 2306 2035 γὰρ
2346 1962 2605 2027 τοιοῦτον,
2653 1961 2834 2026 καθὼς
2862 1963 3093 2032 ἔφαμεν,
3136 1963 3236 2034 τῆς
3277 1962 3416 2034 ὑπὲρ
3447 1962 3556 2014 τῶν
3584 1961 3679 2016 ἀν-

2100 2055 2330 2128 θρώπων
2361 2056 2455 2110 τοῦ
2481 2055 2616 2110 Θεοῦ
2643 2055 2983 2127 προμηθείας
3011 2055 3110 2126 τὴν
3139 2054 3412 2122 ἀπόδειξιν
3445 2053 3578 2124 ἔχει.
3623 2055 3682 2108 '0

2099 2148 2208 2220 γὰρ
2256 2147 2409 2214 εἰδὼς
2453 2148 2522 2202 τά
2571 2147 2748 2202 πάντα
2797 2148 2924 2220 πρὶν
2951 2148 3216 2218 γενέσεως
3263 2147 3462 2212 αὖτῶν,
3498 2145 3682 2210 καθώς

2099 2257 2262 2312 φησιν
2295 2240 2322 2292 6
2356 2240 2638 2311 προφήτης
2664 2279 2678 2303 ,
2719 2239 2813 2293 καὶ
2852 2239 2952 2311 τὴν
3003 2237 3398 2306 συνδιεξιοῦσαν
3435 2241 3555 2301 ταῖς
3585 2238 3680 2292 ἀν-

2099 2333 2398 2403 θρωπίναις
2448 2335 2663 2402 γενεαῖς
2703 2331 2796 2385 τοῦ
2841 2331 3086 2387 διαϐόλου
3131 2331 3328 2386 κακίαν
3379 2331 3681 2396 κατανοῶν,

2099 2425 2406 2496 πρόσφορόν
2453 2441 2513 2476 τε
2562 2423 2654 2476 καὶ⁴
2684 2423 3016 2494 κατάλληλον
3047 2422 3125 2495 τῷ
3159 2423 3280 2476 καθ’
3315 2422 3554 2492 ἑκάστην
3585 2438 3680 2490 γε·

2097 2515 2224 2568 νεάν
2258 2517 2651 2588 ὰῤῥωστήματι
2683 2516 2773 2570 τὸν
2809 2516 2990 2586 ἰατρὸν
3025 2514 3322 2586 ἐτοιμάζει,
3364 2514 3440 2577 ὡς
3485 2513 3551 2566 ἂν
3607 2512 3682 2584 μὴ

2098 2605 2469 2676 ἀθεράπευτον
2503 2606 2734 2678 περιίδοι
2766 2603 2874 2658 τῶν
2917 2603 3219 2675 ἀνθρώπων
3261 2603 3358 2674 τὴν
3405 2602 3582 2667 νόσον,
3614 2600 3683 2656 δι’

2097 2697 2332 2769 ἐρημίαν
2380 2697 2488 2752 τῶν
2525 2696 2921 2768 διορθουμένων
2957 2694 3406 2767 κατακρατοῦσαν
3457 2693 3552 2746 τοῦ
3585 2692 3681 2762 γέ-

2099 2807 2237 2852 νους.
2272 2787 2472 2842 Τούτου
2497 2789 2657 2859 χάριν
2681 2786 3082 2860 ἐπικρατούσης
3101 2785 3228 2840 ποτὲ
3247 2787 3344 2856 τῆς
3370 2783 3681 2853 Χαλδαῖκῆς

2099 2880 2436 2950 φιλοσοφίας,
2489 2882 2536 2934 οἳ
2581 2879 2679 2952 τὴν
2737 2880 2845 2933 τῶν
2888 2879 3055 2933 ὄντων
3103 2878 3280 2932 αἰτίαν
3337 2879 3394 2930 ἐν
3432 2879 3498 2948 τῇ
3552 2877 3684 2946 ποιᾷ

2098 2973 2308 3042 κινήσει
2351 2971 2458 3025 τῶν
2501 2971 2716 3044 ἄστρων
2758 2969 3051 3043 ὡρίζοντό,
3089 2968 3443 3038 ὑπερκεῖσθαι
3471 2967 3526 3019 δέ
3556 2983 3682 3020 τινα

2097 3062 2205 3118 τῶν
2252 3063 2590 3132 φαινομένων
2621 3061 2850 3132 δύναμιν
2880 3060 3169 3132 ποιητικὴν
3216 3059 3322 3112 τῶν
3361 3059 3529 3111 ὄντων
3575 3058 3680 3112 οὐκ

411 3159 508 3224 qui
541 3156 585 3210 si
625 3155 789 3220 desit,
831 3170 860 3209 a
891 3170 1000 3226 quo
1048 3165 1295 3223 sanetur,
1341 3159 1592 3228 subigere
1647 3160 1784 3214 solet
1823 3168 1876 3215 et
1937 3161 1990 3215 in

2100 3155 2300 3226 ᾤοντοο
2333 3157 2452 3208 τότε
2485 3155 2575 3208 τὸν
2614 3154 2864 3226 Ἀϐραὰμ
2892 3152 3286 3212 ἀναδείκνυσιν,
3313 3152 3370 3215 ὃς
3404 3149 3682 3220 ἐπιϐάθρα

411 3254 742 3316 potestatem
780 3262 936 3302 suam
961 3247 1206 3318 redigere
1237 3265 1412 3319 genus
1455 3250 1775 3304 humanum.
1817 3251 1994 3322 llujus

411 3337 491 3390 rei
539 3337 740 3410 gratia,
791 3351 914 3390 cum
955 3337 1167 3408 vigeret
1219 3353 1282 3392 ac
1335 3340 1660 3410 praevaleret
1701 3340 1998 3410 aliquando

411 3429 765 3500 philosophia
793 3430 1195 3495 Chaldaeorum,
1226 3432 1318 3501 qui
1356 3447 1539 3486 rerum
1563 3447 1762 3489 causas
1787 3448 1816 3488 a
1847 3442 1996 3488 certo

420 3521 661 3591 quodam
678 3531 826 3577 motu
843 3523 1080 3578 siderum
1096 3523 1332 3596 pendere
1346 3525 1692 3593 statuebant,
1708 3541 1809 3581 nec
1824 3528 1960 3582 virtu
1972 3557 1994 3568 -

414 3623 524 3668 tem
575 3613 866 3682 quamdam
901 3615 1178 3670 sideribus
1200 3615 1593 3685 apparentibus
1615 3617 1908 3685 prmsidere
1931 3633 1994 3673 ac

409 3717 647 3772 praeesse
670 3705 955 3774 putabant,
981 3721 1102 3776 qua:
1131 3721 1315 3760 rerum
1348 3706 1721 3775 quarumlibet
1744 3707 1993 3763 effectrix

407 3803 726 3849 essetztum
766 3781 1164 3850 Abrahamum'
1196 3798 1440 3858 exhibet.
1487 3798 1579 3867 qui
1623 3783 1802 3869 quasi.
1843 3801 1990 3855 scala

407 3901 544 3940 usus
591 3885 862 3956 ejusmodi
907 3887 1226 3957 disciplina,
1282 3888 1632 3958 investigavit
1677 3889 1851 3956 illnm',
1897 3891 1990 3961 qui

408 3988 508 4042 per
543 3989 654 4036 res,
686 3990 808 4043 quae
840 3975 1115 4039 videntur,
1173 3977 1517 4047 intelligitur,
1559 3993 1623 4031 ac
1669 3978 1872 4049 (quasi)
1905 3980 1992 4033 via

410 4063 558 4128 fidei,
589 4079 708 4133 quae
737 4072 820 4120 est
845 4065 900 4120 in
931 4080 1054 4120 eum
1083 4067 1175 4138 qui
1205 4083 1396 4122 revera
1436 4067 1580 4124 Deus
1611 4078 1713 4134 est,
1759 4071 1990 4140 posteris

409 4157 646 4220 etstitit,
679 4171 804 4210 cum
829 4159 950 4228 ipse
989 4160 1182 4214 relicto
1229 4161 1407 4230 patrio
1447 4176 1652 4228 errore,
1708 4170 1870 4232 atque
1902 4177 1986 4226 ea,

407 4260 532 4315 qua:
552 4259 816 4300 sensuum
863 4245 1249 4304 instrumentis
1295 4263 1418 4304 esse
1469 4249 1672 4304 dicitur
1725 4265 1846 4306 cum
1903 4265 1987 4312 ea,

409 4351 533 4406 quas
556 4344 782 4408 apparet
810 4336 864 4390 in
896 4337 1061 4392 astris
1092 4351 1370 4407 creatura,
1405 4341 1753 4411 cognatione,
1788 4340 1895 4394 dux
1921 4343 1989 4394 ad

405 4443 526 4483 eam
561 4429 720 4484 fidem
755 4429 970 4484 fuisset.
1003 4429 1206 4485 Deinde
1241 4445 1364 4484 cunt
1397 4432 1639 4502 Aigyptii
1675 4449 1740 4487 ex
1789 4450 1986 4504 sugge-

407 4523 608 4586 stione,
633 4523 850 4592 opinor,
881 4523 1024 4594 ejus,
1055 4525 1148 4594 qui
1178 4539 1272 4594 per
1301 4525 1482 4578 varias
1513 4523 1730 4578 fraudes
1761 4523 1778 4592 (
1811 4527 1982 4579 homi-

404 4613 550 4686 nes)
587 4615 874 4687 demergit,
910 4615 1216 4670 mirabilem
1254 4617 1545 4684 quamdam
1583 4625 1636 4670 et
1667 4617 1977 4685 prmstigia-

403 4708 596 4762 tricem
619 4708 990 4762 ‘calliditatem
1036 4708 1396 4772 invenissent,
1445 4707 1695 4761 exhibuit
1732 4707 1976 4780 Moysen,

408 4798 498 4867 qui
551 4799 836 4869 sapientia:
888 4799 1208 4854 excellentia
1289 4799 1670 4872 Egyptiornm
1728 4799 1975 4854 fraudem

404 4888 702 4956 expelleret
735 4896 788 4942 et
807 4887 1070 4942 aboleret.
1089 4888 1352 4959 Agnoscit
1385 4895 1564 4942 autem
1604 4901 1833 4956 prorsus
1862 4901 1974 4939 rem

401 4988 635 5046 gestam,
687 4979 754 5034 de
806 4993 913 5048 qua
971 4979 1184 5048 loquor,
1243 4982 1337 5049 qui
1397 4977 1737 5046 Scripturam
1793 4980 1974 5041 novit,

401 5071 678 5141 quomodo
718 5088 840 5126 cum
890 5073 1318 5142 praestigiatores
1352 5073 1430 5125 illi
1461 5071 1662 5126 divinis
1709 5071 1881 5140 signis
1911 5087 1976 5125 ex

401 5162 636 5216 adverso
694 5178 918 5217 suarum
974 5161 1228 5216 fraudum
1308 5161 1585 5232 specimen
1651 5163 1974 5230 praeberent,

400 5252 616 5324 Moyses
662 5255 918 5308 omnibus
950 5254 1125 5307 modis
1154 5254 1404 5323 superior
1438 5252 1628 5318 fuerit,
1657 5261 1710 5307 et
1746 5267 1979 5321 superne

400 5347 605 5400 auxilio
666 5348 836 5400 misso
899 5361 1090 5401 omnes
1155 5345 1445 5417 [Egyptias
1506 5347 1650 5401 vires
1700 5346 1975 5400 deleverit.

2099 3249 2164 3316 τῇ
2193 3246 2413 3319 τοιαύτῃ
2445 3245 2720 3299 παιδεύσει
2746 3245 3108 3316 χρησάμενος,
3139 3245 3436 3315 ἀνεζήτησε
3475 3244 3566 3296 τὸν
3592 3241 3684 3296 διὰ

2097 3337 2206 3391 τῶν
2265 3337 2555 3408 ὁρωμένων
2613 3337 2918 3406 νοούμενον.
2985 3335 3093 3390 Καὶ
3139 3335 3255 3400 ὁδὸς
3317 3338 3429 3399 τοῖς
3479 3333 3682 3402 ἐφεξῆς

2098 3428 2314 3496 ἐγένετο
2346 3430 2578 3492 πίστεως
2608 3431 2707 3500 τῆς
2745 3431 2825 3490 εἰς
2870 3428 2960 3482 τὸν
2984 3429 3151 3492 ὅντως
3179 3427 3305 3480 ὄντα
3333 3427 3484 3491 Θεὸν,
3516 3426 3680 3491 αὐτὸς

2098 3520 2232 3589 πρὸς
2265 3519 2466 3592 ταύτην
2495 3519 2967 3591 καθηγησάμενος,
2999 3520 3088 3573 διὰ
3115 3519 3210 3572 τοῦ
3243 3517 3556 3574 καταλιπεῖν
3579 3517 3682 3589 τὴν

2097 3610 2352 3682 πατρῴαν
2380 3611 2615 3682 ἀπάτην,
2645 3611 2738 3664 καὶ
2761 3609 2858 3681 τὴν
2885 3609 2992 3662 τῶν
3016 3609 3381 3682 αἰσθητηρίων
3419 3609 3553 3680 πρὸς
3578 3612 3680 3681 τὴν

2097 3701 2425 3772 φαινομένην
2455 3701 2629 3754 κτίσιν
2679 3701 3018 3769 συγγένειαν.
3058 3697 3190 3754 Εἶτα
3221 3700 3328 3754 τῶν
3362 3700 3677 3768 Αἰγυπτίων

2093 3793 2371 3864 δαιμονίαν
2402 3792 2523 3846 τινὰ
2553 3794 2647 3847 καὶ
2683 3795 2946 3866 γοητικὴν
2973 3796 3164 3863 σοφίαν
3191 3793 3584 3866 ἐξευρηκότων,
3615 3793 3678 3858 ἐξ

2093 3885 2392 3955 ὑποθήκης,
2437 3880 2611 3953 οἶμαι,
2647 3885 2741 3938 τοῦ
2789 3887 3046 3950 ποικίλως
3076 3886 3142 3938 δι’
3175 3885 3388 3954 ἀπάτης
3438 3886 3680 3939 καταδυ-

2093 3977 2350 4040 θίζοντος,
2387 3976 2624 4040 ἀνέδειξε
2653 3978 2746 4030 τὸν
2775 3978 3013 4032 Μωῦσέα
3047 3977 3122 4048 τῷ
3155 3978 3542 4049 ὑπερϐάλλοντι
3575 3980 3676 4048 τῆς

2095 4065 2285 4135 σοφίας
2323 4065 2422 4136 τὴν
2455 4066 2754 4134 Αἰγυπτίαν
2804 4067 3019 4139 ἀπάτην
3060 4065 3468 4135 ἐξαφανίσοντα.
3523 4068 3675 4120 Ἐπιο

2091 4157 2345 4225 γινώσκει
2376 4157 2432 4211 δὲ
2464 4157 2679 4223 πάντως
2707 4159 2976 4228 τὸνλόγον
3003 4162 3030 4213 6
3059 4159 3156 4230 τὴν
3190 4161 3414 4232 Γραφὴν
3447 4161 3675 4214 ἐπιστά-

2093 4265 2270 4318 μενος,
2314 4249 2450 4314 πῶς,
2473 4251 3026 4322 ἀντεπιδεικνυμένων
3068 4253 3180 4315 τοῖς
3221 4252 3384 4314 θείοις
3425 4252 3674 4322 σημείοις

2088 4339 2196 4392 τῶν
2229 4343 2440 4414 γοήτων
2468 4343 2564 4407 τὰς
2589 4343 2720 4407 ἰδίας
2748 4344 2981 4408 ἀπάτας,
3007 4344 3276 4416 ὑπερέσχε
3306 4345 3445 4398 κατά
3470 4344 3676 4416 κράτος

2091 4433 2354 4500 Μωῦσῆς,
2393 4433 2480 4486 διὰ
2518 4435 2617 4504 τῆς
2655 4433 2857 4488 ἄνωθεν
2892 4436 3201 4506 συμμαχίας
3228 4437 3325 4506 τὴν
3367 4435 3672 4504 Αἰγυπτίαν

2094 4523 2244 4592 ἰσχὺν
2276 4525 2456 4576 πᾶσαν
2496 4523 2842 4592 ἐξαφανίσας.
2878 4525 3037 4587 Νοεῖς
3079 4525 3134 4577 δὲ
3163 4524 3320 4578 τοῦτο
3347 4525 3433 4578 διά
3475 4543 3533 4578 τε
3561 4526 3672 4580 τῶν

2089 4612 2286 4674 ἄλλων,
2320 4616 2412 4666 καὶ
2445 4613 2523 4684 τῷ
2564 4615 2670 4668 τῶν
2701 4615 2910 4684 ῥάϐδων
2942 4616 3245 4687 αἰνίγματι.
3293 4617 3584 4688 Προϊόντος
3611 4617 3670 4671 δὲ

2085 4703 2180 4756 τοῦ
2232 4705 2446 4774 χρόνου,
2498 4706 2592 4757 καὶ
2653 4706 2759 4758 τῶν
2820 4706 3168 4776 Ἰσραηλιτῶν
3211 4708 3278 4761 δι’
3311 4708 3574 4780 ἀναρχίας
3610 4711 3672 4762 ἐν

2085 4795 2524 4866 δημοκρατορικῇ
2559 4795 2816 4867 συγχύσει
2861 4798 3196 4868 πλημμελῶς
3223 4799 3598 4870 διακειμένων,
3639 4802 3670 4852 ὁ

2089 4885 2342 4956 Σαμουὴλ
2369 4886 2740 4954 ἀναφαίνεται,
2769 4887 2986 4958 κρατῶν
3011 4887 3076 4940 δι’
3104 4887 3294 4940 ἑαυτοῦ
3313 4887 3372 4939 τὸ
3401 4888 3662 4956 ὑπήκοον,

2089 4979 2183 5030 καὶ
2214 4979 2310 5047 τῆς
2355 4977 2490 5048 πρός
2520 4979 2646 5041 τοὺς
2677 4977 3002 5046 ἀλλοφύλους
3047 4979 3322 5051 ἐπιμιξίας
3348 4979 3661 5050 ἀπείργωνο

2087 5067 2205 5122 εἶτα
2251 5069 2386 5140 πρὶς
2435 5069 2708 5139 βασιλείας
2755 5071 3087 5124 κατάστασιν
3134 5072 3230 5142 τὴν
3268 5069 3530 5141 ἀναρχίαν
3567 5086 3665 5140 με-

2085 5162 2448 5225 τασκευάσας,
2487 5162 2832 5234 συνήθροισεν
2865 5164 2994 5216 αὐτῦ
3035 5164 3162 5234 περὶ
3208 5162 3368 5216 ἑαυτὸ
3404 5161 3466 5216 τὸ
3505 5161 3664 5215 ἀλλό-

2087 5256 2286 5321 φυλον,
2329 5255 2428 5325 τῆς
2475 5254 2756 5327 βασιλικῆς
2801 5257 3116 5320 δυναστείας
3163 5256 3455 5326 νομοθέτης
3508 5255 3663 5326 γενό-

2090 5363 2266 5417 μενος.

400 5435 665 5506 lntelligis
695 5448 875 5492 autem
909 5439 1014 5493 hoc
1046 5454 1168 5493 cum
1199 5455 1293 5509 per
1332 5440 1466 5494 alias
1502 5454 1606 5502 res,
1640 5449 1748 5491 tum
1785 5453 1880 5507 per
1907 5438 2182 5506 virgarum
2207 5438 2456 5508 :cuigma.
2489 5439 2752 5497 Processu
2785 5441 2978 5496 deinde
3009 5442 3284 5512 temporis,
3329 5455 3452 5496 cum
3494 5440 3658 5496 etiam

399 5525 770 5581 lsraelitarum
817 5543 906 5582 res
945 5543 1042 5598 per
1074 5542 1196 5582 cum
1247 5536 1470 5591 statum,
1509 5543 1616 5597 quo
1655 5516 1855 5580 nullius
1899 5525 2031 5580 certi
2085 5527 2434 5594 magistratus
2483 5527 2711 5598 imperio
2763 5530 3198 5598 continebantur,
3251 5529 3302 5582 in
3342 5529 3656 5600 promiscua

473 5709 494 5741 ³
509 5709 646 5766 Dan.
676 5726 794 5777 xui,
831 5710 918 5764 42.
