  <div class='ocr_page' id='page_1' title='image "/cluster/home/n/w/nwhite01/storage/ocr_20150623/46/mdp.39015011915447/404.png"; bbox 0 0 4050 6164; ppageno 0'>
   <div class='ocr_carea' id='block_1_1' title="bbox 424 292 530 348">
    <p class='ocr_par' dir='ltr' id='par_1_1' title="bbox 424 292 530 348">
     <span class='ocr_line' id='line_1_1' title="bbox 424 292 530 348; baseline 0.019 -2"><span class='ocrx_word' id='word_1_1' title='bbox 424 292 530 348; x_wconf 69' lang='grc' dir='ltr'><strong>τίὶῦ</strong></span> 
     </span>
    </p>
   </div>
   <div class='ocr_carea' id='block_1_2' title="bbox 1538 303 2571 366">
    <p class='ocr_par' dir='ltr' id='par_1_2' title="bbox 1538 303 2571 366">
     <span class='ocr_line' id='line_1_2' title="bbox 1538 303 2571 366; baseline 0.009 -9"><span class='ocrx_word' id='word_1_2' title='bbox 1538 303 1605 357; x_wconf 86' lang='grc' dir='ltr'><strong>ΙΝ</strong></span> <span class='ocrx_word' id='word_1_3' title='bbox 1645 303 1778 360; x_wconf 61' lang='lat' dir='ltr'><strong>LAL&#39;</strong></span> <span class='ocrx_word' id='word_1_4' title='bbox 1791 305 1926 358; x_wconf 74' lang='lat' dir='ltr'><strong>DEM</strong></span> <span class='ocrx_word' id='word_1_5' title='bbox 1940 339 1949 347; x_wconf 72' lang='grc' dir='ltr'><strong>ο</strong></span> <span class='ocrx_word' id='word_1_6' title='bbox 1963 306 2266 364; x_wconf 67' lang='grc' dir='ltr'><strong>ΡῚὶΑΤΙὶΙΞ</strong></span> <span class='ocrx_word' id='word_1_7' title='bbox 2315 309 2571 366; x_wconf 72' lang='lat' dir='ltr'><strong>BASlLll.</strong></span> 
     </span>
    </p>
   </div>
   <div class='ocr_carea' id='block_1_3' title="bbox 3581 314 3682 371">
    <p class='ocr_par' dir='ltr' id='par_1_3' title="bbox 3581 314 3682 371">
     <span class='ocr_line' id='line_1_3' title="bbox 3581 314 3682 371; baseline -0.04 0"><span class='ocrx_word' id='word_1_8' title='bbox 3581 314 3682 371; x_wconf 66' lang='lat'><strong>795</strong></span> 
     </span>
    </p>
   </div>
   <div class='ocr_carea' id='block_1_4' title="bbox 431 414 3686 494">
    <p class='ocr_par' dir='ltr' id='par_1_4' title="bbox 431 414 3686 494">
     <span class='ocr_line' id='line_1_4' title="bbox 431 414 3686 494; baseline 0.005 -27"><span class='ocrx_word' id='word_1_9' title='bbox 431 414 610 486; x_wconf 83' lang='lat' dir='ltr'><strong>populi</strong></span> <span class='ocrx_word' id='word_1_10' title='bbox 657 423 817 484; x_wconf 78' lang='lat' dir='ltr'><strong>atque</strong></span> <span class='ocrx_word' id='word_1_11' title='bbox 869 415 1098 472; x_wconf 80' lang='lat' dir='ltr'><strong>confusa</strong></span> <span class='ocrx_word' id='word_1_12' title='bbox 1151 423 1419 486; x_wconf 80' lang='lat' dir='ltr'><strong>potestate</strong></span> <span class='ocrx_word' id='word_1_13' title='bbox 1463 417 1601 472; x_wconf 91' lang='lat' dir='ltr'><strong>male</strong></span> <span class='ocrx_word' id='word_1_14' title='bbox 1647 433 1766 473; x_wconf 86' lang='lat' dir='ltr'><strong>sese</strong></span> <span class='ocrx_word' id='word_1_15' title='bbox 1805 419 2101 488; x_wconf 74' lang='lat' dir='ltr'><strong>haberent,</strong></span> <span class='ocrx_word' id='word_1_16' title='bbox 2146 423 2378 493; x_wconf 36' lang='lat' dir='ltr'><strong>Samuel.</strong></span> <span class='ocrx_word' id='word_1_17' title='bbox 2417 424 2650 487; x_wconf 78' lang='lat' dir='ltr'><strong>exsistit,</strong></span> <span class='ocrx_word' id='word_1_18' title='bbox 2688 423 2781 494; x_wconf 89' lang='lat' dir='ltr'><strong>qui</strong></span> <span class='ocrx_word' id='word_1_19' title='bbox 2830 439 2926 494; x_wconf 91' lang='lat' dir='ltr'><strong>per</strong></span> <span class='ocrx_word' id='word_1_20' title='bbox 2979 440 3099 481; x_wconf 88' lang='lat' dir='ltr'><strong>sese</strong></span> <span class='ocrx_word' id='word_1_21' title='bbox 3133 423 3382 482; x_wconf 87' lang='lat' dir='ltr'><strong>subditos</strong></span> <span class='ocrx_word' id='word_1_22' title='bbox 3417 427 3472 480; x_wconf 88' lang='lat' dir='ltr'><strong>in</strong></span> <span class='ocrx_word' id='word_1_23' title='bbox 3511 427 3686 483; x_wconf 85' lang='lat' dir='ltr'><strong>oilicio</strong></span> 
     </span>
    </p>
   </div>
   <div class='ocr_carea' id='block_1_5' title="bbox 428 508 3684 588">
    <p class='ocr_par' dir='ltr' id='par_1_5' title="bbox 428 508 3684 588">
     <span class='ocr_line' id='line_1_5' title="bbox 428 508 3684 588; baseline 0.004 -28"><span class='ocrx_word' id='word_1_24' title='bbox 428 508 751 569; x_wconf 76' lang='lat' dir='ltr'><strong>contineret,</strong></span> <span class='ocrx_word' id='word_1_25' title='bbox 786 518 833 560; x_wconf 89' lang='lat' dir='ltr'><strong>et</strong></span> <span class='ocrx_word' id='word_1_26' title='bbox 877 523 906 560; x_wconf 88' lang='lat' dir='ltr'><strong>a</strong></span> <span class='ocrx_word' id='word_1_27' title='bbox 942 509 1337 564; x_wconf 83' lang='lat' dir='ltr'><strong>consuetudine</strong></span> <span class='ocrx_word' id='word_1_28' title='bbox 1382 516 1545 580; x_wconf 88' lang='lat' dir='ltr'><strong>atque</strong></span> <span class='ocrx_word' id='word_1_29' title='bbox 1578 513 1906 567; x_wconf 87' lang='lat' dir='ltr'><strong>commercio</strong></span> <span class='ocrx_word' id='word_1_30' title='bbox 1945 514 2370 588; x_wconf 82' lang='lat' dir='ltr'><strong>alienigenarum</strong></span> <span class='ocrx_word' id='word_1_31' title='bbox 2419 519 2762 588; x_wconf 86' lang='lat' dir='ltr'><strong>prohiberet,</strong></span> <span class='ocrx_word' id='word_1_32' title='bbox 2800 519 2995 574; x_wconf 88' lang='lat' dir='ltr'><strong>deinde</strong></span> <span class='ocrx_word' id='word_1_33' title='bbox 3035 534 3159 574; x_wconf 90' lang='lat' dir='ltr'><strong>cum</strong></span> <span class='ocrx_word' id='word_1_34' title='bbox 3197 521 3349 574; x_wconf 84' lang='lat' dir='ltr'><strong>illum</strong></span> <span class='ocrx_word' id='word_1_35' title='bbox 3395 522 3684 577; x_wconf 75' lang='lat' dir='ltr'><strong>confusura</strong></span> 
     </span>
    </p>
   </div>
   <div class='ocr_carea' id='block_1_6' title="bbox 427 601 3683 682">
    <p class='ocr_par' dir='ltr' id='par_1_6' title="bbox 427 601 3683 682">
     <span class='ocr_line' id='line_1_6' title="bbox 427 601 3683 682; baseline 0.003 -27"><span class='ocrx_word' id='word_1_36' title='bbox 427 609 651 666; x_wconf 86' lang='lat' dir='ltr'><strong>statum,</strong></span> <span class='ocrx_word' id='word_1_37' title='bbox 683 615 792 669; x_wconf 89' lang='lat' dir='ltr'><strong>quo</strong></span> <span class='ocrx_word' id='word_1_38' title='bbox 823 601 1006 655; x_wconf 92' lang='lat' dir='ltr'><strong>nullus</strong></span> <span class='ocrx_word' id='word_1_39' title='bbox 1045 609 1230 657; x_wconf 89' lang='lat' dir='ltr'><strong>certus</strong></span> <span class='ocrx_word' id='word_1_40' title='bbox 1273 602 1623 674; x_wconf 80' lang='lat' dir='ltr'><strong>magistratus</strong></span> <span class='ocrx_word' id='word_1_41' title='bbox 1666 613 1804 671; x_wconf 88' lang='lat' dir='ltr'><strong>erat,</strong></span> <span class='ocrx_word' id='word_1_42' title='bbox 1847 607 1915 660; x_wconf 92' lang='lat' dir='ltr'><strong>ad</strong></span> <span class='ocrx_word' id='word_1_43' title='bbox 1952 609 2398 668; x_wconf 79' lang='lat' dir='ltr'><strong>constitutionem</strong></span> <span class='ocrx_word' id='word_1_44' title='bbox 2448 611 2598 682; x_wconf 84' lang='lat' dir='ltr'><strong>regni</strong></span> <span class='ocrx_word' id='word_1_45' title='bbox 2645 612 2998 678; x_wconf 81' lang='lat' dir='ltr'><strong>traduxisset,</strong></span> <span class='ocrx_word' id='word_1_46' title='bbox 3040 612 3324 667; x_wconf 86' lang='lat' dir='ltr'><strong>duodecim</strong></span> <span class='ocrx_word' id='word_1_47' title='bbox 3347 614 3521 668; x_wconf 88' lang='lat' dir='ltr'><strong>tribus</strong></span> <span class='ocrx_word' id='word_1_48' title='bbox 3552 629 3683 668; x_wconf 88' lang='lat' dir='ltr'><strong>con-</strong></span> 
     </span>
    </p>
   </div>
   <div class='ocr_carea' id='block_1_7' title="bbox 427 695 2192 772">
    <p class='ocr_par' dir='ltr' id='par_1_7' title="bbox 427 695 2192 772">
     <span class='ocr_line' id='line_1_7' title="bbox 427 695 2192 772; baseline 0.007 -24"><span class='ocrx_word' id='word_1_49' title='bbox 427 695 671 766; x_wconf 83' lang='lat' dir='ltr'><strong>gregavit</strong></span> <span class='ocrx_word' id='word_1_50' title='bbox 709 696 764 749; x_wconf 90' lang='lat' dir='ltr'><strong>in</strong></span> <span class='ocrx_word' id='word_1_51' title='bbox 809 711 997 759; x_wconf 88' lang='lat' dir='ltr'><strong>unum,</strong></span> <span class='ocrx_word' id='word_1_52' title='bbox 1040 706 1092 750; x_wconf 81' lang='lat' dir='ltr'><strong>et</strong></span> <span class='ocrx_word' id='word_1_53' title='bbox 1127 699 1336 767; x_wconf 86' lang='lat' dir='ltr'><strong>regium</strong></span> <span class='ocrx_word' id='word_1_54' title='bbox 1378 699 1665 770; x_wconf 85' lang='lat' dir='ltr'><strong>imperium</strong></span> <span class='ocrx_word' id='word_1_55' title='bbox 1697 701 1813 771; x_wconf 85' lang='lat' dir='ltr'><strong>lege</strong></span> <span class='ocrx_word' id='word_1_56' title='bbox 1849 703 1959 756; x_wconf 85' lang='lat' dir='ltr'><strong>lata</strong></span> <span class='ocrx_word' id='word_1_57' title='bbox 1985 705 2192 772; x_wconf 78' lang='lat' dir='ltr'><strong>sanxit.</strong></span> 
     </span>
    </p>
   </div>
   <div class='ocr_carea' id='block_1_8' title="bbox 499 788 2031 870">
    <p class='ocr_par' dir='ltr' id='par_1_8' title="bbox 499 788 2002 866">
     <span class='ocr_line' id='line_1_8' title="bbox 499 788 2002 866; baseline 0.005 -24"><span class='ocrx_word' id='word_1_58' title='bbox 499 788 653 842; x_wconf 77' lang='grc' dir='ltr'>Μετὰ</span> <span class='ocrx_word' id='word_1_59' title='bbox 673 788 844 844; x_wconf 79' lang='grc' dir='ltr'>ταῦτα</span> <span class='ocrx_word' id='word_1_60' title='bbox 863 791 918 844; x_wconf 77' lang='grc' dir='ltr'><strong>δὲ</strong></span> <span class='ocrx_word' id='word_1_61' title='bbox 942 791 1158 856; x_wconf 87' lang='grc' dir='ltr'>πολλαῖς</span> <span class='ocrx_word' id='word_1_62' title='bbox 1179 790 1305 846; x_wconf 80' lang='grc' dir='ltr'>ὕστε</span> <span class='ocrx_word' id='word_1_63' title='bbox 1314 810 1403 864; x_wconf 89' lang='grc' dir='ltr'><strong>ρον</strong></span> <span class='ocrx_word' id='word_1_64' title='bbox 1425 797 1658 862; x_wconf 82' lang='grc' dir='ltr'>γενεαῖς,</span> <span class='ocrx_word' id='word_1_65' title='bbox 1680 796 1769 848; x_wconf 82' lang='grc' dir='ltr'><strong>ὅτε</strong></span> <span class='ocrx_word' id='word_1_66' title='bbox 1798 796 2002 866; x_wconf 73' lang='grc' dir='ltr'>Ἀχαὰϐ</span> 
     </span>
    </p>
   </div>
   <div class='ocr_carea' id='block_1_9' title="bbox 2134 788 3686 870">
    <p class='ocr_par' dir='ltr' id='par_1_9' title="bbox 2178 800 3686 870">
     <span class='ocr_line' id='line_1_9' title="bbox 2178 800 3686 870; baseline -0.001 -16"><span class='ocrx_word' id='word_1_67' title='bbox 2178 800 2492 856; x_wconf 86' lang='lat' dir='ltr'><strong>Secundum</strong></span> <span class='ocrx_word' id='word_1_68' title='bbox 2559 801 2672 855; x_wconf 83' lang='lat' dir='ltr'><strong>haec</strong></span> <span class='ocrx_word' id='word_1_69' title='bbox 2734 801 2925 855; x_wconf 89' lang='lat' dir='ltr'><strong>multis</strong></span> <span class='ocrx_word' id='word_1_70' title='bbox 3012 809 3138 870; x_wconf 90' lang='lat' dir='ltr'><strong>post</strong></span> <span class='ocrx_word' id='word_1_71' title='bbox 3206 806 3505 865; x_wconf 66' lang='lat' dir='ltr'><strong>aetatibus,</strong></span> <span class='ocrx_word' id='word_1_72' title='bbox 3561 816 3686 854; x_wconf 91' lang='lat' dir='ltr'><strong>cum</strong></span> 
     </span>
    </p>
   </div>
   <div class='ocr_carea' id='block_1_10' title="bbox 429 883 2009 959">
    <p class='ocr_par' dir='ltr' id='par_1_10' title="bbox 429 883 2009 959">
     <span class='ocr_line' id='line_1_10' title="bbox 429 883 2009 959; baseline 0.006 -25"><span class='ocrx_word' id='word_1_73' title='bbox 429 883 655 948; x_wconf 73' lang='grc' dir='ltr'>ἐκεῖνος,</span> <span class='ocrx_word' id='word_1_74' title='bbox 693 884 754 937; x_wconf 88' lang='grc' dir='ltr'><strong>τὸ</strong></span> <span class='ocrx_word' id='word_1_75' title='bbox 811 888 1117 952; x_wconf 84' lang='grc' dir='ltr'>γυναικεῖον</span> <span class='ocrx_word' id='word_1_76' title='bbox 1169 887 1522 959; x_wconf 85' lang='grc' dir='ltr'>ἀνδράποδον,</span> <span class='ocrx_word' id='word_1_77' title='bbox 1584 888 1744 952; x_wconf 76' lang='grc' dir='ltr'>αὐτός</span> <span class='ocrx_word' id='word_1_78' title='bbox 1792 907 1852 942; x_wconf 91' lang='grc' dir='ltr'><strong>τε</strong></span> <span class='ocrx_word' id='word_1_79' title='bbox 1901 889 2009 943; x_wconf 85' lang='grc' dir='ltr'>τῶν</span> 
     </span>
    </p>
   </div>
   <div class='ocr_carea' id='block_1_11' title="bbox 433 975 2013 1056">
    <p class='ocr_par' dir='ltr' id='par_1_11' title="bbox 433 975 2013 1056">
     <span class='ocr_line' id='line_1_11' title="bbox 433 975 2013 1056; baseline 0.003 -25"><span class='ocrx_word' id='word_1_80' title='bbox 433 975 701 1049; x_wconf 82' lang='grc' dir='ltr'>πατρῴων</span> <span class='ocrx_word' id='word_1_81' title='bbox 728 977 935 1050; x_wconf 84' lang='grc' dir='ltr'><strong>ἀπέστη</strong></span> <span class='ocrx_word' id='word_1_82' title='bbox 968 978 1203 1050; x_wconf 83' lang='grc' dir='ltr'><strong>Θεσμῶν,</strong></span> <span class='ocrx_word' id='word_1_83' title='bbox 1235 981 1456 1048; x_wconf 77' lang='grc' dir='ltr'>γυναικὶ</span> <span class='ocrx_word' id='word_1_84' title='bbox 1481 980 1716 1056; x_wconf 78' lang='grc' dir='ltr'>χλιδώσῃ</span> <span class='ocrx_word' id='word_1_85' title='bbox 1759 983 2013 1036; x_wconf 88' lang='grc' dir='ltr'>δεδουλω-</span> 
     </span>
    </p>
   </div>
   <div class='ocr_carea' id='block_1_12' title="bbox 437 1067 2011 1144">
    <p class='ocr_par' dir='ltr' id='par_1_12' title="bbox 437 1067 2011 1144">
     <span class='ocr_line' id='line_1_12' title="bbox 437 1067 2011 1144; baseline 0.003 -22"><span class='ocrx_word' id='word_1_86' title='bbox 437 1067 618 1140; x_wconf 87' lang='grc' dir='ltr'>μένος,</span> <span class='ocrx_word' id='word_1_87' title='bbox 645 1069 740 1122; x_wconf 76' lang='grc' dir='ltr'><strong>καὶ</strong></span> <span class='ocrx_word' id='word_1_88' title='bbox 769 1069 866 1141; x_wconf 83' lang='grc' dir='ltr'><strong>τὴν</strong></span> <span class='ocrx_word' id='word_1_89' title='bbox 905 1069 1014 1124; x_wconf 87' lang='grc' dir='ltr'>τῶν</span> <span class='ocrx_word' id='word_1_90' title='bbox 1047 1071 1278 1126; x_wconf 83' lang='grc' dir='ltr'><strong>εἰδώλων</strong></span> <span class='ocrx_word' id='word_1_91' title='bbox 1308 1073 1517 1144; x_wconf 81' lang='grc' dir='ltr'><strong>πλάνην</strong></span> <span class='ocrx_word' id='word_1_92' title='bbox 1545 1074 1613 1126; x_wconf 90' lang='grc' dir='ltr'>δι’</span> <span class='ocrx_word' id='word_1_93' title='bbox 1643 1074 1858 1144; x_wconf 79' lang='grc' dir='ltr'><strong>ἐκείνης</strong></span> <span class='ocrx_word' id='word_1_94' title='bbox 1889 1077 2011 1128; x_wconf 80' lang='grc' dir='ltr'>ἐπι-</span> 
     </span>
    </p>
   </div>
   <div class='ocr_carea' id='block_1_13' title="bbox 438 1161 2012 1238">
    <p class='ocr_par' dir='ltr' id='par_1_13' title="bbox 438 1161 2012 1238">
     <span class='ocr_line' id='line_1_13' title="bbox 438 1161 2012 1238; baseline 0.001 -22"><span class='ocrx_word' id='word_1_95' title='bbox 438 1161 802 1234; x_wconf 83' lang='grc' dir='ltr'><strong>σπασάμενος,</strong></span> <span class='ocrx_word' id='word_1_96' title='bbox 851 1163 1258 1235; x_wconf 87' lang='grc' dir='ltr'>συναπέστησεν</span> <span class='ocrx_word' id='word_1_97' title='bbox 1308 1165 1486 1236; x_wconf 82' lang='grc' dir='ltr'>ἐαυτῷ</span> <span class='ocrx_word' id='word_1_98' title='bbox 1533 1165 1626 1220; x_wconf 89' lang='grc' dir='ltr'><strong>τὸν</strong></span> <span class='ocrx_word' id='word_1_99' title='bbox 1672 1165 2012 1238; x_wconf 85' lang='grc' dir='ltr'>Ἰσραηλίτην</span> 
     </span>
    </p>
   </div>
   <div class='ocr_carea' id='block_1_14' title="bbox 434 1253 2013 1328">
    <p class='ocr_par' dir='ltr' id='par_1_14' title="bbox 434 1253 2013 1328">
     <span class='ocr_line' id='line_1_14' title="bbox 434 1253 2013 1328; baseline 0.002 -21"><span class='ocrx_word' id='word_1_100' title='bbox 434 1253 562 1307; x_wconf 91' lang='grc' dir='ltr'>λαόν</span> <span class='ocrx_word' id='word_1_101' title='bbox 581 1270 594 1282; x_wconf 91' lang='grc'><strong>·</strong></span> <span class='ocrx_word' id='word_1_102' title='bbox 618 1253 737 1306; x_wconf 87' lang='grc' dir='ltr'>τότε</span> <span class='ocrx_word' id='word_1_103' title='bbox 758 1253 1134 1310; x_wconf 84' lang='grc' dir='ltr'>ἀναδείκνυσιν</span> <span class='ocrx_word' id='word_1_104' title='bbox 1151 1257 1179 1308; x_wconf 98' lang='lat'><strong>6</strong></span> <span class='ocrx_word' id='word_1_105' title='bbox 1200 1255 1332 1320; x_wconf 82' lang='grc' dir='ltr'>Θεὸς</span> <span class='ocrx_word' id='word_1_106' title='bbox 1349 1257 1439 1310; x_wconf 89' lang='grc' dir='ltr'><strong>τὸν</strong></span> <span class='ocrx_word' id='word_1_107' title='bbox 1473 1256 1658 1311; x_wconf 82' lang='grc' dir='ltr'>Ἠλίαν</span> <span class='ocrx_word' id='word_1_108' title='bbox 1687 1257 2013 1328; x_wconf 74' lang='grc' dir='ltr'>ἀντίρροπον</span> 
     </span>
    </p>
   </div>
   <div class='ocr_carea' id='block_1_15' title="bbox 436 1342 2014 1418">
    <p class='ocr_par' dir='ltr' id='par_1_15' title="bbox 436 1342 2014 1418">
     <span class='ocr_line' id='line_1_15' title="bbox 436 1342 2014 1418; baseline 0.002 -22"><span class='ocrx_word' id='word_1_109' title='bbox 436 1342 626 1414; x_wconf 74' lang='grc' dir='ltr'>ἔχοντα</span> <span class='ocrx_word' id='word_1_110' title='bbox 675 1342 754 1412; x_wconf 81' lang='grc' dir='ltr'>τῷ</span> <span class='ocrx_word' id='word_1_111' title='bbox 806 1343 1024 1413; x_wconf 80' lang='grc' dir='ltr'>μεγέθει</span> <span class='ocrx_word' id='word_1_112' title='bbox 1071 1347 1170 1418; x_wconf 82' lang='grc' dir='ltr'>τῆς</span> <span class='ocrx_word' id='word_1_113' title='bbox 1213 1347 1368 1400; x_wconf 86' lang='grc' dir='ltr'>νόσου</span> <span class='ocrx_word' id='word_1_114' title='bbox 1415 1347 1522 1400; x_wconf 86' lang='grc' dir='ltr'>τῶν</span> <span class='ocrx_word' id='word_1_115' title='bbox 1568 1345 1866 1418; x_wconf 84' lang='grc' dir='ltr'>ἀνθρώπων</span> <span class='ocrx_word' id='word_1_116' title='bbox 1916 1345 2014 1417; x_wconf 83' lang='grc' dir='ltr'>τὴν</span> 
     </span>
    </p>
   </div>
   <div class='ocr_carea' id='block_1_16' title="bbox 436 1431 2014 1508">
    <p class='ocr_par' dir='ltr' id='par_1_16' title="bbox 436 1431 2014 1508">
     <span class='ocr_line' id='line_1_16' title="bbox 436 1431 2014 1508; baseline 0.003 -22"><span class='ocrx_word' id='word_1_117' title='bbox 436 1431 841 1502; x_wconf 82' lang='grc' dir='ltr'>θεραπεύουσαν</span> <span class='ocrx_word' id='word_1_118' title='bbox 879 1433 1126 1504; x_wconf 80' lang='grc' dir='ltr'>δύναμιν,</span> <span class='ocrx_word' id='word_1_119' title='bbox 1157 1435 1345 1507; x_wconf 83' lang='grc' dir='ltr'>ἄνδρα,</span> <span class='ocrx_word' id='word_1_120' title='bbox 1396 1438 1452 1489; x_wconf 79' lang='grc' dir='ltr'><strong>ἐν</strong></span> <span class='ocrx_word' id='word_1_121' title='bbox 1484 1437 1754 1508; x_wconf 71' lang='grc' dir='ltr'>ὑπεροψίᾳ</span> <span class='ocrx_word' id='word_1_122' title='bbox 1795 1437 1892 1507; x_wconf 82' lang='grc' dir='ltr'><strong>τῆς</strong></span> <span class='ocrx_word' id='word_1_123' title='bbox 1925 1437 2014 1490; x_wconf 84' lang='grc' dir='ltr'>θε-</span> 
     </span>
    </p>
   </div>
   <div class='ocr_carea' id='block_1_17' title="bbox 441 1523 2016 1598">
    <p class='ocr_par' dir='ltr' id='par_1_17' title="bbox 441 1523 2016 1598">
     <span class='ocr_line' id='line_1_17' title="bbox 441 1523 2016 1598; baseline 0.004 -22"><span class='ocrx_word' id='word_1_124' title='bbox 441 1523 670 1590; x_wconf 83' lang='grc' dir='ltr'>ραπείας</span> <span class='ocrx_word' id='word_1_125' title='bbox 712 1523 805 1577; x_wconf 81' lang='grc' dir='ltr'>τοῦ</span> <span class='ocrx_word' id='word_1_126' title='bbox 841 1524 1110 1596; x_wconf 84' lang='grc' dir='ltr'>σώματος,</span> <span class='ocrx_word' id='word_1_127' title='bbox 1157 1527 1453 1597; x_wconf 82' lang='grc' dir='ltr'><strong>αὐχμῶντα</strong></span> <span class='ocrx_word' id='word_1_128' title='bbox 1483 1527 1544 1580; x_wconf 80' lang='grc' dir='ltr'><strong>τὸ</strong></span> <span class='ocrx_word' id='word_1_129' title='bbox 1573 1527 1882 1598; x_wconf 83' lang='grc' dir='ltr'>πρόσωπον,</span> <span class='ocrx_word' id='word_1_130' title='bbox 1921 1530 2016 1582; x_wconf 65' lang='grc' dir='ltr'>καὶ</span> 
     </span>
    </p>
   </div>
   <div class='ocr_carea' id='block_1_18' title="bbox 437 1609 2016 1686">
    <p class='ocr_par' dir='ltr' id='par_1_18' title="bbox 437 1609 2016 1686">
     <span class='ocr_line' id='line_1_18' title="bbox 437 1609 2016 1686; baseline 0.003 -22"><span class='ocrx_word' id='word_1_131' title='bbox 437 1613 512 1683; x_wconf 84' lang='grc' dir='ltr'><strong>τῷ</strong></span> <span class='ocrx_word' id='word_1_132' title='bbox 545 1611 739 1684; x_wconf 86' lang='grc' dir='ltr'>πλήθει</span> <span class='ocrx_word' id='word_1_133' title='bbox 770 1609 878 1666; x_wconf 81' lang='grc' dir='ltr'>τῶν</span> <span class='ocrx_word' id='word_1_134' title='bbox 908 1613 1050 1668; x_wconf 76' lang='grc' dir='ltr'>ἰδίων</span> <span class='ocrx_word' id='word_1_135' title='bbox 1099 1615 1298 1686; x_wconf 84' lang='grc' dir='ltr'>τριχῶν</span> <span class='ocrx_word' id='word_1_136' title='bbox 1345 1617 1722 1686; x_wconf 78' lang='grc' dir='ltr'>σκιαζόμενον,</span> <span class='ocrx_word' id='word_1_137' title='bbox 1776 1617 2016 1686; x_wconf 82' lang='grc' dir='ltr'>ἰδιαστὴν</span> 
     </span>
    </p>
   </div>
   <div class='ocr_carea' id='block_1_19' title="bbox 437 1705 2016 1779">
    <p class='ocr_par' dir='ltr' id='par_1_19' title="bbox 437 1705 2016 1779">
     <span class='ocr_line' id='line_1_19' title="bbox 437 1705 2016 1779; baseline 0 -19"><span class='ocrx_word' id='word_1_138' title='bbox 437 1706 516 1777; x_wconf 79' lang='grc' dir='ltr'>τῷ</span> <span class='ocrx_word' id='word_1_139' title='bbox 556 1705 677 1776; x_wconf 83' lang='grc' dir='ltr'>βίῳ,</span> <span class='ocrx_word' id='word_1_140' title='bbox 719 1706 913 1776; x_wconf 87' lang='grc' dir='ltr'>σεμνὸν</span> <span class='ocrx_word' id='word_1_141' title='bbox 948 1705 1222 1778; x_wconf 77' lang='grc' dir='ltr'>προσιδεῖν</span> <span class='ocrx_word' id='word_1_142' title='bbox 1247 1708 1304 1761; x_wconf 77' lang='grc' dir='ltr'><strong>ἐν</strong></span> <span class='ocrx_word' id='word_1_143' title='bbox 1343 1707 1552 1778; x_wconf 87' lang='grc' dir='ltr'>ἀμειδεῖ</span> <span class='ocrx_word' id='word_1_144' title='bbox 1599 1707 1676 1779; x_wconf 81' lang='grc' dir='ltr'>τῷ</span> <span class='ocrx_word' id='word_1_145' title='bbox 1718 1705 2016 1778; x_wconf 83' lang='grc' dir='ltr'>προσώπῳ,</span> 
     </span>
    </p>
   </div>
   <div class='ocr_carea' id='block_1_20' title="bbox 439 1797 2018 1872">
    <p class='ocr_par' dir='ltr' id='par_1_20' title="bbox 439 1797 2018 1872">
     <span class='ocr_line' id='line_1_20' title="bbox 439 1797 2018 1872; baseline 0.001 -21"><span class='ocrx_word' id='word_1_146' title='bbox 439 1797 534 1851; x_wconf 77' lang='grc' dir='ltr'><strong>καὶ</strong></span> <span class='ocrx_word' id='word_1_147' title='bbox 571 1797 992 1868; x_wconf 87' lang='grc' dir='ltr'>συννενευμένον</span> <span class='ocrx_word' id='word_1_148' title='bbox 1016 1798 1094 1870; x_wconf 83' lang='grc' dir='ltr'>τῷ</span> <span class='ocrx_word' id='word_1_149' title='bbox 1125 1798 1416 1870; x_wconf 80' lang='grc' dir='ltr'>βλέμματι,</span> <span class='ocrx_word' id='word_1_150' title='bbox 1446 1799 1675 1872; x_wconf 83' lang='grc' dir='ltr'><strong>δέρματι</strong></span> <span class='ocrx_word' id='word_1_151' title='bbox 1716 1800 1906 1870; x_wconf 86' lang='grc' dir='ltr'>αἰγείῳ</span> <span class='ocrx_word' id='word_1_152' title='bbox 1929 1817 2018 1853; x_wconf 93' lang='grc' dir='ltr'>το-</span> 
     </span>
    </p>
   </div>
   <div class='ocr_carea' id='block_1_21' title="bbox 441 1889 2016 1964">
    <p class='ocr_par' dir='ltr' id='par_1_21' title="bbox 441 1889 2016 1964">
     <span class='ocr_line' id='line_1_21' title="bbox 441 1889 2016 1964; baseline 0.001 -20"><span class='ocrx_word' id='word_1_153' title='bbox 441 1890 629 1944; x_wconf 80' lang='grc' dir='ltr'>σοῦτον</span> <span class='ocrx_word' id='word_1_154' title='bbox 645 1889 738 1945; x_wconf 81' lang='grc' dir='ltr'>τοῦ</span> <span class='ocrx_word' id='word_1_155' title='bbox 765 1891 1014 1962; x_wconf 82' lang='grc' dir='ltr'>σώματος</span> <span class='ocrx_word' id='word_1_156' title='bbox 1041 1890 1413 1964; x_wconf 82' lang='grc' dir='ltr'>σκέπ[τ]οντα,</span> <span class='ocrx_word' id='word_1_157' title='bbox 1433 1893 1554 1946; x_wconf 84' lang='grc' dir='ltr'>ὅσον</span> <span class='ocrx_word' id='word_1_158' title='bbox 1582 1892 2016 1964; x_wconf 80' lang='grc' dir='ltr'>εὐπρεπέστερόν</span> 
     </span>
    </p>
   </div>
   <div class='ocr_carea' id='block_1_22' title="bbox 440 1984 2020 2056">
    <p class='ocr_par' dir='ltr' id='par_1_22' title="bbox 440 1984 2020 2056">
     <span class='ocr_line' id='line_1_22' title="bbox 440 1984 2020 2056; baseline 0 -20"><span class='ocrx_word' id='word_1_159' title='bbox 440 1986 555 2038; x_wconf 79' lang='grc' dir='ltr'>ἐστι</span> <span class='ocrx_word' id='word_1_160' title='bbox 582 1984 1008 2055; x_wconf 78' lang='grc' dir='ltr'>καλυπτόμενον,</span> <span class='ocrx_word' id='word_1_161' title='bbox 1033 1985 1110 2056; x_wconf 85' lang='grc' dir='ltr'><strong>τῷ</strong></span> <span class='ocrx_word' id='word_1_162' title='bbox 1132 1984 1188 2038; x_wconf 80' lang='grc' dir='ltr'>δὲ</span> <span class='ocrx_word' id='word_1_163' title='bbox 1206 1985 1378 2056; x_wconf 83' lang='grc' dir='ltr'>λοιπῷ</span> <span class='ocrx_word' id='word_1_164' title='bbox 1398 1984 1860 2056; x_wconf 80' lang='grc' dir='ltr'>διακαρτεροῦντα</span> <span class='ocrx_word' id='word_1_165' title='bbox 1886 1985 2020 2056; x_wconf 88' lang='grc' dir='ltr'>πρὸς</span> 
     </span>
    </p>
   </div>
   <div class='ocr_carea' id='block_1_23' title="bbox 439 2073 2020 2152">
    <p class='ocr_par' dir='ltr' id='par_1_23' title="bbox 439 2073 2020 2152">
     <span class='ocr_line' id='line_1_23' title="bbox 439 2073 2020 2152; baseline -0.005 -16"><span class='ocrx_word' id='word_1_166' title='bbox 439 2083 530 2136; x_wconf 88' lang='grc' dir='ltr'><strong>τὸν</strong></span> <span class='ocrx_word' id='word_1_167' title='bbox 555 2081 712 2152; x_wconf 85' lang='grc' dir='ltr'>ἀέρα,</span> <span class='ocrx_word' id='word_1_168' title='bbox 749 2079 841 2132; x_wconf 74' lang='grc' dir='ltr'><strong>καὶ</strong></span> <span class='ocrx_word' id='word_1_169' title='bbox 868 2076 1022 2130; x_wconf 74' lang='grc' dir='ltr'>οὐδὲν</span> <span class='ocrx_word' id='word_1_170' title='bbox 1053 2075 1186 2145; x_wconf 87' lang='grc' dir='ltr'>πρὸς</span> <span class='ocrx_word' id='word_1_171' title='bbox 1211 2075 1308 2146; x_wconf 77' lang='grc' dir='ltr'>τὴν</span> <span class='ocrx_word' id='word_1_172' title='bbox 1333 2077 1397 2128; x_wconf 81' lang='grc' dir='ltr'>ἐκ</span> <span class='ocrx_word' id='word_1_173' title='bbox 1437 2075 1531 2129; x_wconf 77' lang='grc' dir='ltr'>τοῦ</span> <span class='ocrx_word' id='word_1_174' title='bbox 1565 2075 1800 2138; x_wconf 82' lang='grc' dir='ltr'>θάλπους</span> <span class='ocrx_word' id='word_1_175' title='bbox 1836 2091 1895 2129; x_wconf 90' lang='grc' dir='ltr'><strong>τε</strong></span> <span class='ocrx_word' id='word_1_176' title='bbox 1926 2073 2020 2128; x_wconf 65' lang='grc' dir='ltr'><strong>κα)⁴</strong></span> 
     </span>
    </p>
   </div>
   <div class='ocr_carea' id='block_1_24' title="bbox 2112 891 3689 962">
    <p class='ocr_par' dir='ltr' id='par_1_24' title="bbox 2112 891 3689 962">
     <span class='ocr_line' id='line_1_24' title="bbox 2112 891 3689 962; baseline -0.001 -16"><span class='ocrx_word' id='word_1_177' title='bbox 2112 893 2356 956; x_wconf 81' lang='lat' dir='ltr'><strong>Achaab,</strong></span> <span class='ocrx_word' id='word_1_178' title='bbox 2382 893 2634 947; x_wconf 88' lang='lat' dir='ltr'><strong>mulieris</strong></span> <span class='ocrx_word' id='word_1_179' title='bbox 2664 891 2800 946; x_wconf 90' lang='lat' dir='ltr'><strong>illud</strong></span> <span class='ocrx_word' id='word_1_180' title='bbox 2833 891 3192 960; x_wconf 82' lang='lat' dir='ltr'><strong>mancipium,</strong></span> <span class='ocrx_word' id='word_1_181' title='bbox 3231 899 3284 945; x_wconf 90' lang='lat' dir='ltr'><strong>et</strong></span> <span class='ocrx_word' id='word_1_182' title='bbox 3314 891 3432 961; x_wconf 89' lang='lat' dir='ltr'><strong>ipse</strong></span> <span class='ocrx_word' id='word_1_183' title='bbox 3477 891 3689 962; x_wconf 85' lang='lat' dir='ltr'><strong>patrios</strong></span> 
     </span>
    </p>
   </div>
   <div class='ocr_carea' id='block_1_25' title="bbox 2114 983 3690 1049">
    <p class='ocr_par' dir='ltr' id='par_1_25' title="bbox 2114 983 3690 1049">
     <span class='ocr_line' id='line_1_25' title="bbox 2114 983 3690 1049; baseline -0.002 -12"><span class='ocrx_word' id='word_1_184' title='bbox 2114 985 2257 1039; x_wconf 88' lang='lat' dir='ltr'><strong>ritus</strong></span> <span class='ocrx_word' id='word_1_185' title='bbox 2309 999 2594 1038; x_wconf 89' lang='lat' dir='ltr'><strong>sacrorum</strong></span> <span class='ocrx_word' id='word_1_186' title='bbox 2654 983 3013 1049; x_wconf 86' lang='lat' dir='ltr'><strong>deseruisset,</strong></span> <span class='ocrx_word' id='word_1_187' title='bbox 3053 983 3270 1037; x_wconf 82' lang='lat' dir='ltr'><strong>mulieri</strong></span> <span class='ocrx_word' id='word_1_188' title='bbox 3329 983 3572 1037; x_wconf 70' lang='lat' dir='ltr'><strong>delicatae</strong></span> <span class='ocrx_word' id='word_1_189' title='bbox 3628 997 3690 1035; x_wconf 87' lang='lat' dir='ltr'><strong>ac</strong></span> 
     </span>
    </p>
   </div>
   <div class='ocr_carea' id='block_1_26' title="bbox 2115 1073 3688 1142">
    <p class='ocr_par' dir='ltr' id='par_1_26' title="bbox 2115 1073 3688 1142">
     <span class='ocr_line' id='line_1_26' title="bbox 2115 1073 3688 1142; baseline -0.001 -12"><span class='ocrx_word' id='word_1_190' title='bbox 2115 1076 2263 1130; x_wconf 87' lang='lat' dir='ltr'><strong>molli</strong></span> <span class='ocrx_word' id='word_1_191' title='bbox 2301 1077 2574 1130; x_wconf 84' lang='lat' dir='ltr'><strong>obnoxius</strong></span> <span class='ocrx_word' id='word_1_192' title='bbox 2613 1074 2813 1139; x_wconf 77' lang='lat' dir='ltr'><strong>lactus,</strong></span> <span class='ocrx_word' id='word_1_193' title='bbox 2843 1083 2897 1128; x_wconf 84' lang='lat' dir='ltr'><strong>et</strong></span> <span class='ocrx_word' id='word_1_194' title='bbox 2939 1089 3036 1142; x_wconf 88' lang='lat' dir='ltr'><strong>per</strong></span> <span class='ocrx_word' id='word_1_195' title='bbox 3071 1073 3218 1127; x_wconf 85' lang='lat' dir='ltr'><strong>illam</strong></span> <span class='ocrx_word' id='word_1_196' title='bbox 3260 1075 3433 1129; x_wconf 90' lang='lat' dir='ltr'><strong>ascito</strong></span> <span class='ocrx_word' id='word_1_197' title='bbox 3460 1075 3688 1129; x_wconf 86' lang='lat' dir='ltr'><strong>simula-</strong></span> 
     </span>
    </p>
   </div>
   <div class='ocr_carea' id='block_1_27' title="bbox 2115 1165 3687 1232">
    <p class='ocr_par' dir='ltr' id='par_1_27' title="bbox 2115 1165 3687 1232">
     <span class='ocr_line' id='line_1_27' title="bbox 2115 1165 3687 1232; baseline -0.003 -10"><span class='ocrx_word' id='word_1_198' title='bbox 2115 1182 2336 1222; x_wconf 90' lang='lat' dir='ltr'><strong>crorum</strong></span> <span class='ocrx_word' id='word_1_199' title='bbox 2390 1181 2596 1232; x_wconf 90' lang='lat' dir='ltr'><strong>errore,</strong></span> <span class='ocrx_word' id='word_1_200' title='bbox 2668 1165 2735 1219; x_wconf 91' lang='lat' dir='ltr'><strong>ad</strong></span> <span class='ocrx_word' id='word_1_201' title='bbox 2789 1165 3034 1221; x_wconf 83' lang='lat' dir='ltr'><strong>eamdem</strong></span> <span class='ocrx_word' id='word_1_202' title='bbox 3093 1179 3278 1219; x_wconf 90' lang='lat' dir='ltr'><strong>secum</strong></span> <span class='ocrx_word' id='word_1_203' title='bbox 3328 1165 3687 1220; x_wconf 81' lang='lat' dir='ltr'><strong>defectionem</strong></span> 
     </span>
    </p>
   </div>
   <div class='ocr_carea' id='block_1_28' title="bbox 2115 1255 3692 1329">
    <p class='ocr_par' dir='ltr' id='par_1_28' title="bbox 2115 1255 3692 1329">
     <span class='ocr_line' id='line_1_28' title="bbox 2115 1255 3692 1329; baseline -0.001 -17"><span class='ocrx_word' id='word_1_204' title='bbox 2115 1258 2478 1314; x_wconf 86' lang='lat' dir='ltr'><strong>lsraeliticum</strong></span> <span class='ocrx_word' id='word_1_205' title='bbox 2511 1258 2772 1329; x_wconf 82' lang='lat' dir='ltr'><strong>pepulum</strong></span> <span class='ocrx_word' id='word_1_206' title='bbox 2817 1257 3098 1320; x_wconf 80' lang='lat' dir='ltr'><strong>traxisset,</strong></span> <span class='ocrx_word' id='word_1_207' title='bbox 3141 1264 3269 1310; x_wconf 92' lang='lat' dir='ltr'><strong>tunc</strong></span> <span class='ocrx_word' id='word_1_208' title='bbox 3301 1255 3444 1311; x_wconf 84' lang='lat' dir='ltr'><strong>Deus</strong></span> <span class='ocrx_word' id='word_1_209' title='bbox 3473 1257 3692 1312; x_wconf 79' lang='lat' dir='ltr'><strong>exhibet</strong></span> 
     </span>
    </p>
   </div>
   <div class='ocr_carea' id='block_1_29' title="bbox 2117 1345 3690 1418">
    <p class='ocr_par' dir='ltr' id='par_1_29' title="bbox 2117 1345 3690 1418">
     <span class='ocr_line' id='line_1_29' title="bbox 2117 1345 3690 1418; baseline 0 -16"><span class='ocrx_word' id='word_1_210' title='bbox 2117 1348 2312 1414; x_wconf 89' lang='lat' dir='ltr'><strong>Eliam,</strong></span> <span class='ocrx_word' id='word_1_211' title='bbox 2349 1349 2444 1418; x_wconf 91' lang='lat' dir='ltr'><strong>qui</strong></span> <span class='ocrx_word' id='word_1_212' title='bbox 2496 1347 2862 1418; x_wconf 80' lang='lat' dir='ltr'><strong>magnitudini</strong></span> <span class='ocrx_word' id='word_1_213' title='bbox 2911 1345 3193 1401; x_wconf 84' lang='lat' dir='ltr'><strong>hominum</strong></span> <span class='ocrx_word' id='word_1_214' title='bbox 3228 1347 3402 1400; x_wconf 85' lang='lat' dir='ltr'><strong>morbi</strong></span> <span class='ocrx_word' id='word_1_215' title='bbox 3436 1363 3595 1416; x_wconf 89' lang='lat' dir='ltr'><strong>pares</strong></span> <span class='ocrx_word' id='word_1_216' title='bbox 3623 1346 3690 1401; x_wconf 90' lang='lat' dir='ltr'><strong>ad</strong></span> 
     </span>
    </p>
   </div>
   <div class='ocr_carea' id='block_1_30' title="bbox 2117 1437 3695 1507">
    <p class='ocr_par' dir='ltr' id='par_1_30' title="bbox 2117 1437 3695 1507">
     <span class='ocr_line' id='line_1_30' title="bbox 2117 1437 3695 1507; baseline -0.002 -14"><span class='ocrx_word' id='word_1_217' title='bbox 2117 1439 2424 1494; x_wconf 88' lang='lat' dir='ltr'><strong>sanandum</strong></span> <span class='ocrx_word' id='word_1_218' title='bbox 2457 1439 2605 1493; x_wconf 88' lang='lat' dir='ltr'><strong>vires</strong></span> <span class='ocrx_word' id='word_1_219' title='bbox 2637 1438 2885 1504; x_wconf 89' lang='lat' dir='ltr'><strong>haberet,</strong></span> <span class='ocrx_word' id='word_1_220' title='bbox 2912 1441 3116 1501; x_wconf 90' lang='lat' dir='ltr'><strong>virum,</strong></span> <span class='ocrx_word' id='word_1_221' title='bbox 3140 1437 3234 1507; x_wconf 91' lang='lat' dir='ltr'><strong>qui</strong></span> <span class='ocrx_word' id='word_1_222' title='bbox 3261 1437 3600 1493; x_wconf 88' lang='lat' dir='ltr'><strong>curationem</strong></span> <span class='ocrx_word' id='word_1_223' title='bbox 3639 1445 3695 1493; x_wconf 88' lang='lat' dir='ltr'><strong>et</strong></span> 
     </span>
    </p>
   </div>
   <div class='ocr_carea' id='block_1_31' title="bbox 2117 1528 3691 1600">
    <p class='ocr_par' dir='ltr' id='par_1_31' title="bbox 2117 1528 3691 1600">
     <span class='ocr_line' id='line_1_31' title="bbox 2117 1528 3691 1600; baseline -0.002 -15"><span class='ocrx_word' id='word_1_224' title='bbox 2117 1531 2326 1585; x_wconf 89' lang='lat' dir='ltr'><strong>cultum</strong></span> <span class='ocrx_word' id='word_1_225' title='bbox 2371 1529 2622 1598; x_wconf 91' lang='lat' dir='ltr'><strong>corporis</strong></span> <span class='ocrx_word' id='word_1_226' title='bbox 2673 1529 3000 1600; x_wconf 86' lang='lat' dir='ltr'><strong>despiceret,</strong></span> <span class='ocrx_word' id='word_1_227' title='bbox 3059 1528 3200 1584; x_wconf 84' lang='lat' dir='ltr'><strong>facie</strong></span> <span class='ocrx_word' id='word_1_228' title='bbox 3259 1528 3553 1598; x_wconf 86' lang='lat' dir='ltr'><strong>squalenti,</strong></span> <span class='ocrx_word' id='word_1_229' title='bbox 3597 1529 3691 1598; x_wconf 91' lang='lat' dir='ltr'><strong>qui</strong></span> 
     </span>
    </p>
   </div>
   <div class='ocr_carea' id='block_1_32' title="bbox 2118 1620 3690 1690">
    <p class='ocr_par' dir='ltr' id='par_1_32' title="bbox 2118 1620 3690 1690">
     <span class='ocr_line' id='line_1_32' title="bbox 2118 1620 3690 1690; baseline -0.003 -14"><span class='ocrx_word' id='word_1_230' title='bbox 2118 1621 2472 1676; x_wconf 87' lang='lat' dir='ltr'><strong>multitudine</strong></span> <span class='ocrx_word' id='word_1_231' title='bbox 2512 1637 2740 1677; x_wconf 90' lang='lat' dir='ltr'><strong>suorum</strong></span> <span class='ocrx_word' id='word_1_232' title='bbox 2786 1622 3024 1676; x_wconf 89' lang='lat' dir='ltr'><strong>crinium</strong></span> <span class='ocrx_word' id='word_1_233' title='bbox 3081 1620 3536 1685; x_wconf 89' lang='lat' dir='ltr'><strong>obumbraretur,</strong></span> <span class='ocrx_word' id='word_1_234' title='bbox 3598 1621 3690 1690; x_wconf 91' lang='lat' dir='ltr'><strong>qui</strong></span> 
     </span>
    </p>
   </div>
   <div class='ocr_carea' id='block_1_33' title="bbox 2119 1713 3692 1786">
    <p class='ocr_par' dir='ltr' id='par_1_33' title="bbox 2119 1713 3692 1786">
     <span class='ocr_line' id='line_1_33' title="bbox 2119 1713 3692 1786; baseline -0.002 -17"><span class='ocrx_word' id='word_1_235' title='bbox 2119 1714 2383 1786; x_wconf 86' lang='lat' dir='ltr'><strong>peculiari</strong></span> <span class='ocrx_word' id='word_1_236' title='bbox 2411 1713 2572 1768; x_wconf 91' lang='lat' dir='ltr'><strong>modo</strong></span> <span class='ocrx_word' id='word_1_237' title='bbox 2613 1714 2830 1768; x_wconf 85' lang='lat' dir='ltr'><strong>vivendi</strong></span> <span class='ocrx_word' id='word_1_238' title='bbox 2866 1721 3132 1781; x_wconf 88' lang='lat' dir='ltr'><strong>uteretur,</strong></span> <span class='ocrx_word' id='word_1_239' title='bbox 3164 1723 3391 1784; x_wconf 88' lang='lat' dir='ltr'><strong>aspectu</strong></span> <span class='ocrx_word' id='word_1_240' title='bbox 3422 1727 3692 1768; x_wconf 85' lang='lat' dir='ltr'><strong>veneran-</strong></span> 
     </span>
    </p>
   </div>
   <div class='ocr_carea' id='block_1_34' title="bbox 2119 1793 3698 1876">
    <p class='ocr_par' dir='ltr' id='par_1_34' title="bbox 2119 1793 3698 1876">
     <span class='ocr_line' id='line_1_34' title="bbox 2119 1793 3698 1876; baseline -0.003 -14"><span class='ocrx_word' id='word_1_241' title='bbox 2119 1807 2274 1870; x_wconf 86' lang='lat' dir='ltr'><strong>dum,</strong></span> <span class='ocrx_word' id='word_1_242' title='bbox 2307 1807 2462 1862; x_wconf 85' lang='lat' dir='ltr'><strong>vultu</strong></span> <span class='ocrx_word' id='word_1_243' title='bbox 2496 1793 2646 1861; x_wconf 11' lang='lat' dir='ltr'><strong>tristi.</strong></span> <span class='ocrx_word' id='word_1_244' title='bbox 2689 1819 2754 1860; x_wconf 87' lang='lat' dir='ltr'><strong>ac</strong></span> <span class='ocrx_word' id='word_1_245' title='bbox 2810 1805 2956 1860; x_wconf 89' lang='lat' dir='ltr'><strong>risus</strong></span> <span class='ocrx_word' id='word_1_246' title='bbox 3014 1807 3245 1876; x_wconf 81' lang='lat' dir='ltr'><strong>experti,</strong></span> <span class='ocrx_word' id='word_1_247' title='bbox 3280 1805 3474 1860; x_wconf 83' lang='lat' dir='ltr'><strong>obtutu</strong></span> <span class='ocrx_word' id='word_1_248' title='bbox 3506 1803 3698 1858; x_wconf 89' lang='lat' dir='ltr'><strong>oculo-</strong></span> 
     </span>
    </p>
   </div>
   <div class='ocr_carea' id='block_1_35' title="bbox 2121 1895 3698 1967">
    <p class='ocr_par' dir='ltr' id='par_1_35' title="bbox 2121 1895 3698 1967">
     <span class='ocr_line' id='line_1_35' title="bbox 2121 1895 3698 1967; baseline -0.003 -15"><span class='ocrx_word' id='word_1_249' title='bbox 2121 1914 2242 1952; x_wconf 91' lang='lat' dir='ltr'><strong>rum</strong></span> <span class='ocrx_word' id='word_1_250' title='bbox 2275 1907 2428 1953; x_wconf 90' lang='lat' dir='ltr'><strong>recto</strong></span> <span class='ocrx_word' id='word_1_251' title='bbox 2461 1907 2516 1954; x_wconf 89' lang='lat' dir='ltr'><strong>et</strong></span> <span class='ocrx_word' id='word_1_252' title='bbox 2541 1897 2732 1952; x_wconf 88' lang='lat' dir='ltr'><strong>eodem</strong></span> <span class='ocrx_word' id='word_1_253' title='bbox 2763 1913 2871 1967; x_wconf 91' lang='lat' dir='ltr'><strong>quo</strong></span> <span class='ocrx_word' id='word_1_254' title='bbox 2903 1897 3515 1966; x_wconf 70' lang='lat' dir='ltr'><strong>intendisset‘vergenti,</strong></span> <span class='ocrx_word' id='word_1_255' title='bbox 3561 1895 3698 1964; x_wconf 82' lang='lat' dir='ltr'><strong>pelle</strong></span> 
     </span>
    </p>
   </div>
   <div class='ocr_carea' id='block_1_36' title="bbox 2121 1988 3698 2060">
    <p class='ocr_par' dir='ltr' id='par_1_36' title="bbox 2121 1988 3698 2060">
     <span class='ocr_line' id='line_1_36' title="bbox 2121 1988 3698 2060; baseline -0.003 -15"><span class='ocrx_word' id='word_1_256' title='bbox 2121 1991 2347 2060; x_wconf 88' lang='lat' dir='ltr'><strong>caprina</strong></span> <span class='ocrx_word' id='word_1_257' title='bbox 2379 1997 2590 2044; x_wconf 88' lang='lat' dir='ltr'><strong>tantum</strong></span> <span class='ocrx_word' id='word_1_258' title='bbox 2615 1989 2680 2045; x_wconf 93' lang='lat' dir='ltr'><strong>de</strong></span> <span class='ocrx_word' id='word_1_259' title='bbox 2697 2005 2930 2060; x_wconf 90' lang='lat' dir='ltr'><strong>corpore</strong></span> <span class='ocrx_word' id='word_1_260' title='bbox 2957 1997 3252 2059; x_wconf 85' lang='lat' dir='ltr'><strong>tegentem,</strong></span> <span class='ocrx_word' id='word_1_261' title='bbox 3275 1996 3542 2059; x_wconf 86' lang='lat' dir='ltr'><strong>quantum</strong></span> <span class='ocrx_word' id='word_1_262' title='bbox 3571 1988 3698 2041; x_wconf 87' lang='lat' dir='ltr'><strong>abs-</strong></span> 
     </span>
    </p>
   </div>
   <div class='ocr_carea' id='block_1_37' title="bbox 2121 2080 3698 2152">
    <p class='ocr_par' dir='ltr' id='par_1_37' title="bbox 2121 2080 3698 2152">
     <span class='ocr_line' id='line_1_37' title="bbox 2121 2080 3698 2152; baseline -0.001 -16"><span class='ocrx_word' id='word_1_263' title='bbox 2121 2083 2285 2137; x_wconf 88' lang='lat' dir='ltr'><strong>condi</strong></span> <span class='ocrx_word' id='word_1_264' title='bbox 2319 2083 2493 2152; x_wconf 83' lang='lat' dir='ltr'><strong>magis</strong></span> <span class='ocrx_word' id='word_1_265' title='bbox 2537 2082 2799 2137; x_wconf 90' lang='lat' dir='ltr'><strong>decorum</strong></span> <span class='ocrx_word' id='word_1_266' title='bbox 2845 2090 2952 2147; x_wconf 89' lang='lat' dir='ltr'><strong>est,</strong></span> <span class='ocrx_word' id='word_1_267' title='bbox 2999 2083 3211 2152; x_wconf 91' lang='lat' dir='ltr'><strong>reliqua</strong></span> <span class='ocrx_word' id='word_1_268' title='bbox 3249 2089 3405 2151; x_wconf 88' lang='lat' dir='ltr'><strong>parte</strong></span> <span class='ocrx_word' id='word_1_269' title='bbox 3449 2080 3698 2151; x_wconf 88' lang='lat' dir='ltr'><strong>corporis</strong></span> 
     </span>
    </p>
   </div>
   <div class='ocr_carea' id='block_1_38' title="bbox 441 2161 2031 2248">
    <p class='ocr_par' dir='ltr' id='par_1_38' title="bbox 441 2161 2022 2248">
     <span class='ocr_line' id='line_1_38' title="bbox 441 2161 2022 2248; baseline -0.008 -20"><span class='ocrx_word' id='word_1_270' title='bbox 441 2174 642 2248; x_wconf 78' lang='grc' dir='ltr'>κρύους</span> <span class='ocrx_word' id='word_1_271' title='bbox 669 2168 982 2241; x_wconf 82' lang='grc' dir='ltr'>ἀνωμαλίαν</span> <span class='ocrx_word' id='word_1_272' title='bbox 1013 2167 1488 2241; x_wconf 76' lang='grc' dir='ltr'>ἐπιστρεφόμενον.</span> <span class='ocrx_word' id='word_1_273' title='bbox 1524 2167 1618 2229; x_wconf 84' lang='grc' dir='ltr'>Ὃς</span> <span class='ocrx_word' id='word_1_274' title='bbox 1635 2165 1928 2235; x_wconf 74' lang='grc' dir='ltr'>ἀναφανεὶς</span> <span class='ocrx_word' id='word_1_275' title='bbox 1945 2161 2022 2233; x_wconf 82' lang='grc' dir='ltr'>τῷ</span> 
     </span>
    </p>
   </div>
   <div class='ocr_carea' id='block_1_39' title="bbox 2134 2161 3702 2248">
    <p class='ocr_par' dir='ltr' id='par_1_39' title="bbox 2134 2171 3702 2244">
     <span class='ocr_line' id='line_1_39' title="bbox 2134 2171 3702 2244; baseline -0.003 -16"><span class='ocrx_word' id='word_1_276' title='bbox 2134 2175 2193 2230; x_wconf 77' lang='lat' dir='ltr'><strong>ad</strong></span> <span class='ocrx_word' id='word_1_277' title='bbox 2217 2188 2343 2230; x_wconf 82' lang='lat' dir='ltr'><strong>aera</strong></span> <span class='ocrx_word' id='word_1_278' title='bbox 2379 2173 2785 2244; x_wconf 88' lang='lat' dir='ltr'><strong>perdurantem,</strong></span> <span class='ocrx_word' id='word_1_279' title='bbox 2819 2180 2874 2228; x_wconf 91' lang='lat' dir='ltr'><strong>et</strong></span> <span class='ocrx_word' id='word_1_280' title='bbox 2906 2173 3044 2227; x_wconf 88' lang='lat' dir='ltr'><strong>nihil</strong></span> <span class='ocrx_word' id='word_1_281' title='bbox 3089 2173 3433 2242; x_wconf 87' lang='lat' dir='ltr'><strong>iniquitatem</strong></span> <span class='ocrx_word' id='word_1_282' title='bbox 3465 2180 3520 2227; x_wconf 89' lang='lat' dir='ltr'><strong>et</strong></span> <span class='ocrx_word' id='word_1_283' title='bbox 3557 2171 3702 2239; x_wconf 89' lang='lat' dir='ltr'><strong>inju-</strong></span> 
     </span>
    </p>
   </div>
   <div class='ocr_carea' id='block_1_40' title="bbox 439 2253 2020 2334">
    <p class='ocr_par' dir='ltr' id='par_1_40' title="bbox 439 2253 2020 2334">
     <span class='ocr_line' id='line_1_40' title="bbox 439 2253 2020 2334; baseline -0.005 -18"><span class='ocrx_word' id='word_1_284' title='bbox 439 2263 571 2334; x_wconf 78' lang='grc' dir='ltr'>λαῷ,</span> <span class='ocrx_word' id='word_1_285' title='bbox 605 2266 668 2334; x_wconf 84' lang='grc' dir='ltr'>τῇ</span> <span class='ocrx_word' id='word_1_286' title='bbox 697 2278 754 2314; x_wconf 90' lang='grc' dir='ltr'><strong>τε</strong></span> <span class='ocrx_word' id='word_1_287' title='bbox 800 2259 887 2314; x_wconf 88' lang='grc' dir='ltr'><strong>διά</strong></span> <span class='ocrx_word' id='word_1_288' title='bbox 940 2259 1033 2312; x_wconf 81' lang='grc' dir='ltr'>τοῦ</span> <span class='ocrx_word' id='word_1_289' title='bbox 1079 2256 1239 2330; x_wconf 79' lang='grc' dir='ltr'>λιμοῦ</span> <span class='ocrx_word' id='word_1_290' title='bbox 1289 2257 1511 2328; x_wconf 82' lang='grc' dir='ltr'>μάστιγι</span> <span class='ocrx_word' id='word_1_291' title='bbox 1564 2255 1884 2326; x_wconf 76' lang='grc' dir='ltr'>σωφρονίζει</span> <span class='ocrx_word' id='word_1_292' title='bbox 1930 2253 2020 2308; x_wconf 88' lang='grc' dir='ltr'><strong>τὸν</strong></span> 
     </span>
    </p>
   </div>
   <div class='ocr_carea' id='block_1_41' title="bbox 455 2347 2018 2428">
    <p class='ocr_par' dir='ltr' id='par_1_41' title="bbox 455 2347 2018 2428">
     <span class='ocr_line' id='line_1_41' title="bbox 455 2347 2018 2428; baseline -0.007 -18"><span class='ocrx_word' id='word_1_293' title='bbox 455 2355 690 2428; x_wconf 75' lang='grc' dir='ltr'>Ἰσραὴλ,</span> <span class='ocrx_word' id='word_1_294' title='bbox 743 2352 994 2423; x_wconf 82' lang='grc' dir='ltr'>καθάπερ</span> <span class='ocrx_word' id='word_1_295' title='bbox 1034 2351 1140 2404; x_wconf 81' lang='grc' dir='ltr'>τινὶ</span> <span class='ocrx_word' id='word_1_296' title='bbox 1199 2349 1438 2422; x_wconf 87' lang='grc' dir='ltr'>σκυτάλῃ</span> <span class='ocrx_word' id='word_1_297' title='bbox 1483 2351 1548 2420; x_wconf 83' lang='grc' dir='ltr'>τῇ</span> <span class='ocrx_word' id='word_1_298' title='bbox 1582 2347 1806 2421; x_wconf 79' lang='grc' dir='ltr'>τοιαύτῃ</span> <span class='ocrx_word' id='word_1_299' title='bbox 1838 2347 2018 2418; x_wconf 80' lang='grc' dir='ltr'>πληγῇ</span> 
     </span>
    </p>
   </div>
   <div class='ocr_carea' id='block_1_42' title="bbox 440 2437 2022 2518">
    <p class='ocr_par' dir='ltr' id='par_1_42' title="bbox 440 2437 2022 2518">
     <span class='ocr_line' id='line_1_42' title="bbox 440 2437 2022 2518; baseline -0.003 -20"><span class='ocrx_word' id='word_1_300' title='bbox 440 2448 543 2518; x_wconf 76' lang='grc' dir='ltr'>τῆς</span> <span class='ocrx_word' id='word_1_301' title='bbox 571 2446 794 2510; x_wconf 78' lang='grc' dir='ltr'>ἀταξίας</span> <span class='ocrx_word' id='word_1_302' title='bbox 831 2445 922 2498; x_wconf 78' lang='grc' dir='ltr'><strong>τοῦ</strong></span> <span class='ocrx_word' id='word_1_303' title='bbox 961 2442 1087 2495; x_wconf 84' lang='grc' dir='ltr'>λαοῦ</span> <span class='ocrx_word' id='word_1_304' title='bbox 1119 2439 1528 2510; x_wconf 79' lang='grc' dir='ltr'>καθαπτόμενος</span> <span class='ocrx_word' id='word_1_305' title='bbox 1549 2453 1562 2468; x_wconf 89' lang='grc'><strong>·</strong></span> <span class='ocrx_word' id='word_1_306' title='bbox 1600 2439 1738 2510; x_wconf 82' lang='grc' dir='ltr'>μετὰ</span> <span class='ocrx_word' id='word_1_307' title='bbox 1765 2438 1938 2492; x_wconf 79' lang='grc' dir='ltr'>ταῦτα</span> <span class='ocrx_word' id='word_1_308' title='bbox 1965 2437 2022 2494; x_wconf 83' lang='grc' dir='ltr'><strong>δὲ</strong></span> 
     </span>
    </p>
   </div>
   <div class='ocr_carea' id='block_1_43' title="bbox 445 2528 2024 2607">
    <p class='ocr_par' dir='ltr' id='par_1_43' title="bbox 445 2528 2024 2607">
     <span class='ocr_line' id='line_1_43' title="bbox 445 2528 2024 2607; baseline -0.008 -16"><span class='ocrx_word' id='word_1_309' title='bbox 445 2539 538 2592; x_wconf 76' lang='grc' dir='ltr'><strong>καὶ</strong></span> <span class='ocrx_word' id='word_1_310' title='bbox 563 2536 641 2607; x_wconf 83' lang='grc' dir='ltr'><strong>τῷ</strong></span> <span class='ocrx_word' id='word_1_311' title='bbox 670 2535 798 2606; x_wconf 83' lang='grc' dir='ltr'>θείῳ</span> <span class='ocrx_word' id='word_1_312' title='bbox 844 2533 978 2603; x_wconf 76' lang='grc' dir='ltr'>πυρὶ</span> <span class='ocrx_word' id='word_1_313' title='bbox 1023 2529 1102 2600; x_wconf 81' lang='grc' dir='ltr'>τῷ</span> <span class='ocrx_word' id='word_1_314' title='bbox 1144 2529 1271 2600; x_wconf 66' lang='grc' dir='ltr'><strong>οῖιερλ⁸</strong></span> <span class='ocrx_word' id='word_1_315' title='bbox 1319 2528 1417 2600; x_wconf 80' lang='grc' dir='ltr'>τὴν</span> <span class='ocrx_word' id='word_1_316' title='bbox 1459 2529 1768 2599; x_wconf 82' lang='grc' dir='ltr'>ἱερουργίαν</span> <span class='ocrx_word' id='word_1_317' title='bbox 1797 2543 2024 2597; x_wconf 89' lang='grc' dir='ltr'>γεγενη-</span> 
     </span>
    </p>
   </div>
   <div class='ocr_carea' id='block_1_44' title="bbox 447 2613 2022 2700">
    <p class='ocr_par' dir='ltr' id='par_1_44' title="bbox 447 2613 2022 2700">
     <span class='ocr_line' id='line_1_44' title="bbox 447 2613 2022 2700; baseline -0.007 -20"><span class='ocrx_word' id='word_1_318' title='bbox 447 2627 590 2700; x_wconf 79' lang='grc' dir='ltr'>μένῳ</span> <span class='ocrx_word' id='word_1_319' title='bbox 612 2623 903 2696; x_wconf 72' lang='grc' dir='ltr'>θεραπεύει</span> <span class='ocrx_word' id='word_1_320' title='bbox 933 2621 1029 2691; x_wconf 83' lang='grc' dir='ltr'>τὴν</span> <span class='ocrx_word' id='word_1_321' title='bbox 1059 2620 1188 2690; x_wconf 74' lang='grc' dir='ltr'>περὶ</span> <span class='ocrx_word' id='word_1_322' title='bbox 1215 2619 1282 2673; x_wconf 81' lang='grc' dir='ltr'>τὰ</span> <span class='ocrx_word' id='word_1_323' title='bbox 1314 2617 1508 2672; x_wconf 74' lang='grc' dir='ltr'>εἴδωλα</span> <span class='ocrx_word' id='word_1_324' title='bbox 1529 2618 1701 2671; x_wconf 86' lang='grc' dir='ltr'>νόσον.</span> <span class='ocrx_word' id='word_1_325' title='bbox 1745 2613 1880 2670; x_wconf 82' lang='grc' dir='ltr'>Εἶτα</span> <span class='ocrx_word' id='word_1_326' title='bbox 1905 2618 2022 2688; x_wconf 76' lang='grc' dir='ltr'>μετ’</span> 
     </span>
    </p>
   </div>
   <div class='ocr_carea' id='block_1_45' title="bbox 445 2707 2025 2781">
    <p class='ocr_par' dir='ltr' id='par_1_45' title="bbox 445 2707 2025 2781">
     <span class='ocr_line' id='line_1_45' title="bbox 445 2707 2025 2781; baseline -0.009 -8"><span class='ocrx_word' id='word_1_327' title='bbox 445 2723 648 2773; x_wconf 79' lang='grc' dir='ltr'>ἐκεῖνον</span> <span class='ocrx_word' id='word_1_328' title='bbox 685 2715 840 2777; x_wconf 80' lang='grc' dir='ltr'>ἄλλος</span> <span class='ocrx_word' id='word_1_329' title='bbox 873 2715 1078 2774; x_wconf 77' lang='grc' dir='ltr'>ἐκεῖνος</span> <span class='ocrx_word' id='word_1_330' title='bbox 1103 2709 1334 2781; x_wconf 83' lang='grc' dir='ltr'>’χρόνοις</span> <span class='ocrx_word' id='word_1_331' title='bbox 1373 2708 1596 2778; x_wconf 80' lang='grc' dir='ltr'>ὕστερον</span> <span class='ocrx_word' id='word_1_332' title='bbox 1627 2707 1866 2762; x_wconf 83' lang='grc' dir='ltr'>πλείοσιν</span> <span class='ocrx_word' id='word_1_333' title='bbox 1893 2709 2025 2764; x_wconf 87' lang='grc' dir='ltr'>ἀνα-</span> 
     </span>
    </p>
   </div>
   <div class='ocr_carea' id='block_1_46' title="bbox 445 2800 2026 2885">
    <p class='ocr_par' dir='ltr' id='par_1_46' title="bbox 445 2800 2026 2885">
     <span class='ocr_line' id='line_1_46' title="bbox 445 2800 2026 2885; baseline -0.008 -17"><span class='ocrx_word' id='word_1_334' title='bbox 445 2815 714 2885; x_wconf 77' lang='grc' dir='ltr'>φαίνεται,</span> <span class='ocrx_word' id='word_1_335' title='bbox 766 2811 794 2863; x_wconf 88' lang='lat'><strong>6</strong></span> <span class='ocrx_word' id='word_1_336' title='bbox 842 2811 898 2862; x_wconf 86' lang='grc' dir='ltr'><strong>ὲν</strong></span> <span class='ocrx_word' id='word_1_337' title='bbox 946 2806 1215 2876; x_wconf 83' lang='grc' dir='ltr'>πνεύματι</span> <span class='ocrx_word' id='word_1_338' title='bbox 1267 2804 1362 2856; x_wconf 69' lang='grc' dir='ltr'>καὶ</span> <span class='ocrx_word' id='word_1_339' title='bbox 1413 2801 1636 2872; x_wconf 79' lang='grc' dir='ltr'>δυνάμει</span> <span class='ocrx_word' id='word_1_340' title='bbox 1702 2801 1882 2855; x_wconf 87' lang='grc' dir='ltr'>Ἠλίου</span> <span class='ocrx_word' id='word_1_341' title='bbox 1915 2800 2026 2871; x_wconf 64' lang='grc' dir='ltr'>,διὰ</span> 
     </span>
    </p>
   </div>
   <div class='ocr_carea' id='block_1_47' title="bbox 447 2893 2026 2977">
    <p class='ocr_par' dir='ltr' id='par_1_47' title="bbox 447 2893 2026 2977">
     <span class='ocr_line' id='line_1_47' title="bbox 447 2893 2026 2977; baseline -0.011 -16"><span class='ocrx_word' id='word_1_342' title='bbox 447 2906 713 2977; x_wconf 54' lang='grc' dir='ltr'>Ζαχαρίου</span> <span class='ocrx_word' id='word_1_343' title='bbox 767 2903 861 2956; x_wconf 71' lang='grc' dir='ltr'>καὶ</span> <span class='ocrx_word' id='word_1_344' title='bbox 929 2899 1206 2954; x_wconf 78' lang='grc' dir='ltr'>Ἐλισάὸετ</span> <span class='ocrx_word' id='word_1_345' title='bbox 1256 2895 1596 2966; x_wconf 78' lang='grc' dir='ltr'>ἐπιδημήσας</span> <span class='ocrx_word' id='word_1_346' title='bbox 1644 2893 1722 2964; x_wconf 83' lang='grc' dir='ltr'>τῷ</span> <span class='ocrx_word' id='word_1_347' title='bbox 1756 2893 1876 2964; x_wconf 85' lang='grc' dir='ltr'>βίῳ,</span> <span class='ocrx_word' id='word_1_348' title='bbox 1931 2893 2026 2946; x_wconf 77' lang='grc' dir='ltr'><strong>καὶ</strong></span> 
     </span>
    </p>
   </div>
   <div class='ocr_carea' id='block_1_48' title="bbox 449 2983 2028 3060">
    <p class='ocr_par' dir='ltr' id='par_1_48' title="bbox 449 2983 2028 3060">
     <span class='ocr_line' id='line_1_48' title="bbox 449 2983 2028 3060; baseline -0.011 -6"><span class='ocrx_word' id='word_1_349' title='bbox 449 3001 594 3054; x_wconf 75' lang='grc' dir='ltr'>ἅπαν</span> <span class='ocrx_word' id='word_1_350' title='bbox 645 2997 705 3049; x_wconf 83' lang='grc' dir='ltr'><strong>τὸ</strong></span> <span class='ocrx_word' id='word_1_351' title='bbox 763 2994 914 3056; x_wconf 72' lang='grc' dir='ltr'>ἔθνος</span> <span class='ocrx_word' id='word_1_352' title='bbox 971 2988 1408 3060; x_wconf 77' lang='grc' dir='ltr'>ὲξεκκλησιάζων</span> <span class='ocrx_word' id='word_1_353' title='bbox 1464 2989 1524 3041; x_wconf 83' lang='grc' dir='ltr'>ὲν</span> <span class='ocrx_word' id='word_1_354' title='bbox 1574 2989 1639 3057; x_wconf 83' lang='grc' dir='ltr'>τῇ</span> <span class='ocrx_word' id='word_1_355' title='bbox 1693 2989 1882 3057; x_wconf 79' lang='grc' dir='ltr'>ἐρήμῳ</span> <span class='ocrx_word' id='word_1_356' title='bbox 1938 2983 2028 3038; x_wconf 81' lang='grc' dir='ltr'>διὰ</span> 
     </span>
    </p>
   </div>
   <div class='ocr_carea' id='block_1_49' title="bbox 449 3077 2028 3162">
    <p class='ocr_par' dir='ltr' id='par_1_49' title="bbox 449 3077 2028 3162">
     <span class='ocr_line' id='line_1_49' title="bbox 449 3077 2028 3162; baseline -0.009 -18"><span class='ocrx_word' id='word_1_357' title='bbox 449 3089 824 3162; x_wconf 77' lang='grc' dir='ltr'>κηρύγματος,</span> <span class='ocrx_word' id='word_1_358' title='bbox 875 3087 968 3138; x_wconf 66' lang='grc' dir='ltr'><strong>καὶ</strong></span> <span class='ocrx_word' id='word_1_359' title='bbox 1011 3084 1071 3136; x_wconf 86' lang='grc' dir='ltr'><strong>τὸ</strong></span> <span class='ocrx_word' id='word_1_360' title='bbox 1101 3081 1193 3134; x_wconf 76' lang='grc' dir='ltr'>ἐπὶ</span> <span class='ocrx_word' id='word_1_361' title='bbox 1236 3079 1313 3152; x_wconf 78' lang='grc' dir='ltr'>τῷ</span> <span class='ocrx_word' id='word_1_362' title='bbox 1351 3079 1542 3150; x_wconf 78' lang='grc' dir='ltr'>αἵματι</span> <span class='ocrx_word' id='word_1_363' title='bbox 1578 3077 1686 3131; x_wconf 83' lang='grc' dir='ltr'>τῶν</span> <span class='ocrx_word' id='word_1_364' title='bbox 1733 3077 2028 3147; x_wconf 72' lang='grc' dir='ltr'>προφητῶν</span> 
     </span>
    </p>
   </div>
   <div class='ocr_carea' id='block_1_50' title="bbox 368 3167 2030 3252">
    <p class='ocr_par' dir='ltr' id='par_1_50' title="bbox 368 3167 2030 3252">
     <span class='ocr_line' id='line_1_50' title="bbox 368 3167 2030 3252; baseline -0.01 -15"><span class='ocrx_word' id='word_1_365' title='bbox 368 3237 379 3244; x_wconf 71' lang='grc'><strong>,</strong></span> <span class='ocrx_word' id='word_1_366' title='bbox 448 3183 666 3252; x_wconf 83' lang='grc' dir='ltr'>λύθρον,</span> <span class='ocrx_word' id='word_1_367' title='bbox 699 3181 792 3234; x_wconf 67' lang='grc' dir='ltr'><strong>καὶ</strong></span> <span class='ocrx_word' id='word_1_368' title='bbox 821 3177 888 3231; x_wconf 78' lang='grc' dir='ltr'><strong>τὰ</strong></span> <span class='ocrx_word' id='word_1_369' title='bbox 915 3175 1232 3231; x_wconf 70' lang='grc' dir='ltr'>παντοδαπὰ</span> <span class='ocrx_word' id='word_1_370' title='bbox 1257 3173 1560 3244; x_wconf 81' lang='grc' dir='ltr'>μιάσματα,</span> <span class='ocrx_word' id='word_1_371' title='bbox 1593 3169 1684 3223; x_wconf 82' lang='grc' dir='ltr'><strong>καὶ</strong></span> <span class='ocrx_word' id='word_1_372' title='bbox 1711 3169 1780 3222; x_wconf 72' lang='grc' dir='ltr'><strong>τὰ</strong></span> <span class='ocrx_word' id='word_1_373' title='bbox 1811 3167 2030 3221; x_wconf 84' lang='grc' dir='ltr'>ποικίλα</span> 
     </span>
    </p>
   </div>
   <div class='ocr_carea' id='block_1_51' title="bbox 447 3261 2030 3348">
    <p class='ocr_par' dir='ltr' id='par_1_51' title="bbox 447 3261 2030 3348">
     <span class='ocr_line' id='line_1_51' title="bbox 447 3261 2030 3348; baseline -0.01 -18"><span class='ocrx_word' id='word_1_374' title='bbox 447 3277 546 3348; x_wconf 79' lang='grc' dir='ltr'>τῆς</span> <span class='ocrx_word' id='word_1_375' title='bbox 571 3273 844 3343; x_wconf 80' lang='grc' dir='ltr'>ἁμαρτίας</span> <span class='ocrx_word' id='word_1_376' title='bbox 863 3268 1038 3338; x_wconf 77' lang='grc' dir='ltr'>δεσμά</span> <span class='ocrx_word' id='word_1_377' title='bbox 1057 3284 1070 3296; x_wconf 80' lang='grc'><em>’</em></span> <span class='ocrx_word' id='word_1_378' title='bbox 1100 3263 1179 3329; x_wconf 73' lang='grc' dir='ltr'>οἷς</span> <span class='ocrx_word' id='word_1_379' title='bbox 1206 3263 1568 3336; x_wconf 79' lang='grc' dir='ltr'>ὑποδημάτων</span> <span class='ocrx_word' id='word_1_380' title='bbox 1593 3263 1747 3334; x_wconf 88' lang='grc' dir='ltr'>δίκην</span> <span class='ocrx_word' id='word_1_381' title='bbox 1779 3261 1920 3316; x_wconf 82' lang='grc' dir='ltr'>κατὰ</span> <span class='ocrx_word' id='word_1_382' title='bbox 1939 3262 2030 3315; x_wconf 90' lang='grc' dir='ltr'><strong>τὸν</strong></span> 
     </span>
    </p>
   </div>
   <div class='ocr_carea' id='block_1_52' title="bbox 451 3355 2033 3440">
    <p class='ocr_par' dir='ltr' id='par_1_52' title="bbox 451 3355 2033 3440">
     <span class='ocr_line' id='line_1_52' title="bbox 451 3355 2033 3440; baseline -0.006 -22"><span class='ocrx_word' id='word_1_383' title='bbox 451 3366 641 3440; x_wconf 82' lang='grc' dir='ltr'>χρόνον</span> <span class='ocrx_word' id='word_1_384' title='bbox 678 3366 880 3418; x_wconf 80' lang='grc' dir='ltr'>ἐκεῖνον</span> <span class='ocrx_word' id='word_1_385' title='bbox 919 3361 1063 3423; x_wconf 78' lang='grc' dir='ltr'>ἅπας</span> <span class='ocrx_word' id='word_1_386' title='bbox 1118 3360 1146 3412; x_wconf 88' lang='lat'><strong>6</strong></span> <span class='ocrx_word' id='word_1_387' title='bbox 1192 3358 1317 3421; x_wconf 86' lang='grc' dir='ltr'>λαὸς</span> <span class='ocrx_word' id='word_1_388' title='bbox 1370 3357 1670 3410; x_wconf 80' lang='grc' dir='ltr'>ἐνεδέδετο·</span> <span class='ocrx_word' id='word_1_389' title='bbox 1733 3356 1912 3410; x_wconf 83' lang='grc' dir='ltr'>πάντα</span> <span class='ocrx_word' id='word_1_390' title='bbox 1963 3355 2033 3408; x_wconf 77' lang='grc' dir='ltr'>τὰ</span> 
     </span>
    </p>
   </div>
   <div class='ocr_carea' id='block_1_53' title="bbox 453 3445 2032 3525">
    <p class='ocr_par' dir='ltr' id='par_1_53' title="bbox 453 3445 2032 3525">
     <span class='ocr_line' id='line_1_53' title="bbox 453 3445 2032 3525; baseline -0.009 -13"><span class='ocrx_word' id='word_1_391' title='bbox 453 3457 673 3513; x_wconf 80' lang='grc' dir='ltr'>τοιαῦτα</span> <span class='ocrx_word' id='word_1_392' title='bbox 709 3453 783 3525; x_wconf 81' lang='grc' dir='ltr'>τῷ</span> <span class='ocrx_word' id='word_1_393' title='bbox 817 3471 876 3506; x_wconf 87' lang='grc' dir='ltr'><strong>τε</strong></span> <span class='ocrx_word' id='word_1_394' title='bbox 903 3451 1216 3524; x_wconf 84' lang='grc' dir='ltr'>κηρύγματι</span> <span class='ocrx_word' id='word_1_395' title='bbox 1244 3448 1343 3518; x_wconf 80' lang='grc' dir='ltr'>τῆς</span> <span class='ocrx_word' id='word_1_396' title='bbox 1375 3445 1660 3518; x_wconf 84' lang='grc' dir='ltr'>μετανοίας</span> <span class='ocrx_word' id='word_1_397' title='bbox 1682 3445 1906 3511; x_wconf 83' lang='grc' dir='ltr'>ἐκλύων,</span> <span class='ocrx_word' id='word_1_398' title='bbox 1939 3446 2032 3499; x_wconf 75' lang='grc' dir='ltr'><strong>καὶ</strong></span> 
     </span>
    </p>
   </div>
   <div class='ocr_carea' id='block_1_54' title="bbox 453 3536 2030 3620">
    <p class='ocr_par' dir='ltr' id='par_1_54' title="bbox 453 3536 2030 3620">
     <span class='ocr_line' id='line_1_54' title="bbox 453 3536 2030 3620; baseline -0.009 -18"><span class='ocrx_word' id='word_1_399' title='bbox 453 3549 533 3620; x_wconf 80' lang='grc' dir='ltr'>τῷ</span> <span class='ocrx_word' id='word_1_400' title='bbox 563 3545 1000 3620; x_wconf 71' lang='grc' dir='ltr'>περιρραντηρίῳ</span> <span class='ocrx_word' id='word_1_401' title='bbox 1047 3541 1198 3596; x_wconf 76' lang='grc' dir='ltr'>ὕδατι</span> <span class='ocrx_word' id='word_1_402' title='bbox 1231 3542 1372 3595; x_wconf 81' lang='grc' dir='ltr'>κατὰ</span> <span class='ocrx_word' id='word_1_403' title='bbox 1409 3540 1500 3593; x_wconf 84' lang='grc' dir='ltr'><strong>τὸν</strong></span> <span class='ocrx_word' id='word_1_404' title='bbox 1526 3539 1798 3610; x_wconf 84' lang='grc' dir='ltr'>Ἰορδάνην</span> <span class='ocrx_word' id='word_1_405' title='bbox 1829 3536 2030 3590; x_wconf 80' lang='grc' dir='ltr'>ἐκπλύ-</span> 
     </span>
    </p>
   </div>
   <div class='ocr_carea' id='block_1_55' title="bbox 457 3629 2030 3709">
    <p class='ocr_par' dir='ltr' id='par_1_55' title="bbox 457 3629 2030 3709">
     <span class='ocr_line' id='line_1_55' title="bbox 457 3629 2030 3709; baseline -0.012 -10"><span class='ocrx_word' id='word_1_406' title='bbox 457 3661 582 3709; x_wconf 87' lang='grc' dir='ltr'>νων,</span> <span class='ocrx_word' id='word_1_407' title='bbox 601 3644 659 3695; x_wconf 84' lang='grc' dir='ltr'>ὲν</span> <span class='ocrx_word' id='word_1_408' title='bbox 674 3639 848 3693; x_wconf 72' lang='grc' dir='ltr'>οὐδενὶ</span> <span class='ocrx_word' id='word_1_409' title='bbox 875 3638 935 3690; x_wconf 88' lang='grc' dir='ltr'><strong>τὸ</strong></span> <span class='ocrx_word' id='word_1_410' title='bbox 955 3636 1172 3689; x_wconf 75' lang='grc' dir='ltr'>ἔλαττον</span> <span class='ocrx_word' id='word_1_411' title='bbox 1202 3633 1308 3687; x_wconf 89' lang='grc' dir='ltr'><strong>τῶν</strong></span> <span class='ocrx_word' id='word_1_412' title='bbox 1332 3635 1389 3686; x_wconf 81' lang='grc' dir='ltr'>ὲν</span> <span class='ocrx_word' id='word_1_413' title='bbox 1417 3633 1585 3702; x_wconf 81' lang='grc' dir='ltr'>ἀρετῇ</span> <span class='ocrx_word' id='word_1_414' title='bbox 1608 3629 2030 3702; x_wconf 83' lang='grc' dir='ltr'>προωδευκότων</span> 
     </span>
    </p>
   </div>
   <div class='ocr_carea' id='block_1_56' title="bbox 457 3719 2034 3798">
    <p class='ocr_par' dir='ltr' id='par_1_56' title="bbox 457 3719 2034 3798">
     <span class='ocr_line' id='line_1_56' title="bbox 457 3719 2034 3798; baseline -0.011 -6"><span class='ocrx_word' id='word_1_415' title='bbox 457 3742 514 3792; x_wconf 83' lang='grc' dir='ltr'>ὲν</span> <span class='ocrx_word' id='word_1_416' title='bbox 545 3738 656 3798; x_wconf 85' lang='grc' dir='ltr'>τοῖς</span> <span class='ocrx_word' id='word_1_417' title='bbox 687 3731 829 3788; x_wconf 86' lang='grc' dir='ltr'>κοιτά</span> <span class='ocrx_word' id='word_1_418' title='bbox 862 3730 992 3784; x_wconf 84' lang='grc' dir='ltr'>Θεὸν</span> <span class='ocrx_word' id='word_1_419' title='bbox 1036 3726 1362 3792; x_wconf 75' lang='grc' dir='ltr'>ἐπεδείξατο.</span> <span class='ocrx_word' id='word_1_420' title='bbox 1407 3724 1472 3777; x_wconf 90' lang='grc' dir='ltr'>Τί</span> <span class='ocrx_word' id='word_1_421' title='bbox 1516 3723 1571 3776; x_wconf 85' lang='grc' dir='ltr'><strong>δὲ</strong></span> <span class='ocrx_word' id='word_1_422' title='bbox 1617 3723 1754 3793; x_wconf 84' lang='grc' dir='ltr'><strong>μετά</strong></span> <span class='ocrx_word' id='word_1_423' title='bbox 1789 3719 1975 3774; x_wconf 75' lang='grc' dir='ltr'>τοῦτον</span> <span class='ocrx_word' id='word_1_424' title='bbox 2006 3723 2034 3774; x_wconf 88' lang='lat'><strong>6</strong></span> 
     </span>
    </p>
   </div>
   <div class='ocr_carea' id='block_1_57' title="bbox 457 3812 2033 3896">
    <p class='ocr_par' dir='ltr' id='par_1_57' title="bbox 457 3812 2033 3896">
     <span class='ocr_line' id='line_1_57' title="bbox 457 3812 2033 3896; baseline -0.011 -15"><span class='ocrx_word' id='word_1_425' title='bbox 457 3827 668 3889; x_wconf 82' lang='grc' dir='ltr'>Παῦλος</span> <span class='ocrx_word' id='word_1_426' title='bbox 699 3823 834 3896; x_wconf 88' lang='grc' dir='ltr'>πρὸς</span> <span class='ocrx_word' id='word_1_427' title='bbox 865 3823 926 3874; x_wconf 87' lang='grc' dir='ltr'><strong>τὸ</strong></span> <span class='ocrx_word' id='word_1_428' title='bbox 955 3819 1254 3890; x_wconf 88' lang='grc' dir='ltr'>ἀκρότατον</span> <span class='ocrx_word' id='word_1_429' title='bbox 1285 3815 1385 3886; x_wconf 77' lang='grc' dir='ltr'><strong>τῆς</strong></span> <span class='ocrx_word' id='word_1_430' title='bbox 1418 3813 1558 3868; x_wconf 82' lang='grc' dir='ltr'><strong>κατά</strong></span> <span class='ocrx_word' id='word_1_431' title='bbox 1591 3814 1724 3867; x_wconf 84' lang='grc' dir='ltr'>Θεὸν</span> <span class='ocrx_word' id='word_1_432' title='bbox 1753 3812 2033 3884; x_wconf 69' lang='grc' dir='ltr'>προκοπῆς</span> 
     </span>
    </p>
   </div>
   <div class='ocr_carea' id='block_1_58' title="bbox 460 3905 2036 3991">
    <p class='ocr_par' dir='ltr' id='par_1_58' title="bbox 460 3905 2036 3991">
     <span class='ocr_line' id='line_1_58' title="bbox 460 3905 2036 3991; baseline -0.013 -16"><span class='ocrx_word' id='word_1_433' title='bbox 460 3920 792 3991; x_wconf 84' lang='grc' dir='ltr'>ἀναδραμεῖν</span> <span class='ocrx_word' id='word_1_434' title='bbox 833 3913 1078 3983; x_wconf 77' lang='grc' dir='ltr'>ἐκωλύθη</span> <span class='ocrx_word' id='word_1_435' title='bbox 1106 3907 1436 3980; x_wconf 82' lang='grc' dir='ltr'>δευτερεύων</span> <span class='ocrx_word' id='word_1_436' title='bbox 1465 3906 1542 3977; x_wconf 84' lang='grc' dir='ltr'><strong>τῷ</strong></span> <span class='ocrx_word' id='word_1_437' title='bbox 1577 3906 1786 3978; x_wconf 86' lang='grc' dir='ltr'>χρόνῳ;</span> <span class='ocrx_word' id='word_1_438' title='bbox 1819 3905 1919 3958; x_wconf 75' lang='grc' dir='ltr'><strong>οὐκ</strong></span> <span class='ocrx_word' id='word_1_439' title='bbox 1948 3905 2036 3956; x_wconf 85' lang='grc' dir='ltr'><strong>εὑ-</strong></span> 
     </span>
    </p>
   </div>
   <div class='ocr_carea' id='block_1_59' title="bbox 463 3993 2038 4080">
    <p class='ocr_par' dir='ltr' id='par_1_59' title="bbox 463 3993 2038 4080">
     <span class='ocr_line' id='line_1_59' title="bbox 463 3993 2038 4080; baseline -0.013 -16"><span class='ocrx_word' id='word_1_440' title='bbox 463 4011 556 4074; x_wconf 77' lang='grc' dir='ltr'><strong>θὺς</strong></span> <span class='ocrx_word' id='word_1_441' title='bbox 605 4007 838 4080; x_wconf 80' lang='grc' dir='ltr'>ἐραστὴς</span> <span class='ocrx_word' id='word_1_442' title='bbox 891 4001 984 4056; x_wconf 81' lang='grc' dir='ltr'>τοῦ</span> <span class='ocrx_word' id='word_1_443' title='bbox 1030 4000 1174 4052; x_wconf 88' lang='grc' dir='ltr'>θείου</span> <span class='ocrx_word' id='word_1_444' title='bbox 1233 3996 1461 4059; x_wconf 87' lang='grc' dir='ltr'>κάλλους</span> <span class='ocrx_word' id='word_1_445' title='bbox 1501 3995 1736 4064; x_wconf 75' lang='grc' dir='ltr'>ἐγένετο,</span> <span class='ocrx_word' id='word_1_446' title='bbox 1786 3993 1878 4046; x_wconf 80' lang='grc' dir='ltr'>τοῦ</span> <span class='ocrx_word' id='word_1_447' title='bbox 1925 3993 2038 4056; x_wconf 79' lang='grc' dir='ltr'>τοῖς</span> 
     </span>
    </p>
   </div>
   <div class='ocr_carea' id='block_1_60' title="bbox 461 4083 2041 4172">
    <p class='ocr_par' dir='ltr' id='par_1_60' title="bbox 461 4083 2041 4172">
     <span class='ocr_line' id='line_1_60' title="bbox 461 4083 2041 4172; baseline -0.015 -14"><span class='ocrx_word' id='word_1_448' title='bbox 461 4101 758 4172; x_wconf 70' lang='grc' dir='ltr'>ὀφθαλμοῖς</span> <span class='ocrx_word' id='word_1_449' title='bbox 817 4092 1286 4164; x_wconf 80' lang='grc' dir='ltr'>ὲναστρὰψαντος,</span> <span class='ocrx_word' id='word_1_450' title='bbox 1343 4086 1479 4158; x_wconf 86' lang='grc' dir='ltr'>όμοῦ</span> <span class='ocrx_word' id='word_1_451' title='bbox 1535 4085 1612 4156; x_wconf 79' lang='grc' dir='ltr'>τῷ</span> <span class='ocrx_word' id='word_1_452' title='bbox 1664 4086 1762 4148; x_wconf 75' lang='grc' dir='ltr'>τὰς</span> <span class='ocrx_word' id='word_1_453' title='bbox 1818 4083 2041 4147; x_wconf 84' lang='grc' dir='ltr'>λεπίδας</span> 
     </span>
    </p>
   </div>
   <div class='ocr_carea' id='block_1_61' title="bbox 462 4173 2038 4255">
    <p class='ocr_par' dir='ltr' id='par_1_61' title="bbox 462 4173 2038 4255">
     <span class='ocr_line' id='line_1_61' title="bbox 462 4173 2038 4255; baseline -0.016 -5"><span class='ocrx_word' id='word_1_454' title='bbox 462 4193 751 4251; x_wconf 78' lang='grc' dir='ltr'>ἀποϐαλεῖν</span> <span class='ocrx_word' id='word_1_455' title='bbox 801 4187 908 4242; x_wconf 84' lang='grc' dir='ltr'>τῶν</span> <span class='ocrx_word' id='word_1_456' title='bbox 970 4182 1252 4255; x_wconf 83' lang='grc' dir='ltr'>ὀμμάτων,</span> <span class='ocrx_word' id='word_1_457' title='bbox 1315 4181 1370 4233; x_wconf 81' lang='grc' dir='ltr'>αἲ</span> <span class='ocrx_word' id='word_1_458' title='bbox 1435 4177 1698 4248; x_wconf 80' lang='grc' dir='ltr'>σύμϐολον</span> <span class='ocrx_word' id='word_1_459' title='bbox 1754 4173 1894 4247; x_wconf 83' lang='grc' dir='ltr'>ἦσαν</span> <span class='ocrx_word' id='word_1_460' title='bbox 1946 4173 2038 4229; x_wconf 74' lang='grc' dir='ltr'><strong>τοῦ</strong></span> 
     </span>
    </p>
   </div>
   <div class='ocr_carea' id='block_1_62' title="bbox 465 4265 2042 4357">
    <p class='ocr_par' dir='ltr' id='par_1_62' title="bbox 465 4265 2042 4357">
     <span class='ocr_line' id='line_1_62' title="bbox 465 4265 2042 4357; baseline -0.023 -16"><span class='ocrx_word' id='word_1_461' title='bbox 465 4281 817 4357; x_wconf 87' lang='grc' dir='ltr'>περικαρδίου</span> <span class='ocrx_word' id='word_1_462' title='bbox 844 4275 1234 4346; x_wconf 88' lang='grc' dir='ltr'>καλύμματος,</span> <span class='ocrx_word' id='word_1_463' title='bbox 1269 4269 1299 4322; x_wconf 81' lang='grc' dir='ltr'><strong>ὃ</strong></span> <span class='ocrx_word' id='word_1_464' title='bbox 1347 4268 1724 4340; x_wconf 86' lang='grc' dir='ltr'>περικείμενον</span> <span class='ocrx_word' id='word_1_465' title='bbox 1756 4265 1834 4338; x_wconf 81' lang='grc' dir='ltr'>τῷ</span> <span class='ocrx_word' id='word_1_466' title='bbox 1865 4266 2042 4337; x_wconf 81' lang='grc' dir='ltr'>διορα-</span> 
     </span>
    </p>
   </div>
   <div class='ocr_carea' id='block_1_63' title="bbox 464 4358 2042 4446">
    <p class='ocr_par' dir='ltr' id='par_1_63' title="bbox 464 4358 2042 4446">
     <span class='ocr_line' id='line_1_63' title="bbox 464 4358 2042 4446; baseline -0.015 -15"><span class='ocrx_word' id='word_1_467' title='bbox 464 4375 598 4446; x_wconf 80' lang='grc' dir='ltr'>τικῷ</span> <span class='ocrx_word' id='word_1_468' title='bbox 624 4372 732 4426; x_wconf 85' lang='grc' dir='ltr'><strong>τῶν</strong></span> <span class='ocrx_word' id='word_1_469' title='bbox 765 4367 1031 4423; x_wconf 82' lang='grc' dir='ltr'>Ἰουδαίων</span> <span class='ocrx_word' id='word_1_470' title='bbox 1054 4361 1262 4436; x_wconf 72' lang='grc' dir='ltr'>ψυχῶν,</span> <span class='ocrx_word' id='word_1_471' title='bbox 1283 4358 1609 4429; x_wconf 73' lang='grc' dir='ltr'>τυφλώττειν</span> <span class='ocrx_word' id='word_1_472' title='bbox 1631 4358 1825 4420; x_wconf 75' lang='grc' dir='ltr'>αὐτοὺς</span> <span class='ocrx_word' id='word_1_473' title='bbox 1864 4374 2042 4428; x_wconf 88' lang='grc' dir='ltr'>παρα-</span> 
     </span>
    </p>
   </div>
   <div class='ocr_carea' id='block_1_64' title="bbox 467 4447 2040 4532">
    <p class='ocr_par' dir='ltr' id='par_1_64' title="bbox 467 4447 2040 4532">
     <span class='ocr_line' id='line_1_64' title="bbox 467 4447 2040 4532; baseline -0.013 -11"><span class='ocrx_word' id='word_1_474' title='bbox 467 4465 718 4529; x_wconf 75' lang='grc' dir='ltr'>σκευάζει</span> <span class='ocrx_word' id='word_1_475' title='bbox 741 4461 875 4532; x_wconf 82' lang='grc' dir='ltr'>πρὸς</span> <span class='ocrx_word' id='word_1_476' title='bbox 904 4459 1000 4528; x_wconf 83' lang='grc' dir='ltr'>τὴν</span> <span class='ocrx_word' id='word_1_477' title='bbox 1023 4455 1312 4528; x_wconf 84' lang='grc' dir='ltr'>ἀλήθειαν;</span> <span class='ocrx_word' id='word_1_478' title='bbox 1342 4451 1456 4504; x_wconf 76' lang='grc' dir='ltr'>Οὐκ</span> <span class='ocrx_word' id='word_1_479' title='bbox 1474 4450 1660 4520; x_wconf 78' lang='grc' dir='ltr'>ἐπειδὴ</span> <span class='ocrx_word' id='word_1_480' title='bbox 1682 4449 1760 4520; x_wconf 82' lang='grc' dir='ltr'>τῷ</span> <span class='ocrx_word' id='word_1_481' title='bbox 1792 4447 2040 4519; x_wconf 85' lang='grc' dir='ltr'>μυστικῴ</span> 
     </span>
    </p>
   </div>
   <div class='ocr_carea' id='block_1_65' title="bbox 465 4540 2044 4630">
    <p class='ocr_par' dir='ltr' id='par_1_65' title="bbox 465 4540 2044 4630">
     <span class='ocr_line' id='line_1_65' title="bbox 465 4540 2044 4630; baseline -0.012 -18"><span class='ocrx_word' id='word_1_482' title='bbox 465 4556 672 4630; x_wconf 85' lang='grc' dir='ltr'>λουτρῷ</span> <span class='ocrx_word' id='word_1_483' title='bbox 698 4554 788 4607; x_wconf 89' lang='grc' dir='ltr'><strong>τὸν</strong></span> <span class='ocrx_word' id='word_1_484' title='bbox 813 4553 906 4622; x_wconf 80' lang='grc' dir='ltr'>τῆς</span> <span class='ocrx_word' id='word_1_485' title='bbox 941 4549 1162 4620; x_wconf 88' lang='grc' dir='ltr'>ἀγνοίας</span> <span class='ocrx_word' id='word_1_486' title='bbox 1200 4562 1256 4599; x_wconf 89' lang='grc' dir='ltr'><strong>τε</strong></span> <span class='ocrx_word' id='word_1_487' title='bbox 1292 4544 1390 4597; x_wconf 75' lang='grc' dir='ltr'>καὶ</span> <span class='ocrx_word' id='word_1_488' title='bbox 1415 4542 1631 4612; x_wconf 85' lang='grc' dir='ltr'>ἀπάτης</span> <span class='ocrx_word' id='word_1_489' title='bbox 1663 4540 1834 4613; x_wconf 79' lang='grc' dir='ltr'>ῥύπον</span> <span class='ocrx_word' id='word_1_490' title='bbox 1876 4543 2044 4594; x_wconf 76' lang='grc' dir='ltr'>ἐναπ-</span> 
     </span>
    </p>
   </div>
   <div class='ocr_carea' id='block_1_66' title="bbox 467 4632 2046 4712">
    <p class='ocr_par' dir='ltr' id='par_1_66' title="bbox 467 4632 2046 4712">
     <span class='ocr_line' id='line_1_66' title="bbox 467 4632 2046 4712; baseline -0.011 -8"><span class='ocrx_word' id='word_1_491' title='bbox 467 4649 635 4712; x_wconf 78' lang='grc' dir='ltr'>έθετο,</span> <span class='ocrx_word' id='word_1_492' title='bbox 683 4643 843 4705; x_wconf 75' lang='grc' dir='ltr'>εὐθὺς</span> <span class='ocrx_word' id='word_1_493' title='bbox 876 4639 1011 4711; x_wconf 85' lang='grc' dir='ltr'>πρὸς</span> <span class='ocrx_word' id='word_1_494' title='bbox 1059 4637 1120 4691; x_wconf 90' lang='grc' dir='ltr'><strong>τὸ</strong></span> <span class='ocrx_word' id='word_1_495' title='bbox 1171 4635 1438 4706; x_wconf 87' lang='grc' dir='ltr'>θειότερον</span> <span class='ocrx_word' id='word_1_496' title='bbox 1487 4632 1892 4704; x_wconf 87' lang='grc' dir='ltr'>μετεσκευάσθη</span> <span class='ocrx_word' id='word_1_497' title='bbox 1947 4633 2046 4704; x_wconf 82' lang='grc' dir='ltr'>τὴν</span> 
     </span>
    </p>
   </div>
   <div class='ocr_carea' id='block_1_67' title="bbox 468 4723 2048 4811">
    <p class='ocr_par' dir='ltr' id='par_1_67' title="bbox 468 4723 2048 4811">
     <span class='ocr_line' id='line_1_67' title="bbox 468 4723 2048 4811; baseline -0.02 -16"><span class='ocrx_word' id='word_1_498' title='bbox 468 4741 649 4811; x_wconf 81' lang='grc' dir='ltr'>φύσιν,</span> <span class='ocrx_word' id='word_1_499' title='bbox 686 4735 779 4790; x_wconf 69' lang='grc' dir='ltr'><strong>καὶ</strong></span> <span class='ocrx_word' id='word_1_500' title='bbox 809 4728 918 4786; x_wconf 74' lang='grc' dir='ltr'>οἷον</span> <span class='ocrx_word' id='word_1_501' title='bbox 954 4730 1110 4794; x_wconf 75' lang='grc' dir='ltr'>ἐκδὺς</span> <span class='ocrx_word' id='word_1_502' title='bbox 1153 4729 1252 4800; x_wconf 83' lang='grc' dir='ltr'><strong>τὴν</strong></span> <span class='ocrx_word' id='word_1_503' title='bbox 1287 4727 1518 4797; x_wconf 82' lang='grc' dir='ltr'>παχεῖαν</span> <span class='ocrx_word' id='word_1_504' title='bbox 1554 4723 1756 4795; x_wconf 88' lang='grc' dir='ltr'>ταύτην</span> <span class='ocrx_word' id='word_1_505' title='bbox 1791 4725 1884 4778; x_wconf 72' lang='grc' dir='ltr'>καὶ</span> <span class='ocrx_word' id='word_1_506' title='bbox 1917 4741 2048 4796; x_wconf 86' lang='grc' dir='ltr'>σαρ-</span> 
     </span>
    </p>
   </div>
   <div class='ocr_carea' id='block_1_68' title="bbox 2123 2264 3699 2335">
    <p class='ocr_par' dir='ltr' id='par_1_68' title="bbox 2123 2264 3699 2335">
     <span class='ocr_line' id='line_1_68' title="bbox 2123 2264 3699 2335; baseline -0.004 -13"><span class='ocrx_word' id='word_1_507' title='bbox 2123 2267 2260 2322; x_wconf 86' lang='lat' dir='ltr'><strong>riam</strong></span> <span class='ocrx_word' id='word_1_508' title='bbox 2287 2267 2372 2322; x_wconf 90' lang='lat' dir='ltr'><strong>vel</strong></span> <span class='ocrx_word' id='word_1_509' title='bbox 2398 2273 2568 2321; x_wconf 72' lang='lat' dir='ltr'><strong>aestus</strong></span> <span class='ocrx_word' id='word_1_510' title='bbox 2601 2265 2684 2320; x_wconf 87' lang='lat' dir='ltr'><strong>vel</strong></span> <span class='ocrx_word' id='word_1_511' title='bbox 2712 2264 2936 2335; x_wconf 77' lang='lat' dir='ltr'><strong>[rigoris</strong></span> <span class='ocrx_word' id='word_1_512' title='bbox 2963 2275 3268 2332; x_wconf 67' lang='lat' dir='ltr'><strong>curantem,</strong></span> <span class='ocrx_word' id='word_1_513' title='bbox 3306 2265 3398 2334; x_wconf 91' lang='lat' dir='ltr'><strong>qui</strong></span> <span class='ocrx_word' id='word_1_514' title='bbox 3428 2278 3552 2318; x_wconf 92' lang='lat' dir='ltr'><strong>cum</strong></span> <span class='ocrx_word' id='word_1_515' title='bbox 3599 2276 3699 2332; x_wconf 87' lang='lat' dir='ltr'><strong>po-</strong></span> 
     </span>
    </p>
   </div>
   <div class='ocr_carea' id='block_1_69' title="bbox 2123 2354 3702 2427">
    <p class='ocr_par' dir='ltr' id='par_1_69' title="bbox 2123 2354 3702 2427">
     <span class='ocr_line' id='line_1_69' title="bbox 2123 2354 3702 2427; baseline -0.004 -13"><span class='ocrx_word' id='word_1_516' title='bbox 2123 2359 2251 2427; x_wconf 92' lang='lat' dir='ltr'><strong>pulo</strong></span> <span class='ocrx_word' id='word_1_517' title='bbox 2279 2357 2562 2412; x_wconf 81' lang='lat' dir='ltr'><strong>exhibitus</strong></span> <span class='ocrx_word' id='word_1_518' title='bbox 2591 2363 2760 2421; x_wconf 86' lang='lat' dir='ltr'><strong>esset,</strong></span> <span class='ocrx_word' id='word_1_519' title='bbox 2807 2357 3046 2426; x_wconf 87' lang='lat' dir='ltr'><strong>primum</strong></span> <span class='ocrx_word' id='word_1_520' title='bbox 3093 2356 3306 2427; x_wconf 78' lang='lat' dir='ltr'><strong>ﬂagello</strong></span> <span class='ocrx_word' id='word_1_521' title='bbox 3336 2354 3498 2411; x_wconf 79' lang='lat' dir='ltr'><strong>lamis</strong></span> <span class='ocrx_word' id='word_1_522' title='bbox 3528 2354 3702 2409; x_wconf 84' lang='lat' dir='ltr'><strong>Israe-</strong></span> 
     </span>
    </p>
   </div>
   <div class='ocr_carea' id='block_1_70' title="bbox 2123 2446 3700 2516">
    <p class='ocr_par' dir='ltr' id='par_1_70' title="bbox 2123 2446 3700 2516">
     <span class='ocr_line' id='line_1_70' title="bbox 2123 2446 3700 2516; baseline -0.003 -12"><span class='ocrx_word' id='word_1_523' title='bbox 2123 2451 2227 2504; x_wconf 90' lang='lat' dir='ltr'><strong>lem</strong></span> <span class='ocrx_word' id='word_1_524' title='bbox 2259 2450 2328 2503; x_wconf 91' lang='lat' dir='ltr'><strong>ad</strong></span> <span class='ocrx_word' id='word_1_525' title='bbox 2378 2448 2670 2504; x_wconf 88' lang='lat' dir='ltr'><strong>sanitatem</strong></span> <span class='ocrx_word' id='word_1_526' title='bbox 2709 2447 2946 2513; x_wconf 87' lang='lat' dir='ltr'><strong>reducit,</strong></span> <span class='ocrx_word' id='word_1_527' title='bbox 2986 2447 3158 2501; x_wconf 89' lang='lat' dir='ltr'><strong>veluti</strong></span> <span class='ocrx_word' id='word_1_528' title='bbox 3201 2447 3414 2503; x_wconf 83' lang='lat' dir='ltr'><strong>scutica</strong></span> <span class='ocrx_word' id='word_1_529' title='bbox 3464 2446 3700 2516; x_wconf 88' lang='lat' dir='ltr'><strong>quadam</strong></span> 
     </span>
    </p>
   </div>
   <div class='ocr_carea' id='block_1_71' title="bbox 2123 2538 3704 2611">
    <p class='ocr_par' dir='ltr' id='par_1_71' title="bbox 2123 2538 3704 2611">
     <span class='ocr_line' id='line_1_71' title="bbox 2123 2538 3704 2611; baseline -0.001 -17"><span class='ocrx_word' id='word_1_530' title='bbox 2123 2539 2394 2609; x_wconf 88' lang='lat' dir='ltr'><strong>ejusmodi</strong></span> <span class='ocrx_word' id='word_1_531' title='bbox 2423 2541 2580 2611; x_wconf 88' lang='lat' dir='ltr'><strong>plaga</strong></span> <span class='ocrx_word' id='word_1_532' title='bbox 2616 2547 2778 2610; x_wconf 87' lang='lat' dir='ltr'><strong>atque</strong></span> <span class='ocrx_word' id='word_1_533' title='bbox 2817 2553 2980 2610; x_wconf 75' lang='lat' dir='ltr'><strong>pmna</strong></span> <span class='ocrx_word' id='word_1_534' title='bbox 3015 2539 3369 2594; x_wconf 87' lang='lat' dir='ltr'><strong>insolentiam</strong></span> <span class='ocrx_word' id='word_1_535' title='bbox 3407 2538 3594 2609; x_wconf 90' lang='lat' dir='ltr'><strong>populi</strong></span> <span class='ocrx_word' id='word_1_536' title='bbox 3637 2551 3704 2592; x_wconf 88' lang='lat' dir='ltr'><strong>ac</strong></span> 
     </span>
    </p>
   </div>
   <div class='ocr_carea' id='block_1_72' title="bbox 2125 2631 3704 2704">
    <p class='ocr_par' dir='ltr' id='par_1_72' title="bbox 2125 2631 3704 2704">
     <span class='ocr_line' id='line_1_72' title="bbox 2125 2631 3704 2704; baseline -0.002 -17"><span class='ocrx_word' id='word_1_537' title='bbox 2125 2633 2488 2704; x_wconf 84' lang='lat' dir='ltr'><strong>petulantiam</strong></span> <span class='ocrx_word' id='word_1_538' title='bbox 2508 2633 2790 2688; x_wconf 89' lang='lat' dir='ltr'><strong>incessens</strong></span> <span class='ocrx_word' id='word_1_539' title='bbox 2815 2649 2830 2700; x_wconf 92' lang='lat'><strong>;</strong></span> <span class='ocrx_word' id='word_1_540' title='bbox 2862 2631 3060 2687; x_wconf 86' lang='lat' dir='ltr'><strong>deinde</strong></span> <span class='ocrx_word' id='word_1_541' title='bbox 3089 2631 3496 2696; x_wconf 76' lang='lat' dir='ltr'><strong>etiam,&#39;divino</strong></span> <span class='ocrx_word' id='word_1_542' title='bbox 3526 2633 3578 2684; x_wconf 90' lang='lat' dir='ltr'><strong>in</strong></span> <span class='ocrx_word' id='word_1_543' title='bbox 3611 2644 3704 2685; x_wconf 87' lang='lat' dir='ltr'><strong>sa-</strong></span> 
     </span>
    </p>
   </div>
   <div class='ocr_carea' id='block_1_73' title="bbox 2125 2721 3706 2794">
    <p class='ocr_par' dir='ltr' id='par_1_73' title="bbox 2125 2721 3706 2794">
     <span class='ocr_line' id='line_1_73' title="bbox 2125 2721 3706 2794; baseline -0.004 -15"><span class='ocrx_word' id='word_1_544' title='bbox 2125 2723 2336 2779; x_wconf 78' lang='lat' dir='ltr'><strong>criﬂcio</strong></span> <span class='ocrx_word' id='word_1_545' title='bbox 2387 2723 2501 2794; x_wconf 83' lang='lat' dir='ltr'><strong>igni</strong></span> <span class='ocrx_word' id='word_1_546' title='bbox 2557 2723 2796 2778; x_wconf 85' lang='lat' dir='ltr'><strong>excitato</strong></span> <span class='ocrx_word' id='word_1_547' title='bbox 2833 2761 2848 2788; x_wconf 90' lang='lat'><strong>,</strong></span> <span class='ocrx_word' id='word_1_548' title='bbox 2896 2729 3055 2777; x_wconf 89' lang='lat' dir='ltr'><strong>curat</strong></span> <span class='ocrx_word' id='word_1_549' title='bbox 3089 2722 3340 2777; x_wconf 87' lang='lat' dir='ltr'><strong>morbum</strong></span> <span class='ocrx_word' id='word_1_550' title='bbox 3381 2721 3706 2776; x_wconf 84' lang='lat' dir='ltr'><strong>simulacro-</strong></span> 
     </span>
    </p>
   </div>
   <div class='ocr_carea' id='block_1_74' title="bbox 2125 2811 3705 2870">
    <p class='ocr_par' dir='ltr' id='par_1_74' title="bbox 2125 2811 3705 2870">
     <span class='ocr_line' id='line_1_74' title="bbox 2125 2811 3705 2870; baseline -0.004 0"><span class='ocrx_word' id='word_1_551' title='bbox 2125 2831 2246 2870; x_wconf 88' lang='lat' dir='ltr'><strong>rum</strong></span> <span class='ocrx_word' id='word_1_552' title='bbox 2278 2815 2479 2870; x_wconf 89' lang='lat' dir='ltr'><strong>cultus.</strong></span> <span class='ocrx_word' id='word_1_553' title='bbox 2516 2813 2721 2868; x_wconf 88' lang='lat' dir='ltr'><strong>Deinde</strong></span> <span class='ocrx_word' id='word_1_554' title='bbox 2747 2813 3050 2869; x_wconf 89' lang='lat' dir='ltr'><strong>secundmn</strong></span> <span class='ocrx_word' id='word_1_555' title='bbox 3077 2813 3228 2866; x_wconf 90' lang='lat' dir='ltr'><strong>illum</strong></span> <span class='ocrx_word' id='word_1_556' title='bbox 3257 2812 3397 2866; x_wconf 88' lang='lat' dir='ltr'><strong>alius</strong></span> <span class='ocrx_word' id='word_1_557' title='bbox 3436 2811 3527 2865; x_wconf 90' lang='lat' dir='ltr'><strong>ille</strong></span> <span class='ocrx_word' id='word_1_558' title='bbox 3555 2823 3705 2864; x_wconf 85' lang='lat' dir='ltr'><strong>com—</strong></span> 
     </span>
    </p>
   </div>
   <div class='ocr_carea' id='block_1_75' title="bbox 2129 2900 3707 2976">
    <p class='ocr_par' dir='ltr' id='par_1_75' title="bbox 2129 2900 3707 2976">
     <span class='ocr_line' id='line_1_75' title="bbox 2129 2900 3707 2976; baseline -0.004 -16"><span class='ocrx_word' id='word_1_559' title='bbox 2129 2907 2380 2976; x_wconf 82' lang='lat' dir='ltr'><strong>pluribus</strong></span> <span class='ocrx_word' id='word_1_560' title='bbox 2413 2903 2756 2973; x_wconf 86' lang='lat' dir='ltr'><strong>temporibus</strong></span> <span class='ocrx_word' id='word_1_561' title='bbox 2782 2911 2906 2974; x_wconf 88' lang='lat' dir='ltr'><strong>post</strong></span> <span class='ocrx_word' id='word_1_562' title='bbox 2935 2903 3175 2966; x_wconf 77' lang='lat' dir='ltr'><strong>exsistit,</strong></span> <span class='ocrx_word' id='word_1_563' title='bbox 3207 2901 3303 2971; x_wconf 91' lang='lat' dir='ltr'><strong>qui</strong></span> <span class='ocrx_word' id='word_1_564' title='bbox 3335 2901 3389 2956; x_wconf 91' lang='lat' dir='ltr'><strong>in</strong></span> <span class='ocrx_word' id='word_1_565' title='bbox 3423 2900 3618 2970; x_wconf 88' lang='lat' dir='ltr'><strong>spiritu</strong></span> <span class='ocrx_word' id='word_1_566' title='bbox 3652 2906 3707 2955; x_wconf 83' lang='lat' dir='ltr'><strong>et</strong></span> 
     </span>
    </p>
   </div>
   <div class='ocr_carea' id='block_1_76' title="bbox 2127 2989 3708 3064">
    <p class='ocr_par' dir='ltr' id='par_1_76' title="bbox 2127 2989 3708 3064">
     <span class='ocr_line' id='line_1_76' title="bbox 2127 2989 3708 3064; baseline -0.006 -12"><span class='ocrx_word' id='word_1_567' title='bbox 2127 2997 2332 3054; x_wconf 89' lang='lat' dir='ltr'><strong>virtute</strong></span> <span class='ocrx_word' id='word_1_568' title='bbox 2366 2995 2494 3049; x_wconf 73' lang='lat' dir='ltr'><strong>Elia:</strong></span> <span class='ocrx_word' id='word_1_569' title='bbox 2525 3010 2620 3064; x_wconf 91' lang='lat' dir='ltr'><strong>per</strong></span> <span class='ocrx_word' id='word_1_570' title='bbox 2655 2993 2979 3048; x_wconf 86' lang='lat' dir='ltr'><strong>Zachariam</strong></span> <span class='ocrx_word' id='word_1_571' title='bbox 3037 3000 3091 3047; x_wconf 93' lang='lat' dir='ltr'><strong>et</strong></span> <span class='ocrx_word' id='word_1_572' title='bbox 3139 2991 3473 3048; x_wconf 87' lang='lat' dir='ltr'><strong>Elisabetam</strong></span> <span class='ocrx_word' id='word_1_573' title='bbox 3505 2989 3708 3060; x_wconf 89' lang='lat' dir='ltr'><strong>produ-</strong></span> 
     </span>
    </p>
   </div>
   <div class='ocr_carea' id='block_1_77' title="bbox 2129 3083 3709 3153">
    <p class='ocr_par' dir='ltr' id='par_1_77' title="bbox 2129 3083 3709 3153">
     <span class='ocr_line' id='line_1_77' title="bbox 2129 3083 3709 3153; baseline -0.006 -10"><span class='ocrx_word' id='word_1_574' title='bbox 2129 3096 2276 3153; x_wconf 90' lang='lat' dir='ltr'><strong>ctus,</strong></span> <span class='ocrx_word' id='word_1_575' title='bbox 2317 3095 2369 3142; x_wconf 88' lang='lat' dir='ltr'><strong>et</strong></span> <span class='ocrx_word' id='word_1_576' title='bbox 2395 3087 2449 3141; x_wconf 90' lang='lat' dir='ltr'><strong>in</strong></span> <span class='ocrx_word' id='word_1_577' title='bbox 2479 3087 2589 3140; x_wconf 89' lang='lat' dir='ltr'><strong>vita</strong></span> <span class='ocrx_word' id='word_1_578' title='bbox 2617 3092 2868 3140; x_wconf 89' lang='lat' dir='ltr'><strong>versatus</strong></span> <span class='ocrx_word' id='word_1_579' title='bbox 2891 3086 2998 3148; x_wconf 86' lang='lat' dir='ltr'><strong>est,</strong></span> <span class='ocrx_word' id='word_1_580' title='bbox 3032 3091 3196 3153; x_wconf 89' lang='lat' dir='ltr'><strong>atque</strong></span> <span class='ocrx_word' id='word_1_581' title='bbox 3239 3083 3550 3136; x_wconf 79' lang='lat' dir='ltr'><strong>universam</strong></span> <span class='ocrx_word' id='word_1_582' title='bbox 3579 3097 3709 3151; x_wconf 85' lang='lat' dir='ltr'><strong>gen-</strong></span> 
     </span>
    </p>
   </div>
   <div class='ocr_carea' id='block_1_78' title="bbox 2131 3171 3710 3246">
    <p class='ocr_par' dir='ltr' id='par_1_78' title="bbox 2131 3171 3710 3246">
     <span class='ocr_line' id='line_1_78' title="bbox 2131 3171 3710 3246; baseline -0.004 -13"><span class='ocrx_word' id='word_1_583' title='bbox 2131 3189 2239 3234; x_wconf 90' lang='lat' dir='ltr'><strong>tem</strong></span> <span class='ocrx_word' id='word_1_584' title='bbox 2276 3180 2330 3233; x_wconf 92' lang='lat' dir='ltr'><strong>in</strong></span> <span class='ocrx_word' id='word_1_585' title='bbox 2369 3178 2668 3234; x_wconf 81' lang='lat' dir='ltr'><strong>solitudine</strong></span> <span class='ocrx_word' id='word_1_586' title='bbox 2720 3192 2817 3246; x_wconf 90' lang='lat' dir='ltr'><strong>per</strong></span> <span class='ocrx_word' id='word_1_587' title='bbox 2866 3175 3308 3246; x_wconf 64' lang='lat' dir='ltr'><strong>prmdicationem</strong></span> <span class='ocrx_word' id='word_1_588' title='bbox 3345 3173 3435 3244; x_wconf 89' lang='lat' dir='ltr'><strong>(ad</strong></span> <span class='ocrx_word' id='word_1_589' title='bbox 3475 3171 3710 3243; x_wconf 86' lang='lat' dir='ltr'><strong>sc).evo-</strong></span> 
     </span>
    </p>
   </div>
   <div class='ocr_carea' id='block_1_79' title="bbox 2131 3261 3712 3338">
    <p class='ocr_par' dir='ltr' id='par_1_79' title="bbox 2131 3261 3712 3338">
     <span class='ocr_line' id='line_1_79' title="bbox 2131 3261 3712 3338; baseline -0.007 -11"><span class='ocrx_word' id='word_1_590' title='bbox 2131 3288 2263 3328; x_wconf 90' lang='lat' dir='ltr'><strong>cans</strong></span> <span class='ocrx_word' id='word_1_591' title='bbox 2297 3289 2312 3326; x_wconf 91' lang='lat'><strong>:</strong></span> <span class='ocrx_word' id='word_1_592' title='bbox 2359 3277 2415 3326; x_wconf 88' lang='lat' dir='ltr'><strong>et</strong></span> <span class='ocrx_word' id='word_1_593' title='bbox 2443 3269 2635 3326; x_wconf 90' lang='lat' dir='ltr'><strong>sordes</strong></span> <span class='ocrx_word' id='word_1_594' title='bbox 2665 3268 2735 3322; x_wconf 91' lang='lat' dir='ltr'><strong>ob</strong></span> <span class='ocrx_word' id='word_1_595' title='bbox 2766 3268 3088 3338; x_wconf 83' lang='lat' dir='ltr'><strong>sanguinem</strong></span> <span class='ocrx_word' id='word_1_596' title='bbox 3118 3267 3511 3336; x_wconf 87' lang='lat' dir='ltr'><strong>prophetarum</strong></span> <span class='ocrx_word' id='word_1_597' title='bbox 3554 3261 3712 3334; x_wconf 71' lang='lat' dir='ltr'><strong>(etfu-</strong></span> 
     </span>
    </p>
   </div>
   <div class='ocr_carea' id='block_1_80' title="bbox 2134 3355 3713 3434">
    <p class='ocr_par' dir='ltr' id='par_1_80' title="bbox 2134 3355 3713 3434">
     <span class='ocr_line' id='line_1_80' title="bbox 2134 3355 3713 3434; baseline -0.008 -14"><span class='ocrx_word' id='word_1_598' title='bbox 2134 3363 2280 3434; x_wconf 88' lang='lat' dir='ltr'><strong>sum)</strong></span> <span class='ocrx_word' id='word_1_599' title='bbox 2325 3368 2662 3424; x_wconf 87' lang='lat' dir='ltr'><strong>contractas,</strong></span> <span class='ocrx_word' id='word_1_600' title='bbox 2692 3365 2748 3412; x_wconf 90' lang='lat' dir='ltr'><strong>et</strong></span> <span class='ocrx_word' id='word_1_601' title='bbox 2786 3357 3116 3427; x_wconf 87' lang='lat' dir='ltr'><strong>multiplicia</strong></span> <span class='ocrx_word' id='word_1_602' title='bbox 3148 3355 3384 3426; x_wconf 86' lang='lat' dir='ltr'><strong>piacula,</strong></span> <span class='ocrx_word' id='word_1_603' title='bbox 3420 3355 3713 3422; x_wconf 87' lang='lat' dir='ltr'><strong>variosque</strong></span> 
     </span>
    </p>
   </div>
   <div class='ocr_carea' id='block_1_81' title="bbox 2133 3441 3711 3528">
    <p class='ocr_par' dir='ltr' id='par_1_81' title="bbox 2133 3441 3711 3528">
     <span class='ocr_line' id='line_1_81' title="bbox 2133 3441 3711 3528; baseline -0.011 -16"><span class='ocrx_word' id='word_1_604' title='bbox 2133 3455 2345 3528; x_wconf 88' lang='lat' dir='ltr'><strong>peccati</strong></span> <span class='ocrx_word' id='word_1_605' title='bbox 2380 3453 2577 3519; x_wconf 91' lang='lat' dir='ltr'><strong>nodos,</strong></span> <span class='ocrx_word' id='word_1_606' title='bbox 2617 3451 2820 3522; x_wconf 88' lang='lat' dir='ltr'><strong>quibus</strong></span> <span class='ocrx_word' id='word_1_607' title='bbox 2854 3449 3350 3503; x_wconf 80' lang='lat' dir='ltr'><strong>calceamentorum</strong></span> <span class='ocrx_word' id='word_1_608' title='bbox 3399 3447 3456 3498; x_wconf 89' lang='lat' dir='ltr'><strong>in</strong></span> <span class='ocrx_word' id='word_1_609' title='bbox 3491 3441 3711 3497; x_wconf 89' lang='lat' dir='ltr'><strong>modum</strong></span> 
     </span>
    </p>
   </div>
   <div class='ocr_carea' id='block_1_82' title="bbox 2136 3532 3714 3612">
    <p class='ocr_par' dir='ltr' id='par_1_82' title="bbox 2136 3532 3714 3612">
     <span class='ocr_line' id='line_1_82' title="bbox 2136 3532 3714 3612; baseline -0.011 -10"><span class='ocrx_word' id='word_1_610' title='bbox 2136 3549 2192 3603; x_wconf 92' lang='lat' dir='ltr'><strong>in</strong></span> <span class='ocrx_word' id='word_1_611' title='bbox 2255 3546 2349 3600; x_wconf 90' lang='lat' dir='ltr'><strong>illo</strong></span> <span class='ocrx_word' id='word_1_612' title='bbox 2396 3552 2644 3611; x_wconf 91' lang='lat' dir='ltr'><strong>tempore</strong></span> <span class='ocrx_word' id='word_1_613' title='bbox 2707 3539 2998 3593; x_wconf 88' lang='lat' dir='ltr'><strong>universus</strong></span> <span class='ocrx_word' id='word_1_614' title='bbox 3047 3537 3286 3612; x_wconf 80' lang='lat' dir='ltr'><strong>populus</strong></span> <span class='ocrx_word' id='word_1_615' title='bbox 3327 3532 3630 3604; x_wconf 86' lang='lat' dir='ltr'><strong>implicitus</strong></span> <span class='ocrx_word' id='word_1_616' title='bbox 3659 3538 3714 3584; x_wconf 85' lang='lat' dir='ltr'><strong>ct</strong></span> 
     </span>
    </p>
   </div>
   <div class='ocr_carea' id='block_1_83' title="bbox 2132 3621 3716 3706">
    <p class='ocr_par' dir='ltr' id='par_1_83' title="bbox 2132 3621 3716 3706">
     <span class='ocr_line' id='line_1_83' title="bbox 2132 3621 3716 3706; baseline -0.012 -14"><span class='ocrx_word' id='word_1_617' title='bbox 2132 3638 2373 3706; x_wconf 81' lang='lat' dir='ltr'><strong>illigatus</strong></span> <span class='ocrx_word' id='word_1_618' title='bbox 2401 3643 2519 3688; x_wconf 87' lang='lat' dir='ltr'><strong>erat</strong></span> <span class='ocrx_word' id='word_1_619' title='bbox 2549 3647 2562 3683; x_wconf 91' lang='lat'><strong>:</strong></span> <span class='ocrx_word' id='word_1_620' title='bbox 2598 3629 2782 3684; x_wconf 84' lang='lat' dir='ltr'><strong>omnia</strong></span> <span class='ocrx_word' id='word_1_621' title='bbox 2811 3625 3080 3696; x_wconf 88' lang='lat' dir='ltr'><strong>ejusmodi</strong></span> <span class='ocrx_word' id='word_1_622' title='bbox 3111 3625 3274 3688; x_wconf 86' lang='lat' dir='ltr'><strong>mala,</strong></span> <span class='ocrx_word' id='word_1_623' title='bbox 3299 3639 3422 3678; x_wconf 88' lang='lat' dir='ltr'><strong>cum</strong></span> <span class='ocrx_word' id='word_1_624' title='bbox 3451 3621 3716 3692; x_wconf 68' lang='lat' dir='ltr'><strong>praedica-</strong></span> 
     </span>
    </p>
   </div>
   <div class='ocr_carea' id='block_1_84' title="bbox 2133 3715 3715 3794">
    <p class='ocr_par' dir='ltr' id='par_1_84' title="bbox 2133 3715 3715 3794">
     <span class='ocr_line' id='line_1_84' title="bbox 2133 3715 3715 3794; baseline -0.009 -13"><span class='ocrx_word' id='word_1_625' title='bbox 2133 3728 2283 3782; x_wconf 88' lang='lat' dir='ltr'><strong>tione</strong></span> <span class='ocrx_word' id='word_1_626' title='bbox 2317 3721 2656 3794; x_wconf 73' lang='lat' dir='ltr'><strong>pmnitcntiae</strong></span> <span class='ocrx_word' id='word_1_627' title='bbox 2687 3719 3031 3782; x_wconf 87' lang='lat' dir='ltr'><strong>dissolveret,</strong></span> <span class='ocrx_word' id='word_1_628' title='bbox 3068 3726 3122 3772; x_wconf 90' lang='lat' dir='ltr'><strong>et</strong></span> <span class='ocrx_word' id='word_1_629' title='bbox 3159 3731 3316 3785; x_wconf 86' lang='lat' dir='ltr'><strong>aquae</strong></span> <span class='ocrx_word' id='word_1_630' title='bbox 3342 3715 3715 3784; x_wconf 87' lang='lat' dir='ltr'><strong>circumsper-</strong></span> 
     </span>
    </p>
   </div>
   <div class='ocr_carea' id='block_1_85' title="bbox 2135 3807 3719 3875">
    <p class='ocr_par' dir='ltr' id='par_1_85' title="bbox 2135 3807 3719 3875">
     <span class='ocr_line' id='line_1_85' title="bbox 2135 3807 3719 3875; baseline -0.008 -2"><span class='ocrx_word' id='word_1_631' title='bbox 2135 3818 2290 3874; x_wconf 87' lang='lat' dir='ltr'><strong>sione</strong></span> <span class='ocrx_word' id='word_1_632' title='bbox 2321 3815 2392 3870; x_wconf 87' lang='lat' dir='ltr'><strong>ad</strong></span> <span class='ocrx_word' id='word_1_633' title='bbox 2418 3813 2713 3870; x_wconf 74' lang='lat' dir='ltr'><strong>Iordanem</strong></span> <span class='ocrx_word' id='word_1_634' title='bbox 2757 3812 2984 3875; x_wconf 89' lang='lat' dir='ltr'><strong>clueret,</strong></span> <span class='ocrx_word' id='word_1_635' title='bbox 3023 3811 3078 3865; x_wconf 91' lang='lat' dir='ltr'><strong>in</strong></span> <span class='ocrx_word' id='word_1_636' title='bbox 3123 3810 3273 3864; x_wconf 89' lang='lat' dir='ltr'><strong>nulla</strong></span> <span class='ocrx_word' id='word_1_637' title='bbox 3312 3824 3371 3862; x_wconf 91' lang='lat' dir='ltr'><strong>re</strong></span> <span class='ocrx_word' id='word_1_638' title='bbox 3404 3807 3586 3862; x_wconf 86' lang='lat' dir='ltr'><strong>divina</strong></span> <span class='ocrx_word' id='word_1_639' title='bbox 3616 3807 3719 3860; x_wconf 90' lang='lat' dir='ltr'><strong>mi-</strong></span> 
     </span>
    </p>
   </div>
   <div class='ocr_carea' id='block_1_86' title="bbox 2136 3897 3718 3978">
    <p class='ocr_par' dir='ltr' id='par_1_86' title="bbox 2136 3897 3718 3978">
     <span class='ocr_line' id='line_1_86' title="bbox 2136 3897 3718 3978; baseline -0.008 -14"><span class='ocrx_word' id='word_1_640' title='bbox 2136 3924 2241 3965; x_wconf 88' lang='lat' dir='ltr'><strong>nus</strong></span> <span class='ocrx_word' id='word_1_641' title='bbox 2272 3906 2548 3978; x_wconf 67' lang='lat' dir='ltr'><strong>prtestitit,</strong></span> <span class='ocrx_word' id='word_1_642' title='bbox 2602 3917 2768 3975; x_wconf 89' lang='lat' dir='ltr'><strong>quam</strong></span> <span class='ocrx_word' id='word_1_643' title='bbox 2817 3903 2894 3957; x_wconf 91' lang='lat' dir='ltr'><strong>illi</strong></span> <span class='ocrx_word' id='word_1_644' title='bbox 2935 3902 3028 3972; x_wconf 89' lang='lat' dir='ltr'><strong>qui</strong></span> <span class='ocrx_word' id='word_1_645' title='bbox 3084 3902 3138 3956; x_wconf 87' lang='lat' dir='ltr'><strong>in</strong></span> <span class='ocrx_word' id='word_1_646' title='bbox 3189 3900 3452 3956; x_wconf 82' lang='lat' dir='ltr'><strong>exercitio</strong></span> <span class='ocrx_word' id='word_1_647' title='bbox 3497 3897 3718 3952; x_wconf 90' lang='lat' dir='ltr'><strong>virtutis</strong></span> 
     </span>
    </p>
   </div>
   <div class='ocr_carea' id='block_1_87' title="bbox 2140 3979 3718 4062">
    <p class='ocr_par' dir='ltr' id='par_1_87' title="bbox 2140 3979 3718 4062">
     <span class='ocr_line' id='line_1_87' title="bbox 2140 3979 3718 4062; baseline -0.01 -5"><span class='ocrx_word' id='word_1_648' title='bbox 2140 4009 2269 4057; x_wconf 87' lang='lat' dir='ltr'><strong>aute</strong></span> <span class='ocrx_word' id='word_1_649' title='bbox 2300 4017 2424 4057; x_wconf 90' lang='lat' dir='ltr'><strong>eum</strong></span> <span class='ocrx_word' id='word_1_650' title='bbox 2453 3997 2693 4053; x_wconf 80' lang='lat' dir='ltr'><strong>fuerunt.</strong></span> <span class='ocrx_word' id='word_1_651' title='bbox 2731 3991 2872 4060; x_wconf 84' lang='lat' dir='ltr'><strong>Quid</strong></span> <span class='ocrx_word' id='word_1_652' title='bbox 2903 3994 3033 4048; x_wconf 90' lang='lat' dir='ltr'><strong>item</strong></span> <span class='ocrx_word' id='word_1_653' title='bbox 3071 4003 3194 4062; x_wconf 90' lang='lat' dir='ltr'><strong>post</strong></span> <span class='ocrx_word' id='word_1_654' title='bbox 3226 3979 3372 4045; x_wconf 87' lang='lat' dir='ltr'><strong>hunc</strong></span> <span class='ocrx_word' id='word_1_655' title='bbox 3393 3989 3616 4057; x_wconf 86' lang='lat' dir='ltr'><strong>Paulus,</strong></span> <span class='ocrx_word' id='word_1_656' title='bbox 3653 4003 3718 4044; x_wconf 91' lang='lat' dir='ltr'><strong>eo</strong></span> 
     </span>
    </p>
   </div>
   <div class='ocr_carea' id='block_1_88' title="bbox 2139 4081 3716 4166">
    <p class='ocr_par' dir='ltr' id='par_1_88' title="bbox 2139 4081 3716 4166">
     <span class='ocr_line' id='line_1_88' title="bbox 2139 4081 3716 4166; baseline -0.011 -17"><span class='ocrx_word' id='word_1_657' title='bbox 2139 4094 2283 4166; x_wconf 86' lang='lat' dir='ltr'><strong>quod</strong></span> <span class='ocrx_word' id='word_1_658' title='bbox 2325 4103 2566 4161; x_wconf 89' lang='lat' dir='ltr'><strong>tempore</strong></span> <span class='ocrx_word' id='word_1_659' title='bbox 2600 4086 2870 4158; x_wconf 86' lang='lat' dir='ltr'><strong>posterior</strong></span> <span class='ocrx_word' id='word_1_660' title='bbox 2897 4095 3060 4150; x_wconf 88' lang='lat' dir='ltr'><strong>esset,</strong></span> <span class='ocrx_word' id='word_1_661' title='bbox 3094 4084 3161 4138; x_wconf 87' lang='lat' dir='ltr'><strong>ad</strong></span> <span class='ocrx_word' id='word_1_662' title='bbox 3189 4099 3462 4138; x_wconf 83' lang='lat' dir='ltr'><strong>summum</strong></span> <span class='ocrx_word' id='word_1_663' title='bbox 3490 4081 3716 4152; x_wconf 86' lang='lat' dir='ltr'><strong>gradqu</strong></span> 
     </span>
    </p>
   </div>
   <div class='ocr_carea' id='block_1_89' title="bbox 2141 4171 3720 4252">
    <p class='ocr_par' dir='ltr' id='par_1_89' title="bbox 2141 4171 3720 4252">
     <span class='ocr_line' id='line_1_89' title="bbox 2141 4171 3720 4252; baseline -0.012 -10"><span class='ocrx_word' id='word_1_664' title='bbox 2141 4183 2315 4242; x_wconf 82' lang='lat' dir='ltr'><strong>divini</strong></span> <span class='ocrx_word' id='word_1_665' title='bbox 2349 4193 2676 4252; x_wconf 83' lang='lat' dir='ltr'><strong>progressus</strong></span> <span class='ocrx_word' id='word_1_666' title='bbox 2703 4184 2759 4231; x_wconf 92' lang='lat' dir='ltr'><strong>et</strong></span> <span class='ocrx_word' id='word_1_667' title='bbox 2789 4175 3115 4229; x_wconf 87' lang='lat' dir='ltr'><strong>incrementi</strong></span> <span class='ocrx_word' id='word_1_668' title='bbox 3155 4171 3385 4228; x_wconf 81' lang='lat' dir='ltr'><strong>evadere</strong></span> <span class='ocrx_word' id='word_1_669' title='bbox 3409 4171 3720 4242; x_wconf 89' lang='lat' dir='ltr'><strong>prohibitus</strong></span> 
     </span>
    </p>
   </div>
   <div class='ocr_carea' id='block_1_90' title="bbox 2142 4263 3719 4342">
    <p class='ocr_par' dir='ltr' id='par_1_90' title="bbox 2142 4263 3719 4342">
     <span class='ocr_line' id='line_1_90' title="bbox 2142 4263 3719 4342; baseline -0.011 -10"><span class='ocrx_word' id='word_1_670' title='bbox 2142 4276 2258 4332; x_wconf 85' lang='lat' dir='ltr'><strong>est?</strong></span> <span class='ocrx_word' id='word_1_671' title='bbox 2291 4288 2476 4329; x_wconf 90' lang='lat' dir='ltr'><strong>annon</strong></span> <span class='ocrx_word' id='word_1_672' title='bbox 2528 4270 2779 4342; x_wconf 89' lang='lat' dir='ltr'><strong>protinus</strong></span> <span class='ocrx_word' id='word_1_673' title='bbox 2807 4268 3007 4324; x_wconf 65' lang='lat' dir='ltr'><strong>divinae</strong></span> <span class='ocrx_word' id='word_1_674' title='bbox 3028 4265 3484 4338; x_wconf 89' lang='lat' dir='ltr'><strong>pulchritudinis,</strong></span> <span class='ocrx_word' id='word_1_675' title='bbox 3511 4277 3632 4333; x_wconf 63' lang='lat' dir='ltr'><strong>qua</strong></span> <span class='ocrx_word' id='word_1_676' title='bbox 3663 4263 3719 4316; x_wconf 90' lang='lat' dir='ltr'><strong>in</strong></span> 
     </span>
    </p>
   </div>
   <div class='ocr_carea' id='block_1_91' title="bbox 2144 4355 3723 4435">
    <p class='ocr_par' dir='ltr' id='par_1_91' title="bbox 2144 4355 3723 4435">
     <span class='ocr_line' id='line_1_91' title="bbox 2144 4355 3723 4435; baseline -0.011 -11"><span class='ocrx_word' id='word_1_677' title='bbox 2144 4368 2321 4424; x_wconf 88' lang='lat' dir='ltr'><strong>oculis</strong></span> <span class='ocrx_word' id='word_1_678' title='bbox 2352 4365 2474 4435; x_wconf 88' lang='lat' dir='ltr'><strong>ejus</strong></span> <span class='ocrx_word' id='word_1_679' title='bbox 2519 4361 2831 4430; x_wconf 78' lang='lat' dir='ltr'><strong>reiulserat,</strong></span> <span class='ocrx_word' id='word_1_680' title='bbox 2883 4368 3094 4416; x_wconf 85' lang='lat' dir='ltr'><strong>amator</strong></span> <span class='ocrx_word' id='word_1_681' title='bbox 3115 4359 3347 4424; x_wconf 78' lang='lat' dir='ltr'><strong>exstitit,</strong></span> <span class='ocrx_word' id='word_1_682' title='bbox 3393 4355 3723 4424; x_wconf 90' lang='lat' dir='ltr'><strong>simulatque</strong></span> 
     </span>
    </p>
   </div>
   <div class='ocr_carea' id='block_1_92' title="bbox 2148 4447 3720 4528">
    <p class='ocr_par' dir='ltr' id='par_1_92' title="bbox 2148 4447 3720 4528">
     <span class='ocr_line' id='line_1_92' title="bbox 2148 4447 3720 4528; baseline -0.012 -12"><span class='ocrx_word' id='word_1_683' title='bbox 2148 4463 2218 4518; x_wconf 88' lang='lat' dir='ltr'><strong>ab</strong></span> <span class='ocrx_word' id='word_1_684' title='bbox 2251 4459 2428 4516; x_wconf 90' lang='lat' dir='ltr'><strong>oculis</strong></span> <span class='ocrx_word' id='word_1_685' title='bbox 2469 4471 2728 4528; x_wconf 89' lang='lat' dir='ltr'><strong>squamas</strong></span> <span class='ocrx_word' id='word_1_686' title='bbox 2772 4455 3000 4526; x_wconf 87' lang='lat' dir='ltr'><strong>rejecit?</strong></span> <span class='ocrx_word' id='word_1_687' title='bbox 3028 4467 3150 4524; x_wconf 81' lang='lat' dir='ltr'><strong>quae</strong></span> <span class='ocrx_word' id='word_1_688' title='bbox 3211 4463 3453 4520; x_wconf 82' lang='lat' dir='ltr'><strong>squamae</strong></span> <span class='ocrx_word' id='word_1_689' title='bbox 3503 4447 3720 4515; x_wconf 75' lang='lat' dir='ltr'><strong>signum</strong></span> 
     </span>
    </p>
   </div>
   <div class='ocr_carea' id='block_1_93' title="bbox 2149 4535 3720 4622">
    <p class='ocr_par' dir='ltr' id='par_1_93' title="bbox 2149 4535 3720 4622">
     <span class='ocr_line' id='line_1_93' title="bbox 2149 4535 3720 4622; baseline -0.015 -13"><span class='ocrx_word' id='word_1_690' title='bbox 2149 4560 2310 4610; x_wconf 88' lang='lat' dir='ltr'><strong>erant</strong></span> <span class='ocrx_word' id='word_1_691' title='bbox 2344 4548 2669 4622; x_wconf 86' lang='lat' dir='ltr'><strong>tegumenti,</strong></span> <span class='ocrx_word' id='word_1_692' title='bbox 2707 4561 2816 4616; x_wconf 83' lang='lat' dir='ltr'><strong>quo</strong></span> <span class='ocrx_word' id='word_1_693' title='bbox 2855 4560 2952 4600; x_wconf 86' lang='lat' dir='ltr'><strong>cor</strong></span> <span class='ocrx_word' id='word_1_694' title='bbox 2983 4543 3147 4615; x_wconf 89' lang='lat' dir='ltr'><strong>(ejus)</strong></span> <span class='ocrx_word' id='word_1_695' title='bbox 3173 4540 3472 4595; x_wconf 81' lang='lat' dir='ltr'><strong>obductum</strong></span> <span class='ocrx_word' id='word_1_696' title='bbox 3501 4535 3720 4590; x_wconf 81' lang='lat' dir='ltr'><strong>fuerat:</strong></span> 
     </span>
    </p>
   </div>
   <div class='ocr_carea' id='block_1_94' title="bbox 2151 4629 3725 4716">
    <p class='ocr_par' dir='ltr' id='par_1_94' title="bbox 2151 4629 3725 4716">
     <span class='ocr_line' id='line_1_94' title="bbox 2151 4629 3725 4716; baseline -0.014 -16"><span class='ocrx_word' id='word_1_697' title='bbox 2151 4662 2261 4716; x_wconf 89' lang='lat' dir='ltr'><strong>quo</strong></span> <span class='ocrx_word' id='word_1_698' title='bbox 2295 4649 2614 4712; x_wconf 85' lang='lat' dir='ltr'><strong>tegumento</strong></span> <span class='ocrx_word' id='word_1_699' title='bbox 2674 4637 2987 4692; x_wconf 71' lang='lat' dir='ltr'><strong>Iudaeorum</strong></span> <span class='ocrx_word' id='word_1_700' title='bbox 3039 4633 3345 4687; x_wconf 84' lang='lat' dir='ltr'><strong>animarum</strong></span> <span class='ocrx_word' id='word_1_701' title='bbox 3399 4629 3545 4684; x_wconf 88' lang='lat' dir='ltr'><strong>acies</strong></span> <span class='ocrx_word' id='word_1_702' title='bbox 3600 4642 3725 4696; x_wconf 90' lang='lat' dir='ltr'><strong>pcr-</strong></span> 
     </span>
    </p>
   </div>
   <div class='ocr_carea' id='block_1_95' title="bbox 2150 4719 3725 4807">
    <p class='ocr_par' dir='ltr' id='par_1_95' title="bbox 2150 4719 3725 4807">
     <span class='ocr_line' id='line_1_95' title="bbox 2150 4719 3725 4807; baseline -0.013 -17"><span class='ocrx_word' id='word_1_703' title='bbox 2150 4737 2391 4807; x_wconf 82' lang='lat' dir='ltr'><strong>spectiva</strong></span> <span class='ocrx_word' id='word_1_704' title='bbox 2425 4735 2662 4786; x_wconf 84' lang='lat' dir='ltr'><strong>obducta</strong></span> <span class='ocrx_word' id='word_1_705' title='bbox 2706 4737 2869 4796; x_wconf 89' lang='lat' dir='ltr'><strong>atque</strong></span> <span class='ocrx_word' id='word_1_706' title='bbox 2909 4725 3167 4796; x_wconf 86' lang='lat' dir='ltr'><strong>obligata,</strong></span> <span class='ocrx_word' id='word_1_707' title='bbox 3200 4737 3377 4779; x_wconf 76' lang='lat' dir='ltr'><strong>caecos</strong></span> <span class='ocrx_word' id='word_1_708' title='bbox 3418 4735 3514 4776; x_wconf 92' lang='lat' dir='ltr'><strong>eos</strong></span> <span class='ocrx_word' id='word_1_709' title='bbox 3546 4719 3725 4774; x_wconf 73' lang='lat' dir='ltr'><strong>elTerit</strong></span> 
     </span>
    </p>
   </div>
   <div class='ocr_carea' id='block_1_96' title="bbox 465 4813 2031 4910">
    <p class='ocr_par' dir='ltr' id='par_1_96' title="bbox 465 4818 2031 4902">
     <span class='ocr_line' id='line_1_96' title="bbox 465 4818 2031 4902; baseline -0.012 -14"><span class='ocrx_word' id='word_1_710' title='bbox 465 4833 614 4902; x_wconf 80' lang='grc' dir='ltr'>κὼδη</span> <span class='ocrx_word' id='word_1_711' title='bbox 661 4827 971 4901; x_wconf 78' lang='grc' dir='ltr'>περιϐολὴν,</span> <span class='ocrx_word' id='word_1_712' title='bbox 1011 4825 1194 4885; x_wconf 82' lang='grc' dir='ltr'>αὐτοῖς</span> <span class='ocrx_word' id='word_1_713' title='bbox 1239 4825 1350 4885; x_wconf 83' lang='grc' dir='ltr'>τοῖς</span> <span class='ocrx_word' id='word_1_714' title='bbox 1387 4820 1655 4894; x_wconf 81' lang='grc' dir='ltr'>οὐρανίοις</span> <span class='ocrx_word' id='word_1_715' title='bbox 1692 4818 1903 4882; x_wconf 82' lang='grc' dir='ltr'>ἀδύτοις</span> <span class='ocrx_word' id='word_1_716' title='bbox 1950 4821 2031 4870; x_wconf 77' lang='grc' dir='ltr'>ἐπ·</span> 
     </span>
    </p>
   </div>
   <div class='ocr_carea' id='block_1_97' title="bbox 2134 4813 3724 4910">
    <p class='ocr_par' dir='ltr' id='par_1_97' title="bbox 2153 4813 3724 4888">
     <span class='ocr_line' id='line_1_97' title="bbox 2153 4813 3724 4888; baseline -0.013 -5"><span class='ocrx_word' id='word_1_717' title='bbox 2153 4829 2220 4883; x_wconf 88' lang='lat' dir='ltr'><strong>ad</strong></span> <span class='ocrx_word' id='word_1_718' title='bbox 2247 4822 2574 4880; x_wconf 85' lang='lat' dir='ltr'><strong>veritatem?</strong></span> <span class='ocrx_word' id='word_1_719' title='bbox 2603 4834 2787 4873; x_wconf 89' lang='lat' dir='ltr'><strong>nonne</strong></span> <span class='ocrx_word' id='word_1_720' title='bbox 2842 4826 3198 4888; x_wconf 85' lang='lat' dir='ltr'><strong>posteaquam</strong></span> <span class='ocrx_word' id='word_1_721' title='bbox 3256 4813 3447 4869; x_wconf 86' lang='lat' dir='ltr'><strong>sordes</strong></span> <span class='ocrx_word' id='word_1_722' title='bbox 3489 4826 3627 4881; x_wconf 88' lang='lat' dir='ltr'><strong>quas</strong></span> <span class='ocrx_word' id='word_1_723' title='bbox 3659 4826 3724 4864; x_wconf 77' lang='lat' dir='ltr'><strong>ex</strong></span> 
     </span>
    </p>
   </div>
   <div class='ocr_carea' id='block_1_98' title="bbox 471 4911 2046 4998">
    <p class='ocr_par' dir='ltr' id='par_1_98' title="bbox 471 4911 2046 4998">
     <span class='ocr_line' id='line_1_98' title="bbox 471 4911 2046 4998; baseline -0.001 -31"><span class='ocrx_word' id='word_1_724' title='bbox 471 4923 786 4998; x_wconf 68' lang='grc' dir='ltr'>εχωρίαξεν,</span> <span class='ocrx_word' id='word_1_725' title='bbox 813 4919 962 4973; x_wconf 78' lang='grc' dir='ltr'>οὐδὲν</span> <span class='ocrx_word' id='word_1_726' title='bbox 977 4915 1140 4987; x_wconf 80' lang='grc' dir='ltr'>βαρού</span> <span class='ocrx_word' id='word_1_727' title='bbox 1151 4931 1305 4984; x_wconf 84' lang='grc' dir='ltr'>μενος</span> <span class='ocrx_word' id='word_1_728' title='bbox 1323 4913 1398 4984; x_wconf 80' lang='grc' dir='ltr'><strong>τῷ</strong></span> <span class='ocrx_word' id='word_1_729' title='bbox 1411 4912 1644 4982; x_wconf 71' lang='grc' dir='ltr'>ὲιρολκίῳ</span> <span class='ocrx_word' id='word_1_730' title='bbox 1661 4911 1755 4964; x_wconf 73' lang='grc' dir='ltr'>τοῦ</span> <span class='ocrx_word' id='word_1_731' title='bbox 1776 4911 2046 4982; x_wconf 78' lang='grc' dir='ltr'>σώματος,</span> 
     </span>
    </p>
   </div>
   <div class='ocr_carea' id='block_1_99' title="bbox 474 5005 2043 5082">
    <p class='ocr_par' dir='ltr' id='par_1_99' title="bbox 474 5005 2043 5082">
     <span class='ocr_line' id='line_1_99' title="bbox 474 5005 2043 5082; baseline -0.011 -8"><span class='ocrx_word' id='word_1_732' title='bbox 474 5021 564 5074; x_wconf 65' lang='grc' dir='ltr'><strong>καὶ</strong></span> <span class='ocrx_word' id='word_1_733' title='bbox 586 5018 736 5080; x_wconf 77' lang='grc' dir='ltr'>ἐντὸς</span> <span class='ocrx_word' id='word_1_734' title='bbox 765 5013 983 5082; x_wconf 65' lang='grc' dir='ltr'>ἐγένετο</span> <span class='ocrx_word' id='word_1_735' title='bbox 1016 5010 1113 5079; x_wconf 79' lang='grc' dir='ltr'><strong>τῆς</strong></span> <span class='ocrx_word' id='word_1_736' title='bbox 1143 5007 1292 5070; x_wconf 86' lang='grc' dir='ltr'>θείας</span> <span class='ocrx_word' id='word_1_737' title='bbox 1319 5005 1412 5058; x_wconf 78' lang='grc' dir='ltr'>τοῦ</span> <span class='ocrx_word' id='word_1_738' title='bbox 1448 5005 1776 5076; x_wconf 86' lang='grc' dir='ltr'>παραδείσου</span> <span class='ocrx_word' id='word_1_739' title='bbox 1798 5006 2043 5072; x_wconf 74' lang='grc' dir='ltr'>φυτείας,</span> 
     </span>
    </p>
   </div>
   <div class='ocr_carea' id='block_1_100' title="bbox 475 5083 2046 5178">
    <p class='ocr_par' dir='ltr' id='par_1_100' title="bbox 475 5083 2046 5178">
     <span class='ocr_line' id='line_1_100' title="bbox 475 5083 2046 5178; baseline -0.008 -22"><span class='ocrx_word' id='word_1_740' title='bbox 475 5112 588 5164; x_wconf 66' lang='grc' dir='ltr'>ἐκεῖ</span> <span class='ocrx_word' id='word_1_741' title='bbox 625 5108 723 5178; x_wconf 76' lang='grc' dir='ltr'><strong>τὴν</strong></span> <span class='ocrx_word' id='word_1_742' title='bbox 765 5083 1003 5178; x_wconf 75' lang='grc' dir='ltr'>ἄρρητον</span> <span class='ocrx_word' id='word_1_743' title='bbox 1037 5095 1422 5170; x_wconf 83' lang='grc' dir='ltr'>μυσταγωγίαν</span> <span class='ocrx_word' id='word_1_744' title='bbox 1456 5093 1605 5165; x_wconf 81' lang='grc' dir='ltr'><strong>παρά</strong></span> <span class='ocrx_word' id='word_1_745' title='bbox 1646 5094 1744 5164; x_wconf 79' lang='grc' dir='ltr'>τῆς</span> <span class='ocrx_word' id='word_1_746' title='bbox 1792 5091 2046 5162; x_wconf 83' lang='grc' dir='ltr'>ἀληθείας</span> 
     </span>
    </p>
   </div>
   <div class='ocr_carea' id='block_1_101' title="bbox 474 5185 2047 5270">
    <p class='ocr_par' dir='ltr' id='par_1_101' title="bbox 474 5185 2047 5270">
     <span class='ocr_line' id='line_1_101' title="bbox 474 5185 2047 5270; baseline -0.009 -18"><span class='ocrx_word' id='word_1_747' title='bbox 474 5201 868 5270; x_wconf 80' lang='grc' dir='ltr'>τελειούμενος,</span> <span class='ocrx_word' id='word_1_748' title='bbox 907 5191 1156 5247; x_wconf 64' lang='grc' dir='ltr'>κάκεῖθεν</span> <span class='ocrx_word' id='word_1_749' title='bbox 1185 5189 1475 5258; x_wconf 78' lang='grc' dir='ltr'>λαμϐάνων</span> <span class='ocrx_word' id='word_1_750' title='bbox 1506 5188 1596 5240; x_wconf 83' lang='grc' dir='ltr'><strong>τοῦ</strong></span> <span class='ocrx_word' id='word_1_751' title='bbox 1626 5186 1781 5254; x_wconf 86' lang='grc' dir='ltr'>λόγου</span> <span class='ocrx_word' id='word_1_752' title='bbox 1814 5187 1912 5258; x_wconf 84' lang='grc' dir='ltr'><strong>τὴν</strong></span> <span class='ocrx_word' id='word_1_753' title='bbox 1959 5185 2047 5239; x_wconf 88' lang='grc' dir='ltr'>δύ-</span> 
     </span>
    </p>
   </div>
   <div class='ocr_carea' id='block_1_102' title="bbox 483 5278 2044 5364">
    <p class='ocr_par' dir='ltr' id='par_1_102' title="bbox 483 5278 2044 5364">
     <span class='ocr_line' id='line_1_102' title="bbox 483 5278 2044 5364; baseline -0.01 -17"><span class='ocrx_word' id='word_1_754' title='bbox 483 5311 637 5364; x_wconf 68' lang='grc' dir='ltr'>ναμιν</span> <span class='ocrx_word' id='word_1_755' title='bbox 662 5294 740 5355; x_wconf 83' lang='grc' dir='ltr'><strong>είς</strong></span> <span class='ocrx_word' id='word_1_756' title='bbox 765 5287 1012 5358; x_wconf 80' lang='grc' dir='ltr'>ὑπακοὴν</span> <span class='ocrx_word' id='word_1_757' title='bbox 1031 5283 1130 5354; x_wconf 77' lang='grc' dir='ltr'>τῆς</span> <span class='ocrx_word' id='word_1_758' title='bbox 1159 5283 1392 5344; x_wconf 87' lang='grc' dir='ltr'>πίστεως</span> <span class='ocrx_word' id='word_1_759' title='bbox 1419 5282 1476 5333; x_wconf 83' lang='grc' dir='ltr'><strong>ἐν</strong></span> <span class='ocrx_word' id='word_1_760' title='bbox 1506 5281 1640 5334; x_wconf 80' lang='grc' dir='ltr'>πᾶσι</span> <span class='ocrx_word' id='word_1_761' title='bbox 1667 5282 1776 5340; x_wconf 87' lang='grc' dir='ltr'>τοῖς</span> <span class='ocrx_word' id='word_1_762' title='bbox 1803 5278 2008 5332; x_wconf 71' lang='grc' dir='ltr'>ἔθνεσιν</span> <span class='ocrx_word' id='word_1_763' title='bbox 2031 5297 2044 5346; x_wconf 90' lang='grc'>;</span> 
     </span>
    </p>
   </div>
   <div class='ocr_carea' id='block_1_103' title="bbox 479 5370 2056 5456">
    <p class='ocr_par' dir='ltr' id='par_1_103' title="bbox 479 5370 2056 5456">
     <span class='ocr_line' id='line_1_103' title="bbox 479 5370 2056 5456; baseline -0.013 -14"><span class='ocrx_word' id='word_1_764' title='bbox 479 5387 639 5441; x_wconf 82' lang='grc' dir='ltr'>Ὅθεν</span> <span class='ocrx_word' id='word_1_765' title='bbox 667 5383 862 5456; x_wconf 83' lang='grc' dir='ltr'>μικροῦ</span> <span class='ocrx_word' id='word_1_766' title='bbox 889 5382 998 5434; x_wconf 87' lang='grc' dir='ltr'>δεῖν</span> <span class='ocrx_word' id='word_1_767' title='bbox 1023 5379 1118 5448; x_wconf 80' lang='grc' dir='ltr'>τῆς</span> <span class='ocrx_word' id='word_1_768' title='bbox 1148 5374 1469 5444; x_wconf 81' lang='grc' dir='ltr'>οἰκουμένης</span> <span class='ocrx_word' id='word_1_769' title='bbox 1506 5373 1687 5442; x_wconf 84' lang='grc' dir='ltr'>πάσης</span> <span class='ocrx_word' id='word_1_770' title='bbox 1712 5370 1890 5444; x_wconf 83' lang='grc' dir='ltr'>πατὴρ</span> <span class='ocrx_word' id='word_1_771' title='bbox 1912 5371 2056 5440; x_wconf 83' lang='grc' dir='ltr'>γίνεο</span> 
     </span>
    </p>
   </div>
   <div class='ocr_carea' id='block_1_104' title="bbox 479 5470 2055 5548">
    <p class='ocr_par' dir='ltr' id='par_1_104' title="bbox 479 5470 2055 5548">
     <span class='ocr_line' id='line_1_104' title="bbox 479 5470 2055 5548; baseline -0.011 -10"><span class='ocrx_word' id='word_1_772' title='bbox 479 5502 586 5548; x_wconf 78' lang='grc' dir='ltr'>ται,</span> <span class='ocrx_word' id='word_1_773' title='bbox 637 5481 726 5535; x_wconf 83' lang='grc' dir='ltr'>διὰ</span> <span class='ocrx_word' id='word_1_774' title='bbox 769 5479 876 5532; x_wconf 87' lang='grc' dir='ltr'>τῶν</span> <span class='ocrx_word' id='word_1_775' title='bbox 921 5471 1306 5546; x_wconf 83' lang='grc' dir='ltr'>πνευματικῶν</span> <span class='ocrx_word' id='word_1_776' title='bbox 1349 5470 1552 5524; x_wconf 84' lang='grc' dir='ltr'>ὠδίνων</span> <span class='ocrx_word' id='word_1_777' title='bbox 1581 5473 1658 5534; x_wconf 86' lang='grc' dir='ltr'><strong>είς</strong></span> <span class='ocrx_word' id='word_1_778' title='bbox 1695 5471 1810 5540; x_wconf 81' lang='grc' dir='ltr'>ιρῶς</span> <span class='ocrx_word' id='word_1_779' title='bbox 1845 5471 2055 5536; x_wconf 87' lang='grc' dir='ltr'>ὲνάγων</span> 
     </span>
    </p>
   </div>
   <div class='ocr_carea' id='block_1_105' title="bbox 479 5563 2055 5642">
    <p class='ocr_par' dir='ltr' id='par_1_105' title="bbox 479 5563 2055 5642">
     <span class='ocr_line' id='line_1_105' title="bbox 479 5563 2055 5642; baseline -0.01 -12"><span class='ocrx_word' id='word_1_780' title='bbox 479 5579 604 5636; x_wconf 76' lang='grc' dir='ltr'>τοὺς</span> <span class='ocrx_word' id='word_1_781' title='bbox 628 5575 694 5628; x_wconf 85' lang='grc' dir='ltr'>δι’</span> <span class='ocrx_word' id='word_1_782' title='bbox 729 5570 891 5624; x_wconf 75' lang='grc' dir='ltr'>αὐτοῦ</span> <span class='ocrx_word' id='word_1_783' title='bbox 919 5566 1325 5642; x_wconf 75' lang='grc' dir='ltr'>μορφουμένους</span> <span class='ocrx_word' id='word_1_784' title='bbox 1359 5563 1498 5616; x_wconf 86' lang='grc' dir='ltr'><strong>κατά</strong></span> <span class='ocrx_word' id='word_1_785' title='bbox 1525 5564 1756 5633; x_wconf 86' lang='grc' dir='ltr'>Χριστὸν</span> <span class='ocrx_word' id='word_1_786' title='bbox 1781 5563 1860 5625; x_wconf 87' lang='grc' dir='ltr'><strong>είς</strong></span> <span class='ocrx_word' id='word_1_787' title='bbox 1898 5563 2055 5614; x_wconf 83' lang='grc' dir='ltr'>εὐσέ-</span> 
     </span>
    </p>
   </div>
   <div class='ocr_carea' id='block_1_106' title="bbox 481 5655 2056 5724">
    <p class='ocr_par' dir='ltr' id='par_1_106' title="bbox 481 5655 2056 5724">
     <span class='ocr_line' id='line_1_106' title="bbox 481 5655 2056 5724; baseline -0.009 -4"><span class='ocrx_word' id='word_1_788' title='bbox 481 5667 655 5720; x_wconf 79' lang='grc' dir='ltr'>ϐειαν.</span> <span class='ocrx_word' id='word_1_789' title='bbox 687 5663 749 5718; x_wconf 78' lang='lat' dir='ltr'><strong>El</strong></span> <span class='ocrx_word' id='word_1_790' title='bbox 793 5661 971 5714; x_wconf 87' lang='grc' dir='ltr'>τοίνυν</span> <span class='ocrx_word' id='word_1_791' title='bbox 1000 5661 1092 5714; x_wconf 69' lang='grc' dir='ltr'>ἐπὶ</span> <span class='ocrx_word' id='word_1_792' title='bbox 1121 5659 1230 5713; x_wconf 84' lang='grc' dir='ltr'><strong>τῶν</strong></span> <span class='ocrx_word' id='word_1_793' title='bbox 1263 5656 1436 5712; x_wconf 80' lang='grc' dir='ltr'>ἄλλων</span> <span class='ocrx_word' id='word_1_794' title='bbox 1479 5655 1668 5722; x_wconf 86' lang='grc' dir='ltr'>ἁγίων,</span> <span class='ocrx_word' id='word_1_795' title='bbox 1703 5657 1734 5724; x_wconf 83' lang='grc' dir='ltr'>ἡ</span> <span class='ocrx_word' id='word_1_796' title='bbox 1781 5655 1922 5707; x_wconf 75' lang='grc' dir='ltr'>κατὰ</span> <span class='ocrx_word' id='word_1_797' title='bbox 1965 5655 2056 5707; x_wconf 87' lang='grc' dir='ltr'><strong>τὸν</strong></span> 
     </span>
    </p>
   </div>
   <div class='ocr_carea' id='block_1_107' title="bbox 484 5747 2064 5831">
    <p class='ocr_par' dir='ltr' id='par_1_107' title="bbox 484 5747 2064 5831">
     <span class='ocr_line' id='line_1_107' title="bbox 484 5747 2064 5831; baseline -0.006 -18"><span class='ocrx_word' id='word_1_798' title='bbox 484 5758 674 5831; x_wconf 86' lang='grc' dir='ltr'>χρόνον</span> <span class='ocrx_word' id='word_1_799' title='bbox 706 5755 858 5821; x_wconf 71' lang='grc' dir='ltr'>τάξις</span> <span class='ocrx_word' id='word_1_800' title='bbox 887 5755 1035 5809; x_wconf 78' lang='grc' dir='ltr'>οὐδὲν</span> <span class='ocrx_word' id='word_1_801' title='bbox 1063 5757 1160 5826; x_wconf 77' lang='grc' dir='ltr'>τῆς</span> <span class='ocrx_word' id='word_1_802' title='bbox 1195 5751 1331 5806; x_wconf 78' lang='grc' dir='ltr'>κατὰ</span> <span class='ocrx_word' id='word_1_803' title='bbox 1360 5747 1490 5802; x_wconf 76' lang='grc' dir='ltr'>Θεὸν</span> <span class='ocrx_word' id='word_1_804' title='bbox 1516 5749 1796 5820; x_wconf 74' lang='grc' dir='ltr'>προκοπῆς</span> <span class='ocrx_word' id='word_1_805' title='bbox 1824 5750 2064 5818; x_wconf 72' lang='grc' dir='ltr'>ἠλάττω-</span> 
     </span>
    </p>
   </div>
   <div class='ocr_carea' id='block_1_108' title="bbox 2155 4904 3726 4990">
    <p class='ocr_par' dir='ltr' id='par_1_108' title="bbox 2155 4904 3726 4990">
     <span class='ocr_line' id='line_1_108' title="bbox 2155 4904 3726 4990; baseline -0.012 -17"><span class='ocrx_word' id='word_1_806' title='bbox 2155 4917 2462 4990; x_wconf 84' lang='lat' dir='ltr'><strong>ignorantia</strong></span> <span class='ocrx_word' id='word_1_807' title='bbox 2521 4923 2685 4982; x_wconf 87' lang='lat' dir='ltr'><strong>atque</strong></span> <span class='ocrx_word' id='word_1_808' title='bbox 2729 4926 2918 4966; x_wconf 88' lang='lat' dir='ltr'><strong>errore</strong></span> <span class='ocrx_word' id='word_1_809' title='bbox 2965 4913 3347 4970; x_wconf 76' lang='lat' dir='ltr'><strong>contraxerat,</strong></span> <span class='ocrx_word' id='word_1_810' title='bbox 3383 4906 3439 4959; x_wconf 89' lang='lat' dir='ltr'><strong>in</strong></span> <span class='ocrx_word' id='word_1_811' title='bbox 3491 4904 3726 4974; x_wconf 78' lang='lat' dir='ltr'><strong>mystico</strong></span> 
     </span>
    </p>
   </div>
   <div class='ocr_carea' id='block_1_109' title="bbox 2157 4994 3727 5075">
    <p class='ocr_par' dir='ltr' id='par_1_109' title="bbox 2157 4994 3727 5075">
     <span class='ocr_line' id='line_1_109' title="bbox 2157 4994 3727 5075; baseline -0.014 -9"><span class='ocrx_word' id='word_1_812' title='bbox 2157 5013 2376 5067; x_wconf 88' lang='lat' dir='ltr'><strong>lavacro</strong></span> <span class='ocrx_word' id='word_1_813' title='bbox 2402 5005 2678 5075; x_wconf 85' lang='lat' dir='ltr'><strong>deposuit,</strong></span> <span class='ocrx_word' id='word_1_814' title='bbox 2725 5003 2981 5072; x_wconf 90' lang='lat' dir='ltr'><strong>protinus</strong></span> <span class='ocrx_word' id='word_1_815' title='bbox 3022 4999 3088 5054; x_wconf 89' lang='lat' dir='ltr'><strong>ad</strong></span> <span class='ocrx_word' id='word_1_816' title='bbox 3127 4997 3498 5068; x_wconf 83' lang='lat' dir='ltr'><strong>augustiorem</strong></span> <span class='ocrx_word' id='word_1_817' title='bbox 3537 4994 3727 5048; x_wconf 82' lang='lat' dir='ltr'><strong>condi-</strong></span> 
     </span>
    </p>
   </div>
   <div class='ocr_carea' id='block_1_110' title="bbox 2155 5088 3728 5158">
    <p class='ocr_par' dir='ltr' id='par_1_110' title="bbox 2155 5088 3728 5158">
     <span class='ocr_line' id='line_1_110' title="bbox 2155 5088 3728 5158; baseline -0.014 -2"><span class='ocrx_word' id='word_1_818' title='bbox 2155 5105 2358 5158; x_wconf 83' lang='lat' dir='ltr'><strong>tioucm</strong></span> <span class='ocrx_word' id='word_1_819' title='bbox 2401 5104 2597 5153; x_wconf 86' lang='lat' dir='ltr'><strong>natura</strong></span> <span class='ocrx_word' id='word_1_820' title='bbox 2645 5093 3070 5149; x_wconf 80' lang='lat' dir='ltr'><strong>trausl‘ormatus</strong></span> <span class='ocrx_word' id='word_1_821' title='bbox 3114 5101 3216 5156; x_wconf 86' lang='lat' dir='ltr'><strong>est,</strong></span> <span class='ocrx_word' id='word_1_822' title='bbox 3276 5097 3330 5144; x_wconf 91' lang='lat' dir='ltr'><strong>et</strong></span> <span class='ocrx_word' id='word_1_823' title='bbox 3385 5088 3533 5142; x_wconf 87' lang='lat' dir='ltr'><strong>velut</strong></span> <span class='ocrx_word' id='word_1_824' title='bbox 3565 5093 3728 5140; x_wconf 77' lang='lat' dir='ltr'><strong>exuto</strong></span> 
     </span>
    </p>
   </div>
   <div class='ocr_carea' id='block_1_111' title="bbox 2155 5179 3727 5258">
    <p class='ocr_par' dir='ltr' id='par_1_111' title="bbox 2155 5179 3727 5258">
     <span class='ocr_line' id='line_1_111' title="bbox 2155 5179 3727 5258; baseline -0.013 -9"><span class='ocrx_word' id='word_1_825' title='bbox 2155 5196 2261 5249; x_wconf 90' lang='lat' dir='ltr'><strong>hoc</strong></span> <span class='ocrx_word' id='word_1_826' title='bbox 2293 5206 2481 5246; x_wconf 85' lang='lat' dir='ltr'><strong>crasso</strong></span> <span class='ocrx_word' id='word_1_827' title='bbox 2519 5197 2684 5258; x_wconf 82' lang='lat' dir='ltr'><strong>atque</strong></span> <span class='ocrx_word' id='word_1_828' title='bbox 2717 5199 2918 5240; x_wconf 87' lang='lat' dir='ltr'><strong>carueo</strong></span> <span class='ocrx_word' id='word_1_829' title='bbox 2948 5185 3151 5237; x_wconf 86' lang='lat' dir='ltr'><strong>amictu</strong></span> <span class='ocrx_word' id='word_1_830' title='bbox 3195 5182 3250 5236; x_wconf 91' lang='lat' dir='ltr'><strong>in</strong></span> <span class='ocrx_word' id='word_1_831' title='bbox 3293 5181 3430 5250; x_wconf 88' lang='lat' dir='ltr'><strong>ipsis</strong></span> <span class='ocrx_word' id='word_1_832' title='bbox 3462 5179 3727 5234; x_wconf 55' lang='lat' dir='ltr'><strong>calorum</strong></span> 
     </span>
    </p>
   </div>
   <div class='ocr_carea' id='block_1_112' title="bbox 2159 5267 3730 5356">
    <p class='ocr_par' dir='ltr' id='par_1_112' title="bbox 2159 5267 3730 5356">
     <span class='ocr_line' id='line_1_112' title="bbox 2159 5267 3730 5356; baseline -0.015 -14"><span class='ocrx_word' id='word_1_833' title='bbox 2159 5285 2339 5356; x_wconf 77' lang='lat' dir='ltr'><strong>adytis</strong></span> <span class='ocrx_word' id='word_1_834' title='bbox 2370 5278 2732 5338; x_wconf 78' lang='lat' dir='ltr'><strong>versabatur?</strong></span> <span class='ocrx_word' id='word_1_835' title='bbox 2776 5275 2842 5329; x_wconf 86' lang='lat' dir='ltr'><strong>Et.</strong></span> <span class='ocrx_word' id='word_1_836' title='bbox 2889 5275 3026 5330; x_wconf 86' lang='lat' dir='ltr'><strong>nihil</strong></span> <span class='ocrx_word' id='word_1_837' title='bbox 3070 5273 3320 5344; x_wconf 86' lang='lat' dir='ltr'><strong>corporei</strong></span> <span class='ocrx_word' id='word_1_838' title='bbox 3357 5267 3730 5340; x_wconf 87' lang='lat' dir='ltr'><strong>impedimenti</strong></span> 
     </span>
    </p>
   </div>
   <div class='ocr_carea' id='block_1_113' title="bbox 2158 5362 3731 5452">
    <p class='ocr_par' dir='ltr' id='par_1_113' title="bbox 2158 5362 3731 5452">
     <span class='ocr_line' id='line_1_113' title="bbox 2158 5362 3731 5452; baseline -0.012 -17"><span class='ocrx_word' id='word_1_839' title='bbox 2158 5379 2401 5452; x_wconf 88' lang='lat' dir='ltr'><strong>pondere</strong></span> <span class='ocrx_word' id='word_1_840' title='bbox 2453 5374 2720 5439; x_wconf 82' lang='lat' dir='ltr'><strong>tardatus,</strong></span> <span class='ocrx_word' id='word_1_841' title='bbox 2771 5371 2938 5426; x_wconf 88' lang='lat' dir='ltr'><strong>etiam</strong></span> <span class='ocrx_word' id='word_1_842' title='bbox 2997 5371 3142 5422; x_wconf 89' lang='lat' dir='ltr'><strong>intra</strong></span> <span class='ocrx_word' id='word_1_843' title='bbox 3201 5368 3440 5422; x_wconf 83' lang='lat' dir='ltr'><strong>divinam</strong></span> <span class='ocrx_word' id='word_1_844' title='bbox 3487 5362 3731 5434; x_wconf 86' lang='lat' dir='ltr'><strong>paradisi</strong></span> 
     </span>
    </p>
   </div>
   <div class='ocr_carea' id='block_1_114' title="bbox 2157 5463 3730 5539">
    <p class='ocr_par' dir='ltr' id='par_1_114' title="bbox 2157 5463 3730 5539">
     <span class='ocr_line' id='line_1_114' title="bbox 2157 5463 3730 5539; baseline -0.015 -9"><span class='ocrx_word' id='word_1_845' title='bbox 2157 5474 2520 5530; x_wconf 87' lang='lat' dir='ltr'><strong>consitionem</strong></span> <span class='ocrx_word' id='word_1_846' title='bbox 2574 5465 2943 5539; x_wconf 87' lang='lat' dir='ltr'><strong>perveniebat,</strong></span> <span class='ocrx_word' id='word_1_847' title='bbox 2974 5472 3030 5518; x_wconf 89' lang='lat' dir='ltr'><strong>et</strong></span> <span class='ocrx_word' id='word_1_848' title='bbox 3058 5463 3170 5517; x_wconf 88' lang='lat' dir='ltr'><strong>illic</strong></span> <span class='ocrx_word' id='word_1_849' title='bbox 3211 5474 3410 5514; x_wconf 87' lang='lat' dir='ltr'><strong>arcana</strong></span> <span class='ocrx_word' id='word_1_850' title='bbox 3446 5469 3730 5512; x_wconf 85' lang='lat' dir='ltr'><strong>sacrorum</strong></span> 
     </span>
    </p>
   </div>
   <div class='ocr_carea' id='block_1_115' title="bbox 2159 5545 3731 5636">
    <p class='ocr_par' dir='ltr' id='par_1_115' title="bbox 2159 5545 3731 5636">
     <span class='ocr_line' id='line_1_115' title="bbox 2159 5545 3731 5636; baseline -0.017 -13"><span class='ocrx_word' id='word_1_851' title='bbox 2159 5566 2448 5636; x_wconf 78' lang='lat' dir='ltr'><strong>disciplina</strong></span> <span class='ocrx_word' id='word_1_852' title='bbox 2513 5579 2542 5618; x_wconf 87' lang='lat' dir='ltr'><strong>a</strong></span> <span class='ocrx_word' id='word_1_853' title='bbox 2600 5559 2830 5616; x_wconf 87' lang='lat' dir='ltr'><strong>veritate</strong></span> <span class='ocrx_word' id='word_1_854' title='bbox 2871 5557 3212 5620; x_wconf 88' lang='lat' dir='ltr'><strong>initiabatur,</strong></span> <span class='ocrx_word' id='word_1_855' title='bbox 3266 5561 3430 5624; x_wconf 89' lang='lat' dir='ltr'><strong>atque</strong></span> <span class='ocrx_word' id='word_1_856' title='bbox 3483 5549 3634 5605; x_wconf 90' lang='lat' dir='ltr'><strong>illinc</strong></span> <span class='ocrx_word' id='word_1_857' title='bbox 3663 5545 3731 5598; x_wconf 83' lang='lat' dir='ltr'><strong>ad</strong></span> 
     </span>
    </p>
   </div>
   <div class='ocr_carea' id='block_1_116' title="bbox 2160 5646 3730 5720">
    <p class='ocr_par' dir='ltr' id='par_1_116' title="bbox 2160 5646 3730 5720">
     <span class='ocr_line' id='line_1_116' title="bbox 2160 5646 3730 5720; baseline -0.018 -4"><span class='ocrx_word' id='word_1_858' title='bbox 2160 5654 2681 5716; x_wconf 81' lang='lat' dir='ltr'><strong>obcdieudum-ﬁdci</strong></span> <span class='ocrx_word' id='word_1_859' title='bbox 2722 5653 2776 5707; x_wconf 91' lang='lat' dir='ltr'><strong>in</strong></span> <span class='ocrx_word' id='word_1_860' title='bbox 2807 5650 3062 5706; x_wconf 82' lang='lat' dir='ltr'><strong>omnibus</strong></span> <span class='ocrx_word' id='word_1_861' title='bbox 3088 5647 3344 5720; x_wconf 80' lang='lat' dir='ltr'><strong>gentibus</strong></span> <span class='ocrx_word' id='word_1_862' title='bbox 3375 5646 3484 5699; x_wconf 86' lang='lat' dir='ltr'><strong>vim</strong></span> <span class='ocrx_word' id='word_1_863' title='bbox 3517 5651 3730 5696; x_wconf 89' lang='lat' dir='ltr'><strong>sermo-</strong></span> 
     </span>
    </p>
   </div>
   <div class='ocr_carea' id='block_1_117' title="bbox 2174 5732 3734 5820">
    <p class='ocr_par' dir='ltr' id='par_1_117' title="bbox 2174 5732 3734 5820">
     <span class='ocr_line' id='line_1_117' title="bbox 2174 5732 3734 5820; baseline -0.018 -13"><span class='ocrx_word' id='word_1_864' title='bbox 2174 5753 2259 5810; x_wconf 89' lang='lat' dir='ltr'><strong>nis</strong></span> <span class='ocrx_word' id='word_1_865' title='bbox 2289 5748 2621 5820; x_wconf 86' lang='lat' dir='ltr'><strong>aecipiebat?</strong></span> <span class='ocrx_word' id='word_1_866' title='bbox 2647 5744 2798 5802; x_wconf 86' lang='lat' dir='ltr'><strong>Unde</strong></span> <span class='ocrx_word' id='word_1_867' title='bbox 2827 5743 2993 5802; x_wconf 88' lang='lat' dir='ltr'><strong>totius</strong></span> <span class='ocrx_word' id='word_1_868' title='bbox 3025 5738 3418 5813; x_wconf 87' lang='lat' dir='ltr'><strong>propemodum</strong></span> <span class='ocrx_word' id='word_1_869' title='bbox 3450 5732 3598 5792; x_wconf 85' lang='lat' dir='ltr'><strong>orbis</strong></span> <span class='ocrx_word' id='word_1_870' title='bbox 3623 5736 3734 5781; x_wconf 82' lang='lat' dir='ltr'><strong>ter-</strong></span> 
     </span>
    </p>
   </div>
  </div>
