4050 6164
349 344 455 402 ’195

1590 349 1645 403 S.
1683 348 2007 405 GREGORII
2038 346 2325 404 NYSSENI

3501 348 3612 407 796

344 442 530 518 rarum
559 470 714 534 pater
738 465 974 532 exsistit,
1007 481 1102 535 per
1133 466 1448 536 spirituales
1475 469 1691 525 labores
1717 479 1772 525 et
1798 486 1920 541 par-

2045 485 2137 534 τεν,
2179 468 2457 539 όμοτίμως
2490 467 2705 536 ἑκάστῳ
2733 466 2829 537 τῆς
2874 463 3093 535 χάριτος
3127 464 3261 535 πρὸς
3304 464 3402 535 τὴν
3445 465 3617 520 τελει-

349 565 438 609 tus
472 569 566 609 eos
602 554 695 624 qui
744 570 841 625 per
892 555 1070 625 ipsum
1118 556 1186 611 ad
1240 556 1609 614 Christianam
1663 561 1918 631 pietatem

2027 562 2195 633 ότητα
2243 558 2638 631 συνεργούσηςο
2690 557 2914 621 εἰκότως
2959 554 3244 627 τολμῶμεν
3292 555 3510 611 καὶτὸν
3555 559 3614 610 ἐν

346 643 680 709 formantur,
739 646 793 699 in
847 647 1025 701 lucem
1085 648 1410 718 producens.
1470 650 1525 705 Si
1570 651 1736 722 igitur
1780 654 1921 708 ratio

2045 652 2093 722 τῇ
2132 649 2253 704 καθ’
2289 650 2434 720 ἡμᾶς
2484 650 2644 720 γενεᾷ
2692 647 2787 702 τοῦ
2833 647 2967 701 Θεοῦ
3007 648 3316 718 ἄνθρωπον,
3363 647 3424 700 τὸ
3473 648 3614 717 μέγα

350 736 617 804 temporis
650 736 704 789 in
735 737 950 791 caeteris
975 739 1181 792 sanctis
1205 739 1340 793 nihil
1370 740 1517 810 quod
1555 742 1823 811 pertineat
1853 742 1921 796 ad

345 826 588 880 divinum
656 827 1051 882 incrementum
1123 838 1287 900 atque
1346 846 1695 900 progressum
1744 834 1924 888 immi-

348 918 487 982 nuit,
518 933 584 973 eo
618 919 764 988 quod
796 921 1004 989 pariter
1060 928 1114 975 et
1172 938 1237 976 ex
1295 938 1453 992 aequo
1510 925 1684 995 gratia
1726 942 1924 981 unum-

345 1024 618 1079 quemque
657 1009 942 1079 adjuvaret
1002 1011 1069 1066 ad
1122 1012 1512 1082 perfectionem
1546 1034 1558 1069 :
1594 1030 1702 1069 non
1739 1017 1928 1073 imme-

346 1102 452 1154 rito
475 1098 745 1154 audemus
772 1101 937 1154 etiam
998 1114 1146 1163 eum,
1195 1102 1288 1172 qui
1350 1112 1540 1157 nostra
1594 1113 1755 1160 aetate
1804 1106 1926 1171 fuit,

350 1191 632 1246 hominem
660 1192 929 1258 divinum,
964 1207 1220 1262 magnum
1250 1194 1384 1249 illud
1410 1196 1661 1253 veritatis
1690 1213 1795 1255 das
1820 1184 1923 1252 Ila-

348 1283 557 1349 silium,
616 1283 838 1353 inclytis
892 1284 1003 1338 illis
1038 1286 1247 1340 sanctis
1281 1288 1751 1342 annumerandum
1800 1304 1924 1344 esse

346 1371 553 1440 dicere,
593 1376 797 1443 quippe
837 1390 960 1429 cum
1008 1375 1270 1446 temporis
1308 1378 1627 1434 vicissitudo
1656 1380 1791 1435 nihil
1822 1380 1923 1434 im-

348 1464 531 1533 pediat
556 1464 637 1518 vel
668 1464 903 1520 sublime
927 1465 1071 1519 illius
1100 1481 1229 1537 erga
1266 1465 1433 1522 Deum
1480 1469 1721 1523 studium
1762 1479 1926 1540 atque

349 1554 703 1621 desiderium,
745 1557 827 1610 vel
875 1557 1115 1612 divinam
1153 1558 1387 1629 gratiam
1432 1560 1499 1613 ad
1538 1561 1777 1615 animam
1805 1576 1929 1632 per-

2031 740 2221 802 σκεῦος
2236 740 2334 811 τῆς
2355 740 2629 812 ἀληθείας,
2663 739 2963 803 Βασίλειον,
2990 741 3102 802 τοῖς
3126 739 3444 807 όνομαστοῖς
3474 740 3617 792 ἐκεί-

2033 849 2145 895 νοις
2174 832 2346 900 ἀγίοις
2372 832 2684 902 ἐναρίθμιον
2717 827 2856 885 εἶναι
2896 830 3093 898 λέγειν,
3124 829 3273 882 οὐδὲν
3305 828 3405 898 τῆς
3433 847 3616 899 χρονιο

2033 926 2137 997 κῆς
2180 923 2499 989 ἀκολουθίας
2540 923 2663 977 οὔτε
2710 925 2809 995 τὴν
2854 922 3063 994 ὑψηλὴν
3107 922 3313 976 ἐκείνου
3350 922 3487 993 πρὸς
3523 922 3615 975 τὸν

2033 1017 2165 1071 Θεὸν
2192 1015 2507 1086 ἐπιθυμίαν,
2550 1014 2674 1069 οῦτε
2705 1016 2802 1085 τὴν
2850 1014 2998 1068 θείαν
3021 1014 3181 1086 χάριν
3214 1014 3350 1085 πρὸς
3380 1013 3475 1084 τὴν
3516 1014 3614 1084 τῆς

2034 1106 2211 1178 ψυχῆς
2246 1107 2519 1161 τελείωσιν
2558 1106 2953 1178 ἐμποδιζούσης
2979 1119 2993 1134 ⁸
3030 1106 3105 1169 ὼς
3136 1105 3200 1159 ἂν
3227 1105 3301 1176 μὴ
3341 1105 3435 1175 τῆς
3468 1102 3616 1168 θείας

2028 1199 2337 1268 οἰκονομίας
2361 1199 2389 1250 ὁ
2420 1198 2622 1261 σκοπός
2664 1215 2717 1250 τι
2759 1197 3159 1269 παραωαὸείη,
3196 1197 3229 1268 ἧ
3259 1214 3311 1250 τι
3339 1195 3489 1268 παρά
3516 1197 3616 1265 τὴν

2028 1288 2122 1341 τοῦ
2143 1288 2331 1361 χρόνου
2357 1289 2536 1342 αἰτίαν
2568 1287 2894 1359 ἐλαττωθείη
2923 1288 3023 1358 τῆς
3052 1287 3179 1358 παρ’
3206 1284 3370 1339 αὑτοῦ
3401 1303 3616 1338 συνεισ-

2031 1381 2335 1452 φερομένης
2380 1380 2697 1451 συμμαχίας
2744 1380 2881 1450 πρὸς
2920 1380 2981 1432 τὸ
3018 1380 3333 1449 μυστήριον.
3392 1377 3617 1439 Πάντως

2032 1475 2089 1527 δὲ
2133 1475 2309 1538 οὐδεὶς
2361 1475 2546 1543 ἀγνοεῖ
2590 1474 2678 1527 τὸν
2728 1474 2927 1527 σκοπὸν
2960 1473 3059 1543 τῆς
3103 1472 3243 1526 κατά
3287 1473 3378 1524 τὸν
3424 1469 3613 1542 χρόνον

2033 1566 2220 1619 τοῦτον
2252 1566 2344 1619 τοῦ
2383 1565 2701 1619 διδασκάλου
2728 1568 2760 1635 ή
2772 1564 2887 1636 μῶν
2918 1563 3261 1629 ἀναδείξεως.

350 1640 489 1696 fecte
530 1653 584 1698 et
615 1644 862 1701 absolute
904 1646 1261 1702 excolendam
1314 1656 1368 1702 et
1422 1648 1821 1715 exornandam,
1890 1666 1959 1707 ne
1992 1668 2100 1723 quo
2139 1658 2304 1710 modo
2354 1655 2440 1711 vel
2491 1655 2666 1711 divini
2725 1656 2941 1710 consilii
3005 1652 3497 1724 dispositionisque
3534 1650 3621 1704 in-

350 1734 523 1788 tentio
552 1743 715 1806 atque
764 1739 1105 1808 propositum
1150 1739 1463 1809 sugilletur,
1490 1740 1575 1795 vel
1616 1741 1822 1812 aliquid
1848 1742 1917 1797 de
1975 1745 2126 1801 illius
2159 1748 2366 1801 auxilio
2420 1754 2584 1819 atque
2634 1748 2910 1818 prmsidio,
2957 1746 3104 1816 quod
3167 1744 3235 1800 ad
3301 1743 3620 1815 mysterium
3694 1802 3706 1816 '

353 1823 835 1891 considerabatur,
903 1837 1128 1897 propter
1181 1829 1444 1899 temporis
1496 1845 1719 1886 causam
1760 1840 2108 1903 extenuetur,
2151 1845 2213 1893 et
2241 1838 2432 1893 leviori
2474 1854 2638 1909 quam
2686 1853 2786 1909 par
2840 1849 2946 1902 est,
2982 1845 3260 1895 momento
3298 1838 3621 1894 aestimetur.

351 1910 522 1966 Nemo
549 1920 728 1968 autem
764 1930 994 1985 prorsus
1025 1918 1260 1988 ignorat,
1280 1934 1389 1988 quo
1417 1920 1652 1976 consilio
1681 1922 1735 1975 in
1771 1922 1875 1978 hoc
1902 1932 2145 2006 tempore
2174 1937 2475 2000 praeceptor
2500 1935 2689 1985 noster
2717 1930 3036 2001 designatus
3053 1938 3107 1984 et
3136 1930 3413 1985 exhibitas
3447 1930 3538 1986 sit.

422 2002 785 2075 Posteaquam
808 2008 952 2061 enim
976 2008 1256 2063 hominum
1288 2010 1505 2065 insania
1530 2012 1677 2066 circa
1701 2016 1928 2070 simula-

2052 2002 2058 2006 '
2114 2022 2331 2095 Ἐπειδὴ
2360 2024 2521 2096 γάρὴ
2556 2025 2685 2097 περὶ
2718 2025 2786 2079 τὰ
2833 2025 3024 2079 εἴδωλα
3043 2025 3151 2079 τῶν
3178 2025 3479 2097 ἀνθρώπων
3511 2044 3617 2098 μα-

353 2110 573 2150 crorum
606 2098 812 2152 cultum
855 2100 1243 2168 praedicatione
1273 2101 1479 2157 Christi
1520 2105 1790 2160 exstincta
1828 2115 1932 2169 est.

354 2195 409 2240 et
456 2188 638 2242 omnia
675 2188 789 2259 jam
835 2188 1063 2245 delubra
1112 2204 1430 2263 exterasque
1476 2212 1581 2259 res,
1630 2212 1750 2266 qua:
1796 2214 1936 2253 vano

356 2278 691 2333 dementium
747 2280 900 2335 cultu
950 2281 1216 2337 celebrari
1280 2298 1344 2337 ae
1401 2283 1734 2353 frequentari
1796 2289 1936 2342 sole-

364 2371 528 2437 bant,
578 2371 775 2425 diruta:
814 2379 975 2441 atque
1023 2389 1053 2427 e
1099 2373 1278 2428 medio
1316 2374 1546 2429 sublata:
1591 2386 1767 2442 crant,
1812 2394 1935 2432 cum

363 2479 458 2533 per
502 2464 817 2520 universum
860 2479 995 2534 pene
1046 2472 1315 2520 terrarum
1386 2470 1570 2523 orbem
1636 2470 1934 2525 habitatum

362 2559 673 2629 praedicatio
700 2559 917 2629 pietatis
949 2567 1004 2614 et
1028 2559 1140 2613 veri
1173 2558 1265 2613 Dei
1307 2560 1487 2615 cultus
1518 2570 1680 2630 atque
1715 2562 1935 2633 religio-

363 2654 450 2706 nis
476 2652 828 2721 pervasisset,
856 2651 993 2706 adeo
1020 2663 1077 2705 ut
1098 2652 1146 2707 is
1169 2652 1261 2721 qui
1291 2650 1498 2709 fraudis
1524 2655 1772 2709 humana:
1796 2655 1942 2724 prin-

363 2743 601 2814 cipatum
635 2752 688 2798 et
732 2745 1018 2813 imperium
1071 2753 1254 2808 tenet,
1290 2761 1353 2798 ex
1398 2746 1653 2802 omnibus
1691 2748 1939 2817 partibus

363 2835 514 2889 orbis
550 2845 820 2889 terrarum
860 2834 1067 2890 Christi
1102 2836 1321 2890 nomine
1354 2839 1714 2905 expelleretur
1759 2847 1814 2894 et
1844 2855 1940 2894 ex-

365 2925 679 2979 turbarctur
705 2943 719 2979 :
764 2924 952 2978 solerti
980 2935 1033 2979 et
1066 2925 1263 2979 callido
1302 2927 1554 2981 nimirum
1583 2929 1647 2983 ad
1678 2931 1937 2985 malltiam

367 3015 638 3070 inventori
700 3015 924 3069 malitia:
992 3024 1155 3085 atque
1218 3017 1474 3086 nequitia:
1523 3021 1814 3076 scelestum
1884 3030 1940 3077 et

367 3105 670 3175 improbum
706 3104 996 3158 consilium
1032 3119 1140 3158 non
1179 3105 1379 3170 defuit,
1416 3123 1524 3177 quo
1558 3123 1654 3177 per
1693 3108 1937 3165 fraudem

366 3196 545 3263 denuo
586 3194 882 3249 obnoxium
936 3194 1037 3248 sibi
1089 3195 1339 3249 redderet
1387 3212 1557 3266 genus
1608 3199 1937 3266 humanum;

367 3285 462 3340 sed
502 3285 605 3340 sub
656 3292 919 3354 praetextu
960 3300 1025 3340 ac
1059 3285 1241 3354 Specie
1274 3285 1684 3343 Christianismi
1715 3290 1940 3346 simula-

2043 2112 2128 2165 νία
2179 2112 2254 2182 τῷ
2308 2113 2621 2185 κηρύγματι
2670 2115 2761 2168 τοῦ
2811 2115 3046 2187 Χριστοῦ
3100 2115 3477 2186 κατεσϐέσθη,
3529 2118 3623 2170 καὶ

2043 2203 2218 2256 πάντα
2243 2200 2310 2276 ἧν
2334 2208 2389 2259 ἐν
2420 2207 2682 2278 ἐρειπίοις
2711 2208 2810 2279 ἤδη
2838 2208 2930 2260 καὶ
2965 2206 3254 2277 ἀφανισμῷ
3281 2206 3351 2261 τά
3379 2207 3485 2261 τῶν
3518 2224 3623 2278 μα-

2040 2295 2207 2349 ταίων
2244 2297 2582 2368 σεϐάσματα,
2623 2298 2709 2351 διά
2740 2300 2920 2368 πάσης
2952 2299 3134 2371 σχεδὸν
3171 2302 3270 2370 τῆς
3298 2300 3624 2370 οἰκουμένης

2040 2385 2133 2437 τοῦ
2185 2388 2534 2457 κηρύγματος
2586 2389 2684 2457 τῆς
2723 2389 3005 2453 εὐσεϐείας
3042 2390 3424 2460 φοιτήσαντος,
3479 2390 3621 2443 ὥστε

2042 2477 2130 2528 τὸν
2163 2477 2556 2549 ἐπικρατοῦντα
2596 2479 2693 2549 τῆς
2725 2481 3071 2551 ἀνθρωπίνης
3094 2481 3310 2552 ἀπάτης
3350 2483 3620 2552 πανταχό-

2044 2566 2133 2620 θεν
2162 2566 2530 2640 ἐξείργεσθαι,
2567 2567 2641 2639 τῷ
2668 2570 2759 2624 τοῦ
2788 2571 3024 2641 Χριστοῦ
3062 2572 3285 2642 ὀνόματι
3316 2575 3414 2643 τῆς
3443 2573 3623 2625 οίκου-

2048 2658 2213 2729 μένης
2240 2659 2654 2731 ἐξελαυνόμενον
2678 2678 2691 2692 ⁸
2727 2663 2886 2732 σοφὸς
2921 2663 2975 2716 δέ
3006 2665 3085 2728 εἰς
3116 2664 3312 2717 κακίαν
3353 2663 3427 2717 ὣν
3451 2666 3479 2718 ὁ
3522 2667 3623 2735 τῆς

2045 2749 2241 2813 κακίας
2290 2751 2552 2822 εὑρετὴς,
2598 2754 2700 2806 οὐκ
2735 2753 3013 2825 ἠπόρησεν
3070 2757 3312 2826 πονηρᾶς
3359 2756 3622 2822 ἐπινοίας,

2046 2836 2187 2891 ὥστε
2234 2839 2391 2893 πάλιν
2449 2842 2757 2912 ὑποχείριον
2806 2845 3029 2914 ποιῆσαι
3075 2844 3141 2897 δι’
3189 2846 3404 2914 ἀπάτης
3445 2846 3624 2916 ἐαυτῷ

2044 2928 2105 2982 τὸ
2153 2929 2491 3000 ἀνθρώπινον
2515 2949 2528 2963 ο
2562 2933 2675 2986 ἀλλ’
2710 2935 2767 2987 ἐν
2814 2937 3160 3007 προσχήματι
3191 2938 3617 3008 Χριστιανισμοῦ

2044 3021 2141 3093 τὴν
2176 3022 2620 3096 είδωλολατρείαν
2671 3026 2815 3081 κατά
2868 3028 2929 3081 τὸ
2974 3027 3197 3100 λεληθὸς
3250 3030 3620 3102 ἐπανήγαγεν,

2045 3114 2239 3180 πείσας
2272 3119 2384 3180 τοῖς
2416 3117 2569 3189 ἰδίοις,
2605 3118 2897 3191 σοφίσμασι
2942 3122 3067 3186 τοὺς
3098 3121 3233 3195 πρὸς
3261 3124 3422 3177 αὐτὸν
3447 3124 3620 3196 ὀρῶν·

2046 3223 2138 3271 τας
2174 3208 2247 3279 μὴ
2275 3209 2576 3280 ἀποστῆναι
2606 3214 2704 3283 τῆς
2731 3213 2959 3278 κτίσεως
2978 3254 2993 3279 ,
3041 3214 3175 3268 ἀλλά
3204 3214 3409 3287 ταύτην
3450 3234 3592 3288 προσ
3618 3251 3625 3257 -

2048 3300 2228 3353 κυνεῖν
2293 3300 2387 3353 καὶ
2418 3300 2620 3370 ταύτην
2672 3302 2963 3370 σέὸεσθαι,
3005 3306 3100 3359 καὶ
3135 3305 3266 3361 Θεὸν
3307 3307 3365 3359 τὸ
3416 3308 3629 3378 ποίημα

370 3391 588 3431 crorum
613 3376 822 3431 cultum
853 3377 1086 3432 latenter
1110 3378 1344 3441 reduxit,
1374 3393 1498 3433 curn
1528 3380 1645 3435 suis
1674 3394 1939 3437 commen-

2045 3386 2269 3454 οἴεσθαι,
2297 3391 2363 3460 τῇ
2395 3390 2487 3442 τοῦ
2512 3390 2644 3444 Υίοῦ
2676 3393 2864 3464 κλήσει
2900 3394 3322 3467 ὀνομαζόμενον.
3349 3398 3411 3451 El
3458 3376 3629 3452 asta

370 3472 441 3528 tis
488 3480 539 3526 et
586 3472 903 3543 imposturis
961 3473 1323 3542 persuasisset
1370 3475 1456 3540 iis,
1495 3477 1589 3545 qui
1635 3476 1701 3532 ad
1764 3477 1941 3548 ipsum

368 3561 727 3635 spectabant,
792 3580 860 3620 ne
911 3564 1211 3621 deficerent
1259 3581 1290 3620 a
1339 3575 1615 3633 creatura,
1673 3570 1766 3624 sed
1823 3585 1944 3626 eam

270 3716 275 3723 ,
367 3660 657 3716 adorarent
678 3669 732 3715 et
757 3670 1167 3724 venerarentur,
1196 3660 1475 3730 Deumque
1493 3670 1799 3718 creaturam
1823 3679 1947 3721 esse

369 3761 645 3822 putarent,
676 3768 798 3825 quae
844 3753 966 3808 Filii
1000 3755 1221 3809 nomine
1268 3760 1574 3808 vocaretur.
1617 3754 1772 3821 Quod
1803 3756 1851 3812 si
1877 3772 1945 3812 ex

370 3846 533 3903 rebus
562 3864 683 3918 quae
716 3862 825 3901 non
858 3854 1065 3909 essent,
1099 3853 1349 3902 creatura
1383 3847 1647 3915 producta
1677 3855 1782 3915 est,
1821 3855 1877 3902 et
1915 3863 1945 3901 a

370 3940 551 3993 divina
590 3940 851 4005 essentia,
880 3947 1148 4009 quantum
1196 3940 1263 3993 ad
1312 3939 1586 4009 propriam
1636 3939 1815 4009 ipsius
1861 3948 1946 3994 at-

373 4031 508 4083 tinet
535 4038 827 4090 naturam,
871 4029 1047 4083 aliena
1089 4030 1181 4092 sit,
1232 4029 1503 4085 neminem
1548 4045 1667 4084 eam
1704 4046 1815 4085 rem
1848 4030 1945 4087 de-

372 4124 502 4178 bere
536 4136 751 4184 curare,
790 4120 884 4174 sed
924 4120 1129 4177 Christi
1180 4122 1398 4177 nomine
1452 4130 1718 4178 creaturae
1772 4123 1946 4195 impo-

373 4215 505 4273 sito,
542 4212 684 4267 hanc
716 4211 969 4275 adorare,
1009 4212 1150 4267 hanc
1200 4213 1400 4273 colere.
1436 4214 1491 4268 in
1532 4213 1641 4268 hac
1673 4228 1823 4284 spem
1859 4231 1947 4270 sa-

374 4305 506 4359 lutis
541 4304 702 4358 fixam
739 4303 958 4367 habere,
986 4305 1056 4359 ab
1085 4304 1188 4358 hac
1214 4304 1480 4374 judicium
1508 4315 1848 4377 exspectare.
1883 4308 1947 4361 Et

374 4406 432 4451 ut
463 4412 577 4451 rem
606 4394 919 4451 summatim
946 4395 1299 4465 complectar,
1333 4411 1456 4450 cum
1505 4397 1796 4452 invasisset
1820 4411 1948 4466 apo-

374 4498 515 4545 stata
540 4489 792 4544 homines
833 4488 1003 4543 totius
1057 4488 1275 4542 malitia:
1327 4504 1440 4543 sua:
1481 4503 1731 4558 capaces,
1759 4488 1944 4543 Arium

375 4582 595 4651 inquam
626 4586 678 4635 et
710 4578 951 4643 Aelium,
986 4576 1334 4643 Eunomium,
1366 4577 1692 4643 Eudoxium,
1724 4594 1786 4633 ac
1809 4596 1948 4650 prte-

373 4683 458 4729 ter
499 4676 601 4729 hos
643 4673 850 4729 multos
888 4672 1057 4728 etiam
1108 4672 1269 4737 alios,
1309 4687 1406 4742 per
1462 4687 1557 4726 eos
1605 4670 1943 4727 deficientem

370 4768 480 4837 jam
513 4766 936 4821 simulacrorum
981 4764 1212 4827 cultum,
1269 4763 1411 4817 sicut
1452 4764 1659 4817 dictum
1694 4771 1796 4827 est,
1846 4780 1944 4819 no-

375 4860 521 4913 mine
550 4855 957 4913 Christianismi
1005 4855 1186 4910 denuo
1226 4854 1480 4919 reduxit,
1531 4861 1693 4924 atque
1746 4856 1949 4911 invale-

379 4950 564 5004 scebat
604 4947 868 5003 adversus
904 4947 1155 5001 homines
1190 4944 1437 5007 morbus,
1485 4945 1579 5015 qui
1636 4952 1944 5000 creaturam

375 5041 548 5111 magis
570 5055 733 5109 quam
758 5046 1065 5094 creatorem
1120 5036 1395 5099 colebant,
1428 5036 1563 5091 adeo
1604 5044 1663 5092 ut
1690 5038 1854 5092 etiam
1884 5038 1947 5092 il-

328 5116 335 5123 .
377 5136 483 5188 lius
525 5131 792 5203 temporis
817 5132 1211 5201 imperatorum
1242 5128 1445 5183 auxilio
1477 5127 1630 5184 fraus
1659 5129 1947 5185 confirma-

376 5232 549 5288 retur,
585 5231 636 5277 ct
670 5237 861 5278 omnes
908 5221 1241 5278 excellentes
1286 5218 1643 5289 magistratus
1669 5227 1720 5275 et
1746 5220 1949 5291 princi-

376 5325 533 5385 patus
562 5329 661 5386 pro
693 5314 794 5370 hoc
827 5314 1017 5368 morbo
1043 5318 1469 5383 propugnarent.
1494 5310 1738 5381 Cumque
1759 5326 1950 5368 omnes

378 5406 767 5476 propemodum
814 5406 1063 5460 homines
1114 5404 1183 5458 ad
1230 5402 1284 5458 id
1320 5401 1464 5472 quod
1518 5402 1733 5473 vigebat
1781 5410 1836 5456 et
1865 5402 1947 5456 in-

378 5498 688 5552 valescehat
727 5496 931 5551 malum
970 5496 1207 5550 traducti
1261 5501 1447 5550 essent
1484 5507 1499 5546 :
1539 5500 1672 5547 tunc
1720 5507 1950 5562 magnus

380 5607 408 5643 a
456 5592 566 5643 Deo
593 5589 849 5650 Basilius,
905 5587 1365 5658 quemadmodum
1417 5592 1664 5652 tempore
1710 5583 1949 5637 Achaabi

382 5677 864 5739 litias,eshibetnr
908 5717 923 5741 ,
977 5693 1041 5732 ac
1093 5675 1424 5740 sacerdotio,
1474 5675 1617 5744 quod
1668 5673 1780 5743 jam
1808 5688 1947 5743 quo-

384 5768 672 5824 dammodo
699 5768 995 5837 collapsum
1040 5775 1200 5837 atque
1235 5767 1538 5836 neglectum
1579 5775 1717 5833 erat,
1757 5780 1950 5822 susce-

2048 3478 2123 3550 μὴ
2149 3478 2319 3534 ὅντων
2345 3482 2492 3536 ἐστὶν
2523 3485 2557 3554 ή
2600 3485 2807 3550 κτίσις,
2838 3488 2931 3541 καὶ
2957 3488 3054 3559 τῆς
3082 3486 3231 3553 θείας
3258 3490 3443 3555 οὐσίας
3482 3491 3628 3545 κατά

2045 3569 2144 3640 τὴν
2177 3570 2308 3623 ἰδίαν
2357 3572 2714 3643 ἠλλοτρίωται
2743 3576 2923 3645 φύσιν,
2959 3580 3162 3651 μηδένα
3196 3581 3462 3635 ποιεῖσθαι
3502 3579 3627 3635 τού-

2045 3676 2137 3713 του
2184 3659 2377 3729 λόγον,
2413 3662 2550 3716 ἀλλά
2598 3665 2660 3719 τὸ
2694 3666 2787 3719 τοῦ
2832 3668 3069 3739 Χριστοῦ
3118 3670 3289 3743 ὄνομα
3337 3673 3627 3741 ἐπιθέντας

2045 3754 2109 3822 τῇ
2155 3753 2328 3807 κτίσει
2357 3754 2561 3827 ταύτην
2600 3761 2926 3828 προσκυνεῖν
2951 3800 2966 3824 ,
2999 3759 3173 3834 ταύτῃ
3203 3761 3481 3833 λατρεύειν
3505 3803 3520 3827 ,
3568 3766 3629 3819 ἐν

2044 3843 2219 3917 ταύτῃ
2246 3846 2345 3908 τὰς
2370 3845 2588 3911 ἐλπίδας
2623 3849 2722 3919 τῆς
2752 3851 3024 3921 σωτηρίας
3053 3851 3220 3923 ἔχειν,
3248 3853 3395 3925 παρά
3423 3854 3627 3925 ταύτης

2047 3933 2332 4004 ἀναμένειν
2369 3933 2468 4005 τὴν
2509 3934 2713 4007 κρίσιν.
2753 3938 2862 3991 Καὶ
2893 3940 3013 4003 ὅλος
3047 3940 3302 4012 ἐμπεσὼν
3332 3943 3360 3994 ό
3391 3945 3630 3998 ἀποστά-

2046 4040 2145 4093 της
2177 4024 2485 4094 ἀνθρώποις
2517 4026 2695 4079 πᾶσαν
2724 4028 2888 4082 αὐτοῦ
2929 4031 3026 4101 τὴν
3049 4032 3246 4085 κακίαν
3275 4034 3478 4098 ίκανοῖς
3523 4053 3631 4105 χω·

2052 4115 2232 4183 ρῆσαι,
2277 4116 2467 4187 Ἀρείῳ
2496 4134 2553 4169 τε
2592 4117 2735 4187 λέγω
2761 4121 2854 4173 καὶ
2898 4121 3085 4193 Ἀετίῳ
3109 4166 3123 4190 ,
3150 4125 3401 4196 Εὑνομίῳ
3429 4167 3444 4192 ,
3468 4127 3629 4189 Εὔδο-

2049 4204 2146 4276 ξίῳ
2172 4247 2186 4271 ,
2237 4207 2331 4259 καὶ
2377 4208 2514 4279 πρὸς
2541 4208 2750 4274 τούτοις
2789 4210 2883 4265 καὶ
2940 4213 3154 4278 πολλοῖς
3196 4215 3377 4280 ἄλλοις
3400 4256 3415 4282 ,
3460 4217 3526 4271 δι’
3554 4215 3629 4273 ὧν

2049 4297 2406 4352 ἐκλείπουσαν
2440 4299 2542 4370 ήδη
2574 4300 2674 4371 τὴν
2715 4301 3156 4373 εἰδωλολατρείαν
3191 4305 3350 4359 πάλιν
3378 4346 3392 4367 ,
3448 4306 3629 4372 καθὼς

2049 4389 2297 4460 εἴρηται,
2338 4390 2432 4443 τοῦ
2474 4393 2901 4464 Χριστιανισμοῦ
2947 4396 3291 4466 ἐπανήγαγεν
3317 4440 3331 4460 ,
3374 4400 3469 4452 καὶ
3502 4417 3629 4454 κατε

2049 4482 2269 4551 εκράτει
2300 4482 2409 4535 τῶν
2436 4483 2737 4555 ἀνθρώπων
2765 4487 2796 4557 ή
2828 4486 2998 4550 νόσος,
3020 4487 3127 4542 τῶν
3148 4490 3319 4541 κτίσει
3346 4489 3630 4563 λατρευόν-

2049 4591 2157 4628 των
2186 4573 2337 4644 παρά
2384 4574 2476 4628 τὸν
2508 4577 2767 4630 κτίσαντα
2793 4618 2807 4637 ,
2845 4577 2919 4642 ὡς
2962 4579 3052 4633 καὶ
3102 4582 3167 4651 τῇ
3200 4583 3485 4655 συμμαχία
3521 4584 3628 4637 τῶν

2050 4666 2169 4720 τότε
2213 4665 2477 4737 βασιλέων
2515 4668 2613 4737 τὴν
2648 4669 2862 4740 ἀπάτην
2893 4670 3294 4741 κρατύνεσθαι,
3328 4674 3421 4725 καὶ
3451 4675 3628 4738 πάσας

2052 4756 2148 4820 τὰς
2176 4757 2545 4827 ὑπερεχούσας
2581 4759 2755 4830 ἀρχὰς
2782 4760 2884 4828 τῆς
2913 4761 3168 4833 τοιαύτης
3216 4763 3627 4835 ὑπερμάχεσθαι

2053 4848 2230 4901 νόσου.
2277 4851 2389 4902 Kal
2435 4850 2653 4903 πάντων
2701 4852 2896 4923 μικροῦ
2927 4853 3034 4906 δεῖν
3067 4852 3370 4924 ἀνθρώπων
3403 4856 3535 4927 πρὸς
3569 4858 3628 4910 τὸ

2054 4940 2381 5011 ἐπικρατοῦν
2456 4942 2854 5010 μετατεθέντων
2883 4982 2897 5006 ,
2961 4945 3080 4998 τότε
3141 4947 3292 5018 παρὰ
3343 4946 3435 5000 τοῦ
3494 4946 3626 5000 Θεοῦ

2052 5029 2425 5084 ἀναδείκνυται
2455 5033 2492 5085 6'
2530 5032 2701 5102 μέγας
2736 5032 3045 5097 Βασίλειος,
3097 5035 3345 5107 καθάπερ
3394 5036 3485 5088 ἐπὶ
3533 5036 3626 5089 τοῦ

2068 5121 2271 5193 Ἀχαάϐ
2313 5123 2341 5175 ό
2387 5122 2604 5186 Ἠλίας·
2642 5125 2735 5177 καὶ
2785 5124 2885 5194 τῆς
2936 5126 3233 5197 ἱερωσύνης
3287 5127 3387 5197 ήδη
3431 5127 3630 5197 τρόπον

2053 5215 2177 5270 τινὰ
2234 5216 2584 5280 πεπτωκυίας
2643 5215 3206 5286 ἀντιλαμϐανόμενος,
3260 5218 3445 5287 ὥσπερ
3508 5220 3627 5273 τι.νά

2054 5306 2245 5377 λύχνον
2276 5306 2622 5369 ἐκλελοιπότα
2670 5306 2760 5359 τὸν
2799 5306 2897 5375 τῆς
2934 5307 3168 5370 πίστεως
3216 5307 3369 5376 λόγον
3414 5306 3500 5360 διὰ
3529 5308 3626 5377 τῆς

2055 5398 2369 5469 ἐνοικούσης
2409 5397 2558 5468 αὐτῷ
2584 5397 2804 5467 χάριτος
2834 5396 3145 5466 ἀναλάμψαι
3167 5397 3327 5451 πάλιν
3352 5398 3623 5467 ἐποίησεν.

2057 5490 2167 5543 Kal
2212 5486 2322 5543 οἶόν
2367 5508 2452 5553 τις
2498 5489 2701 5560 πυρσὸς
2749 5492 2860 5552 τοῖς
2916 5488 3130 5559 νύκτωρ
3166 5488 3627 5558 διαπλανωμένοις

2057 5578 2199 5633 κατὰ
2231 5580 2291 5632 τὸ
2320 5580 2552 5647 πέλαγος
2582 5580 2912 5649 ὑπερφανεὶς
2936 5579 3392 5650 τῆςἘκκλησίας,
3419 5581 3624 5643 πάντας

2058 5671 2195 5742 πρὸς
2236 5672 2335 5740 τὴν
2367 5671 2578 5725 εὐθεῖαν
2610 5671 2725 5725 ὁδὸν
2768 5672 3097 5743 ἐπέστρεψεν
3124 5712 3138 5733 .
3176 5672 3439 5741 ὑπάρχοις
3492 5688 3624 5740 συμ-

2059 5765 2390 5835 πλεκόμενος
2422 5807 2435 5831 ,
2490 5764 2882 5835 στρατηλάταις
2932 5765 3296 5836 συμμίσγων,
3351 5762 3621 5829 βασιλεῦσι
