4050 6164
419 337 528 398 797

1538 335 1605 390 IN
1653 307 1939 392 LAUDEM
1997 335 2301 393 FRATRIS
2339 337 2602 393 BASlLll.

3583 345 3685 403 798

425 449 963 536 παρρησιαζόμενος,
991 450 1078 504 ἐπ’
1102 449 1418 520 ἐκκλησίαις
1443 448 1602 520 βοῶν,
1633 452 1759 515 τοὺς
1787 451 2004 522 πόρρω-

2115 458 2225 520 pto,
2261 457 2524 520 tanquam
2557 451 2858 513 lucernam,
2897 464 3020 520 quae
3063 449 3376 515 defecisset,
3413 450 3682 508 rationem

423 543 514 597 θεν
539 541 934 612 ἀφεστηκότας,
963 541 1081 596 καθ’
1107 539 1398 612 ὁμοιότητα
1428 539 1664 607 Παύλου,
1689 541 1758 595 δι’
1790 541 2000 594 ἐπιστο-

421 635 528 688 λῶν
555 632 965 704 προσαγόμενος
987 671 1002 696 ,
1031 632 1314 704 ὲκφεὺγων
1339 634 1438 698 τάς
1473 633 1581 688 τῶν
1616 633 1998 704 συμπλεκομέ-

418 743 524 779 νων
552 724 754 790 λαϐἁς,
791 725 888 778 οὑκ
913 723 1052 795 ἔχων
1077 725 1210 778 ὅπου
1245 723 1492 797 κρατηθῇ
1539 726 1689 796 παρὰ
1710 723 1820 778 τῶν
1847 727 1998 780 ἀντι-

418 814 623 868 πάλων.
653 813 935 884 Κρείττων
971 813 1068 885 μὲν
1106 813 1217 886 γὰρ
1243 810 1312 886 ἦν
1343 814 1452 868 τῶν
1480 815 1824 886 δημευόντων
1843 855 1858 880 ,
1896 817 1996 870 αὑ-

417 905 507 969 τὸς
539 906 729 960 ἐαυτὸν
753 905 841 960 διὰ
877 907 977 976 τὴν
1017 905 1207 960 ἐλπίδα
1243 906 1345 978 τῆς
1390 907 1667 978 βασιλείας
1696 907 1994 980 δημεύσας.

414 997 458 1050 Τ
460 997 520 1049 οὗ
550 996 693 1051 κατά
733 995 833 1068 τὴν
878 995 1092 1068 ὲξορίαν
1137 996 1300 1068 φόϐου
1332 999 1648 1069 ἀπήλλακτο
1671 1038 1686 1062 ,
1735 999 1866 1070 μίαν
1893 1015 1998 1054 πα-

413 1086 572 1158 τρίδα
601 1085 924 1159 ἀνθρώπων,
949 1087 1042 1142 τὸν
1071 1089 1400 1161 παράδεισον
1426 1086 1564 1144 εἶναι
1597 1089 1787 1159 λέγων,
1815 1092 1999 1146 πᾶσαν

414 1177 470 1232 δὲ
523 1179 623 1249 τὴν
664 1179 768 1249 γῆν
814 1180 890 1243 ὼς
919 1181 1107 1253 κοινὴν
1143 1181 1244 1252 τῆς
1277 1180 1492 1252 φύσεως
1523 1181 1734 1254 ἐξορίαν
1762 1183 1992 1254 βλέπων.

428 1271 487 1326 '0
521 1257 579 1324 δὲ
626 1271 748 1326 καθ’
781 1273 994 1344 ἡμέραν
1048 1273 1410 1344 ἀποθνήσκων
1434 1315 1449 1338 ,
1487 1275 1581 1328 καὶ
1630 1275 1858 1330 πάντοτε
1907 1274 1998 1330 διὰ

417 1363 738 1435 νεκρώσεως
757 1361 900 1418 ἑκὼν
930 1365 1318 1439 δαπανώμενος
1339 1407 1353 1433 ,
1389 1369 1518 1422 πότε
1541 1368 1607 1422 ἂν
1638 1369 1876 1440 ἐφοϐήθη
1904 1370 1996 1423 τὸν

417 1457 644 1512 θάνατον
690 1457 782 1510 τὸν
809 1460 962 1529 παρὰ
989 1459 1098 1513 τῶν
1145 1459 1354 1532 ἐχθρῶν
1403 1459 1826 1532 ἀπειλούμενον;
1859 1453 1904 1529 ᾧ
1930 1477 1996 1531 γε

419 1549 672 1622 συμφορά
694 1545 764 1622 ἦν
795 1549 856 1604 τὺ
886 1550 960 1622 μὴ
998 1551 1256 1616 πολλάκις
1283 1551 1541 1607 δύνασθαι
1564 1553 1690 1617 τοὺς
1713 1553 1822 1607 τῶν
1853 1570 1997 1624 μαρ-

415 1643 594 1716 τύρων
640 1639 862 1710 ἀγῶνας
907 1642 1049 1714 ὑπὲρ
1077 1643 1178 1714 τῆς
1215 1642 1472 1716 ἀληθείας
1503 1644 1878 1716 μιμήσασθαι,
1915 1645 1996 1697 ἐνὶ

418 1733 632 1804 θανάτῳ
678 1731 1089 1805 ὑπεζευγμένης
1139 1737 1238 1807 τῆς
1289 1733 1541 1804 φύσεως·
1598 1737 1656 1800 ὃς
1689 1753 1838 1806 ποτε,
1889 1737 1998 1790 τῶν

419 1826 676 1899 ὑπάρχων
708 1826 816 1880 τινὶ
839 1826 900 1880 τὸ
925 1821 1078 1899 ἦπαρ
1104 1825 1331 1892 ἐξοίσειν
1355 1828 1516 1882 αὑτοῦ
1538 1829 1646 1882 τῶν
1679 1830 1999 1901 σπλάγχνων

419 1917 879 1990 καταπληκτικῶς
905 1917 1259 1990 ἁπειλήσαντι
1283 1959 1300 1987 ,
1355 1919 1670 1991 μειδιάματι
1699 1921 1799 1992 τὴν
1835 1921 1994 1976 ἀπαί-

419 2011 604 2066 δευτον
627 2011 856 2083 ἀπειλὴν
887 2011 1308 2084 καταχλευὰζων
1357 2015 1490 2086 φησί
1515 2031 1530 2047 ο
1570 2014 1743 2086 Χάριν
1782 2016 2000 2088 εἴσομαι

422 2123 502 2158 σοι
546 2105 644 2176 τῆς
695 2103 1084 2176 προαιρέσεως.
1129 2106 1240 2158 Καὶ
1272 2104 1382 2178 γὰρ
1423 2106 1485 2159 οὑ
1519 2109 1754 2178 μετρίως
1785 2109 1910 2180 ἀνιᾷ
1940 2111 2000 2163 τὸ

420 2190 573 2268 ἧπαρ
644 2197 757 2259 τοῖς
806 2195 1132 2266 σπλάγχνοις
1185 2196 1520 2266 ἐγκείμενον.
1580 2199 1856 2255 Ἐκϐαλὼν
1907 2197 2000 2256 οὖν

423 2288 574 2355 αὑτὸ,
603 2285 787 2352 καθὼς
812 2287 1114 2359 ἠπείλησας
1137 2327 1152 2354 ,
1179 2287 1274 2342 τοῦ
1301 2287 1596 2356 λυποῦντος
1620 2291 2000 2366 ἐλευθερώσεις

423 2379 485 2434 τὸ
517 2379 698 2452 σῶμα.

425 2451 609 2522 lyrunt
656 2465 756 2522 pro
803 2457 1030 2507 veritate
1081 2451 1383 2506 certamina
1437 2452 1664 2520 imitari,
1713 2469 1838 2510 cum
1898 2459 1992 2512 uni
2033 2463 2195 2516 morti
2244 2463 2510 2518 duntaxat
2561 2475 2756 2518 natura
2797 2464 3037 2518 obnoxia
3082 2463 3154 2518 sit

2103 541 2225 596 ﬁdei
2259 557 2357 612 per
2377 543 2773 598 inhabitantem
2801 543 2855 596 in
2882 557 2941 596 se
2967 543 3198 612 gratiam
3227 543 3473 598 relucere
3501 544 3686 600 denuo

2101 631 2254 686 fecit.
2289 630 2352 685 Et
2380 645 2506 686 cum
2528 633 2694 686 veluti
2719 630 2804 685 fax
2835 639 3001 685 noctu
3028 631 3344 685 errantibus
3381 647 3476 700 per
3509 647 3680 694 mare,

2101 724 2361 780 Ecclesiae
2389 725 2536 779 bono
2573 722 2942 794 apparuisset,
2975 727 3169 778 omnes
3203 723 3271 776 ad
3303 731 3508 778 rectam
3539 726 3682 779 viam

2099 817 2391 881 convertit,
2420 830 2548 872 cum
2587 813 2862 888 praefectis
2905 823 2959 870 et
3002 815 3326 885 praesidibus
3360 814 3678 886 conﬂigens,

2098 894 2223 964 cum
2273 905 2598 962 ductoribus
2635 907 2918 977 copiarum
2947 905 3333 975 congrediens,
3388 907 3530 976 apud
3581 907 3678 960 im.

2098 1011 2381 1072 peratores
2413 999 2586 1054 libere
2633 1000 2886 1070 loquens,
2929 999 2984 1052 in
3029 998 3392 1052 coneionibus
3419 1005 3473 1052 et
3506 998 3679 1052 eccle-

2098 1095 2198 1150 siis
2246 1094 2514 1158 clamans,
2569 1107 2686 1156 eos,
2751 1093 2846 1162 qui
2875 1091 3062 1160 procul
3113 1091 3387 1151 abessent,
3435 1090 3684 1159 exemplo

2099 1187 2254 1241 Pauli
2305 1201 2400 1256 per
2451 1185 2712 1256 epistolas
2777 1183 3081 1238 concilians
3136 1189 3301 1252 atque
3355 1182 3680 1252 adjungens,

2097 1277 2366 1348 eﬁugiens
2419 1285 2475 1331 et
2525 1275 2738 1332 evitans
2799 1272 3208 1344 conﬂigentium
3266 1273 3680 1342 prchcnsiones,

2097 1384 2222 1425 cum
2259 1368 2398 1424 nihil
2431 1369 2488 1422 in
2526 1383 2586 1423 se
2616 1366 2860 1430 haberet,
2897 1381 3006 1436 quo
3042 1373 3320 1420 teneretur
3357 1373 3412 1420 et
3439 1367 3685 1420 vincere-

2097 1468 2191 1517 tur
2237 1461 2306 1516 ab
2345 1459 2702 1515 adversariis.
2737 1456 2954 1514 Fortior
3004 1455 3150 1511 enim
3195 1463 3251 1510 et
3301 1454 3508 1508 ﬁrmior
3542 1461 3682 1515 erat,

2097 1567 2262 1624 quam
2319 1562 2379 1607 ut
2427 1551 2498 1606 ab
2549 1551 2639 1618 iis,
2676 1551 2771 1623 qui
2799 1552 2940 1606 bona
2971 1550 3090 1620 ejus
3119 1547 3488 1618 publicarant,
3541 1547 3686 1600 vinci

2098 1659 2162 1700 ac
2197 1644 2378 1716 subigi
2405 1650 2614 1715 posset,
2657 1659 2782 1697 eum
2839 1643 2954 1713 ipse
2995 1656 3054 1697 se
3093 1641 3252 1696 bonis
3279 1648 3504 1710 propter
3533 1653 3685 1709 spem

2103 1736 2269 1792 futuri
2324 1737 2476 1808 regni
2511 1737 2852 1791 muletasset.
2881 1735 2963 1789 Ab
2993 1734 3169 1791 exsilii
3203 1742 3349 1788 metu
3377 1733 3512 1787 liber
3545 1738 3684 1794 erat,

2103 1832 2249 1902 quod
2283 1845 2448 1884 unam
2481 1828 2712 1900 patriam
2743 1827 3024 1882 hominum
3066 1833 3315 1882 censeret
3361 1839 3484 1879 esse
3530 1836 3690 1893 para-

2105 1921 2283 1975 disum
2309 1960 2323 1982 ,
2362 1926 2526 1989 atque
2559 1933 2776 1973 omnem
2809 1927 3010 1972 terram
3057 1916 3212 1986 quasi
3269 1929 3560 1967 commune
3593 1927 3690 1964 na-

2105 2017 2242 2064 turae
2268 2007 2519 2062 exsilium
2552 2013 2846 2077 spectaret.
2884 2005 2986 2072 Qui
3017 2013 3198 2060 autem
3232 2003 3479 2075 quotidie
3510 2017 3690 2056 more-

2105 2109 2279 2162 retur,
2317 2114 2379 2153 ac
2407 2114 2503 2170 per
2537 2099 3012 2153 mortiﬁcationem
3045 2112 3266 2167 semper
3298 2097 3494 2151 lubens
3525 2094 3691 2148 absu-

2107 2200 2366 2256 meretur,
2422 2191 2643 2262 quando
2699 2190 2917 2244 tandem
2971 2192 3223 2253 martem,
3262 2203 3423 2258 quam
3481 2187 3688 2242 inimici

2107 2282 2479 2346 minabantur,
2513 2289 2756 2336 metuere
2782 2279 3088 2350 potuisset?
3117 2278 3207 2334 cui
3249 2277 3473 2348 quidem
3507 2277 3688 2332 clades

2109 2385 2274 2444 atque
2309 2375 2596 2428 calamitas
2628 2382 2766 2439 erat,
2823 2373 2966 2442 quod
2997 2388 3104 2426 non
3145 2386 3289 2442 saepe
3326 2377 3510 2441 posset
3545 2384 3691 2422 mar-

3205 2479 3218 2512 :
3279 2463 3370 2532 qui
3433 2460 3690 2532 praefecto

425 2540 642 2596 cuidam
703 2541 998 2612 aliquando
1057 2557 1118 2598 se
1168 2543 1327 2612 jecur
1389 2543 1510 2614 ejus
1591 2544 1661 2600 de
1725 2547 2034 2607 visceribus
2098 2563 2418 2627 erepturum
2465 2555 2707 2610 terrendi
2757 2570 2924 2612 causa
2972 2555 3199 2608 minanti
3232 2551 3687 2610 snbridendoin-

427 2635 610 2690 sulsas
657 2641 820 2704 atque
875 2644 1160 2707 protervas
1215 2635 1394 2692 minas
1439 2636 1695 2692 diludens
1732 2678 1748 2704 ,
1795 2638 2038 2697 Gratiam
2073 2646 2193 2711 tibi,
2225 2644 2424 2716 inquit,
2445 2646 2612 2715 hujus
2632 2646 2929 2702 voluntatis
2953 2651 3116 2715 atque
3159 2644 3426 2715 propositi
3467 2643 3688 2698 nomine

427 2728 658 2783 habebo.
713 2727 926 2784 Etenim
982 2728 1130 2784 haud
1181 2729 1532 2784 mediocriter
1575 2732 1865 2788 molestum
1923 2743 2005 2792 est
2036 2737 2195 2807 jecur
2221 2739 2524 2795 visceribus
2551 2739 2894 2795 incumbens.
2927 2739 2982 2792 Si
3016 2737 3242 2808 ejeceris
3309 2751 3438 2807 ergo
3527 2735 3681 2802 illud,

426 2829 488 2876 ut
529 2820 780 2886 minaris,
837 2837 897 2876 re
931 2821 1159 2876 molesta
1209 2829 1374 2892 atque
1418 2823 1608 2879 odiosa
1635 2839 1836 2895 corpus
1867 2827 2210 2886 liberareris.

497 2917 562 2970 Τί
586 2915 763 2970 τοίνυν
791 2912 958 2970 αὑτοῦ
978 2915 1041 2970 τὸ
1075 2915 1192 2987 μεθ’
1215 2915 1433 2986 ἐτέρους
1456 2917 1646 2985 ἁγίους
1675 2919 2008 2992 ἐπιδημῆσαι

2187 2924 2328 2990 Quid
2362 2924 2528 2994 igitur
2553 2922 2783 2978 illiusin
2804 2923 2971 2977 rebus
2998 2922 3201 2978 divinis
3225 2921 3574 2992 Splendorem
3607 2928 3692 2975 at-

427 3007 505 3080 τῷ
545 3007 644 3078 βίῳ
691 3004 1122 3077 κατασμικρύνει
1169 3005 1270 3075 τὴν
1309 3006 1450 3060 κατά
1477 3006 2007 3080 Θεὸνεὺδοκίμησιν,

2115 3031 2221 3086 que
2260 3014 2646 3069 claritudinem
2683 3012 3004 3076 imminuit,
3037 3012 3183 3083 quod
3219 3020 3342 3082 post
3387 3011 3528 3066 alios
3563 3025 3694 3066 san-

426 3097 505 3162 ὡς
539 3097 626 3152 διὰ
653 3093 812 3150 τοῦτο
840 3096 948 3151 τῶν
976 3098 1068 3150 ἐπὶ
1097 3101 1210 3164 τοῖς
1242 3101 1418 3169 ἁγίοις
1446 3103 1648 3174 ἑορτῶν
1691 3105 1898 3158 ἐλάττω
1925 3107 2009 3159 δο-

324 3182 327 3184 ’
383 3243 390 3249 ,
429 3189 545 3241 κεῖν
571 3181 710 3240 εἶναι
739 3187 838 3256 τὴν
866 3188 961 3240 ἐπὶ
997 3187 1173 3261 τούτῳ
1199 3187 1502 3264 πανήγυριν
1519 3211 1535 3260 ;
1567 3194 1850 3266 Σκόπησον
1875 3195 2008 3268 γὰρ,

431 3277 479 3331 εί
515 3276 681 3341 δοκεῖ,
713 3277 850 3348 πρὸς
885 3275 984 3332 ἕνα
1013 3279 1137 3334 τινὰ
1157 3280 1266 3334 τῶν
1296 3283 1674 3352 προλαϐόντων
1715 3284 1886 3355 ἁγίων
1919 3287 2012 3340 τὸν

430 3368 621 3424 τούτου
651 3369 764 3440 βίον
789 3369 1176 3438 ἀντεξετάζων.
1217 3373 1504 3446 Ἠγάπησε
1536 3375 1627 3428 τὸν
1650 3376 1784 3430 Θεὸν
1811 3381 1840 3431 ὁ
1867 3378 2011 3432 Παῦ-

432 3463 543 3527 λος·
569 3462 726 3516 τοὺτο
753 3462 863 3535 γὰρ
899 3463 964 3536 δὴ
989 3463 1100 3519 τῶν
1125 3464 1346 3535 ἀγαθῶν
1369 3466 1430 3520 τὺ
1458 3467 1750 3538 κεφάλαιον
1775 3509 1790 3534 ,
1816 3470 1882 3524 τὸ
1914 3471 2013 3541 τῆς

433 3553 655 3626 ἀγάπης
701 3553 844 3624 λέγω
872 3573 886 3586 ·
952 3555 1045 3624 ἀφ’
1097 3549 1166 3628 ἦς
1224 3558 1373 3612 πᾶσα
1436 3560 1619 3624 πίστις
1647 3599 1660 3624 ,
1717 3561 1810 3614 καὶ
1861 3562 2015 3626 ἐλπὶς

435 3649 606 3712 πᾶσα,
640 3647 734 3702 καὶ
777 3647 838 3702 τὸ
865 3647 924 3713 ἐξ
949 3647 1230 3719 ὑπομονῆς
1255 3650 1722 3722 προσδοκώμενον,
1758 3653 1849 3706 καὶ
1879 3653 1937 3706 τὸ
1958 3655 2016 3726 ἐν

436 3736 597 3791 παντὶ
626 3735 778 3809 καλῷ
797 3738 1188 3810 ἀμετάπτωτον
1213 3777 1228 3803 ,
1249 3741 1346 3794 καὶ
1373 3741 1432 3795 τὸ
1461 3741 1600 3813 μετά
1627 3743 1826 3806 παντὸς
1855 3760 2012 3796 πνευ-

439 3827 670 3900 ματικοῦ
712 3829 1051 3900 χαρίσματος
1088 3829 1150 3885 τὸ
1178 3830 1340 3886 πλέον
1369 3831 1536 3903 ἔχειν,
1587 3831 1724 3885 Ἀλλ’
1752 3831 2018 3897 ἐξετάσω-

441 3939 541 3992 μεν
569 3921 736 3976 πόσον
771 3917 839 3991 ἦν
872 3922 930 3976 ἐν
978 3921 1176 3994 Παύλῳ
1221 3923 1324 3994 τῆς
1370 3925 1508 3996 πρὸς
1536 3923 1668 3979 Θεὸν
1710 3925 1930 3995 ἀγάπης
1959 3925 2019 3978 τὸ

443 4012 658 4084 μέτρον.
698 4011 876 4082 Ἐρεῖς
907 4011 1146 4077 πάντως,
1179 4014 1262 4068 ὅτι
1316 4013 1376 4079 ἐξ
1405 4015 1532 4085 ὅλης
1566 4013 1794 4084 καρδίας
1837 4015 1931 4068 καὶ
1961 4015 2018 4080 ἐξ

441 4105 570 4174 ὅλης
591 4104 770 4176 ψυχῆς
791 4147 806 4171 ,
829 4107 923 4160 καὶ
949 4107 1008 4172 ἐξ
1031 4105 1160 4177 ὅλης
1184 4106 1284 4176 τῆς
1309 4105 1546 4168 διανοίας
1574 4107 1738 4160 αὑτοῦ
1765 4105 2020 4176 ἠγάπησε

442 4195 594 4250 Θεόν.
623 4196 824 4252 Τοῦτον
881 4197 991 4268 γάρ
1045 4196 1213 4250 ἔδωκε
1265 4197 1356 4250 τὸν
1405 4197 1704 4268 ἀκρότατον
1747 4199 1848 4268 τῆς
1886 4195 2023 4266 πρὸς

443 4288 577 4342 Θεὸν
606 4289 826 4362 ἀγάπης
857 4289 982 4362 ὅρον
1029 4290 1058 4342 ὁ
1089 4288 1272 4359 νόμος.
1305 4287 1513 4341 Οὑκοῦν
1540 4289 1568 4340 ό
1619 4289 1798 4342 πᾶσαν
1827 4286 2020 4340 ἑαυτοῦ

2113 3113 2232 3160 ctos
2267 3104 2322 3158 in
2365 3104 2478 3157 vita
2529 3101 2671 3156 fuit?
2703 3108 2760 3156 ut
2791 3102 3000 3156 idcirco
3034 3101 3331 3156 celebritas
3363 3107 3526 3168 atque
3561 3114 3695 3152 con-

2117 3207 2348 3260 ventus,
2383 3194 2477 3265 qui
2519 3194 2667 3249 illius
2703 3193 2928 3248 nomine
2951 3193 3169 3264 agitur,
3209 3191 3392 3246 minor
3432 3191 3696 3246 habeatur

2115 3288 2269 3345 feriis
2295 3327 2309 3353 ,
2353 3302 2473 3358 qeze
2504 3295 2824 3342 sanctorum
2854 3285 3087 3339 aliorum
3120 3284 3354 3340 honoris
3391 3291 3558 3355 atque
3583 3297 3696 3336 iue-

2116 3382 2304 3437 moria:
2331 3381 2508 3452 gratia
2535 3369 2932 3436 celebrantur?
2963 3377 3268 3434 Considera
3297 3377 3443 3432 enim
3467 3415 3482 3440 ,
3540 3375 3588 3432 si
3616 3373 3698 3428 vix

2115 3465 2276 3526 detur
2301 3513 2316 3538 ,
2353 3479 2519 3541 atque
2562 3469 2841 3540 perpende
2870 3483 3018 3532 rem,
3071 3483 3196 3524 cum
3236 3483 3348 3521 uno
3382 3467 3572 3536 aliquo
3603 3481 3700 3520 su-

2118 3563 2353 3632 perioris
2405 3562 2584 3617 relatis
2645 3569 2842 3615 sancto
2900 3558 3068 3628 hujus
3127 3559 3294 3614 vitam
3345 3572 3695 3627 comparans.

2119 3653 2320 3706 Dilexit
2347 3651 2519 3706 Deum
2579 3649 2809 3706 Paulus.
2863 3648 2922 3704 ιιι
2961 3649 3107 3703 enim
3137 3647 3397 3702 nimirum
3427 3649 3697 3716 bonorum

2119 3751 2284 3812 caput
2317 3747 2402 3796 est
2433 3759 2446 3795 :
2483 3741 2840 3808 dilectionis,
2895 3741 3120 3808 inquam
3146 3778 3160 3804 ,
3213 3739 3418 3794 bonum
3455 3756 3470 3794 :
3524 3753 3554 3791 a
3593 3752 3700 3808 qua

2120 3833 2412 3888 dilectione
2445 3831 2825 3903 proﬁciscitur
2853 3835 3034 3888 omnis
3061 3829 3198 3886 ﬁdes
3229 3837 3283 3886 et
3317 3831 3499 3886 onmis
3538 3844 3698 3900 spes,

2120 3934 2174 3982 et
2221 3925 2274 3980 id
2305 3925 2450 3996 quod
2481 3940 2578 3996 per
2602 3924 2926 3995 patientiam
2962 3931 3320 3994 exspectatur
3349 3923 3553 3978 bonum
3576 3962 3592 3988 ,
3647 3929 3703 3978 et

2124 4022 2178 4074 in
2235 4021 2384 4074 omni
2422 4021 2568 4075 bono
2601 4019 2876 4076 stabilitas
2918 4025 3086 4087 atque
3133 4016 3488 4082 constantia,
3539 4023 3594 4070 et
3647 4015 3702 4070 in

2122 4110 2268 4166 omni
2301 4109 2570 4180 spirituali
2605 4108 2753 4164 dono
2778 4109 3127 4164 commodum
3161 4116 3336 4178 atque.
3362 4107 3697 4176 prmstantia.

2126 4201 2231 4256 Sed
2262 4208 2578 4257 scrutemur
2601 4239 2616 4264 ,
2666 4207 2907 4272 quantus
2949 4200 3004 4255 in
3034 4199 3200 4254 Paulo
3226 4199 3540 4255 dilectionis
3573 4213 3702 4266 erga

2129 4293 2297 4348 Deum
2333 4290 2552 4346 modus.
2595 4291 2755 4347 Dices
2779 4291 3041 4355 omnino,
3077 4291 3222 4362 quod
3255 4305 3321 4346 ex
3356 4300 3469 4344 toto
3505 4289 3702 4350 corde,

444 4381 542 4454 τὴν
572 4382 799 4454 καρδίαν
829 4399 891 4436 τε
931 4383 1025 4436 καὶ
1054 4381 1153 4454 τὴν
1179 4379 1356 4451 ψυχὴν
1385 4382 1474 4434 καὶ
1502 4380 1599 4452 τὴν
1626 4381 1862 4436 διάνοιαν
1887 4381 2012 4434 ἁνα-

2127 4395 2183 4442 et
2209 4401 2272 4440 ex
2328 4393 2442 4439 tota
2469 4385 2654 4440 anima
2680 4423 2694 4447 ,
2731 4391 2784 4438 et
2813 4400 2880 4439 ex
2933 4390 3049 4438 tota
3084 4389 3266 4438 mente
3321 4397 3420 4435 sua
3455 4381 3706 4448 diligeret

449 4475 560 4538 θεὶς
591 4475 666 4546 τῷ
709 4475 855 4546 Θεῷ,
902 4475 1166 4547 καὶπρὸς
1215 4474 1341 4529 ἄλλο
1387 4475 1554 4546 μηδὲν
1604 4474 1712 4528 τῶν
1745 4472 1886 4526 κατὰ
1932 4472 2024 4524 τὸν

450 4566 562 4638 βίον
585 4565 774 4620 τοῦτον
819 4566 1267 4638 σπουδαζομένων
1309 4565 1622 4638 ἐπιρρεπῶς
1662 4564 2022 4634 διακείμενος,

449 4659 506 4710 ἐν
534 4656 611 4730 τῷ
639 4656 924 4729 ἀκροτάτῳ
957 4657 1164 4726 γίνεται
1189 4657 1290 4728 τῆς
1318 4655 1540 4728 ἀγάπης
1565 4657 1696 4728 ὅρῳ.
1721 4655 1784 4707 Εἰ
1809 4653 1907 4724 μὲν
1933 4649 2026 4707 οὖν

451 4751 562 4820 ἔχει
586 4769 671 4814 τις
711 4751 880 4817 δεῖξαι
907 4750 997 4804 τὸν
1028 4750 1122 4804 τοῦ
1158 4749 1478 4805 διδασκάλου
1521 4748 1632 4819 βίον
1671 4747 1799 4818 περί
1827 4765 1878 4800 τι
1919 4746 2026 4800 τῶν

453 4844 592 4899 κατὰ
633 4843 725 4896 τὸν
755 4843 958 4913 κόσμον
985 4843 1173 4896 τοῦτον
1220 4841 1667 4914 σπουδαζομένων
1706 4840 1897 4911 ἔχοντα
1929 4839 2027 4911 τὴν

457 4936 659 5007 ῥοπὴν,
695 4929 806 4989 οἷον
855 4936 984 5006 περὶ
1015 4935 1272 5002 πλοῦτον,
1327 4935 1358 5008 ἢ
1393 4935 1708 4990 δυναστείαν
1737 4975 1751 4998 ,
1785 4933 1818 5003 ἢ
1865 4931 2029 5003 κενῆς

456 5025 612 5096 δόξης
665 5024 959 5096 ἐπιθυμίαν
999 5025 1128 5096 (τὰς
1155 5026 1262 5096 γὰρ
1313 5024 1888 5101 ἀνδραποδωδεστέρας
1939 5023 2028 5076 ἐπ’

459 5115 604 5186 αὑτῷ
630 5115 738 5170 τῶν
769 5113 990 5186 ἡδονῶν,
1015 5114 1138 5168 οὑδὲ
1163 5113 1340 5184 λέγειν
1360 5115 1506 5181 ἀξιον
1529 5113 1674 5177 είκός
1703 5111 1894 5184 ἐστιν),
1923 5113 1952 5166 ὃ
1978 5129 2030 5166 τι

461 5207 524 5262 ἃν
562 5209 765 5262 τούτων
821 5205 1016 5278 εὑρεθῇ
1050 5205 1479 5276 σπουδαζόμενον
1502 5247 1518 5272 ,
1567 5203 1918 5260 ἐλαττοῦσθαι
1944 5204 2032 5258 λέ-

460 5317 576 5368 γειν
603 5300 683 5354 δεῖ
727 5300 846 5354 κατ’
874 5300 1048 5352 ἐκεῖνο
1093 5298 1194 5368 τῆς
1241 5297 1379 5368 πρὸς
1415 5297 1506 5351 τὸν
1542 5297 1675 5350 Θεὸν
1723 5296 1946 5365 ἀγάπης
1970 5293 2034 5346 τδ

469 5391 662 5462 μέτρον
686 5432 701 5458 ,
729 5393 826 5464 τῆς
854 5389 1252 5462 ἐπιθυμητικῆς
1285 5388 1446 5444 αὑτοῦ
1483 5389 1774 5453 διαθέσεως
1807 5389 1914 5442 ἀπὸ
1937 5387 2030 5442 τοῦ

463 5481 598 5534 Θεοῦ
645 5482 778 5553 πρὸς
817 5480 886 5534 τὰ
933 5479 1105 5551 ὑλώδη
1143 5478 1560 5551 μεταρῤυείσης.
1596 5479 1660 5532 Εἰ
1711 5479 1767 5532 δέ
1817 5479 2034 5546 πάντων

463 5577 667 5630 τούτων
687 5578 782 5629 καὶ
807 5573 911 5628 τῶν
939 5573 1193 5628 τοιούτων
1220 5571 1412 5644 ἐχθρός
1443 5589 1526 5635 τις
1556 5568 1624 5643 ἦν
1645 5571 1737 5625 καὶ
1755 5571 2032 5642 πολέμιος,

467 5668 730 5739 πρότερον
773 5667 868 5737 μὲν
897 5665 989 5720 τοῦ
1017 5665 1144 5720 ἰδίου
1177 5664 1290 5736 βίον
1315 5665 1494 5719 πᾶσαν
1529 5661 1784 5736 ὲξορίζων
1813 5663 1911 5734 τὴν
1947 5664 2038 5734 ὲμ-

469 5761 616 5833 παθῆ
645 5760 771 5832 περὶ
801 5759 972 5814 ταῦτα
998 5759 1264 5827 διάθεσιν,
1298 5757 1488 5812 ἔπειτα
1517 5757 1571 5813 δὲ
1605 5756 1696 5811 καὶ
1727 5757 1826 5828 τὴν
1859 5753 2042 5826 κοινὴν

2131 4475 2320 4532 Deu'm.
2355 4474 2512 4530 llunc
2543 4475 2688 4532 enim
2736 4491 3013 4531 summum
3071 4471 3386 4528 dilectionis
3440 4469 3704 4524 adversus

2127 4569 2294 4624 Deum
2325 4569 2621 4624 terminum
2654 4567 2746 4622 dat
2781 4568 2886 4623 lex.
2921 4567 3084 4638 Ergo—
3103 4567 3195 4636 qui
3223 4579 3385 4620 omne
3412 4577 3512 4618 cor
3541 4579 3703 4618 suum

2127 4672 2180 4716 et
2222 4661 2458 4714 animam
2492 4669 2547 4716 et
2575 4669 2812 4714 mentem
2849 4659 2956 4714 Deo
3003 4657 3232 4720 dicavit,
3279 4663 3333 4710 et
3367 4655 3433 4710 ad
3499 4655 3706 4712 nullam

2128 4767 2244 4808 rem
2278 4753 2438 4806 aliam
2471 4767 2660 4806 earum
2695 4767 2815 4820 qum
2842 4766 2938 4820 per
2972 4749 3115 4804 hanc
3145 4750 3311 4802 vitam
3343 4759 3706 4816 expetuntur,

2130 4842 2361 4896 allectus
2405 4849 2572 4910 atque
2620 4856 2930 4912 propensus
2989 4849 3110 4906 est,
3169 4841 3222 4893 in
3272 4853 3533 4908 supremo
3569 4837 3710 4893 dile-

2130 4935 2328 4989 ctionis
2362 4933 2533 5003 gradu
2569 4933 2842 4990 consistit.
2887 4932 3182 4988 Enimvero
3221 4931 3268 4988 si
3316 4935 3443 5000 quis
3481 4929 3712 4985 demon-

2087 5036 2312 5083 .strare
2362 5033 2584 5094 petest,
2644 5024 2792 5095 quod
2850 5032 3160 5096 praeceptor
3202 5021 3434 5094 (noster)
3488 5022 3542 5075 in
3598 5023 3711 5075 vita

2134 5118 2200 5170 ad
2243 5131 2356 5170 rem
2409 5115 2650 5187 aliquam
2685 5132 3040 5187 earumquze
3082 5132 3180 5186 per
3240 5115 3388 5169 hunc
3445 5113 3710 5167 mundum

2133 5212 2495 5274 expetuntur,
2545 5223 2849 5277 propensus
2893 5207 3280 5266 et,inclinatus
3327 5213 3512 5270 esset,
3548 5212 3608 5257 ut
3644 5203 3711 5257 ad

2135 5297 2354 5352 divitias
2408 5304 2463 5352 et
2496 5298 2834 5367 potentiam,
2882 5305 2977 5351 aut
3020 5313 3176 5352 vanae.
3227 5296 3417 5366 gloriae
3464 5293 3710 5350 studium

2139 5389 2336 5462 (magis
2375 5389 2520 5443 enim
2559 5389 2792 5445 serviles
2825 5389 2880 5442 in
2933 5405 2998 5444 eo
3029 5391 3339 5460 voluptates
3373 5403 3441 5443 ne
3471 5402 3714 5440 comme-

2138 5493 2354 5535 morare
2385 5479 2605 5551 quidem
2653 5494 2871 5550 requum
2907 5496 3053 5544 esse,
3103 5487 3539 5535 consentaneum
3581 5479 3712 5546 est),

2139 5587 2529 5643 quarncunque
2561 5572 2755 5627 harum
2799 5586 2981 5626 rerum
3011 5573 3290 5642 expetisse
3338 5568 3714 5640 deprehende-

2140 5674 2266 5730 tur,
2297 5681 2362 5720 ea
2395 5665 2579 5722 dicere
2620 5680 2680 5721 re
2709 5663 2970 5719 convenit
3011 5663 3258 5718 imminui
3304 5661 3526 5717 modum
3581 5673 3709 5728 erga

2151 5755 2317 5812 Deum
2359 5757 2670 5814 dilectionis
2693 5794 2708 5822 ,
2745 5754 2890 5826 quod
2929 5755 3047 5824 ejns
3077 5753 3291 5810 aﬁ'cctio
3338 5747 3654 5822 cupiditatis
3677 5759 3715 5801 a
