4050 6164
388 305 492 362 799

1633 309 1690 363 S.
1715 309 2041 369 CREGORH
2076 314 2365 371 NYSSiCNl

3527 317 3635 373 800

385 414 500 469 Deo
545 414 609 491 ad
650 430 738 471 res
766 415 1075 470 materiales
1111 414 1359 469 traducta
1406 426 1574 472 esset.
1613 420 1710 475 Sin
1767 431 1941 477 autem

2064 426 2206 498 ζωὴν
2261 429 2603 501 ἐκκαθαίρων
2654 429 2729 500 τῷ
2778 446 2837 483 τε
2882 430 3172 500 διδακτικῷ
3211 429 3352 499 λόγῳ
3415 428 3509 482 καὶ
3555 428 3634 502 τῷ

385 505 580 559 harum
615 514 668 560 et
700 506 969 574 ejusmodi
1002 521 1182 558 rerum
1213 506 1473 562 inimicus
1506 518 1562 561 et
1594 509 1770 565 hostis
1795 524 1912 567 erat
1936 554 1952 581 ,

385 597 532 666 quod
568 597 720 666 prius
747 596 971 665 quidem
1009 612 1038 651 e
1081 596 1187 649 vita
1221 612 1319 649 sua
1355 612 1572 652 onmem
1618 601 1876 655 vitiosum
1901 613 1956 658 et

386 688 601 741 mollem
660 686 804 740 circa
849 686 949 741 bas
1007 703 1095 741 res
1134 686 1386 742 affectum
1438 689 1660 757 ejiceret
1691 731 1705 755 ,
1760 692 1955 749 deinde

384 794 726 833 communem
752 794 970 849 quoque
999 780 1164 833 vitam
1188 820 1202 842 ,
1238 788 1351 833 tum
1378 796 1632 837 sermone
1661 783 1950 851 doctrinm,

386 880 495 924 tum
522 886 622 925 suo
648 873 895 940 exemplo
925 882 1291 942 expurgaret:
1333 876 1683 944 perspicuum
1740 869 1949 943 fuerit',

383 961 527 1027 quod
560 961 711 1014 illum
744 962 870 1033 erga
914 962 1079 1017 Deum
1103 964 1416 1020 dilectionis
1471 967 1693 1052 modum
1726 967 1779 1022 in
1831 984 1953 1025 sese

384 1052 647 1116 habebat,
683 1070 793 1122 quo
847 1056 1082 1124 amplius
1140 1065 1336 1111 natura
1397 1074 1505 1112 non
1542 1060 1812 1129 capiebat.
1848 1061 1951 1127 Qui

381 1144 525 1196 enim
589 1160 657 1198 ex
719 1153 835 1199 toto
890 1148 1094 1211 corde,
1138 1155 1189 1201 et
1250 1165 1316 1204 ex
1377 1157 1491 1203 tota
1550 1152 1731 1205 anima
1789 1162 1953 1221 atque

381 1242 561 1288 mente
595 1234 762 1289 Deum
799 1237 1013 1307 diligit,
1057 1240 1150 1306 qui
1190 1241 1363 1309 possit
1406 1240 1471 1293 ad
1520 1242 1785 1311 majorem
1814 1243 1949 1298 dile-

382 1326 580 1381 ctionis
613 1330 855 1391 modum,
887 1331 978 1398 qui
1019 1331 1194 1385 locum
1223 1349 1330 1385 non
1362 1332 1583 1397 habeat,
1610 1335 1948 1389 contendere

380 1426 542 1485 atque
576 1418 756 1472 eniti?
783 1418 1020 1474 Proinde
1052 1423 1096 1475 si
1130 1438 1297 1476 unum
1350 1423 1608 1492 perfectae
1661 1425 1946 1480 charitatis

380 1518 544 1578 atque
566 1509 875 1565 dilectionis
904 1513 1198 1568 terminum
1228 1530 1353 1569 esse
1383 1516 1679 1571 didicimus
1707 1556 1721 1581 ,
1753 1532 1947 1586 nempe

379 1614 502 1653 eum
524 1639 538 1663 ,
573 1600 665 1669 qui
714 1618 778 1655 ex
818 1609 935 1657 toto
969 1603 1132 1659 corde
1166 1605 1276 1660 Deo
1307 1606 1522 1662 dicatus
1554 1616 1608 1661 et
1655 1622 1947 1662 consecra-

380 1694 466 1741 lus
521 1689 640 1742 sit:
700 1704 762 1743 ac
799 1690 1100 1760 diligebant
1162 1692 1362 1749 Paulus
1421 1703 1476 1749 et
1540 1695 1774 1751 Basilius
1830 1705 1945 1752 toto

2059 518 2179 569 καθ’
2211 518 2401 571 ἑαυτὸν
2445 520 2831 590 ὑποδείγματι⁹
2864 520 3021 589 δῆλον
3070 520 3134 573 ἂν
3185 522 3268 590 είη
3294 562 3307 584 ,
3332 520 3411 572 ὅτι
3460 521 3635 571 ἐκεῖνο

2057 607 2154 676 τῆς
2181 609 2313 679 πρὸς
2337 610 2427 663 τὸν
2456 611 2587 664 Θεὸν
2614 612 2834 681 ἀγάπης
2862 612 2920 665 τὸ
2953 613 3148 683 μέτρον
3176 608 3320 682 εἶχεν
3351 613 3408 663 ἐν
3432 611 3630 679 ἐαυτῷ,

2056 693 2115 751 οὗ
2136 699 2197 750 τὸ
2226 700 2383 754 πλέον
2410 703 2508 754 οὐκ
2541 701 2734 772 ἐχώρει
2769 704 2801 772 ἡ
2828 702 3005 772 φύσις.
3036 703 3094 756 '0
3126 703 3233 772 γὰρ
3263 703 3323 766 ἐξ
3348 703 3634 778 ὃὶηςῦκαρ·

2055 787 2171 851 δίας
2211 807 2270 843 τε
2309 793 2400 844 καὶ
2449 792 2624 863 ψυχῆς
2666 792 2758 845 καὶ
2791 792 3022 855 διανοίας
3063 792 3153 847 τὸν
3198 793 3329 844 Θεὸν
3379 792 3629 860 ἀγαπῶν,

2056 879 2173 942 πῶς
2206 881 2271 934 ἂν
2300 883 2613 954 ὑπερτιθείη
2648 886 2783 953 πρὸς
2822 886 2882 938 τὸ
2926 884 3085 938 πλέον
3137 885 3235 954 τῆς
3268 884 3487 954 ἀγάπης
3531 883 3631 955 μὲ-

2053 984 2198 1036 τρον,
2234 968 2261 1021 ὃ
2291 969 2469 1039 χώραν
2497 971 2597 1024 οὐκ
2629 971 2741 1041 ἔχει
2768 989 2782 1035 ;
2818 973 3024 1026 Οὐκοῦν
3070 973 3117 1024 εί
3150 972 3245 1025 ’ένα
3289 973 3389 1041 τῆς
3420 972 3633 1035 τελείας

2054 1055 2271 1126 ἀγάπης
2296 1059 2419 1129 ὅρον
2448 1058 2743 1128 ἐμάθομεν,
2775 1060 2864 1111 τὸν
2914 1058 2974 1123 ἐξ
3002 1061 3129 1129 ὅλης
3164 1058 3391 1129 καρδίας
3418 1058 3496 1129 τῷ
3511 1057 3631 1127 Θεῷ

2054 1147 2441 1217 ἀνακείμενον,
2486 1150 2714 1219 ἠγάπων
2753 1150 2809 1203 δὲ
2848 1150 3059 1212 Παῦλος
3105 1140 3209 1202 ’καὶ
3250 1150 3529 1212 Βασίλειος
3574 1151 3632 1201 ἐν

2052 1236 2147 1307 ὃλῃ
2179 1238 2371 1308 καρδίᾳ
2391 1238 2468 1310 τῷ
2494 1239 2612 1310 Θεῷ
2642 1240 2985 1310 ἀνακείμενοι
3011 1282 3024 1305 ,
3057 1241 3114 1294 ἓν
3143 1240 3337 1309 μέτρον
3367 1235 3503 1292 εἶναι
3530 1240 3632 1309 τῆς

2050 1325 2271 1399 ἀγάπης
2304 1328 2362 1380 ἐν
2397 1328 2725 1399 ἀμφοτέροις
2756 1332 2929 1382 εἰπεῖν
2960 1347 3042 1393 τις
3089 1329 3362 1398 τολμήσας
3389 1369 3404 1391 ,
3436 1329 3535 1380 οὐκ
3564 1329 3629 1382 ἂν

2052 1416 2286 1488 ἁμάρτοι
2324 1419 2424 1488 τῆς
2446 1419 2723 1490 ἀληθείας.
2773 1419 2931 1473 Ἀλλά
2968 1420 3072 1490 μὴν
3100 1420 3317 1472 πάντων
3353 1420 3459 1471 τῶν
3493 1420 3631 1486 ἀγα-

2051 1505 2157 1558 θῶν
2181 1507 2401 1576 μείζονα
2429 1507 2524 1578 τὴν
2552 1507 2772 1579 ἀγάπην
2817 1508 2935 1583 ὅτε
2975 1509 3295 1575 Ἀπόστολος
3323 1507 3505 1575 λέγει,
3538 1511 3633 1561 καὶ

2048 1597 2368 1669 ἐπιψηφίζει
2403 1599 2463 1651 τὸ
2490 1598 2692 1669 ὑψηλὸν
2719 1600 3069 1668 Εὑαγγέλιον.
3109 1601 3169 1652 '0
3200 1600 3297 1671 μὲν
3337 1595 3427 1652 οὖν
3469 1601 3632 1653 Ἀπό-

2050 1689 2235 1754 στολος
2268 1690 2602 1761 προφητείας
2630 1691 2798 1761 αὐτὴν
2833 1691 2927 1744 καὶ
2949 1689 3202 1759 γνώσεως
3231 1692 3631 1762 προτιμοτέραν

374 1774 540 1831 corde
574 1776 684 1832 Deo
712 1778 875 1834 dicati
913 1791 1078 1850 atque
1111 1783 1315 1837 addicti
1351 1785 1437 1837 :si
1478 1785 1604 1855 quis
1655 1786 1802 1839 ausit
1863 1787 1941 1841 di-

2046 1780 2239 1848 λέγων,
2278 1783 2513 1844 πίστεως
2543 1781 2598 1833 δὲ
2631 1780 2979 1853 παγιωτέραν
3005 1822 3019 1847 ,
3047 1781 3139 1833 καὶ
3165 1780 3377 1842 ἐλπίδος
3409 1780 3631 1851 διαρκε-

374 1882 535 1933 ccre,
587 1870 731 1939 quod
789 1887 933 1926 unus
996 1881 1145 1928 esset
1201 1875 1256 1928 in
1298 1875 1565 1931 ambobus
1631 1877 1942 1932 dilectionis

374 1960 569 2016 modus
605 1970 768 2033 atque
795 1979 1077 2031 mensura,
1123 1980 1151 2018 a
1202 1967 1434 2023 veritate
1494 1984 1605 2023 non
1641 1970 1940 2026 aberrabit.

374 2046 663 2105 Enimvero
699 2052 848 2120 quod
900 2052 1144 2109 charitas
1180 2064 1343 2125 atque
1376 2055 1600 2112 dilectio
1654 2058 1830 2129 major
1873 2061 1945 2117 sit

371 2140 623 2196 omnibus
646 2142 805 2197 bonis
828 2183 843 2208 ,
877 2159 1000 2197 cum
1029 2144 1323 2214 Apostolus
1348 2146 1484 2201 dicit
1508 2147 1528 2178 ⁸
1551 2188 1565 2213 ,
1613 2155 1729 2202 tum
1767 2150 1944 2204 subli--

372 2232 476 2285 mis
526 2231 801 2303 Evangelii
864 2236 1116 2290 doctrina
1177 2238 1497 2307 comprobat
1528 2247 1695 2309 atque
1744 2241 1943 2295 conﬁr-

373 2332 503 2377 mat.
533 2323 600 2377 Et
627 2324 926 2394 Apostolus
982 2328 1205 2398 quidem
1240 2330 1524 2399 prephetia
1558 2340 1723 2401 atque
1761 2333 1940 2386 scien-

370 2415 447 2466 tia
484 2419 923 2484 priestantiorem
958 2434 1020 2473 ac
1050 2419 1442 2485 praeferendam
1487 2437 1605 2476 eam
1634 2438 1757 2478 esse
1786 2423 1938 2488 dicit,

374 2505 640 2562 [ide-vero
691 2511 1005 2565 solidiorem
1041 2512 1484 2582 ﬁrmioremque,
1519 2521 1573 2567 et
1623 2530 1718 2584 spe
1779 2515 1943 2569 dura-

368 2598 614 2653 biliorem
643 2602 928 2672 magisque
960 2603 1316 2658 subicientem
1354 2646 1369 2671 ,
1401 2612 1455 2660 et
1499 2621 1715 2676 semper
1747 2608 1801 2661 in
1843 2624 1940 2662 eo-

367 2691 486 2745 dem
524 2702 668 2747 statu
705 2705 1151 2764 permanentem,
1214 2697 1332 2750 sine
1360 2714 1466 2766 qua
1516 2700 1782 2769 quidquid
1840 2716 1941 2770 pro

368 2784 511 2838 bono
536 2795 884 2855 exspectatur
918 2829 932 2851 ,
977 2790 1171 2843 inutile
1203 2789 1343 2843 sit”:
1397 2790 1661 2845 Dominus
1714 2802 1937 2857 autem,

366 2891 582 2928 omnem
631 2878 801 2945 legem
853 2888 907 2933 et
942 2881 1122 2932 omnia
1189 2881 1445 2951 mysteria
1496 2882 1815 2950 prophetica
1874 2899 1939 2937 ex

369 2965 473 3017 hoc
505 2965 649 3017 dono
687 2967 924 3035 pendere
979 2969 1168 3023 dicens
1192 2970 1213 3001 ⁸
1238 3010 1252 3033 ,
1312 2971 1635 3025 cliaritatem
1695 2974 1939 3028 omnium

365 3053 636 3106 honorum
672 3055 880 3124 primas
935 3066 1123 3112 tenere
1178 3059 1343 3113 etiam
1402 3063 1518 3128 ipse
1563 3063 1827 3115 censet’.
1882 3063 1937 3116 Si

2045 1873 2240 1943 στέραν
2263 1912 2278 1936 ,
2312 1874 2407 1927 καὶ
2452 1873 2681 1927 πάντοτε
2713 1876 2770 1926 ἐν
2795 1873 2872 1943 τῷ
2928 1870 3075 1942 αὐτῷ
3118 1871 3472 1940 διαμένουσαν
3502 1910 3516 1933 ,
3558 1866 3629 1944 ἦς

2044 1964 2172 2018 ἄνευ
2222 1964 2478 2035 ἀνόνητον
2512 1962 2649 2019 εἶναι
2701 1966 2808 2019 πᾶν
2857 1964 2919 2017 τὸ
2951 1964 3038 2016 ἐπ’
3071 1962 3276 2032 ἀγαθοῦ
3326 1962 3627 2025 σπουδαζό-

2047 2071 2207 2125 μενον
2227 2072 2239 2084 ·
2271 2057 2299 2108 6
2331 2056 2386 2108 δέ
2420 2055 2625 2125 Κύριος
2668 2056 2844 2110 πάντα
2873 2056 3034 2125 νόμον
3054 2095 3069 2120 ,
3104 2055 3201 2107 καὶ
3230 2055 3407 2107 πάντα
3433 2053 3500 2106 τὰ
3527 2071 3628 2124 μυ-

2046 2146 2242 2216 στήρια
2282 2145 2349 2199 τὰ
2401 2145 2716 2217 προφητικά
2766 2145 2859 2198 τοῦ
2923 2146 3165 2197 τοιούτου
3231 2145 3476 2210 ἐξάπτων
3528 2161 3629 2214 χα-

2048 2237 2309 2308 ρίσματος
2332 2278 2343 2300 ,
2379 2239 2594 2291 πάντων
2628 2234 2928 2308 πρωτεύειν
2954 2238 3051 2308 τὴν
3087 2237 3305 2307 ἀγάπην
3341 2237 3436 2290 καὶ
3460 2238 3624 2301 αὐτὸς

2042 2328 2416 2397 ἀποφαίνεται.
2440 2330 2501 2382 EE
2529 2326 2621 2382 οὖν
2652 2331 2708 2382 ἐν
2733 2328 2808 2400 τῷ
2833 2330 3149 2399 ὑπερέχοντι
3179 2330 3271 2382 καὶ
3309 2329 3628 2398 περιληπτι-

2044 2418 2124 2489 κῷ
2151 2420 2258 2473 τῶν
2292 2420 2737 2491 κατορθωμάτων
2780 2422 2879 2473 οὐκ
2928 2421 3277 2474 ἀπολείπεται
3312 2419 3406 2472 τοῦ
3458 2422 3626 2489 μεγάο

2042 2511 2134 2564 λου
2170 2512 2381 2565 Παύλου
2408 2531 2420 2543 '
2451 2514 2558 2583 ἄρα
2614 2513 2705 2566 καὶ
2756 2514 2812 2566 ἐν
2865 2515 2976 2575 τοῖς
3018 2511 3195 2575 ἄλλοις
3250 2514 3455 2576 πᾶσιν,
3484 2506 3559 2565 ὧν
3592 2513 3627 2581 ἠ

2041 2603 2228 2674 ἀγάπη
2280 2603 2634 2674 καθηγεῖται,
2683 2604 2777 2658 καὶ
2815 2605 2914 2657 ὅσα
2966 2606 3030 2656 ἐκ
3083 2604 3286 2674 ταύτης
3337 2604 3622 2673 ἐκφύεται,

2043 2697 2257 2759 πάντως
2280 2699 2380 2750 οὐκ
2410 2697 2628 2751 ἔλαττον
2654 2696 2789 2767 ἔχων
2817 2698 3242 2768 ἀναφανήσεται.
3288 2696 3499 2766 Ὥσπερ
3516 2696 3627 2766 γὰρ

2041 2790 2069 2840 ὁ
2096 2789 2194 2857 τῆς
2221 2788 2566 2859 ἀνθρωπίνης
2596 2787 2809 2856 φύσεως
2845 2789 3084 2857 μετέχων
3112 2828 3126 2850 ,
3179 2789 3236 2839 ἐν
3286 2786 3452 2840 πᾶσίν
3502 2789 3623 2839 ἐστι

2040 2884 2163 2943 τοῖς
2199 2881 2299 2949 τῆς
2332 2881 2546 2949 φύσεως
2579 2881 2859 2950 ίδιώμασιν
2885 2895 2897 2909 ·
2932 2879 3103 2942 οὕτως
3145 2880 3238 2933 καὶ
3270 2881 3299 2932 6
3332 2878 3391 2931 τὸ
3418 2878 3624 2930 τέλειον

2041 2974 2137 3041 τῆς
2163 2972 2381 3042 ἀγάπης
2420 2974 2478 3025 ἐν
2508 2971 2684 3041 ἐαυτῷ
2725 2970 3073 3041 κατορθώσας
3098 3012 3111 3037 ,
3160 2972 3335 3024 πάντα
3364 2971 3463 3023 ὅσα
3498 2987 3619 3022 συν⁶

2042 3059 2322 3131 θεωρεῖται
2348 3060 2519 3133 ταύτῃ
2552 3060 2660 3113 τῶν
2701 3061 2918 3128 ἀγαθῶν
2945 3062 3079 3132 είδη,
3120 3062 3255 3132 μετά
3279 3060 3372 3113 τοῦ
3409 3078 3621 3131 πρωτο-

364 3144 533 3213 igitur
562 3147 614 3199 in
642 3162 707 3200 eo
739 3149 881 3217 quod
949 3149 1092 3203 inter
1120 3166 1207 3205 res
1255 3152 1549 3220 przeclaras
1602 3159 1656 3205 et
1705 3154 1937 3209 eximias

2043 3150 2208 3202 τύπου
2253 3152 2359 3205 τῶν
2418 3151 2855 3221 κατορθωμάτων
2902 3152 3033 3222 ἔχει.
3097 3154 3219 3205 Εἴτε
3267 3153 3373 3223 γὰρ
3439 3152 3621 3214 πίστις

364 3235 569 3289 eminet
624 3246 789 3306 atque
845 3240 1114 3303 excellit,
1174 3255 1238 3294 ac
1278 3242 1521 3309 reliquas
1574 3244 1939 3312 comprehen-

366 3325 529 3378 dendi
559 3327 667 3380 vim
708 3328 902 3393 habet,
944 3327 1112 3384 Paulo
1141 3342 1268 3385 “non
1320 3330 1546 3386 inferior
1601 3342 1730 3388 est:
1776 3335 1941 3388 nimi-

365 3429 485 3471 rum
517 3419 679 3473 etiam
711 3420 765 3474 in
793 3422 914 3477 aliis
949 3424 1206 3478 omnibus
1265 3423 1460 3487 bonis,
1525 3439 1758 3493 quorum
1812 3425 1942 3481 cha~

366 3508 500 3564 ritas
526 3511 729 3578 primas
764 3521 907 3567 tenet
929 3553 942 3577 ,
975 3529 1036 3567 ac
1063 3529 1421 3584 quaecumque
1451 3530 1518 3569 ex
1571 3515 1675 3570 hac
1705 3515 1940 3585 pendent
1969 3518 1973 3523 ’

364 3607 419 3653 et
446 3601 744 3666 exsistunt,
776 3605 1002 3659 omnino
1031 3606 1367 3674 posteriores
1392 3613 1576 3675 partes
1595 3604 1739 3660 ferre
1764 3614 1819 3660 et
1851 3607 1938 3660 in-

367 3690 533 3745 ferior
560 3707 684 3746 esse
737 3710 845 3747 non
877 3695 1176 3750 videbitur.
1205 3696 1675 3761 Quemadmodum
1706 3697 1850 3751 enim
1891 3697 1938 3753 is

365 3780 455 3845 qui
493 3781 743 3836 humana:
771 3794 979 3838 naturae
1008 3786 1282 3854 particeps
1314 3794 1417 3849 est,
1449 3801 1639 3842 omnes
1678 3786 1935 3842 humanae

366 3881 575 3926 natura:
604 3874 967 3943 proprietates
1005 3877 1212 3931 habet:
1251 3878 1329 3930 ita
1377 3877 1546 3930 etiam
1596 3878 1643 3931 is
1685 3878 1775 3946 qui
1811 3894 1937 3947 per-

2040 3243 2184 3297 ἐστὶν
2232 3244 2263 3312 ή
2316 3243 2591 3307 σώζουσα,
2624 3245 2732 3296 εἴτε
2791 3244 2879 3297 διὰ
2922 3244 3019 3313 τῆς
3061 3244 3275 3307 ἐλπίδος
3315 3242 3618 3312 σωζόμεοα,

2039 3333 2149 3391 εἴτε
2181 3334 2247 3386 δι’
2277 3334 2553 3404 ὑπομονῆς
2587 3334 2683 3404 τὴν
2713 3334 2871 3407 χάριν
2907 3335 3338 3405 ἀπεκδεχόμεθα,
3370 3336 3403 3403 ή
3431 3335 3620 3403 ἀγάπη

2043 3424 2216 3477 πάντα
2244 3426 2502 3489 πιστεύει,
2534 3425 2624 3477 καὶ
2658 3425 2832 3478 πάντα
2871 3426 3118 3489 ἐλπίζει,
3151 3426 3244 3478 καὶ
3270 3425 3446 3478 πάντα
3483 3425 3621 3478 ὑπο·

2049 3514 2216 3584 μένει,
2235 3514 2417 3579 καθώς
2440 3532 2601 3585 φησιν
2629 3518 2655 3567 6
2681 3516 3019 3579 Ἀπόστολος.
3038 3518 3146 3570 Καὶ
3170 3516 3240 3569 τά
3265 3516 3397 3570 ἄλλα
3419 3517 3618 3578 πάντα,

2040 3607 2125 3658 ἵνα
2163 3606 2237 3677 μὴ
2265 3606 2334 3659 τὰ
2381 3607 2503 3659 καθ’
2534 3608 2759 3660 ἕκαστον
2799 3608 3047 3676 λέγοντες
3087 3608 3445 3678 διατρίϐωμεν
3471 3646 3485 3669 ,
3518 3607 3620 3676 τῆς

2037 3695 2180 3761 κατά
2224 3695 2320 3766 τὴν
2355 3697 2574 3766 ἀγάπην
2612 3695 2765 3765 ῥίζης
2803 3696 3089 3767 βλάστημα
3116 3698 3357 3764 γίνεται,
3394 3697 3492 3749 ὅσα
3541 3694 3621 3765 τῷ

2038 3789 2137 3857 τῆς
2184 3786 2385 3857 ἀρετῆς
2439 3788 2581 3856 λόγῳ
2634 3787 3035 3852 σπουδάζεταιο
3094 3787 3233 3841 ὥστε
3279 3787 3368 3840 τὸν
3413 3787 3621 3858 ταύτην

2035 3876 2225 3947 ἔχοντα
2245 3916 2260 3940 ,
2294 3876 2516 3945 μηδενὸς
2546 3877 2735 3940 ἐνδεῶς
2776 3878 2919 3947 ἔχειν
2956 3879 3062 3932 τῶν
3087 3879 3280 3935 ἄλλων.

364 3960 562 4014 rectam
606 3962 927 4017 charitatem
977 3964 1032 4017 in
1071 3979 1191 4019 sese
1254 3963 1491 4019 confecit
1538 3973 1590 4020 et
1634 3974 1921 4021 assecutus
1982 3974 2113 4029 est,
2171 3980 2361 4019 omnes
2415 3981 2757 4036 quaecunque
2796 3984 2904 4022 una
2966 3984 3089 4023 cum
3133 3970 3234 4024 hac
3299 3978 3618 4039 spectantur

362 4058 417 4105 et
486 4050 1073 4119 comprehenduntur,
1125 4054 1396 4109 bonorum
1444 4054 1650 4111 formas
1696 4074 1822 4111 cum
1882 4058 2147 4128 primario
2224 4057 2621 4127 principalique
2677 4061 2819 4113 bono
2866 4067 3035 4114 tenet.
3088 4058 3215 4114 Sive
3281 4062 3426 4114 enim
3482 4061 3615 4113 lides

196 4129 205 4136 ’
362 4147 446 4195 est
475 4156 593 4209 qute
615 4151 825 4207 servat,
850 4144 963 4199 sive
987 4159 1084 4214 per
1115 4161 1264 4216 spem
1295 4163 1578 4203 servamur
1606 4188 1621 4213 ,
1665 4150 1779 4205 sive
1809 4165 1907 4219 per
1961 4150 2280 4219 patientiam
2334 4152 2568 4221 gratiam
2635 4162 3018 4221 exspectamus
3038 4193 3052 4218 ,
3126 4154 3369 4209 Charitas
3430 4155 3611 4208 omnia

362 4233 569 4298 credit,
605 4242 657 4288 ct
688 4236 871 4289 omnia
898 4246 1112 4306 sperat,
1162 4247 1216 4293 et
1295 4241 1477 4295 omnia
1530 4242 1763 4308 suﬂ’ert,
1816 4252 1877 4297 ut
1905 4243 2079 4311 inquit
2129 4241 2426 4311 Apostolus
2452 4242 2492 4295 ⁸.
2558 4242 2736 4314 Atque
2798 4244 3005 4313 reliqua
3079 4245 3261 4298 omnia
3306 4260 3374 4298 ne
3424 4246 3612 4315 singu-

364 4326 515 4380 latim
548 4327 731 4380 omnia
761 4320 1135 4384 enumerando
1198 4342 1415 4401 tempus
1479 4340 1757 4400 teramus,
1803 4334 2093 4389 charitatis
2147 4333 2352 4388 radicis
2395 4351 2616 4403 germen
2675 4345 2729 4390 et
2792 4336 3052 4390 surculus
3126 4340 3422 4401 exsistunt,
3466 4354 3612 4407 quac-

361 4436 581 4491 cunque
618 4420 828 4476 ratione
860 4423 1083 4479 virtutis
1123 4434 1453 4495 expetuntur
1483 4446 1495 4480 :
1539 4427 1676 4482 adeo
1715 4434 1775 4481 ut
1801 4428 1895 4496 qui
1934 4428 2074 4481 hanc
2099 4426 2318 4490 habeat,
2362 4428 2512 4481 nullo
2542 4430 2648 4481 alio
2682 4428 2827 4482 bene
2851 4436 3054 4483 careat.

432 4513 586 4568 lianc
610 4515 785 4584 igitur
831 4531 953 4570 cum
991 4533 1221 4589 magnus
1257 4519 1492 4575 Basilius
1536 4521 1797 4585 haberet,
1848 4537 1941 4590 per

2116 4521 2328 4590 Ταύτην
2363 4521 2499 4591 ἔχων
2530 4525 2558 4574 6
2591 4522 2761 4592 μέγας
2800 4521 3104 4585 Βασίλειος,
3140 4520 3348 4585 οὐδενὸς
3378 4521 3484 4592 ἄρα
3508 4521 3613 4575 τῶν

359 4621 479 4663 eam
511 4607 719 4662 nullius
752 4610 878 4663 boni
910 4626 1107 4680 expers
1127 4623 1264 4666 erat.
1304 4614 1458 4679 Quod
1497 4615 1541 4671 si
1568 4614 1932 4680 pmniahabe-

361 4699 489 4764 luat,
542 4699 597 4753 in
633 4703 781 4755 nulla
830 4718 888 4758 re
949 4720 1174 4773 prorsus
1206 4706 1430 4761 inferior
1458 4716 1593 4762 erat.
1631 4706 1739 4760 Sed
1787 4707 1932 4761 dicet

360 4793 557 4861 aliquis
593 4809 841 4863 prorsus,
878 4797 1027 4864 quod
1059 4797 1274 4852 tertium
1308 4800 1506 4854 cmlum
1549 4798 1744 4854 viderit
1793 4799 1881 4853 ille
1912 4839 1927 4864 ,

358 4891 411 4937 et
446 4892 635 4953 raptus
664 4886 735 4939 sit
766 4887 817 4940 in
845 4889 1183 4955 paradisum,
1210 4898 1259 4944 et
1290 4892 1557 4945 audiverit
1590 4906 1786 4945 arcana
1818 4907 1932 4946 ver-

360 4975 451 5034 ba.
489 4992 606 5044 qua:
637 4977 841 5032 homini
874 4996 979 5033 non
1016 4980 1181 5034 liceat
1231 4983 1528 5049 proferre”.
1579 4984 1646 5037 At
1700 4999 1803 5037 nec
1840 4982 1931 5037 ille

360 5067 614 5135 quidem,
644 5069 786 5136 quod
824 5080 1057 5137 constet,
1088 5088 1184 5143 per
1216 5089 1435 5129 carnem
1498 5075 1638 5128 hanc
1661 5073 1933 5144 ejusmodi

358 5158 591 5225 gratiam
641 5161 888 5229 accepit;
948 5179 1057 5216 non
1102 5165 1245 5218 enim
1301 5166 1442 5219 celat
1478 5167 1929 5235 ambiguitatem,

358 5248 485 5301 dum
528 5249 659 5305 dicit
687 5269 698 5305 :
730 5253 850 5308 Sive
882 5255 931 5307 in
962 5274 1196 5323 corpore,
1235 5259 1429 5319 nescio,
1486 5259 1589 5311 sive
1617 5268 1769 5312 extra
1810 5276 1930 5313 cor-

353 5352 473 5403 pus,
516 5341 744 5411 ignoro;
790 5344 929 5399 Deus
959 5351 1119 5404 norit.
1177 5348 1349 5404 Etiam
1393 5349 1459 5404 de
1515 5352 1617 5404 hoc
1667 5350 1927 5404 audacter

357 5431 556 5499 aliquis
590 5434 771 5490 dicere
802 5441 974 5507 possit
995 5445 1169 5511 ,quod
1204 5443 1256 5497 in
1292 5459 1518 5514 corpore
1546 5445 1763 5515 quidem
1793 5445 1926 5498 nihil

359 5522 626 5590 eiusmodi
659 5526 874 5596 viderit,
908 5533 1001 5587 sed
1030 5534 1353 5605 incorporea
1407 5546 1458 5592 et
1491 5554 1553 5590 ea
1587 5552 1706 5606 quaa
1745 5544 1928 5591 mente

430 5630 449 5662 ⁸
477 5630 650 5701 lCor.
683 5651 799 5701 xm,
840 5640 921 5694 l5.

1002 5644 1021 5675 σ
1050 5643 1180 5697 ibid.
1213 5644 1230 5696 ι
1266 5660 1384 5713 sqq.

361 5715 456 5765 xu,
484 5700 518 5753 ‘2
548 5718 667 5771 sqq.

1464 5646 1481 5673 δ
1519 5645 1712 5699 Matth.
1747 5660 1880 5710 xxii,
1913 5643 1999 5699 40.

2039 4612 2257 4680 ἀγαθῶν
2285 4613 2349 4666 δι’
2385 4614 2550 4684 αὐτῆς
2589 4614 2932 4667 ἀπελείπετο.
2965 4615 3028 4666 Et
3055 4614 3110 4666 δὲ
3140 4613 3317 4665 πάντα
3347 4610 3491 4683 εἶχεν
3512 4656 3526 4680 ,
3556 4619 3613 4668 ἐν

2036 4706 2212 4760 οὐδενὶ
2244 4707 2458 4768 πάντως
2499 4705 2796 4774 ἠλάττωτο.
2839 4705 2977 4757 Ἀλλ’
3012 4707 3127 4775 ἐρεῖ
3150 4722 3233 4767 τις
3256 4704 3472 4768 πάντως
3490 4746 3503 4767 ,
3531 4706 3611 4757 ὅτι

2036 4794 2215 4865 τρίτον
2257 4794 2479 4865 οὐρανὸν
2516 4789 2651 4845 εἶδεν
2699 4795 2901 4856 ἐκεῖνος
2926 4834 2941 4859 ,
2984 4793 3078 4846 καὶ
3113 4794 3335 4863 ἡρπάγη
3393 4794 3471 4855 εἰς
3521 4794 3611 4846 τὸν

2038 4888 2384 4957 παράδεισον,
2416 4887 2508 4938 καὶ
2536 4886 2762 4956 ἤκουσεν
2790 4885 3003 4957 ἄρρητα
3027 4888 3268 4956 ῥήματα,
3302 4884 3336 4938 ἂ
3362 4885 3462 4937 οὐκ
3493 4884 3611 4948 ἐξὸν

2033 4977 2301 5048 ἀνθρώπῳ
2346 4978 2594 5044 λαλῆσαι.
2647 4976 2784 5027 Ἀλλ’
2842 4976 2962 5028 οὐδὲ
3014 4978 3216 5038 ἐκεῖνος
3247 4975 3492 5045 φανερῶς
3524 4975 3611 5029 διὰ

2032 5075 2131 5141 τῆς
2179 5070 2378 5140 σαρκὸς
2415 5069 2614 5136 ταύτης
2645 5069 2742 5138 τὴν
2771 5066 3026 5138 τοιαύτην
3060 5069 3219 5138 χάριν
3263 5067 3501 5133 ἐδέξατο.
3532 5069 3608 5121 UO

2033 5165 2139 5235 γὰρ
2189 5162 2581 5233 ἐπικρύπτεται
2630 5162 2727 5233 τὴν
2776 5162 3102 5233 ἀμφιϐολίαν
3134 5163 3305 5230 λέγων
3329 5181 3342 5193 '
3376 5164 3516 5217 Εἴτε
3543 5164 3613 5217 ἐν

2032 5254 2255 5323 σώματι
2295 5257 2405 5307 οὐκ
2457 5251 2624 5318 οἶδα,
2677 5254 2796 5307 εἴτε
2825 5255 2999 5321 ἐκτὸς
3045 5256 3148 5308 τοῦ
3182 5254 3456 5325 σώματος
3500 5260 3609 5310 οὐκ

2034 5345 2184 5401 οἷδασ
2210 5350 2241 5399 ό
2269 5347 2410 5412 Θεές
2437 5348 2616 5399 οἶδεν.
2650 5347 2759 5399 Καὶ
2794 5349 2918 5419 περὶ
2944 5347 3132 5401 τούτου
3168 5348 3443 5420 τολμήσας
3467 5349 3607 5401 εἴποι

2033 5456 2116 5502 τις
2155 5438 2252 5501 ἂν,
2292 5438 2371 5489 ὅτι
2400 5439 2457 5489 ἐν
2489 5438 2698 5507 σώματι
2744 5439 2982 5491 τοιοῦτον
3014 5442 3111 5507 μὲν
3159 5439 3309 5491 οὐδὲν
3344 5434 3514 5502 εῖδεν,
3541 5441 3603 5508 τῇ

2034 5519 2097 5581 δὲ’
2121 5527 2394 5597 ἀσωμάτῳ
2438 5528 2530 5579 καὶ
2560 5531 2722 5598 νοητῇ
2759 5527 2961 5598 θεωρίᾳ
3002 5528 3100 5580 οὐκ
3138 5526 3283 5580 ἔστιν
3330 5527 3358 5580 ὅ
3388 5544 3439 5581 τι
3484 5525 3605 5580 τούα

2079 5644 2097 5675 ⁷
2142 5640 2329 5694 Matth.
2367 5640 2579 5703 χχι-,55
2611 5656 2731 5710 sqq.
2808 5638 2869 5691 εἰ
2904 5640 3025 5693 Cor.
3068 5655 3185 5704 xm,
3221 5641 3273 5693 7.
3353 5640 3373 5672 ⁹
3402 5638 3445 5694 ll
3475 5640 3596 5694 Cor.
