4050 6164
424 291 518 346 801

1550 296 1612 350 IN
1653 293 1936 351 LAUDEM
1981 290 2285 351 FRATillS
2323 299 2592 355 BASlLll.

3593 303 3697 361 802

423 427 530 462 των
561 409 775 480 ἀφῆκεν
807 409 1050 464 ἀθέατον.
1080 411 1307 482 Μάρτυς
1339 410 1395 463 δὲ
1439 411 1644 464 τούτων
1697 414 1725 465 6
1756 413 1885 482 παρ’
1915 411 2006 464 αὑ-

2113 416 2412 484 peragitur,
2450 417 2907 488 contemplatione
2942 419 3076 473 nihil
3109 418 3314 492 harum
3351 435 3532 475 rerum
3585 423 3695 492 sit,

423 502 518 557 τοῦ
549 503 734 570 λόγος,
759 503 816 556 ὃν
839 520 896 556 τε
928 505 1012 572 ἐφ’
1045 501 1234 556 ἐαυτοῦ
1265 503 1484 576 διεξῄει,
1509 506 1602 558 καὶ
1626 503 1684 558 ὃν
1715 503 2009 557 κατέλιπεν

421 597 482 648 ἐν
511 596 955 665 συγγράμμασιν.
1007 595 1241 658 Ἐκεῖνος
1269 595 1377 648 ἀπὸ
1420 595 1806 667 Ἰεροσολύμων
1834 595 1928 649 ἐπὶ
1949 595 2011 649 τὺ

437 686 730 756 Ἰλλυρικὸν
765 688 823 738 ἐν
856 686 1041 758 κύκλῳ
1080 685 1402 758 περιελθὼν,
1435 689 1570 740 πᾶσι
1594 690 1706 751 τοῖς
1729 688 1816 740 διὰ
1845 687 2009 758 μέσου

421 777 510 830 τὸν
541 777 893 844 εὐαγγελικὺν
936 775 1170 847 ἐκήρυξε
1213 776 1372 846 λόγον
1397 795 1411 809 ·
1435 779 1539 833 ικαὶ
1568 781 1596 832 ὁ
1632 779 1824 834 τούτου
1854 778 2011 848 λόγος

421 868 517 922 καὶ
544 868 604 920 τὸ
635 870 896 940 κήρυγμα
934 873 1118 924 πᾶσαν
1175 870 1373 941 μικροῦ
1402 871 1515 925 δεῖν
1556 872 1655 943 τὴν
1685 873 2010 942 οἰκουμένην

420 959 698 1026 διέλαϐεν,
747 961 832 1013 ἐπ’
871 961 992 1030 ἴσης
1018 963 1130 1024 τοῖς
1163 961 1378 1016 Παύλου
1404 962 1583 1031 λόγοις
1610 963 1762 1035 παρά
1792 965 2010 1017 πάντων

421 1053 516 1107 καὶ
542 1053 674 1106 αὐτὸ
713 1053 1165 1124 σπουδαζόμενον.
1204 1037 1496 1127 Παρείσθω
1529 1056 1586 1108 δὲ
1635 1055 1704 1108 τὰ
1731 1054 1893 1109 λοιπά
1941 1057 2009 1109 δι’

421 1139 496 1199 ὧν
534 1147 562 1198 ὁ
593 1145 706 1216 βίος
738 1143 928 1198 τούτου
964 1146 1100 1216 πρὸς
1127 1145 1216 1198 τὸν
1263 1145 1472 1199 ἐκείνου
1505 1146 1868 1218 συμφέρεται,
1898 1138 2010 1198 οἷον

423 1236 742 1308 ἐσταυρώθη
775 1235 852 1307 τῷ
883 1237 1074 1308 κόσμῳ
1114 1238 1322 1300 ἐκεῖνος
1343 1279 1358 1304 ,
1404 1237 1499 1291 καὶ
1525 1237 1699 1308 τούτῳ
1729 1240 1758 1290 6
1783 1237 2006 1307 κόσμος.

435 1327 734 1398 Ἐνέκρωσε
781 1329 840 1380 τὸ
870 1327 1028 1398 σῶμα
1057 1329 1296 1393 ἐκεῖνος,
1330 1328 1612 1383 ἐτελείωσε
1639 1329 1734 1383 καὶ
1765 1323 1917 1394 οὗτος
1951 1331 2009 1384 ἐν

421 1419 675 1492 ἀσθενείᾳ
695 1421 794 1493 τὴν
821 1421 1068 1492 δύναμιν.
1093 1423 1328 1494 Χριστὸς
1349 1417 1417 1494 ἦν
1446 1423 1508 1476 τὸ
1535 1424 1633 1494 ζῇν
1654 1424 2008 1496 ἀμφοτέροις,

421 1514 518 1566 καὶ
561 1511 764 1584 ὁμοίως
795 1513 1042 1584 ἐκατέρῳ
1089 1513 1279 1586 κέρδος
1309 1516 1337 1567 6
1378 1513 1641 1582 θάνατος,
1673 1516 1767 1570 καὶ
1816 1532 2006 1588 προτι-

425 1602 626 1673 μοτέρα
657 1601 753 1655 τοῦ
781 1601 1198 1674 πεπλανημένου
1231 1602 1348 1672 βίου
1376 1605 1408 1674 ἡ
1444 1603 1581 1674 πρὸς
1614 1604 1705 1657 τὸν
1731 1603 2008 1674 Δεσπότην

420 1693 698 1756 ἀνάλυσις.
750 1693 822 1746 Ἦ
861 1693 953 1747 καὶ
998 1692 1091 1746 τὸν
1141 1693 1392 1764 Ἰωάννην
1437 1693 1883 1766 ἀπιπαραδεῖξαι
1929 1693 2006 1765 τῷ

2112 507 2256 574 quod
2309 510 2666 579 contemplari
2695 521 2856 582 atque
2891 513 3240 568 considerare
3265 515 3692 583 praetermiserit.

2112 597 2290 657 Testis
2331 600 2522 655 harum
2581 618 2762 658 rerum
2799 614 2884 659 est
2936 605 3106 674 ipsius
3151 607 3366 672 oratio,
3414 615 3526 662 tum
3579 623 3642 662 ea
3679 648 3696 670 ,

2112 706 2279 760 quam
2338 692 2454 760 ipse
2504 695 2838 764 proferebat,
2882 705 2994 751 tum
3047 711 3109 751 ea
3157 712 3320 767 quam
3356 699 3576 768 reliquit
3641 700 3695 754 in

2113 780 2360 850 scriptis.
2401 781 2493 837 llle
2522 783 2592 837 ab
2631 782 2988 856 Jerosolymis
3017 803 3190 857 usque
3237 787 3302 841 ad
3348 787 3696 858 lllyricumin

2113 871 2302 926 orbem
2334 873 2667 928 circumiens
2702 875 2954 930 omnibus
3005 877 3058 930 in
3093 877 3272 931 medio
3322 877 3700 933 habitantibus

2112 961 2495 1032 Evangelicum
2521 981 2824 1022 sermonem
2862 969 3198 1038 prmdicavit,
3241 978 3296 1023 et
3329 969 3493 1038 hujus
3521 971 3700 1024 oratio

2111 1062 2276 1121 atque
2303 1054 2620 1122 prmdicatio
2647 1071 2861 1110 omnem
2899 1059 3286 1128 propemodum
3313 1067 3582 1114 terrarum
3605 1074 3700 1114 or-

2112 1145 2234 1199 bem
2271 1147 2520 1216 amplexa
2551 1155 2653 1210 est,
2695 1151 3019 1202 cum-etiam
3071 1149 3184 1218 ipsa
3231 1165 3390 1226 aeque
3430 1166 3494 1206 ac
3542 1149 3698 1205 Pauli

2112 1249 2394 1292 sermones
2440 1238 2509 1292 ab
2543 1238 2796 1293 omnibus
2852 1239 3178 1308 probaretur
3223 1249 3277 1294 et
3329 1249 3696 1310 expeteretur.

2111 1325 2449 1384 Omittantur
2500 1331 2711 1400 reliqua
2745 1369 2758 1394 ,
2794 1331 2994 1399 quibus
3025 1331 3191 1401 hujus
3222 1331 3334 1386 vita
3387 1347 3510 1388 cum
3551 1333 3700 1388 illius

2111 1419 2223 1472 vita
2270 1421 2524 1474 convenit
2569 1429 2731 1490 atque
2777 1421 3113 1486 concordat,
3170 1421 3428 1477 videlicet
3493 1423 3700 1478 mundo

2112 1508 2406 1564 cruciﬁxus
2439 1519 2518 1564 est
2565 1510 2695 1577 ille,
2743 1519 2795 1565 et
2832 1511 2960 1565 huic
3005 1509 3541 1586 mundus..Corpus
3608 1513 3700 1569 ille

2111 1597 2486 1660 mortificavit,
2519 1600 2928 1654 consummavit
2969 1608 3134 1670 atque
3158 1601 3390 1670 perfecit
3412 1601 3576 1656 etiam
3611 1603 3701 1658 hic

2109 1688 2257 1742 vires
2287 1705 2384 1758 per
2419 1689 2815 1745 infirmitatem.
2857 1691 3114 1749 Christus
3149 1693 3370 1762 utrique
3395 1693 3504 1747 vita
3537 1703 3693 1749 erat:

421 1785 721 1858 διδασκάλῳ
757 1785 938 1850 δοκεῖ;
982 1784 1142 1838 Ἀλλά
1179 1785 1238 1839 τὸ
1275 1787 1372 1857 μὲν
1395 1785 1747 1858 προτερεύειν
1771 1766 2003 1850 ἐκὲἰνον,

2109 1787 2164 1836 et
2206 1781 2425 1851 utrique
2459 1782 2710 1838 similiter
2741 1797 2839 1851 pro
2891 1783 3048 1839 lucro
3122 1800 3296 1854 mors,
3323 1794 3378 1842 et
3405 1786 3475 1840 ad
3507 1785 3697 1842 Domi-

419 1879 498 1950 τῷ
545 1880 604 1931 ὲν
649 1881 930 1949 γεννητοῖς
979 1877 1254 1946 γυναικῶν
1305 1879 1396 1932 καὶ
1447 1879 1833 1949 περισσότερον
1865 1877 2008 1949 ἔχειν

419 1972 512 2025 τοῦ
550 1973 828 2042 προφήτου
858 1969 957 2040 τῆς
1005 1969 1155 2033 θείας
1207 1969 1390 2040 φωνῆς
1429 1969 1850 2041 μαρτυρούσης,
1909 1987 2011 2040 μα-

419 2062 540 2125 νίας
568 2061 634 2114 ἂν
665 2061 752 2132 εἴη
785 2061 881 2114 καὶ
913 2059 1168 2124 ἀσεϐείας
1211 2059 1328 2132 ἅμα
1361 2059 1519 2114 ἄλλον
1566 2061 2002 2133 ἀντιπαρεξαγα·

418 2157 536 2222 γεῖν
569 2151 645 2224 τῷ
683 2152 908 2222 τοιούτῳ
957 2152 1058 2224 βίῳ
1085 2152 1173 2206 διὰ
1201 2151 1544 2224 συγκρίσεως
1572 2169 1586 2182 θ
1633 2153 1768 2207 ἀλλά
1796 2154 1892 2208 τοῦ
1918 2171 2011 2208 το-

421 2248 616 2300 σούτου
643 2248 738 2302 καὶ
762 2247 1005 2301 τοιούτου
1031 2247 1126 2300 καὶ
1157 2246 1218 2300 τὸ
1244 2247 1477 2301 κατόπιν
1513 2247 1687 2301 ἐλθεῖν
1705 2291 1719 2314 ,
1745 2249 1843 2320 τῆς
1871 2250 2012 2303 ἀνω-

417 2343 566 2396 τάτω
601 2343 1002 2413 μακαριότητος
1047 2341 1147 2411 τὴν
1199 2341 1475 2406 ἀπόδειξιν
1525 2340 1661 2411 ἔχει.
1691 2343 1906 2396 Οὑτωσὶ
1952 2342 2010 2396 δὲ

417 2433 508 2487 τὸν
539 2433 696 2502 λόγον
727 2435 1155 2504 κατανοήσωμεν
1181 2449 1193 2462 ·
1223 2432 1337 2485 Οὐκ
1390 2427 1459 2502 ἦν
1491 2431 1617 2484 οὔτε
1657 2433 1714 2484 ἐν
1747 2432 2010 2503 μαλακοῖς

422 2525 656 2596 ἱματίοις
688 2528 716 2578 ὁ
754 2523 1044 2594 Ἰωάννης,
1095 2521 1220 2576 οὔτε
1279 2522 1524 2593 κάλαμος
1565 2519 1634 2594 ἦν
1668 2523 1887 2593 ἀνέμοις
1920 2527 2009 2578 br-

421 2616 797 2687 σαλευόμενος.
852 2614 1159 2679 Ἦσπάζετο
1187 2615 1241 2667 δὲ
1275 2613 1380 2686 πρὸ
1411 2615 1518 2668 τῶν
1552 2616 1888 2687 οἰκουμένων
1911 2617 2009 2687 τὴν

419 2707 516 2779 ιρη
527 2725 645 2779 μον,
673 2707 770 2761 καὶ
799 2707 960 2762 πάλιν
1003 2709 1116 2771 τοῖς
1137 2707 1474 2778 οίκουμένοις
1499 2709 1892 2780 ἐπεχωρίαζεν.
1917 2711 2007 2782 Μή

418 2817 502 2864 τις
532 2799 640 2872 ἄρα
670 2799 966 2870 ἐπισκήψει
991 2799 1068 2870 τῷ
1093 2799 1235 2870 λόγῳ
1258 2841 1273 2865 ,
1307 2802 1356 2852 εί
1385 2799 1544 2854 τοῦτο
1573 2805 2006 2874 προσμαρτυρή-

421 2910 504 2946 σει
539 2893 632 2946 καὶ
657 2892 735 2964 τῷ
763 2892 1070 2964 διδασκάλῳ
1103 2892 1316 2965 ήμῶνὴ
1345 2892 1591 2964 ἀλήθεια,
1619 2893 1694 2957 ώς
1724 2895 1782 2947 ἐν
1800 2894 2010 2959 τούτοις

418 2987 579 3041 αὐτὸν
603 2985 697 3040 τοῦ
748 2985 984 3057 μεγάιλου
1023 2986 1270 3042 Ἰωάννου
1319 2985 1393 3058 μὴ
1451 2986 1874 3055 ἀπολείπεσθαι;
1914 2987 2011 3052 Τίς

419 3080 520 3132 οὐκ
551 3074 691 3132 οῐδεν
735 3079 884 3142 ὅπως
935 3077 1184 3149 μαλακήν
1229 3096 1290 3132 τε
1333 3079 1454 3132 καὶ⁹
1481 3077 1868 3150 τεθρυμμένην
1915 3080 2008 3134 τοῦ
2037 3111 2078 3168 C

423 3170 538 3242 βίου
567 3170 772 3224 δίαιταν
804 3169 1068 3241 πολεμίαν
1098 3171 1378 3241 ἡγήσατο,
1425 3171 1482 3223 ἐν
1513 3171 1678 3224 παντὶ
1713 3170 1776 3224 τὸ
1812 3188 2007 3244 καρτε-

424 3263 573 3334 ρικὸν
603 3263 694 3317 καί
724 3261 991 3335 ἀνδρῶδες
1023 3263 1130 3334 πρὸ
1161 3262 1270 3316 τῶν
1293 3262 1464 3333 ἡδέων
1495 3261 1810 3333 θηρώμενος
1829 3303 1843 3326 ,
1869 3263 2007 3334 ἡλίῳ

421 3352 758 3424 θαλπόμενος
786 3391 801 3416 ,
837 3351 996 3424 κρύει
1035 3351 1516 3422 παραϐαλλόμενος
1537 3392 1552 3416 ,
1599 3352 1876 3424 νηστείαις
1911 3355 2006 3407 καὶ

419 3443 770 3516 ἐγκρατείαις
813 3443 1251 3514 καταγυμνάζων
1300 3443 1362 3496 τὺ
1396 3443 1556 3514 σῶμα
1577 3483 1591 3508 ,
1621 3446 1744 3508 ταῖς
1788 3444 2005 3500 πόλεσιν

419 3535 495 3598 ώς
524 3536 582 3588 ἐν
611 3534 843 3606 ἐρήμοις
869 3534 1222 3604 ἐνδιατρίϐων
1252 3533 1422 3606 (οὐδὲν
1460 3536 1540 3598 εἰς
1574 3534 1776 3608 ἀρετὴν
1817 3537 1883 3590 ὲκ
1907 3537 2006 3606 τῆς

421 3625 709 3696 συντυχίας
745 3624 1272 3696 παραϐλαπτόμενος
1295 3624 1313 3695 )
1335 3665 1351 3691 ,
1392 3626 1488 3678 καὶ
1520 3625 1706 3688 πόλεις
1733 3625 1830 3688 τὰς
1876 3626 1975 3696 ἐρη
1995 3659 2006 3667 -

422 3719 550 3788 μίας
579 3718 1026 3790 ἀπεργαζόμενος
1051 3734 1066 3783 ;
1098 3715 1236 3770 Οὔτε
1265 3715 1374 3788 γὰρ
1407 3718 1440 3787 ή
1493 3716 1633 3788 μετὰ
1661 3716 1771 3770 τῶν
1795 3716 2005 3771 πολλῶν

418 3810 664 3880 διαγωγὴ
723 3809 824 3880 τῆς
862 3806 1128 3880 ἀκριϐοῦς
1174 3825 1228 3862 τι
1279 3808 1375 3860 καὶ
1423 3805 1701 3876 ἀσφαλοῦς
1731 3807 2006 3872 πολιτείας

418 3901 760 3973 παρέτρεψεν
786 3918 799 3932 -
835 3898 982 3966 οὔτε,
1015 3899 1064 3951 εί
1093 3898 1230 3969 πρὸς
1265 3898 1456 3952 ἑαυτὸν
1491 3899 1582 3953 ἐπὶ
1613 3899 1713 3970 τὴν
1746 3901 2004 3972 ἐσχατιὰν

415 3991 694 4063 ἐχώρησεν
723 4031 737 4055 ,
795 3989 1148 4062 γυμνωθῆναι
1196 3989 1305 4044 τῶν
1339 3989 1428 4042 ἐπ’
1469 3989 1706 4063 ὠφελείᾳ
1740 3991 2004 4047 συνόντων

415 4079 526 4148 οἷός
552 4101 609 4138 τε
637 4079 706 4155 ἦν
725 4100 738 4114 ε
773 4083 913 4137 ὥστε
934 4074 1028 4136 καὶ
1064 4081 1157 4136 ἐπὶ
1190 4081 1404 4148 τούτου,
1435 4082 1557 4136 καθ’
1592 4083 1883 4154 ὁμοιότητα
1911 4083 2002 4138 τοῦ

417 4175 723 4229 Βαπτιστοῦ
779 4165 934 4229 πόλιν
975 4162 1073 4244 τὴν
1105 4174 1310 4245 ἔρημον
1337 4173 1590 4243 γενέσθαι
1633 4191 2002 4247 στενοχωρου-

421 4269 586 4340 μένην
629 4274 742 4332 τοϊς
779 4269 1148 4339 ἐπιρρέουσιν.
1193 4266 1268 4319 Τὸ
1317 4265 1376 4319 δὲ
1427 4265 1502 4337 μὴ
1552 4265 1797 4334 κάλαμον
1840 4269 2003 4322 αὐτὸν

415 4358 551 4416 εἶναι
617 4361 684 4415 δι’
742 4361 993 4424 εὐκολίας
1047 4358 1186 4431 πρὸς
1251 4357 1350 4422 τὰς
1413 4359 1660 4424 ἐναντίας
1707 4359 2003 4430 ὑπολήψεις

2114 1891 2242 1930 num
2283 1876 2549 1931 resolutio
2595 1876 2746 1932 falsae
2787 1877 2911 1933 vitae
2937 1879 3348 1947 praeferebatur.
3415 1879 3498 1935 An
3530 1882 3698 1937 etiam

2110 1965 2376 2023 Joannem
2411 1983 2537 2023 cum
2585 1970 2848 2039 magistro
2871 1970 3126 2026 conferre
3163 1979 3328 2042 atque
3377 1988 3701 2043 comparare

2111 2059 2294 2127 placet
2313 2058 2336 2112 ?
2357 2059 2426 2114 At
2457 2075 2582 2115 eum
2608 2061 2793 2116 divina
2825 2078 2926 2116 vox
2971 2071 3222 2130 testetur,
3259 2063 3402 2134 quod
3431 2064 3521 2119 ille
3545 2066 3698 2134 prin-

2112 2150 2348 2221 cipatum
2385 2160 2610 2219 teneat,
2659 2161 2948 2223 propterea
2993 2155 3140 2224 quod
3191 2155 3334 2209 inter
3381 2167 3541 2212 natos
3581 2174 3698 2212 mu—

2111 2243 2307 2298 lierum
2347 2246 2510 2300 etiam
2541 2246 2776 2315 amplius
2806 2255 2860 2301 et
2915 2247 3275 2302 excellentius
3325 2247 3456 2318 quid
3501 2249 3698 2305 habeat

2112 2349 2275 2405 quam
2317 2336 2604 2406 propheta,
2638 2336 2855 2392 insania
2896 2337 3058 2393 simul
3107 2346 3164 2392 et
3217 2339 3469 2408 impietas
3533 2339 3700 2394 fuerit

2113 2427 2282 2480 alium
2317 2443 2382 2481 ex
2415 2428 2646 2483 adverso
2680 2429 3055 2498 comparando
3109 2444 3387 2499 opponere
3422 2431 3694 2499 ejusmodi

2109 2520 2256 2576 vitae.
2287 2518 2394 2575 Sed
2429 2522 2564 2575 tanti
2599 2536 2662 2575 ac
2691 2521 2813 2578 talis
2843 2521 2948 2577 viri
2979 2522 3062 2576 vel
3092 2537 3121 2575 a
3151 2531 3304 2593 tergo
3327 2525 3563 2586 venisse,
3605 2541 3698 2580 su-

2115 2628 2318 2684 premae
2349 2612 2705 2668 beatitudinis
2745 2614 2992 2668 continet
3028 2613 3574 2672 demonstrationem.
3600 2615 3696 2671 At-

2110 2719 2216 2774 que
2247 2704 2352 2760 hoc
2403 2704 2566 2759 modo
2607 2705 2879 2760 rationem
2918 2705 3158 2760 ineundo
3185 2745 3200 2770 ,
3235 2722 3350 2761 rem
3372 2709 3690 2764 considere-

2111 2813 2233 2850 mus
2263 2805 2429 2867 atque
2470 2797 2897 2866 perpendamus.
2932 2796 3124 2868 Neque
3150 2799 3424 2854 mollibus
3451 2799 3697 2856 vestibus

2109 2887 2348 2946 Joannes
2373 2898 2491 2945 erat
2516 2890 2774 2955 amictus,
2807 2906 2983 2960 neque
3005 2892 3218 2946 arundo
3246 2874 3384 2958 erat,
3412 2906 3534 2961 quae
3564 2907 3698 2946 ven-

2112 2983 2185 3039 tis
2231 2983 2550 3054 agitaretur.
2584 2983 2920 3040 Praeferebat
2975 2986 3104 3039 item
3153 2984 3506 3040 solitudinem
3563 2984 3697 3040 locis

2115 3075 2280 3130 cultis
2323 3084 2378 3132 et
2408 3075 2670 3130 habitatis
2698 3117 2714 3140 ,
2743 3083 2797 3130 et
2819 3083 3010 3130 contra
3045 3075 3098 3129 in
3140 3075 3402 3129 habitatis
3437 3085 3492 3130 et
3532 3076 3696 3130 cultis

2111 3167 2248 3223 locis
2270 3169 2614 3223 versabatur.
2631 3165 2772 3222 Num
2794 3167 2919 3238 quis
2944 3166 3112 3237 igitur
3131 3165 3342 3222 refellet
3369 3166 3692 3232 orationem,

2109 3259 2155 3313 si
2195 3259 2397 3314 veritas
2425 3258 2590 3312 etiam
2627 3258 2730 3314 hoc
2757 3259 3020 3330 magistro
3050 3268 3245 3312 nostro
3293 3264 3606 3326 attestetur,
3633 3265 3698 3314 ut

2109 3352 2167 3402 in
2206 3348 2294 3404 his
2339 3363 2540 3418 magno
2566 3347 2778 3403 Joanne
2809 3363 2920 3402 non
2949 3345 3177 3402 inferior
3211 3347 3328 3402 sit?
3358 3347 3494 3413 Quis
3548 3347 3692 3401 enim

2108 3445 2346 3513 ignorat,
2379 3439 2840 3512 quemadmodum
2878 3439 3094 3494 mollem
3139 3449 3193 3494 et
3229 3438 3520 3494 delicatum
3570 3438 3695 3493 vita:

2107 3535 2315 3590 cultum
2347 3533 2570 3588 noxium
2605 3537 2660 3586 et
2691 3531 2952 3585 infestum
2987 3530 3312 3600 judicaret?
3347 3531 3402 3584 in
3455 3529 3606 3585 omni
3635 3545 3694 3584 re

2108 3624 2488 3680 fortitudinem
2533 3631 2699 3692 atque
2736 3622 2981 3676 laborum
3040 3630 3096 3676 et
3125 3621 3502 3677 molestiarum
3559 3621 3695 3676 tole-

2108 3716 2345 3770 rantiam
2376 3690 2750 3786 magis.quam
2786 3729 2876 3769 res
2897 3713 3173 3782 iucundas
3197 3721 3434 3776 sectans,
3463 3713 3532 3768 ad
3561 3712 3693 3769 solis

2106 3818 2297 3866 aestum
2328 3808 2581 3872 duratus.
2602 3807 2790 3880 frigori
2815 3823 2874 3863 se
2897 3821 3200 3878 exponens,
3223 3805 3451 3876 jejuniis
3475 3813 3529 3861 et
3558 3814 3695 3861 tem-

2106 3905 2353 3970 perantia
2411 3919 2611 3974 corpus
2659 3901 2969 3959 exercendo
3016 3902 3309 3974 subigens,
3357 3902 3412 3956 in
3462 3901 3691 3957 urbibus

2107 3996 2266 4068 quasi
2333 3995 2390 4050 in
2447 3994 2838 4052 solitudinibus
2876 4007 3105 4050 versans
3153 3990 3345 4064 (quod
3404 3991 3689 4047 hominum

2106 4104 2438 4160 congressus
2472 4088 2620 4142 illius
2655 4088 2908 4143 virtutem
2938 4087 3077 4143 nihil
3112 4085 3372 4164 laederet)
3409 4094 3459 4142 et
3495 4102 3561 4143 ex
3601 4100 3692 4142 so-

2105 4175 2432 4232 litudinibus
2489 4177 2656 4232 urbes
2696 4176 2955 4232 elliciens.
3004 4175 3192 4248 Neque
3226 4177 3370 4232 enim
3434 4177 3640 4232 idcirco
3673 4219 3688 4241 ,

2106 4267 2251 4338 quod
2280 4283 2402 4322 cum
2426 4268 2777 4324 multitudine
2818 4279 3258 4332 conversaretur,
3292 4269 3592 4341 quidquam
3621 4269 3690 4324 de

2106 4364 2302 4412 exacto
2331 4365 2386 4414 et
2417 4366 2580 4413 cauto
2621 4359 2747 4413 vitae
2792 4359 3049 4416 instituto
3091 4359 3463 4426 immutabat;
3513 4375 3691 4428 neque

418 4456 901 4526 μετακλινόμενον,
941 4454 1179 4508 δείκνυσι
1218 4452 1278 4504 τὺ
1315 4453 1372 4508 ἐν
1411 4452 1546 4504 πᾶσι
1582 4454 1688 4514 τοῖς
1723 4451 1873 4522 παρά
1909 4452 2000 4506 τὸν

2111 4447 2159 4504 si
2197 4461 2446 4504 seorsum
2488 4449 2546 4503 in
2609 4450 2958 4506 solitudinem
3000 4450 3349 4514 secessisset,
3399 4449 3594 4503 nudari
3627 4464 3691 4503 ac

417 4547 528 4617 βίον
557 4546 900 4618 κεκριμένοις
931 4545 1079 4616 αὐτῷ
1109 4544 1517 4616 ἀμετάπτωτον.
1561 4543 1795 4614 Ἦρεσεν
1825 4545 1884 4612 ἐξ
1903 4547 2006 4620 ἀρα·

412 4639 515 4708 χῆς
539 4639 572 4710 ἡ
606 4639 742 4708 ἀκτη
755 4637 956 4708 μοσύνη
977 4652 991 4667 ο
1019 4636 1192 4706 πέτρα
1217 4652 1302 4695 τις
1333 4635 1583 4698 ἄσειστος
1611 4637 1644 4705 ἠ
1673 4635 1851 4706 κρίσις
1883 4638 2005 4707 ἐγέ-

413 4746 550 4782 νετο.
605 4729 900 4798 Ἐπεθύμει
957 4726 1046 4780 διὰ
1083 4726 1452 4796 καθαρότητος
1491 4726 1878 4797 προσεγγίζειν
1923 4729 2002 4800 τῷ

412 4820 536 4890 Θεῷ
611 4821 734 4892 ὅρος
768 4815 836 4891 ἦν
866 4822 898 4890 ἡ
941 4817 1204 4888 ἐπιθυμία
1237 4816 1376 4889 αῦτη
1401 4856 1416 4880 ,
1445 4817 1506 4870 οὐ
1540 4817 1804 4888 κάλαμος.
1839 4819 2001 4873 0666-

415 4927 544 4964 ποτε
574 4913 680 4983 γὰρ
712 4912 850 4982 πρὸς
890 4911 988 4972 τὰς
1023 4911 1334 4972 ἀντιπνοίας
1371 4911 1480 4962 τῶν
1527 4911 1850 4981 πειρασμῶν
1898 4913 2001 4966 ὑπ-

413 5003 672 5064 εκλίνετο.
712 5003 824 5073 Τῆς
869 5001 924 5054 δὲ
963 5001 1100 5071 πρὸς
1135 5002 1226 5054 τὸν
1261 5002 1392 5055 Θεὸν
1437 5002 1658 5072 ἀγάπης
1711 5004 1772 5057 τὸ
1812 5005 2006 5074 πάγιον

417 5095 576 5161 μόνου
611 5091 680 5165 ἦν
720 5093 814 5146 τοῦ
855 5093 1178 5157 Ἀποστόλου
1214 5092 1301 5145 διὰ
1321 5092 1428 5144 τῶν
1457 5093 1604 5146 ἰδίων
1635 5095 1809 5162 λόγων
1839 5097 2003 5150 ἐνδεί-

414 5183 604 5246 ξασθαι
633 5227 646 5247 ,
681 5185 757 5255 τῷ
791 5186 928 5256 μήτε
967 5185 1066 5255 τὴν
1104 5182 1276 5254 ζωὴν,
1323 5185 1458 5254 μήτε
1492 5185 1580 5238 τὸν
1605 5185 1835 5242 θάνατον
1865 5229 1880 5252 ,
1924 5188 1998 5260 μὴ

411 5276 716 5339 ἐνεστῶτα,
771 5277 844 5348 μὴ
881 5276 1177 5347 μέλλοντα,
1229 5278 1367 5346 μήτε
1407 5275 1528 5330 τινὰ
1577 5277 1753 5332 κτίσιν
1803 5280 1997 5351 ἑτέραν

409 5367 667 5422 δύνασθαι
706 5369 870 5423 αὐτοῦ
903 5369 1000 5439 τὴν
1032 5365 1260 5438 καρδίαν
1285 5367 1393 5420 ἀπὸ
1430 5368 1527 5438 τῆς
1566 5369 1703 5438 πρὸς
1733 5369 1826 5422 τὸν
1863 5369 1996 5424 Θεδν

411 5457 634 5529 ἀγάπης
669 5458 1048 5529 παρώσασῧαι.
1100 5458 1255 5512 Οὕτω
1287 5459 1380 5510 καὶ
1435 5459 1493 5510 ἐν
1543 5460 1676 5512 πᾶσι
1724 5461 1838 5523 τοῖς
1874 5463 1990 5514 κατ’

411 5547 612 5619 ἀρετὴν
643 5549 790 5618 αὐτῷ
836 5551 1182 5622 κεκριμένοις
1203 5589 1215 5612 ,
1246 5547 1496 5618 οὐδαμῶς
1544 5548 1873 5622 καλαμώδης
1912 5569 1998 5615 τις

408 5635 479 5711 ἦν
526 5640 622 5694 καὶ
656 5641 904 5705 ἀϐέϐαιος
951 5644 1047 5714 τὴν
1091 5643 1328 5697 διάνοιαν
1356 5682 1371 5708 ,
1425 5641 1561 5694 ἀλλὰ
1606 5641 1692 5694 διά
1726 5643 1940 5696 πάντων
1968 5647 1996 5698 ὁ

411 5733 526 5804 βίος
559 5729 673 5804 εἶχε
717 5733 779 5787 τὸ
834 5735 890 5788 ἐν
935 5739 1044 5800 τοῖς
1091 5736 1272 5800 καλοῖς
1314 5734 1724 5806 ἀμετάπτωτον.
1769 5734 1994 5807 Παρρη-

2107 4541 2290 4596 deseri
2322 4550 2538 4611 poterat
2577 4544 2644 4597 ab
2674 4542 2742 4598 iis
2785 4544 2880 4614 qui
2921 4543 3174 4598 utilitatis
3204 4542 3374 4612 gratia
3399 4579 3416 4607 ,
3457 4555 3690 4598 consue-

2107 4628 2298 4684 tudine
2346 4639 2508 4701 atque
2561 4632 2818 4686 convictu
2891 4633 3011 4701 ejus
3052 4633 3382 4696 utebantur,
3435 4631 3570 4686 adeo
3631 4641 3693 4687 ut

2103 4721 2268 4776 etiam
2305 4722 2470 4793 hujus
2509 4732 2776 4792 tempore,
2822 4721 3286 4794 quemadmodum
3329 4722 3386 4776 in
3433 4721 3542 4776 vita
3588 4719 3692 4775 Ba—

2103 4818 2388 4888 ptistae,“
2420 4817 2716 4872 solitudine
2733 4817 2869 4871 urbs
2889 4816 3213 4879 efﬁceretur,
3237 4831 3356 4884 quae
3384 4814 3690 4870 conﬂuente

2107 4907 2460 4962 multitudine
2487 4918 2886 4964 coarctaretur.
2920 4909 3078 4975 Quod
3109 4917 3289 4964 autem
3325 4907 3538 4962 arundo
3575 4924 3687 4964 non

2105 5007 2272 5063 esset,
2306 5015 2426 5068 qute
2455 5000 2614 5055 facile
2658 5003 2724 5057 ad
2759 5003 3066 5058 contrarias
3113 5003 3398 5073 opiniones
3445 5002 3689 5071 impelle-

2103 5103 2278 5156 retur,
2312 5102 2636 5162 argumento
2677 5103 2762 5151 est
2788 5111 2874 5158 ea,
2905 5110 3069 5166 quam
3096 5095 3285 5149 habuit
3323 5095 3380 5148 in
3428 5095 3687 5152 omnibus

2102 5185 2296 5247 rebus,
2328 5199 2466 5254 quas
2497 5201 2595 5256 per
2651 5187 2818 5241 vitam
2857 5202 2978 5241 cum
3009 5187 3214 5256 judicio
3260 5186 3599 5255 suscepisset
3633 5195 3688 5242 et

2099 5277 2454 5340 instituisset,
2491 5267 2804 5334 constantia
2864 5288 3029 5348 atque.
3067 5278 3364 5334 firmitudo.
3399 5279 3688 5333 Placuerat

2102 5367 2171 5422 ab
2196 5367 2355 5421 initio
2403 5368 2539 5422 nihil
2567 5369 2865 5438 quidquam
2919 5369 3202 5440 possidere
3235 5410 3249 5434 ,
3284 5379 3338 5425 et
3391 5385 3685 5440 pauperem

2101 5477 2273 5516 esse:
2332 5469 2592 5531 tanquam
2660 5470 2813 5532 petra
2865 5462 3090 5517 in'nnota
3132 5472 3296 5532 atque
3355 5463 3684 5518 inconcussa

2103 5551 2303 5606 stabile
2343 5567 2406 5606 ac
2438 5553 2652 5608 firmum
2689 5551 2742 5606 id
2785 5551 3052 5623 judicium
3083 5555 3204 5607 fuit.
3243 5552 3683 5624 Conenpiscebat

2103 5660 2198 5713 per
2243 5644 2533 5713 puritatem
2585 5645 3030 5716 appropinquare
3066 5645 3178 5701 Deo
3210 5663 3222 5699 :
3261 5661 3422 5702 mons
3455 5651 3574 5700 erat
3618 5658 3684 5698 ea

2107 5736 2400 5809 cupiditas,
2453 5753 2562 5794 non
2587 5737 2820 5794 arundo.
2856 5737 3147 5812 Nunquam
3183 5737 3330 5795 enim
3389 5737 3456 5794 ad
3505 5743 3682 5791 tenta-
