4050 6164
438 263 544 322 εὒδ

1631 244 1636 251 ’
1711 255 1764 309 S.
1802 249 2128 308 GREGORII
2168 249 2465 307 NYSSENI

3604 267 3712 325 805

439 382 649 435 tioutrm
686 379 916 451 spiritus
970 378 1229 434 adversos
1270 377 1615 434 ﬂectebatur.
1665 375 1840 429 Porro
1883 373 2018 430 dile-

2128 371 2369 438 σιάζεται
2399 372 2534 445 πρὸς
2560 374 2644 429 τὸν
2683 375 2928 449 Ἡρώδην
2964 380 3214 453 Ἰωάννης
3232 425 3246 448 ,
3273 384 3367 436 καὶ
3397 375 3551 450 οὗτος
3574 387 3712 456 πρὸς

442 473 641 529 ctionis
675 488 802 543 erga
847 472 1014 527 Deum
1051 474 1193 542 (qua:
1228 471 1281 526 in
1331 470 1531 537 Basilio
1574 469 1699 540 fuit)
1759 479 2019 525 constans

442 565 571 620 tiam
602 571 656 618 et
691 563 1084 628 ﬁrmitudinem
1136 563 1288 619 solus
1335 562 1634 633 Apostolus
1669 562 1787 617 suis
1833 559 2018 616 verbis

441 656 750 727 exprimere
806 663 860 708 et
928 654 1176 711 indicare
1233 661 1440 726 posset,
1512 660 1800 725 propterea
1874 650 2020 723 quod

442 761 619 816 neque
649 746 779 810 vita,
808 762 987 817 neque
1026 761 1175 803 mors
1201 786 1216 812 ,
1267 760 1445 816 neque
1488 745 1798 816 praesentia,
1842 759 2020 813 neque

444 836 646 902 futura,
690 852 867 907 neque
900 838 1007 891 alia
1045 838 1227 908 aliqua
1257 847 1507 891 creatura
1535 852 1565 890 a
1600 836 1897 891 dilectione
1928 835 2019 891 Dei

442 946 541 985 cor
568 932 690 1000 ejus
714 931 994 986 dimovere
1027 939 1190 1001 atque
1224 930 1518 985 deturbare
1553 937 1739 1000 posset
1772 930 1834 982 ¹⁰.
1865 928 2019 984 Adeo

441 1022 604 1077 etiam
641 1022 694 1075 in
718 1022 974 1077 omnibus
1005 1060 1019 1084 ,
1052 1036 1175 1091 qua:
1201 1036 1325 1076 eum
1379 1022 1582 1076 virtute
1643 1019 1975 1076 instituisset
1994 1061 2020 1086 ,,

443 1127 509 1166 ac
549 1111 655 1167 sibi
680 1111 942 1167 sectanda
974 1126 1094 1166 esse
1117 1110 1442 1180 judicasset,
1470 1124 1817 1180 nequaquam
1854 1124 2020 1162 arun-

444 1205 641 1260 dineus
667 1204 914 1275 quidam,
959 1212 1014 1258 et
1050 1203 1235 1257 animo
1280 1202 1466 1256 mobili
1507 1217 1572 1255 ac
1610 1211 1793 1256 mente
1831 1201 2025 1255 incon-

444 1299 615 1353 stanti
655 1307 774 1353 erat
806 1316 818 1350 :
854 1297 949 1351 sed
1002 1312 1097 1367 per
1144 1296 1325 1350 omnia
1375 1296 1485 1348 vita
1519 1294 1685 1366 (ejus)
1742 1293 1796 1347 in
1859 1293 2023 1347 rebus

356 1405 376 1423 ·
443 1391 724 1460 praeclaris
747 1380 1114 1443 constantiam
1139 1389 1195 1443 in
1220 1403 1279 1444 se
1299 1387 1539 1442 habebat
1565 1393 1618 1441 et
1647 1385 2022 1444 stabilitatem.

446 1482 639 1538 Libere
667 1489 721 1534 et
758 1482 991 1552 ingenue
1029 1480 1273 1551 loquitur
1302 1479 1443 1549 apud
1470 1477 1736 1533 llerodem
1759 1476 2045 1541 Joannes,‘

445 1575 575 1628 item
628 1573 715 1626 hic
747 1573 887 1643 apud
932 1571 1235 1627 Valentem.
1279 1571 1675 1641 Comparemus
1708 1577 1891 1624 autem
1928 1568 2026 1623 ad-

445 1666 678 1720 iuvicem
724 1664 918 1718 horum
969 1663 1212 1717 virorum
1282 1662 1599 1733 dignitates.
1661 1661 1759 1716 Ille
1801 1661 2019 1731 quidem

443 1759 618 1829 partis
672 1756 960 1826 cujusdam
995 1755 1300 1811 Palaestina:
1360 1754 1585 1810 decreto
1640 1753 2016 1808 Romanorum

441 1850 770 1921 permissum
820 1849 925 1905 sibi
961 1849 1328 1919 principatum
1377 1848 1610 1919 adeptus
1670 1856 1812 1913 erat,
1854 1847 2017 1917 hujus

443 1957 571 1997 vero
605 1942 814 2013 imperii
845 1943 1112 1998 terminus
1140 1952 1260 1997 erat
1297 1941 1873 2012 totuspropemodum
1894 1955 2021 1996 cur-

442 2050 539 2089 sus
587 2035 721 2090 solis
760 2049 791 2087 a
841 2033 1040 2090 ﬁnibus
1088 2032 1332 2090 Persidis
1377 2033 1446 2088 ad
1495 2032 1791 2088 Britannos
1848 2048 2023 2103 usque

440 2128 725 2199 pertinens
768 2136 823 2182 et
878 2137 1179 2183 extremam
1211 2124 1413 2182 Oceani
1467 2142 1643 2182 oram.
1709 2128 1785 2182 Ac
1823 2126 2020 2197 lingua:

440 2221 657 2289 quidem
689 2221 910 2276 libertas
941 2220 1203 2276 adversus
1235 2219 1501 2276 Herodem
1533 2219 1586 2274 id
1618 2221 1811 2290 agebat
1853 2227 2021 2289 atque

439 2329 504 2368 eo
522 2313 827 2383 spectabat,
853 2328 919 2365 ne
938 2320 1132 2366 contra
1158 2311 1305 2380 leges
1326 2311 1415 2365 ille
1442 2319 1693 2380 peccaret
1719 2313 1774 2365 in
1800 2311 2022 2366 mulier-

441 2405 561 2459 cula
575 2403 833 2472 quadam,
849 2402 939 2457 sed
957 2402 1331 2472 cupiditatem,
1347 2408 1533 2471 utpote
1550 2402 1760 2472 legibus
1780 2401 2020 2467 vetitam,

442 2496 499 2550 in
536 2511 595 2550 se
632 2502 934 2550 coerceret.
956 2493 1026 2547 At
1059 2492 1322 2549 adversus
1353 2491 1635 2548 Valentem
1670 2492 2022 2563 praeceptoris

439 2589 638 2659 lingua:
688 2588 912 2642 libertas
958 2601 1206 2656 quaenam
1240 2586 1409 2642 erat?
1459 2585 1530 2640 Ut
1579 2585 1827 2649 illmsam,
1878 2585 2023 2639 inta-

440 2691 583 2736 ctam
618 2689 671 2735 et
694 2680 1035 2750 impollutam
1070 2680 1278 2735 sineret
1302 2695 1425 2736 esse
1460 2679 1639 2743 ﬁdem,
1667 2680 1757 2734 cui
1792 2679 1838 2734 si
1868 2678 2022 2732 ﬁeret

442 2775 647 2845 injuria
673 2814 688 2838 ,
723 2776 895 2830 totius
924 2773 1076 2830 orbis
1123 2785 1395 2830 terrarum
1427 2775 1610 2830 scelus
1638 2781 1801 2844 atque
1829 2775 2021 2844 piacu-

442 2867 554 2921 lum
584 2866 892 2920 exsisteret.
936 2866 1195 2921 Conferat
1236 2866 1405 2936 igitur
1441 2882 1632 2936 aequus
1663 2881 1846 2921 rerum
1880 2865 2025 2920 aesti-

441 2965 620 3012 mator
660 2966 714 3012 et
764 2957 1135 3027 principatum
1173 2972 1298 3011 eum
1329 2959 1641 3028 principatu
1675 2997 1690 3023 ,
1735 2964 1791 3013 et
1824 2958 2022 3028 linguae

2121 465 2418 520 Οὐάλεντα.
2456 466 2927 540 Ἀντεξετάσωμεν
2958 471 3014 525 δέ
3054 473 3191 544 πρὸς
3227 473 3432 545 ἄλληλα
3473 477 3581 532 τῶν
3615 478 3711 532 ἀν-

2119 556 2262 626 δρῶν
2288 557 2491 612 τούτων
2520 558 2587 613 τὰ
2617 558 2921 631 ἀξιώματα.
2959 563 3017 616 '0
3057 563 3155 635 μὲν
3206 566 3405 638 μέρους
3429 568 3576 632 τινὸς
3607 569 3709 640 τῆς

2121 646 2486 721 Παλαιστίνης
2524 649 2690 722 ψήφῳ
2727 652 3008 722 Ῥωμαίων
3036 655 3135 726 τὴν
3161 656 3476 713 δυναστείαν
3509 659 3709 731 κεκλή-

2126 755 2284 811 ρωτο’
2310 738 2501 792 τούτου
2534 740 2591 794 δὲ
2638 742 2736 812 τῆς
2765 743 2941 815 ἀρχῆς
2972 746 3097 816 ὅρος
3123 741 3191 817 ἦν
3217 746 3335 811 ὅλος
3367 750 3565 819 μικροῦ
3594 751 3709 805 δεῖν

2121 830 2149 880 ὁ
2176 829 2269 882 τοῦ
2296 829 2450 898 ἡλίου
2488 831 2689 903 δρόμος
2710 876 2724 899 ,
2773 835 2839 888 ἐκ
2875 835 2981 889 τῶν
3024 838 3122 907 τῆς
3148 839 3407 909 Περσίδος
3433 842 3595 913 ὅρων,
3625 844 3709 907 εἰς

2122 918 2456 991 Βρεττανούς
2488 936 2547 974 τε
2596 922 2689 974 καὶ
2738 922 2807 975 τὰ
2853 922 3058 993 ἔσχατα
3092 923 3188 976 τοῦ
3231 926 3484 980 Ὠκεανοῦ
3524 945 3707 1000 παρα-

2122 1009 2333 1074 τείνων.
2376 1012 2485 1064 Καὶ
2513 1012 2612 1082 τῆς
2663 1013 2760 1082 μὲν
2800 1013 2936 1085 πρὸς
2981 1015 3072 1068 τὸν
3108 1015 3353 1087 Ἡρώδην
3393 1019 3708 1090 παρρησίας

2122 1098 2190 1173 ἦν
2239 1104 2267 1156 ὁ
2322 1104 2557 1168 σκοπὸς,
2610 1104 2684 1176 μὴ
2736 1110 3074 1177 παρανομεῖν
3111 1108 3251 1162 κατὰ
3285 1110 3506 1178 γυναίου
3536 1110 3704 1177 τινὸς,

2125 1192 2259 1247 ἀλλά
2294 1192 2542 1260 κολάζειν
2570 1196 2654 1265 ἐφ’
2690 1196 2884 1250 ἐαυτοῦ
2908 1198 3005 1270 τὴν
3028 1199 3343 1271 ἐπιθυμίαν,
3369 1201 3446 1266 ὡς
3472 1204 3708 1274 ἀπειρη-

2128 1286 2297 1356 μένην
2331 1287 2409 1358 τῷ
2455 1288 2624 1360 νόμῳ.
2658 1290 2724 1342 Ἥ
2754 1290 2811 1342 δέ
2849 1291 2985 1363 πρὸς
3022 1291 3295 1346 Οὐάλεντα
3327 1293 3421 1347 τοῦ
3452 1294 3706 1349 διδασκά-

2124 1378 2215 1431 λου
2248 1380 2528 1451 παρρησία
2574 1380 2658 1444 τίς
2684 1374 2753 1451 ἦν
2778 1398 2794 1446 ;
2829 1380 3062 1435 ’Ἂσυλόν
3108 1400 3168 1436 τε
3195 1384 3289 1436 καὶ
3319 1384 3582 1453 ἀμίαντον
3606 1385 3707 1456 τὴν

2127 1469 2310 1524 πίστιν
2347 1472 2461 1542 ἐᾷν,
2500 1465 2568 1542 ἦς
2613 1473 2646 1542 ή
2679 1474 2992 1543 παρανομία
3032 1474 3212 1545 πάσης
3246 1475 3344 1546 τῆς
3383 1477 3706 1547 οἰκουμένης

2124 1564 2257 1634 ἄγος
2303 1567 2532 1637 ἐγίνετο.
2578 1569 2865 1624 Ἀντιθέτω
2890 1570 3068 1625 τοίνυν
3096 1573 3126 1625 ό
3162 1563 3371 1639 δίκαιος
3403 1575 3512 1628 τῶν
3561 1594 3706 1648 πρα-

2124 1659 2351 1728 γμάτων
2380 1661 2671 1732 ἐξεταστὴς
2714 1665 2813 1733 τήν
2856 1680 2916 1717 τε
2944 1664 3262 1721 δυναστείαν
3290 1669 3357 1738 τῇ
3390 1668 3704 1741 δυναστείᾳ,

2127 1754 2220 1806 καὶ
2269 1752 2360 1807 τὸν
2415 1753 2615 1808 σκοπὸν
2659 1756 2758 1827 τῆς
2804 1757 3119 1827 παρρησίας
3167 1758 3372 1832 ταύτης
3417 1762 3554 1834 πρὸς
3605 1764 3708 1833 τὴν

2123 1845 2432 1917 παρρησίαν
2467 1844 2702 1919 ἐκείνην.
2746 1848 2891 1901 Ἐκεῖ
2913 1849 3011 1920 μὲν
3029 1849 3138 1922 γάρ
3170 1852 3230 1905 ἐν
3266 1850 3344 1922 τῷ
3374 1852 3587 1923 σώματι
3610 1855 3707 1908 τοῦ

2135 1934 2372 2006 Ἡρώδου
2416 1937 2478 1990 τδ
2520 1937 2651 2006 ἄγος
2701 1940 3098 2009 περιωρίζετο·
3149 1942 3385 1997 ἐνταῦθα
3418 1944 3475 1997 δὲ
3523 1945 3707 2016 πάσης
3800 1975 3810 1983 ·

2121 2021 2189 2097 ἦν
2220 2027 2403 2081 ἀδικία
2426 2027 2528 2099 τῆς
2554 2028 2899 2098 ἀνθρωπίνης
2926 2030 3139 2099 φύσεως
3156 2072 3171 2099 ,
3198 2035 3232 2103 ἠ
3261 2034 3577 2104 παρανομία
3602 2034 3707 2106 τῆς

2124 2119 2378 2184 πίστεως.
2411 2119 2648 2184 Ἐκεῖνος
2681 2121 2846 2191 μέχρι
2873 2121 3100 2177 Θανάτου
3133 2123 3359 2194 ἐμμένει
3390 2127 3456 2195 τῇ
3490 2128 3707 2197 παρῥη-

2126 2213 2217 2286 σία
2239 2229 2254 2244 ·
2289 2213 2385 2267 καὶ
2419 2212 2596 2284 τούτῳ
2650 2214 2822 2285 πέρας
2868 2215 2967 2286 τῆς
2996 2217 3310 2287 παρρησίας
3344 2216 3528 2288 ἐξορία
3557 2217 3706 2287 γίνε-

2123 2323 2212 2358 ται
2234 2344 2250 2369 ,
2278 2304 2433 2359 τοῦτο
2459 2305 2554 2359 τοῦ
2588 2305 2848 2376 βασιλέως
2872 2305 2994 2360 ἀντὶ
3019 2308 3118 2376 τῆς
3149 2308 3495 2363 ἐπιθανατίου
3520 2300 3704 2380 ψήφου

2124 2397 2604 2461 καταδικάσαντος.
2658 2397 2819 2452 Ἀλλά
2851 2399 2946 2453 καὶ
2967 2385 3245 2470 ’Ἰωάννης
3276 2400 3564 2455 ἀποθανὼν
3602 2400 3706 2473 ζῇν

2123 2489 2439 2544 ἐπιστεύετο
2458 2506 2472 2520 ·
2501 2491 2593 2544 καὶ
2617 2491 2881 2562 Βασιλείῳ
2912 2493 3041 2562 παρ’
3075 2492 3253 2546 αὐτῶν
3296 2492 3405 2548 τῶν
3429 2494 3638 2565 ἐχθρῶν
3666 2497 3699 2566 ή

2123 2583 2224 2654 τῆς
2250 2574 2465 2655 ἐξορίας
2503 2583 2796 2638 ἀναλύεται
2824 2583 3004 2653 ψῆφος
3021 2622 3035 2649 ,
3065 2584 3216 2637 οῦδὲν
3242 2582 3329 2637 διὰ
3348 2585 3445 2655 τῆς
3471 2584 3704 2655 ἀπειλῆς

2128 2677 2512 2749 μαλακισθέντι
2552 2677 2680 2747 περὶ
2729 2675 2827 2747 τὴν
2858 2675 3125 2730 ἔνστασιν.
3157 2671 3305 2747 τΑρα
3329 2676 3703 2749 τολμήσαιμεν

2124 2770 2218 2823 καὶ
2248 2768 2341 2822 ἐπὶ
2374 2768 2464 2822 τὸν
2493 2768 2696 2838 ὑψηλὸν
2739 2767 2922 2820 Ἠλίαν
2970 2767 3236 2837 ἀναϐῆναι
3268 2765 3345 2837 τῷ
3393 2767 3536 2836 λόγῳ
3561 2810 3577 2834 ,
3608 2769 3701 2822 καὶ

2123 2859 2292 2923 δεῖξαι
2322 2858 2412 2911 τὸν
2456 2858 2578 2912 καθ’
2613 2859 2760 2929 ἡμᾶς
2808 2857 3126 2910 διδάσκαλον
3175 2857 3310 2928 πρὸς
3342 2859 3440 2929 τὴν
3489 2860 3701 2913 ἐκείνου

2124 2951 2284 3023 χάριν
2312 2949 2390 3021 τῷ
2439 2950 2538 3020 βίῳ
2585 2948 2662 3019 τῷ
2700 2949 2820 3003 καθ’
2862 2949 3054 3005 ἑαυτὸν
3101 2949 3489 3020 ὁμοιούμενον;
3539 2950 3702 3007 Ἀλλὰ

441 3052 708 3106 libertatis
741 3049 905 3119 hujus
956 3051 1297 3119 pr0positum
1328 3064 1454 3104 eum
1502 3051 1593 3105 illa
1633 3059 1915 3119 comparet
1949 3052 2013 3104 li-

2123 3045 2221 3116 τὴν
2280 3043 2379 3114 μὲν
2428 3043 2521 3095 ἐπὶ
2569 3039 2663 3093 τοῦ
2704 3041 2956 3110 φλογίνου
3003 3041 3246 3114 ἅρματος
3280 3042 3564 3112 διφρείαν,
3607 3044 3701 3097 καὶ

440 3141 671 3197 bertate.
719 3137 855 3193 Nam
888 3139 999 3193 illic
1037 3138 1256 3208 quidem
1309 3153 1542 3208 corpore
1586 3139 1819 3194 llerodis
1841 3140 2022 3195 scelus

441 3231 1003 3287 circumscribe-batur
1026 3248 1039 3284 :
1060 3229 1152 3285 hic
1180 3246 1313 3284 vero
1343 3229 1565 3284 violatio
1596 3229 1721 3285 ﬁdei
1749 3229 1818 3284 ad
1849 3231 2021 3286 totius

441 3324 693 3379 humanae
723 3329 932 3375 naturae
964 3320 1224 3391 injuriam
1262 3319 1623 3375 redundabat.
1651 3320 1744 3374 llle
1775 3320 1839 3374 ad
1870 3336 2021 3376 mor-

439 3422 550 3471 tem
602 3428 780 3483 usque
838 3402 1152 3482 perseverat
1198 3411 1254 3464 in
1295 3410 1545 3465 libertate
1597 3412 1911 3476 sermonis,
1968 3420 2022 3465 et

441 3508 570 3563 huic
604 3506 729 3561 ﬁnis
758 3505 956 3574 linguae
984 3503 1250 3557 libertatis
1301 3503 1557 3557 exsilium
1590 3502 1808 3559 exsistit
1838 3543 1853 3567 ,
1896 3519 2020 3558 cum

440 3600 736 3670 imperator
770 3597 913 3651 hanc
965 3609 1183 3665 poenam
1261 3596 1317 3650 in
1369 3610 1494 3649 eum
1551 3595 1673 3649 loco
1730 3594 2024 3670 mortiferm

441 3692 727 3749 sententiae
761 3688 1063 3745 statuisset.
1094 3688 1163 3740 At
1190 3687 1334 3743 enim
1358 3684 1599 3743 Joannes
1634 3698 1759 3757 post
1791 3698 2021 3743 mortem

438 3785 622 3840 vivere
677 3780 1002 3838 credebatur
1030 3779 1269 3835 :Basilio
1323 3779 1451 3832 item
1497 3778 1566 3832 ab
1604 3778 1846 3832 inimicis
1884 3778 2021 3847 ipsis

440 3874 714 3932 sententia
772 3873 951 3927 exsilii
1006 3870 1347 3924 rescinditur
1375 3909 1389 3931 ,
1419 3883 1543 3922 eum
1574 3878 1800 3939 propter
1840 3870 2020 3926 minas

441 3965 616 4021 nihilo
647 3963 934 4019 remissior
960 3968 1014 4016 et
1035 3960 1256 4030 segnior
1280 3958 1460 4013 iactus
1491 3966 1636 4014 esset
1662 3959 1728 4013 ad
1762 3961 2023 4017 resisten-

382 4118 387 4123 _
442 4055 596 4110 dum.
632 4053 714 4106 An
745 4050 909 4104 etiam
936 4049 1259 4105 audebimus
1293 4048 1358 4103 ad
1388 4048 1675 4104 sublimem
1711 4049 1882 4105 Eliam
1907 4068 2023 4109 ser-

442 4158 605 4198 mone
637 4141 933 4196 ascendere
956 4179 972 4204 ,
1012 4147 1066 4194 ct
1095 4138 1388 4194 ostendere
1438 4146 1687 4194 nostrum
1742 4140 2021 4197 doctorem

443 4250 557 4292 sua:
591 4235 715 4288 vita:
766 4232 1018 4287 instituto
1063 4232 1210 4286 illius
1253 4230 1442 4302 gratiae
1476 4233 1810 4288 assimilari?
1841 4234 2024 4288 Enim-

443 4343 575 4385 vero
602 4334 661 4381 ut
701 4327 757 4381 in
801 4325 1052 4381 ﬂammeo
1099 4338 1266 4379 curru
1315 4324 1500 4380 sedeat
1535 4334 1702 4395 atque
1750 4327 2017 4393 vehatur,

441 4430 495 4476 et
528 4422 714 4492 igneos
748 4435 919 4490 equos
963 4417 1273 4473 moderetur
1294 4458 1310 4485 ,
1343 4425 1398 4473 et
1422 4419 1631 4472 adeam
1670 4428 2015 4488 potestatem,

441 4530 563 4586 quae
596 4529 821 4583 superae-
843 4513 1102 4583 praesidet
1131 4526 1315 4567 rerum
1346 4522 1578 4578 naturae,
1623 4516 1972 4585 trausmigret
2000 4557 2015 4583 ,

2123 3135 2222 3206 τὴν
2256 3134 2361 3188 τῶν
2408 3132 2645 3204 πυρίνων
2677 3133 2959 3203 ἡνιόχησιν
3007 3134 3222 3203 ἵππων,
3286 3136 3382 3188 καὶ
3410 3135 3507 3205 τὴν
3562 3136 3700 3206 πρὸς

2122 3227 2183 3281 τὸ
2218 3225 2609 3297 ὑπερκείμενον
2640 3225 2738 3295 τῆς
2771 3226 2882 3278 ἄνω
2912 3224 3121 3295 λήξεως
3146 3226 3521 3298 μεταχώρησιν
3547 3269 3562 3293 ,
3597 3245 3701 3299 μη-

2122 3319 2234 3382 δεὶς
2283 3318 2581 3372 ἀπαιτεῖ-τω
2625 3317 2723 3389 τὴν
2768 3316 3114 3388 ἀνθρωπίνην
3168 3319 3349 3387 φύσιν.
3398 3320 3531 3373 Οὐδὲ
3591 3320 3700 3391 γὰρ

2124 3413 2329 3474 ἐκεῖνος
2377 3411 2436 3463 ἐν
2482 3413 2595 3472 τοῖς
2643 3410 2791 3480 ὅροις
2831 3409 3007 3479 μένων
3052 3410 3154 3479 τῆς
3202 3411 3448 3478 φύσεως,
3485 3412 3700 3483 ἀπαθὴς

2123 3505 2181 3556 ἐν
2214 3503 2292 3573 τῷ
2326 3503 2460 3573 πυρὶ
2503 3500 2822 3566 διεσώζετο,
2876 3502 3012 3573 πρὸς
3055 3502 3116 3556 τὸ
3160 3504 3437 3573 ἀνωφερὲς
3491 3520 3555 3556 τε
3606 3505 3703 3557 καὶ

2124 3596 2323 3664 κοῦφον
2357 3593 2478 3665 θείᾳ
2510 3592 2737 3663 δυνάμει
2774 3592 3194 3663 μετασκευάζων
3244 3593 3304 3646 τὸ
3344 3592 3603 3664 ἐμϐριθές
3641 3611 3701 3647 τε

2123 3689 2216 3742 καὶ
2246 3687 2452 3758 γήϊνον,
2489 3684 2614 3757 μήθ’
2636 3685 2717 3737 ὅτι
2749 3683 2840 3737 τὸν
2863 3683 3054 3737 ἑαυτοῦ
3090 3683 3245 3751 λόγον
3274 3677 3382 3736 οἷόν
3405 3701 3525 3740 τινα
3555 3684 3703 3738 κλεῖν

2124 3781 2360 3833 ἐποιεῖτο
2404 3778 2502 3849 τῆς
2557 3777 2615 3843 ἐξ
2662 3776 2892 3847 ούρανοῢ
2949 3775 3251 3847 χορηγίας,
3302 3776 3472 3839 ἀνιείς
3517 3793 3579 3829 τε
3612 3776 3701 3830 ὅτε

2125 3870 2366 3943 βούλοιτο
2391 3908 2407 3933 ,
2441 3869 2536 3924 καὶ
2581 3869 2886 3922 ἀποκλείων
2919 3868 3081 3922 πάλιν
3130 3870 3250 3921 κατ’
3293 3867 3543 3932 ἐξουσίαν
3563 3909 3579 3935 ,
3610 3871 3701 3923 ὅτε

2122 3963 2281 4018 τοῦτο
2307 3962 2570 4032 πράττειν
2610 3961 2831 4030 ἄμεινον
2857 3960 3014 4031 ῷετο.
3066 3959 3227 4014 Ἀλλά
3255 3959 3350 4014 καὶ
3379 3959 3441 4013 τὸ
3486 3962 3566 4024 εἰς
3600 3978 3701 4013 πο-

2122 4057 2216 4111 λὺν
2255 4055 2416 4110 αὑτὸν
2452 4053 2734 4126 διαρκέσαι
2783 4053 2978 4125 χρόνον
3032 4052 3328 4118 ἀπόσιτον,
3373 4054 3473 4123 μιᾷ
3526 4056 3695 4124 τροφῇ

2122 4147 2215 4200 τοῦ
2252 4146 2547 4218 ἐγκρυφίου
2582 4142 2789 4197 ἐκείνου
2822 4140 3067 4213 ὀλυρίτου
3111 4143 3168 4195 ἐν
3200 4141 3370 4212 ὁμοίῳ
3402 4143 3503 4212 τὴν
3540 4141 3696 4194 δύνα-

2126 4257 2218 4311 μιν
2243 4238 2407 4291 αὐτοῦ
2432 4235 2763 4300 διασώζοντα
2786 4236 2977 4306 μέχρις
3002 4233 3225 4305 ἡμερῶν
3251 4234 3661 4303 τεσσαράκοντα
3682 4249 3694 4264 ⁶

2127 4330 2404 4403 παρείσθω
2451 4329 2546 4383 καὶ
2590 4328 2746 4382 τοῦτο
2771 4367 2785 4391 ,
2820 4327 2897 4390 ὡς
2928 4327 3109 4398 μεῖζον
3141 4326 3174 4397 ἢ
3208 4327 3350 4380 κατὰ
3390 4326 3691 4396 ἄνθρωπον.

2053 4386 2100 4443 D
2131 4386 2367 4493 ’Λπορος
2392 4421 2502 4491 γὰρ
2531 4423 2595 4491 τῇ
2623 4386 2940 4491 ἀνθρωπίνη
2976 4386 3134 4485 φύσει
3159 4386 3268 4471 τῶν
3300 4417 3438 4487 ὑπὲρ
3471 4386 3627 4488 φύσιν
3661 4420 3694 4489 ή

2121 4519 2373 4589 μίμησις.
2406 4513 2656 4582 Σιγάσθω
2679 4511 2737 4565 δὲ
2781 4511 2917 4581 μετὰ
2940 4510 3147 4565 τούτων
3170 4511 3198 4564 ὃ
3228 4528 3286 4563 τε
3327 4510 3533 4583 βραχὺς
3558 4515 3696 4565 ἐκεῖ·

440 4618 603 4659 nemo
654 4603 892 4673 postulet
940 4603 1010 4657 ab
1063 4603 1303 4657 humana
1350 4609 1546 4656 natura
1607 4603 1755 4673 (nam
1791 4620 1893 4660 nec
1931 4607 2020 4663 ille

2122 4627 2206 4675 νος
2231 4608 2326 4662 τοῦ
2363 4605 2594 4678 ἀλεύρου
2644 4602 2885 4675 κέραμος
2905 4645 2918 4667 ,
2952 4603 3047 4656 καὶ
3094 4605 3123 4654 ὁ
3146 4602 3241 4655 τοῦ
3267 4603 3448 4657 ἐλαίου
3478 4605 3698 4675 καμψά-

441 4696 663 4767 quidem
697 4696 840 4750 intra
868 4696 1132 4751 terminos
1178 4703 1234 4752 et
1278 4696 1479 4753 limites
1527 4704 1742 4752 naturae
1786 4714 2017 4755 manens

2122 4717 2250 4773 κηςο
2278 4699 2516 4771 διαρκῶν
2564 4695 2823 4764 ἑκάτερος
2856 4693 2991 4764 πρὸς
3023 4694 3122 4760 τὴν
3171 4695 3360 4765 χρείαν
3404 4696 3462 4747 ἐν
3491 4697 3557 4765 τῇ
3600 4698 3698 4765 τῆς

442 4790 648 4845 ἱιιςεευε
697 4790 752 4843 in
785 4789 898 4861 igni
935 4790 1372 4846 conservabatur
1395 4830 1411 4853 ,
1455 4806 1579 4847 cum
1634 4802 1872 4848 terreum
1910 4793 2017 4849 hoc

2122 4793 2324 4864 τροφῆς
2350 4788 2602 4863 χορηγίᾳ,
2634 4788 2728 4841 καὶ
2762 4785 2926 4839 παντὶ
2950 4784 3044 4839 τοῦ
3074 4784 3231 4856 λιμοῦ
3263 4783 3340 4855 τῷ
3366 4785 3541 4856 χρόνῳ
3570 4804 3698 4855 συμο

443 4880 659 4952 pondus
682 4878 866 4934 divina
893 4880 943 4934 vi
971 4881 1038 4935 ad
1066 4896 1185 4935 eam
1219 4882 1518 4947 levitatem,
1551 4900 1673 4953 qua:
1698 4886 1753 4939 in
1785 4885 2019 4941 sublime

2122 4884 2460 4956 παρατείνων
2483 4880 2589 4964 Δ’τὴν
2614 4878 2795 4950 χάριν,
2827 4879 2905 4940 εἰς
2926 4875 3020 4946 ἔτη
3046 4880 3171 4948 τρία
3200 4877 3294 4930 καὶ
3321 4877 3491 4947 μῆνας
3512 4877 3593 4941 ἓξ,
3619 4877 3697 4931 Τὰ

443 4971 698 5036 ferretur,
718 4969 1152 5040 tranformaret),
1173 4988 1349 5042 neque
1371 4973 1541 5044 (vero)
1564 4977 1707 5046 quod
1730 4993 1831 5032 suo
1852 4980 2020 5034 verbo

2122 4979 2231 5049 γὰρ
2254 4977 2351 5047 τῆς
2384 4972 2587 5028 ἄνωθεν
2614 4969 2893 5041 ἐνεργείας
2936 4967 3207 5039 θαύματα,
3252 4967 3557 5035 ἰδιάζουσαν
3607 4970 3698 5024 ἐπὶ

440 5058 611 5113 veluti
645 5058 785 5112 elavi
818 5065 1064 5113 uteretur
1086 5059 1206 5130 ejus
1260 5059 1537 5120 facultatis
1559 5103 1574 5130 ,
1605 5082 1727 5135 qua:
1764 5068 1832 5123 de
1876 5071 2017 5126 coelo

2122 5073 2231 5127 τῶν
2258 5070 2434 5141 ἔργων
2460 5065 2572 5136 ἔχει
2598 5063 2695 5135 τὴν
2730 5062 2978 5133 δύναμιν.
3011 5063 3120 5115 Καὶ
3141 5064 3239 5117 ούκ
3263 5062 3327 5116 ἄν
3350 5080 3431 5125 τις
3460 5063 3699 5131 εὐλόγως

442 5151 914 5222 suppeditabatur,
954 5160 1009 5207 et
1038 5153 1292 5223 aperiens
1323 5157 1544 5228 quando
1575 5160 1774 5224 vellet,
1813 5172 1867 5217 et
1897 5180 2021 5219 rur-

2125 5164 2441 5239 ἁνθρωπίνῃ
2474 5159 2632 5230 φύσει
2669 5157 2769 5220 τὰς
2803 5156 3057 5221 τοιαύτας
3083 5156 3506 5227 θαυματοποιίας
3553 5155 3701 5223 λογία

442 5260 537 5299 sus
563 5243 847 5308 claudens,
878 5259 1000 5299 cum
1031 5245 1081 5299 id
1133 5246 1315 5303 facere
1348 5251 1690 5307 commodius
1716 5268 1839 5310 esse
1868 5258 2016 5315 vide-
2126 5274 2297 5314 σαιτο.

442 5345 614 5391 retur.
658 5336 992 5402 Quinetiam,
1026 5337 1174 5407 quod
1199 5339 1265 5392 ad
1300 5342 1532 5397 multum
1567 5344 1659 5400 ille
1693 5354 1910 5419 tempus
1948 5351 2192 5408 inediam
2260 5348 2555 5405 toleraret,
2608 5356 2718 5397 uno
2764 5341 2889 5395 cibo
2956 5339 3305 5395 subeinericii
3363 5339 3510 5393 illius
3571 5340 3697 5392 hor-

442 5430 625 5488 deacei
660 5434 823 5503 panis
863 5432 916 5487 in
946 5436 1065 5504 pari
1098 5435 1420 5494 habitudine
1452 5440 1600 5497 vires
1651 5458 1782 5500 suas
1834 5447 1901 5502 ad
1965 5445 2331 5519 quadraginta
2379 5455 2555 5511 usque
2603 5438 2721 5493 dies
2769 5451 3106 5492 conservans
3157 5474 3175 5501 ,
3252 5437 3697 5506 pmtermittmur

442 5528 607 5583 etiam
645 5530 772 5594 hoc,
828 5540 1016 5602 utpote
1064 5535 1281 5606 majus,
1320 5553 1481 5608 quam
1532 5539 1767 5595 humana
1834 5544 2017 5612 capiat
2080 5551 2301 5599 natura.
2346 5537 2547 5595 Earum
2582 5536 2727 5592 enim
2762 5533 2980 5604 rerum,
3048 5545 3167 5603 qua:
3218 5540 3481 5603 superant
3541 5541 3695 5585 natu-

509 5708 565 5769 .¹⁰
602 5708 764 5764 Rom.
790 5728 909 5773 vm.
940 5714 1030 5769 ⁸58.
