4050 6164
383 278 388 283 ’
468 288 575 342 805

1551 284 1616 341 IN
1654 283 1936 364 LAUQEM
1978 280 2279 340 FRATRIS
2320 283 2587 341 BASILH.

3597 284 3700 341 806

452 420 592 471 ram,
623 404 855 459 imitatio
881 404 1132 459 humanae
1170 409 1380 457 natura:
1411 401 1668 473 impedita
1715 410 1820 457 est.
1850 398 2080 454 Silentio
2121 409 2475 470 praetereatur
2532 397 2661 461 item
2724 420 2846 459 cum
2881 404 2965 459 bis
3031 411 3085 459 et
3135 404 3368 473 exiguus
3415 398 3504 458 ille
3564 402 3699 458 fart-

452 512 533 551 nae
573 512 795 562 urceus,
826 506 880 552 et
910 511 1025 560 vas,
1072 510 1180 565 quo
1223 495 1402 550 oleum
1438 494 2117 562 continebaturzquorum
2177 500 2471 564 utrumque
2518 507 2625 550 tam
2651 499 2774 562 hoc,
2807 511 2968 568 quam
3042 495 3151 560 ille,
3221 494 3366 567 quod
3436 494 3503 549 ad
3570 510 3699 563 sup-

452 588 837 657 peditationem
875 588 1070 642 attinet
1102 585 1370 649 alimenti,
1402 586 1470 640 ad
1516 586 1900 641 necessitatem
1967 583 2288 652 suﬂieiebat,
2332 602 2429 655 per
2478 605 2638 645 omne
2684 598 2899 658 tempus
2939 587 3098 642 famis
3158 586 3481 641 bcneﬂcium
3537 587 3697 641 simul

452 696 757 751 prorogatus
806 689 860 735 et
900 679 1202 735 extendens
1242 679 1309 733 ad
1347 692 1520 733 annos
1551 684 1662 733 tres
1702 685 1757 731 et
1808 692 2024 732 menses
2061 691 2176 731 sex.
2215 676 2347 731 Nam
2412 695 2624 749 superae
2669 680 2999 750 operationis
3029 678 3294 733 miracula
3364 678 3695 747 peculiarem

449 778 501 828 in
538 774 799 842 operibus
844 773 951 825 vim
995 771 1216 827 habent.
1258 769 1370 827 Nec
1420 778 1565 826 recte
1611 770 1736 840 quis
1779 770 2053 840 ejusmodi
2093 769 2352 826 miriticas
2397 773 2743 841 operationes
2786 772 3147 842 assignaverit
3180 771 3431 824 humanae
3462 779 3695 825 naturae.

516 863 652 915 Τίνα
684 859 774 916 οὖν
809 865 954 915 ἐστιν
983 864 1081 915 ὅσα
1110 861 1205 915 τοῦ
1247 861 1564 916 διδασκάλου
1598 862 1753 933 ήμῶν
1784 863 1919 933 πρὸς
1950 859 2019 915 τὰ

2191 850 2322 928 Quae
2362 872 2491 918 sunt
2543 864 2708 934 igitur
2734 864 2908 919 nostri
2959 862 3315 933 praceptoris
3348 862 3512 928 bona,
3577 879 3697 931 qua:

421 949 503 1007 ’ἐν
550 952 627 1023 τῷ
672 954 922 1024 προφήτῃ
979 952 1323 1023 θεωρούμενα
1379 951 1477 1022 τὴν
1530 952 1812 1005 κοινωνίαν
1870 951 2022 1021 ἕχει;

448 1047 614 1117 Ζῆλος
632 1046 886 1108 πίστεως,
910 1044 1200 1114 δυσμένεια
1223 1043 1364 1098 κατά
1380 1042 1487 1097 τῶν
1509 1043 1858 1107 ἀθετούντων,
1891 1044 2026 1113 ἀγά-

449 1155 524 1205 πη
546 1137 677 1207 πρὸς
699 1138 788 1190 τὸν
811 1137 963 1199 Θεὸν,
986 1135 1245 1207 ἐπιθυμία
1260 1135 1353 1188 τοῦ
1372 1134 1523 1199 ὄντος
1541 1135 1705 1200 ὅντως
1724 1135 1856 1207 πρὸς
1876 1136 2025 1190 οὐδὲν

448 1229 554 1282 τῶν
578 1228 774 1282 ὑλικῶν
798 1229 1162 1300 ἀπορρέουσα,
1186 1227 1298 1297 ζωὴ
1315 1227 1402 1282 διὰ
1424 1228 1636 1283 πάντων
1659 1229 2021 1301 ἐξητασμένη,

450 1320 562 1389 βίος
595 1319 1004 1392 κατεσκληκὼς,
1038 1320 1255 1392 βλέμμα
1281 1322 1359 1393 τῷ
1388 1323 1524 1393 τόνῳ
1553 1322 1651 1393 τῆς
1683 1320 1860 1391 ψυχῆς
1898 1338 2024 1375 συν-

445 1412 772 1482 τεινόμενον,
816 1412 1081 1483 σεμνότης
1130 1413 1541 1484 ἀνεπιτήδευτος
1568 1430 1582 1444 ο
1636 1414 1832 1485 ἡσυχία
1865 1413 2021 1482 λόγου

445 1505 828 1575 ὲνεργεστέρα,
880 1504 1100 1576 φροντὶς
1132 1505 1261 1577 περὶ
1285 1505 1393 1559 τῶν
1424 1504 1810 1578 ἐλπιζομένων,
1853 1508 2023 1559 κατα-

446 1593 706 1664 φρόνησις
743 1594 850 1647 τῶν
883 1594 1190 1666 ὁρωμένων,
1216 1596 1476 1668 ὁμοτιμία
1507 1598 1642 1670 πρὸς
1674 1600 1782 1652 πᾶν
1812 1598 1874 1652 τὸ
1904 1614 2023 1666 φαι-

443 1684 686 1753 νόμενον,
735 1684 844 1738 εἴτε
867 1702 951 1751 τις
980 1685 1086 1739 τῶν
1114 1688 1433 1759 ὑπερόγκων
1462 1690 1519 1742 ἐν
1550 1688 1820 1760 ἀξιώματι
1847 1691 2021 1761 τύχοι,

443 1776 552 1830 εἴτε
570 1776 678 1829 τῶν
705 1778 972 1833 ταπεινῶν
992 1796 1052 1833 τε
1076 1779 1170 1834 καὶ
1193 1781 1623 1854 ἀπερριμμένων
1645 1783 2017 1853 προφαίνοιτο.

444 1867 629 1922 Ταῦτά
672 1870 789 1922 ἐστι
834 1870 1027 1924 καὶτὰ
1070 1870 1325 1938 τοιαῦτα,
1374 1872 1431 1926 ἐν
1462 1870 1543 1936 οἷς
1573 1877 1821 1945 μιμεῖται
1853 1876 1882 1929 6
1923 1876 2018 1930 τοῦ

443 1958 759 2013 διδασκάλου
797 1959 909 2030 βίος
941 1961 1008 2014 τὰ
1034 1961 1127 2014 τοῦ
1178 1961 1359 2015 Ἠλίου
1402 1961 1671 2034 θαύματα.
1729 1966 1791 2018 Ei
1836 1965 1893 2019 δέ
1936 1984 2020 2030 τις

443 2051 705 2121 προφέρει
728 2050 836 2105 τῶν
865 2035 1269 2124 τεσσαράκοντα
1299 2054 1519 2125 ἡμερῶν
1539 2053 1637 2126 τὴν
1663 2055 1896 2121 ἀσιτίαν,
1926 2058 2018 2111 καὶ

445 2143 603 2212 ἡμεῖς
626 2142 717 2196 τοῦ
740 2143 1058 2198 διδασκάλου
1081 2143 1179 2214 τὴν
1208 2143 1295 2197 διά
1324 2145 1525 2209 παντὸς
1550 2145 1643 2199 τοῦ
1682 2146 1796 2217 βίου
1837 2148 2015 2217 ὀλιγο-

446 2232 620 2286 σιτίαν
650 2234 1154 2305 ἀντιπροσοίσομεν.
1185 2234 1484 2300 Γειτνιάζει
1513 2236 1621 2307 γάρ
1653 2254 1770 2300 πως
1795 2238 1871 2308 τῷ
1900 2239 2018 2291 ἀσί-

444 2342 520 2395 τῳ
549 2325 610 2378 τὸ
639 2325 952 2394 ὀλιγόσιτον,
999 2326 1092 2379 καὶ
1121 2325 1352 2396 μάλιστα
1389 2326 1516 2381 ὅταν
1541 2328 1601 2381 τὸ
1637 2328 1735 2399 μέν
1768 2331 1825 2382 ἐν
1853 2329 2018 2399 ὀλίγῳ

444 2417 669 2487 γένηται
702 2419 897 2489 χρόνῳ,
926 2417 988 2471 τὸ
1024 2418 1080 2470 δέ
1108 2417 1244 2491 πρὸς
1274 2418 1447 2472 πάντα
1470 2419 1728 2493 διαρκέσῃ
1755 2420 1845 2474 τὸν
1880 2420 2011 2489 βίον.

448 2509 656 2572 ’Ἄλλως
699 2526 760 2560 τε
802 2500 962 2561 κάκεῖ
1007 2508 1105 2579 μὲν
1144 2510 1171 2561 6
1202 2509 1451 2580 ὁλυρίτης
1483 2510 1685 2572 ἐκεῖνος
1713 2510 2015 2581 ἐγκρυφίας

443 2586 713 2670 διεκράτει
766 2599 858 2653 τοῦ
893 2600 1171 2670 προφήτου
1220 2598 1309 2652 τὸν
1353 2600 1525 2663 τόνον,
1561 2598 1696 2668 έχων
1719 2618 1772 2652 τι
1800 2600 2015 2664 πάντως

446 2692 502 2744 ἐν
534 2689 711 2760 ἐαυτῷ
753 2690 1012 2753 τοιοῦτον,
1053 2682 1098 2758 ᾧ
1128 2691 1468 2759 συνετηρεῖτο
1512 2688 1606 2742 τοῦ
1651 2706 2015 2759 προσενεγκα-

448 2780 610 2850 μένου
645 2779 744 2851 τὴν
773 2781 978 2853 τροφὴν
1022 2780 1224 2851 ταύτην
1254 2781 1287 2851 ή
1320 2779 1566 2850 δύναμις.
1599 2780 1905 2851 Τεκμήριον
1933 2780 2011 2847 δέ,

444 2873 524 2924 ὅτι
568 2871 687 2942 οὐχὶ
733 2871 841 2925 τῶν
885 2872 1169 2942 ὁμοφύλων
1210 2888 1293 2934 τις
1341 2870 1489 2942 αὐτῷ
1532 2872 1879 2942 σιτοποιήσας
1917 2871 2014 2943 τὴν

443 2962 645 3035 τροφήν
666 2962 1028 3033 παρεθήκατο,
1080 2961 1193 3016 ἀλλ’
1221 2961 1516 3033 ἀγγελικῆς
1543 2963 1893 3034 παρασκευῆς
1926 2964 2014 3017 ἐν-

446 3055 706 3127 εφορήθη.
732 3053 891 3108 Ὀθεν
912 3050 1057 3124 αὐτῷ
1091 3054 1301 3126 πλήρης
1326 3072 1385 3107 τε
1418 3055 1512 3109 καὶ
1538 3055 1920 3119 ἀδιάπνευστος
1947 3051 2015 3128 ἦν

445 3146 478 3214 ἡ
518 3145 605 3200 διὰ
643 3147 740 3216 τῆς
788 3144 995 3216 τροφῆς
1046 3145 1259 3217 ἐκείνης
1302 3147 1624 3217 ἐγγινομένη
1670 3146 1748 3219 τῷ
1802 3148 2013 3220 σώματι

444 3236 689 3306 δύναμις.
762 3235 1025 3291 Ἐνταῦθα
1074 3236 1130 3289 δέ
1184 3238 1333 3291 οὐδὲν
1384 3238 1863 3309 καινοτομηοείσης
1914 3239 2014 3308 τῆς

386 3325 391 3330 ”
449 3326 752 3396 συνηθείας,
787 3328 982 3400 μέτρον
1016 3329 1115 3399 τῆς
1144 3329 1352 3398 τροφῆς
1379 3331 1406 3382 6
1431 3329 1685 3400 λογισμὸς
1716 3325 1803 3401 ἦν,
1830 3330 2014 3383 τοσοῦ-

447 3433 537 3468 τον
564 3416 818 3488 παρέχων
849 3417 926 3488 τῷ
960 3416 1191 3489 σώματι,
1223 3419 1319 3489 οὐχ
1348 3420 1469 3472 ὅσον
1495 3423 1529 3489 ὴ
1554 3419 1711 3488 φύσις
1741 3421 2009 3486 ἐϐούλετο,

446 3507 559 3560 ἀλλ’
589 3508 710 3561 ὅσον
737 3510 765 3561 6
791 3509 889 3580 τῆς
918 3509 1238 3581 ἐγκρατείας
1268 3509 1606 3563 ἐνεκελεύετο
1642 3511 1822 3582 νόμος.
1867 3512 1929 3565 Ἡ
1955 3512 2011 3565 δέ
2041 3551 2083 3608 C

451 3597 711 3669 ἱερωσύνη
736 3599 828 3653 τοῦ
853 3600 1193 3666 διδασκάλου,
1226 3603 1471 3671 μιμεῖται
1499 3601 1566 3656 τὰ
1597 3602 1694 3672 τῆς
1722 3603 2015 3674 ἱερωσύνης

447 3684 537 3742 τόὖ
572 3691 848 3761 προφήτου
879 3691 1171 3761 αἰνίγματα
1192 3730 1206 3755 ,
1254 3691 1341 3745 διά
1386 3692 1480 3745 τοῦ
1523 3693 1825 3762 τρισσεύειν
1854 3694 1910 3745 ἐν
1938 3693 2017 3764 τῷ

447 3782 586 3851 λόγῳ
614 3784 712 3853 τῆς
741 3782 996 3847 πίστεως,
1024 3783 1085 3835 τὸ
1116 3783 1361 3853 οὐράνιον
1387 3782 1495 3854 πῦρ
1521 3784 1655 3855 πρὸς
1681 3784 1780 3845 τὰς
1811 3786 2018 3854 ἱερουρ⁴

446 3872 570 3939 γίας
605 3871 960 3941 ἐφελκομένη.
1015 3870 1133 3942 Πῦρ
1160 3872 1215 3924 δὲ
1249 3871 1345 3943 τὴν
1378 3871 1472 3925 τοῦ
1519 3873 1672 3941 ἁγίου
1707 3873 2018 3945 Πνεύματος

448 3963 670 4032 δύναμιν
704 3962 982 4016 καλεῖσθαι
1016 3962 1252 4034 πολλαχῆ
1288 3963 1437 4034 παρά
1474 3964 1572 4034 τῆς
1599 3966 1820 4036 Γραφῆς
1848 3958 2018 4018 ἐδιδά-

450 4055 676 4125 χθημεν.
712 4054 928 4125 Αὐχμὸν
974 4054 1028 4108 δὲ
1068 4058 1166 4126 γῆς
1211 4056 1239 4107 ὁ
1279 4054 1589 4118 διδάσκαλος
1640 4055 1764 4109 οὔτε
1807 4055 2015 4121 ἔλυσεν,

450 4145 572 4198 οὔτε
605 4147 898 4216 ἐπήγαγεν.
945 4146 1090 4199 Ἐκεῖ
1116 4146 1170 4199 δὲ
1210 4147 1238 4199 6
1281 4147 1453 4215 μέγας
1482 4147 1784 4218 προφήτης,
1813 4146 2018 4217 πλήξας

451 4239 513 4307 τῇ
549 4237 769 4306 μάστιγι
807 4236 908 4306 τῆς
945 4235 1244 4308 ἀνομϐρίας
1276 4237 1374 4307 τὴν
1413 4236 1535 4307 γῆν,
1567 4238 1595 4289 6
1626 4237 1786 4300 αὐτὸς
1810 4237 1903 4290 καὶ
1937 4238 2019 4290 ἰα-

451 4329 576 4399 τρὸς
603 4328 696 4382 τοῦ
724 4329 1038 4400 τραύματος
1065 4328 1293 4397 γίνεται,
1330 4328 1626 4399 ἐφάμιλλον
1669 4332 1734 4400 τῇ
1767 4328 2019 4399 ἀλγηδόνι

451 4421 549 4490 τῆς
598 4420 855 4490 μάστιγος
902 4419 1000 4490 τήν
1033 4422 1097 4472 ἐκ
1127 4419 1225 4489 τῆς
1273 4418 1567 4490 θεραπείας
1608 4420 1788 4473 ἄνεσιν
1836 4421 2019 4484 αὐτοῖς

452 4511 824 4582 χαριζόμενος*
884 4512 944 4564 Ei
971 4511 1027 4564 δὲ
1072 4512 1173 4581 XM
1212 4528 1265 4563 τι
1295 4512 1388 4564 καὶ
1420 4511 1554 4582 πρὸς
1584 4510 1740 4564 τοῦτο
1768 4511 1859 4565 τοῦ
1896 4512 2017 4565 καθ’

452 4603 598 4671 ἡμᾶς
636 4600 815 4654 Ἠλίου
846 4599 1027 4671 θαῦμα
1052 4602 1226 4653 εἰπεῖν
1254 4616 1267 4629 ’
1299 4599 1421 4670 θεία
1448 4599 1694 4670 βουλήσει
1719 4601 1816 4670 τῆς
1844 4601 2021 4654 τοιαύ-

451 4711 550 4762 της
575 4692 703 4745 ποτὲ
735 4693 1015 4762 συμφορᾶς
1053 4690 1455 4760 ἀπειληοείσης,
1502 4690 1595 4744 καὶ
1626 4689 1789 4761 ξηροῦ
1822 4691 2020 4756 παντὸς

452 4782 544 4834 τοῦ
589 4781 864 4852 χειμερίου
898 4780 1086 4853 καιροῦ
1122 4780 1586 4852 παραδραμόντος,
1631 4783 1722 4834 καὶ
1751 4782 2019 4852 μηδεμιᾶς

2125 968 2248 1008 cum
2274 955 2363 1021 iis,
2393 971 2514 1024 quae
2542 956 2594 1010 in
2619 957 2878 1026 propheta
2908 963 3227 1017 cernuntur,
3251 955 3694 1011 communionem

2125 1056 2180 1100 et
2213 1046 2525 1101 societatem
2555 1048 2833 1102 habeant?
2860 1048 3025 1100 Antor
3052 1054 3103 1100 et
3128 1046 3369 1100 studium
3398 1046 3694 1102 vehemens

2124 1151 2250 1207 erga
2282 1137 2466 1202 ﬁdem,
2497 1137 2680 1193 odium
2712 1137 2975 1193 adversus
3013 1147 3372 1206 aspernantes
3405 1145 3457 1191 et
3505 1153 3695 1207 repro-

2125 1231 2338 1295 bantes,
2371 1230 2592 1287 dilectio
2618 1245 2745 1301 erga
2776 1229 2966 1293 Deum,
3001 1228 3241 1284 studium
3282 1237 3335 1283 ct
3360 1229 3692 1284 desiderium

2123 1323 2263 1393 ejus,
2296 1325 2388 1394 qui
2420 1339 2545 1379 vere
2565 1331 2728 1393 atque
2766 1320 2942 1391 reipsa
2975 1329 3078 1383 est,
3110 1320 3176 1374 ad
3206 1320 3407 1374 nullam
3438 1336 3549 1374 rem
3581 1335 3696 1373 ma-

2125 1414 2366 1469 terialem
2398 1414 2622 1468 eﬂluens
2656 1420 2817 1482 atque
2858 1411 3184 1477 deﬂectens;
3220 1411 3329 1464 vita
3375 1425 3471 1479 per
3510 1411 3692 1465 omnia

2123 1515 2314 1561 exacta
2344 1513 2508 1575 atque
2534 1504 2827 1575 exquisita,
2856 1504 3037 1559 victus
3071 1501 3279 1568 aridus,
3323 1503 3469 1558 acies
3502 1503 3694 1557 oculo-

2122 1612 2242 1652 rum
2280 1607 2334 1652 et
2388 1597 2609 1653 obtutus
2640 1596 2833 1651 animae
2882 1595 3054 1665 vigori
3110 1609 3229 1664 par,
3282 1594 3522 1664 gravitas
3585 1610 3692 1648 non

2121 1687 2391 1752 aﬂectata,
2425 1688 2698 1744 silentium
2746 1701 2998 1743 sermone
3025 1681 3315 1748 eﬂicacitis,
3350 1699 3481 1739 cura
3532 1694 3695 1755 atque

2119 1779 2502 1848 contemplatio
2535 1794 2715 1834 rerum
2745 1794 2932 1834 earum
2960 1793 3081 1850 qua
3105 1786 3417 1848 sperantur,
3452 1786 3695 1833 contem-

2118 1875 2244 1938 plus
2272 1883 2459 1923 earum
2508 1883 2629 1938 quae
2661 1868 2934 1931 videntur,
2993 1882 3116 1922 cum
3171 1867 3427 1938 quisquis
3479 1867 3695 1923 oblatus

2119 1966 2284 2025 esset,
2314 1957 2429 2014 sive
2467 1960 2521 2012 in
2556 1958 2840 2014 excellenti
2869 1958 3133 2028 dignitate
3168 1956 3305 2013 forte
3331 1959 3689 2020 constitutus,

2118 2052 2234 2108 sive
2257 2066 2323 2106 ex
2354 2051 2654 2107 humilibus
2677 2063 2731 2106 et
2759 2050 2987 2120 ahjectis
3016 2065 3137 2106 esse
3163 2061 3470 2121 appareret,
3503 2049 3689 2106 eadem

2118 2143 2430 2214 dignatione
2457 2145 2752 2214 exciperet,
2801 2153 2857 2198 et
2891 2143 2943 2197 in
2974 2142 3163 2198 eodem
3210 2143 3417 2197 honore
3445 2143 3687 2198 haberet.

2123 2233 2249 2289 Haec
2279 2244 2332 2288 et
2368 2234 2639 2305 ejusmodi
2669 2241 2818 2302 sunt,
2867 2234 2925 2289 in
2963 2234 3163 2304 quibus
3206 2233 3552 2303 praeceptoris
3583 2234 3690 2288 vita

2121 2327 2385 2383 miracula
2418 2327 2549 2383 Elia:
2588 2327 2851 2381 imitatur.
2890 2324 3044 2392 Quod
3076 2325 3120 2381 si
3151 2325 3276 2394 quis
3321 2324 3530 2394 profert
3558 2340 3693 2395 qua-

2120 2416 2371 2486 draginta
2396 2415 2604 2471 dierum
2632 2416 2892 2479 inediam,
2924 2422 2979 2470 et
3006 2431 3109 2470 nos
3140 2430 3236 2485 per
3270 2430 3487 2470 omnem
3523 2416 3688 2469 vitam

2121 2506 2368 2576 magistri
2421 2506 2475 2559 in
2522 2506 2645 2561 cibo
2676 2505 3068 2575 parcimoniam
3107 2513 3300 2559 contra
3358 2506 3412 2559 in
3453 2506 3688 2560 medium

2122 2596 2429 2651 aﬂ'eremus.
2467 2595 2656 2651 Vicina
2715 2597 2859 2651 enim
2915 2594 3317 2665 quodammodo
3360 2605 3445 2651 est
3499 2598 3691 2652 inedia:

2121 2687 2227 2741 cibi
2279 2688 2548 2757 exiguitas
2592 2697 2647 2742 et
2693 2688 3032 2758 parcimonia
3064 2687 3264 2752 victus,
3331 2702 3394 2742 ac
3432 2688 3688 2752 maxime,

2121 2794 2243 2834 cum
2277 2779 2407 2834 illud
2437 2780 2654 2851 quidem
2695 2781 2889 2850 exiguo
2932 2789 3172 2851 tempore
3206 2780 3408 2835 factum
3440 2783 3531 2847 sit,
3587 2782 3692 2836 hoc

2118 2886 2249 2926 vero
2287 2887 2384 2941 per
2429 2887 2643 2928 omnem
2689 2872 2855 2927 vitam
2886 2872 3186 2928 duraverit.
3213 2872 3480 2928 Praeterea
3528 2874 3689 2927 etiam

2119 2963 2233 3017 illic
2284 2964 2501 3033 quidem
2553 2962 2892 3018 hordeaceus
2925 2963 3016 3018 ille
3074 2964 3479 3020 subcinericius
3534 2964 3691 3035 panis

2120 3054 2397 3125 pmphetae
2428 3054 2666 3125 vigorem
2720 3062 2774 3109 et
2799 3054 2943 3110 vires
2993 3055 3374 3120 conservabat,
3424 3071 3491 3111 eo
3544 3057 3691 3126 quod

2120 3161 2347 3216 prorsus
2376 3145 2580 3215 aliquid
2614 3144 2881 3214 ejusmodi
2913 3146 2967 3201 in
2999 3161 3120 3203 sese
3153 3146 3396 3210 haberet,
3430 3162 3538 3218 quo
3570 3149 3692 3217 qui-

2120 3230 2336 3307 cunque
2366 3238 2547 3292 cibum
2580 3237 2726 3292 hunc
2760 3238 3103 3308 sumpsisset,
3132 3238 3278 3294 vires
3310 3236 3430 3308 ejus
3464 3253 3689 3294 conser-

2119 3336 2395 3384 varentur.
2432 3329 2600 3397 Cujus
2649 3329 2724 3384 rei
2775 3336 3153 3402 argumentum
3205 3337 3314 3393 est,
3375 3332 3517 3401 quod
3579 3346 3690 3386 non

2120 3421 2460 3489 popularium
2505 3421 2703 3488 aliquis
2748 3420 2795 3475 ei
2836 3437 3029 3490 panem
3081 3421 3389 3476 confectum
3437 3438 3535 3493 pro
3568 3424 3690 3479 cibo

2119 3516 2464 3576 apposuerat,
2495 3508 2586 3562 scd
2618 3509 2688 3562 ab
2719 3509 2924 3577 angelis
2954 3519 3146 3578 parato
3178 3511 3304 3565 cibo
3330 3512 3559 3568 satiatus
3582 3523 3687 3571 est.

2119 3599 2276 3654 Unde
2310 3599 2471 3653 etiam
2516 3599 2686 3667 plenm
2715 3605 2877 3667 atque
2906 3599 3126 3669 integra:
3148 3601 3457 3667 manebant,
3502 3611 3555 3657 et
3581 3621 3688 3659 non

2117 3688 2406 3743 eﬂluebant
2444 3696 2606 3758 atque
2649 3689 3000 3758 exspirabant
3026 3705 3123 3754 eae,
3156 3706 3277 3761 quae
3300 3707 3394 3761 per
3425 3693 3577 3747 illum
3607 3695 3688 3749 ci-

2116 3781 2244 3835 bum
2282 3785 2497 3849 corpori
2549 3780 2694 3835 vires
2745 3781 3211 3852 ingenerarcntur.
3257 3782 3357 3847 Hic
3385 3800 3514 3839 vero
3563 3800 3686 3841 cum

2116 3868 2251 3939 nihil
2279 3868 2346 3924 de
2371 3871 2648 3925 consuetis
2681 3871 3036 3926 innovaretur
3063 3874 3127 3928 'et
3152 3873 3555 3937 immutaretur,
3595 3891 3681 3931 ra-

2117 3961 2195 4014 tio
2234 3960 2412 4015 cibum
2455 3962 2854 4028 moderabatur,
2908 3971 3117 4019 tantum
3152 3966 3368 4035 corpori
3417 3967 3685 4037 praebens,

2115 4066 2226 4106 non
2259 4060 2523 4121 quantum
2577 4063 2772 4109 natura
2805 4055 2982 4123 vellet,
3030 4056 3126 4112 sed
3172 4065 3438 4128 quantum
3482 4053 3688 4132 tempe-

2120 4145 2310 4198 rantiae
2340 4145 2423 4199 lex
2450 4145 2686 4214 juberet.
2720 4144 2891 4200 Porro
2939 4148 3304 4204 sacerdotium
3339 4154 3689 4223 praeceptoris

2118 4236 2394 4307 prophetae
2443 4236 2730 4292 sacerdotii
2782 4239 3067 4308 mnigmata
3109 4243 3374 4309 imitatur,
3432 4260 3529 4314 per
3582 4245 3688 4300 hoc

2118 4328 2261 4397 quod
2291 4336 2402 4383 tres
2431 4343 2691 4398 personas
2715 4330 2769 4382 in
2796 4330 3006 4385 ratione
3032 4330 3153 4386 ﬁdei
3186 4333 3372 4396 tradit,
3407 4333 3686 4389 caelestem

2120 4419 2296 4490 ignem
2333 4419 2399 4474 ad
2454 4421 2721 4476 sacriﬁcia
2774 4422 3017 4481 eiiciens.
3052 4421 3230 4493 ignem
3282 4430 3461 4478 autem
3511 4425 3684 4480 sancti

2120 4510 2356 4581 Spiritus
2387 4511 2640 4566 virtutem
2674 4512 2855 4566 vocari
2900 4513 2956 4566 in
3001 4513 3187 4567 multis
3216 4512 3512 4581 Scriptum
3551 4514 3687 4570 locis

2118 4604 2434 4659 didicimus.
2471 4602 2761 4659 Uredinem
2807 4619 2938 4658 vero
2970 4611 3132 4673 atque
3178 4602 3478 4658 siceitatem
3531 4614 3689 4660 terra:

2118 4696 2376 4764 magister
2404 4709 2581 4763 neque
2609 4693 2852 4755 'sustulit,
2886 4707 3060 4762 neque
3096 4691 3330 4746 induxit.
3355 4692 3469 4747 Illic
3506 4703 3686 4749 autem

2119 4801 2347 4854 magnus
2404 4786 2665 4855 propheta
2718 4799 2840 4840 eum
2893 4784 3147 4838 imbrium
3195 4784 3437 4854 penuriae
3478 4784 3689 4855 ﬂagello

454 4873 680 4944 καρπῶν
706 4873 1141 4957 ὑποφαινομένης
1169 4872 1377 4936 ἐλπίδος
1402 4889 1417 4905 ο
1451 4871 1570 4925 τότε
1601 4873 1920 4942 προσπεσὼν
1940 4872 2018 4944 τῷ

2123 4885 2323 4932 terram
2353 4877 2717 4939 verberasset,
2767 4877 2885 4945 ipse
2916 4891 3133 4947 quoque
3162 4876 3405 4932 medicus
3448 4878 3690 4935 vulneris

454 4961 570 5031 Θεῷ
600 4964 628 5015 ὁ
670 4960 1024 5025 διδάσκαλος,
1079 4961 1238 5032 μέχρι
1285 4962 1385 5032 τῆς
1432 4961 1664 5032 ἀπειλῆς
1708 4962 1800 5017 τὸν
1857 4960 2017 5031 φόϐον

456 5054 697 5124 ἔστησεν,
734 5053 907 5115 λιταῖς
944 5051 1004 5104 τὸ
1025 5052 1174 5105 Θεῖον
1206 5053 1586 5123 ίλεωσάμενος,
1614 5054 1711 5107 καὶ
1738 5054 1903 5118 λύσας
1931 5054 2018 5108 διὰ

455 5143 769 5214 προσευχῶν
800 5142 896 5213 τὴν
928 5142 1028 5211 τῆς
1057 5143 1355 5214 ἀνομϐρίας
1383 5146 1701 5216 κατήφειαν.
1738 5145 1898 5198 Ἀλλὰ
1926 5146 2019 5200 καὶ

454 5237 552 5305 τῆς
600 5237 692 5288 τοῦ
735 5233 894 5305 λιμοῦ
945 5233 1315 5304 παραμυθίας,
1349 5236 1417 5306 ἢν
1450 5238 1540 5290 ἐπὶ
1568 5238 1695 5308 μιᾶς
1724 5238 2020 5303 ἐνεδείξατο

455 5331 624 5397 χήρας
654 5329 681 5379 ὁ
719 5327 888 5397 μέγας
933 5324 1146 5388 Ἠλίας,
1168 5325 1277 5394 ἔχει
1312 5344 1361 5381 τι
1402 5329 1497 5381 καὶ
1528 5330 1556 5381 6
1581 5328 1703 5382 καθ’
1728 5330 1878 5400 ἡμᾶς
1911 5328 2020 5398 βίος

455 5418 546 5468 ἐπὶ
576 5415 667 5469 τοῦ
697 5414 1012 5469 διδασκάλου
1041 5414 1312 5486 ὁμοίωμα.
1346 5417 1521 5489 Λιμοῦ
1556 5418 1664 5489 γάρ
1697 5435 1826 5471 ποτε
1867 5418 2025 5489 χαλε-

456 5505 558 5559 ποῦ
600 5505 1023 5568 καταπονοῦντος
1059 5505 1230 5576 αὐτήν
1256 5523 1314 5558 τε
1346 5508 1445 5578 τὴν
1476 5508 1627 5563 πόλιν
1656 5510 1714 5561 ἐν
1811 5508 2026 5562 διαιτώ-

460 5613 617 5665 μενος
653 5596 974 5664 ἐτύγχανεν,
1025 5598 1119 5650 καὶ
1166 5599 1345 5651 πᾶσαν
1391 5600 1488 5668 τὴν
1541 5600 1903 5654 ὑποτελοῦσαν
1956 5603 2023 5670 τῇ

458 5687 610 5739 πόλει
660 5684 859 5756 χώραν,
903 5688 999 5749 τὰς
1040 5688 1230 5742 ἑαυτοῦ
1280 5689 1498 5760 κτήσεις
1540 5690 1888 5761 ἀποδόμενος,
1935 5690 2026 5743 καὶ

2119 4971 2355 5032 exsistit,
2394 4970 2661 5024 cruciatui
2711 4970 2901 5041 ﬂagelli
2942 4986 3043 5040 par
3087 4977 3141 5025 et
3185 4970 3540 5041 aaquipollens
3584 4971 3691 5026 lar-

2121 5061 2272 5129 giens
2300 5058 2380 5113 eis
2418 5058 2722 5113 curationis
2770 5061 3015 5115 levamen
3067 5067 3230 5129 atque
3270 5060 3686 5129 mitigationem.

2122 5148 2276 5215 Quod
2329 5149 2376 5204 si
2427 5150 2587 5204 etiam
2635 5149 2900 5206 adversus
2933 5151 3036 5206 hoc
3091 5152 3264 5207 nostri
3297 5151 3426 5207 Elite
3472 5152 3690 5222 aliquod

2123 5238 2447 5292 miraculum
2474 5237 2718 5308 proferre
2764 5247 2998 5309 oportet,
3045 5256 3167 5295 cum
3207 5242 3389 5296 divina
3414 5242 3693 5299 voluntate

2122 5330 2389 5400 ejusmodi
2415 5331 2699 5387 calamitas
2728 5332 3022 5401 aliquando
3047 5334 3168 5387 mali
3204 5334 3365 5389 minis
3389 5335 3692 5404 signiﬁcata

2121 5421 2431 5477 immineret
2483 5422 2718 5493 (quippe
2765 5430 2938 5477 totum
2990 5432 3206 5495 tempus
3257 5425 3542 5480 hibernum
3596 5444 3695 5497 per

2120 5510 2418 5565 siccitatem
2451 5513 2813 5582 praeterierat)
2846 5521 2900 5565 et
2947 5513 3096 5566 nulla
3132 5529 3258 5583 spes
3287 5514 3500 5585 frugum
3527 5533 3694 5587 appa-

2122 5609 2285 5665 reret,
2319 5609 2448 5657 tunc
2495 5604 2755 5674 magister
2806 5603 2912 5655 Deo
2959 5606 3274 5674 Supplicans
3321 5607 3461 5660 ultra
3520 5609 3695 5662 minas

2123 5701 2382 5750 terrorem
2437 5695 2684 5766 progredi
2741 5709 2939 5766 passus
2971 5712 3080 5750 non
3127 5707 3230 5759 est,
3282 5712 3404 5752 cum
3445 5700 3695 5768 precibus
