4050 6164
418 279 520 333 807
1716 283 1775 337 S.
1817 283 2141 338 CREGURII
2175 285 2470 340 NYSSENI
3554 284 3668 351 .808

417 396 662 452 divinum
696 410 893 449 numen
932 397 1220 465 placasset,
1273 402 1325 449 et
1356 409 1452 463 per
1479 396 1756 451 orationes
1790 413 1993 452 moero-

2095 402 2173 464 εἰς
2200 402 2402 471 τροφὰς
2445 399 2733 470 διαμείψας
2761 401 2830 453 τὰ
2862 403 3136 472 χρήματα,
3186 402 3272 453 ὅτε
3320 398 3542 451 σπάνιον
3576 394 3668 469 ἧν-

416 502 554 547 rem,
610 486 702 554 qui
763 497 982 554 pr0pter
1038 484 1293 537 imbrium
1354 488 1633 553 penuriam
1683 488 1993 559 (homines)

2094 487 2187 539 καί
2220 488 2347 550 τοὺς
2392 488 2594 556 σφόδρα
2638 491 3183 558 παρεσκευασμένους
3223 488 3500 559 τράπεζαν
3538 486 3663 539 ἑαυ-

419 578 716 639 invaserat,
771 575 1101 628 sustulisset.
1154 575 1463 640 Quinetiam
1515 579 1905 635 consolationis
1942 588 1995 633 et

2092 580 2201 638 τοῖς
2234 578 2707 646 παραστήσασθαι,
2743 579 3025 649 διήρκεσεν
3060 582 3265 640 ἐκεῖνος
3306 580 3363 629 ἐν
3397 578 3560 630 παντὶ
3590 575 3669 646 τῷ

420 666 701 718 levaminis
736 667 787 717 in
822 664 981 727 fame,
1011 665 1153 734 quod
1189 668 1241 719 in
1274 682 1379 718 una
1406 668 1570 721 vidua
1600 684 1825 737 magnus
1856 686 1994 737 pra:-

2092 665 2265 734 χρόνῳ
2289 665 2381 716 τοῦ
2430 665 2587 734 λιμοῦ
2620 667 2853 734 τρέςων,
2903 667 3026 729 τούς
3053 684 3110 717 τε
3158 666 3490 735 πανταχόθεν
3531 668 3663 738 συρ-

418 754 553 805 stitit
585 752 752 815 Elias,
802 753 965 806 habet
999 756 1163 807 etiam
1199 764 1387 808 nostra
1411 764 1543 809 mtas
1573 759 1807 827 aliquam
1840 760 1993 813 simi-

2094 756 2334 824 ῥέοντας,
2372 757 2466 807 καὶ
2498 755 2594 826 τὴν
2632 756 2846 809 νεολέαν
2887 756 3082 818 παντὸς
3115 756 3206 807 τοῦ
3240 756 3411 825 δήμου
3441 755 3540 825 τῆς
3565 754 3660 808 πό-

419 843 699 895 litudinem
746 843 799 895 in
843 844 1124 910 magistro.
1158 842 1290 896 Nam
1322 861 1443 897 eum
1482 846 1651 899 fames
1694 848 1990 916 aliquando

2094 847 2248 910 λεως,
2295 848 2369 909 ὡς
2398 847 2491 899 καὶ
2522 850 2634 909 τοῖς
2661 846 2770 899 τῶν
2810 847 3075 899 Ἰουδαίων
3109 848 3294 898 παισὶν
3340 848 3401 898 ἐκ
3427 845 3518 898 τοῦ
3548 846 3665 898 [σου

418 934 601 999 gravis
623 942 677 987 et
707 949 847 988 szeva
885 942 992 985 tam
1026 934 1195 1003 ipsam
1225 936 1436 997 urbem,
1474 936 1526 990 in
1558 952 1661 1006 qua
1690 939 1986 1001 habitabat,

2096 938 2406 1008 προτιθέναι
2433 939 2529 1008 τῆς
2564 939 2967 1008 φιλανθρωπίας
2996 938 3198 1007 ταύτης
3226 938 3322 1009 τὴν
3357 939 3661 1009 μετουσίαν.

418 1039 579 1089 quam
613 1039 829 1077 onmem
866 1024 1065 1093 ubique
1097 1026 1367 1079 subditam
1402 1028 1671 1096 regionem
1710 1028 1985 1099 afﬂigeret,

2094 1028 2346 1097 Διαφέρει
2369 1029 2423 1079 δὲ
2456 1030 2668 1089 πάντως
2690 1028 2860 1088 οὐδὲν,
2889 1027 2921 1095 ἢ
2950 1027 3037 1078 διὰ
3070 1026 3359 1096 καμψᾶκου
3389 1026 3486 1096 τὴν
3514 1025 3668 1079 θείαν

418 1116 651 1172 venditis
689 1119 803 1172 suis
834 1117 1050 1184 prmdiis
1086 1126 1138 1171 et
1188 1121 1651 1186 possessionibus,
1703 1131 1864 1190 atque
1895 1138 1989 1191 pe-

2094 1118 2332 1189 ὲντολὴν,
2366 1117 2398 1187 ἢ
2427 1118 2513 1171 διά
2539 1135 2681 1181 τινος
2708 1117 2871 1187 ἄλλης
2900 1117 3153 1187 ἀφορμῆς
3180 1117 3551 1187 ἐκπληρῶσαι.
3598 1119 3665 1171 Ἢ

417 1208 595 1259 cuniis
650 1208 707 1260 in
748 1207 1004 1259 alimenta
1058 1208 1361 1272 conversis,
1413 1225 1536 1264 cum
1594 1211 1759 1265 etiam
1798 1226 1989 1264 rarum

2094 1208 2202 1279 γὰρ
2226 1208 2544 1279 παραμυθία
2566 1208 2671 1260 τῶν
2694 1208 2958 1277 δεομένων
2983 1209 3043 1260 οὐ
3072 1205 3223 1279 ζητεῖ
3245 1207 3305 1261 τὸ
3326 1206 3507 1267 πόθεν,
3530 1207 3619 1261 ἀλ)
3634 1210 3668 1263 ἀ

422 1306 587 1361 esset,
619 1307 677 1351 ut
699 1299 798 1364 illi,
829 1299 920 1367 qui
950 1299 1104 1353 valde
1128 1300 1229 1353 sibi
1264 1301 1627 1369 providissent
1649 1310 1703 1355 et
1737 1302 1990 1356 instructi

1264 1301 1627 1369 providissent
1649 1310 1703 1355 et
1737 1302 1990 1356 instructi
2098 1301 2232 1372 πρὸς
2256 1300 2316 1351 τὸ
2345 1300 2623 1371 γινόμενον
2651 1300 2852 1369 βλέπει.

417 1401 625 1457 essent,
655 1409 718 1448 ea
740 1409 860 1462 quae
891 1392 958 1445 ad
990 1408 1233 1448 mensam
1262 1395 1544 1448 etvictum
1600 1397 1892 1465 pertinent,
1939 1395 2043 1449 sibi
2106 1394 2375 1449 conﬁcere
2427 1404 2480 1449 et
2520 1396 2866 1463 suppeditare
2919 1402 3163 1463 possent,
3219 1396 3306 1451 ille
3357 1411 3453 1467 per
3505 1409 3667 1449 omne

417 1496 635 1555 tempus
684 1485 867 1550 famis,
921 1501 1045 1539 cum
1082 1500 1175 1540 eos
1212 1487 1305 1554 qui
1360 1488 1600 1558 undique
1630 1489 1987 1553 conﬂuerent,
2028 1496 2142 1541 tum
2188 1488 2530 1557 juventutem
2565 1488 2730 1542 totius
2791 1489 3013 1543 urbana:
3051 1490 3224 1560 plebis
3270 1492 3416 1544 alere
3479 1504 3667 1558 perse-

417 1582 649 1644 veravit,
730 1580 867 1634 adeo
922 1588 982 1633 ut
1039 1583 1202 1635 etiam
1253 1580 1565 1635 Judaeorum
1618 1583 1821 1638 liberos
1873 1583 2037 1651 bujus
2070 1582 2421 1652 benignitatis
2475 1589 2528 1637 et
2561 1580 2903 1637 liberalitatis
2942 1598 3010 1637 ex
3048 1598 3203 1652 aequo
3235 1582 3525 1651 participes
3586 1581 3669 1635 l'a-

418 1682 587 1730 ceret.
612 1672 756 1727 Nihil
789 1681 968 1728 autem
1001 1689 1230 1744 prorsus
1255 1675 1502 1740 interest,
1546 1681 1729 1727 utrum
1769 1688 1865 1743 per
1894 1688 1990 1726 vas
2027 1673 2291 1727 olearium
2318 1675 2464 1744 quis,
2520 1689 2587 1727 an
2630 1688 2727 1743 per
2772 1672 3010 1743 aliquam
3046 1675 3207 1727 aliam
3271 1676 3551 1728 materiam
3610 1685 3662 1728 et

417 1769 761 1825 occasionem
806 1768 1047 1822 divinum
1080 1768 1394 1823 mandatum
1434 1776 1785 1840 exsequatur.
1812 1767 2126 1823 Consolatio
2190 1769 2334 1823 enim
2378 1769 2751 1839 indigentium
2784 1783 2894 1823 non
2958 1768 3151 1838 quaerit
3207 1768 3351 1823 unde
3391 1767 3666 1839 (sumas),

419 1848 517 1917 sed
547 1863 615 1916 ad
650 1862 724 1927 id,
759 1861 902 1931 quod
938 1861 1013 1925 ﬁt,
1048 1869 1279 1931 spectat.

490 1953 644 2019 Quod
674 1953 719 2007 si
760 1952 1009 2008 sublimis
1039 1959 1232 2021 raptus
1270 1962 1354 2008 est
1384 1952 1553 2016 Elias,
1582 1952 1831 2007 mirabile
1868 1952 1990 2022 qui-
2021 1959 2061 2012 Β

2160 1950 2222 2001 Εἰ
2253 1949 2308 2000 δὲ
2333 1948 2618 2018 ἀνωφερὴς
2656 1950 2684 2000 6
2727 1936 2905 2020 Ἠλίας
2950 1949 3185 2014 ἐγένετο,
3221 1945 3530 2016 θαυμαστὸν
3566 1947 3661 2016 μὲν

418 2037 538 2092 dem
572 2045 655 2091 est
682 2035 843 2090 etiam
876 2035 979 2089 hoc
1007 2044 1060 2091 ct
1090 2036 1267 2105 majus
1302 2038 1649 2100 miraculum,
1678 2052 1839 2107 quam
1864 2037 1986 2105 quis

2095 2040 2184 2092 καί
2212 2039 2387 2106 τοῦτο,
2417 2041 2511 2093 καὶ
2537 2040 2674 2109 ὑπὲρ
2703 2040 2857 2108 λόγον
2890 2043 2951 2092 τὸ
2991 2038 3194 2107 θαῦμα.
3227 2037 3372 2108 Πλὴν
3401 2039 3501 2090 οὐκ
3527 2036 3666 2091 ἀπό-

420 2129 502 2183 vel
540 2128 786 2181 oratione
824 2128 1116 2197 explicare,
1164 2129 1249 2182 vel
1280 2130 1490 2183 ratione
1541 2130 1757 2199 assequi
1791 2128 1982 2198 possit.

2095 2130 2288 2200 ϐλητον
2334 2131 2426 2183 καὶ
2458 2130 2519 2182 τὸ
2551 2131 2734 2200 ἕτερον
2781 2128 2917 2194 εἶδος
2946 2131 3046 2200 τῆς
3076 2129 3167 2182 ἐπὶ
3197 2128 3257 2180 τὸ
3302 2127 3412 2181 ἀνω
3453 2131 3623 2199 φορᾶς
3647 2170 3662 2194 ,

418 2218 799 2273 Verumtamen
826 2234 926 2271 nec
953 2220 1122 2272 altera
1150 2219 1430 2289 (quidem)
1461 2221 1670 2289 species
1699 2220 1763 2273 ad
1789 2233 1988 2288 supera

2093 2223 2219 2276 ὅταν
2260 2239 2343 2283 τις
2390 2222 2477 2274 διὰ
2520 2225 2618 2293 τῆς
2662 2222 2867 2290 ὑψηλῆς
2898 2221 3166 2284 πολιτείας
3202 2221 3307 2273 ἀπὸ
3336 2221 3441 2290 γῆς
3470 2221 3549 2281 εἰς
3576 2222 3662 2273 0'3-

417 2324 613 2363 cursus
666 2310 998 2378 repudianda
1057 2317 1218 2379 atque
1264 2312 1656 2365 contemnenda
1688 2322 1810 2365 est:
1861 2325 1983 2363 cum

2097 2313 2251 2383 ρανὸν
2278 2314 2631 2382 ἀνοικίζηται,
2662 2312 2746 2364 διὰ
2776 2312 2868 2364 τοῦ
2899 2312 3211 2381 Πνεύματος
3237 2312 3390 2382 ἅρμα
3414 2312 3511 2375 τὰς
3535 2314 3665 2381 ἁρε-

416 2402 540 2471 quis
576 2416 671 2470 per
718 2401 969 2469 spiritum
1006 2402 1299 2456 virtutibus
1349 2419 1446 2471 pro
1481 2419 1647 2456 curru
1679 2421 1832 2463 usus,
1890 2420 1987 2473 pcr

2094 2404 2192 2465 τὰς
2240 2404 2618 2472 ποιησάμενος.
2657 2403 2831 2472 Ὅπερ
2862 2401 2924 2472 δὴ
2970 2401 3358 2470 κατωρθῶσθαι
3400 2401 3478 2472 τῷ
3521 2403 3666 2455 διδα-

417 2491 646 2546 sublime
671 2492 793 2545 vitae
824 2492 1132 2545 institutum
1162 2508 1191 2545 e
1216 2501 1357 2547 terra
1387 2493 1667 2564 (sursum)
1705 2496 1760 2555 in
1788 2497 1985 2549 cmlum

2097 2495 2278 2563 σκὲλῳ
2311 2496 2417 2555 πᾶς
2448 2496 2476 2545 6
2523 2495 2877 2563 εὐγνωμόνως
2916 2494 2987 2547 τὰ
3034 2496 3150 2547 κατ’
3198 2494 3358 2545 αὐτὸν
3396 2493 3663 2558 ἐξετάζων

420 2582 633 2651 migrat.
670 2580 825 2646 Quod
877 2583 1064 2652 utique
1115 2585 1437 2652 magistrum
1486 2598 1798 2643 assecutum
1842 2603 1984 2650 esse,

2097 2587 2431 2656 σταθήσεται.
2456 2582 2601 2655 *Λρα
2623 2587 2724 2655 χρὴ
2750 2587 2841 2639 καὶ
2867 2587 2958 2638 τοῦ
2985 2588 3234 2657 Σαμουὴλ
3258 2586 3661 2657 κατατολμήσαι

417 2674 729 2744 quicunque
786 2690 969 2729 rerum
1031 2675 1098 2729 ab
1149 2692 1214 2731 eo
1258 2687 1532 2746 geslarum
1584 2676 1773 2750 :equus
1826 2680 1989 2734 fuerit

2093 2674 2170 2742 τῷ
2214 2674 2388 2744 λόγῳ;
2433 2676 2570 2727 Ἀλλ’
2602 2678 2656 2727 ὲν
2688 2680 2799 2738 τοῖς
2845 2676 3023 2739 ἄλλοις
3069 2679 3201 2729 πᾶσι
3246 2678 3350 2729 τῶν
3382 2677 3663 2746 πρωτείων

417 2767 736 2831 azstimator,
776 2782 884 2819 non
914 2768 1150 2835 negabit.
1184 2769 1266 2821 An
1294 2771 1453 2823 etiam
1480 2771 1740 2827 adversus
1767 2773 1989 2827 Samue-

2093 2765 2169 2835 τῷ
2217 2769 2467 2840 προῳήτῃ
2516 2770 3040 2837 παραχωρήσαντες,
3088 2771 3222 2839 πρὸς
3261 2769 3350 2822 δύο
3397 2770 3515 2821 τινὰ
3556 2769 3662 2822 τῶν

420 2857 522 2909 lem
555 2856 799 2908 oratione
838 2856 1146 2911 audendum
1175 2860 1301 2913 est?
1333 2858 1475 2915 Sane
1506 2862 1561 2915 in
1592 2862 1713 2916 aliis
1736 2865 1987 2918 omnibus

2094 2858 2219 2927 περὶ
2259 2858 2418 2910 αὑτοῦ
2465 2858 2793 2927 λεγομένων,
2846 2862 2936 2912 καὶ
2967 2860 3034 2912 τὰ
3070 2861 3195 2931 περί
3235 2860 3325 2912 τὸν
3348 2861 3662 2915 διδάσκαλον

421 2944 625 3011 primas
671 2945 945 3013 prephetae
978 2954 1159 3013 partes
1189 2950 1567 3016 concedentes,
1616 2966 1741 3005 cum
1775 2953 1987 3008 duobus

2091 2950 2247 3021 ἡμῶν
2274 2951 2486 3011 οἰκείως
2515 2950 2703 3019 ἔχοντα
2734 2950 3000 3020 δείξομενο
3028 2952 3314 3013 Θεόσδοτος
3343 2952 3664 3022 ἀμφοτέρων

419 3034 767 3103 quibusdam,
819 3050 940 3103 qua:
984 3037 1050 3088 de
1103 3037 1193 3089 illo
1222 3038 1499 3102 dicuntur,
1538 3042 1699 3094 etiam
1751 3058 1813 3096 ea
1868 3058 1988 3112 quae

2092 3045 2125 3113 ἡ
2168 3044 2417 3112 γέννησις
2449 3038 2529 3111 ἦν.
2593 3042 2678 3103 Ὠς
2707 3043 2812 3113 γὰρ
2844 3046 3046 3096 ἐκεῖνον
3074 3046 3106 3114 ἡ
3146 3046 3353 3116 μήτηρ,
3394 3045 3535 3099 οὕτω
3568 3048 3661 3100 καὶ

422 3122 566 3178 circa
591 3126 909 3193 magistrum
951 3132 1200 3181 nostrum
1252 3138 1428 3193 erant,
1474 3132 1765 3186 convenire
1794 3142 1985 3187 osten-

2092 3134 2278 3187 τοῦτον
2308 3133 2366 3197 ea
2412 3134 2676 3202 αἰτήσεως
2710 3133 2856 3195 θείας
2890 3136 2918 3185 6
2958 3134 3138 3204 πατὴρ
3167 3134 3517 3191 ἐτεκνώσατο.
3550 3138 3661 3191 Καὶ

418 3215 630 3270 demus.
668 3215 939 3271 Divinilus
986 3218 1113 3272 data
1175 3227 1340 3290 atque
1388 3236 1650 3277 concessa
1702 3206 1987 3293 utriusque

2092 3223 2369 3296 ἀρρωστία
2425 3224 2554 3276 ποτὲ
2609 3224 2956 3292 συσχεθέντος
3010 3225 3338 3297 ἐπιθανατίῳ
3382 3226 3461 3280 ἔτι
3494 3228 3552 3280 ὲν
3584 3228 3660 3294 τῷ

421 3309 676 3362 uativitas
718 3318 855 3363 erat.
915 3310 987 3365 Ut
1039 3311 1185 3366 enim
1248 3313 1401 3367 illum
1445 3322 1637 3377 mater,
1697 3316 1770 3367 ita
1822 3318 2020 3371 etiam‘

2090 3318 2193 3386 νέῳ
2234 3318 2331 3385 τῆς
2370 3314 2581 3385 ἡλικίας
2606 3355 2620 3377 ,
2668 3312 2804 3367 εἶδεν
2845 3318 2873 3368 6
2925 3316 3107 3386 πατὴρ
3152 3318 3475 3385 ἐπιφανέντα
3510 3319 3660 3390 αὐτῷ

421 3400 565 3453 hunc
604 3408 755 3469 pater
795 3416 825 3454 a
857 3400 967 3457 Deo
992 3404 1227 3472 petitum
1284 3407 1607 3474 procreavit.
1642 3393 1887 3475 Cumque
1915 3409 1988 3463 le-

2091 3407 2229 3460 κατὰ
2259 3408 2355 3476 τὴν
2386 3407 2633 3459 ἐνύπνιον
2658 3406 2776 3475 ὄψιν
2807 3406 2897 3458 τὸν
2926 3407 3145 3478 Κύριον,
3175 3408 3264 3460 τὸν
3296 3409 3352 3460 ὲν
3379 3409 3455 3479 τῷ
3484 3411 3661 3473 Εὐαγ-

420 3491 513 3545 tali
550 3493 741 3547 morbo
770 3495 1045 3562 quondam
1074 3506 1362 3568 correptus
1384 3506 1531 3552 esset
1561 3499 1723 3551 etiam
1756 3515 1898 3553 nunc
1934 3502 1986 3553 in

2089 3496 2250 3567 γελίῳ
2280 3498 2369 3549 τὸν
2408 3498 2570 3550 παῖδα
2595 3496 2669 3568 τῷ
2701 3497 2961 3567 βασιλικῷ
3010 3499 3393 3569 χαρισάμενον,
3433 3503 3662 3555 κάκεῖνα

417 3590 575 3637 aetate
605 3583 855 3652 juvenili,
890 3602 987 3655 per
1024 3588 1289 3644 visionem
1339 3590 1391 3643 in
1423 3590 1633 3644 somnis
1669 3599 1818 3659 pater
1852 3591 1989 3645 vidit

2087 3588 2305 3641 εἰπόντα
2331 3589 2463 3658 πρὸς
2484 3588 2689 3649 τοῦτον,
2715 3588 2750 3640 ἃ
2786 3589 2918 3659 πρὸς
2955 3590 3159 3643 ἐκεῖνον
3205 3588 3355 3643 εἶπεν
3379 3592 3407 3643 6
3433 3592 3655 3663 Κύριος,

421 3672 729 3741 Dominum,
760 3676 852 3745 qui
883 3677 938 3730 in
970 3677 1265 3749 Evangelio
1292 3680 1479 3749 regulo
1512 3681 1587 3733 illi
1616 3680 1782 3732 ﬁlium
1812 3683 1986 3735 dona-

2087 3681 2167 3732 ὅτι
2195 3680 2476 3747 Πορεύου,
2506 3683 2539 3733 ό
2570 3682 2697 3745 υἱός
2726 3695 2841 3733 σου
2870 3678 2954 3747 ζῇ.
3006 3674 3081 3733 Ub
3110 3681 3207 3753 τὴν
3232 3684 3414 3735 πίστιν
3440 3686 3534 3736 καὶ
3561 3685 3659 3737 a6-

418 3766 516 3829 vit,
540 3768 639 3821 sibi
662 3783 946 3837 apparere,
974 3777 1029 3824 et
1052 3771 1141 3823 illa
1167 3772 1349 3825 dicere
1371 3772 1436 3823 ad
1471 3788 1549 3837 se,
1589 3789 1707 3841 quae
1740 3775 1803 3825 ad
1833 3774 1984 3827 illum

2087 3771 2176 3833 τὸς
2229 3774 2632 3841 μιμησάμενος,
2682 3772 2773 3823 τὸν
2818 3771 2977 3825 αὑτὸν
3007 3774 3099 3825 ἐπὶ
3136 3777 3200 3844 τῇ
3242 3776 3420 3827 πίστει
3449 3777 3657 3846 καρπὸν

422 3854 681 3911 Dominus
702 3859 932 3923 dixerat,
956 3875 1171 3927 nempe,
1202 3860 1363 3926 Vade,
1386 3862 1528 3928 filius
1558 3872 1676 3914 tuus
1703 3864 1820 3915 vivit
1848 3864 1985 3919 ιιοη,

2086 3862 2395 3932 ἐκομίσατο,
2433 3864 2529 3933 τὴν
2560 3862 2651 3915 τοῦ
2689 3862 2804 3914 υἰοῦ
2834 3864 3101 3935 σωτηρίαν
3128 3867 3192 3919 ὲκ
3222 3866 3324 3936 τῆς
3356 3867 3657 3939 φιλανθρω-

419 3949 585 4016 (Iujus
624 3950 781 4003 ﬁdem
823 3958 877 4003 et
926 3951 1041 4018 ipse
1086 3950 1330 4006 imitatus
1356 3991 1370 4015 ,
1419 3952 1666 4007 eumdem
1703 3970 1860 4023 quem
1896 3956 1987 4011 ille

1319 3968 1370 4015 ι,
1419 3952 1666 4007 eumdem
1703 3970 1860 4023 quem
1896 3956 1987 4011 ille
2090 3954 2221 4016 πίας
2250 3953 2341 4007 τοῦ
2371 3954 2574 4024 Κυρίου
2610 3954 2918 4025 δεξάμενος.

421 4038 541 4091 ﬁdei
575 4038 813 4091 fructum
862 4041 1125 4109 percepit,
1174 4041 1506 4112 benignitate
1551 4042 1762 4097 Domini
1811 4045 1988 4100 salute

419 4130 513 4182 lilii
550 4138 786 4197 recepta.
2285 4199 2295 4207 υ

488 4220 665 4289 Atque
701 4220 802 4275 hoc
834 4222 1051 4291 quidem
1090 4239 1257 4277 unum
1287 4238 1411 4278 cum
1446 4227 1726 4281 miraculis
1759 4227 1987 4283 Samue-

2164 4223 2259 4275 ’Ἑν
2286 4223 2383 4292 μὲν
2411 4224 2474 4294 δὴ
2518 4223 2674 4277 τοῦτο
2698 4227 2811 4287 τοῖς
2841 4223 3082 4295 θαύμασι
3110 4226 3205 4278 τοῦ
3242 4227 3492 4298 Σαμουὴλ
3527 4228 3651 4282 ἀνα-

419 4312 485 4365 lis
514 4326 918 4380 comparamus.
948 4314 1192 4367 Alterum
1226 4331 1372 4379 vero,
1419 4319 1565 4386 quod
1614 4320 1785 4373 forma
1815 4322 1987 4374 sacri-

2086 4317 2323 4388 τίθεμεν,
2358 4318 2578 4388 Ἕτερον
2607 4318 2685 4381 δὲ,
2726 4318 2808 4369 ὃτι
2852 4318 2912 4370 τὸ
2962 4315 3098 4381 εἶδος
3134 4319 3233 4388 τῆς
3261 4321 3568 4391 ἱερουργίας
3593 4319 3653 4374 τὸ

420 4402 523 4455 licii
554 4403 743 4457 eadem
768 4403 836 4457 ab
868 4404 1133 4459 ambobus
1167 4408 1414 4460 instituta
1448 4418 1610 4478 atque
1634 4420 1980 4478 peractaest.

2084 4411 2215 4462 αὐτὸ
2243 4414 2354 4473 τοῖς
2382 4408 2474 4461 δύο
2504 4408 2955 4476 συνεσπουδάσθη.
2985 4410 3276 4479 Εἰρηνικάς
3312 4413 3653 4483 προσήγαγον

417 4493 677 4547 Paciﬁcas
718 4495 860 4548 enim
897 4505 1124 4564 uterque
1168 4495 1277 4551 Deo
1304 4498 1511 4553 hostias
1549 4501 1889 4567 obtulerunt,
1924 4510 1983 4556 ut

2085 4504 2382 4573 ἀμφότεροι
2413 4502 2492 4571 τῷ
2525 4500 2642 4570 Θεῷ
2673 4502 2769 4563 τὰς
2801 4500 3008 4564 θυσίας,
3056 4502 3195 4572 ὑπὲρ
3225 4503 3324 4571 τῆς
3358 4504 3469 4556 τῶν
3499 4504 3646 4557 πολε-

417 4588 602 4641 hostes
657 4586 1098 4656 proﬁigarentur,
1154 4598 1206 4642 et
1253 4590 1543 4644 interirent
1586 4594 1979 4657 sacriﬁcantes,

2089 4597 2224 4666 μίων
2252 4594 2578 4665 ἀναιρέσεως
2610 4593 3014 4663 ἱερουργοῦντες
3038 4634 3051 4653 .
3098 4595 3126 4646 6
3158 4594 3255 4663 μὲν
3281 4597 3373 4647 ἐπὶ
3400 4599 3465 4667 τῇ
3491 4614 3651 4649 κατα-

416 4679 505 4732 hic
538 4679 758 4747 quidem
808 4696 906 4747 pro
937 4681 1222 4735 eversione
1258 4681 1561 4749 haereseon,
1595 4684 1685 4737 ille
1727 4700 1857 4739 vero
1886 4686 1981 4739 ad-

2053 4686 2232 4746 ,λύσει
2263 4685 2370 4737 τῶν
2392 4685 2676 4755 αἱρέσεων,
2709 4686 2736 4736 6
2767 4683 2823 4735 δὲ
2855 4684 2995 4736 κατά
3025 4684 3132 4737 τῶν
3163 4685 3474 4755 ἀλλοφύλων
3496 4687 3652 4741 τοῦτο

414 4785 605 4825 versus
662 4771 994 4840 alienigenas
1039 4773 1092 4826 id
1149 4788 1338 4844 agens.
1390 4774 1562 4831 Porro
1608 4792 1836 4847 magnus
1892 4779 1981 4834 ille

2082 4777 2269 4830 ποιῶν.
2306 4776 2543 4844 Μωῦσῆς
2585 4776 2639 4827 δὲ
2668 4776 2696 4826 6
2726 4774 2933 4843 μέγας,
2980 4776 3156 4829 κοινὸν
3199 4778 3479 4847 πρόκειται
3518 4781 3651 4832 πᾶσι

414 4862 626 4931 Moyses
661 4878 949 4920 commune
982 4866 1260 4941 omnibus,
1318 4869 1413 4937 qui
1464 4868 1531 4922 ad
1572 4871 1823 4925 virtutem
1855 4887 1980 4940 spe-

2078 4872 2191 4932 τοῖς
2225 4868 2359 4938 πρὸς
2392 4865 2588 4937 ἀρετὴν
2617 4865 2813 4937 ὁρῶσιν
2843 4867 3146 4936 ὑπόδειγμα
3172 4885 3182 4897 ·
3220 4869 3313 4921 καὶ
3340 4870 3439 4921 οὐκ
3475 4870 3540 4922 ἄν
3568 4888 3651 4933 τις

411 4962 581 5018 ctant,
611 4955 950 5023 propositum
988 4964 1073 5011 est
1102 4958 1431 5027 exemplum.
1469 4957 1577 5012 Nec
1617 4960 1904 5027 deliquerit
1933 4960 1979 5013 si

2082 4959 2450 5029 πλημμελοίη,
2502 4958 2595 5010 τοῦ
2636 4958 2765 5010 ἰδίου
2814 4958 2926 5028 βίου
2959 4960 3158 5012 σκοπὸν
3185 4960 3283 5030 τὴν
3328 4962 3525 5032 ἀρετὴν
3557 4962 3650 5017 τοῦ

410 5049 534 5118 quis
578 5042 832 5101 virtutem
891 5049 1219 5119 legislatoris
1280 5060 1536 5120 tanquam
1597 5068 1821 5123 scopum
1872 5054 1976 5107 sibi

2081 5050 2365 5120 νομοθέτου
2397 5050 2735 5119 ποιούμενος.
2793 5051 3000 5104 Οὐκοῦν
3050 5053 3400 5122 ἀνεπίφθονον
3434 5055 3651 5118 πάντως

410 5147 699 5209 proponat,
731 5140 796 5194 ad
830 5156 990 5209 quem
1017 5143 1141 5197 vitae
1178 5159 1292 5199 sua:
1321 5143 1517 5214 dirigat
1542 5146 1805 5199 actiones.
1834 5144 1971 5199 Pro~

2084 5144 2167 5214 εἴη
2201 5142 2367 5208 δεῖξαι
2391 5142 2483 5195 τὸν
2505 5142 2817 5196 διδάσκαλον
2837 5143 3016 5213 ἡμῶν,
3045 5146 3103 5197 ἐν
3126 5140 3206 5207 οἷς
3231 5139 3339 5207 οἶός
3361 5162 3420 5197 τε
3448 5141 3536 5216 ἦν,
3560 5146 3648 5199 τὶν

407 5231 534 5287 inde
558 5246 719 5287 nemo
753 5247 981 5301 prorsus
1030 5234 1311 5298 invidebit,
1349 5237 1394 5290 si
1431 5238 1769 5297 ostendatur.
1827 5238 1971 5307 quod

2084 5235 2377 5307 νομοθέτην
2405 5236 2495 5287 ἐπὶ
2523 5235 2615 5287 τοῦ
2643 5235 2757 5304 βίου
2795 5236 3144 5307 μιμούμενον.
3202 5239 3290 5291 Ἐν
3324 5237 3433 5290 τίσι
3474 5239 3648 5292 τοίνυν

410 5323 669 5393 magister
694 5328 903 5391 noster,
951 5326 1006 5379 in
1031 5327 1231 5395 quibus
1260 5337 1466 5398 posset,
1508 5329 1870 5397 legislatorem
1918 5330 1973 5383 in

2084 5331 2117 5400 ή
2151 5328 2377 5399 μίμησις
2412 5322 2521 5397 ἦν;
2564 5328 2836 5397 Ἀρχουσά
2881 5346 2965 5391 τις
3013 5330 3121 5381 τῶν
3152 5330 3494 5396 Αἰγυπτίων,
3542 5333 3648 5383 είσ⁴

407 5416 518 5468 vita
559 5417 888 5473 imitaretur.
935 5420 992 5473 In
1031 5421 1231 5490 quibus
1279 5422 1441 5491 igitur
1475 5420 1701 5493 (rebus)
1741 5422 1973 5475 imitatio

2085 5418 2423 5488 ποιησαμένη
2490 5418 2578 5471 τὸν
2644 5419 2880 5471 Μωῡσέα
2941 5419 3182 5473 παιδεύει
3231 5421 3330 5489 τὴν
3387 5421 3646 5492 ἐγχώριον

3392 5511 3476 5531 9-

408 5506 799 5561 consistebat?
854 5505 1049 5563 Mulier
1108 5510 1353 5578 quaedam
1413 5509 1697 5581 [Egyptios
1755 5527 1972 5582 regens,

2086 5512 2381 5575 παίδευσιν,
2416 5511 2514 5563 οὐκ
2548 5511 2858 5566 ἀποστάντα
2886 5511 2975 5565 τοῦ
3021 5510 3267 5583 μητρῦεν
3308 5511 3499 5581 pta-:13,
3545 5514 3646 5575 Ξοις

481 5683 599 5714 ’Μ’
620 5681 775 5736 Joan.
816 5698 887 5746 iv,
920 5683 1009 5735 50.
