4050 6164
396 336 500 396 809

1492 330 1560 386 IN
1598 329 1885 391 LAUDEM
1922 328 2222 386 FRATRIS
2260 328 2526 387 BASILII.

3533 331 3637 386 8l0

395 449 505 504 ἔδει
532 446 631 522 τὴν
662 447 887 520 πρώτην
934 447 1148 520 ἡλικίαν
1178 449 1246 519 τῇ
1289 447 1513 522 τοιαύτῃ
1538 450 1711 520 τροφῇ
1741 448 1966 520 τιθηνη-

2082 447 2292 519 .lloysen
2320 449 2640 519 adoptatum
2671 446 2979 507 domestica
3012 446 3301 518 disciplina
3347 448 3637 505 instituen-

398 539 613 594 σασθαι.
642 537 813 593 Τοῦτο
835 538 927 594 καὶ
953 538 1031 611 τῷ
1052 539 1355 611 διδασκάλῳ
1370 541 1697 611 ⁸μαρτυρεῖἡ
1722 539 1967 611 ἀλήθεια.

409 620 870 704 Ἀνατρεφόμενος
914 632 1023 703 γὰρ
1066 631 1174 686 ὑπὸ
1204 632 1305 703 τῆς
1351 631 1457 696 ἔξω
1503 632 1713 702 σοφίας,
1764 632 1851 686 ἀεὶ
1876 631 1969 687 τοῦ

399 720 572 793 μαζοῦ
621 720 723 789 τῆς
760 720 1090 792 Ἐκκλησίας
1121 722 1325 791 εἴχετο,
1372 723 1501 785 τοῖς
1535 721 1783 776 ἐντεῦθεν
1823 722 1970 776 διδά-

396 829 568 883 γμασι
598 812 696 883 τὴν
723 811 900 883 ψυχὴν
928 811 1105 877 αὖξων
1132 813 1226 866 καὶ
1250 804 1628 884 άδρυνόμενος.
1672 814 1972 886 Ἠρνήσατο

400 902 537 973 μετά
568 902 740 956 ταῦτα
787 904 816 955 0
848 904 1087 975 Μωῦσῆς
1128 903 1230 975 τῆς
1258 904 1610 975 ψευδωνύμου
1644 906 1847 977 μητρὸς
1870 907 1972 976 τὴν

398 991 808 1066 σεσοφισμένην
840 994 1177 1065 συγγένειαν.
1240 996 1375 1051 Οὐδὲ
1435 991 1587 1062 0610;
1645 1000 1971 1068 παρέμεινεν

396 1086 625 1140 ἐπιπολὺ
653 1085 967 1157 νομίζεσθαι
998 1086 1157 1141 τοῦτο
1182 1080 1226 1155 ᾧ
1258 1088 1612 1162 ἐπῃσχύνετο.
1652 1091 1839 1143 Πᾶσαν
1865 1088 1973 1161 γάρ

396 1175 494 1247 τὴν
512 1176 575 1229 ἐκ
598 1175 704 1231 τῶν
726 1175 922 1241 ἔξωθεν
943 1175 1115 1244 λόγων
1130 1175 1286 1242 δόξαν
1307 1178 1762 1248 ἀποσεισάμενος,
1785 1178 1973 1249 ῶσπερ

393 1269 492 1338 τὴν
520 1268 791 1338 βασιλείαν
821 1270 1050 1335 ἐκεῖνος,
1083 1269 1215 1341 πρὸς
1246 1269 1336 1323 τὸν
1372 1269 1625 1323 ταπεινὸν
1657 1270 1972 1339 ἀπηυτομό-

396 1359 528 1430 λησε
570 1359 715 1429 βίον,
763 1359 1014 1432 καθάπερ
1057 1361 1150 1416 καὶ
1194 1361 1320 1425 τοὺς
1356 1361 1635 1433 Ἑϐραίους
1672 1364 1700 1415 0
1735 1361 1973 1433 Μωῦσῆς

398 1451 827 1522 προτιμοτέρους
863 1451 970 1507 τῶν
1010 1452 1320 1521 Αἰγυπτίων
1347 1453 1630 1524 θησαυρῶν
1659 1456 1969 1524 ἐποιήσατο.

398 1542 511 1613 Τῆς
551 1543 607 1596 δέ
654 1542 870 1613 φύσεως
916 1545 1001 1614 ἐφ’
1047 1544 1278 1599 ἑκάστου
1315 1543 1376 1598 τὸ
1417 1545 1614 1616 ἑαυτῆς
1647 1545 1974 1616 ἐνεργούσης

397 1634 655 1709 (ἑκάστου
686 1634 793 1707 γὰρ
821 1637 854 1706 ὴ
884 1634 1020 1706 σὰρξ
1054 1635 1310 1706 ἐπιθυμεῖ
1337 1636 1476 1690 κατὰ
1501 1635 1593 1689 106
1620 1636 1972 1707 πνεύματος),

396 1725 517 1778 οὐδὲ
542 1720 695 1789 οὗτος
722 1725 879 1799 ἐκτὸς
909 1721 977 1798 ἦν
1004 1727 1103 1796 τῆς
1134 1726 1227 1780 106
1254 1727 1550 1796 Αἰγυπτίου
1580 1727 1841 1799 λογισμοῦ
1870 1730 1975 1800 μά-

398 1833 522 1886 χης,
554 1814 621 1887 ἢν
647 1817 820 1886 ἐπῆγε
850 1816 930 1888 τῷ
973 1817 1328 1890 καθαρεύοντι
1352 1834 1368 1849 ⁸
1416 1818 1549 1873 ἀλλά
1570 1820 1974 1892 συμμαχῶν,τῷ

400 1906 649 1976 βελτίονι,
698 1909 887 1980 νεκρὸν
920 1910 1092 1963 ἐποίει
1139 1910 1230 1963 τὸν
1269 1911 1455 1976 κακῶς
1494 1912 1572 1983 τῷ
1615 1910 1849 1985 Ἑϐραίῳ
1878 1915 1975 1965 ἐπ-

399 2000 1032 2072 εγειρόμενον.Ἐ6ραίος
1061 2001 1116 2054 δὲ
1140 2000 1417 2072 λογισμὸς,
1448 2005 1476 2056 0
1504 2003 1974 2075 ὲκκεκαθαρμένος

401 2090 495 2143 καὶ
522 2085 838 2160 ἁμόλυντος.
896 2092 955 2145 '0
984 2092 1093 2164 γὰρ
1121 2093 1207 2145 διά
1238 2092 1333 2146 106
1359 2094 1627 2162 νεκρῶσαι
1657 2093 1723 2148 τά
1756 2095 1848 2148 ἐπὶ
1875 2096 1976 2167 τῆς

400 2183 503 2254 γῆς
532 2182 669 2253 μέλη
699 2186 764 2255 τῇ
797 2183 943 2255 ψυχῇ
973 2177 1276 2255 συμμαχῶν
1305 2187 1551 2255 μιμεῖται
1580 2186 1674 2239 106
1700 2187 1977 2250 Μωῦσέως

400 2273 498 2344 τὴν
540 2274 838 2344 ἀριστείαν,
887 2274 953 2346 ἢν
987 2274 1129 2328 κατά
1169 2275 1262 2329 τοῦ
1304 2276 1602 2344 Αἰγυπτίου
1651 2262 1972 2348 ἐνήργησεν.

400 2364 789 2435 Παραδραμεῖν
821 2365 878 2418 δὲ
923 2367 1188 2437 προσήκει
1229 2366 1297 2420 τὰ
1346 2367 1517 2421 πολλὰ
1567 2370 1667 2438 τῆς
1714 2369 1973 2440 ἱστορίας,

400 2455 476 2519 ὡς
502 2457 568 2509 ἂν
601 2456 674 2528 μὴ
708 2454 873 2510 πολὺν
906 2455 1061 2528 ὄχλον
1104 2459 1300 2527 ἐπάγοι
1320 2461 1387 2529 τῇ
1420 2459 1576 2528 ἀκοῇ,
1623 2459 1683 2512 τὸ
1714 2460 1889 2514 πάντα
1910 2460 1975 2514 δι’

401 2546 684 2617 ἀκριϐείας
714 2546 889 2602 θέλειν
916 2548 1223 2621 ἐκτίθεσθαι
1247 2589 1260 2613 ,
1305 2550 1409 2616 ὅσα,
1439 2567 1497 2602 τε
1532 2551 1625 2604 ἐπὶ
1650 2551 1925 2616 Μωῦσέως
1950 2554 1978 2605 ὀ

402 2635 554 2706 λόγος
580 2623 821 2709 κατέχει,
875 2639 968 2693 καὶ
1009 2640 1066 2692 ἐν
1092 2634 1173 2704 οἷς
1202 2639 1418 2709 ἐγένετο
1456 2640 1552 2694 106
1592 2630 1910 2695 διδασκάλου
1944 2645 1977 2712 ἡ

402 2730 537 2801 πρὸς
557 2730 647 2782 τὸν
679 2730 973 2803 νομοθέτην
993 2731 1270 2802 ὁμοίωσις.
1300 2732 1570 2786 Κατέλιπε
1590 2733 1688 2805 τὴν
1704 2732 1979 2802 Αἴγυπτον

404 2821 543 2892 μετὰ
570 2820 660 2875 τὸν
693 2820 918 2876 θάνατον
944 2820 1038 2875 106
1080 2821 1376 2890 Αἰγυπτίου
1425 2822 1454 2874 0
1492 2822 1717 2893 Μωσῆς,
1752 2824 1847 2877 κα)⁸
1881 2839 1980 2877 πο-

402 2912 499 2966 λὺν
530 2915 586 2966 ἐν
613 2912 691 2983 τῷ
722 2912 871 2984 μέσῳ
915 2912 1101 2984 διῆγεν
1149 2913 1338 2984 χρόνον
1379 2914 1465 2983 ἐφ’
1513 2914 1705 2969 ἐαυτοῦ
1740 2915 1977 2982 ἰδιάζων.

396 3003 676 3058 ’Κατέλιπε
704 3006 799 3059 καὶ
831 2997 987 3069 0610;
1014 3006 1141 3070 τοὺς
1172 3006 1229 3058 ἐν
1262 3005 1413 3060 ἄστει
1446 3006 1726 3080 θορύϐους,
1760 3009 1853 3063 καὶ
1884 3011 1980 3075 τὰς

2071 539 2201 596 dum
2232 548 2411 609 curat,
2457 556 2489 596 a
2516 540 2779 596 maternis
2810 539 3092 607 uberibus,
3136 540 3375 610 quandiu
3406 541 3637 610 primam

2071 638 2281 686 aetatem
2308 630 2576 701 ejusmodi
2601 632 2862 688 alimento
2894 630 3093 686 nutriri
3123 630 3499 696 conveniebat,
3530 646 3641 687 non

2072 725 2438 780 recedentem.
2492 721 2607 777 Hoc
2659 723 2786 778 item
2830 723 3093 794 magistro
3141 721 3348 778 veritas
3385 730 3640 778 testatur.

2072 812 2208 868 Cum
2241 813 2573 887 educaretur
2592 814 2737 867 enim
2771 813 2839 866 ab
2858 821 3079 868 externa
3109 811 3396 882 sapientia,
3427 828 3643 883 semper

2073 905 2336 961 uberibus
2355 903 2613 960 Ecclesiae
2633 904 2962 970 adhaerebat,
2994 905 3141 961 illius
3165 904 3431 961 doctrinis
3460 907 3642 960 animo

2073 1008 2329 1052 crescens
2377 1004 2541 1067 atque
2579 995 2968 1078 grandescens.
3016 996 3319 1066 Ahnegavit
3366 1004 3530 1066 atque
3559 1012 3644 1052 re-

2073 1089 2321 1159 pudiavit
2368 1098 2556 1159 postea
2589 1088 2804 1159 Moyses
2836 1086 2974 1143 falso
3019 1088 3180 1143 dictae
3224 1089 3417 1145 matris
3459 1090 3642 1144 fictam

2073 1186 2127 1235 et
2155 1178 2587 1234 commentitiam
2619 1178 3020 1247 cognationem.
3048 1175 3128 1232 Ne
3164 1178 3255 1232 hic
3293 1179 3512 1249 quidem
3548 1180 3645 1234 diu

2072 1271 2373 1341 permansit
2405 1272 2460 1326 in
2487 1286 2553 1327 eo
2596 1278 2766 1338 statu,
2805 1278 2866 1325 ut
2892 1270 3012 1340 ejus
3044 1271 3209 1326 studii
3246 1272 3467 1328 nomine
3501 1274 3644 1329 cele-

2074 1362 2328 1418 braretur
2355 1373 2517 1434 atque
2562 1363 2814 1425 clareret,
2847 1360 3006 1430 cujus
3039 1377 3163 1417 eum
3211 1363 3465 1433 pudebat.
3507 1365 3643 1419 Cum

2073 1454 2219 1509 enim
2248 1469 2467 1510 omnem
2499 1470 2566 1510 ex
2594 1455 2793 1509 litteris
2821 1461 2875 1509 et
2902 1454 3211 1524 disciplinis
3242 1455 3488 1511 externis
3518 1471 3645 1525 par-

2072 1553 2185 1601 tam
2201 1546 2428 1617 gloriam
2443 1545 2800 1616 repudiasset,
2818 1544 3272 1615 quemadmodum
3290 1544 3381 1600 ille
3392 1560 3643 1617 regnum,

2075 1637 2143 1693 ad
2162 1638 2367 1693 humile
2381 1639 2509 1693 vitae
2541 1654 2599 1694 se
2621 1639 2901 1695 transtulit
2918 1637 3228 1693 institutum
3250 1655 3264 1692 :
3287 1637 3645 1708 quemadmo-

2075 1729 2206 1786 dum
2237 1731 2397 1787 etiam
2420 1729 2633 1802 Moyses
2660 1729 2928 1803 Egyptiis
2965 1730 3240 1785 thesauris
3268 1731 3502 1800 praetulit
3534 1729 3641 1783 lle-

2074 1823 2269 1878 hrzeos.
2286 1822 2453 1876 Porro
2469 1837 2591 1876 cum
2613 1832 2804 1879 natura
2827 1823 2884 1876 in
2897 1836 3222 1892 unoquoque
3236 1837 3394 1877 suum
3411 1823 3643 1878 cilicium

2077 1913 2239 1968 faciat
2256 1913 2709 1983 (uniuscujusque
2725 1914 2869 1967 enim
2887 1927 3014 1967 caro
3030 1913 3367 1983 concupiscit
3385 1913 3646 1971 adversus

2076 2007 2328 2077 spiritum
2349 2004 2424 2076 ⁸³)
2461 2020 2531 2060 ne
2558 2004 2644 2058 hic
2675 2004 2892 2074 quidem
2924 2018 3120 2074 expers
3153 2005 3330 2073 prmlii
3365 2014 3501 2070 erat,
3537 2020 3646 2075 quo

2076 2095 2219 2149 ratio
2252 2109 2388 2165 pura
2416 2094 2485 2149 ab
2504 2093 2760 2165 IEgyptia
2785 2093 2999 2149 ratione
3025 2093 3333 2163 petebatur,
3365 2093 3459 2148 sed
3486 2107 3643 2163 opem

2077 2186 2261 2242 ferens
2293 2186 2525 2259 meliori,
2553 2196 2821 2243 mortuam
2853 2184 3088 2243 faciebat
3116 2200 3259 2249 eam,
3294 2199 3416 2255 qua:
3454 2184 3638 2239 adver-

2078 2296 2172 2336 sus
2195 2278 2476 2334 Hebraeam
2498 2278 2643 2333 haud
2676 2287 2824 2335 recte
2853 2277 3192 2348 insurgebat.
3222 2276 3444 2331 Hebraea
3465 2288 3644 2331 autem

2077 2372 2237 2435 ratio,
2268 2378 2568 2443 expurgata
2594 2378 2755 2426 estet
2785 2369 3234 2425 incontaminata.
3269 2367 3403 2421 Nam
3429 2368 3521 2439 qui
3552 2384 3648 2439 per

2079 2464 2550 2520 mortificationem
2611 2462 2982 2518 membrorum
3052 2468 3395 2515 terrenorum
3456 2461 3649 2515 au’mze

2078 2554 2341 2608 auxilium
2390 2553 2516 2618 fert,
2555 2552 2911 2617 excellentem
2942 2548 3318 2606 fortitudinem
3353 2557 3515 2620 atque
3542 2552 3652 2604 vir-

2079 2654 2252 2701 tutem
2282 2643 2485 2716 Moysis
2533 2657 2697 2715 quam
2733 2643 2997 2699 adversus
3026 2642 3343 2714 Egyptium
3374 2641 3649 2711 praestitit,

2081 2735 2345 2789 imitatur.
2380 2733 2672 2790 Praeterire
2693 2743 2877 2789 autem
2907 2748 3157 2803 magnam
3181 2743 3389 2803 partem
3414 2732 3652 2787 historiae

2080 2830 2359 2891 convenit,
2400 2843 2469 2883 ne
2500 2828 2544 2884 si
2578 2827 2703 2898 quis
2733 2828 2916 2882 omnia
2940 2828 3098 2897 plene
3124 2836 3287 2896 atque
3310 2834 3498 2880 exacte
3524 2825 3653 2879 velit

2081 2930 2375 2992 exponere,
2415 2933 2536 2990 quae
2584 2928 2638 2974 et
2668 2917 2737 2974 de
2771 2916 2956 2989 Moyse
2989 2916 3275 2988 Scriptura
3318 2918 3561 2972 continet
3583 2918 3650 2980 “,

2082 3023 2136 3069 et
2189 3013 2246 3068 in
2286 3011 2486 3083 quibus
2518 3010 2759 3081 magistri
2791 3009 2894 3064 fuit
2940 3024 3064 3064 cum
3103 3008 3288 3081 Moyse
3330 3006 3650 3072 similitudo,

403 3096 594 3159 ὑλικὰς
623 3088 827 3161 ταύτας
856 3098 1230 3169 περιηχήσεις,
1267 3098 1361 3165 καί
1386 3093 1453 3169 ἦν
1482 3098 1574 3152 ἐπὶ
1601 3099 1699 3168 τῆς
1726 3101 1980 3171 ἐσχατιᾶς

2086 3120 2338 3177 magnam
2393 3104 2737 3160 auditoribus
2788 3101 2979 3157 afferat
3029 3102 3356 3158 molestiam.
3412 3098 3654 3170 Reliquit

404 3188 857 3258 προσφιλοσοφῶν
915 3188 993 3259 τῷ
1024 3187 1163 3259 Θεῷ.
1210 3188 1587 3259 Κατελάμφθη
1618 3189 1695 3260 τῷ
1730 3190 1866 3260 φωτὶ
1899 3192 1987 3245 διὰ

404 3282 503 3349 τῆς
532 3279 691 3349 βάτου
718 3280 941 3344 ἐκεῖνος.
969 3278 1205 3349 Ἐχομέν
1233 3296 1285 3332 τι
1313 3278 1570 3347 συγγενὲς
1597 3279 1695 3350 τῆς
1726 3281 1986 3344 ὀπτασίας

404 3370 605 3442 ταύτης
631 3372 720 3425 καὶ
748 3372 840 3424 ἐπὶ
875 3370 1062 3425 τούτου
1094 3372 1265 3425 εἰπεῖν
1292 3388 1308 3404 ο
1339 3370 1420 3424 ὅτι
1460 3370 1652 3433 νυκτὸς
1684 3368 1871 3441 οὔσης,
1902 3371 1986 3439 γί.

407 3482 555 3518 νεται
585 3463 734 3535 αὐτῷ
766 3463 945 3534 φωτὸς
976 3463 1242 3536 ἐλλαμψις
1278 3462 1419 3517 κατὰ
1446 3462 1538 3517 τὸν
1569 3459 1718 3517 οἷκον
1750 3480 1986 3535 προσευ-

408 3557 619 3628 χομένῳ
643 3573 657 3587 ·
703 3557 865 3611 ἄῦλον
893 3556 950 3610 δέ
973 3556 1111 3610 1t10
1141 3554 1256 3626 φῶς
1285 3550 1353 3626 ἦν
1378 3556 1572 3620 ἐκεῖνο,
1605 3554 1726 3625 θείᾳ
1756 3554 1981 3625 δυνάμει

410 3648 782 3719 καταφωτίζον
837 3648 897 3703 10
956 3649 1196 3719 οἴκημα,
1250 3642 1346 3700 ὑπ’
1396 3646 1608 3711 οὐδενὸς
1661 3646 1984 3717 πράγματος

410 3738 592 3794 ὑλικοῦ
622 3739 1005 3810 ἐξαπτόμενον.
1042 3739 1209 3802 Σώζει
1237 3738 1325 3791 τὸν
1354 3737 1480 3790 λαὸν
1508 3738 1536 3789 0
1567 3737 1770 3808 Μωσῆς
1801 3739 1863 3789 ἐκ
1889 3736 1983 3790 τοῦ

406 3831 671 3904 τυράννου
734 3830 1058 3903 ῥυσάμενος.
1124 3828 1412 3899 Μαρτυρεῖ
1458 3827 1526 3881 τά
1578 3829 1668 3881 ίσα
1720 3826 1814 3880 106
1860 3826 1983 3881 καθ’

407 3922 556 3992 ἡμᾶς
581 3921 873 3993 νομοθέτου
906 3922 934 3975 0
965 3919 1092 3984 λαὸς
1134 3914 1287 3983 οὗτος
1308 3960 1322 3983 ,
1353 3911 1413 3973 06
1444 3917 1531 3972 διά
1555 3920 1653 3989 τῆς
1685 3914 1982 3988 ἱερωσύνης

408 4017 546 4088 πρὸς
573 4017 671 4086 τὴν
696 4014 1026 4086 ἐπαγγελίαν
1056 4013 1150 4068 τοῦ
1182 4012 1316 4067 Θεοῦ
1351 4012 1719 4083 καθηγήσατο.

410 4108 747 4169 illuminans,
795 4121 825 4161 a
854 4106 1004 4161 nulla
1056 4121 1113 4160 re
1149 4104 1414 4159 materiali
1461 4115 1774 4156 accensum.
1835 4096 2030 4153 Servat

2087 3196 2380 3268 Egyptum
2412 3194 2627 3266 Moyses
2662 3203 2786 3265 post
2824 3205 3011 3249 necem
3062 3191 3325 3264 Egyptii,
3375 3194 3656 3264 multoque

2088 3287 2379 3356 interiecto
2406 3294 2646 3355 tempore
2671 3297 2919 3339 seorsum
2943 3297 3040 3353 per
3060 3297 3118 3338 se
3139 3282 3385 3353 privatus
3403 3283 3653 3352 degebat.

2089 3376 2334 3447 Reliquit
2360 3377 2525 3430 etiam
2555 3374 2645 3429 hic
2673 3375 2916 3431 urbanos
2947 3374 3233 3439 tumultus,
3263 3382 3318 3428 et
3348 3373 3655 3428 materiales

2088 3463 2191 3519 hos
2229 3463 2491 3532 strepitus
2539 3462 2784 3530 undique
2821 3460 3319 3526 circumsonantes,
3363 3469 3417 3515 et
3452 3469 3571 3515 erat
3601 3462 3654 3515 in

2092 3556 2391 3610 solitudine
2433 3553 2630 3608 divinae
2673 3551 3031 3621 philosophia:
3081 3552 3328 3605 addictus
3351 3552 3415 3605 ".
3450 3550 3654 3605 Lumen

2088 3646 2165 3699 illi
2194 3660 2288 3713 per
2312 3644 2506 3697 rubum
2532 3641 2746 3695 alluxit.
2762 3638 3044 3707 Habemus
3071 3640 3273 3710 aliquid
3304 3641 3430 3695 huic
3458 3643 3656 3696 visioni

2088 3743 2379 3806 cognatum
2411 3735 2572 3788 etiam
2609 3732 2664 3786 in
2703 3731 2832 3795 hoc,
2874 3730 3016 3801 quod
3058 3732 3329 3789 dicamus.
3367 3731 3504 3787 Nam
3532 3749 3654 3788 cum

2087 3843 2197 3883 uox
2248 3834 2415 3891 esset,
2469 3824 2669 3879 aer-idit
2715 3825 2763 3878 ei
2820 3823 3113 3879 illustratio
3151 3832 3312 3895 atque
3343 3824 3656 3895 allulgentia

2087 3917 2310 3973 luminis
2338 3917 2486 3971 domi
2510 3916 2687 3970 oranti
2714 3934 2726 3970 :
2763 3928 2959 3984 expers
2990 3921 3169 3969 autem
3212 3915 3455 3969 materiae
3484 3916 3656 3985 quod-

2099 4009 2224 4063 dam
2275 4007 2459 4063 lumen
2503 4013 2623 4061 erat
2669 4005 2824 4072 illud,
2864 4004 3045 4060 divina
3088 4004 3288 4061 virtute
3324 4005 3655 4061 domicilium

2088 4097 2346 4170 populum
2396 4095 2605 4167 Moyses
2657 4109 2685 4148 a
2734 4103 2966 4166 tyranno
3015 4095 3322 4150 liberatum.
3378 4094 3535 4151 Paria
3591 4095 3658 4149 de

411 4209 600 4255 nostro
652 4198 959 4269 legislatore
1013 4202 1244 4251 testatur
1306 4192 1395 4247 hic
1444 4191 1697 4262 populus,
1759 4205 1917 4260 quem
1977 4202 2072 4259 per
2109 4185 2472 4244 sacerdotium
2499 4185 2653 4241 duxit
2683 4184 2749 4239 ad
2778 4184 2872 4240 Dei
2904 4185 3339 4255 promissionem.

478 4294 590 4347 Καὶ
609 4292 661 4345 τί
690 4291 794 4364 χρὴ
818 4290 887 4344 τὰ
913 4288 1034 4344 καθ’
1059 4288 1286 4340 ἕκαστον
1315 4286 1516 4356 λέγειν,
1558 4286 1716 4349 ὅσους
1753 4284 1979 4355 διήγαγε

2157 4282 2223 4335 Ει
2268 4280 2398 4352 quid
2445 4295 2585 4350 opus
2633 4288 2719 4336 est
2760 4279 2945 4334 omnia
2999 4279 3309 4350 singulatim
3365 4295 3657 4350 exponere,

410 4385 505 4440 καὶ
548 4377 699 4447 0610;
746 4382 832 4436 διὰ
878 4380 971 4434 τοῦ
1015 4379 1225 4451 ὓδατος,
1264 4378 1404 4440 ὅσοις
1447 4374 1532 4429 διά
1564 4374 1656 4427 106
1707 4374 1863 4443 λόγου
1890 4374 1980 4426 τὸν

2083 4391 2246 4447 quam
2272 4375 2473 4428 multos
2501 4372 2665 4428 etiam
2699 4373 2785 4428 hic
2812 4388 2908 4443 per
2926 4387 3120 4443 aquam
3151 4373 3472 4435 traduxerit,
3496 4387 3659 4443 quam

414 4478 603 4533 στύλον
632 4475 725 4529 τοῦ
770 4473 938 4546 πυρὸς
981 4471 1361 4542 ἐδᾳδούχησεν,
1405 4470 1561 4531 ὅσους
1594 4470 1660 4538 τῇ
1690 4466 1781 4519 τοῦ
1816 4464 1986 4519 Πνεύ-

416 4586 582 4640 ματος
634 4565 828 4637 νεφέλη
880 4563 1158 4624 διέσωσεν,
1209 4561 1364 4623 ὅσους
1409 4549 1602 4631 ἔθρεψε
1643 4560 1709 4628 τῇ
1762 4554 1988 4625 οὐρανίᾳ

412 4662 606 4730 τροφῇ,
656 4659 804 4721 ὅπως
848 4656 1095 4725 ἐμιμεῖτο
1136 4653 1235 4725 τὴν
1278 4643 1544 4725 πέτραν
1574 4666 1702 4701 ποτε
1735 4647 1814 4717 τῷ
1846 4646 1987 4716 ξύλῳ

415 4748 767 4820 ἁνεστομώθη
806 4747 867 4800 10
889 4746 1052 4817 ὕδωρ,
1084 4745 1380 4809 τουτέστιν,
1473 4758 1604 4795 ποτε
1627 4742 1655 4793 ὀ
1684 4740 1777 4793 106
1826 4756 1988 4792 0100-

417 4841 512 4914 006
545 4840 716 4904 τύπος
763 4837 856 4892 τοῦ
889 4838 1149 4908 στόματος
1194 4836 1394 4904 ἔθιγεν,
1443 4833 1590 4897 ὅπως
1623 4828 1837 4894 ἐπότιζε
1863 4830 1990 4892 τοὺς

413 4932 685 5003 διψῶντας
726 4927 821 4984 τοῦ
851 4927 1040 4991 ὓδατος
1085 4926 1315 4991 ἐκείνου,
1349 4924 1427 4995 τῷ
1467 4923 1661 4994 πλήθει
1688 4923 1786 4993 τῆς
1832 4922 1991 4993 ἐπιρ-

420 5025 547 5096 ροῆς
579 5025 678 5087 τὰς
706 5020 973 5082 ἀϐύσσους
999 5017 1350 5089 μιμούμενος,
1379 5015 1498 5069 οἵαν
1530 5014 1827 5086 μαρτυρίου
1858 5029 1993 5084 σκη-

418 5116 546 5186 νὴν,
596 5116 692 5168 καὶ
746 5108 1070 5183 σωματικῶς
1126 5108 1223 5179 μέν
1272 5110 1329 5160 ἐν
1375 5107 1454 5177 τῷ
1508 5105 1814 5177 προαστείῳ
1860 5120 1992 5158 κατ-

418 5205 772 5270 εσκευάσατο,
817 5203 943 5266 τοὺς
972 5201 1219 5270 πτωχοὺς
1247 5197 1326 5269 τῷ
1358 5197 1588 5266 σώματι,
1633 5195 1881 5265 πτωχοὺς
1914 5193 1992 5265 τῷ

419 5297 686 5369 πνεύματι
712 5296 798 5350 διὰ
825 5294 926 5365 τῆς
951 5291 1161 5363 ἀγαθῆς
1190 5289 1532 5353 διδασκαλίας
1560 5285 1697 5344 εἶναι
1739 5288 1990 5359 ποιήσας,

418 5388 559 5442 ῶστε
587 5389 767 5452 αὐτοῖς
799 5385 1052 5456 γενέσθαι
1090 5380 1433 5456 μακαριστὴν
1460 5382 1560 5452 τὴν
1591 5380 1863 5451 πτωχείαν
1894 5379 1992 5448 τῆς

419 5479 680 5550 ἀληθινῆς
717 5478 989 5550 βασιλείας
1022 5472 1386 5548 προξενοῦσαν
1413 5472 1513 5544 τὴν
1546 5472 1732 5544 χάριν;
1782 5470 1992 5541 Σκηνὴν

418 5573 477 5626 δὲ
510 5571 685 5642 ἀληθῆ
710 5570 847 5641 πρὸς
871 5570 967 5642 τὴν
999 5569 1094 5625 τοῦ
1122 5568 1257 5622 Θεοῦ
1289 5565 1606 5637 κατοίκησιν
1638 5564 1734 5636 τὴν
1762 5564 1992 5618 ἑκάστου

2091 4468 2278 4524 multis
2312 4481 2406 4538 per
2438 4481 2746 4522 sermonem
2794 4466 3106 4521 columnam
3148 4464 3292 4534 ignis
3327 4464 3662 4533 praetulerit?

2090 4574 2255 4629 quam
2294 4559 2496 4614 multos
2537 4558 2685 4614 nube
2731 4556 2958 4627 spiritus
3001 4553 3443 4617 conservaverit,
3497 4569 3661 4624 quam

2092 4650 2292 4704 multos
2326 4649 2534 4705 caelesti
2583 4650 2707 4704 cibo
2757 4648 2993 4703 aluerit?
3045 4646 3318 4716 quomodo
3357 4644 3662 4700 imitaretur

2092 4750 2321 4812 petram,
2366 4742 2420 4795 in
2465 4756 2570 4810 qua
2613 4739 2889 4809 quondam
2938 4738 3087 4809 ligno
3119 4752 3273 4808 aquae
3319 4751 3383 4793 os
3429 4744 3484 4791 et
3524 4753 3661 4793 vena

2093 4842 2277 4904 aperta
2308 4843 2414 4898 est,
2440 4832 2544 4887 hoc
2569 4838 2674 4897 est,
2706 4830 2866 4900 cujus
2891 4828 3167 4899 quondam
3194 4843 3257 4884 os
3280 4828 3464 4882 crucis
3492 4827 3661 4899 figura

2091 4924 2306 4996 tetigit?
2347 4922 2803 4993 quemadmodum
2840 4920 3090 4976 sitientes
3122 4934 3264 4991 aqua
3304 4920 3398 4974 illa
3430 4926 3661 4989 potaret,
3766 4943 3791 4969 ι

2092 5015 2469 5088 magnitudine
2523 5013 2870 5069 abundantiae
2917 5013 3140 5069 imitans
3188 5011 3453 5084 abyssos,
3506 5011 3667 5081 quale

2093 5108 2503 5165 tabernaculum
2541 5106 2860 5171 testimonii,
2887 5112 2941 5161 et
2965 5105 3181 5177 quidem
3221 5104 3577 5175 corporaliter
3610 5104 3663 5157 in

2095 5201 2358 5259 suburhio
2381 5199 2682 5255 fabricatus
2709 5198 2801 5263 sit,
2834 5212 3099 5269 pauperes
3123 5212 3375 5268 corpore,
3398 5210 3666 5267 pauperes

2095 5292 2293 5363 spiritu
2327 5297 2388 5344 ut
2417 5298 2624 5355 essent,
2658 5303 2755 5358 per
2800 5288 3001 5343 bonam
3053 5286 3359 5342 doctrinam
3405 5283 3665 5345 elliciens,

2096 5383 2234 5441 adeo
2258 5389 2317 5436 ut
2344 5396 2530 5438 eorum
2564 5387 2780 5449 egestas
2817 5379 2888 5433 ob
2918 5377 3310 5433 beatitudinem
3339 5374 3668 5432 memorabi-

2094 5474 2162 5528 lis
2192 5470 2502 5537 exsisteret,
2537 5475 2724 5538 utpote
2748 5467 2862 5522 veri
2892 5468 3044 5538 regni
3084 5467 3291 5522 donum
3328 5465 3669 5538 gratiamque

2094 5558 2431 5616 concilians!
2485 5555 2919 5614 Tabernaculum
2965 5566 3143 5614 autem
3200 5571 3408 5623 verum,
3457 5556 3515 5612 in
3560 5566 3671 5625 quo

533 5752 577 5784 ³³
611 5750 788 5805 Galat.
825 5764 879 5812 ν,
917 5749 1005 5802 l7.
1042 5748 1348 5810 "Exod",
1386 5747 1408 5800 l
1446 5761 1566 5817 sqq.
1650 5742 1882 5799 "Exod.
1915 5756 1999 5806 Ill,
2044 5740 2067 5794 l
2103 5755 2224 5810 sqq.

701 5842 972 5905 Ρλτιιοι..
1007 5842 1123 5902 Gn.
1162 5841 1379 5902 XLVI.

3279 5827 3359 5887 26
