4050 6164
476 335 571 405 sit

1673 333 1729 389 S.
1772 331 2097 389 GREGORII
2137 332 2430 391 NYSSENI

3617 350 3729 407 8‘12

479 454 619 509 Deus
653 451 1001 515 inhabitarel,
1030 451 1464 523 uniuscujusque
1507 452 1741 505 animam
1799 465 2041 505 sermone

2152 452 2327 524 ψυχήν
2358 455 2706 528 ἐδημιούργει
2756 458 2831 530 τῷ
2879 460 3042 532 λόγῳ,
3085 465 3178 519 καὶ
3230 465 3454 531 στύλους
3480 468 3630 532 τινὰς
3664 472 3727 524 ἐν

474 545 761 611 obiciebat,
791 544 953 599 etiam
993 544 1276 598 columnas
1328 542 1593 614 quasdam
1637 551 1927 597 exstrucns
1987 542 2042 596 in

474 654 574 692 en:
612 635 971 706 cogitationes
1020 642 1072 690 et
1117 636 1360 694 rationes
1413 635 1538 690 dico
1578 636 1884 701 columnas,
1924 648 2044 705 quae

475 728 751 783 laboribus
814 742 1130 798 oppressam
1195 729 1447 783 virtutem
1509 725 1822 782 suﬂ‘ulciant
1883 734 2044 797 atque

473 826 799 886 sustentent,
828 827 987 889 atque
1016 818 1179 875 etiam
1208 819 1392 888 pelves
1411 816 1748 887 (conﬁciens)
1774 816 1841 871 ad
1865 817 2044 871 eluen-

472 909 599 963 dum
644 908 838 963 anima:
879 908 1202 978 pollutiones
1256 915 1311 962 et
1362 908 1795 978 inquinamenta,
1842 906 2040 975 quibus

471 1016 610 1073 aqua
642 1016 706 1055 ex
741 1002 916 1055 oculis
951 1008 1240 1055 emanante
1275 1001 1447 1054 litura:
1484 1006 1537 1053 et
1569 999 1797 1053 macula:
1835 999 2040 1051 abster-

470 1101 747 1162 gerentur.
771 1090 942 1157 Quam
968 1091 1136 1143 multa
1168 1089 1495 1144 candelabra
1525 1090 1579 1143 in
1610 1087 2042 1156 uniuscujusque

470 1184 650 1238 anima
703 1183 1049 1252 imponebat,
1104 1196 1353 1236 sermone
1414 1181 1728 1235 illuminans
1782 1177 2036 1233 occulta!

470 1278 669 1343 Quales
719 1278 1025 1330 orationum
1080 1289 1297 1329 acerras
1331 1281 1385 1329 ct
1428 1274 1701 1328 thuribula
1740 1271 2036 1327 efﬁciebat!

470 1368 661 1438 quales
692 1367 1084 1422 exstruebatex
1113 1381 1248 1434 puro
1278 1380 1433 1428 auro,
1459 1365 1590 1419 etin
1621 1378 1731 1434 quo
1763 1363 1911 1417 fraus
1943 1362 2039 1416 ad-

471 1457 638 1511 hibita
670 1471 776 1509 non
807 1465 969 1518 esset,
997 1456 1098 1508 hoc
1118 1464 1218 1518 est,
1244 1469 1309 1507 ex
1344 1468 1468 1507 vera
1494 1464 1542 1508 el
1566 1467 1702 1523 pura
1732 1452 2035 1516 affectione,

469 1551 560 1603 ubi
600 1562 762 1618 grave
803 1562 956 1601 vana:
1007 1546 1193 1617 gloriae
1240 1546 1517 1614 plumbum
1565 1558 1905 1615 nequaquam
1942 1558 2037 1598 eo-

472 1655 614 1703 rum,
665 1654 786 1708 qua:
838 1637 1043 1701 ﬁerent,
1094 1637 1433 1707 splendorem
1487 1637 1842 1691 obscuraret!
1897 1634 2039 1701 Quid

469 1747 605 1802 opus
646 1740 731 1786 est
767 1743 1195 1784 commemorare
1246 1728 1530 1798 mysticam
1583 1741 1788 1789 arcam,
1822 1726 2036 1796 qualem

471 1796 764 1889 unicuique
820 1819 1115 1874 fabricatus
1146 1820 1236 1881 sit,
1268 1796 1480 1872 tabulas
1523 1820 1833 1873 testamenti
1861 1818 2042 1873 divino
2076 1796 2117 1852 Β

468 1914 639 1982 digito
699 1912 990 1981 inscriptas
1053 1911 1247 1964 animm
1299 1910 1623 1979 imponens?
1682 1909 1808 1964 llaec
1860 1917 2040 1964 autem

468 2004 592 2056 diro
625 2003 716 2056 illo
750 2002 1068 2070 respiciens,
1092 1999 1237 2069 quod
1265 1999 1697 2071 uniuscujusque
1727 2015 1824 2053 cor
1861 2013 2042 2055 arcam

467 2096 753 2161 cllicicbat,
791 2109 907 2164 quzc
958 2091 1262 2163 spirituaiia
1294 2093 1551 2162 mysteria
1581 2092 2043 2163 comprehendere

470 2194 680 2257 posset,
743 2184 1030 2240 continens
1068 2185 1238 2255 legem
1282 2185 1581 2254 scriptam,
1637 2199 1756 2254 qua:
1806 2184 2042 2253 Spiritus

467 2278 781 2347 operatione
833 2291 930 2346 per
980 2289 1145 2346 opera
1197 2274 1631 2330 describeretur:
1667 2276 1718 2331 id
1766 2278 1911 2332 enim
1946 2292 2043 2348 per

466 2368 689 2436 digitum
725 2366 815 2421 Dei
850 2365 1187 2436 signiﬁcatur
1221 2384 1233 2421 :
1269 2366 1321 2420 in
1359 2382 1462 2436 qua
1493 2382 1616 2421 arca
1652 2368 1816 2421 etiam
1856 2383 2034 2424 sacer-

467 2460 599 2516 dotii
631 2460 778 2529 virga
809 2473 908 2513 suo
940 2473 1153 2527 semper
1189 2455 1368 2511 fructu
1401 2456 1768 2513 cillorcscebat
1795 2474 1889 2527 per
1918 2475 2044 2528 par-

468 2552 838 2622 ticipationem
867 2548 1356 2605 sanctiﬁcationum
1401 2550 1713 2619 germinans
1758 2560 1813 2604 et
1859 2551 2040 2619 repul-

470 2646 668 2705 lnlaus,
719 2651 772 2697 et
827 2655 963 2696 urna
1002 2654 1031 2693 a
1078 2655 1275 2695 manna
1326 2657 1599 2711 nunquam
1635 2656 1808 2696 vacua
1861 2642 2039 2696 ﬁebat.

468 2736 623 2790 Tunc
653 2735 796 2789 enim
833 2734 1025 2787 anima:
1057 2747 1155 2787 ras
1185 2746 1216 2784 a
1255 2732 1464 2786 cmlesti
1520 2733 1644 2786 cibo
1676 2748 1907 2786 vacuum
1948 2734 2038 2799 sit,

468 2844 591 2880 cum
643 2835 925 2896 peccatum
982 2839 1043 2880 se
1094 2823 1382 2878 insinuans
1431 2823 1764 2877 iulluentiam
1832 2838 2044 2878 mannaa

468 2914 828 2987 prohibuerit.
858 2913 1053 2968 Manna
1080 2924 1260 2968 autem
1295 2914 1450 2982 panis
1491 2914 1731 2969 caelestis
1759 2922 1863 2969 est.
1900 2914 2041 2980 Quid

468 3021 608 3077 opus
634 3012 718 3060 est
748 3018 1175 3060 commemorare
1201 3017 1311 3072 quo
1350 3012 1508 3073 pacto
1547 3004 1873 3059 sacerdotali
1904 3004 2043 3059 stola

469 3109 593 3147 cum
643 3092 761 3162 ipse
804 3092 1074 3161 exquisite
1106 3100 1160 3147 et
1199 3102 1356 3146 caute
1401 3107 1461 3147 se
1494 3093 1879 3158 circumdaret,
1928 3102 2041 3149 tum

470 3193 696 3239 raateros
725 3198 825 3237 suo
857 3183 1104 3253 exemplo
1136 3194 1448 3248 exornaret,
1499 3199 1713 3254 semper
1760 3185 1938 3241 ferens
1984 3185 2040 3241 in

470 3283 691 3344 pectore
719 3274 869 3327 illum
902 3282 1175 3338 ornatum,
1204 3273 1293 3327 cui
1322 3288 1516 3328 nomen
1544 3283 1626 3329 cst
1657 3283 1707 3328 et
1737 3277 2039 3342 oraculum,

471 3372 526 3418 rt
565 3365 864 3430 decretum,
912 3370 966 3418 et
1008 3362 1231 3428 veritas,
1266 3378 1387 3433 quae
1420 3363 1601 3418 omnia
1634 3364 1882 3433 relinquo
1914 3365 2041 3419 dili-

470 3457 807 3528 gentioiibus
848 3464 904 3511 et
943 3457 1115 3526 magis
1172 3456 1483 3524 industriis,
1513 3466 1572 3511 ut
1618 3471 1681 3513 ea
1729 3472 1824 3528 per
1871 3458 2043 3528 tropi-

469 3565 587 3603 cam
614 3558 668 3606 et
701 3548 1046 3624 allegoricam
1092 3548 1546 3619 signiﬁcationem
1593 3550 1916 3620 prmceptori
1948 3565 2041 3605 ac-

467 3641 849 3697 commodent:
886 3656 980 3711 per
1012 3656 1131 3712 quae
1162 3656 1283 3696 cum
1315 3641 1433 3711 ipse
1455 3640 1579 3698 talis
1605 3650 1741 3708 erat,
1766 3651 1883 3696 tum
1915 3657 2038 3697 cum

467 3734 589 3790 aliis
647 3742 900 3788 ornatum
964 3748 1089 3788 eum
1145 3733 1599 3788 communicabat.
1654 3731 2039 3803 Saepenumero

464 3824 950 3879 animadvertimus
977 3836 1100 3877 eum
1130 3825 1291 3878 etiam
1324 3823 1466 3877 intra
1498 3825 1782 3894 caliginem
1812 3826 2037 3892 versari,

469 3918 559 3972 ubi
605 3915 749 3970 Deus
795 3924 934 3969 crat.
965 3911 1101 3967 Nam
1132 3914 1277 3983 quod
1321 3913 1412 3967 alii
1444 3928 1671 3969 cernere
1718 3924 1879 3985 atque
1912 3932 2040 3971 con-

466 4006 715 4074 templari
743 4020 852 4060 non
878 4011 1151 4074 poterant,
1182 4003 1235 4058 id
1282 4004 1360 4058 illi
1386 4003 1637 4059 doctrina
1670 4006 1895 4075 spiritus
1932 4024 2040 4078 qua

466 4099 521 4152 in
546 4096 723 4152 sacris
752 4096 1033 4152 institutus
1054 4102 1192 4161 erat,
1219 4095 1708 4166 comprehensibile
1731 4098 1998 4155 eiliciebat
2022 4120 2036 4156 :

465 4190 603 4245 adeo
634 4196 691 4243 ut
739 4189 882 4243 intra
922 4187 1227 4260 amplexum
1277 4188 1528 4260 caliginis
1575 4205 1698 4247 esse
1740 4193 2037 4259 videretur,

464 4284 518 4336 in
552 4296 661 4351 qua
712 4296 891 4336 sermo
937 4281 1004 4335 de
1053 4279 1161 4336 Deo
1188 4280 1511 4336 occultatur.
1557 4281 1940 4353 Saepenumero
1980 4301 2040 4340 se

463 4373 719 4443 opposuit
761 4371 1076 4428 Amalecitis
1119 4387 1218 4441 pro
1261 4381 1420 4428 scuto
1453 4388 1586 4428 usus
1618 4375 1886 4432 oratione.
1918 4376 2037 4442 Quo

463 4480 655 4519 maims
716 4463 941 4518 tollente
1009 4478 1168 4518 verus
1231 4462 1390 4518 Jesus
1451 4463 1636 4520 hostes
1694 4464 2036 4522 devineebat.
2069 4493 2114 4549 ι)
2143 4480 2289 4555 εἶχον

461 4554 751 4611 Multorum
783 4554 1235 4627 pmstigiatorum
1285 4564 1337 4610 et
1366 4554 1766 4611 incantatorum
1812 4558 2031 4618 Balaam

463 4649 609 4704 illius
661 4650 921 4705 similium
969 4649 1301 4718 imposturas
1353 4647 1612 4704 discussit
1652 4656 1816 4720 atque
1855 4655 2041 4717 irritas

461 4833 898 4889 tualcdictionem
930 4830 1373 4887 convertentibns
1408 4833 1461 4885 in
1494 4833 1946 4895 benedictionem.

528 4928 795 4983 Cit-terum
832 4925 945 4981 hate
993 4941 1024 4980 a
1071 4925 1231 4980 nobis
1269 4941 1365 4995 per
1399 4935 1773 4985 transcursum
1808 4940 1862 4986 et
1890 4950 2042 4989 com-

458 5017 715 5089 pendium
748 5016 1045 5072 dicuntur:
1080 5032 1199 5086 qua:
1242 5017 1556 5088 singulatim
1601 5021 1916 5094 quicunque
1960 5027 2044 5081 τί.

458 5119 567 5165 tam
611 5110 798 5165 Sancti
844 5124 953 5164 non
990 5110 1220 5179 ignorat,
1268 5112 1701 5167 accommodabit
1737 5116 1802 5169 ad
1861 5134 2039 5172 rerum

458 5212 733 5273 gestaru'u
784 5203 1086 5269 veritatem,
1118 5217 1282 5271 quam
1338 5204 1491 5256 multi
1537 5206 1629 5274 qui
1676 5211 1953 5265 veneticiis
1989 5220 2043 5266 et

460 5295 923 5350 incantationibus
988 5293 1250 5351 adversus
1327 5296 1593 5365 quosdam
1665 5297 1896 5367 insidias
1955 5303 2040 5357 in-

456 5389 806 5454 strinxissent,
851 5388 1185 5443 ineliicacem
1242 5389 1645 5460 improbitatem
1702 5392 2034 5463 habuerunt,

455 5494 580 5531 cum
627 5494 734 5532 non
779 5479 965 5533 liceret
1009 5478 1088 5534 eis
1128 5495 1222 5549 per
1257 5480 1414 5535 ﬁdem
1446 5485 1793 5552 praaccptoris
1833 5489 2053 5543 malum.

456 5569 757 5640 producere
787 5570 850 5623 ad
879 5570 1149 5626 cii‘ectum.
1203 5574 1307 5627 Sed
1357 5573 1563 5630 relictis
1608 5577 1881 5645 omnibus,
1915 5598 2035 5650 qum

455 5661 635 5715 medio
685 5668 929 5732 tempore
979 5670 1096 5714 acta
1137 5671 1284 5725 sunt,
1316 5665 1381 5720 de
1429 5666 1533 5719 ﬁne
1563 5667 1845 5740 utriusque
1885 5687 2033 5725 com-

456 5753 790 5807 menaombo.
843 5750 1082 5821 Reliquit
1146 5754 1361 5822 quidem
1430 5766 1655 5827 uterque
1733 5763 2032 5828 smculum,

2151 545 2287 616 αὐτῇ
2336 549 2759 613 κατασκευάζων
2784 564 2798 580 ·
2849 551 3140 624 λογισμοὺς
3173 555 3316 625 λέγω
3347 558 3472 621 τούς
3502 558 3727 624 στύλους

2148 638 2276 700 τοὺς
2329 638 2391 692 τὸ
2437 640 2694 696 ἐπίπονον
2744 646 2843 715 τῆς
2895 646 3095 717 ἀρετῆς
3149 649 3526 721 ὐπερείδοντας
3563 668 3575 681 ·
3629 656 3728 707 καὶ

2149 727 2415 801 λουτῆρας
2445 730 2705 797 ὡσαύτως
2752 735 2889 807 πρὸς
2918 737 2979 790 τὸ
3014 739 3301 796 ἐκπλύνειν
3329 742 3426 812 τῆς
3453 742 3629 815 ψυχῆς
3658 745 3729 798 τὰ

2152 823 2455 894 μιάσματα,
2485 824 2562 896 τῷ
2596 827 2661 880 ἐκ
2698 828 2806 882 τῶν
2833 829 3126 901 ὀφθαλμῶν
3154 832 3305 888 ὕδατι
3332 834 3423 888 τὸν
3454 835 3728 907 μολυσμὸν

2149 912 2567 978 ἀποκλύζοντας.
2610 916 2783 982 Ὅσας
2829 919 3050 990 λυχνίας
3100 922 3326 976 ἐνετίθει
3371 927 3439 996 τῇ
3490 926 3724 980 ἑκάστου

2146 1006 2313 1077 ψυχῆς
2343 1010 2731 1076 καταφωτῖξων
2751 1013 2827 1083 τῷ
2856 1013 3001 1085 λόγῳ
3022 1016 3089 1070 τά
3117 1015 3359 1089 κρύφιαί
3392 1013 3495 1074 Οἷα
3521 1020 3587 1073 τά
3611 1019 3723 1072 τῶν

2148 1099 2464 1168 προσευχῶν
2515 1101 2847 1174 θυμιατήριά
2901 1124 2961 1159 τε
3023 1109 3125 1167 καὶ
3177 1110 3533 1183 θυσιαστήρια
3589 1130 3723 1167 κατα

2148 1190 2463 1257 εσκεύασεν,
2486 1193 2550 1244 ἐκ
2569 1193 2810 1265 καθαροῦ
2841 1197 2934 1250 καὶ
2963 1198 3150 1252 ἀδόλου
3178 1200 3421 1271 χρυσίου,
3444 1203 3723 1257 τουτέστιν

2149 1281 2208 1347 ἐξ
2237 1281 2496 1354 ἀληθινῆς
2538 1301 2599 1336 τε
2644 1287 2740 1339 καὶ
2770 1288 3014 1359 καθαρᾶς
3049 1290 3360 1355 διαθέσεως,
3407 1286 3468 1347 οὗ
3498 1293 3661 1365 μηδὲν
3691 1297 3722 1348 ὁ

2150 1372 2318 1445 βαρὺς
2351 1376 2447 1444 τῆς
2490 1376 2790 1442 κενοδοξίας
2823 1381 3080 1449 μόλυϐδος
3130 1384 3225 1454 τὴν
3268 1383 3582 1456 λαμπηδόνα
3610 1386 3722 1439 τῶν

2146 1465 2442 1536 γινομένων
2474 1467 2836 1538 ἡμαύρωσενί
2895 1473 2961 1524 Τί
3005 1473 3086 1553 δεῖ
3125 1473 3302 1543 λέγειν
3333 1476 3429 1547 τήν
3458 1476 3723 1549 μυστικὴν

2147 1558 2396 1623 κιϐωτὸν,
2445 1560 2563 1613 οἵαν
2607 1561 2821 1632 ἑκάστῳ
2872 1564 3214 1635 ἐτεκτήνατο,
3249 1567 3347 1630 τάς
3380 1566 3588 1632 πλάκας
3620 1570 3724 1640 τῆς

2146 1648 2430 1722 διαθήκης,
2454 1650 2555 1714 τὰς
2581 1651 2659 1722 τῷ
2690 1653 2817 1725 θείῳ
2847 1655 3093 1727 δακτύλῳ
3139 1659 3591 1730 ἐγγεγραμμένας
3635 1661 3723 1713 ἐν·

2147 1741 2313 1806 τιθεὶς
2341 1745 2405 1813 τῇ
2434 1743 2580 1816 ψυχῇ
2606 1761 2619 1810 ;
2650 1746 2807 1812 Λέγω
2835 1747 2890 1801 δέ
2918 1748 3089 1802 ταῦτα
3123 1752 3257 1821 πρὸς
3288 1754 3460 1806 ἐκεῖνο
3485 1752 3717 1822 βλέπων,

2144 1835 2224 1887 ὅτι
2244 1836 2341 1906 τὴν
2375 1836 2605 1890 ἑκάστου
2633 1839 2857 1909 καρδίαν
2887 1841 3056 1895 ἐποίει
3089 1844 3339 1908 κιϐωτὸν,
3370 1845 3721 1916 περιεκτικὴν

2144 1924 2251 1977 τῶν
2287 1926 2672 1994 πνευματικῶν
2709 1930 3054 2000 μυστηρίων,
3098 1932 3343 2002 γραπτὸν
3376 1933 3598 2003 ἔχουσαν
3628 1933 3720 1987 τὸν

2144 2015 2305 2086 νόμον
2351 2015 2437 2070 διὰ
2483 2017 2590 2071 τῶν
2649 2019 2825 2091 ἔργων
2859 2023 3344 2092 καταγραφόμενον
3376 2027 3441 2095 τῇ
3472 2025 3722 2096 ἐνεργείᾳ

2144 2104 2236 2159 τοῦ
2270 2107 2586 2178 Πνεύματος
2633 2108 2794 2180 (οὕτω
2843 2110 2952 2182 γάρ
2987 2113 3015 2164 6
3042 2113 3301 2177 δάκτυλος
3339 2113 3431 2167 τοῦ
3460 2114 3592 2168 Θεοῦ
3627 2115 3719 2184 ἐρ-

2148 2204 2481 2275 μηνεύεται)·
2510 2206 2566 2258 ἐν
2658 2208 2751 2260 καὶ
2778 2208 2876 2277 τῆς
2908 2208 3260 2280 ίερωσύνηςή
3296 2209 3485 2282 ῥάϐδος
3511 2211 3595 2264 ἀεὶ
3625 2210 3717 2264 τὸν

2147 2294 2275 2347 ἴδιον
2308 2297 2514 2366 καρπὸν
2546 2296 2797 2367 ἐξήνθει,
2846 2298 2932 2351 διά
2962 2300 3060 2369 τῆς
3091 2300 3375 2369 μετουσίας
3409 2301 3528 2356 ,τῶν
3561 2303 3718 2370 ἁγια-

2145 2386 2363 2456 σμάτων
2386 2388 2588 2442 ἁναϐλα
2598 2389 2785 2443 στάνου
2795 2408 2859 2443 σα
2880 2408 2892 2422 ·
2923 2391 3066 2461 καὶὴ
3095 2392 3325 2463 στάμνος
3346 2393 3445 2446 οὐκ
3471 2392 3718 2447 ἐκενοῦτο

2142 2479 2232 2531 τοῦ
2265 2480 2458 2549 μάννα.
2488 2481 2619 2535 Τότε
2651 2483 2759 2554 γὰρ
2789 2488 2943 2537 κενὸν
2967 2484 3175 2552 γίνεται
3201 2486 3298 2555 τῆς
3330 2485 3504 2555 ψυχῆς
3532 2485 3590 2539 τὸ
3617 2485 3716 2554 ἀγο

2143 2572 2288 2638 γεῖον
2316 2572 2412 2642 τῆς
2445 2574 2702 2643 οὐρανίας
2729 2576 2954 2646 τροφῆς,
3003 2576 3130 2629 ὅταν
3161 2577 3405 2647 ἁμαρτία
3430 2593 3715 2648 παρεμπε-

2146 2662 2310 2715 σοῦσα
2343 2664 2440 2735 τὴν
2474 2667 2736 2737 ἐπιρροήν
2784 2668 2878 2721 τοῦ
2931 2668 3105 2737 μάννα
3151 2668 3388 2740 κωλύσῃ.
3440 2669 3630 2722 Μάννα
3659 2667 3717 2722 δέ

2145 2751 2288 2805 ἐστιν
2323 2752 2485 2824 ἄρτος
2510 2755 2776 2826 οὐράνιος.
2828 2756 2891 2807 Τί
2935 2757 3041 2828 χρὴ
3082 2757 3258 2826 λέγειν
3288 2757 3434 2821 ὅπως
3464 2758 3530 2810 δι’
3557 2757 3713 2826 ἀκρι-

2145 2842 2298 2907 ὄείας
2320 2845 2416 2914 τὴν
2445 2846 2721 2919 ἱερατικὴν
2754 2847 2945 2920 στολὴν
2969 2848 3130 2914 αὐτός
3167 2867 3227 2902 τε
3248 2849 3598 2921 περιετίθετο,
3624 2847 3717 2901 καὶ

2145 2934 2472 3006 κατεκόσμει
2493 2937 2616 3000 τοὺς
2645 2938 2836 3002 ἄλλους
2864 2940 2942 3011 τῷ
2974 2940 3094 2995 καθ’
3124 2940 3313 2993 ἐαυτὸν
3342 2940 3715 3010 ὑποδείγματι,

2146 3025 2231 3080 ἀεὶ
2266 3026 2444 3097 φέρων
2471 3028 2559 3081 τὸν
2585 3030 2676 3083 ἐπὶ
2700 3028 2791 3082 τοῦ
2828 3030 3058 3102 στήθους
3086 3032 3309 3102 κόσμον,
3424 3031 3591 3103 ὄνομα
3631 3031 3719 3084 λο-

2069 3142 2112 3200 C
2146 3117 2290 3186 γείὁν
2314 3135 2370 3172 τε
2399 3120 2491 3172 καὶ
2518 3120 2769 3191 δήλωσις,
2794 3124 2888 3177 καὶ
2915 3123 3138 3194 ἀλήθεια
3163 3138 3177 3189 ;
3217 3125 3285 3175 "A
3312 3124 3488 3177 πάντα
3522 3122 3718 3194 παρίη-

2149 3226 2208 3279 μι
2237 3210 2350 3273 τοῖς
2377 3210 2827 3284 φιλοπονωτέροις
2853 3214 2992 3268 κατὰ
3025 3214 3121 3286 τὴν
3153 3215 3416 3287 τροπικὴν
3450 3215 3719 3286 σημασίαν

2143 3303 2473 3373 ἐφαρμόζειν
2502 3305 2578 3375 τῷ
2610 3305 2912 3378 διδασκάλῳ
2934 3325 2948 3339 ’
2995 3308 3062 3360 δι’
3091 3300 3166 3363 ὧν
3209 3309 3368 3373 αὐτός
3395 3327 3455 3362 τε
3483 3308 3719 3372 τοιοῦτος

2141 3386 2230 3462 ἦν,
2261 3392 2355 3447 καὶ
2388 3396 2498 3458 τοῖς
2547 3394 2727 3460 ἄλλοις
2770 3398 3044 3452 ἐκοινώνει
3074 3398 3166 3452 τοῦ
3196 3400 3418 3471 κόσμου.
3458 3401 3718 3463 Πολλάκις

2143 3483 2388 3555 ἔγνωμεν
2430 3486 2592 3539 αὐτὸν
2638 3488 2729 3541 καὶ
2778 3489 2926 3553 ἐντὸς
2970 3489 3063 3543 τοῦ
3090 3491 3289 3561 γνόφου
3319 3491 3623 3564 γενόμενον,
3655 3484 3718 3546 οὗ

2141 3568 2210 3645 ἦν
2254 3577 2282 3627 6
2326 3573 2475 3639 Θεός.
2536 3577 2608 3631 Τὸ
2637 3577 2745 3650 γὰρ
2773 3582 2886 3645 τοῖς
2932 3580 3113 3645 ἄλλοις
3148 3582 3478 3654 ἀθεώρητον,
3526 3584 3723 3656 ἐκείνῳ

2142 3664 2344 3736 ληπτὸν
2377 3668 2548 3721 ἐποίει
2577 3670 2610 3740 ή
2644 3672 3000 3740 μυσταγωγία
3025 3673 3116 3726 τοῦ
3144 3673 3491 3745 Πνεύματος,
3521 3675 3596 3738 ὼς
3636 3675 3720 3728 δο-

2142 3758 2257 3809 κεῖν
2297 3758 2446 3822 ἐντὸς
2472 3760 2574 3829 τῆς
2605 3762 2867 3832 περιοχῆς
2894 3757 3033 3816 εἶναι
3066 3762 3160 3816 τοῦ
3190 3764 3413 3833 γνόφου,
3526 3767 3554 3818 6
3591 3766 3719 3836 περὶ

2140 3846 2234 3901 τοῦ
2277 3849 2411 3903 Θεοῦ
2452 3851 2609 3921 λόγος
2637 3854 3127 3926 ἐναποκρύπτεται.
3162 3856 3427 3919 Πολλάκις
3455 3856 3717 3927 ἀντέστη-

2143 3956 2231 3994 σεν
2278 3942 2469 3997 ἑαυτὸν
2496 3947 2607 4009 τοῖς
2650 3947 3055 4019 ’Δμα).ηκίταις,
3102 3949 3250 4022 ὅπλῳ
3276 3948 3617 4022 χρησάμενος
3650 3951 3714 4019 τῇ

2142 4037 2433 4106 προσευχῇ.
2490 4028 2564 4088 Οὐ
2614 4040 2713 4102 τὰς
2759 4042 2944 4110 χεῖρας
2996 4040 3345 4113 ἐπαίροντος,
3390 4042 3418 4096 6
3472 4039 3713 4112 ἀληθινὸς

2154 4123 2358 4194 Ἰησοῦς
2389 4128 2790 4198 κατηγωνίζετο
2832 4130 2940 4183 τῶν
2971 4132 3262 4203 πολεμίων.
3319 4132 3533 4187 Πολλῶν
3575 4129 3713 4184 κατὰ

2139 4213 2232 4267 τὸν
2253 4215 2481 4288 Βαλαάμ
2503 4220 2706 4275 ἐκεῖνον
2726 4223 2934 4293 γοήτων
2958 4223 3056 4288 τὰς
3085 4225 3418 4295 μαγγανείας
3439 4224 3677 4279 διέλυσεν
3694 4238 3707 4251 '

2139 4304 2188 4358 οἳ
2213 4307 2332 4377 οὐχὶ
2360 4310 2452 4362 τοῦ
2482 4310 2735 4382 ἀληθινοῦ
2758 4314 2914 4382 λόγου
2940 4315 3250 4380 ἀκούοντες,
3273 4315 3407 4371 ἀλλὰ
3427 4318 3492 4387 τῇ
3528 4313 3711 4367 ὀνὼδει

2139 4395 2456 4472 διδασκαλίᾳ
2503 4403 2612 4457 τῶν
2657 4404 2926 4476 δαιμόνων
2975 4406 3309 4477 πειθόμενοι,
3358 4407 3710 4477 ἀνενέργητον

2314 4491 2393 4551 είς
2426 4492 2621 4545 κακίαν
2647 4492 2707 4546 τὸ
2742 4493 2934 4565 στόμα,
2965 4497 3062 4566 τῆς
3089 4497 3183 4550 τοῦ
3207 4498 3524 4552 διδασκάλου
3554 4496 3712 4566 εὐχῆς

2141 4576 2224 4639 εἰς
2249 4578 2498 4648 εὐλογίαν
2525 4582 2621 4653 τὴν
2648 4584 2894 4655 κατάραν
2923 4587 3326 4660 μετατιθείσης.

2094 4661 2223 4721 fecit
2260 4688 2272 4723 :
2310 4672 2401 4741 qui
2453 4688 2579 4727 vero
2627 4679 2867 4733 sermoni
2916 4694 3023 4734 non
3072 4680 3410 4745 obcdientes,
3467 4677 3559 4735 sed
3604 4676 3713 4731 asi-

460 4740 970 4841 ninaaudaamonum
1030 4739 1293 4841 doctrina:
1348 4739 1790 4841 obtemperantes
1828 4758 2007 4818 erant,
2055 4755 2300 4816 inemcax
2329 4739 2395 4820 ad
2430 4767 2692 4824 malitiam
2718 4783 2781 4825 os
2815 4770 3106 4841 habebant,

3166 4772 3414 4845 magistri
3462 4770 3712 4844 precibus

2211 4940 2394 4995 Ταῦτα
2421 4943 2478 4996 δὲ
2517 4945 2644 5016 παρ’
2671 4945 2830 5018 ἡμῶν
2864 4949 3075 5018 λέγεται
3104 4951 3172 5006 δι’
3200 4953 3495 5028 ἐπιδρομῆς
3530 4976 3590 5012 τε
3624 4961 3712 5016 καὶ

2142 5032 2431 5101 συντομίας
2462 5049 2476 5063 ·
2521 5034 2820 5106 ἐφαρμόσει
2847 5038 2904 5093 δέ
2931 5042 2997 5112 τῇ
3024 5040 3252 5114 ἀληθείᾳ
3281 5043 3389 5096 τῶν
3416 5049 3712 5115 γεγονότων

2138 5119 2207 5171 τὰ
2235 5120 2359 5173 καθ’
2388 5121 2621 5177 ἕκαστον
2660 5127 2690 5180 6
2741 5127 2815 5198 μὴ
2843 5130 3051 5199 ἀγνοῶν
3092 5132 3187 5185 τοῦ
3247 5133 3425 5202 Ἀγίου
3460 5137 3551 5191 τὸν
3582 5139 3709 5209 βίον,

2139 5209 2253 5264 ὅσοι
2276 5212 2361 5266 διὰ
2389 5217 2737 5286 φαρμακείας
2770 5235 2828 5271 τε
2860 5222 2954 5275 καὶ
2983 5223 3236 5293 γοητείας
3266 5225 3554 5292 ἐπιϐουλὰς
3579 5232 3713 5283 κατά

2136 5316 2301 5357 τινων
2326 5307 2776 5375 συσκευάσαντες,
2809 5310 3091 5382 ἄπρακτον
3121 5315 3276 5387 ἔσχον
3298 5319 3398 5388 τὴν
3432 5322 3708 5392 πονηρίαν,

2147 5393 2221 5462 μὴ
2257 5397 2701 5467 συγχωρηθέντες
2730 5400 2834 5454 ὑπὸ
2862 5401 2962 5471 τῆς
3009 5404 3101 5457 τοῦ
3133 5405 3449 5461 διδασκάλου
3482 5408 3711 5469 πίστεως

2145 5491 2476 5555 προαγαγεῖν
2518 5489 2580 5541 τὸ
2612 5493 2776 5545 κακὸν
2802 5495 2880 5557 είς
2908 5494 3204 5550 τελείωσιν.
3262 5496 3421 5551 Ἀλλά
3451 5498 3623 5552 πάντα
3646 5497 3706 5551 τὰ

2141 5578 2226 5630 διὰ
2274 5580 2436 5649 μέσου
2474 5583 2786 5637 καταλιπὼν
2811 5626 2824 5650 ,
2875 5585 2968 5640 τοῦ
3014 5588 3200 5652 τέλους
3235 5589 3553 5661 ἀμφοτέρων
3592 5590 3707 5641 ἐπι-

2148 5673 2546 5744 μνησθήσομαι·
2592 5677 2795 5747 Ἀφῆκε
2826 5679 2922 5748 μὲν
2951 5679 3040 5732 τὸν
3084 5679 3198 5751 βίον
3240 5682 3531 5752 ἑκάτερος·
3578 5698 3706 5751 μνη·

2144 5769 2371 5837 μόσυνον
2401 5770 2454 5823 δὲ
2481 5771 2580 5841 τῆς
2628 5773 2763 5837 ίδίας
2808 5774 2930 5825 πεοὶ
2964 5774 3058 5827 τίεν
3109 5776 3281 5846 σάρκα
3322 5774 3571 5845 σχέσεως,
3617 5771 3697 5824 0'3-
