4050 6164
401 341 504 399 813

1508 340 1576 396 ΙΝ
1614 339 1900 399 LAUDEM
1937 336 2242 396 FRATRIS
2278 336 2543 399 BASILII.

3550 339 3658 398 8η

400 460 619 533 θέτερος
647 458 824 516 αὐτῶν
862 460 939 533 τῷ
973 461 1072 534 βίῳ
1116 459 1425 516 κατέλιπεν.
1477 461 1615 517 Οὔτε
1660 460 1769 533 γὰρ
1810 461 1976 518 Mutuo

2082 467 2490 516 monumentum
2524 471 2655 515 vcro
2698 457 2783 514 sui
2824 458 2974 514 circa
3016 472 3237 515 carnem
3266 456 3488 516 habitus
3522 475 3661 519 neu-

401 553 539 617 σέως
566 553 734 621 τάφος
785 554 1131 625 εὑρίσκεται,
1172 553 1296 609 οὔτε
1338 544 1492 619 οὗτος
1537 554 1825 626 περιουσίᾳ
1869 554 1977 610 τινὶ

400 645 558 716 ὑλικῇ
587 644 875 714 ὑπεχώσοη
898 661 913 676 ο
939 645 1054 699 ἀλλ’
1078 644 1213 716 ὁμοῦ
1244 662 1306 699 τε
1334 645 1579 718 παρῆλθε
1606 644 1699 700 τὸν
1724 645 1858 717 βίον,
1882 646 1978 700 καὶ

402 733 797 804 συμπαρῆλθεν
822 734 971 806 αὑτῷ
996 736 1195 799 πάντα,
1237 736 1305 791 διῗ
1329 729 1405 790 ὧν
1428 738 1458 791 ὁ
1487 736 1600 808 βίος
1627 737 1737 790 τῶν
1769 735 1978 809 ἀνθρώ-

397 841 515 877 πων
543 822 658 895 ἔχει
688 824 788 896 τὴν
820 823 1100 892 σύστασιν,
1134 826 1210 892 ὡς
1258 826 1423 898 μηδὲν
1448 827 1735 899 εὑρεθῆναι
1760 826 1853 882 τοῦ
1882 830 1976 882 ἀν-

395 912 519 983 δρὸς
572 912 758 968 ὑλικὸν
802 917 1067 986 μνημεῖον
1123 915 1188 969 ἐκ
1238 916 1337 987 τῆς
1382 916 1492 971 τῶν
1544 917 1977 987 ὑπολειφθέντων

397 1006 719 1078 περιουσίας
745 1007 1122 1079 καταχωννύον
1154 1009 1319 1065 αὑτοῦ
1360 1009 1459 1082 τὴν
1483 1011 1619 1082 πρὸς
1644 1013 1706 1066 τὸ
1734 1013 1978 1083 κρεῖττον

399 1099 686 1169 ὑπόληψιν.
716 1100 926 1172 ’Ὠσπερ
949 1102 1040 1156 ἐπὶ
1060 1100 1155 1155 τοῦ
1176 1103 1418 1167 Μωσέως
1446 1104 1479 1175 ή
1511 1104 1717 1176 ἱστορία
1746 1103 1978 1174 λέγουσα

397 1190 573 1256 τοῦτο,
600 1191 681 1244 ὅτι
712 1192 810 1262 οὑχ
842 1191 1041 1262 εὑρέθη
1073 1194 1238 1247 αὑτοῦ
1270 1194 1440 1265 τάφος
1467 1195 1572 1259 ἕως
1598 1195 1699 1266 τῆς
1739 1197 1977 1267 σήμερον

401 1281 629 1352 ἡμέρας.
662 1281 726 1334 Εἰ
768 1276 861 1335 οὖν
888 1282 1128 1348 τοιοῦτος
1172 1284 1280 1338 ἀπὸ
1315 1282 1409 1337 τοῦ
1442 1284 1600 1355 λόγου
1632 1288 1764 1356 ἡμῖν
1791 1283 1979 1340 ἀναδέ-

395 1367 604 1422 δεικται
654 1371 683 1424 ὁ
711 1372 903 1440 Μέγας
954 1373 1269 1441 Βασίλειος,
1322 1375 1463 1429 ὥστε
1510 1376 1584 1448 μὴ
1633 1377 1821 1447 πόρρω
1868 1376 1977 1431 τῶν

396 1460 567 1528 ἁγίων
614 1454 755 1514 εἶναι
800 1463 960 1517 αὑτὸν
1007 1464 1096 1518 διὰ
1131 1464 1226 1518 τοῦ
1275 1465 1389 1535 βίου
1424 1465 1561 1537 πρὸς
1603 1467 1831 1521 ἕκαστον
1872 1466 1977 1519 τῶν

397 1550 648 1621 μεγάλων
673 1552 1125 1624 παρατιθέμενον,
1151 1555 1331 1620 καλῶς
1350 1558 1481 1628 ἡμῖν
1504 1559 1537 1628 ἡ
1561 1557 1846 1611 ἀκολουθία
1868 1556 1978 1612 τῶν

395 1644 598 1715 ἑορτῶν
647 1646 741 1700 ἐπὶ
793 1646 981 1701 τοῦτον
1027 1648 1152 1716 ἄγει
1200 1648 1297 1705 νῦν
1341 1652 1440 1723 τὴν
1485 1652 1790 1705 ἐνεστῶσαν
1840 1669 1977 1706 παν-

394 1736 618 1808 ήγυριν.
667 1738 829 1792 Ἀλλὰ
887 1740 993 1810 μὴν
1021 1740 1109 1793 διὰ
1165 1740 1272 1795 τῶν
1316 1742 1724 1814 κεχαρισμένων
1784 1743 1977 1814 ἐκείνῳ

2076 558 2164 608 ter
2214 565 2407 607 eorum
2467 551 2676 608 saeculo
2726 550 2967 622 reliquit.
3020 549 3208 622 Neque
3257 550 3404 607 enim
3454 551 3659 624 Moysis

2077 641 2391 713 sepulcrum
2422 650 2622 710 exstat,
2641 656 2821 712 neque
2841 641 2931 696 hic
2955 640 3113 713 copia
3139 643 3375 713 quadam
3392 646 3658 701 materiali

2078 732 2337 788 humatus
2367 740 2485 799 est;
2521 730 2617 787 sed
2642 731 2806 787 simul
2830 738 2887 788 et
2913 731 3078 785 vitam
3108 732 3344 799 transiit,
3368 740 3423 789 et
3451 736 3659 800 omnia,

2077 823 2277 894 quibus
2301 823 2582 879 hominum
2609 822 2716 878 vita
2741 830 3116 889 conservatur,
3139 839 3248 879 una
3270 824 3480 896 dilapsa
3497 835 3657 885 sunt:

2078 914 2214 972 adeo
2245 923 2307 971 ut
2351 916 2560 972 nullum
2589 922 2768 972 exstet
2801 915 3087 971 materiale
3116 916 3219 971 viri
3249 929 3658 974 monumentum

2078 1024 2147 1064 ex
2187 1008 2347 1080 copia
2397 1009 2712 1065 relictarum
2760 1007 3081 1064 facultatum
3140 1017 3500 1077 exstructum,
3549 1027 3659 1082 quo

2077 1098 2413 1156 existimatio
2458 1100 2579 1169 ejus
2632 1100 2699 1155 ad
2755 1091 2991 1169 speciem
3036 1100 3406 1170 augustiorem
3463 1103 3658 1160 obruta

2078 1200 2332 1249 teneatur
2370 1211 2383 1247 :
2426 1192 2885 1264 quemadmodum
2943 1192 3173 1247 historia
3220 1192 3287 1250 de
3328 1194 3512 1267 Moyse
3554 1196 3660 1252 hoc

2080 1285 2246 1352 dicit,
2286 1285 2432 1357 quod
2457 1300 2561 1341 non
2592 1287 2870 1340 inventum
2895 1285 2967 1339 sit
2990 1285 3111 1354 ejus
3144 1287 3455 1355 sepulcrum
3486 1303 3663 1359 usque

2078 1376 2136 1431 in
2180 1376 2503 1433 hodiernum
2546 1377 2691 1432 diem
2729 1376 2792 1432 ‘°.
2851 1374 2910 1430 Si
2953 1377 3120 1448 igitur
3160 1377 3288 1432 talis
3335 1380 3586 1435 oratione
3628 1395 3662 1434 a

2079 1469 2240 1525 nobis
2271 1469 2678 1525 demonstratus
2711 1476 2796 1524 est
2827 1483 2950 1525 esse
2981 1468 3218 1526 Basilius
3254 1467 3501 1539 Magnus,
3542 1471 3680 1541 qui,‘

2079 1561 2126 1616 si
2155 1576 2281 1616 cum
2320 1576 2649 1632 unoquoque
2689 1561 3028 1632 magnatium
3063 1562 3207 1617 inter
3246 1562 3396 1618 viros
3443 1572 3665 1618 sanctos

2079 1651 2192 1706 vita
2215 1651 2337 1721 ejus
2364 1658 2736 1721 comparetur,
2769 1666 2877 1705 non
2911 1652 3103 1722 procul
3134 1652 3202 1706 ab
3234 1652 3342 1707 illis
3373 1651 3662 1710 abfuturus

2079 1741 2171 1806 sit,
2225 1747 2375 1796 recte
2425 1755 2456 1794 a
2510 1740 2668 1796 nobis
2729 1739 2989 1797 feriarum
3032 1742 3414 1799 vicissitudine
3442 1751 3665 1815 propter

396 1831 765 1899 προσαγαγεῖν
813 1830 1021 1902 πρέπον
1068 1830 1133 1885 ἂν
1188 1833 1272 1903 εἴη
1325 1832 1423 1903 τὴν
1478 1835 1719 1905 μνήμην.
1770 1834 1979 1890 Οὑκοῦν

2082 1835 2230 1891 hunc
2255 1849 2500 1906 praesens
2525 1849 2670 1888 nunc
2701 1833 2880 1905 agitur
2915 1841 3236 1890 conventus.
3261 1833 3501 1891 Proinde
3533 1850 3663 1892 con-

399 1920 661 1972 σκεπτέον
705 1920 852 1984 ὅπως
882 1920 1153 1986 διαθέντες
1184 1923 1281 1994 τὴν
1308 1923 1521 1994 ἑορτὴν,
1571 1926 1976 1997 κεχαρισμένως

395 2010 474 2082 τῷ
502 2010 640 2081 ἁγίῳ
687 2012 1149 2083 πανηγυρίσομεν.
1202 2009 1346 2084 Ἀρά
1390 2030 1473 2075 τις
1515 2016 1830 2087 ἐπιζητήσει
1885 2016 1976 2070 τὸν

396 2103 759 2159 ἐπιδεικτικὸν
803 2104 889 2158 ἐπ’
938 2105 1105 2158 αὑτοῦ
1137 2105 1229 2159 καὶ
1260 2105 1521 2178 κομπώδη
1551 2107 1659 2161 τῶν
1686 2109 1977 2180 ἐγκωμίων

397 2195 596 2265 τρόπον
620 2212 634 2261 ;
674 2194 915 2267 Πατρίδα
942 2195 1034 2248 καὶ
1062 2196 1236 2264 γένος,
1272 2197 1367 2251 καὶ
1399 2196 1498 2269 τὴν
1524 2198 1589 2251 ἐκ
1617 2198 1817 2267 γονέων
1849 2200 1976 2254 ἀναο

397 2283 624 2354 τροφὴν,
656 2283 752 2337 καὶ
783 2283 853 2337 τὰ
880 2283 1004 2337 καθ’
1036 2284 1263 2339 ἕκαστον
1292 2285 1385 2338 τοῦ
1410 2285 1524 2356 βίου
1548 2288 1972 2359 ἐπιτηδεύματα,

396 2368 478 2437 οἷς
515 2372 821 2445 συνηυξήθη
864 2390 924 2427 τε
972 2373 1067 2427 καὶ
1114 2375 1427 2446 συνήκμασε
1456 2418 1471 2442 ,
1529 2379 1622 2431 καὶ
1670 2378 1736 2431 δι’
1801 2372 1875 2433 ὧν
1919 2379 1977 2432 τὸ

398 2467 699 2539 περιφανές
743 2484 801 2520 τε
844 2467 940 2521 καὶ
971 2466 1325 2539 περίϐλεπτον
1355 2468 1511 2541 ἔσχεν
1550 2471 1607 2523 ἐν
1631 2470 1855 2542 ἀνδράσι
1887 2486 1979 2538 γε·

399 2559 592 2629 γονώς.
633 2558 794 2613 Ἀλλὰ
821 2558 1156 2630 παρωθεῖται
1187 2562 1367 2614 πᾶσαν
1401 2561 1498 2632 τὴν
1544 2562 1805 2634 κομπώδη
1843 2565 1975 2617 ταύ-

398 2670 498 2724 την
526 2651 826 2723 ὑψηγορίαν
856 2650 917 2704 τὸ
949 2650 1178 2721 μέγεθος
1206 2651 1314 2705 τῶν
1359 2652 1487 2722 περὶ
1536 2652 1698 2706 αὑτὸν
1745 2651 1978 2724 θεωρουο

403 2743 580 2814 μένων
609 2740 808 2807 καλῶν,
848 2741 931 2795 ὅτι
962 2740 1098 2810 πρὸς
1124 2740 1427 2796 τούναντίον
1459 2741 1695 2794 ἐκϐαίνει
1725 2740 1786 2794 τὸ
1814 2759 1979 2795 σπου-

399 2833 710 2905 δαζόμενον,
744 2832 822 2903 τῷ
854 2832 927 2904 μὴ
959 2829 1097 2886 εἶναι
1135 2830 1361 2902 δύναμιν
1404 2833 1460 2885 ἐν
1493 2831 1670 2901 λόγοις
1697 2832 1973 2904 τοιαύτην,

399 2926 522 2995 ἥτις
551 2924 642 2978 τοῦ
693 2923 955 2994 μεγέθους
999 2922 1108 2976 τῶν
1151 2921 1443 2993 θαυμάτων
1497 2923 1632 2995 πρὸς
1674 2922 1830 2989 ἀξίαν
1878 2925 1975 2995 ἐφο

400 3014 619 3083 ἅψεται.
660 3012 747 3077 Ὠς
772 3012 837 3066 ἂν
864 3006 956 3065 οὖν
1005 3011 1079 3083 μὴ
1104 3013 1170 3081 τῇ
1203 3012 1501 3083 μικροφυῖᾳ
1529 3013 1623 3067 τοῦ
1656 3013 1813 3083 λόγου
1846 3030 1976 3083 συγ-

401 3103 755 3176 καθαιρεθείη
799 3103 861 3157 τὸ
892 3103 1098 3174 θαῦμα,
1126 3105 1219 3157 καὶ
1245 3104 1344 3174 τῆς
1376 3106 1434 3159 ἐν
1462 3105 1675 3176 ἑκάστῳ
1713 3106 1808 3161 νῦν
1848 3108 1977 3179 περὶ

402 3173 751 3261 αὑτοὺνδόξης
773 3190 980 3260 γένοιτό
1004 3173 1097 3255 τις
1121 3191 1210 3245 διὰ
1234 3173 1342 3247 τῶν
1374 3194 1614 3248 ἐπαινεῖν
1646 3173 1980 3267 ἐπιχειρούν-
2004 3173 2048 3231 C

401 3302 511 3338 των
542 3282 853 3346 ἐλάττωσις,
904 3285 1148 3354 κρεῖττον
1199 3282 1265 3337 ἂν
1308 3284 1393 3354 εἴη
1439 3286 1503 3357 τῇ
1554 3288 1730 3357 σιωπῇ
1783 3286 1979 3356 μᾶλλον

402 3373 587 3439 αὔξειν
615 3374 674 3428 ἐν
691 3374 913 3437 ,ἑαυτοῖς
945 3372 1015 3425 τὸ.
1034 3371 1249 3442 θαῦμα,
1293 3374 1326 3446 ἢ
1361 3373 1449 3439 διὰ
1496 3373 1588 3429 τοῦ
1622 3375 1779 3444 λόγου
1813 3393 1982 3431 κατα-

406 3464 725 3536 σμικρύνειν
772 3464 864 3518 τὸν
893 3463 1132 3522 ἔπαινον.
1184 3465 1250 3518 Τί
1282 3464 1391 3536 γὰρ
1415 3467 1480 3522 ἄν
1526 3483 1611 3531 τις
1640 3468 1880 3523 τοιοῦτον
1908 3471 1984 3524 εἰ-

406 3553 544 3617 πὼν,
572 3556 894 3626 σεμνότερον
921 3556 1082 3610 αὑτὸν
1122 3557 1538 3627 ἀπεργάσαιτο;
1585 3553 1732 3631 ’Ἄρα
1775 3560 1985 3626 δέξαιτο

404 3646 471 3701 ἂν
498 3648 704 3711 ἐκεῖνος
729 3646 827 3718 τὴν
856 3647 944 3700 διὰ
974 3648 1174 3719 σαρκός
1206 3666 1265 3702 τε
1298 3650 1392 3703 καὶ
1424 3651 1651 3720 αἵματος
1685 3651 1983 3722 λεγομένην

403 3740 719 3811 εὖγένειαν;
760 3742 867 3797 Καὶ
901 3742 983 3807 τίς
1007 3745 1107 3798 οὑκ
1138 3742 1278 3799 οἶδεν
1305 3745 1400 3799 τοῦ
1432 3745 1669 3816 μεγάλου
1706 3745 1806 3816 τὴν
1855 3746 1984 3817 περὶ

401 3834 502 3906 τὴν
533 3836 711 3907 σάρκα
738 3835 997 3899 διάθεσιν,
1030 3836 1106 3900 ὡς
1150 3837 1407 3902 ἐναντίως
1447 3838 1584 3909 πρὸς
1612 3838 1782 3910 αὑτὴν
1815 3834 1981 3910 εἶχεν,

404 3925 658 3996 καθάπερ
690 3925 1023 3996 ἀνδράποδόν
1054 3943 1106 3979 τι
1137 3926 1463 3997 δραπετικὸν
1511 3928 1600 3982 ἀεὶ
1629 3930 1741 3992 τοῖς
1786 3929 1851 3981 ἐκ
1875 3927 1983 3982 τῶν

403 4014 680 4085 λογισμῶν
707 4014 924 4085 δεσμοῖς
954 4014 1312 4086 περιϐάλλων,
1356 4017 1451 4069 καὶ
1480 4016 1577 4070 διὰ·
1613 4016 1709 4088 τῆς
1746 4019 1982 4088 ἀκροτά-

403 4120 505 4173 της
533 4102 903 4165 κακοπαθείας
924 4120 984 4156 τε
1004 4103 1097 4157 καὶ
1125 4104 1471 4175 ἐγκρατείας,
1505 4105 1782 4176 μαστίζων
1808 4124 1865 4160 τε
1889 4108 1984 4161 καὶ

406 4194 680 4266 στρεϐλῶν
706 4194 798 4248 τὸν
821 4195 1109 4265 μαστιγίαν
1139 4197 1343 4250 ἐκεῖνον
1369 4196 1552 4251 δοῦλον
1578 4197 1640 4250 τὸ
1666 4198 1846 4269 σῶμα,
1874 4194 1983 4253 οἷόν

403 4302 490 4348 τις
524 4284 894 4356 ἀπαραίτητος
935 4283 1222 4353 δεσπότης,
1267 4284 1520 4356 οὐδεμίαν
1547 4286 1727 4342 ἄνεσιν
1752 4288 1982 4353 ἐνδιδοὺς

404 4375 485 4445 τῷ
508 4375 795 4449 δεσμώτης
826 4375 931 4430 Τὸν
962 4372 1054 4431 οὖν
1083 4375 1254 4440 οὕτως
1287 4375 1478 4448 ἔχοντα
1506 4379 1634 4450 περὶ
1655 4379 1752 4450 τὴν
1783 4381 1978 4451 σάρκα,

403 4467 496 4521 διὰ
537 4467 636 4538 τῆς
681 4468 1001 4540 σωματικῆς
1033 4468 1351 4539 εὐεργεσίας
1400 4469 1826 4541 ἀποσεμνύνειν,
1872 4473 1981 4527 τῶν

406 4560 764 4630 ἀλογωτάτων
809 4560 875 4614 ἂν
906 4561 1014 4631 εἴη.
1046 4561 1170 4625 Πῶς
1196 4560 1303 4633 γὰρ
1344 4560 1455 4614 ὑπὸ
1480 4560 1670 4616 τούτου
1699 4561 1793 4618 νῦν
1819 4581 1982 4634 τιμη-

402 4648 653 4723 θήσεται,
680 4645 724 4720 ᾦ
759 4654 908 4724 παρὰ
940 4652 1037 4724 τὴν
1074 4652 1217 4724 ζωὴν
1248 4652 1621 4724 ἐπῃσχύνετος
1673 4654 1903 4726 Ὁμοίως
1927 4655 1983 4709 δὲ

406 4744 503 4799 καὶ
531 4745 633 4814 τῆς
666 4744 923 4816 πατρίδος
952 4746 985 4816 ἡ
1016 4747 1222 4817 μνήμη,
1251 4745 1330 4816 τῷ
1358 4746 1487 4817 περὶ
1518 4746 1612 4800 τοῦ
1644 4746 1832 4815 γένους
1861 4765 1984 4801 cov-

404 4833 726 4889 εκϐἀλλεται
775 4834 936 4906 λόγῳ.
998 4834 1058 4889 '0
1098 4835 1205 4907 γὰρ
1237 4836 1436 4900 παντὸς
1482 4836 1737 4908 ὑπερθεὶς
1791 4840 1983 4893 ἑαυτὸν

404 4926 500 4979 τοῦ
531 4926 759 4997 κόσμου,
812 4925 905 4981 καὶ
945 4921 1056 4979 οἷον
1100 4928 1598 5000 στενοχωρούμενος
1646 4930 1703 4983 ἐν
1737 4929 1884 5002 πάσῃ
1913 4933 1979 5001 τῇ

404 5016 640 5088 αἰσθητῇ
672 5017 782 5070 τῶν
815 5017 1091 5087 στοιχείων
1124 5017 1303 5087 φύσει,
1349 5016 1427 5081 ὡς
1455 5020 1589 5091 μηδὲ
1625 5019 1716 5073 τὸν
1755 5021 1980 5092 οὐρανὸν

406 5110 593 5178 φέρειν
645 5108 839 5163 ἑαυτοῦ
886 5108 1277 5180 ὑπερκείμενον
1313 5127 1326 5141 ο
1378 5110 1492 5165 ἀλλ’
1533 5111 1613 5174 εἰς
1642 5112 1703 5165 τὸ
1728 5112 1980 5167 ἐπέκεινα

404 5201 584 5255 ἵεσθαι
606 5203 672 5273 τῇ
705 5202 874 5273 ψυχῇ,
906 5200 1000 5255 καὶ
1032 5200 1448 5273 ὑπερκύπτοντα
1475 5203 1572 5274 τὴν
1596 5202 1856 5275 αἰσθητὴν
1885 5204 1979 5259 τοῦ

404 5291 614 5361 κόσμου
659 5293 921 5365 περιοχὴν
958 5292 1046 5346 ἀεὶ
1089 5295 1201 5356 τοῖς
1244 5296 1455 5363 νοητοῖς
1490 5295 1845 5364 ἐμϐατεύειν,
1887 5296 1982 5349 καὶ

405 5385 954 5457 συμμετεωροπορεῖν
990 5386 1110 5448 ταῖς
1148 5383 1320 5448 θείαις
1360 5384 1655 5456 δυνάμεσι,
1699 5387 1865 5458 μηδὲν
1906 5387 1983 5457 τῷ

406 5473 705 5545 σωματικῷ
737 5474 971 5545 ἐφολκὶῳ
996 5474 1131 5547 πρὸς
1152 5473 1253 5547 τὴν
1273 5472 1369 5528 τοῦ
1395 5474 1483 5530 νοῦ
1508 5478 1732 5548 πορείαν
1766 5480 1983 5549 ἐμποδι-

404 5569 632 5635 ζόμενος
657 5585 671 5602 ο
719 5568 849 5622 πότε
884 5568 950 5623 ἂν
990 5568 1198 5635 δέξαιτο
1235 5568 1389 5641 μέρει
1412 5570 1515 5624 τινὶ
1539 5572 1638 5641 τῆς
1661 5574 1761 5644 γῆς
1791 5575 1980 5627 ἑαυτὸν

487 5745 529 5776 ³⁸
560 5744 709 5800 Deut.
772 5758 949 5811 ηυγ,
980 5748 1032 5805 6.

2080 1925 2305 1980 veniens
2357 1931 2413 1979 et
2460 1923 2808 1978 commodum
2853 1922 3016 1979 fuerit
3063 1924 3380 1979 memoriam
3417 1924 3521 1979 viri
3568 1938 3666 1994 per

2083 1998 2172 2073 res
2209 2016 2286 2071 illi
2327 2022 2514 2086 gratas
2560 2013 2966 2069 concelebrare.
3015 2013 3203 2083 itaque
3261 2015 3661 2086 dispiciendum

2080 2116 2136 2161 et
2187 2105 2645 2162 considerandum
2696 2110 2799 2169 est,
2847 2117 2955 2174 qua
3014 2105 3226 2160 ratione
3272 2104 3472 2161 festum
3518 2106 3664 2161 hunc

2082 2196 2228 2252 diem
2262 2195 2659 2251 constituentes
2701 2194 2779 2248 ita
2816 2200 3144 2249 conventum
3178 2207 3426 2265 agamus,
3456 2202 3516 2249 ut
3544 2210 3666 2249 san-

2081 2297 2172 2344 cto
2224 2288 2376 2344 cordi
2419 2294 2523 2343 est.
2573 2287 2659 2341 An
2710 2285 2912 2356 aliquis
2962 2284 3449 2340 demonstrativum
3495 2286 3550 2341 in
3598 2299 3665 2342 eo

2082 2380 2296 2437 dicendi
2335 2393 2506 2450 genus
2546 2385 2712 2447 atque
2756 2375 3005 2431 inllatum
3050 2375 3424 2431 laudationum
3455 2391 3661 2432 morem

2079 2474 2362 2546 requiret?
2386 2473 2518 2540 Quae
2539 2471 2715 2542 patria
2750 2469 2935 2535 fuerit,
2968 2484 3078 2540 quo
3102 2484 3299 2541 genere
3319 2476 3496 2534 ortus,
3526 2483 3666 2541 quo-

2080 2564 2246 2621 modo
2285 2579 2316 2619 a
2350 2564 2666 2634 parentibus
2705 2562 2993 2627 educatus,
3036 2577 3156 2632 qua:
3196 2562 3506 2633 singulatim
3540 2563 3666 2618 vita:

2081 2658 2261 2712 studia
2315 2655 2553 2721 fuerint,
2598 2655 2926 2726 quibuscum
2997 2654 3158 2709 simul
3227 2661 3282 2709 et
3331 2654 3566 2710 creverit
3613 2662 3667 2710 et

2083 2745 2334 2818 viguerit,
2376 2753 2430 2801 et
2480 2746 2623 2800 inter
2645 2746 2795 2800 viros
2843 2744 3050 2808 clarus,
3096 2742 3412 2813 spectabilis
3444 2752 3500 2798 et
3539 2743 3665 2799 illu-

2081 2836 2215 2892 stris
2250 2834 2526 2890 evaserit?
2569 2834 2640 2887 At
2690 2832 3010 2903 magnitudo
3053 2833 3320 2887 bonorum
3360 2847 3482 2901 quae
3519 2832 3666 2887 circa

2081 2941 2206 2983 eum
2236 2932 2575 2996 spectantur,
2607 2938 2771 2979 omne
2802 2923 2907 2978 hoc
2938 2920 3181 2976 inﬂatum
3222 2928 3276 2977 et
3315 2921 3550 2978 sublime
3576 2937 3668 2993 ge-

2082 3032 2189 3073 nus
2226 3015 2442 3072 dicendi
2483 3013 2732 3086 repudiat
2775 3018 2831 3068 et
2873 3019 3178 3077 aversatur,
3225 3012 3354 3082 quia
3389 3013 3666 3083 negotium

2083 3111 2140 3166 in
2171 3108 2512 3167 contrarium
2539 3106 2827 3178 redigitur,
2858 3119 2926 3161 eo
2959 3103 3105 3176 quod
3145 3120 3257 3161 non
3300 3105 3372 3161 sit
3396 3104 3665 3176 ejusmodi

2082 3203 2164 3259 vis
2195 3200 2251 3255 in
2283 3200 2485 3263 verbis,
2512 3213 2633 3269 quae
2668 3196 3057 3253 miraculorum
3096 3197 3529 3268 magnitudinem
3568 3212 3670 3268 pro

2081 3291 2347 3363 dignitate
2372 3298 2719 3361 assequatur.
2766 3286 2848 3345 Ne
2893 3288 3060 3360 igitur
3086 3303 3199 3343 una
3240 3303 3365 3343 cum
3399 3288 3668 3344 orationis

2082 3384 2326 3439 exilitate
2350 3383 2677 3438 miraculum
2708 3380 3051 3452 deprimatur
3069 3386 3125 3435 et
3150 3387 3494 3447 extenuetur,
3521 3381 3669 3451 ejus-

2083 3489 2189 3543 que
2219 3488 2382 3543 quam
2413 3486 2562 3526 nunc
2600 3470 2980 3540 unusquisque
3017 3470 3086 3526 de
3123 3485 3190 3524 eo
3218 3478 3536 3540 conceptam
3568 3472 3668 3527 ha-

2082 3565 2173 3620 bet
2200 3563 2533 3634 opinionem,
2559 3576 2657 3631 per
2682 3576 2778 3618 eos
2802 3561 2895 3631 qui
2939 3560 3167 3616 laudare
3209 3562 3391 3615 conati
3439 3561 3666 3628 fuerint,

2084 3655 2264 3723 aliqua
2309 3651 2600 3707 diminutio
2640 3650 2733 3703 fiat
2773 3667 2787 3704 :
2826 3648 3173 3705 commodius
3225 3649 3391 3705 fuerit
3449 3650 3670 3708 silentio

2085 3744 2267 3813 potius
2312 3742 2366 3795 in
2404 3741 2566 3795 nobis
2607 3754 2807 3810 augere
2843 3738 3192 3804 miraculum,
3223 3754 3387 3810 quam
3423 3740 3670 3798 oratione

2085 3835 2297 3890 laudem
2354 3833 2679 3888 imminuere
2733 3839 2898 3901 atque
2945 3838 3258 3886 extenuare.
3310 3829 3469 3898 Quali
3521 3833 3667 3887 enim

2083 3929 2332 3986 oratione
2362 3927 2488 3997 quis
2530 3940 2656 3980 eum
2697 3923 3068 3995 augustiorem
3113 3921 3398 3978 effecerit?
3443 3922 3529 3978 An
3576 3924 3669 3981 ille

2081 4033 2227 4083 eam,
2271 4031 2394 4089 quae
2442 4031 2541 4086 per
2583 4028 2806 4070 carnem
2847 4019 2904 4069 et
2940 4013 3260 4084 sanguinem
3304 4012 3666 4086 (contingere)

2082 4110 2284 4166 dicitur
2309 4108 2646 4165 nobilitatem
2689 4121 2753 4162 ac
2791 4107 3013 4178 generis
3054 4106 3441 4162 claritudinem
3471 4122 3661 4178 appro-

2081 4202 2333 4257 baverit?
2364 4199 2431 4255 Et
2456 4200 2579 4272 quis
2606 4198 2821 4271 ignorat
2863 4198 3046 4269 magni
3097 4198 3246 4254 illius
3284 4214 3412 4271 erga
3445 4214 3666 4255 carnem

2081 4292 2442 4357 affectionem,
2483 4304 2646 4359 quam
2703 4287 2755 4343 ei
2807 4286 3154 4344 adversarius
3200 4298 3366 4351 esset,
3405 4295 3664 4357 tanquam

2082 4384 2358 4453 mancipio
2386 4381 2604 4437 cuidam
2635 4380 2861 4450 fugitivo
2884 4393 3101 4451 semper
3141 4379 3359 4434 vincula
3391 4381 3664 4432 rationum

2088 4476 2365 4547 injiciens,
2389 4488 2452 4529 ac
2487 4489 2582 4545 per
2616 4486 2883 4529 summam
2932 4471 3275 4526 aﬂlictionem
3306 4477 3467 4538 atque
3489 4467 3669 4524 conti-

2085 4570 2325 4625 nentiam
2372 4567 2655 4639 llagellans
2697 4572 2752 4620 et
2801 4571 3065 4633 torquens
3105 4562 3456 4617 verberonem
3512 4560 3664 4615 illum

2088 4675 2304 4718 servum
2333 4674 2557 4731 corpus,
2585 4658 2741 4731 quasi
2779 4656 3000 4727 quidam
3034 4653 3385 4710 inexorabilis
3409 4651 3667 4711 dominus

2087 4752 2288 4807 nullam
2312 4752 2496 4806 vincto
2533 4748 2925 4805 relaxationem
2962 4744 3290 4816 indulgens?
3318 4741 3450 4797 Eum
3477 4742 3665 4813 igitur,

2085 4844 2178 4914 qui
2215 4844 2290 4897 ita
2340 4840 2564 4897 affectus
2604 4849 2743 4896 esset
2789 4853 2919 4910 erga
2946 4852 3191 4903 carnem,
3230 4844 3451 4907 propter
3471 4850 3667 4904 corpo-
3730 4894 3731 4897 η

2085 4933 2201 4986 rale
2246 4929 2568 4985 beneficium
2599 4928 2878 4983 celebrare
2933 4934 2988 4981 et
3035 4925 3223 4981 verbis
3262 4923 3544 4986 extollere,
3579 4940 3669 4980 res

2088 5020 2482 5079 absurdissima
2516 5019 2698 5075 fuerit.
2727 5018 2864 5074 Nam
2893 5018 2988 5090 qui
3031 5031 3177 5071 nunc
3213 5015 3282 5069 ab
3318 5030 3383 5069 ea
3409 5030 3469 5070 re
3497 5015 3671 5070 hono-

2090 5115 2321 5178 rabitur,
2352 5113 2511 5184 cujus
2539 5127 2664 5167 eum
2692 5114 2748 5167 in
2779 5113 2887 5167 vita
2912 5108 3188 5181 pudebat?
3213 5108 3390 5178 Atque
3415 5108 3669 5163 similiter

2090 5221 2198 5260 una
2230 5220 2356 5259 cum
2389 5204 2687 5275 quaestione
2713 5202 2949 5274 generis,
2984 5199 3175 5270 patria:
3213 5212 3433 5268 quoque
3462 5201 3670 5252 mentio

2089 5293 2306 5365 ejicitur
2350 5302 2404 5347 et
2459 5292 2794 5362 repudiatur.
2824 5291 2924 5357 Qui
2952 5290 3098 5345 enim
3145 5303 3204 5344 se
3255 5302 3421 5360 supra
3451 5302 3667 5343 omnem

2090 5385 2353 5441 mundum
2400 5393 2677 5456 posuerat,
2723 5390 2779 5438 et
2817 5382 2971 5451 quasi
3016 5381 3400 5437 coarctabatur
3431 5380 3485 5434 in
3520 5381 3666 5434 omni

2090 5477 2338 5535 sensibili
2382 5477 2769 5532 elementorum
2828 5483 3042 5539 natura,
3088 5473 3226 5529 adeo
3265 5470 3325 5527 ut
3363 5487 3432 5528 ne
3469 5474 3667 5527 cadum

2088 5571 2303 5641 quidem
2349 5585 2513 5640 supra
2564 5584 2621 5623 se
2665 5568 2897 5638 positum
2936 5566 3119 5631 ferret,
3160 5564 3255 5620 sed
3308 5569 3375 5623 ad
3410 5565 3667 5622 ulteriora
