4050 6164
472 335 577 391 8i5

1746 328 1802 383 S.
1841 328 2166 387 GREGOBII
2205 330 2494 387 NYSSENI
2568 327 2573 334 ’

3607 332 3715 390 816

471 427 654 504 anima
694 447 1066 513 contenderet,
1115 452 1167 500 et
1204 443 1516 501 sensibilem
1558 444 1743 499 mundi
1777 461 2029 516 superans

2144 447 2514 518 ἐπονομάζειν,
2558 446 2650 499 καὶ
2691 446 2776 500 διὰ
2815 445 2916 516 τῆς
2951 442 3047 498 τοῦ
3083 443 3249 497 τόπου
3279 440 3503 514 εὐφυΐας
3536 445 3715 516 ἑαυτῷ

471 537 799 607 amplexum,
829 551 1044 606 semper
1076 536 1131 589 in
1164 537 1230 592 iis
1253 551 1374 606 qum
1405 535 1740 605 cogitatione
1771 552 1834 591 ac
1867 546 2046 593 mente

439 647 447 654 ·
469 616 1030 698 comprehenduntur,
1047 627 1441 702 "inambularet,
1471 635 1524 680 et
1548 635 1848 696 occupatus
1877 638 2042 693 esset,

467 729 629 788 atque
653 733 758 788 una
787 733 910 774 cum
945 719 1141 776 divinis
1165 719 1462 774 virtutibus
1502 720 1555 773 in
1604 721 1821 774 sublimi
1855 736 2040 777 versa-

435 803 741 886 τεύξω-[ει
796 801 930 863 nihil
979 811 1344 879 impedimenti
1397 812 1698 878 corporalis
1749 815 1914 866 o'nere
1975 812 2041 864 ad

466 901 662 954 mentis
718 899 823 954 iter
883 899 1235 969 impediretur
1279 917 1292 954 :
1331 899 1548 969 quando
1595 902 1860 956 sustineat
1905 917 1963 957 se
2010 918 2038 954 a

417 1020 423 1054 -_
465 999 615 1061 parte
650 989 832 1062 aliqua
864 1001 1017 1046 terrae
1045 991 1449 1061 cognominare,
1475 1000 1529 1047 et
1553 1007 1646 1061 per
1676 993 1778 1046 loci
1806 993 2037 1046 felicita-

463 1092 567 1136 tem
617 1092 778 1152 atque
825 1082 1266 1136 commoditatem
1325 1083 1428 1137 sibi
1475 1082 1662 1137 laudes
1705 1083 2040 1151 corrugare?

461 1175 800 1244 contumelia
832 1175 974 1227 enim
1017 1172 1179 1226 fuerit
1220 1181 1272 1227 et
1309 1188 1559 1227 verarum
1600 1174 1819 1228 laudum
1854 1175 2035 1227 immi-

459 1267 634 1329 nutio,
667 1267 712 1320 si
739 1267 939 1318 virtute
967 1265 1033 1318 ad
1061 1265 1515 1318 considerandum
1545 1267 1845 1334 proposita,
1871 1281 2031 1334 aqua,

461 1355 698 1418 frondes,
745 1361 798 1409 et
846 1353 1032 1415 liores,
1081 1360 1134 1408 et
1182 1353 1351 1424 glebae
1405 1362 1566 1422 atque
1601 1355 1914 1423 hujusruodi
1950 1371 2036 1410 res

461 1444 810 1500 admirationi
855 1445 984 1507 sint,
1021 1459 1144 1498 cum
1191 1445 1395 1514 alioqui
1443 1445 1708 1515 quidquid
1737 1447 1919 1500 libera:
1945 1461 2040 1500 vo-

2141 540 2264 602 τούς
2303 539 2554 602 ἐπαίνους
2607 536 3086 609 συνερανίζεσθαις
3139 535 3336 606 ’Υόρις
3381 535 3489 605 γὰρ
3528 535 3594 589 ἂν
3625 538 3711 607 εῐη

2140 630 2234 682 καὶ
2255 629 2361 681 τῶν
2395 629 2662 700 ἀληθινῶν
2691 629 2926 682 ἐπαίνων
2963 627 3276 689 ἐλάττωσις,
3309 627 3357 678 εί
3383 627 3482 696 τῆς
3511 627 3715 697 ἀρετῆς

2141 722 2505 792 προκειμένης
2534 723 2600 791 τῇ
2627 715 2848 790 θεωρίᾳ,
2876 718 3038 789 ὕδωρ,
3067 717 3159 771 καὶ
3183 717 3374 786 φύλλα,
3402 719 3494 771 καὶ
3518 718 3711 786 βῶλος,

2139 811 2339 864 καὶτὰ
2372 813 2589 864 τοιαῦτα
2639 809 2989 879 Θαυμάςοιτο.
3060 809 3270 871 ’Ἄλλως
3315 826 3373 861 τε
3415 811 3522 862 πᾶν
3562 809 3590 860 ὃ
3635 809 3713 878 μὴ

2146 905 2518 976 προαιρέσεως
2546 906 2753 972 γίνεται
2798 905 3002 972 κτῆμα,
3032 903 3135 955 κᾶν
3167 903 3248 954 ὃτι
3278 899 3511 972 μάλιστα
3549 903 3711 954 καλὸν

2143 989 2199 1067 ᾖ,
2229 994 2484 1064 οὐδεμίαν
2519 995 2793 1064 εὐφημίαν
2823 993 3015 1062 ἐκείνῳ
3047 993 3220 1064 φέρει,
3250 987 3294 1060 ᾧ
3323 997 3464 1044 κατὰ
3491 993 3549 1044 τὸ
3579 992 3715 1043 αὐτὸ

2146 1085 2464 1155 συνηνέχθη.
2494 1084 2701 1137 Οὐκοῦν
2734 1083 3026 1137 σιωπάσθω
3067 1084 3264 1152 πατρὶς
3293 1083 3387 1134 καὶ
3421 1083 3594 1150 γένος,
3619 1083 3716 1133 καὶ

2145 1177 2250 1229 πᾶν
2274 1178 2334 1229 τὸ
2355 1174 2612 1251 τοιοῦτον,
2643 1175 2671 1226 ὃ
2703 1177 2768 1244 τῇ
2807 1175 3098 1244 αὐτομάτῳ
3123 1175 3378 1243 συντυχίᾳ
3400 1177 3510 1236 τοῖς
3533 1175 3714 1225 ἐπιτυ-

2141 1267 2294 1337 χοῦσι
2321 1267 2674 1336 συμφέρεται.
2713 1265 2956 1334 Ἐκείνης
2981 1265 3023 1317 δ’
3056 1265 3120 1320 ἄν
3147 1282 3229 1327 τις
3256 1265 3478 1326 εἰκότως
3504 1265 3589 1316 ἐπ’
3617 1265 3713 1316 αὐο

2140 1356 2235 1409 τοῦ
2263 1356 2520 1427 μνησθείη
2553 1355 2805 1427 πατρίδος
2830 1373 2888 1408 τε
2911 1356 3003 1408 καὶ
3023 1356 3316 1424 εὐγενείας,
3347 1357 3380 1426 ἢ
3410 1355 3497 1408 διὰ
3528 1372 3717 1425 προαι-

2147 1447 2353 1519 ρέσεως
2377 1449 2488 1510 τοῖς
2519 1447 2877 1500 ἐσπουδακόσι
2904 1446 3270 1516 προσγίνεται.

461 1535 686 1588 luntatis
716 1535 917 1588 bonum
949 1549 1056 1587 non
1085 1543 1188 1597 est.
1219 1537 1432 1592 etiamsi
1463 1552 1624 1606 quam
1657 1540 1889 1592 maxime
1920 1539 2232 1607 pulchrum,
2302 1539 2650 1594 commodum
2720 1549 2773 1593 ct
2817 1539 3093 1608 egregium
3139 1539 3230 1600 sit,
3283 1538 3483 1592 nullam
3555 1539 3714 1592 fama:

458 1639 512 1683 et
542 1628 778 1683 nominis
816 1629 1338 1691 commendationem
1373 1630 1564 1684 afferat
1607 1631 1703 1694 illi,
1745 1632 1833 1685 cui
1868 1633 2032 1687 simul
2063 1635 2372 1703 contigerit.
2443 1633 2680 1688 Proinde
2728 1633 2948 1688 silentio
2998 1641 3350 1702 prmtereatur
3404 1635 3575 1702 patria
3647 1652 3713 1689 ac

458 1737 651 1790 genus,
700 1729 754 1776 et
803 1720 1067 1790 quidquid
1108 1707 1379 1788 ejusmodi
1425 1729 1529 1787 est,
1564 1728 1622 1775 ut
1653 1720 1877 1776 fortuita
1910 1725 2272 1779 concursione
2328 1733 2384 1781 et
2424 1740 2557 1780 casu
2619 1725 2909 1794 quibusvis
2961 1724 3260 1793 contingat.
3323 1722 3472 1779 Illius
3531 1739 3712 1778 autem

460 1815 651 1867 merito
693 1810 816 1882 quis
848 1811 899 1864 in
945 1825 1010 1866 eo
1041 1811 1230 1880 patriae
1273 1819 1434 1882 atque
1461 1812 1766 1869 nobilitatis
1797 1815 2126 1870 mentionem
2155 1814 2364 1883 fecerit,
2403 1832 2526 1887 qua:
2565 1817 2746 1870 liberae
2811 1814 3104 1870 voluntatis
3176 1814 3403 1868 arbitrio
3469 1815 3555 1878 iis,
3614 1814 3709 1885 qui

456 1918 574 1957 cam
607 1902 988 1972 expetiverint,
1024 1903 1314 1972 contingit.
1541 1959 1544 1963 ,
1625 1949 1633 1958 .
1797 1950 1802 1954 .
2001 1939 2006 1944 .
2127 1961 2131 1966 η
2580 1954 2586 1959 ,
2781 1950 2784 1952 γ

521 1983 658 2059 Qua:
695 1986 778 2050 est
812 1995 979 2072 igitur
1019 1994 1204 2058 Basilii
1243 1998 1499 2054 nobilitas
1536 2009 1589 2054 et
1637 1999 1907 2054 claritudo
1940 2013 2026 2068 ge-

2199 1999 2296 2062 Τίς
2323 1993 2414 2050 οὖν
2443 1999 2475 2068 ἡ
2519 1993 2799 2050 Βασιλείου
2839 1991 3119 2060 εὐγένεια;
3147 1989 3256 2042 Καὶ
3296 1987 3379 2051 τίς
3406 1989 3441 2058 ἠ
3470 1989 3666 2058 πατρίς
3693 2007 3707 2055 ;

459 2087 640 2140 neris?
681 2101 802 2155 quae
842 2088 1058 2157 patria?
1094 2088 1170 2143 Ac
1201 2103 1374 2159 genus
1410 2091 1630 2160 quidem
1682 2091 1760 2145 illi
1797 2091 2029 2166 familia-

2133 2093 2291 2154 Γένος
2321 2091 2418 2162 μὲν
2458 2087 2606 2156 αὐτῷ
2644 2089 2677 2155 ἡ
2710 2085 2842 2156 πρὸς
2892 2083 2952 2136 τὸ
2983 2082 3134 2136 Θεῖον
3172 2080 3475 2142 οἰκείωσιςο
3511 2081 3712 2150 πατρὶς

458 2176 592 2229 ritas
632 2182 684 2228 et
714 2175 1066 2229 necessitudo
1095 2191 1219 2230 cum
1257 2175 1365 2231 Deo
1393 2198 1404 2231 :
1439 2179 1615 2248 patria
1648 2193 1796 2243 vero,
1830 2179 2027 2234 virtus.

2133 2184 2208 2248 δέ,
2233 2186 2265 2253 η
2296 2181 2485 2253 ἀρετή.
2530 2180 2588 2232 Ὀ
2613 2179 2721 2247 γὰρ
2749 2176 2839 2229 τὸν
2867 2175 2999 2227 Θεὸν
3019 2173 3330 2243 δεξάμενος,
3367 2170 3546 2234 καθώς
3573 2187 3709 2239 φησι

457 2265 561 2331 Qui
603 2265 746 2320 enim
782 2264 947 2320 Deum
992 2267 1215 2334 recepit,
1272 2275 1330 2343 ut
1365 2267 1540 2337 inquit
1592 2268 2028 2337 Evangelium”,

2133 2277 2191 2329 τὸ
2229 2274 2579 2342 Εὐαγγέλιον,
2615 2269 2859 2334 ἐξουσίαν
2902 2267 3012 2336 ἔχει
3042 2267 3230 2318 τέκνον
3257 2264 3392 2317 Θεοῦ
3433 2263 3702 2332 γενέσθαι.

457 2349 782 2426 potestatem
821 2355 999 2421 habet,
1037 2365 1094 2410 ut
1126 2357 1276 2420 ﬁlius,
1311 2357 1402 2412 Dei
1453 2360 1565 2433 liat.
1595 2359 1740 2424 Quid
1755 2374 2031 2432 iverojno-

457 2449 622 2502 bilius
651 2455 704 2502 et
751 2447 1074 2517 generosius
1107 2447 1435 2516 cognatione
1459 2465 1598 2512 cum
1645 2449 1754 2503 Deo
1784 2451 1908 2519 quis
1942 2442 2028 2504 re-

457 2542 674 2612 quirat?
717 2540 820 2606 Qui
874 2547 1055 2593 autem
1101 2525 1300 2594 virtute
1339 2541 1601 2610 praeditus
1634 2549 1738 2604 est,
1785 2550 1838 2595 et
1890 2543 2032 2598 hanc

456 2635 706 2708 eol_it,‘et
753 2648 832 2699 ex
869 2631 972 2685 bac
1004 2631 1109 2685 sibi
1155 2633 1366 2687 reditus
1395 2632 1636 2697 conﬁcit,
1667 2641 1721 2686 et
1760 2644 2028 2703 quaestum

441 2727 605 2789 ~facit,
633 2725 866 2795 patriam
901 2739 1054 2779 suam
1085 2739 1311 2794 prorsus
1347 2724 1518 2780 eilicit
1549 2726 1601 2779 id
1638 2725 1691 2778 in
1729 2741 1838 2795 quo
1879 2727 2028 2780 vivit.

449 2817 741 2872 Sobrietas
783 2817 860 2869 illi
917 2799 1013 2886 pro
1075 2815 1536 2890 domicilioerat,
1585 2818 1858 2886 sapientia
1910 2820 2032 2872 loco

385 2909 387 2913 ’
447 2895 679 2976 paean;
715 2889 1169 2975 'justitiaaulciu
1218 2915 1273 2961 et
1302 2909 1503 2962 veritas
1535 2917 1602 2966 et
1627 2927 1632 2932 ·
1657 2909 1890 2980 puritas,
1933 2925 2030 2978 pro

459 2981 783 3068 splendidis,
817 2997 1124 3065 magniﬁcis
1157 3007 1321 3067 atque
1351 2999 1596 3054 visendis
1625 3008 1679 3053 et
1710 3001 2025 3069 conspicuis

455 3070 810 3166 rediii'Eiorum
853 3087 1192 3142 ornamentis
1221 3105 1232 3138 :
1259 3089 1310 3142 in
1344 3089 1544 3157 quibus
1571 3088 1825 3144 habitans
1859 3091 2030 3162 magis

352 3192 366 3201 "
402 3184 404 3186 ’
455 3172 544 3234 his
582 3167 955 3257 delectabatur
994 3179 1192 3257 aesilii
1241 3180 1514 3248 placebat,
1562 3196 1725 3249 quam
1764 3183 1856 3250 qui
1889 3197 2030 3234 mar-

335 3277 363 3284 "
393 3270 396 3272 ⁷
433 3259 660 3324 ”ιιίῐ)ι⁴εὲἰει
693 3275 746 3324 et
783 3259 993 3323 auratis
1033 3256 1242 3323 aedibus
1265 3269 1608 3339 gloriantur.
1661 3269 1716 3323 Si
1741 3271 1867 3340 quis
1907 3286 2028 3325 eum

2087 2419 2095 2428 ,
2133 2367 2197 2418 Τί
2229 2363 2286 2418 δὲ
2316 2367 2412 2434 τῆς
2443 2362 2577 2431 πρὸς
2609 2361 2740 2412 Θεὸν
2767 2357 3084 2425 συγγενείας
3121 2355 3499 2425 εὐγενέστερον
3532 2355 3595 2406 ἄν
3625 2370 3708 2414 τις

2133 2454 2544 2523 ἐπιζητήσειεν;
2602 2450 2660 2502 Ὀ
2698 2449 2753 2501 δὲ
2811 2450 2868 2500 ἐν
2905 2451 2969 2518 τῇ
3008 2448 3175 2518 ’ἀρετῇ
3223 2446 3318 2509 ὢν,
3359 2447 3452 2498 καὶ
3502 2443 3705 2511 ταύτην

2131 2543 2409 2615 γεωργῶν,
2460 2542 2552 2594 καὶ
2599 2541 2662 2592 ἐκ
2695 2538 2898 2608 ταύτης
2947 2539 3424 2608 ττροσοδευόμενοςἼ
3475 2536 3707 2609 auspicia

2133 2637 2348 2696 πάντως
2378 2630 2572 2687 ἑαυτοῦ
2605 2633 2831 2684 ποιεῖται
2871 2629 3028 2682 τοῦτο
3057 2622 3100 2696 ᾧ
3129 2629 3452 2700 ἐμϐιοτεύει.
3485 2631 3707 2699 Σωφρο-

2133 2728 2264 2798 σύνη
2293 2723 2360 2797 ἦν
2385 2724 2532 2796 αὐτῷ
2557 2724 2617 2776 τὸ
2655 2723 2921 2792 ἐφέστιον,
2954 2723 3113 2791 σοφία
3153 2722 3211 2774 τὸ
3244 2722 3428 2791 κτῆμα
3451 2740 3464 2754 ·
3504 2722 3710 2775 δικαιο-

2133 2817 2266 2887 σύνη
2291 2816 2346 2868 δὲ
2370 2815 2464 2869 καὶ
2508 2813 2730 2884 ἀλήθεια
2755 2813 2848 2864 καὶ
2892 2812 3219 2883 καθαρότης,
3243 2814 3311 2867 τὰ
3345 2813 3573 2883 λαμπρὰ
3612 2813 3708 2866 καὶ

2131 2908 2468 2980 περίϐλεπτα
2491 2903 2599 2976 τῶν
2620 2903 3061 2982 οἰκοδομημάτων
3081 2903 3263 2974 ,κάλλη
3285 2921 3297 2932 ·
3325 2899 3404 2968 οἷς
3432 2905 3708 2958 ἐνδιαιτώ.

2135 3004 2291 3072 μενος
2321 2996 2654 3070 ἐπηγάλλετο
2684 2995 2862 3057 πλέον,
2907 2995 2940 3065 ἢ
2969 2996 3091 3048 ὅσον
3124 2997 3173 3048 οἱ
3205 2999 3314 3059 τοῖς
3345 2998 3707 3068 μαρμαρίνοις

2131 3111 2188 3146 τε
2218 3093 2310 3146 καὶ
2336 3090 2729 3162 χρυσοπάστοις
2755 3089 2921 3149 οἴκοις
2947 3085 3381 3156 ἐναϐρυνόμενοι.
3410 3089 3574 3150 Είτις
3597 3089 3707 3141 ἀπὸ

2131 3185 2386 3254 τοιαύτης
2402 3182 2562 3236 αὐτὸν
2581 3180 2914 3252 ἐγκωμιάξοι
2935 3180 3208 3250 πατρίδος,
3228 3181 3319 3232 καὶ
3343 3180 3448 3232 ἀπὸ
3464 3181 3704 3234 τοιούτου

2133 3277 2382 3346 σεμνύνοι
2408 3275 2615 3343 γένους,
2635 3272 2810 3342 άληθῆ
2831 3288 2889 3324 τε
2921 3269 3085 3334 λέξει,
3111 3271 3203 3323 καὶ
3224 3270 3329 3323 ἀπὸ
3344 3271 3450 3322 τῶν
3482 3288 3703 3340 κεχαρι-

457 3361 527 3415 ob
575 3360 734 3438 talem
781 3359 1010 3429 patriam
1064 3359 1270 3422 laudet,
1329 3367 1384 3414 et
1431 3360 1501 3414 ob
1549 3360 1820 3430 ejusmodi
1859 3378 2028 3432 genus

2136 3367 2505 3438 σμένωναύτῷ
2517 3370 2640 3428 τοὺς
2657 3365 2909 3435 ἐπαίνους
2925 3359 3225 3434 ποιήσεται·
3244 3364 3344 3434 γῆν
3356 3364 3528 3421 δέ,κα“ι
3544 3361 3704 3434 αἷμα,

425 3437 710 3528 ’ἲήΞῑὶοῐιθΔ
737 3451 975 3528 celebret
1025 3461 1188 3520 atque
1219 3451 1493 3516 honestet,
1529 3468 1651 3506 cum
1688 3467 1818 3508 vera
1847 3455 2027 3524 dicet;

339 3544 382 3553 "
430 3534 571 3618 Tum
606 3541 670 3599 ad
706 3525 798 3600 res
838 3543 887 3598 ei
921 3528 1127 3620 gratas,
1156 3544 1373 3599 'laudes
1395 3545 1844 3600 accommodabit
1875 3565 1886 3599 :
1917 3555 2027 3600 ter-

455 3627 571 3690 iam
617 3629 819 3699 autem,
861 3641 915 3690 et
951 3635 1293 3704 sanguinem,
1319 3643 1372 3687 et
1409 3649 1656 3700 carnem,
1708 3643 1762 3689 et
1789 3636 2024 3702 divitias,

454 3737 507 3782 et
535 3715 998 3798 principatus,vet
1048 3727 1132 3781 his
1166 3727 1326 3781 rebus
1379 3727 1734 3796 conjunctum
1780 3728 2031 3796 splendo-

445 3827 654 3880 tentet
690 3800 940 3892 gloriam,
986 3819 1171 3880 mundi
1203 3817 1418 3878 amicis,
1461 3817 1555 3885 qui
1590 3819 1793 3880 volent,
1836 3819 2028 3873 adesse

444 3908 753 3978 praedicent
793 3915 956 3974 atque
1004 3915 1296 3961 testentur.
1351 3907 1407 3960 Si
1445 3908 1612 3976 igitur
1639 3910 2027 3977 convenientes

456 3998 532 4051 illi
571 3997 791 4050 laudum
823 3996 1225 4052 celebrationes
1267 3997 1443 4051 oratio
1470 4005 1657 4052 nostra
1686 4014 1882 4068 capere
1921 4016 2024 4053 non

456 4075 636 4158 potest
667 4107 681 4142 ι
712 4087 984 4158 ejusmodi
1011 4089 1201 4143 ‘studi-a
1229 4089 1535 4144 recusanda
1566 4089 1791 4153 fuerint,
1827 4099 1881 4145 et
1906 4091 2029 4144 lau-

455 4180 736 4233 dationum
787 4186 931 4234 artes
982 4173 1308 4247 rejiciendre.
1357 4179 1642 4244 Quomodo
1693 4179 1861 4250 igitur
1915 4199 2026 4236 me-

456 4273 682 4332 moriam
713 4270 835 4340 ejus
861 4286 1105 4340 agemus,
1137 4270 1338 4340 aliquis
1365 4269 1598 4324 fortasse
1626 4270 1791 4334 dicet,
1823 4272 1869 4326 si
1901 4289 2024 4326 cum

454 4365 680 4425 laudum
731 4363 1196 4423 celebrationibus
1231 4361 1284 4415 id
1335 4377 1446 4415 non
1500 4361 1637 4416 ﬁet?
1665 4377 1772 4430 qua
1814 4364 2026 4418 ratione

452 4458 537 4511 lex
587 4437 884 4526 Scripturre
936 4442 1268 4522 inrplebitrt'r,
1318 4467 1440 4521 qua:
1471 4452 1604 4509 dicit
1629 4453 1671 4484 ¹⁸
1706 4455 2024 4509 memoriam

449 4548 722 4615 iustorum
779 4561 902 4599 cum
957 4545 1176 4598 laudum
1234 4543 1699 4600 celebrationibus
1743 4546 1826 4615 agi
1867 4562 2026 4616 opor-

453 4647 586 4700 tere,
624 4636 668 4689 si
702 4650 798 4704 per
824 4649 982 4690 veras
1019 4634 1239 4703 quidem
1275 4631 1468 4687 laudes
1501 4649 1683 4688 sermo
1721 4650 2024 4690 accommo-

451 4730 568 4783 dari
595 4744 703 4783 non
733 4734 932 4798 potest,
965 4741 1285 4781 communes
1325 4734 1506 4780 autem
1539 4709 2021 4781 sine'contumelia

451 4820 866 4874 commemorari
918 4819 1107 4874 laudes
1157 4835 1267 4873 non
1309 4821 1576 4889 possunt?
1625 4820 1730 4874 Sed
1787 4821 2021 4877 fortasse

449 4913 591 4966 ratio
639 4911 821 4981 aliqua
871 4925 979 4964 non
1029 4909 1224 4976 deerit,
1255 4926 1362 4979 qua
1415 4911 1503 4965 ille
1541 4919 1850 4966 nostrarum
1907 4913 2022 4965 lau-

448 5005 576 5058 dum
625 5004 848 5060 honoris
886 5011 939 5058 et
984 5003 1192 5072 praemii
1226 5019 1337 5058 non
1367 5005 1584 5072 penitus
1627 5020 1822 5074 expers
1849 5005 2013 5059 relin-

2136 3462 2229 3513 καὶ
2265 3460 2461 3531 σάρκα,
2492 3459 2586 3511 καὶ
2624 3457 2873 3520 πλοῦτον,
2910 3457 3002 3509 καὶ
3025 3455 3369 3517 δυναστείας,
3401 3457 3492 3506 καὶ
3522 3455 3621 3516 τὰς
3650 3458 3706 3506 ἐν

2134 3550 2338 3613 τούτοις
2360 3548 2712 3620 περιφανείας
2729 3565 2832 3617 προ
2841 3565 2947 3617 σμα
2954 3564 3048 3618 ρτυ
3055 3547 3214 3617 ρείτω
3223 3563 3316 3597 σαν
3333 3546 3381 3597 οί
3396 3544 3706 3614 βουλόμενοι

2133 3643 2244 3702 τοῖς
2265 3640 2356 3692 τοῦ
2381 3640 2583 3708 κόσμου
2610 3637 2802 3707 φίλοις.
2829 3638 2894 3690 Εί
2919 3633 3011 3689 οὖν
3040 3635 3319 3706 ἀχώρητον
3345 3634 3423 3704 τῷ
3451 3633 3706 3703 ἡμετέρῳ

2133 3733 2274 3801 λόγῳ
2316 3732 2376 3784 τὸ
2406 3728 2645 3802 ἁρμόζον
2688 3729 2880 3798 ἐκείνῳ
2925 3727 3215 3797 ἐγκώμιον,
3246 3725 3606 3797 παραιτητέον
3639 3725 3704 3778 ἂν

2135 3822 2216 3888 εἴη
2253 3819 2351 3881 τὰς
2389 3817 2642 3880 τοιαύτας
2691 3816 2943 3880 σπουδὰς,
2982 3815 3557 3886 καὶ’παραγράφεσ9αι
3597 3815 3704 3866 τῶν

2134 3911 2422 3980 ἐγκωμίων
2449 3909 2548 3970 τὰς
2592 3909 2805 3980 τέχνας.
2844 3909 2967 3971 Πῶς
2994 3904 3086 3961 οὖν
3120 3908 3218 3978 τὴν
3264 3910 3350 3960 ἐπ’
3375 3906 3524 3976 αὐτῷ
3564 3908 3700 3976 μνή-

2137 4018 2242 4071 μην
2269 4001 2582 4070 ὰγάγωμεν,
2609 4001 2737 4062 ἴσως
2775 4001 2892 4070 ἐρεῖ
2930 4016 3033 4062 τις,
3069 4001 3115 4050 εί
3161 3999 3233 4068 μὴ
3267 3999 3381 4067 μετ’
3415 4000 3700 4068 ἐγκωμίων

2133 4092 2291 4144 τοῦτο
2330 4092 2659 4161 ποιήσομεν;
2696 4089 2820 4152 Πῶς
2849 4091 2878 4142 ὁ
2906 4089 3066 4158 νόμος
3092 4089 3190 4157 τῆς
3230 4088 3269 4139 Γ
3276 4087 3449 4156 ραφῆς
3483 4087 3699 4156 πληρωο

2136 4186 2383 4254 θήσεται,
2436 4184 2494 4246 ὃς
2532 4200 2685 4254 φησι,
2738 4180 2834 4252 τὴν
2889 4181 3107 4251 μνήμην
3154 4179 3262 4232 τῶν
3309 4179 3530 4231 δικαίων
3585 4178 3697 4246 μετ’

2133 4276 2423 4346 ἐγκωμίων
2453 4276 2533 4328 δεῖ
2573 4274 2840 4342 γενέσθαι,
2884 4274 2932 4324 εί
2967 4272 3057 4324 τὸν
3103 4272 3200 4342 μὲν
3227 4271 3314 4323 διὰ
3349 4270 3456 4322 τῶν
3487 4269 3697 4338 ἀληθῶν

2133 4369 2368 4422 ἐπαίνων
2397 4368 2489 4422 τὸν
2529 4366 2686 4436 λόγον
2726 4365 3020 4437 προσάγειν
3061 4364 3207 4416 ἐστὶν
3232 4363 3534 4433 ἀμήχανον,
3562 4360 3620 4412 τὸ
3643 4360 3695 4413 δέ

2132 4461 2218 4513 διὰ
2247 4460 2351 4513 τῶν
2373 4459 2690 4531 κοινοτέρων
2715 4458 3070 4527 ἐφύϐριστονς
3106 4455 3242 4507 Ἀλλ’
3275 4455 3420 4506 ἐστιν
3451 4454 3579 4516 ἴσως
3601 4453 3698 4505 οὐχ

2132 4547 2403 4617 ἀπορῆσαι
2428 4565 2569 4610 τινος
2597 4546 2855 4609 ἐπινοίας,
2883 4547 2956 4608 ὼς
2991 4544 3063 4615 μὴ
3086 4544 3258 4614 πάντη
3286 4544 3394 4596 τῶν
3417 4544 3698 4613 ἡμετέρων

2134 4638 2291 4690 αὐτὸν
2344 4637 2581 4692 ἐπαίνων
2630 4636 3054 4705 καταλειφθῆναι
3102 4635 3421 4704 ἀγέραστον.
3469 4634 3564 4696 Τίς
3608 4629 3698 4685 οὖν

2129 4731 2274 4782 ἐστιν
2315 4731 2347 4799 ἡ
2382 4729 2646 4792 ἐπίνοια;’
2680 4727 2775 4789 Τίς
2801 4727 2902 4779 οὐκ
2943 4723 3098 4788 οἶδεν,
3138 4726 3218 4778 ὅτι
3253 4727 3361 4786 πᾶς
3405 4724 3563 4792 λόγος
3592 4724 3697 4776 τῶν

2127 4820 2716 4892 ἐργωνδιεζευγμένος,
2748 4819 2973 4889 μάταιος
3005 4817 3123 4870 καθ’
3159 4817 3350 4869 ἑαυτὸν
3377 4819 3469 4869 καὶ
3501 4816 3698 4868 ἀνυπό-

2129 4927 2352 4974 στατος;
2394 4912 2458 4964 Ἦ
2503 4911 2560 4964 δὲ
2604 4909 2710 4962 τῶν
2759 4908 2933 4979 ἔργων
2972 4907 3132 4978 φύσις
3179 4910 3236 4962 ἐν
3269 4907 3565 4960 ὑποστάσει
3610 4907 3695 4958 καὶ

2128 5004 2353 5074 ἀληθείᾳ
2377 5003 2436 5055 τὸ
2462 5002 2753 5073 λεγόμενον
2782 5001 3072 5054 δείκνυσιν.

449 5110 671 5171 quatur.
700 5101 832 5167 Quae
864 5102 1030 5171 igitur
1073 5108 1159 5156 est
1198 5101 1376 5156 ratio?
1406 5100 1540 5166 Quis
1581 5102 1816 5172 ignorat,
1863 5103 2011 5173 quod
2064 5104 2248 5157 omnis
2291 5102 2468 5155 oratio
2546 5101 2614 5155 ab
2659 5099 2920 5169 operibus
2990 5099 3262 5168 disjuneta
3315 5111 3451 5149 vana
3503 5110 3600 5162 per
3642 5109 3696 5144 se

447 5199 539 5264 sit,
606 5206 660 5251 et
706 5212 815 5250 non
864 5195 1170 5251 subsistat?
1220 5197 1288 5248 At
1342 5203 1532 5249 natura
1580 5212 1806 5266 operum
1856 5197 1912 5252 in
1969 5197 2277 5254 substantia
2329 5205 2495 5266 atque
2541 5195 2775 5250 veritate
2853 5195 2904 5248 id
2959 5195 3104 5264 quod
3162 5193 3386 5256 dicitur,
3459 5189 3692 5244 ostendit

447 5307 502 5348 et
534 5301 904 5364 reprmsenlat.

517 5389 689 5459 igitur
721 5389 969 5443 oratione
1015 5387 1194 5458 potior
1243 5387 1406 5444 fuerit
1453 5403 1516 5444 ea
1563 5389 1702 5456 laus,
1756 5406 1878 5461 quae
1921 5406 2020 5461 per

448 5498 612 5550 opera
660 5490 950 5551 praestetur
992 5491 1044 5535 et
1082 5489 1522 5550 repraesentetur.
1572 5479 1685 5535 Hoc
1732 5498 1861 5538 vero
1891 5485 2018 5554 quid

448 5573 568 5625 est?
606 5571 675 5625 Ut
714 5589 810 5641 per
853 5575 1171 5627 memoriam
1228 5573 1374 5627 illius
1418 5575 1530 5626 vita
1582 5580 1776 5630 nostra
1829 5575 2022 5630 melior

518 5746 560 5777 ”
587 5742 742 5798 Joan.
776 5743 926 5808 1,12.
1003 5745 1044 5776 ιθ
1085 5743 1228 5798 Eccl.
1258 5756 1405 5810 xxv,
1442 5746 1524 5799 lt.

2197 5387 2406 5442 Οὐκοῦν
2439 5385 2828 5457 προτιμότερος
2867 5383 2934 5436 ἂν
2970 5382 3052 5451 εἴη
3092 5379 3184 5433 τοῦ
3229 5379 3388 5446 λόγου
3418 5379 3446 5430 ὁ
3478 5376 3564 5428 διὰ
3588 5374 3691 5427 τῶν

2127 5482 2304 5553 ἔργων
2334 5476 2705 5548 πληρούμενος
2730 5474 2967 5536 ἔπαινος.
2992 5471 3160 5524 Τοῦτο
3187 5470 3242 5522 δέ
3263 5471 3378 5522 ἐστι
3399 5470 3481 5533 τί;
3512 5467 3584 5519 Τὸ
3607 5465 3686 5518 διὰ

2127 5573 2224 5639 τῆς
2259 5570 2476 5641 μνήμης
2503 5567 2709 5622 ἐκείνου
2739 5564 2828 5620 τὸν
2861 5563 2973 5635 βίον
3004 5565 3133 5633 ἡμῖν
3162 5560 3410 5630 γενέσθαι
3440 5561 3536 5628 τῆς
3570 5574 3687 5609 συν-
