4050 6164
382 294 488 350 817

1495 302 1564 359 1N
1602 305 1903 365 LAUDEM’
1929 304 2234 362 FRATRIS
2271 303 2533 361 B’ASlLll.

3535 301 3639 356 8l3

382 413 573 509 ηθεῑας
605 413 866 509 βελτίονα.
900 418 1167 494 Καθάπερ
1223 422 1332 495 γὰρ
1366 425 1458 478 ἐπὶ
1484 425 1770 485 δακτυλίου
1801 446 1959 498 σφεν-

2084 440 2225 496 [nam
2268 441 2394 483 esse
2438 426 2617 495 solet,
2660 423 2943 481 efﬁciatur.
2985 421 3455 492 Quemadmodum
3492 423 3651 479 enim,

384 503 563 573 δόνης,
585 507 874 577 καλλίστης
894 509 1039 574 τινὸς
1063 511 1119 563 ὲν
1137 509 1354 580 γλυφίδι
1377 514 1814 585 προφαινομένης
1837 528 1960 584 μορ-

389 592 514 665 φῆς,
546 596 574 648 6
600 594 929 663 ὲν⁴τῑυ’ττωθεὶς
967 602 1032 672 τῇ
1069 602 1324 672 σφραγῖδι
1362 604 1531 675 κηρὸς
1563 604 1642 668 είς
1683 605 1873 659 ἑαυτὸν
1904 606 1964 658 τὸ

389 685 704 757 ἐγκείμενον
742 691 807 760 τῇ
835 690 1052 760 γλυφίδι
1094 692 1290 758 κάλλος
1335 697 1687 766 μετήνεγκεν,
1721 695 1841 749 ὅλον
1872 696 1964 751 τὸν

389 777 708 849 χαρακτῆρα
746 782 846 850 τῆς
878 784 1173 853 σφραγῖδος
1209 785 1359 849 ἰδίοις
1385 786 1576 850 τύποις
1607 788 1965 859 άναμαξάμε-

391 884 508 930 νος·
542 869 636 923 καὶ
663 871 761 924 οὑκ
787 870 853 925 ἄν
881 891 966 936 τις
998 873 1139 930 οὕτω
1175 876 1264 930 διὰ
1295 876 1388 931 τοῦ
1413 878 1572 947 λόγου
1596 878 1694 949 τὴν
1724 858 1973 933 γεὺδιάθεοέ

268 974 281 983 ³
392 975 482 1011 τον
513 959 612 1030 τῆς
643 960 853 1033 γλυφῆς
885 961 1034 1035 ὤραν
1066 968 1146 1031 είς
1183 968 1507 1040 ὑπογραφὴν
1533 968 1752 1038 ἀγάγοι,
1780 969 1855 1033 ὠς
1876 969 1969 1022 ἐπὶ

394 1048 486 1103 τοῦ
535 1052 705 1123 κηροῦ
737 1053 993 1110 δεικνύων
1040 1059 1467 1131 μεμορφωμένον
1497 1048 1799 1124 τοκάλλος
1825 1077 1837 1090 ο
1880 1060 1971 1111 τὸν

394 1143 555 1197 αὑτὸν
580 1145 796 1217 τρόπον,
828 1148 876 1200 εί
900 1150 928 1202 6
957 1148 1055 1220 μὲν
1075 1149 1218 1221 λόγῳ
1245 1151 1385 1223 ψιλῷ
1413 1150 1506 1205 τοῦ
1529 1152 1846 1207 διδασκάλου
1872 1150 1972 1221 τὴν

396 1236 595 1308 ἀρετὴν
625 1238 1005 1308 ἀποσεμνύνοι,
1032 1241 1216 1313 ἕτερος
1250 1243 1308 1297 δὲ
1350 1244 1443 1299 τὸν
1468 1243 1662 1298 ἑαυτοῦ
1705 1243 1816 1315 βίον
1842 1242 1974 1297 καλ-

395 1326 638 1395 λωπίζοι,
677 1328 762 1382 διὰ
788 1330 888 1400 τῆς
925 1334 1063 1402 πρὸς
1085 1334 1289 1388 ἐκεῖνον
1321 1335 1604 1407 μιμήσεως
1625 1335 1972 1407 ὲνεργότερος

396 1419 461 1473 ἂν
491 1420 574 1490 εἴη
597 1419 690 1474 τοῦ
719 1422 926 1493 ὑψηλοῦ
956 1423 1135 1494 λόγου,
1168 1428 1196 1480 6
1217 1425 1305 1480 διὰ
1339 1426 1430 1480 τοῦ
1460 1427 1576 1497 βίου
1602 1426 1974 1499 πληρούμενος

395 1511 635 1576 ἔπαινος.
667 1513 854 1580 Οὕτως
893 1511 1004 1582 οῦν,
1043 1518 1282 1587 ἀδελφοὶ,
1306 1519 1417 1594 ⁸κοιλ.
1455 1521 1618 1590 ἡμεῖς
1655 1519 1978 1590 μιμησάμε-

396 1622 475 1658 νοι
505 1608 573 1677 τῇ
627 1608 949 1681 σωφροσύνῃ
979 1608 1069 1663 τὸν
1101 1594 1387 1682 σώφρονα,
1419 1605 1502 1673 οἷς
1543 1608 1825 1685 ποιοῦμεν,
1856 1611 1975 1663 κατ’

2063 532 2191 571 cum
2248 517 2306 571 in
2367 517 2487 586 pala
2554 518 2749 587 annuli
2797 518 3003 589 Optima
3060 515 3310 587 quaedam
3368 514 3643 584 insculpta

2069 609 2241 663 forma
2276 618 2526 681 apparet,
2562 610 2742 681 sigillo
2764 609 3032 684 impressa
3063 624 3190 665 cera
3233 607 3460 664 insitum
3494 606 3644 662 scul—

2066 711 2241 772 ptura:
2280 702 2535 757 decorem
2589 703 2645 757 in
2681 717 2802 757 sese
2836 701 3119 768 transfert,
3153 708 3324 755 totam
3370 698 3643 769 signaculi

2067 792 2303 871 effigiem
2334 793 2452 859 suis
2479 808 2796 864 expressam
2840 792 3086 871 referens
3129 772 3360 863 figuris;
3390 805 3454 844 ac
3486 803 3647 843 neno

2067 884 2206 940 bene
2229 866 2643 954 dispositumet
2674 866 3034 938 artificiosum
3063 884 3359 953 scalpturae
3392 874 3647 935 decorem

2071 973 2325 1047 oratione
2359 974 2435 1046 ita
2475 973 2816 1051 descriptum
2862 973 3118 1028 exhibere
3142 973 3339 1042 possit,
3373 977 3431 1025 ut
3470 970 3518 1025 is
3555 967 3648 1039 qui

2071 1066 2126 1119 in
2158 1079 2285 1118 cera
2320 1064 2557 1122 effictam
2597 1072 2762 1141 atque
2806 1062 3149 1118 eﬂ‘ormatam
3183 1059 3651 1131 pulchritudinem

2073 1154 2315 1209 ostendit
2351 1175 2364 1210 :
2396 1155 2586 1211 eodem
2630 1153 2798 1209 modo
2833 1153 2878 1207 si
2911 1152 3052 1206 alius
3084 1151 3303 1221 quidem
3341 1150 3485 1205 nuda
3522 1163 3650 1204 ora-

2075 1247 2225 1302 tione
2254 1247 2495 1303 celebret
2540 1247 2802 1301 virtutem
2847 1244 3120 1314 magistri,
3158 1243 3300 1298 alius
3330 1258 3465 1297 vero
3497 1255 3651 1297 suam

2075 1337 2252 1420 ipsius
2292 1339 2456 1415 vitam
2503 1337 2654 1393 illius
2695 1336 3006 1391 inuitatione
3057 1339 3307 1398 exornet,
3356 1331 3652 1395 efficacior,

2076 1412 2243 1499 quam
2271 1414 2452 1484 oratio
2488 1428 2767 1492 sublimis,
2819 1428 2986 1483 fuerit
3014 1442 3076 1484 ea
3112 1428 3255 1489 laus,
3295 1441 3414 1497 qua:-
3442 1441 3537 1496 ρει·
3569 1425 3652 1479 vi—

2078 1527 2188 1573 tam
2238 1524 2683 1595 repra'sentetur.
2735 1517 2827 1574 Sic
2867 1518 3058 1589 igitur.
3090 1518 3317 1583 fratres,
3350 1518 3515 1573 etiam
3557 1532 3654 1574 nos

2079 1596 2378 1665 sobrietate
2419 1609 2666 1685 sobrium
2705 1610 2981 1684 imitantes
3028 1608 3193 1665 factis
3229 1611 3455 1673 nostris,
3484 1608 3651 1663 virtu-

396 1698 553 1765 ἀξίαν
599 1699 697 1769 τὴν
736 1701 938 1772 ἀρετὴν
971 1702 1369 1773 ὲπαινέσωμεν,
1396 1703 1490 1756 καὶ
1519 1702 1589 1756 τὰ
1623 1702 1758 1758 ἄλλα
1798 1702 1977 1757 πάντα

2084 1707 2187 1754 tem
2224 1715 2324 1769 pro
2369 1699 2637 1769 dignitate
2683 1699 2995 1781 laudemus,
3028 1709 3084 1756 et
3130 1700 3320 1757 itidem
3353 1700 3409 1754 in
3447 1700 3656 1756 casteria

397 1790 661 1855 ὡσαύτως
694 1791 757 1844 τὸ
807 1791 993 1863 θαῦμα
1035 1793 1127 1846 τοῦ
1173 1793 1337 1862 σοφοῦ
1372 1796 1429 1847 ὲν
1470 1795 1536 1865 τῇ
1592 1793 1850 1865 μετουσίᾳ
1868 1792 1979 1862 τῆς

2084 1792 2338 1848 omnibus
2394 1792 2723 1847 miraculum
2760 1794 3038 1864 sapientis
3095 1793 3515 1864 participatione
3572 1807 3661 1848 sa-

399 1884 591 1954 σοφίας
633 1884 991 1957 πληρούσθωο
1024 1885 1053 1936 ὁ
1093 1884 1194 1955 τῆς
1227 1883 1611 1956 ἀκτημοσύνης
1652 1883 1892 1949 ἔπαινος,
1921 1885 1978 1937 ἐν

397 1975 475 2047 τῷ
508 1976 599 2029 καὶ
629 1976 776 2047 ἡμᾶς
808 1976 1058 2045 γενέσθαι
1095 1976 1192 2047 τῆς
1227 1976 1417 2047 ὑλικῆς
1450 1975 1768 2048 περιουσίας
1804 1975 2001 2045 ἀκτή-⁷

403 2082 604 2136 μοναςο
650 2069 683 2138 η
719 2067 986 2138 ὑπεροψία
1028 2066 1120 2121 τοῦ
1154 2068 1357 2137 κόσμου
1388 2066 1578 2120 τούτου
1623 2064 1698 2137 μὴ
1740 2064 1980 2134 λεγέσθω

403 2150 583 2220 μόνον,
607 2152 686 2206 ὅτι
719 2152 836 2205 ἐστι
860 2170 943 2217 τις
966 2154 1225 2225 ἐπαινετὴ
1250 2154 1345 2208 καὶ
1371 2154 1616 2221 ἐπίδοξος
1636 2171 1650 2185 ’
1684 2152 1819 2208 ἀλλὰ
1850 2153 1982 2225 μάρ-

400 2256 496 2302 τυς
522 2241 622 2313 τῆς
660 2242 959 2315 ὑπεροψίας
984 2242 1092 2297 τῶν
1135 2243 1275 2298 κατὰ
1302 2243 1392 2298 τὸν
1425 2243 1630 2314 κόσμον
1681 2238 1980 2305 σπουδαζο-

405 2333 579 2406 μένων
611 2335 638 2386 ὀ
661 2333 774 2405 βίος
801 2334 958 2389 ἔστω.
981 2334 1073 2406 Μὴ
1095 2333 1219 2403 λέγε
1246 2334 1405 2406 μόνον
1427 2324 1609 2404 ὅτιτῷ
1637 2330 1756 2403 Θεῷ
1776 2332 1981 2395 ἐκεῖνος

401 2425 668 2490 ἀνέκειτο,
707 2425 844 2480 ἀλλά
877 2426 1076 2490 ἀνάθες
1104 2428 1197 2481 καὶ
1229 2427 1292 2480 σὺ
1321 2423 1548 2483 σεαυτὸν
1569 2423 1647 2497 τῷ
1673 2423 1812 2494 Θεῷ·
1854 2422 1980 2494 μήθ’

400 2518 481 2571 ὅτι
512 2517 672 2588 μόνον
712 2513 781 2589 ἦν
820 2518 968 2590 αύτῷ
1002 2518 1190 2590 κτῆμα
1223 2519 1256 2590 ἡ
1288 2516 1616 2590 ὲλπιζομὲνη
1650 2517 1979 2580 ἀνάπαυσις,

402 2609 537 2665 ἀλλὰ
565 2612 660 2664 καὶ
700 2593 763 2664 σὺ
793 2610 1123 2683 θησαύρισον
1158 2608 1366 2679 σεαυτῷ
1412 2609 1599 2663 τοῦτον
1628 2608 1720 2663 τὸν
1753 2606 1983 2660 πλοῦτον

402 2703 591 2776 ὥσπερ
631 2704 839 2767 ἐκεῖνος
860 2719 873 2732 ·
906 2703 1083 2768 ἔξεστι
1108 2704 1216 2773 γάρ
1236 2723 1248 2735 ο
1295 2701 1593 2774 μετέθηκεν
1639 2703 1845 2768 ἐκεῖνος
1879 2700 1986 2755 ἀπὸ

402 2799 505 2869 γῆς
534 2798 614 2861 εἰς
654 2795 882 2868 οὐρανὸν
917 2796 978 2849 τὸ
1002 2796 1322 2867 πολίτευμα,
1360 2793 1588 2866 μετάθες
1610 2794 1704 2849 καὶ
1740 2793 1824 2853 σύ.
1862 2793 1985 2856 Τοῖς

403 2890 622 2954 ἀσύλοις
640 2889 734 2943 τοῦ
760 2888 990 2961 ούρανοῦ
1022 2888 1578 2961 θησαυροφυλακείοις
1602 2887 1694 2942 τὸν
1729 2886 1859 2942 ἴδιον
1902 2887 1988 2940 ὲν-

318 3044 332 3055 .
405 2979 637 3036 α-πέθετο
670 2980 898 3035 πλοῦτον
915 2998 929 3012 ·
969 2980 1206 3051 μίμησαι
1233 2980 1321 3034 διὰ
1349 2979 1552 3034 τούτων
1580 2978 1673 3033 καὶ
1699 2980 1764 3033 σὺ
1793 2977 1883 3031 τὸν
1905 2976 1984 3030 δι-

404 3071 691 3126 δάσκαλον.
744 3069 1192 3143 Κατηρτισμένος
1229 3068 1337 3141 γὰρ
1370 3069 1526 3123 ἔσται
1579 3067 1828 3139 μαθητὴς
1856 3066 1931 3130 ὡς
1960 3067 1988 3119 6

404 3163 724 3226 διδάσκαλος
757 3160 946 3217 αὑτοῦ.
980 3162 1092 3216 Καὶ
1121 3162 1310 3233 γὰρέν
1340 3164 1452 3226 τοῖς
1478 3161 1685 3223 λοιποῖς
1711 3146 1993 3230 ἐπιτηδεύ-Δ

410 3272 595 3327 μασιν,
624 3254 653 3307 6
687 3252 856 3325 ίατρῷ
901 3242 1267 3324 μαθητεύσας,
1300 3252 1335 3323 ἣ
1362 3238 1671 3324 γεωμέτρῃ,
1699 3250 1986 3323 ἦ,ρήτορι,

405 3347 786 3415 ἀναξιόπιστος
839 3344 1130 3416 ἐπαινέτης
1155 3345 1256 3416 τῆς
1297 3343 1391 3398 τοῦ
1435 3343 1756 3421 διδασκάλου
1796 3343 1990 3423 τέχνης

410 3442 721 3513 γενήσεται,
753 3441 801 3494 εί
837 3437 915 3511 τῷ
946 3439 1044 3511 μὲν
1074 3438 1217 3510 λόγῳ
1246 3435 1514 3509 θαυμάζοι
1542 3435 1637 3490 τοῦ
1658 3433 1989 3513 ¹καθηγητοῦ

411 3533 510 3604 τὴν
552 3532 884 3604 ἐπιστήμην,
931 3533 1016 3601 ἐφ’
1050 3529 1244 3585 ἑαυτοῦ
1297 3530 1357 3585 δὲ
1390 3528 1623 3584 δεικνύοι
1682 3527 1848 3600 μηδὲν
1896 3524 1991 3578 τοῦ

414 3626 687 3698 θαύματος
710 3625 877 3693 ἄξιον.
921 3625 1069 3698 Ἐρεί
1091 3627 1200 3698 γάρ
1229 3643 1313 3689 τις
1353 3626 1490 3696 πρὸς
1518 3623 1678 3678 αὑτόν
1700 3638 1712 3651 ·
1747 3620 1874 3684 Πῶς
1899 3618 1989 3672 λέ-

414 3736 532 3788 γεις
571 3717 753 3791 ἰατρὸν
777 3719 869 3771 τὸν
901 3717 1094 3773 ἑαυτοῦ
1134 3717 1471 3783 διδάσκαλον,
1499 3715 1662 3778 αὑτὸς
1703 3712 1994 3783 ἁνιάτρευ-

410 3826 504 3873 τος
532 3808 641 3876 ῶν;
668 3809 741 3863 Ἦ
772 3808 890 3872 πῶς
934 3809 1180 3880 μαθητὴν
1212 3806 1440 3861 σεαυτὸν
1470 3804 1547 3877 τῷ
1588 3802 1881 3875 γεωμέτρῃ
1909 3800 1997 3854 λέο

412 3915 554 3971 γεις,
587 3897 830 3969 ἀπείρως
858 3897 955 3969 τῆς
988 3895 1329 3968 γεωμετρίας
1355 3894 1526 3966 ἐχων;
1572 3893 1712 3948 Ἀλλ’
1746 3891 1905 3955 εἴτις
1938 3891 1996 3943 ὲν

414 3987 592 4061 ἑαυτῷ
622 3989 860 4045 δείκνυσι
895 3988 993 4060 τὴν
1030 3988 1226 4059 τέχνην
1329 3986 1694 4057 ἐμαθήτευσε,
1744 3982 1999 4049 σεμνύνει

414 4084 484 4155 τῇ
518 4082 640 4137 καθ’
673 4082 863 4155 ἑαυτὸν
891 4082 1171 4154 ἐπιστήμῃ
1197 4079 1287 4134 τὸν
1323 4083 1423 4151 τῆς
1450 4079 1642 4150 τέχνης
1682 4073 2001 4146 καθηγησά-

421 4189 601 4243 μενον.
651 4164 839 4237 Οὕτως
870 4172 967 4228 καὶ
1004 4173 1166 4242 ἡμεῖς
1199 4171 1250 4224 οἱ
1280 4169 1559 4224 Βασίλειον
1591 4165 1880 4237 αὐχοῦντες
1920 4164 1999 4216 δι-

419 4262 708 4329 δάσκαλον,
753 4262 832 4335 τῷ
872 4261 971 4333 βίῳ
1003 4260 1266 4331 δείξωμεν
1303 4259 1403 4330 τὴν
1453 4256 1772 4329 μαθητείαν,
1827 4255 2002 4307 ἐκεῖνο

2079 1882 2298 1952 ιιίριιιὶεε
2350 1891 2813 1951 repraesentetur:
2848 1885 2966 1940 laus
3000 1884 3359 1954 paupertatis,
3414 1898 3511 1952 per
3536 1882 3657 1948 hoc,

2079 1985 2138 2027 ut
2167 1973 2331 2028 etiam
2361 1988 2464 2029 nos
2494 1974 2896 2044 superfluarum
2928 1976 3254 2031 facultatum
3293 1974 3659 2029 materialium

2080 2073 2330 2134 expertes
2382 2065 2555 2121 simus
2600 2085 2615 2131 ;
2667 2077 3014 2138 contemptus
3076 2067 3266 2123 mundi
3331 2069 3496 2138 hujus
3552 2085 3658 2131 nou

2082 2158 2245 2213 modo
2290 2157 2508 2213 dicatur
2547 2160 2693 2229 quod
2737 2160 2810 2215 sit
2865 2161 3161 2217 laudabilis
3213 2167 3377 2229 atque
3423 2158 3660 2229 gloriosa

2083 2248 2330 2320 quaedam
2369 2265 2457 2306 res
2490 2269 2502 2303 :
2536 2251 2631 2307 sed
2663 2266 2849 2308 earum
2885 2267 3094 2314 rerum,
3130 2262 3253 2321 quae
3274 2266 3370 2320 per
3399 2249 3661 2304 mundum

2084 2343 2392 2412 probantur
2440 2349 2495 2398 et
2547 2352 2909 2414 expetuntur,
2968 2341 3399 2414 contemptionis
3450 2355 3515 2396 ac
3570 2340 3661 2396 de-

2086 2433 2388 2503 spicientia:
2434 2437 2592 2492 testis
2642 2438 2715 2493 sit
2772 2437 2901 2492 vita.
2934 2434 3013 2491 Ne
3040 2435 3473 2499 ,dicaS'solum,
3517 2434 3663 2503 quod

2087 2521 2177 2576 ille
2238 2520 2351 2595 Deo
2404 2522 2726 2586 dedicatus,
2777 2532 2831 2579 et
2881 2523 3134 2591 addictus
3182 2531 3364 2584 esset,
3420 2520 3550 2588 sed,
3607 2528 3663 2573 tu

2086 2629 2323 2684 quoque,
2360 2624 2419 2679 te
2469 2616 2646 2687 ipsum
2696 2617 2808 2681 Deo
2861 2616 3054 2677 dedica
3110 2624 3278 2685 atque
3324 2615 3506 2678 addie,
3568 2629 3665 2668 nec

2087 2705 2234 2774 quod
2282 2706 2460 2762 solum
2501 2708 2550 2761 ei
2592 2707 2796 2763 bonum
2852 2715 3018 2777 atque
3066 2692 3347 2776 posSessio
3373 2714 3538 2769 eset,
3580 2722 3664 2766 ea,

2090 2810 2212 2866 qua:
2251 2805 2528 2866 speratur,
2574 2797 2956 2868 requieszsed
3010 2798 3200 2855 etiam,
3229 2798 3345 2867 ipse
3395 2811 3666 2865 cougrega

2090 2888 2190 2943 tibi
2239 2888 2338 2945 has
2375 2889 2620 2956 divitias,
2659 2889 3120 2961 quemadmodum
3153 2888 3263 2942 ille.
3294 2886 3445 2940 Licet
3476 2882 3664 2939 enim:

2092 2978 2376 3033 transtulit
2426 2979 2516 3043 ille
2569 2978 2638 3035 de
2688 2987 2832 3035 terra
2883 2976 3010 3031 vitae
3072 2977 3389 3032 institutum
3453 2975 3506 3027 iu
3553 2989 3669 3028 coe-

2093 3065 2234 3135 lum,
2267 3064 2507 3120 transfer
2543 3065 2669 3120 item
2707 3074 2784 3120 tu.
2824 3064 2878 3118 lu
2926 3063 3297 3121 sacrosanctis
3336 3069 3391 3117 et
3422 3061 3668 3115 a-furum

2092 3154 2297 3224 injuria
2344 3153 2476 3209 tutis
2512 3153 2636 3208 coeli
2686 3151 2902 3208 aerariis
2950 3166 3081 3207 suas
3115 3150 3339 3206 divitias
3368 3149 3624 3218 deposuit
3654 3165 3667 3200 :

2094 3241 2309 3296 imitare
2350 3254 2447 3311 per
2501 3240 2616 3295 haec
2669 3239 2833 3294 etiam
2893 3245 2951 3291 tu
3000 3237 3350 3309 magistrum.
3390 3232 3676 3289 Perfectus

2092 3337 2238 3390 enim
2291 3335 2400 3390 erit
2445 3333 2774 3403 discipulus,
2826 3331 2870 3386 si
2910 3332 2981 3403 sit
3019 3330 3166 3385 sicut
3223 3328 3483 3399 magister
3531 3325 3670 3396 ejus.

2093 3425 2305 3482 Etenim
2350 3427 2405 3481 in
2443 3425 2673 3495 reliquis
2698 3437 2921 3493 quoque
2949 3421 3069 3475 vitae
3097 3419 3298 3476 studiis
3333 3425 3499 3488 atque
3524 3432 3675 3471 exrr-

2094 3519 2240 3575 citiis
2271 3518 2363 3589 qui
2397 3516 2600 3572 medici
2626 3512 3091 3585 discipulusfuit,
3123 3521 3219 3567 aut
3243 3520 3555 3583 geometrae,
3581 3516 3675 3563 aut

2093 3613 2355 3677 rhetoris,
2385 3609 2653 3680 indignus.
2677 3608 2768 3662 cui
2803 3606 2941 3663 fides
2968 3606 3235 3660 habeatur
3264 3603 3510 3674 magistri
3541 3602 3679 3657 artis

2095 3705 2351 3761 laudator
2393 3701 2520 3767 erit,
2572 3699 2620 3756 si
2666 3699 2918 3755 oratione
2957 3696 3173 3767 quidem
3218 3695 3501 3752 scientiam
3538 3709 3677 3763 pra:-

2097 3793 2343 3865 ceptoris
2373 3790 2718 3859 admiretur;
2756 3789 2811 3844 in
2859 3789 3046 3858 seipso
3074 3801 3207 3841 vero
3255 3784 3389 3839 nihil
3437 3785 3677 3839 admira-

2097 3885 2247 3938 tione
2271 3882 2495 3953 dignum
2521 3879 2795 3934 ostendat.
2830 3877 2981 3933 Dicet
3009 3877 3156 3932 enim
3178 3874 3392 3951 aliquis
3413 3874 3480 3927 ad
3509 3889 3631 3928 eum
3662 3891 3675 3926 :

2100 3977 2203 4043 Qui
2240 3975 2380 4030 dicis
2417 3973 2687 4028 medicum
2727 3979 2881 4027 tuum
2933 3969 3107 4025 fuisse
3158 3968 3506 4038 magistrum,
3552 3976 3678 4036 eum

2101 4068 2220 4140 ipse
2250 4065 2539 4121 medicina:
2572 4064 2802 4135 ignarus
2844 4062 2954 4118 sis?
2997 4061 3105 4115 Aut
3134 4057 3410 4131 quomodo
3440 4066 3494 4113 te
3516 4057 3683 4112 disci-

2100 4158 2287 4230 pulum
2329 4164 2621 4228 geometrae
2654 4154 2820 4221 dicis,
2863 4169 2989 4210 cum
3041 4152 3354 4224 geometriae
3396 4150 3682 4221 imperitus

2103 4251 2220 4319 sis?
2252 4249 2450 4306 Verum
2481 4248 2528 4303 si
2561 4248 2685 4318 quis
2720 4247 2772 4302 in
2803 4245 2987 4316 seipso
3020 4243 3298 4314 specimen
3328 4243 3485 4306 artis,
3517 4255 3682 4312 quam

419 4355 717 4425 γινόμενοι,
745 4354 883 4427 ὅπερ
911 4354 1073 4409 αὑτὸν
1115 4352 1414 4423 ὀνομαστόν
1454 4367 1514 4405 τε
1555 4349 1650 4402 καὶ
1681 4348 1854 4420 μέγαν
1883 4344 1983 4416 Θεᾷ

2103 4342 2379 4407 didicerit,
2403 4340 2550 4405 edat,
2588 4355 2686 4396 sua
2726 4338 2958 4396 scientia
2992 4339 3129 4393 artis
3159 4344 3550 4408 praeceptorem
3588 4349 3683 4387 or-

421 4448 517 4502 καὶ
538 4425 1140 4519 ἀνθρώποις-ἐποίησεν,
1164 4446 1223 4499 ὲν
1240 4441 1462 4518 Χριστῷ
1498 4440 1671 4515 Ἰησοῦ
1704 4439 1779 4511 τῷ
1808 4437 1983 4510 Κυρίιε

2102 4444 2198 4491 nat
2250 4443 2416 4504 atque
2462 4433 2736 4489 honestat.
2796 4429 2874 4485 lta
2920 4430 3086 4486 etiam
3145 4444 3284 4491 nos,
3325 4427 3419 4496 qui
3483 4425 3685 4480 Basilio

424 4536 600 4607 ἡμῶν,
702 4537 736 4609 ἡ
763 4536 890 4602 δόξα
924 4515 1022 4591 καί
1043 4535 1104 4590 τὸ
1143 4515 1364 4607 κράτος,
1394 4534 1474 4597 είς
1498 4533 1626 4598 τοὺς
1663 4531 1867 4594 αἰῶνας
1890 4528 1983 4583 τῶι

2106 4525 2371 4596 magistro
2410 4525 2807 4595 nosjactamus
2843 4531 2898 4578 et
2936 4522 3261 4593 gloriamur,
3294 4518 3405 4571 vita
3439 4515 3688 4584 discipli-

425 4626 657 4683 αἰώνων.
702 4629 760 4681 ’Δ
766 4628 895 4700 μήν.
1184 4606 1191 4607 7

2106 4634 2232 4674 nam
2265 4616 2622 4677 ostendamus
2656 4634 2670 4671 :
2702 4614 2771 4669 ad
2806 4613 2942 4669 illud
2978 4611 3250 4700 enitentes
3284 4617 3338 4664 et
3367 4606 3685 4665 evadentes,

426 4719 573 4790 quod
615 4686 798 4789 ipsum
828 4686 1051 4774 'clarum
1101 4724 1156 4773 et
1200 4730 1461 4788 magnum
1522 4712 1637 4770 Deo
1683 4721 1847 4781 atque
1898 4708 2219 4766 hominibus
2268 4706 2418 4777 fecit,
2460 4722 2557 4778 per
2628 4705 2909 4762 Christum
2957 4686 3142 4757 Jes'um
3220 4696 3511 4753 Dominum
3589 4708 3688 4749 ηιλ-

431 4825 626 4881 strum,
660 4816 748 4873 cui
791 4814 963 4886 gloria
1007 4822 1061 4870 et
1093 4813 1381 4884 imperium
1430 4813 1487 4867 in
1521 4809 1721 4869 saecula
1758 4806 2109 4865 saeculorum.
2153 4804 2345 4859 Amen.
