4050 6164
1645 296 1703 351 S.
1746 295 1786 351 G
1800 293 2079 352 REGORII
2116 294 2412 351 NYSSENI

3532 288 3670 344 «8ἳῦ

435 456 446 465 .
488 449 1550 483 ...ηπππεπ
1578 449 3650 476 =_________________.._______________

1720 610 1947 697 ΤΟΥ
2018 609 2394 697 ΑΥΤΟΥ

1519 799 2574 937 ΕΓΚΩΜΙΟΝ

1217 1027 1355 1085 ΕΙΣ
1409 1028 1568 1086 TON
1617 1029 1864 1088 ΟΣῙΟΝ
1911 1030 2242 1086 ΠΑΤΕΡΑ
2295 1029 2526 1086 ΗΜΩΝ
2577 1025 2909 1086 ΕΦΡΑΙΜ.

1780 1353 2319 1448 EJUSDEM

1129 1570 1517 1688 VITA
1574 1566 2088 1704 ATQUE
2145 1565 2980 1686 ENCOMIUM

1315 1788 1566 1848 SANCTI
1594 1789 1850 1849 PATRIS
1884 1787 2136 1849 NOSTRl
2175 1787 2483 1847 Eprian
2525 1787 2803 1861 SYRl(a).

1650 1968 1869 2022 (ierat-do
1891 1967 2069 2018 Vosle
2095 1966 2394 2031 interprete.

506 2257 812 2317 Recondita
835 2256 897 2314 in
915 2256 1119 2315 divinis
1144 2256 1451 2330 Evangeliis
1476 2259 1800 2330 similitudo,
1826 2278 1915 2320 me
1935 2264 2005 2320 ad

2177 2269 2334 2323 Κινεῖ
2383 2286 2450 2339 με
2479 2268 2616 2340 πρὸς
2642 2270 2741 2340 τὴν
2787 2267 3070 2341 παροῦσαν
3111 2269 3367 2325 ὑπόθεσιν
3410 2272 3444 2344 ἡ
3479 2272 3538 2327 ἐν
3568 2276 3681 2339 τοῖς

439 2353 778 2424 propositum
809 2349 1029 2407 dicendi
1051 2359 1434 2421 argumentum
1472 2352 1619 2409 serio
1658 2357 2004 2422 cohortatur,

439 2446 786 2517 linguamque
809 2443 1017 2500 silentii
1055 2442 1210 2499 freno
1233 2445 1585 2500 constrictam
1609 2444 1795 2510 solvit,
1823 2461 1888 2503 ac
1911 2463 2006 2504 co-

440 2538 766 2612 gitationum
806 2536 1033 2593 semitas
1066 2536 1214 2591 velut
1253 2536 1522 2606 spatiosos
1554 2536 1827 2606 quosdam
1859 2552 2007 2592 cam-

441 2644 540 2699 pos
572 2633 820 2698 exaequat
857 2634 1022 2697 atque
1058 2625 1324 2691 adornat,
1365 2640 1700 2695 currumque
1738 2627 2007 2716 orationis

441 2720 506 2775 ad
539 2720 642 2775 iter
680 2716 1103 2789 aggrediendum
1143 2723 1456 2786 promptum
1495 2718 1673 2773 reddit
1706 2724 1759 2772 ct
1784 2718 2009 2787 expedi-

443 2820 554 2862 tum
575 2845 590 2871 ,
623 2805 753 2861 dum
787 2805 936 2860 clara
959 2820 1096 2860 voce
1129 2805 1278 2861 hisce
1306 2806 1709 2875 quodammodo
1738 2808 2010 2864 exclamat

443 2899 624 2954 verbis
648 2914 661 2950 :
706 2894 887 2965 Neque
920 2896 1210 2950 accendunt
1246 2894 1517 2950 lucernam
1539 2937 1554 2961 ,
1583 2906 1633 2951 et
1663 2907 1863 2967 ponunt
1892 2914 2008 2954 eam

442 2986 539 3044 sub
568 2984 783 3050 modio,
808 2983 896 3038 sed
925 2999 1082 3053 super
1110 2982 1519 3052 candelabrum,
1550 2996 1606 3039 ut
1636 2987 1807 3042 luceat
1836 2989 2008 3043 omni-

443 3077 539 3130 bus
562 3075 652 3146 qui
679 3074 731 3128 in
761 3074 918 3128 domo
946 3082 1069 3128 sunt
1098 3074 1140 3127 ί.
1175 3072 1317 3138 Quid
1343 3089 1473 3129 vero
1502 3090 1568 3130 ex
1601 3076 1668 3130 iis
1704 3078 2010 3149 intelligen-

443 3167 574 3222 dum
612 3165 711 3230 sit,
754 3165 1039 3235 subjungit
1086 3164 1319 3220 dicens:
1359 3163 1447 3218 Sic
1487 3163 1657 3220 luceat
1698 3168 1791 3222 lux
1837 3181 2011 3224 vestra

445 3275 624 3313 coram
650 3256 966 3322 hominibus,
988 3264 1045 3309 ut
1068 3255 1276 3311 videant
1301 3272 1457 3327 opera
1479 3268 1650 3319 vestra
1674 3258 1830 3314 bona.
1859 3259 2011 3315 Nun-

447 3351 579 3424 quid
607 3350 776 3422 igitur
808 3348 1242 3420 reprehendendi
1268 3349 1461 3403 merito
1486 3350 1724 3417 erimus,
1758 3350 1805 3405 si
1840 3352 2015 3422 negli-

446 3448 635 3514 gentes
664 3448 828 3511 atque
858 3439 1041 3510 ignari
1070 3437 1290 3494 silentio
1320 3437 1716 3494 involverimus
1747 3438 1881 3494 illud
1902 3480 1916 3503 ,
1955 3439 2012 3495 in

445 3547 556 3604 quo
582 3530 915 3587 celebrando
946 3544 1172 3601 magnos
1205 3544 1424 3585 sumere
1456 3530 1672 3586 animos
1702 3531 1822 3601 ipse
1853 3545 2011 3584 man-

444 3624 597 3681 davit
626 3621 937 3680 Dominus?
970 3621 1107 3677 Cum
1139 3621 1285 3678 enim
1317 3621 1493 3678 sancti
1529 3621 1694 3691 hujus
1728 3620 1906 3677 Patris
1934 3622 2016 3676 vi--
2045 3612 2089 3667 B

445 3726 555 3772 tam
596 3724 858 3788 tanquam
896 3715 1168 3772 illustrem
1206 3729 1270 3769 ac
1309 3715 1426 3770 sole
1460 3713 1888 3785 splendidiorem
1931 3714 2016 3770 fa-

446 3826 565 3868 cem
603 3809 724 3865 orbi
762 3807 1113 3872 accenderit,
1154 3807 1645 3877 exponendamque
1683 3807 1845 3863 nobis
1884 3822 2016 3879 pro-

446 3900 735 3972 posuerit,
768 3914 876 3953 non
908 3896 1046 3961 fert,
1076 3905 1138 3952 ut
1166 3897 1316 3950 illam
1348 3895 1567 3951 silentio
1601 3904 2015 3966 praetereuntes,

447 3992 555 4048 sub
593 3990 777 4044 modio
814 3989 1158 4042 occultemus
1190 4005 1203 4040 :
1243 4002 1435 4041 verum
1476 3987 1530 4040 in
1571 3988 1791 4043 sublimi
1833 3989 2017 4057 potius

445 4081 709 4142 Ecclesia:
737 4080 942 4134 vertice
972 4091 1323 4149 reponamus,
1350 4087 1409 4132 ut
1441 4079 1659 4134 cunctis
1688 4078 1898 4134 eluceat
1922 4079 2018 4149 qui

448 4173 506 4228 in
547 4171 651 4227 hac
688 4170 857 4226 totius
897 4169 1047 4225 orbis
1089 4176 1357 4224 terrarum
1395 4179 1687 4226 versantur
1721 4170 1921 4227 domo:
1964 4177 2019 4226 et

448 4263 544 4334 qui
595 4277 663 4318 ex
706 4260 1035 4332 illa-lumen
1095 4261 1438 4332 acceperint,
1486 4262 1763 4319 caelestem
1799 4258 2017 4319 Patrem

448 4352 753 4428 gloriﬁcent
772 4393 798 4418 ,.
818 4358 983 4422 atque
1011 4350 1342 4407 collaudem.

519 4444 889 4513 Quamobrem
920 4457 1030 4498 non
1059 4443 1139 4498 sic
1170 4448 1458 4513 paternum
1486 4441 1635 4496 illius
1665 4441 2019 4497 metuendum

449 4544 535 4594 est
569 4535 851 4591 vinculum
877 4574 891 4598 ,
934 4541 996 4589 ut
1035 4533 1212 4604 ipsius
1250 4531 1468 4586 Domini
1508 4531 1824 4587 mandatum
1865 4548 2020 4604 sper-

449 4634 654 4681 natur:
691 4626 824 4697 quin
862 4625 1027 4681 etiam
1061 4624 1238 4695 ipsius
1274 4622 1604 4678 laudationis
1639 4623 1853 4678 initium
1892 4625 2018 4681 inde

448 4716 771 4791 capiendum
798 4715 902 4773 fuit
918 4757 932 4782 ,
958 4716 1176 4772 tametsi
1205 4716 1260 4770 in
1282 4716 1580 4772 extremam
1606 4714 1873 4772 orationis
1896 4732 2020 4787 par-

447 4819 558 4869 tem
595 4827 698 4868 nos
738 4811 883 4867 istud
913 4809 1284 4880 rejecerimus.
1319 4806 1452 4863 Rem
1486 4807 1633 4862 enim
1665 4807 1838 4878 ipsam
1872 4816 2021 4866 recte

449 4905 763 4976 inspicienti
787 4944 804 4970 ,
830 4903 965 4958 illud
991 4902 1137 4957 haud
1168 4915 1400 4972 prorsus
1429 4900 1676 4955 videatur
1705 4900 2017 4970 vinculum,

2109 2358 2275 2424 θείοις
2309 2356 2660 2430 Εὐαγγελίόις
2702 2361 3018 2435 παραϐολὴ,
3070 2361 3228 2433 ἡτοῦ
3272 2362 3465 2434 λύχνου
3513 2381 3679 2435 μυστ-

2109 2451 2345 2520 αγωγία,
2374 2452 2468 2506 καὶ
2484 2450 2585 2524 τὴν
2599 2451 2844 2522 γλῶτταν
2866 2451 3027 2525 κημῷ
3048 2452 3145 2523 τῆς
3166 2452 3405 2521 ἀφωνίας
3425 2453 3539 2506 λύει
3564 2453 3683 2505 δου-

2109 2541 2387 2609 λεύουσαν,
2422 2543 2517 2597 καὶ
2547 2543 2648 2609 τὰς
2665 2543 2816 2610 ὁδοὺς
2844 2544 2952 2599 τῶν
2980 2545 3287 2616 νοημάτων,
3315 2545 3390 2610 ὡς
3433 2544 3683 2616 ἱππηλά-

2110 2651 2234 2697 τους
2258 2633 2478 2711 τρίϐους
2505 2635 2880 2707 προομαλίζει,
2910 2635 3004 2689 καὶ
3043 2636 3104 2690 τὸ
3139 2637 3231 2690 τοῦ
3265 2635 3423 2705 λόγου
3464 2635 3682 2690 πολυει-

2110 2724 2166 2777 δέ
2174 2742 2364 2780 στατον
2385 2726 2454 2798 ἂρ
2462 2744 2537 2797 μα
2553 2727 2645 2781 ἐπὶ
2660 2726 2935 2798 λεωφόρον
2950 2728 3161 2799 τρέχειν
3177 2726 3291 2781 ὁδὸν
3313 2725 3680 2799 ὲτοιμάζεται.

2110 2808 2213 2870 ὧδέ
2246 2833 2322 2887 πη
2371 2817 2706 2889 διαπρυσίως
2742 2816 2953 2887 βοῶσα·
3008 2820 3092 2874 Οὐ
3145 2823 3384 2873 καίουσι
3428 2819 3682 2887 λύχνον,

2111 2905 2213 2959 καὶ
2242 2906 2510 2961 τιθέασιν
2541 2906 2661 2961 ὑπὸ
2710 2907 2817 2961 τὸν
2842 2906 3074 2977 μόδιον,
3124 2908 3259 2963 ἀλλ’
3300 2909 3399 2963 ἐπὶ
3433 2908 3548 2977 τὴν
3572 2912 3683 2963 .Zv-

2112 2998 2313 3068 χνίαν,
2347 2997 2445 3052 καὶ
2471 2996 2691 3067 λάμπει
2727 2997 2878 3053 πᾶσι
2913 2998 3040 3065 τοῖς
3067 2998 3138 3053 ἐν
3162 2997 3237 3069 τῇ
3272 2998 3449 3066 οἰκίᾳ.
3487 2998 3596 3051 Καὶ
3623 2997 3685 3051 τὺ

2112 3091 2177 3144 ἐκ
2201 3089 2394 3144 τούτου
2424 3089 2483 3144 ἐν
2518 3088 2670 3160 βάθει
2703 3090 2987 3161 νοούμενον
3037 3090 3229 3159 ἐπάγει
3272 3089 3505 3160 λέγουσα
3525 3106 3537 3120 ·
3570 3088 3683 3142 οὕ-

2113 3198 2227 3245 τως
2256 3178 2547 3250 λαμψάτω
2584 3179 2651 3233 τὸ
2681 3178 2805 3249 φῶς
2850 3179 3015 3250 ὑμῶν
3056 3179 3394 3250 ἔμπροσθεν
3422 3177 3541 3234 τῶν
3583 3179 3687 3235 ἀν-

2117 3268 2364 3338 θράκτων
2382 3309 2397 3336 ,
2426 3269 2587 3335 ὅπως
2616 3269 2785 3324 ἴδωσι
2817 3269 2890 3324 τὰ
2919 3269 3074 3323 καλὰ
3103 3267 3245 3339 ἔργα
3270 3267 3453 3338 ὑμῶν.
3485 3267 3598 3321 Οὐκ
3620 3266 3688 3322 ἂν

2115 3359 2363 3415 ὑπαίτιον
2383 3360 2511 3430 γοῦν
2534 3360 2993 3430 ἐγκαλύπτεσθαι,
3021 3360 3115 3414 καὶ
3140 3360 3360 3431 δειλιᾷν,
3389 3361 3447 3413 ἐν
3480 3353 3561 3422 οἷς
3593 3359 3691 3412 αὖ·

2114 3449 2205 3513 τὸς
2245 3452 2275 3503 ὁ
2320 3449 2593 3521 Δεσπότης
2641 3449 2860 3521 θαρρεῖν
2903 3450 3332 3522 παρηγγύησεν;
3389 3451 3485 3512 Ὃς
3526 3448 3691 3502 οἱονεὶ

2116 3539 2347 3612 φαιδρὰν
2380 3540 2596 3610 καὶτῆς
2632 3540 2863 3612 ἡλιακῆς
2897 3538 3284 3612 λαμπροτέραν
3310 3538 3520 3608 ἀνάψεις
3545 3538 3690 3609 λαμ-

2119 3631 2283 3697 πάδα,
2304 3632 2404 3702 τὴν
2442 3629 2537 3684 τοῦ
2572 3631 2933 3702 προκειμένου
2977 3630 3123 3684 θείου
3173 3630 3382 3704 Πατρὺς
3409 3628 3568 3698 ἡμῶν
3608 3630 3692 3693 εἰς

2117 3725 2367 3800 διήγησιν
2419 3723 2731 3790 πολιτείαν,
2786 3723 2883 3795 οὐχ
2911 3722 3016 3777 ὑπὸ
3047 3722 3139 3777 τὸν
3180 3722 3279 3794 τῆς
3323 3721 3481 3791 σιγῆς
3524 3739 3693 3775 κατα-

2118 3816 2454 3890 κρύπτεσθαι
2483 3816 2687 3887 ταύτην
2723 3815 2968 3887 βούλεται
3008 3815 3219 3886 μόδιον,
3255 3814 3371 3869 ἀλλ’
3412 3814 3526 3868 ἄνω
3558 3830 3692 3882 προ-

2120 3907 2330 3962 κεῖσθαι
2378 3909 2466 3959 ἐπ’
2506 3906 2678 3978 αὐτῆς
2724 3906 2822 3978 τῆς
2880 3903 3375 3974 Ἐκκλησιαστικῆς
3423 3902 3689 3974 κορυφῆς,

2117 3999 2257 4055 ὥστε
2287 3998 2496 4070 φαίνειν
2523 4001 2655 4053 πᾶσι
2679 4000 2791 4062 τοῖς
2817 3998 2876 4053 ἐν
2908 4000 2975 4068 τῇ
3007 3996 3243 4069 κοσμικῇ
3267 3991 3694 4065 περιστρεφομέ-

2118 4108 2230 4156 νοις
2258 4092 2405 4163 οῐκίᾳ
2424 4108 2439 4122 ·
2473 4091 2537 4144 ἐκ
2577 4089 2779 4159 ταύτης
2813 4106 2873 4143 τε
2901 4088 3027 4154 τοὺς
3058 4088 3299 4161 ὁρῶντας
3326 4086 3573 4156 δοξάζειν
3597 4083 3691 4139 τὸν

2120 4183 2339 4255 Πατέρα
2364 4183 2456 4238 τὸν
2489 4185 2547 4237 ἐν
2569 4184 2683 4247 τοῖς
2704 4181 2971 4254 οὐρανοῖς.

2189 4436 2307 4494 Οὐκ
2332 4438 2439 4509 ἄρα
2469 4437 2561 4492 τὸν
2590 4438 2855 4508 πατρικὸν
2884 4434 3212 4508 εὐλαϐητέον
3234 4435 3447 4490 ἐκείνου
3468 4435 3686 4505 δεσμὸν,

2119 4533 2201 4585 ὅτι
2226 4531 2550 4596 Δεσποτικὸς
2579 4534 2828 4585 πατεῖται
2850 4529 3047 4601 οεσμός
3072 4545 3085 4560 “
3113 4529 3327 4601 ἀνάγκη
3352 4527 3463 4599 γὰρ
3482 4526 3691 4581 ἐκεῖθεν

2119 4622 2230 4677 τῶν
2257 4623 2490 4677 ἐπαίνων
2522 4621 2707 4676 λαϐεῖν
2731 4621 2830 4685 τὰς
2851 4622 3043 4692 ἀρχὰς,
3067 4620 3170 4675 κᾶν
3203 4623 3237 4691 ἡ
3265 4619 3360 4675 νῦν
3380 4619 3692 4691 παράληψις

2120 4716 2186 4786 τῇ
2210 4715 2359 4767 Θέσει
2402 4713 2630 4767 κατόπιν
2662 4713 2772 4767 τῶν
2807 4713 3096 4784 ἐγκωμίων
3133 4711 3462 4784 ἀφώρισται.
3505 4709 3689 4762 Ἐπει-

2121 4805 2296 4876 δήπερ
2325 4803 2404 4876 τῷ
2440 4805 2620 4868 καλῶς
2651 4805 2947 4876 διακρίνειν
2974 4806 3135 4861 εἰδότι
3171 4806 3241 4860 τὰ
3281 4805 3600 4877 πράγματα,
3628 4803 3690 4855 οὐ

2121 4894 2318 4965 δεσμὸς
2341 4897 2549 4958 ἐκεῖνος
2569 4895 2775 4963 ἁπλῶς,
2800 4896 3078 4968 ἁπείργων
3100 4897 3397 4967 ἐγκωμίοις
3421 4892 3690 4947 καταστέ-

448 4996 597 5068 quod
629 4996 930 5052 humanam
957 4994 1187 5067 gloriam
1211 5001 1552 5049 aversantem
1578 4998 1723 5048 vetet
1752 5006 2017 5050 exornare

2123 4964 2244 5058 φειν
2277 4988 2375 5059 τὴν
2423 4987 2769 5059 ἀνθρωπίνην
2810 4964 3510 5061 ὤξανάποστρεξρόμενονι
3555 4984 3693 5039 ἀλλὰ

448 5085 738 5143 laudibus:
773 5092 869 5140 aut
898 5099 1033 5142 sane
1058 5082 1341 5141 vinculum
1372 5082 1441 5136 ad
1470 5082 1792 5137 solvendum
1823 5083 1985 5140 facile
2007 5125 2025 5150 ,

447 5177 824 5248 obligatioque
859 5172 1172 5245 ejusmodi,
1212 5188 1335 5243 qua:
1368 5172 1435 5226 ad
1474 5172 1579 5228 hoc
1618 5172 1797 5243 ipsum
1838 5176 2024 5245 potius

446 5269 819 5340 przestandum
857 5266 1108 5338 impellat
1136 5272 1407 5321 amantes.
1440 5262 1576 5318 Nam
1606 5279 1675 5321 ex
1708 5265 1906 5336 quibus
1935 5267 2025 5324 ille

449 5358 639 5417 laudes
664 5374 726 5417 se
756 5357 1090 5415 evitaturum
1118 5355 1421 5412 arbitratus
1450 5361 1565 5423 est,
1600 5355 1879 5413 interdicti
1904 5359 2026 5414 vin-

523 5493 540 5523 ‘
581 5492 867 5559 Mattb.'v,
901 5491 997 5558 i5,
1033 5490 1137 5559 i6;
1172 5488 1308 5545 Luc.
1332 5505 1462 5555 Vill,
1505 5487 1593 5544 16.

2119 5080 2317 5151 δεσμὸς
2370 5080 2624 5150 ἄδεσμος,
2677 5080 2773 5135 καὶ
2814 5080 3018 5152 κατοχὴ
3059 5080 3379 5144 ἀκάθεκτος,
3432 5077 3571 5149 πρὸς
3626 5076 3688 5130 τὺ

2119 5173 2360 5227 ἐναντίον
2380 5173 2506 5235 τοὺς
2528 5172 2765 5244 ἐραστὰς
2792 5172 3123 5228 συνωθοῦσα.
3144 5171 3221 5225 Δι’
3249 5164 3322 5225 ὧν
3344 5170 3453 5240 γὰρ
3481 5169 3688 5232 ἐκεῖνος

2118 5268 2245 5329 τοὺς
2282 5266 2583 5337 ἡμετέρους
2634 5268 2893 5335 ἐκφυγεῖν
2934 5265 3185 5328 ἐπαίνους
3228 5260 3684 5332 κατεστοχάσατο,

2120 5357 2304 5431 δεσμῷ
2326 5358 2423 5430 τὴν
2457 5358 2768 5433 ἐγχείρησιν
2789 5357 3159 5432 ἀποτειχίσας,
3182 5354 3272 5410 διὰ
3297 5352 3503 5409 τούτων
3525 5352 3685 5425 ἡμεῖς

522 5650 603 5720 (l)
670 5650 1178 5722 Han‘e‘orationem
1219 5647 1425 5705 frustra
1471 5646 1640 5719 aliqui
1711 5656 1769 5703 ut
1811 5645 2034 5704 dubiam
2056 5646 2408 5717 habuerunt;
2468 5648 2541 5705 cl‘.
2596 5647 2883 5708 Assemanl
2925 5646 3143 5721 Proles.
3188 5648 3407 5722 intem.
3464 5643 3506 5718 Ι,
3553 5655 3679 5715 opp.

452 5718 626 5778 cm.
665 5721 722 5775 S.
756 5718 1026 5791 Ephrtem.
