4050 6164
406 222 504 289 Sil

1476 227 1563 284 DE
1601 228 1759 284 VlTA
1802 228 1862 288 S.
1904 227 2152 285 PATRIS
2190 226 2500 282 ΕΡΗΒΛῖΜ
2542 225 2718 282 SYRI.

3547 221 3651 276 8‘92

407 343 505 408 τὰς
547 341 797 414 ἀφορμὰς
828 341 935 394 τῶν
972 342 1259 413 ἐγκωμίων
1303 342 1668 416 λαμϐάνομεν.
1716 346 1976 398 Ἔκαστον

2086 346 2209 400 culo
2238 353 2457 398 nostros
2491 351 2723 399 conatus
2758 341 3085 396 subvertens
3115 347 3280 409 atque
3316 337 3649 406 impediens,

412 434 511 505 μὲν
534 430 628 486 οὖν
660 432 823 487 αὐτοῦ
876 433 1251 503 πλεονέκτημα
1302 433 1437 504 πρὸς
1469 434 1721 505 ἀφορμὴν
1760 436 1979 487 ἐπαίνου

410 526 635 590 τελείου,
671 525 906 595 μάλιστα
930 526 986 578 δὲ
1012 526 1073 578 τὸ
1102 525 1175 597 μὴ
1201 524 1411 597 χαίρειν
1440 525 1663 597 ἐπαίνῳ.
1704 526 1981 580 Ἐϐούλετο

409 616 518 686 γὰρ
540 618 599 669 οὐ
632 616 828 680 δοκεῖν,
863 616 975 669 ἀλλ’
999 612 1137 671 εἶναι
1167 616 1420 688 χρηστός.
1445 617 1523 669 Δι’
1545 616 1674 670 αὐτὸ
1696 618 1981 688 τοιγαροῦν

410 711 502 764 καὶ
534 709 715 779 μόνον,
743 710 847 762 κᾶν
882 709 1046 780 μηδὲν
1090 708 1277 779 ἓτερον
1319 708 1467 774 ἄξιον
1499 709 1780 780 πέπραχεν
1828 710 1983 763 ἐπαί-

372 818 534 867 νων,
585 799 1028 873 ἐγκωμιάζεσθαι
1071 800 1312 865 δίκαιον,
1349 801 1430 854 ὄτι
1478 802 1730 855 τοσοῦτον
1772 803 1981 875 χαίρειν

407 888 526 944 εἷπε
562 894 674 956 τοῖς
720 890 1038 962 ἐγκωμίοις,
1068 890 1143 955 ὡς
1183 891 1276 944 καὶ
1306 889 1491 962 δεσμῷ
1539 890 1839 962 σφραγίσαι
1884 891 1981 961 τὴν

408 985 494 1037 ἐπ’
517 985 700 1047 αὐτοῖς
730 984 1063 1054 ἐπιτίμησιν.
1112 982 1276 1053 Ἥμῖν
1307 982 1363 1036 δὲ
1390 983 1546 1037 τοῦτο
1589 982 1803 1054 πρῶτον
1834 983 1980 1037 ἀνοί-

407 1093 494 1145 γει
526 1073 621 1131 τοῦ
647 1076 802 1144 λόγου
830 1075 889 1129 τὸ
917 1074 1126 1129 στάδιον
1147 1116 1161 1139 ,
1202 1074 1295 1128 καὶ
1321 1075 1657 1145 πληροφορεῖ
1679 1074 1752 1145 μὴ
1780 1072 1981 1144 βαίνειν

408 1168 686 1233 ἀσκόπως,
723 1168 859 1238 μηδὲ
904 1167 1044 1225 κατᾶ
1074 1168 1319 1240 κρημνοῦ
1347 1167 1626 1237 φέρεσθαι,
1662 1167 1798 1221 ἀλλά
1827 1166 1980 1238 βασι-

408 1257 562 1328 λικὴν
586 1258 790 1311 ὁδεύειν
819 1257 955 1325 ὁδὸν,
990 1256 1167 1320 καλῶς
1192 1257 1687 1328 ἀναλογιζομένοις,
1715 1259 1902 1329 ὅτιπερ
1933 1261 1980 1310 εί

410 1349 486 1420 μὴ
513 1348 662 1415 ἄξιον
700 1350 935 1404 ἐπαίνων
967 1349 1158 1404 ἑαυτὸν
1186 1351 1213 1402 6
1252 1348 1554 1420 θαυμάσιος
1576 1349 1667 1403 τοῦ
1700 1349 1834 1404 Θεοῦ
1866 1367 1983 1402 συν-

406 1440 573 1513 εὼρα,
622 1441 721 1496 οὐκ
754 1441 819 1497 ἂν
863 1442 1129 1513 εὐφημεῖν
1176 1442 1339 1498 αὐτὸν
1371 1443 1601 1516 ἀπεῖργε
1631 1444 1756 1507 τοὺς
1801 1444 1981 1497 θέλον-

406 1549 523 1595 τας.
552 1531 740 1594 Οὐδεὶς
771 1531 881 1603 γὰρ
927 1533 1001 1604 μὴ
1038 1531 1467 1604 θαυμαζόμενος,
1499 1534 1579 1587 ἔτι
1622 1532 1847 1607 περιὼν,
1890 1534 1980 1586 ἐπὶ

409 1621 687 1692 μεγίστοις
719 1622 1151 1694 πλεονεκτήμασι
1190 1626 1477 1696 παρεγγυᾷ
1525 1626 1636 1688 τοῖς
1663 1625 1977 1696 μετέπειτα,

2084 452 2144 491 ca
2197 438 2354 491 nobis
2401 438 2516 506 ipsa
2565 434 2819 489 laudandi
2874 434 3221 490 occasionem
3279 430 3649 500 suppeditant.

2083 526 2218 580 Cum
2249 528 2393 580 enim
2444 526 2669 597 singulae
2721 526 2995 594 praeclarae
3048 524 3214 578 anitui
3271 525 3444 591 ipsius
3495 521 3655 577 dotes

2084 614 2308 669 uberem
2360 615 2427 669 ad
2473 614 2805 669 laudandum
2855 615 3135 668 materiam
3182 613 3500 675 exhibeant.
3539 620 3651 665 tttm

2083 705 2219 760 illud
2248 706 2632 775 cumprimis,
2686 705 2832 776 quod
2889 705 3141 760 laudibus
3198 720 3310 759 non
3363 702 3649 757 alﬁciatur.

2082 797 2316 869 Optabat
2342 800 2542 869 quippe
2573 813 2681 853 non
2721 798 2923 862 videri,
2960 797 3054 853 sed
3085 798 3260 852 bonus
3298 798 3477 867 potius
3508 810 3649 849 esse.

2083 889 2161 945 Ex
2195 905 2304 961 quo
2334 890 2552 960 quidem
2587 890 2670 945 vel
2718 890 2872 951 solo,
2932 888 3061 943 licet
3107 887 3256 941 aliud
3314 887 3451 940 nihil
3498 886 3653 940 laude

2082 983 2307 1053 dignum
2357 982 2732 1052 prazstitisset,
2775 979 3069 1035 collaudari
3124 979 3370 1049 profecto
3414 994 3653 1033 merere-

2083 1086 2210 1131 tur:
2247 1075 2386 1131 adeo
2419 1075 2565 1129 enim
2604 1072 2860 1128 laudibus
2893 1087 2953 1129 se
2982 1069 3240 1127 delectari
3279 1071 3476 1134 aiebat,
3507 1079 3652 1124 uteo

2083 1169 2303 1225 vinculo
2357 1149 2810 1237 vituperationem
2860 1179 2921 1217 ex
2978 1162 3086 1218 illis
3143 1170 3453 1218 manantem
3502 1162 3652 1217 obsi-

2083 1276 2252 1331 gnare
2293 1258 2545 1313 maluerit
2584 1262 2747 1327 atque
2790 1254 3014 1310 evitare.
3056 1252 3204 1307 Istud
3249 1267 3377 1309 vero
3419 1252 3653 1321 primum

2081 1360 2283 1407 nostrae
2333 1349 2568 1406 orationi
2623 1347 2859 1403 stadium
2902 1345 3114 1415 aperit,
3161 1350 3214 1399 et
3257 1343 3404 1399 clare
3457 1353 3653 1396 metam

2081 1443 2359 1507 ostendit,
2399 1442 2465 1495 ad
2496 1454 2658 1512 quam
2698 1439 2933 1510 dirigere
2981 1452 3205 1492 cursum
3251 1442 3532 1505 oporteat:
3585 1447 3654 1487 ne

2083 1544 2288 1590 temere
2321 1532 2736 1604 progredientes
2775 1529 3014 1585 feramur
3050 1527 3386 1600 prrecipitcs,
3424 1525 3519 1581 sed
3558 1539 3653 1594 per

2081 1628 2228 1680 viam
2274 1625 2592 1680 incedentes
2643 1623 2880 1693 regiam,
2913 1621 3326 1677 consideremus
3377 1617 3654 1672 admiran-

407 1711 571 1784 λήθης
613 1712 863 1784 πτώματι
904 1714 1000 1785 τὴν
1043 1713 1235 1768 ἑαυτοῦ
1291 1718 1512 1788 μνήμην
1558 1715 1975 1788 παραιξανίζειν.

2081 1719 2210 1774 dum
2244 1714 2526 1771 illumDei
2567 1713 2743 1767 virum
2784 1711 3188 1782 prohibiturum
3229 1726 3338 1766 non
3380 1709 3548 1764 fuisse
3586 1725 3653 1762 ne

407 1801 550 1873 Πρὸς
572 1803 635 1875 δὴ
672 1804 880 1870 τούτοις
911 1805 1026 1861 ἐστι
1065 1808 1158 1861 καὶ
1186 1806 1341 1861 τοῦτο
1385 1810 1559 1862 εἰπεῖν
1579 1827 1590 1841 ο
1622 1810 1703 1864 ὅτι
1730 1811 1980 1881 καθάπερ

407 1894 616 1960 Παῦλος
642 1899 670 1950 6
697 1898 880 1972 ῥήτωρ
900 1898 999 1968 τῆς
1020 1900 1258 1970 χάριτος,
1283 1902 1310 1953 6
1335 1918 1396 1955 νυ
1404 1903 1701 1971 μφοστόλος
1718 1903 1817 1973 τῆς
1857 1904 1976 1957 Ἐκ-

402 1980 653 2056 νκλησίας,
684 1988 743 2041 τὸ
771 1989 862 2043 τοῦ
888 1990 1122 2061 Χριστοῦ
1157 1992 1348 2062 στόμα,
1382 1993 1481 2046 οὐκ
1514 1993 1759 2047 ἀπώλεσε
1791 1995 1851 2047 τὸ
1883 2012 1981 2049 κα-

402 2074 607 2130 λεῖσθαι
654 2078 992 2146 ’Δπόστολος,
1033 2081 1121 2135 διὰ
1160 2082 1221 2134 τὸ
1271 2085 1465 2151 εἰπεῖν,
1501 2087 1621 2140 Οὐκ
1653 2086 1767 2154 εἰμὶ
1813 2082 1981 2153 ἄξιος

403 2168 714 2224 καλεῖσθαι
753 2172 1150 2240 Ἀπόστολος·
1191 2174 1391 2244 μᾶλλον
1441 2176 1539 2246 μὲν
1570 2173 1660 2231 οὖν
1690 2178 1775 2232 διὰ
1817 2179 1974 2232 τοῦτο

402 2256 533 2310 αὐτὸ
561 2258 1131 2333 τδμετριοφρονῆσαι,
1168 2267 1353 2333 μεῖζον
1396 2268 1745 2337 ἀπηνέγκατο
1796 2270 1971 2335 κλέος.

403 2343 559 2399 Οὕτω
595 2346 657 2418 δὴ
699 2349 792 2402 καὶ
828 2352 855 2403 6
879 2351 1050 2420 μέγας
1082 2353 1270 2425 Πατὴρ
1309 2355 1489 2426 ἡμῶν,
1535 2358 1752 2423 ἀνάξιον
1787 2361 1976 2414 ἑαυτὸν

402 2438 639 2494 ἐπαίνων
689 2441 754 2495 δι’
807 2442 1089 2497 εὐλάϐειαν
1146 2445 1356 2515 κρίνας,
1423 2447 1569 2513 ἄξιος
1621 2450 1973 2521 εὑρεθήσεται

402 2534 542 2585 κατά
568 2533 628 2585 τὸ
654 2534 963 2589 ἀκόλουθον.

2079 1817 2418 1877 laudaretur,
2460 1813 2568 1870 nisi
2608 1810 2866 1867 laudibus
2909 1826 2968 1865 se
3006 1807 3233 1881 dignum
3285 1807 3649 1878 cognovisset.

2050 1902 2214 1962 'Nam
2251 1907 2472 1970 nullus,
2513 1905 2622 1960 nisi
2664 1904 2822 1959 valde
2865 1903 3095 1974 insignis
3142 1910 3307 1972 atque
3349 1899 3656 1968 suspicien-

2078 2001 2211 2065 dus,
2247 2014 2373 2054 cum
2413 1997 2595 2053 adhuc
2629 1997 2686 2051 in
2723 1996 2834 2051 vita
2878 1995 3134 2051 maximis
3172 1992 3474 2048 virtutibus
3514 2004 3653 2061 prse-

2079 2092 2240 2147 cellat
2263 2132 2276 2154 ,
2316 2091 2637 2148 memoriam
2670 2090 2756 2148 sui
2788 2088 3065 2145 oblivione
3095 2085 3235 2156 apud
3270 2090 3521 2155 posteros
3554 2083 3651 2138 dc-

2080 2183 2177 2238 leri
2209 2183 2416 2252 jubcat.
2456 2182 2521 2237 Et
2553 2179 3010 2253 quemadmodum
3053 2178 3289 2243 Paulus,
3330 2176 3653 2246 prmdiratot‘

2082 2275 2305 2345 gratim,
2342 2289 2548 2344 auspex
2588 2272 2874 2335 Ecclesia,
2912 2286 2974 2326 os
3009 2269 3253 2332 Christi,
3306 2269 3433 2322 licet
3478 2268 3545 2322 de
3594 2283 3654 2321 se

2083 2367 2200 2436 ipse
2231 2367 2432 2423 dixerit
2462 2385 2474 2422 :
2526 2363 2648 2421 Non
2677 2382 2796 2420 sum
2829 2364 3021 2435 dignus
3055 2363 3235 2419 vocari
3279 2355 3551 2432 apostolus
3587 2362 3649 2424 ²;

2085 2475 2192 2513 non
2228 2470 2409 2515 tamen
2444 2458 2567 2515 ideo
2599 2457 2808 2522 effecit,
2840 2472 2940 2513 cur
2966 2457 3149 2512 minus
3179 2455 3458 2526 apostolus
3492 2468 3649 2507 voca-

2083 2557 2275 2605 retur:
2312 2551 2422 2603 imo
2454 2557 2660 2618 quanto
2702 2549 2821 2619 ipse
2861 2547 3190 2603 submissius
3236 2545 3303 2599 de
3341 2560 3400 2613 se
3442 2545 3648 2605 sensit,

401 2630 556 2678 tanto
586 2628 845 2697 majorem
876 2642 1207 2688 consecutus
1233 2644 1315 2691 est
1349 2635 1601 2705 gloriam.
1632 2637 1834 2710 Sicque
1862 2658 2093 2715 magnus
2122 2651 2310 2700 noster
2333 2644 2426 2699 hic
2473 2642 2653 2708 Pater,
2716 2642 2973 2713 quoniam
3016 2642 3316 2712 prudenter
3371 2655 3435 2694 ac
3492 2647 3652 2693 caute

407 2718 647 2785 seipsum
675 2720 935 2780 laudibus
970 2726 1251 2797 indignum
1293 2731 1539 2797 censuit,
1580 2733 1702 2790 ideo
1730 2736 1989 2808 deinceps
2031 2739 2288 2796 laudibus
2321 2739 2588 2795 celebrari
2620 2746 2988 2810 promeretur.
3553 2749 3559 2754 '

484 2815 635 2868 Ἐπεὶ
665 2812 757 2871 οὖν
801 2818 1068 2891 ἡμέτερος
1109 2823 1206 2893 τῆς
1239 2825 1569 2898 Ἐκκλησίας
1615 2829 1798 2901 νόμος,
1852 2835 1977 2899 τοὺς

400 2904 523 2999 τῆς⁸
544 2907 747 2979 ἀρετῆς
780 2910 1026 2981 ςηλωτάς
1054 2916 1118 2967 ἐκ
1151 2915 1244 2969 τοῦ
1293 2917 1495 2990 ταύτης
1527 2922 1597 2974 τὰ
1625 2923 1742 2994 εἴδη
1786 2927 1978 2999 μετέρ-

402 2995 592 3064 χεσθαι
625 3001 925 3068 στεφανοῦν
953 2999 1060 3055 οἶδε
1084 3021 1099 3035 ·
1126 3006 1220 3059 καὶ
1255 3006 1457 3061 τούτων
1483 3010 1595 3064 ὅσοι
1638 2995 1871 3083 μάλιστα
2002 2999 2044 3057 C

402 3088 642 3160 ταπεινῷ
687 3090 780 3145 τοῦ
827 3095 1170 3165 φρονήματος
1228 3100 1410 3171 μέτρῳ
1452 3107 1838 3174 πνευματικῶς
1885 3110 1978 3164 ἀν-

401 3176 724 3249 υζώθησαν,
758 3181 897 3236 κατά
934 3183 995 3236 τὸ
1029 3183 1122 3236 τοῦ
1168 3188 1371 3259 Κυρίου
1405 3193 1461 3244 ἐν
1492 3193 1843 3262 Εὑαγγελίοις
1876 3191 1978 3254 ὧδέ

402 3286 519 3333 πως
548 3272 837 3343 εἰρημένον
857 3291 870 3305 ο
910 3275 973 3330 Ὀ
1000 3278 1294 3334 ταπεινῶν
1325 3281 1542 3337 ἑαυτὸν
1568 3287 1973 3355 ὑψωθήσεται·

402 3359 507 3425 ἔξω
562 3366 839 3431 παντελῶς
900 3367 1067 3439 ψόγου
1119 3372 1215 3425 καὶ
1273 3372 1603 3445 σκώμματος
1651 3379 1753 3434 «al.
1805 3384 1977 3455 αὐτῆς

380 3458 722 3527 ’τυγχάνουσι
771 3462 1167 3535 κατακρίσεως,
1200 3465 1247 3519 οἰ
1287 3467 1380 3521 τοῦ
1417 3472 1678 3541 παρόντος
1716 3474 1975 3548 θεοφόρου

402 3546 610 3641 ματρὸς
634 3551 734 3615 τὰς
762 3553 962 3622 ἀρετὰς
1006 3555 1430 3628 ἀναγράφοντες,
1468 3564 1560 3617 καὶ
1575 3560 1693 3619 οἷον
1729 3569 1807 3631 είς
1846 3546 1976 3641 στή-

399 3633 496 3707 λην
525 3637 762 3708 ἔμπνουν
786 3643 880 3696 καὶ
905 3643 1083 3708 ζῶσαν
1116 3646 1205 3700 τὸν
1230 3650 1436 3703 ἐκείνου
1467 3652 1580 3723 βίον
1609 3658 1742 3726 ἡμῖν
1766 3633 1975 3726 ἀνεγεί-

400 3743 602 3822 ροντες.
652 3731 759 3822 Καὶ
803 3733 911 3787 τῶν
953 3736 1400 3805 ὲπαγγελθὲντων
1443 3744 1470 3795 6
1501 3745 1663 3814 σοφὸς
1700 3747 1974 3822 ἀκροατὴς

397 3818 590 3889 ἐπόψει
635 3821 696 3874 τὸ
732 3823 980 3893 ἀψευδὲς,
1018 3829 1248 3883 κατόπιν
1286 3832 1376 3885 τοῦ
1407 3832 1564 3903 λόγου
1590 3836 1690 3901 τὰς
1726 3818 1974 3904 ποικίλας

397 3908 563 4000 αὐτοῦ
585 3911 692 3967 τῶν
721 3914 928 3987 ἀρετῶν
959 3918 1102 3985 ἰδέας
1116 3921 1529 3995 ἀναλεγόμενος,
1556 3919 1631 3982 ὧν
1658 3930 1819 4000 ἡμεῖς
1846 3933 1976 3987 καθ-

400 3999 544 4093 άπερ
576 4003 674 4058 ἕνα
710 4007 829 4061 τινὰ
867 4013 1295 4086 χρυσοκόλλητον
1341 4017 1624 4087 στέφανον,
1658 3999 1974 4093 πολυτίμοις

400 4092 493 4146 καὶ
536 4093 812 4168 διαφόροις
858 4103 1309 4176 περιηνθισμένον
1350 4092 1867 4182 χρυσουργήσαντεςί
1892 4114 1973 4167 λί-

397 4185 532 4252 θοις,
549 4193 614 4261 τῇ
640 4191 825 4264 νύμφῃ
852 4195 1088 4266 Χριστοῦ
1125 4196 1418 4273 Ἐκκλησία
1444 4202 1614 4274 δῶρον
1644 4205 1973 4277 ποθούμενον

399 4282 873 4368 προσκομίσομεν⁶
920 4288 1100 4360 χαίρει
1132 4290 1241 4362 γὰρ
1272 4294 1384 4356 τοῖς
1427 4293 1686 4359 τοιούτοις
1720 4296 1973 4370 φιλοφρο-

397 4371 605 4426 νεῖσθαι
646 4378 1000 4450 χαρίσμασιν,
1044 4383 1133 4434 ὅτε
1184 4384 1371 4455 μνήμη
1402 4384 1624 4440 δικαίων
1672 4388 1973 4461 ἀπαντήσει

396 4465 633 4536 ὲτήσιος.
691 4470 929 4544 Ἐφραῖμ
979 4472 1034 4526 δὲ
1078 4474 1172 4528 νῦν
1220 4476 1300 4539 είς
1339 4476 1616 4549 εὐφημίαν
1667 4482 1972 4554 περιήγαγε

395 4556 605 4629 τρέχων
651 4559 679 4612 6
711 4563 902 4632 χρόνος
921 4578 937 4594 ⁶
972 4566 1066 4619 καὶ
1096 4566 1212 4632 πῶς
1241 4568 1301 4621 οὐ
1344 4569 1656 4642 περιχαρῶς
1693 4572 1751 4625 τὸ
1780 4573 1971 4628 τούτου

402 4653 747 4725 μνημόσυνον
780 4655 1091 4724 ὑποδέξεται
1106 4676 1121 4724 ;

478 4922 717 4996 Ἐφραῖμ
743 4925 967 4989 ἐκεῖνον,
992 4927 1080 4981 τὸν
1115 4929 1172 4982 ἐν
1205 4932 1337 4986 πᾶσι
1365 4933 1703 5005 Χριστιανῶν
1738 4951 1967 5006 περιφε-

397 5012 622 5083 ρόμενον
649 5014 932 5085 στόμασιν.
970 5017 1205 5089 Ἐφραῖμ
1235 5020 1377 5089 λέγω
1410 5023 1501 5075 τὸν
1533 5022 1703 5094 Σύρον
1725 5040 1740 5055 ο
1767 5025 1829 5078 οὐ
1858 5027 1969 5097 γὰρ

392 5103 453 5156 τὸ
480 5105 641 5173 γένος
680 5106 1100 5180 ἐπαισχύνομαι,
1130 5103 1192 5164 οὗ
1227 5114 1340 5177 τοῖς
1381 5114 1600 5185 τρόποις
1629 5115 1968 5184 ἐγκαλλωπί-

392 5195 576 5267 ζομαι.
617 5199 875 5273 Ἐφραϊμ,
903 5195 963 5256 οὗ
996 5202 1075 5265 εἰς
1100 5203 1278 5257 πᾶσαν
1309 5203 1406 5276 τὴν
1425 5206 1528 5275 γῆν
1553 5205 1614 5259 τὸ
1649 5207 1850 5276 φέγγος
1868 5207 1964 5261 τοῦ

392 5286 512 5359 βιου
535 5291 752 5363 καὶτῆς
775 5292 1005 5363 θεωρίας
1031 5292 1330 5364 ἐξέλαμψεν
1355 5311 1368 5326 ·
1396 5296 1425 5348 ὀ
1446 5294 1595 5369 πάσῃ
1622 5300 1688 5369 τῇ
1714 5297 1803 5367 ὑφ’
1828 5297 1964 5370 ἡλίῳ

390 5379 577 5450 σχεδὸν
617 5383 1036 5456 γινωσκόμενος,
1070 5385 1221 5456 παρά
1244 5385 1519 5450 τοσούτοις
1565 5402 1623 5441 τε
1661 5388 1961 5458 ἀγνοούμε-

388 5486 500 5536 νος,
534 5473 665 5544 παρ’
697 5474 841 5541 ὅσοις
877 5477 906 5530 6
928 5476 1103 5549 μέγας
1123 5477 1221 5549 τῆς
1263 5476 1588 5549 Ἐκκλησίας
1609 5483 1834 5552 φωστὴρ
1857 5481 1961 5535 Βα-

509 5643 531 5700 l
557 5646 683 5706 Cor.
712 5664 800 5718 xv,
831 5649 883 5705 9.

2152 2835 2288 2892 Cum
2319 2850 2449 2908 ergo
2479 2851 2541 2891 ea
2568 2834 2824 2891 Ecclesia:
2858 2840 3063 2889 uestrae
3092 2831 3430 2888 consuetudo
3466 2832 3537 2885 sit
3567 2839 3650 2883 at-

2082 2945 2188 2999 que
2236 2928 2581 2995 institutum,
2642 2936 2701 2983 ut
2759 2928 2978 2983 virtutis
3034 2927 3310 2988 cultores,
3367 2932 3651 2994 propterea

2078 3021 2222 3090 quod
2256 3020 2375 3091 ejus
2413 3029 2599 3092 partes
2633 3019 2868 3092 amplexi
2900 3020 3011 3075 sint
3035 3059 3048 3083 ,
3078 3025 3452 3085 coronentur;
3489 3025 3652 3086 atque

2081 3112 2157 3165 illi
2196 3112 2536 3181 potissimum
2560 3152 2573 3177 ,
2606 3112 2699 3182 qui
2738 3111 3102 3167 ob-humilem
3139 3109 3205 3164 de
3237 3110 3432 3178 scipsis
3463 3109 3651 3163 existi-

2079 3205 2375 3259 mationem
2418 3205 2616 3275 spiritu
2660 3204 2923 3259 sublimes
2955 3202 3226 3258 evaserint
3257 3220 3272 3269 ;
3307 3217 3428 3257 cum
3474 3201 3649 3271 ipsum

2079 3293 2224 3349 dicat
2273 3294 2665 3366 Evangelium:
2702 3294 2806 3360 Qui
2857 3310 2912 3349 se
2964 3293 3245 3360 humiliat,
3282 3292 3651 3347 exaltabitur:

2077 3386 2221 3441 haud
2269 3401 2542 3457 quaquam
2594 3400 2725 3441 sane
2770 3384 3153 3455 vituperandi,
3219 3391 3301 3439 \cl
3350 3383 3647 3443 irridendi,

2080 3487 2174 3531 aut
2211 3476 2638 3547 reprehendendi
2696 3485 2852 3537 sunt,
2888 3476 2980 3545 qui
3031 3475 3208 3531 sancti
3262 3475 3424 3545 hujus
3473 3473 3650 3528 Patris

2078 3570 2311 3625 virtutes
2345 3576 2509 3636 atque
2542 3567 2791 3621 encomia
2827 3567 3203 3625 describentes
3226 3608 3239 3633 ,
3276 3567 3452 3635 ipsius
3489 3566 3649 3619 nobis

2076 3661 2244 3713 vitam
2280 3668 2540 3727 tanquam
2582 3659 2923 3727 spirantem,
2960 3665 3013 3711 et
3059 3658 3354 3711 animatam
3406 3657 3645 3725 aliquam

2076 3751 2386 3804 columnam
2436 3750 2670 3820 erigunt.
2716 3749 2847 3817 Quae
2890 3764 3018 3805 vero
3056 3749 3645 3815 commemoravimus,

2075 3854 2420 3909 nequaquam
2460 3838 2597 3894 falsa
2632 3854 2754 3895 esse
2790 3838 3028 3910 prudens
3066 3839 3284 3893 auditor
3318 3847 3641 3909 cognoscet,

2076 3930 2121 3984 si
2150 3930 2241 3983 ubi
2276 3937 2589 4000 peroratum
2627 3928 2793 3985 fuerit
2815 3969 2828 3992 ,
2862 3931 3011 3984 varia
3048 3929 3223 4000 ipsius
3260 3929 3522 3983 virtutum
3558 3944 3648 4001 ge-

2076 4036 2207 4077 nera
2238 4023 2547 4092 collegerit,
2594 4037 2660 4078 ex
2699 4022 2900 4091 quibus
2948 4037 3045 4079 nos
3088 4022 3238 4077 velut
3284 4021 3540 4092 pretiosis
3585 4036 3647 4074 ac

2075 4115 2309 4169 diversis
2357 4114 2594 4183 lapillis,
2641 4128 2887 4183 auroque
2926 4113 3242 4169 distinctam
3292 4122 3647 4170 contexentes

2075 4220 2371 4272 coronam,
2409 4212 2621 4275 gratum
2659 4214 2823 4274 atque
2856 4214 3100 4275 optatum
3135 4206 3338 4261 Christi
3389 4206 3647 4262 Ecclesiae

2075 4297 2278 4351 donum
2309 4296 2620 4353 oll‘cremus.
2648 4295 2823 4352 Gestit
2846 4297 3048 4367 quippe
3072 4298 3160 4351 illa
3187 4313 3250 4353 ac
3273 4297 3472 4367 gaudet
3494 4298 3646 4365 ejus-

2077 4388 2220 4442 modi
2246 4402 2305 4442 se
2329 4388 2650 4442 muneribus
2677 4387 2950 4447 decorari,
2977 4388 3415 4457 quandocunque
3442 4390 3645 4442 solem-

2076 4477 2163 4532 nis
2196 4477 2455 4532 memoria
2481 4476 2617 4548 justi
2650 4478 2975 4533 celebranda
3001 4477 3264 4545 occurrit.
3300 4477 3645 4548 Quapropter

2074 4584 2198 4622 cum
2226 4568 2301 4622 ita
2332 4568 2573 4623 circulus
2607 4568 2739 4621 lerat
2776 4569 2936 4629 anui,
2970 4576 3029 4620 ut
3065 4566 3222 4620 hodie
3248 4566 3645 4621 collaudandus

2076 4672 2139 4712 ac
2170 4657 2529 4713 celebrandus
2564 4657 2636 4711 sit
2662 4657 2816 4711 nobis
2844 4666 3068 4711 sanctus
3096 4653 3344 4725 Ephrzem
3365 4695 3379 4720 ,
3410 4656 3525 4709 ﬁeri
3555 4672 3648 4710 nc-

2075 4752 2228 4821 quit,
2254 4751 2385 4821 quin
2415 4751 2618 4819 ingenti
2644 4764 2767 4800 eum
2791 4747 2992 4818 gaudio
3019 4756 3433 4801 monumentum
3465 4746 3643 4813 istud,

2077 4846 2384 4916 pignusque
2411 4843 2615 4896 amoris
2640 4842 2939 4911 suscipiat,
2970 4849 3024 4896 et
3051 4841 3431 4911 amplectatur.

2146 4935 2391 5003 Ephraem
2420 4933 2582 5003 igitur
2603 4932 2692 4987 ille
2723 4931 2853 4984 mihi
2873 4930 3232 4986 celebrandas
3260 4939 3363 4994 est,
3390 4933 3480 5001 qui
3512 4948 3647 4986 etm-

2073 5027 2177 5082 etis
2202 5024 2534 5080 Christianis
2576 5031 2824 5079 versatur
2852 5024 2906 5076 in
2937 5038 3048 5078 ore.
3083 5023 3330 5092 Ephraem
3352 5065 3367 5090 ,
3401 5024 3644 5094 inquam,

2076 5118 2248 5188 Syrus
2279 5135 2292 5170 :
2323 5130 2502 5187 neque
2530 5116 2674 5171 enim
2706 5115 2850 5168 illius
2885 5128 2985 5167 uos
3019 5111 3183 5182 pudet
3221 5115 3455 5184 generis.
3485 5114 3645 5182 cujus

2070 5211 2409 5264 illustramur
2458 5207 2721 5261 moribus.
2780 5204 3046 5274 Ephrzem,
3106 5203 3262 5273 cujus
3315 5204 3439 5259 vitae
3485 5215 3649 5274 atque

2070 5299 2333 5355 doctrina:
2364 5296 2621 5367 splendor
2655 5294 2910 5349 universo
2956 5306 3222 5348 terrarum
3258 5295 3436 5350 illuxit
3489 5295 3641 5350 orbi:

2070 5400 2193 5440 nam
2246 5385 2299 5436 in
2334 5383 2482 5438 onmi
2518 5382 2627 5436 fere
2658 5382 2795 5443 loco,
2830 5382 2922 5451 qui
2975 5381 3282 5437 illustratur
3309 5397 3341 5436 a
3369 5381 3510 5449 sole,
3544 5396 3645 5435 co-

2066 5479 2377 5552 gnoscitur;
2404 5476 2615 5547 illisque
2641 5475 3017 5529 tantummodo
3044 5475 3355 5547 incognitus
3381 5480 3643 5538 remanet,
