4050 6164
381 234 482 289 8Ξῖ)

1588 230 1645 286 S.
1691 227 2022 286 GRMORII
2067 227 2366 284 NYSSENI

3536 226 3642 281 824

380 353 477 423 qui
494 362 763 424 magnum
789 350 1042 409 Ecclesia:
1070 352 1254 409 lumen
1280 350 1337 407 S.
1366 349 1628 407 Basilium
1675 350 1961 423 ignorant;

2085 347 2263 410 τίλειος
2290 363 2302 376 ·
2353 345 2612 419 Ἐφραῒμ,
2662 348 2691 399 6
2730 346 2919 417 vorjsbc
2964 345 3134 410 ὅντως
3177 344 3277 415 τῆς
3319 340 3646 411 Ἐκκλησίας

382 442 661 514 Ephrem,
690 451 851 498 notus
875 442 966 497 ille
998 457 1189 498 revera
1220 440 1480 499 Ecclesiae
1510 440 1835 511 Euphrates,
1868 455 1963 495 cu-

374 535 466 603 jus
496 547 655 604 aqms
685 531 909 603 irrigata
934 531 1372 589 Christianorum
1409 532 1723 600 multitudo,
1768 540 1956 587 centu-

379 626 530 696 plum
566 623 691 679 ﬁdei
720 622 957 679 fructum
997 624 1270 695 producit.
1301 624 1576 696 prrtem,
1613 624 1809 680 fertilis
1869 622 1961 677 illa

382 717 477 771 Dei
509 715 663 781 vitis,
702 731 826 787 qum
853 715 1094 771 dulcium
1116 716 1290 773 instar
1310 732 1672 784 racemorum,
1702 715 1964 772 doctrinae

381 807 595 863 fructus
626 806 883 874 aﬂerens,
935 808 1192 866 Ecclesiae
1248 809 1392 865 filios
1456 809 1640 864 divina
1698 808 1965 863 charitate

381 903 631 956 nutriens
652 902 1007 972 explensque,
1037 901 1211 958 reﬁcit
1233 909 1394 972 atque
1408 901 1662 958 oblectat.
1689 901 1963 972 Ephraem,

385 992 562 1048 bonus
591 1001 645 1049 et
672 992 851 1048 ﬁdelis
878 992 1136 1049 Ecclesiae
1164 993 1531 1064 dispensator,
1568 996 1661 1064 qui
1696 995 1963 1049 virtutum

384 1087 627 1139 rationes
677 1085 960 1155 aequaliter
985 1086 1266 1141 conservis
1309 1085 1667 1146 distribuens,
1696 1083 1790 1138 Dei
1815 1082 1970 1137 fami-

384 1177 512 1231 liam
531 1176 960 1247 prudentissime
978 1177 1345 1232 administrat.
1363 1175 1537 1248 Cujus
1554 1176 1774 1247 quidem
1795 1189 1968 1247 genus

386 1275 547 1337 atque
560 1267 895 1323 nobilitatem
911 1272 1023 1321 tum
1042 1264 1109 1321 ab
1124 1266 1243 1337 ipso
1259 1276 1610 1337 partam,tum
1625 1281 1655 1323 a
1669 1265 1971 1336 majoribus

387 1366 718 1430 susceptam,
742 1366 1138 1430 parentumque
1153 1359 1403 1431 gloriam,
1421 1375 1485 1415 ac
1496 1367 1698 1428 ortum,
1712 1368 1766 1416 et
1777 1359 1974 1416 educa-

388 1454 620 1518 tionem,
636 1461 690 1506 et
705 1452 882 1508 aetatis
896 1452 1317 1521 incrementum,
1334 1462 1391 1510 et
1427 1453 1677 1524 corporis
1714 1453 1969 1520 formam,

388 1544 849 1611 etconditionem,
872 1551 928 1601 et
958 1552 1127 1613 artes,
1161 1551 1216 1601 et
1244 1544 1452 1614 reliqua
1479 1561 1600 1615 quae
1627 1545 1694 1599 ab
1713 1544 1952 1600 externis

390 1636 749 1706 scriptoribus
764 1643 1021 1707 tanquam
1037 1637 1258 1691 maximi
1275 1637 1534 1703 momenti
1547 1637 1603 1691 in
1615 1635 1867 1692 laudibus
1883 1651 1971 1692 re-

2060 439 2372 510 Εὐφράτης,
2397 439 2456 506 ἐξ
2485 433 2546 511 οὑ
2567 439 2627 493 τὸ
2649 438 2761 492 τῶν
2789 438 2998 493 πιστῶν
3021 435 3487 508 καταρδευόμενον
3515 432 3650 503 πλή-

2064 550 2223 604 ρωμα
2255 534 2335 597 είς
2365 532 2558 588 ἑκατὸν
2586 532 2876 586 ἀποδίδωσι
2904 532 2995 585 τὸν
3019 531 3219 601 σπόρον
3248 529 3345 600 τῆς
3366 526 3604 588 πίστεως
3631 540 3646 555 ⁸

2074 624 2334 696 Ἐφραίμ,
2365 626 2400 697 ἡ
2445 624 2748 696 πολύφορος
2789 623 2884 678 τοῦ
2937 621 3073 677 Θεοῦ
3113 620 3376 693 ἄμπελος,
3415 621 3450 690 ἡ
3490 617 3650 688 δίκην

2066 714 2308 786 βοτρύων
2363 714 2642 785 γλυκερῶν
2689 713 2936 785 καρποὺς
2985 708 3223 766 ἀνθοῦσα
3280 707 3648 769 διδασκαλίας,

2064 807 2157 859 καὶ
2199 807 2325 869 τοὺς
2378 806 2477 876 τῆς
2529 803 2853 876 Ἐκκλησίας
2895 801 3192 876 τροφίμους
3221 799 3297 871 τῷ
3349 799 3495 870 κόρῳ
3547 796 3650 866 τῆς

2066 897 2187 951 θεία
2198 915 2215 960 ;
2236 897 2457 968 ἀγάπης
2477 885 2865 968 εύφραίνουσα·
2904 894 3166 965 Ἐφραῒμ,
3195 895 3222 946 6
3248 892 3408 955 καλὸς
3435 892 3529 944 καὶ
3552 907 3649 943 πι-

2069 988 2193 1053 στὸς
2222 990 2504 1060 οἰκονόμος
2532 989 2632 1060 τῆς
2664 990 2907 1061 χάριτος,
2937 991 2967 1043 ό
3000 987 3125 1051 τοὺς
3159 986 3348 1055 λόγους
3382 983 3487 1037 τῶν
3520 983 3650 1053 ἀρε-

2068 1081 2175 1135 τῶν
2208 1081 2484 1149 ἀναλόγως
2526 1084 2642 1145 τοῖς
2674 1080 2985 1152 ὁμοδούλοις
3032 1076 3385 1150 σιτομετρῶν,
3416 1074 3513 1127 καὶ
3552 1073 3653 1143 τὴν

2068 1173 2393 1244 δεσποτικὴν
2420 1174 2597 1227 οἰκίαν
2635 1173 3087 1244 οίκονομούμενος
3112 1171 3326 1242 ἄριστα.
3372 1162 3447 1223 Οὐ
3478 1167 3538 1220 τὸ
3562 1166 3657 1234 γέ-

2069 1283 2160 1331 νος
2185 1268 2280 1320 καὶ
2302 1266 2400 1338 τὴν
2426 1267 2800 1337 ὲνεγκαμένην
2834 1266 2927 1320 καλ⁸
2961 1265 3242 1336 προγόνων
3272 1261 3655 1335 περιφάνειαν,

2073 1358 2169 1412 καὶ
2195 1357 2532 1430 γεννητόρων
2557 1357 2827 1422 εὔκλειαν,
2870 1357 2964 1411 καὶ
2998 1355 3271 1428 γέννησιν,
3296 1352 3393 1406 καὶ
3423 1352 3658 1421 ἀνατρο-

2077 1449 2206 1522 φὴν,
2234 1453 2328 1505 καὶ
2358 1451 2584 1523 αὔξησιν
2613 1451 2849 1522 ἡλικίας,
2885 1451 2980 1505 καὶ
3009 1447 3323 1521 σωματικὴν
3351 1443 3657 1517 ἐπιτηδειό-

2076 1558 2236 1612 τητα,
2267 1543 2361 1595 καὶ
2392 1542 2582 1613 τύχην,
2615 1543 2708 1596 καὶ
2742 1543 2957 1612 τέχνας,
2988 1540 3084 1594 καὶ
3113 1539 3182 1594 τά
3226 1537 3389 1592 λοιπά
3419 1536 3526 1589 τῶν
3552 1533 3658 1598 ἐξω

2075 1634 2431 1707 λογογράφων
2476 1634 2837 1706 ἐρανιζόμενα
2879 1636 2990 1698 τοῖς
3043 1632 3287 1695 ἐπαίνοις
3332 1626 3651 1701 σεμνολογή-

390 1726 601 1782 censeri
638 1726 837 1792 solent,
869 1741 970 1783 nos
996 1726 1087 1781 hic
1113 1727 1171 1782 in
1194 1727 1430 1783 medium
1466 1725 1717 1798 proferre
1774 1741 1968 1796 super-

2085 1704 2257 1799 ματα,
2281 1704 2533 1798 περιττὸν
2576 1729 2656 1791 είς
2692 1704 2855 1797 μέσον
2892 1727 3044 1795 ἄγειν
3076 1723 3544 1793 ὑποτοπήσαντες·
3574 1719 3659 1771 ὅτι

390 1830 691 1872 vacaneum
717 1817 1090 1873 arbitramur:
1122 1833 1245 1875 eum
1285 1833 1464 1888 neque
1517 1824 1738 1874 sanctos
1791 1817 1970 1872 homi—

390 1925 489 1964 nes
518 1909 586 1964 ab
644 1908 914 1979 ejusmodi
949 1908 1174 1965 laudare
1211 1911 1377 1966 rebus
1433 1916 1699 1965 statutum
1757 1910 1848 1965 sit.
1905 1908 1972 1963 Et

390 2012 705 2070 quanquam
728 1998 795 2052 ad
811 1997 958 2053 hunc
979 1999 1423 2065 collaudandum,
1458 2000 1584 2057 inde
1601 2000 1763 2055 etiam
1798 2001 1973 2057 abun-

394 2090 461 2146 de
498 2090 658 2146 nobis
713 2099 1035 2162 argumenta
1082 2098 1396 2162 suppetant,
1453 2106 1565 2147 non
1613 2092 1736 2149 aliis
1782 2100 1966 2148 tamen

2082 1818 2156 1890 μὴ
2186 1819 2310 1882 τοὺς
2341 1818 2514 1882 θείους
2557 1818 2757 1889 ἄνδρας
2792 1819 2953 1890 ἡμεῖς
2991 1819 3055 1870 ἐκ
3085 1815 3474 1887 τῶντοιούτων
3500 1813 3659 1865 ἐπαι-

2077 1912 2188 1964 νεῖν
2218 1909 2663 1981 παρειλήφαμεν
2688 1910 2792 1964 κᾶν
2827 1911 2891 1962 ἐκ
2916 1909 3231 1980 περιουσίας
3258 1904 3404 1976 αὐτῷ
3434 1901 3662 1959 κάντεῦ-

2079 2001 2169 2055 θεν
2193 2002 2425 2074 ὑπάρχει
2468 2002 2528 2055 τὸ
2565 2003 2897 2069 ἀξιέπαινον,
2931 2000 2989 2068 ἐξ
3028 1993 3103 2055 ὧν
3132 1998 3291 2063 αὐτὸς
3329 1996 3520 2051 ἐαυτὸν
3559 2011 3660 2048 πει

2074 2093 2272 2164 ριφανῆ
2304 2094 2402 2164 βίῳ
2426 2111 2481 2147 τε
2511 2094 2605 2147 καὶ
2630 2094 2772 2165 λόγῳ
2795 2092 3220 2158 κατεσκεύασεν,
3246 2092 3311 2143 ἐκ
3332 2088 3535 2143 τούτων
3561 2080 3659 2139 καῖ

391 2182 496 2240 viis
533 2197 597 2238 ac
626 2182 957 2250 rationibus,
984 2196 1147 2252 quam
1195 2182 1398 2253 quibus
1444 2183 1563 2253 ipse
1606 2184 1719 2238 vita
1753 2190 1807 2237 et
1862 2182 1964 2238 do-

2085 2184 2231 2253 ῇμεῖς
2255 2181 2402 2254 αὑτῷ
2426 2181 2516 2237 τὸν
2537 2181 2630 2236 τοῦ
2659 2183 2819 2253 λόγου
2845 2182 3104 2251 στέφανον
3130 2180 3505 2252 ἀναδήσωμεν.
3532 2175 3654 2230 Τῶν

391 2277 566 2331 ctrina
587 2275 856 2330 illustrem
880 2290 939 2331 se
966 2273 1222 2339 reddidit,
1255 2288 1513 2329 coronam
1539 2273 1806 2329 orationis
1835 2288 1967 2327 con-

390 2375 664 2424 texamus.
728 2364 883 2421 Verte
936 2367 1137 2436 quippe
1173 2364 1361 2420 laudes
1402 2365 1454 2418 in
1508 2363 1577 2420 iis
1637 2364 1964 2430 consistunt,

393 2456 524 2529 quae
545 2457 602 2513 in
640 2456 801 2513 nobis
834 2456 969 2528 ipsis
1000 2463 1128 2510 sunt
1161 2455 1377 2526 posita;
1411 2462 1574 2524 atque
1607 2453 1718 2510 illis
1765 2452 1969 2509 deben-

2070 2275 2154 2343 ἐφ’
2176 2275 2306 2345 ἡμῖν
2327 2274 2435 2346 γὰρ
2455 2276 2502 2327 oi
2527 2273 2758 2340 ἔπαινοι,
2783 2273 3001 2329 καὶτῶν
3023 2269 3384 2338 αὑτεξουσίων
3404 2267 3471 2320 τά
3494 2266 3660 2337 γέρα.

2072 2365 2193 2419 Τῶν
2233 2366 2704 2439 ἀπηριθμημένων
2734 2367 2812 2434 δὲ,
2864 2367 2960 2420 καὶ
3000 2365 3158 2435 ψόγοι
3206 2360 3529 2433 παράλογοι,
3561 2357 3657 2411 καὶ

2071 2456 2338 2527 εὐφημίαι
2368 2458 2721 2530 ἀνάρμοστοι.

392 2561 484 2608 tur
508 2551 752 2621 praemia,
782 2564 905 2620 qua:
931 2563 998 2606 ex
1040 2555 1231 2604 nostra
1290 2545 1720 2617 proﬁciscuntur
1781 2545 2084 2603 voluntate.
2159 2548 2356 2605 Earum
2405 2560 2586 2608 autem
2641 2566 2850 2616 rerum,
2903 2563 3043 2621 quas
3100 2542 3659 2606 commemoravimus

395 2651 449 2698 ct
485 2643 913 2714 vituperationes
943 2648 1071 2697 sunt
1098 2640 1270 2704 falsae,
1298 2647 1350 2694 et
1384 2640 1571 2695 laudes
1594 2640 1810 2710 ineptae.

466 2741 587 2808 Quo
632 2741 780 2797 enim
811 2749 975 2810 pacto
1028 2755 1094 2795 ex
1128 2753 1328 2810 genere
1391 2737 1602 2792 laudari
1661 2737 1828 2805 volet,
1883 2736 1978 2807 qui

2154 2740 2280 2804 Πῶς
2315 2740 2425 2812 γὰρ
2467 2732 2621 2804 οὗτος
2665 2739 2775 2792 ἀπὸ
2814 2696 3006 2808 γένους
3047 2736 3490 2808 ἐγκωμιάζεσθαι
3531 2753 3667 2790 κατ-

397 2848 614 2890 omnem
672 2832 863 2887 mundi
912 2831 1255 2886 nobilitatem
1291 2845 1355 2885 ac
1409 2844 1666 2901 pompam
1702 2829 1977 2899 despexit,

2085 2829 2319 2897 ἐδέξατο,
2353 2833 2381 2884 6
2414 2832 2595 2885 πᾶσαν
2636 2831 2908 2901 κοσμικὴν
2954 2830 3228 2899 εὐγένειαν
3255 2828 3666 2900 βδελυξάμενος,

398 2934 455 2982 et
499 2939 597 2996 per
625 2924 831 2995 optima
885 2937 1070 2993 Opera,
1109 2921 1205 2978 Dei
1239 2920 1385 2978 filius
1446 2921 1564 2977 fieri
1626 2920 1981 2992 concupivit?

2085 2925 2180 2977 καὶ
2209 2922 2396 2976 τέκνον
2434 2921 2568 2975 Θεοῦ
2596 2922 2662 2975 δι’
2688 2921 3012 2992 ἀναλήψεως
3041 2921 3217 2993 ἔργων
3250 2920 3488 2991 ἀρίστων
3513 2918 3667 2989 γενέ-

401 3015 688 3084 Quomodo
756 3015 826 3071 ob
850 3014 1082 3085 patriam
1139 3028 1199 3070 se
1245 3013 1490 3082 patiatur
1539 3011 1832 3077 celebrari,
1887 3012 1981 3082 qui

2088 3015 2210 3070 σθαι
2241 3016 2765 3085 κατασπασάμενος;
2806 3015 2878 3067 Ἦ
2907 3011 3027 3077 πῶς
3049 3014 3156 3066 ἀπὸ
3180 3011 3436 3084 πατρίδος
3465 3010 3669 3083 σεμνύ-

402 3117 574 3164 totum
605 3106 871 3162 mundum
899 3104 964 3160 ad
1000 3120 1060 3160 se
1088 3106 1361 3176 pertinere
1391 3119 1500 3159 non
1562 3106 1798 3169 censuit,
1859 3105 1981 3175 qui-

2086 3107 2291 3168 νεσθαι.
2315 3108 2343 3160 6
2371 3109 2550 3160 πᾶσαν
2592 3106 2691 3177 τὴν
2720 3106 2823 3178 γῆν
2855 3105 3143 3177 ἀλλοτρίαν
3170 3104 3364 3160 ἐαυτοῦ
3387 3104 3672 3176 λογιζόμε-

396 3215 510 3271 que
524 3198 864 3254 materialem
880 3204 1191 3253 creaturam
1221 3206 1481 3266 tanquam
1511 3195 1792 3250 inimicam
1816 3210 1979 3251 aver-

403 3302 560 3348 satus
587 3299 693 3358 est,
721 3297 945 3361 propter
960 3288 1321 3344 immortalem
1348 3289 1541 3358 quaein
1561 3288 1717 3343 caelis
1748 3288 1985 3358 reposita

404 3390 510 3450 est,
544 3381 988 3438 beatitudinem?
1025 3380 1136 3435 Aut
1166 3379 1442 3450 quomodo
1469 3379 1741 3450 majorum
1783 3394 1987 3449 parcn-

404 3490 596 3537 tumve
625 3475 947 3532 celebritate
978 3472 1304 3538 delectetur,
1332 3473 1427 3543 qui
1469 3473 1717 3543 corporis
1746 3471 1990 3528 atl‘ectio-

405 3586 552 3638 nem,
580 3568 867 3640 ipsamque
900 3565 1195 3622 animalem
1254 3564 1439 3620 carnis
1491 3565 1822 3628 tuniculam,
1865 3574 1988 3618 tan-

405 3675 571 3732 quam
601 3660 922 3716 celerrimos
948 3658 1015 3713 ad
1041 3657 1300 3711 virtutem
1325 3671 1528 3712 cursus
1580 3655 1989 3726 impedientem,

407 3765 633 3821 prorsus
671 3749 1088 3822 pessumdedit?
1115 3764 1226 3819 quo
1268 3748 1506 3817 denique
1558 3756 1740 3817 pacto,
1769 3755 1865 3801 aut
1925 3761 1992 3801 ex

408 3844 658 3915 corporis
691 3845 1055 3917 incremento,
1098 3846 1192 3892 aut
1230 3837 1577 3901 educatione,
1617 3847 1710 3891 aut
1736 3852 1800 3891 ex
1856 3836 1993 3890 arti-

410 3938 536 3998 bus,
570 3933 764 3987 aliisve
794 3931 917 4000 ejus
944 3927 1162 4000 generis
1202 3926 1328 3980 vitae
1364 3925 1563 3981 studiis
1624 3924 1875 3993 abjectis,
1935 3940 1994 3979 se

372 4083 376 4086 ,
411 4022 669 4080 exornari
694 4022 877 4088 sinat;
918 4019 1009 4090 qui
1032 4018 1147 4089 jam
1183 4015 1309 4072 inde
1331 4031 1360 4070 a
1381 4016 1683 4087 pueritiain
1708 4031 1993 4072 sacrarum

414 4117 828 4187 Scripturarum
861 4111 1215 4168 meditatione
1249 4111 1540 4175 educatus,
1573 4117 1993 4176 etexcrescens,

415 4221 580 4280 atque
608 4224 673 4263 ex
694 4205 1022 4278 perennibus
1044 4205 1231 4277 gratiae
1258 4204 1499 4260 fontibus
1515 4203 1733 4267 bibens,
1760 4203 1829 4259 ad
1846 4219 2000 4260 men.

415 4316 598 4360 suram
622 4299 797 4356 aetatis
811 4297 1039 4362 Christi,
1064 4304 1123 4352 ut
1146 4312 1269 4353 cum
1283 4296 1546 4367 Apostolo
1569 4296 1784 4367 loquar,
1802 4310 1998 4366 perve-

413 4396 535 4451 nire
550 4392 759 4450 studuit
776 4391 946 4447 ?Cum
960 4405 1092 4461 ergo
1105 4390 1421 4444 noverimus
1433 4402 1689 4458 magnum
1709 4387 1855 4442 hunc
1900 4402 2000 4441 no-

2087 3219 2174 3261 νος
2192 3243 2207 3267 ,
2235 3202 2332 3254 καὶ
2359 3201 2435 3264 ὼς
2460 3200 2657 3271 ἔχθραν
2684 3200 2781 3271 τὴν
2811 3200 3001 3270 ὑλικὴν
3038 3199 3214 3254 κτίσιν
3260 3200 3672 3271 ἀποστρεφόμε-

2087 3310 2196 3356 νος,
2244 3292 2333 3347 διὰ
2365 3292 2463 3363 τὴν
2500 3294 2559 3346 ἐν
2601 3294 2848 3364 οὐρανοῖς
2879 3293 3249 3365 ἀποκειμένην
3291 3293 3458 3347 ἀΐδιον
3492 3310 3672 3364 μακα-

2092 3385 2344 3457 ριύτητα;
2382 3384 2504 3446 Πῶς
2537 3384 2594 3437 δὲ
2632 3385 2793 3439 πάλιν
2832 3386 2925 3438 ἐπὶ
2956 3386 3235 3458 προγόνων
3264 3387 3297 3459 ἢ
3328 3386 3668 3459 γεννητόρων

2091 3473 2339 3546 ήδυνθείη
2373 3474 2610 3547 εὐκλείᾳ,
2638 3476 2666 3527 6
2702 3475 3022 3551 σωματικὴν
3061 3475 3247 3539 ἁπλῶς
3274 3475 3670 3545 καταπατήσας

2092 3566 2487 3638 προσπάθειαν,
2540 3568 2635 3620 καὶ
2687 3567 2818 3620 αὐτὸ
2865 3568 2927 3621 τὸ
2970 3567 3202 3639 ψυχικὸν
3245 3566 3513 3639 χιτώνιον,
3548 3567 3671 3637 ἦτοι

2096 3658 2315 3729 σαρκίον
2373 3644 2727 3730 βαρούμὲνος,
2761 3659 2837 3724 ὡς
2886 3659 3137 3731 ἐμποδὼν
3190 3659 3339 3730 αὑτῷ
3380 3659 3517 3731 πρὸς
3543 3660 3675 3722 τοὺς

2093 3751 2193 3819 τῆς
2235 3750 2438 3821 ἀρετῆς
2481 3750 2773 3814 ὀξυτάτους
2821 3751 3207 3822 εὑρισκόμενον
3246 3751 3511 3823 δρόμους;
3545 3751 3673 3816 Πῶς

2093 3842 2150 3894 δὲ
2183 3842 2320 3903 ὅλως
2346 3842 2410 3894 ἐκ
2456 3843 2769 3912 σωματικῆς
2798 3842 3079 3913 αὐξήσεως
3110 3845 3203 3898 καὶ
3241 3845 3606 3915 ἀναστροφῆς,
3636 3843 3671 3915 ἢ

2097 3931 2548 4003 ἐπιτηδειότητος,
2574 3930 2608 4001 ἢ
2637 3932 2850 4002 τέχνης,
2878 3933 2911 4003 ἤ
2936 3950 3078 3996 τινος
3111 3932 3275 4003 ἄλλης
3295 3932 3673 3987 καταπτύστου

2098 4025 2376 4096 θελήσειεν
2400 4024 2737 4078 ἐπαινεῖσθαι
2765 4023 2892 4096 περὶ
2922 4024 3013 4077 τὸν
3040 4024 3153 4094 βίον
3187 4024 3462 4095 ἀσχολίας,
3490 4024 3521 4076 ὁ
3544 4008 3676 4094 19a.—

2100 4117 2220 4188 φεὶς
2262 4115 2360 4185 μὲν
2382 4116 2447 4170 ἐκ
2476 4114 2697 4188 πρώτης
2724 4116 2958 4187 ἡλικίας,
2991 4118 3086 4171 καὶ
3111 4117 3366 4189 αὐξηθεὶς
3396 4119 3453 4171 ἐν
3472 4120 3537 4188 τῇ
3570 4116 3676 4171 τῶν

2100 4206 2258 4260 θείων
2294 4204 2491 4275 μελέτῃ
2524 4206 2775 4275 Γραφῶν,
2808 4206 3084 4271 ποτισθεὶς
3106 4207 3162 4260 δὲ
3192 4210 3303 4272 τοῖς
3328 4208 3427 4279 τῆς
3458 4209 3678 4279 χάριτος

2101 4299 2349 4363 ἀεννάοις
2386 4299 2612 4370 ὀχετοῖς,
2637 4301 2727 4353 καὶ
2757 4299 2892 4370 πρὸς
2916 4300 3113 4371 μέτρον
3140 4301 3378 4371 ἡλικίας,
3402 4300 3679 4355 ἀποστολιο

2102 4391 2212 4455 κῶς
2242 4394 2436 4455 εἰπεῖν,
2473 4392 2684 4461 φθάσας
2723 4390 2995 4462 Χριστοῦ;
3041 4392 3255 4457 Είδότες
3299 4387 3393 4447 οὖν
3423 4395 3582 4463 ἡμεῖς
3603 4393 3678 4456 ὡς

415 4496 590 4543 strum
616 4483 834 4538 Patrem
860 4481 1113 4538 ridiculis
1141 4480 1210 4536 iis
1241 4479 1516 4544 laudibus,
1566 4478 1769 4547 quibus
1821 4478 1981 4533 homi‘

2103 4483 2161 4537 οὐ
2195 4482 2374 4554 χαίρει
2406 4484 2517 4544 τοῖς
2540 4481 2801 4546 τοιούτοις
2838 4485 2866 4536 ὁ
2893 4484 3066 4555 μέγας
3095 4484 3287 4554 Πατὴρ
3317 4483 3472 4555 ἡμῶν
3509 4500 3680 4555 μεγα⁴

415 4590 516 4632 nes
548 4572 735 4632 sensui
770 4586 836 4627 ac
868 4571 1088 4642 corpori
1141 4569 1310 4627 dediti
1353 4569 1669 4639 capiuntur,
1725 4569 1999 4624 cumulari

419 4667 596 4734 nolle;
621 4680 690 4721 ex
715 4663 956 4734 propriis
987 4678 1110 4717 eum
1142 4660 1431 4717 laboribus
1461 4660 1653 4716 saltem
1700 4658 1994 4722 mediocri-

417 4771 502 4816 ter
523 4756 804 4815 celebrare
834 4755 1159 4810 conabimur
1188 4772 1201 4807 :
1258 4768 1439 4824 neque
1477 4755 1621 4808 enim
1661 4753 1841 4808 oratio
1875 4766 1996 4805 eam

417 4851 584 4908 habet
605 4857 880 4915 naturam,
912 4855 976 4902 ut
1009 4861 1177 4918 supra
1212 4847 1359 4902 vires
1415 4845 1751 4902 intendatur.
1792 4845 1999 4913 Quam-

417 4946 606 5001 obrem
671 4941 1003 5005 adnitemur,
1060 4946 1120 4992 ut
1182 4952 1360 5010 neque
1410 4936 1641 4992 infantia
1692 4937 1998 5008 praepediti,

417 5050 539 5104 quae
577 5033 649 5088 de
676 5046 742 5086 eo
771 5029 1001 5085 dicenda
1029 5035 1181 5092 sunt,
1209 5027 1431 5084 silentio
1462 5027 1850 5094 involvamus;
1903 5042 1999 5080 ne-

417 5142 525 5197 que
549 5141 645 5196 per
677 5123 927 5180 semitam
954 5120 1194 5192 aliquam
1227 5135 1256 5174 a
1287 5120 1514 5174 Patrum
1547 5119 1818 5175 institutis
1868 5118 1994 5173 alie-

417 5234 546 5273 nam
580 5216 920 5282 incedentes,
952 5229 984 5269 a
1038 5214 1123 5269 via
1170 5212 1526 5268 deﬂectamus
1570 5211 1757 5282 regia:
1811 5225 2000 5266 verum

379 5303 567 5364 .iinter
612 5317 905 5379 utramque
961 5312 1427 5370 transcurrentes,
1481 5302 1818 5358 conveniens
1877 5316 2005 5356 ora-

421 5403 558 5460 tioni
587 5410 789 5458 nostra:
814 5404 1305 5471 temperamentum
1337 5395 1718 5451 adhibeamus.

492 5493 817 5564 Cuiusmodi
844 5500 1025 5547 autem
1077 5499 1206 5546 sunt
1263 5488 1377 5553 illa,
1430 5501 1553 5558 qua:
1580 5485 1650 5541 ad
1704 5491 2007 5540 contexen-

423 5588 549 5644 dam
593 5585 714 5654 ejus
764 5584 1135 5639 laudationem
1188 5580 1350 5637 nobis
1403 5577 1791 5650 proposuimus
1841 5585 2006 5647 atque

426 5674 814 5750 subjecimus?
843 5674 1023 5751 Actio
1060 5687 1258 5745 nempe
1308 5679 1363 5730 et
1386 5667 1800 5742 contemplatio,
1861 5683 2002 5742 quas

2100 4574 2374 4640 λύνεσθαι,
2402 4569 2595 4647 οἷσπερ
2625 4577 2673 4628 oi
2718 4577 3038 4646 σωματικοὶ,
3071 4576 3493 4644 καταγελάστοις
3527 4574 3680 4630 ἐπαε-

2100 4681 2233 4731 νοις,
2263 4667 2329 4719 ἐκ
2359 4665 2470 4719 τῶν
2498 4665 2714 4719 οἰκείων
2733 4666 2895 4720 αὐτὸν
2923 4666 3120 4730 πόνων,
3150 4665 3251 4720 κᾶν
3280 4666 3411 4735 γοῦν
3446 4666 3684 4737 μετρίως

2102 4757 2453 4829 πειραθῶμεν
2487 4757 2888 4829 ἀποσεμνῠναι·
2930 4760 2991 4813 οὐ
3029 4758 3138 4832 γὰρ
3169 4758 3283 4829 ἔχει
3332 4757 3495 4827 φύσιν
3525 4759 3555 4810 6
3592 4757 3679 4809 λό-

2102 4867 2197 4920 γος
2235 4852 2347 4913 τοῖς
2400 4849 2541 4922 ὑπὲρ
2583 4849 2826 4920 δύναμιν.
2863 4848 3290 4903 ἐπεκτείνεσθαι.
3339 4849 3426 4912 Ὠς
3461 4846 3528 4900 ἂν
3589 4840 3685 4898 οὖν

2109 4943 2246 5014 μήτε
2274 4942 2365 4995 τὸν
2411 4943 2674 5013 ἡμέτερον
2721 4941 2885 4996 πόθον
2925 4943 2957 5012 ή
3007 4941 3221 5011 ἀφωνία
3267 4939 3503 5011 πεδήσῃ,
3555 4938 3683 5009 μήτ’

2102 5029 2168 5087 αὗ
2206 5034 2364 5088 πάλιν
2396 5033 2551 5104 ξένην
2576 5030 2761 5103 τρίϐον
2790 5031 2898 5085 τῶν
2923 5030 3181 5102 Πατέρων
3218 5029 3508 5097 ὁδεύοντες,
3539 5026 3688 5098 βασι-

2102 5127 2259 5197 λικῆς
2285 5125 2731 5197 παρασφαλῶμεν
2758 5124 2901 5193 ὁδοῦ,
2945 5122 3013 5177 τὰ
3040 5122 3408 5196 παρεκτρίϐια
3440 5120 3684 5176 διαθέον-

2106 5233 2215 5282 τες,
2245 5214 2321 5287 τῷ
2348 5213 2556 5286 μετρίῳ
2580 5214 2673 5268 τὸν
2697 5211 2853 5283 λόγον
2884 5213 3363 5285 φιλοτεχνήσομεν.

2180 5480 2246 5533 Τί
2282 5478 2339 5533 δὲ
2376 5478 2445 5532 τὰ
2470 5478 2681 5544 τούτου,
2721 5476 2787 5531 δι’
2814 5469 2891 5533 ὧν
2914 5477 3178 5548 ἐξυφᾶναι
3207 5476 3301 5531 τὸν
3337 5477 3560 5531 ἔπαινον
3585 5477 3686 5531 ὑπ·-

2107 5569 2375 5643 εθέμεθα;
2419 5569 2624 5643 Πρᾶξις
2664 5569 2760 5624 καὶ
2784 5570 3005 5643 θεωρία,
3041 5564 3131 5633 αἷς
3155 5570 3185 5623 6
3209 5569 3353 5625 κατὰ
3382 5569 3548 5641 μέρος
3574 5568 3683 5624 τῶν

2107 5662 2318 5735 ἀρετῶν
2367 5661 2530 5734 ἐσμὸς
2574 5661 2949 5731 ἐπακολουθεῖ,
2999 5660 3200 5730 πίστις,
3248 5660 3422 5731 ἐλπὶς,
3472 5661 3680 5733 ἀγάπη,
