  <div class='ocr_page' id='page_1' title='image "/cluster/home/n/w/nwhite01/storage/ocr_20150623/46/mdp.39015011915447/420.png"; bbox 0 0 4050 6164; ppageno 0'>
   <div class='ocr_carea' id='block_1_1' title="bbox 355 313 3623 382">
    <p class='ocr_par' dir='ltr' id='par_1_1' title="bbox 355 313 3623 382">
     <span class='ocr_line' id='line_1_1' title="bbox 355 313 3623 382; baseline 0.002 -12"><span class='ocrx_word' id='word_1_1' title='bbox 355 313 462 371; x_wconf 68' lang='grc' dir='ltr'><strong>8ἳῦ</strong></span> <span class='ocrx_word' id='word_1_2' title='bbox 1379 319 1467 375; x_wconf 85' lang='lat' dir='ltr'><strong>DE</strong></span> <span class='ocrx_word' id='word_1_3' title='bbox 1507 318 1673 376; x_wconf 79' lang='lat' dir='ltr'><strong>Vl&#39;l&#39;A</strong></span> <span class='ocrx_word' id='word_1_4' title='bbox 1715 321 1774 377; x_wconf 86' lang='lat' dir='ltr'><strong>S.</strong></span> <span class='ocrx_word' id='word_1_5' title='bbox 1815 319 2067 378; x_wconf 77' lang='lat' dir='ltr'><strong>PATRIS</strong></span> <span class='ocrx_word' id='word_1_6' title='bbox 2104 320 2415 378; x_wconf 65' lang='lat' dir='ltr'><strong>EPHREM</strong></span> <span class='ocrx_word' id='word_1_7' title='bbox 2455 321 2634 380; x_wconf 81' lang='lat' dir='ltr'><strong>SYRI.</strong></span> <span class='ocrx_word' id='word_1_8' title='bbox 3518 323 3623 382; x_wconf 74' lang='lat'><strong>826</strong></span> 
     </span>
    </p>
   </div>
   <div class='ocr_carea' id='block_1_2' title="bbox 355 432 1927 517">
    <p class='ocr_par' dir='ltr' id='par_1_2' title="bbox 355 432 1927 513">
     <span class='ocr_line' id='line_1_2' title="bbox 355 432 1927 513; baseline 0.006 -28"><span class='ocrx_word' id='word_1_9' title='bbox 355 432 608 487; x_wconf 77' lang='grc' dir='ltr'>εὐσέϐεια</span> <span class='ocrx_word' id='word_1_10' title='bbox 638 436 718 498; x_wconf 78' lang='grc' dir='ltr'>εἰς</span> <span class='ocrx_word' id='word_1_11' title='bbox 746 435 900 502; x_wconf 81' lang='grc' dir='ltr'>Θεὸν,</span> <span class='ocrx_word' id='word_1_12' title='bbox 943 439 1138 510; x_wconf 83' lang='grc' dir='ltr'><strong>μελέτη</strong></span> <span class='ocrx_word' id='word_1_13' title='bbox 1171 439 1279 494; x_wconf 88' lang='grc' dir='ltr'><strong>τῶν</strong></span> <span class='ocrx_word' id='word_1_14' title='bbox 1308 440 1466 496; x_wconf 81' lang='grc' dir='ltr'>θείων</span> <span class='ocrx_word' id='word_1_15' title='bbox 1498 441 1754 513; x_wconf 83' lang='grc' dir='ltr'>Γραφῶν,</span> <span class='ocrx_word' id='word_1_16' title='bbox 1778 444 1927 511; x_wconf 89' lang='grc' dir='ltr'>ἀγνι-</span> 
     </span>
    </p>
   </div>
   <div class='ocr_carea' id='block_1_3' title="bbox 2029 432 3617 517">
    <p class='ocr_par' dir='ltr' id='par_1_3' title="bbox 2035 444 3617 517">
     <span class='ocr_line' id='line_1_3' title="bbox 2035 444 3617 517; baseline 0.003 -20"><span class='ocrx_word' id='word_1_17' title='bbox 2035 444 2304 498; x_wconf 87' lang='lat' dir='ltr'><strong>virtutum</strong></span> <span class='ocrx_word' id='word_1_18' title='bbox 2330 458 2562 500; x_wconf 81' lang='lat' dir='ltr'><strong>examen</strong></span> <span class='ocrx_word' id='word_1_19' title='bbox 2585 447 2965 517; x_wconf 76' lang='lat' dir='ltr'><strong>consequitur,</strong></span> <span class='ocrx_word' id='word_1_20' title='bbox 3000 445 3154 511; x_wconf 82' lang='lat' dir='ltr'><strong>ﬁdes,</strong></span> <span class='ocrx_word' id='word_1_21' title='bbox 3180 460 3327 517; x_wconf 83' lang='lat' dir='ltr'><strong>spes,</strong></span> <span class='ocrx_word' id='word_1_22' title='bbox 3351 444 3617 510; x_wconf 88' lang='lat' dir='ltr'><strong>charitas,</strong></span> 
     </span>
    </p>
   </div>
   <div class='ocr_carea' id='block_1_4' title="bbox 357 525 1927 610">
    <p class='ocr_par' dir='ltr' id='par_1_4' title="bbox 357 525 1927 606">
     <span class='ocr_line' id='line_1_4' title="bbox 357 525 1927 606; baseline 0.006 -28"><span class='ocrx_word' id='word_1_23' title='bbox 357 525 493 596; x_wconf 81' lang='grc' dir='ltr'>σμὸς</span> <span class='ocrx_word' id='word_1_24' title='bbox 524 527 703 604; x_wconf 80' lang='grc' dir='ltr'>ψυχῆς</span> <span class='ocrx_word' id='word_1_25' title='bbox 729 529 824 582; x_wconf 79' lang='grc' dir='ltr'>καὶ</span> <span class='ocrx_word' id='word_1_26' title='bbox 854 529 1123 601; x_wconf 83' lang='grc' dir='ltr'>σώματος,</span> <span class='ocrx_word' id='word_1_27' title='bbox 1160 532 1372 604; x_wconf 88' lang='grc' dir='ltr'>δάκρυα</span> <span class='ocrx_word' id='word_1_28' title='bbox 1409 533 1655 605; x_wconf 81' lang='grc' dir='ltr'><strong>διηνεκῆ,</strong></span> <span class='ocrx_word' id='word_1_29' title='bbox 1696 534 1927 606; x_wconf 68' lang='grc' dir='ltr'>ἐρημικιὶ</span> 
     </span>
    </p>
   </div>
   <div class='ocr_carea' id='block_1_5' title="bbox 2029 525 3623 610">
    <p class='ocr_par' dir='ltr' id='par_1_5' title="bbox 2038 534 3623 610">
     <span class='ocr_line' id='line_1_5' title="bbox 2038 534 3623 610; baseline 0.003 -22"><span class='ocrx_word' id='word_1_30' title='bbox 2038 535 2214 604; x_wconf 88' lang='lat' dir='ltr'><strong>pietas</strong></span> <span class='ocrx_word' id='word_1_31' title='bbox 2239 549 2368 604; x_wconf 85' lang='lat' dir='ltr'><strong>erga</strong></span> <span class='ocrx_word' id='word_1_32' title='bbox 2401 534 2594 605; x_wconf 90' lang='lat' dir='ltr'><strong>Deum,</strong></span> <span class='ocrx_word' id='word_1_33' title='bbox 2619 551 2908 593; x_wconf 87' lang='lat' dir='ltr'><strong>sacrarum</strong></span> <span class='ocrx_word' id='word_1_34' title='bbox 2943 538 3366 610; x_wconf 87' lang='lat' dir='ltr'><strong>Scripturarum</strong></span> <span class='ocrx_word' id='word_1_35' title='bbox 3393 537 3623 594; x_wconf 87' lang='lat' dir='ltr'><strong>medita-</strong></span> 
     </span>
    </p>
   </div>
   <div class='ocr_carea' id='block_1_6' title="bbox 354 616 1927 697">
    <p class='ocr_par' dir='ltr' id='par_1_6' title="bbox 354 616 1927 695">
     <span class='ocr_line' id='line_1_6' title="bbox 354 616 1927 695; baseline 0.005 -25"><span class='ocrx_word' id='word_1_36' title='bbox 354 616 653 682; x_wconf 82' lang='grc' dir='ltr'>διασίωσις.</span> <span class='ocrx_word' id='word_1_37' title='bbox 698 620 731 690; x_wconf 83' lang='grc' dir='ltr'>ἡ</span> <span class='ocrx_word' id='word_1_38' title='bbox 774 620 840 674; x_wconf 86' lang='grc' dir='ltr'><strong>ἐκ</strong></span> <span class='ocrx_word' id='word_1_39' title='bbox 881 623 1047 677; x_wconf 87' lang='grc' dir='ltr'><strong>τόπου</strong></span> <span class='ocrx_word' id='word_1_40' title='bbox 1077 625 1156 687; x_wconf 83' lang='grc' dir='ltr'><strong>είς</strong></span> <span class='ocrx_word' id='word_1_41' title='bbox 1183 624 1347 680; x_wconf 89' lang='grc' dir='ltr'>τόπον</span> <span class='ocrx_word' id='word_1_42' title='bbox 1390 623 1761 695; x_wconf 80' lang='grc' dir='ltr'>ἀναχώρησις,</span> <span class='ocrx_word' id='word_1_43' title='bbox 1790 624 1927 695; x_wconf 65' lang='grc' dir='ltr'>φυγὴ</span> 
     </span>
    </p>
   </div>
   <div class='ocr_carea' id='block_1_7' title="bbox 2029 616 3620 697">
    <p class='ocr_par' dir='ltr' id='par_1_7' title="bbox 2040 623 3620 697">
     <span class='ocr_line' id='line_1_7' title="bbox 2040 623 3620 697; baseline 0.001 -20"><span class='ocrx_word' id='word_1_44' title='bbox 2040 624 2137 687; x_wconf 89' lang='lat' dir='ltr'><strong>tio,</strong></span> <span class='ocrx_word' id='word_1_45' title='bbox 2166 623 2333 677; x_wconf 89' lang='lat' dir='ltr'><strong>animi</strong></span> <span class='ocrx_word' id='word_1_46' title='bbox 2366 630 2420 676; x_wconf 89' lang='lat' dir='ltr'><strong>et</strong></span> <span class='ocrx_word' id='word_1_47' title='bbox 2447 625 2696 695; x_wconf 89' lang='lat' dir='ltr'><strong>corporis</strong></span> <span class='ocrx_word' id='word_1_48' title='bbox 2717 626 2952 696; x_wconf 90' lang='lat' dir='ltr'><strong>puritas,</strong></span> <span class='ocrx_word' id='word_1_49' title='bbox 2986 627 3350 697; x_wconf 85' lang='lat' dir='ltr'><strong>laerymarum</strong></span> <span class='ocrx_word' id='word_1_50' title='bbox 3382 624 3620 680; x_wconf 88' lang='lat' dir='ltr'><strong>assidui-</strong></span> 
     </span>
    </p>
   </div>
   <div class='ocr_carea' id='block_1_8' title="bbox 354 706 1937 787">
    <p class='ocr_par' dir='ltr' id='par_1_8' title="bbox 354 706 1937 787">
     <span class='ocr_line' id='line_1_8' title="bbox 354 706 1937 787; baseline 0.007 -27"><span class='ocrx_word' id='word_1_51' title='bbox 354 706 463 761; x_wconf 85' lang='grc' dir='ltr'><strong>τῶν</strong></span> <span class='ocrx_word' id='word_1_52' title='bbox 494 709 826 776; x_wconf 80' lang='grc' dir='ltr'>ἐπιϐλαϐῶν,</span> <span class='ocrx_word' id='word_1_53' title='bbox 859 713 1175 768; x_wconf 88' lang='grc' dir='ltr'>διδασκαλία</span> <span class='ocrx_word' id='word_1_54' title='bbox 1212 714 1459 780; x_wconf 84' lang='grc' dir='ltr'>ἀένναος,</span> <span class='ocrx_word' id='word_1_55' title='bbox 1489 716 1767 787; x_wconf 77' lang='grc' dir='ltr'><strong>προσευχὴ</strong></span> <span class='ocrx_word' id='word_1_56' title='bbox 1795 718 1937 771; x_wconf 86' lang='grc' dir='ltr'>ἀκα-</span> 
     </span>
    </p>
   </div>
   <div class='ocr_carea' id='block_1_9' title="bbox 352 798 1938 880">
    <p class='ocr_par' dir='ltr' id='par_1_9' title="bbox 352 798 1938 880">
     <span class='ocr_line' id='line_1_9' title="bbox 352 798 1938 880; baseline 0.006 -27"><span class='ocrx_word' id='word_1_57' title='bbox 352 798 685 865; x_wconf 81' lang='grc' dir='ltr'>τάπαυστος,</span> <span class='ocrx_word' id='word_1_58' title='bbox 720 804 941 873; x_wconf 82' lang='grc' dir='ltr'><strong>νηστεία</strong></span> <span class='ocrx_word' id='word_1_59' title='bbox 977 806 1071 860; x_wconf 76' lang='grc' dir='ltr'>καὶ</span> <span class='ocrx_word' id='word_1_60' title='bbox 1111 807 1389 878; x_wconf 82' lang='grc' dir='ltr'>ἀγρυπνία</span> <span class='ocrx_word' id='word_1_61' title='bbox 1425 808 1623 880; x_wconf 83' lang='grc' dir='ltr'><strong>μέτρον</strong></span> <span class='ocrx_word' id='word_1_62' title='bbox 1650 809 1751 862; x_wconf 85' lang='grc' dir='ltr'><strong>οὐκ</strong></span> <span class='ocrx_word' id='word_1_63' title='bbox 1783 807 1938 880; x_wconf 79' lang='grc' dir='ltr'>ἐχου-</span> 
     </span>
    </p>
   </div>
   <div class='ocr_carea' id='block_1_10' title="bbox 357 895 1939 971">
    <p class='ocr_par' dir='ltr' id='par_1_10' title="bbox 357 895 1939 971">
     <span class='ocr_line' id='line_1_10' title="bbox 357 895 1939 971; baseline 0.006 -28"><span class='ocrx_word' id='word_1_64' title='bbox 357 906 467 957; x_wconf 92' lang='grc' dir='ltr'>σαι,</span> <span class='ocrx_word' id='word_1_65' title='bbox 508 895 777 964; x_wconf 89' lang='grc' dir='ltr'>χαμευνία</span> <span class='ocrx_word' id='word_1_66' title='bbox 822 898 917 951; x_wconf 77' lang='grc' dir='ltr'>καὶ</span> <span class='ocrx_word' id='word_1_67' title='bbox 956 899 1345 971; x_wconf 88' lang='grc' dir='ltr'>σκληραγωγία</span> <span class='ocrx_word' id='word_1_68' title='bbox 1379 900 1537 970; x_wconf 92' lang='grc' dir='ltr'>λόγον</span> <span class='ocrx_word' id='word_1_69' title='bbox 1577 900 1939 971; x_wconf 74' lang='grc' dir='ltr'>ὑπερϐαίνου-</span> 
     </span>
    </p>
   </div>
   <div class='ocr_carea' id='block_1_11' title="bbox 355 984 1937 1063">
    <p class='ocr_par' dir='ltr' id='par_1_11' title="bbox 355 984 1937 1063">
     <span class='ocr_line' id='line_1_11' title="bbox 355 984 1937 1063; baseline 0.004 -28"><span class='ocrx_word' id='word_1_70' title='bbox 355 999 468 1049; x_wconf 92' lang='grc' dir='ltr'>σαι,</span> <span class='ocrx_word' id='word_1_71' title='bbox 493 984 847 1059; x_wconf 87' lang='grc' dir='ltr'>ἀκτημοσύνη</span> <span class='ocrx_word' id='word_1_72' title='bbox 868 990 963 1042; x_wconf 79' lang='grc' dir='ltr'><strong>καὶ</strong></span> <span class='ocrx_word' id='word_1_73' title='bbox 1002 992 1442 1056; x_wconf 79' lang='grc' dir='ltr'>ταπείνωσις-είς</span> <span class='ocrx_word' id='word_1_74' title='bbox 1459 992 1627 1063; x_wconf 81' lang='grc' dir='ltr'>ἀκρον</span> <span class='ocrx_word' id='word_1_75' title='bbox 1652 991 1937 1054; x_wconf 84' lang='grc' dir='ltr'>ἐλάσασαι,</span> 
     </span>
    </p>
   </div>
   <div class='ocr_carea' id='block_1_12' title="bbox 353 1073 1934 1155">
    <p class='ocr_par' dir='ltr' id='par_1_12' title="bbox 353 1073 1934 1155">
     <span class='ocr_line' id='line_1_12' title="bbox 353 1073 1934 1155; baseline 0.006 -29"><span class='ocrx_word' id='word_1_76' title='bbox 353 1073 691 1148; x_wconf 77' lang='grc' dir='ltr'><strong>ἐλεημοσύνη</strong></span> <span class='ocrx_word' id='word_1_77' title='bbox 713 1079 812 1149; x_wconf 81' lang='grc' dir='ltr'>τῆς</span> <span class='ocrx_word' id='word_1_78' title='bbox 841 1081 1057 1149; x_wconf 81' lang='grc' dir='ltr'>φύσεως</span> <span class='ocrx_word' id='word_1_79' title='bbox 1094 1083 1255 1137; x_wconf 88' lang='grc' dir='ltr'>αὐτὸν</span> <span class='ocrx_word' id='word_1_80' title='bbox 1281 1083 1381 1155; x_wconf 83' lang='grc' dir='ltr'>τῆς</span> <span class='ocrx_word' id='word_1_81' title='bbox 1412 1075 1759 1155; x_wconf 78' lang='grc' dir='ltr'><strong>ἀνθρωπίνης</strong></span> <span class='ocrx_word' id='word_1_82' title='bbox 1784 1082 1934 1149; x_wconf 78' lang='grc' dir='ltr'>ἐξαί-</span> 
     </span>
    </p>
   </div>
   <div class='ocr_carea' id='block_1_13' title="bbox 358 1168 1937 1246">
    <p class='ocr_par' dir='ltr' id='par_1_13' title="bbox 358 1168 1937 1246">
     <span class='ocr_line' id='line_1_13' title="bbox 358 1168 1937 1246; baseline 0.005 -27"><span class='ocrx_word' id='word_1_83' title='bbox 358 1182 549 1237; x_wconf 90' lang='grc' dir='ltr'>ρουσα,</span> <span class='ocrx_word' id='word_1_84' title='bbox 596 1168 757 1240; x_wconf 82' lang='grc' dir='ltr'><strong>ζῆλος</strong></span> <span class='ocrx_word' id='word_1_85' title='bbox 793 1170 973 1237; x_wconf 73' lang='grc' dir='ltr'>ἔνθεος</span> <span class='ocrx_word' id='word_1_86' title='bbox 1000 1173 1109 1229; x_wconf 87' lang='grc' dir='ltr'><strong>τῶν</strong></span> <span class='ocrx_word' id='word_1_87' title='bbox 1157 1175 1300 1229; x_wconf 88' lang='grc' dir='ltr'><strong>κατά</strong></span> <span class='ocrx_word' id='word_1_88' title='bbox 1344 1176 1442 1246; x_wconf 88' lang='grc' dir='ltr'>τῆς</span> <span class='ocrx_word' id='word_1_89' title='bbox 1480 1174 1760 1237; x_wconf 75' lang='grc' dir='ltr'>εὐσεϐείας</span> <span class='ocrx_word' id='word_1_90' title='bbox 1810 1173 1937 1227; x_wconf 82' lang='grc' dir='ltr'>λυτ-</span> 
     </span>
    </p>
   </div>
   <div class='ocr_carea' id='block_1_14' title="bbox 353 1255 1933 1331">
    <p class='ocr_par' dir='ltr' id='par_1_14' title="bbox 353 1255 1933 1331">
     <span class='ocr_line' id='line_1_14' title="bbox 353 1255 1933 1331; baseline 0.007 -23"><span class='ocrx_word' id='word_1_91' title='bbox 353 1255 571 1312; x_wconf 89' lang='grc' dir='ltr'>τὼντων</span> <span class='ocrx_word' id='word_1_92' title='bbox 595 1276 607 1289; x_wconf 90' lang='grc'><strong>·</strong></span> <span class='ocrx_word' id='word_1_93' title='bbox 639 1261 755 1326; x_wconf 78' lang='grc' dir='ltr'>καὶ,</span> <span class='ocrx_word' id='word_1_94' title='bbox 785 1263 972 1329; x_wconf 84' lang='grc' dir='ltr'>ἁπλῶς</span> <span class='ocrx_word' id='word_1_95' title='bbox 997 1267 1194 1331; x_wconf 79' lang='grc' dir='ltr'>εἰπεῖν,</span> <span class='ocrx_word' id='word_1_96' title='bbox 1222 1268 1331 1321; x_wconf 83' lang='grc' dir='ltr'><strong>πᾶν</strong></span> <span class='ocrx_word' id='word_1_97' title='bbox 1364 1267 1393 1320; x_wconf 84' lang='grc' dir='ltr'><em>ὅ</em></span> <span class='ocrx_word' id='word_1_98' title='bbox 1415 1284 1466 1319; x_wconf 92' lang='grc' dir='ltr'><strong>τι</strong></span> <span class='ocrx_word' id='word_1_99' title='bbox 1495 1267 1638 1321; x_wconf 82' lang='grc' dir='ltr'><strong>κατά</strong></span> <span class='ocrx_word' id='word_1_100' title='bbox 1666 1265 1800 1320; x_wconf 80' lang='grc' dir='ltr'>Θεὸν</span> <span class='ocrx_word' id='word_1_101' title='bbox 1823 1260 1933 1319; x_wconf 77' lang='grc' dir='ltr'>οἶδε</span> 
     </span>
    </p>
   </div>
   <div class='ocr_carea' id='block_1_15' title="bbox 352 1353 1934 1428">
    <p class='ocr_par' dir='ltr' id='par_1_15' title="bbox 352 1353 1934 1428">
     <span class='ocr_line' id='line_1_15' title="bbox 352 1353 1934 1428; baseline 0.005 -25"><span class='ocrx_word' id='word_1_102' title='bbox 352 1353 778 1424; x_wconf 82' lang='grc' dir='ltr'>χαρακτηρίζειν</span> <span class='ocrx_word' id='word_1_103' title='bbox 828 1355 1132 1428; x_wconf 77' lang='grc' dir='ltr'>ἄνθρωπον.</span> <span class='ocrx_word' id='word_1_104' title='bbox 1167 1359 1294 1422; x_wconf 78' lang='grc' dir='ltr'>Τοῖς</span> <span class='ocrx_word' id='word_1_105' title='bbox 1334 1357 1596 1421; x_wconf 81' lang='grc' dir='ltr'>τοιούτοις</span> <span class='ocrx_word' id='word_1_106' title='bbox 1639 1357 1880 1421; x_wconf 76' lang='grc' dir='ltr'>ἐπαίνοις</span> <span class='ocrx_word' id='word_1_107' title='bbox 1905 1360 1934 1411; x_wconf 87' lang='grc' dir='ltr'><strong>ό</strong></span> 
     </span>
    </p>
   </div>
   <div class='ocr_carea' id='block_1_16' title="bbox 350 1444 1934 1520">
    <p class='ocr_par' dir='ltr' id='par_1_16' title="bbox 350 1444 1934 1520">
     <span class='ocr_line' id='line_1_16' title="bbox 350 1444 1934 1520; baseline 0.003 -23"><span class='ocrx_word' id='word_1_108' title='bbox 350 1444 622 1515; x_wconf 73' lang='grc' dir='ltr'>ἡμέτερος</span> <span class='ocrx_word' id='word_1_109' title='bbox 652 1446 841 1519; x_wconf 84' lang='grc' dir='ltr'>Πατὴρ</span> <span class='ocrx_word' id='word_1_110' title='bbox 887 1448 1206 1520; x_wconf 82' lang='grc' dir='ltr'>ὡραΐζεται,</span> <span class='ocrx_word' id='word_1_111' title='bbox 1238 1450 1333 1504; x_wconf 74' lang='grc' dir='ltr'><strong>καὶ</strong></span> <span class='ocrx_word' id='word_1_112' title='bbox 1375 1449 1636 1519; x_wconf 84' lang='grc' dir='ltr'>γινώσκει</span> <span class='ocrx_word' id='word_1_113' title='bbox 1676 1448 1748 1503; x_wconf 85' lang='grc' dir='ltr'>τὰ</span> <span class='ocrx_word' id='word_1_114' title='bbox 1777 1448 1934 1517; x_wconf 79' lang='grc' dir='ltr'>λεγό-</span> 
     </span>
    </p>
   </div>
   <div class='ocr_carea' id='block_1_17' title="bbox 353 1538 1932 1615">
    <p class='ocr_par' dir='ltr' id='par_1_17' title="bbox 353 1538 1932 1615">
     <span class='ocr_line' id='line_1_17' title="bbox 353 1538 1932 1615; baseline 0.006 -27"><span class='ocrx_word' id='word_1_115' title='bbox 353 1553 513 1605; x_wconf 88' lang='grc' dir='ltr'>μενα,</span> <span class='ocrx_word' id='word_1_116' title='bbox 561 1538 657 1590; x_wconf 79' lang='grc' dir='ltr'><strong>καὶ</strong></span> <span class='ocrx_word' id='word_1_117' title='bbox 704 1538 775 1593; x_wconf 81' lang='grc' dir='ltr'>τὰ</span> <span class='ocrx_word' id='word_1_118' title='bbox 820 1541 995 1596; x_wconf 85' lang='grc' dir='ltr'>οίκεία</span> <span class='ocrx_word' id='word_1_119' title='bbox 1044 1542 1332 1597; x_wconf 86' lang='grc' dir='ltr'>ἐπίσταται</span> <span class='ocrx_word' id='word_1_120' title='bbox 1384 1545 1795 1615; x_wconf 84' lang='grc' dir='ltr'><strong>προτερήματα,</strong></span> <span class='ocrx_word' id='word_1_121' title='bbox 1836 1544 1932 1598; x_wconf 81' lang='grc' dir='ltr'><strong>καὶ</strong></span> 
     </span>
    </p>
   </div>
   <div class='ocr_carea' id='block_1_18' title="bbox 352 1627 1932 1706">
    <p class='ocr_par' dir='ltr' id='par_1_18' title="bbox 352 1627 1932 1706">
     <span class='ocr_line' id='line_1_18' title="bbox 352 1627 1932 1706; baseline 0.006 -26"><span class='ocrx_word' id='word_1_122' title='bbox 352 1627 569 1699; x_wconf 82' lang='grc' dir='ltr'>στέργει</span> <span class='ocrx_word' id='word_1_123' title='bbox 613 1631 741 1695; x_wconf 84' lang='grc' dir='ltr'>τοὺς</span> <span class='ocrx_word' id='word_1_124' title='bbox 780 1631 993 1702; x_wconf 83' lang='grc' dir='ltr'>λόγους,</span> <span class='ocrx_word' id='word_1_125' title='bbox 1026 1633 1103 1696; x_wconf 75' lang='grc' dir='ltr'>ὡς</span> <span class='ocrx_word' id='word_1_126' title='bbox 1151 1634 1418 1702; x_wconf 83' lang='grc' dir='ltr'>ὠφελείας</span> <span class='ocrx_word' id='word_1_127' title='bbox 1473 1635 1786 1706; x_wconf 82' lang='grc' dir='ltr'>προξένους,</span> <span class='ocrx_word' id='word_1_128' title='bbox 1831 1636 1932 1689; x_wconf 83' lang='grc' dir='ltr'><strong>οὐκ</strong></span> 
     </span>
    </p>
   </div>
   <div class='ocr_carea' id='block_1_19' title="bbox 350 1718 1927 1799">
    <p class='ocr_par' dir='ltr' id='par_1_19' title="bbox 350 1718 1927 1799">
     <span class='ocr_line' id='line_1_19' title="bbox 350 1718 1927 1799; baseline 0.006 -27"><span class='ocrx_word' id='word_1_129' title='bbox 350 1718 520 1790; x_wconf 77' lang='grc' dir='ltr'>αὐτῷ,</span> <span class='ocrx_word' id='word_1_130' title='bbox 555 1721 670 1775; x_wconf 90' lang='grc' dir='ltr'>ἀλλ’</span> <span class='ocrx_word' id='word_1_131' title='bbox 702 1725 834 1794; x_wconf 81' lang='grc' dir='ltr'>ἡμῖν</span> <span class='ocrx_word' id='word_1_132' title='bbox 855 1739 869 1753; x_wconf 91' lang='grc'><strong>·</strong></span> <span class='ocrx_word' id='word_1_133' title='bbox 902 1724 1023 1778; x_wconf 76' lang='grc' dir='ltr'>ἐπεὶ</span> <span class='ocrx_word' id='word_1_134' title='bbox 1056 1725 1152 1779; x_wconf 75' lang='grc' dir='ltr'><strong>καὶ</strong></span> <span class='ocrx_word' id='word_1_135' title='bbox 1179 1725 1309 1797; x_wconf 75' lang='grc' dir='ltr'>ψιλὴ</span> <span class='ocrx_word' id='word_1_136' title='bbox 1348 1726 1535 1780; x_wconf 89' lang='grc' dir='ltr'>τούτου</span> <span class='ocrx_word' id='word_1_137' title='bbox 1563 1727 1927 1799; x_wconf 82' lang='grc' dir='ltr'>προσηγορία,</span> 
     </span>
    </p>
   </div>
   <div class='ocr_carea' id='block_1_20' title="bbox 352 1812 1930 1892">
    <p class='ocr_par' dir='ltr' id='par_1_20' title="bbox 352 1812 1930 1892">
     <span class='ocr_line' id='line_1_20' title="bbox 352 1812 1930 1892; baseline 0.008 -29"><span class='ocrx_word' id='word_1_138' title='bbox 352 1812 605 1877; x_wconf 84' lang='grc' dir='ltr'>ὑπόθεσις</span> <span class='ocrx_word' id='word_1_139' title='bbox 637 1815 837 1887; x_wconf 86' lang='grc' dir='ltr'>ἀρετῆς</span> <span class='ocrx_word' id='word_1_140' title='bbox 857 1818 971 1881; x_wconf 81' lang='grc' dir='ltr'>τοῖς</span> <span class='ocrx_word' id='word_1_141' title='bbox 996 1817 1303 1882; x_wconf 82' lang='grc' dir='ltr'>σπουδαίοις</span> <span class='ocrx_word' id='word_1_142' title='bbox 1339 1818 1679 1875; x_wconf 88' lang='grc' dir='ltr'>καθίσταται.</span> <span class='ocrx_word' id='word_1_143' title='bbox 1712 1821 1787 1875; x_wconf 86' lang='grc' dir='ltr'><strong>Οὐ</strong></span> <span class='ocrx_word' id='word_1_144' title='bbox 1818 1821 1930 1892; x_wconf 85' lang='grc' dir='ltr'>γὰρ</span> 
     </span>
    </p>
   </div>
   <div class='ocr_carea' id='block_1_21' title="bbox 349 1903 1929 1982">
    <p class='ocr_par' dir='ltr' id='par_1_21' title="bbox 349 1903 1929 1982">
     <span class='ocr_line' id='line_1_21' title="bbox 349 1903 1929 1982; baseline 0.005 -25"><span class='ocrx_word' id='word_1_145' title='bbox 349 1903 571 1959; x_wconf 77' lang='grc' dir='ltr'>ἄλλοθεν</span> <span class='ocrx_word' id='word_1_146' title='bbox 607 1906 967 1978; x_wconf 83' lang='grc' dir='ltr'>δεδιδάγμεθα</span> <span class='ocrx_word' id='word_1_147' title='bbox 995 1909 1184 1976; x_wconf 84' lang='grc' dir='ltr'>ταῦτα,</span> <span class='ocrx_word' id='word_1_148' title='bbox 1212 1910 1244 1980; x_wconf 82' lang='grc' dir='ltr'><strong>ἢ</strong></span> <span class='ocrx_word' id='word_1_149' title='bbox 1277 1910 1336 1978; x_wconf 81' lang='grc' dir='ltr'><strong>ἐξ</strong></span> <span class='ocrx_word' id='word_1_150' title='bbox 1376 1908 1452 1965; x_wconf 82' lang='grc' dir='ltr'><strong>ὧν</strong></span> <span class='ocrx_word' id='word_1_151' title='bbox 1493 1911 1657 1973; x_wconf 85' lang='grc' dir='ltr'>αὐτὸς</span> <span class='ocrx_word' id='word_1_152' title='bbox 1697 1911 1764 1965; x_wconf 82' lang='grc' dir='ltr'>τὰ</span> <span class='ocrx_word' id='word_1_153' title='bbox 1800 1912 1929 1982; x_wconf 75' lang='grc' dir='ltr'>περὶ</span> 
     </span>
    </p>
   </div>
   <div class='ocr_carea' id='block_1_22' title="bbox 350 1994 1931 2077">
    <p class='ocr_par' dir='ltr' id='par_1_22' title="bbox 350 1994 1931 2077">
     <span class='ocr_line' id='line_1_22' title="bbox 350 1994 1931 2077; baseline 0.008 -31"><span class='ocrx_word' id='word_1_154' title='bbox 350 1994 544 2049; x_wconf 79' lang='grc' dir='ltr'>ἑαυτοῦ</span> <span class='ocrx_word' id='word_1_155' title='bbox 565 1996 742 2066; x_wconf 88' lang='grc' dir='ltr'>λόγοις</span> <span class='ocrx_word' id='word_1_156' title='bbox 765 2000 1140 2070; x_wconf 88' lang='grc' dir='ltr'>κατέσπειρεν.</span> <span class='ocrx_word' id='word_1_157' title='bbox 1188 2002 1304 2071; x_wconf 79' lang='grc' dir='ltr'><strong>Ἀφ’</strong></span> <span class='ocrx_word' id='word_1_158' title='bbox 1325 1995 1400 2057; x_wconf 82' lang='grc' dir='ltr'><strong>ὧν</strong></span> <span class='ocrx_word' id='word_1_159' title='bbox 1428 2005 1587 2074; x_wconf 81' lang='grc' dir='ltr'>ἡμεῖς</span> <span class='ocrx_word' id='word_1_160' title='bbox 1615 2003 1691 2068; x_wconf 83' lang='grc' dir='ltr'>ὡς</span> <span class='ocrx_word' id='word_1_161' title='bbox 1714 2006 1747 2077; x_wconf 80' lang='grc' dir='ltr'>ἡ</span> <span class='ocrx_word' id='word_1_162' title='bbox 1777 2006 1931 2059; x_wconf 85' lang='grc' dir='ltr'>ἐπαι-</span> 
     </span>
    </p>
   </div>
   <div class='ocr_carea' id='block_1_23' title="bbox 349 2085 1943 2163">
    <p class='ocr_par' dir='ltr' id='par_1_23' title="bbox 349 2085 1943 2163">
     <span class='ocr_line' id='line_1_23' title="bbox 349 2085 1943 2163; baseline 0.009 -26"><span class='ocrx_word' id='word_1_163' title='bbox 349 2085 474 2156; x_wconf 77' lang='grc' dir='ltr'>νετὴ</span> <span class='ocrx_word' id='word_1_164' title='bbox 508 2085 755 2156; x_wconf 85' lang='grc' dir='ltr'>μέλισσα,</span> <span class='ocrx_word' id='word_1_165' title='bbox 814 2092 880 2143; x_wconf 86' lang='grc' dir='ltr'><strong>ἐκ</strong></span> <span class='ocrx_word' id='word_1_166' title='bbox 930 2091 1142 2146; x_wconf 83' lang='grc' dir='ltr'>πολλῶν</span> <span class='ocrx_word' id='word_1_167' title='bbox 1192 2093 1398 2149; x_wconf 83' lang='grc' dir='ltr'>ἀνθέων</span> <span class='ocrx_word' id='word_1_168' title='bbox 1457 2095 1807 2163; x_wconf 81' lang='grc' dir='ltr'>συλλέξαντες</span> <span class='ocrx_word' id='word_1_169' title='bbox 1857 2099 1943 2152; x_wconf 72' lang='grc' dir='ltr'><strong>τάΔ</strong></span> 
     </span>
    </p>
   </div>
   <div class='ocr_carea' id='block_1_24' title="bbox 348 2170 1927 2262">
    <p class='ocr_par' dir='ltr' id='par_1_24' title="bbox 348 2170 1927 2262">
     <span class='ocr_line' id='line_1_24' title="bbox 348 2170 1927 2262; baseline -0.003 -14"><span class='ocrx_word' id='word_1_170' title='bbox 348 2179 615 2250; x_wconf 82' lang='grc' dir='ltr'>χρήσιμα.</span> <span class='ocrx_word' id='word_1_171' title='bbox 652 2182 713 2234; x_wconf 84' lang='grc' dir='ltr'><strong>τὸ</strong></span> <span class='ocrx_word' id='word_1_172' title='bbox 749 2184 1116 2254; x_wconf 79' lang='grc' dir='ltr'>πνευματικὸν</span> <span class='ocrx_word' id='word_1_173' title='bbox 1141 2170 1299 2241; x_wconf 81' lang='grc' dir='ltr'>τοῦτο</span> <span class='ocrx_word' id='word_1_174' title='bbox 1340 2172 1532 2258; x_wconf 84' lang='grc' dir='ltr'>κηρίον</span> <span class='ocrx_word' id='word_1_175' title='bbox 1560 2190 1927 2262; x_wconf 65' lang='grc' dir='ltr'>κατειργασά-</span> 
     </span>
    </p>
   </div>
   <div class='ocr_carea' id='block_1_25' title="bbox 350 2269 1927 2355">
    <p class='ocr_par' dir='ltr' id='par_1_25' title="bbox 350 2269 1927 2355">
     <span class='ocr_line' id='line_1_25' title="bbox 350 2269 1927 2355; baseline 0.011 -34"><span class='ocrx_word' id='word_1_176' title='bbox 350 2269 507 2339; x_wconf 90' lang='grc' dir='ltr'>μεθα.</span> <span class='ocrx_word' id='word_1_177' title='bbox 540 2272 649 2325; x_wconf 76' lang='grc' dir='ltr'><strong>Καὶ</strong></span> <span class='ocrx_word' id='word_1_178' title='bbox 687 2272 748 2327; x_wconf 80' lang='grc' dir='ltr'><strong>οὐ</strong></span> <span class='ocrx_word' id='word_1_179' title='bbox 779 2274 995 2345; x_wconf 85' lang='grc' dir='ltr'>χολανεϊ</span> <span class='ocrx_word' id='word_1_180' title='bbox 1021 2277 1238 2342; x_wconf 85' lang='grc' dir='ltr'>πάντως</span> <span class='ocrx_word' id='word_1_181' title='bbox 1273 2280 1404 2350; x_wconf 78' lang='grc' dir='ltr'>ἡμῖν</span> <span class='ocrx_word' id='word_1_182' title='bbox 1433 2279 1523 2334; x_wconf 84' lang='grc' dir='ltr'>διὰ</span> <span class='ocrx_word' id='word_1_183' title='bbox 1548 2281 1648 2352; x_wconf 79' lang='grc' dir='ltr'><strong>τὴν</strong></span> <span class='ocrx_word' id='word_1_184' title='bbox 1676 2283 1927 2355; x_wconf 82' lang='grc' dir='ltr'>ἐγχείρη-</span> 
     </span>
    </p>
   </div>
   <div class='ocr_carea' id='block_1_26' title="bbox 349 2362 1926 2443">
    <p class='ocr_par' dir='ltr' id='par_1_26' title="bbox 349 2362 1926 2443">
     <span class='ocr_line' id='line_1_26' title="bbox 349 2362 1926 2443; baseline 0.009 -30"><span class='ocrx_word' id='word_1_185' title='bbox 349 2378 453 2426; x_wconf 82' lang='grc' dir='ltr'>σιν,</span> <span class='ocrx_word' id='word_1_186' title='bbox 493 2362 574 2417; x_wconf 79' lang='grc' dir='ltr'>ὅτι</span> <span class='ocrx_word' id='word_1_187' title='bbox 603 2364 680 2436; x_wconf 85' lang='grc' dir='ltr'>μὴ</span> <span class='ocrx_word' id='word_1_188' title='bbox 724 2365 892 2420; x_wconf 88' lang='grc' dir='ltr'>δέδιεν</span> <span class='ocrx_word' id='word_1_189' title='bbox 935 2367 1016 2421; x_wconf 81' lang='grc' dir='ltr'>ἔτι</span> <span class='ocrx_word' id='word_1_190' title='bbox 1046 2368 1138 2422; x_wconf 82' lang='grc' dir='ltr'>τὸν</span> <span class='ocrx_word' id='word_1_191' title='bbox 1180 2370 1416 2443; x_wconf 86' lang='grc' dir='ltr'>πονηρὸν</span> <span class='ocrx_word' id='word_1_192' title='bbox 1451 2371 1702 2443; x_wconf 84' lang='grc' dir='ltr'>δαίμονα,</span> <span class='ocrx_word' id='word_1_193' title='bbox 1737 2373 1825 2427; x_wconf 81' lang='grc' dir='ltr'>διὰ</span> <span class='ocrx_word' id='word_1_194' title='bbox 1863 2374 1926 2427; x_wconf 83' lang='grc' dir='ltr'><strong>τὸ</strong></span> 
     </span>
    </p>
   </div>
   <div class='ocr_carea' id='block_1_27' title="bbox 347 2454 1925 2533">
    <p class='ocr_par' dir='ltr' id='par_1_27' title="bbox 347 2454 1925 2533">
     <span class='ocr_line' id='line_1_27' title="bbox 347 2454 1925 2533; baseline 0.009 -27"><span class='ocrx_word' id='word_1_195' title='bbox 347 2454 442 2507; x_wconf 75' lang='grc' dir='ltr'><strong>καὶ</strong></span> <span class='ocrx_word' id='word_1_196' title='bbox 474 2455 611 2526; x_wconf 82' lang='grc' dir='ltr'>πρὸς</span> <span class='ocrx_word' id='word_1_197' title='bbox 642 2457 791 2529; x_wconf 83' lang='grc' dir='ltr'>αὐτῷ</span> <span class='ocrx_word' id='word_1_198' title='bbox 821 2459 931 2514; x_wconf 86' lang='grc' dir='ltr'><strong>τῶν</strong></span> <span class='ocrx_word' id='word_1_199' title='bbox 970 2461 1198 2530; x_wconf 84' lang='grc' dir='ltr'><strong>ἀγώνων</strong></span> <span class='ocrx_word' id='word_1_200' title='bbox 1226 2463 1306 2533; x_wconf 83' lang='grc' dir='ltr'>τῷ</span> <span class='ocrx_word' id='word_1_201' title='bbox 1346 2464 1488 2518; x_wconf 84' lang='grc' dir='ltr'>τέλει</span> <span class='ocrx_word' id='word_1_202' title='bbox 1530 2465 1759 2529; x_wconf 79' lang='grc' dir='ltr'>πολλοὺς</span> <span class='ocrx_word' id='word_1_203' title='bbox 1791 2467 1925 2520; x_wconf 77' lang='grc' dir='ltr'>ὑπο-</span> 
     </span>
    </p>
   </div>
   <div class='ocr_carea' id='block_1_28' title="bbox 348 2545 1927 2628">
    <p class='ocr_par' dir='ltr' id='par_1_28' title="bbox 348 2545 1927 2628">
     <span class='ocr_line' id='line_1_28' title="bbox 348 2545 1927 2628; baseline 0.008 -29"><span class='ocrx_word' id='word_1_204' title='bbox 348 2545 611 2612; x_wconf 84' lang='grc' dir='ltr'>σκελίσαι,</span> <span class='ocrx_word' id='word_1_205' title='bbox 639 2548 786 2616; x_wconf 79' lang='grc' dir='ltr'>ἀπαξ</span> <span class='ocrx_word' id='word_1_206' title='bbox 806 2552 899 2605; x_wconf 80' lang='grc' dir='ltr'>καὶ</span> <span class='ocrx_word' id='word_1_207' title='bbox 928 2553 1010 2618; x_wconf 80' lang='grc' dir='ltr'><strong>εἰς</strong></span> <span class='ocrx_word' id='word_1_208' title='bbox 1035 2553 1164 2618; x_wconf 86' lang='grc' dir='ltr'>τοὺς</span> <span class='ocrx_word' id='word_1_209' title='bbox 1191 2554 1536 2626; x_wconf 86' lang='grc' dir='ltr'>ἀκυμάντους</span> <span class='ocrx_word' id='word_1_210' title='bbox 1562 2558 1669 2611; x_wconf 88' lang='grc' dir='ltr'><strong>τῶν</strong></span> <span class='ocrx_word' id='word_1_211' title='bbox 1702 2558 1927 2628; x_wconf 82' lang='grc' dir='ltr'>ἀσωμά-</span> 
     </span>
    </p>
   </div>
   <div class='ocr_carea' id='block_1_29' title="bbox 345 2638 1927 2721">
    <p class='ocr_par' dir='ltr' id='par_1_29' title="bbox 345 2638 1927 2721">
     <span class='ocr_line' id='line_1_29' title="bbox 345 2638 1927 2721; baseline 0.008 -30"><span class='ocrx_word' id='word_1_212' title='bbox 345 2654 454 2691; x_wconf 87' lang='grc' dir='ltr'>των</span> <span class='ocrx_word' id='word_1_213' title='bbox 504 2638 714 2710; x_wconf 81' lang='grc' dir='ltr'>φθάσας</span> <span class='ocrx_word' id='word_1_214' title='bbox 763 2642 1008 2713; x_wconf 87' lang='grc' dir='ltr'>λιμένας,</span> <span class='ocrx_word' id='word_1_215' title='bbox 1044 2644 1149 2710; x_wconf 76' lang='grc' dir='ltr'><strong>εξω</strong></span> <span class='ocrx_word' id='word_1_216' title='bbox 1190 2647 1447 2718; x_wconf 82' lang='grc' dir='ltr'>τυγχάνει</span> <span class='ocrx_word' id='word_1_217' title='bbox 1498 2648 1594 2702; x_wconf 76' lang='grc' dir='ltr'><strong>καὶ</strong></span> <span class='ocrx_word' id='word_1_218' title='bbox 1628 2648 1797 2721; x_wconf 80' lang='grc' dir='ltr'>ζάλης</span> <span class='ocrx_word' id='word_1_219' title='bbox 1830 2650 1927 2703; x_wconf 73' lang='grc' dir='ltr'>καὶ</span> 
     </span>
    </p>
   </div>
   <div class='ocr_carea' id='block_1_30' title="bbox 346 2728 1927 2813">
    <p class='ocr_par' dir='ltr' id='par_1_30' title="bbox 346 2728 1927 2813">
     <span class='ocr_line' id='line_1_30' title="bbox 346 2728 1927 2813; baseline 0.009 -31"><span class='ocrx_word' id='word_1_220' title='bbox 346 2728 630 2796; x_wconf 87' lang='grc' dir='ltr'>κλύδωνος.</span> <span class='ocrx_word' id='word_1_221' title='bbox 670 2734 840 2806; x_wconf 83' lang='grc' dir='ltr'>Δεῦρο</span> <span class='ocrx_word' id='word_1_222' title='bbox 866 2734 930 2808; x_wconf 79' lang='grc' dir='ltr'>δὴ</span> <span class='ocrx_word' id='word_1_223' title='bbox 965 2731 1078 2801; x_wconf 76' lang='grc' dir='ltr'>οὖν,</span> <span class='ocrx_word' id='word_1_224' title='bbox 1112 2737 1235 2793; x_wconf 88' lang='grc' dir='ltr'>καθ’</span> <span class='ocrx_word' id='word_1_225' title='bbox 1260 2738 1357 2792; x_wconf 73' lang='grc' dir='ltr'><strong>ἕνα</strong></span> <span class='ocrx_word' id='word_1_226' title='bbox 1395 2739 1505 2794; x_wconf 88' lang='grc' dir='ltr'><strong>τῶν</strong></span> <span class='ocrx_word' id='word_1_227' title='bbox 1529 2740 1927 2813; x_wconf 86' lang='grc' dir='ltr'>ἀπηριθμημέ-</span> 
     </span>
    </p>
   </div>
   <div class='ocr_carea' id='block_1_31' title="bbox 345 2826 1934 2904">
    <p class='ocr_par' dir='ltr' id='par_1_31' title="bbox 345 2826 1934 2904">
     <span class='ocr_line' id='line_1_31' title="bbox 345 2826 1934 2904; baseline 0.009 -29"><span class='ocrx_word' id='word_1_228' title='bbox 345 2838 452 2876; x_wconf 90' lang='grc' dir='ltr'><strong>νων</strong></span> <span class='ocrx_word' id='word_1_229' title='bbox 486 2826 683 2897; x_wconf 83' lang='grc' dir='ltr'>μικρὸν</span> <span class='ocrx_word' id='word_1_230' title='bbox 722 2829 1164 2902; x_wconf 65' lang='grc' dir='ltr'>ἐνδιατρίψαντες</span> <span class='ocrx_word' id='word_1_231' title='bbox 1195 2831 1273 2903; x_wconf 84' lang='grc' dir='ltr'>τῷ</span> <span class='ocrx_word' id='word_1_232' title='bbox 1307 2832 1469 2904; x_wconf 86' lang='grc' dir='ltr'>λόγῳ,</span> <span class='ocrx_word' id='word_1_233' title='bbox 1500 2829 1613 2898; x_wconf 72' lang='grc' dir='ltr'>οἷος</span> <span class='ocrx_word' id='word_1_234' title='bbox 1645 2833 1870 2904; x_wconf 89' lang='grc' dir='ltr'>γέγονεν</span> <span class='ocrx_word' id='word_1_235' title='bbox 1898 2837 1934 2888; x_wconf 74' lang='grc' dir='ltr'>ὁ</span> 
     </span>
    </p>
   </div>
   <div class='ocr_carea' id='block_1_32' title="bbox 346 2913 1926 2998">
    <p class='ocr_par' dir='ltr' id='par_1_32' title="bbox 346 2913 1926 2998">
     <span class='ocr_line' id='line_1_32' title="bbox 346 2913 1926 2998; baseline 0.009 -31"><span class='ocrx_word' id='word_1_236' title='bbox 346 2913 667 2986; x_wconf 81' lang='grc' dir='ltr'>θαυμάσιος,</span> <span class='ocrx_word' id='word_1_237' title='bbox 697 2921 791 2973; x_wconf 76' lang='grc' dir='ltr'><strong>καὶ</strong></span> <span class='ocrx_word' id='word_1_238' title='bbox 813 2922 895 2985; x_wconf 88' lang='grc' dir='ltr'><strong>είς</strong></span> <span class='ocrx_word' id='word_1_239' title='bbox 913 2922 1036 2976; x_wconf 82' lang='grc' dir='ltr'>ὅσον</span> <span class='ocrx_word' id='word_1_240' title='bbox 1068 2923 1265 2995; x_wconf 88' lang='grc' dir='ltr'>μέτρον</span> <span class='ocrx_word' id='word_1_241' title='bbox 1295 2929 1669 2998; x_wconf 86' lang='grc' dir='ltr'>πνευματικῆς</span> <span class='ocrx_word' id='word_1_242' title='bbox 1691 2925 1926 2997; x_wconf 75' lang='grc' dir='ltr'>ἔφθασεν</span> 
     </span>
    </p>
   </div>
   <div class='ocr_carea' id='block_1_33' title="bbox 345 3002 1817 3088">
    <p class='ocr_par' dir='ltr' id='par_1_33' title="bbox 345 3002 1817 3088">
     <span class='ocr_line' id='line_1_33' title="bbox 345 3002 1817 3088; baseline 0.012 -33"><span class='ocrx_word' id='word_1_243' title='bbox 345 3002 682 3070; x_wconf 76' lang='grc' dir='ltr'>ἀναϐάσεως.</span> <span class='ocrx_word' id='word_1_244' title='bbox 717 3009 832 3072; x_wconf 78' lang='grc' dir='ltr'>τοῖς</span> <span class='ocrx_word' id='word_1_245' title='bbox 863 3012 1294 3084; x_wconf 78' lang='grc' dir='ltr'>συνειλεγμένοις</span> <span class='ocrx_word' id='word_1_246' title='bbox 1322 3015 1817 3088; x_wconf 85' lang='grc' dir='ltr'>καθυποδείξωμεν.</span> 
     </span>
    </p>
   </div>
   <div class='ocr_carea' id='block_1_34' title="bbox 2039 715 3624 782">
    <p class='ocr_par' dir='ltr' id='par_1_34' title="bbox 2039 715 3624 782">
     <span class='ocr_line' id='line_1_34' title="bbox 2039 715 3624 782; baseline 0.002 -15"><span class='ocrx_word' id='word_1_247' title='bbox 2039 723 2148 782; x_wconf 89' lang='lat' dir='ltr'><strong>tas,</strong></span> <span class='ocrx_word' id='word_1_248' title='bbox 2179 715 2303 769; x_wconf 72' lang='lat' dir='ltr'><strong>vita:</strong></span> <span class='ocrx_word' id='word_1_249' title='bbox 2331 715 2593 780; x_wconf 89' lang='lat' dir='ltr'><strong>solitudo,</strong></span> <span class='ocrx_word' id='word_1_250' title='bbox 2630 718 2806 772; x_wconf 92' lang='lat' dir='ltr'><strong>eloco</strong></span> <span class='ocrx_word' id='word_1_251' title='bbox 2832 718 2887 774; x_wconf 93' lang='lat' dir='ltr'><strong>in</strong></span> <span class='ocrx_word' id='word_1_252' title='bbox 2919 719 3100 773; x_wconf 85' lang='lat' dir='ltr'><strong>locum</strong></span> <span class='ocrx_word' id='word_1_253' title='bbox 3152 720 3415 780; x_wconf 85' lang='lat' dir='ltr'><strong>secessio,</strong></span> <span class='ocrx_word' id='word_1_254' title='bbox 3447 717 3624 771; x_wconf 89' lang='lat' dir='ltr'><strong>malo-</strong></span> 
     </span>
    </p>
   </div>
   <div class='ocr_carea' id='block_1_35' title="bbox 2038 805 3618 880">
    <p class='ocr_par' dir='ltr' id='par_1_35' title="bbox 2038 805 3618 880">
     <span class='ocr_line' id='line_1_35' title="bbox 2038 805 3618 880; baseline 0 -19"><span class='ocrx_word' id='word_1_255' title='bbox 2038 821 2161 861; x_wconf 96' lang='lat' dir='ltr'><strong>rum</strong></span> <span class='ocrx_word' id='word_1_256' title='bbox 2222 805 2374 877; x_wconf 80' lang='lat' dir='ltr'><strong>fuga,</strong></span> <span class='ocrx_word' id='word_1_257' title='bbox 2426 807 2679 862; x_wconf 92' lang='lat' dir='ltr'><strong>doctrina</strong></span> <span class='ocrx_word' id='word_1_258' title='bbox 2730 818 3016 880; x_wconf 87' lang='lat' dir='ltr'><strong>perpetua,</strong></span> <span class='ocrx_word' id='word_1_259' title='bbox 3053 811 3300 880; x_wconf 75' lang='lat' dir='ltr'><strong>precatio</strong></span> <span class='ocrx_word' id='word_1_260' title='bbox 3330 810 3618 875; x_wconf 89' lang='lat' dir='ltr'><strong>continua,</strong></span> 
     </span>
    </p>
   </div>
   <div class='ocr_carea' id='block_1_36' title="bbox 2032 899 3621 971">
    <p class='ocr_par' dir='ltr' id='par_1_36' title="bbox 2032 899 3621 971">
     <span class='ocr_line' id='line_1_36' title="bbox 2032 899 3621 971; baseline -0.001 -17"><span class='ocrx_word' id='word_1_261' title='bbox 2032 899 2305 970; x_wconf 83' lang='lat' dir='ltr'><strong>jejunium</strong></span> <span class='ocrx_word' id='word_1_262' title='bbox 2334 908 2388 955; x_wconf 88' lang='lat' dir='ltr'><strong>et</strong></span> <span class='ocrx_word' id='word_1_263' title='bbox 2422 901 2621 971; x_wconf 75' lang='lat' dir='ltr'><strong>vigilite</strong></span> <span class='ocrx_word' id='word_1_264' title='bbox 2676 903 3070 968; x_wconf 82' lang='lat' dir='ltr'><strong>immoderatae,</strong></span> <span class='ocrx_word' id='word_1_265' title='bbox 3113 904 3265 958; x_wconf 88' lang='lat' dir='ltr'><strong>humi</strong></span> <span class='ocrx_word' id='word_1_266' title='bbox 3296 903 3536 965; x_wconf 87' lang='lat' dir='ltr'><strong>cubatio,</strong></span> <span class='ocrx_word' id='word_1_267' title='bbox 3567 908 3621 955; x_wconf 91' lang='lat' dir='ltr'><strong>et</strong></span> 
     </span>
    </p>
   </div>
   <div class='ocr_carea' id='block_1_37' title="bbox 2037 992 3623 1063">
    <p class='ocr_par' dir='ltr' id='par_1_37' title="bbox 2037 992 3623 1063">
     <span class='ocr_line' id='line_1_37' title="bbox 2037 992 3623 1063; baseline 0.001 -18"><span class='ocrx_word' id='word_1_268' title='bbox 2037 992 2163 1047; x_wconf 64' lang='lat' dir='ltr'><strong>vitae</strong></span> <span class='ocrx_word' id='word_1_269' title='bbox 2201 993 2503 1048; x_wconf 71' lang='lat' dir='ltr'><strong>austeritas</strong></span> <span class='ocrx_word' id='word_1_270' title='bbox 2549 1009 2690 1063; x_wconf 90' lang='lat' dir='ltr'><strong>pene</strong></span> <span class='ocrx_word' id='word_1_271' title='bbox 2739 995 3100 1059; x_wconf 87' lang='lat' dir='ltr'><strong>incredibilis,</strong></span> <span class='ocrx_word' id='word_1_272' title='bbox 3139 994 3447 1049; x_wconf 89' lang='lat' dir='ltr'><strong>voluntaria</strong></span> <span class='ocrx_word' id='word_1_273' title='bbox 3482 1007 3623 1063; x_wconf 83' lang='lat' dir='ltr'><strong>pau-</strong></span> 
     </span>
    </p>
   </div>
   <div class='ocr_carea' id='block_1_38' title="bbox 2035 1082 3621 1157">
    <p class='ocr_par' dir='ltr' id='par_1_38' title="bbox 2035 1082 3621 1157">
     <span class='ocr_line' id='line_1_38' title="bbox 2035 1082 3621 1157; baseline 0.001 -21"><span class='ocrx_word' id='word_1_274' title='bbox 2035 1090 2223 1153; x_wconf 81' lang='lat' dir='ltr'><strong>pertas</strong></span> <span class='ocrx_word' id='word_1_275' title='bbox 2279 1099 2406 1140; x_wconf 88' lang='lat' dir='ltr'><strong>cum</strong></span> <span class='ocrx_word' id='word_1_276' title='bbox 2484 1082 2796 1141; x_wconf 84' lang='lat' dir='ltr'><strong>humilitate</strong></span> <span class='ocrx_word' id='word_1_277' title='bbox 2865 1086 3158 1157; x_wconf 81' lang='lat' dir='ltr'><strong>singulari,</strong></span> <span class='ocrx_word' id='word_1_278' title='bbox 3241 1084 3621 1151; x_wconf 88' lang='lat' dir='ltr'><strong>misericordia</strong></span> 
     </span>
    </p>
   </div>
   <div class='ocr_carea' id='block_1_39' title="bbox 2035 1161 3624 1249">
    <p class='ocr_par' dir='ltr' id='par_1_39' title="bbox 2035 1161 3624 1249">
     <span class='ocr_line' id='line_1_39' title="bbox 2035 1161 3624 1249; baseline 0.001 -20"><span class='ocrx_word' id='word_1_279' title='bbox 2035 1176 2331 1231; x_wconf 84' lang='lat' dir='ltr'><strong>humanam</strong></span> <span class='ocrx_word' id='word_1_280' title='bbox 2417 1178 2789 1235; x_wconf 90' lang='lat' dir='ltr'><strong>conditionem</strong></span> <span class='ocrx_word' id='word_1_281' title='bbox 2863 1195 3157 1249; x_wconf 87' lang='lat' dir='ltr'><strong>superans,</strong></span> <span class='ocrx_word' id='word_1_282' title='bbox 3247 1161 3399 1235; x_wconf 81' lang='lat' dir='ltr'><strong>zelus</strong></span> <span class='ocrx_word' id='word_1_283' title='bbox 3481 1176 3624 1232; x_wconf 70' lang='lat' dir='ltr'><strong>divi~</strong></span> 
     </span>
    </p>
   </div>
   <div class='ocr_carea' id='block_1_40' title="bbox 2035 1269 3622 1343">
    <p class='ocr_par' dir='ltr' id='par_1_40' title="bbox 2035 1269 3622 1343">
     <span class='ocr_line' id='line_1_40' title="bbox 2035 1269 3622 1343; baseline 0.001 -20"><span class='ocrx_word' id='word_1_284' title='bbox 2035 1284 2142 1325; x_wconf 87' lang='lat' dir='ltr'><strong>nus</strong></span> <span class='ocrx_word' id='word_1_285' title='bbox 2177 1269 2234 1324; x_wconf 89' lang='lat' dir='ltr'><strong>in</strong></span> <span class='ocrx_word' id='word_1_286' title='bbox 2262 1284 2359 1327; x_wconf 89' lang='lat' dir='ltr'><strong>eos</strong></span> <span class='ocrx_word' id='word_1_287' title='bbox 2388 1272 2483 1343; x_wconf 89' lang='lat' dir='ltr'><strong>qui</strong></span> <span class='ocrx_word' id='word_1_288' title='bbox 2515 1273 2668 1328; x_wconf 85' lang='lat' dir='ltr'><strong>rabie</strong></span> <span class='ocrx_word' id='word_1_289' title='bbox 2712 1273 2973 1327; x_wconf 88' lang='lat' dir='ltr'><strong>adversus</strong></span> <span class='ocrx_word' id='word_1_290' title='bbox 3002 1273 3258 1341; x_wconf 90' lang='lat' dir='ltr'><strong>pietatem</strong></span> <span class='ocrx_word' id='word_1_291' title='bbox 3307 1283 3471 1341; x_wconf 91' lang='lat' dir='ltr'><strong>atque</strong></span> <span class='ocrx_word' id='word_1_292' title='bbox 3534 1285 3622 1325; x_wconf 87' lang='lat' dir='ltr'><strong>re-</strong></span> 
     </span>
    </p>
   </div>
   <div class='ocr_carea' id='block_1_41' title="bbox 2035 1359 3619 1432">
    <p class='ocr_par' dir='ltr' id='par_1_41' title="bbox 2035 1359 3619 1432">
     <span class='ocr_line' id='line_1_41' title="bbox 2035 1359 3619 1432; baseline 0.001 -19"><span class='ocrx_word' id='word_1_293' title='bbox 2035 1359 2294 1432; x_wconf 88' lang='lat' dir='ltr'><strong>ligionem</strong></span> <span class='ocrx_word' id='word_1_294' title='bbox 2322 1360 2761 1431; x_wconf 83' lang='lat' dir='ltr'><strong>inveherentur;</strong></span> <span class='ocrx_word' id='word_1_295' title='bbox 2788 1372 2986 1427; x_wconf 77' lang='lat' dir='ltr'><strong>cuncta</strong></span> <span class='ocrx_word' id='word_1_296' title='bbox 3020 1363 3278 1432; x_wconf 89' lang='lat' dir='ltr'><strong>denique,</strong></span> <span class='ocrx_word' id='word_1_297' title='bbox 3312 1362 3513 1432; x_wconf 88' lang='lat' dir='ltr'><strong>quibus</strong></span> <span class='ocrx_word' id='word_1_298' title='bbox 3551 1361 3619 1414; x_wconf 90' lang='lat' dir='ltr'><strong>ad</strong></span> 
     </span>
    </p>
   </div>
   <div class='ocr_carea' id='block_1_42' title="bbox 2033 1444 3639 1525">
    <p class='ocr_par' dir='ltr' id='par_1_42' title="bbox 2033 1444 3639 1525">
     <span class='ocr_line' id='line_1_42' title="bbox 2033 1444 3639 1525; baseline -0.001 -20"><span class='ocrx_word' id='word_1_299' title='bbox 2033 1444 2131 1507; x_wconf 88' lang='lat' dir='ltr'><strong>Dei</strong></span> <span class='ocrx_word' id='word_1_300' title='bbox 2169 1454 2463 1524; x_wconf 75' lang='lat' dir='ltr'><strong>imaginem</strong></span> <span class='ocrx_word' id='word_1_301' title='bbox 2497 1453 2663 1509; x_wconf 90' lang='lat' dir='ltr'><strong>homo</strong></span> <span class='ocrx_word' id='word_1_302' title='bbox 2717 1453 3037 1525; x_wconf 86' lang='lat' dir='ltr'><strong>insignitur.</strong></span> <span class='ocrx_word' id='word_1_303' title='bbox 3097 1449 3226 1507; x_wconf 87' lang='lat' dir='ltr'><strong>Istis</strong></span> <span class='ocrx_word' id='word_1_304' title='bbox 3281 1458 3466 1505; x_wconf 89' lang='lat' dir='ltr'><strong>noster</strong></span> <span class='ocrx_word' id='word_1_305' title='bbox 3528 1449 3639 1503; x_wconf 83' lang='lat' dir='ltr'><strong>hic.</strong></span> 
     </span>
    </p>
   </div>
   <div class='ocr_carea' id='block_1_43' title="bbox 2034 1543 3625 1614">
    <p class='ocr_par' dir='ltr' id='par_1_43' title="bbox 2034 1543 3625 1614">
     <span class='ocr_line' id='line_1_43' title="bbox 2034 1543 3625 1614; baseline -0.003 -17"><span class='ocrx_word' id='word_1_306' title='bbox 2034 1543 2195 1600; x_wconf 84' lang='lat' dir='ltr'><strong>Pater</strong></span> <span class='ocrx_word' id='word_1_307' title='bbox 2247 1544 2545 1601; x_wconf 82' lang='lat' dir='ltr'><strong>decoratur</strong></span> <span class='ocrx_word' id='word_1_308' title='bbox 2590 1544 2878 1612; x_wconf 88' lang='lat' dir='ltr'><strong>laudibus;</strong></span> <span class='ocrx_word' id='word_1_309' title='bbox 2938 1559 3059 1614; x_wconf 68' lang='lat' dir='ltr'><strong>qua:</strong></span> <span class='ocrx_word' id='word_1_310' title='bbox 3124 1550 3625 1597; x_wconf 78' lang='lat' dir='ltr'><strong>c’ommemoramus</strong></span> 
     </span>
    </p>
   </div>
   <div class='ocr_carea' id='block_1_44' title="bbox 2033 1632 3619 1707">
    <p class='ocr_par' dir='ltr' id='par_1_44' title="bbox 2033 1632 3619 1707">
     <span class='ocr_line' id='line_1_44' title="bbox 2033 1632 3619 1707; baseline -0.003 -19"><span class='ocrx_word' id='word_1_311' title='bbox 2033 1635 2304 1706; x_wconf 79' lang='lat' dir='ltr'><strong>agnoscit,</strong></span> <span class='ocrx_word' id='word_1_312' title='bbox 2337 1637 2733 1707; x_wconf 66' lang='lat' dir='ltr'><strong>prmrogativas</strong></span> <span class='ocrx_word' id='word_1_313' title='bbox 2762 1637 2863 1691; x_wconf 90' lang='lat' dir='ltr'><strong>has</strong></span> <span class='ocrx_word' id='word_1_314' title='bbox 2895 1636 3021 1691; x_wconf 85' lang='lat' dir='ltr'><strong>esse</strong></span> <span class='ocrx_word' id='word_1_315' title='bbox 3047 1632 3324 1705; x_wconf 87' lang='lat' dir='ltr'><strong>proprias,</strong></span> <span class='ocrx_word' id='word_1_316' title='bbox 3356 1647 3479 1687; x_wconf 86' lang='lat' dir='ltr'><strong>eum</strong></span> <span class='ocrx_word' id='word_1_317' title='bbox 3506 1646 3619 1685; x_wconf 91' lang='lat' dir='ltr'><strong>non</strong></span> 
     </span>
    </p>
   </div>
   <div class='ocr_carea' id='block_1_45' title="bbox 2031 1724 3616 1797">
    <p class='ocr_par' dir='ltr' id='par_1_45' title="bbox 2031 1724 3616 1797">
     <span class='ocr_line' id='line_1_45' title="bbox 2031 1724 3616 1797; baseline -0.002 -17"><span class='ocrx_word' id='word_1_318' title='bbox 2031 1727 2184 1795; x_wconf 86' lang='lat' dir='ltr'><strong>latet;</strong></span> <span class='ocrx_word' id='word_1_319' title='bbox 2211 1741 2275 1782; x_wconf 88' lang='lat' dir='ltr'><strong>ac</strong></span> <span class='ocrx_word' id='word_1_320' title='bbox 2299 1741 2581 1797; x_wconf 84' lang='lat' dir='ltr'><strong>sermones</strong></span> <span class='ocrx_word' id='word_1_321' title='bbox 2601 1728 2787 1795; x_wconf 79' lang='lat' dir='ltr'><strong>hosce,</strong></span> <span class='ocrx_word' id='word_1_322' title='bbox 2820 1736 2882 1782; x_wconf 89' lang='lat' dir='ltr'><strong>ut</strong></span> <span class='ocrx_word' id='word_1_323' title='bbox 2917 1727 3097 1792; x_wconf 89' lang='lat' dir='ltr'><strong>nobis,</strong></span> <span class='ocrx_word' id='word_1_324' title='bbox 3130 1741 3237 1780; x_wconf 91' lang='lat' dir='ltr'><strong>non</strong></span> <span class='ocrx_word' id='word_1_325' title='bbox 3274 1724 3379 1779; x_wconf 89' lang='lat' dir='ltr'><strong>sibi</strong></span> <span class='ocrx_word' id='word_1_326' title='bbox 3428 1724 3616 1786; x_wconf 90' lang='lat' dir='ltr'><strong>utiles,</strong></span> 
     </span>
    </p>
   </div>
   <div class='ocr_carea' id='block_1_46' title="bbox 2034 1817 3615 1899">
    <p class='ocr_par' dir='ltr' id='par_1_46' title="bbox 2034 1817 3615 1899">
     <span class='ocr_line' id='line_1_46' title="bbox 2034 1817 3615 1899; baseline -0.003 -25"><span class='ocrx_word' id='word_1_327' title='bbox 2034 1833 2146 1874; x_wconf 90' lang='lat' dir='ltr'><strong>non</strong></span> <span class='ocrx_word' id='word_1_328' title='bbox 2177 1820 2504 1899; x_wconf 83' lang='lat' dir='ltr'><strong>contemnit.</strong></span> <span class='ocrx_word' id='word_1_329' title='bbox 2527 1818 2667 1874; x_wconf 84' lang='lat' dir='ltr'><strong>Nam</strong></span> <span class='ocrx_word' id='word_1_330' title='bbox 2700 1820 2783 1874; x_wconf 89' lang='lat' dir='ltr'><strong>vel</strong></span> <span class='ocrx_word' id='word_1_331' title='bbox 2812 1819 3010 1890; x_wconf 79' lang='lat' dir='ltr'><strong>exigua</strong></span> <span class='ocrx_word' id='word_1_332' title='bbox 3035 1820 3103 1875; x_wconf 90' lang='lat' dir='ltr'><strong>de</strong></span> <span class='ocrx_word' id='word_1_333' title='bbox 3154 1819 3275 1889; x_wconf 90' lang='lat' dir='ltr'><strong>ipso</strong></span> <span class='ocrx_word' id='word_1_334' title='bbox 3312 1817 3615 1879; x_wconf 83' lang='lat' dir='ltr'><strong>enarratio,</strong></span> 
     </span>
    </p>
   </div>
   <div class='ocr_carea' id='block_1_47' title="bbox 2033 1908 3618 1982">
    <p class='ocr_par' dir='ltr' id='par_1_47' title="bbox 2033 1908 3618 1982">
     <span class='ocr_line' id='line_1_47' title="bbox 2033 1908 3618 1982; baseline -0.003 -15"><span class='ocrx_word' id='word_1_335' title='bbox 2033 1911 2296 1967; x_wconf 86' lang='lat' dir='ltr'><strong>studiosis</strong></span> <span class='ocrx_word' id='word_1_336' title='bbox 2313 1926 2482 1966; x_wconf 90' lang='lat' dir='ltr'><strong>causa</strong></span> <span class='ocrx_word' id='word_1_337' title='bbox 2504 1911 2932 1982; x_wconf 85' lang='lat' dir='ltr'><strong>complectendae</strong></span> <span class='ocrx_word' id='word_1_338' title='bbox 2949 1911 3168 1966; x_wconf 80' lang='lat' dir='ltr'><strong>exsistit</strong></span> <span class='ocrx_word' id='word_1_339' title='bbox 3184 1910 3423 1964; x_wconf 88' lang='lat' dir='ltr'><strong>virtutis.</strong></span> <span class='ocrx_word' id='word_1_340' title='bbox 3438 1908 3618 1977; x_wconf 86' lang='lat' dir='ltr'><strong>Atque</strong></span> 
     </span>
    </p>
   </div>
   <div class='ocr_carea' id='block_1_48' title="bbox 2032 2000 3616 2074">
    <p class='ocr_par' dir='ltr' id='par_1_48' title="bbox 2032 2000 3616 2074">
     <span class='ocr_line' id='line_1_48' title="bbox 2032 2000 3616 2074; baseline -0.004 -13"><span class='ocrx_word' id='word_1_341' title='bbox 2032 2006 2139 2061; x_wconf 90' lang='lat' dir='ltr'><strong>ista</strong></span> <span class='ocrx_word' id='word_1_342' title='bbox 2171 2021 2281 2060; x_wconf 90' lang='lat' dir='ltr'><strong>non</strong></span> <span class='ocrx_word' id='word_1_343' title='bbox 2304 2004 2548 2069; x_wconf 90' lang='lat' dir='ltr'><strong>aliunde,</strong></span> <span class='ocrx_word' id='word_1_344' title='bbox 2584 2003 2682 2060; x_wconf 92' lang='lat' dir='ltr'><strong>sed</strong></span> <span class='ocrx_word' id='word_1_345' title='bbox 2704 2019 2772 2059; x_wconf 79' lang='lat' dir='ltr'><strong>ex</strong></span> <span class='ocrx_word' id='word_1_346' title='bbox 2802 2003 2893 2070; x_wconf 91' lang='lat' dir='ltr'><strong>iis,</strong></span> <span class='ocrx_word' id='word_1_347' title='bbox 2926 2018 3048 2074; x_wconf 69' lang='lat' dir='ltr'><strong>quae</strong></span> <span class='ocrx_word' id='word_1_348' title='bbox 3077 2003 3132 2057; x_wconf 93' lang='lat' dir='ltr'><strong>in</strong></span> <span class='ocrx_word' id='word_1_349' title='bbox 3152 2003 3321 2057; x_wconf 85' lang='lat' dir='ltr'><strong>variis</strong></span> <span class='ocrx_word' id='word_1_350' title='bbox 3353 2002 3471 2071; x_wconf 89' lang='lat' dir='ltr'><strong>ipse</strong></span> <span class='ocrx_word' id='word_1_351' title='bbox 3498 2000 3616 2056; x_wconf 85' lang='lat' dir='ltr'><strong>suis</strong></span> 
     </span>
    </p>
   </div>
   <div class='ocr_carea' id='block_1_49' title="bbox 2031 2094 3612 2168">
    <p class='ocr_par' dir='ltr' id='par_1_49' title="bbox 2031 2094 3612 2168">
     <span class='ocr_line' id='line_1_49' title="bbox 2031 2094 3612 2168; baseline -0.005 -14"><span class='ocrx_word' id='word_1_352' title='bbox 2031 2097 2414 2156; x_wconf 86' lang='lat' dir='ltr'><strong>disseminavit</strong></span> <span class='ocrx_word' id='word_1_353' title='bbox 2430 2094 3001 2168; x_wconf 87' lang='lat' dir='ltr'><strong>scriptis,didicimus.</strong></span> <span class='ocrx_word' id='word_1_354' title='bbox 3029 2095 3103 2149; x_wconf 84' lang='lat' dir='ltr'><strong>Ex</strong></span> <span class='ocrx_word' id='word_1_355' title='bbox 3132 2094 3612 2166; x_wconf 85' lang='lat' dir='ltr'><strong>quibus,inquam,</strong></span> 
     </span>
    </p>
   </div>
   <div class='ocr_carea' id='block_1_50' title="bbox 2032 2186 3618 2261">
    <p class='ocr_par' dir='ltr' id='par_1_50' title="bbox 2032 2186 3618 2261">
     <span class='ocr_line' id='line_1_50' title="bbox 2032 2186 3618 2261; baseline -0.006 -13"><span class='ocrx_word' id='word_1_356' title='bbox 2032 2192 2236 2248; x_wconf 68' lang='lat' dir='ltr'><strong>sedulae</strong></span> <span class='ocrx_word' id='word_1_357' title='bbox 2271 2191 2448 2246; x_wconf 87' lang='lat' dir='ltr'><strong>instar</strong></span> <span class='ocrx_word' id='word_1_358' title='bbox 2476 2190 2617 2259; x_wconf 89' lang='lat' dir='ltr'><strong>apis,</strong></span> <span class='ocrx_word' id='word_1_359' title='bbox 2650 2206 2718 2246; x_wconf 80' lang='lat' dir='ltr'><strong>ex</strong></span> <span class='ocrx_word' id='word_1_360' title='bbox 2744 2189 3001 2261; x_wconf 84' lang='lat' dir='ltr'><strong>plurimis</strong></span> <span class='ocrx_word' id='word_1_361' title='bbox 3033 2186 3262 2243; x_wconf 78' lang='lat' dir='ltr'><strong>floribus</strong></span> <span class='ocrx_word' id='word_1_362' title='bbox 3298 2186 3453 2241; x_wconf 89' lang='lat' dir='ltr'><strong>utilia</strong></span> <span class='ocrx_word' id='word_1_363' title='bbox 3501 2186 3618 2240; x_wconf 88' lang='lat' dir='ltr'><strong>col-</strong></span> 
     </span>
    </p>
   </div>
   <div class='ocr_carea' id='block_1_51' title="bbox 2026 2277 3616 2354">
    <p class='ocr_par' dir='ltr' id='par_1_51' title="bbox 2026 2277 3616 2354">
     <span class='ocr_line' id='line_1_51' title="bbox 2026 2277 3616 2354; baseline -0.003 -16"><span class='ocrx_word' id='word_1_364' title='bbox 2026 2285 2284 2354; x_wconf 82' lang='lat' dir='ltr'><strong>ligentes,</strong></span> <span class='ocrx_word' id='word_1_365' title='bbox 2318 2281 2500 2338; x_wconf 81' lang='lat' dir='ltr'><strong>favum</strong></span> <span class='ocrx_word' id='word_1_366' title='bbox 2529 2283 2677 2337; x_wconf 85' lang='lat' dir='ltr'><strong>ltunc</strong></span> <span class='ocrx_word' id='word_1_367' title='bbox 2698 2282 3037 2353; x_wconf 87' lang='lat' dir='ltr'><strong>spiritualem</strong></span> <span class='ocrx_word' id='word_1_368' title='bbox 3069 2277 3616 2335; x_wconf 81' lang='lat' dir='ltr'><strong>confecimus.Nobis</strong></span> 
     </span>
    </p>
   </div>
   <div class='ocr_carea' id='block_1_52' title="bbox 2009 2371 3612 2445">
    <p class='ocr_par' dir='ltr' id='par_1_52' title="bbox 2009 2371 3612 2445">
     <span class='ocr_line' id='line_1_52' title="bbox 2009 2371 3612 2445; baseline -0.004 -14"><span class='ocrx_word' id='word_1_369' title='bbox 2009 2388 2159 2431; x_wconf 81' lang='lat' dir='ltr'><strong>‘vero</strong></span> <span class='ocrx_word' id='word_1_370' title='bbox 2191 2375 2305 2429; x_wconf 82' lang='lat' dir='ltr'><strong>haec</strong></span> <span class='ocrx_word' id='word_1_371' title='bbox 2339 2375 2473 2444; x_wconf 89' lang='lat' dir='ltr'><strong>ipse</strong></span> <span class='ocrx_word' id='word_1_372' title='bbox 2515 2375 2847 2430; x_wconf 88' lang='lat' dir='ltr'><strong>conantibus</strong></span> <span class='ocrx_word' id='word_1_373' title='bbox 2892 2387 3246 2445; x_wconf 86' lang='lat' dir='ltr'><strong>nequaquam</strong></span> <span class='ocrx_word' id='word_1_374' title='bbox 3293 2371 3612 2428; x_wconf 86' lang='lat' dir='ltr'><strong>subirasce-</strong></span> 
     </span>
    </p>
   </div>
   <div class='ocr_carea' id='block_1_53' title="bbox 2029 2458 3617 2537">
    <p class='ocr_par' dir='ltr' id='par_1_53' title="bbox 2029 2458 3617 2537">
     <span class='ocr_line' id='line_1_53' title="bbox 2029 2458 3617 2537; baseline -0.005 -15"><span class='ocrx_word' id='word_1_375' title='bbox 2029 2476 2140 2531; x_wconf 85' lang='lat' dir='ltr'><strong>tur,</strong></span> <span class='ocrx_word' id='word_1_376' title='bbox 2166 2466 2390 2537; x_wconf 77' lang='lat' dir='ltr'><strong>qnando</strong></span> <span class='ocrx_word' id='word_1_377' title='bbox 2424 2458 2715 2523; x_wconf 76' lang='lat' dir='ltr'><strong>sceiestum</strong></span> <span class='ocrx_word' id='word_1_378' title='bbox 2770 2466 3092 2531; x_wconf 64' lang='lat' dir='ltr'><strong>daemonem,</strong></span> <span class='ocrx_word' id='word_1_379' title='bbox 3151 2465 3247 2535; x_wconf 89' lang='lat' dir='ltr'><strong>qui</strong></span> <span class='ocrx_word' id='word_1_380' title='bbox 3277 2462 3480 2518; x_wconf 88' lang='lat' dir='ltr'><strong>multos</strong></span> <span class='ocrx_word' id='word_1_381' title='bbox 3530 2461 3617 2515; x_wconf 85' lang='lat' dir='ltr'><strong>vel</strong></span> 
     </span>
    </p>
   </div>
   <div class='ocr_carea' id='block_1_54' title="bbox 2028 2551 3616 2627">
    <p class='ocr_par' dir='ltr' id='par_1_54' title="bbox 2028 2551 3616 2627">
     <span class='ocr_line' id='line_1_54' title="bbox 2028 2551 3616 2627; baseline -0.005 -15"><span class='ocrx_word' id='word_1_382' title='bbox 2028 2558 2084 2612; x_wconf 93' lang='lat' dir='ltr'><strong>in</strong></span> <span class='ocrx_word' id='word_1_383' title='bbox 2115 2565 2362 2612; x_wconf 81' lang='lat' dir='ltr'><strong>extremo</strong></span> <span class='ocrx_word' id='word_1_384' title='bbox 2389 2572 2564 2627; x_wconf 85' lang='lat' dir='ltr'><strong>agone</strong></span> <span class='ocrx_word' id='word_1_385' title='bbox 2592 2557 2953 2627; x_wconf 85' lang='lat' dir='ltr'><strong>supplantare</strong></span> <span class='ocrx_word' id='word_1_386' title='bbox 2984 2556 3144 2620; x_wconf 90' lang='lat' dir='ltr'><strong>solet,</strong></span> <span class='ocrx_word' id='word_1_387' title='bbox 3192 2569 3302 2608; x_wconf 92' lang='lat' dir='ltr'><strong>non</strong></span> <span class='ocrx_word' id='word_1_388' title='bbox 3356 2551 3616 2622; x_wconf 88' lang='lat' dir='ltr'><strong>pertime-</strong></span> 
     </span>
    </p>
   </div>
   <div class='ocr_carea' id='block_1_55' title="bbox 2030 2642 3614 2718">
    <p class='ocr_par' dir='ltr' id='par_1_55' title="bbox 2030 2642 3614 2718">
     <span class='ocr_line' id='line_1_55' title="bbox 2030 2642 3614 2718; baseline -0.006 -13"><span class='ocrx_word' id='word_1_389' title='bbox 2030 2648 2137 2705; x_wconf 90' lang='lat' dir='ltr'><strong>scit</strong></span> <span class='ocrx_word' id='word_1_390' title='bbox 2160 2647 2431 2717; x_wconf 89' lang='lat' dir='ltr'><strong>amplius;</strong></span> <span class='ocrx_word' id='word_1_391' title='bbox 2453 2648 2567 2718; x_wconf 88' lang='lat' dir='ltr'><strong>jam</strong></span> <span class='ocrx_word' id='word_1_392' title='bbox 2599 2647 2744 2703; x_wconf 90' lang='lat' dir='ltr'><strong>enim</strong></span> <span class='ocrx_word' id='word_1_393' title='bbox 2777 2648 2844 2702; x_wconf 86' lang='lat' dir='ltr'><strong>ad</strong></span> <span class='ocrx_word' id='word_1_394' title='bbox 2877 2646 3234 2717; x_wconf 89' lang='lat' dir='ltr'><strong>tranquillum</strong></span> <span class='ocrx_word' id='word_1_395' title='bbox 3263 2642 3614 2716; x_wconf 83' lang='lat' dir='ltr'><strong>pervenitin-</strong></span> 
     </span>
    </p>
   </div>
   <div class='ocr_carea' id='block_1_56' title="bbox 2031 2732 3618 2809">
    <p class='ocr_par' dir='ltr' id='par_1_56' title="bbox 2031 2732 3618 2809">
     <span class='ocr_line' id='line_1_56' title="bbox 2031 2732 3618 2809; baseline -0.006 -15"><span class='ocrx_word' id='word_1_396' title='bbox 2031 2753 2433 2809; x_wconf 86' lang='lat' dir='ltr'><strong>corporeorum</strong></span> <span class='ocrx_word' id='word_1_397' title='bbox 2486 2745 2731 2807; x_wconf 90' lang='lat' dir='ltr'><strong>portum,</strong></span> <span class='ocrx_word' id='word_1_398' title='bbox 2786 2739 2878 2791; x_wconf 91' lang='lat' dir='ltr'><strong>ubi</strong></span> <span class='ocrx_word' id='word_1_399' title='bbox 2924 2737 3106 2791; x_wconf 88' lang='lat' dir='ltr'><strong>nullas</strong></span> <span class='ocrx_word' id='word_1_400' title='bbox 3139 2735 3361 2791; x_wconf 91' lang='lat' dir='ltr'><strong>omnino</strong></span> <span class='ocrx_word' id='word_1_401' title='bbox 3410 2732 3618 2804; x_wconf 80' lang='lat' dir='ltr'><strong>procel-</strong></span> 
     </span>
    </p>
   </div>
   <div class='ocr_carea' id='block_1_57' title="bbox 2032 2823 3619 2900">
    <p class='ocr_par' dir='ltr' id='par_1_57' title="bbox 2032 2823 3619 2900">
     <span class='ocr_line' id='line_1_57' title="bbox 2032 2823 3619 2900; baseline -0.008 -13"><span class='ocrx_word' id='word_1_402' title='bbox 2032 2832 2114 2888; x_wconf 86' lang='lat' dir='ltr'><strong>las</strong></span> <span class='ocrx_word' id='word_1_403' title='bbox 2144 2829 2469 2886; x_wconf 87' lang='lat' dir='ltr'><strong>reformidat</strong></span> <span class='ocrx_word' id='word_1_404' title='bbox 2504 2838 2683 2900; x_wconf 93' lang='lat' dir='ltr'><strong>.atque</strong></span> <span class='ocrx_word' id='word_1_405' title='bbox 2713 2836 3087 2900; x_wconf 89' lang='lat' dir='ltr'><strong>tempestates.</strong></span> <span class='ocrx_word' id='word_1_406' title='bbox 3125 2827 3239 2898; x_wconf 82' lang='lat' dir='ltr'><strong>Age</strong></span> <span class='ocrx_word' id='word_1_407' title='bbox 3280 2826 3468 2897; x_wconf 81' lang='lat' dir='ltr'><strong>igitur,</strong></span> <span class='ocrx_word' id='word_1_408' title='bbox 3503 2823 3619 2878; x_wconf 87' lang='lat' dir='ltr'><strong>sin-</strong></span> 
     </span>
    </p>
   </div>
   <div class='ocr_carea' id='block_1_58' title="bbox 2031 2915 3618 2996">
    <p class='ocr_par' dir='ltr' id='par_1_58' title="bbox 2031 2915 3618 2996">
     <span class='ocr_line' id='line_1_58' title="bbox 2031 2915 3618 2996; baseline -0.008 -16"><span class='ocrx_word' id='word_1_409' title='bbox 2031 2925 2176 2996; x_wconf 85' lang='lat' dir='ltr'><strong>gulis</strong></span> <span class='ocrx_word' id='word_1_410' title='bbox 2205 2940 2419 2989; x_wconf 89' lang='lat' dir='ltr'><strong>eorum,</strong></span> <span class='ocrx_word' id='word_1_411' title='bbox 2461 2939 2583 2993; x_wconf 74' lang='lat' dir='ltr'><strong>qua:</strong></span> <span class='ocrx_word' id='word_1_412' title='bbox 2607 2931 2926 2978; x_wconf 84' lang='lat' dir='ltr'><strong>enumerata</strong></span> <span class='ocrx_word' id='word_1_413' title='bbox 2965 2927 3117 2987; x_wconf 88' lang='lat' dir='ltr'><strong>sunt,</strong></span> <span class='ocrx_word' id='word_1_414' title='bbox 3172 2919 3458 2989; x_wconf 85' lang='lat' dir='ltr'><strong>paululum</strong></span> <span class='ocrx_word' id='word_1_415' title='bbox 3514 2915 3618 2968; x_wconf 78' lang='lat' dir='ltr'><strong>im-</strong></span> 
     </span>
    </p>
   </div>
   <div class='ocr_carea' id='block_1_59' title="bbox 2033 3007 3617 3087">
    <p class='ocr_par' dir='ltr' id='par_1_59' title="bbox 2033 3007 3617 3087">
     <span class='ocr_line' id='line_1_59' title="bbox 2033 3007 3617 3087; baseline -0.007 -15"><span class='ocrx_word' id='word_1_416' title='bbox 2033 3024 2338 3085; x_wconf 87' lang='lat' dir='ltr'><strong>morantes,</strong></span> <span class='ocrx_word' id='word_1_417' title='bbox 2368 3016 2549 3087; x_wconf 90' lang='lat' dir='ltr'><strong>qualis</strong></span> <span class='ocrx_word' id='word_1_418' title='bbox 2616 3014 2854 3070; x_wconf 83' lang='lat' dir='ltr'><strong>eximius</strong></span> <span class='ocrx_word' id='word_1_419' title='bbox 2893 3014 2998 3069; x_wconf 93' lang='lat' dir='ltr'><strong>iste</strong></span> <span class='ocrx_word' id='word_1_420' title='bbox 3034 3013 3121 3066; x_wconf 89' lang='lat' dir='ltr'><strong>vir</strong></span> <span class='ocrx_word' id='word_1_421' title='bbox 3155 3010 3411 3075; x_wconf 86' lang='lat' dir='ltr'><strong>evaserit,</strong></span> <span class='ocrx_word' id='word_1_422' title='bbox 3445 3015 3500 3064; x_wconf 91' lang='lat' dir='ltr'><strong>et</strong></span> <span class='ocrx_word' id='word_1_423' title='bbox 3558 3007 3617 3062; x_wconf 89' lang='lat' dir='ltr'><strong>in</strong></span> 
     </span>
    </p>
   </div>
   <div class='ocr_carea' id='block_1_60' title="bbox 345 3099 3184 3180">
    <p class='ocr_par' dir='ltr' id='par_1_60' title="bbox 345 3099 3184 3180">
     <span class='ocr_line' id='line_1_60' title="bbox 345 3099 3184 3180; baseline 0.003 -30"><span class='ocrx_word' id='word_1_424' title='bbox 345 3109 506 3166; x_wconf 89' lang='lat' dir='ltr'><strong>quem</strong></span> <span class='ocrx_word' id='word_1_425' title='bbox 536 3099 766 3168; x_wconf 90' lang='lat' dir='ltr'><strong>gradum</strong></span> <span class='ocrx_word' id='word_1_426' title='bbox 804 3102 1107 3171; x_wconf 89' lang='lat' dir='ltr'><strong>spiritualis</strong></span> <span class='ocrx_word' id='word_1_427' title='bbox 1130 3107 1507 3162; x_wconf 67' lang='lat' dir='ltr'><strong>sanctimonia:</strong></span> <span class='ocrx_word' id='word_1_428' title='bbox 1541 3109 1781 3178; x_wconf 90' lang='lat' dir='ltr'><strong>seipsum</strong></span> <span class='ocrx_word' id='word_1_429' title='bbox 1817 3111 2134 3179; x_wconf 82' lang='lat' dir='ltr'><strong>provexerit</strong></span> <span class='ocrx_word' id='word_1_430' title='bbox 2153 3110 2241 3165; x_wconf 90' lang='lat' dir='ltr'><strong>his</strong></span> <span class='ocrx_word' id='word_1_431' title='bbox 2269 3110 2361 3180; x_wconf 91' lang='lat' dir='ltr'><strong>qui</strong></span> <span class='ocrx_word' id='word_1_432' title='bbox 2396 3114 2776 3163; x_wconf 83' lang='lat' dir='ltr'><strong>convenerunt</strong></span> <span class='ocrx_word' id='word_1_433' title='bbox 2802 3104 3184 3161; x_wconf 90' lang='lat' dir='ltr'><strong>ostendamus.</strong></span> 
     </span>
    </p>
   </div>
   <div class='ocr_carea' id='block_1_61' title="bbox 413 3190 1927 3273">
    <p class='ocr_par' dir='ltr' id='par_1_61' title="bbox 413 3190 1920 3273">
     <span class='ocr_line' id='line_1_61' title="bbox 413 3190 1920 3273; baseline 0.009 -32"><span class='ocrx_word' id='word_1_434' title='bbox 413 3190 656 3256; x_wconf 87' lang='grc' dir='ltr'>Πίστεως</span> <span class='ocrx_word' id='word_1_435' title='bbox 705 3192 803 3262; x_wconf 80' lang='grc' dir='ltr'>μὲν</span> <span class='ocrx_word' id='word_1_436' title='bbox 828 3193 936 3265; x_wconf 82' lang='grc' dir='ltr'><strong>γὰρ</strong></span> <span class='ocrx_word' id='word_1_437' title='bbox 964 3190 1075 3266; x_wconf 76' lang='grc' dir='ltr'>εἶχε</span> <span class='ocrx_word' id='word_1_438' title='bbox 1116 3196 1238 3250; x_wconf 88' lang='grc' dir='ltr'>λίαν</span> <span class='ocrx_word' id='word_1_439' title='bbox 1267 3198 1462 3268; x_wconf 85' lang='grc' dir='ltr'>ὀρθῶς,</span> <span class='ocrx_word' id='word_1_440' title='bbox 1501 3201 1562 3253; x_wconf 84' lang='grc' dir='ltr'><strong>οὺ</strong></span> <span class='ocrx_word' id='word_1_441' title='bbox 1598 3200 1788 3273; x_wconf 76' lang='grc' dir='ltr'>πόρρω</span> <span class='ocrx_word' id='word_1_442' title='bbox 1819 3219 1920 3255; x_wconf 91' lang='grc' dir='ltr'><strong>που</strong></span> 
     </span>
    </p>
   </div>
   <div class='ocr_carea' id='block_1_62' title="bbox 2029 3190 3615 3273">
    <p class='ocr_par' dir='ltr' id='par_1_62' title="bbox 2098 3196 3615 3272">
     <span class='ocr_line' id='line_1_62' title="bbox 2098 3196 3615 3272; baseline -0.008 -15"><span class='ocrx_word' id='word_1_443' title='bbox 2098 3201 2180 3257; x_wconf 86' lang='lat' dir='ltr'><strong>Ad</strong></span> <span class='ocrx_word' id='word_1_444' title='bbox 2214 3203 2374 3257; x_wconf 79' lang='lat' dir='ltr'><strong>ﬁdem</strong></span> <span class='ocrx_word' id='word_1_445' title='bbox 2410 3216 2538 3272; x_wconf 90' lang='lat' dir='ltr'><strong>ergo</strong></span> <span class='ocrx_word' id='word_1_446' title='bbox 2572 3200 2720 3271; x_wconf 92' lang='lat' dir='ltr'><strong>quod</strong></span> <span class='ocrx_word' id='word_1_447' title='bbox 2749 3197 2966 3265; x_wconf 89' lang='lat' dir='ltr'><strong>attinet,</strong></span> <span class='ocrx_word' id='word_1_448' title='bbox 3011 3196 3160 3251; x_wconf 91' lang='lat' dir='ltr'><strong>nulla</strong></span> <span class='ocrx_word' id='word_1_449' title='bbox 3207 3210 3271 3250; x_wconf 82' lang='lat' dir='ltr'><strong>ex</strong></span> <span class='ocrx_word' id='word_1_450' title='bbox 3302 3200 3458 3263; x_wconf 88' lang='lat' dir='ltr'><strong>parte</strong></span> <span class='ocrx_word' id='word_1_451' title='bbox 3484 3204 3615 3261; x_wconf 43' lang='lat' dir='ltr'><strong>pro.-</strong></span> 
     </span>
    </p>
   </div>
   <div class='ocr_carea' id='block_1_63' title="bbox 342 3279 1928 3362">
    <p class='ocr_par' dir='ltr' id='par_1_63' title="bbox 342 3279 1928 3362">
     <span class='ocr_line' id='line_1_63' title="bbox 342 3279 1928 3362; baseline 0.006 -27"><span class='ocrx_word' id='word_1_452' title='bbox 342 3279 514 3335; x_wconf 84' lang='grc' dir='ltr'>νεύων</span> <span class='ocrx_word' id='word_1_453' title='bbox 543 3279 643 3350; x_wconf 84' lang='grc' dir='ltr'>τῆς</span> <span class='ocrx_word' id='word_1_454' title='bbox 685 3281 966 3348; x_wconf 79' lang='grc' dir='ltr'>εὐσεϐείας</span> <span class='ocrx_word' id='word_1_455' title='bbox 990 3301 1003 3315; x_wconf 76' lang='grc'><strong><em>⁸</em></strong></span> <span class='ocrx_word' id='word_1_456' title='bbox 1043 3285 1226 3350; x_wconf 87' lang='grc' dir='ltr'>καθὼς</span> <span class='ocrx_word' id='word_1_457' title='bbox 1250 3287 1315 3341; x_wconf 74' lang='grc' dir='ltr'><strong>ἐκ</strong></span> <span class='ocrx_word' id='word_1_458' title='bbox 1361 3306 1419 3342; x_wconf 88' lang='grc' dir='ltr'><strong>τε</strong></span> <span class='ocrx_word' id='word_1_459' title='bbox 1445 3291 1553 3343; x_wconf 88' lang='grc' dir='ltr'><strong>τῶν</strong></span> <span class='ocrx_word' id='word_1_460' title='bbox 1591 3291 1756 3345; x_wconf 82' lang='grc' dir='ltr'>αὑτοῦ</span> <span class='ocrx_word' id='word_1_461' title='bbox 1799 3309 1928 3362; x_wconf 91' lang='grc' dir='ltr'>συγ-</span> 
     </span>
    </p>
   </div>
   <div class='ocr_carea' id='block_1_64' title="bbox 343 3373 1928 3457">
    <p class='ocr_par' dir='ltr' id='par_1_64' title="bbox 343 3373 1928 3457">
     <span class='ocr_line' id='line_1_64' title="bbox 343 3373 1928 3457; baseline 0.009 -32"><span class='ocrx_word' id='word_1_462' title='bbox 343 3373 708 3444; x_wconf 84' lang='grc' dir='ltr'>γραμμάτων,</span> <span class='ocrx_word' id='word_1_463' title='bbox 741 3374 804 3429; x_wconf 72' lang='lat' dir='ltr'><strong>Ex</strong></span> <span class='ocrx_word' id='word_1_464' title='bbox 832 3394 889 3430; x_wconf 86' lang='grc' dir='ltr'><strong>τε</strong></span> <span class='ocrx_word' id='word_1_465' title='bbox 918 3376 1021 3448; x_wconf 82' lang='grc' dir='ltr'>τῆς</span> <span class='ocrx_word' id='word_1_466' title='bbox 1046 3380 1173 3453; x_wconf 86' lang='grc' dir='ltr'>περὶ</span> <span class='ocrx_word' id='word_1_467' title='bbox 1204 3381 1368 3436; x_wconf 83' lang='grc' dir='ltr'>αὐτὸν</span> <span class='ocrx_word' id='word_1_468' title='bbox 1410 3383 1517 3438; x_wconf 84' lang='grc' dir='ltr'><strong>ὑπὸ</strong></span> <span class='ocrx_word' id='word_1_469' title='bbox 1546 3385 1645 3452; x_wconf 84' lang='grc' dir='ltr'>τῆς</span> <span class='ocrx_word' id='word_1_470' title='bbox 1694 3386 1928 3457; x_wconf 83' lang='grc' dir='ltr'>Ἐκκλη-</span> 
     </span>
    </p>
   </div>
   <div class='ocr_carea' id='block_1_65' title="bbox 345 3466 1927 3548">
    <p class='ocr_par' dir='ltr' id='par_1_65' title="bbox 345 3466 1927 3548">
     <span class='ocr_line' id='line_1_65' title="bbox 345 3466 1927 3548; baseline 0.009 -31"><span class='ocrx_word' id='word_1_471' title='bbox 345 3466 466 3529; x_wconf 81' lang='grc' dir='ltr'>σίας</span> <span class='ocrx_word' id='word_1_472' title='bbox 499 3467 917 3539; x_wconf 80' lang='grc' dir='ltr'>παρειλήφαμεν</span> <span class='ocrx_word' id='word_1_473' title='bbox 951 3469 1106 3543; x_wconf 83' lang='grc' dir='ltr'>δόξης</span> <span class='ocrx_word' id='word_1_474' title='bbox 1134 3489 1148 3502; x_wconf 86' lang='grc'><strong>·</strong></span> <span class='ocrx_word' id='word_1_475' title='bbox 1179 3472 1239 3538; x_wconf 83' lang='grc' dir='ltr'>ἐξ</span> <span class='ocrx_word' id='word_1_476' title='bbox 1282 3475 1398 3528; x_wconf 80' lang='grc' dir='ltr'>τσου</span> <span class='ocrx_word' id='word_1_477' title='bbox 1445 3476 1556 3548; x_wconf 87' lang='grc' dir='ltr'><strong>γὰρ</strong></span> <span class='ocrx_word' id='word_1_478' title='bbox 1590 3478 1927 3548; x_wconf 76' lang='grc' dir='ltr'>ἐμυσάττετο</span> 
     </span>
    </p>
   </div>
   <div class='ocr_carea' id='block_1_66' title="bbox 344 3558 1925 3640">
    <p class='ocr_par' dir='ltr' id='par_1_66' title="bbox 344 3558 1925 3640">
     <span class='ocr_line' id='line_1_66' title="bbox 344 3558 1925 3640; baseline 0.009 -29"><span class='ocrx_word' id='word_1_479' title='bbox 344 3558 443 3630; x_wconf 79' lang='grc' dir='ltr'><strong>τὴν</strong></span> <span class='ocrx_word' id='word_1_480' title='bbox 490 3559 584 3614; x_wconf 87' lang='grc' dir='ltr'><strong>τοῦ</strong></span> <span class='ocrx_word' id='word_1_481' title='bbox 637 3559 927 3615; x_wconf 79' lang='grc' dir='ltr'>Σαϐελλίου</span> <span class='ocrx_word' id='word_1_482' title='bbox 981 3563 1291 3634; x_wconf 81' lang='grc' dir='ltr'>παράλογον</span> <span class='ocrx_word' id='word_1_483' title='bbox 1343 3567 1623 3638; x_wconf 84' lang='grc' dir='ltr'>σύγχυσιν,</span> <span class='ocrx_word' id='word_1_484' title='bbox 1674 3569 1770 3622; x_wconf 74' lang='grc' dir='ltr'><strong>καὶ</strong></span> <span class='ocrx_word' id='word_1_485' title='bbox 1826 3569 1925 3640; x_wconf 82' lang='grc' dir='ltr'><strong>τὴν</strong></span> 
     </span>
    </p>
   </div>
   <div class='ocr_carea' id='block_1_67' title="bbox 357 3650 1926 3728">
    <p class='ocr_par' dir='ltr' id='par_1_67' title="bbox 357 3650 1926 3728">
     <span class='ocr_line' id='line_1_67' title="bbox 357 3650 1926 3728; baseline 0.004 -25"><span class='ocrx_word' id='word_1_486' title='bbox 357 3650 565 3723; x_wconf 82' lang='grc' dir='ltr'>’Δρείου</span> <span class='ocrx_word' id='word_1_487' title='bbox 608 3651 847 3723; x_wconf 87' lang='grc' dir='ltr'>μανιώδη</span> <span class='ocrx_word' id='word_1_488' title='bbox 876 3652 1159 3726; x_wconf 87' lang='grc' dir='ltr'>διαίρεσιν.</span> <span class='ocrx_word' id='word_1_489' title='bbox 1196 3656 1410 3710; x_wconf 87' lang='grc' dir='ltr'>Ἵστατο</span> <span class='ocrx_word' id='word_1_490' title='bbox 1435 3658 1493 3709; x_wconf 85' lang='grc' dir='ltr'><strong>δὲ</strong></span> <span class='ocrx_word' id='word_1_491' title='bbox 1514 3657 1621 3710; x_wconf 85' lang='grc' dir='ltr'><strong>τῶν</strong></span> <span class='ocrx_word' id='word_1_492' title='bbox 1640 3660 1742 3728; x_wconf 84' lang='grc' dir='ltr'>τῆς</span> <span class='ocrx_word' id='word_1_493' title='bbox 1770 3658 1926 3710; x_wconf 83' lang='grc' dir='ltr'>εὐσε-</span> 
     </span>
    </p>
   </div>
   <div class='ocr_carea' id='block_1_68' title="bbox 344 3742 1925 3819">
    <p class='ocr_par' dir='ltr' id='par_1_68' title="bbox 344 3742 1925 3819">
     <span class='ocr_line' id='line_1_68' title="bbox 344 3742 1925 3819; baseline 0.004 -24"><span class='ocrx_word' id='word_1_494' title='bbox 344 3742 497 3806; x_wconf 76' lang='grc' dir='ltr'>ϐείας</span> <span class='ocrx_word' id='word_1_495' title='bbox 523 3743 664 3815; x_wconf 83' lang='grc' dir='ltr'>ὅρων</span> <span class='ocrx_word' id='word_1_496' title='bbox 693 3744 843 3807; x_wconf 84' lang='grc' dir='ltr'>ἐντός</span> <span class='ocrx_word' id='word_1_497' title='bbox 861 3761 876 3776; x_wconf 80' lang='grc'><strong>’</strong></span> <span class='ocrx_word' id='word_1_498' title='bbox 906 3743 1129 3816; x_wconf 87' lang='grc' dir='ltr'>διαιρῶν</span> <span class='ocrx_word' id='word_1_499' title='bbox 1151 3747 1250 3816; x_wconf 83' lang='grc' dir='ltr'>μὲν</span> <span class='ocrx_word' id='word_1_500' title='bbox 1270 3747 1349 3819; x_wconf 79' lang='grc' dir='ltr'>τῷ</span> <span class='ocrx_word' id='word_1_501' title='bbox 1373 3747 1611 3819; x_wconf 83' lang='grc' dir='ltr'>ἀριθμῷ,</span> <span class='ocrx_word' id='word_1_502' title='bbox 1638 3749 1925 3801; x_wconf 78' lang='grc' dir='ltr'>συνάπτων</span> 
     </span>
    </p>
   </div>
   <div class='ocr_carea' id='block_1_69' title="bbox 339 3835 1926 3909">
    <p class='ocr_par' dir='ltr' id='par_1_69' title="bbox 339 3835 1926 3909">
     <span class='ocr_line' id='line_1_69' title="bbox 339 3835 1926 3909; baseline 0.004 -21"><span class='ocrx_word' id='word_1_503' title='bbox 339 3836 397 3888; x_wconf 82' lang='grc' dir='ltr'>δὲ</span> <span class='ocrx_word' id='word_1_504' title='bbox 428 3837 493 3907; x_wconf 80' lang='grc' dir='ltr'>τῇ</span> <span class='ocrx_word' id='word_1_505' title='bbox 535 3835 693 3907; x_wconf 81' lang='grc' dir='ltr'>οὐσίᾳ</span> <span class='ocrx_word' id='word_1_506' title='bbox 727 3835 828 3908; x_wconf 82' lang='grc' dir='ltr'><strong>τὴν</strong></span> <span class='ocrx_word' id='word_1_507' title='bbox 878 3837 1005 3907; x_wconf 92' lang='grc' dir='ltr'>μίαν</span> <span class='ocrx_word' id='word_1_508' title='bbox 1034 3838 1128 3891; x_wconf 74' lang='grc' dir='ltr'>καὶ</span> <span class='ocrx_word' id='word_1_509' title='bbox 1166 3838 1469 3909; x_wconf 87' lang='grc' dir='ltr'>ἁσύγχυτον</span> <span class='ocrx_word' id='word_1_510' title='bbox 1508 3841 1602 3894; x_wconf 82' lang='grc' dir='ltr'><strong>καὶ</strong></span> <span class='ocrx_word' id='word_1_511' title='bbox 1653 3844 1926 3909; x_wconf 77' lang='grc' dir='ltr'>παναγίαν</span> 
     </span>
    </p>
   </div>
   <div class='ocr_carea' id='block_1_70' title="bbox 341 3927 1925 4003">
    <p class='ocr_par' dir='ltr' id='par_1_70' title="bbox 341 3927 1925 4003">
     <span class='ocr_line' id='line_1_70' title="bbox 341 3927 1925 4003; baseline 0.004 -23"><span class='ocrx_word' id='word_1_512' title='bbox 341 3928 577 3999; x_wconf 83' lang='grc' dir='ltr'>Τριάδα’</span> <span class='ocrx_word' id='word_1_513' title='bbox 601 3927 676 3993; x_wconf 86' lang='grc' dir='ltr'><strong>ὡς</strong></span> <span class='ocrx_word' id='word_1_514' title='bbox 706 3927 772 3983; x_wconf 82' lang='grc' dir='ltr'>ἂν</span> <span class='ocrx_word' id='word_1_515' title='bbox 803 3929 941 4001; x_wconf 86' lang='grc' dir='ltr'>μήτε</span> <span class='ocrx_word' id='word_1_516' title='bbox 964 3930 1154 3984; x_wconf 89' lang='grc' dir='ltr'>πενίαν</span> <span class='ocrx_word' id='word_1_517' title='bbox 1180 3931 1431 4003; x_wconf 87' lang='grc' dir='ltr'>θεότητος</span> <span class='ocrx_word' id='word_1_518' title='bbox 1467 3932 1769 3997; x_wconf 82' lang='grc' dir='ltr'>Ἰουδαϊκῶς</span> <span class='ocrx_word' id='word_1_519' title='bbox 1786 3934 1925 3988; x_wconf 82' lang='grc' dir='ltr'><strong>όνει⁸</strong></span> 
     </span>
    </p>
   </div>
   <div class='ocr_carea' id='block_1_71' title="bbox 340 4020 1918 4094">
    <p class='ocr_par' dir='ltr' id='par_1_71' title="bbox 340 4020 1918 4094">
     <span class='ocr_line' id='line_1_71' title="bbox 340 4020 1918 4094; baseline 0.003 -20"><span class='ocrx_word' id='word_1_520' title='bbox 340 4020 561 4089; x_wconf 78' lang='grc' dir='ltr'>δίζοιτο,</span> <span class='ocrx_word' id='word_1_521' title='bbox 599 4023 740 4093; x_wconf 85' lang='grc' dir='ltr'>μήτε</span> <span class='ocrx_word' id='word_1_522' title='bbox 769 4022 926 4094; x_wconf 86' lang='grc' dir='ltr'>δήμῳ</span> <span class='ocrx_word' id='word_1_523' title='bbox 958 4021 1109 4076; x_wconf 87' lang='grc' dir='ltr'>Θεῶν</span> <span class='ocrx_word' id='word_1_524' title='bbox 1150 4022 1476 4094; x_wconf 84' lang='grc' dir='ltr'>Ἑλληνικῶς</span> <span class='ocrx_word' id='word_1_525' title='bbox 1509 4023 1918 4094; x_wconf 76' lang='grc' dir='ltr'>ἐκϐακχεύοιτο·</span> 
     </span>
    </p>
   </div>
   <div class='ocr_carea' id='block_1_72' title="bbox 342 4113 1919 4186">
    <p class='ocr_par' dir='ltr' id='par_1_72' title="bbox 342 4113 1919 4186">
     <span class='ocr_line' id='line_1_72' title="bbox 342 4113 1919 4186; baseline -0.001 -17"><span class='ocrx_word' id='word_1_526' title='bbox 342 4113 380 4169; x_wconf 73' lang='grc' dir='ltr'>ἃ</span> <span class='ocrx_word' id='word_1_527' title='bbox 412 4115 603 4169; x_wconf 85' lang='grc' dir='ltr'>παθεῖν</span> <span class='ocrx_word' id='word_1_528' title='bbox 639 4116 689 4168; x_wconf 86' lang='grc' dir='ltr'>οἱ</span> <span class='ocrx_word' id='word_1_529' title='bbox 718 4115 847 4186; x_wconf 74' lang='grc' dir='ltr'>περὶ</span> <span class='ocrx_word' id='word_1_530' title='bbox 884 4115 984 4185; x_wconf 85' lang='grc' dir='ltr'><strong>τὴν</strong></span> <span class='ocrx_word' id='word_1_531' title='bbox 1021 4114 1404 4185; x_wconf 86' lang='grc' dir='ltr'>ἀκατάληπτον</span> <span class='ocrx_word' id='word_1_532' title='bbox 1427 4115 1635 4185; x_wconf 83' lang='grc' dir='ltr'>Τριάδα</span> <span class='ocrx_word' id='word_1_533' title='bbox 1656 4116 1919 4186; x_wconf 85' lang='grc' dir='ltr'>παροινή-</span> 
     </span>
    </p>
   </div>
   <div class='ocr_carea' id='block_1_73' title="bbox 345 4204 1922 4277">
    <p class='ocr_par' dir='ltr' id='par_1_73' title="bbox 345 4204 1922 4277">
     <span class='ocr_line' id='line_1_73' title="bbox 345 4204 1922 4277; baseline -0.001 -17"><span class='ocrx_word' id='word_1_534' title='bbox 345 4222 538 4270; x_wconf 81' lang='grc' dir='ltr'>σαντες</span> <span class='ocrx_word' id='word_1_535' title='bbox 586 4206 978 4277; x_wconf 83' lang='grc' dir='ltr'>ἐξελέγχονται.</span> <span class='ocrx_word' id='word_1_536' title='bbox 1037 4205 1416 4276; x_wconf 80' lang='grc' dir='ltr'>Ἀπολιναρίου</span> <span class='ocrx_word' id='word_1_537' title='bbox 1463 4205 1520 4257; x_wconf 85' lang='grc' dir='ltr'>δὲ</span> <span class='ocrx_word' id='word_1_538' title='bbox 1569 4204 1821 4259; x_wconf 89' lang='grc' dir='ltr'>τοσοῦτον</span> <span class='ocrx_word' id='word_1_539' title='bbox 1859 4207 1922 4260; x_wconf 88' lang='grc' dir='ltr'><strong>τὸ</strong></span> 
     </span>
    </p>
   </div>
   <div class='ocr_carea' id='block_1_74' title="bbox 342 4297 1922 4370">
    <p class='ocr_par' dir='ltr' id='par_1_74' title="bbox 342 4297 1922 4370">
     <span class='ocr_line' id='line_1_74' title="bbox 342 4297 1922 4370; baseline -0.002 -16"><span class='ocrx_word' id='word_1_540' title='bbox 342 4299 536 4368; x_wconf 79' lang='grc' dir='ltr'>ἄλογον</span> <span class='ocrx_word' id='word_1_541' title='bbox 565 4299 926 4369; x_wconf 85' lang='grc' dir='ltr'>ἀπεπέμπετο</span> <span class='ocrx_word' id='word_1_542' title='bbox 960 4298 1158 4370; x_wconf 88' lang='grc' dir='ltr'>δόγμα,</span> <span class='ocrx_word' id='word_1_543' title='bbox 1208 4298 1281 4361; x_wconf 85' lang='grc' dir='ltr'><strong>ὡς</strong></span> <span class='ocrx_word' id='word_1_544' title='bbox 1321 4299 1501 4351; x_wconf 80' lang='grc' dir='ltr'>πᾶσαν</span> <span class='ocrx_word' id='word_1_545' title='bbox 1535 4297 1722 4352; x_wconf 86' lang='grc' dir='ltr'>θέσθαι</span> <span class='ocrx_word' id='word_1_546' title='bbox 1757 4315 1922 4353; x_wconf 89' lang='grc' dir='ltr'>σπου-</span> 
     </span>
    </p>
   </div>
   <div class='ocr_carea' id='block_1_75' title="bbox 339 4388 1792 4464">
    <p class='ocr_par' dir='ltr' id='par_1_75' title="bbox 339 4388 1792 4464">
     <span class='ocr_line' id='line_1_75' title="bbox 339 4388 1792 4464; baseline 0 -19"><span class='ocrx_word' id='word_1_547' title='bbox 339 4392 439 4464; x_wconf 80' lang='grc' dir='ltr'><strong>δὴν</strong></span> <span class='ocrx_word' id='word_1_548' title='bbox 467 4394 532 4446; x_wconf 89' lang='grc' dir='ltr'><strong>ἐκ</strong></span> <span class='ocrx_word' id='word_1_549' title='bbox 561 4391 742 4462; x_wconf 84' lang='grc' dir='ltr'>πάσης</span> <span class='ocrx_word' id='word_1_550' title='bbox 770 4392 901 4445; x_wconf 81' lang='grc' dir='ltr'>αὐτὸ</span> <span class='ocrx_word' id='word_1_551' title='bbox 928 4390 1316 4462; x_wconf 83' lang='grc' dir='ltr'>Χριστιανικῆς</span> <span class='ocrx_word' id='word_1_552' title='bbox 1345 4388 1573 4455; x_wconf 79' lang='grc' dir='ltr'>ἐξεῶσαι</span> <span class='ocrx_word' id='word_1_553' title='bbox 1597 4390 1792 4460; x_wconf 72' lang='grc' dir='ltr'>ψυχῆς.</span> 
     </span>
    </p>
   </div>
   <div class='ocr_carea' id='block_1_76' title="bbox 2028 3284 3612 3365">
    <p class='ocr_par' dir='ltr' id='par_1_76' title="bbox 2028 3284 3612 3365">
     <span class='ocr_line' id='line_1_76' title="bbox 2028 3284 3612 3365; baseline -0.009 -15"><span class='ocrx_word' id='word_1_554' title='bbox 2028 3295 2118 3350; x_wconf 92' lang='lat' dir='ltr'><strong>cul</strong></span> <span class='ocrx_word' id='word_1_555' title='bbox 2149 3309 2179 3348; x_wconf 91' lang='lat' dir='ltr'><strong>a</strong></span> <span class='ocrx_word' id='word_1_556' title='bbox 2214 3295 2418 3365; x_wconf 89' lang='lat' dir='ltr'><strong>pietate</strong></span> <span class='ocrx_word' id='word_1_557' title='bbox 2446 3292 2765 3356; x_wconf 82' lang='lat' dir='ltr'><strong>deﬂectens,</strong></span> <span class='ocrx_word' id='word_1_558' title='bbox 2801 3289 3094 3345; x_wconf 88' lang='lat' dir='ltr'><strong>admodum</strong></span> <span class='ocrx_word' id='word_1_559' title='bbox 3128 3293 3278 3343; x_wconf 84' lang='lat' dir='ltr'><strong>recte</strong></span> <span class='ocrx_word' id='word_1_560' title='bbox 3308 3284 3612 3341; x_wconf 88' lang='lat' dir='ltr'><strong>sentiebat:</strong></span> 
     </span>
    </p>
   </div>
   <div class='ocr_carea' id='block_1_77' title="bbox 2025 3376 3617 3459">
    <p class='ocr_par' dir='ltr' id='par_1_77' title="bbox 2025 3376 3617 3459">
     <span class='ocr_line' id='line_1_77' title="bbox 2025 3376 3617 3459; baseline -0.009 -17"><span class='ocrx_word' id='word_1_561' title='bbox 2025 3387 2174 3459; x_wconf 90' lang='lat' dir='ltr'><strong>quod</strong></span> <span class='ocrx_word' id='word_1_562' title='bbox 2202 3402 2327 3442; x_wconf 87' lang='lat' dir='ltr'><strong>eum</strong></span> <span class='ocrx_word' id='word_1_563' title='bbox 2352 3385 2474 3457; x_wconf 90' lang='lat' dir='ltr'><strong>ejus</strong></span> <span class='ocrx_word' id='word_1_564' title='bbox 2504 3400 2570 3440; x_wconf 80' lang='lat' dir='ltr'><strong>ex</strong></span> <span class='ocrx_word' id='word_1_565' title='bbox 2601 3384 2846 3454; x_wconf 88' lang='lat' dir='ltr'><strong>scriptis,</strong></span> <span class='ocrx_word' id='word_1_566' title='bbox 2880 3390 2996 3437; x_wconf 90' lang='lat' dir='ltr'><strong>tum</strong></span> <span class='ocrx_word' id='word_1_567' title='bbox 3029 3396 3095 3436; x_wconf 80' lang='lat' dir='ltr'><strong>ex</strong></span> <span class='ocrx_word' id='word_1_568' title='bbox 3116 3379 3378 3435; x_wconf 73' lang='lat' dir='ltr'><strong>Ecclesiae</strong></span> <span class='ocrx_word' id='word_1_569' title='bbox 3407 3376 3475 3432; x_wconf 89' lang='lat' dir='ltr'><strong>de</strong></span> <span class='ocrx_word' id='word_1_570' title='bbox 3496 3376 3617 3446; x_wconf 88' lang='lat' dir='ltr'><strong>ipso</strong></span> 
     </span>
    </p>
   </div>
   <div class='ocr_carea' id='block_1_78' title="bbox 2023 3467 3618 3546">
    <p class='ocr_par' dir='ltr' id='par_1_78' title="bbox 2023 3467 3618 3546">
     <span class='ocr_line' id='line_1_78' title="bbox 2023 3467 3618 3546; baseline -0.009 -12"><span class='ocrx_word' id='word_1_571' title='bbox 2023 3478 2430 3535; x_wconf 81' lang='lat' dir='ltr'><strong>existimatione</strong></span> <span class='ocrx_word' id='word_1_572' title='bbox 2454 3475 2624 3546; x_wconf 89' lang='lat' dir='ltr'><strong>probe</strong></span> <span class='ocrx_word' id='word_1_573' title='bbox 2656 3473 3052 3545; x_wconf 87' lang='lat' dir='ltr'><strong>cognovimus;</strong></span> <span class='ocrx_word' id='word_1_574' title='bbox 3086 3485 3211 3525; x_wconf 88' lang='lat' dir='ltr'><strong>nam</strong></span> <span class='ocrx_word' id='word_1_575' title='bbox 3246 3484 3404 3540; x_wconf 69' lang='lat' dir='ltr'><strong>atque</strong></span> <span class='ocrx_word' id='word_1_576' title='bbox 3430 3475 3487 3523; x_wconf 89' lang='lat' dir='ltr'><strong>et</strong></span> <span class='ocrx_word' id='word_1_577' title='bbox 3515 3467 3618 3520; x_wconf 82' lang='lat' dir='ltr'><strong>fal-</strong></span> 
     </span>
    </p>
   </div>
   <div class='ocr_carea' id='block_1_79' title="bbox 2023 3558 3617 3631">
    <p class='ocr_par' dir='ltr' id='par_1_79' title="bbox 2023 3558 3617 3631">
     <span class='ocr_line' id='line_1_79' title="bbox 2023 3558 3617 3631; baseline -0.009 -7"><span class='ocrx_word' id='word_1_578' title='bbox 2023 3584 2140 3624; x_wconf 86' lang='lat' dir='ltr'><strong>sam</strong></span> <span class='ocrx_word' id='word_1_579' title='bbox 2176 3568 2401 3624; x_wconf 90' lang='lat' dir='ltr'><strong>Sabellii</strong></span> <span class='ocrx_word' id='word_1_580' title='bbox 2433 3565 2840 3631; x_wconf 80' lang='lat' dir='ltr'><strong>confusionem,</strong></span> <span class='ocrx_word' id='word_1_581' title='bbox 2867 3571 2922 3619; x_wconf 91' lang='lat' dir='ltr'><strong>et</strong></span> <span class='ocrx_word' id='word_1_582' title='bbox 2955 3562 3203 3617; x_wconf 90' lang='lat' dir='ltr'><strong>insanam</strong></span> <span class='ocrx_word' id='word_1_583' title='bbox 3231 3560 3344 3614; x_wconf 89' lang='lat' dir='ltr'><strong>Arii</strong></span> <span class='ocrx_word' id='word_1_584' title='bbox 3389 3558 3617 3613; x_wconf 87' lang='lat' dir='ltr'><strong>divisio-</strong></span> 
     </span>
    </p>
   </div>
   <div class='ocr_carea' id='block_1_80' title="bbox 2028 3644 3612 3717">
    <p class='ocr_par' dir='ltr' id='par_1_80' title="bbox 2028 3644 3612 3717">
     <span class='ocr_line' id='line_1_80' title="bbox 2028 3644 3612 3717; baseline -0.01 0"><span class='ocrx_word' id='word_1_585' title='bbox 2028 3677 2155 3717; x_wconf 89' lang='lat' dir='ltr'><strong>nem</strong></span> <span class='ocrx_word' id='word_1_586' title='bbox 2188 3644 2635 3715; x_wconf 81' lang='lat' dir='ltr'><strong>abominabatur.</strong></span> <span class='ocrx_word' id='word_1_587' title='bbox 2669 3653 2938 3711; x_wconf 87' lang='lat' dir='ltr'><strong>Constitit</strong></span> <span class='ocrx_word' id='word_1_588' title='bbox 2968 3659 3148 3707; x_wconf 91' lang='lat' dir='ltr'><strong>autem</strong></span> <span class='ocrx_word' id='word_1_589' title='bbox 3179 3650 3236 3704; x_wconf 92' lang='lat' dir='ltr'><strong>in</strong></span> <span class='ocrx_word' id='word_1_590' title='bbox 3268 3648 3469 3703; x_wconf 82' lang='lat' dir='ltr'><strong>ﬁnibus</strong></span> <span class='ocrx_word' id='word_1_591' title='bbox 3496 3646 3612 3715; x_wconf 88' lang='lat' dir='ltr'><strong>pie-</strong></span> 
     </span>
    </p>
   </div>
   <div class='ocr_carea' id='block_1_81' title="bbox 2025 3744 3611 3819">
    <p class='ocr_par' dir='ltr' id='par_1_81' title="bbox 2025 3744 3611 3819">
     <span class='ocr_line' id='line_1_81' title="bbox 2025 3744 3611 3819; baseline -0.01 -13"><span class='ocrx_word' id='word_1_592' title='bbox 2025 3753 2158 3806; x_wconf 87' lang='lat' dir='ltr'><strong>tatis</strong></span> <span class='ocrx_word' id='word_1_593' title='bbox 2188 3759 2351 3819; x_wconf 85' lang='lat' dir='ltr'><strong>atque</strong></span> <span class='ocrx_word' id='word_1_594' title='bbox 2383 3748 2664 3819; x_wconf 84' lang='lat' dir='ltr'><strong>religionis</strong></span> <span class='ocrx_word' id='word_1_595' title='bbox 2696 3766 2709 3802; x_wconf 91' lang='lat'><strong>:</strong></span> <span class='ocrx_word' id='word_1_596' title='bbox 2754 3745 2835 3801; x_wconf 91' lang='lat' dir='ltr'><strong>sic</strong></span> <span class='ocrx_word' id='word_1_597' title='bbox 2869 3744 3074 3814; x_wconf 85' lang='lat' dir='ltr'><strong>quippe</strong></span> <span class='ocrx_word' id='word_1_598' title='bbox 3103 3755 3291 3803; x_wconf 87' lang='lat' dir='ltr'><strong>unam,</strong></span> <span class='ocrx_word' id='word_1_599' title='bbox 3338 3752 3446 3793; x_wconf 92' lang='lat' dir='ltr'><strong>non</strong></span> <span class='ocrx_word' id='word_1_600' title='bbox 3474 3751 3611 3791; x_wconf 86' lang='lat' dir='ltr'><strong>con-</strong></span> 
     </span>
    </p>
   </div>
   <div class='ocr_carea' id='block_1_82' title="bbox 2025 3833 3614 3908">
    <p class='ocr_par' dir='ltr' id='par_1_82' title="bbox 2025 3833 3614 3908">
     <span class='ocr_line' id='line_1_82' title="bbox 2025 3833 3614 3908; baseline -0.012 -8"><span class='ocrx_word' id='word_1_601' title='bbox 2025 3844 2244 3908; x_wconf 79' lang='lat' dir='ltr'><strong>fusam,</strong></span> <span class='ocrx_word' id='word_1_602' title='bbox 2295 3846 2817 3908; x_wconf 88' lang='lat' dir='ltr'><strong>sacrosanctamque</strong></span> <span class='ocrx_word' id='word_1_603' title='bbox 2861 3833 3225 3894; x_wconf 75' lang='lat' dir='ltr'><strong>Trinitatem,</strong></span> <span class='ocrx_word' id='word_1_604' title='bbox 3280 3837 3334 3887; x_wconf 91' lang='lat' dir='ltr'><strong>et</strong></span> <span class='ocrx_word' id='word_1_605' title='bbox 3383 3841 3614 3884; x_wconf 84' lang='lat' dir='ltr'><strong>numero</strong></span> 
     </span>
    </p>
   </div>
   <div class='ocr_carea' id='block_1_83' title="bbox 2029 3921 3615 4005">
    <p class='ocr_par' dir='ltr' id='par_1_83' title="bbox 2029 3921 3615 4005">
     <span class='ocr_line' id='line_1_83' title="bbox 2029 3921 3615 4005; baseline -0.01 -17"><span class='ocrx_word' id='word_1_606' title='bbox 2029 3946 2393 4005; x_wconf 90' lang='lat' dir='ltr'><strong>personarum</strong></span> <span class='ocrx_word' id='word_1_607' title='bbox 2442 3927 2746 3993; x_wconf 88' lang='lat' dir='ltr'><strong>dividebat,</strong></span> <span class='ocrx_word' id='word_1_608' title='bbox 2791 3933 2848 3982; x_wconf 91' lang='lat' dir='ltr'><strong>et</strong></span> <span class='ocrx_word' id='word_1_609' title='bbox 2879 3926 3091 3980; x_wconf 89' lang='lat' dir='ltr'><strong>unitate</strong></span> <span class='ocrx_word' id='word_1_610' title='bbox 3123 3921 3451 3980; x_wconf 67' lang='lat' dir='ltr'><strong>substantia:</strong></span> <span class='ocrx_word' id='word_1_611' title='bbox 3479 3933 3615 3974; x_wconf 87' lang='lat' dir='ltr'><strong>eon-</strong></span> 
     </span>
    </p>
   </div>
   <div class='ocr_carea' id='block_1_84' title="bbox 2025 4011 3615 4098">
    <p class='ocr_par' dir='ltr' id='par_1_84' title="bbox 2025 4011 3615 4098">
     <span class='ocr_line' id='line_1_84' title="bbox 2025 4011 3615 4098; baseline -0.01 -17"><span class='ocrx_word' id='word_1_612' title='bbox 2025 4026 2291 4098; x_wconf 87' lang='lat' dir='ltr'><strong>jungebat</strong></span> <span class='ocrx_word' id='word_1_613' title='bbox 2332 4041 2345 4077; x_wconf 87' lang='lat'><strong>:</strong></span> <span class='ocrx_word' id='word_1_614' title='bbox 2400 4029 2462 4077; x_wconf 91' lang='lat' dir='ltr'><strong>ut</strong></span> <span class='ocrx_word' id='word_1_615' title='bbox 2510 4037 2692 4091; x_wconf 88' lang='lat' dir='ltr'><strong>neque</strong></span> <span class='ocrx_word' id='word_1_616' title='bbox 2737 4019 3045 4076; x_wconf 90' lang='lat' dir='ltr'><strong>divinitatis</strong></span> <span class='ocrx_word' id='word_1_617' title='bbox 3094 4016 3335 4087; x_wconf 89' lang='lat' dir='ltr'><strong>inopiam</strong></span> <span class='ocrx_word' id='word_1_618' title='bbox 3387 4011 3615 4068; x_wconf 83' lang='lat' dir='ltr'><strong>Judaice</strong></span> 
     </span>
    </p>
   </div>
   <div class='ocr_carea' id='block_1_85' title="bbox 2028 4102 3612 4181">
    <p class='ocr_par' dir='ltr' id='par_1_85' title="bbox 2028 4102 3612 4181">
     <span class='ocr_line' id='line_1_85' title="bbox 2028 4102 3612 4181; baseline -0.011 -9"><span class='ocrx_word' id='word_1_619' title='bbox 2028 4114 2362 4173; x_wconf 89' lang='lat' dir='ltr'><strong>contumelia</strong></span> <span class='ocrx_word' id='word_1_620' title='bbox 2412 4111 2672 4176; x_wconf 72' lang='lat' dir='ltr'><strong>alliceret,</strong></span> <span class='ocrx_word' id='word_1_621' title='bbox 2714 4125 2900 4181; x_wconf 81' lang='lat' dir='ltr'><strong>neque</strong></span> <span class='ocrx_word' id='word_1_622' title='bbox 2950 4108 3182 4163; x_wconf 91' lang='lat' dir='ltr'><strong>deorum</strong></span> <span class='ocrx_word' id='word_1_623' title='bbox 3233 4102 3612 4168; x_wconf 88' lang='lat' dir='ltr'><strong>multitudine,</strong></span> 
     </span>
    </p>
   </div>
   <div class='ocr_carea' id='block_1_86' title="bbox 2029 4189 3616 4274">
    <p class='ocr_par' dir='ltr' id='par_1_86' title="bbox 2029 4189 3616 4274">
     <span class='ocr_line' id='line_1_86' title="bbox 2029 4189 3616 4274; baseline -0.011 -14"><span class='ocrx_word' id='word_1_624' title='bbox 2029 4220 2184 4260; x_wconf 89' lang='lat' dir='ltr'><strong>more</strong></span> <span class='ocrx_word' id='word_1_625' title='bbox 2219 4202 2505 4274; x_wconf 84' lang='lat' dir='ltr'><strong>gentilium</strong></span> <span class='ocrx_word' id='word_1_626' title='bbox 2532 4216 2596 4255; x_wconf 89' lang='lat' dir='ltr'><strong>ac</strong></span> <span class='ocrx_word' id='word_1_627' title='bbox 2620 4213 2959 4270; x_wconf 86' lang='lat' dir='ltr'><strong>paganorum</strong></span> <span class='ocrx_word' id='word_1_628' title='bbox 2980 4196 3432 4253; x_wconf 86' lang='lat' dir='ltr'><strong>debaccharetur.</strong></span> <span class='ocrx_word' id='word_1_629' title='bbox 3457 4189 3616 4259; x_wconf 81' lang='lat' dir='ltr'><strong>Quod</strong></span> 
     </span>
    </p>
   </div>
   <div class='ocr_carea' id='block_1_87' title="bbox 2028 4280 3615 4364">
    <p class='ocr_par' dir='ltr' id='par_1_87' title="bbox 2028 4280 3615 4364">
     <span class='ocr_line' id='line_1_87' title="bbox 2028 4280 3615 4364; baseline -0.009 -13"><span class='ocrx_word' id='word_1_630' title='bbox 2028 4297 2140 4351; x_wconf 90' lang='lat' dir='ltr'><strong>illis</strong></span> <span class='ocrx_word' id='word_1_631' title='bbox 2169 4294 2496 4364; x_wconf 86' lang='lat' dir='ltr'><strong>contingere</strong></span> <span class='ocrx_word' id='word_1_632' title='bbox 2539 4290 3041 4362; x_wconf 82' lang='lat' dir='ltr'><strong>deprehendimus,</strong></span> <span class='ocrx_word' id='word_1_633' title='bbox 3085 4288 3180 4360; x_wconf 85' lang='lat' dir='ltr'><strong>qui</strong></span> <span class='ocrx_word' id='word_1_634' title='bbox 3212 4288 3269 4342; x_wconf 91' lang='lat' dir='ltr'><strong>in</strong></span> <span class='ocrx_word' id='word_1_635' title='bbox 3300 4280 3615 4353; x_wconf 85' lang='lat' dir='ltr'><strong>incompre-</strong></span> 
     </span>
    </p>
   </div>
   <div class='ocr_carea' id='block_1_88' title="bbox 2027 4377 3608 4455">
    <p class='ocr_par' dir='ltr' id='par_1_88' title="bbox 2027 4377 3608 4455">
     <span class='ocr_line' id='line_1_88' title="bbox 2027 4377 3608 4455; baseline -0.01 -12"><span class='ocrx_word' id='word_1_636' title='bbox 2027 4387 2355 4445; x_wconf 89' lang='lat' dir='ltr'><strong>hensibilem</strong></span> <span class='ocrx_word' id='word_1_637' title='bbox 2373 4380 2697 4441; x_wconf 85' lang='lat' dir='ltr'><strong>Trinitatem</strong></span> <span class='ocrx_word' id='word_1_638' title='bbox 2728 4378 3038 4455; x_wconf 83' lang='lat' dir='ltr'><strong>petulanter</strong></span> <span class='ocrx_word' id='word_1_639' title='bbox 3058 4377 3439 4437; x_wconf 90' lang='lat' dir='ltr'><strong>contumeliosi</strong></span> <span class='ocrx_word' id='word_1_640' title='bbox 3459 4382 3608 4430; x_wconf 88' lang='lat' dir='ltr'><strong>sunt.</strong></span> 
     </span>
    </p>
   </div>
   <div class='ocr_carea' id='block_1_89' title="bbox 342 4469 3608 4558">
    <p class='ocr_par' dir='ltr' id='par_1_89' title="bbox 342 4469 3608 4558">
     <span class='ocr_line' id='line_1_89' title="bbox 342 4469 3608 4558; baseline -0.006 -17"><span class='ocrx_word' id='word_1_641' title='bbox 342 4487 811 4543; x_wconf 84' lang='lat' dir='ltr'><strong>Absurdissimam</strong></span> <span class='ocrx_word' id='word_1_642' title='bbox 836 4502 999 4558; x_wconf 89' lang='lat' dir='ltr'><strong>porro</strong></span> <span class='ocrx_word' id='word_1_643' title='bbox 1024 4486 1343 4556; x_wconf 82' lang='lat' dir='ltr'><strong>Apollinarii</strong></span> <span class='ocrx_word' id='word_1_644' title='bbox 1366 4485 1681 4555; x_wconf 84' lang='lat' dir='ltr'><strong>opinionem</strong></span> <span class='ocrx_word' id='word_1_645' title='bbox 1712 4485 1793 4540; x_wconf 90' lang='lat' dir='ltr'><strong>sic</strong></span> <span class='ocrx_word' id='word_1_646' title='bbox 1825 4485 2222 4550; x_wconf 81' lang='lat' dir='ltr'><strong>detestabatur,</strong></span> <span class='ocrx_word' id='word_1_647' title='bbox 2241 4491 2301 4537; x_wconf 83' lang='lat' dir='ltr'><strong>ut</strong></span> <span class='ocrx_word' id='word_1_648' title='bbox 2329 4481 2480 4536; x_wconf 89' lang='lat' dir='ltr'><strong>omni</strong></span> <span class='ocrx_word' id='word_1_649' title='bbox 2521 4486 2723 4536; x_wconf 87' lang='lat' dir='ltr'><strong>conatu</strong></span> <span class='ocrx_word' id='word_1_650' title='bbox 2760 4486 2926 4550; x_wconf 90' lang='lat' dir='ltr'><strong>atque</strong></span> <span class='ocrx_word' id='word_1_651' title='bbox 2961 4474 3334 4533; x_wconf 87' lang='lat' dir='ltr'><strong>sollicitudine</strong></span> <span class='ocrx_word' id='word_1_652' title='bbox 3358 4469 3608 4527; x_wconf 89' lang='lat' dir='ltr'><strong>eamdem</strong></span> 
     </span>
    </p>
   </div>
   <div class='ocr_carea' id='block_1_90' title="bbox 343 4575 3043 4648">
    <p class='ocr_par' dir='ltr' id='par_1_90' title="bbox 343 4575 3043 4648">
     <span class='ocr_line' id='line_1_90' title="bbox 343 4575 3043 4648; baseline -0.006 -13"><span class='ocrx_word' id='word_1_653' title='bbox 343 4596 408 4635; x_wconf 76' lang='lat' dir='ltr'><strong>ex</strong></span> <span class='ocrx_word' id='word_1_654' title='bbox 446 4577 767 4648; x_wconf 75' lang='lat' dir='ltr'><strong>quarumvis</strong></span> <span class='ocrx_word' id='word_1_655' title='bbox 794 4575 1235 4631; x_wconf 83' lang='lat' dir='ltr'><strong>Christianorum</strong></span> <span class='ocrx_word' id='word_1_656' title='bbox 1267 4575 1468 4631; x_wconf 89' lang='lat' dir='ltr'><strong>animis</strong></span> <span class='ocrx_word' id='word_1_657' title='bbox 1496 4576 1728 4630; x_wconf 83' lang='lat' dir='ltr'><strong>evellere</strong></span> <span class='ocrx_word' id='word_1_658' title='bbox 1758 4576 2021 4631; x_wconf 80' lang='lat' dir='ltr'><strong>studeret.</strong></span> <span class='ocrx_word' id='word_1_659' title='bbox 3042 4616 3043 4619; x_wconf 44' lang='grc' dir='ltr'><strong>η</strong></span> 
     </span>
    </p>
   </div>
   <div class='ocr_carea' id='block_1_91' title="bbox 353 4646 1927 4739">
    <p class='ocr_par' dir='ltr' id='par_1_91' title="bbox 353 4646 1916 4739">
     <span class='ocr_line' id='line_1_91' title="bbox 353 4646 1916 4739; baseline -0.004 -16"><span class='ocrx_word' id='word_1_660' title='bbox 353 4659 356 4663; x_wconf 47' lang='grc'>’</span> <span class='ocrx_word' id='word_1_661' title='bbox 424 4646 584 4723; x_wconf 70' lang='grc' dir='ltr'><strong>⁹Αλλά</strong></span> <span class='ocrx_word' id='word_1_662' title='bbox 621 4667 727 4739; x_wconf 82' lang='grc' dir='ltr'>μὴν</span> <span class='ocrx_word' id='word_1_663' title='bbox 774 4668 869 4721; x_wconf 73' lang='grc' dir='ltr'>καὶ</span> <span class='ocrx_word' id='word_1_664' title='bbox 919 4666 1029 4720; x_wconf 87' lang='grc' dir='ltr'><strong>τῶν</strong></span> <span class='ocrx_word' id='word_1_665' title='bbox 1079 4667 1372 4737; x_wconf 87' lang='grc' dir='ltr'>Ἀνομοίων</span> <span class='ocrx_word' id='word_1_666' title='bbox 1420 4665 1507 4720; x_wconf 82' lang='grc' dir='ltr'>διὰ</span> <span class='ocrx_word' id='word_1_667' title='bbox 1541 4666 1749 4719; x_wconf 88' lang='grc' dir='ltr'>πολλῶν</span> <span class='ocrx_word' id='word_1_668' title='bbox 1780 4667 1916 4719; x_wconf 87' lang='grc' dir='ltr'>ἀπο-</span> 
     </span>
    </p>
   </div>
   <div class='ocr_carea' id='block_1_92' title="bbox 2029 4646 3609 4739">
    <p class='ocr_par' dir='ltr' id='par_1_92' title="bbox 2095 4646 3609 4732">
     <span class='ocr_line' id='line_1_92' title="bbox 2095 4646 3609 4732; baseline -0.007 -13"><span class='ocrx_word' id='word_1_669' title='bbox 2095 4663 2241 4732; x_wconf 86' lang='lat' dir='ltr'><strong>Quin</strong></span> <span class='ocrx_word' id='word_1_670' title='bbox 2274 4669 2331 4719; x_wconf 89' lang='lat' dir='ltr'><strong>et</strong></span> <span class='ocrx_word' id='word_1_671' title='bbox 2367 4646 3024 4729; x_wconf 65' lang='lat' dir='ltr'><strong>futiles,&#39;ell‘renatasque</strong></span> <span class='ocrx_word' id='word_1_672' title='bbox 3056 4650 3453 4711; x_wconf 72' lang='lat' dir='ltr'><strong>Anommorum</strong></span> <span class='ocrx_word' id='word_1_673' title='bbox 3501 4650 3609 4709; x_wconf 84' lang='lat' dir='ltr'><strong>lin-</strong></span> 
     </span>
    </p>
   </div>
   <div class='ocr_carea' id='block_1_93' title="bbox 339 4756 1924 4827">
    <p class='ocr_par' dir='ltr' id='par_1_93' title="bbox 339 4756 1924 4827">
     <span class='ocr_line' id='line_1_93' title="bbox 339 4756 1924 4827; baseline -0.003 -14"><span class='ocrx_word' id='word_1_674' title='bbox 339 4758 624 4814; x_wconf 84' lang='grc' dir='ltr'>δεικτικῶν</span> <span class='ocrx_word' id='word_1_675' title='bbox 650 4775 711 4811; x_wconf 92' lang='grc' dir='ltr'><strong>τε</strong></span> <span class='ocrx_word' id='word_1_676' title='bbox 740 4756 833 4812; x_wconf 76' lang='grc' dir='ltr'><strong>καὶ</strong></span> <span class='ocrx_word' id='word_1_677' title='bbox 861 4758 1154 4827; x_wconf 84' lang='grc' dir='ltr'>Γραφικῶν</span> <span class='ocrx_word' id='word_1_678' title='bbox 1193 4757 1386 4825; x_wconf 89' lang='grc' dir='ltr'>λόγων,</span> <span class='ocrx_word' id='word_1_679' title='bbox 1425 4757 1494 4811; x_wconf 81' lang='grc' dir='ltr'>τὰ</span> <span class='ocrx_word' id='word_1_680' title='bbox 1534 4756 1795 4811; x_wconf 90' lang='grc' dir='ltr'>ἀπύλωτα</span> <span class='ocrx_word' id='word_1_681' title='bbox 1836 4758 1924 4810; x_wconf 76' lang='grc' dir='ltr'><strong>ἐν·</strong></span> 
     </span>
    </p>
   </div>
   <div class='ocr_carea' id='block_1_94' title="bbox 342 4848 1923 4924">
    <p class='ocr_par' dir='ltr' id='par_1_94' title="bbox 342 4848 1923 4924">
     <span class='ocr_line' id='line_1_94' title="bbox 342 4848 1923 4924; baseline -0.003 -18"><span class='ocrx_word' id='word_1_682' title='bbox 342 4852 548 4924; x_wconf 85' lang='grc' dir='ltr'>έφραξε</span> <span class='ocrx_word' id='word_1_683' title='bbox 584 4851 850 4920; x_wconf 89' lang='grc' dir='ltr'>στόματα,</span> <span class='ocrx_word' id='word_1_684' title='bbox 877 4848 1141 4920; x_wconf 84' lang='grc' dir='ltr'>μεγίστην</span> <span class='ocrx_word' id='word_1_685' title='bbox 1173 4848 1470 4917; x_wconf 88' lang='grc' dir='ltr'>ἀσφάλειαν</span> <span class='ocrx_word' id='word_1_686' title='bbox 1500 4850 1630 4920; x_wconf 78' lang='grc' dir='ltr'>ἡμῖν</span> <span class='ocrx_word' id='word_1_687' title='bbox 1660 4848 1728 4902; x_wconf 78' lang='grc' dir='ltr'><strong>τὰ</strong></span> <span class='ocrx_word' id='word_1_688' title='bbox 1756 4848 1923 4902; x_wconf 78' lang='grc' dir='ltr'>αὐτοῦ</span> 
     </span>
    </p>
   </div>
   <div class='ocr_carea' id='block_1_95' title="bbox 340 4940 1923 5012">
    <p class='ocr_par' dir='ltr' id='par_1_95' title="bbox 340 4940 1923 5012">
     <span class='ocr_line' id='line_1_95' title="bbox 340 4940 1923 5012; baseline -0.004 -12"><span class='ocrx_word' id='word_1_689' title='bbox 340 4946 656 5001; x_wconf 86' lang='grc' dir='ltr'>θεοδίδακτα</span> <span class='ocrx_word' id='word_1_690' title='bbox 690 4941 863 4996; x_wconf 86' lang='grc' dir='ltr'>λιπὼν</span> <span class='ocrx_word' id='word_1_691' title='bbox 892 4942 1068 5011; x_wconf 89' lang='grc' dir='ltr'>λόγια.</span> <span class='ocrx_word' id='word_1_692' title='bbox 1102 4941 1346 4995; x_wconf 89' lang='grc' dir='ltr'>Νουάτου</span> <span class='ocrx_word' id='word_1_693' title='bbox 1385 4942 1443 4997; x_wconf 82' lang='grc' dir='ltr'><strong>δὲ</strong></span> <span class='ocrx_word' id='word_1_694' title='bbox 1487 4944 1535 4995; x_wconf 77' lang='grc' dir='ltr'>εἰ</span> <span class='ocrx_word' id='word_1_695' title='bbox 1570 4940 1811 5012; x_wconf 87' lang='grc' dir='ltr'>βούλοιτό</span> <span class='ocrx_word' id='word_1_696' title='bbox 1839 4959 1923 5005; x_wconf 91' lang='grc' dir='ltr'><strong>τις</strong></span> 
     </span>
    </p>
   </div>
   <div class='ocr_carea' id='block_1_96' title="bbox 337 5033 1926 5108">
    <p class='ocr_par' dir='ltr' id='par_1_96' title="bbox 337 5033 1926 5108">
     <span class='ocr_line' id='line_1_96' title="bbox 337 5033 1926 5108; baseline -0.005 -15"><span class='ocrx_word' id='word_1_697' title='bbox 337 5037 435 5093; x_wconf 85' lang='grc' dir='ltr'><strong>τοῦ</strong></span> <span class='ocrx_word' id='word_1_698' title='bbox 467 5036 804 5108; x_wconf 85' lang='grc' dir='ltr'>θρασυτάτου</span> <span class='ocrx_word' id='word_1_699' title='bbox 842 5034 1063 5106; x_wconf 78' lang='grc' dir='ltr'>ἥττημα</span> <span class='ocrx_word' id='word_1_700' title='bbox 1090 5035 1350 5098; x_wconf 87' lang='grc' dir='ltr'>κατιδεῖν,</span> <span class='ocrx_word' id='word_1_701' title='bbox 1385 5037 1444 5088; x_wconf 90' lang='grc' dir='ltr'>ἐν</span> <span class='ocrx_word' id='word_1_702' title='bbox 1477 5037 1544 5106; x_wconf 81' lang='grc' dir='ltr'>τῇ</span> <span class='ocrx_word' id='word_1_703' title='bbox 1570 5034 1658 5087; x_wconf 77' lang='grc' dir='ltr'>διὰ</span> <span class='ocrx_word' id='word_1_704' title='bbox 1698 5034 1807 5088; x_wconf 86' lang='grc' dir='ltr'><strong>τῶν</strong></span> <span class='ocrx_word' id='word_1_705' title='bbox 1837 5033 1926 5086; x_wconf 84' lang='grc' dir='ltr'>λό-</span> 
     </span>
    </p>
   </div>
   <div class='ocr_carea' id='block_1_97' title="bbox 340 5118 1926 5201">
    <p class='ocr_par' dir='ltr' id='par_1_97' title="bbox 340 5118 1926 5201">
     <span class='ocr_line' id='line_1_97' title="bbox 340 5118 1926 5201; baseline -0.004 -16"><span class='ocrx_word' id='word_1_706' title='bbox 340 5148 453 5199; x_wconf 91' lang='grc' dir='ltr'><strong>γων</strong></span> <span class='ocrx_word' id='word_1_707' title='bbox 475 5129 572 5184; x_wconf 88' lang='grc' dir='ltr'><strong>τοῦ</strong></span> <span class='ocrx_word' id='word_1_708' title='bbox 614 5126 856 5201; x_wconf 77' lang='grc' dir='ltr'>Ἐφραῒμ</span> <span class='ocrx_word' id='word_1_709' title='bbox 886 5126 1031 5198; x_wconf 81' lang='grc' dir='ltr'>πάλῃ</span> <span class='ocrx_word' id='word_1_710' title='bbox 1078 5125 1140 5178; x_wconf 84' lang='grc' dir='ltr'>τὸ</span> <span class='ocrx_word' id='word_1_711' title='bbox 1164 5118 1271 5179; x_wconf 83' lang='grc' dir='ltr'><strong>τοῦ</strong></span> <span class='ocrx_word' id='word_1_712' title='bbox 1303 5126 1542 5181; x_wconf 84' lang='grc' dir='ltr'>ἐναντίου</span> <span class='ocrx_word' id='word_1_713' title='bbox 1573 5125 1780 5195; x_wconf 80' lang='grc' dir='ltr'>πτῶμα</span> <span class='ocrx_word' id='word_1_714' title='bbox 1805 5125 1926 5194; x_wconf 80' lang='grc' dir='ltr'>βλε-</span> 
     </span>
    </p>
   </div>
   <div class='ocr_carea' id='block_1_98' title="bbox 340 5204 1923 5297">
    <p class='ocr_par' dir='ltr' id='par_1_98' title="bbox 340 5204 1923 5297">
     <span class='ocr_line' id='line_1_98' title="bbox 340 5204 1923 5297; baseline -0.003 -20"><span class='ocrx_word' id='word_1_715' title='bbox 340 5222 512 5290; x_wconf 87' lang='grc' dir='ltr'>πέτω,</span> <span class='ocrx_word' id='word_1_716' title='bbox 566 5216 689 5297; x_wconf 81' lang='grc' dir='ltr'>ἐνῇ</span> <span class='ocrx_word' id='word_1_717' title='bbox 727 5219 978 5275; x_wconf 89' lang='grc' dir='ltr'>τοσοῦτον</span> <span class='ocrx_word' id='word_1_718' title='bbox 1030 5219 1251 5291; x_wconf 84' lang='grc' dir='ltr'>εὑρήσει</span> <span class='ocrx_word' id='word_1_719' title='bbox 1281 5219 1343 5273; x_wconf 85' lang='grc' dir='ltr'><strong>τδ</strong></span> <span class='ocrx_word' id='word_1_720' title='bbox 1387 5204 1576 5291; x_wconf 82' lang='grc' dir='ltr'>περιὸν</span> <span class='ocrx_word' id='word_1_721' title='bbox 1615 5219 1714 5290; x_wconf 86' lang='grc' dir='ltr'>τῆς</span> <span class='ocrx_word' id='word_1_722' title='bbox 1763 5214 1923 5273; x_wconf 59' lang='grc' dir='ltr'>δυνάέ</span> 
     </span>
    </p>
   </div>
   <div class='ocr_carea' id='block_1_99' title="bbox 344 5308 1922 5386">
    <p class='ocr_par' dir='ltr' id='par_1_99' title="bbox 344 5308 1922 5386">
     <span class='ocr_line' id='line_1_99' title="bbox 344 5308 1922 5386; baseline -0.004 -18"><span class='ocrx_word' id='word_1_723' title='bbox 344 5332 491 5386; x_wconf 87' lang='grc' dir='ltr'>μεως</span> <span class='ocrx_word' id='word_1_724' title='bbox 528 5313 625 5368; x_wconf 88' lang='grc' dir='ltr'><strong>τοῦ</strong></span> <span class='ocrx_word' id='word_1_725' title='bbox 676 5312 945 5386; x_wconf 82' lang='grc' dir='ltr'>ἡμετέρου</span> <span class='ocrx_word' id='word_1_726' title='bbox 998 5310 1331 5364; x_wconf 85' lang='grc' dir='ltr'>Διδασκάλου</span> <span class='ocrx_word' id='word_1_727' title='bbox 1383 5311 1443 5364; x_wconf 88' lang='grc' dir='ltr'>ἐν</span> <span class='ocrx_word' id='word_1_728' title='bbox 1488 5312 1555 5381; x_wconf 79' lang='grc' dir='ltr'>τῇ</span> <span class='ocrx_word' id='word_1_729' title='bbox 1610 5308 1705 5363; x_wconf 87' lang='grc' dir='ltr'><strong>τοῦ</strong></span> <span class='ocrx_word' id='word_1_730' title='bbox 1763 5309 1922 5378; x_wconf 89' lang='grc' dir='ltr'>λόγου</span> 
     </span>
    </p>
   </div>
   <div class='ocr_carea' id='block_1_100' title="bbox 341 5397 1924 5477">
    <p class='ocr_par' dir='ltr' id='par_1_100' title="bbox 341 5397 1924 5477">
     <span class='ocr_line' id='line_1_100' title="bbox 341 5397 1924 5477; baseline -0.005 -18"><span class='ocrx_word' id='word_1_731' title='bbox 341 5407 707 5477; x_wconf 89' lang='grc' dir='ltr'>παραστάσει,</span> <span class='ocrx_word' id='word_1_732' title='bbox 737 5404 868 5474; x_wconf 82' lang='grc' dir='ltr'>ὅσην</span> <span class='ocrx_word' id='word_1_733' title='bbox 915 5400 1107 5473; x_wconf 85' lang='grc' dir='ltr'>ἀνδρὸς</span> <span class='ocrx_word' id='word_1_734' title='bbox 1136 5397 1577 5471; x_wconf 78' lang='grc' dir='ltr'>παγκρατιαστοῦ</span> <span class='ocrx_word' id='word_1_735' title='bbox 1608 5398 1702 5453; x_wconf 64' lang='grc' dir='ltr'><strong>καὶ¹</strong></span> <span class='ocrx_word' id='word_1_736' title='bbox 1736 5398 1924 5463; x_wconf 86' lang='grc' dir='ltr'>παιδὸς</span> 
     </span>
    </p>
   </div>
   <div class='ocr_carea' id='block_1_101' title="bbox 340 5491 1923 5564">
    <p class='ocr_par' dir='ltr' id='par_1_101' title="bbox 340 5491 1923 5564">
     <span class='ocr_line' id='line_1_101' title="bbox 340 5491 1923 5564; baseline -0.003 -13"><span class='ocrx_word' id='word_1_737' title='bbox 340 5495 442 5553; x_wconf 82' lang='grc' dir='ltr'><strong>οὐκ</strong></span> <span class='ocrx_word' id='word_1_738' title='bbox 488 5494 774 5558; x_wconf 87' lang='grc' dir='ltr'>εὐσθενοῦς</span> <span class='ocrx_word' id='word_1_739' title='bbox 812 5495 879 5549; x_wconf 89' lang='grc' dir='ltr'>δι’</span> <span class='ocrx_word' id='word_1_740' title='bbox 910 5494 1245 5563; x_wconf 84' lang='grc' dir='ltr'>ἁπαλότητα.</span> <span class='ocrx_word' id='word_1_741' title='bbox 1279 5492 1353 5547; x_wconf 88' lang='grc' dir='ltr'><strong>Οὐ</strong></span> <span class='ocrx_word' id='word_1_742' title='bbox 1399 5492 1557 5564; x_wconf 88' lang='grc' dir='ltr'>μόνον</span> <span class='ocrx_word' id='word_1_743' title='bbox 1588 5493 1644 5547; x_wconf 82' lang='grc' dir='ltr'>δὲ</span> <span class='ocrx_word' id='word_1_744' title='bbox 1675 5491 1773 5556; x_wconf 83' lang='grc' dir='ltr'>τὰς</span> <span class='ocrx_word' id='word_1_745' title='bbox 1802 5494 1923 5547; x_wconf 78' lang='grc' dir='ltr'>κατ’</span> 
     </span>
    </p>
   </div>
   <div class='ocr_carea' id='block_1_102' title="bbox 343 5584 1924 5660">
    <p class='ocr_par' dir='ltr' id='par_1_102' title="bbox 343 5584 1924 5660">
     <span class='ocr_line' id='line_1_102' title="bbox 343 5584 1924 5660; baseline -0.003 -17"><span class='ocrx_word' id='word_1_746' title='bbox 343 5591 524 5645; x_wconf 84' lang='grc' dir='ltr'>ἐκεῖνο</span> <span class='ocrx_word' id='word_1_747' title='bbox 551 5587 743 5660; x_wconf 77' lang='grc' dir='ltr'>καιροῦ</span> <span class='ocrx_word' id='word_1_748' title='bbox 773 5588 820 5659; x_wconf 82' lang='grc' dir='ltr'>ἢ,</span> <span class='ocrx_word' id='word_1_749' title='bbox 844 5589 935 5642; x_wconf 71' lang='grc' dir='ltr'>καὶ</span> <span class='ocrx_word' id='word_1_750' title='bbox 963 5588 1198 5659; x_wconf 84' lang='grc' dir='ltr'>πρόσθεν</span> <span class='ocrx_word' id='word_1_751' title='bbox 1222 5586 1563 5654; x_wconf 81' lang='grc' dir='ltr'>ἀναφυείσας</span> <span class='ocrx_word' id='word_1_752' title='bbox 1579 5585 1686 5639; x_wconf 84' lang='grc' dir='ltr'><strong>ὑπὸ</strong></span> <span class='ocrx_word' id='word_1_753' title='bbox 1708 5584 1801 5638; x_wconf 86' lang='grc' dir='ltr'><strong>τοῦ</strong></span> <span class='ocrx_word' id='word_1_754' title='bbox 1825 5585 1924 5655; x_wconf 83' lang='grc' dir='ltr'><strong>τῆς</strong></span> 
     </span>
    </p>
   </div>
   <div class='ocr_carea' id='block_1_103' title="bbox 343 5673 1920 5749">
    <p class='ocr_par' dir='ltr' id='par_1_103' title="bbox 343 5673 1920 5749">
     <span class='ocr_line' id='line_1_103' title="bbox 343 5673 1920 5749; baseline -0.004 -13"><span class='ocrx_word' id='word_1_755' title='bbox 343 5679 545 5743; x_wconf 88' lang='grc' dir='ltr'>κακίας</span> <span class='ocrx_word' id='word_1_756' title='bbox 594 5677 838 5748; x_wconf 83' lang='grc' dir='ltr'>σπορέως</span> <span class='ocrx_word' id='word_1_757' title='bbox 867 5677 1200 5743; x_wconf 77' lang='grc' dir='ltr'>ζιζανιώδεις</span> <span class='ocrx_word' id='word_1_758' title='bbox 1228 5676 1487 5749; x_wconf 85' lang='grc' dir='ltr'>αἱρέσεις,</span> <span class='ocrx_word' id='word_1_759' title='bbox 1520 5673 1599 5747; x_wconf 80' lang='grc' dir='ltr'>τῷ</span> <span class='ocrx_word' id='word_1_760' title='bbox 1626 5673 1771 5747; x_wconf 87' lang='grc' dir='ltr'><strong>ὀρθῷ</strong></span> <span class='ocrx_word' id='word_1_761' title='bbox 1818 5674 1920 5744; x_wconf 79' lang='grc' dir='ltr'>τῆς</span> 
     </span>
    </p>
   </div>
   <div class='ocr_carea' id='block_1_104' title="bbox 343 5767 1917 5842">
    <p class='ocr_par' dir='ltr' id='par_1_104' title="bbox 343 5767 1917 5842">
     <span class='ocr_line' id='line_1_104' title="bbox 343 5767 1917 5842; baseline -0.003 -16"><span class='ocrx_word' id='word_1_762' title='bbox 343 5770 583 5836; x_wconf 81' lang='grc' dir='ltr'>πίστεως</span> <span class='ocrx_word' id='word_1_763' title='bbox 627 5767 881 5842; x_wconf 77' lang='grc' dir='ltr'>ἐξήλεγξε</span> <span class='ocrx_word' id='word_1_764' title='bbox 925 5770 1100 5842; x_wconf 69' lang='grc' dir='ltr'>λόγῳ*</span> <span class='ocrx_word' id='word_1_765' title='bbox 1146 5768 1282 5825; x_wconf 89' lang='grc' dir='ltr'><strong>ἀλλά</strong></span> <span class='ocrx_word' id='word_1_766' title='bbox 1319 5769 1413 5825; x_wconf 73' lang='grc' dir='ltr'><strong>καὶ</strong></span> <span class='ocrx_word' id='word_1_767' title='bbox 1445 5768 1544 5833; x_wconf 79' lang='grc' dir='ltr'>τὰς</span> <span class='ocrx_word' id='word_1_768' title='bbox 1576 5770 1655 5831; x_wconf 76' lang='grc' dir='ltr'>εἰς</span> <span class='ocrx_word' id='word_1_769' title='bbox 1689 5767 1917 5838; x_wconf 77' lang='grc' dir='ltr'>ὕστερον</span> 
     </span>
    </p>
   </div>
   <div class='ocr_carea' id='block_1_105' title="bbox 2026 4748 3612 4830">
    <p class='ocr_par' dir='ltr' id='par_1_105' title="bbox 2026 4748 3612 4830">
     <span class='ocr_line' id='line_1_105' title="bbox 2026 4748 3612 4830; baseline -0.006 -18"><span class='ocrx_word' id='word_1_770' title='bbox 2026 4773 2164 4830; x_wconf 91' lang='lat' dir='ltr'><strong>guas</strong></span> <span class='ocrx_word' id='word_1_771' title='bbox 2196 4756 2366 4812; x_wconf 87' lang='lat' dir='ltr'><strong>variis</strong></span> <span class='ocrx_word' id='word_1_772' title='bbox 2407 4755 2748 4826; x_wconf 89' lang='lat' dir='ltr'><strong>argumentis</strong></span> <span class='ocrx_word' id='word_1_773' title='bbox 2774 4793 2790 4818; x_wconf 96' lang='lat'><strong>,</strong></span> <span class='ocrx_word' id='word_1_774' title='bbox 2841 4751 3247 4821; x_wconf 58' lang='lat' dir='ltr'><strong>Scripturaque</strong></span> <span class='ocrx_word' id='word_1_775' title='bbox 3281 4748 3612 4804; x_wconf 87' lang='lat' dir='ltr'><strong>testimoniis</strong></span> 
     </span>
    </p>
   </div>
   <div class='ocr_carea' id='block_1_106' title="bbox 2027 4840 3613 4921">
    <p class='ocr_par' dir='ltr' id='par_1_106' title="bbox 2027 4840 3613 4921">
     <span class='ocr_line' id='line_1_106' title="bbox 2027 4840 3613 4921; baseline -0.006 -16"><span class='ocrx_word' id='word_1_776' title='bbox 2027 4850 2249 4921; x_wconf 88' lang='lat' dir='ltr'><strong>penitus</strong></span> <span class='ocrx_word' id='word_1_777' title='bbox 2277 4848 2567 4919; x_wconf 88' lang='lat' dir='ltr'><strong>repressit,</strong></span> <span class='ocrx_word' id='word_1_778' title='bbox 2601 4859 2926 4915; x_wconf 89' lang='lat' dir='ltr'><strong>summeque</strong></span> <span class='ocrx_word' id='word_1_779' title='bbox 2955 4843 3112 4897; x_wconf 89' lang='lat' dir='ltr'><strong>utilia</strong></span> <span class='ocrx_word' id='word_1_780' title='bbox 3142 4856 3207 4896; x_wconf 93' lang='lat' dir='ltr'><strong>ac</strong></span> <span class='ocrx_word' id='word_1_781' title='bbox 3236 4840 3420 4895; x_wconf 88' lang='lat' dir='ltr'><strong>divina</strong></span> <span class='ocrx_word' id='word_1_782' title='bbox 3453 4840 3613 4895; x_wconf 88' lang='lat' dir='ltr'><strong>nobis</strong></span> 
     </span>
    </p>
   </div>
   <div class='ocr_carea' id='block_1_107' title="bbox 2025 4930 3613 5005">
    <p class='ocr_par' dir='ltr' id='par_1_107' title="bbox 2025 4930 3613 5005">
     <span class='ocr_line' id='line_1_107' title="bbox 2025 4930 3613 5005; baseline -0.006 -9"><span class='ocrx_word' id='word_1_783' title='bbox 2025 4943 2320 4997; x_wconf 89' lang='lat' dir='ltr'><strong>adversum</strong></span> <span class='ocrx_word' id='word_1_784' title='bbox 2366 4955 2463 4996; x_wconf 88' lang='lat' dir='ltr'><strong>eos</strong></span> <span class='ocrx_word' id='word_1_785' title='bbox 2507 4947 2862 4994; x_wconf 89' lang='lat' dir='ltr'><strong>monumenta</strong></span> <span class='ocrx_word' id='word_1_786' title='bbox 2906 4935 3147 5005; x_wconf 87' lang='lat' dir='ltr'><strong>reliquit.</strong></span> <span class='ocrx_word' id='word_1_787' title='bbox 3213 4930 3272 4987; x_wconf 89' lang='lat' dir='ltr'><strong>Si</strong></span> <span class='ocrx_word' id='word_1_788' title='bbox 3324 4933 3450 5004; x_wconf 92' lang='lat' dir='ltr'><strong>quis</strong></span> <span class='ocrx_word' id='word_1_789' title='bbox 3481 4947 3613 4987; x_wconf 88' lang='lat' dir='ltr'><strong>vero</strong></span> 
     </span>
    </p>
   </div>
   <div class='ocr_carea' id='block_1_108' title="bbox 2026 5025 3610 5103">
    <p class='ocr_par' dir='ltr' id='par_1_108' title="bbox 2026 5025 3610 5103">
     <span class='ocr_line' id='line_1_108' title="bbox 2026 5025 3610 5103; baseline -0.006 -13"><span class='ocrx_word' id='word_1_790' title='bbox 2026 5037 2082 5091; x_wconf 89' lang='lat' dir='ltr'><strong>in</strong></span> <span class='ocrx_word' id='word_1_791' title='bbox 2125 5034 2184 5089; x_wconf 88' lang='lat' dir='ltr'><strong>S.</strong></span> <span class='ocrx_word' id='word_1_792' title='bbox 2222 5032 2477 5103; x_wconf 70' lang='lat' dir='ltr'><strong>Ephrzem</strong></span> <span class='ocrx_word' id='word_1_793' title='bbox 2525 5030 2966 5101; x_wconf 88' lang='lat' dir='ltr'><strong>disputationum</strong></span> <span class='ocrx_word' id='word_1_794' title='bbox 3010 5042 3137 5083; x_wconf 91' lang='lat' dir='ltr'><strong>cum</strong></span> <span class='ocrx_word' id='word_1_795' title='bbox 3183 5025 3430 5092; x_wconf 87' lang='lat' dir='ltr'><strong>Novato,</strong></span> <span class='ocrx_word' id='word_1_796' title='bbox 3470 5040 3610 5081; x_wconf 88' lang='lat' dir='ltr'><strong>con-</strong></span> 
     </span>
    </p>
   </div>
   <div class='ocr_carea' id='block_1_109' title="bbox 2027 5117 3609 5195">
    <p class='ocr_par' dir='ltr' id='par_1_109' title="bbox 2027 5117 3609 5195">
     <span class='ocr_line' id='line_1_109' title="bbox 2027 5117 3609 5195; baseline -0.008 -13"><span class='ocrx_word' id='word_1_797' title='bbox 2027 5127 2199 5190; x_wconf 85' lang='lat' dir='ltr'><strong>ﬂictu,</strong></span> <span class='ocrx_word' id='word_1_798' title='bbox 2253 5125 2441 5195; x_wconf 91' lang='lat' dir='ltr'><strong>cupiat</strong></span> <span class='ocrx_word' id='word_1_799' title='bbox 2488 5122 2845 5177; x_wconf 77' lang='lat' dir='ltr'><strong>audacissimi</strong></span> <span class='ocrx_word' id='word_1_800' title='bbox 2879 5121 3016 5190; x_wconf 83' lang='lat' dir='ltr'><strong>ejus</strong></span> <span class='ocrx_word' id='word_1_801' title='bbox 3060 5117 3313 5174; x_wconf 85' lang='lat' dir='ltr'><strong>contueri</strong></span> <span class='ocrx_word' id='word_1_802' title='bbox 3349 5127 3609 5187; x_wconf 87' lang='lat' dir='ltr'><strong>stragem,</strong></span> 
     </span>
    </p>
   </div>
   <div class='ocr_carea' id='block_1_110' title="bbox 2027 5208 3612 5283">
    <p class='ocr_par' dir='ltr' id='par_1_110' title="bbox 2027 5208 3612 5283">
     <span class='ocr_line' id='line_1_110' title="bbox 2027 5208 3612 5283; baseline -0.008 -10"><span class='ocrx_word' id='word_1_803' title='bbox 2027 5217 2328 5274; x_wconf 85' lang='lat' dir='ltr'><strong>adversarii</strong></span> <span class='ocrx_word' id='word_1_804' title='bbox 2362 5230 2551 5271; x_wconf 90' lang='lat' dir='ltr'><strong>casum</strong></span> <span class='ocrx_word' id='word_1_805' title='bbox 2597 5212 2859 5283; x_wconf 88' lang='lat' dir='ltr'><strong>respiciat</strong></span> <span class='ocrx_word' id='word_1_806' title='bbox 2890 5218 3125 5282; x_wconf 90' lang='lat' dir='ltr'><strong>oportet.</strong></span> <span class='ocrx_word' id='word_1_807' title='bbox 3161 5209 3237 5264; x_wconf 90' lang='lat' dir='ltr'><strong>lbi</strong></span> <span class='ocrx_word' id='word_1_808' title='bbox 3269 5208 3414 5263; x_wconf 90' lang='lat' dir='ltr'><strong>enim</strong></span> <span class='ocrx_word' id='word_1_809' title='bbox 3436 5221 3612 5275; x_wconf 85' lang='lat' dir='ltr'><strong>usque</strong></span> 
     </span>
    </p>
   </div>
   <div class='ocr_carea' id='block_1_111' title="bbox 2026 5301 3611 5377">
    <p class='ocr_par' dir='ltr' id='par_1_111' title="bbox 2026 5301 3611 5377">
     <span class='ocr_line' id='line_1_111' title="bbox 2026 5301 3611 5377; baseline -0.01 -13"><span class='ocrx_word' id='word_1_810' title='bbox 2026 5303 2165 5365; x_wconf 82' lang='lat' dir='ltr'><strong>adeo</strong></span> <span class='ocrx_word' id='word_1_811' title='bbox 2194 5306 2509 5377; x_wconf 88' lang='lat' dir='ltr'><strong>superiores</strong></span> <span class='ocrx_word' id='word_1_812' title='bbox 2541 5305 2600 5359; x_wconf 91' lang='lat' dir='ltr'><strong>in</strong></span> <span class='ocrx_word' id='word_1_813' title='bbox 2646 5305 2767 5374; x_wconf 91' lang='lat' dir='ltr'><strong>ipso</strong></span> <span class='ocrx_word' id='word_1_814' title='bbox 2802 5301 3124 5358; x_wconf 88' lang='lat' dir='ltr'><strong>certaminis</strong></span> <span class='ocrx_word' id='word_1_815' title='bbox 3171 5313 3471 5369; x_wconf 88' lang='lat' dir='ltr'><strong>congressu</strong></span> <span class='ocrx_word' id='word_1_816' title='bbox 3507 5312 3611 5350; x_wconf 87' lang='lat' dir='ltr'><strong>no-</strong></span> 
     </span>
    </p>
   </div>
   <div class='ocr_carea' id='block_1_112' title="bbox 2025 5390 3610 5462">
    <p class='ocr_par' dir='ltr' id='par_1_112' title="bbox 2025 5390 3610 5462">
     <span class='ocr_line' id='line_1_112' title="bbox 2025 5390 3610 5462; baseline -0.011 -4"><span class='ocrx_word' id='word_1_817' title='bbox 2025 5402 2125 5459; x_wconf 75' lang='lat' dir='ltr'><strong>‘stri</strong></span> <span class='ocrx_word' id='word_1_818' title='bbox 2156 5398 2398 5456; x_wconf 87' lang='lat' dir='ltr'><strong>doctoris</strong></span> <span class='ocrx_word' id='word_1_819' title='bbox 2426 5397 2573 5452; x_wconf 86' lang='lat' dir='ltr'><strong>vires</strong></span> <span class='ocrx_word' id='word_1_820' title='bbox 2600 5392 2866 5457; x_wconf 86' lang='lat' dir='ltr'><strong>inveniet.</strong></span> <span class='ocrx_word' id='word_1_821' title='bbox 2905 5399 2965 5446; x_wconf 90' lang='lat' dir='ltr'><strong>ut</strong></span> <span class='ocrx_word' id='word_1_822' title='bbox 3008 5393 3156 5447; x_wconf 90' lang='lat' dir='ltr'><strong>hunc</strong></span> <span class='ocrx_word' id='word_1_823' title='bbox 3182 5390 3610 5462; x_wconf 87' lang='lat' dir='ltr'><strong>pancratiastem</strong></span> 
     </span>
    </p>
   </div>
   <div class='ocr_carea' id='block_1_113' title="bbox 2032 5478 3608 5565">
    <p class='ocr_par' dir='ltr' id='par_1_113' title="bbox 2032 5478 3608 5565">
     <span class='ocr_line' id='line_1_113' title="bbox 2032 5478 3608 5565; baseline -0.01 -16"><span class='ocrx_word' id='word_1_824' title='bbox 2032 5504 2195 5565; x_wconf 90' lang='lat' dir='ltr'><strong>atque</strong></span> <span class='ocrx_word' id='word_1_825' title='bbox 2234 5498 2563 5548; x_wconf 87' lang='lat' dir='ltr'><strong>certatorem</strong></span> <span class='ocrx_word' id='word_1_826' title='bbox 2598 5485 3108 5551; x_wconf 85' lang='lat' dir='ltr'><strong>invictum,&#39;illum</strong></span> <span class='ocrx_word' id='word_1_827' title='bbox 3156 5478 3338 5539; x_wconf 80' lang='lat' dir='ltr'><strong>autem</strong></span> <span class='ocrx_word' id='word_1_828' title='bbox 3389 5483 3608 5538; x_wconf 89' lang='lat' dir='ltr'><strong>mollem</strong></span> 
     </span>
    </p>
   </div>
   <div class='ocr_carea' id='block_1_114' title="bbox 2029 5575 3610 5654">
    <p class='ocr_par' dir='ltr' id='par_1_114' title="bbox 2029 5575 3610 5654">
     <span class='ocr_line' id='line_1_114' title="bbox 2029 5575 3610 5654; baseline -0.008 -14"><span class='ocrx_word' id='word_1_829' title='bbox 2029 5602 2095 5641; x_wconf 87' lang='lat' dir='ltr'><strong>ac</strong></span> <span class='ocrx_word' id='word_1_830' title='bbox 2129 5593 2385 5654; x_wconf 86' lang='lat' dir='ltr'><strong>tanquam</strong></span> <span class='ocrx_word' id='word_1_831' title='bbox 2414 5596 2642 5653; x_wconf 89' lang='lat' dir='ltr'><strong>puerum</strong></span> <span class='ocrx_word' id='word_1_832' title='bbox 2674 5577 2917 5634; x_wconf 89' lang='lat' dir='ltr'><strong>nondum</strong></span> <span class='ocrx_word' id='word_1_833' title='bbox 2958 5584 3118 5634; x_wconf 68' lang='lat' dir='ltr'><strong>aetate</strong></span> <span class='ocrx_word' id='word_1_834' title='bbox 3155 5576 3434 5631; x_wconf 81' lang='lat' dir='ltr'><strong>ﬁrmatum</strong></span> <span class='ocrx_word' id='word_1_835' title='bbox 3457 5575 3610 5629; x_wconf 77' lang='lat' dir='ltr'><strong>dixe-</strong></span> 
     </span>
    </p>
   </div>
   <div class='ocr_carea' id='block_1_115' title="bbox 2026 5664 3606 5745">
    <p class='ocr_par' dir='ltr' id='par_1_115' title="bbox 2026 5664 3606 5745">
     <span class='ocr_line' id='line_1_115' title="bbox 2026 5664 3606 5745; baseline -0.008 -15"><span class='ocrx_word' id='word_1_836' title='bbox 2026 5676 2116 5731; x_wconf 90' lang='lat' dir='ltr'><strong>rit.</strong></span> <span class='ocrx_word' id='word_1_837' title='bbox 2155 5672 2343 5745; x_wconf 86' lang='lat' dir='ltr'><strong>Neque</strong></span> <span class='ocrx_word' id='word_1_838' title='bbox 2380 5687 2510 5730; x_wconf 86' lang='lat' dir='ltr'><strong>vero</strong></span> <span class='ocrx_word' id='word_1_839' title='bbox 2552 5671 2677 5728; x_wconf 86' lang='lat' dir='ltr'><strong>illas</strong></span> <span class='ocrx_word' id='word_1_840' title='bbox 2726 5670 3021 5736; x_wconf 84' lang='lat' dir='ltr'><strong>duntaxat,</strong></span> <span class='ocrx_word' id='word_1_841' title='bbox 3066 5682 3189 5740; x_wconf 73' lang='lat' dir='ltr'><strong>quae</strong></span> <span class='ocrx_word' id='word_1_842' title='bbox 3220 5668 3306 5724; x_wconf 90' lang='lat' dir='ltr'><strong>vel</strong></span> <span class='ocrx_word' id='word_1_843' title='bbox 3333 5678 3485 5732; x_wconf 89' lang='lat' dir='ltr'><strong>tunc,</strong></span> <span class='ocrx_word' id='word_1_844' title='bbox 3521 5664 3606 5718; x_wconf 83' lang='lat' dir='ltr'><strong>vel</strong></span> 
     </span>
    </p>
   </div>
   <div class='ocr_carea' id='block_1_116' title="bbox 2026 5756 3608 5825">
    <p class='ocr_par' dir='ltr' id='par_1_116' title="bbox 2026 5756 3608 5825">
     <span class='ocr_line' id='line_1_116' title="bbox 2026 5756 3608 5825; baseline -0.011 1"><span class='ocrx_word' id='word_1_845' title='bbox 2026 5777 2183 5825; x_wconf 80' lang='lat' dir='ltr'><strong>antea</strong></span> <span class='ocrx_word' id='word_1_846' title='bbox 2219 5765 2554 5821; x_wconf 83' lang='lat' dir='ltr'><strong>zizaniorum</strong></span> <span class='ocrx_word' id='word_1_847' title='bbox 2589 5764 2828 5821; x_wconf 72' lang='lat' dir='ltr'><strong>haereses</strong></span> <span class='ocrx_word' id='word_1_848' title='bbox 2862 5776 2926 5818; x_wconf 82' lang='lat' dir='ltr'><strong>ex</strong></span> <span class='ocrx_word' id='word_1_849' title='bbox 2964 5761 3185 5818; x_wconf 57' lang='lat' dir='ltr'><strong>malitias</strong></span> <span class='ocrx_word' id='word_1_850' title='bbox 3235 5760 3442 5815; x_wconf 87' lang='lat' dir='ltr'><strong>semine</strong></span> <span class='ocrx_word' id='word_1_851' title='bbox 3487 5756 3608 5809; x_wconf 77' lang='lat' dir='ltr'><strong>fue-</strong></span> 
     </span>
    </p>
   </div>
  </div>
