4050 6164
434 298 536 354 8‘27

1700 294 1757 351 S.
1798 294 2122 354 GREGORII
2167 297 2454 353 NYSSENI

3585 294 3690 351 828

437 424 560 469 rant
590 420 816 479 exortae,
864 413 988 470 ﬁdei
1028 414 1355 471 rectitudine
1402 415 1743 486 propulsavit
1776 433 1788 467 :
1826 431 2012 471 verum

2137 417 2301 483 ιακῶς
2325 419 2659 489 ἀναοαλῆσαι
2706 416 3004 490 μελλούσας
3048 415 3371 488 προφητικῴ
3422 414 3694 486 βλέμματι

437 516 491 561 et
515 522 611 561 cas
632 522 753 577 quae
783 507 837 561 in
872 507 1112 562 futurum
1146 507 1451 577 perniciose
1474 506 1739 578 pullulare
1767 515 2016 579 poterant

442 598 777 666 prepheticis
831 597 1008 652 oculis
1060 597 1367 666 prmvidens
1410 599 1679 669 praecidit.
1741 599 2019 670 Quotquot

440 688 585 742 enim
617 689 685 740 ab
719 703 784 743 eo
819 688 1131 759 conscripta
1181 696 1311 743 sunt
1346 690 1644 755 volumina,
1675 691 2021 747 demonstra-

442 779 684 833 tionibus
735 786 863 834 sunt
916 779 1094 849 plena.
1147 780 1436 850 Nunquam
1480 796 1611 853 ergo
1652 782 1899 840 veritatis
1934 783 2022 838 hic

444 870 606 933 ﬁlius,
633 870 701 924 al)
729 870 846 940 ipsa
874 869 1154 926 deﬂexerit
1183 874 1411 927 veritate
1439 891 1451 927 :
1477 888 1627 944 spem
1653 890 1781 929 vero
1803 888 2020 930 omnem

443 963 497 1016 in
535 962 656 1017 solo
699 960 809 1017 Deo
858 962 1091 1017 deﬁxam
1124 964 1334 1032 habuit,
1372 964 1427 1020 in
1471 980 1582 1036 quo
1611 967 1705 1037 qui
1737 977 1865 1023 suas
1897 984 2022 1038 spes

443 1056 808 1120 constituunt,
848 1057 1071 1124 praemia
1104 1055 1367 1112 referunt.
1412 1057 1757 1130 Quapropter
1783 1067 1838 1115 et
1887 1060 2022 1116 illud

443 1144 644 1201 Psalmi
699 1147 754 1200 in
802 1146 1019 1202 cunctis
1064 1147 1180 1203 suis
1240 1148 1402 1205 factis
1448 1149 1724 1220 dictisque
1754 1166 2023 1221 usurpare

445 1238 692 1296 solebat:
718 1238 782 1293 In
814 1240 927 1309 ipso
945 1239 1175 1308 speravit
1204 1257 1295 1296 cor
1322 1258 1515 1307 meum,
1542 1252 1589 1297 et
1620 1243 1839 1312 adjutus
1857 1244 2020 1301 sum”.

447 1330 713 1396 Quoniam
755 1340 1046 1398 sperantem
1090 1332 1143 1387 in
1191 1331 1474 1387 Dominum
1510 1335 1879 1390 misericordia
1917 1336 2023 1390 cir-

445 1416 776 1477 cumdabit‘.
824 1421 888 1475 Et
921 1422 1119 1478 fiducia
1146 1424 1200 1478 in
1232 1423 1540 1490 Dominum,
1574 1428 1746 1481 monti
1780 1425 1912 1483 Sion
1950 1428 2024 1482 sl-

448 1502 628 1567 milcm
653 1511 828 1568 reddit
850 1533 862 1568 :
891 1517 1053 1582 inque
1076 1531 1342 1570 summam
1372 1517 1760 1573 beatitudinem
1784 1535 1907 1576 eum
1930 1520 2025 1590 qui

449 1602 711 1672 possidet,
746 1606 1053 1670 constituit,
1096 1607 1239 1660 sicut
1271 1623 1338 1663 ex
1387 1609 1520 1677 ipsis
1563 1609 1848 1665 addiscere
1897 1610 2026 1666 licet

450 1694 756 1764 prophetis,
787 1710 912 1752 cum
961 1697 1107 1753 dicat
1143 1697 1309 1751 David
1344 1717 1357 1753 :
1399 1699 1597 1754 Beatus
1628 1701 1729 1762 vir,
1763 1700 1917 1771 cujus
1946 1712 2024 1755 est

450 1801 638 1838 nomen
671 1784 884 1839 Domini
934 1802 1048 1853 spes
1082 1786 1254 1854 ejus'.
1301 1786 1567 1844 Jeremias
1618 1805 1745 1845 vero

450 1875 620 1928 dictus
649 1875 744 1945 ’vir
787 1877 876 1945 qui
915 1875 1129 1945 conﬁdit
1168 1875 1224 1930 in
1266 1876 1514 1942 Domino,
1551 1888 1598 1933 et
1637 1881 1734 1934 erit
1769 1880 2025 1936 Dominus

450 1965 649 2035 ﬁducia
682 1967 794 2036 ejus
814 1968 854 2021 ⁸.
893 1966 957 2021 Et
987 1969 1089 2023 crit
1110 1970 1268 2038 quasi
1300 1970 1507 2040 lignum
1543 1973 1687 2042 quod
1717 1976 2027 2044 transplan-

454 2069 599 2112 tatur
625 2073 789 2129 super
822 2074 1029 2130 aquas,
1064 2060 1209 2130 quod
1245 2061 1311 2115 ad
1353 2063 1634 2118 humorem
1670 2065 1836 2118 mittit
1881 2068 2031 2122 radi-

453 2165 547 2207 ces
575 2167 725 2215 suas,
751 2161 806 2208 et
836 2169 943 2207 non
973 2153 1204 2219 timcbil,
1229 2170 1356 2210 cum
1380 2158 1587 2211 venerit
1614 2159 1833 2214 aestus”.
1864 2158 2032 2215 lsaias

456 2250 636 2297 autem
672 2243 971 2299 :Domiuus
1005 2261 1097 2299 rex
1131 2255 1328 2311 noster,
1372 2247 1629 2304 Dominus
1671 2261 1909 2305 servator
1935 2268 2029 2306 no-

455 2342 562 2388 ster
595 2348 616 2389 .'
652 2335 761 2405 ipse
789 2336 1014 2391 salvabit
1042 2338 1191 2392 nos'.
1234 2337 1367 2393 Ecce
1395 2339 1533 2395 Deus
1573 2340 1823 2397 Salvator
1863 2360 2026 2408 meus,

457 2426 779 2494 ﬁducialiler
807 2445 983 2499 agam,
1017 2438 1068 2485 et
1099 2447 1201 2485 non
1233 2431 1420 2485 timebo
1444 2433 1484 2488 °.
1534 2431 1675 2500 Quin
1698 2442 1699 2445 “
1725 2446 1777 2490 et
1828 2433 2031 2492 Paulus

457 2532 561 2572 nos
597 2517 872 2585 admonet,
905 2519 1093 2577 dicens
1131 2539 1144 2576 :
1202 2525 1486 2578 Teuwmus
1527 2525 1635 2592 spei
1665 2537 1862 2582 nostra:
1908 2544 2029 2582 cou-

458 2609 740 2678 Iessionent
771 2628 789 2666 :
834 2613 1004 2682 ﬁdelis
1032 2615 1170 2668 enim
1199 2624 1299 2682 est,
1327 2617 1416 2686 qui
1441 2618 1816 2686 repromisit”.

533 2703 722 2759 Divina
771 2705 936 2777 igitur
971 2708 1096 2775 hac,
1141 2719 1195 2766 et
1242 2712 1481 2780 reposita
1516 2726 1613 2780 spe
1654 2716 1928 2770 enutritus
1972 2714 2028 2768 S.

459 2792 731 2865 Ephrmm,
777 2797 1013 2853 humana
1045 2814 1110 2856 ac
1140 2801 1454 2857 transitoria
1501 2819 1840 2874 quaecunque
1884 2821 2037 2875 sper-

461 2904 621 2952 nens,
655 2890 1045 2959 sempiternam
1080 2893 1299 2950 assidue
1328 2897 1560 2966 gloriam
1588 2900 2032 2969 concupiscchal.

460 2978 718 3032 Amorem
753 2997 881 3035 vero
915 2983 966 3035 in
996 2983 1164 3038 Deum
1195 2993 1249 3038 et
1281 2987 1590 3055 proximum
1626 2988 1766 3045 adeo
1794 2993 2035 3045 servavit

1789 1807 1804 1841 :
1854 1790 1993 1845 Bone
2006 1823 2021 1833 -
2056 1775 2096 1829 Β

2118 506 2369 573 κατιδὼν,
2429 509 2858 582 προεξεῢέρισεν.
2912 509 3022 564 Καὶ
3065 508 3269 561 τούτων
3318 506 3532 579 πλήρης
3586 505 3696 559 τῶν

2117 600 2443 666 ἀποδείξεων
2489 602 2639 654 πᾶσα
2661 600 2849 653 τούτου
2897 601 3186 671 συγγραφή
3224 617 3283 654 τε
3319 601 3411 654 καὶ
3454 600 3694 669 ποίησις.

2119 691 2305 755 Οὕτως
2331 691 2393 744 οὐ
2430 690 2648 745 πώποτε
2681 691 2778 762 τῆς
2815 691 3073 761 ἀληθείας
3101 694 3129 745 ὁ
3158 691 3256 761 τῆς
3293 690 3548 760 ἀληθείας
3580 690 3697 753 υίὸς

2120 781 2476 855 ὲξεφρὸνησεν
2492 797 2504 813 ⁸
2528 780 2679 846 ὲλπλς
2704 781 2761 836 δὲ
2783 780 2958 852 τούτῳ
2979 784 3012 852 ἡ
3035 784 3115 845 είς
3139 782 3270 834 Θεὸν
3301 781 3459 852 μόνη,
3487 780 3546 846 ἐξ
3570 783 3698 834 ὅτου

2122 875 2186 927 ἂν
2215 873 2590 945 ἀποκειμένων
2634 873 2864 928 ἐλπίδων
2891 876 3004 937 τοίς
3048 873 3220 940 ἀξίοις
3261 874 3318 926 αἱ
3354 872 3592 943 χάριτες.
3624 872 3700 924 Τὸ

2121 966 2229 1039 γὰρ
2257 965 2526 1037 ψαλμικὸν
2554 966 2641 1021 διὰ
2684 967 2800 1036 βίου
2824 966 2967 1037 λόγῳ
3005 983 3062 1020 τε
3104 965 3197 1020 καὶ
3235 963 3431 1036 πράξει
3459 964 3699 1036 μελετῶν

2122 1058 2375 1126 ἔφασκεν·
2418 1059 2535 1111 Ἐπ’
2579 1055 2738 1123 αὐτῷ
2777 1056 3040 1125 ἤλπισεν
3085 1058 3122 1126 ἢ
3163 1056 3376 1124 καρδία
3419 1073 3562 1125 μου,
3597 1056 3697 1110 καὶ

2121 1148 2476 1219 ἑϐοηθήθην.
2506 1149 2608 1203 Διὰ
2653 1148 2926 1203 τοιοῦτον
2953 1148 3319 1214 ἐλπίσαντος
3367 1145 3555 1201 αὑτοῦ
3598 1145 3701 1199 ἐπὶ

2124 1240 2359 1308 Κύριον,
2393 1240 2566 1308 ἕλεος
2607 1239 2795 1295 αὑτὸν
2822 1239 3143 1295 κυκλώσει.
3175 1240 3286 1293 Καὶ
3326 1241 3358 1309 ἠ
3406 1240 3487 1299 εἰς
3534 1237 3699 1290 αὐτὸν

2126 1333 2465 1404 πεποίθησις,
2496 1333 2612 1403 ὄρει
2654 1332 2841 1387 τοῦτον
2888 1330 3028 1385 Σιὼν
3068 1330 3386 1394 ἀπεικάζει*
3432 1329 3569 1385 ἀλλὰ
3603 1330 3702 1383 καὶ

2126 1426 2461 1497 ὑψηλοτάτου
2498 1423 2849 1497 μακαρισμοῦ
2878 1424 3029 1488 ἐντὸς
3054 1423 3145 1478 τὸν
3186 1422 3521 1493 κεκτημένον
3563 1422 3700 1475 καθ-

2128 1518 2329 1591 ίστησι,
2375 1519 2450 1583 ὡς
2482 1518 2628 1573 ἐστιν
2665 1516 2724 1583 ἐξ
2771 1516 2952 1572 αὐτῶν
2984 1517 3093 1572 τῶν
3130 1515 3423 1587 προφητῶν
3450 1531 3703 1583 καταμαο

2126 1612 2258 1676 Θεῖν,
2293 1610 2456 1665 Δαϐὶὸ
2490 1610 2588 1681 μὲν
2617 1608 2895 1680 λέγοντος·
2927 1608 3226 1678 Μακάριος
3257 1608 3434 1674 ἀνὴρ,
3465 1602 3538 1662 οὗ
3566 1609 3703 1660 ἐστι

2129 1704 2192 1757 τὸ
2215 1702 2401 1772 ὄνομα
2428 1704 2648 1770 Κυρίου
2670 1700 2846 1768 ἐλπὶς
2872 1699 3078 1755 αὐτοῦ.
3119 1700 3379 1770 Ἱερεμίου
3405 1698 3482 1752 δέ·
3510 1700 3703 1751 Εὐλο-

2128 1793 2384 1863 γημένος
2404 1793 2732 1861 ἅνθρωπος,
2756 1792 2925 1858 ὅστις
2945 1791 3229 1845 πέποιθεν
3249 1789 3347 1844 ἐπὶ
3380 1788 3458 1854 τῷ
3484 1790 3702 1856 Κιιρίῳ,

2129 1885 2227 1938 καὶ
2270 1884 2440 1938 ἔσται
2479 1884 2693 1951 Κύριος
2721 1882 2897 1948 ἐλπὶς
2929 1881 3146 1936 αὐτοῦ·
3184 1879 3281 1934 καὶ
3311 1880 3483 1934 ἔσται
3516 1880 3598 1945 ὡς
3637 1878 3704 1932 τὸ

2131 1974 2322 2039 ξύλον
2349 1973 2645 2043 εὐθηνοῦν
2665 1975 2801 2041 παρ’
2830 1973 3039 2035 ὕδατα,
3072 1971 3171 2025 καί
3194 1972 3293 2026 ἐπὶ
3330 1969 3550 2039 inuida
3586 1971 3703 2034 ,βα-

2127 2063 2227 2119 λεῖ
2256 2061 2428 2133 ῥίζαν
2471 2061 2674 2118 αὐτοῦ.
2713 2062 2824 2116 Καὶ
2863 2061 3116 2115 Ἣσαῖου’
3146 2061 3361 2127 Κύριος
3402 2056 3705 2124 Βασιλεὺς

2130 2155 2319 2225 ἡμῶν,
2361 2156 2576 2223 Κύριος
2612 2154 2817 2222 Σωτὴρ
2857 2151 3046 2223 ἡμῶν,
3084 2152 3266 2218 αὐτὸς
3298 2148 3481 2205 σώσει
3522 2146 3703 2218 ἡμᾶς.

2144 2247 2287 2303 Ἰδοὺ
2318 2250 2349 2302 ό
2388 2230 2534 2313 boot;
2560 2250 2592 2301 ό
2617 2246 2821 2315 Σωτήρ
2842 2263 2959 2316 μου
2985 2244 3217 2313 Κύριος,
3249 2240 3544 2306 πεποιθὼς
3564 2240 3706 2294 ἔσο-

2127 2356 2232 2409 μαι
2281 2338 2376 2392 ἐπ’
2417 2336 2577 2402 αὐτῷ
2619 2337 2717 2390 καὶ
2754 2337 3151 2406 θαρσήσομαι.
3196 2335 3302 2388 Τοῦ
3341 2332 3610 2404 μακαρίου
3650 2330 3708 2384 δὲ

2133 2430 2340 2485 Παύλου
2372 2429 2759 2503 παραινοῦντος
2787 2429 2880 2482 καὶ
2909 2422 3160 2497 λέγοντος
3178 2443 3191 2456 ·
3226 2426 3566 2493 Κατέχομεν
3592 2422 3710 2491 τὴν

2134 2518 2499 2593 ἐπαγγελίαῦ
2521 2520 2632 2593 τῆς
2670 2520 2915 2587 ἐλπίδος
2939 2536 2952 2550 ·
2984 2519 3198 2586 πιστὸς
3226 2517 3336 2587 γὰρ
3370 2521 3401 2571 ό
3437 2517 3710 2586 ἐπαγγει-

2134 2614 2393 2685 λάμενος
2422 2613 2584 2682 ἡμῖν.

2207 2704 2393 2778 Ταύτῃ
2433 2706 2500 2776 τῇ
2539 2703 2658 2775 Θείᾳ
2702 2703 2794 2756 καὶ
2837 2699 3176 2775 ἀποκειμένη
3213 2698 3388 2753 ἐλπίδι
3429 2697 3714 2770 είστρειρό-
3810 2748 3819 2756 ,

2140 2812 2321 2868 μενος,
2349 2794 2454 2849 τῶν
2485 2793 2760 2866 κοσμικῶν
2798 2793 3053 2848 ἁπάντων
3082 2790 3446 2863 περιεφρόνει,
3484 2789 3577 2841 καὶ
3609 2788 3713 2858 τῆς

2138 2890 2355 2944 αἰωνίου
2385 2887 2542 2959 δόξης
2571 2887 2807 2959 ἑκάστης
2840 2884 3100 2957 ἱμείρετο.
3146 2883 3389 2954 Ἀγάπην
3418 2880 3475 2934 δὲ
3502 2879 3598 2952 τὴν
3627 2880 3715 2944 εἰς

2141 2982 2272 3037 Θεόν
2299 2998 2359 3035 τε
2389 2983 2482 3035 καὶ
2525 2981 2615 3036 τὸν
2645 2979 2869 3050 πλησίον
2897 2978 3068 3041 οὕτως
3096 2974 3343 3049 ἀκριϐῶς
3385 2972 3713 3043 ἐφυλάξατο,

462 3072 726 3138 studiose,
760 3081 817 3125 ut
843 3088 909 3125 ex
943 3074 1043 3129 hoc
1070 3074 1339 3131 decedens
1367 3079 1589 3144 sacculo,
1623 3079 1737 3135 haec
1769 3082 1907 3137 inter
1938 3097 2033 3152 po-

2140 3075 2216 3140 ὡς
2242 3074 2403 3130 αὐτὸν
2429 3075 2600 3127 εἰπεῖν
2626 3073 2843 3140 οὑτωσὶ,
2881 3071 2976 3125 τοῦ
3023 3070 3138 3141 βίου
3180 3067 3512 3138 ἀπαίροντα·
3547 3066 3717 3119 καλὸν

462 3170 665 3218 strema
700 3162 929 3218 referret
967 3183 978 3219 :
1012 3182 1109 3236 par
1135 3168 1281 3222 enim
1307 3179 1391 3225 est
1418 3169 1536 3241 ipsa
1568 3172 1732 3240 verba
1765 3175 1939 3229 sancti
1970 3176 2037 3228 il-

460 3254 572 3312 lius
609 3253 809 3324 Patris,
844 3264 1102 3327 tanquam
1135 3260 1284 3314 omni
1318 3260 1786 3319 demonstratione
1824 3266 2037 3335 potiora

462 3347 520 3402 iu
553 3348 790 3403 medium
820 3350 1140 3417 producere.
1176 3351 1335 3407 Nullo
1366 3353 1525 3408 modo
1553 3353 1606 3407 in
1636 3361 1744 3408 tota
1767 3371 1882 3410 mea
1906 3359 2037 3419 vita,

460 3437 661 3508 inquit,
712 3439 977 3497 adversus
1027 3442 1318 3498 Dominum
1364 3445 1793 3500 contumeliosus
1835 3449 2038 3513 exstiti,

463 3546 566 3588 nec
611 3547 795 3587 sermo
823 3536 1026 3591 stultus
1056 3552 1086 3591 e
1132 3536 1296 3593 labiis
1330 3537 1467 3592 meis
1498 3552 1754 3608 egressus
1788 3545 1892 3592 est.
1937 3538 2041 3594 Ne-

463 3625 667 3681 minem
704 3626 757 3682 iu
790 3628 937 3683 omni
972 3630 1080 3684 vita
1114 3646 1232 3686 mea
1262 3630 1570 3686 maledictis
1615 3632 1837 3687 oneravi
1868 3649 1883 3697 ;
1940 3648 2041 3687 nec

463 3730 588 3771 cum
614 3719 724 3774 ullo
754 3719 912 3789 plane
935 3721 1252 3777 Christiano
1278 3722 1499 3777 homine
1526 3723 1927 3779 contentiosnm
1958 3739 2043 3778 me

465 3810 693 3880 praebui.
756 3814 797 3866 Ο
833 3812 1042 3870 felicem
1078 3812 1342 3885 linguam,
1378 3830 1500 3883 quae
1533 3815 1868 3870 conﬁdenter
1893 3816 2042 3884 ejus-

465 3899 613 3956 modi
643 3916 829 3957 voeem
862 3904 1065 3971 emisit,
1096 3919 1219 3973 qua:
1255 3905 1389 3960 solis
1422 3906 1768 3973 potissimum
1811 3908 2040 3975 angelis,

469 3999 692 4062 propter
738 3992 905 4047 vitam
938 3995 1008 4048 ab
1052 3994 1204 4049 omni
1243 3995 1475 4049 materia
1517 3996 1927 4067 mutationeque
1955 4014 2045 4052 re-

470 4089 698 4146 motam,
720 4085 999 4154 congruit!
1036 4085 1105 4139 At
1129 4085 1288 4141 nobis
1313 4086 1465 4140 carni
1491 4087 1875 4153 servientibus,
1902 4087 2041 4142 haud

471 4173 547 4228 ita
577 4174 862 4240 convenit,
910 4185 1220 4247 nostraeque
1254 4185 1461 4233 natura:
1505 4179 1651 4235 vires
1676 4179 1854 4250 magis
1880 4196 2045 4237 exsu-

470 4272 648 4337 perat,
678 4281 844 4336 quam
882 4276 942 4323 ut
972 4268 1132 4325 facile
1159 4270 1435 4341 exaequari
1466 4268 1624 4326 factis
1653 4280 1837 4340 queat.

546 4357 614 4414 Et
646 4366 707 4414 ut
739 4360 1035 4429 plurimum
1070 4361 1288 4418 labores
1313 4402 1328 4427 ,
1383 4363 1636 4433 vitasque
1684 4362 1902 4417 illorum
1952 4376 2046 4416 ex-

2140 3168 2249 3241 γάρ
2276 3168 2414 3223 αύτά
2440 3167 2507 3222 τά
2535 3168 2756 3238 ῥήματα
2776 3165 2868 3219 τοῦ
2896 3164 3153 3235 θεοφόρου
3180 3163 3393 3235 Πατρὸς
3432 3162 3512 3225 είς
3546 3161 3716 3231 μέσον

2140 3263 2387 3330 ἀγαγεῖν,
2428 3261 2712 3331 κρείττονα
2760 3257 2942 3326 πάσης
2985 3254 3310 3320 ἀποδείξεως
3354 3253 3715 3323 τυγχάνοντα.

2141 3352 2422 3423 Οὐδαμῶς,
2472 3352 2655 3422 φησὶν,
2700 3352 2757 3404 ὲν
2801 3350 2949 3420 πάσῃ
2980 3351 3045 3419 τῇ
3095 3346 3206 3417 ζωῇ
3255 3363 3357 3416 μου
3399 3345 3720 3415 ἐλοιδόρησα

2140 3443 2364 3515 Κύριον,
2396 3445 2486 3498 καὶ
2535 3442 2690 3511 λόγος
2738 3443 2926 3513 ἄφρων
2966 3442 3027 3494 οὐ
3070 3438 3312 3510 παρῆλθε
3339 3437 3447 3491 τῶν
3486 3436 3719 3506 χειλέων

2145 3553 2267 3607 μου.
2317 3536 2406 3590 Ἑν
2456 3534 2605 3606 πάσῃ
2636 3536 2702 3606 τῇ
2737 3533 2848 3605 ζωῇ
2901 3549 3001 3603 μου
3051 3529 3447 3601 κατηρασάμην
3489 3527 3590 3580 οὐκ
3627 3528 3722 3580 οὐ-

2139 3627 2285 3692 δένα,
2318 3625 2437 3679 καθ’
2467 3626 2587 3680 ὅλου
2625 3643 2685 3678 τε
2715 3626 2829 3696 μετ’
2861 3623 3073 3686 οὐδενὸς
3102 3622 3294 3677 πιστοῦ
3324 3619 3716 3692 ὲμαχησάμην.

2141 3714 2212 3770 Ὦ
2246 3718 2491 3789 μακαρία
2535 3717 2776 3785 γλῶσσα,
2812 3716 2934 3787 ἥτις
2974 3714 3293 3787 Θαρῤήσασα
3334 3711 3588 3783 τοιαύτην
3620 3710 3721 3781 ἕρ-

2145 3810 2273 3880 ρηξε
2308 3811 2510 3879 φωνὴν,
2547 3811 2579 3880 ἥ
2632 3810 2812 3879 μόνοις
2859 3810 2971 3871 τοῖς
3004 3806 3254 3875 ἀγγέλοις
3286 3803 3720 3877 πρεπωδεστάτη

2142 3900 2421 3970 τυγχάνει,
2465 3900 2555 3953 διὰ
2587 3900 2648 3952 τὴ
2687 3900 2847 3954 eam
2887 3899 2980 3952 καὶ
3017 3897 3380 3953 ἀστασίαστον
3419 3896 3518 3966 τῆς
3547 3894 3718 3965 ζωῆς.

2155 3990 2313 4061 ’Πμῖν
2342 3989 2398 4042 δὲ
2418 3992 2527 4055 τοῖς
2553 3992 2618 4062 τῇ
2651 3990 2812 4062 σαρκὶ
2839 3989 3167 4054 δουλεύουσι,
3196 3988 3319 4058 ξένη
3345 3988 3439 4041 καὶ
3461 3986 3599 4056 ὑπὲρ
3618 3984 3720 4056 τὴν

2145 4083 2327 4152 φύσιν.
2359 4082 2454 4137 καὶ
2481 4082 2712 4154 χαλεπὸν
2735 4081 3161 4153 κατορθωθῆναι.

2215 4347 2325 4401 Καὶ
2356 4346 2526 4401 πολλά
2567 4346 2665 4417 μὲν
2712 4345 2907 4417 κάμοις
2951 4343 3097 4414 βίους
3141 4342 3442 4414 ἁνερευνῶν
3486 4340 3594 4395 τῶν
3632 4340 3718 4393 ἐπ’

469 4450 677 4522 plores,
718 4451 808 4522 qui
840 4452 1139 4508 virtutibus
1184 4452 1316 4507 clari
1347 4430 1597 4518 fuerunt;
1628 4452 1716 4507 vix
1744 4461 1919 4506 tamen
1957 4452 2033 4504 nl-

2146 4437 2367 4509 ἀρεταῖς
2405 4437 2763 4508 περιϐοήτων,
2800 4433 3034 4506 οὐδαμοῦ
3071 4433 3126 4488 δέ
3166 4452 3219 4487 τι
3250 4432 3488 4486 τοιοῦτον
3520 4430 3719 4502 εὕροις,

470 4543 585 4599 lum
618 4543 746 4598 huic
793 4543 971 4599 simile
1023 4559 1173 4615 purae
1216 4545 1555 4613 sinceraeque
1587 4542 1874 4597 charitatis
1906 4542 2044 4596 iudi-

469 4635 618 4692 cium
676 4635 943 4705 reperias.
1000 4635 1066 4690 ‘Si
1121 4636 1268 4691 enim
1331 4636 1474 4713 inter
1526 4641 1757 4689 cunctas
1815 4634 2044 4688 virtutes

467 4727 711 4783 maxime
756 4727 1015 4797 prateellit
1064 4727 1347 4795 charitas,
1395 4726 1540 4781 hanc
1587 4724 1665 4779 ita
1714 4733 1901 4780 noster
1955 4725 2045 4778 hic

467 4822 711 4878 excoluit
743 4820 1016 4891 Ephrzem,
1069 4828 1128 4873 ut
1169 4819 1354 4876 nullus
1383 4819 1523 4874 alius
1553 4816 1729 4888 magis
1771 4832 1837 4871 ex
1866 4814 2044 4871 Patri-

469 4913 597 4971 bus.
631 4912 739 4970 Sed
771 4914 1030 4986 quoniam
1059 4912 1223 4983 digna
1252 4911 1486 4983 quisque
1514 4908 1753 4981 propriis
1778 4908 1939 4964 factis
1963 4923 2048 4960 ae-

468 5016 732 5080 cepturus
766 5017 851 5065 est
874 5006 1180 5078 praemia“,
1227 5020 1298 5060 ne
1327 5005 1521 5061 Patres
1554 5003 1811 5060 Patribus
1857 5001 2047 5078 videa-

472 5118 599 5157 mur
628 5101 900 5167 couferre,
943 5101 1046 5157 ista
1075 5100 1199 5155 aliis
1226 5097 1622 5154 consideranda
1670 5095 1854 5166 potius
1882 5095 2051 5151 relin-

474 5209 728 5267 quemus.
772 5192 957 5263 Neque
981 5192 1146 5248 etiam
1181 5191 1293 5246 haec
1324 5192 1441 5261 ipsa
1467 5188 1894 5258 comparationis
1916 5203 2049 5244 can-

475 5302 535 5342 sa
563 5302 592 5340 a
623 5284 782 5341 nobis
832 5290 961 5339 sunt
994 5281 1163 5347 dicta,
1195 5281 1288 5338 sed
1322 5292 1380 5336 ut
1408 5279 1608 5352 populo
1639 5279 1787 5333 clare
1813 5285 2048 5343 constet,

475 5384 727 5432 nostrum
760 5375 927 5438 hunc,
958 5379 1055 5428 aut
1099 5371 1285 5428 verius
1328 5369 1600 5426 universae
1645 5366 1905 5433 Ecclesiae
1946 5366 2049 5421 do-

476 5476 684 5522 ctorem
723 5466 779 5522 S.
814 5464 1087 5536 prraem,
1139 5463 1207 5519 ad
1234 5476 1555 5534 supremum
1595 5460 1824 5532 gradum
1855 5458 1909 5514 in
1938 5458 2052 5527 spi«

480 5559 622 5617 ritali
658 5560 919 5615 virtutum
945 5558 1093 5615 scala
1121 5556 1459 5630 pervenisse.

554 5692 742 5746 3Psal.
786 5707 956 5744 xxvii.
1003 5691 1057 5743 '7.
1132 5691 1153 5721 ⁸
1190 5688 1333 5746 Psal.
1365 5702 1517 5746 xxxv,
1576 5686 1660 5750 10,
1735 5686 1757 5717 ⁵
1796 5684 1933 5737 Ρηςπι.
1968 5698 2129 5736 cxxrv
2155 5723 2167 5747 ,
2200 5683 2247 5736 i.

554 5764 575 5797 ³
615 5762 928 5811 lsa.xnm.
962 5761 1050 5811 ‘22.
1163 5761 1182 5792 ⁹
1220 5762 1321 5811 lsa.
1357 5775 1465 5811 xu.
1508 5758 1562 5811 2.
1675 5755 1716 5787 ¹⁰
1746 5754 1911 5811 llebr.
1940 5771 1991 5811 κ.
2022 5756 2110 5809 25.
2225 5756 2238 5785 ¹

1896 5793 1911 5810 l
1941 5793 1991 5822 ﬂ,
2025 5793 2110 5809 ’νο

553 5764 575 5797 ⁸
615 5762 929 5828 lsa.xxxm,
962 5761 1050 5815 ‘22.
1163 5761 1182 5792 ⁹
1219 5762 1321 5819 lsa.
1357 5775 1465 5825 xu,
1508 5758 1562 5811 2.

2148 4526 2257 4585 οἷον
2290 4529 2382 4583 ἐπὶ
2409 4528 2484 4599 τῷ
2520 4527 2859 4600 προκειμένῳ
2884 4525 3075 4598 Πατρὶ,
3103 4527 3182 4589 εἰς
3218 4524 3463 4596 διήγησιν
3500 4525 3722 4595 σημεῖον

2152 4621 2398 4693 καθαρᾶς
2423 4619 2515 4675 καὶ
2538 4617 2868 4691 ἁκηλιδώτου
2894 4617 3132 4689 ἀγάπης.
3174 4617 3237 4671 Εἰ
3271 4613 3362 4671 οὖν
3388 4616 3588 4687 μείζων
3620 4632 3724 4669 πα.-

2152 4714 2261 4767 σῶν
2287 4713 2394 4766 τῶν
2422 4711 2631 4783 ἀρετῶν
2656 4713 2689 4778 ἡ
2720 4709 2937 4780 ἀγάπη’
2979 4708 3182 4778 ταύτην
3222 4707 3278 4761 δὲ
3318 4708 3393 4770 ὡς
3428 4707 3528 4760 οὐκ
3568 4706 3725 4782 ἄλλος

2148 4824 2232 4869 τις
2259 4805 2367 4859 τῶν
2395 4803 2650 4876 Πατέρων
2685 4802 3043 4875 κατώρθωσεν
3083 4800 3323 4873 Ἐφραῒμ
3345 4802 3373 4854 ὁ
3424 4798 3723 4870 μακάριος-⁸

2153 4897 2490 4970 ἀπολήψεται
2530 4896 2588 4950 δὲ
2616 4894 2844 4958 ἕκαστος
2880 4894 3025 4949 κατά
3056 4893 3125 4948 τὰ
3160 4892 3296 4965 ἔργα
3336 4890 3532 4946 αὐτοῦ·
3563 4889 3626 4943 τὸ
3660 4891 3726 4942 ὲκ

2148 4992 2353 5046 τούτων
2377 4989 2555 5053 ἄλλοις
2591 4985 2972 5059 συμπεραίνειν
3011 4985 3504 5057 παραχωρήσομεν.
3532 4982 3620 5037 ἵνα
3651 4982 3725 5053 μὴ

2149 5083 2388 5154 δόξωμεν
2443 5078 2809 5153 παραϐάλλειν
2857 5079 3105 5153 Πατράσι
3161 5075 3431 5147 Πατέρας.
3479 5073 3557 5128 Οὐ
3619 5073 3725 5143 γὰρ

2150 5174 2485 5248 συγκρίσεως
2537 5173 2694 5244 χάριν
2734 5170 2797 5223 τὸ
2848 5170 3010 5241 ῥηθὲν
3055 5168 3499 5240 παρειλήφαμεν,
3537 5164 3615 5228 ὡς
3662 5164 3728 5217 ἂν

2149 5269 2206 5323 δὲ
2244 5268 2402 5340 μόνον
2435 5267 2527 5321 ὑπ’
2567 5264 2689 5335 ὄψιν
2730 5266 2843 5328 τοῖς
2887 5261 3102 5326 πολλοῖς
3149 5260 3612 5332 παραστήσωμεν,
3651 5258 3726 5319 ὡς

2154 5364 2244 5419 ἐπ’
2270 5358 2433 5415 αὑτοῦ
2477 5358 2574 5413 τοῦ
2617 5358 2785 5430 ἄκρου
2831 5356 3029 5426 ἔφθασε
3067 5356 3164 5423 τῆς
3204 5352 3578 5423 πνευματικῆς
3618 5349 3723 5401 τῶν

2147 5452 2356 5526 ἀρετῶν
2400 5451 2663 5521 κλίμακος
2711 5448 2741 5502 ὁ
2779 5449 3061 5520 ἡμέτερος,
3095 5444 3293 5516 μᾶλλον
3319 5443 3376 5498 δὲ
3421 5443 3519 5514 τῆς
3545 5444 3723 5496 οἰκου-

2154 5546 2321 5617 μένης
2349 5540 2666 5604 διδάσκαλος
2705 5540 2963 5612 Ἐφραῖμ.

2327 5681 2347 5712 ⁶
2379 5678 2522 5732 Psal.
2550 5690 2737 5739 xxxrx,
2765 5676 2816 5731 5.
2894 5676 2915 5706 ’
2952 5672 3062 5729 Jer.
3122 5689 3254 5739 xvn,
3309 5673 3363 5740 1;
3397 5669 3536 5726 Psal.
3586 5684 3623 5732 ι,
3662 5668 3715 5722 5.

2225 5754 2261 5785 ¹¹
2298 5750 2482 5807 Matth.
2519 5746 2739 5817 “527.
2774 5745 2928 5801 Rom.
2967 5762 3026 5813 tt,
3068 5742 3150 5799 16.
