4050 6164
378 335 483 393 εει)

1390 340 1479 395 DE
1523 340 1683 396 VITA
1723 343 1781 399 S.
1822 344 2076 404 PATRIS
2112 348 2422 407 ΕΡΗΒιΕΜ
2466 351 2645 407 SYRl.

3522 343 3625 398 830

445 457 744 513 Εὐσέϐειαν
775 458 833 513 δὲ
860 462 918 514 ἐν
969 463 1035 530 τῇ
1081 461 1177 530 τῆς
1202 463 1369 524 ὅντως
1400 465 1591 535 κτήσει
1623 467 1818 536 σοφίας
1860 470 1957 541 ἐμ-

2130 472 2397 531 Pietatem
2426 490 2557 532 vero
2597 482 2762 547 atque
2810 471 3130 544 religionem
3165 486 3220 526 ιιι
3250 482 3377 524 vera
3410 467 3629 537 sapien-

378 550 779 623 πορευσάμενος
805 549 969 621 (κατὰ
994 552 1055 604 τὸ
1082 554 1140 606 ἐν
1184 552 1302 605 ἰὼδ
1327 555 1444 625 είρη
1454 556 1612 625 μένον
1631 573 1644 587 ·
1687 558 1832 616 Ἰδοὺ
1856 562 1957 616 εὐ-

377 642 575 697 σέϐειά
618 642 749 696 ἐστι
779 644 985 712 σοφία)
1034 642 1100 697 δι’
1134 644 1303 716 αὐτῆς
1324 686 1339 713 ,
1384 646 1459 711 ὡς
1506 649 1702 720 μικρὸν
1751 651 1958 705 ἄνωθεν

374 732 739 806 ἐδηλώσαμεν,
765 734 867 806 τῆς
899 736 1132 799 πίστεως
1164 735 1327 790 αὐτοῦ
1364 737 1424 791 τὸ
1456 739 1695 811 καθαρὸν
1726 742 1957 813 διαγρά-

374 844 582 897 φοντες,
616 828 698 891 εἰς
731 829 961 900 οὐρανὸν
995 831 1093 900 μὲν
1122 830 1323 902 τρίτον,
1357 830 1501 886 κατὰ
1526 833 1758 899 Παῦλον,
1794 833 1957 906 ἀνῆλ-

372 919 496 987 θεν,
537 920 805 976 ἀθάνατον
846 920 904 975 δὲ
933 920 1032 993 τὴν
1077 927 1297 995 μνήμην
1339 924 1433 977 καὶ
1481 923 1679 998 διαρκῆ
1722 926 1822 997 τὴν
1869 926 1959 981 εὖ.

372 1012 558 1067 κλειαν
590 1013 743 1084 παρὰ
773 1016 840 1086 τῇ
884 1014 1177 1087 Ἐκκλησία
1220 1016 1631 1089 πεπλούτηκενο
1673 1019 1708 1089 ἡ
1758 1018 1957 1091 μελέτη

246 1104 258 1113 ’
373 1104 432 1158 δὲ
457 1104 633 1177 τούτῳ
652 1104 761 1160 τῶν
789 1105 946 1161 θείων
967 1106 1195 1179 Γραφῶν
1225 1107 1290 1161 ἐκ
1325 1108 1423 1180 τῆς
1447 1108 1739 1180 Δαόιδικῆς
1783 1110 1957 1181 ἀνῆψε

373 1193 675 1266 λαμπάδος,
712 1194 816 1250 Ἐν
840 1194 918 1265 τῇ
937 1195 1163 1268 μελέτῃ
1203 1215 1343 1268 μου,
1389 1199 1707 1268 φάσκοντος,
1741 1198 1957 1254 ἐκκαυ-

374 1285 620 1354 θήσεται
644 1286 784 1356 πῦρ.
820 1286 1000 1360 Ἔρως
1032 1289 1139 1360 γὰρ
1176 1289 1337 1343 αὑτὸν
1380 1290 1621 1362 πολήσας
1659 1306 1958 1361 πνευματι-

373 1378 480 1450 κῆς
504 1378 755 1449 θεωρίας,
772 1381 852 1445 είς
874 1381 1045 1450 φλόγα
1070 1382 1340 1453 μετέωρον
1362 1380 1453 1435 τὸν
1483 1381 1647 1438 πόθον
1675 1381 1953 1452 ἀνήγειρε.

374 1470 563 1524 Πᾶσαν
610 1469 720 1542 γάρ
774 1470 1019 1526 Παλαιὰν
1066 1487 1127 1524 τε
1181 1472 1276 1525 καὶ
1325 1470 1534 1541 Καινὴν
1586 1469 1959 1541 ἐκμελετήσας

370 1562 615 1635 FP“?th
648 1563 744 1618 καὶ
765 1563 841 1628 ὡς
862 1563 962 1617 οὐκ
984 1562 1141 1627 ἄλλος
1168 1579 1254 1626 τις
1292 1565 1405 1627 τοῖς
1451 1561 1712 1625 τοιούτοις
1752 1560 1955 1633 θεωρή-

376 1669 540 1724 μασιν
582 1654 1072 1726 ἐμφιλοχωρήσας,
1125 1653 1254 1725 ὅλην
1300 1652 1541 1725 ἀκριϐῶς
1606 1653 1742 1724 πρὸς
1811 1652 1957 1718 λέξιν

369 1744 736 1817 ἡρμήνευσεν,
767 1745 873 1799 ἀπό
905 1762 967 1800 τε
994 1746 1092 1816 τῆς
1115 1744 1522 1816 κοσμογενείας,
1547 1744 1641 1799 καὶ
1670 1742 1829 1814 μέχρι
1855 1741 1957 1812 τῆς

2059 566 2147 621 the
2176 565 2527 636 possessione
2560 564 2920 635 comparavit,
2961 562 3263 618 secundum
3308 558 3442 614 illud
3470 557 3573 613 Job
3612 577 3625 612 :

2058 655 2194 711 Ecce
2227 656 2398 711 cultus
2430 655 2528 711 Dei
2560 666 2639 711 est
2673 657 2933 726 sapientia
2948 656 3011 711 ¹¹.
3042 654 3146 709 Per
3174 653 3347 719 illam,
3377 660 3437 707 ιιι
3469 653 3630 722 paulo

2058 756 2206 812 ante,
2258 747 2407 802 illius
2452 748 2751 819 puritatem
2796 746 2918 801 [idei
2964 744 3359 808 describentes,
3391 741 3632 797 ostendi-

2057 854 2200 900 mus,
2229 838 2505 909 quomodo
2547 836 2606 896 S.
2637 836 2839 894 Paulus
2868 837 2924 891 in
2972 836 3190 891 tertium
3231 833 3478 890 ascendit
3520 847 3631 886 coe-

2057 931 2167 984 lum
2189 930 2253 995 ¹⁸,
2288 937 2658 999 aeternamque
2688 929 2792 984 sibi
2818 927 3054 983 nominis
3082 926 3309 997 gloriam
3352 925 3408 979 in
3442 923 3630 978 Eccle-

2057 1022 2192 1077 siam
2217 1022 2447 1093 paravit.
2488 1021 2779 1077 Sacrarum
2822 1034 3038 1090 quoque
3072 1017 3479 1088 Scripturarum
3502 1015 3632 1071 huic

2055 1131 2121 1169 ex
2156 1114 2413 1170 Davidica
2440 1113 2662 1171 lucerna
2709 1126 2942 1168 accensa
2980 1118 3064 1166 est
3093 1109 3395 1172 meditatio,
3430 1122 3632 1163 secun-

2056 1206 2186 1263 dum
2221 1207 2369 1263 istud
2408 1227 2421 1262 :
2462 1205 2528 1262 In
2560 1205 2902 1262 meditatione
2932 1219 3049 1257 mea
3080 1199 3380 1257 exardescet
3410 1200 3544 1270 ignis
3564 1200 3630 1256 ³³.

2058 1296 2338 1369 Siquidem
2359 1312 2536 1366 amor,
2554 1295 2793 1354 cmlestis
2812 1291 3284 1362 contemplationis
3310 1291 3433 1361 igne
3455 1294 3628 1358 ipsum

2057 1391 2364 1446 accendens
2387 1430 2403 1457 ,
2461 1389 2779 1446 sublimium
2813 1400 2995 1442 rerum
3047 1383 3299 1439 ardorem
3336 1383 3620 1437 excitabat.

2055 1480 2190 1535 Nam
2217 1495 2432 1538 omnem
2459 1492 2513 1537 et
2537 1479 2832 1550 Antiquam
2854 1486 2909 1533 et
2930 1476 3134 1532 Novam
3167 1472 3508 1543 Scripturam
3538 1486 3613 1526 as-

2056 1573 2217 1628 siduo
2245 1573 2447 1637 studio,
2481 1581 2539 1626 ut
2576 1571 2761 1643 quivis
2784 1569 2949 1634 alius,
2983 1566 3230 1625 studiose
3262 1563 3525 1625 versavit,
3552 1577 3637 1616 ac-

2056 1670 2357 1735 curateque
2405 1663 2473 1718 ad
2501 1663 2731 1718 verbum
2758 1668 2843 1715 est
2890 1659 3302 1728 interpretatus,
3331 1666 3385 1711 et
3414 1653 3483 1709 ab
3514 1653 3636 1723 ipsa

2056 1754 2445 1827 procreatione’
2489 1753 2703 1819 mundi,
2745 1764 2921 1821 usque
2970 1748 3037 1804 ad
3070 1757 3409 1819 postremum
3443 1744 3634 1814 gratiae

371 1836 681 1929 τελευταίας
702 1839 801 1910 τῆς
830 1837 1047 1909 χάριτος
1081 1835 1285 1907 βίϐλου,
1315 1835 1384 1890 τά
1414 1835 1553 1906 βάθη
1578 1834 1685 1891 τῶν
1719 1850 1956 1905 κεκρυμ·

2059 1849 2278 1913 librum,
2328 1861 2449 1919 qua}
2483 1846 2686 1912 abdita,
2729 1860 2957 1916 qumque
2995 1856 3195 1897 arcana
3241 1854 3307 1895 ac
3350 1838 3635 1895 recondita

374 1926 552 1999 μένων
585 1929 667 1992 είς
701 1927 1012 1998 τούμφανὲς
1054 1925 1277 1997 ἀγαγὼν
1329 1925 1699 1999 θεωρημάτων
1724 1964 1740 1991 ,
1776 1924 1956 1994 λύχνῳ

375 2018 716 2089 κεχρημένος
746 2017 825 2088 τῷ
858 2017 1162 2089 Πνεύματι.

440 2114 518 2168 Οὐ
550 2112 711 2184 μόνον
738 2111 795 2167 δὲ
818 2111 1023 2181 ταύτης
1050 2109 1151 2180 τῆς
1178 2108 1454 2180 ἡμετέρας
1481 2107 1574 2160 καὶ
1601 2104 1954 2160 θεοπνεύστου

372 2205 565 2276 σοφίας
615 2205 736 2260 ὅλον
787 2203 881 2257 τὸν
930 2202 1300 2273 πνευματικὸν
1343 2199 1596 2271 κρατῆρα
1643 2196 1952 2262 ἐκπέπωκε,

367 2297 463 2353 καὶ
487 2299 598 2361 τοῖς
627 2296 806 2360 ἄλλοις
841 2294 1141 2367 μετέδωκεν
1165 2309 1181 2325 ο
1208 2292 1343 2346 ἀλλὰ
1384 2291 1478 2346 καὶ
1509 2291 1608 2361 τῆς
1637 2289 1741 2358 ἔξω
1764 2305 1957 2360 κοσμι-

367 2391 494 2463 κῆς,
522 2391 620 2462 ὅση
647 2407 706 2443 τε
742 2389 871 2460 περὶ
894 2386 955 2442 τὸ
981 2384 1515 2456 κατεγλωττισμένον
1543 2383 1637 2437 καὶ
1675 2382 1833 2453 ὀρθὸν
1860 2380 1955 2436 τοῦ

364 2484 548 2553 λόγου,
577 2482 678 2553 ὅση
708 2498 766 2535 τε
796 2479 922 2553 περὶ
950 2480 1012 2535 τὸ
1033 2478 1143 2535 τῶν
1172 2477 1460 2548 νοημάτων
1488 2475 1669 2547 βάθος,
1697 2475 1779 2528 ὅτι
1811 2473 1955 2544 μάλα

369 2574 697 2644 ἐξασκήσας,
740 2572 864 2628 ὅσον
916 2569 1017 2641 μὲν
1075 2568 1348 2640 χρήσιμον
1390 2563 1756 2635 προσελάϐετο
1780 2580 1793 2593 ·
1833 2563 1956 2616 ὅσον

368 2666 413 2722 δ’
442 2665 724 2738 ἀνόνητον,
768 2660 1092 2729 ἀπεϐάλετο,
1122 2658 1289 2730 ζυγῷ-
1312 2655 1655 2727 δικαιοσύνης
1681 2654 1776 2711 καὶ
1813 2656 1956 2726 πρᾶ-

371 2758 452 2825 ξιν
499 2758 593 2813 καὶ
625 2756 860 2829 θεωρίαν
900 2753 1402 2827 ἐμπορευσάμενος.
1449 2749 1698 2819 Ἀγνείαν
1728 2747 1787 2801 δέ
1825 2764 1955 2801 κατ-

368 2850 593 2924 ώρθωσε
624 2849 804 2921 ψυχῆς
838 2863 899 2903 τε
948 2844 1043 2900 καὶ
1078 2843 1346 2916 σώματος,
1379 2842 1513 2913 ὅσην
1544 2843 1579 2912 ἡ
1617 2839 1779 2910 φύσις
1818 2837 1956 2909 ἐχώ-

372 2961 488 3018 ρει·
525 2942 724 3017 μᾶλλον
752 2940 808 2994 δὲ
841 2938 936 2994 καὶ
973 2937 1111 3009 ὑπὲρ
1146 2937 1247 3008 τὴν
1284 2935 1465 3005 φύσιν·
1497 2933 1718 3005 χάριτος
1750 2930 1859 3002 γάρ
1893 2930 1956 2983 τὸ

369 3038 559 3110 δῶρον.
613 3035 751 3091 Οὔτε
807 3033 915 3105 γὰρ
968 3031 1066 3103 τὴν
1102 3029 1281 3101 ψυχὴν
1325 3031 1423 3099 τῆς
1464 3026 1607 3080 κατά
1649 3026 1740 3078 τὸν
1796 3022 1955 3095 ὀρθὸν

369 3128 525 3198 λόγον
551 3126 717 3194 ἕξεως
739 3124 969 3179 ἐνεδίδου
1006 3119 1451 3194 παρασφαλῆναι,
1476 3116 1589 3171 ἀλλ’
1616 3110 1685 3187 ἦν
1715 3113 1790 3178 ὠς
1818 3113 1953 3184 ἀλη-

369 3222 500 3289 θῶς,
524 3222 669 3293 ψυχῇ
716 3219 816 3293 μὲν
852 3217 1181 3290 βασιλεύων,
1236 3212 1448 3285 σώματι
1490 3211 1548 3264 δὲ
1598 3207 1957 3279 ἀγλαοφανῶς
1984 3202 2028 3262 C

371 3313 777 3387 ἐξαστράπτων.
810 3311 923 3366 Καὶ
974 3308 1242 3383 μαρτυρεῖ
1290 3308 1403 3369 τοῖς
1443 3302 1757 3374 λεγομένοις
1786 3302 1821 3372 ἡ
1856 3301 1957 3371 τῆς

374 3406 760 3478 ἱστορουμένης
789 3404 994 3476 πόρνης
1034 3398 1328 3474 μεταόολὴ,
1358 3398 1426 3470 ἢν
1469 3396 1605 3468 πρὸς
1635 3395 1834 3457 κακίας
1869 3392 1957 3447 δέ·

372 3500 505 3570 λεαρ
550 3499 579 3552 δ
608 3496 953 3570 βροτοκτόνος
999 3493 1342 3567 χρησάμενος
1377 3489 1576 3559 Βελίαρ
1621 3489 1701 3552 είς
1741 3484 1957 3555 ἀπάτην

372 3587 466 3642 τοῦ
494 3588 903 3661 πεφωτισμένου
929 3586 1143 3659 ἀνδρὸς,
1174 3584 1426 3639 τοσοῦτον
1448 3582 1654 3653 ἀπέσχε
1684 3580 1777 3633 τοῦ
1809 3578 1960 3636 ἐλπις

378 3680 624 3747 σθέντος,
652 3681 728 3746 ὡς
778 3679 872 3735 καὶ
922 3679 1090 3750 αὐτὴν
1126 3677 1224 3751 τὴν
1273 3673 1584 3749 μοιχαλιδὴν
1627 3673 1746 3727 κατ’
1792 3668 1957 3722 αὐτοῦ

371 3777 581 3833 ἐκείνου
627 3773 722 3829 τοῦ
771 3771 1166 3845 ὑπερϐαλόντος
1219 3765 1634 3842 παρατάξασθαι
1688 3759 1952 3832 Πονηροῢ,

371 3870 467 3925 καὶ
515 3865 870 3938 παραινέσεσι
922 3862 1017 3919 καὶ
1063 3861 1330 3933 τροπαῖς,
1384 3860 1506 3921 ταῖς
1553 3872 1614 3909 τε
1654 3853 1762 3907 τῶν
1801 3850 1960 3905 θείων

370 3961 547 4031 λόγων
568 3956 801 4029 ἐπῳδαῖς
833 3952 1280 4026 μεταϐληθεῖσαν,
1323 3948 1418 4004 καὶ
1459 3947 1597 4020 πρὸς
1620 3945 1682 4000 τὸ
1712 3945 1960 4018 κρεῖττον

376 4047 868 4123 μεταπλασθεϊσαν,
906 4043 1158 4116 σώφρονα
1202 4042 1301 4112 μὲν
1343 4039 1464 4094 ἀντὶ
1506 4035 1827 4099 ἀκολάστου,
1868 4050 1959 4086 σε-

375 4142 508 4214 μνὸν
534 4141 592 4195 δὲ
615 4137 734 4194 ἀντὶ
771 4136 1029 4207 ἀσέμνου,
1054 4132 1151 4189 καὶ
1184 4128 1430 4200 καθαρὰν
1459 4127 1581 4183 ἀντὶ
1618 4123 1960 4197 μεμολυσμέ-

373 4249 476 4306 νης
511 4228 920 4301 ἀποδειχθῆναι.

447 4430 692 4503 Δάκρυον
712 4427 771 4483 δέ
793 4426 855 4482 τὸ
885 4424 1108 4480 ἀένναον
1134 4421 1308 4476 εἰπεῖν
1340 4416 1548 4473 ἐκείνου
1580 4416 1793 4490 ῥεῖθρον
1828 4432 1961 4487 προ-

376 4521 674 4595 θυμηθέντι
729 4536 840 4591 μοι,
881 4515 1137 4589 δακρύειν
1179 4512 1348 4576 ὅντως
1385 4510 1711 4611 ἐπέρχεται·
1761 4508 1841 4561 ὅτι
1883 4507 1959 4579 μὴ
1992 4558 2035 4613 D

372 4616 497 4687 δίχα
518 4612 733 4678 τούτου,
768 4610 829 4665 τὸ
875 4610 971 4681 μὲν
996 4606 1103 4662 τῶν
1146 4604 1397 4676 δακρύων
1424 4599 1587 4655 αὐτοῦ
1624 4598 1856 4667 πέλαγος
1882 4598 1959 4669 τῷ

374 4709 521 4779 λόγῳ
570 4723 655 4770 τις
702 4701 1095 4759 διαπλεύσειεν.
1146 4699 1234 4762 Ὠς
1283 4696 1393 4768 γὰρ
1449 4695 1615 4749 πᾶσιν
1652 4692 1960 4764 ἀνθρώποις

378 4800 659 4872 σύμφυτον
687 4795 749 4851 τδ
776 4794 1052 4856 ἀναπνεῖν,
1089 4791 1184 4846 καὶ
1211 4789 1297 4845 ἀεὶ
1336 4786 1757 4860 ἐνεργούμενον·
1788 4783 1960 4849 οὕτως

387 4889 630 4963 Ἐφρατμ
657 4888 718 4942 τὸ
758 4886 1132 4957 δακρυρροεῖ-θ.
1163 4882 1237 4937 Οὐ
1269 4882 1378 4953 γὰρ
1406 4881 1609 4952 ἡμέρα,
1650 4876 1713 4931 οὐ
1751 4876 1869 4942 νὺξ,
1896 4875 1958 4929 οὐ

380 4978 751 5052 μεσονύκτιον,
784 4975 883 5046 οὐχ
925 4973 1064 5044 ὥρα,
1113 4971 1175 5026 ού
1226 4972 1459 5042 στιγμῆς
1502 4970 1564 5023 τὸ
1612 4968 1959 5032 λεπτότατον,

377 5072 467 5125 ὅτε
495 5068 658 5142 ξηρὸς
683 5069 712 5123 ὁ
740 5065 928 5122 τούτου
959 5063 1293 5127 ἀνύστακτος
1326 5061 1603 5134 ὀφθαλμὸς
1644 5060 1958 5132 καθωρᾶτο·

378 5163 459 5232 πῆ
494 5161 591 5233 μὲν
620 5160 690 5215 τὰ
715 5160 891 5231 κοινῇ,
923 5157 1001 5229 πῆ
1037 5155 1095 5210 δὲ
1134 5154 1202 5209 τὰ
1233 5155 1376 5221 ἰδίως
1411 5153 1858 5222 ἀποκλαιόμενος,
1887 5151 1962 5215 ὡς

378 5254 585 5324 ἔλεγεν,
612 5253 971 5325 άτοπήματα·
1005 5251 1328 5319 στεναγμοῖς
1354 5248 1411 5301 δὲ
1454 5248 1524 5302 τὰ
1561 5246 1670 5300 τῶν
1702 5245 1964 5316 ὀμμάτων

380 5347 562 5417 σοφῶς
586 5345 893 5418 ἐποχετεύει
915 5342 1136 5416 ῥεῖθρα·
1164 5341 1363 5414 μᾶλλον
1390 5340 1447 5393 δὲ
1475 5339 1740 5411 χεύμασιν
1759 5333 1960 5406 ὀφθαλ-

381 5437 501 5509 μῶν
537 5437 662 5502 τοὺς
697 5435 1032 5507 στεναγμοὺς
1057 5432 1384 5499 ἐξεκαλεῖτο.
1425 5431 1535 5485 Καὶ
1564 5425 1634 5502 ἦν
1662 5426 1962 5501 παράδοξος

377 5525 706 5598 ἀμφοτέρων
736 5527 771 5597 ἡ
798 5525 1042 5597 πρόοδος,
1088 5521 1184 5577 τοῦ
1227 5520 1413 5592 ἐτέρου
1456 5518 1603 5573 αίτία
1638 5518 1732 5572 τοῦ
1773 5516 1962 5588 ἐτέρου

381 5617 729 5692 φαινομένου”
747 5615 953 5672 ἔτικτον
974 5615 1084 5687 γάρ
1112 5613 1197 5669 ἐπ’
1230 5610 1376 5683 αὐτῷ
1403 5610 1609 5682 δάκρυα
1639 5611 1758 5681 μὲν,
1778 5625 1963 5664 στενα-

495 5797 538 5831 ¹’
561 5793 661 5853 Job
691 5793 928 5862 “1,15;
962 5810 1150 5866 rxvut,
1189 5796 1282 5852 28.
1362 5793 1403 5827 ¹⁸
1434 5794 1478 5849 ll
1502 5792 1627 5851 Cor.
1665 5806 1760 5859 xu,
1790 5791 1825 5844 2
1865 5805 1984 5861 sqq.

335 5896 391 5933 η.

2057 1950 2234 2005 erant,
2265 1938 2491 2012 spiritus
2525 1938 2747 2008 adjutus
2788 1935 3013 2003 lumine,
3054 1931 3462 1991 commentariis
3506 1930 3631 1984 illu-

2059 2033 2273 2091 stravit.

2127 2122 2316 2195 Neque
2371 2137 2502 2179 vcro
2558 2121 2832 2176 duntaxat
2887 2116 3055 2188 hujus
3114 2122 3320 2170 nostra:
3367 2111 3633 2168 divinitus

2056 2229 2332 2272 concessae
2366 2213 2649 2283 sapientiae
2682 2211 2874 2266 latices
2925 2208 3128 2272 hausit,
3163 2205 3392 2275 aliisque
3427 2203 3634 2272 imper-

2058 2308 2191 2361 titus
2231 2313 2339 2370 est,
2392 2305 2487 2360 sed
2535 2304 2700 2359 etiam
2736 2315 2851 2365 eas,
2884 2314 3004 2370 quae
3034 2296 3101 2352 ad
3137 2309 3285 2352 reete
3333 2303 3635 2363 ornateque

2056 2398 2276 2455 dicendi
2307 2398 2601 2462 rationem,
2634 2411 2699 2452 ac
2728 2394 2796 2449 ad
2831 2393 3094 2449 doctrinae
3118 2389 3474 2447 subtilitatem
3510 2401 3635 2456 per-

2055 2493 2252 2559 tinent,
2305 2500 2452 2548 artes
2505 2499 2669 2561 atque
2713 2487 3033 2559 disciplinas
3084 2493 3357 2555 quatenus
3401 2478 3635 2533 ducebat

2057 2585 2221 2641 utiles
2246 2626 2262 2652 ,
2304 2584 2524 2654 rejectis
2562 2580 2721 2637 vanis
2761 2580 3056 2647 stultisque
3101 2576 3265 2632 rebus
3293 2613 3308 2639 ,
3354 2569 3637 2654 aequitatis

2055 2677 2212 2732 lance
2268 2675 2536 2730 actionem
2591 2670 3218 2742 contemplationemque
3279 2650 3631 2737 ponderans;

2000 2799 2006 2807 -
2055 2766 2318 2822 exercuit.
2364 2763 2544 2820 Animi
2591 2777 2754 2834 porro
2794 2759 3149 2831 corporisque
3183 2756 3484 2822 munditia,
3532 2769 3632 2824 pro

2056 2856 2293 2912 hominis
2336 2863 2556 2918 natura,
2610 2855 2719 2909 imo
2753 2859 2807 2908 ct
2837 2865 3003 2920 supra
3053 2848 3425 2905 conditionem
3472 2847 3636 2916 quasi

2057 2948 2351 3001 humanam
2384 2943 2531 3016 (cum
2564 2944 2635 3001 sit
2667 2942 2856 3014 gratiae
2881 2938 3103 3011 donum)
3124 2936 3398 2994 excelluit.
3424 2935 3636 2990 Revera

2055 3038 2201 3093 enim
2231 3036 2416 3091 animo
2445 3034 2668 3106 quidem
2699 3033 3023 3104 imperabat,
3056 3043 3287 3100 corpore
3331 3035 3511 3083 autem
3540 3041 3634 3081 re-

2058 3127 2395 3201 Splendehat,
2426 3127 3009 3199 perturbationemque
3034 3123 3311 3178 dominam
3339 3117 3635 3175 circumfe-

2062 3224 2234 3278 rebat.
2268 3221 2424 3289 Quod
2470 3235 2536 3276 et
2569 3217 2808 3282 insidiis,
2842 3232 2960 3286 quae
2986 3216 3057 3279 ei,
3087 3215 3227 3270 sicut
3253 3211 3527 3270 memorize
3553 3216 3638 3263 est

2060 3315 2359 3388 proditum,
2392 3312 2460 3366 ab
2500 3311 2776 3381 impudica
2806 3315 3027 3364 structae
3059 3312 3187 3362 sunt
3219 3303 3467 3367 muliere,
3501 3299 3640 3355 satis

2060 3409 2440 3466 conﬁrmatur.
2485 3405 2623 3460 Nam
2669 3420 2794 3459 cum
2832 3418 2896 3458 ca
2947 3386 3204 3472 tanquam
3242 3412 3369 3453 esca
3402 3395 3637 3467 quadam

2060 3501 2306 3565 malitia),
2337 3500 2402 3553 ad
2437 3496 2731 3552 fallendum
2764 3494 3032 3565 insignem
3069 3508 3132 3547 ac
3157 3505 3341 3546 rarum
3379 3489 3527 3543 hunc
3557 3486 3640 3542 vi-

2060 3608 2181 3649 rum
2209 3588 2483 3647 homicida
2508 3587 2677 3642 Belial
2709 3601 2846 3641 usus
2880 3592 3026 3640 esset
3059 3603 3071 3637 :
3104 3591 3310 3637 tantum
3341 3580 3534 3643 abfuit,
3578 3584 3640 3633 ut

2060 3682 2204 3754 quod
2243 3686 2513 3751 sperarat,
2559 3682 3007 3747 consequeretur,
3041 3680 3100 3728 ut
3155 3673 3320 3728 etiam
3372 3671 3639 3724 adversus

2066 3775 2248 3843 ipsum
2288 3770 2694 3833 insidiatorem,
2720 3780 2836 3822 cam
2879 3766 2995 3837 ipse
3020 3764 3387 3819 decertantem
3424 3759 3479 3815 in
3506 3773 3641 3814 con-

2061 3864 2213 3920 ﬂictu
2261 3861 2610 3919 constituerit
2646 3875 2660 3913 :
2706 3857 2977 3929 siquidem
3016 3851 3510 3918 cohortationibus,
3554 3857 3641 3903 at-

2061 3972 2167 4028 que
2200 3952 2688 4016 admonitionibus,
2725 3950 3145 4017 divinarumque
3171 3945 3446 3999 rationum
3481 3941 3641 4012 quasi

2065 4045 2559 4110 incantationibus,
2618 4043 2793 4113 ipsam
2845 4052 3168 4096 conversam
3230 4036 3299 4092 ad
3356 4034 3640 4089 meliorem

2063 4138 2274 4210 frugem
2308 4133 2564 4207 perduxit
2597 4151 2611 4187 :
2647 4138 2702 4186 et
2728 4146 2797 4186 ex
2845 4127 3122 4198 impudica
3155 4124 3433 4198 pudicam,
3468 4137 3534 4178 ex
3562 4121 3637 4175 la-

2063 4231 2213 4288 sciva
2249 4242 2493 4301 gravem,
2527 4240 2595 4281 ex
2625 4223 2910 4294 inquinata
2943 4235 3133 4292 puram
3166 4225 3487 4288 castamque
3525 4212 3643 4269 red-

2063 4322 2222 4377 didit.

2131 4414 2254 4469 Jam
2281 4426 2412 4469 vero
2441 4408 2747 4467 diﬂluentes
2780 4420 2845 4461 ac
2898 4412 3194 4476 perpetuas
3241 4397 3414 4469 ipsius
3470 4394 3643 4465 lacry-

2062 4522 2181 4563 mas
2210 4504 2413 4561 referre
2446 4500 2672 4564 volenti,
2700 4514 2827 4555 vere
2851 4497 3179 4553 oboriuntur
3204 4492 3482 4560 lacrymm,
3514 4502 3639 4542 cum

2063 4599 2154 4654 vix
2190 4598 2399 4668 absque
2433 4593 2691 4666 lacrymis
2730 4591 2852 4661 ejus
2895 4590 3260 4658 lacrymarum
3311 4581 3537 4652 pelagus
3573 4578 3641 4632 li-

2064 4696 2186 4747 ceat
2218 4688 2579 4744 transfretare
2624 4701 2639 4739 :
2691 4697 2816 4737 nam
2869 4680 3013 4734 sicut
3063 4673 3279 4730 cunctis
3324 4671 3641 4726 hominibus

2064 4780 2208 4838 citra
2232 4778 2697 4836 intermissionem
2721 4771 2975 4844 spiritum
2994 4767 3194 4823 ducere
3216 4772 3300 4820 est
3326 4762 3637 4833 proprium:

2068 4877 2143 4930 ita
2200 4870 2645 4943 beatoEphraam
2696 4864 2917 4921 assidue
2965 4862 3237 4931 lacrymas
3282 4853 3639 4943 profundere,

2066 4972 2266 5022 natura
2318 4956 2723 5032 quodammodo
2796 4952 3084 5009 videbatur
3157 4948 3401 5005 insitum.
3480 4942 3642 4998 Nulla

2067 5057 2270 5129 quippe
2303 5053 2445 5115 dies,
2483 5050 2636 5105 nulla
2663 5063 2797 5113 nox,
2829 5044 2980 5102 nulla
3011 5043 3118 5098 dici
3166 5041 3455 5110 noctisque
3487 5052 3641 5108 pars,

2067 5147 2393 5214 nullumque
2424 5139 2733 5198 brevissimi
2768 5135 3031 5207 temporis
3058 5140 3470 5189 monumentum
3517 5130 3640 5195 fuit,

2067 5240 2124 5295 in
2151 5250 2262 5306 quo
2294 5249 2407 5290 non
2437 5232 2631 5303 vigiles
2660 5230 2838 5301 ipsius
2875 5227 3024 5283 oculi
3057 5224 3314 5296 lacrymis
3352 5222 3639 5293 conspice-

2066 5334 2259 5387 rentur
2287 5324 2500 5399 profusi
2546 5339 2560 5377 :
2608 5335 2756 5378 nunc
2784 5319 2929 5375 enim
2962 5331 3305 5382 communes,
3347 5330 3495 5370 nunc
3528 5314 3641 5384 pri-

2067 5429 2246 5485 vatas,
2284 5426 2343 5473 ut
2375 5416 2574 5483 aiebat,
2598 5412 2934 5470 calamitates
2955 5408 3431 5479 absurditatcsque
3457 5408 3643 5478 deplo-

2068 5513 2225 5570 rabat
2257 5525 2271 5566 :
2309 5508 2565 5581 suspiriis
2588 5519 2754 5578 porro
2779 5501 3068 5559 oculorum
3091 5499 3315 5557 ﬂumina
3343 5500 3643 5572 prudenter

2068 5604 2368 5670 inhibebat,
2401 5606 2496 5657 aut
2520 5599 2701 5672 potius
2734 5592 3020 5653 oculorum
3047 5592 3369 5653 ﬂuminibus
3404 5593 3642 5667 suspiria

2067 5788 2108 5820 ινδ
2149 5783 2294 5840 Psal.
2331 5782 2553 5849 xxxviii,
2592 5782 2640 5835 4.
