4050 6164
407 308 504 361 831

1671 305 1729 361 S.
1769 303 2096 361 GBEGORII
2136 301 2426 361 NYSSENI

3553 286 3665 342 852

410 423 681 478 excitabat
738 420 975 492 Eratque
1025 421 1097 476 rei
1135 422 1417 491 utriusque
1448 434 1773 491 progressus
1808 422 1979 476 adml—
2008 472 2013 480 .

2116 421 2256 491 μοὺς
2274 419 2604 489 ,στεναγμοὶ
2617 418 2674 472 δέ
2699 416 2856 472 πάλιν
2877 414 3101 486 δάκρυα·
3128 412 3221 465 καὶ
3252 409 3312 463 τὸ
3346 409 3513 461 αἴτιον
3552 406 3667 468 τοῖς

412 513 627 576 rabilis,
656 512 783 566 licet
814 511 1054 580 alioquin
1105 518 1397 581 utrumqtte
1447 511 1673 565 alterius
1703 510 1996 588 videretur

2082 508 2294 572 πολλοῖς
2314 508 2693 579 ἀγνοούμενον.
2725 508 2931 578 Χρόνου
2959 505 3066 577 γὰρ
3089 502 3262 557 ταῦτα
3295 502 3373 571 μὴ
3401 498 3669 570 διαιρούν-

413 619 602 658 causa.
636 601 983 657 Proﬂuebant
1013 602 1213 671 quippe
1242 602 1346 672 ipsi
1375 602 1648 671 lacrymar,
1685 586 1996 675 multisque

2116 617 2192 665 ος,
2212 599 2324 652 ἀλλ’
2343 598 2430 651 ἀεὶ
2449 598 2557 652 τῶν
2573 597 2890 675 στεναγμῶν
2903 597 3112 667 δάκρυα
3125 591 3534 662 διαδεχομένων,
3548 586 3672 642 εἶτα

415 695 691 765 incognita
743 700 860 748 erat
914 708 1105 757 causa.
1184 692 1319 748 Cum
1383 694 1527 748 enim
1584 701 1800 763 tempus
1859 674 1999 768 illas‘~

417 801 523 840 non
572 784 833 847 auferret,
866 786 958 839 sed
989 790 1176 839 mutua
1207 784 1441 854 quadam
1495 785 1894 846 vicissitudine,
1933 792 1987 838 et

414 880 668 949 lacrymte
698 877 958 948 suspiria,
992 884 1045 932 et
1074 879 1310 946 suspiria
1338 879 1610 949 lacrymas
1649 877 1984 946 exciperent,

417 959 731 1025 alterutrius
785 986 952 1025 causa
1012 970 1231 1025 latebat.
1296 968 1433 1025 lllud
1485 962 1615 1025 vero
1673 974 1986 1040 cognoscet,

417 1064 671 1134 quisquis
700 1063 875 1132 ipsius
908 1063 1115 1133 scripta
1149 1064 1431 1119 evolvcrit.
1477 1062 1663 1132 Neque
1689 1064 1834 1118 enim
1870 1071 1992 1117 tan-

418 1155 724 1217 tummodo,
764 1155 855 1208 ubi
906 1154 972 1208 de
1014 1154 1352 1224 pmnitentia,
1388 1155 1457 1209 de
1502 1156 1767 1220 moribus,
1805 1154 1873 1209 de
1908 1170 1993 1209 re-

419 1248 524 1303 ctis
554 1249 677 1302 vita:
708 1247 975 1301 institutis
1010 1246 1142 1315 agit,
1193 1247 1368 1316 ipsum
1400 1247 1745 1317 plangentem
1791 1261 1854 1303 ac
1901 1264 1996 1303 su-

421 1338 718 1408 spirantem
752 1338 1017 1404 inveniet;
1042 1352 1228 1409 verum
1254 1347 1304 1392 et
1330 1338 1385 1392 in
1412 1337 1543 1409 ipsis
1567 1337 1993 1403 laudationibus,

423 1444 561 1499 quas
596 1429 915 1499 plerumque
947 1409 1137 1484 omnes
1164 1400 1332 1487 multa
1375 1444 1666 1498 aspergere
1701 1412 1879 1484 sole-nt
1913 1428 1998 1480 hi-

424 1519 658 1573 laritate.
691 1518 789 1573 Hic
815 1533 948 1573 vero
976 1518 1229 1573 eumdem
1258 1534 1317 1573 se
1358 1519 1561 1588 ubique
1581 1519 1835 1587 praebuit,
1867 1519 2002 1573 assi-

425 1610 638 1680 dueque
668 1610 883 1680 lugendi
913 1625 1134 1676 munus,
1166 1618 1225 1663 ut
1259 1609 1480 1664 divitias
1511 1610 1792 1678 expetivit.
1845 1609 2001 1664 Unde

426 1711 479 1756 et
504 1719 647 1756 nunc
676 1702 788 1757 fere
820 1709 1049 1756 cunctos
1080 1702 1253 1770 ipsius
1283 1716 1596 1756 sermonum
1624 1701 1902 1756 auditores
1933 1703 1999 1756 ad

2085 692 2245 745 πάλιν
2276 693 2479 746 τούτων
2512 690 2865 760 στεναγμοὺς,
2884 688 2991 748 ,καὶ
3021 686 3222 741 κύκλου
3258 682 3397 747 τινδς
3421 680 3676 751 γιγνομέ-

2086 800 2201 846 νου,
2233 783 2426 854 ἄδηλος
2465 779 2533 855 ἦν
2567 784 2599 854 ή
2629 781 2790 852 ἀρχὴ,
2822 779 2916 833 καὶ
2946 777 3174 847 θατέρου
3225 775 3287 828 τὸ
3339 776 3529 843 αίτιον.
3563 771 3675 824 Καὶ

2087 874 2243 929 τοῦτό
2288 894 2369 940 τις
2403 876 2691 945 κατόψεται
2734 875 2843 936 τοῖς
2888 869 3051 925 αὑτοῦ
3095 866 3517 937 προσομιλήσας,
3546 879 3679 931 συγ-

2091 974 2429 1046 γράμμασιν.
2466 952 2541 1031 Ού
2584 966 2742 1037 μόνον
2788 965 2895 1034 γὰρ
2937 956 3570 1029 ἀποκλαιόμενον¹αύτδν
3617 954 3678 1007 ἐν

2092 1069 2203 1130 τοῖς
2246 1064 2373 1134 περὶ
2408 1059 2694 1133 μετανοίας
2737 1059 2831 1111 καὶ
2856 1055 3041 1128 ,ἤθους
3083 1053 3179 1107 καὶ
3229 1050 3501 1111 πολιτείας
3522 1064 3678 1118 ,χρη-

2096 1157 2228 1226 στῆς
2254 1154 2474 1227 εὑρήσει
2515 1152 2724 1220 λόγοις,
2765 1148 2899 1203 ἀλλά
2942 1147 3038 1201 καὶ
3080 1147 3137 1199 ἐν
3179 1144 3358 1205 αὐτοῖς
3393 1143 3680 1203 τοῖςηπαν-

2096 1248 2376 1319 ηγυρικοῖς
2421 1241 2586 1299 αὐτοῦ
2636 1241 2835 1311 λόγοις,
2886 1238 3015 1291 ἔνθα
3077 1235 3277 1305 πολλὴν
3325 1232 3579 1285 εἰώθασιν
3628 1231 3680 1282 οἱ

2099 1340 2336 1394 πλεῖστοι
2380 1334 2734 1408 περιχάρειαν
2775 1334 2833 1385 ἐν
2880 1332 2993 1393 τοῖς
3030 1327 3212 1396 λόγοις
3250 1323 3578 1384 δείκνυσθαι.
3624 1321 3691 1379 ’0,

2098 1429 2155 1483 δέ
2190 1424 2460 1496 πανταχοῦ
2488 1422 2684 1485 ταύτὸς
2726 1416 2815 1491 ἦν,
2857 1417 2952 1481 καὶ
2993 1418 3091 1486 τῆς
3131 1410 3469 1476 κατανύξεως
3504 1408 3691 1475 διηνε-;

2101 1518 2211 1583 κῶς
2257 1516 2506 1570 ἐπλούτει
2549 1514 2610 1567 τὸ
2655 1512 2919 1584 χάρισμα.
2955 1507 3146 1562 Ἔνθεν
3196 1505 3290 1559 καὶ⁵
3340 1501 3435 1556 νῦν
3501 1497 3689 1568 σχεδίαν

2102 1612 2311 1674 πάντας
2352 1607 2518 1663 αὐτοῦ
2553 1607 2675 1668 τοὺς
2718 1604 2827 1657 τῶν
2865 1602 3038 1668 λόγων
3085 1596 3360 1670 ἀκροατὰς
3410 1593 3546 1664 πρὸς
3590 1590 3689 1660 τὴν

2104 1703 2272 1764 ὅντως
2297 1697 2648 1777 ἀνακαλεῖται
2694 1696 2858 1765 ζωήν.
2902 1691 3181 1760 Τοσαύτην
3230 1688 3381 1757 ἰσχὺν
3423 1685 3452 1736 ὁ
3500 1682 3690 1736 τούτου

429 1809 610 1847 veram
641 1791 1072 1862 amplectendam
1101 1791 1265 1845 vitam
1302 1799 1521 1845 revocat
1552 1810 1565 1845 :
1596 1799 1801 1845 tantam
1825 1792 1999 1862 ipsius

2116 1762 2365 1864 κέκτηται
2393 1791 2745 1851 θεόπνευστος
2769 1762 2923 1855 λόγος
2962 1784 3192 1854 δάκρυσι
3223 1774 3690 1846 σνγκεκραμένος.

428 1885 590 1939 tnista
616 1883 871 1954 lacrymis
904 1885 1011 1938 vim
1058 1882 1300 1937 continet
1334 1882 1531 1936 oratio.
1584 1882 1719 1947 Quis
1748 1884 1891 1937 enim
1926 1884 2001 1938 ita

427 1976 569 2029 duro
598 1984 653 2029 et
703 1971 1167 2028 adamantino‘est
1199 1973 1384 2038 conde,
1421 1973 1514 2043 qui
1553 1974 1673 2043 ejus
1702 1974 1864 2028 verba
1907 1990 2003 2029 au-

429 2068 606 2129 diens.
655 2081 765 2120 non
796 2065 1139 2129 mansuefiat,
1175 2080 1497 2135 morumque
1535 2054 1831 2135 asperitate
1858 2067 2006 2135 abje-

429 2168 516 2213 cta
544 2199 561 2223 ,
620 2160 736 2214 suis
772 2158 946 2228 ipsius
990 2156 1232 2226 peccatis
1279 2171 1347 2211 ex
1391 2156 1573 2210 animo
1625 2171 1733 2210 non
1765 2156 2009 2211 doleat?

431 2250 563 2317 Quis
594 2252 728 2305 adeo
760 2249 907 2304 ferus
937 2257 1020 2305 est
1066 2256 1120 2303 et
1155 2248 1401 2312 immitis,
1438 2247 1532 2316 qui
1565 2248 1858 2302 salutarem
1887 2248 2008 2316 ejus

431 2344 735 2399 doctrinam
769 2342 994 2397 auribus
1025 2340 1334 2412 percipiens
1369 2340 1607 2410 {tempus
1632 2354 1742 2394 non
1765 2339 2012 2409 deplorct

432 2436 576 2509 quod
609 2452 890 2507 perperam
941 2434 1245 2505 transegit?
1294 2433 1428 2500 Quis
1467 2434 1602 2488 adeo
1639 2434 1894 2487 immanis
1928 2441 2006 2486 at-

433 2545 540 2599 que
567 2529 807 2583 crudelis
832 2545 845 2581 :
875 2529 967 2598 qui
1006 2528 1170 2583 simul
1197 2542 1261 2583 ac
1285 2528 1450 2582 verba
1479 2525 1599 2595 ejus
1629 2527 1824 2595 quovis
1853 2525 2012 2580 melle

435 2620 680 2675 dulciora
709 2619 1052 2691 gustaverit),
1082 2635 1191 2674 non
1227 2634 1285 2674 se
1311 2633 1434 2672 mox
1471 2617 1656 2671 mitem
1692 2615 2011 2670 amabilem-

435 2727 540 2781 qne
571 2711 793 2764 omnino
823 2709 1110 2765 exhibeat?
1150 2706 1284 2775 Q'nis
1313 2709 1619 2763 abhorrens
1653 2723 1682 2761 a
1725 2707 2004 2778 lacrymis,

435 2805 511 2858 ita
544 2819 601 2858 se
629 2803 852 2871 tradidit
881 2803 1277 2872 voluptatibus,
1309 2801 1442 2871 quin
1478 2800 1563 2855 vel
1592 2799 1821 2854 modicis
1862 2799 2009 2854 illius

2105 1888 2262 1949 Ποῖος
2292 1884 2400 1954 γάρ
2455 1882 2795 1952 ἀμείλικτος,
2845 1877 2878 1949 ἢ
2931 1878 2996 1947 τῇ
3041 1874 3234 1946 καρδίᾳ
3283 1869 3532 1939 λιθώδης,
3583 1866 3694 1954 τῶν

2106 1938 2315 2029 τούτου.
2344 1938 2603 2044 ῥημάτων
2651 1938 2996 2026 tractatio“,-
3025 1961 3086 2014 οὐ
3115 1938 3565 2029 ’μαλαχθήσεταμ
3593 1938 3697 2044 ,καὶ

2105 2068 2168 2122 τὸ
2201 2042 2431 2135 σκληρὸν
2460 2060 2553 2115 τοῦ
2582 2059 2745 2130 ἦθους
2774 2053 3080 2115 ἀποϐαλὼν,
3104 2052 3223 2112 ταῖς
3248 2044 3439 2135 ἑαυτοῦ
3474 2042 3694 2135 κακίαις

2109 2131 2535 2224 ἐπιστυγνὰσεις
2591 2152 2748 2212 Ποῖος
2795 2147 2983 2217 ἄγριος
3029 2142 3090 2195 τὸ
3130 2137 3282 2211 ἦθος,
3332 2137 3365 2207 ἢ
3423 2131 3696 2205 θηριώδης

2108 2249 2199 2301 τὸν
2232 2246 2429 2317 τρόπον
2459 2242 2557 2314 τὴν
2593 2238 2884 2311 ψυχωφελῆ
2922 2231 3269 2290 διδασκαλίαν
3309 2224 3473 2282 αὐτοῦ
3512 2226 3698 2317 ἐνωτι-

2113 2314 2282 2404 σθεὶς,
2307 2340 2406 2392 οὐκ
2438 2336 2598 2399 εὐθὺς
2626 2331 2856 2405 χρηστὸς
2899 2329 2991 2383 καὶ
3024 2323 3291 2394 ἐπιεικὴς,
3318 2320 3410 2374 καὶ
3438 2319 3548 2379 τοῖς
3573 2314 3699 2386 τρότ

2110 2449 2231 2494 ποις
2261 2430 2411 2483 ἔσται
2443 2426 2774 2498 φιλάγαθος;
2812 2424 2968 2485 Ποῖος
2999 2418 3208 2490 χαίρειν
3234 2409 3548 2489 ἐμμελετῶν
3581 2408 3698 2469 ταῖς

2111 2523 2203 2577 τοῦ
2231 2523 2345 2593 βίου
2374 2519 2751 2591 ἡδυπαθείαις,
2788 2515 2883 2569 καὶ
2909 2514 2970 2567 τὸ
2998 2508 3250 2581 δακρύειν
3280 2500 3699 2573 ἀποστρεφόμε-

2113 2633 2221 2681 νος,
2251 2614 2447 2683 ὀλίγων
2481 2611 2721 2674 ἀκούσας
2763 2608 2971 2663 ἐκείνου
3015 2603 3295 2677 ῥημάτων,
3338 2597 3399 2650 ού
3442 2593 3702 2665 θρηνήσει

2114 2707 2207 2761 καὶ
2249 2705 2564 2769 κλαύσεται,
2602 2703 2697 2757 καὶ
2736 2702 2815 2765 εἰς
2859 2698 3162 2768 ὑπόμνησιν
3201 2691 3331 2763 ἔλθῃ
3366 2687 3472 2742 τῶν
3512 2684 3694 2756 βεϐιω-

2119 2799 2297 2870 μένων
2335 2796 2645 2869 μελλούσης
2661 2791 3066 2853 ἀνταποδόσεως
3089 2804 3104 2853 ;

440 2898 622 2953 verbis
652 2896 874 2962 auditis,
909 2896 1333 2952 retributionem
1364 2895 1533 2962 illam,
1562 2907 1728 2964 quam
1770 2908 1871 2963 pro
1903 2893 2013 2947 vita
2051 2901 2303 2948 anteacta
2334 2892 2609 2961 accepturi
2656 2902 2869 2951 sumus,
2898 2885 2957 2940 in
3016 2879 3335 2937 memoriam
3411 2872 3700 2929 reducens.

443 3005 551 3044 non
583 2990 912 3043 lamentetur
945 3003 1009 3043 ac
1035 2987 1256 3058 lugeat?

511 3079 570 3134 In
612 3081 780 3134 rebus
820 3078 935 3133 fieri
962 3036 1388 3148 nethauntibus,
1433 3077 1567 3132 illud
1613 3078 1818 3147 passim
1850 3094 2012 3133 usur-

2186 3073 2368 3130 Λίθον
2399 3069 2590 3141 ἐψεῖς,
2626 3036 2799 3140 me.
2829 3065 2934 3132 ἔξω
2967 3061 3234 3133 παροιμία
3261 3036 3357 3113 ἐπι
3380 3058 3495 3114 τῶν
3510 3057 3695 3127 ἀδυνά.

442 3179 576 3242 pant
613 3170 926 3241 proverbii:
958 3168 1215 3239 Lapidem
1244 3184 1483 3239 coquere
1511 3169 1725 3224 niteris.
1767 3168 1838 3223 At
1870 3170 2015 3225 istud

448 3264 564 3319 tieri
596 3278 760 3333 posse
781 3278 883 3320 nos
919 3263 1297 3333 experimento
1326 3261 1507 3317 edocti
1533 3261 1849 3317 didicimus.
1883 3263 2013 3316 San-

447 3362 573 3410 ctus
602 3355 804 3424 quippe
833 3355 920 3409 hic
952 3369 1145 3423 senex,
1172 3354 1385 3410 animos
1412 3338 1555 3424 quos
1586 3355 1656 3409 ob
1684 3355 1881 3409 malam
1924 3354 2020 3409 ob-

450 3446 820 3517 stinatamque
851 3447 1105 3502 duritiem
1137 3446 1348 3517 lapides
1380 3430 1605 3503 dixeris.
1642 3449 1803 3516 plane
1849 3448 2022 3502 emol-

450 3539 569 3593 livit
597 3554 661 3594 ac
698 3538 876 3610 fregit,
913 3538 1169 3609 flexitque
1205 3546 1265 3593 ut
1296 3540 1489 3593 voluit.
1541 3537 1676 3605 Quis
1726 3540 1870 3593 enim
1905 3539 2024 3608 ejus

451 3631 517 3686 de
547 3631 852 3687 humilitate
882 3632 1190 3689 orationem
1229 3632 1438 3703 legens,
1487 3647 1599 3687 non
1650 3648 1865 3688 onmem
1901 3648 2025 3687 mox

450 3722 519 3776 de
555 3738 614 3777 se
653 3724 1136 3791 existimationem,
1174 3730 1228 3779 et
1262 3725 1488 3780 stultam
1521 3726 1889 3795 arrogantiam
1932 3726 2028 3779 de-

450 3821 639 3882 ponat,
668 3830 733 3869 ac
781 3831 842 3871 se
889 3816 1134 3870 omnium
1188 3815 1618 3885 abjectissimum
1651 3815 1975 3871 confiteatur
2001 3816 2027 3869 ?

454 3904 592 3970 Quis
623 3920 707 3970 ea,
739 3921 860 3975 quae
912 3906 979 3960 de
1028 3905 1301 3959 charitate
1347 3886 1699 3976 conscripsit,
1751 3907 2028 3967 lectitans,

459 4014 568 4053 non
602 4000 683 4053 sic
718 3999 1074 4066 accendatur,
1106 4007 1164 4054 ut
1210 3999 1279 4055 ad
1326 3999 1559 4070 quodvis
1590 4001 1751 4055 etiam
1791 3991 2031 4073 subetth

459 4090 589 4144 dum
641 4090 943 4158 periculum
999 4098 1224 4160 paratus
1281 4092 1395 4148 sit?
1437 4090 1573 4157 Quis
1619 4092 1711 4147 illa
1751 4092 2028 4159 evolvens,

459 4179 662 4250 quibus
711 4180 1077 4250 virginitatem
1126 4182 1332 4249 laudat,
1387 4198 1496 4237 non
1550 4198 1609 4238 se
1656 4182 1766 4239 Deo
1818 4192 2029 4240 castum

2117 3184 2224 3221 των
2270 3162 2620 3235 παρείληφεν.
2674 3159 2843 3229 Ἡμῖν
2877 3156 2936 3227 δέ
2977 3154 3134 3208 τοῦτο
3176 3152 3415 3224 ἐναργῶς
3457 3152 3488 3222 ή
3542 3153 3710 3215 πεῖρα

2121 3258 2451 3330 παρέστησε.
2505 3253 2616 3317 Τὰς
2666 3250 2774 3323 γὰρ
2845 3248 3141 3320 ἀτέγκτους
3198 3245 3293 3299 καὶ
3351 3243 3714 3330 ἀνυπείκτους

2120 3329 2317 3420 ψυχὰς,
2356 3346 2451 3401 καὶ
2491 3342 2852 3415 φυλάττεσθαι
2900 3342 2993 3393 καὶ
3027 3339 3256 3411 ὑπήκειν
3297 3338 3326 3389 ὁ
3369 3334 3511 3398 θεῖος
3555 3329 3713 3397 οὗτος

2125 3438 2435 3512 πρεσϐύτης
2474 3433 2822 3505 παρέπειθεν.
2852 3432 2948 3495 Τίς
2985 3427 3222 3502 ἐντυχὼν
3255 3425 3419 3480 αὐτοῦ
3461 3425 3538 3496 τῷ
3577 3422 3712 3496 περὶ

2124 3527 2624 3600 ταπεινοφροσύνης
2659 3527 2823 3595 λόγῳ,
2865 3524 2925 3577 ού
2972 3524 3153 3595 πᾶσαν
3200 3520 3296 3591 μὲν
3342 3519 3500 3581 εὐθὺς
3534 3516 3715 3587 οἴησιν

2126 3622 2451 3693 ἐκμισήσει,
2497 3619 2612 3673 ἀλλ’
2662 3619 2781 3671 οὐδὲ
2842 3615 3041 3677 παντὸς
3088 3613 3466 3681 ταπεινότερον
3517 3608 3715 3662 ἑαυτὸν

2127 3714 2454 3785 ὲκκηρύξει;
2509 3711 2605 3775 Τίς
2641 3712 2754 3774 τοῖς
2813 3708 2939 3778 περὶ
2987 3705 3205 3774 ἀγάπης
3253 3702 3562 3765 ἐπιϐαλὼν,
3614 3701 3716 3770 οὐχ

2129 3807 2285 3877 ὑπὲρ
2328 3807 2549 3875 ἀγάπης
2601 3800 3048 3874 προκινδυνεῦσαι
3091 3797 3411 3861 σπουδάσει;
3454 3794 3551 3857 Τίς
3599 3797 3717 3856 τοῖς

2130 3899 2260 3970 περὶ
2309 3896 2607 3968 παρθενίας
2657 3892 3101 3965 προσομιλήσας,
3153 3890 3252 3959 οὐχ
3310 3886 3474 3957 ἁγνὸν
3522 3885 3716 3938 ἑαυτὸν

2129 3992 2275 4063 ψυχῇ
2315 4008 2375 4043 τε
2413 3988 2508 4043 καὶ
2538 3986 2751 4057 σώματι
2792 3985 2910 4055 Θεῷ
2950 3981 3274 4051 ἀγωνίσεται
3327 3977 3712 4048 παραστῆσαι;

2132 4085 2175 4135 Τ
2181 4083 2228 4146 ίς
2266 4083 2376 4145 τοῖς
2424 4080 2554 4151 περὶ
2587 4078 2838 4150 κρίσεως,
2869 4077 2984 4146 ἤτοι
3018 4073 3272 4142 δευτέρας
3299 4067 3720 4145 Χριστούέλεύ-

2135 4191 2271 4238 σεως
2294 4172 2559 4243 ἐγκύψας,
2601 4171 2663 4240 ού
2697 4166 3064 4241 παρίστασθαι
3100 4164 3177 4236 τῷ
3204 4165 3409 4221 ἐκεῖθεν
3447 4161 3717 4233 κριτηρίῳ

460 4286 693 4342 corpore
730 4273 1019 4344 animoque
1054 4274 1250 4331 otIerre
1278 4264 1615 4331 contendat?
1652 4276 1784 4343 Quis
1809 4278 2013 4332 audiens

2133 4264 2372 4336 νομίσει,
2428 4264 2524 4316 καὶ
2558 4262 2854 4332 σύντρομος
2896 4258 3220 4329 γενόμενος,
3262 4259 3360 4329 τὴν
3402 4255 3717 4311 τελευταίαν

462 4362 543 4417 vel
572 4364 757 4434 legens
789 4364 907 4435 ejus
946 4380 1253 4429 sermones,
1295 4367 1497 4437 quibus
1539 4366 1807 4435 judicium
1856 4376 2013 4420 extre

2135 4357 2236 4427 ἥδη
2280 4355 2553 4435 ἀπόφασιν
2595 4354 2713 4407 κατ’
2752 4349 2916 4405 αὐτοῦ
2970 4350 3411 4421 ἐξενεχθήσεσθαι
3455 4348 3713 4417 δοκήσεις

462 4467 631 4519 mum,
673 4455 788 4510 sive
819 4457 1120 4512 secundum
1153 4457 1303 4511 illum
1344 4457 1546 4511 Christi
1596 4457 1887 4531 adventum
1938 4457 2013 4529 de-

2137 4449 2320 4513 Οὕτως
2350 4448 2458 4518 γὰρ
2492 4446 2798 4518 παρέστησε
2834 4444 2894 4498 τὸ
2931 4443 3122 4515 μέλλον
3162 4441 3255 4496 τοῦ
3290 4441 3436 4531 pecu
3463 4440 3719 4509 δικαστή-

460 4545 651 4602 scribit
676 4589 690 4614 ,
718 4564 826 4602 non
857 4550 929 4602 ita
957 4549 1121 4604 corde
1154 4556 1208 4603 et
1238 4548 1421 4601 animo
1451 4548 1736 4613 alliciatur,
1776 4548 1931 4619 quasi
1964 4564 2013 4602 at

2142 4557 2255 4611 ριον
2286 4541 2315 4592 ὁ
2352 4539 2591 4608 ἀοίδιμος
2625 4537 2718 4591 καὶ
2754 4533 3233 4607 προφητικώτατος
3260 4524 3414 4596 οὗτος
3441 4531 3580 4601 ἀνὴρ
3599 4573 3612 4589 ,
3643 4528 3719 4591 ὡς

461 4637 596 4693 illud
637 4638 904 4709 judicium
950 4634 1176 4707 jamjam
1225 4636 1506 4692 sistendus
1551 4637 1736 4691 esset?
1780 4645 2013 4705 metuqm

2144 4632 2314 4705 μηδὲν
2354 4630 2453 4701 μὲν
2489 4629 2673 4699 ἕτερον
2712 4624 3097 4683 ὑπολείπεσθαι
3140 4624 3412 4693 γνώσεως,
3458 4623 3616 4694 μόνον
3663 4623 3722 4672 δὲ

462 4739 687 4803 repente
718 4733 797 4787 sic
824 4732 1198 4794 exhorrescat,
1232 4745 1296 4783 ac
1319 4729 1364 4784 si
1392 4728 1659 4784 adversus
1686 4728 1863 4798 ipsum
1904 4743 2013 4784 scn-

2136 4724 2216 4795 τῷ
2248 4724 2394 4795 ἔργῳ
2420 4721 2595 4790 τούτῳ
2627 4720 2722 4773 καὶ
2750 4721 2817 4788 τῇ
2850 4717 3015 4787 πείρᾳ
3047 4715 3400 4785 καταμαθεῖν.

462 4827 630 4882 tentia
656 4825 860 4897 jndicis
886 4824 1130 4880 feratur?
1156 4823 1399 4895 Namita
1453 4824 1695 4877 futurum
1728 4821 1877 4878 istud
1936 4821 2029 4877 Dei
2063 4804 2333 4890 judicium
2377 4823 2635 4872 accurate
2663 4829 2728 4867 ac
2759 4814 2918 4883 plene
2943 4811 3236 4881 expressit,
3285 4816 3341 4863 et
3398 4808 3468 4862 ob
3531 4806 3718 4861 oculos

461 4920 708 4978 omnium
736 4918 929 4974 statuit
961 4917 1257 4987 praeclarus
1289 4930 1354 4970 ac
1384 4923 1611 4973 sanctus
1636 4915 1724 4970 hic
1747 4916 1846 4977 vir,
1878 4925 1935 4967 ut
1969 4915 2036 4968 ad
2075 4913 2196 4983 ejus
2225 4910 2591 4981 cognitionem
2617 4905 2766 4961 aliud
2832 4903 2969 4959 nihil
3024 4901 3274 4957 videatur
3331 4901 3520 4957 deesse
3545 4939 3559 4962 .
3615 4899 3667 4955 ni
3714 4944 3722 4950 .

3668 4619 3720 4647 23.

464 5024 525 5083 nt
549 5030 638 5071 res
672 5013 790 5083 ipsa
820 5019 1012 5083 agatur
1051 5025 1116 5065 ac
1154 5024 1339 5064 coram
1372 5007 1483 5062 fiat.

533 5107 669 5164 Cum
724 5117 856 5173 ergo
904 5106 957 5157 in
992 5102 1194 5157 talibus
1227 5100 1295 5156 de
1341 5100 1552 5169 judicio
1606 5097 2033 5168 cogitationibus

469 5203 665 5257 beatus
696 5198 813 5267 ipse
844 5210 1060 5265 semper
1094 5200 1480 5265 occuparetur,
1514 5190 1776 5247 mundum
1801 5198 1855 5246 et
1884 5206 2035 5260 quaa-

469 5305 689 5360 cunque
712 5289 766 5344 in
791 5302 856 5344 eo
887 5293 1038 5351 sunt,
1070 5283 1275 5355 effugit.
1309 5283 1507 5338 Procul
1534 5296 1662 5337 vero
1695 5282 1925 5337 recessit
1955 5280 2040 5334 fu-

474 5382 647 5453 giens,
685 5380 829 5436 sicut
861 5377 1129 5447 scriptum
1156 5375 1452 5446 reperitur,
1480 5380 1535 5428 et
1574 5372 1778 5427 mansit
1809 5364 1865 5425 in
1913 5370 2045 5425 soli-

471 5472 681 5535 tudine,
709 5470 821 5525 Deo
849 5477 903 5524 et
952 5466 1058 5523 sibi
1108 5466 1214 5538 ipsi
1253 5480 1480 5531 vacans,
1514 5464 1748 5534 indeque
1783 5463 2043 5516 virtutum

473 5562 696 5635 pmmia
731 5560 995 5617 referens.
1032 5557 1204 5615 Recte
1230 5558 1375 5615 enim
1397 5557 1514 5628 jam
1551 5566 1798 5620 noverat,
1824 5572 1920 5613 eos
1951 5555 2042 5626 qui

478 5649 784 5707 solitariam
820 5649 1229 5719 amplectuntur
1267 5646 1460 5715 vitam,
1490 5658 1557 5701 ex
1593 5644 1923 5700 turbulentis
1952 5659 2046 5700 sae—

479 5740 590 5798 culi
618 5738 784 5812 hujus
813 5737 1320 5811 perturbationibus
1345 5745 1509 5809 atque
1528 5736 1781 5809 procellis
1806 5736 2045 5801 liberari,

2211 5093 2343 5154 Ταῖς
2373 5088 2648 5153 τοιαύταις
2674 5088 2761 5142 ἀεὶ
2808 5088 2937 5158 περὶ
2982 5087 3216 5161 κρίσεως
3244 5089 3272 5141 ό
3301 5088 3570 5159 μακάριος
3610 5106 3727 5142 συν-

2145 5187 2397 5257 εχόμενος
2426 5168 2766 5253 φαντασίαις,
2791 5174 2988 5251 ἔφευγε
3030 5181 3126 5252 μὲν
3154 5180 3245 5234 τὸν
3290 5180 3492 5251 κόσμον
3527 5180 3623 5235 καὶ
3658 5182 3726 5234 τὰ

2149 5280 2207 5332 ἐν
2246 5276 2462 5345 κόσμον
2506 5274 2781 5345 ἐμάκρυνε
2813 5272 2871 5325 δὲ
2909 5270 3242 5342 φυγαδεύων,
3294 5264 3326 5343 ᾗ
3364 5287 3495 5341 φησι
3539 5270 3611 5324 τὰ
3647 5270 3725 5323 λό-

2147 5385 2261 5436 για,
2290 5365 2385 5420 καὶ
2407 5364 2656 5434 ηὐλίζετο
2676 5363 2736 5417 ἐν
2763 5365 2828 5433 τῇ
2854 5363 3066 5434 ἐρήμῳ,
3096 5361 3274 5432 ἑαυτῷ
3308 5347 3454 5431 μόνῳ
3487 5362 3581 5415 καὶ
3607 5362 3723 5431 Θεῷ

2152 5455 2451 5526 προσέχων,
2478 5453 2731 5508 κάκεῖθεν
2762 5452 2868 5506 τῶν
2896 5451 3106 5523 ἀρετῶν
3148 5450 3246 5513 τὰς
3290 5450 3556 5515 ἐπιδόσεις
3577 5451 3724 5521 δεχό-

2156 5566 2330 5620 μενος.
2361 5548 2515 5621 ᾜδει
2535 5545 2643 5618 γὰρ
2678 5545 2919 5616 ἀκριϐῶς
2945 5545 3021 5609 ὡς
3049 5543 3287 5616 ἐρημικὴ
3316 5543 3592 5607 διαδίωσις
3620 5543 3722 5596 τῶν

2153 5638 2429 5710 κοσμικῶν
2456 5637 2553 5709 μὲν
2582 5636 2853 5706 ἐλευθεροῖ
2893 5634 2981 5688 τὸν
3025 5634 3343 5706 βουλόμενον
3371 5625 3632 5706 θορύϐων,
3654 5638 3720 5706 τῇ

2152 5728 2351 5802 ἡσυχίᾳ
2393 5729 2452 5783 δὲ
2497 5727 2778 5799 συνόμιλον
2825 5728 2937 5791 τοῖς
2979 5725 3229 5803 ἀγγέλοις
3273 5729 3432 5789 ποιεῖ,
3478 5727 3571 5782 καὶ
3605 5728 3718 5784 ταῖς
