4050 6164
359 334 463 389 855

1376 328 1464 383 DE
1504 326 1667 385 VITA
1705 329 1763 385 S.
1811 327 2062 384 PATRIS
2098 327 2410 384 EPllR/EM
2445 326 2626 384 SYRI.

3513 327 3616 382 856

361 453 490 522 περὶ
517 445 652 502 Θεοῢ
691 447 939 519 θεωρίαις
965 448 1056 502 τὸν
1095 449 1217 502 νοῦν
1259 450 1379 502 ὅσον
1424 450 1573 503 ἐστὶν
1614 450 1832 519 ἐφικτὸν
1863 452 1947 506 ἀνι

2051 458 2106 506 et
2156 451 2222 504 ad
2275 451 2477 520 quietis
2529 449 3051 520 tranquillitatisque
3114 426 3330 518 portum
3387 445 3618 501 feliciter

362 541 502 608 υψοῖ.
540 541 633 592 Ἐκ
653 539 833 594 τόπων
856 541 911 592 δέ
940 541 1136 602 τόπους
1159 539 1426 610 ἀμείϐειν,
1452 541 1541 594 ὅτε
1575 540 1756 594 κινοῦν
1784 542 1944 595 αὑτὸν

361 629 583 697 Πνεῦμα
625 628 760 698 πρὸς
804 629 1089 700 οἰκοδομὴν
1129 629 1237 682 τῶν
1281 630 1488 683 πολλῶν
1527 631 1813 701 ᾠκονόμει,
1847 631 1945 684 οὐκ

358 718 602 787 ἠπείθει,
645 718 754 770 οὐδ’
802 721 1115 773 ἁντέτεινεν.
1151 717 1258 774 *Ην
1303 723 1400 791 γὰρ
1455 722 1735 776 κελεύσεσι
1777 722 1944 785 θείαις

360 809 655 878 πειθήνιος,
690 811 739 862 εί
766 812 860 863 καί
885 829 969 874 τις
1005 811 1182 875 ἄλλος.
1223 813 1497 867 Ἐντεῦθεν
1523 813 1621 886 τὴν
1648 814 1946 883 ἐνεγκαμέ-

362 916 478 969 νην,
525 899 602 962 ὡς
638 901 666 950 6
709 900 863 963 Θεῖος
907 903 1112 965 ἐκεῖνος
1158 901 1468 966 κελευσθεὶς
1520 903 1801 973 Ἀϐραάμ,
1847 905 1943 973 τὴν

374 986 654 1040 Ἐδεσινῶν
686 988 950 1041 κατέλαϐε
995 989 1174 1043 πόλιν’
1208 991 1414 1044 δίκαιον
1449 993 1556 1063 γὰρ
1583 994 1682 1045 οὐκ
1727 987 1796 1063 ἦν
1838 992 1944 1044 ὑπὸ

361 1079 468 1147 γῆν
509 1080 672 1149 μέχρι
701 1078 894 1132 πολλοῦ
925 1079 1015 1133 τὸν
1044 1080 1192 1151 ἥλιον
1228 1082 1723 1152 κατακρύπτεσθαι.
1754 1083 1856 1135 Δύο
1885 1083 1942 1136 δὲ

363 1171 523 1240 χάριν
554 1172 760 1234 αἰτιῶν,
791 1171 884 1224 τοῦ
913 1190 971 1224 τε
1009 1174 1076 1226 τά
1108 1175 1284 1226 ἐκεῖσε
1331 1174 1759 1246 περιπτύξασθαι
1787 1175 1939 1244 ἆγια,

362 1263 458 1313 καὶ
508 1262 614 1330 πρό
649 1278 712 1329 γε
751 1261 940 1314 τούτου
992 1262 1156 1332 λογίῳ
1200 1267 1531 1334 περιτυχεῖν,
1582 1266 1677 1318 καὶ
1731 1267 1944 1335 καρπὸν

362 1353 614 1422 γνώσεως
645 1355 676 1424 ἢ
708 1354 908 1417 λαϐεῖν,
941 1354 973 1424 ἢ
1007 1355 1344 1424 μεταδοῦναι.

2050 543 2359 610 pervenire,
2411 543 2502 595 ubi
2546 541 2943 596 consuetudine
2985 538 3334 610 perfruamur
3394 540 3616 608 angelo-

2049 649 2212 698 rum;
2257 632 2644 701 mentibusque
2676 631 2960 696 sublimes,
3009 636 3274 698 quantum
3314 629 3462 692 licet,
3500 629 3616 698 rapi

2050 723 2117 776 ad
2172 723 2687 791 contemplationem
2734 721 2855 775 Dei.
2894 721 3124 789 Quando
3156 734 3321 790 porro
3379 717 3618 788 Spiritus

2051 817 2202 869 illum
2235 813 2752 878 commonefaeiens,
2789 812 2855 866 ad
2885 813 3175 865 multorum
3203 811 3616 865 aediﬁcationem

2052 905 2134 958 sic
2165 904 2512 973 disponebat,
2547 911 2605 956 ut
2653 903 2784 956 loca
2835 910 3096 963 mutaret,
3152 917 3262 956 non
3304 903 3614 962 resistebat,

2051 995 2149 1051 sed
2219 995 2499 1050 humiliter
2563 995 3007 1064 obsequebatur:
3061 1003 3180 1049 erat
3239 996 3383 1049 enim
3447 996 3619 1063 jussis

2051 1085 2434 1155 mandatisque
2458 1086 2570 1148 Dei,
2598 1086 2643 1140 si
2675 1086 2799 1154 quis
2829 1086 2990 1147 alius,
3025 1086 3429 1154 obtemperans.
3463 1085 3619 1139 Unde

2049 1179 2304 1246 patriam,
2345 1177 2513 1232 sicut
2547 1191 2776 1246 magnus
2814 1177 2904 1231 ille
2954 1177 3250 1240 Abraham,
3297 1178 3618 1246 relinquere

2047 1268 2238 1337 jussus
2265 1270 2329 1333 “‘,
2362 1268 2762 1328 Edessenorum
2798 1268 2985 1320 urbem
3021 1267 3175 1337 petiit
3211 1287 3223 1320 :
3263 1284 3438 1336 neque
3473 1269 3616 1321 enim

2055 1359 2439 1422 conveniebat,
2473 1368 2530 1412 ut
2563 1359 2666 1413 sub
2692 1370 2836 1411 terra
2867 1358 3074 1411 diutius
3111 1358 3194 1411 sol
3222 1360 3616 1411 occultaretur.

364 1448 528 1502 Hisce
561 1462 688 1502 vero
717 1447 785 1502 de
815 1449 1004 1503 causis
1036 1464 1103 1503 eo
1133 1451 1429 1513 concessit,
1463 1460 1522 1504 ut
1554 1451 1676 1506 loca
1706 1452 1780 1508 ibi
1811 1458 2004 1507 saneta
2039 1453 2325 1516 inviseret,
2385 1459 2500 1506 tum
2560 1460 2620 1506 ut
2652 1451 2951 1521 sapientem
2994 1450 3239 1520 aliquem
3269 1496 3274 1502 .
3307 1454 3618 1505 conveniret

365 1543 564 1606 virum,
601 1556 666 1604 ae
689 1543 1023 1616 cognitionis
1054 1544 1172 1613 ipse
1203 1545 1442 1611 fructum
1467 1547 1556 1614 vel
1591 1557 1831 1616 caperet,
1867 1549 1951 1602 vel
1979 1547 2104 1602 aliis
2129 1541 2414 1616 praeberet.
3170 1530 3174 1536 ’

446 1633 534 1685 Ἐν
565 1627 666 1696 οἷς,
699 1633 774 1696 ὡς
817 1635 1115 1706 ἱστόρηται,
1146 1639 1210 1706 τῇ
1267 1637 1415 1690 πόλει
1459 1637 1810 1708 παραϐαλὼν,
1843 1645 1942 1708 την

363 1743 424 1780 τε
475 1725 628 1778 πόλιν
680 1727 1087 1796 ὑπερχόμενος,
1142 1728 1314 1801 πόρνῃ
1363 1730 1469 1782 τινὶ
1531 1732 1945 1801 συναπήντηκεν

2111 1627 2203 1691 ~Ad
2230 1652 2349 1691 eam
2382 1637 2549 1708 igitur
2576 1637 2704 1692 dum
2738 1637 3039 1706 appulisset
3071 1635 3369 1698 civitatem,
3403 1642 3456 1690 et
3504 1634 3616 1704 jam

2050 1737 2260 1800 portam
2292 1729 2566 1792 introiret,
2595 1729 2716 1782 loco
2744 1728 3007 1797 sapientis
3037 1727 3161 1792 viri,
3184 1743 3349 1796 quem
3379 1736 3617 1796 optarat,

358 1817 480 1871 ,ἀνθ’
511 1813 570 1870 οὗ
603 1815 882 1886 φιλολόγου
922 1819 1192 1889 ἐπηύχετο
1240 1823 1594 1891 προστυχεῖν·
1634 1822 1710 1884 ὡς
1745 1822 1801 1875 δὲ
1849 1821 1945 1892 τῆς

2052 1825 2295 1876 scortum
2329 1819 2433 1874 sibi
2465 1818 2685 1882 obvi‘um
2717 1818 2940 1900 habuit:
2985 1818 3039 1871 in
3068 1818 3214 1887 quod
3249 1818 3619 1887 spectaculum

365 1909 904 1984 προσδοκίας-ἓτερον
937 1907 1004 1981 ἦν
1045 1911 1105 1964 τὸ
1141 1912 1330 1980 φανὲν,
1361 1912 1605 1984 θλιϐερὸν
1649 1913 1795 1984 αὐτῷ
1840 1915 1948 1966 ἀπ-

367 2000 466 2070 έϐη
494 2000 554 2052 τὸ
587 2000 940 2069 συναντῆσαν.
973 2001 1063 2054 Διὸ
1095 2003 1189 2055 καὶ⁴
1239 2004 1632 2074 προσατενίσας
1660 2004 1738 2073 τῲ
1766 2021 1950 2074 πορνι-

365 2091 484 2160 δίῳ,
508 2091 583 2154 ὡς
616 2092 712 2161 τῆς
744 2091 954 2156 ἐλπίδος
982 2092 1234 2161 ψευσθεὶς
1266 2095 1509 2163 ἀπήγετο
1528 2100 1543 2116 ⁶
1567 2111 1580 2125 ·
1607 2098 1640 2166 ἡ
1674 2096 1729 2148 δὲ
1763 2096 1948 2147 τοῦτον

368 2181 610 2253 θεωμένη
651 2183 1104 2253 προσατενίζοντα
1140 2185 1332 2259 ταύτῃ,
1371 2189 1464 2240 καὶ
1503 2187 1638 2258 αὐτὴ
1678 2186 1950 2258 ἐπιμελῶς

365 2273 526 2328 αὐτὸν
561 2273 830 2344 βλέπουσα
884 2276 1230 2331 κατεσκόπει.
1285 2279 1362 2348 Τῇ
1409 2278 1466 2330 δὲ
1510 2281 1538 2331 6
1578 2279 1768 2348 σοφός·
1810 2279 1948 2346 Λέγε

368 2387 477 2440 μοι,
515 2370 691 2438 γύναι,
730 2370 873 2433 τίνος
897 2371 1068 2441 ’χάριν
1123 2372 1318 2443 μικρὸν
1365 2373 1707 2436 ἀπατενίζεις
1740 2390 1848 2442 μοι.
1884 2373 1950 2425 Ἢ

363 2463 442 2525 δὲ,
489 2461 816 2524 Ἀκολούθως
848 2463 958 2530 ἐγὼ
989 2463 1083 2515 καὶ
1117 2465 1465 2534 πρεπόντωςο
1496 2467 1560 2518 ἐκ
1611 2455 1703 2517 σοῦ
1729 2463 1835 2534 γάρ
1866 2462 1950 2515 λέ-

363 2555 580 2626 λημμαι
609 2555 700 2607 τοῦ
727 2555 939 2626 ἀνδρὸς,
972 2557 1036 2608 σὺ
1061 2556 1116 2609 δὲ
1147 2558 1218 2627 μή
1250 2554 1692 2626 με’κατασκόπει,
1722 2556 1818 2626 τὴν
1843 2555 1949 2625 γῆν

363 2647 419 2700 δὲ
455 2645 671 2715 μᾶλλον,
701 2645 758 2711 ἐξ
793 2642 860 2716 ἦς
893 2646 1151 2717 ἐλήφθης.
1186 2648 1229 2698 Τ
1231 2648 1356 2700 οὖτο
1385 2648 1538 2717 παρὰ
1568 2647 1892 2720 προσδοκίαν
1922 2649 1950 2699 6

366 2738 527 2806 σοφὸς
559 2736 888 2800 ἐπακούσας,
934 2738 1184 2808 μεγάλως
1221 2739 1320 2809 μὲν
1365 2739 1630 2810 ὡμολόγει
1660 2738 1948 2808 ὠφεληθῆ-

365 2845 481 2883 ναιο
514 2827 608 2881 τοῦ
636 2827 768 2881 Θεοῦ
797 2828 854 2880 δὲ
886 2829 984 2898 τὴν
1013 2829 1392 2899 ἀκατάληπτον
1423 2829 1780 2900 ὑπερεδόξασε
1801 2829 1950 2883 δύνα-

367 2935 480 2987 μιν,
517 2917 577 2981 ὃς
606 2917 675 2972 τὰ
709 2919 808 2988 τῆς
831 2918 1043 2982 ἐλπίδος
1072 2919 1165 2973 καὶ
1201 2920 1288 2972 διὰ
1333 2919 1442 2974 τῶν
1471 2922 1600 2990 παρ’
1635 2919 1821 2973 ἐλπίδα
1850 2907 1948 2990 χαέ

369 3005 672 3076 ρίζεται.-
1333 3005 1338 3010 ο
1527 3007 1530 3012 .

437 3098 609 3162 Δύσας
631 3115 692 3152 τε
731 3097 936 3152 ἐκεῖθεν
974 3100 1066 3153 ἐπὶ
1106 3101 1203 3172 τὴν
1251 3105 1349 3174 τῆς
1383 3104 1772 3168 Καππαδοκίας
1812 3106 1948 3159 Και-

2040 1902 2440 1981 permoleStum
2463 1898 2588 1963 eum
2612 1917 2806 1979 praeter
2827 1898 3288 1979 exspectationem
3316 1909 3616 1972 incidisset,

2052 2013 2308 2072 tanquam
2343 2017 2440 2072 spe
2493 2016 2592 2055 sua
2633 2001 2903 2072 dejeetus,
2954 2001 3145 2055 oculos
3204 2002 3503 2056 avertebat.
3551 2001 3621 2054 At

2051 2101 2267 2156 contra,
2298 2092 2549 2162 improba
2583 2091 2784 2147 femina
2807 2092 3002 2147 deﬁxis
3035 2092 3090 2146 in
3135 2107 3257 2145 eum
3305 2092 3478 2146 oculis
3533 2092 3620 2144 in-

2049 2185 2334 2255 spiciebat.
2369 2185 2467 2240 Cui
2495 2185 2782 2256 Ephraem:
2810 2183 2854 2238 Ο
2884 2185 3098 2246 mulier,
3133 2184 3330 2253 inquit,
3355 2183 3441 2236 die
3467 2183 3618 2249 mihi,

2052 2293 2153 2330 cur
2185 2293 2270 2332 me
2306 2277 2618 2347 usqueadeo
2653 2276 2924 2348 intueris?
2950 2275 3137 2329 At'illa
3163 2283 3442 2345 prompte:
3474 2274 3621 2340 Quo-

2052 2367 2464 2437 niam,-inquit,
2503 2383 2568 2422 ex
2596 2375 2652 2421 te
2682 2368 2802 2420 viro
2835 2357 3076 2435 egosum
3103 2385 3115 2419 :
3141 2355 3208 2419 tu
3229 2373 3408 2419 autem
3439 2380 3523 2418 me
3551 2380 3621 2418 ne

2051 2458 2282 2527 respicis
2315 2459 2557 2528 quidem,
2593 2450 2688 2513 Sed
2723 2457 2776 2512 in
2808 2465 3006 2512 terram
3033 2471 3097 2512 ex
3123 2473 3230 2526 qua
3259 2466 3508 2526 sumptus
3534 2473 3616 2522 es,

2051 2549 2241 2604 oculos
2281 2558 2405 2605 tuos
2451 2558 2758 2620 retorques.
2795 2548 2967 2615 Quam
3013 2548 3232 2619 quidem
3280 2549 3619 2617 inexspecta-

2049 2648 2160 2694 tam
2190 2642 2604 2711 responsionem
2660 2641 3014 2697 vehementer
3055 2640 3160 2695 sibi
3204 2641 3499 2710 profuisse,
3535 2641 3619 2694 vir

2048 2743 2272 2788 sanctus
2298 2748 2360 2787 ac
2387 2734 2623 2808 prudens
2653 2733 3049 2800 conﬁtebatur:
3072 2739 3407 2803 quaprOpter
3433 2732 3616 2786 inﬁni-

2051 2834 2160 2876 tam
2196 2815 2291 2879 Dei
2326 2815 2624 2894 potentiam
2661 2825 2921 2887 laudavit,
2950 2825 3043 2895 qui
3075 2809 3351 2880 interdum
3377 2840 3462 2890 ea,
3497 2841 3619 2895 qua:

2050 2929 2357 2985 speramus,
2386 2926 2582 2985 praeter
2609 2930 2760 2986 Spem
2792 2916 2954 2970 nobis
2982 2915 3265 2986 elargitur.

2120 3092 2249 3148 inde
2285 3093 2587 3147 Caesaream
2618 3091 2981 3162 Cappadocia:
3023 3091 3212 3146 divino
3259 3090 3455 3146 ductus
3506 3093 3616 3162 Spi-

368 3189 614 3263 σάρειαν,
663 3191 767 3244 ὑπὸ
808 3191 902 3244 τοῦ
955 3191 1270 3262 Πνεύματος
1315 3193 1410 3247 τοῦ
1451 3194 1604 3263 ἁγίου
1644 3196 1946 3267 ὁδηγηθεὶς,

2053 3187 2160 3239 ritu
2192 3201 2314 3238 cum
2356 3184 2659 3253 petivisset,
2693 3184 2872 3253 ipsum
2898 3183 2970 3236 ibi
2997 3197 3059 3236 os
3085 3183 3362 3247 Ecclesiae,
3395 3198 3616 3237 auream

365 3281 458 3334 τὸν
493 3280 664 3351 μέγαν
691 3281 937 3334 κατεῖδεν
963 3282 1261 3345 Βασίλειον,
1294 3283 1353 3336 τὸ
1388 3279 1561 3355 στόμα
1585 3285 1684 3355 τῆς
1725 3288 1950 3360 Ἐκκληέ

371 3371 514 3436 σίας,
541 3374 642 3441 τὴν
674 3372 783 3425 τῶν
820 3373 1104 3442 δογμάτων
1143 3375 1353 3444 χρυσῆν
1397 3370 1596 3446 ἀηδόνα
1619 3372 1719 3430 ίόν
1755 3368 1951 3433 θεασά-

373 3480 531 3533 μενος
560 3465 588 3515 6
635 3464 1239 3533 πρεσϐύτης,’πολλαῖς
1287 3468 1702 3539 καταγεραίρειν
1749 3470 1950 3540 ἤρξατο

371 3555 685 3624 εὐφημίαις.
738 3555 1037 3626 Διορατικῷ
1065 3555 1174 3626 γὰρ
1197 3557 1298 3626 τῆς
1330 3558 1506 3628 ψυχῆς
1543 3559 1768 3629 ὄμματι,
1797 3577 1950 3630 περι-

373 3646 568 3715 στερὰν
597 3646 911 3716 ἀγλαοφανῆ
960 3647 1293 3718 ἐφεζομένην
1333 3650 1464 3718 πρὸς
1497 3649 1586 3702 τὸν
1627 3650 1796 3714 δεξιὸν
1828 3651 1950 3704 τού·

369 3755 462 3790 του
486 3736 707 3790 ἔϐλεπεν
737 3733 904 3808 ὦμον,
931 3739 1122 3807 λόγους
1147 3739 1294 3809 αὐτῷ
1322 3739 1665 3804 διδασκαλίας
1691 3741 1950 3812 χορηγοῦ-

370 3843 491 3890 σαν,
517 3828 765 3882 κάκεῖνον
796 3827 1015 3892 τούτους
1063 3828 1530 3900 διαπορθμεύοντα
1567 3831 1647 3900 τῷ
1688 3831 1818 3902 λαῷ.
1856 3833 1950 3894 Ὃς

369 3919 476 3974 ὑπὸ
523 3920 622 3990 τῆς
669 3919 1030 3990 διδασκούσης
1069 3921 1218 3992 αύτῷ
1270 3923 1470 3992 σεπτῆς
1525 3923 1751 3993 μυηθεὶς
1791 3940 1948 3993 περι-

370 4011 586 4080 στερᾶς,
616 4011 712 4081 τῆς
744 4028 804 4063 τε
831 4011 1121 4082 ἐπιδημίας
1148 4011 1360 4082 ᾔσθετο,
1394 4013 1487 4066 καὶ
1523 4013 1758 4082 Ἐφραῒμ
1789 4013 1950 4066 αὐτὸν

369 4097 510 4156 εἶναι
540 4106 631 4158 τὸν
665 4105 833 4176 Σύρον
862 4107 1162 4175 ἐπέγνωκε.
1200 4109 1308 4160 Καὶ
1341 4108 1403 4179 δὴ
1431 4111 1800 4179 πνευματικῆς
1833 4112 1952 4162 ἐπι-

369 4194 563 4266 καίρου
610 4195 776 4266 ἄμφω
823 4198 1110 4262 συναυλίας
1146 4198 1439 4267 ἠξίωνται·
1467 4197 1639 4263 οὕτως
1685 4201 1785 4254 οὐκ
1832 4202 1951 4254 ἐπι-

371 4283 568 4358 ξήμιος
602 4287 680 4358 τῷ
713 4289 950 4360 Ἐφραῒμ
978 4292 1006 4343 6
1037 4290 1272 4361 σκυλμδς
1307 4291 1692 4362 ἐχρημάτισεν.

454 4380 520 4433 Ἥ
548 4381 603 4434 δὲ
626 4382 718 4435 τοῦ
739 4383 866 4452 ’βίου
897 4385 1098 4454 φυσικὴ
1132 4381 1478 4455 ὰκεραιότης,
1503 4385 1612 4438 τῶν
1641 4385 1949 4439 ἐπιϐλαϐῶν

370 4468 480 4549 τὴνΔ
505 4471 680 4540 φυγὴν
723 4473 870 4543 αύτῷ
913 4475 1268 4546 παρεδείκνυε
1296 4493 1310 4508 ο
1343 4476 1403 4528 τό
1444 4492 1502 4528 τε
1538 4475 1632 4530 τοῦ
1665 4476 1947 4547 κρείττους

371 4563 750 4631 προορατικὸν,
781 4565 872 4617 καὶ
914 4565 973 4618 τὸ
1001 4566 1093 4620 τοῦ
1125 4567 1340 4638 χείρους
1383 4568 1712 4636 φυλακτικὸν
1737 4569 1945 4624 ἐκδιδά-

371 4658 596 4706 σκουσα,
623 4645 861 4715 ἐκείνους
893 4665 951 4700 τε
982 4649 1089 4702 τῶν
1144 4649 1419 4720 λογισμῶν
1447 4652 1786 4721 προσίεσθαι,
1819 4655 1944 4716 τοὺς

371 4734 660 4804 ἐγκρίτους
689 4737 782 4790 καὶ
817 4738 1108 4809 καθαροὺς,
1145 4741 1239 4794 καὶ
1271 4741 1406 4812 πρὸς
1435 4743 1646 4812 αἵρεσιν
1674 4742 1945 4796 λυσιτελε-

371 4824 596 4894 στέρους
617 4826 803 4891 καλοῦ,
833 4828 946 4881 ὅσοι
963 4830 1194 4900 μάλιστα
1223 4831 1358 4902 πρὸς
1377 4831 1474 4900 τὴν
1489 4834 1586 4903 τῆς
1597 4833 1944 4896 διδασκαλίας

369 4913 721 4982 ἐμποδίζουσι
751 4919 956 4989 χρείαν.
991 4920 1234 4990 Δαψιλῶς
1261 4922 1368 4994 γὰρ
1393 4923 1570 4976 δέδοτο
1615 4924 1767 4994 παρὰ
1805 4926 1942 4994 Χρι-

373 5005 500 5058 στοῦ
528 5006 604 5077 τῷ
660 5007 790 5077 θείῳ
843 5011 1237 5084 πρεσϐύτῃντὸ
1268 5013 1360 5066 τοῦ
1405 5015 1563 5084 λόγου
1607 5016 1886 5083 τάλαντον,
1917 5016 1946 5069 ὃ

371 5094 728 5151 καταϐάλλειν
755 5098 813 5150 ἐν
834 5101 951 5161 ταῖς
984 5100 1090 5152 τῶν
1129 5103 1338 5157 πολλῶν
1373 5107 1472 5177 τῆς
1498 5105 1723 5176 καρδίας
1743 5106 1948 5176 τραπέ·

373 5183 495 5248 Cat;
519 5187 626 5258 πρὸ
652 5189 866 5242 πάντων
898 5189 1045 5260 αὑτῷ
1080 5192 1188 5245 τῶν
1235 5196 1409 5250 ἄλλων
1451 5197 1799 5266 ἐπωφείλετο.
1837 5199 1948 5251 Καὶ

369 5276 531 5330 τοῦτο
559 5280 655 5349 μέν
677 5281 836 5362 αὐτὸς
867 5281 996 5351 περὶ
1028 5283 1220 5336 ἐαυτοῦ
1261 5287 1508 5353 φαίνεται
1535 5287 1729 5356 λέγων,
1757 5289 1947 5358 ὅτιπερ

370 5368 496 5439 ἄρτι
521 5368 617 5440 τῆς
651 5373 913 5443 παιδικῆς⁷
931 5373 1142 5444 ἡλικίας
1167 5375 1226 5427 τὸ
1248 5376 1450 5430 ἁπαλὸν
1480 5379 1743 5448 ὑπερϐὰς,
1769 5378 1946 5431 τεθέαο

370 5476 461 5512 ται
505 5463 780 5529 μυστικῶς
812 5467 946 5535 πρὸς
971 5468 1036 5536 τῇ
1063 5464 1284 5540 γλώσσῃ
1302 5467 1377 5531 ὼς
1396 5468 1623 5539 ἀνῆλθεν
1639 5467 1802 5522 αὐτοῦ
1828 5467 1948 5522 λίαν

372 5549 649 5620 εὖκαρπος
675 5553 935 5623 ἄμπελος,
968 5555 1260 5627 αὐξηθεῖσα
1300 5557 1554 5614 τοσοῦτον
1576 5601 1592 5627 ,
1631 5559 1754 5613 ὅσον
1806 5558 1942 5627 πλη-

387 5806 398 5816 .
473 5725 520 5755 ”
543 5723 675 5782 Gen.
709 5743 804 5791 xu,
838 5728 855 5778 l
887 5743 1008 5799 sqq.

1977 4525 2025 4584 D

2051 3276 2262 3330 scilicet
2301 3274 2446 3325 illam
2485 3272 2782 3326 doetrinte-
2818 3265 3134 3335 lusciniam,
3173 3269 3431 3326 Basilium
3484 3272 3619 3325 vidit

2050 3376 2217 3434 atque
2249 3363 2542 3434 cognovit:
2582 3379 2743 3432 quem
2777 3378 2943 3418 senex
2980 3363 3230 3428 intuitus,
3259 3363 3444 3416 multis
3502 3363 3618 3416 fau-

2051 3455 2152 3509 stis
2183 3453 2350 3522 ecepit
2384 3452 2634 3506 venerari
2685 3452 2938 3506 vocibus.
2983 3449 3266 3519 Siquidem
3321 3453 3618 3521 perSpicaci

2049 3539 2250 3592 mentis
2294 3538 2485 3602 oculo,
2547 3539 2835 3605 conspexit
2891 3537 3248 3607 refulgentem
3311 3540 3616 3592 columbam

2050 3631 2280 3684 humero
2330 3629 2503 3698 ipsius
2541 3628 2866 3683 insidentem
2916 3628 3165 3694 dextero,
3213 3630 3486 3698 verbaque
3540 3646 3620 3684 sa-

2051 3721 3052 3792 pientia!subministrantem,atque
3097 3721 3274 3789 ipsum
3325 3736 3386 3775 ea
3420 3723 3619 3790 popqu

2052 3815 2478 3880 depromentem.
2511 3809 2588 3864 Ex
2630 3825 2693 3864 ea
2731 3809 2950 3879 quidem
2992 3809 3161 3863 ardua
3195 3824 3261 3863 ac
3311 3811 3618 3863 veneranda
3699 3873 3706 3880 ε

2051 3903 2302 3958 columba
2330 3903 2635 3957 instructus
2671 3901 2783 3964 ille,
2817 3901 2996 3956 sancti
3027 3900 3190 3970 hujus
3222 3899 3401 3954 Patris
3419 3916 3621 3970 cogno-

2051 4004 2204 4051 verat
2244 3996 2756 4066 peregrinationem,
2781 4010 3015 4064 cmnque
3037 4009 3160 4049 esse
3183 3993 3434 4064 Ephrtem
3466 3995 3617 4048 illum

2053 4085 2273 4156 Syrum.
2310 4085 2726 4154 Peropportune
2766 4076 3354 4156 igitur.ambo.mutua
3391 4086 3534 4140 inter
3563 4099 3622 4138 se

2052 4176 2378 4232 fruebantur
2429 4161 2868 4242 consuetudine;
2925 4178 2998 4230 ita
3071 4185 3129 4230 nt
3189 4177 3458 4231 laboriosa
3530 4177 3619 4228 illa

2052 4266 2422 4338 peregrinatio
2455 4267 2558 4336 ipsi
2613 4265 2862 4335 Ephraem
2917 4266 3128 4320 inutilis
3157 4281 3267 4320 non
3325 4265 3619 4320 exstiterit.

2123 4359 2404 4415 Naturalis
2435 4373 2598 4428 porro
2656 4361 2780 4413 vitae
2813 4359 3149 4422 innocentia,
3201 4357 3469 4410 malorum
3517 4356 3620 4423 ipsi

2056 4453 2380 4522 ostendebat
2412 4451 2606 4521 fugam-
2622 4466 2794 4516 snam
2816 4466 2890 4505 .ex
2922 4466 2986 4505 ea
3018 4449 3266 4504 discebat
3297 4456 3352 4502 et
3397 4447 3619 4500 meliora

2052 4544 2365 4612 prospicere
2393 4549 2446 4596 et
2469 4541 2746 4596 deteriora
2779 4541 3004 4604 evitare,
3043 4547 3208 4607 atque
3239 4537 3360 4590 illas
3399 4543 3620 4592 senten-

2051 4635 2158 4689 tias
2187 4649 2248 4688 ac
2279 4634 2526 4690 rationes
2568 4634 2790 4704 eligere,
2822 4647 2943 4702 qua:
2981 4645 3128 4700 purae
3152 4637 3358 4692 essent,
3379 4633 3620 4696 quaeque

2053 4725 2119 4780 ad
2145 4725 2500 4780 excolendam
2543 4725 2883 4778 honestatem
2926 4719 3260 4789 conferrent,
3294 4726 3348 4774 et
3387 4719 3617 4773 docendi

2051 4832 2214 4871 nsum
2244 4830 2586 4886 nequaquam
2627 4814 2974 4883 impedirent.
3030 4811 3384 4865 Abundanter
3419 4809 3620 4879 quippe

2052 4915 2244 4964 sancto
2294 4907 2410 4960 seni
2461 4919 2782 4959 consessum
2829 4919 2859 4956 a
2911 4903 3130 4959 Christo
3171 4908 3290 4956 erat
3347 4902 3618 4956 sermonis

2053 5001 2336 5060 talentum,
2375 4995 2519 5066 quod
2561 5011 2682 5049 eum
2725 4993 2792 5048 ad
2824 5009 3040 5048 mensas
3080 4992 3324 5046 cordium
3370 4992 3619 5061 plurimis

2053 5091 2449 5162 impertiretur,
2489 5087 2539 5142 ei
2573 5097 2750 5140 tamen
2781 5102 2901 5139 cum
2937 5084 3128 5153 primis
3159 5082 3382 5151 profuit.
3426 5081 3624 5135 Fertur

2054 5181 2370 5238 autemhaac
2405 5181 2522 5250 ipse
2561 5179 2708 5233 dese
2743 5177 2988 5231 dixisse:
3038 5173 3177 5237 Sibi,
3215 5188 3338 5227 eum
3386 5173 3622 5243 primum

2054 5292 2085 5331 e
2116 5285 2300 5330 tenera
2325 5273 2415 5326 illa
2437 5271 2726 5326 excederet
2757 5276 2914 5322 aetate
2944 5267 3213 5335 pueritiae,
3250 5280 3452 5320 arcana
3476 5263 3624 5332 ejus-

2053 5368 2200 5424 modi
2234 5365 2531 5436 contigisse
2560 5363 2698 5418 visa.
2736 5360 2843 5429 Ipsi
2895 5361 3094 5415 etenim
3139 5359 3293 5428 juxta
3354 5359 3621 5428 linguam,

2053 5461 2348 5517 admodum
2398 5456 2682 5514 fructifera
2730 5453 2916 5510 enasci
2962 5453 3252 5509 videbatur
3288 5453 3444 5516 vitis,-
3503 5465 3626 5519 qua:

2051 5555 2268 5624 quidem
2311 5553 2386 5608 ita
2439 5547 2815 5612 excrescebat,
2874 5555 2934 5602 ut
2989 5547 3308 5601 universum
3351 5553 3623 5599 terrarum
