4050 6164
449 255 557 311 835

1636 254 1694 311 S.
1734 254 2059 314 GREGORII
2097 255 2367 314 NYSSEN
2374 257 2393 312 ι

3593 260 3707 314 8'56

449 373 686 442 repleret
731 370 942 427 orbem.
975 371 1183 426 Cuncta
1234 378 1417 426 autem
1451 372 1576 429 coeli
1632 374 1875 431 volatilia
1911 377 2015 431 ad-

2129 376 2290 447 βῶσαι
2321 377 2420 449 τὴν
2446 377 2569 448 γῆν,
2604 379 2712 432 πᾶν
2741 378 2795 432 δὲ
2824 378 3066 432 πετεινδν
3095 377 3189 432 τοῦ
3210 375 3446 448 ούρανοῦ
3472 378 3712 449 ἐρχόμε-

451 463 765 528 ventabant,
793 473 847 517 et
876 461 943 516 de
976 461 1157 516 fructu
1188 461 1307 533 ejus
1341 463 1741 521 comedebant:
1776 466 1894 535 ipsa
1923 479 2024 520 au—

449 566 556 611 lcm
595 556 741 618 vitis,
780 561 987 622 quanto
1021 553 1208 624 plures
1232 556 1485 612 volucres
1526 555 1881 626 decerpentes
1905 555 2023 612 fru-

447 656 570 701 etus
593 645 925 715 excipiebat,
967 655 1120 700 tanto
1153 647 1389 716 amplius
1424 646 1663 704 racemis
1687 646 2023 704 abundabat.

448 737 582 793 illud
612 746 874 809 praeterea
900 737 1046 808 quod
1072 738 1141 793 ad
1174 739 1352 809 ipsum
1380 740 1698 810 pertineret,
1722 741 1864 797 alius
1898 741 2024 811 qui-

447 830 597 893 dam,
624 831 790 885 homo
822 830 1133 901 perspicax,
1167 844 1226 886 se
1248 833 1607 902 conspexisse
1633 840 1867 890 testatus
1897 841 2022 891 est:

450 922 774 993 angelorum
819 922 1035 977 scilicet
1078 922 1292 992 copiam
1328 922 1753 980 descendentem
1786 941 1817 980 e
1859 926 2022 993 creto,

448 1017 706 1071 volumen
738 1015 893 1070 intus
926 1029 992 1069 ac
1028 1014 1165 1071 foris
1212 1017 1586 1087 conscriptum
1622 1018 1873 1075 detinere
1916 1033 2025 1073 ma-

449 1108 634 1164 nibus.
668 1106 760 1162 Sic
790 1122 915 1163 vero
946 1115 1190 1163 sanctam
1223 1108 1371 1162 illam
1415 1110 1652 1181 colloqui
1692 1112 1863 1165 visam
1902 1125 2026 1167 esse

451 1202 645 1259 aciem.
677 1199 836 1267 Quis,
871 1208 1054 1270 putas,
1088 1200 1343 1257 volumen
1377 1202 1522 1257 istud
1556 1203 1610 1257 in
1646 1218 1844 1261 manus
1882 1204 2026 1260 acci-

448 1294 563 1365 piet
588 1294 611 1347 ?
639 1292 707 1345 Et
740 1293 840 1347 hos
868 1292 1089 1362 quidem
1127 1292 1293 1357 hunc,
1324 1294 1466 1351 alios
1496 1293 1673 1360 illum,
1708 1296 1847 1351 alios
1892 1309 2025 1351 vero

452 1386 619 1440 alium
666 1400 731 1439 ex
776 1384 1251 1453 prmstantioribus
1281 1399 1346 1440 eo
1409 1395 1656 1457 tempore
1710 1386 2024 1443 hominibus

451 1473 824 1543 respondisse.
856 1472 1060 1528 Deinde
1091 1481 1273 1529 autem
1296 1483 1417 1544 post
1442 1477 1687 1530 omnium
1723 1475 2026 1545 subjeeisse

454 1564 831 1635 probationem
859 1580 872 1616 :
900 1581 918 1615 ι
940 1561 1034 1619 lsti
1061 1564 1279 1633 quidem
1313 1564 1490 1620 sancti
1510 1604 1523 1627 ,
1558 1580 1621 1619 ac
1661 1564 1899 1619 ministri
1927 1564 2025 1620 Dei

454 1665 617 1709 sunt:
677 1655 772 1708 sed
816 1654 919 1709 hoc
981 1654 1237 1709 volumen
1284 1654 1340 1709 in
1384 1669 1580 1710 manus
1624 1653 1873 1724 accipere
1928 1670 2026 1711 ne-

453 1753 684 1813 queunt.
724 1766 743 1798 ι
780 1746 1026 1816 Cumque
1070 1745 1186 1815 jam
1234 1744 1418 1801 varios
1449 1761 1517 1800 ex
1552 1755 1682 1801 tune
1714 1746 2023 1802 viventibus
2057 1735 2096 1789 Β

452 1838 855 1903 nominassent,
905 1852 1081 1905 neque
1127 1835 1418 1907 quisquam
1471 1852 1538 1892 ex
1588 1836 1657 1891 iis
1706 1838 2023 1907 placuisset,

450 1931 670 1985 demum
694 1930 971 1985 communi
1008 1930 1251 1983 omnium
1285 1944 1557 1986 consensu
1592 1931 1648 1984 in
1670 1946 1789 1985 eam
1824 1930 2028 2000 pariter

453 2032 833 2077 convenerunt
875 2020 1226 2087 sententiam,
1264 2028 1323 2074 ut
1352 2020 1619 2087 dicerent,
1661 2037 1691 2076 a
1727 2022 1880 2077 nullo
1920 2020 2027 2077 alio

453 2117 598 2173 istud
625 2116 882 2172 volumen
915 2116 969 2169 in
1027 2131 1220 2170 manus
1252 2131 1413 2185 posse
1447 2114 1622 2181 sumi,
1665 2124 2024 2186 prazterquam

451 2211 521 2262 ab
552 2208 800 2276 Ephrmm
836 2206 995 2276 Syro.
1023 2206 1287 2277 Tuncque
1320 2209 1578 2263 cmlestes
1620 2209 1844 2277 angelos
1884 2208 2026 2262 idem

382 2362 387 2367 ,
451 2300 807 2369 eonspexisse
842 2299 1033 2361 fertur,
1072 2299 1319 2369 Eplirmm
1353 2301 1606 2353 volumen
1653 2300 1891 2360 tradere.
1926 2314 2028 2353 no-

453 2398 652 2458 ctuque
691 2404 921 2458 surgens
958 2388 1022 2442 ad
1054 2389 1369 2455 ecclesiam,
1416 2389 1592 2442 visum
1642 2388 1773 2442 illud
1815 2388 2030 2457 conspi.

452 2484 642 2546 ciens,
691 2481 997 2549 perrexisse
1026 2518 1041 2543 ,
1094 2480 1393 2548 auditoque
1445 2480 1565 2547 ipso
1613 2478 1884 2549 Eplirzem,
1935 2479 2027 2548 qui

452 2582 589 2628 tune
636 2571 912 2642 insignem
955 2570 1243 2641 gratiaque
1280 2571 1494 2640 plenam
1532 2571 1768 2627 habebat
1819 2572 2027 2626 oratio-

452 2680 601 2728 nem,
653 2664 783 2733 quid
837 2664 1013 2719 visum
1065 2662 1201 2718 illud
1271 2662 1630 2733 designaret,
1683 2662 2026 2735 cognovisse,

454 2756 731 2823 Deumque
780 2754 1144 2818 coliaudassc,
1191 2764 1246 2809 et
1280 2763 1388 2809 tam
1442 2754 1765 2823 prazclarum
1811 2753 2028 2808 dicendi

453 2845 654 2899 donum
683 2843 802 2897 viro
831 2852 1024 2899 sancto
1051 2845 1238 2898 datum
1274 2844 1604 2899 admiratum
1640 2845 1834 2900 fuisse.
1877 2843 2028 2898 Tan-

452 2942 563 2990 tam
591 2935 735 2990 enim
766 2935 1048 3004 sapientia:
1077 2936 1462 2991 abundantiam
1511 2937 1740 3008 largitus
1774 2938 1850 2992 illi
1888 2937 2029 2993 Deus

455 3027 651 3092 fuerat,
688 3036 746 3081 ut
779 3028 1127 3095 quantumvis
1157 3027 1205 3081 ei
1243 3028 1489 3097 perpetui
1533 3029 1693 3098 quasi
1738 3031 2026 3085 verborum

457 3118 633 3172 fontes
668 3123 1039 3186 suppeterent,
1071 3116 1233 3170 rebus
1270 3123 1450 3171 tamen
1494 3118 1832 3186 explicandis
1866 3133 2027 3189 pares

454 3223 797 3277 nequaquam
831 3215 1032 3261 essent.
1071 3206 1315 3276 llludque
1345 3221 1453 3261 non
1481 3215 1589 3261 tam
1624 3208 1824 3279 linguae
1858 3211 2030 3264 tardi-

456 3308 585 3363 tate,
614 3314 773 3369 qnam
803 3298 1151 3367 cogitationis
1192 3298 1471 3353 celeritate
1494 3299 1777 3354 accidebat
1803 3319 1815 3354 :
1841 3300 2028 3371 lingua

454 3388 598 3442 enim
632 3387 909 3458 cogitandi
972 3387 1203 3441 aliorum
1261 3385 1370 3439 vim
1406 3386 1752 3456 exaequabat,
1788 3395 2027 3441 attamen

455 3480 663 3533 tardior
692 3485 810 3533 erat
844 3493 1005 3549 quam
1040 3487 1099 3532 ut
1131 3477 1304 3547 ipsius
1325 3478 1625 3533 sententias
1648 3477 1865 3548 assequi
1897 3493 2027 3546 pos-

423 3581 557 3652 .set.
589 3573 745 3630 Unde
776 3587 1006 3643 magnus
1039 3587 1227 3634 senex,
1250 3569 1528 3640 singulare
1554 3569 1826 3639 quoddam
1856 3584 1886 3623 a
1916 3568 2027 3622 Deo

446 3665 744 3736 eloquendi
765 3665 966 3719 donum
991 3663 1339 3733 efﬂagitabat,
1363 3661 1516 3716 hisce
1534 3662 1754 3716 verbis:
1781 3661 2025 3732 Largire,

457 3756 707 3823 Domine,
762 3756 986 3810 flumina
1027 3755 1214 3825 gratiae
1249 3762 1374 3808 tute.
1430 3752 1711 3821 Siquidem
1767 3753 2028 3807 doctrinre

456 3848 823 3918 profunditas,
854 3848 1094 3916 linguam
1134 3844 1307 3913 ipsius
1353 3843 1704 3905 absorbebat,
1750 3850 1811 3896 ut
1866 3857 2027 3898 sensa

457 3939 622 3994 animi
677 3938 868 3993 efferre
910 3938 1192 4006 nequiret,
1241 3951 1366 3990 cum
1406 3937 1619 3991 muneri
1668 3937 2028 3992 eoneionandi

457 4032 826 4085 instrumenta
874 4030 942 4084 ad
978 4028 1181 4085 diserte
1212 4029 1509 4085 dicendum
1548 4037 1856 4100 opportuna
1893 4028 2029 4085 deﬁ-

458 4132 670 4178 CCI'CI“.

524 4213 832 4270 Conciones
857 4228 1021 4283 porro
1050 4213 1244 4283 ipsius,
1279 4213 1427 4271 aliud
1471 4213 1610 4269 nihil
1644 4213 1752 4269 nisi
1781 4211 2028 4283 precatio

458 4304 883 4373 interpellabat:
932 4305 1406 4375 precationemque
1453 4304 1647 4360 iterum
1709 4304 2025 4366 conciones,

2127 487 2214 525 νον
2270 470 2329 535 ἐξ
2381 470 2553 541 αὐτῆς
2603 469 3022 541 ἐμπίμπλασθαι
3050 469 3277 541 τροφῆς.
3315 467 3497 540 Αὐτὴν
3524 469 3583 522 δὲ
3605 469 3712 539 τὴν

2124 560 2368 632 ἄμπελον
2390 564 2447 616 ὲν
2472 561 2549 633 τῷ
2580 561 2988 633 ἀποκείρεσθαι,
3017 561 3112 616 καὶ
3138 562 3245 615 πᾶν
3271 560 3473 631 πτηνὸν
3503 558 3715 623 δεξιοῦ-

2127 654 2270 719 σθαι,
2327 654 2527 724 μᾶλλον
2571 654 2819 709 πλουτεῖν
2865 655 2974 709 τῶν
3008 653 3270 726 βοτρύων.
3313 652 3485 707 Τοῦτο
3525 651 3584 706 δὲ
3615 651 3715 705 καὶ

2123 745 2282 808 ἄλλος
2312 746 2440 818 περὶ
2468 745 2633 800 αὐτοῦ
2681 746 2791 800 τῶν
2820 749 2962 801 πάνυ
3009 744 3333 818 διορατικῶν
3374 745 3497 798 τότε
3539 758 3715 814 προσ-

2123 837 2541 910 εμαρτύρησεν·
2592 838 2794 893 ἰδέσθαι
2822 838 2998 907 λέγων
3032 839 3279 907 ἀγγέλων
3312 836 3541 906 πληθὺν,
3576 850 3715 888 κατ-

2128 928 2311 983 ιοῦσαν
2340 928 2402 994 ἐξ
2430 930 2683 1002 οὐρανοῦ,
2733 930 2896 1001 τόμον
2928 929 3020 983 ἐπὶ
3067 932 3256 1001 χεῖρας
3305 928 3704 999 βαστάζουσαι),

2124 1021 2321 1086 ἔξωθέν
2358 1040 2417 1077 τε
2452 1023 2547 1077 καὶ
2592 1022 2792 1077 ἔσωθεν
2839 1020 3307 1093 ἐγγεγραμμένον.
3344 1020 3537 1087 Ἔλεγε
3578 1019 3637 1071 δὲ
3673 1019 3710 1088 ἠ

2126 1116 2354 1183 φανεῖσα
2405 1114 2526 1168 θεία
2574 1114 2757 1184 ἐκείνη
2809 1114 2947 1184 πρὸς
2997 1113 3195 1184 ἑαυτὴν
3248 1112 3574 1183 παράταξις.
3611 1109 3713 1173 Τίς

2124 1206 2234 1278 ἀρα
2288 1205 2489 1275 ὀφείλει
2522 1206 2672 1259 τόνδε
2701 1205 2793 1259 τὸν
2836 1205 3001 1275 τόμον
3029 1204 3466 1275 ἐγχειρισθῆναι;
3504 1200 3595 1264 Ἐξ
3633 1193 3712 1254 ὧν

2124 1298 2534 1369 ἀποκριθέντες,
2566 1299 2616 1351 οἱ
2640 1298 2739 1368 μὲν
2754 1298 2903 1350 τόνδε
2924 1298 3273 1368 προέκριναν,
3301 1297 3351 1349 οἱ
3382 1295 3438 1348 δὲ
3468 1294 3581 1348 τὸν.
3610 1292 3708 1345 καὶ

2125 1389 2275 1444 ἄλλοι
2300 1389 2504 1462 ἕτερον,
2539 1389 2632 1454 οὓς
2659 1391 2688 1443 ὁ
2707 1390 2898 1461 χρόνος
2923 1392 3127 1453 ἐκεῖνος
3155 1385 3267 1460 εἶχε
3296 1387 3548 1457 λογάδαςσ
3574 1381 3712 1440 Εἶτα

2128 1480 2269 1551 μετὰ
2282 1480 2379 1550 τὴν
2395 1480 2623 1552 δοκιμὴν
2644 1481 2851 1545 πάντας
2866 1483 3058 1535 εἰπεῖν’
3084 1498 3103 1531 ι
3135 1479 3377 1549 Ἀληθῶς
3396 1478 3542 1547 ἃγιοι
3560 1470 3713 1531 οὗτοι

2124 1572 2216 1626 καὶ
2259 1572 2433 1626 δοῦλοι
2479 1572 2613 1627 θεοῦ
2636 1588 2652 1605 ο
2704 1573 2842 1644 πλὴν
2868 1574 2929 1627 οὐ
2963 1572 3217 1627 δύνανται
3237 1571 3387 1625 τόνδε
3420 1571 3512 1624 τὸν
3541 1571 3712 1642 τόμον

2125 1664 2550 1735 ἐγχειρισθῆναι.
2592 1683 2610 1717 ι
2657 1666 2745 1729 Ὧς
2772 1666 2829 1719 δὲ
2858 1665 3087 1730 πολλοὺς
3115 1663 3224 1719 τῶν
3244 1663 3365 1718 τότε
3388 1663 3558 1732 ἁγίων
3582 1663 3711 1716 ὲπι-

2128 1756 2477 1826 μνησθέντες,
2509 1757 2568 1811 ὲν
2592 1757 2773 1819 αὐτοῖς
2803 1758 2903 1811 οὐκ
2924 1756 3221 1827 εὐδόκησαν
3239 1773 3255 1788 ·
3285 1755 3457 1819 τέλος,
3479 1771 3711 1825 συμφωο

2127 1849 2391 1915 νήσαντες
2418 1843 2591 1904 εἷπον.
2620 1847 2810 1912 Οὐδεὶς
2838 1848 3057 1903 δύναται
3084 1848 3273 1902 τοῦτον
3303 1845 3712 1920 ἐγχειρισθῆναι

2127 1937 2215 1990 τὸν
2237 1938 2423 2008 τόμον,
2458 1937 2508 1990 εἰ
2544 1937 2618 2007 μὴ
2670 1937 2928 2008 Ἐφραῖμ..
2961 1927 3074 1990 Keil
3109 1935 3173 2008 δὴ
3208 1935 3304 1990 καὶ
3320 1935 3482 1990 τοῦτο
3507 1934 3715 1989 θεάσαιο

2129 2026 2251 2079 σθαι
2283 2027 2311 2079 ὁ
2346 2026 2559 2097 βλέπων
2587 2028 2794 2091 ἐκεῖνος
2817 2027 3037 2095 λέγεται
3084 2028 3212 2090 τοὺς
3240 2026 3418 2089 θείους
3445 2025 3711 2094 ἀγγέλους

2128 2115 2458 2178 ἐπιδιδόντας
2495 2116 2588 2169 τὸν
2640 2116 2807 2187 τόμον
2850 2115 2930 2187 τῷ
2975 2116 3243 2188 Ἐφραῒμο
3289 2116 3624 2170 Ἀναστάντα
3651 2116 3712 2168 ὲν

2128 2206 2351 2275 νυχαλίᾳ
2378 2206 2457 2269 εἰς
2498 2205 2823 2276 Ἐκκλησίαν
2867 2207 3162 2276 ἀφικέσθαι
3212 2207 3305 2261 τὸν
3345 2223 3711 2278 μυσταγωγη-

2128 2295 2290 2349 θέντα
2315 2295 2412 2366 τὴν
2456 2295 2667 2366 ὅρασιν,
2700 2296 2930 2351 ἀκοῦσαι
2957 2297 3299 2361 διδάσκοντος
3332 2297 3427 2351 τοῦ
3473 2296 3713 2368 Ἑφραῒμ

2129 2387 2186 2437 ὲν
2218 2385 2361 2455 λόγῳ
2400 2385 2612 2454 δαψιλεῖ
2657 2386 2751 2440 καὶ
2777 2387 2958 2459 χάριτι
2991 2387 3278 2459 ἠρτυμένῳ
3303 2403 3316 2418 ·
3353 2387 3451 2457 τὴν
3482 2387 3541 2441 δὲ
3572 2388 3709 2458 ὀρα-

2129 2477 2311 2530 θείσαν
2343 2477 2606 2531 ὀπτασίαν
2634 2478 2837 2533 ἐκεῖνον
2877 2480 3243 2550 ἐπικρίνοντα,
3284 2479 3505 2546 δοξάσαι
3538 2496 3597 2532 τε
3617 2478 3710 2533 τὸν

2128 2568 2279 2632 Θεὸν,
2315 2568 2408 2622 καὶ
2439 2566 2535 2638 τὴν
2560 2568 2805 2623 δοθεῖσαν
2824 2570 2902 2641 τῷ
2927 2570 3065 2641 ἀγίῳ
3085 2570 3422 2641 ἐκπλαγῆναι
3446 2570 3711 2625 πλουσίαν

2128 2658 2222 2711 τοῦ
2250 2659 2405 2727 λόγου
2439 2660 2665 2730 δωρεάν.
2696 2662 2962 2715 Τοσοῦτον
2991 2662 3101 2734 γὰρ
3122 2663 3183 2716 τὸ
3210 2663 3399 2734 περιὸν
3431 2663 3581 2733 αὐτῷ
3605 2664 3711 2733 τῆς

2131 2752 2321 2821 σοφίας
2373 2754 2684 2823 κεχάριστο,
2742 2753 2817 2817 ὡς
2857 2754 3116 2818 ἀεννάους
3153 2756 3251 2826 μὲν
3272 2751 3411 2809 εἶναι
3441 2758 3567 2821 τοὺς
3597 2757 3711 2810 τῶν

2128 2843 2300 2911 λόγων
2362 2844 2582 2912 ὀχετούς
2603 2860 2614 2873 °
2657 2844 2870 2914 βραδεῖς
2900 2846 2958 2899 δὲ
2990 2846 3127 2917 πρὸς
3155 2847 3252 2917 τὴν
3283 2848 3390 2902 τῶν
3420 2848 3711 2919 νοημάτων

2131 2933 2457 3004 φανέρωσιν,
2494 2935 2554 2987 οὑ
2584 2937 2647 3005 τῇ
2687 2935 2785 3005 τῆς
2834 2935 3080 3007 γλώττης
3114 2938 3439 3010 ναρκότητι,
3475 2939 3612 2993 ἀλλά
3639 2942 3708 3010 τῇ

2128 3027 2236 3081 τῶν
2257 3026 2653 3097 ἐνθυμημάτων
2679 3028 3004 3100 πυκνότητι·
3033 3028 3173 3083 ὥστε
3195 3031 3293 3101 τὴν
3317 3030 3566 3099 γλῶσσαν
3589 3028 3713 3086 ῐσον

2134 3119 2233 3190 μὲν
2266 3118 2523 3174 δύνασθαι
2566 3118 2645 3189 τῷ
2670 3119 2824 3191 τάχει
2873 3121 2984 3175 τῶν
3024 3121 3153 3194 παρ’
3190 3123 3367 3187 ἄλλοις
3392 3122 3713 3195 ἐνθυμημά-

2132 3226 2261 3275 των,
2289 3204 2451 3281 ἧττον
2476 3209 2533 3262 δὲ
2559 3210 2667 3263 τῶν
2699 3211 2915 3265 οἰκείων
2948 3211 3125 3283 θεωρη
3136 3213 3339 3283 μάτων.
3367 3213 3459 3267 Διὸ
3488 3216 3583 3268 καὶ
3609 3215 3713 3269 αύ-

2132 3302 2221 3364 τὸς
2259 3304 2387 3373 περὶ
2406 3302 2601 3356 ἑαυτοῦ
2622 3305 2651 3357 ό
2679 3304 2855 3374 μέγας
2884 3305 3198 3377 πρεσϐύτης
3233 3305 3365 3360 Θεὸν
3393 3306 3712 3378 ἐξαιτούμε-

2134 3410 2244 3458 νος,
2277 3394 2368 3446 ἐπὶ
2393 3396 2458 3465 τῇ
2491 3396 2654 3466 ἀνοχῇ
2688 3396 2789 3465 τῆς
2809 3396 3180 3471 ἀκατασχέτου
3204 3399 3312 3452 τῶν
3340 3400 3579 3469 λογάδων
3606 3401 3711 3456 δω-

2136 3490 2265 3559 ρεᾶς
2283 3489 2501 3543 τοιαῦτα
2518 3491 2733 3558 λέγεται
2753 3492 2940 3561 φάναιο
2965 3495 3145 3558 ’Λνες,
3176 3488 3220 3547 ὦ
3243 3494 3504 3559 Δέσποτα,
3526 3495 3595 3550 τά
3609 3495 3714 3568 τῆς

2135 3579 2354 3650 χάριτός
2396 3598 2488 3634 σου
2540 3581 2779 3654 κύματα.
2822 3584 2957 3638 Ὑπὸ
2989 3586 3097 3657 γὰρ
3128 3585 3224 3658 τὴν
3267 3586 3519 3653 γλῶσσαν
3545 3589 3579 3657 ἡ
3609 3588 3712 3659 τῆς

2132 3670 2478 3735 διδασκαλίας
2531 3672 2764 3739 ἄϐυσσος
2801 3675 3182 3745 πελαγίξουσα,
3230 3677 3418 3748 φέρειν
3449 3677 3597 3749 αὐτῷ
3638 3679 3712 3733 τά

2133 3761 2241 3813 τῶν
2273 3761 2560 3838 νοημάτων
2584 3764 2685 3818 οὐκ
2725 3765 3025 3836 ἐπέτρεπεν
3051 3767 3426 3840 ἀλλεπάλληλα
3457 3769 3703 3842 κύματα.

2133 3856 2199 3925 τῇ
2225 3857 2736 3929 κατεσπουδασμένῃ
2782 3859 3091 3934 λειτουργίᾳ
3126 3862 3235 3919 τῶν
3276 3864 3410 3937 πρὸς
3447 3862 3507 3919 τδ
3532 3865 3709 3936 λέγειν

2133 3945 2377 4017 ὀργάνων
2401 3949 2499 4018 οὐχ
2529 3949 2961 4020 ὑπουργούντων.

2218 4214 2548 4268 Ἐπέκοπτεν
2580 4214 2637 4269 δὲ
2662 4218 2787 4280 τοὺς
2813 4216 3003 4287 λόγους
3030 4218 3216 4290 ἕτερον
3245 4220 3343 4292 μὲν
3367 4221 3542 4289 οὐδὲν,
3576 4222 3704 4295 εὐχὴ

2132 4304 2188 4358 δὲ
2224 4305 2380 4376 μόνη,
2415 4306 2507 4362 καὶ
2531 4310 2736 4381 ταύτην
2760 4312 2811 4365 οἰ
2837 4312 3003 4380 λόγοι,
3038 4316 3131 4368 καὶ
3154 4315 3374 4380 τούτους
3393 4318 3462 4371 τὰ
3476 4318 3702 4388 δάκρυα.

456 4395 557 4450 bas
587 4395 863 4465 lacrymze.
890 4393 1160 4465 lacrymas
1181 4409 1398 4449 rursum
1428 4410 1619 4464 preces
1644 4394 2026 4464 excipiebant;

2133 4397 2227 4450 καὶ
2279 4398 2451 4454 ταῦτα
2494 4400 2655 4455 πάλιν
2689 4403 2843 4473 εὐχή.
2894 4406 3003 4458 Καὶ
3040 4401 3109 4475 ἦν
3148 4406 3176 4458 ὁ
3210 4407 3367 4476 λόγος
3396 4410 3487 4463 τοῦ
3523 4410 3701 4478 λόγου,

456 4493 684 4555 eratque
732 4501 916 4541 sermo
962 4485 1273 4552 sermonis;
1311 4495 1424 4548 aut,
1472 4492 1531 4538 ut
1581 4485 1755 4553 magis
1806 4485 2027 4554 proprie

454 4580 657 4640 dicam,
693 4578 749 4632 in
792 4593 1065 4638 sermone,
1106 4578 1328 4634 assidue
1376 4577 1429 4630 in
1483 4577 1792 4631 divinarum
1844 4590 2024 4631 rerum

455 4670 915 4739 contemplatione
972 4675 1292 4738 occupatus.
1354 4667 1490 4721 Nam
1560 4667 1736 4737 ipsum
1804 4666 2024 4735 quidem

455 4775 657 4829 corpus
688 4759 759 4813 ita
793 4758 1127 4821 confecerat,
1161 4767 1218 4812 ut
1251 4757 1450 4813 rationi
1478 4758 1635 4827 quasi
1667 4758 1902 4811 dominae
1928 4758 2025 4811 ob-

455 4857 786 4918 temperans,
821 4865 927 4902 non
976 4849 1170 4919 magis,
1204 4865 1366 4919 quam
1400 4850 1445 4903 si
1497 4857 1806 4904 emortuum
1856 4857 2023 4911 esset,

453 4942 752 5011 voluptatis
804 4942 973 4995 ullum
1023 4956 1244 4995 sensum
1294 4941 1536 4996 haberet.
1574 4940 1819 5010 Cumque
1863 4941 2024 4995 adea

453 5049 574 5101 qua:
604 5048 710 5087 non
738 5033 955 5094 decent,
986 5033 1259 5096 obeunda,
1288 5033 1466 5087 inedia
1497 5042 1658 5102 atque
1694 5032 2024 5088 abstinentia

455 5124 606 5192 prius
633 5122 918 5181 domitum.
950 5123 1226 5176 immobile
1257 5124 1652 5191 languesceret,
1686 5124 1791 5178 illis
1844 5132 2026 5178 tamen

452 5230 574 5284 quae
596 5215 900 5269 animarum
928 5216 1219 5270 conferunt
1245 5216 1430 5277 saluti,
1463 5215 1808 5285 perﬁciendis
1825 5217 2027 5270 robore

455 5308 763 5377 praestabat.
806 5308 992 5373 Quid?
1017 5307 1162 5378 quod
1195 5322 1262 5362 ne
1290 5317 1481 5362 noctes
1511 5308 1757 5376 quidem,
1784 5308 2027 5363 somnio-

452 5414 574 5451 rum
624 5398 936 5454 simulacris
993 5409 1158 5468 atque
1202 5400 1531 5469 imaginibus
1574 5416 1715 5464 smne
1745 5401 2024 5470 decipien-

456 5497 556 5553 tes,
589 5489 638 5543 ei
668 5490 885 5544 virtutis
920 5506 983 5545 ac
1013 5490 1229 5559 pictatis
1259 5507 1481 5547 cursum
1518 5493 1569 5544 in
1605 5492 1713 5545 ullo
1739 5493 2026 5547 interrum-

455 5580 694 5649 pebant?
744 5596 865 5632 nam
905 5598 1065 5647 (piem
1117 5582 1495 5651 aggredientes
1542 5593 1872 5654 exceperant
1932 5600 2021 5639 so-

457 5670 674 5731 brium,
727 5669 970 5723 eumdem
1019 5673 1332 5750 recedentes
1389 5674 1699 5737 vigilantem
1754 5676 2022 5745 relinque-

2132 4490 2307 4543 εἰπεῖν
2334 4489 2389 4542 δὲ
2413 4491 2612 4561 μᾶλλον
2636 4494 2981 4564 οἰκειότερον.
3016 4497 3074 4552 ἐν
3098 4497 3258 4568 λόγῳ,
3276 4501 3397 4562 ταῖς
3423 4501 3552 4572 περὶ
3575 4501 3706 4554 Θεοῦ

2131 4580 2217 4633 διὰ
2246 4580 2462 4635 πάντων
2484 4583 2688 4638 τούτων
2728 4586 2981 4656 θεωρίαις
3009 4589 3248 4661 συνεχῶς
3292 4591 3706 4662 ἀσχολούμενος.

2133 4674 2204 4725 Τὸ
2230 4673 2337 4744 γὰρ
2367 4674 2523 4745 σῶμα
2548 4677 2827 4747 νεκρὼσας
2856 4682 2991 4750 μετά
3019 4681 3127 4736 τῶν
3147 4683 3369 4754 ἡδονῶν,
3402 4685 3495 4739 καὶ⁵
3528 4685 3710 4739 δοῦλον

2131 4765 2196 4818 δι’
2212 4766 2536 4837 ἐγκρατείας
2561 4769 2639 4839 τῷ
2670 4769 2900 4841 ἡγεμόνι
2921 4774 3400 4846 κατεργασάμενος
3428 4776 3675 4846 λογισμῷ
3694 4817 3709 4841 ,

2132 4856 2383 4927 ἀκίνητον
2413 4859 2512 4930 μὲν
2543 4857 2654 4929 εἶχε
2700 4862 2834 4933 πρὸς
2870 4865 2937 4918 τὰ
2973 4866 3047 4935 μὴ
3085 4866 3271 4920 δέοντα
3303 4867 3484 4937 ἀσιτίᾳ
3504 4868 3710 4939 προδα-

2136 4947 2338 5017 μασθὲν
2357 4988 2372 5011 ,
2433 4951 2659 5021 στερρὸν
2708 4951 2765 5006 δὲ
2813 4953 2948 5024 πρὸς
2975 4955 3043 5008 τὰ
3071 4956 3326 5027 λυσιτελῆ
3350 4957 3446 5010 καὶ⁹
3473 4957 3710 5027 ψυχικὴν

2134 5037 2408 5108 σωτηρίαν
2438 5040 2745 5110 πορίζοντα.
2781 5043 2918 5097 Ἀλλ’
2940 5046 3059 5099 οὐδὲ
3088 5046 3279 5107 νύκτες
3309 5047 3459 5118 αὐτῷ
3488 5048 3580 5102 τὸν
3610 5049 3710 5117 τῆς

2132 5128 2331 5201 ἀρετῆς
2360 5131 2558 5203 δρόμον
2588 5136 2898 5202 ἐνέκοπτον,
2944 5142 3064 5202 ταῖς
3097 5137 3155 5203 ἐξ
3192 5139 3360 5193 ὕπνου
3387 5141 3708 5209 φαντασίαις

2132 5219 2292 5274 αὐτὸν
2333 5222 2736 5290 φενακίζουσαι.
2789 5227 3046 5297 Νήφοντα
3074 5230 3178 5302 γὰρ
3218 5231 3277 5294 ἐξ
3307 5229 3532 5303 ἡμερῶν
3558 5231 3705 5300 δεχόο

2135 5325 2317 5379 μεναι,
2348 5313 2729 5382 γρηγοροῦντα
2787 5317 3189 5387 κατελίμπανον
3241 5320 3704 5391 παρατρέχουσαι,

2128 5403 2286 5457 τοῦτο
2309 5409 2845 5479 πραγματευόμενον,
2896 5412 2984 5465 ἵνα
3031 5413 3103 5483 μὴ
3145 5413 3423 5485 καταλάϐῃ
3451 5413 3639 5466 τοῦτον
3673 5414 3705 5478 ἡ

2132 5497 2251 5568 χεὶρ
2284 5497 2377 5549 τοῦ
2418 5499 2675 5569 ἄρχοντος
2708 5501 2801 5554 τοῦ
2844 5503 3064 5566 σκότους
3112 5504 3302 5559 τούτου
3360 5504 3731 5559 καθεύδοντα..

2134 5590 2342 5642 ’Ὕπνου
2371 5591 2423 5642 δὲ
2455 5592 2828 5661 μετελάμϐανε
2877 5595 3147 5661 τοσοῦτον,
3187 5598 3310 5651 ὅσον
3357 5597 3492 5667 πρὸς
3521 5596 3581 5649 τὸ
3608 5596 3705 5665 ζῇν

2136 5679 2311 5730 ἱκανά)
2341 5696 2351 5708 ’
2388 5682 2530 5742 ὅπως
2564 5682 2636 5750 μέ]
2677 5683 2775 5749 τῆς
2814 5686 3041 5754 φυσικῆς
3078 5686 3349 5753 παντελῶς
3392 5685 3703 5748 ἀκολουθίας
