4050 6164
414 304 531 366 εὖτ

1403 315 1492 372 DE
1531 317 1697 375 VITA
1736 317 1793 375 ὃ.
1834 319 2084 380 PATRIS
2120 323 2431 384 EPHMM
2467 326 2648 384 SYRI.

3563 336 3668 394 858

412 417 837 503 ἀνατραπείσης,
892 431 1045 486 λύσιν
1099 430 1270 503 βίαιον
1323 434 1590 508 ὑπομείνῃ
1638 434 1698 489 τὸ
1746 437 1978 509 σαρκίον.

2094 440 2263 510 bant;
2308 442 2550 514 illudque
2584 441 2773 498 sedulo
2796 453 3100 513 curantem,
3139 462 3205 503 ne
3231 463 3426 505 manus
3462 450 3668 521 princi—

427 522 713 592 Ἀνέτρεπε
765 521 822 575 δὲ
873 521 1079 587 τοῦτον,
1112 524 1204 576 καὶ
1253 523 1363 578 τῶν
1406 524 1697 596 ὀφθαλμῶν
1739 526 1992 592 ὲξεδίωκε

414 611 585 664 πολλὰ
612 612 713 682 μὲν
740 612 833 665 καὶ
855 611 1012 680 ἄλλα,
1035 613 1267 684 μάλιστα
1294 615 1351 668 δὲ
1380 617 1649 688 χαμευνία
1671 620 1766 672 καὶ
1798 619 1995 692 σκληρ-

411 704 647 772 αγωγία,
683 704 779 758 καὶ
819 705 854 776 ἡ
897 706 1125 759 παντοία
1152 706 1246 760 τοῦ
1282 706 1531 779 σώματος
1560 710 1826 777 κάκωσις.
1851 711 1991 766 Τού-

410 813 521 860 τοις
561 794 671 866 γὰρ
712 795 948 867 μάλιστα
987 796 1048 850 τὸ
1076 795 1170 850 τοῦ
1224 797 1392 853 ὓπνου
1441 800 1610 866 πάθος
1655 801 1991 875 ἐξορίζεσθαι

413 888 671 956 πέφυκεν.
724 887 1133 961 Ἀκτημοσύνην
1160 890 1217 944 δὲ
1257 892 1521 965 τοσαύτην
1551 895 1836 966 ἐκτήσατο,
1860 898 1992 970 ὅσην

407 979 551 1050 ἔχειν
581 980 710 1044 τοὺς
740 980 915 1046 θείους
945 982 1274 1048 ἀποστόλους
1299 984 1538 1050 ἀκούεις.
1572 986 1664 1040 Διὸ
1695 988 1790 1042 καὶ
1819 988 1874 1042 εί
1906 1007 1992 1055 τις

405 1072 593 1126 τοῦτον
612 1073 1061 1144 ἀκτημονούντων
1088 1077 1394 1147 ἀρχέτυπον
1422 1078 1659 1144 καλέσει,
1679 1080 1776 1150 οὐχ
1808 1080 1989 1153 ἀμαρ-

404 1164 563 1234 τὴσει
583 1163 676 1217 τοῦ
711 1163 938 1227 δέοντος.
969 1164 1146 1218 Αὑτοῦ
1172 1165 1278 1238 γὰρ
1296 1167 1502 1220 ἐκείνου
1528 1168 1624 1238 τὴν
1644 1168 1989 1241 γλυκυτάτην

406 1255 502 1307 καὶ
530 1255 800 1326 μακαρίαν
821 1254 1016 1325 ἔχομεν
1051 1256 1254 1327 φωνὴν,
1291 1258 1464 1330 ἥνπερ
1499 1259 1707 1329 μέλλων
1735 1260 1989 1331 ἀπαίρειν

409 1345 545 1414 πρὸς
576 1344 642 1398 τὰ
657 1345 902 1416 οὐράνια,
933 1346 1066 1414 ἡμῖν
1094 1347 1303 1415 ἀφῆκεν
1333 1347 1718 1420 ἀκτημοσύνης
1741 1350 1988 1404 διδάσκα-

404 1434 515 1503 λον,
546 1428 650 1491 ὧδέ
684 1453 800 1498 πως
834 1435 1083 1506 ἔχουσαν·
1123 1438 1234 1508 Ούχ
1262 1437 1470 1511 ὑπῆρξε
1501 1439 1834 1512 τῷἘφραῖμ
1858 1460 1985 1496 ποτε

405 1526 704 1596 βαλάντιον,
738 1527 799 1580 ού
835 1527 1048 1598 ῥάϐδος,
1092 1529 1152 1581 οὐ
1183 1531 1353 1601 πήρα.
1392 1529 1529 1584 Οὔτε
1569 1530 1673 1603 μὴν
1700 1533 1981 1604 ἀργύριον,

401 1620 525 1674 οὔτε
552 1620 794 1691 χρυσίον,
845 1621 959 1675 ἀλλ’
995 1622 1113 1675 οὐδέ
1147 1638 1267 1675 τινα
1317 1623 1509 1693 κτῆσιν
1538 1623 1729 1695 ἑτέραν
1768 1625 1859 1678 ἐπὶ
1885 1625 1984 1697 τῆς

400 1713 504 1781 γῆς
534 1713 871 1783 ἐκτησάμην.
901 1712 1005 1766 Τοῦ
1037 1714 1143 1785 γὰρ
1169 1714 1371 1782 ἀγαθοῦ
1401 1715 1673 1778 Βασιλέως
1701 1716 1908 1786 ἤκουσα
1926 1719 1982 1770 ἐν

398 1808 512 1867 τοῖς
548 1805 899 1874 Εὑαγγελίοις
950 1806 1218 1877 φήσαντος
1282 1809 1393 1869 τοῖς
1435 1806 1625 1860 ἑαυτοῦ
1689 1807 1978 1878 μαθηταῖς,

403 1898 568 1968 μηδὲν
599 1898 692 1950 ἐπὶ
729 1899 827 1969 τῆς
860 1899 962 1968 γῆς
1012 1898 1337 1969 κτήσασθαι.
1369 1899 1530 1951 Ὅθεν
1567 1898 1687 1953 οὐδὲ
1718 1899 1980 1969 ἐμπαθῶς

399 1990 558 2059 ἔσχον
586 1989 723 2062 πρός
752 2008 804 2043 τι
828 1989 1083 2043 τοιοῦτον.
1117 1990 1304 2054 Οὕτως
1333 1986 1424 2044 οὖν
1453 1991 1609 2062 δόξης
1647 2008 1706 2044 τε
1736 1990 1827 2043 καὶ
1855 2007 1985 2060 χρη-

402 2082 586 2151 μάτων
632 2081 909 2153 ὀλίγωρος,
958 2081 1157 2146 παντὸς
1217 2081 1272 2136 δὲ
1314 2082 1513 2152 μᾶλλον
1551 2082 1643 2134 τοῦ
1696 2081 1981 2153 ἀμείνονος

398 2174 654 2244 ἐραστὴς,
686 2174 762 2245 τῷ
785 2174 887 2242 ἴσῳ
927 2173 1218 2227 κάντεῦθεν
1259 2177 1372 2238 τοῖς
1395 2175 1712 2237 ἀποστόλοις
1746 2170 1981 2245 ἁμιλλώ-

400 2285 560 2338 μενος
586 2268 790 2339 δρόμῳ.

2095 533 2179 601 pis
2228 532 2390 587 istius
2458 536 2803 589 tenebrarum
2854 536 3031 606 ipsqu
3101 554 3294 595 somno
3342 555 3667 612 oppressum

2094 620 2546 693 deprehenderet.
2588 624 2823 680 Tantum
2867 644 2999 684 vero
3044 632 3307 701 temporis
3357 631 3530 702 quieti
3564 634 3668 689 tri-

2094 714 2320 780 buebat,
2357 725 2626 786 quantum
2660 718 2785 772 vitae
2812 719 3065 791 degenda:
3099 723 3470 779 necessarium
3497 729 3668 782 duce-

2095 806 2211 872 bat,
2241 822 2313 863 ne
2349 807 2586 861 naturali
2613 808 2833 878 penitus
2860 812 3074 867 sublata
3109 814 3512 883 vicissitudine,
3535 831 3667 871 caro

2091 891 2388 952 violentam
2445 898 2865 956 dissolutionem
2920 904 3238 959 sustineret.
3280 904 3416 959 Cum
3478 913 3663 960 autem

2092 986 2245 1041 varia
2281 994 2468 1043 essent
2501 1003 2621 1056 quae
2662 989 2731 1045 ab
2762 991 2938 1045 oculis
2969 993 3090 1062 ejus
3132 1011 3383 1050 somnum
3424 998 3661 1067 depelle-

2092 1077 2246 1144 bant,
2277 1084 2392 1132 tum
2424 1079 2558 1135 illud
2593 1082 2882 1151 imprimis,
2909 1085 3055 1153 quod
3087 1101 3334 1156 asperam
3369 1103 3433 1143 ac
3466 1090 3660 1144 duram

2089 1168 2255 1222 vitam
2285 1184 2473 1237 agens,
2520 1171 2816 1241 multisque
2861 1174 3039 1229 modis
3097 1191 3295 1245 corpus
3332 1194 3489 1233 suum
3523 1178 3663 1232 allii-

2091 1273 2243 1327 gens,
2280 1259 2432 1313 humi
2476 1260 2641 1314 etiam
2674 1261 2940 1315 cubaret:
2975 1277 3098 1315 nam
3132 1263 3283 1318 hisee
3318 1264 3660 1334 potissimum

2090 1348 2418 1414 rationibus,
2456 1349 2635 1403 somni
2665 1349 2879 1405 aﬂectio
2925 1352 3105 1405 excuti
3161 1353 3318 1407 solet.
3361 1353 3660 1424 Pauperta-

2091 1444 2198 1490 tem
2230 1452 2399 1506 porro
2437 1444 2647 1492 tantam
2675 1440 2947 1503 servabat,
2989 1448 3253 1509 quantam
3306 1442 3393 1496 vel
3450 1443 3658 1498 sanctis

2088 1527 2224 1598 ipsis
2278 1529 2440 1584 audis
2487 1530 2658 1586 fuisse
2706 1531 2990 1600 apostolis.
3044 1532 3388 1602 Quapropter
3435 1532 3482 1588 si
3532 1533 3658 1602 quis

2086 1634 2210 1674 cum
2242 1626 2620 1689 paupertatem
2667 1621 2963 1675 colentium
3012 1623 3292 1691 exemplar
3347 1621 3655 1692 appellarit,

2088 1710 2509 1781 haudquaquam
2526 1727 2554 1764 a
2574 1712 2804 1767 veritate
2822 1714 3011 1768 aberra
3022 1714 3110 1768 rit.
3125 1713 3507 1770 Dulcissimam
3525 1728 3656 1770 sane

2085 1817 2424 1882 prorsusque
2451 1805 2662 1857 beatam
2712 1804 2857 1857 illam
2905 1805 3065 1860 nobis
3093 1820 3303 1872 vocem,
3347 1805 3491 1861 velut
3521 1820 3655 1876 pau-

2086 1894 2313 1963 pertatis
2363 1896 2701 1963 magistram,
2744 1896 2877 1950 hinc
2915 1896 2968 1950 in
3020 1898 3219 1951 cmlum
3264 1898 3651 1970 emigraturus,

2084 1986 2324 2056 reliquit,
2354 2002 2461 2055 qua
2500 1986 2677 2041 aiebat
2709 2007 2721 2042 :
2755 1988 2869 2043 Nec
2917 2004 3200 2055 crumena,
3253 2005 3354 2046 nec
3400 1991 3652 2057 baculus,

2082 2095 2184 2135 nec
2215 2079 2608 2151 peraEphrazm
2628 2096 2869 2150 unquam
2901 2082 3084 2137 fuit”.
3116 2082 3407 2153 Nunquam
3433 2097 3652 2146 aurum,

2083 2184 2177 2228 aut
2237 2185 2544 2245 argentum,
2592 2183 2688 2228 aut
2730 2175 2897 2229 ullam
2958 2190 3075 2232 rem
3148 2176 3310 2230 aliam
3381 2176 3434 2230 in
3507 2184 3653 2231 terra

2077 2265 2321 2335 possedi.
2354 2264 2491 2319 Nam
2520 2265 2726 2320 bonum
2760 2281 2945 2337 regem
2998 2267 3067 2322 ad
3096 2283 3227 2323 suos
3254 2268 3527 2324 dicentem
3556 2267 3657 2322 di—

409 2366 657 2433 scipulos
692 2364 876 2419 audivi
913 2362 968 2417 in
1004 2361 1507 2433 Evangelio:l\’ihil
1580 2363 1634 2416 in
1702 2371 1851 2418 terra
1909 2361 2289 2432 possederit'rs.
2360 2362 2730 2428 Quamobrem
2777 2364 2928 2417 nulla
2994 2379 3083 2419 me
3134 2379 3314 2418 rerum
3381 2363 3650 2434 ejusmodi

398 2457 547 2526 cepit
574 2456 866 2525 cupiditas.
895 2453 1096 2508 Gloria:
1125 2454 1312 2524 igitur,
1345 2462 1399 2509 et
1432 2455 1678 2527 pecunia:
1727 2461 2073 2522 contemplor
2112 2468 2236 2506 cum
2265 2462 2432 2519 esset,
2500 2469 2565 2507 ac
2626 2454 3002 2524 prazslantiora
3074 2462 3317 2523 amaret;
3384 2455 3452 2509 ad
3502 2455 3651 2524 ipsos

397 2548 680 2616 apostolos
714 2548 769 2600 in
795 2562 860 2601 co
891 2561 991 2600 suo
1025 2561 1190 2599 cursu
1235 2561 1399 2616 quam
1438 2547 1685 2616 proxime
1713 2547 1977 2602 accedere
2011 2544 2305 2599 nitebatur.

467 2639 532 2691 Τί
565 2640 621 2692 δὲ
670 2640 800 2710 περὶ
840 2638 1334 2710 ταπεινοφροσύνης
1368 2638 1516 2710 αὐτῷ
1549 2640 1977 2711 προσμαρτυρήτ

399 2745 616 2799 σωμεν⁹
655 2729 791 2782 ὅπου
849 2744 914 2796 γε
960 2728 1256 2801 διαρρήδην
1313 2729 1458 2792 ἅπας
1495 2729 1659 2783 αὐτοῦ
1701 2730 1856 2798 λόγος
1880 2730 1976 2782 καὶ

398 2824 738 2894 σύγγραμμα
766 2822 966 2892 ταύτην
1014 2821 1126 2891 ἔχει
1175 2821 1273 2892 τὴν
1297 2821 1499 2892 ἀρετὴν
1542 2822 1973 2893 κηρυττομένην,

397 2903 599 2984 καίπερ
624 2914 771 2984 αὐτῷ
813 2912 1144 2984 διωκομένην
1176 2913 1240 2966 ὲκ
1288 2913 1483 2967 πολλοῦ
1519 2914 1611 2968 τοῦ
1656 2916 1972 2986 περιόντος;

396 3008 533 3061 Πότε
565 3008 673 3079 γὰρ
701 3010 729 3060 ό
752 3008 960 3079 δάκρυα
988 3008 1463 3080 προσκαλούμενος
1501 3008 1751 3081 δάκρυσι,
1786 3010 1975 3064 σποδόν

392 3116 453 3153 τε
477 3099 607 3152 ὡσεὶ
641 3098 801 3169 ἄρτον
834 3098 1049 3160 ἐσθίων,
1066 3098 1128 3152 τὸ
1145 3100 1317 3169 τραχὺ
1334 3099 1429 3168 τῆς
1454 3098 1682 3168 διαίτης,
1718 3099 1812 3153 καὶ
1840 3100 1974 3169 ἀνή-

2158 2635 2298 2702 Quid
2332 2650 2462 2691 vero
2497 2635 2661 2689 animi
2714 2635 2886 2705 ipsius
2941 2635 3360 2692 submissionem
3410 2651 3652 2692 comme-

2088 2744 2291 2783 morem
2320 2738 2483 2799 atque
2514 2729 2910 2795 humilitatem;
2936 2745 3060 2784 cum
3091 2745 3152 2786 ea
3184 2732 3302 2799 ipsa
3332 2729 3506 2783 virtus
3529 2743 3654 2798 pas-

2085 2821 2187 2875 sim
2232 2820 2287 2874 in
2324 2821 2540 2876 eunetis
2582 2822 2702 2890 ejus
2753 2822 3096 2877 sermonibus
3151 2836 3216 2877 ac
3263 2819 3484 2890 scriptis
3531 2832 3655 2874 sese

2083 2906 2440 2980 singulariter
2475 2911 2542 2967 ab
2590 2926 2655 2967 eo
2710 2911 2883 2968 fuisse
2931 2913 3203 2967 excultam
3249 2908 3652 2981 quodammodo

2083 3000 2372 3056 clamitet?
2420 3001 2650 3067 Quando
2699 3003 2843 3057 enim
2892 3016 3136 3073 unquam
3189 3002 3256 3057 ad
3302 3000 3651 3071 arrogantiae.

2084 3094 2453 3164 elationiSquc
2493 3095 2726 3165 lapidem
2760 3110 2857 3165 pes
2902 3094 3023 3165 ejus
3053 3092 3299 3162 offendit,
3330 3095 3424 3165 qui
3473 3094 3654 3164 lacry-

393 3191 563 3254 δονον,
591 3160 755 3244 atat-rb
780 3190 929 3260 πόμα
961 3189 1161 3261 κιρνῶν
1183 3160 1335 3260 ’μετὰ
1357 3160 1714 3264 κλαυο
1745 3208 1877 3261 φησι

2082 3203 2202 3243 mas
2225 3189 2484 3259 laerymis
2518 3189 2870 3257 provocabat,
2906 3201 2970 3242 ac
2998 3187 3237 3243 cinerem
3263 3194 3523 3256 tanquam
3557 3199 3656 3254 pa-

392 3281 571 3349 λόγια,
634 3280 769 3351 πρὸς
826 3281 1110 3350 ἐπάρσεως
1139 3280 1170 3351 ἢ
1198 3282 1426 3351 οἰήσεως
1458 3281 1592 3352 λίθῳ
1626 3281 1716 3334 τὸν
1748 3281 1977 3352 ψυχικὸν

394 3370 533 3423 πόδα
593 3370 1052 3441 προσκρούσειεν;
1087 3372 1156 3423 Ἢ
1195 3372 1222 3423 ὁ
1263 3371 1360 3442 τὴν
1392 3371 1736 3443 ἀνθρωπίνην
1761 3372 1977 3425 ἃπασαν

396 3462 869 3532 ἀποστρεφόμενος
890 3460 1065 3527 δόξαν,
1100 3462 1193 3514 καὶ
1238 3463 1442 3534 περιὼν
1480 3465 1578 3535 μὲν
1601 3464 1681 3517 ἔτι
1718 3464 1860 3517 κατά
1886 3464 1975 3517 τὸν

399 3551 531 3620 βίον,
555 3551 698 3614 τινὸς
731 3552 1097 3617 ἐπαινοῦντος,
1143 3552 1416 3623 ἀσχαλιῖιν,
1445 3553 1537 3607 καὶ
1563 3552 1690 3607 ἄλλο
1714 3571 1773 3607 τε
1809 3553 1975 3625 ἄλλην

394 3644 671 3699 ἀλλάττων
720 3631 929 3716 χροιὰν,
986 3643 1209 3697 κύπτων
1257 3662 1314 3696 τε
1346 3645 1424 3708 είς
1475 3645 1597 3714 γῆν,
1630 3645 1724 3697 καὶ
1764 3644 1975 3709 στάζων

394 3737 579 3809 ἱδρῶτι
605 3736 808 3806 λεπτῷ,
843 3736 936 3789 καὶ
963 3735 1107 3805 δεινῇ
1127 3734 1493 3807 κρατούμενος
1519 3735 1752 3804 ἀφωνία,
1787 3734 1974 3805 ὥσπερ

389 3828 493 3900 τῆς
516 3828 773 3898 αἰσχύνης
795 3828 960 3882 αὐτοῦ
985 3826 1083 3898 τὴν
1113 3827 1362 3896 γλῶσσαν
1389 3826 1684 3897 ἀργούσηςς

481 4095 755 4166 ’Ᾱπαίρων
802 4092 859 4144 δὲ
928 4091 1063 4163 πρὸς
1109 4091 1209 4160 τὴν
1278 4089 1551 4161 μακαρίαν
1599 4089 1694 4142 καὶ
1741 4089 1972 4160 ἄληκτον

392 4188 560 4258 ζωὴν,
594 4185 725 4240 αὐτὸ
751 4184 908 4237 τοῦτο
940 4184 1101 4237 πάλιν
1134 4182 1270 4253 μετὰ
1295 4181 1530 4251 σφοδρᾶς
1549 4180 1827 4250 ἀπείργων
1848 4181 1970 4233 ἐπι-

390 4280 686 4349 τιμήσεως.
716 4276 808 4330 καὶ
836 4275 1010 4344 λέγων
1031 4290 1042 4303 ·
1081 4273 1170 4344 Μὴ
1216 4273 1382 4343 ᾄσητε
1418 4268 1567 4341 ᾆσμα
1596 4273 1686 4324 ἐπὶ
1710 4272 1967 4343 Ἐφραῒμ,

396 4372 470 4442 μὴ
496 4367 897 4438 ὲγκωμιάσητε,
939 4366 1011 4437 μή
1055 4381 1121 4435 με
1164 4362 1446 4416 πολυτελεῖ
1485 4362 1752 4432 ὲνθάψητε
1792 4364 1972 4433 ἱματιυ·

394 4462 538 4532 σμῷ,
602 4460 675 4531 μὴ
731 4459 836 4531 ἰδία
885 4458 962 4528 τῷ
997 4456 1209 4527 σώματί
1270 4473 1371 4524 μου
1413 4455 1584 4523 τάφον
1620 4453 1965 4524 ἐργάσησθε’
2002 4495 2019 4548 ι

392 4554 549 4620 λόγον
578 4553 687 4621 γὰρ
716 4552 823 4622 ἔχω
851 4550 989 4621 μετὰ
1044 4547 1197 4610 Θεοῦ,
1236 4546 1555 4616 αύλισθῆναί
1614 4562 1680 4614 με
1727 4547 1822 4599 σὺν
1853 4549 1966 4608 τοῖς

393 4646 584 4711 ξένοις.
609 4645 792 4708 Ξένος
826 4641 939 4711 ἐγὼ
961 4640 1059 4695 καὶ
1079 4638 1507 4708 παρεπίδημος,
1529 4638 1720 4702 καθὼς
1745 4635 1967 4704 πάντες

391 4742 445 4793 οὶ
474 4735 724 4803 πατέρες
750 4751 889 4803 μου.
917 4733 1097 4801 Ἔχεις
1117 4729 1405 4801 τοιγαροῦν
1437 4732 1499 4782 ἐκ
1527 4727 1842 4799 περιουσίας
1874 4728 1967 4781 καὶ

389 4828 594 4897 ταύτης
615 4828 712 4896 τῆς
739 4825 957 4896 ἀρετῆς,
991 4821 1132 4875 καοὰ
1159 4822 1222 4891 δὴ
1253 4822 1344 4874 καὶ
1374 4820 1481 4874 τῶν
1505 4818 1727 4882 λοιπῶν,
1762 4819 1965 4890 ἐναργῆ

389 4922 462 4975 τὰ
513 4919 807 4989 τεκμήρια.
853 4917 963 4985 Τῆς
1001 4914 1369 4984 ἐλεημοσύνης
1395 4914 1450 4966 δὲ
1493 4913 1586 4966 καὶ
1626 4913 1970 4982 συμπαθείας

390 5014 454 5067 ού
480 5011 706 5082 ποιητὴν
737 5008 915 5079 μόνον,
940 5003 1073 5058 ἀλλὰ
1096 5006 1187 5058 καὶ
1215 5004 1530 5058 διδάσκαλον
1556 5004 1744 5057 τοῦτον
1773 5004 1970 5075 ὲπιᾷηο

397 5107 604 5175 φιεῖται
635 5103 665 5154 ὁ
688 5102 786 5172 τῆς
811 5097 1069 5169 ἀληθείας
1087 5097 1210 5166 ὅρος
1236 5096 1329 5150 καὶ
1348 5095 1530 5167 νόμος,
1555 5096 1632 5165 Τῇ
1660 5094 1767 5164 γὰρ
1789 5096 1971 5169 τελείᾳ

394 5194 768 5267 ἀκτημοσύνῃ,
817 5192 880 5245 τὸ
922 5188 1180 5260 παρέχειν
1212 5190 1322 5251 τοῖς
1359 5188 1635 5258 δεομένοις
1674 5188 1773 5241 οὐκ
1807 5187 1968 5258 ἔχων,

393 5294 452 5345 ἐν
503 5286 581 5359 τῷ
646 5288 769 5350 τοὺς
803 5283 997 5346 ἄλλους
1031 5281 1314 5350 διεγείρειν
1361 5280 1496 5353 πρὸς
1545 5279 1692 5333 ἔλεον
1740 5285 1966 5344 πυκναῖς

391 5381 766 5455 παραινέσεσι,
816 5377 916 5446 τὴν
959 5373 1326 5445 ἐλεημοσύνην
1352 5372 1688 5442 μετήρχετο.
1718 5368 1826 5426 Ἦν
1856 5373 1966 5443 γὰρ

388 5475 465 5538 ὡς
496 5470 710 5542 ἀληθῶς
732 5473 760 5524 ὁ
788 5468 975 5522 τούτου
994 5468 1170 5534 λόγος,
1198 5464 1292 5518 καὶ
1321 5464 1441 5533 δίχα
1471 5464 1569 5533 τῆς
1597 5464 1792 5534 ὂψεως,
1822 5465 1970 5527 κλεὶς

392 5563 802 5634 θεοχάλκευτος,
835 5562 960 5624 τοὺς
991 5560 1101 5613 τῶν
1136 5558 1405 5610 πλουσίων
1436 5557 1742 5628 θησαυροὺς
1773 5556 1969 5610 διανοί-

475 5740 516 5775 ίε
544 5737 727 5791 Matth.
757 5753 810 5801 ις,
836 5738 886 5802 9,
937 5738 1030 5801 ιο;

1109 5738 1237 5791 Luc.
1276 5754 1348 5797 tv,
1388 5738 1436 5788 vi.
1520 5735 1561 5765 ¹⁷
1603 5734 1747 5788 Psal.
1782 5750 1867 5799 cr,
1908 5733 1991 5786 l0.

2080 3293 2203 3333 nem
2249 3277 2639 3342 manducabat,
2675 3283 2730 3331 et
2773 3291 2966 3345 aspera
3021 3282 3185 3345 atque
3222 3274 3496 3329 inamoena
3540 3276 3653 3328 vita

2077 3375 2139 3424 ut
2176 3383 2335 3425 sacra
2374 3368 2467 3421 illa
2499 3374 2799 3438 personant
2835 3366 3024 3432 verba,
3060 3365 3317 3436 poculum
3358 3379 3483 3419 cum
3521 3363 3652 3420 ﬂetu

2076 3460 2341 3515 miscebat
2370 3459 2455 3512 ‘7?
2500 3450 2718 3528 Quique
2769 3457 2839 3511 ab
2882 3457 3031 3511 omni
3072 3472 3234 3520 vana,
3286 3464 3448 3525 atque
3485 3471 3651 3509 mun-

2076 3553 2218 3607 dana
2241 3552 2546 3607 abhorrens
2563 3551 2898 3621 gloria,cum
2931 3549 2987 3602 in
3017 3548 3119 3602 bac
3133 3547 3310 3603 adhuc
3331 3548 3650 3618 peregrina-

2079 3654 2227 3699 retur
2256 3645 2387 3709 vita,
2413 3644 2457 3699 si
2481 3657 2509 3695 a
2536 3655 2812 3712 quoquam
2843 3655 2901 3696 se
2923 3640 3135 3694 laudari
3160 3639 3649 3705 animadvertebat,

2074 3751 2218 3807 aegro
2241 3736 2424 3789 animo
2459 3734 2663 3797 ferens,
2687 3734 2964 3802 aliumque
2983 3732 3121 3788 alias
3141 3733 3378 3787 colorem
3403 3732 3648 3801 capiens,

2076 3835 2241 3896 atque
2270 3826 2462 3880 oculos
2492 3825 2547 3879 in
2577 3833 2778 3879 terram
2819 3822 3138 3890 demittens,
3175 3823 3327 3877 tenui
3356 3837 3423 3878 ac
3462 3822 3648 3879 subtili

2075 3917 2329 3973 madebat
2349 3918 2571 3983 sudore,
2608 3917 2829 3987 altoque
2853 3916 3073 3971 silentio
3091 3924 3350 3986 tanquam
3380 3929 3648 3981 verecun-

2075 4006 2163 4060 dia
2191 4005 2432 4077 linguam
2472 4005 2858 4077 praepediente,
2887 4004 3309 4074 corripiebatur.

2144 4096 2263 4151 Jam
2309 4105 2489 4152 autem
2533 4096 2661 4151 hinc
2708 4096 2773 4149 ad
2818 4095 3033 4151 beatam
3075 4096 3467 4166 caelestemque
3495 4097 3645 4151 illam

2074 4188 2440 4259 emigraturus
2469 4186 2662 4252 vitam,
2704 4187 2853 4256 gravi
2892 4185 3133 4256 quodam
3178 4186 3473 4243 interdicto
3512 4187 3647 4243 illud

2074 4282 2254 4352 ipSum
2289 4286 2502 4343 vetans,
2544 4277 2803 4332 diccbat:
2841 4274 2999 4330 Nulla
3038 4273 3286 4345 Ephraem
3335 4277 3646 4333 cecineritis

2074 4372 2348 4433 carmina,
2392 4371 2708 4439 nullamque
2749 4368 3116 4424 laudationem
3153 4367 3535 4431 adhibueritis,
3578 4383 3647 4423 ne

2074 4481 2159 4519 me
2191 4480 2313 4519 cum
2342 4463 2582 4533 pretioso
2611 4461 2973 4533 sepeliveritis
2997 4460 3344 4523 vestimento,
3369 4475 3507 4537 neve
3535 4460 3648 4530 pri-

2074 4557 2238 4609 vatim
2289 4554 2506 4624 corpori
2549 4570 2670 4609 meo
2706 4553 3106 4610 constitueritis
3157 4550 3469 4605 tumulum:
3511 4552 3644 4606 mihi

2073 4646 2216 4701 enim
2255 4660 2377 4699 cum
2414 4644 2524 4700 Deo
2564 4643 2840 4711 convenit,
2875 4652 2934 4697 ut
2968 4642 3112 4696 inter
3144 4640 3467 4712 peregrinos
3495 4656 3647 4696 com-

2072 4752 2277 4791 morer.
2311 4737 2521 4790 Advena
2547 4736 2748 4806 quippe
2780 4750 2895 4789 sum
2923 4750 3038 4803 ego,
3066 4742 3114 4787 et
3148 4734 3473 4804 peregrinus,
3507 4735 3645 4789 sicut

2075 4846 2252 4883 omnes
2279 4838 2459 4897 patres
2508 4828 2607 4881 mei
2641 4828 2704 4879 ’⁸.
2738 4826 2893 4880 Sicut
2920 4840 3052 4897 ergo
3088 4826 3318 4879 aliarum
3352 4825 3645 4892 virtutum,

2077 4922 2152 4976 ita
2188 4920 2352 4988 hujus
2379 4919 2544 4974 etiam
2581 4918 2777 4974 eximia
2814 4926 2979 4988 atque
3017 4919 3280 4988 prmclara
3307 4916 3474 4974 habes
3503 4919 3648 4973 indt-

2076 5012 2180 5067 cia.
2220 5010 2419 5065 Eorum
2454 5010 2599 5064 enim
2632 5023 2752 5081 quae
2782 5009 2848 5063 ad
2880 5009 3302 5081 eleemosynam,
3339 5019 3393 5066 et
3422 5013 3649 5066 commi-

2077 5101 2370 5158 serationis
2397 5100 2649 5157 affectum
2694 5102 2992 5172 pertinent,
3022 5101 3170 5156 hunc
3200 5116 3306 5156 non
3338 5101 3647 5157 effectorem

2078 5195 2366 5257 duntaxat,
2394 5192 2492 5247 sed
2516 5201 2570 5248 et
2600 5192 2877 5247 doctorem
2900 5191 3202 5256 exstitisse,
3234 5192 3484 5248 veritatis
3511 5208 3651 5263 prae-

2076 5285 2323 5354 scriptio,
2365 5282 2559 5353 lexque
2603 5285 2719 5353 ipsa
2752 5282 3059 5337 conﬁrmat.
3091 5281 3226 5336 Nam
3278 5298 3401 5337 eum
3435 5299 3499 5338 ex
3528 5300 3650 5354 per-

2077 5377 2239 5440 fet-ta,
2272 5390 2433 5441 quam
2466 5374 2747 5445 amplexus
2769 5371 2966 5435 fuerat,
2999 5382 3341 5443 paupertate,
3378 5376 3648 5444 reliquum

2077 5465 2211 5520 nihil
2241 5464 2488 5530 haberet,
2524 5463 2668 5534 quod
2701 5463 2887 5532 egenis
2917 5462 3321 5533 impertiretur;
3349 5465 3650 5535 frequenti-

2080 5559 2180 5610 l~us
2235 5565 2414 5611 tamen
2450 5553 2921 5610 cohortationibus
2959 5556 3096 5611 alios
3141 5557 3205 5611 ad
3257 5556 3648 5613 misericordiae

2078 5737 2117 5765 “‘
2158 5735 2300 5791 I‘sal.
2336 5751 2574 5800 xxxvi”,
2614 5734 2695 5787 15.
