4050 6164
463 255 567 311 859

1644 254 1703 312 S.
1743 254 2071 314 GREGORII
2106 256 2398 316 NYSSENI

3597 264 3714 319 840

460 378 624 436 opera
668 364 1082 431 commovendo,
1135 365 1511 437 eleemosynas
1565 369 1844 441 erogabat.
1904 369 2030 425 Erat

2137 390 2265 440 γων,
2296 374 2391 429 καὶ
2420 376 2530 439 τοῖς
2557 374 2797 445 μετρίοις
2840 373 2907 427 τὰ
2941 373 3126 427 δέοντα
3153 373 3405 446 χορηγῶν
3426 392 3439 406 ·
3471 373 3582 446 ἡδὲ
3612 375 3717 445 ἀγ-

460 457 663 526 quippe
698 455 871 525 ipsius
915 456 1116 518 oratio,
1148 456 1279 512 licet
1312 459 1497 513 vultus
1529 473 1640 514 non
1683 462 2032 531 conspicere-

460 557 567 613 tur,
603 559 859 618 tanquam
900 549 1165 604 divinitus
1215 549 1515 606 fabrefacta
1553 554 1801 623 quaedam
1839 554 2029 616 clavis,

458 641 685 695 divitum
736 640 1025 697 thesauros
1078 644 1391 712 recludens,
1428 652 1483 700 et
1517 644 1886 715 indigentibus
1935 661 2033 700 ne-

458 733 697 787 cessaria
745 727 1138 803 suppeditans,
1180 745 1549 808 aspectusque
1598 737 1720 811 ejus
1753 737 2034 808 angelicus

458 821 732 876 sulliciens
765 833 902 890 erat,
937 825 1031 894 qui
1079 840 1177 895 per
1209 841 1269 881 se
1306 828 1512 897 absque
1540 829 1647 882 ulla
1672 828 1921 883 oratione
1947 829 2033 881 in-

456 898 677 970 tuentes
718 915 882 969 etiam
913 924 1160 986 agrestes
1188 924 1243 973 et
1281 919 1612 974 inhumanos
1640 919 1709 973 ad
1740 918 2034 974 commise-

2128 463 2410 539 Δγελοειδὴς
2461 464 2663 536 Θεωρία
2701 466 2861 536 ἤρκει
2912 465 3006 519 καλ⁸
3049 465 3188 536 μόνη
3233 465 3542 535 βλεπομένη
3578 465 3715 533 πρὸς

2136 551 2480 621 συμπάθειαν
2529 554 2625 607 καὶ
2676 554 3008 625 οίκτιρμοὺς,
3034 553 3130 607 καὶ
3171 553 3298 617 τοὺς
3332 552 3471 622 ἄγαν
3500 551 3715 623 ἀμειλί-

2135 658 2295 706 κτους
2328 642 2569 712 κινῆσαι,
2604 642 2885 713 ἁπλότητι,
2926 643 3020 697 καὶ
3055 641 3358 713 ἐπιεικείᾳ,
3406 642 3500 695 καὶ
3543 640 3716 710 πολλῇ

2138 733 2456 805 κεκραμένη
2485 731 2879 803 καλοκάγαθίᾳ.
2915 734 3025 787 Καὶ
3047 731 3335 796 τίςηοῦτως
3370 726 3439 802 ἦν
3471 730 3720 801 ἀναιδείᾳ

2141 824 2606 897 προ[σ]κείμενος,
2644 826 2704 890 ὃς
2734 825 3076 898 προσϐλέψας
3100 824 3281 889 αὐτὸν,
3320 823 3419 877 οὐκ
3454 822 3714 895 ἠρυθρία,

2140 916 2234 970 καί
2265 934 2381 980 πως
2417 917 2579 980 αὐτὸς
2613 917 2809 970 ἑαυτοῦ
2843 915 3209 987 κοσμιώτερος
3240 915 3519 984 ἐγεγόνει;

456 1008 722 1063 rationem
768 1020 1132 1078 permoveret,
1167 1020 1320 1065 tanta
1379 1012 1435 1066 in
1488 1027 1555 1067 eo
1589 1012 2038 1082 conspiciebatur
2087 1018 2201 1065 tum
2257 1011 2607 1081 simplicitas,
2677 1021 2793 1066 tum
2844 1009 3223 1076 mansuetudo,
3282 1019 3399 1063 tum
3441 1008 3712 1078 probitas.

454 1101 757 1174 Nullusque
815 1104 953 1159 adeo
1014 1106 1388 1175 reperiebazur
1442 1106 1769 1177 impudens,
1836 1106 1934 1175 qui
1986 1120 2103 1160 non.
2137 1106 2317 1176 ipsum
2367 1106 2691 1176 inspiciens,
2746 1106 2949 1160 rubore
2997 1104 3232 1176 quodam
3268 1104 3716 1174 perfunderetur

456 1204 620 1267 atque
651 1199 1007 1266 verecundia,
1038 1214 1102 1252 ac
1133 1201 1317 1269 seipso
1340 1194 1530 1256 melior
1553 1217 1661 1257 non
1694 1201 2018 1257 redderetur
2057 1209 2221 1272 atque
2251 1202 2574 1258 modestior.

524 1291 593 1345 Et
624 1290 875 1361 quamvis
916 1290 990 1343 ita
1021 1291 1192 1344 multa
1228 1291 1282 1345 in
1313 1293 1416 1347 hoc
1449 1292 1568 1348 viro
1599 1292 1841 1363 perfecta
1871 1293 2037 1347 exsti-

2212 1294 2367 1364 Τάχα
2389 1295 2569 1348 τοίνυν
2628 1291 2881 1347 τοσοῦτόν
2903 1308 2988 1355 τις
3020 1290 3221 1362 πλῆθος
3258 1288 3496 1353 ἀκούσας
3518 1306 3719 1362 κατορ-

455 1384 641 1457 terint,
677 1397 745 1455 ne
785 1382 908 1450 quis
934 1382 1004 1436 ob
1040 1380 1091 1435 id
1126 1383 1408 1455 existimet
1427 1384 1735 1438 absolutam
1768 1383 1818 1438 ei
1850 1398 2033 1438 rerum

2140 1385 2427 1455 θωμάτων,
2453 1383 2593 1447 δόξει
2624 1383 2699 1446 ὡς
2722 1383 2821 1436 οὐκ
2848 1384 2905 1435 ἐν
2933 1380 3085 1452 βάθει
3111 1381 3219 1435 τῶν
3250 1381 3718 1453 ἐκκλησιαστικῶν

457 1474 955 1531 ecclesiasticarum
1009 1473 1250 1529 defuisse
1292 1474 1682 1545 cognitionem.
1719 1473 1858 1539 Quid
1888 1474 2032 1529 enim

2140 1476 2386 1553 ἐχώρησε
2421 1475 2708 1553 δογμάτων
2736 1477 2767 1537 ,ὁ
2800 1474 2942 1537 θεῖος
2987 1467 3142 1538 οὗτος
3198 1475 3357 1544 ἀνήρ.
3397 1475 3563 1529 Ποίαν
3602 1476 3715 1547 γὰρ

458 1566 556 1620 otii
584 1573 895 1635 suppeteret
934 1565 1062 1635 ipsi,
1097 1565 1304 1620 diceret
1345 1566 1473 1620 talis
1502 1565 1722 1636 aliquis,
1756 1573 1813 1619 ut
1855 1565 1924 1620 ad
1954 1573 2035 1629 tot

2139 1558 2252 1640 εἶχε
2287 1549 2695 1639 σχολὴν,’φαίην
2734 1566 2822 1629 ἂν,
2858 1568 2887 1619 ὁ
2914 1564 3188 1633 τοιοῦτος,
3212 1565 3511 1630 τοσαύταις
3556 1584 3719 1638 μερι-

459 1657 727 1711 virtutum
763 1656 942 1711 studia
973 1656 1354 1735 divideretur?
1379 1656 1775 1730 Sanequidem
1808 1672 1918 1711 non
1964 1656 2034 1712 le-

2138 1660 2363 1732 ζόμενος
2395 1658 2660 1729 οάρεταϊς;
2716 1655 2808 1727 Τῷ
2859 1655 2914 1708 δὲ
2961 1657 3060 1709 οὐκ
3097 1655 3397 1721 ἐπεπόλαζε
3422 1657 3532 1711 τῶν
3552 1658 3717 1714 θείων

458 1749 601 1804 viter
647 1763 831 1820 rerum
880 1747 1188 1811 divinarum
1245 1728 1559 1817 cognitione
1598 1754 1717 1802 erat
1767 1747 2030 1803 imbutus.

2137 1724 2419 1822 δογμάτων
2542 1749 2757 1818 γνῶσις.
2779 1724 2866 1802 Ὀὐ
2897 1749 3007 1820 γὰρ
3035 1749 3158 1802 ὅσον
3205 1750 3376 1803 εἰπεῖν
3402 1751 3494 1804 καὶ
3521 1768 3718 1823 παραι-

458 1840 645 1911 Neque
672 1838 820 1895 enim
856 1845 1082 1894 eatenus
1123 1837 1389 1892 duntaxat
1422 1838 1570 1892 illam
1618 1838 1822 1909 attigit,
1858 1847 1917 1893 ut
1949 1837 2034 1893 di-

460 1932 636 1988 cendo
664 1932 802 1987 alios
830 1930 1047 1985 erudire
1084 1938 1311 2000 posset;
1345 1929 1439 1985 sed
1473 1937 1582 1983 tam
1618 1930 1837 2000 pietatis
1873 1937 2041 2000 atque

460 2027 740 2097 religionis
778 2025 1048 2091 instituta,
1078 2040 1241 2095 quam
1276 2039 1362 2090 ea,
1399 2038 1521 2094 quae
1567 2024 1678 2079 illis
1710 2032 2035 2095 repugnant,

459 2119 685 2174 ontrtino
712 2126 1002 2173 assecutus
1032 2125 1116 2171 est
1143 2135 1157 2170 :
1206 2116 1296 2170 illa
1325 2115 1543 2186 quidem
1566 2114 1634 2169 ad
1657 2115 2036 2171 instruendum

459 2209 741 2280 populum,
791 2209 907 2262 haec
970 2208 1038 2273 ad
1080 2207 1474 2277 coarguendos
1525 2207 1834 2275 lxaareticos;
1886 2207 2039 2263 Bono

459 2304 661 2373 quippe
694 2302 812 2356 zelo
844 2301 900 2356 in
928 2300 1052 2357 illas
1096 2300 1315 2370 pietatis
1362 2299 1618 2356 inimicas
1647 2300 1856 2356 bestias
1894 2300 2033 2355 fere-

459 2392 641 2448 batur.
671 2391 951 2462 Siquidem
988 2403 1241 2445 sermone
1270 2387 1530 2458 quodam,
1562 2390 1654 2459 qui
1685 2388 1829 2443 fama
1869 2389 2036 2445 etiam

461 2486 810 2553 potiusquam
856 2480 1076 2550 scriptis
1128 2478 1194 2533 ad
1240 2494 1341 2535 nos
1389 2479 1626 2544 devenit,
1660 2480 1807 2553 unde
1856 2479 2038 2551 ipsum

460 2576 706 2633 veritatis
750 2570 1218 2639 studiosissimum
1262 2570 1562 2634 exstitisse.
1597 2571 1758 2629 facile
1808 2573 2038 2642 intelligi

461 2675 704 2739 poterat;
734 2664 1135 2734 Apollinarium
1171 2663 1366 2727 levem,
1395 2662 1506 2717 imo
1536 2663 1843 2718 dementem
1875 2671 2041 2732 atque

462 2762 714 2815 insanum
750 2756 1119 2825 nuncupabat,
1150 2754 1241 2825 qui
1272 2769 1359 2811 res
1388 2770 1559 2810 novas
1583 2755 1838 2821 moliens,
1865 2755 2040 2809 multa

462 2850 664 2919 impia,
726 2848 1134 2917 Scripturaeque
1193 2862 1363 2903 sacra:
1426 2846 1773 2903 adversantia
1824 2847 2040 2903 duobus

463 2940 859 3013 comprehensa
914 2939 1091 3001 libris,
1126 2954 1156 2993 e
1187 2954 1292 3013 suo
1325 2946 1585 3011 eructans
1616 2949 1825 3005 ventre,
1853 2940 2041 2994 admo-

463 3022 835 3091 duminsulse
884 3043 948 3082 ac
996 3023 1198 3084 temere
1249 3031 1688 3105 proloqueretur.
1738 3029 1866 3085 lllos
1906 3044 2105 3117 νει-ορ

464 3122 658 3185 libros,
689 3121 903 3174 cuidam
927 3134 1088 3189 quam
1116 3119 1170 3173 in
1209 3119 1422 3175 deliciis
1442 3120 1705 3175 habuisse
1735 3119 2033 3183 ferebatur,

465 3214 681 3269 femina:
711 3212 1077 3268 asservandos
1108 3212 1477 3268 commiserat.
1511 3212 1642 3278 Quae
1673 3228 1798 3269 cum
1839 3228 2038 3283 magno

465 3304 839 3360 innotuissent
887 3302 1159 3372 Epltraam,
1201 3304 1317 3371 ipse
1364 3302 1610 3373 ejusdem
1656 3319 1715 3359 se
1761 3304 2037 3373 opinionis

464 3412 587 3451 esse
625 3396 965 3463 confingens,
1008 3394 1286 3457 feminam,
1320 3410 1439 3464 quae
1473 3395 1644 3451 libros
1671 3396 1809 3452 istos
1854 3396 2039 3466 profa-

464 3502 567 3542 nos
600 3485 966 3550 custodiebat,
1002 3486 1176 3553 adiit;
1202 3493 1268 3551 et
1297 3486 1364 3541 de
1392 3501 1472 3553 se,
1505 3488 1630 3557 quis
1662 3487 1751 3554 sit,
1794 3497 1849 3542 et
1872 3502 2035 3557 quam

466 3578 642 3633 fausta
684 3584 738 3632 et
769 3593 830 3631 ex
876 3592 1059 3631 eremo
1098 3575 1313 3640 afferat,
1352 3576 1624 3646 patefecit,
1669 3577 2037 3647 nonnullaque

465 3668 604 3723 forte
633 3668 685 3722 id
716 3682 888 3737 genus
911 3667 1014 3719 alia
1044 3666 1333 3736 adjiciens.
1359 3666 1599 3723 Tandem
1625 3678 1800 3739 rogat,
1827 3676 1883 3722 ut
1907 3683 2039 3737 pra:-

463 3759 702 3827 ccptoris
733 3757 834 3811 sibi
866 3758 1073 3828 scripta
1115 3758 1345 3827 publica:
1385 3757 1637 3813 utilitatis
1681 3773 1848 3814 causa
1879 3760 2035 3813 exhi-

463 3850 608 3912 beat,
646 3858 704 3902 ut
748 3848 906 3903 nobis
936 3849 1169 3917 scilicet,
1212 3865 1351 3917 quos
1389 3858 1519 3901 tunc
1559 3848 1847 3904 hereticos
1875 3866 2036 3905 voca-

464 3933 577 4000 ba't,
628 3951 932 4004 repugnare
969 3936 1315 3990 commodius
1369 3944 1575 4005 posset.
1625 3936 1838 4003 Quibus
1879 3952 2035 4009 capta

464 4021 647 4076 verbis
696 4019 918 4080 femina,
948 4018 1187 4091 eumque
1230 4038 1295 4077 ex
1341 4024 1449 4079 illis
1482 4041 1672 4091 unum,
1709 4030 1799 4098 qui
1833 4029 2038 4097 Apolli-

466 4112 607 4166 natii
650 4110 981 4165 sustinerent
1014 4121 1213 4181 partes,
1262 4125 1521 4185 reputans
1568 4118 1737 4174 libros
1776 4100 2033 4189 prmbuit,

465 4218 562 4257 ecs
591 4211 768 4256 tamen
806 4202 908 4256 εἰΜ
952 4204 1200 4259 celeriter
1237 4208 1454 4261 restitui
1498 4209 1816 4279 deprecans.
1866 4211 2037 4267 Caete-

465 4309 585 4350 rum
607 4309 835 4364 magnus
858 4294 1144 4361 lticJacob,
1163 4297 1466 4353 dementem
1488 4301 1845 4370 supplantans
1866 4304 2032 4368 Esau,

2137 1843 2287 1897 νέσαι
2317 1845 2428 1905 τοῖς
2461 1840 2658 1906 ἀλλοις,
2690 1839 2892 1909 ταύτην
2931 1839 3117 1911 μετῄει
3140 1856 3165 1915 ’γ
3186 1836 3298 1894 ἀλλ’
3323 1842 3489 1912 ἀμφω
3532 1843 3717 1908 καλῶς

2137 1928 2453 2001 ἐπαιδεύθη,
2473 1928 2544 1986 τά
2561 1949 2621 1985 τε
2644 1932 2890 2004 δόγματα
2909 1933 3006 2002 τῆς
3041 1930 3367 2003 Ἐκκλησίας
3390 1934 3549 1998 αὐτὰ,
3562 1935 3634 1989 τά
3653 1952 3716 1987 τε

2135 2020 2345 2086 τούτοις
2375 2022 2673 2093 ἀντιλέγειν
2696 2023 3089 2095 ἐπιχειροῦντα·
3120 2022 3188 2077 τά
3222 2025 3342 2094 μὲν,
3374 2025 3498 2079 ὅσον
3520 2026 3715 2097 ἐπιτη-

2136 2111 2315 2165 δεύσει
2380 2112 2599 2184 μαθών·
2654 2113 2725 2167 τὰ
2766 2114 2824 2167 δὲ
2868 2112 3005 2184 πρὸς
3033 2112 3250 2185 ἔλεγχον
3270 2115 3377 2170 τῶν
3401 2117 3710 2188 αίρετικῶν.

2137 2204 2308 2275 Ζῆλος
2338 2204 2445 2278 γὰρ
2469 2205 2630 2260 αὐτὸν
2656 2205 2799 2261 κατά
2819 2205 2930 2260 τῶν
2946 2206 3045 2277 τῆς
3075 2205 3399 2278 Ἐκκλησίας
3426 2208 3591 2260 ἐκίνει
3617 2207 3720 2278 θη-

2142 2297 2293 2369 ρῶννο
2321 2298 2440 2352 ὅθεν
2468 2300 2561 2353 καὶ
2590 2300 2670 2362 είς
2693 2300 2843 2371 ἡμᾶς
2865 2297 3064 2368 ἔφθασέ
3084 2314 3145 2351 τε
3166 2314 3249 2360 τις
3265 2299 3510 2368 ἄγραφος
3534 2297 3714 2367 λόγος,

2137 2389 2228 2443 τὸν
2256 2389 2390 2461 πρὸς
2437 2393 2505 2461 τῇ
2541 2389 2766 2461 ἀληθείᾳ
2802 2390 2992 2444 τούτου
3024 2388 3184 2462 ζῆλον
3205 2391 3336 2460 ἡμῖν
3371 2390 3717 2455 ἀποδεικνὺς,

2139 2480 2277 2552 ἔχων
2310 2481 2502 2546 οὕτως,
2530 2482 2605 2545 ὡς
2630 2485 2657 2536 ὁ
2683 2482 2997 2552 κουφόνους,
3034 2481 3232 2553 μᾶλλον
3279 2481 3439 2545 ἄνους
3469 2482 3562 2536 καὶ
3594 2482 3723 2536 ἀλο-

2117 2590 2233 2642 ,γος
2276 2572 2671 2645 Ἀπολινάριος,
2713 2573 2884 2627 πολλὰ
2923 2574 3323 2644 καινοτομήσας
3354 2573 3447 2625 καὶ
3473 2572 3580 2626 ἀπὸ
3611 2590 3724 2626 κοι-

2137 2664 2257 2728 λίας
2285 2658 2665 2737 ἐρευξάμενος,
2696 2666 2878 2719 ἄδικον
2898 2666 2996 2735 τῆς
3016 2664 3295 2729 εὐσεϐείας
3311 2664 3533 2735 Γραφῆν
3560 2666 3721 2735 ἐσχεο

2137 2757 2341 2821 δίασεν,
2380 2761 2437 2812 ἐν
2479 2759 2599 2811 δυσὶ
2642 2757 2867 2830 βιϐλίοις
2922 2757 3125 2828 ταύτην
3161 2756 3442 2821 συντάξας.
3483 2756 3722 2828 Ἐνεχεί-

2142 2866 2258 2922 ρισε
2282 2850 2338 2903 δὲ
2356 2849 2558 2913 ταύτας
2579 2850 2715 2920 πρὸς
2751 2848 2996 2921 φυλακὴν
3022 2848 3114 2903 καί
3146 2866 3275 2913 τινι,
3296 2852 3364 2919 τῇ
3386 2848 3482 2912 τὰς
3508 2848 3722 2902 ἐκείνου

2139 2935 2353 3005 ἡδονὰς,
2389 2934 2465 2999 ὡς
2514 2934 2813 3005 ἐφημίσθη,
2861 2934 3257 3008 θεραπευούσῃ.
3301 2934 3389 2999 Ὠς
3413 2934 3468 2987 δὲ
3496 2934 3572 3003 τῷ
3602 2936 3722 2987 Με-

2141 3027 2294 3098 γάλῳ
2320 3027 2388 3080 τὰ
2413 3026 2512 3097 τῆς
2528 3026 2847 3098 συγγραφῆς
2875 3026 3200 3098 ἐγνωρίσθη,
3224 3026 3322 3096 τῆς
3345 3025 3548 3079 ἐκείνου
3560 3025 3725 3096 δόξης

2141 3117 2327 3186 σχῆμα
2353 3115 2696 3185 πλασάμενος
2734 3119 2762 3170 ὁ
2791 3115 2974 3184 σοφὸς,
3002 3116 3367 3188 προσέρχεται
3396 3118 3462 3187 τῇ
3494 3119 3723 3185 γυναικὶ

2138 3208 2203 3277 τῇ
2229 3206 2326 3269 τὰς
2349 3205 2563 3276 βίϐλους
2590 3206 2930 3277 φυλαττούσῃ
2969 3205 3068 3271 τὰς
3098 3206 3377 3277 βεϐήλους,
3417 3207 3724 3278 ἀναγνωρι-

2139 3296 2383 3368 ζὸμενος,
2420 3299 2515 3351 καὶ
2543 3299 2792 3368 εὐλογίας
2831 3301 2969 3371 αὐτῇ
3009 3300 3086 3363 ὼς
3112 3299 3220 3355 ἀπὸ
3255 3300 3355 3370 τῆς
3385 3301 3592 3373 ἐρήμου
3623 3319 3722 3355 xo-

2142 3388 2334 3460 μίζων,
2358 3389 2499 3460 τάχα
2525 3391 2580 3443 δὲ
2612 3391 2707 3445 καὶ
2737 3391 2901 3463 ἕτερά
2928 3409 3049 3446 τινα
3080 3392 3487 3463 τεχναζόμενος.
3525 3393 3723 3447 ’Ύστε-

2140 3496 2232 3550 ρον
2261 3476 2353 3533 οὖν
2408 3480 2637 3533 ἱκετεύει
2690 3481 2909 3551 δοθῆναι
2940 3481 3089 3554 αὐτῷ
3132 3484 3290 3554 χάριν
3326 3483 3612 3551 ὠφελείας,
3642 3485 3723 3548 ὡς

2139 3569 2312 3639 ἔλεγε,
2343 3570 2414 3625 τὰ
2440 3571 2530 3625 τοῦ
2583 3573 2900 3627 διδασκάλου
2935 3574 3361 3645 συγγράμματα,
3390 3577 3465 3644 ὡς
3501 3576 3566 3629 ἂν
3606 3578 3724 3640 τοῖς

2136 3665 2447 3735 αίρετικοϊς,
2473 3665 2621 3736 ἡμᾶς
2662 3664 2803 3718 οὔτω
2833 3664 2990 3737 δῆθεν
3005 3665 3312 3731 ἀποκαλῶν,
3337 3667 3723 3738 ἀντιφέρεσθαι

2138 3756 2383 3819 εὐπετῶς
2408 3756 2541 3825 ἔχοι.
2575 3756 2642 3808 Ἠ
2664 3756 2721 3810 δέ
2743 3756 2835 3810 τὸν
2863 3756 2987 3810 νοῦν
3014 3757 3113 3810 οὐκ
3130 3758 3606 3831 ἐμφω[τισ]θεῖσα,
3624 3761 3722 3813 καὶ

2136 3848 2244 3903 τῶν
2265 3848 2365 3918 τῆς
2398 3848 2773 3919 Ἀπολιναρίου
2801 3848 3107 3922 συμμορίας
3129 3852 3221 3904 καλ⁵
3240 3850 3427 3904 τοῦτον
3452 3844 3592 3904 εἶναι
3620 3868 3722 3917 φε-

2138 3940 2475 4005 νακισθείσα,
2494 3942 2593 4003 τὰς
2613 3941 2828 4011 βίϐλους
2850 3943 3173 4014 παρέσχετο,
3195 3943 3417 4014 ταχινὴν
3437 3941 3720 4010 ἀξιώσασα

2138 4032 2235 4104 τὴν
2258 4031 2461 4087 τούτων
2494 4032 2749 4101 γενέσθαι
2795 4035 3161 4105 ἀποστροφήν.
3193 4034 3252 4088 '0
3270 4034 3326 4087 δὲ
3357 4034 3529 4104 μέγας
3566 4030 3721 4096 οὗτος

2152 4126 2366 4190 Ἰακὼϐ,
2397 4125 2485 4180 τὸν
2518 4125 2741 4198 βέϐηλον
2769 4125 3268 4199 πτερνίσαςἪσαῦ,
3293 4126 3388 4181 καὶ
3416 4127 3485 4181 τά
3508 4127 3719 4198 πονηρά

2138 4217 2457 4289 πρωτότοκα
2504 4217 2613 4271 τῶν
2668 4218 2857 4272 τούτου
2918 4219 3203 4290 νοημάτων
3270 4216 3482 4284 λαϐὼν,
3541 4219 3718 4287 σοφῶς

2128 4310 2413 4380 ὑπεξῆλθε
2436 4329 2450 4341 ·
2478 4310 2674 4379 φύλλον
2700 4312 2809 4382 γάρ
2841 4310 3023 4380 φύλλῳ
3054 4310 3423 4382 προσπτύξας,
3450 4310 3629 4381 ἰχθύος
3655 4328 3715 4363 τε

464 4402 528 4441 ac
565 4385 832 4459 ﬂagitiosa
880 4388 973 4441 illa
1022 4389 1384 4458 primogenita
1436 4395 1676 4462 rapiens,
1737 4397 2036 4464 prudenter

2140 4402 2303 4474 κόλλῃ
2335 4401 2395 4454 τὸ
2429 4403 2535 4456 πᾶν
2560 4402 2917 4473 καταχρίσας,
2949 4403 3024 4465 ὡς
3049 4401 3107 4455 ἓν
3144 4403 3371 4456 πυκτίον
3400 4403 3459 4455 τὸ
3488 4403 3597 4455 πᾶν
3618 4402 3717 4471 τῆς

464 4480 771 4548 Oppressit;
814 4495 937 4533 nam
976 4481 1144 4549 piscis
1188 4481 1398 4551 glutino
1442 4500 1633 4540 omnes
1686 4488 1927 4547 illinens.
1959 4489 2031 4543 ita

464 4571 655 4627 folium
689 4571 819 4628 folio
861 4574 1178 4637 conncxnit,
1213 4583 1269 4627 ut
1298 4591 1422 4629 cum
1466 4592 1594 4646 pars
1632 4594 1738 4633 una
1762 4580 1833 4634 ab
1864 4583 2039 4636 altera

462 4665 534 4720 ob
569 4664 776 4719 firmam
811 4665 1255 4734 conjunctionem
1295 4667 1453 4744 plane
1497 4671 1710 4740 sejungi
1759 4673 2031 4743 nequiret,

463 4757 518 4811 in
552 4772 712 4810 unam
744 4746 899 4827 quasi
943 4760 1185 4815 tabulam
1221 4759 1421 4830 singuli
1453 4750 1576 4815 libri
1603 4774 1929 4832 apparerent
1949 4780 2033 4821 re-

461 4848 628 4902 dacti.
656 4847 852 4918 Sicque
889 4864 987 4904 cos
1032 4850 1269 4913 mulieri,
1304 4867 1334 4905 a
1369 4865 1473 4921 qua
1503 4854 1847 4910 commodata
1884 4870 2035 4912 acce-

449 4946 636 5019 perat,
667 4939 901 4995 reddidit
930 4959 941 4994 :
974 4956 1094 5011 qua:
1121 4940 1341 5010 quidem
1369 4942 1588 4996 artiﬁcii
1633 4942 1925 5013 ejusmodi,
1955 4950 2032 5004 uti

2141 4494 2323 4565 βίϐλου
2353 4494 2774 4564 κατειργάσατο,
2798 4494 3022 4567 θάτερον
3054 4497 3214 4568 μέρος
3235 4494 3463 4565 θατέρου
3489 4494 3718 4549 διασπαο

2143 4587 2334 4656 σθῆναι
2350 4587 2453 4639 ὐπὸ
2477 4587 2569 4639 τοῦ
2590 4586 2819 4657 σφοδροῦ
2837 4586 3131 4658 συνδέσμου
3154 4587 3229 4658 μὴ
3249 4587 3714 4658 συγχωρούμενον.

2141 4676 2326 4740 Οὖτως
2351 4679 2467 4739 ταῖς
2507 4677 2629 4731 δυσὶ
2660 4678 3057 4749 τεχνασάμενος
3087 4677 3288 4748 βίϐλοις
3308 4718 3323 4741 ,
3362 4682 3429 4749 τῇ
3466 4679 3719 4750 χρησάσῃ

2143 4769 2303 4823 πάλιν
2352 4770 2766 4824 ἀνταπέδωκεν·
2815 4771 2873 4842 ἢ,
2926 4766 3016 4825 οἷα
3067 4771 3225 4843 γυνὴ,
3259 4771 3491 4825 καὶτῶν
3537 4771 3719 4840 σοφῶν

2139 4863 2365 4930 ἄπειρος
2394 4861 2701 4932 νοημάτων,
2726 4860 2827 4932 τὴν
2877 4862 3139 4933 πρόσοψιν
3166 4862 3370 4916 τούτων
3403 4860 3548 4917 σώαν
3589 4863 3718 4916 θεα-

2141 4953 2370 5023 σαμένη,
2404 4952 2644 5025 περὶτοῦ
2686 4952 2883 5023 βάθους
2910 4953 3010 5007 οὐκ
3034 4954 3476 5026 ῆκριϐολόγησεν.

463 5031 678 5096 mulier,
709 5033 1056 5102 ignara,cnm
1094 5032 1325 5087 formam
1358 5036 1677 5091 eorumdem
1703 5041 2033 5099 exteriorem
2097 5047 2302 5101 salvam
2340 5054 2616 5112 cerneret,
2665 5047 2802 5118 quid
2851 5047 3190 5105 intrinsecus
3250 5055 3434 5113 esset,
3475 5046 3716 5117 diligen-

464 5123 573 5179 tius
606 5123 877 5193 inspicere
907 5126 1162 5195 neglexit.
1832 5178 1835 5181 .

534 5211 660 5266 Dies
688 5203 815 5268 vero
835 5214 979 5268 haud
1012 5217 1085 5269 ita
1108 5215 1264 5271 multi
1290 5216 1461 5288 elapsi
1492 5227 1670 5286 erant,
1703 5236 1828 5279 cum
1851 5227 2039 5280 ortho-

462 5302 624 5358 doxis
653 5304 983 5374 quibusdam
1019 5306 1195 5362 defert
1231 5317 1461 5365 sanctus
1498 5325 1692 5378 senex,
1733 5325 1795 5370 ut
1832 5317 2039 5388 Apolli-

463 5389 677 5443 narium
725 5392 994 5456 accirent,
1026 5402 1080 5449 et
1109 5410 1235 5450 cum
1274 5412 1340 5452 eo
1379 5413 1665 5458 sermones
1698 5405 2033 5465 conferrent.

463 5477 521 5533 in
545 5480 812 5550 judicium
856 5484 1040 5556 itaque
1073 5496 1321 5554 vocatus,
1368 5490 1550 5561 impiis
1583 5493 1691 5552 illis
1739 5496 1891 5555 libris
1927 5498 2037 5556 fre-

545 5664 588 5697 "
620 5662 757 5721 Gen.
785 5683 909 5733 xxv,
944 5669 1047 5740 9.5;
1071 5686 1236 5737 xxvii,
1287 5673 1301 5725 l
1335 5690 1454 5740 sqq.

2219 5225 2474 5296 Ἦμερῶν
2496 5225 2551 5278 δὲ
2591 5224 2652 5278 οὐ
2682 5225 2824 5280 πάνυ
2858 5224 3068 5296 συχνῶν
3095 5225 3438 5290 διελθουσῶν,
3469 5227 3584 5280 τισὶ
3606 5228 3715 5282 τῶν

2135 5315 2429 5388 ὀρθοόόξων
2465 5316 2787 5389 ὑποτίθησιν
2813 5319 2843 5371 ὁ
2868 5315 3011 5381 θεῖος
3039 5317 3350 5389 πρεσϐύτης
3373 5356 3388 5381 ,
3414 5318 3507 5374 τὸν
3541 5319 3708 5389 ἀσεϐῆ

2134 5408 2359 5462 καλέσαι
2401 5409 2770 5480 Ἀπολινάριον
2797 5409 3198 5482 διαλεξόμενον.
3234 5411 3291 5465 '0
3315 5411 3371 5465 δὲ
3410 5411 3510 5483 τὴν
3542 5413 3710 5483 πρόσ-

2134 5499 2326 5571 κλησιν
2368 5498 2690 5571 δεξάμενος,
2735 5503 2830 5557 καὶ
2892 5504 3012 5565 ταῖς
3057 5502 3240 5568 ἀθέοις
3296 5504 3463 5559 αὐτοῦ
3507 5504 3710 5577 βίϐλοις
