4050 6164
339 391 440 453 ειι

1362 388 1451 443 DE
1485 388 1647 445 VITA
1689 387 1746 442 S.
1788 382 2041 439 PATRIS
2081 383 2382 439 EPHR.EM
2420 382 2600 439 SYBI.

3480 380 3587 435 842

340 505 581 580 θαρρῶν,
612 504 691 569 είς
721 504 819 577 τὴν
849 503 1041 575 κυρίαν
1070 503 1348 572 ἀπήντησε
1380 544 1396 567 ,
1442 506 1535 557 καὶ
1573 503 1915 569 διαλέγεσθαι

2028 508 2130 564 tus,
2164 499 2229 553 ad
2283 508 2485 552 statum
2513 498 2653 552 diem
2690 485 2854 560 venit,
2896 509 2959 549 ac
3001 495 3184 551 dicere
3225 496 3441 565 quidem
3490 515 3589 570 pro

344 599 444 670 μὲν
482 596 646 660 αὐτὸς
675 598 751 660 ὡς
786 598 934 667 γήρᾳ
962 594 1281 667 τρυχωθεὶς,
1321 596 1639 665 ἀπηνήνατο
1661 611 1674 624 θ
1708 594 1803 658 τὰς
1830 595 1908 645 οί-

341 689 500 752 κείας
546 688 764 758 βίϐλους
817 687 1289 760 προκομισθῆναι,
1324 686 1418 740 καὶ
1457 688 1523 740 δι’
1562 687 1739 741 αὐτῶν
1778 688 1915 740 ἀπο-

340 783 626 853 κρίνασθαι
662 781 756 835 καὶ
812 780 1116 848 ἀντιλέγειν
1147 780 1322 850 ἠξίου.
1366 781 1452 844 Ὠς
1501 775 1594 833 οὖν
1636 781 1685 833 oi
1725 779 1914 832 τούτου

342 872 657 944 συμμύσται
701 874 800 936 τάς
835 872 1050 943 βίϐλους
1086 873 1369 943 ἐκόμισαν,
1412 873 1660 943 μεγάλως
1695 872 1779 925 ἐπ’
1818 872 1917 924 a6-

342 966 460 1026 ταῖς
505 961 922 1033 βρενθυόμενοι·
955 960 1134 1015 λαϐὼν
1170 963 1374 1027 ἐκεῖνος
1406 963 1433 1014 6
1467 959 1917 1029 πεπαλαιωμένος

345 1054 529 1109 κακῶν
556 1053 778 1126 ήμερῶν
808 1054 906 1123 τῆς
934 1053 1147 1117 ἀδικίας
1172 1053 1384 1124 κριτὴς,
1415 1052 1512 1122 τὴν
1556 1052 1683 1122 μίαν
1720 1050 1917 1120 βίϐλων

343 1145 650 1211 ἀναπτύξαι
681 1143 973 1216 ἐπεχείρει.
1019 1144 1109 1207 Ὠς
1152 1143 1209 1197 δὲ
1239 1144 1340 1197 ούκ
1374 1142 1605 1197 ἐνεδίδου
1643 1145 1710 1213 τῇ
1754 1141 1916 1212 κόλλῃ

344 1237 650 1301 πιεσθεῖσα,
673 1236 801 1307 περὶ
821 1234 882 1288 τὸ
911 1235 1074 1306 μέσον
1104 1234 1308 1306 ταύτης
1323 1235 1420 1307 τὴν
1443 1234 1618 1306 ὁρμὴν
1647 1236 1879 1287 ἐποιεῖτο
1901 1248 1912 1259 ·

345 1331 380 1401 ἡ
408 1327 466 1383 δέ
495 1326 695 1399 ὁμοίως
727 1321 796 1396 ἦν
835 1326 1241 1397 ἀνεπτυγμένη.
1286 1327 1387 1389 Ὠς
1408 1324 1538 1394 γοῦν
1563 1325 1662 1394 τῆς
1696 1324 1918 1395 πρώτης

344 1419 666 1492 ἡστόχησεν,
692 1418 788 1471 ἐπὶ
811 1419 910 1488 τὴν
936 1417 1195 1488 δευτέραν
1220 1416 1405 1470 λοιπὸν
1439 1410 1704 1487 ἐχώρησε,
1733 1415 1825 1467 καὶ
1855 1412 1918 1484 δὴ

345 1511 441 1565 καὶ
472 1504 643 1581 aitqu
681 1508 810 1580 ὃλην
854 1507 1163 1580 ἀδιαίρετον
1207 1508 1302 1561 καὶ
1345 1507 1565 1569 πάντως
1595 1504 1919 1558 ἀνύπεικτον

347 1599 598 1666 κατιδὼν,
638 1602 704 1671 τῇ
738 1599 837 1670 μὲν
859 1598 1089 1671 αἰσχύνῃ
1121 1599 1183 1652 τὸ
1210 1598 1502 1669 πρόσωπον
1527 1595 1822 1666 ἠλλοιώθηο
1855 1597 1918 1666 τῇ

345 1689 551 1763 ἀπορίᾳ
592 1689 651 1743 δέ
672 1730 687 1755 ,
717 1689 815 1760 τὴν
844 1688 1022 1760 ψυχὴν
1062 1688 1357 1758 ἐξεπλάγη,
1388 1687 1483 1740 καὶ
1515 1685 1606 1739 τοῦ
1646 1683 1919 1754 συνεδρίου

348 1782 636 1858 χωρισθεὶς
666 1782 695 1833 6
724 1781 1017 1860 παραπλῂξ
1061 1780 1270 1851 ἀθυμίᾳ
1311 1779 1405 1834 καὶ
1433 1778 1574 1848 νόσῳ
1597 1815 1612 1841 ,
1657 1776 1746 1829 καὶ
1768 1774 1923 1838 τέλος

350 1874 565 1946 θανάτῳ
601 1875 965 1944 προσήγγισε,
1000 1872 1099 1944 τὴν
1134 1872 1289 1942 ὕϐριν
1315 1871 1415 1924 οὐκ
1444 1866 1702 1936 ἐνεγκὼν.

2019 603 2096 649 se,
2139 587 2282 656 quod
2327 588 2477 657 gravi
2513 587 2624 655 jam
2667 592 3003 654 premeretur
3039 586 3214 647 senio,
3244 588 3460 653 renuit;
3490 604 3589 658 po-

2019 679 2355 747 stulavitque
2385 678 2507 731 ideo
2547 677 2651 733 sibi
2691 677 2920 746 proferri
2949 679 3137 741 libros,
3172 687 3232 732 ut
3258 694 3323 733 ex
3365 680 3473 733 illis
3498 697 3588 735 rc-
3650 702 3661 711 σ

2019 772 2289 842 spondere
2337 775 2554 840 posset,
2602 779 2765 836 atque
2819 770 3214 823 contradicere.
3274 770 3409 824 Cum
3460 787 3590 841 ergo

2022 864 2186 918 istius
2226 862 2489 917 delatoris
2546 862 2680 915 socii
2723 860 3017 914 trementes
3050 861 3101 914 in
3143 860 3380 915 medium
3421 863 3589 916 libros

2021 955 2433 1022 produxissent,
2475 952 2811 1007 inveteratus
2841 952 2929 1006 ille
2965 953 3175 1008 dierum
3208 954 3475 1008 malorum
3507 956 3591 1008 in-

2016 1046 2249 1114 justitiae
2275 1044 2464 1115 judex,
2499 1059 2664 1097 unum
2697 1043 2857 1098 exiis
2885 1043 2941 1097 in
2964 1058 3158 1097 manus
3190 1059 3432 1111 sumens,
3467 1060 3591 1114 ape-

2020 1137 2132 1191 rire
2183 1146 2346 1206 atque.
2383 1136 2655 1204 explicare
2695 1134 2991 1189 nitebatur.
3036 1133 3140 1189 Sed
3184 1136 3331 1205 quod
3380 1136 3592 1206 glutino

2023 1235 2221 1283 uae-tus
2255 1242 2363 1282 non
2409 1227 2645 1292 cederet,
2681 1226 2745 1280 ad
2788 1236 2997 1295 partem
3036 1225 3155 1293 ejus
3186 1228 3416 1281 mediam
3461 1242 3592 1298 ape-

2023 1318 2270 1372 riendam
2307 1325 2392 1375 est
2425 1332 2750 1386 aggressus;
2783 1331 3012 1385 eamque
3044 1318 3215 1386 ipsam
3241 1317 3428 1373 eodem
3464 1334 3593 1373 cona

2024 1410 2348 1479 glutinatam
2390 1411 2551 1463 modo
2595 1410 2822 1464 invenit.
2855 1407 3039 1475 Quare
3072 1424 3171 1464 sua
3197 1410 3287 1463 illa
3322 1420 3385 1465 ex
3414 1411 3595 1480 priore

2023 1501 2167 1555 libro
2197 1499 2498 1557 frustratus
2527 1516 2644 1570 spe,
2684 1501 2751 1555 ad
2795 1502 3026 1556 alterum
3059 1517 3119 1557 se
3148 1502 3403 1565 contulit,
3431 1518 3593 1571 quem

2024 1592 2242 1661 quidem
2288 1598 2462 1645 totum
2503 1592 2580 1647 ita
2629 1594 2862 1648 ﬁrmiter
2896 1607 3203 1647 connexum
3252 1608 3507 1659 cernens,
3539 1606 3598 1648 ut

2024 1699 2257 1755 prorsus
2288 1685 2549 1754 explicari
2588 1686 2839 1755 nequiret
2857 1725 2873 1750 ,
2902 1693 3055 1741 tanto
3084 1688 3283 1743 rubore
3311 1697 3473 1758 atque
3496 1705 3598 1758 pu-

2028 1776 2161 1831 dore
2190 1776 2434 1833 suﬂ'usus
2462 1783 2567 1840 est,
2603 1779 2897 1848 animoque
2924 1793 3097 1848 usque
3134 1780 3272 1835 adeo
3310 1782 3596 1850 perturba-

1945 1863 1988 1919 B
2021 1873 2133 1930 tus,
2166 1874 2225 1920 ut
2264 1881 2331 1921 ex
2368 1882 2436 1922 eo
2461 1883 2723 1924 consessu
2753 1869 2965 1935 abiens,
2997 1871 3154 1939 quasi
3197 1872 3396 1928 mentis
3435 1880 3599 1943 atque

349 1967 567 2023 consilii
598 1966 782 2036 inops,
814 1977 869 2021 et
887 1967 1254 2026 exanimatus,
1284 1964 1341 2018 in
1362 1963 1609 2018 morbum
1637 1960 1927 2031 prolapsus
1965 1959 2059 2021 sit,
2097 1960 2354 2030 illamque
2381 1961 2694 2031 ignominia:
2722 1971 2907 2018 notam
2947 1963 3022 2017 ita
3072 1978 3214 2035 aegre
3256 1980 3321 2019 ac
3371 1967 3598 2022 moleste

351 2063 500 2127 tulit,
524 2070 586 2117 ut
618 2077 809 2138 parum
846 2062 1138 2118 admodum
1179 2060 1435 2124 abfuerit,
1466 2059 1597 2129 quin
1632 2066 1746 2111 tum
1778 2065 2006 2111 mortem
2033 2056 2229 2112 obiret.

420 2153 678 2216 Τοιοῦτος
711 2146 780 2225 ἦν
821 2154 918 2206 καὶ
949 2153 1087 2225 πρὸς
1132 2153 1223 2206 τὸν
1256 2152 1353 2223 τῆς
1392 2148 1673 2212 εὐσεϐείας
1701 2147 1861 2218 ζῆλον
1893 2148 1922 2201 6

354 2239 526 2311 μέγας
574 2239 758 2314 πατὴρ
794 2241 826 2311 ἡ
836 2240 953 2311 μῶν
1014 2240 1108 2295 καὶ
1155 2240 1473 2304 διδάσκαλος
1522 2239 1762 2309 Ἐφραῖμ
1794 2255 1808 2269 ο
1867 2239 1925 2290 ἐν

349 2332 533 2395 ἄλλοις
559 2333 656 2402 μὲν
693 2333 757 2386 τὸ
787 2333 967 2405 πρᾶον
995 2334 1090 2386 καὶ
1120 2333 1360 2396 ἐπιεικὲς
1387 2330 1813 2401 ἐνδεικνύμενος,
1835 2330 1926 2383 ὅτε

352 2424 429 2496 μὴ
461 2424 622 2495 χρεία
656 2423 889 2493 πολέμου
917 2437 932 2453 ’
966 2424 1024 2477 ἐν
1057 2423 1241 2486 ἄλλοις
1274 2423 1332 2476 δέ
1374 2422 1435 2476 τὸ
1464 2421 1662 2491 στύφον
1699 2422 1795 2474 καὶ
1825 2420 1923 2473 αύ-

352 2516 571 2588 στηρδν,
620 2515 711 2569 ὅτε
753 2514 988 2584 μάλιστα
1026 2515 1157 2586 περὶ
1198 2515 1297 2585 τὴν
1341 2517 1521 2567 πίστιν
1574 2515 1603 2567 6
1644 2512 1922 2576 κίνδυνος,

350 2604 529 2659 πάντα
563 2621 745 2676 coeptet;
776 2604 1197 2676 μετερχόμενος,
1238 2604 1335 2658 καὶ
1359 2603 1433 2667 ὡς
1459 2604 1488 2656 6
1513 2603 1704 2674 καιρὸς
1733 2601 1919 2654 ἐδεῖτο.

350 2697 463 2751 Καὶ
490 2697 599 2768 γὰρ
634 2697 731 2750 καὶ
771 2695 932 2750 τοῦτο
957 2696 1067 2750 τῶν
1100 2695 1311 2751 πολλῶν
1342 2695 1507 2749 αὑτοῦ
1541 2693 1803 2765 νηστειῶν
1831 2694 1925 2747 καὶ

352 2785 624 2857 δακρύων,
658 2787 752 2841 καὶ
775 2786 1211 2841 ἀκαταπαύστων
1230 2788 1330 2841 οὐκ
1349 2786 1567 2840 ἔλαττον
1588 2784 1920 2857 προσευχῶν·

351 2878 381 2929 6
435 2875 577 2930 κατά
620 2875 754 2930 Θεδν
801 2876 944 2945 λέγω
991 2875 1184 2947 ζῆλος,
1238 2877 1437 2948 μᾶλλον
1494 2877 1551 2930 δὲ
1574 2918 1589 2944 ,
1647 2877 1740 2934 καὶ
1786 2877 1927 2947 ὑπὲρ

352 2970 534 3022 ἐκεῖνα
552 2984 567 3000 ’
595 2969 720 3023 ὅσον
746 2968 884 3024 αὐτὰ
915 2969 1014 3041 μὲν
1035 2970 1116 3033 είς
1149 2969 1309 3040 μόνον
1341 2970 1431 3023 τὸν
1472 2969 1744 3041 δράσαντα
1764 2987 1925 3042 περι-

359 3058 533 3132 ορίζει
565 3059 664 3131 τὴν
685 3060 898 3139 ,δνησιν
921 3076 938 3094 ο
991 3062 1166 3115 ἐκεῖνο
1188 3061 1244 3115 δέ
1277 3061 1412 3132 πρὸς
1443 3061 1627 3134 κοινὴν
1661 3061 1925 3116 διαϐαίνει
1953 3055 1995 3112 C

353 3150 640 3221 ὠφέλειαν.
690 3151 907 3223 Ἐπειδὴ
934 3150 1027 3205 τὸν
1056 3151 1219 3207 καλὸν
1249 3150 1517 3225 θηρευτὴν
1542 3154 1571 3205 6
1596 3153 1802 3223 ἀληθὴς
1838 3153 1924 3206 λό·

353 3259 449 3312 τος
470 3242 608 3314 πρὸς
632 3241 701 3297 ἰἀ
727 3243 938 3313 μάχιμα
965 3242 1246 3313 δοκιμάζει
1277 3241 1458 3314 θηρία,
1485 3244 1572 3296 καῖ
1599 3243 1691 3296 τὸν
1725 3241 1927 3312 ἀγαθὸν

352 3331 695 3403 κυϐερνήτην
729 3332 866 3403 πρὸς
906 3331 1293 3394 ἀντιπνέοντας
1324 3330 1403 3401 τῷ
1446 3330 1614 3400 πλοίῳ
1651 3330 1885 3401 ἀνέμους
1909 3371 1924 3398 ,

354 3424 451 3477 καὶ
475 3422 565 3476 τὸν
602 3421 763 3492 σοφὸν
791 3423 971 3494 ἰατρὸν
1008 3422 1144 3493 πρὸς
1170 3422 1237 3476 τὰ
1260 3421 1484 3476 δυσίατα
1512 3421 1680 3493 πάθη,
1715 3423 1810 3477 καὶ
1837 3424 1928 3478 τὸν

353 3515 602 3582 γενναῖον
641 3515 978 3587 στρατιώτην
1002 3513 1139 3583 πρὸς
1163 3514 1541 3591 ἀντικειμένην
1569 3514 1790 3586 βαρεῖαν
1821 3532 1927 3568 πα-

360 3604 603 3679 ράταξιν,
641 3609 734 3661 καὶ
770 3606 864 3660 τὸν
907 3606 1193 3662 σπουδαῖον
1221 3607 1317 3661 καὶ
1340 3606 1585 3679 ζηλωτὴν
1615 3606 1892 3671 εὐσεϐείας
1911 3647 1926 3669 ,

359 3697 419 3750 ἐν
447 3697 596 3769 ἀκμῇ
625 3696 886 3751 κινδύνων
916 3701 1011 3751 καὶ
1039 3697 1346 3762 δυσκολίας,
1374 3699 1522 3761 ὅπως
1542 3697 1731 3765 ἑαυτόν
1754 3714 1814 3750 τε
1838 3698 1931 3750 καὶ

358 3788 484 3851 τοὺς
527 3787 718 3852 ἄλλους
757 3788 1007 3859 ἐκσπάσῃ
1037 3791 1102 3841 ἐκ
1133 3791 1233 3859 τῆς
1260 3787 1577 3858 ἐπιϐουλῆς.
1621 3789 1736 3842 Οὐκ
1786 3787 1931 3841 ἔστιν

359 3873 456 3933 οὖν
486 3873 626 3942 εἶδος
649 3879 828 3949 εὑρεῖν
849 3879 1057 3949 ἀρετῶν
1078 3881 1228 3949 παρά
1241 3894 1351 3933 τισι
1367 3878 1534 3933 πάλαι
1555 3878 1930 3949 φιλοπονηθέν,

358 3970 422 4023 τὸ
451 3971 526 4041 μὴ
558 3971 653 4024 καὶ
675 3970 737 4024 ἐν
763 3971 940 4041 τούτῳ
965 3970 1327 4042 κατορθωθέν.
1359 3971 1593 4026 Είκάσαι
1618 3971 1676 4024 δέ
1703 3971 1802 4041 τὴν
1832 3972 1932 4024 a6-

358 4058 454 4112 τοῦ
486 4058 665 4130 ψυχὴν
706 4058 824 4113 ἐστι
852 4059 1035 4130 πηγὴν
1065 4060 1334 4123 παντοίοις
1378 4060 1645 4131 βρύουσαν
1678 4044 1932 4130 νάμασιν,

357 4145 601 4219 ὠφελείᾳ
626 4148 720 4202 καὶ
747 4148 1043 4219 γλυκύτητι
1074 4150 1165 4202 καὶ
1193 4149 1383 4220 τέρψει
1425 4149 1894 4220 καθωραῖσμένοις
1917 4165 1931 4179 ο

360 4239 396 4309 ἢ
424 4238 663 4310 λειμῶνα
693 4239 1029 4310 κυπρίζοντα
1065 4239 1324 4304 ποικίλοις
1348 4239 1803 4310 ἀρωματίζουσαν
1831 4241 1933 4296 ἄν·

361 4327 512 4389 θεσιν
534 4344 549 4359 ·
583 4327 616 4400 ἦ
655 4329 879 4402 οὐρανὸν
918 4330 1159 4398 ἐπίγειον
1184 4330 1459 4402 διαφόροις
1486 4330 1802 4401 λαμπτῆρσι
1838 4344 1936 4383 πεε

367 4416 737 4489 -τοικιλμένον,
788 4420 822 4491 ἢ
871 4419 1231 4491 παράδεισον·
1286 4414 1398 4475 οἷον
1446 4420 1664 4483 ἀκούεις
1703 4421 1793 4473 τὸν
1835 4422 1936 4491 τῆς

379 4507 543 4579 ’ὧδὲμ
577 4510 822 4582 ἀπείροις
870 4513 1170 4584 ἐγκάρποις
1222 4512 1611 4584 ἀγλαῐζόμενον
1659 4513 1896 4586 δένδροις
1921 4529 1936 4544 ⁸

364 4597 502 4667 πλὴν
537 4598 612 4669 μὴ
654 4599 814 4669 βατὸν
862 4600 982 4671 δφει
1023 4602 1374 4673 πονηροτάτῳ
1396 4642 1410 4667 ,
1454 4602 1677 4672 καὶτῆς
1726 4603 1939 4674 ἐξορίας

365 4687 607 4760 προξένῳ
628 4707 643 4723 ο
678 4690 711 4761 ἥ
740 4693 788 4744 εί
810 4691 937 4746 ἀλλο
972 4710 1025 4746 τι
1056 4692 1165 4746 τῶν
1194 4693 1372 4746 καλῶν
1402 4694 1495 4746 καὶ
1522 4693 1772 4764 τερπνῶν
1807 4694 1940 4749 πολ-

363 4777 476 4842 λοῖς
509 4781 602 4834 καὶ
629 4781 904 4851 διαφόροις
935 4783 1159 4852 ἀγαθοῖς
1182 4785 1215 4854 ή
1247 4784 1408 4853 φύσις
1435 4785 1697 4854 τετίμηκε
1723 4801 1736 4814 ·
1759 4784 1939 4838 τοιαύ-

363 4884 466 4939 την
501 4866 640 4925 εἶναι
673 4872 887 4940 λογίζου
919 4875 1018 4944 τὴν
1054 4873 1146 4927 τοῦ
1177 4875 1411 4944 μεγάλου
1473 4875 1711 4946 Ἐφραῒμ
1768 4893 1946 4946 μακα-

369 4957 494 5030 ρίαν
520 4958 717 5029 ψυχὴν,
751 4959 971 5023 πολλαῖς
997 4962 1205 5032 ἀρετῶν
1234 4962 1397 5027 ἰδέαις
1420 4963 1682 5018 πάντοθεν
1713 4965 1945 5018 κυκλου-

371 5047 563 5118 μένην.
597 5050 845 5120 Μελέτην
892 5050 1001 5121 γὰρ
1029 5053 1058 5102 6
1103 5050 1402 5121 θαυμάσιος
1448 5054 1539 5107 διὰ
1584 5054 1699 5124 βίου
1745 5056 1944 5119 παντὸς

366 5137 634 5207 θέμενος,
665 5141 764 5212 τὴν
813 5141 998 5211 δλικὴν
1052 5142 1355 5212 κτήσασθαι
1398 5145 1618 5215 ἀρετὴν,
1652 5147 1720 5200 τά
1764 5147 1940 5201 πάντα

368 5229 668 5284 ἐσπούδασε
705 5233 862 5303 μόνος
896 5232 1212 5305 περιλαϐεῖν
1246 5237 1656 5307 προτερήματα.

2100 2147 2248 2205 Talis
2280 2159 2459 2205 autem
2491 2150 2713 2221 pietatis
2746 2152 2864 2206 zelo
2902 2152 3114 2207 exstitit
3144 2168 3375 2223 magnus
3409 2165 3599 2211 noster

2021 2247 2181 2308 pater
2203 2248 2259 2296 et
2303 2240 2502 2297 doctor
2525 2242 2585 2296 S.
2611 2241 2887 2311 Eplmem,
2927 2257 3052 2296 nam
3082 2243 3218 2298 alias
3251 2253 3595 2300 mansuetum

2023 2346 2083 2385 se
2112 2332 2360 2401 praebens
2388 2347 2453 2388 ac
2485 2334 2694 2401 mitem,
2720 2350 2844 2388 cum
2868 2335 3019 2389 nulla
3046 2335 3361 2391 decertandi
3405 2354 3597 2392 neces-

2021 2421 2158 2477 sitas
2188 2431 2408 2492 urgeret
2437 2441 2452 2478 :
2480 2424 2621 2479 alias
2655 2425 2912 2478 acerbum
2943 2439 3007 2478 ac
3042 2439 3283 2494 gravem,
3311 2442 3436 2479 cum
3471 2426 3596 2481 ﬁdei

2022 2513 2329 2581 periculum
2377 2515 2709 2580 immineret,
2744 2526 2941 2569 cuncta
2989 2516 3283 2584 prudenter
3326 2532 3426 2587 pro
3460 2525 3597 2574 tem-

2022 2602 2173 2670 poris
2205 2605 2416 2659 ratione
2444 2605 2853 2662 moderabatur.
2896 2608 2958 2660 Et
2986 2624 3049 2662 ex
3078 2608 3186 2662 hoc
3219 2610 3437 2679 quidem
3468 2625 3596 2679 erga

2021 2691 2192 2748 Deum
2233 2695 2371 2759 zelo,
2400 2710 2509 2763 non
2547 2697 2732 2751 minus
2767 2711 2932 2766 quam
2964 2698 3033 2751 ob
3064 2699 3231 2752 multa
3265 2699 3498 2769 jejunia,
3532 2714 3599 2753 ac

2022 2783 2313 2855 lacrymas,
2339 2786 2740 2857 continuasque
2762 2803 2955 2858 preces
2984 2789 3450 2845 commendandus
3474 2798 3557 2845 est
3582 2808 3594 2842 :

2024 2886 2189 2947 atque
2221 2878 2363 2932 haud
2395 2881 2535 2941 scio,
2566 2895 2634 2933 an
2679 2890 2965 2949 propterea
3006 2882 3171 2935 etiam
3216 2880 3410 2950 magis,
3451 2881 3598 2950 quod

2032 2970 2137 3026 ista
2182 2972 2235 3025 in
2278 2987 2344 3028 eo
2375 2987 2487 3027 uno
2531 2973 3010 3037 concluderentur,
3059 2972 3149 3026 ille
3203 2972 3267 3025 ad
3308 2972 3596 3027 utilitatem

2027 3078 2244 3134 quoque
2319 3079 2667 3120 communem
2737 3064 3068 3134 pertinebat.
3129 3063 3597 3129 Quemadmodum

2025 3153 2172 3208 enim
2207 3168 2394 3209 verum
2449 3154 2684 3225 insignis
2727 3153 2961 3223 alicujus
3008 3154 3284 3209 venatoris
3324 3152 3599 3222 specimen

2026 3243 2335 3310 exhibetur,
2363 3259 2486 3298 cum
2512 3244 2801 3300 bellicosas
2839 3246 3149 3314 insequitur
3170 3242 3337 3309 feras,
3367 3244 3601 3312 bonique

2026 3334 2409 3405 gubernatoris
2434 3335 2611 3391 virtus
2641 3351 2700 3391 se
2716 3336 2902 3406 prodit
2924 3337 2976 3390 in
3001 3343 3328 3405 tempestate
3347 3335 3601 3396 adversa,

2029 3425 2225 3480 medici
2282 3425 2569 3494 prudentis
2618 3425 2672 3479 in
2725 3425 3072 3495 gravioribus
3130 3424 3354 3486 morbis,
3411 3425 3603 3478 militis

2029 3518 2237 3572 strenui
2270 3519 2325 3571 in
2358 3518 2481 3586 ipso
2517 3530 2714 3585 pugna:
2747 3516 3066 3571 discrimine
3093 3532 3107 3568 :
3142 3517 3216 3569 ita
3245 3530 3463 3584 quoque
3494 3515 3606 3583 pie-

2029 3608 2159 3663 tatis
2187 3624 2252 3669 ac
2272 3596 2554 3677 religionis
2585 3607 2890 3662 studiosum
2926 3608 3125 3669 virum,
3153 3620 3346 3675 magna
3374 3620 3439 3659 ac
3468 3606 3605 3659 dini-

2031 3698 2157 3751 cilia
2187 3697 2431 3766 pericula
2460 3696 2778 3761 ostendunt,
2813 3710 2938 3750 cum
2974 3702 3028 3750 et
3066 3710 3147 3760 se,
3177 3703 3231 3750 et
3260 3695 3397 3749 alios
3424 3710 3491 3750 ex
3524 3696 3606 3748 in-

2033 3788 2192 3844 sidiis
2244 3789 2615 3859 periculisque
2664 3789 2876 3844 eximit.
2926 3786 3148 3842 Nullum
3206 3802 3338 3843 sane
3389 3786 3605 3841 virtutis

2033 3893 2207 3949 genus
2242 3895 2270 3933 a
2319 3880 2593 3936 veteribus
2631 3880 2905 3935 excultum
2945 3887 3050 3945 est,
3079 3879 3135 3933 in
3170 3893 3280 3949 quo
3311 3878 3400 3932 hic
3442 3878 3605 3949 etiam

2032 3984 2143 4024 nou
2167 3971 2504 4026 excelluerit.
2537 3970 2718 4037 Quare
2763 3979 2817 4025 et
2847 3972 3087 4025 animum
3125 3970 3317 4041 ipsius,
3353 3970 3606 4033 utilitate,

2033 4058 2343 4123 dulcedine,
2370 4061 2718 4129 jucunditate
2752 4060 3160 4124 scaturientem,
3201 4058 3336 4113 fonti
3363 4074 3610 4129 quacum-

2034 4165 2142 4219 que
2162 4165 2424 4219 aquarnm
2452 4150 2785 4205 abundantia
2809 4149 2996 4205 ﬂuenti
3023 4150 3255 4205 similent
3279 4149 3461 4203 dicere
3483 4164 3610 4218 pos-

2035 4258 2249 4305 sumus,
2302 4243 2387 4297 vel
2441 4249 2599 4312 prato
2659 4241 2895 4297 diversis
2956 4241 3329 4312 fragrantibus
3381 4242 3609 4296 ﬂoribus

2038 4332 2427 4403 resplendenti,
2460 4334 2542 4388 vel
2591 4333 2731 4387 coelo
2763 4333 2932 4389 variis
2977 4334 3259 4389 stellarum
3312 4334 3611 4387 luminibus

2039 4423 2321 4489 distincto,
2353 4425 2438 4480 vel
2462 4424 2738 4494 paradiso,
2765 4440 2927 4494 quem
2957 4425 3009 4478 in
3043 4423 3208 4479 Edem
3236 4423 3405 4477 fuisse
3430 4422 3608 4485 audis,

2036 4516 2424 4573 innumerabili
2478 4516 2889 4573 fructiferarum
2943 4518 3203 4573 arborum
3247 4514 3404 4585 copia
3449 4515 3605 4569 deco-

2036 4613 2159 4660 ralo
2209 4606 2323 4674 (ita
2374 4613 2556 4662 tamen
2585 4615 2646 4660 ut
2688 4607 2928 4679 serpenti
2973 4606 3234 4675 maligno,
3274 4604 3611 4658 communis-

2040 4712 2149 4766 que
2182 4696 2364 4752 exsilii
2403 4697 2640 4762 auctori,
2672 4698 2857 4751 nullus
2896 4699 3121 4751 omnino
3154 4694 3209 4747 in
3261 4709 3385 4748 eum
3431 4693 3612 4750 aditus
3682 4750 3703 4763 κ

2041 4787 2259 4855 detur):
2295 4798 2389 4842 aut
2429 4789 2474 4842 si
2516 4787 2647 4856 quid
2677 4788 2824 4841 aliud
2873 4795 3183 4851 venustum,
3229 4798 3614 4854 antmnumquc

2043 4880 2232 4934 multis
2270 4880 2545 4947 variisque
2584 4878 2747 4931 bonis
2783 4878 3164 4933 coltonestavit
3192 4883 3415 4940 natura;
3450 4876 3611 4930 talem

2043 4985 2259 5039 quoque
2293 4970 2509 5023 beatum
2535 4968 2686 5022 illum
2719 4969 2897 5039 magni
2926 4967 3174 5037 Ephrtem
3201 4967 3464 5031 animum,
3496 4965 3616 5036 plu-

2044 5062 2201 5117 rimis
2234 5060 2474 5130 undique
2496 5060 2759 5115 virtutum
2783 5061 3073 5131 generibus
3106 5068 3427 5114 exornatum
3462 5065 3613 5127 puta.

2047 5151 2186 5205 Nam
2218 5163 2434 5217 semper
2486 5148 2569 5202 vir
2607 5147 2698 5203 ille
2748 5147 3109 5202 admiratione
3145 5146 3365 5216 dignus,
3399 5144 3454 5198 in
3496 5156 3615 5197 eam

2046 5239 2299 5296 incubuit
2330 5253 2542 5304 curam,
2590 5246 2651 5292 ut
2700 5238 3000 5308 perfectum
3059 5238 3480 5306 absolutumque
3520 5248 3611 5286 cu-

362 5318 543 5387 jusvis
564 5322 782 5391 generis
817 5324 1079 5377 virtutum
1109 5324 1336 5379 cltorum
1372 5326 1697 5393 possideret,
1735 5343 1797 5383 ac
1825 5330 2025 5399 quibus
2064 5331 2257 5400 reliqui
2291 5328 2522 5398 singulis
2560 5328 3013 5391 antecelluerunt,
3081 5343 3144 5383 ea
3204 5335 3404 5381 cuncta
3466 5324 3620 5381 solus

370 5415 491 5487 ipse
523 5424 927 5485 assequeretur.

444 5507 553 5561 Τοῦ
582 5507 690 5577 γὰρ
722 5508 779 5559 ἐν
822 5507 1049 5572 δικαίοις
1079 5505 1296 5579 πρώτου
1332 5508 1496 5562 Ἅϐελ
1534 5509 1631 5579 τὴν
1670 5510 1944 5565 θεόλεκτον

382 5599 459 5661 ὡς
490 5597 669 5668 ἱερεὺς
703 5597 1148 5668 ἐκμιμησάμενος
1198 5599 1545 5670 προσφορὰν,
1592 5600 1692 5653 οὐκ
1730 5603 1793 5653 ἐκ
1829 5619 1947 5655 ποι-

376 5690 548 5760 μνίων
574 5686 811 5758 θύματα,
843 5688 963 5740 οὐδὲ
992 5690 1156 5762 στέαρ
1179 5690 1366 5761 Κυρίῳ
1389 5692 1779 5761 προσήνεγκεν,
1812 5693 1947 5746 ἀλλά

375 5778 569 5834 θυσίαν
592 5778 947 5849 ἀναίμακτον,
966 5779 1063 5850 τὴν
1088 5781 1310 5852 λογικὴν
1336 5781 1609 5853 λατρείαν,
1637 5782 1750 5853 βίου
1781 5785 1948 5838 καθα-

712 5872 982 5930 Parnm.
1030 5871 1146 5931 Gn.
1196 5874 1410 5933 XLVI.

2125 5506 2402 5577 Siquidem
2441 5516 2496 5561 ut
2532 5506 2809 5573 sacerdos,
2841 5520 2965 5560 eum
2998 5506 3090 5576 qui
3135 5505 3276 5563 inter
3299 5508 3482 5579 justos
3511 5511 3623 5579 pri-

2054 5616 2178 5656 mus
2222 5605 2563 5664 recensetur,
2592 5598 2726 5654 Abel
2753 5598 3018 5661 inlitatus.
3050 5616 3158 5654 non
3189 5617 3254 5656 ex
3288 5602 3472 5657 ovium
3500 5619 3622 5674 gre-

2050 5693 2231 5763 gibus,
2280 5707 2455 5762 neque
2503 5707 2570 5747 ex
2613 5692 2773 5762 adipe
2814 5691 3084 5746 sacrilicia
3130 5692 3360 5749 Domino
3401 5695 3623 5760 obtulit,

2056 5798 2240 5839 verum
2266 5784 2471 5853 absque
2494 5785 2777 5853 sanguine,
2809 5782 3132 5840 rationabile
3158 5786 3479 5854 obsequium
3500 5788 3621 5840 vine

3234 5876 3310 5933 ‘27
