4050 6164
506 385 611 445 843

1734 376 1791 431 S.
1850 372 2176 431 GREGORH
2226 366 2512 426 NYSSENI

3640 371 3747 428 844

507 502 744 574 puritate
773 493 1122 560 sacriﬁcavit,
1171 508 1233 549 ca
1269 493 1537 547 duntaxat
1579 507 1635 547 re
1672 490 1805 547 Abel
1844 489 2083 546 dissimi-

2194 487 2374 557 ρότητι
2398 484 2883 556 όλοκαυτουμένην,
2918 482 3166 538 τοσοῦτον
3192 484 3380 556 ἐκείνῳ
3407 485 3751 559 ἁμιλληθεὶς,

504 593 596 655 lis,
629 587 771 659 quod
800 603 827 640 a
859 586 1067 640 nefario
1096 582 1372 637 homicida
1405 589 1464 637 ut
1497 583 1585 636 ille
1627 589 1937 652 peremptus
1968 594 2077 633 non

502 680 692 740 fuerit,
718 675 812 731 sed
850 673 1056 728 inimici
1096 672 1360 726 daemonis
1390 670 1603 726 evitans
1633 669 1874 737 laqueos,
1918 679 2080 734 supe-

504 770 641 824 ratis
679 764 915 826 insidiis,
946 762 1012 816 ad
1043 762 1207 815 vitam
1248 762 1394 815 omni
1449 760 1554 816 ﬁne
1599 767 1896 823 carentem,
1938 759 2080 812 sicut

505 863 619 927 ille,
644 856 982 931 pervenerit.
1029 853 1214 907 Enoch
1252 866 1416 922 porro
1461 864 1609 919 spem
1664 848 1745 904 sic
1791 847 2103 928 aemulatus.

505 960 612 1016 est,
643 958 703 1003 ut
732 962 841 1001 non
868 945 1044 999 solum
1072 941 1278 996 domini
1308 939 1401 994 Dei
1435 941 1519 994 sui
1550 952 1748 992 nomen
1790 936 2081 991 invocave-

503 1042 597 1107 rit,
621 1053 810 1095 verum
839 1044 898 1091 et
923 1034 1082 1095 alios,
1113 1039 1175 1086 ut
1206 1032 1350 1085 idem
1380 1029 1515 1083 illud
1544 1027 1923 1097 implorarent,
1952 1025 2081 1080 edo-

506 1128 705 1184 cuerit.
748 1123 933 1178 Enoch
965 1128 1146 1175 autem
1179 1127 1239 1172 ut
1269 1118 1465 1174 similis
1493 1116 1828 1179 redderetur,
1859 1127 2079 1184 operam

505 1219 677 1283 dedit,
709 1231 819 1270 non
854 1212 1073 1281 quidem
1112 1210 1488 1264 admirandam
1523 1208 1643 1277 ejus
1672 1222 1703 1261 e
1734 1215 1876 1261 terra
1899 1206 1955 1258 in
1988 1217 2083 1274 pa-

508 1310 755 1364 radisum
786 1303 1202 1358 translationem
1234 1307 1398 1369 atque
1427 1312 1726 1359 secessum,
1757 1296 1850 1351 sed
1879 1309 1944 1349 ex
1977 1308 2083 1347 ma-

506 1402 660 1458 teriae
698 1393 1112 1468 perturbatione
1157 1394 1210 1446 in
1248 1391 1501 1460 spiritum
1541 1388 1888 1449 transitione,
1915 1400 2083 1440 aemu-

506 1491 693 1547 lando.
722 1487 835 1543 Noe
858 1487 1021 1541 etiam
1053 1483 1250 1540 similis
1289 1479 1529 1545 exsistit,
1570 1495 1681 1534 non
1713 1478 1930 1548 quidem
1965 1492 2083 1530 mo-

509 1585 688 1638 dicam
734 1580 790 1637 in
825 1592 955 1632 arca
993 1578 1167 1648 lignea
1213 1574 1428 1645 generis
1467 1572 1972 1632 conservationem,
2027 1576 2082 1620 at

509 1688 666 1732 suam
714 1674 899 1745 potius
940 1672 1111 1727 animi
1158 1670 1592 1725 incolumitatem
1646 1679 1972 1736 procurans,
2027 1672 2085 1717 ut

507 1770 636 1822 vitae
662 1764 930 1838 procellas
958 1762 1131 1817 tutius
1158 1759 1586 1831 subterfugiens,
1618 1756 1828 1811 nullum
1866 1754 2084 1809 virtutis

2184 578 2308 631 ὅσον
2351 576 2425 647 μὴ
2457 578 2561 629 ὑπὸ
2588 575 2679 629 τοῦ
2711 575 2947 647 πονηροῦ
2982 576 3185 645 φονέως
3211 577 3584 647 ἀναιρεθῆναι,
3616 579 3755 634 ἀλλὰ

2183 667 2468 738 διαδράντα
2496 667 2591 731 τὰς
2618 668 2847 735 παγίδας
2862 666 2955 720 τοῦ
2988 666 3368 737 μισανθρώπου
3389 668 3639 739 δαίμονος
3664 672 3754 723 ἐκ·

2185 763 2396 828 φυγεῖν,
2420 761 2512 813 καὶ
2533 761 2668 830 πρὸς
2695 759 3063 829 ἀτελεύτητον,
3080 759 3155 822 ὡς
3170 761 3394 821 ἐκεῖνος,
3417 760 3753 831 μεταστῆναι

2196 850 2361 920 ζωὴν,
2415 851 2512 920 τῆς
2560 850 2850 921 ἐπιϐουλῆς
2897 850 3129 918 φανέντα
3186 848 3474 920 ἀνώτερον.
3533 848 3639 901 Τοῦ
3694 850 3756 904 δὲ

2207 940 2378 1011 Ἑνὼχ
2410 940 2507 1011 τὴν
2548 940 2736 994 ἐλπίδα
2778 938 3051 1008 ζηλώσας,
3082 942 3181 994 οὐκ
3209 940 3563 1010 ἐπικέκληται
3595 942 3756 1012 μόνον

2186 1032 2247 1085 τὸ
2275 1031 2445 1100 ὖνομα
2476 1030 2680 1103 Κυρίου
2708 1030 2801 1083 τοῦ
2823 1030 2978 1093 Θεοῦ,
2999 1030 3133 1084 ἀλλὰ
3160 1031 3255 1083 καὶ
3282 1034 3393 1092 τοῖς
3422 1031 3600 1095 ἄλλοις
3625 1048 3752 1086 συνο

2190 1120 2568 1175 επικαλεῖσθαι
2627 1119 2880 1184 ἐδίδαξεν,
2928 1120 3118 1191 Ἑνὼχ,
3150 1121 3211 1173 οὐ
3237 1121 3335 1192 τὴν
3363 1120 3516 1192 ξένην
3555 1124 3618 1175 ἐκ
3648 1125 3752 1194 γῆς

2188 1213 2325 1284 πρὸς
2367 1214 2458 1267 τὸν
2494 1213 2819 1284 παράδεισον
2864 1212 3149 1281 μετάθεσιν
3191 1214 3568 1283 ἐπετήδευσεν,
3610 1213 3747 1271 ἀλλὰ

2185 1306 2284 1375 τὴν
2300 1304 2360 1372 ἐξ
2386 1305 2573 1375 ὑλικῆς
2600 1303 2972 1375 προσπαθείας
2994 1302 3085 1355 ἐπὶ
3102 1303 3162 1356 τὸ
3187 1303 3402 1374 πνεῦμα
3430 1305 3747 1375 μετάϐασιν.

2187 1397 2342 1457 Νῶε,
2384 1397 2445 1448 οὐ
2474 1397 2571 1466 τὴν
2605 1398 2663 1449 ἐν
2695 1395 2877 1466 ξυλίνῃ
2926 1394 3155 1466 λάρνακι
3198 1394 3399 1466 μικράν
3428 1396 3523 1449 τοῦ
3558 1396 3749 1465 γένους

2187 1487 2478 1550 διάσωσιν,
2516 1486 2650 1540 ἀλλὰ
2689 1486 2783 1540 τοῦ
2824 1486 2921 1556 τὴν
2963 1484 3155 1539 ἐαυτοῦ
3196 1485 3373 1557 ψυχὴν
3418 1488 3753 1557 πανταχόθεν

2189 1575 2620 1644 ἀσφαλίσασθαι,
2653 1575 2793 1629 ὥστε
2828 1574 3114 1645 παρελθεῖν
3147 1575 3398 1639 ἀϐλαϐῶς
3419 1576 3479 1628 τὸ
3508 1576 3600 1629 τοῦ
3633 1576 3751 1646 βίου

2191 1666 2497 1732 κλυδώνιον,
2537 1667 2630 1720 καὶ
2666 1666 2733 1719 τὰ
2771 1666 2869 1734 τῆς
2900 1666 3100 1741 ἀρετῆς
3129 1664 3203 1735 μὴ
3232 1665 3577 1737 ζημιωθῆναι
3604 1668 3754 1735 ἁγὼ-

2187 1774 2347 1828 γιμα.
2380 1758 2486 1811 Τοῦ
2524 1755 2770 1827 Ἀϐραὰμ
2798 1758 2855 1810 ἐν
2875 1755 3087 1819 πολλοῖς
3115 1755 3213 1824 μὲν
3237 1756 3327 1810 καὶ
3356 1748 3533 1821 ἄλλοις
3559 1757 3755 1825 γέγονε

510 1855 857 1927 naufragium
888 1862 1185 1924 pateretur.
1221 1851 1279 1905 In
1312 1850 1563 1921 plurimis
1594 1863 1829 1918 quoque,
1853 1845 2082 1902 Abraha:

2185 1847 2425 1919 μιμητὴς
2447 1887 2460 1911 ,
2493 1849 2558 1918 τῇ
2598 1848 2778 1899 πίστει
2809 1847 2902 1899 καὶ
2942 1846 3232 1918 πραότητι,
3274 1847 3369 1900 καὶ
3407 1849 3472 1919 τῇ
3508 1849 3587 1910 είς
3615 1848 3752 1901 Θεὸν

507 1948 793 2005 aemulator
823 1946 959 2010 fuit;
1002 1952 1165 2014 atque
1199 1949 1258 1998 ut
1291 1942 1472 2006 ﬁdem,
1514 1940 2007 2002 mansuetudinem,
2030 1946 2087 1993 et

509 2053 751 2094 amorem
790 2038 843 2090 in
876 2036 1042 2092 Deum
1086 2044 1317 2100 taceam,
1342 2034 1395 2088 in
1441 2049 1507 2088 eo
1536 2032 1906 2103 potissimum,
1939 2030 2085 2102 quod

506 2126 973 2201 quemadmodum
997 2124 1274 2195 propriam
1297 2131 1501 2180 terram
1521 2132 1683 2195 atque
1705 2122 2083 2190 cognationem

507 2221 620 2286 ille,
653 2219 730 2273 ita
763 2232 979 2288 quoque
1002 2217 1101 2271 ‘hic
1149 2224 1337 2271 noster
1370 2214 1619 2286 Ephraem
1661 2212 1921 2267 mundum
1952 2210 2089 2267 effu-

507 2311 606 2382 git,
637 2317 691 2365 et
722 2310 776 2363 in
811 2323 915 2364 suo
943 2321 1174 2378 corpore
1207 2305 1476 2377 unigeniti
1499 2304 1831 2360 sacriﬁcium
1861 2317 2085 2372 expres-

508 2404 602 2468 sit,
631 2400 745 2456 Deo
776 2401 1016 2471 scipsum
1039 2412 1399 2459 consecrans,
1418 2406 1474 2451 et
1502 2396 1744 2451 membra
1769 2409 1891 2465 qua:
1922 2408 2087 2458 super

508 2499 711 2546 terram
727 2497 877 2554 sunt,
896 2489 1258 2543 tnortiﬁcans.
1271 2488 1427 2543 Isaac
1447 2501 1575 2541 vero
1592 2486 1835 2540 imitator
1850 2485 2084 2552 exstitit,

510 2590 738 2654 propter
774 2588 1003 2636 mortem
1044 2595 1205 2651 quam
1236 2585 1488 2651 prompto
1514 2577 1922 2648 tranquilloque
1953 2576 2087 2631 sub-

508 2674 591 2728 ire
631 2680 854 2741 paratus
897 2678 1015 2725 erat
1047 2671 1255 2733 animo,
1294 2684 1402 2723 non
1446 2676 1628 2723 tamen
1674 2666 1949 2722 inferentc
1996 2681 2086 2735 pa-

511 2772 617 2818 tre.
650 2761 791 2828 Quin
817 2769 872 2816 et
894 2760 1158 2831 quotidie,
1184 2760 1360 2814 instar
1391 2758 1658 2828 Apostoli,
1700 2772 1931 2827 corpore
1959 2758 2084 2826 qui-

511 2853 638 2909 dem
669 2853 929 2918 fructum,
956 2851 1102 2922 quod
1159 2851 1353 2905 attinet
1391 2850 1457 2902 ad
1506 2849 1866 2920 propositum,
1910 2847 2086 2919 perci-

514 2943 718 3013 piebat,
742 2941 938 3012 spiritu
966 2950 1150 2994 autem
1178 2939 1311 3003 Deo,
1333 2939 1405 2994 ob
1427 2947 1639 2994 castum
1665 2937 1916 3009 corporis
1939 2939 2085 2993 velut

514 3036 570 3090 iu
607 3035 778 3090 ariete
807 3031 1159 3096 sacriﬁcium,
1193 3031 1427 3086 vivebat.
1462 3030 1632 3086 Jacob
1663 3045 1829 3101 porro
1855 3030 2084 3085 aemula-

2182 1939 2393 2010 ἀγάπῃ,
2428 1938 2661 2009 μάλιστα
2695 1938 2750 1990 δὲ
2791 1941 2855 2009 τῇ
2878 1937 2970 1990 τοῦ
3004 1937 3207 2008 κόσμου
3244 1939 3410 2007 φυγῇ,
3443 1938 3517 2001 ὡς
3546 1938 3645 2008 τῆς
3670 1940 3755 1991 οἱ·

2182 2033 2336 2095 κείας
2364 2032 2468 2100 γῆς
2511 2032 2603 2084 καὶ
2638 2031 2735 2097 τῆς
2774 2030 3091 2098 συγγενείας
3126 2031 3330 2092 ἐκεῖνος
3370 2029 3626 2100 ἠμείϐετο
3662 2030 3755 2098 φίι

2182 2121 2292 2187 λον,
2324 2124 2416 2177 καὶ
2452 2122 2549 2192 τὴν
2582 2120 2672 2174 τοῦ
2698 2119 3030 2187 Μονογενοῦς
3067 2120 3256 2173 θυσίαν
3285 2121 3365 2183 εἰς
3395 2121 3494 2190 τὴν
3524 2119 3619 2172 τοῦ
3648 2116 3753 2172 σώ-

2188 2232 2353 2286 ματος
2396 2214 2605 2267 ἐκείνου
2665 2212 3055 2285 προαιρετικὴν
3110 2211 3198 2265 διὰ
3248 2210 3381 2264 Θεὸν
3430 2210 3754 2265 ἐκλαϐέσθαι

2184 2303 2518 2375 προσφορὰν,
2544 2301 2875 2374 νεκρώσαντι
2906 2302 2972 2356 τὰ
2994 2303 3128 2373 μέλη
3153 2302 3222 2356 τὰ
3252 2305 3343 2357 ἐπὶ
3370 2305 3469 2374 τῆς
3496 2308 3618 2375 γῆς.
3642 2304 3749 2358 Τοῦ

2195 2396 2400 2458 Ἰσαὰκ,
2433 2397 2490 2449 ἐν
2519 2395 2596 2465 τῷ
2639 2394 2871 2466 ἑκουσίῳ
2901 2396 2994 2449 καὶ
3023 2395 3281 2466 ἀταράχῳ
3329 2396 3573 2467 θανάτῳ,
3608 2399 3751 2469 πλὴν

2181 2488 2279 2558 οὐχ
2323 2486 2426 2540 ὑπὸ
2457 2487 2657 2558 πατρὸς
2695 2489 2917 2549 ἐκεῖνος.
2961 2480 3127 2550 Οὗτος
3154 2487 3262 2558 γὰρ
3294 2488 3593 2558 ίερουργῶν
3617 2490 3752 2541 ἐαυ-

2181 2578 2272 2631 τὸν
2292 2577 2541 2633 ἑκάστοθι
2567 2576 2954 2641 ἀποστολικῶς,
2980 2575 3191 2647 σώματι
3217 2577 3317 2646 μὲν
3344 2577 3750 2649 ὼλοκαρποῦτο,

2181 2668 2304 2722 ὅσον
2332 2667 2412 2731 είς
2444 2666 2718 2739 πρόθεσιν,
2757 2665 3026 2736 πνεύματι
3057 2666 3112 2719 δέ
3150 2666 3266 2736 ἐζη,
3295 2666 3390 2718 καὶ
3429 2664 3495 2737 ζῇ
3522 2665 3602 2736 τῷ
3630 2666 3753 2736 Θεῷ

2181 2758 2269 2813 διὰ
2303 2757 2401 2829 τὴν
2430 2758 2505 2821 ὡς
2531 2760 2588 2811 ἐν
2622 2756 2760 2829 κριῷ
2791 2755 2884 2809 τοῦ
2922 2755 3171 2825 σώματος
3206 2757 3374 2827 ἁγνὴν
3411 2756 3749 2828 προσφοράν.

2180 2849 2285 2902 Τὸν
2327 2848 2549 2912 Ἰακὼϐ,
2601 2850 2658 2901 ὲν
2695 2845 2773 2917 τῷ
2815 2847 3099 2917 πτερνίσαι
3141 2846 3231 2901 τὸν
3263 2846 3483 2917 βέϐηλον
3539 2847 3751 2910 Ἡσαῦ,

2183 2941 2299 3011 ἦτοι
2352 2939 2442 2992 τὸν
2488 2938 2593 2992 τῶν
2646 2938 2907 3010 αἱρέσεων
2943 2941 3274 3011 γεννήτορα,
3334 2940 3426 2992 καὶ
3466 2938 3651 2991 λαϐεῖν
3682 2939 3754 2992 τὰ

2185 3032 2524 3103 πρωτότοκα,
2555 3030 2624 3084 τὰ
2640 3031 2773 3103 ὀρθὰ
2794 3032 2894 3101 τῆς
2928 3031 3250 3101 Ἐκκλησίας
3277 3030 3537 3101 δόγματα,
3566 3030 3662 3083 καὶ
3692 3033 3753 3085 ἐν

516 3136 605 3181 ιοι·
635 3123 759 3189 fuit,
790 3122 1193 3194 supplantando
1224 3122 1399 3192 ipsum
1428 3119 1593 3186 Esau,
1633 3121 1735 3177 hoc
1777 3130 1882 3187 est,
1913 3122 2083 3178 haere-

2186 3124 2264 3195 τῷ
2306 3124 2542 3177 κατιδεῖν
2586 3123 2647 3176 οὐ
2696 3121 2938 3192 κλίμακα
2975 3121 3072 3192 μὲν
3119 3121 3227 3174 ἀπὸ
3270 3121 3371 3190 γῆς
3406 3123 3485 3185 εἰς
3519 3122 3754 3192 οὐρανὸν

516 3229 638 3270 sum
683 3220 985 3282 parentem,
1026 3225 1091 3265 ac
1126 3210 1509 3281 primogenita,
1556 3209 1609 3263 id
1647 3217 1753 3274 est,
1800 3217 1949 3266 recta
1978 3209 2079 3265 Ec-

516 3304 697 3359 clesiae
747 3303 990 3367 decreta,
1043 3301 1379 3371 accipiendo.
1433 3300 1492 3355 In
1525 3316 1590 3356 co
1626 3311 1905 3371 praeterea,
1933 3302 2081 3372 quod

515 3411 625 3450 non
660 3396 863 3451 scalam
894 3409 926 3448 a
952 3400 1097 3447 terra
1128 3393 1197 3447 ad
1225 3393 1425 3447 caelum
1454 3407 1628 3462 usque
1657 3396 2078 3464 perttngentem,

516 3485 612 3557 scd
641 3486 713 3541 ob
738 3486 953 3555 longam
982 3483 1123 3554 ignis
1145 3485 1452 3539 columnam
1485 3483 1855 3554 pulchriorem
1882 3491 2085 3555 myste-

517 3577 581 3630 rii
612 3575 1034 3646 profunditatem
1062 3574 1394 3629 indicantem
1422 3574 1793 3644 conspexerit,
1827 3574 2083 3645 quodque

515 3667 605 3722 hic
634 3667 939 3738 discipulis,
967 3666 1422 3735 quemadmodum
1447 3665 1537 3722 ille
1563 3666 1712 3732 filiis,
1734 3680 1799 3720 ex
1830 3667 1931 3722 hac
1951 3667 2086 3722 emi-

514 3768 770 3829 graturus
813 3759 946 3822 vita,
1001 3744 1413 3813 benedictioues
1450 3756 1763 3826 impartitus
1809 3757 1900 3825 sit,
1944 3772 2085 3828 quas

514 3849 610 3918 qui
642 3863 850 3917 pronus
886 3846 1213 3916 excipiebat,
1248 3845 1430 3914 magni
1466 3845 1613 3900 illius
1641 3845 1811 3901 Jacob
1839 3863 1962 3903 esse
1993 3863 2085 3901 ar-

515 3939 839 3992 bitrabatur.
875 3936 1071 3990 Verum
1105 3936 1278 4004 ipsius
1298 3934 1498 4004 Josepb
1538 3936 1971 4004 similitudinem,
1997 3940 2080 3994 vel

2186 3215 2601 3287 ἐστηριγμένην,
2635 3213 2823 3266 στύλον
2855 3213 2912 3265 δέ
2939 3212 3110 3280 πυρὸς
3132 3214 3502 3285 οὐρανομήκη,
3534 3213 3751 3283 γλαφυ-

2188 3306 2422 3379 ρώτερόν
2461 3324 2578 3367 πως
2624 3304 2923 3376 μυστηρίου
2958 3304 3118 3374 βάθος
3145 3304 3491 3374 ἐμφαίνοντα.
3528 3304 3646 3357 Ἔτι
3686 3319 3752 3372 γε

2190 3398 2296 3469 μὴν
2322 3398 2414 3451 καὶ⁵
2450 3398 2507 3449 ἐν
2524 3396 2598 3467 τῷ
2625 3398 2735 3458 τοῖς
2780 3395 3047 3466 μαθηταῖς
3083 3396 3158 3459 ὡς
3201 3398 3314 3459 τοῖς
3340 3395 3512 3448 υἱέσιν
3540 3396 3752 3460 ἐκεῖνος

2185 3487 2245 3541 ἐν
2272 3487 2349 3558 τῷ
2381 3487 2626 3557 μέλλοντι
2652 3485 2905 3557 ἀπαίρειν
2932 3486 3026 3539 τοῦ
3053 3485 3321 3557 σώματος,
3355 3487 3625 3557 διανεῖμαι
3649 3487 3751 3551 τὰς

2186 3578 2432 3646 εὐλογίας
2451 3594 2465 3607 ·
2493 3571 2577 3641 αἷς
2607 3593 2690 3640 τις
2717 3577 3015 3645 φιλοπόνως
3042 3577 3306 3647 ἐγκύψας,
3337 3579 3500 3632 αὐτοῦ
3529 3580 3746 3633 ἐκείνου

2188 3669 2282 3722 τοῦ
2328 3669 2562 3739 μεγάλου
2622 3668 2815 3721 Ἰακὼϐ
2856 3667 3055 3732 ταύτας
3086 3664 3225 3723 εἶναι
3263 3670 3593 3742 οίηθήσεται.
3639 3670 3751 3726 Τοῦ

2202 3758 2417 3830 Ἰωσὴφ,
2449 3758 2681 3830 μάλιστα
2713 3760 2810 3830 μὲν
2838 3759 2895 3812 ἐν
2924 3761 2989 3829 τῇ
3020 3758 3113 3812 τοῦ
3152 3758 3400 3830 σώματος
3432 3762 3622 3833 ἁγνεία
3654 3762 3751 3815 καὶ

2188 3848 2559 3919 καθαρότητι·
2594 3849 2728 3903 πολὺ
2785 3850 2843 3928 δέ
2897 3849 3057 3903 πλέον
3087 3851 3144 3903 ἐν
3176 3853 3242 3923 τῇ
3271 3851 3363 3905 τοῦ
3392 3852 3550 3921 λόγου
3583 3871 3750 3923 μετα.

2186 3940 2349 4004 δόσει,
2379 3940 2455 4002 ὡς
2488 3942 2693 4004 ἐκεῖνος
2718 3940 2812 3994 τοῦ
2842 3939 3011 3996 σίτου.

517 4031 753 4085 maxime
771 4030 1041 4099 expressit
1060 4030 1182 4084 vitae
1209 4029 1526 4099 integritate
1555 4039 1610 4086 et
1639 4032 1886 4102 corporis
1912 4033 2198 4088 castitate:
2230 4034 2402 4089 multo
2453 4041 2631 4089 autem
2664 4033 2838 4104 magis
2885 4050 2982 4104 per
3050 4033 3174 4099 hoc,
3239 4035 3382 4106 quod
3458 4035 3601 4094 sicut
3656 4036 3748 4092 ille

516 4118 782 4181 triticum,
814 4117 885 4171 ita
915 4117 1003 4171 hic
1023 4117 1250 4174 verbum
1284 4118 1482 4174 salutis
1509 4121 1958 4177 communicavit.

586 4212 644 4265 ln
695 4227 802 4265 non
847 4212 1035 4281 paucis
1081 4227 1300 4282 quoque
1348 4212 1517 4284 Moysi
1570 4214 1906 4271 simillimum
1960 4229 2082 4272 sese

515 4305 781 4374 praebuit:
812 4319 937 4358 nam
988 4311 1042 4358 et
1086 4304 1199 4373 ipse
1232 4303 1568 4361 Pharaonem
1599 4307 1874 4361 diabolum
1909 4309 2080 4379 fugit,

513 4407 568 4450 et
597 4401 970 4449 commoratus
1000 4401 1084 4448 est
1119 4394 1171 4447 in
1217 4395 1544 4459 solitudine,
1581 4395 1862 4467 Deumque
1902 4398 2071 4463 vidit,

2250 4211 2356 4267 Τοῦ
2379 4213 2619 4276 Μωσέως
2646 4213 2678 4283 ἢ
2710 4217 2767 4267 ἐν
2795 4215 3010 4285 πᾶσινῆ
3036 4215 3092 4266 ἐν
3118 4213 3388 4279 πλείστοις
3415 4216 3710 4288 παρόμοιος
3728 4237 3740 4249 ν

2178 4303 2346 4372 ἔφυγε
2368 4302 2475 4375 γὰρ
2499 4304 2589 4358 καὶ
2613 4300 2766 4369 οὗτος
2791 4307 2880 4359 τὸν
2904 4306 3096 4377 γοητὸν
3121 4306 3342 4379 Φαραὼ,
3367 4310 3461 4363 καὶ
3485 4312 3542 4363 ἐν
3558 4312 3747 4384 ἐρήμῳ

2180 4393 2407 4465 ηὐλίσθη
2435 4434 2451 4459 ,
2484 4395 2579 4449 καὶ
2607 4395 2738 4448 Θεὸν
2769 4392 2927 4459 εἶδεν,
2963 4398 3086 4449 ὅσον
3125 4398 3343 4466 ἐφικτὸν
3373 4398 3579 4471 θεωρία
3603 4442 3616 4465 ,
3650 4409 3746 4455 καὶ

514 4495 785 4555 quatenus
815 4483 1273 4551 contemplatione
1304 4484 1472 4540 videri
1508 4493 1684 4554 potest
1709 4501 1724 4550 ;
1759 4502 1955 4557 resque
1982 4487 2078 4543 ad-

2185 4482 2434 4553 θαύματα
2463 4485 2784 4556 είργάσατο,
2811 4487 2905 4539 καὶ
2932 4486 3060 4539 λαοῦ
3094 4488 3444 4558 καθηγήσατο
3477 4491 3750 4562 χρηματίο

516 4579 798 4634 mirandas
824 4578 1066 4648 peregit,
1095 4592 1158 4631 ac
1188 4577 1436 4632 doctrina
1470 4594 1530 4634 se
1554 4579 1747 4634 ducem
1778 4588 1941 4651 atque
1967 4595 2082 4637 ma-

515 4671 747 4741 gistrum
798 4668 997 4739 populo
1026 4668 1329 4735 exhibuit,
1381 4667 1779 4740 ASgyptiosque
1827 4671 2079 4744 decepit,

515 4778 709 4818 eorum
759 4761 980 4817 divitias
1037 4760 1380 4829 surripiens,
1436 4760 1817 4817 haereticorum
1871 4764 2084 4818 scilicet

516 4854 721 4919 libros,
749 4855 816 4907 de
837 4852 1039 4923 quibus
1072 4852 1189 4921 ipse
1220 4852 1592 4922 triumphavit.
1626 4853 1840 4911 Salsum
1864 4870 2083 4926 quoque

517 4962 582 5001 ac
612 4944 765 5017 potui
806 4945 1034 4999 minime
1071 4943 1408 4998 conveniens
1446 4944 1787 5002 infidelitatis
1815 4961 1964 5002 mare
1995 4947 2082 4999 di-

516 5039 679 5104 visit,
716 5036 1084 5107 populumque
1118 5035 1326 5089 ﬁdelem
1359 5034 1413 5087 in
1443 5050 1637 5106 magno
1667 5052 1891 5092 numero
1922 5037 2086 5106 traje-

517 5131 612 5186 cit.
658 5127 962 5183 Pharaonis
1001 5139 1130 5181 vero
1178 5124 1511 5188 exercitum,
1559 5126 1779 5196 impiam
1825 5128 2083 5182 nimirum

518 5217 977 5274 calumniatorum
1025 5213 1378 5284 progeniem,
1433 5217 1729 5284 prostravit
1776 5224 1937 5286 atque
1987 5231 2085 5286 op-

518 5309 743 5383 pressit.
781 5307 849 5361 Et
894 5306 1119 5360 Amalec
1168 5304 1254 5375 (si
1285 5319 1446 5374 quem
1480 5305 1855 5361 hazreticorum
1892 5321 1958 5362 eo
1989 5322 2087 5361 no-

519 5402 669 5457 mine
704 5397 978 5467 appellare
1009 5394 1181 5463 velis)
1218 5394 1273 5448 in
1319 5394 1501 5465 fugam
1539 5396 1733 5461 vertit,
1783 5410 1850 5451 ac
1896 5396 2082 5465 proﬁi-

520 5490 691 5563 gavit.
736 5487 932 5558 Legem
970 5486 1108 5539 bene
1150 5484 1574 5554 Christianeque
1624 5486 1837 5541 vivendi
1891 5501 1923 5540 a
1977 5486 2085 5543 Deo

524 5577 770 5646 accepit,
801 5583 855 5630 et
888 5574 1048 5630 nobis
1075 5572 1349 5628 universis
1383 5586 1502 5625 eam
1537 5572 1775 5626 tradidit.
1807 5571 2086 5628 Taberna-

521 5663 633 5721 culi
687 5661 965 5730 exemplar
1015 5660 1071 5714 in
1116 5668 1302 5716 monte
1349 5664 1753 5731 contemplatus
1799 5670 1920 5718 est:
1976 5679 2085 5718 non

520 5750 753 5827 Moysis,
779 5750 876 5807 sed
922 5748 1185 5806 horrendi
1227 5749 1376 5806 illius
1417 5750 1612 5820 judicii
1663 5750 1853 5807 futuri.
1888 5750 2085 5810 Sacer-

2184 4593 2284 4641 σας
2311 4577 2630 4640 διδάσκαλος
2653 4594 2666 4607 ·
2692 4578 2784 4629 καὶ
2813 4577 2938 4640 τοὺς
2977 4577 3305 4645 Αἰγυπτίους
3332 4582 3746 4652 κατεσοφίσατο,

2181 4667 2271 4721 τὸν
2314 4667 2541 4722 πλοῦτον
2586 4668 2809 4721 ἐκείνων
2850 4669 3139 4737 ἀρπάσας,
3175 4670 3273 4733 τὰς
3314 4671 3420 4724 τῶν
3458 4675 3753 4745 αίρετικῶν

2184 4759 2398 4830 βίϐλους
2423 4759 2828 4829 αἰχμαλωτίσας
2859 4761 2953 4813 καὶ
2980 4759 3371 4831 θριαμϐεύσας,
3408 4763 3501 4816 καὶ⁵
3522 4764 3622 4834 τὴν
3656 4764 3753 4820 θά-

2181 4850 2385 4905 λασσαν
2410 4849 2679 4921 διέρρηξε,
2712 4848 2810 4919 τὴν
2843 4850 3091 4922 ἁλμυρὰν
3114 4852 3206 4905 καὶ
3234 4852 3433 4907 ἄποτον
3466 4855 3749 4919 ἀπιστίαν,

2182 4941 2277 4994 καὶ
2307 4940 2399 4994 τὸν
2436 4938 2563 4993 λαὸν
2588 4939 2859 4993 διεϐίϐασε
2884 4981 2897 5005 ,
2935 4942 2996 4994 τὸ
3029 4941 3606 5015 όρθόδοξονισύστημα.
3639 4948 3750 5001 Καὶ

2183 5032 2305 5095 τοὺς
2346 5030 2692 5103 Φαραωνίτας
2726 5032 2972 5085 ἐπόντισε
2993 5072 3008 5097 ,
3042 5033 3111 5087 τὰ
3150 5035 3257 5089 τῶν
3290 5037 3580 5106 αἱρετικῶν
3617 5038 3751 5092 ἄθεα

2183 5125 2510 5193 γεννήματα.
2543 5121 2652 5176 Καὶ
2686 5122 2777 5175 τὸν
2815 5122 3063 5195 Ἀμαλὴκ
3109 5126 3453 5195 ἐτροπώσατο
3499 5128 3593 5197 (εί
3630 5146 3751 5182 τινα

2181 5213 2288 5266 τῶν
2309 5211 2597 5283 αἱρετικῶν
2619 5213 2791 5281 τούτῳ
2813 5211 2989 5282 βούλει
3018 5214 3243 5269 καλέσαι
3268 5216 3345 5287 τῷ
3371 5218 3638 5288 όνόματι)’
3660 5221 3751 5273 τὸν

2184 5301 2344 5371 νόμον
2368 5302 2434 5355 ὲκ
2468 5299 2603 5353 Θεοῦ
2628 5304 2729 5371 τῆς
2761 5301 3069 5372 ὀρθοδοξίας
3106 5302 3285 5367 ἔλαϐε,
3322 5307 3415 5359 καὶ
3444 5308 3576 5377 ἡμῖν
3617 5312 3752 5363 πᾶσι

2187 5390 2478 5463 μετέδωκε.
2514 5390 2625 5460 Τῆς
2676 5391 2881 5460 σκηνῆς
2920 5393 2977 5445 ἐν
3018 5391 3095 5462 τῷ
3128 5393 3243 5464 ὄρει
3278 5394 3369 5446 τδν
3400 5397 3567 5450 τύπον
3597 5397 3755 5450 ἐθεάο

2185 5499 2333 5547 σατο,
2363 5482 2424 5534 οὑ
2467 5482 2565 5551 τῆς
2594 5481 2685 5533 ἐπὶ
2713 5482 2975 5545 Μωσέως,
3006 5481 3139 5535 ἀλλὰ
3164 5482 3266 5554 τῆς
3303 5484 3597 5553 μελλούσης
3627 5505 3753 5559 φρι-

2183 5576 2315 5645 κτῆς
2347 5571 2577 5644 κρίσεώς
2610 5590 2670 5625 τε
2695 5574 2789 5627 καὶ
2818 5572 3226 5637 καταστάσεως.
3255 5576 3395 5639 Τοὺς
3430 5578 3611 5647 ἱερέας
3633 5581 3754 5631 ἐτε-

2182 5665 2393 5726 λείωσε,
2425 5662 2493 5716 τὰ
2520 5664 2647 5735 περὶ
2670 5663 2966 5734 ίερωσύνης
2989 5664 3315 5734 νομοθετῶν.
3349 5666 3534 5737 ’Υδωρ
3566 5669 3630 5720 ἐκ
3655 5666 3756 5721 πέ-

2183 5770 2317 5825 τρας
2346 5753 2611 5823 ὲπήγασε,
2639 5752 2737 5815 τὰς
2765 5751 3009 5816 λιθώδεις
3033 5753 3259 5823 καρδίας
3298 5754 3514 5819 στάζειν
3538 5756 3756 5830 δάκρυα
