4050 6164
360 390 471 451 845

1355 385 1442 440 DE
1483 384 1646 439 vna
1688 382 1744 438 s.
1786 346 2039 437 rarius
2088 379 2397 436 Epnnmn
2448 372 2628 435 SYRI.

3504 368 3613 438 846

366 492 813 578 παρασκευάσας.
854 503 1055 573 Ἄρτον
1096 500 1374 571 ἐψώμισεν
1415 499 1489 561 ὼς
1524 499 1726 559 ἐκεῖνος
1768 495 1934 578 οὐρά-ξ

2058 492 2191 547 lotes
2215 492 2505 548 constituit
2525 532 2539 557 ,
2566 506 2628 544 ac
2652 490 2718 545 de
2745 489 3021 545 sacriﬁcio
3056 490 3202 560 legcs
3234 498 3615 561 praeceptaque

366 577 509 663 νιον,
542 596 669 657 τοὺς
703 595 802 663 τῆς
843 595 1062 663 ἀγάπης
1089 592 1280 661 λόγους
1311 592 1445 643 πᾶσι
1476 587 1697 659 προθεὶς
1717 627 1731 651 ,
1764 585 1830 638 δι’
1876 577 1937 637 οῦ

369 685 607 757 μάλιστα
648 682 964 754 στηρίζεται
1006 678 1157 736 πάσα
1199 680 1374 752 ψυχὴ.
1422 681 1516 733 καὶ
1563 677 1640 748 τῷ
1676 676 1803 745 θείῳ
1849 675 1941 729 καὶ

368 771 615 845 μυστικῷ
664 773 1026 843 προσέρχεται
1069 770 1218 844 ἄρτῳ
1260 768 1567 840 θαρροῦσα,
1608 765 1686 837 τῷ
1731 767 1796 819 ὲκ
1832 763 1941 818 τῶν

366 865 580 918 κόλπων
629 860 722 916 τοῦ
768 859 978 933 Πατρδς
1021 864 1102 926 είς
1137 861 1409 933 σωτηρίαν
1441 858 1598 930 ήμῶν
1641 873 1942 927 παραγενο-

369 956 531 1027 μένῳ.
589 952 1037 1027 Ὀρτυγομήτραν
1089 954 1324 1017 ἔδωκεν,
1377 952 1621 1007 κάτωθεν
1660 953 1789 1023 ἡμῖν
1828 950 1941 1011 τοῖς

367 1051 579 1111 πιστοῖς
617 1050 683 1118 τῇ
723 1038 850 1118 περὶ
881 1043 1017 1098 Θεοῦ
1072 1046 1260 1117 μνήμῃ
1301 1042 1686 1114 οὐρανοπορεῖν
1728 1040 1940 1095 ἐκδιδάοι

370 1156 538 1202 σκων,
573 1138 667 1190 καὶ
708 1136 776 1189 τὰ
812 1138 929 1189 ἐκεῖ
959 1135 1325 1203 φαντάζεσθαι
1372 1134 1563 1204 κάλλη.
1608 1133 1719 1186 Καὶ
1754 1131 1939 1195 ἁπλῶς

366 1224 450 1293 οἷς
478 1229 543 1283 ἂν
578 1228 739 1301 βούλῃ
767 1227 1000 1298 θεωρίας
1026 1226 1208 1296 λόγοις
1240 1226 1307 1279 τὰ
1335 1225 1427 1279 τοῦ
1456 1218 1668 1296 Πατρδς
1697 1223 1808 1287 τοῖς
1834 1235 1941 1276 πα-

367 1314 538 1384 λαιοῖς
575 1319 785 1386 ἐξισοῦν
832 1319 1310 1391 σεμνολογήματα,
1345 1312 1455 1370 οὐδ’
1499 1316 1638 1380 ὅλως
1685 1315 1939 1387 εὑρήσεις

370 1404 829 1483 καθυστεροῦντα.

2044 584 2291 639 tradidit.
2325 585 2538 654 Aquam
2571 598 2602 638 e
2636 589 2788 652 petra
2819 581 3040 648 eduxit,
3093 580 3223 635 dum
3268 581 3436 636 corda
3477 582 3616 652 lapi-

2041 674 2142 731 dea
2178 678 2243 730 ad
2280 676 2551 746 lacrymas
2584 672 2891 729 lundendas
2922 674 3238 729 commovit;
3270 673 3419 729 l’ane
3448 676 3617 730 cccle-

2041 770 2151 833 sti,
2184 768 2327 824 sicut
2359 756 2483 831 ille,
2530 766 2748 822 abunde
2795 767 3056 837 populum
3106 768 3285 837 pavit,
3331 766 3618 822 charitatis

2044 852 2205 916 nobis
2239 876 2521 916 sermones
2552 876 2866 931 proponens
2888 899 2901 922 ,
2932 848 3134 930 quibus
3165 860 3399 914 maxime
3427 874 3618 915 corro-

2044 951 2313 1006 borantur
2346 952 2550 1017 animi,
2585 948 2638 1008 et
2672 953 2737 1007 ad
2770 953 3095 1007 sumendum
3138 966 3263 1006 cum
3310 940 3504 1007 ﬁducia
3534 940 3620 1007 di-

2046 1042 2234 1095 vinum
2290 1057 2353 1097 ac
2404 1058 2622 1099 sacrum
2679 1044 2825 1097 hunc
2874 1034 3108 1107 Panem,
3139 1043 3231 1113 qui
3282 1059 3381 1114 pro
3430 1052 3619 1098 nostra

2046 1135 2225 1190 salute
2256 1132 2364 1190 liuc
2397 1151 2427 1190 e
2460 1137 2586 1192 sinu
2623 1134 2800 1192 Patris
2834 1137 3013 1200 venit,
3065 1138 3466 1193 accenduntur.
3515 1138 3621 1193 Co-

2055 1225 2305 1282 turnices
2339 1243 2555 1299 quoque
2580 1226 2830 1283 ﬁdelibus
2850 1269 2865 1294 ,
2896 1235 2954 1282 ut
2983 1227 3074 1282 ille
3093 1266 3108 1292 ,
3132 1228 3408 1298 exhibuit,
3436 1237 3621 1285 esten-

2048 1315 2187 1373 dens
2220 1334 2461 1388 quonam
2498 1328 2660 1390 pacto
2696 1326 2792 1389 per
2824 1316 2918 1374 Dei
2952 1318 3388 1374 recordationem
3424 1320 3480 1373 in
3510 1334 3623 1375 cata

2051 1408 2162 1463 lum
2218 1427 2340 1467 sese
2387 1413 2617 1476 tollant,
2654 1426 2718 1466 ac
2749 1426 2871 1481 quas
2898 1411 2971 1466 ibi
3021 1417 3151 1466 sunt
3191 1411 3454 1480 pulchra,
3490 1426 3624 1465 con;

370 1479 718 1573 templentur.
748 1502 815 1555 Et
844 1502 948 1557 hoc
976 1479 1197 1572 quidem
1228 1502 1393 1558 modo
1454 1508 1619 1571 atque
1676 1499 1892 1554 ratione
1913 1539 1929 1565 ,
1960 1498 2007 1553 si
2044 1515 2165 1569 quae
2192 1498 2353 1559 Pater
2398 1505 2489 1558 hic
2520 1479 2780 1575 graviten
2802 1520 2867 1559 ac
2914 1512 3138 1559 strenue
3180 1479 3381 1573 gessit,
3414 1502 3624 1574 prisco;

370 1611 492 1650 rum
529 1594 841 1649 actionibus
876 1595 1131 1649 conferre
1167 1595 1444 1660 lubuerit,
1482 1595 1592 1650 illis
1626 1593 1940 1648 nullatenus
1978 1590 2292 1649 interiorem
2329 1599 2659 1667 comperics.
3606 1602 3613 1603 ⁷

453 1688 606 1769 Ἐπεὶ
650 1688 743 1741 καὶ
802 1687 1009 1757 Ἰησοῦς
1045 1689 1074 1742 ὀ
1118 1688 1359 1758 Ναυῖτης
1407 1687 1678 1761 Ἰορδάνην
1726 1686 1942 1756 ἔσχισε,

371 1779 469 1842 τὰς
511 1777 1013 1847 ἀποκεκλεισμένας
1061 1778 1141 1840 εἰς
1188 1776 1472 1846 μετάδοσιν
1524 1775 1630 1829 τῶν
1674 1774 1945 1829 πλουσίων

2123 1687 2242 1757 Ipse
2276 1696 2545 1758 namque,
2582 1699 2641 1744 ut
2672 1689 2835 1746 Jesus
2872 1690 3047 1757 Nave,
3080 1689 3374 1744 .Inrdanem
3404 1698 3625 1758 quoque

2050 1774 2275 1845 divisit,
2314 1795 2437 1835 cum
2484 1782 2704 1837 clausas
2755 1781 2988 1836 divitum
3040 1796 3236 1836 manus
3288 1781 3627 1850 benignitate

374 1873 587 1941 χεῖρας,
619 1867 754 1939 πρὸς
788 1867 1033 1919 εὐποιίαν
1066 1867 1279 1937 διάρας,
1312 1866 1407 1920 καὶ
1438 1864 1516 1936 τῷ
1547 1864 1663 1937 λαῷ
1689 1866 1788 1935 τὴν
1818 1864 1945 1934 γῆν,

2058 1872 2304 1942 aperuit,
2337 1887 2400 1926 ac
2447 1873 2648 1942 populo
2699 1881 2935 1933 terram,
2974 1888 3080 1927 nou
3130 1873 3352 1942 quidem
3399 1872 3625 1941 abjecta:

375 1962 435 2014 οὐ
475 1962 573 2031 τῆς
611 1961 761 2013 κάτω
790 1957 1125 2027 ἐπαγγελίας
1152 1997 1165 2021 ,
1198 1957 1338 2010 ἀλλά
1372 1958 1471 2025 τῆς
1500 1948 1757 2029 οὐρανίου
1792 1955 1949 2027 βασι-

375 2044 526 2116 λείας
569 2050 1010 2122 ἐκληροδότησεν.
1058 2044 1145 2113 Ὧς
1185 2044 1441 2121 Σαμουὴλ
1473 2051 1537 2102 ἐκ
1570 2049 1802 2121 βρέφους
1856 2038 1951 2101 ἀν-

377 2145 538 2214 ετέθη
558 2142 637 2214 τῷ
661 2142 799 2213 Θεῷ,
827 2143 921 2195 καὶ
948 2142 1130 2211 φωνῆς
1156 2140 1305 2204 Θείας
1328 2141 1577 2210 ἤκουσεν.
1613 2143 1699 2205 Ὠς
1726 2142 1754 2194 ὁ
1780 2140 1951 2212 μέγας

390 2226 598 2298 Ἠλίας,
622 2236 746 2297 τοὺς
784 2234 880 2304 τῆς
916 2233 1174 2303 αἰσχύνης
1210 2233 1698 2304 παρεδειγμάτισεν
1744 2234 1910 2303 ἱερεῖς
1934 2272 1948 2296 ,

379 2329 476 2382 καὶ
502 2327 613 2397 πῦρ
640 2326 829 2397 νοητὸν
875 2326 969 2379 ἐπὶ
995 2328 1062 2397 τῇ
1089 2317 1278 2396 λογικῇ
1317 2324 1509 2395 θυσίᾳ,
1538 2325 1598 2379 οὐ
1633 2326 1790 2396 μίαν,
1818 2324 1954 2379 ἀλλά

379 2418 639 2480 πολλάκις
669 2419 949 2488 κατήγαγε
968 2433 984 2450 ο
1009 2416 1103 2469 καὶ
1131 2416 1340 2488 πυρίνῳ
1366 2415 1473 2469 τῶν
1494 2417 1701 2485 ἀρετῶν
1724 2417 1951 2487 ἅρματι,

378 2511 479 2563 οὐκ
514 2509 783 2579 αἰθέριος,
834 2502 950 2561 ἀλλ’
994 2507 1242 2578 οὐράνιος
1281 2508 1675 2579 ἁρματηλάτης
1721 2508 1951 2580 ἀνήχθη.

391 2603 480 2665 Ὠς
534 2600 874 2665 Ἐλισσαῖος,
919 2599 1111 2670 διπλῆν
1159 2598 1252 2652 τοῦ
1283 2598 1600 2670 Πνεύματος
1645 2599 1744 2671 τὴν
1787 2599 1950 2670 χάριν

380 2691 727 2762 πεπλούτηκε
752 2708 765 2721 ·
803 2690 899 2743 καὶ
922 2689 996 2753 ώς
1022 2692 1070 2743 οἱ
1098 2690 1374 2761 προφῆται
1407 2689 1728 2760 θεοφανείας
1757 2690 1957 2744 πολλά-

380 2802 468 2848 κις
498 2784 745 2855 ἠξίωται.
779 2782 966 2853 Τολμᾷ
994 2781 1183 2837 τοῦτον
1215 2784 1243 2835 ὁ
1282 2783 1438 2852 λόγος
1466 2784 1560 2837 καὶ
1587 2783 1724 2853 πρὸς
1764 2783 1855 2835 τὸν
1896 2781 1954 2836 ἐν

380 2877 658 2946 γεννητοῖς
687 2873 959 2942 γυναικῶν
998 2872 1271 2944 ἀνώτερον
1300 2873 1645 2945 παραθεῖναι,
1678 2874 1768 2927 τὸν
1801 2863 1957 2944 μεσί-

381 2985 481 3038 την
526 2966 620 3020 τοῦ
667 2966 832 3035 νόμου
868 2966 962 3018 καὶ
991 2966 1089 3034 τῆς
1130 2964 1369 3035 χάριτος.
1430 2965 1516 3029 Ὦς
1553 2965 1857 3036 πρόδρομος
1899 2968 1956 3019 ἐν

382 3056 573 3131 ἐρήμῳ
597 3056 828 3128 ηὐλίσθη
850 3073 862 3085 ·
895 3057 989 3111 καὶ
1014 3056 1163 3127 ῥῆμα
1188 3056 1320 3110 Θεοῦ
1343 3057 1533 3127 γέγονε
1560 3056 1656 3111 καὶ
1678 3057 1815 3129 πρὸς
1836 3057 1958 3111 τοῦ·

381 3161 495 3217 τον,
518 3151 612 3205 καὶ
635 3150 922 3221 μετανοίας
947 3150 1120 3220 κήρυξ
1152 3149 1511 3220 ἐχρημάτισε,
1542 3148 1754 3212 καὶτὰς
1778 3150 1955 3219 ἁμαρ-

2053 1964 2220 2035 hujus
2241 1965 2649 2035 promissionis,
2676 1980 2862 2020 verum
2886 1963 3126 2022 caelestis
3144 1966 3293 2036 regni
3317 1964 3621 2021 distribuit.

2051 2058 2095 2111 A
2124 2074 2222 2113 sua
2255 2052 2487 2112 infantia
2512 2099 2526 2123 ,
2559 2066 2621 2111 ut
2652 2042 2906 2123 Samuel,
2938 2065 3297 2112 consecratus
3342 2065 3427 2112 est
3475 2056 3619 2125 Deo,

2052 2151 2402 2220 divinamque
2434 2165 2619 2205 vocem
2642 2189 2657 2212 .
2690 2159 2750 2204 ut
2786 2150 2876 2203 ille
2900 2188 2915 2213 ,
2961 2148 3188 2204 audivit.
3228 2148 3385 2203 Sicut
3435 2136 3621 2213 Elias,

2054 2229 2370 2299 sacerdotes
2411 2240 2769 2311 turpitudinis
2804 2241 3089 2310 coarguit,
3136 2240 3426 2311 ignemque
3478 2240 3623 2295 divi-

2054 2351 2182 2388 num
2218 2334 2487 2389 orationis
2529 2333 2839 2397 sacriﬁcio,
2886 2348 2998 2387 non
3042 2334 3244 2399 semel,
3286 2334 3379 2388 sed
3422 2335 3625 2403 saepius

2053 2424 2319 2489 deduxit,
2369 2427 2639 2497 igneoque
2673 2426 2937 2479 virtutum
2972 2440 3139 2480 curru
3164 2465 3179 2491 ,
3210 2441 3320 2479 non
3368 2425 3420 2479 in
3454 2427 3624 2481 aethe-

2053 2532 2114 2571 ra
2139 2559 2153 2583 ,
2187 2517 2281 2573 sed
2319 2517 2373 2571 in
2409 2518 2587 2587 ipsum
2622 2515 2819 2571 malum
2861 2516 3112 2572 sublatus
3156 2524 3263 2572 est.
3309 2515 3465 2571 Sicut
3512 2516 3625 2571 Eli-

2055 2624 2214 2672 seus,
2267 2608 2538 2677 duplicem
2583 2608 2815 2679 spiritus
2864 2609 3097 2677 gratiam
3145 2617 3478 2665 consecutus
3516 2616 3623 2665 est.

2057 2701 2211 2755 Sicut
2241 2700 2549 2770 prophetae,
2585 2699 2781 2754 divinae
2816 2697 3046 2755 visionis
3081 2715 3308 2754 munere
3343 2714 3408 2754 ac
3443 2700 3622 2771 gratia

2055 2792 2292 2845 donatus
2316 2798 2421 2846 est.
2445 2788 2587 2855 Quin
2616 2796 2670 2843 et
2702 2790 2819 2859 ipsa
2848 2804 2934 2845 me
2963 2798 3144 2844 movet
3173 2789 3346 2853 ratio,
3381 2798 3438 2843 ut
3465 2805 3627 2844 eum¢

2057 2883 2177 2937 dem
2211 2882 2359 2936 hunc
2388 2882 2469 2935 vel
2499 2895 2623 2934 cum
2661 2879 2757 2934 illo
2782 2920 2796 2942 ,
2833 2894 2941 2950 quo
2973 2881 3116 2936 inter
3144 2889 3306 2937 natos
3333 2882 3625 2938 mulierum

2054 2976 2242 3029 nullus
2284 2973 2603 3044 perhibetur
2626 2972 2907 3028 exstitisse
2935 2971 3131 3041 major,
3179 2987 3500 3044 comparare
3528 2988 3629 3029 auv

2057 3068 2212 3123 deam
2239 3086 2253 3123 :
2289 3081 2414 3121 cum
2444 3066 2539 3121 illo
2559 3107 2573 3131 ,
2607 3065 2830 3134 inquam
2852 3105 2867 3130 ,
2896 3064 2991 3134 qui
3034 3064 3176 3119 inter
3208 3065 3378 3135 legem
3418 3074 3470 3121 et
3500 3081 3628 3136 gra-

2058 3163 2187 3213 tiam
2220 3158 2321 3212 fuit
2352 3157 2585 3212 medius.
2616 3155 2899 3226 Siquidem
2933 3155 3058 3223 bic,
3085 3164 3145 3210 ut
3178 3172 3487 3226 praecursor
3512 3158 3624 3224 ille,

382 3245 505 3307 τίας
536 3241 974 3313 ἐξομολογεῖσθαι
1027 3244 1153 3305 τοὺς
1188 3240 1656 3313 προσερχομένους
1692 3238 1948 3304 ἐδίδαξεν.

2061 3266 2306 3305 eremum
2338 3248 2545 3314 coluit,
2575 3255 2631 3302 et
2661 3247 2726 3301 ad
2758 3263 2881 3302 eum
2914 3262 3132 3318 quoque
3167 3247 3371 3302 factum
3401 3257 3487 3303 est
3508 3264 3631 3305 ver-

395 3336 483 3400 Ὤς
514 3333 727 3398 Παῦλος
764 3334 825 3387 τὸ
864 3333 964 3404 τῆς
994 3332 1227 3402 ἐκλογῆς
1267 3333 1495 3398 σκεῦος,
1536 3331 1823 3395 παντοίους
1862 3331 1959 3384 ὑπ-

384 3416 567 3496 έμεινε
590 3424 949 3495 πειρασμοὺς,
975 3423 1070 3476 καὶ
1093 3421 1163 3475 τὰ
1194 3422 1293 3493 τῆς
1317 3423 1601 3494 μετανοίας
1631 3422 1957 3477 καταϐαλεῖν

388 3517 692 3588 σπέρματα.
715 3517 789 3577 ώς
819 3518 1026 3578 ἐκεῖνος
1057 3515 1155 3586 τῆς
1183 3514 1438 3579 πίστεως,
1464 3515 1524 3568 οὺ
1556 3515 1954 3587 κατενάρκησε.

386 3608 498 3661 Καὶ
534 3607 586 3661 τί
616 3608 697 3660 δεῖ
725 3609 833 3670 τοῖς
858 3606 999 3659 κατὰ
1031 3605 1193 3676 μέρος
1232 3605 1421 3659 τοῦτον
1457 3606 1847 3677 παραϐάλλειν,
1876 3602 1957 3658 ἔτι

386 3692 495 3755 τῶν
537 3700 727 3754 τούτου
771 3698 1211 3769 κατορθωμάτων
1255 3699 1436 3753 πᾶσαν
1476 3698 1825 3769 πληρούντων
1856 3697 1956 3768 τὴν

386 3793 765 3865 οίκουμένην;
810 3790 1152 3861 Φαινομένων
1193 3790 1251 3843 δὲ
1298 3789 1404 3843 τῶν
1453 3789 1649 3862 ἔργων,
1706 3789 1958 3861 περιττόν

385 3879 501 3941 ἐστι
538 3884 903 3958 μακρολογία·
939 3883 998 3937 τό
1023 3900 1081 3936 τε
1104 3882 1197 3935 τοῦ
1238 3883 1399 3951 λόγου
1436 3886 1607 3954 μῆκος
1638 3884 1718 3945 είς
1743 3880 1958 3947 ἀδοξίαν

385 3970 496 4033 τῶν
523 3977 730 4050 ἀρετῶν
753 3993 819 4029 πε
829 3974 1163 4047 ριτρέπεται,
1187 3974 1263 4037 ὡς
1285 3974 1382 4045 οὐχ
1412 3973 1610 4028 ἱκανῶν
1630 3973 1804 4027 οὐσῶν
1834 3974 1961 4026 ἐαυ-

386 4072 486 4134 τάς
512 4070 824 4141 ἀρκούντως
849 4067 917 4121 δι’
947 4066 1125 4138 ἔργων
1158 4066 1414 4137 μηνῦσαι,
1444 4065 1581 4118 ἀλλά
1622 4066 1721 4145 τῆς
1749 4066 1814 4118 ἐκ
1850 4063 1959 4117 τῶν

386 4151 562 4229 λόγων
593 4150 912 4229 ἐπικουρίας
963 4154 1250 4226 δεομένων.
1305 4153 1483 4209 Καλὸν
1512 4154 1567 4207 δέ
1597 4148 1706 4208 οἶόν
1757 4172 1809 4207 τι
1839 4172 1962 4225 τερ-

388 4253 652 4307 πνότατον
672 4242 909 4318 ἥδυσμα,
926 4238 1335 4319 προσθεῖναιτῷ
1359 4244 1501 4317 λόγῳ
1529 4246 1698 4301 καὶτὸ
1725 4249 1852 4320 περὶ
1866 4242 1964 4319 τὴν

386 4340 599 4396 ἐκείνου
626 4340 879 4409 τελευτὴν
914 4338 1171 4410 ᾀδόμενον
1197 4336 1636 4409 τερατούργημα.

2059 3342 2186 3397 bum
2218 3339 2345 3404 Dei,
2376 3354 2442 3394 ac
2488 3353 2793 3409 praeconem
2840 3353 3009 3408 agens
3053 3339 3389 3409 poenitentiae
3437 3339 3629 3394 docuit

2032 3432 2309 3490 conﬁteri
2338 3440 2564 3500 peccata
2603 3429 2928 3484 accedentes
2971 3429 3039 3483 ad
3085 3445 3164 3484 se.
3221 3430 3377 3484 Sicut
3428 3429 3631 3487 Paulus

2060 3535 2242 3581 autem
2273 3539 2371 3579 vas
2423 3521 2750 3584 electionis,
2802 3521 2986 3575 varias
3028 3520 3411 3576 tribulationes
3457 3532 3631 3592 atque

2061 3617 2389 3670 teutationes
2419 3610 2644 3681 pertulit
2670 3652 2685 3675 ,
2720 3609 3164 3680 paenitentiazque
3190 3612 3427 3678 semina,
3455 3622 3514 3665 ut
3540 3614 3634 3671 ille

2064 3705 2225 3767 ﬁdei,
2264 3702 2452 3757 sedulo
2484 3700 2708 3770 sparsit.
2753 3698 2857 3754 Sed
2903 3698 3035 3768 quid
3067 3715 3294 3756 necesse
3337 3711 3449 3767 est,
3486 3704 3634 3758 hunc

2064 3810 2188 3852 cum
2218 3792 2424 3848 sanctis
2454 3790 2736 3860 sigillatim
2759 3787 3010 3845 conferre
3032 3827 3047 3853 ,
3078 3806 3202 3844 cum
3230 3791 3351 3861 ejus
3378 3805 3524 3849 recte
3554 3794 3637 3849 fa-

2066 3889 2172 3941 ctis
2203 3894 2352 3940 totus
2380 3892 2652 3938 terrarum
2685 3880 2838 3936 orbis
2865 3880 2939 3935 sit
2966 3870 3202 3950 plenus?
3229 3880 3502 3939 Prolixior
3532 3900 3633 3940 au-

2067 3989 2174 4034 tem
2203 3976 2380 4032 oratio
2409 3988 2817 4044 supervacanea
2849 3973 2923 4028 sit
2949 4010 2964 4039 ,
2994 3987 3118 4028 cum
3152 3974 3268 4044 ipsa
3298 3977 3434 4032 satis
3465 3992 3637 4048 appa-

2066 4077 2224 4124 reant
2243 4081 2428 4136 opera,
2456 4067 2685 4135 ipsaque
2712 4065 3004 4121 verborum
3037 4066 3329 4122 multitudo
3356 4068 3513 4123 ﬁdem
3549 4070 3628 4123 in-

2070 4162 2288 4216 ﬁrmare
2331 4158 2602 4220 videatur,
2641 4156 2796 4226 quasi
2845 4173 2954 4211 non
3007 4158 3143 4213 satis
3185 4173 3250 4214 ex
3299 4161 3435 4229 ipsis
3473 4162 3637 4218 rebus

2070 4250 2422 4305 declarentur
2448 4246 2715 4309 virtutes,
2762 4232 2859 4301 sed
2905 4249 3175 4304 sermonis
3209 4250 3390 4306 adhuc
3430 4252 3639 4307 auxilio

2070 4343 2375 4410 indigeant.
2413 4336 2759 4407 Quapropter
2792 4352 2972 4407 opera:
3006 4340 3240 4408 pretium
3277 4340 3480 4405 fuerit,
3519 4350 3641 4396 tan-

386 4450 553 4515 quam
608 4431 996 4489 suavissimum
1064 4428 1340 4500 quoddam
1396 4429 1807 4486 condimentum
1856 4424 1985 4493 huic
2017 4432 2253 4493 orationi
2308 4429 2641 4499 adjungcre',
2687 4430 3058 4498 percelcbrcm
3110 4432 3402 4497 nimirum,
3451 4434 3639 4504 prodi-

386 4533 591 4605 gioque
617 4524 845 4580 similem
873 4520 1047 4591 ipsius
1076 4536 1141 4575 ex
1169 4519 1274 4605 hac
1303 4519 1520 4574 mortali
1548 4521 1657 4575 vita
1687 4523 1911 4580 exitum.

460 4615 684 4673 Μέλλων
704 4613 814 4684 γὰρ
840 4614 869 4666 ό
897 4610 1151 4683 θεοφόρος
1176 4602 1329 4674 οὗτος
1372 4611 1509 4682 ἀνὴρ
1547 4612 1797 4682 ἀπαίρειν
1828 4616 1954 4685 πρὸς

2136 4600 2192 4665 In
2223 4610 2418 4665 malum
2455 4622 2585 4676 ergo
2613 4606 2725 4675 jam
2765 4612 3112 4676 perrecturus
3146 4622 3368 4664 sanctus
3405 4613 3492 4669 hic
3534 4618 3635 4679 vir,

388 4708 458 4764 τὰ
478 4705 724 4777 οὐράνια,
758 4704 871 4764 τοῖς
910 4698 1144 4772 παροῦσι
1176 4700 1565 4771 παρηγγυᾶτο,
1610 4702 1684 4765 ib;
1716 4703 1815 4755 οὐκ
1847 4704 1966 4770 ἐξὸν

390 4792 574 4861 αὐτοῖς
600 4787 784 4867 ἐσθῆτι
810 4785 1091 4846 πολυτελεῖ
1125 4792 1187 4845 τὸ
1213 4791 1401 4845 τούτου
1437 4791 1595 4862 σῶμα
1626 4794 1962 4862 ἐνταφιάσαι.

388 4882 456 4943 Εἰ
487 4890 542 4941 δὲ
564 4889 656 4941 καί
682 4904 765 4949 τις
792 4885 1105 4955 φιλοπάτωρ
1127 4882 1201 4936 ὢν
1228 4881 1467 4937 τοιοῦτόν
1496 4902 1548 4937 τι
1580 4876 1960 4956 προνενόηκεν,

390 4982 427 5053 ἢ
453 4970 853 5052 παρητοίμασε,
889 4973 1151 5045 μηδαμῶς
1185 4971 1263 5038 είς
1293 4974 1451 5045 ἔργον
1479 4975 1576 5046 τὴν
1605 4976 1798 5047 βουλὴν
1829 4979 1963 5045 ἀγα-

390 5077 510 5143 γεῖν
529 5110 544 5137 ,
573 5071 686 5126 ἀλλ’
724 5060 856 5123 αὐτὸ
884 5069 1057 5120 ἐκεῖνο
1079 5066 1140 5119 τὸ
1163 5058 1375 5137 όρισθέν
1405 5060 1485 5131 είς
1508 5067 1604 5140 τὴν
1637 5070 1843 5121 ἐκείνου
1868 5086 1964 5122 τα-

391 5166 501 5235 φὴν
527 5164 746 5235 δοθῆναι
780 5160 1033 5229 πτωχοῖς.
1059 5154 1150 5223 Εἷς
1173 5156 1302 5225 γοῦν
1332 5157 1437 5212 τῶν
1468 5160 1851 5233 παρεστώτων,
1876 5150 1967 5215 καὶ

389 5241 547 5317 οὗτος
579 5254 687 5305 τῶν
716 5248 1022 5320 ἐπιφανῶν,
1081 5243 1281 5319 ἐσθῆτα
1317 5250 1581 5323 πολυτελῆ
1614 5251 1970 5323 προευτρεπί-

393 5362 519 5408 σας,
553 5344 776 5415 κάκείνῃ
802 5342 1128 5397 συνθάπτειν
1154 5340 1213 5393 τὸ
1235 5340 1329 5394 τοῦ
1356 5342 1499 5396 θείου
1525 5340 1826 5413 πρεσϐύτου
1866 5342 1971 5395 σῶ-

395 5455 476 5509 μα
510 5434 949 5507 προϐουλευθεξ,
995 5432 1238 5497 ἀκούσας
1280 5436 1378 5505 τῆς
1412 5435 1711 5504 ἐπιτιμίας,
1741 5435 1968 5505 ήλγησε,

392 5529 494 5583 καὶ
539 5526 721 5580 δοῦναι
750 5528 982 5597 πτωχοῖς
1013 5525 1074 5579 τὸ
1114 5525 1540 5596 πρπτοιμασθέν
1571 5526 1783 5596 ἱμάτιον
1807 5527 1975 5595 ὑπερ-

394 5617 573 5677 έθετο,
592 5614 739 5678 ἄξιον
758 5614 969 5685 τίμημα
989 5614 1171 5669 δοῦναι
1192 5612 1390 5684 μᾶλλον
1410 5615 1520 5676 τοῖς
1542 5614 1812 5685 δεομένοις
1834 5613 1974 5668 κατὰ

393 5707 526 5762 νοῦν
557 5704 845 5773 ὁσιώτερον
877 5705 1088 5774 κρίνας.
1129 5707 1222 5769 Ὃς
1255 5704 1450 5759 αὐτίκα
1478 5705 1703 5775 πληγεὶς
1730 5705 1834 5757 ὑπὸ
1860 5705 1973 5758 δαί·

398 5817 567 5877 μονος
602 5796 836 5869 πονηροῦ
857 5838 872 5866 ,
908 5797 1005 5865 τῆς
1048 5799 1307 5871 ἀνηκοΐας
1341 5797 1542 5867 ἐτρύγα
1575 5797 1642 5850 τὰ
1674 5797 1976 5867 πικρότατα

2070 4705 2157 4767 iis,
2194 4703 2285 4772 qui
2331 4709 2459 4754 tunc
2498 4700 2571 4753 ibi
2614 4699 2873 4765 aderant,
2924 4698 3249 4765 mandabat,
3288 4719 3355 4758 ne
3399 4709 3639 4775 pretioso

2069 4810 2191 4849 cum
2220 4794 2542 4848 vestimento
2572 4805 2773 4859 corpus
2804 4805 2962 4873 suum
2993 4794 3307 4862 sepelirent.
3345 4795 3413 4850 Et
3440 4800 3484 4854 si
3514 4803 3638 4870 quis

2070 4884 2340 4940 amantior
2368 4882 2540 4951 patris
2576 4880 2683 4934 tale
2712 4879 2992 4949 quidpiam
3031 4884 3353 4953 cogitasset,
3384 4897 3478 4942 aut
3503 4906 3641 4960 pra--

2066 4979 2336 5045 parasset,
2365 4969 2418 5024 id
2451 4984 2518 5024 ne
2544 4976 2953 5039 exsequeretur,
2986 4971 3079 5024 sed
3103 4973 3333 5028 consilio
3360 4975 3413 5029 in
3448 4980 3641 5034 melius

2066 5070 2438 5123 commutato,
2492 5059 2595 5113 hoc
2646 5059 2824 5128 ipsum
2875 5060 3018 5126 quod
3071 5061 3366 5130 sepultura;
3398 5066 3641 5121 coltone-
3724 5108 3731 5116 .

2070 5155 2278 5210 standaa
2312 5151 2688 5217 decrevisset,
2721 5151 3055 5220 pauperibus
3085 5152 3474 5222 impertiretur.
3503 5158 3639 5212 Cum

2070 5248 2236 5316 igitur
2258 5259 2398 5297 unus
2429 5257 2618 5297 eorum
2650 5244 2741 5312 qui
2779 5243 3040 5305 aderant,
3071 5244 3357 5314 praecipua:
3384 5248 3641 5303 nobilita-

2072 5339 2144 5395 tis
2176 5338 2280 5403 vir,
2317 5334 2497 5406 magni
2542 5348 2673 5388 sane
2722 5333 2882 5402 pretii
2928 5335 3312 5390 vestimentum
3361 5351 3638 5407 parasset,

2072 5444 2181 5499 quo
2223 5426 2399 5483 sancti
2433 5425 2581 5479 senis
2615 5438 2817 5492 corpus
2845 5423 3102 5478 amictum
3139 5428 3432 5496 sepultura:
3463 5433 3642 5487 trade-

2071 5527 2176 5585 ret,
2207 5519 2580 5589 increpatione
2609 5516 2754 5571 illius
2785 5514 2969 5570 audita
2996 5516 3192 5585 doluit,
3216 5528 3269 5573 ct
3294 5522 3491 5578 melius
3520 5539 3645 5580 esse

2075 5613 2257 5668 animo
2288 5619 2569 5681 reputans,
2606 5608 2651 5665 si
2700 5613 2908 5661 tantum
2945 5607 3124 5679 stipis,
3168 5619 3432 5679 quantum
3472 5617 3643 5671 vestis

2074 5705 2429 5765 constiterat,
2468 5701 2589 5770 ejus
2631 5699 2753 5753 loco
2786 5694 3155 5769 indigentibus
3179 5701 3365 5766 daret,
3394 5713 3638 5774 palatum

2075 5797 2459 5853 vestimentum
2506 5792 2839 5864 pauperibus
2886 5792 3104 5867 elargiri
3159 5794 3390 5851 distulit.
3439 5796 3642 5862 Quam-
