4050 6164
443 351 547 413 8ίῖ
706 296 787 373 ρ)

1659 350 1718 407 S.
1774 351 2102 409 GBEGORII
2135 352 2429 410 NYSSENl

3593 354 3696 412 8&8

446 476 631 532 obrem
679 487 805 527 mox
850 487 881 527 a
924 470 1164 543 maligno
1210 479 1496 541 correptus
1547 470 1819 537 dzemone,
1871 471 2009 541 quod

2118 472 2426 544 δράγματα,
2459 474 2645 527 ἑαυτὸν
2676 472 2781 546 πρὸ
2806 472 2904 543 τῆς
2930 471 3117 542 κλίνης
3147 469 3239 525 τοῦ
3270 434 3417 526 ὁσίου
3454 472 3699 543 σπαράτ-

447 550 718 619 mandatis
746 579 853 617 non
887 563 1185 634 paruisset,
1216 561 1573 633 gravissimas
1608 576 1797 630 poenas
1826 562 2013 626 dabat,

448 670 616 725 seque
645 661 769 708 ante
806 652 1088 719 lectulum,
1120 654 1174 708 in
1220 669 1330 725 quo
1369 656 1456 709 vir
1483 663 1706 709 sanctus
1736 654 2018 709 decumbe-

449 747 563 807 bat,
603 759 698 801 ore
747 744 1019 801 ferventes
1072 760 1239 815 agens
1278 760 1531 816 spumas,
1581 745 1897 800 dilaniabat.
1937 745 2018 798 Ad

447 853 609 909 quem
644 838 727 891 vir
766 835 859 892 Dei
888 837 1352 893 clementissimus
1379 838 1757 893 calamitosum
1790 853 2019 892 convcro

448 944 586 985 sus:
619 929 892 995 Quidnam
919 969 934 992 ,
974 928 1180 998 inquit,
1220 930 1526 996 admisisti,
1574 946 1606 985 ο
1646 932 1826 996 homo,
1861 942 1919 984 ut
1963 930 2018 984 in

444 1021 547 1075 hoc
579 1021 879 1091 periculum
911 1020 1299 1089 coujicereris?
1323 1021 1415 1076 lllc
1436 1038 1563 1077 vero
1594 1024 1740 1078 senis
1764 1023 2020 1077 mandato

443 1113 754 1179 excitatus,
807 1113 936 1167 licet
982 1113 1103 1181 ejus
1154 1114 1323 1167 menti
1366 1116 1619 1170 tenebras
1667 1115 2016 1169 cacodzemau

445 1204 729 1259 offudisset
751 1245 765 1267 ,
799 1211 1096 1268 secretum,
1125 1204 1269 1273 quod
1299 1207 1439 1276 apud
1473 1223 1530 1262 se
1551 1218 1878 1278 conceperat
1911 1225 2016 1263 non

444 1296 857 1366 obtemperandi
908 1296 1079 1365 jussis
1138 1296 1346 1366 ipsius,
1396 1300 1687 1355 consilium
1739 1301 2014 1371 patefecit.

443 1387 614 1453 Quem
634 1385 984 1441 confitentem
1014 1387 1445 1459 benignissimus
1467 1391 1550 1445 vir
1577 1393 2014 1457 commiseratus,

446 1493 704 1532 manuum
734 1484 1046 1533 sanctarum
1083 1478 1436 1549 impositione
1468 1489 1519 1534 et
1558 1482 1811 1551 precibus
1842 1482 2018 1536 ltomi-

444 1585 569 1623 nem
596 1569 847 1640 protinus
870 1569 938 1623 ab
962 1569 1055 1623 illa
1078 1569 1363 1626 affectione
1391 1572 1662 1637 liberavit,
1694 1580 1746 1628 ct
1774 1573 2019 1643 pristinae

444 1659 670 1715 sanitati
698 1658 1207 1728 rcstituit,eumque
1235 1661 1313 1715 sic
1338 1668 1421 1716 est
1447 1662 1717 1720 allocutus
1743 1680 1758 1718 :
1791 1663 2015 1732 Perfice,

443 1752 629 1814 homo,
664 1766 785 1821 quae
817 1749 1024 1805 dudum
1063 1752 1388 1821 promisisti.

2124 582 2266 627 των,
2316 566 2409 620 καὶ
2451 568 2540 619 τὸν
2570 567 2740 637 ἀφρὸν
2780 567 2844 619 ἐκ
2886 565 2979 618 τοῦ
3016 566 3279 636 στόματος
3315 564 3695 635 ἀναϐράσσων.

2134 656 2193 710 ’0
2239 657 2296 709 δὲ
2328 657 2775 729 συμπαθέστατος
2815 656 2908 710 τοῦ
2939 656 3072 710 Θεοῦ
3101 656 3384 727 ἄνθρωπος
3427 656 3574 724 λέγει
3619 654 3698 726 τῷ

2125 749 2461 802 πεπονθόντι·
2526 750 2763 822 Ἐπειδὴ.
2795 743 2839 803 ὦ
2874 748 3148 820 ἄνθρωπε,
3198 747 3251 799 τί
3280 765 3358 800 σοι
3389 746 3699 818 παράλογον

2124 841 2463 912 πέπρακται,
2511 843 2604 896 καὶ
2641 842 2776 912 πρὸς
2806 842 2993 895 τοῦτον
3034 841 3123 894 τὸν
3154 840 3395 893 κίνδυνον
3433 840 3696 910 ἔρριψενς

2134 931 2192 984 'O
2221 933 2278 985 δὲ
2309 936 2373 1004 τῇ
2402 933 2645 986 κελεύσει
2675 933 2983 998 διαναστάς,
3018 933 3220 1002 καίπερ
3251 933 3354 985 ὑπὸ
3387 931 3477 985 τοῦ
3509 931 3699 1001 δαίμο-

2123 1041 2207 1088 νος
2246 1023 2336 1077 τὸν
2371 1025 2495 1077 νοῦν
2527 1024 2836 1089 σκοτωθεὶς,
2866 1025 2957 1078 τδν
2992 1023 3374 1095 κεκρυμμένον
3404 1022 3580 1087 ἐξεῖπε
3610 1024 3697 1077 λο-

2121 1116 2336 1187 γισμὸν,
2372 1116 2465 1170 καὶ
2490 1117 2587 1188 τὴν
2613 1117 2892 1186 παρακοὴν
2916 1116 3280 1186 ὲῳανέρωσεν.
3319 1118 3415 1168 Ὃν
3444 1115 3696 1185 ἐξομολο-

2121 1207 2427 1277 γησάμενον
2476 1209 2503 1258 ὁ
2561 1204 3008 1275 συμπαθέστατος
3062 1204 3240 1276 γέρων
3289 1202 3414 1271 ὑγιῆ
3458 1204 3700 1256 ἀποκατο

2120 1298 2367 1367 έστησεν,
2418 1297 2658 1351 ὲπιθέσει
2717 1298 2886 1366 ἁγίων
2931 1296 3129 1368 χειρῶν
3194 1295 3289 1348 καὶ
3336 1294 3467 1364 εὐχῇ
3509 1294 3694 1346 τοῦτον

2120 1390 2433 1457 ἀπαλλάξας
2468 1390 2561 1444 τοῦ
2608 1389 2810 1453 πάθους
2842 1405 2854 1418 ·
2886 1385 3002 1443 εἶτα
3034 1389 3127 1442 καὶ
3158 1385 3469 1460 προσειπών
3494 1402 3508 1415 “
3552 1385 3696 1455 Πλή-

2124 1500 2213 1554 ρου
2252 1500 2343 1535 σου
2390 1483 2486 1553 τὴν
2516 1484 2838 1553 ὑπόσχεσιν,
2895 1481 3182 1553 ἄνθρωπε,
3250 1481 3315 1552 ἦν
3366 1481 3532 1534 πάλαι
3560 1496 3697 1551 προ-

2119 1576 2422 1647 ενενόησας.

512 1841 632 1908 Quo
675 1841 896 1912 quidem
948 1840 1326 1898 demonstrato
1385 1844 1684 1908 miraculo,
1736 1860 1860 1901 cum
1901 1846 2009 1916 jam

2188 1838 2410 1895 Τοιοῦτο
2453 1841 2736 1912 τεράστιον
2780 1840 2919 1911 πρὸς
2966 1838 3103 1913 [τὰ]
3138 1838 3214 1909 τῷ
3265 1837 3406 1891 τέλει
3451 1838 3547 1891 τοῦ
3577 1838 3696 1909 βίου

440 1933 564 1988 vita:
594 1932 714 1987 linis
744 1931 1077 1995 immineret.
1109 1948 1225 1998 eos,
1254 1934 1349 2003 qui
1386 1941 1517 1990 tunc
1550 1936 1795 2003 aderant,
1828 1940 2012 1995 multis

438 2025 545 2097 piis
593 2023 1115 2080 commonitionibus
1163 2024 1231 2079 ad
1288 2026 1510 2081 virtutis
1567 2029 1808 2083 studium
1855 2039 2017 2099 atque

438 2130 681 2172 amorem
731 2115 1090 2182 cohortatus,
1133 2124 1193 2171 ut
1241 2125 1519 2187 postrema
1563 2118 1684 2188 ejus
1734 2120 2019 2175 declarant

437 2207 626 2272 verba,
650 2206 715 2262 ad
747 2207 1105 2277 tranquillum
1135 2208 1324 2262 aeterni
1356 2209 1507 2279 regni
1536 2217 1752 2279 portum
1785 2210 2019 2267 feliciter

435 2301 742 2373 emigravit,
785 2308 1083 2370 sanctaque
1109 2313 1174 2354 ac
1202 2299 1312 2355 Deo
1357 2310 1510 2371 grata
1546 2303 1879 2368 accessione,
1915 2320 2017 2357 nu-

435 2408 649 2449 merum
683 2392 991 2456 beatorum,
1024 2392 1118 2461 qui
1146 2390 1215 2445 ab
1244 2392 1400 2447 initio
1432 2391 1648 2447 fuerant
1680 2395 1885 2454 szeculi.
1917 2411 2015 2449 cu-

435 2484 685 2542 mulavit.
721 2483 859 2539 Nam
899 2484 956 2539 in
996 2484 1316 2539 coelestibus
1346 2483 1524 2538 anima
1564 2486 1735 2554 ipsius
1768 2474 2017 2541 consedit

432 2577 827 2643 tabernaculis,
869 2575 961 2630 ubi
996 2575 1312 2646 angelorum
1347 2583 1476 2630 sunt
1520 2576 1763 2640 ordines,
1796 2578 1886 2631 ubi
1918 2593 2016 2646 pa-

436 2672 806 2728 triarcharum
824 2668 1033 2740 populi,
1053 2668 1145 2723 ubi
1165 2667 1555 2738 prophetarum
1579 2667 1753 2730 chori,
1778 2669 1867 2723 ubi
1894 2684 2019 2738 apo-

435 2761 700 2817 stolorum
724 2758 906 2819 sedes,
934 2756 1027 2812 ubi
1046 2765 1344 2827 martyrum
1372 2755 1654 2827 gaudium,
1682 2756 1773 2810 ubi
1802 2756 2015 2825 piorum

435 2851 652 2915 laetitia),
674 2848 1060 2903 ubidoctorum
1080 2847 1357 2917 splendor,
1375 2846 1464 2900 ubi
1487 2847 1728 2901 celebres
1754 2848 2018 2917 primoge-

436 2942 675 2996 nitorum
693 2946 891 3002 cattus,
912 2936 1006 2991 ubi
1028 2953 1176 3007 pura:
1194 2936 1584 2992 exsultantium
1607 2952 1787 3001 voces,
1815 2937 2017 2992 ubiilla

434 3034 574 3088 bona
592 3036 925 3102 patent,qua3
943 3027 1119 3098 angeli
1136 3025 1450 3097 prospicere
1465 3032 1675 3096 optant,
1698 3028 1747 3079 in
1766 3035 2015 3079 sanctum

434 3126 586 3180 illum
610 3124 790 3179 locum
815 3120 1130 3178 felicissima
1153 3117 1296 3173 beati
1320 3116 1565 3185 clarique
1587 3118 1753 3187 patris
1769 3118 2014 3187 Ephrmm

2118 1929 2620 1999 κατεργασάμενος,
2671 1928 2893 1989 πολλαῖς
2936 1946 2994 1981 τε
3024 1927 3375 1999 παραινέσεσι
3412 1928 3538 1992 τοὺς
3572 1946 3698 1981 συν-

2118 2018 2275 2082 όντας
2315 2020 2449 2091 πρὸς
2478 2021 2568 2073 τὸν
2598 2020 2699 2090 τῆς
2730 2021 2929 2091 ἀρετῆς
2954 2018 3116 2090 ζῆλον
3161 2020 3539 2090 διαναστήσας,
3568 2020 3641 2081 ὡς
3665 2019 3695 2069 ὁ

2117 2108 2424 2171 τελευταῖος
2445 2109 2608 2163 αὐτοῦ
2644 2109 2800 2179 λόγος
2842 2109 3026 2179 δηλοῖ,
3058 2110 3135 2172 εἰς
3164 2109 3255 2162 τὸν
3284 2108 3593 2178 ἀκύμαντον
3616 2107 3697 2158 λι-

2122 2200 2257 2270 μένα
2284 2203 2380 2272 τῆς
2411 2202 2629 2256 αἰωνίου
2674 2201 2948 2271 βασιλείας
2981 2201 3269 2268 ἐξέπνευσε
3313 2201 3406 2252 καὶ
3434 2200 3694 2252 εὐαπόδε-

2119 2307 2261 2353 κτος.
2292 2292 2399 2345 Ποῦ
2422 2292 2477 2345 δὲ
2518 2292 2615 2363 τὴν
2638 2293 2844 2346 ἐκείνου
2868 2293 3043 2364 ψυχὴν
3067 2292 3299 2363 ἀλλαχοῦ
3323 2291 3558 2355 εἰκάζειν
3589 2291 3695 2363 χρὴ

2119 2382 2440 2447 καταλῦσαι,
2466 2384 2498 2454 ἢ
2521 2384 2677 2454 δῆλον
2699 2387 2756 2448 ὲν
2785 2387 3009 2453 σκηναῖς
3032 2384 3324 2454 οὐρανίοις,
3352 2385 3485 2437 ὅπου
3513 2382 3697 2449 τάξεις

2118 2473 2384 2541 ἀγγέλων,
2436 2476 2570 2528 ὅπου
2614 2476 2765 2546 χοροὶ
2799 2477 3111 2547 προφητῶν,
3159 2476 3293 2529 ὅπου
3338 2476 3516 2547 θρόνοι
3554 2478 3694 2529 ἀπο-

2122 2565 2343 2629 στόλων,
2390 2565 2521 2618 ὂπου
2554 2567 2696 2635 χαρά
2735 2565 2843 2618 τῶν
2877 2565 3189 2637 μαρτύρων,
3243 2566 3375 2619 ὅπου
3414 2565 3574 2618 ὁσίων
3602 2566 3696 2617 ei»

2123 2658 2387 2729 φροσύνη,
2419 2658 2552 2710 ὅπου
2582 2657 2912 2711 διδασκάλων
2941 2657 3282 2727 λαμπρότης,
3313 2658 3446 2709 ὅπου
3483 2674 3697 2727 πρωτο-

2117 2751 2290 2803 τόκων
2335 2752 2672 2819 πανὴγυρις,
2720 2749 2813 2802 καὶ
2860 2744 2992 2820 ἦχος
3042 2747 3278 2819 καθαρὸς
3327 2748 3434 2800 τῶν
3484 2746 3696 2799 ἐκεῖθεν

2120 2841 2504 2911 ἑορταζόντων.
2545 2841 2639 2903 Εἰς
2683 2841 2865 2893 ἐκεῖνα
2897 2838 2966 2892 τά
3010 2838 3221 2907 ἀγαθά,
3268 2838 3303 2892 δι
3337 2837 3698 2907 ἐπιθυμοῦσιν

2119 2928 2338 2997 ἄγγελοι
2386 2929 2746 2999 παρακύψαι,
2790 2931 2868 2992 είς
2897 2931 3103 2982 ἐκεῖνον
3138 2929 3226 2982 τὸν
3256 2929 3397 3001 ἱερὸν
3438 2930 3695 3002 scola-qs;

2120 3018 2293 3089 χῶρον
2341 3021 2375 3089 ἡ
2424 3018 2516 3071 τοῦ
2555 3016 2823 3089 μακαρίου
2872 3019 2963 3071 καὶ
3005 3017 3246 3089 ἀοιδίμου
3282 3018 3493 3089 Πατρός
3538 3021 3696 3090 ἡμῶν

2120 3111 2595 3181 πολυμακάριστος
2624 3112 2716 3163 καὶ
2743 3112 2872 3179 ἁγία
2900 3112 3064 3181 ψυχή.
3104 3111 3371 3181 Ἠγοῦμαι
3394 3112 3448 3164 δὲ
3473 3115 3537 3183 τῇ
3556 3112 3694 3183 πρὸς

434 3216 613 3270 anima
643 3204 910 3284 pervenit.
942 3209 1196 3263 Arbitror
1223 3221 1352 3261 vero
1390 3221 1513 3259 cum
1555 3206 1609 3259 in
1649 3208 1848 3261 ccelum
1894 3206 2009 3276 ipsa

2117 3204 2344 3275 οὐρανὸν
2370 3203 2537 3275 αὐτῆς
2567 3204 2826 3258 ἀναϐάσει
2856 3204 3110 3275 ἡγεῖσθαι
3142 3204 3239 3267 τὰς
3267 3204 3416 3271 παρὰ
3458 3204 3549 3258 τὸν
3579 3204 3694 3275 βίον

433 3303 789 3366 ascenderet,
841 3300 1086 3373 singulas
1134 3313 1274 3369 quas
1308 3297 1361 3350 in
1408 3296 1513 3351 hac
1555 3297 1665 3349 vita
1697 3298 2013 3351 excoluerat

433 3398 666 3452 virtutes
697 3393 1065 3466 prtecessisse,
1094 3406 1157 3444 ac
1189 3404 1278 3445 res
1309 3387 1430 3443 illas
1461 3388 1770 3442 reconditas
1798 3397 1852 3441 et
1889 3404 2012 3457 spe-

430 3488 792 3553 ciosissimas,
821 3499 942 3557 qua:
967 3479 1299 3537 mortalibus
1324 3478 1475 3533 cerni
1498 3486 1780 3548 nequeunt
1809 3478 2008 3545 oculis,

429 3579 837 3633 demonstrasse
861 3591 877 3642 ;
906 3572 1257 3640 omniumque
1287 3567 1799 3624 excellentissimam
1826 3568 2009 3622 chari-

428 3679 591 3724 tatem
629 3668 710 3723 sic
761 3665 827 3722 ad
881 3678 1002 3720 eam
1062 3662 1410 3718 accedentem
1447 3660 1653 3716 dixisse
1700 3680 1713 3715 :
1754 3661 2007 3727 Intuere,

427 3761 625 3816 dilecta
661 3759 842 3814 anima
864 3797 878 3824 ,
906 3753 1405 3826 pulchritudinem,
1438 3767 1601 3822 quam
1636 3752 1735 3805 tibi
1782 3768 2007 3824 compa-

427 3854 541 3907 ravi
562 3892 576 3915 ,
609 3850 880 3918 simulque
908 3847 1138 3903 delicias
1185 3844 1512 3898 ostendisse.
1548 3841 1781 3912 Moxque
1809 3858 2004 3898 accur-

425 3949 637 3998 rentem
663 3939 1047 4001 humilitatem,
1078 3937 1155 3990 ita
1185 3950 1303 3989 cam
1344 3935 1706 4004 compellasse
1736 3953 1748 3988 :
1788 3934 2005 4005 Aspice,

428 4035 611 4089 anima
638 4031 746 4086 Deo
774 4029 961 4093 chara,
993 4027 1310 4101 cujusmodi
1336 4042 1434 4099 ego
1459 4028 1557 4082 tibi
1590 4027 1771 4082 locum
1804 4028 2006 4098 quietis

424 4124 708 4181 exornavi.
726 4121 865 4177 Tum
888 4130 1112 4179 caeteras
1133 4137 1324 4177 omnes
1342 4120 1618 4191 sigillatim
1642 4122 2003 4187 recensuissc,

424 4218 943 4285 demoustrasseque
983 4215 1202 4286 praemia
1231 4254 1245 4279 ,
1281 4228 1402 4284 qua:
1438 4212 1546 4283 jam
1582 4212 1738 4279 inde,
1772 4228 1896 4267 cum
1938 4213 2007 4268 ab

426 4314 544 4384 ipsa
583 4308 761 4365 adhuc
790 4309 843 4362 in
873 4323 1104 4379 corpore
1152 4306 1543 4361 excolerentur
1582 4313 1747 4375 atque
1783 4320 2006 4360 exerce-

423 4411 632 4466 rentur,
665 4401 718 4455 in
752 4399 995 4454 futurum
1038 4398 1448 4468 comparabant.
1489 4396 1533 4451 0
1556 4396 1920 4463 decantanda,
1953 4402 2007 4451 ct

421 4496 636 4550 imitatu
669 4493 987 4564 dignissima
1032 4488 1353 4561 emigratiol
1401 4487 1445 4543 Ο
1502 4503 1688 4553 mors,
1748 4488 2004 4559 lacrymis

2113 3295 2275 3348 αὑτοῦ
2304 3295 2524 3363 ἀρετὰς,
2551 3297 2643 3349 καὶ
2664 3297 2927 3351 δεικνύειν
2954 3299 3091 3368 αὐτῇ
3115 3298 3354 3368 ἑκάστην
3383 3297 3450 3351 τὰ
3476 3298 3694 3370 ἄρρητα

2113 3389 2296 3441 ἐκεῖνα
2330 3389 2423 3441 καὶ
2466 3389 2672 3442 ἀθέατα
2722 3389 2924 3459 κάλλη,
2974 3391 3082 3443 καί
3115 3390 3516 3461 προσελθοῦσαν
3551 3393 3692 3463 τάχα

2111 3477 2208 3549 τὴν
2255 3478 2472 3549 μείζονα
2509 3480 2696 3533 πασῶν
2730 3480 2838 3533 τῶν
2872 3481 3081 3551 ἀρετῶν
3116 3482 3355 3551 ἀγάπην,
3405 3481 3577 3545 οὕτως
3608 3486 3690 3537 εί-

2112 3574 2232 3625 πεῖν
2253 3588 2266 3601 '
2301 3572 2462 3643 Ὅρα,
2493 3571 2726 3642 φιλτάτη
2748 3572 2913 3643 ψυχὴ,
2944 3569 3053 3624 οἶόν
3085 3590 3165 3625 σοι
3200 3572 3533 3646 προεξένησα
3560 3576 3693 3629 κάλ-

2110 3663 2201 3727 λος
2225 3681 2239 3696 ·
2280 3665 2375 3717 καὶ
2419 3665 2515 3717 σὺν
2553 3664 2632 3734 τῷ
2667 3664 2809 3735 λόγῳ
2843 3663 3224 3729 καθυποδεῖξαι
3257 3665 3315 3717 τὸ
3344 3665 3687 3738 ὲντρύφημα.

2110 3756 2220 3809 Καὶ
2283 3755 2381 3827 τὴν
2444 3755 2944 3827 ταπεινοφροσύνην
2998 3755 3405 3827 ὲπιδραμοῦσαν
3456 3758 3688 3827 φράσαι·

2109 3847 2328 3913 Σκόπει,
2359 3846 2713 3919 πεποθημένη
2734 3846 2852 3918 Θεῷ
2891 3847 3059 3917 ψυχὴ,
3092 3842 3202 3901 οἷον
3226 3847 3380 3917 κάγώ
3421 3865 3504 3901 σοι
3524 3849 3690 3903 τόπον

2110 3940 2465 4003 ἀναπαύσεως
2506 3938 2794 4009 ἡτοίμασα.
2852 3939 2962 3991 Καὶ
2988 3936 3128 3992 κατὰ
3163 3939 3327 4008 μέρος
3374 3937 3474 4003 τὰς
3510 3935 3689 4002 πάσας

2109 4034 2282 4086 εἰπεῖν
2309 4049 2367 4086 τε
2403 4033 2496 4086 καὶ
2529 4031 2930 4095 καθυποδεῖξαι,
2959 4032 3077 4095 οἵας
3104 4033 3240 4103 αὐτῇ
3269 4031 3367 4095 τὰς
3392 4032 3688 4095 ἀντιδόσεις

2110 4124 2371 4196 πρότερον
2424 4124 2866 4195 φιλοπονηθεῖσαι
2912 4123 3278 4196 προεξένησαν
3318 4122 3563 4196 ὕστερον.
3623 4125 3685 4177 Ὠ

2112 4218 2491 4288 πολυυμνὴτου
2531 4219 2624 4270 καὶ
2668 4216 2911 4287 ζηλωτῆς
2959 4217 3269 4288 ἀποδημίας
3304 4218 3316 4270 ί
3368 4216 3414 4270 ὣ
3455 4216 3682 4271 θανάτου

2107 4308 2357 4379 δακρύων
2394 4310 2467 4381 μὴ
2502 4309 2754 4380 δεομένου
2791 4310 2803 4361 !
2837 4308 2880 4362 ὣ
2909 4309 3189 4380 χωρισμοῦ
3214 4349 3228 4373 ,
3282 4311 3379 4380 τὴν
3413 4309 3682 4379 ’ποθουμὲ⁹

2106 4415 2204 4470 νην
2257 4400 2644 4471 προξενοῦντος
2688 4401 3031 4470 συνάφειανῐ
3095 4398 3140 4452 ῶ
3192 4400 3575 4469 μεταστάσεως
3622 4399 3680 4452 οὐ

2107 4491 2453 4563 παρεχούσης
2505 4492 2583 4564 τῷ
2650 4492 2978 4564 μεταστάντι
3057 4491 3413 4562 μετάμελον1
3495 4489 3542 4545 ὦ
3588 4509 3684 4561 κη-

419 4600 529 4639 non
557 4583 836 4654 indigens!
869 4579 914 4637 Ο
948 4579 1220 4651 separatio
1243 4585 1485 4648 optatam
1518 4577 1840 4632 societatem
1874 4594 2001 4632 con-

2114 4578 2249 4643 Ξείας
2293 4581 2353 4634 οὐ
2396 4581 2743 4653 κεκτημένης
2786 4580 3118 4653 μετάμελονε
3175 4581 3264 4646 Ἐξ
3296 4576 3370 4634 ὧν
3408 4581 3519 4653 γὰρ
3562 4583 3685 4639 τοὺς

418 4675 656 4732 ciliansl
711 4672 756 4728 Ο
809 4673 1109 4737 transitus,
1156 4668 1317 4739 cujus
1363 4677 1739 4723 transeuntem
1773 4669 1999 4726 minime

416 4767 681 4839 poenitet!
709 4764 754 4821 Ο
782 4764 970 4825 funus,
998 4762 1176 4818 omnis
1198 4760 1403 4817 doloris
1429 4769 1593 4831 atque
1622 4760 1881 4815 molestiae
1899 4777 1997 4815 ex-

416 4862 574 4931 pers!
603 4857 739 4912 Dum
769 4857 917 4912 enim
942 4855 1114 4926 ipsius
1144 4868 1325 4906 mores
1355 4852 1710 4921 suspicimus,
1736 4850 1997 4903 consola-

416 4950 620 5004 tionem
652 4944 778 5000 inde
806 4944 1161 5015 percipimus.
1194 4940 1441 4994 Aliorum
1475 4941 1675 5010 quippe
1707 4939 1992 4993 hominum

415 5055 604 5105 mors,
662 5037 772 5091 illis
819 5035 912 5107 qui
967 5033 1372 5103 relinquuntur,
1418 5032 1752 5103 lacrymandi
1796 5034 1996 5103 praebet

413 5144 638 5187 causam
688 5147 703 5183 :
750 5136 1068 5184 sanctorum
1110 5134 1293 5179 autem
1356 5122 1601 5179 lmtitiam
1661 5124 1822 5179 nobis
1859 5125 2002 5179 cele—

413 5224 779 5292 britatemque
801 5220 1094 5275 conciliat:
1125 5231 1295 5287 quare
1314 5217 1417 5272 ista
1440 5230 1548 5270 non
1568 5214 1799 5271 dicenda
1826 5232 1996 5281 mors,

413 5312 508 5368 sed
543 5311 727 5383 potius
763 5310 1065 5372 transitus,
1113 5312 1168 5361 et
1207 5304 1273 5360 ad
1319 5305 1486 5359 vitam
1540 5304 1669 5359 hinc
1719 5304 1997 5360 meliorem

411 5403 725 5475 emigratio.

484 5496 611 5552 Haec
652 5504 802 5559 sunt,
838 5508 959 5565 quat
996 5491 1117 5555 tibi,
1166 5489 1388 5545 Patrum
1423 5489 1663 5559 Optime,
1695 5489 1996 5561 mundique

410 5590 606 5646 doctor
638 5585 964 5649 clarissime,
1008 5583 1229 5638 laudum
1264 5581 1539 5652 praeconia
1574 5580 1753 5635 audax
1789 5581 1992 5653 lingua,

411 5688 473 5737 ut
499 5679 632 5736 vilia
663 5676 1012 5742 munuscula,
1058 5672 1216 5729 oﬂ‘ert
1245 5690 1259 5729 :
1293 5688 1402 5728 non
1427 5686 1491 5728 ea
1525 5671 1748 5742 quidem
1775 5689 1876 5743 pro
1913 5673 1997 5727 di-

412 5773 649 5847 gnitate,
685 5782 866 5840 neque
897 5777 959 5824 ut
987 5764 1249 5836 indigenti
1271 5764 1370 5820 tibi
1395 5780 1410 5819 :
1437 5780 1603 5837 quam
1628 5765 1774 5821 enim
1802 5765 1996 5821 afferre.

2107 4674 2313 4727 ἐκείνου
2342 4674 2574 4746 τρόπους
2605 4674 2987 4745 θαυμάζομεν,
3037 4676 3099 4727 ἐκ
3130 4673 3334 4728 τούτων
3369 4673 3467 4745 τὴν
3502 4690 3678 4744 παρα-

2108 4767 2303 4838 μυθίαν
2348 4767 2715 4837 λαμϐάνομεν.
2787 4766 2911 4818 Ἐπὶ
2945 4766 3043 4837 μὲν
3077 4765 3185 4837 γὰρ
3230 4764 3339 4817 τῶν
3374 4763 3553 4817 ἀλλων
3585 4764 3681 4816 άν-

2104 4860 2357 4934 θρὼπων,
2396 4863 2424 4914 ὁ
2470 4860 2697 4923 θάνατος
2741 4861 2912 4924 αἴτιος
2944 4858 3195 4932 δακρύων
3224 4861 3337 4921 τοῖς
3368 4857 3682 4928 περιλειποο

2105 4948 2287 5018 μένοις
2326 4948 2649 5019 γνωρίζεται
2673 4965 2687 4981 ο
2742 4949 2834 5002 ἐπὶ
2873 4949 2929 5002 δὲ
2962 4948 3069 5001 τῶν
3112 4947 3301 5016 ἁγίων,
3338 4944 3679 5015 εὐφροσύνης

2104 5042 2193 5094 καὶ
2227 5040 2584 5113 πανηγύρεως
2616 5039 2937 5095 καθίσταται
2971 5040 3226 5111 πρόξενος
3250 5054 3263 5070 ·
3318 5038 3400 5090 ὅτι
3428 5036 3489 5089 οὐ
3517 5035 3680 5089 θάνα-

2099 5151 2191 5198 τος
2224 5133 2251 5184 ὁ
2277 5132 2534 5197 τοιοῦτος,
2572 5132 2705 5186 ἀλλὰ
2738 5132 3070 5203 μετάστασις
3100 5128 3297 5202 μᾶλλον
3326 5128 3421 5182 καὶ
3449 5126 3586 5198 πρὸς
3611 5124 3678 5178 τά

2100 5227 2331 5298 κρείττω
2372 5227 2686 5297 μετάϐασις.

2166 5488 2349 5543 Ταῦτά
2380 5507 2460 5542 σοι
2505 5490 2633 5560 παρ’
2662 5491 2692 5558 ἡ
2704 5486 2819 5557 μῶν
2840 5529 2853 5551 ,
2891 5486 2998 5541 τῶν
3029 5485 3290 5555 Πατέρων
3326 5483 3538 5554 ἄριστε,
3584 5479 3675 5533 καὶ

2093 5581 2193 5652 τῆς
2217 5580 2542 5651 οἰκουμένης
2566 5578 2873 5642 διδάσκαλε,
2899 5576 3067 5646 τολμη
3080 5573 3146 5646 ρὰ
3168 5572 3410 5643 γλώσση,
3438 5573 3513 5636 ὡς
3530 5570 3675 5639 δῶρα

2095 5672 2223 5743 παρ’
2242 5671 2419 5739 ἀξίαν,
2448 5671 2782 5741 προσάγεται
2806 5667 2874 5720 τὰ
2908 5665 3157 5736 ἐγκώμια
3176 5681 3190 5697 ·
3213 5664 3311 5735 οὐχ
3333 5664 3408 5727 ὡς
3423 5660 3673 5733 χρῄζοντι

2096 5763 2280 5830 (ποίαν
2301 5762 2411 5835 γὰρ
2439 5760 2687 5816 εὔκλειαν
2703 5759 2982 5831 χαρίζεται
3008 5758 3187 5827 λόγος,
3209 5756 3384 5809 ὀπίσω
3400 5757 3496 5825 τῆς
3516 5752 3672 5818 ἀξίας
