  <div class='ocr_page' id='page_1' title='image "/cluster/home/n/w/nwhite01/storage/ocr_20150623/46/mdp.39015011915447/432.png"; bbox 0 0 4050 6164; ppageno 0'>
   <div class='ocr_carea' id='block_1_1' title="bbox 433 302 540 360">
    <p class='ocr_par' dir='ltr' id='par_1_1' title="bbox 433 302 540 360">
     <span class='ocr_line' id='line_1_1' title="bbox 433 302 540 360; baseline -0.019 0"><span class='ocrx_word' id='word_1_1' title='bbox 433 302 540 360; x_wconf 65' lang='grc'><strong>849</strong></span> 
     </span>
    </p>
   </div>
   <div class='ocr_carea' id='block_1_2' title="bbox 1428 292 2675 370">
    <p class='ocr_par' dir='ltr' id='par_1_2' title="bbox 1428 292 2675 370">
     <span class='ocr_line' id='line_1_2' title="bbox 1428 292 2675 370; baseline 0.002 -6"><span class='ocrx_word' id='word_1_2' title='bbox 1428 310 1512 366; x_wconf 77' lang='lat' dir='ltr'><strong>os</strong></span> <span class='ocrx_word' id='word_1_3' title='bbox 1565 312 1729 368; x_wconf 68' lang='lat' dir='ltr'><strong>ma</strong></span> <span class='ocrx_word' id='word_1_4' title='bbox 1768 312 1825 367; x_wconf 89' lang='lat' dir='ltr'><strong>s.</strong></span> <span class='ocrx_word' id='word_1_5' title='bbox 1864 311 2117 368; x_wconf 79' lang='lat' dir='ltr'><strong>PATRIS</strong></span> <span class='ocrx_word' id='word_1_6' title='bbox 2155 313 2460 370; x_wconf 66' lang='lat' dir='ltr'><strong>causam</strong></span> <span class='ocrx_word' id='word_1_7' title='bbox 2500 292 2675 369; x_wconf 73' lang='lat' dir='ltr'><strong>SYRI.</strong></span> 
     </span>
    </p>
   </div>
   <div class='ocr_carea' id='block_1_3' title="bbox 3578 303 3688 364">
    <p class='ocr_par' dir='ltr' id='par_1_3' title="bbox 3578 303 3688 364">
     <span class='ocr_line' id='line_1_3' title="bbox 3578 303 3688 364; baseline -0.027 0"><span class='ocrx_word' id='word_1_8' title='bbox 3578 303 3688 364; x_wconf 77' lang='lat'><strong>850</strong></span> 
     </span>
    </p>
   </div>
   <div class='ocr_carea' id='block_1_4' title="bbox 435 416 2020 501">
    <p class='ocr_par' dir='ltr' id='par_1_4' title="bbox 435 417 2012 501">
     <span class='ocr_line' id='line_1_4' title="bbox 435 417 2012 501; baseline 0.007 -30"><span class='ocrx_word' id='word_1_9' title='bbox 435 417 530 472; x_wconf 84' lang='grc' dir='ltr'>τοῦ</span> <span class='ocrx_word' id='word_1_10' title='bbox 565 419 955 490; x_wconf 76' lang='grc' dir='ltr'><strong>ἐπαινουμένου</strong></span> <span class='ocrx_word' id='word_1_11' title='bbox 1008 423 1291 495; x_wconf 76' lang='grc' dir='ltr'><strong>βαδίζων),</strong></span> <span class='ocrx_word' id='word_1_12' title='bbox 1328 426 1463 498; x_wconf 82' lang='grc' dir='ltr'>πρὸς</span> <span class='ocrx_word' id='word_1_13' title='bbox 1501 429 1685 499; x_wconf 75' lang='grc' dir='ltr'>ὄνησιν</span> <span class='ocrx_word' id='word_1_14' title='bbox 1716 429 1771 482; x_wconf 85' lang='grc' dir='ltr'><strong>δὲ</strong></span> <span class='ocrx_word' id='word_1_15' title='bbox 1815 430 2012 501; x_wconf 76' lang='grc' dir='ltr'>μᾶλλον</span> 
     </span>
    </p>
   </div>
   <div class='ocr_carea' id='block_1_5' title="bbox 2118 416 3687 501">
    <p class='ocr_par' dir='ltr' id='par_1_5' title="bbox 2118 416 3687 501">
     <span class='ocr_line' id='line_1_5' title="bbox 2118 416 3687 501; baseline -0.005 -16"><span class='ocrx_word' id='word_1_16' title='bbox 2118 439 2278 501; x_wconf 81' lang='lat' dir='ltr'><strong>queat</strong></span> <span class='ocrx_word' id='word_1_17' title='bbox 2308 431 2536 501; x_wconf 78' lang='lat' dir='ltr'><strong>gloriam</strong></span> <span class='ocrx_word' id='word_1_18' title='bbox 2600 428 2816 493; x_wconf 91' lang='lat' dir='ltr'><strong>oratio,</strong></span> <span class='ocrx_word' id='word_1_19' title='bbox 2875 438 2996 497; x_wconf 67' lang='lat' dir='ltr'><strong>qua:</strong></span> <span class='ocrx_word' id='word_1_20' title='bbox 3041 421 3245 478; x_wconf 89' lang='lat' dir='ltr'><strong>laudati</strong></span> <span class='ocrx_word' id='word_1_21' title='bbox 3293 416 3501 477; x_wconf 83' lang='lat' dir='ltr'><strong>meritis</strong></span> <span class='ocrx_word' id='word_1_22' title='bbox 3524 420 3687 489; x_wconf 84' lang='lat' dir='ltr'><strong>plane</strong></span> 
     </span>
    </p>
   </div>
   <div class='ocr_carea' id='block_1_6' title="bbox 437 510 2012 590">
    <p class='ocr_par' dir='ltr' id='par_1_6' title="bbox 437 510 2012 590">
     <span class='ocr_line' id='line_1_6' title="bbox 437 510 2012 590; baseline 0.006 -26"><span class='ocrx_word' id='word_1_23' title='bbox 437 511 548 564; x_wconf 85' lang='grc' dir='ltr'><strong>τῶν</strong></span> <span class='ocrx_word' id='word_1_24' title='bbox 573 510 789 574; x_wconf 82' lang='grc' dir='ltr'><strong>ζώντων</strong></span> <span class='ocrx_word' id='word_1_25' title='bbox 813 529 825 541; x_wconf 88' lang='grc'><strong>·</strong></span> <span class='ocrx_word' id='word_1_26' title='bbox 859 514 939 566; x_wconf 86' lang='grc' dir='ltr'>ὅτι</span> <span class='ocrx_word' id='word_1_27' title='bbox 968 516 1194 587; x_wconf 84' lang='grc' dir='ltr'><strong>μεγίστη</strong></span> <span class='ocrx_word' id='word_1_28' title='bbox 1223 520 1336 582; x_wconf 85' lang='grc' dir='ltr'>τοῖς</span> <span class='ocrx_word' id='word_1_29' title='bbox 1363 519 1575 581; x_wconf 83' lang='grc' dir='ltr'><strong>πολλοῖς</strong></span> <span class='ocrx_word' id='word_1_30' title='bbox 1604 522 1695 574; x_wconf 77' lang='grc' dir='ltr'><strong>ἐπὶ</strong></span> <span class='ocrx_word' id='word_1_31' title='bbox 1719 520 1786 574; x_wconf 87' lang='grc' dir='ltr'><strong>τά</strong></span> <span class='ocrx_word' id='word_1_32' title='bbox 1818 520 2012 590; x_wconf 81' lang='grc' dir='ltr'><strong>βελτίω</strong></span> 
     </span>
    </p>
   </div>
   <div class='ocr_carea' id='block_1_7' title="bbox 440 602 2013 685">
    <p class='ocr_par' dir='ltr' id='par_1_7' title="bbox 440 602 2013 685">
     <span class='ocr_line' id='line_1_7' title="bbox 440 602 2013 685; baseline 0.007 -31"><span class='ocrx_word' id='word_1_33' title='bbox 440 602 784 673; x_wconf 84' lang='grc' dir='ltr'>παράκλησίς</span> <span class='ocrx_word' id='word_1_34' title='bbox 804 621 863 657; x_wconf 86' lang='grc' dir='ltr'><strong>τε</strong></span> <span class='ocrx_word' id='word_1_35' title='bbox 893 606 987 659; x_wconf 78' lang='grc' dir='ltr'>καὶ</span> <span class='ocrx_word' id='word_1_36' title='bbox 1017 610 1316 680; x_wconf 82' lang='grc' dir='ltr'>προτροπὴ,</span> <span class='ocrx_word' id='word_1_37' title='bbox 1367 612 1399 681; x_wconf 83' lang='grc' dir='ltr'>ἡ</span> <span class='ocrx_word' id='word_1_38' title='bbox 1423 610 1528 664; x_wconf 90' lang='grc' dir='ltr'><strong>τῶν</strong></span> <span class='ocrx_word' id='word_1_39' title='bbox 1557 612 1775 680; x_wconf 81' lang='grc' dir='ltr'><strong>ἀγαθῶν</strong></span> <span class='ocrx_word' id='word_1_40' title='bbox 1800 612 2013 685; x_wconf 88' lang='grc' dir='ltr'>ἀνδρῶν</span> 
     </span>
    </p>
   </div>
   <div class='ocr_carea' id='block_1_8' title="bbox 440 692 2014 772">
    <p class='ocr_par' dir='ltr' id='par_1_8' title="bbox 440 692 2014 772">
     <span class='ocr_line' id='line_1_8' title="bbox 440 692 2014 772; baseline 0.008 -29"><span class='ocrx_word' id='word_1_41' title='bbox 440 692 702 762; x_wconf 79' lang='grc' dir='ltr'><strong>εὐφημία.</strong></span> <span class='ocrx_word' id='word_1_42' title='bbox 759 694 1006 765; x_wconf 86' lang='grc' dir='ltr'>Ἐκίνησε</span> <span class='ocrx_word' id='word_1_43' title='bbox 1038 697 1095 750; x_wconf 83' lang='grc' dir='ltr'>δὲ</span> <span class='ocrx_word' id='word_1_44' title='bbox 1136 699 1272 770; x_wconf 86' lang='grc' dir='ltr'>πρὸς</span> <span class='ocrx_word' id='word_1_45' title='bbox 1308 700 1532 764; x_wconf 81' lang='grc' dir='ltr'><strong>τούτους</strong></span> <span class='ocrx_word' id='word_1_46' title='bbox 1575 704 1722 772; x_wconf 80' lang='grc' dir='ltr'>ἡμᾶς</span> <span class='ocrx_word' id='word_1_47' title='bbox 1773 704 1898 766; x_wconf 78' lang='grc' dir='ltr'>τοὺς</span> <span class='ocrx_word' id='word_1_48' title='bbox 1925 703 2014 755; x_wconf 88' lang='grc' dir='ltr'>λό-</span> 
     </span>
    </p>
   </div>
   <div class='ocr_carea' id='block_1_9' title="bbox 438 786 2013 864">
    <p class='ocr_par' dir='ltr' id='par_1_9' title="bbox 438 786 2013 864">
     <span class='ocr_line' id='line_1_9' title="bbox 438 786 2013 864; baseline 0.01 -30"><span class='ocrx_word' id='word_1_49' title='bbox 438 799 570 850; x_wconf 89' lang='grc' dir='ltr'>γους</span> <span class='ocrx_word' id='word_1_50' title='bbox 601 787 695 837; x_wconf 77' lang='grc' dir='ltr'>καὶ</span> <span class='ocrx_word' id='word_1_51' title='bbox 726 786 1024 857; x_wconf 84' lang='grc' dir='ltr'>τολμητίας</span> <span class='ocrx_word' id='word_1_52' title='bbox 1050 790 1363 860; x_wconf 77' lang='grc' dir='ltr'><strong>εἰργάσατο,</strong></span> <span class='ocrx_word' id='word_1_53' title='bbox 1401 793 1571 846; x_wconf 89' lang='grc' dir='ltr'>πολλά</span> <span class='ocrx_word' id='word_1_54' title='bbox 1608 794 1705 864; x_wconf 86' lang='grc' dir='ltr'><strong>μὲν</strong></span> <span class='ocrx_word' id='word_1_55' title='bbox 1735 795 1828 849; x_wconf 80' lang='grc' dir='ltr'><strong>καὶ</strong></span> <span class='ocrx_word' id='word_1_56' title='bbox 1858 795 2013 850; x_wconf 81' lang='grc' dir='ltr'>ἀλλα.</span> 
     </span>
    </p>
   </div>
   <div class='ocr_carea' id='block_1_10' title="bbox 454 871 2013 954">
    <p class='ocr_par' dir='ltr' id='par_1_10' title="bbox 454 871 2013 954">
     <span class='ocr_line' id='line_1_10' title="bbox 454 871 2013 954; baseline 0.009 -30"><span class='ocrx_word' id='word_1_57' title='bbox 454 871 559 925; x_wconf 82' lang='grc' dir='ltr'>Ἐῶ</span> <span class='ocrx_word' id='word_1_58' title='bbox 587 874 698 946; x_wconf 85' lang='grc' dir='ltr'>γὰρ</span> <span class='ocrx_word' id='word_1_59' title='bbox 726 874 837 943; x_wconf 86' lang='grc' dir='ltr'><strong>ἐγὼ</strong></span> <span class='ocrx_word' id='word_1_60' title='bbox 870 876 938 930; x_wconf 81' lang='grc' dir='ltr'>τὰ</span> <span class='ocrx_word' id='word_1_61' title='bbox 970 879 1221 951; x_wconf 87' lang='grc' dir='ltr'>πολυειδῆ</span> <span class='ocrx_word' id='word_1_62' title='bbox 1250 885 1663 954; x_wconf 83' lang='grc' dir='ltr'>προτερήματα,</span> <span class='ocrx_word' id='word_1_63' title='bbox 1703 885 1797 938; x_wconf 73' lang='grc' dir='ltr'><strong>καὶ</strong></span> <span class='ocrx_word' id='word_1_64' title='bbox 1833 885 1892 938; x_wconf 79' lang='grc' dir='ltr'><strong>τὸ</strong></span> <span class='ocrx_word' id='word_1_65' title='bbox 1920 884 2013 941; x_wconf 79' lang='grc' dir='ltr'>τοῦ</span> 
     </span>
    </p>
   </div>
   <div class='ocr_carea' id='block_1_11' title="bbox 445 964 2015 1046">
    <p class='ocr_par' dir='ltr' id='par_1_11' title="bbox 445 964 2015 1046">
     <span class='ocr_line' id='line_1_11' title="bbox 445 964 2015 1046; baseline 0.009 -29"><span class='ocrx_word' id='word_1_66' title='bbox 445 964 562 1035; x_wconf 86' lang='grc' dir='ltr'>βίου</span> <span class='ocrx_word' id='word_1_67' title='bbox 595 966 691 1019; x_wconf 73' lang='grc' dir='ltr'><strong>καὶ</strong></span> <span class='ocrx_word' id='word_1_68' title='bbox 718 966 876 1035; x_wconf 87' lang='grc' dir='ltr'>λόγου</span> <span class='ocrx_word' id='word_1_69' title='bbox 909 969 1098 1041; x_wconf 84' lang='grc' dir='ltr'>κόσμῳ</span> <span class='ocrx_word' id='word_1_70' title='bbox 1140 975 1300 1027; x_wconf 76' lang='grc' dir='ltr'>παντὶ</span> <span class='ocrx_word' id='word_1_71' title='bbox 1327 974 1644 1046; x_wconf 87' lang='grc' dir='ltr'>διαλάλητον</span> <span class='ocrx_word' id='word_1_72' title='bbox 1665 993 1678 1006; x_wconf 91' lang='grc'><strong>·</strong></span> <span class='ocrx_word' id='word_1_73' title='bbox 1725 976 1930 1030; x_wconf 89' lang='grc' dir='ltr'>τούτων</span> <span class='ocrx_word' id='word_1_74' title='bbox 1957 977 2015 1031; x_wconf 83' lang='grc' dir='ltr'>δὲ</span> 
     </span>
    </p>
   </div>
   <div class='ocr_carea' id='block_1_12' title="bbox 443 1056 2017 1140">
    <p class='ocr_par' dir='ltr' id='par_1_12' title="bbox 443 1056 2017 1140">
     <span class='ocr_line' id='line_1_12' title="bbox 443 1056 2017 1140; baseline 0.009 -30"><span class='ocrx_word' id='word_1_75' title='bbox 443 1056 607 1112; x_wconf 80' lang='grc' dir='ltr'>πλέον</span> <span class='ocrx_word' id='word_1_76' title='bbox 640 1061 673 1130; x_wconf 82' lang='grc' dir='ltr'><strong>ἡ</strong></span> <span class='ocrx_word' id='word_1_77' title='bbox 703 1059 990 1131; x_wconf 87' lang='grc' dir='ltr'>θαυμαστὴ</span> <span class='ocrx_word' id='word_1_78' title='bbox 1035 1081 1127 1118; x_wconf 89' lang='grc' dir='ltr'><strong>σου</strong></span> <span class='ocrx_word' id='word_1_79' title='bbox 1161 1066 1470 1131; x_wconf 72' lang='grc' dir='ltr'>ἐπιστασία,</span> <span class='ocrx_word' id='word_1_80' title='bbox 1517 1069 1611 1122; x_wconf 74' lang='grc' dir='ltr'>καὶ</span> <span class='ocrx_word' id='word_1_81' title='bbox 1641 1068 2017 1140; x_wconf 76' lang='grc' dir='ltr'>ἀπολύτρωσις</span> 
     </span>
    </p>
   </div>
   <div class='ocr_carea' id='block_1_13' title="bbox 443 1149 2016 1230">
    <p class='ocr_par' dir='ltr' id='par_1_13' title="bbox 443 1149 2016 1230">
     <span class='ocr_line' id='line_1_13' title="bbox 443 1149 2016 1230; baseline 0.008 -31"><span class='ocrx_word' id='word_1_82' title='bbox 443 1149 479 1217; x_wconf 85' lang='grc' dir='ltr'><strong>ἡ</strong></span> <span class='ocrx_word' id='word_1_83' title='bbox 505 1150 584 1213; x_wconf 87' lang='grc' dir='ltr'><strong>εἰς</strong></span> <span class='ocrx_word' id='word_1_84' title='bbox 615 1150 705 1203; x_wconf 86' lang='grc' dir='ltr'><strong>τὸν</strong></span> <span class='ocrx_word' id='word_1_85' title='bbox 752 1152 836 1204; x_wconf 79' lang='grc' dir='ltr'><strong>σοὶ</strong></span> <span class='ocrx_word' id='word_1_86' title='bbox 872 1155 1236 1224; x_wconf 82' lang='grc' dir='ltr'>γεγενημένον</span> <span class='ocrx_word' id='word_1_87' title='bbox 1272 1156 1583 1228; x_wconf 86' lang='grc' dir='ltr'>ὁμώνυμον,</span> <span class='ocrx_word' id='word_1_88' title='bbox 1626 1159 1717 1213; x_wconf 74' lang='grc' dir='ltr'><strong>τὸν</strong></span> <span class='ocrx_word' id='word_1_89' title='bbox 1754 1159 1850 1213; x_wconf 69' lang='grc' dir='ltr'><strong>κα)⁸</strong></span> <span class='ocrx_word' id='word_1_90' title='bbox 1880 1157 2016 1230; x_wconf 80' lang='grc' dir='ltr'>πρὸς</span> 
     </span>
    </p>
   </div>
   <div class='ocr_carea' id='block_1_14' title="bbox 444 1241 2016 1323">
    <p class='ocr_par' dir='ltr' id='par_1_14' title="bbox 444 1241 2016 1323">
     <span class='ocr_line' id='line_1_14' title="bbox 444 1241 2016 1323; baseline 0.009 -31"><span class='ocrx_word' id='word_1_91' title='bbox 444 1241 667 1304; x_wconf 83' lang='grc' dir='ltr'>τούτους</span> <span class='ocrx_word' id='word_1_92' title='bbox 705 1243 852 1312; x_wconf 83' lang='grc' dir='ltr'>ἡμᾶς</span> <span class='ocrx_word' id='word_1_93' title='bbox 882 1245 1253 1301; x_wconf 84' lang='grc' dir='ltr'>ἀποδύσασθαι</span> <span class='ocrx_word' id='word_1_94' title='bbox 1289 1249 1416 1313; x_wconf 80' lang='grc' dir='ltr'>τοὺς</span> <span class='ocrx_word' id='word_1_95' title='bbox 1459 1250 1674 1318; x_wconf 88' lang='grc' dir='ltr'>ἀγῶνας</span> <span class='ocrx_word' id='word_1_96' title='bbox 1707 1251 2016 1323; x_wconf 72' lang='grc' dir='ltr'>προτρεψά-</span> 
     </span>
    </p>
   </div>
   <div class='ocr_carea' id='block_1_15' title="bbox 448 1331 2018 1415">
    <p class='ocr_par' dir='ltr' id='par_1_15' title="bbox 448 1331 2018 1415">
     <span class='ocr_line' id='line_1_15' title="bbox 448 1331 2018 1415; baseline 0.01 -34"><span class='ocrx_word' id='word_1_97' title='bbox 448 1346 627 1400; x_wconf 80' lang='grc' dir='ltr'>μενον,</span> <span class='ocrx_word' id='word_1_98' title='bbox 666 1331 724 1395; x_wconf 82' lang='grc' dir='ltr'>ὃς</span> <span class='ocrx_word' id='word_1_99' title='bbox 757 1333 859 1387; x_wconf 82' lang='grc' dir='ltr'><strong>ὑπὸ</strong></span> <span class='ocrx_word' id='word_1_100' title='bbox 888 1334 1179 1408; x_wconf 84' lang='grc' dir='ltr'>βαρϐάρων</span> <span class='ocrx_word' id='word_1_101' title='bbox 1219 1340 1458 1407; x_wconf 80' lang='grc' dir='ltr'>ἐκγόνων</span> <span class='ocrx_word' id='word_1_102' title='bbox 1491 1341 1585 1395; x_wconf 79' lang='grc' dir='ltr'><strong>τοῦ</strong></span> <span class='ocrx_word' id='word_1_103' title='bbox 1612 1342 1837 1414; x_wconf 84' lang='grc' dir='ltr'>Ἰσμαὴλ</span> <span class='ocrx_word' id='word_1_104' title='bbox 1870 1342 2018 1415; x_wconf 86' lang='grc' dir='ltr'>δορυ-</span> 
     </span>
    </p>
   </div>
   <div class='ocr_carea' id='block_1_16' title="bbox 445 1418 2015 1504">
    <p class='ocr_par' dir='ltr' id='par_1_16' title="bbox 445 1418 2015 1504">
     <span class='ocr_line' id='line_1_16' title="bbox 445 1418 2015 1504; baseline 0.02 -38"><span class='ocrx_word' id='word_1_105' title='bbox 445 1418 649 1481; x_wconf 87' lang='grc' dir='ltr'>ά).ωτος</span> <span class='ocrx_word' id='word_1_106' title='bbox 669 1420 957 1491; x_wconf 74' lang='grc' dir='ltr'>ἀπαχθεὶς,</span> <span class='ocrx_word' id='word_1_107' title='bbox 979 1425 1071 1478; x_wconf 72' lang='grc' dir='ltr'><strong>καὶ</strong></span> <span class='ocrx_word' id='word_1_108' title='bbox 1090 1429 1189 1497; x_wconf 82' lang='grc' dir='ltr'>τῆς</span> <span class='ocrx_word' id='word_1_109' title='bbox 1205 1429 1571 1500; x_wconf 80' lang='grc' dir='ltr'>ἐνεγκαμένης</span> <span class='ocrx_word' id='word_1_110' title='bbox 1589 1432 1649 1484; x_wconf 85' lang='grc' dir='ltr'><strong>οὐ</strong></span> <span class='ocrx_word' id='word_1_111' title='bbox 1676 1432 1870 1503; x_wconf 81' lang='grc' dir='ltr'>μικρὸν</span> <span class='ocrx_word' id='word_1_112' title='bbox 1893 1433 2015 1504; x_wconf 79' lang='grc' dir='ltr'>χρό-</span> 
     </span>
    </p>
   </div>
   <div class='ocr_carea' id='block_1_17' title="bbox 445 1512 2017 1596">
    <p class='ocr_par' dir='ltr' id='par_1_17' title="bbox 445 1512 2017 1596">
     <span class='ocr_line' id='line_1_17' title="bbox 445 1512 2017 1596; baseline 0.011 -35"><span class='ocrx_word' id='word_1_113' title='bbox 445 1525 535 1561; x_wconf 87' lang='grc' dir='ltr'><strong>νον</strong></span> <span class='ocrx_word' id='word_1_114' title='bbox 569 1512 876 1582; x_wconf 77' lang='grc' dir='ltr'>χωρισθείς,</span> <span class='ocrx_word' id='word_1_115' title='bbox 918 1515 1053 1585; x_wconf 78' lang='grc' dir='ltr'>πρὸς</span> <span class='ocrx_word' id='word_1_116' title='bbox 1080 1517 1148 1570; x_wconf 88' lang='grc' dir='ltr'><strong>τά</strong></span> <span class='ocrx_word' id='word_1_117' title='bbox 1188 1520 1361 1573; x_wconf 82' lang='grc' dir='ltr'>οἰκεῖα</span> <span class='ocrx_word' id='word_1_118' title='bbox 1390 1521 1755 1587; x_wconf 86' lang='grc' dir='ltr'>παλινοστῶν,</span> <span class='ocrx_word' id='word_1_119' title='bbox 1798 1524 2017 1596; x_wconf 77' lang='grc' dir='ltr'>καὶτῆς</span> 
     </span>
    </p>
   </div>
   <div class='ocr_carea' id='block_1_18' title="bbox 444 1599 2016 1685">
    <p class='ocr_par' dir='ltr' id='par_1_18' title="bbox 444 1599 2016 1685">
     <span class='ocr_line' id='line_1_18' title="bbox 444 1599 2016 1685; baseline 0.01 -33"><span class='ocrx_word' id='word_1_120' title='bbox 444 1599 565 1654; x_wconf 76' lang='grc' dir='ltr'>ὀδοῦ</span> <span class='ocrx_word' id='word_1_121' title='bbox 595 1603 692 1674; x_wconf 86' lang='grc' dir='ltr'>τὴν</span> <span class='ocrx_word' id='word_1_122' title='bbox 718 1604 1050 1662; x_wconf 80' lang='grc' dir='ltr'>λυσιτέλειαν</span> <span class='ocrx_word' id='word_1_123' title='bbox 1088 1610 1299 1678; x_wconf 83' lang='grc' dir='ltr'>ἀγνοῶν</span> <span class='ocrx_word' id='word_1_124' title='bbox 1318 1652 1332 1676; x_wconf 92' lang='grc'><strong>,</strong></span> <span class='ocrx_word' id='word_1_125' title='bbox 1380 1612 1482 1682; x_wconf 79' lang='grc' dir='ltr'><strong>τῆς</strong></span> <span class='ocrx_word' id='word_1_126' title='bbox 1520 1614 1617 1684; x_wconf 87' lang='grc' dir='ltr'>σῆς</span> <span class='ocrx_word' id='word_1_127' title='bbox 1648 1614 1804 1684; x_wconf 79' lang='grc' dir='ltr'>ἔτυχε</span> <span class='ocrx_word' id='word_1_128' title='bbox 1836 1631 2016 1685; x_wconf 85' lang='grc' dir='ltr'>παρα-</span> 
     </span>
    </p>
   </div>
   <div class='ocr_carea' id='block_1_19' title="bbox 445 1689 2015 1775">
    <p class='ocr_par' dir='ltr' id='par_1_19' title="bbox 445 1689 2015 1775">
     <span class='ocr_line' id='line_1_19' title="bbox 445 1689 2015 1775; baseline 0.017 -34"><span class='ocrx_word' id='word_1_129' title='bbox 445 1689 597 1755; x_wconf 79' lang='grc' dir='ltr'>δόξου</span> <span class='ocrx_word' id='word_1_130' title='bbox 628 1694 969 1761; x_wconf 87' lang='grc' dir='ltr'>ἐπιστασίας,</span> <span class='ocrx_word' id='word_1_131' title='bbox 1017 1699 1111 1751; x_wconf 77' lang='grc' dir='ltr'><strong>καὶ</strong></span> <span class='ocrx_word' id='word_1_132' title='bbox 1162 1700 1260 1771; x_wconf 84' lang='grc' dir='ltr'>τὴν</span> <span class='ocrx_word' id='word_1_133' title='bbox 1307 1702 1425 1756; x_wconf 83' lang='grc' dir='ltr'>ὁδὸν</span> <span class='ocrx_word' id='word_1_134' title='bbox 1458 1703 1705 1774; x_wconf 80' lang='grc' dir='ltr'><strong>ἐδιδάχθη</strong></span> <span class='ocrx_word' id='word_1_135' title='bbox 1751 1703 1850 1775; x_wconf 82' lang='grc' dir='ltr'><strong>τὴν</strong></span> <span class='ocrx_word' id='word_1_136' title='bbox 1880 1704 2015 1774; x_wconf 72' lang='grc' dir='ltr'>πρὸς</span> 
     </span>
    </p>
   </div>
   <div class='ocr_carea' id='block_1_20' title="bbox 447 1771 2090 1867">
    <p class='ocr_par' dir='ltr' id='par_1_20' title="bbox 447 1771 2090 1867">
     <span class='ocr_line' id='line_1_20' title="bbox 447 1771 2090 1867; baseline 0.009 -34"><span class='ocrx_word' id='word_1_137' title='bbox 447 1781 702 1837; x_wconf 82' lang='grc' dir='ltr'>διάσωσιν</span> <span class='ocrx_word' id='word_1_138' title='bbox 724 1787 922 1856; x_wconf 82' lang='grc' dir='ltr'>μᾶλλον</span> <span class='ocrx_word' id='word_1_139' title='bbox 950 1791 1280 1862; x_wconf 78' lang='grc' dir='ltr'>ἐπιτηδείαν,</span> <span class='ocrx_word' id='word_1_140' title='bbox 1298 1795 1391 1847; x_wconf 77' lang='grc' dir='ltr'><strong>καὶ</strong></span> <span class='ocrx_word' id='word_1_141' title='bbox 1425 1793 1519 1848; x_wconf 82' lang='grc' dir='ltr'>τοῦ</span> <span class='ocrx_word' id='word_1_142' title='bbox 1556 1771 1761 1849; x_wconf 74' lang='grc' dir='ltr'>σκοποῦ</span> <span class='ocrx_word' id='word_1_143' title='bbox 1787 1771 1862 1860; x_wconf 79' lang='grc' dir='ltr'><strong>ῶς</strong></span> <span class='ocrx_word' id='word_1_144' title='bbox 1884 1771 2015 1867; x_wconf 88' lang='grc' dir='ltr'>ἀλη-</span> <span class='ocrx_word' id='word_1_145' title='bbox 2048 1771 2090 1826; x_wconf 71' lang='grc' dir='ltr'><strong>Β</strong></span> 
     </span>
    </p>
   </div>
   <div class='ocr_carea' id='block_1_21' title="bbox 449 1873 2016 1957">
    <p class='ocr_par' dir='ltr' id='par_1_21' title="bbox 449 1873 2016 1957">
     <span class='ocr_line' id='line_1_21' title="bbox 449 1873 2016 1957; baseline 0.01 -33"><span class='ocrx_word' id='word_1_146' title='bbox 449 1873 559 1937; x_wconf 89' lang='grc' dir='ltr'><strong>θῶς</strong></span> <span class='ocrx_word' id='word_1_147' title='bbox 584 1875 643 1927; x_wconf 90' lang='grc' dir='ltr'><strong>ού</strong></span> <span class='ocrx_word' id='word_1_148' title='bbox 672 1874 970 1949; x_wconf 86' lang='grc' dir='ltr'>διήμαρτε.</span> <span class='ocrx_word' id='word_1_149' title='bbox 1010 1881 1118 1934; x_wconf 75' lang='grc' dir='ltr'>Ναὶ</span> <span class='ocrx_word' id='word_1_150' title='bbox 1150 1883 1256 1953; x_wconf 85' lang='grc' dir='ltr'>μὴν</span> <span class='ocrx_word' id='word_1_151' title='bbox 1290 1884 1382 1937; x_wconf 81' lang='grc' dir='ltr'><strong>καὶ</strong></span> <span class='ocrx_word' id='word_1_152' title='bbox 1405 1885 1485 1947; x_wconf 87' lang='grc' dir='ltr'><strong>εἰς</strong></span> <span class='ocrx_word' id='word_1_153' title='bbox 1517 1885 1647 1938; x_wconf 81' lang='grc' dir='ltr'>αὐτὸ</span> <span class='ocrx_word' id='word_1_154' title='bbox 1678 1887 2016 1957; x_wconf 81' lang='grc' dir='ltr'>καταντήσας</span> 
     </span>
    </p>
   </div>
   <div class='ocr_carea' id='block_1_22' title="bbox 447 1964 2019 2047">
    <p class='ocr_par' dir='ltr' id='par_1_22' title="bbox 447 1964 2019 2047">
     <span class='ocr_line' id='line_1_22' title="bbox 447 1964 2019 2047; baseline 0.01 -31"><span class='ocrx_word' id='word_1_155' title='bbox 447 1964 553 2018; x_wconf 87' lang='grc' dir='ltr'><strong>τῶν</strong></span> <span class='ocrx_word' id='word_1_156' title='bbox 584 1967 839 2023; x_wconf 85' lang='grc' dir='ltr'>κινδύνων</span> <span class='ocrx_word' id='word_1_157' title='bbox 864 1969 926 2022; x_wconf 85' lang='grc' dir='ltr'><strong>τὸ</strong></span> <span class='ocrx_word' id='word_1_158' title='bbox 947 1971 1132 2043; x_wconf 83' lang='grc' dir='ltr'>ἄκρον,</span> <span class='ocrx_word' id='word_1_159' title='bbox 1155 1973 1248 2026; x_wconf 76' lang='grc' dir='ltr'><strong>καὶ</strong></span> <span class='ocrx_word' id='word_1_160' title='bbox 1272 1973 1495 2029; x_wconf 90' lang='grc' dir='ltr'>θάνατον</span> <span class='ocrx_word' id='word_1_161' title='bbox 1515 1977 1883 2047; x_wconf 84' lang='grc' dir='ltr'>ἐκδεχόμενος,</span> <span class='ocrx_word' id='word_1_162' title='bbox 1914 1977 2019 2031; x_wconf 82' lang='grc' dir='ltr'><strong>ὑπὸ</strong></span> 
     </span>
    </p>
   </div>
   <div class='ocr_carea' id='block_1_23' title="bbox 445 2058 2020 2141">
    <p class='ocr_par' dir='ltr' id='par_1_23' title="bbox 445 2058 2020 2141">
     <span class='ocr_line' id='line_1_23' title="bbox 445 2058 2020 2141; baseline 0.008 -32"><span class='ocrx_word' id='word_1_163' title='bbox 445 2058 710 2128; x_wconf 78' lang='grc' dir='ltr'>ἐπηρείας</span> <span class='ocrx_word' id='word_1_164' title='bbox 733 2060 870 2114; x_wconf 73' lang='grc' dir='ltr'><strong>κατά</strong></span> <span class='ocrx_word' id='word_1_165' title='bbox 888 2062 986 2131; x_wconf 84' lang='grc' dir='ltr'>τὴν</span> <span class='ocrx_word' id='word_1_166' title='bbox 1006 2063 1122 2117; x_wconf 83' lang='grc' dir='ltr'>ὁδὸν</span> <span class='ocrx_word' id='word_1_167' title='bbox 1145 2064 1782 2141; x_wconf 35' lang='grc' dir='ltr'>βαρϐαρικῆς-στενωθεὶς</span> <span class='ocrx_word' id='word_1_168' title='bbox 1797 2108 1810 2132; x_wconf 93' lang='grc'><strong>,</strong></span> <span class='ocrx_word' id='word_1_169' title='bbox 1834 2068 1909 2129; x_wconf 73' lang='grc' dir='ltr'>ὡς</span> <span class='ocrx_word' id='word_1_170' title='bbox 1930 2070 2020 2140; x_wconf 82' lang='grc' dir='ltr'>μό·-</span> 
     </span>
    </p>
   </div>
   <div class='ocr_carea' id='block_1_24' title="bbox 445 2150 2017 2229">
    <p class='ocr_par' dir='ltr' id='par_1_24' title="bbox 445 2150 2017 2229">
     <span class='ocr_line' id='line_1_24' title="bbox 445 2150 2017 2229; baseline 0.008 -28"><span class='ocrx_word' id='word_1_171' title='bbox 445 2166 534 2202; x_wconf 90' lang='grc' dir='ltr'><strong>νον</strong></span> <span class='ocrx_word' id='word_1_172' title='bbox 556 2150 653 2220; x_wconf 85' lang='grc' dir='ltr'>τῆς</span> <span class='ocrx_word' id='word_1_173' title='bbox 680 2151 780 2220; x_wconf 80' lang='grc' dir='ltr'>σῆς</span> <span class='ocrx_word' id='word_1_174' title='bbox 804 2154 1119 2225; x_wconf 85' lang='grc' dir='ltr'>ἐπεμνήσθη</span> <span class='ocrx_word' id='word_1_175' title='bbox 1149 2157 1542 2229; x_wconf 83' lang='grc' dir='ltr'>προσηγορίας,</span> <span class='ocrx_word' id='word_1_176' title='bbox 1566 2160 1832 2213; x_wconf 82' lang='grc' dir='ltr'>ἐπειπών·</span> <span class='ocrx_word' id='word_1_177' title='bbox 1863 2161 2017 2229; x_wconf 80' lang='grc' dir='ltr'>’Ἂγιε</span> 
     </span>
    </p>
   </div>
   <div class='ocr_carea' id='block_1_25' title="bbox 459 2239 2018 2319">
    <p class='ocr_par' dir='ltr' id='par_1_25' title="bbox 459 2239 2018 2319">
     <span class='ocr_line' id='line_1_25' title="bbox 459 2239 2018 2319; baseline 0.008 -27"><span class='ocrx_word' id='word_1_178' title='bbox 459 2239 718 2311; x_wconf 71' lang='grc' dir='ltr'>Ἐιρραῒμ,</span> <span class='ocrx_word' id='word_1_179' title='bbox 753 2243 935 2313; x_wconf 85' lang='grc' dir='ltr'>βοήθει</span> <span class='ocrx_word' id='word_1_180' title='bbox 972 2262 1087 2317; x_wconf 69' lang='grc' dir='ltr'>μοι.</span> <span class='ocrx_word' id='word_1_181' title='bbox 1120 2247 1231 2300; x_wconf 75' lang='grc' dir='ltr'><strong>Καὶ</strong></span> <span class='ocrx_word' id='word_1_182' title='bbox 1252 2247 1352 2318; x_wconf 79' lang='grc' dir='ltr'>τὴν</span> <span class='ocrx_word' id='word_1_183' title='bbox 1379 2248 1584 2319; x_wconf 81' lang='grc' dir='ltr'>πλάνην</span> <span class='ocrx_word' id='word_1_184' title='bbox 1616 2251 1724 2305; x_wconf 90' lang='grc' dir='ltr'><strong>τῶν</strong></span> <span class='ocrx_word' id='word_1_185' title='bbox 1760 2251 2018 2305; x_wconf 89' lang='grc' dir='ltr'>κινδύνων</span> 
     </span>
    </p>
   </div>
   <div class='ocr_carea' id='block_1_26' title="bbox 446 2331 2019 2413">
    <p class='ocr_par' dir='ltr' id='par_1_26' title="bbox 446 2331 2019 2413">
     <span class='ocr_line' id='line_1_26' title="bbox 446 2331 2019 2413; baseline 0.009 -31"><span class='ocrx_word' id='word_1_186' title='bbox 446 2331 694 2396; x_wconf 87' lang='grc' dir='ltr'>ἀϐλαϐῶς</span> <span class='ocrx_word' id='word_1_187' title='bbox 719 2335 957 2406; x_wconf 84' lang='grc' dir='ltr'>ὑπερέϐη</span> <span class='ocrx_word' id='word_1_188' title='bbox 976 2376 991 2399; x_wconf 86' lang='grc'><strong>,</strong></span> <span class='ocrx_word' id='word_1_189' title='bbox 1038 2339 1132 2391; x_wconf 79' lang='grc' dir='ltr'><strong>καὶ</strong></span> <span class='ocrx_word' id='word_1_190' title='bbox 1162 2338 1254 2392; x_wconf 82' lang='grc' dir='ltr'>τοῦ</span> <span class='ocrx_word' id='word_1_191' title='bbox 1291 2339 1454 2409; x_wconf 76' lang='grc' dir='ltr'>φόϐου</span> <span class='ocrx_word' id='word_1_192' title='bbox 1485 2342 1855 2413; x_wconf 77' lang='grc' dir='ltr'>κατεφρόνησε</span> <span class='ocrx_word' id='word_1_193' title='bbox 1875 2383 1890 2408; x_wconf 90' lang='grc'><strong>,</strong></span> <span class='ocrx_word' id='word_1_194' title='bbox 1926 2343 2019 2396; x_wconf 83' lang='grc' dir='ltr'><strong>καὶ</strong></span> 
     </span>
    </p>
   </div>
   <div class='ocr_carea' id='block_1_27' title="bbox 448 2424 2018 2506">
    <p class='ocr_par' dir='ltr' id='par_1_27' title="bbox 448 2424 2018 2506">
     <span class='ocr_line' id='line_1_27' title="bbox 448 2424 2018 2506; baseline 0.01 -33"><span class='ocrx_word' id='word_1_195' title='bbox 448 2424 719 2493; x_wconf 87' lang='grc' dir='ltr'>σωτηρίας</span> <span class='ocrx_word' id='word_1_196' title='bbox 748 2426 888 2497; x_wconf 82' lang='grc' dir='ltr'><strong>ὺπέρ</strong></span> <span class='ocrx_word' id='word_1_197' title='bbox 917 2427 1040 2481; x_wconf 85' lang='grc' dir='ltr'>νοῦν</span> <span class='ocrx_word' id='word_1_198' title='bbox 1062 2430 1345 2500; x_wconf 84' lang='grc' dir='ltr'>τετύχηκε,</span> <span class='ocrx_word' id='word_1_199' title='bbox 1386 2432 1479 2486; x_wconf 85' lang='grc' dir='ltr'><strong>καί</strong></span> <span class='ocrx_word' id='word_1_200' title='bbox 1510 2436 1576 2504; x_wconf 78' lang='grc' dir='ltr'>τῇ</span> <span class='ocrx_word' id='word_1_201' title='bbox 1623 2434 1845 2504; x_wconf 87' lang='grc' dir='ltr'>πατρίδι</span> <span class='ocrx_word' id='word_1_202' title='bbox 1886 2436 2018 2506; x_wconf 82' lang='grc' dir='ltr'>παρ’</span> 
     </span>
    </p>
   </div>
   <div class='ocr_carea' id='block_1_28' title="bbox 445 2515 2022 2596">
    <p class='ocr_par' dir='ltr' id='par_1_28' title="bbox 445 2515 2022 2596">
     <span class='ocr_line' id='line_1_28' title="bbox 445 2515 2022 2596; baseline 0.008 -29"><span class='ocrx_word' id='word_1_203' title='bbox 445 2515 635 2569; x_wconf 84' lang='grc' dir='ltr'>ἐλπίδα</span> <span class='ocrx_word' id='word_1_204' title='bbox 679 2518 781 2570; x_wconf 83' lang='grc' dir='ltr'><strong>ὑπὸ</strong></span> <span class='ocrx_word' id='word_1_205' title='bbox 823 2519 920 2590; x_wconf 84' lang='grc' dir='ltr'>τῆς</span> <span class='ocrx_word' id='word_1_206' title='bbox 969 2521 1067 2589; x_wconf 84' lang='grc' dir='ltr'><strong>σῆς</strong></span> <span class='ocrx_word' id='word_1_207' title='bbox 1133 2523 1388 2592; x_wconf 85' lang='grc' dir='ltr'>προνοίας</span> <span class='ocrx_word' id='word_1_208' title='bbox 1434 2526 1837 2596; x_wconf 84' lang='grc' dir='ltr'>φρουρούμενος</span> <span class='ocrx_word' id='word_1_209' title='bbox 1895 2527 2022 2580; x_wconf 88' lang='grc' dir='ltr'>ἀπο-</span> 
     </span>
    </p>
   </div>
   <div class='ocr_carea' id='block_1_29' title="bbox 444 2605 2020 2689">
    <p class='ocr_par' dir='ltr' id='par_1_29' title="bbox 444 2605 2020 2689">
     <span class='ocr_line' id='line_1_29' title="bbox 444 2605 2020 2689; baseline 0.009 -32"><span class='ocrx_word' id='word_1_210' title='bbox 444 2605 675 2660; x_wconf 80' lang='grc' dir='ltr'>δέδοται.</span> <span class='ocrx_word' id='word_1_211' title='bbox 712 2607 836 2662; x_wconf 69' lang='grc' dir='ltr'><strong>⁸Διά</strong></span> <span class='ocrx_word' id='word_1_212' title='bbox 882 2610 1069 2675; x_wconf 83' lang='grc' dir='ltr'>τοῦτο,</span> <span class='ocrx_word' id='word_1_213' title='bbox 1127 2615 1207 2677; x_wconf 87' lang='grc' dir='ltr'>εἰς</span> <span class='ocrx_word' id='word_1_214' title='bbox 1239 2613 1308 2667; x_wconf 80' lang='grc' dir='ltr'>τὰ</span> <span class='ocrx_word' id='word_1_215' title='bbox 1340 2616 1714 2686; x_wconf 83' lang='grc' dir='ltr'>προειρημένα</span> <span class='ocrx_word' id='word_1_216' title='bbox 1743 2619 2020 2689; x_wconf 83' lang='grc' dir='ltr'>προτεῖναι</span> 
     </span>
    </p>
   </div>
   <div class='ocr_carea' id='block_1_30' title="bbox 446 2696 2022 2777">
    <p class='ocr_par' dir='ltr' id='par_1_30' title="bbox 446 2696 2022 2777">
     <span class='ocr_line' id='line_1_30' title="bbox 446 2696 2022 2777; baseline 0.01 -30"><span class='ocrx_word' id='word_1_217' title='bbox 446 2696 874 2768; x_wconf 83' lang='grc' dir='ltr'>ἐκτατικώτερον</span> <span class='ocrx_word' id='word_1_218' title='bbox 908 2700 1305 2776; x_wconf 83' lang='grc' dir='ltr'>ἐτολμήσαμεν,</span> <span class='ocrx_word' id='word_1_219' title='bbox 1358 2706 1451 2759; x_wconf 78' lang='grc' dir='ltr'>καὶ</span> <span class='ocrx_word' id='word_1_220' title='bbox 1492 2705 1600 2759; x_wconf 88' lang='grc' dir='ltr'><strong>τῶν</strong></span> <span class='ocrx_word' id='word_1_221' title='bbox 1650 2706 1887 2761; x_wconf 88' lang='grc' dir='ltr'>ἐπαίνων</span> <span class='ocrx_word' id='word_1_222' title='bbox 1926 2710 2022 2777; x_wconf 82' lang='grc' dir='ltr'><strong>ἐφ-</strong></span> 
     </span>
    </p>
   </div>
   <div class='ocr_carea' id='block_1_31' title="bbox 447 2786 2020 2866">
    <p class='ocr_par' dir='ltr' id='par_1_31' title="bbox 447 2786 2020 2866">
     <span class='ocr_line' id='line_1_31' title="bbox 447 2786 2020 2866; baseline 0.008 -26"><span class='ocrx_word' id='word_1_223' title='bbox 447 2786 687 2855; x_wconf 62' lang='grc' dir='ltr'>άιξκασθαι</span> <span class='ocrx_word' id='word_1_224' title='bbox 737 2790 1068 2861; x_wconf 86' lang='grc' dir='ltr'>ἀκαθάρτοις</span> <span class='ocrx_word' id='word_1_225' title='bbox 1112 2793 1486 2865; x_wconf 86' lang='grc' dir='ltr'>ἐτολμήσαμεν</span> <span class='ocrx_word' id='word_1_226' title='bbox 1517 2796 1769 2866; x_wconf 85' lang='grc' dir='ltr'>χείλεσιν.</span> <span class='ocrx_word' id='word_1_227' title='bbox 1821 2799 1931 2851; x_wconf 76' lang='grc' dir='ltr'><strong>Καὶ</strong></span> <span class='ocrx_word' id='word_1_228' title='bbox 1971 2802 2020 2854; x_wconf 82' lang='grc' dir='ltr'><strong>εἰ</strong></span> 
     </span>
    </p>
   </div>
   <div class='ocr_carea' id='block_1_32' title="bbox 449 2875 2017 2955">
    <p class='ocr_par' dir='ltr' id='par_1_32' title="bbox 449 2875 2017 2955">
     <span class='ocr_line' id='line_1_32' title="bbox 449 2875 2017 2955; baseline 0.01 -29"><span class='ocrx_word' id='word_1_229' title='bbox 449 2875 548 2944; x_wconf 76' lang='grc' dir='ltr'><strong>μὲν</strong></span> <span class='ocrx_word' id='word_1_230' title='bbox 572 2876 722 2947; x_wconf 79' lang='grc' dir='ltr'>παρὰ</span> <span class='ocrx_word' id='word_1_231' title='bbox 750 2878 883 2933; x_wconf 86' lang='grc' dir='ltr'>πολὺ</span> <span class='ocrx_word' id='word_1_232' title='bbox 921 2883 1013 2935; x_wconf 81' lang='grc' dir='ltr'>τοῦ</span> <span class='ocrx_word' id='word_1_233' title='bbox 1054 2883 1264 2947; x_wconf 86' lang='grc' dir='ltr'>δέοντος</span> <span class='ocrx_word' id='word_1_234' title='bbox 1291 2884 1524 2955; x_wconf 71' lang='grc' dir='ltr'>ἤλθομεν</span> <span class='ocrx_word' id='word_1_235' title='bbox 1560 2886 1618 2938; x_wconf 89' lang='grc' dir='ltr'><strong>ἐν</strong></span> <span class='ocrx_word' id='word_1_236' title='bbox 1670 2888 1782 2951; x_wconf 87' lang='grc' dir='ltr'>τοῖς</span> <span class='ocrx_word' id='word_1_237' title='bbox 1822 2887 2017 2955; x_wconf 83' lang='grc' dir='ltr'>λόγοις,</span> 
     </span>
    </p>
   </div>
   <div class='ocr_carea' id='block_1_33' title="bbox 447 2965 2018 3049">
    <p class='ocr_par' dir='ltr' id='par_1_33' title="bbox 447 2965 2018 3049">
     <span class='ocr_line' id='line_1_33' title="bbox 447 2965 2018 3049; baseline 0.01 -33"><span class='ocrx_word' id='word_1_238' title='bbox 447 2965 616 3018; x_wconf 73' lang='grc' dir='ltr'>αἴτιον</span> <span class='ocrx_word' id='word_1_239' title='bbox 647 2967 705 3019; x_wconf 85' lang='grc' dir='ltr'>σὲ</span> <span class='ocrx_word' id='word_1_240' title='bbox 751 2972 1075 3040; x_wconf 85' lang='grc' dir='ltr'>γεγενῆσθαι</span> <span class='ocrx_word' id='word_1_241' title='bbox 1110 2975 1211 3045; x_wconf 79' lang='grc' dir='ltr'><strong>τῆς</strong></span> <span class='ocrx_word' id='word_1_242' title='bbox 1250 2974 1534 3044; x_wconf 85' lang='grc' dir='ltr'>ὲπιτυχίας</span> <span class='ocrx_word' id='word_1_243' title='bbox 1579 2976 2018 3049; x_wconf 58' lang='grc' dir='ltr'>στηλογραςήσοο</span> 
     </span>
    </p>
   </div>
   <div class='ocr_carea' id='block_1_34' title="bbox 451 3059 2021 3155">
    <p class='ocr_par' dir='ltr' id='par_1_34' title="bbox 451 3059 2021 3155">
     <span class='ocr_line' id='line_1_34' title="bbox 451 3059 2021 3155; baseline 0.011 -48"><span class='ocrx_word' id='word_1_244' title='bbox 451 3073 571 3155; x_wconf 68' lang='grc' dir='ltr'>μεν,</span> <span class='ocrx_word' id='word_1_245' title='bbox 620 3059 714 3155; x_wconf 60' lang='grc' dir='ltr'><strong>καὶ</strong></span> <span class='ocrx_word' id='word_1_246' title='bbox 747 3063 839 3155; x_wconf 36' lang='lat' dir='ltr'><strong>cro—1‘</strong></span> <span class='ocrx_word' id='word_1_247' title='bbox 864 3063 983 3155; x_wconf 54' lang='lat' dir='ltr'>1th</span> <span class='ocrx_word' id='word_1_248' title='bbox 1013 3066 1172 3155; x_wconf 87' lang='grc' dir='ltr'>χάριν</span> <span class='ocrx_word' id='word_1_249' title='bbox 1213 3067 1637 3137; x_wconf 74' lang='grc' dir='ltr'>ὁμολογήσομεν.</span> <span class='ocrx_word' id='word_1_250' title='bbox 1701 3071 1761 3122; x_wconf 85' lang='grc' dir='ltr'>Εἰ</span> <span class='ocrx_word' id='word_1_251' title='bbox 1784 3070 1841 3123; x_wconf 86' lang='grc' dir='ltr'>δὲ</span> <span class='ocrx_word' id='word_1_252' title='bbox 1870 3072 2021 3141; x_wconf 79' lang='grc' dir='ltr'>παρὰ</span> 
     </span>
    </p>
   </div>
   <div class='ocr_carea' id='block_1_35' title="bbox 449 3145 2023 3221">
    <p class='ocr_par' dir='ltr' id='par_1_35' title="bbox 449 3145 2023 3221">
     <span class='ocr_line' id='line_1_35' title="bbox 449 3145 2023 3221; baseline 0.013 -27"><span class='ocrx_word' id='word_1_253' title='bbox 449 3145 585 3196; x_wconf 86' lang='grc' dir='ltr'>πολὺ</span> <span class='ocrx_word' id='word_1_254' title='bbox 615 3146 715 3215; x_wconf 79' lang='grc' dir='ltr'>τῆς</span> <span class='ocrx_word' id='word_1_255' title='bbox 751 3148 908 3214; x_wconf 80' lang='grc' dir='ltr'>ἀξίας</span> <span class='ocrx_word' id='word_1_256' title='bbox 939 3153 986 3204; x_wconf 89' lang='grc' dir='ltr'><strong>οί</strong></span> <span class='ocrx_word' id='word_1_257' title='bbox 1022 3152 1252 3219; x_wconf 75' lang='grc' dir='ltr'>ἔπαινοι,</span> <span class='ocrx_word' id='word_1_258' title='bbox 1300 3156 1393 3208; x_wconf 76' lang='grc' dir='ltr'>καὶ</span> <span class='ocrx_word' id='word_1_259' title='bbox 1439 3154 1611 3221; x_wconf 81' lang='grc' dir='ltr'>οὕτως</span> <span class='ocrx_word' id='word_1_260' title='bbox 1657 3158 1817 3212; x_wconf 86' lang='grc' dir='ltr'>πάλιν</span> <span class='ocrx_word' id='word_1_261' title='bbox 1852 3162 2023 3215; x_wconf 81' lang='grc' dir='ltr'>αἴτιον</span> 
     </span>
    </p>
   </div>
   <div class='ocr_carea' id='block_1_36' title="bbox 450 3233 2023 3323">
    <p class='ocr_par' dir='ltr' id='par_1_36' title="bbox 450 3233 2023 3323">
     <span class='ocr_line' id='line_1_36' title="bbox 450 3233 2023 3323; baseline 0.011 -37"><span class='ocrx_word' id='word_1_262' title='bbox 450 3233 513 3287; x_wconf 84' lang='grc' dir='ltr'><strong>σέ</strong></span> <span class='ocrx_word' id='word_1_263' title='bbox 560 3236 659 3306; x_wconf 83' lang='grc' dir='ltr'>τῆς</span> <span class='ocrx_word' id='word_1_264' title='bbox 719 3240 1016 3311; x_wconf 79' lang='grc' dir='ltr'>ἀποτυχίας</span> <span class='ocrx_word' id='word_1_265' title='bbox 1063 3246 1524 3316; x_wconf 84' lang='grc' dir='ltr'>καταιτιασόμεθα</span> <span class='ocrx_word' id='word_1_266' title='bbox 1552 3287 1565 3311; x_wconf 94' lang='grc'><strong>,</strong></span> <span class='ocrx_word' id='word_1_267' title='bbox 1619 3247 1719 3301; x_wconf 87' lang='grc' dir='ltr'><strong>κᾶν</strong></span> <span class='ocrx_word' id='word_1_268' title='bbox 1756 3250 2023 3323; x_wconf 87' lang='grc' dir='ltr'>τολμηρός</span> 
     </span>
    </p>
   </div>
   <div class='ocr_carea' id='block_1_37' title="bbox 449 3328 2022 3410">
    <p class='ocr_par' dir='ltr' id='par_1_37' title="bbox 449 3328 2022 3410">
     <span class='ocr_line' id='line_1_37' title="bbox 449 3328 2022 3410; baseline 0.011 -34"><span class='ocrx_word' id='word_1_269' title='bbox 449 3341 569 3389; x_wconf 89' lang='grc' dir='ltr'><strong>πως</strong></span> <span class='ocrx_word' id='word_1_270' title='bbox 599 3328 628 3379; x_wconf 86' lang='grc' dir='ltr'>ὁ</span> <span class='ocrx_word' id='word_1_271' title='bbox 662 3329 835 3397; x_wconf 88' lang='grc' dir='ltr'>λόγος.</span> <span class='ocrx_word' id='word_1_272' title='bbox 897 3333 966 3388; x_wconf 81' lang='grc' dir='ltr'><strong>Σὺ</strong></span> <span class='ocrx_word' id='word_1_273' title='bbox 1003 3333 1109 3406; x_wconf 87' lang='grc' dir='ltr'><strong>γὰρ</strong></span> <span class='ocrx_word' id='word_1_274' title='bbox 1139 3336 1359 3404; x_wconf 79' lang='grc' dir='ltr'>φεύγειν</span> <span class='ocrx_word' id='word_1_275' title='bbox 1391 3338 1516 3401; x_wconf 79' lang='grc' dir='ltr'>τοὺς</span> <span class='ocrx_word' id='word_1_276' title='bbox 1557 3338 1809 3404; x_wconf 82' lang='grc' dir='ltr'>ἐπαίνους</span> <span class='ocrx_word' id='word_1_277' title='bbox 1841 3340 2022 3410; x_wconf 84' lang='grc' dir='ltr'>βουλό-</span> 
     </span>
    </p>
   </div>
   <div class='ocr_carea' id='block_1_38' title="bbox 455 3422 2025 3500">
    <p class='ocr_par' dir='ltr' id='par_1_38' title="bbox 455 3422 2025 3500">
     <span class='ocr_line' id='line_1_38' title="bbox 455 3422 2025 3500; baseline 0.012 -31"><span class='ocrx_word' id='word_1_278' title='bbox 455 3434 634 3488; x_wconf 89' lang='grc' dir='ltr'>μενος,</span> <span class='ocrx_word' id='word_1_279' title='bbox 682 3422 777 3476; x_wconf 79' lang='grc' dir='ltr'>καὶ</span> <span class='ocrx_word' id='word_1_280' title='bbox 802 3423 877 3486; x_wconf 88' lang='grc' dir='ltr'>ὡς</span> <span class='ocrx_word' id='word_1_281' title='bbox 923 3425 1029 3488; x_wconf 80' lang='grc' dir='ltr'>ζῶν</span> <span class='ocrx_word' id='word_1_282' title='bbox 1071 3428 1128 3480; x_wconf 90' lang='grc' dir='ltr'><strong>ἐν</strong></span> <span class='ocrx_word' id='word_1_283' title='bbox 1168 3428 1290 3498; x_wconf 81' lang='grc' dir='ltr'>βίῳ,</span> <span class='ocrx_word' id='word_1_284' title='bbox 1333 3428 1476 3482; x_wconf 78' lang='grc' dir='ltr'>οὕτω</span> <span class='ocrx_word' id='word_1_285' title='bbox 1503 3429 1597 3483; x_wconf 68' lang='grc' dir='ltr'><strong>καὶ</strong></span> <span class='ocrx_word' id='word_1_286' title='bbox 1638 3434 1912 3500; x_wconf 77' lang='grc' dir='ltr'>μεταστὰς</span> <span class='ocrx_word' id='word_1_287' title='bbox 1936 3449 2025 3487; x_wconf 90' lang='grc' dir='ltr'>τα-</span> 
     </span>
    </p>
   </div>
   <div class='ocr_carea' id='block_1_39' title="bbox 453 3513 2017 3591">
    <p class='ocr_par' dir='ltr' id='par_1_39' title="bbox 453 3513 2017 3591">
     <span class='ocr_line' id='line_1_39' title="bbox 453 3513 2017 3591; baseline 0.012 -33"><span class='ocrx_word' id='word_1_288' title='bbox 453 3514 823 3579; x_wconf 71' lang='grc' dir='ltr'>πεινοφρονεῖν</span> <span class='ocrx_word' id='word_1_289' title='bbox 867 3513 1266 3584; x_wconf 81' lang='grc' dir='ltr'>ἀσπαζόμενος,</span> <span class='ocrx_word' id='word_1_290' title='bbox 1318 3519 1743 3588; x_wconf 77' lang='grc' dir='ltr'>παρεμποδίζεις</span> <span class='ocrx_word' id='word_1_291' title='bbox 1767 3523 1891 3586; x_wconf 83' lang='grc' dir='ltr'>τοὺς</span> <span class='ocrx_word' id='word_1_292' title='bbox 1926 3524 2017 3591; x_wconf 86' lang='grc' dir='ltr'>ἐγ-</span> 
     </span>
    </p>
   </div>
   <div class='ocr_carea' id='block_1_40' title="bbox 455 3601 2021 3679">
    <p class='ocr_par' dir='ltr' id='par_1_40' title="bbox 455 3601 2021 3679">
     <span class='ocr_line' id='line_1_40' title="bbox 455 3601 2021 3679; baseline 0.011 -29"><span class='ocrx_word' id='word_1_293' title='bbox 455 3601 752 3668; x_wconf 80' lang='grc' dir='ltr'>κωμιάζειν</span> <span class='ocrx_word' id='word_1_294' title='bbox 781 3620 838 3656; x_wconf 86' lang='grc' dir='ltr'><strong>σε</strong></span> <span class='ocrx_word' id='word_1_295' title='bbox 864 3604 1129 3670; x_wconf 87' lang='grc' dir='ltr'>θέλοντας.</span> <span class='ocrx_word' id='word_1_296' title='bbox 1165 3608 1308 3679; x_wconf 80' lang='grc' dir='ltr'>Πλὴν</span> <span class='ocrx_word' id='word_1_297' title='bbox 1330 3609 1428 3662; x_wconf 83' lang='grc' dir='ltr'><strong>κάν</strong></span> <span class='ocrx_word' id='word_1_298' title='bbox 1455 3628 1515 3662; x_wconf 88' lang='grc' dir='ltr'><strong>τε</strong></span> <span class='ocrx_word' id='word_1_299' title='bbox 1540 3611 1715 3675; x_wconf 83' lang='grc' dir='ltr'>τοῦτο,</span> <span class='ocrx_word' id='word_1_300' title='bbox 1749 3613 1851 3666; x_wconf 78' lang='grc' dir='ltr'><strong>κάν</strong></span> <span class='ocrx_word' id='word_1_301' title='bbox 1878 3631 1936 3667; x_wconf 88' lang='grc' dir='ltr'><strong>τε</strong></span> <span class='ocrx_word' id='word_1_302' title='bbox 1964 3616 2021 3668; x_wconf 80' lang='grc' dir='ltr'><strong>τὸ</strong></span> 
     </span>
    </p>
   </div>
   <div class='ocr_carea' id='block_1_41' title="bbox 454 3690 2026 3772">
    <p class='ocr_par' dir='ltr' id='par_1_41' title="bbox 454 3690 2026 3772">
     <span class='ocr_line' id='line_1_41' title="bbox 454 3690 2026 3772; baseline 0.008 -29"><span class='ocrx_word' id='word_1_303' title='bbox 454 3690 561 3762; x_wconf 65' lang='grc' dir='ltr'><strong>πρὸ</strong></span> <span class='ocrx_word' id='word_1_304' title='bbox 585 3694 792 3759; x_wconf 75' lang='grc' dir='ltr'>αὐτῶν,</span> <span class='ocrx_word' id='word_1_305' title='bbox 837 3699 999 3767; x_wconf 80' lang='grc' dir='ltr'>ἡμεῖς</span> <span class='ocrx_word' id='word_1_306' title='bbox 1032 3699 1091 3751; x_wconf 87' lang='grc' dir='ltr'>τὸ</span> <span class='ocrx_word' id='word_1_307' title='bbox 1128 3701 1305 3772; x_wconf 84' lang='grc' dir='ltr'>χρέος,</span> <span class='ocrx_word' id='word_1_308' title='bbox 1357 3703 1478 3754; x_wconf 84' lang='grc' dir='ltr'>ὅσον</span> <span class='ocrx_word' id='word_1_309' title='bbox 1513 3702 1592 3764; x_wconf 89' lang='grc' dir='ltr'><strong>εἰς</strong></span> <span class='ocrx_word' id='word_1_310' title='bbox 1639 3702 1897 3772; x_wconf 87' lang='grc' dir='ltr'>δύναμιν,</span> <span class='ocrx_word' id='word_1_311' title='bbox 1924 3703 2026 3772; x_wconf 78' lang='grc' dir='ltr'><strong>ἁφ-</strong></span> 
     </span>
    </p>
   </div>
   <div class='ocr_carea' id='block_1_42' title="bbox 451 3783 2024 3865">
    <p class='ocr_par' dir='ltr' id='par_1_42' title="bbox 451 3783 2024 3865">
     <span class='ocr_line' id='line_1_42' title="bbox 451 3783 2024 3865; baseline 0.011 -31"><span class='ocrx_word' id='word_1_312' title='bbox 451 3783 766 3854; x_wconf 81' lang='grc' dir='ltr'>οσιούμεθα,</span> <span class='ocrx_word' id='word_1_313' title='bbox 825 3789 918 3840; x_wconf 72' lang='grc' dir='ltr'>καὶ</span> <span class='ocrx_word' id='word_1_314' title='bbox 959 3790 1303 3860; x_wconf 87' lang='grc' dir='ltr'>πιστεύομεν,</span> <span class='ocrx_word' id='word_1_315' title='bbox 1348 3792 1423 3854; x_wconf 85' lang='grc' dir='ltr'><strong>ὡς</strong></span> <span class='ocrx_word' id='word_1_316' title='bbox 1470 3792 1576 3845; x_wconf 81' lang='grc' dir='ltr'>οὐδ’</span> <span class='ocrx_word' id='word_1_317' title='bbox 1628 3794 2024 3865; x_wconf 76' lang='grc' dir='ltr'>ἀποστραφήσῃ</span> 
     </span>
    </p>
   </div>
   <div class='ocr_carea' id='block_1_43' title="bbox 452 3876 2025 3955">
    <p class='ocr_par' dir='ltr' id='par_1_43' title="bbox 452 3876 2025 3955">
     <span class='ocr_line' id='line_1_43' title="bbox 452 3876 2025 3955; baseline 0.008 -29"><span class='ocrx_word' id='word_1_318' title='bbox 452 3876 602 3944; x_wconf 74' lang='grc' dir='ltr'>ἡμᾶς</span> <span class='ocrx_word' id='word_1_319' title='bbox 648 3878 773 3941; x_wconf 75' lang='grc' dir='ltr'>τοὺς</span> <span class='ocrx_word' id='word_1_320' title='bbox 816 3878 1048 3951; x_wconf 80' lang='grc' dir='ltr'>θερμοὺς</span> <span class='ocrx_word' id='word_1_321' title='bbox 1095 3882 1501 3955; x_wconf 80' lang='grc' dir='ltr'>φιλοπάτορας·</span> <span class='ocrx_word' id='word_1_322' title='bbox 1558 3883 1672 3937; x_wconf 84' lang='grc' dir='ltr'>ἀλλ’</span> <span class='ocrx_word' id='word_1_323' title='bbox 1701 3885 1776 3947; x_wconf 84' lang='grc' dir='ltr'>ὡς</span> <span class='ocrx_word' id='word_1_324' title='bbox 1824 3885 2025 3938; x_wconf 84' lang='grc' dir='ltr'>παίδων</span> 
     </span>
    </p>
   </div>
   <div class='ocr_carea' id='block_1_44' title="bbox 454 3967 2025 4046">
    <p class='ocr_par' dir='ltr' id='par_1_44' title="bbox 454 3967 2025 4046">
     <span class='ocr_line' id='line_1_44' title="bbox 454 3967 2025 4046; baseline 0.006 -27"><span class='ocrx_word' id='word_1_325' title='bbox 454 3967 724 4039; x_wconf 79' lang='grc' dir='ltr'>προσφιλῆ</span> <span class='ocrx_word' id='word_1_326' title='bbox 764 3969 979 4037; x_wconf 83' lang='grc' dir='ltr'>γονεῦσι</span> <span class='ocrx_word' id='word_1_327' title='bbox 1020 3971 1146 4045; x_wconf 80' lang='grc' dir='ltr'>δέξῃ</span> <span class='ocrx_word' id='word_1_328' title='bbox 1176 3972 1534 4046; x_wconf 68' lang='grc' dir='ltr'>ψελλίσματα.</span> <span class='ocrx_word' id='word_1_329' title='bbox 1589 3977 1660 4029; x_wconf 81' lang='grc' dir='ltr'>Σὺ</span> <span class='ocrx_word' id='word_1_330' title='bbox 1702 3977 1757 4029; x_wconf 84' lang='grc' dir='ltr'><strong>δὲ</strong></span> <span class='ocrx_word' id='word_1_331' title='bbox 1790 3976 1866 4046; x_wconf 79' lang='grc' dir='ltr'><strong>τῷ</strong></span> <span class='ocrx_word' id='word_1_332' title='bbox 1898 3975 2025 4046; x_wconf 83' lang='grc' dir='ltr'>θείῳ</span> 
     </span>
    </p>
   </div>
   <div class='ocr_carea' id='block_1_45' title="bbox 454 4059 2026 4136">
    <p class='ocr_par' dir='ltr' id='par_1_45' title="bbox 454 4059 2026 4136">
     <span class='ocr_line' id='line_1_45' title="bbox 454 4059 2026 4136; baseline 0.007 -28"><span class='ocrx_word' id='word_1_333' title='bbox 454 4059 859 4129; x_wconf 79' lang='grc' dir='ltr'>παριστάμενος</span> <span class='ocrx_word' id='word_1_334' title='bbox 911 4062 1306 4136; x_wconf 81' lang='grc' dir='ltr'>θυσιαστηρίῳ,</span> <span class='ocrx_word' id='word_1_335' title='bbox 1358 4067 1452 4119; x_wconf 67' lang='grc' dir='ltr'><strong>καὶ</strong></span> <span class='ocrx_word' id='word_1_336' title='bbox 1493 4069 1557 4136; x_wconf 83' lang='grc' dir='ltr'>τῇ</span> <span class='ocrx_word' id='word_1_337' title='bbox 1603 4065 1882 4136; x_wconf 81' lang='grc' dir='ltr'>ξωαρχικῇ</span> <span class='ocrx_word' id='word_1_338' title='bbox 1937 4066 2026 4119; x_wconf 78' lang='grc' dir='ltr'><strong>καὶ</strong></span> 
     </span>
    </p>
   </div>
   <div class='ocr_carea' id='block_1_46' title="bbox 455 4148 2026 4225">
    <p class='ocr_par' dir='ltr' id='par_1_46' title="bbox 455 4148 2026 4225">
     <span class='ocr_line' id='line_1_46' title="bbox 455 4148 2026 4225; baseline 0.005 -26"><span class='ocrx_word' id='word_1_339' title='bbox 455 4148 732 4219; x_wconf 71' lang='grc' dir='ltr'>ὑπεραγίᾳ</span> <span class='ocrx_word' id='word_1_340' title='bbox 767 4151 1092 4222; x_wconf 82' lang='grc' dir='ltr'>λειτουργῶν</span> <span class='ocrx_word' id='word_1_341' title='bbox 1124 4155 1218 4206; x_wconf 86' lang='grc' dir='ltr'><strong>σὺν</strong></span> <span class='ocrx_word' id='word_1_342' title='bbox 1245 4155 1497 4222; x_wconf 78' lang='grc' dir='ltr'>ἀγγέλοις</span> <span class='ocrx_word' id='word_1_343' title='bbox 1520 4155 1712 4225; x_wconf 84' lang='grc' dir='ltr'>Τριάδι</span> <span class='ocrx_word' id='word_1_344' title='bbox 1735 4198 1747 4219; x_wconf 89' lang='grc'><strong>,</strong></span> <span class='ocrx_word' id='word_1_345' title='bbox 1781 4155 2026 4224; x_wconf 83' lang='grc' dir='ltr'>μέμνησο</span> 
     </span>
    </p>
   </div>
   <div class='ocr_carea' id='block_1_47' title="bbox 455 4239 2023 4316">
    <p class='ocr_par' dir='ltr' id='par_1_47' title="bbox 455 4239 2023 4316">
     <span class='ocr_line' id='line_1_47' title="bbox 455 4239 2023 4316; baseline 0.004 -27"><span class='ocrx_word' id='word_1_346' title='bbox 455 4239 673 4292; x_wconf 81' lang='grc' dir='ltr'>πάντων</span> <span class='ocrx_word' id='word_1_347' title='bbox 700 4241 875 4311; x_wconf 80' lang='grc' dir='ltr'>ἡμῶν,</span> <span class='ocrx_word' id='word_1_348' title='bbox 895 4242 1208 4311; x_wconf 82' lang='grc' dir='ltr'>αἰτούμενος</span> <span class='ocrx_word' id='word_1_349' title='bbox 1228 4245 1360 4313; x_wconf 85' lang='grc' dir='ltr'>ἡμῖν</span> <span class='ocrx_word' id='word_1_350' title='bbox 1380 4244 1789 4316; x_wconf 82' lang='grc' dir='ltr'>ἁμαρτημάτων</span> <span class='ocrx_word' id='word_1_351' title='bbox 1808 4242 2023 4311; x_wconf 72' lang='grc' dir='ltr'>ἄφεσιν,</span> 
     </span>
    </p>
   </div>
   <div class='ocr_carea' id='block_1_48' title="bbox 456 4329 2022 4405">
    <p class='ocr_par' dir='ltr' id='par_1_48' title="bbox 456 4329 2022 4405">
     <span class='ocr_line' id='line_1_48' title="bbox 456 4329 2022 4405; baseline 0.004 -24"><span class='ocrx_word' id='word_1_352' title='bbox 456 4329 673 4382; x_wconf 87' lang='grc' dir='ltr'>αἰωνίου</span> <span class='ocrx_word' id='word_1_353' title='bbox 703 4348 762 4383; x_wconf 85' lang='grc' dir='ltr'><strong>τε</strong></span> <span class='ocrx_word' id='word_1_354' title='bbox 795 4331 1071 4402; x_wconf 85' lang='grc' dir='ltr'>βασιλείας</span> <span class='ocrx_word' id='word_1_355' title='bbox 1116 4333 1447 4399; x_wconf 86' lang='grc' dir='ltr'>ἀπόλαυσιν,</span> <span class='ocrx_word' id='word_1_356' title='bbox 1482 4337 1539 4388; x_wconf 87' lang='grc' dir='ltr'><strong>ἐν</strong></span> <span class='ocrx_word' id='word_1_357' title='bbox 1579 4335 1799 4405; x_wconf 83' lang='grc' dir='ltr'>Χριστῷ</span> <span class='ocrx_word' id='word_1_358' title='bbox 1850 4332 2022 4404; x_wconf 72' lang='grc' dir='ltr'>Ἰησοῦ</span> 
     </span>
    </p>
   </div>
   <div class='ocr_carea' id='block_1_49' title="bbox 2117 510 3687 590">
    <p class='ocr_par' dir='ltr' id='par_1_49' title="bbox 2117 510 3687 590">
     <span class='ocr_line' id='line_1_49' title="bbox 2117 510 3687 590; baseline -0.008 -15"><span class='ocrx_word' id='word_1_359' title='bbox 2117 530 2407 590; x_wconf 78' lang='lat' dir='ltr'><strong>superatur</strong></span> <span class='ocrx_word' id='word_1_360' title='bbox 2436 522 2459 575; x_wconf 69' lang='grc' dir='ltr'><strong>ί</strong></span> <span class='ocrx_word' id='word_1_361' title='bbox 2502 518 2703 575; x_wconf 73' lang='lat' dir='ltr'><strong>Verum</strong></span> <span class='ocrx_word' id='word_1_362' title='bbox 2739 527 2965 589; x_wconf 87' lang='lat' dir='ltr'><strong>propter</strong></span> <span class='ocrx_word' id='word_1_363' title='bbox 2999 516 3299 571; x_wconf 76' lang='lat' dir='ltr'><strong>viventium</strong></span> <span class='ocrx_word' id='word_1_364' title='bbox 3335 511 3516 581; x_wconf 83' lang='lat' dir='ltr'><strong>potius</strong></span> <span class='ocrx_word' id='word_1_365' title='bbox 3542 510 3687 564; x_wconf 89' lang='lat' dir='ltr'><strong>utili-</strong></span> 
     </span>
    </p>
   </div>
   <div class='ocr_carea' id='block_1_50' title="bbox 2115 598 3685 676">
    <p class='ocr_par' dir='ltr' id='par_1_50' title="bbox 2115 598 3685 676">
     <span class='ocr_line' id='line_1_50' title="bbox 2115 598 3685 676; baseline -0.007 -13"><span class='ocrx_word' id='word_1_366' title='bbox 2115 617 2279 663; x_wconf 90' lang='lat' dir='ltr'><strong>tatem</strong></span> <span class='ocrx_word' id='word_1_367' title='bbox 2311 625 2327 673; x_wconf 87' lang='lat'><strong>;</strong></span> <span class='ocrx_word' id='word_1_368' title='bbox 2364 623 2490 663; x_wconf 91' lang='lat' dir='ltr'><strong>nam</strong></span> <span class='ocrx_word' id='word_1_369' title='bbox 2532 609 2801 663; x_wconf 91' lang='lat' dir='ltr'><strong>bonorum</strong></span> <span class='ocrx_word' id='word_1_370' title='bbox 2853 612 3015 676; x_wconf 90' lang='lat' dir='ltr'><strong>atque</strong></span> <span class='ocrx_word' id='word_1_371' title='bbox 3062 602 3502 673; x_wconf 73' lang='lat' dir='ltr'><strong>praestantiorum</strong></span> <span class='ocrx_word' id='word_1_372' title='bbox 3536 598 3685 654; x_wconf 88' lang='lat' dir='ltr'><strong>viro-</strong></span> 
     </span>
    </p>
   </div>
   <div class='ocr_carea' id='block_1_51' title="bbox 2115 688 3687 764">
    <p class='ocr_par' dir='ltr' id='par_1_51' title="bbox 2115 688 3687 764">
     <span class='ocr_line' id='line_1_51' title="bbox 2115 688 3687 764; baseline -0.007 -12"><span class='ocrx_word' id='word_1_373' title='bbox 2115 712 2237 752; x_wconf 88' lang='lat' dir='ltr'><strong>rum</strong></span> <span class='ocrx_word' id='word_1_374' title='bbox 2276 698 2549 759; x_wconf 86' lang='lat' dir='ltr'><strong>cncomia.</strong></span> <span class='ocrx_word' id='word_1_375' title='bbox 2584 697 2878 751; x_wconf 81' lang='lat' dir='ltr'><strong>maximam</strong></span> <span class='ocrx_word' id='word_1_376' title='bbox 2926 693 3204 764; x_wconf 80' lang='lat' dir='ltr'><strong>plerisque</strong></span> <span class='ocrx_word' id='word_1_377' title='bbox 3258 688 3687 744; x_wconf 88' lang='lat' dir='ltr'><strong>consolationem</strong></span> 
     </span>
    </p>
   </div>
   <div class='ocr_carea' id='block_1_52' title="bbox 2114 778 3687 843">
    <p class='ocr_par' dir='ltr' id='par_1_52' title="bbox 2114 778 3687 843">
     <span class='ocr_line' id='line_1_52' title="bbox 2114 778 3687 843; baseline -0.006 -1"><span class='ocrx_word' id='word_1_378' title='bbox 2114 796 2169 843; x_wconf 88' lang='lat' dir='ltr'><strong>et</strong></span> <span class='ocrx_word' id='word_1_379' title='bbox 2201 788 2633 843; x_wconf 88' lang='lat' dir='ltr'><strong>eohortationem</strong></span> <span class='ocrx_word' id='word_1_380' title='bbox 2688 786 2757 840; x_wconf 90' lang='lat' dir='ltr'><strong>ad</strong></span> <span class='ocrx_word' id='word_1_381' title='bbox 2810 785 3036 841; x_wconf 87' lang='lat' dir='ltr'><strong>meliora</strong></span> <span class='ocrx_word' id='word_1_382' title='bbox 3061 782 3319 838; x_wconf 81' lang='lat' dir='ltr'><strong>afferunt.</strong></span> <span class='ocrx_word' id='word_1_383' title='bbox 3352 778 3504 834; x_wconf 76' lang='lat' dir='ltr'><strong>lianc</strong></span> <span class='ocrx_word' id='word_1_384' title='bbox 3557 793 3687 833; x_wconf 86' lang='lat' dir='ltr'><strong>vero</strong></span> 
     </span>
    </p>
   </div>
   <div class='ocr_carea' id='block_1_53' title="bbox 2114 872 3689 950">
    <p class='ocr_par' dir='ltr' id='par_1_53' title="bbox 2114 872 3689 950">
     <span class='ocr_line' id='line_1_53' title="bbox 2114 872 3689 950; baseline -0.008 -16"><span class='ocrx_word' id='word_1_385' title='bbox 2114 879 2372 935; x_wconf 88' lang='lat' dir='ltr'><strong>laudandi</strong></span> <span class='ocrx_word' id='word_1_386' title='bbox 2411 877 2752 950; x_wconf 81' lang='lat' dir='ltr'><strong>provinciam</strong></span> <span class='ocrx_word' id='word_1_387' title='bbox 2785 875 3022 930; x_wconf 87' lang='lat' dir='ltr'><strong>alacrius</strong></span> <span class='ocrx_word' id='word_1_388' title='bbox 3050 872 3413 943; x_wconf 84' lang='lat' dir='ltr'><strong>suscepimus,</strong></span> <span class='ocrx_word' id='word_1_389' title='bbox 3446 884 3571 924; x_wconf 89' lang='lat' dir='ltr'><strong>cum</strong></span> <span class='ocrx_word' id='word_1_390' title='bbox 3601 884 3689 922; x_wconf 89' lang='lat' dir='ltr'><strong>va-</strong></span> 
     </span>
    </p>
   </div>
   <div class='ocr_carea' id='block_1_54' title="bbox 2114 960 3689 1035">
    <p class='ocr_par' dir='ltr' id='par_1_54' title="bbox 2114 960 3689 1035">
     <span class='ocr_line' id='line_1_54' title="bbox 2114 960 3689 1035; baseline -0.008 -10"><span class='ocrx_word' id='word_1_391' title='bbox 2114 972 2213 1026; x_wconf 89' lang='lat' dir='ltr'><strong>riis</strong></span> <span class='ocrx_word' id='word_1_392' title='bbox 2239 971 2363 1026; x_wconf 88' lang='lat' dir='ltr'><strong>aliis</strong></span> <span class='ocrx_word' id='word_1_393' title='bbox 2397 970 2614 1024; x_wconf 85' lang='lat' dir='ltr'><strong>adducti</strong></span> <span class='ocrx_word' id='word_1_394' title='bbox 2651 967 2991 1026; x_wconf 87' lang='lat' dir='ltr'><strong>rationibus.</strong></span> <span class='ocrx_word' id='word_1_395' title='bbox 3020 971 3215 1035; x_wconf 74' lang='lat' dir='ltr'><strong>praeter</strong></span> <span class='ocrx_word' id='word_1_396' title='bbox 3245 963 3368 1017; x_wconf 61' lang='lat' dir='ltr'><strong>vita:</strong></span> <span class='ocrx_word' id='word_1_397' title='bbox 3397 960 3689 1017; x_wconf 75' lang='lat' dir='ltr'><strong>doctrina:-</strong></span> 
     </span>
    </p>
   </div>
   <div class='ocr_carea' id='block_1_55' title="bbox 2114 1052 3687 1131">
    <p class='ocr_par' dir='ltr' id='par_1_55' title="bbox 2114 1052 3687 1131">
     <span class='ocr_line' id='line_1_55' title="bbox 2114 1052 3687 1131; baseline -0.008 -16"><span class='ocrx_word' id='word_1_398' title='bbox 2114 1076 2220 1131; x_wconf 86' lang='lat' dir='ltr'><strong>que</strong></span> <span class='ocrx_word' id='word_1_399' title='bbox 2248 1069 2356 1115; x_wconf 72' lang='lat' dir='ltr'><strong>tua:</strong></span> <span class='ocrx_word' id='word_1_400' title='bbox 2386 1060 2581 1113; x_wconf 77' lang='lat' dir='ltr'><strong>famam</strong></span> <span class='ocrx_word' id='word_1_401' title='bbox 2610 1066 2723 1113; x_wconf 91' lang='lat' dir='ltr'><strong>toto</strong></span> <span class='ocrx_word' id='word_1_402' title='bbox 2765 1064 3035 1112; x_wconf 90' lang='lat' dir='ltr'><strong>terrarum</strong></span> <span class='ocrx_word' id='word_1_403' title='bbox 3071 1056 3204 1109; x_wconf 88' lang='lat' dir='ltr'><strong>orbe</strong></span> <span class='ocrx_word' id='word_1_404' title='bbox 3233 1052 3644 1109; x_wconf 86' lang='lat' dir='ltr'><strong>celeberrimam</strong></span> <span class='ocrx_word' id='word_1_405' title='bbox 3671 1067 3687 1117; x_wconf 90' lang='lat'><strong>;</strong></span> 
     </span>
    </p>
   </div>
   <div class='ocr_carea' id='block_1_56' title="bbox 2114 1142 3690 1221">
    <p class='ocr_par' dir='ltr' id='par_1_56' title="bbox 2114 1142 3690 1221">
     <span class='ocr_line' id='line_1_56' title="bbox 2114 1142 3690 1221; baseline -0.008 -14"><span class='ocrx_word' id='word_1_406' title='bbox 2114 1162 2230 1207; x_wconf 93' lang='lat' dir='ltr'><strong>tum</strong></span> <span class='ocrx_word' id='word_1_407' title='bbox 2264 1168 2393 1207; x_wconf 90' lang='lat' dir='ltr'><strong>cura</strong></span> <span class='ocrx_word' id='word_1_408' title='bbox 2434 1152 2526 1206; x_wconf 88' lang='lat' dir='ltr'><strong>illa</strong></span> <span class='ocrx_word' id='word_1_409' title='bbox 2557 1194 2571 1218; x_wconf 93' lang='lat'><strong>,</strong></span> <span class='ocrx_word' id='word_1_410' title='bbox 2618 1165 2781 1221; x_wconf 85' lang='lat' dir='ltr'><strong>quam</strong></span> <span class='ocrx_word' id='word_1_411' title='bbox 2813 1149 2869 1202; x_wconf 91' lang='lat' dir='ltr'><strong>in</strong></span> <span class='ocrx_word' id='word_1_412' title='bbox 2914 1147 3135 1201; x_wconf 81' lang='lat' dir='ltr'><strong>homine</strong></span> <span class='ocrx_word' id='word_1_413' title='bbox 3159 1144 3403 1214; x_wconf 88' lang='lat' dir='ltr'><strong>ejusdem</strong></span> <span class='ocrx_word' id='word_1_414' title='bbox 3453 1142 3690 1198; x_wconf 88' lang='lat' dir='ltr'><strong>nominis</strong></span> 
     </span>
    </p>
   </div>
   <div class='ocr_carea' id='block_1_57' title="bbox 2114 1231 3692 1306">
    <p class='ocr_par' dir='ltr' id='par_1_57' title="bbox 2114 1231 3692 1306">
     <span class='ocr_line' id='line_1_57' title="bbox 2114 1231 3692 1306; baseline -0.006 -10"><span class='ocrx_word' id='word_1_415' title='bbox 2114 1243 2401 1298; x_wconf 86' lang='lat' dir='ltr'><strong>liberaudo</strong></span> <span class='ocrx_word' id='word_1_416' title='bbox 2437 1241 2756 1296; x_wconf 86' lang='lat' dir='ltr'><strong>adhibuisti.</strong></span> <span class='ocrx_word' id='word_1_417' title='bbox 2816 1238 2912 1293; x_wconf 92' lang='lat' dir='ltr'><strong>llle</strong></span> <span class='ocrx_word' id='word_1_418' title='bbox 2953 1234 3225 1306; x_wconf 90' lang='lat' dir='ltr'><strong>siquidem</strong></span> <span class='ocrx_word' id='word_1_419' title='bbox 3290 1249 3391 1289; x_wconf 91' lang='lat' dir='ltr'><strong>nos</strong></span> <span class='ocrx_word' id='word_1_420' title='bbox 3441 1232 3507 1287; x_wconf 89' lang='lat' dir='ltr'><strong>ad</strong></span> <span class='ocrx_word' id='word_1_421' title='bbox 3559 1231 3692 1295; x_wconf 78' lang='lat' dir='ltr'><strong>sub-</strong></span> 
     </span>
    </p>
   </div>
   <div class='ocr_carea' id='block_1_58' title="bbox 2116 1323 3689 1402">
    <p class='ocr_par' dir='ltr' id='par_1_58' title="bbox 2116 1323 3689 1402">
     <span class='ocr_line' id='line_1_58' title="bbox 2116 1323 3689 1402; baseline -0.009 -11"><span class='ocrx_word' id='word_1_422' title='bbox 2116 1335 2354 1391; x_wconf 85' lang='lat' dir='ltr'><strong>eundum</strong></span> <span class='ocrx_word' id='word_1_423' title='bbox 2398 1334 2504 1388; x_wconf 87' lang='lat' dir='ltr'><strong>hoc</strong></span> <span class='ocrx_word' id='word_1_424' title='bbox 2530 1348 2671 1388; x_wconf 91' lang='lat' dir='ltr'><strong>onus</strong></span> <span class='ocrx_word' id='word_1_425' title='bbox 2697 1331 2931 1402; x_wconf 87' lang='lat' dir='ltr'><strong>impulit,</strong></span> <span class='ocrx_word' id='word_1_426' title='bbox 2967 1328 3059 1399; x_wconf 85' lang='lat' dir='ltr'><strong>qui</strong></span> <span class='ocrx_word' id='word_1_427' title='bbox 3095 1341 3124 1380; x_wconf 88' lang='lat' dir='ltr'><strong>a</strong></span> <span class='ocrx_word' id='word_1_428' title='bbox 3158 1326 3393 1396; x_wconf 88' lang='lat' dir='ltr'><strong>posteris</strong></span> <span class='ocrx_word' id='word_1_429' title='bbox 3421 1324 3613 1381; x_wconf 85' lang='lat' dir='ltr'><strong>lsmael</strong></span> <span class='ocrx_word' id='word_1_430' title='bbox 3633 1323 3689 1377; x_wconf 91' lang='lat' dir='ltr'><strong>in</strong></span> 
     </span>
    </p>
   </div>
   <div class='ocr_carea' id='block_1_59' title="bbox 2116 1418 3690 1496">
    <p class='ocr_par' dir='ltr' id='par_1_59' title="bbox 2116 1418 3690 1496">
     <span class='ocr_line' id='line_1_59' title="bbox 2116 1418 3690 1496; baseline -0.008 -13"><span class='ocrx_word' id='word_1_431' title='bbox 2116 1428 2260 1483; x_wconf 83' lang='lat' dir='ltr'><strong>bello</strong></span> <span class='ocrx_word' id='word_1_432' title='bbox 2290 1435 2504 1496; x_wconf 89' lang='lat' dir='ltr'><strong>captus,</strong></span> <span class='ocrx_word' id='word_1_433' title='bbox 2537 1434 2592 1483; x_wconf 91' lang='lat' dir='ltr'><strong>et</strong></span> <span class='ocrx_word' id='word_1_434' title='bbox 2623 1425 2841 1494; x_wconf 82' lang='lat' dir='ltr'><strong>longius</strong></span> <span class='ocrx_word' id='word_1_435' title='bbox 2874 1439 2905 1477; x_wconf 89' lang='lat' dir='ltr'><strong>a</strong></span> <span class='ocrx_word' id='word_1_436' title='bbox 2951 1422 3127 1493; x_wconf 89' lang='lat' dir='ltr'><strong>patria</strong></span> <span class='ocrx_word' id='word_1_437' title='bbox 3167 1418 3260 1473; x_wconf 91' lang='lat' dir='ltr'><strong>diu</strong></span> <span class='ocrx_word' id='word_1_438' title='bbox 3295 1423 3690 1482; x_wconf 87' lang='lat' dir='ltr'><strong>commoratus,</strong></span> 
     </span>
    </p>
   </div>
   <div class='ocr_carea' id='block_1_60' title="bbox 2116 1510 3693 1587">
    <p class='ocr_par' dir='ltr' id='par_1_60' title="bbox 2116 1510 3693 1587">
     <span class='ocr_line' id='line_1_60' title="bbox 2116 1510 3693 1587; baseline -0.008 -13"><span class='ocrx_word' id='word_1_439' title='bbox 2116 1535 2238 1574; x_wconf 86' lang='lat' dir='ltr'><strong>cum</strong></span> <span class='ocrx_word' id='word_1_440' title='bbox 2260 1521 2372 1587; x_wconf 84' lang='lat' dir='ltr'><strong>jam</strong></span> <span class='ocrx_word' id='word_1_441' title='bbox 2400 1518 2465 1572; x_wconf 89' lang='lat' dir='ltr'><strong>ad</strong></span> <span class='ocrx_word' id='word_1_442' title='bbox 2495 1533 2614 1573; x_wconf 87' lang='lat' dir='ltr'><strong>eam</strong></span> <span class='ocrx_word' id='word_1_443' title='bbox 2659 1517 2837 1572; x_wconf 89' lang='lat' dir='ltr'><strong>redire</strong></span> <span class='ocrx_word' id='word_1_444' title='bbox 2875 1513 3228 1575; x_wconf 83' lang='lat' dir='ltr'><strong>desideraret,</strong></span> <span class='ocrx_word' id='word_1_445' title='bbox 3261 1510 3515 1579; x_wconf 79' lang='lat' dir='ltr'><strong>viamque</strong></span> <span class='ocrx_word' id='word_1_446' title='bbox 3543 1522 3693 1562; x_wconf 90' lang='lat' dir='ltr'><strong>com-</strong></span> 
     </span>
    </p>
   </div>
   <div class='ocr_carea' id='block_1_61' title="bbox 2118 1596 3692 1678">
    <p class='ocr_par' dir='ltr' id='par_1_61' title="bbox 2118 1596 3692 1678">
     <span class='ocr_line' id='line_1_61' title="bbox 2118 1596 3692 1678; baseline -0.008 -15"><span class='ocrx_word' id='word_1_447' title='bbox 2118 1611 2332 1665; x_wconf 89' lang='lat' dir='ltr'><strong>modam</strong></span> <span class='ocrx_word' id='word_1_448' title='bbox 2362 1610 2658 1678; x_wconf 88' lang='lat' dir='ltr'><strong>ignoraret,</strong></span> <span class='ocrx_word' id='word_1_449' title='bbox 2696 1604 2962 1676; x_wconf 79' lang='lat' dir='ltr'><strong>singulari</strong></span> <span class='ocrx_word' id='word_1_450' title='bbox 3010 1618 3112 1673; x_wconf 85' lang='lat' dir='ltr'><strong>cpe</strong></span> <span class='ocrx_word' id='word_1_451' title='bbox 3159 1609 3251 1655; x_wconf 91' lang='lat' dir='ltr'><strong>tua</strong></span> <span class='ocrx_word' id='word_1_452' title='bbox 3282 1609 3458 1670; x_wconf 86' lang='lat' dir='ltr'><strong>aptam</strong></span> <span class='ocrx_word' id='word_1_453' title='bbox 3504 1596 3571 1651; x_wconf 89' lang='lat' dir='ltr'><strong>ad</strong></span> <span class='ocrx_word' id='word_1_454' title='bbox 3601 1610 3692 1651; x_wconf 84' lang='lat' dir='ltr'><strong>sa-</strong></span> 
     </span>
    </p>
   </div>
   <div class='ocr_carea' id='block_1_62' title="bbox 2115 1688 3691 1764">
    <p class='ocr_par' dir='ltr' id='par_1_62' title="bbox 2115 1688 3691 1764">
     <span class='ocr_line' id='line_1_62' title="bbox 2115 1688 3691 1764; baseline -0.01 -9"><span class='ocrx_word' id='word_1_455' title='bbox 2115 1701 2283 1755; x_wconf 88' lang='lat' dir='ltr'><strong>lutem</strong></span> <span class='ocrx_word' id='word_1_456' title='bbox 2318 1700 2587 1753; x_wconf 89' lang='lat' dir='ltr'><strong>rationem</strong></span> <span class='ocrx_word' id='word_1_457' title='bbox 2618 1696 2849 1762; x_wconf 83' lang='lat' dir='ltr'><strong>invenit,</strong></span> <span class='ocrx_word' id='word_1_458' title='bbox 2883 1703 2937 1750; x_wconf 90' lang='lat' dir='ltr'><strong>et</strong></span> <span class='ocrx_word' id='word_1_459' title='bbox 2975 1693 3119 1764; x_wconf 89' lang='lat' dir='ltr'><strong>quod</strong></span> <span class='ocrx_word' id='word_1_460' title='bbox 3162 1692 3257 1747; x_wconf 89' lang='lat' dir='ltr'><strong>diu</strong></span> <span class='ocrx_word' id='word_1_461' title='bbox 3281 1688 3691 1759; x_wconf 87' lang='lat' dir='ltr'><strong>concupiverat,</strong></span> 
     </span>
    </p>
   </div>
   <div class='ocr_carea' id='block_1_63' title="bbox 2119 1777 3695 1862">
    <p class='ocr_par' dir='ltr' id='par_1_63' title="bbox 2119 1777 3695 1862">
     <span class='ocr_line' id='line_1_63' title="bbox 2119 1777 3695 1862; baseline -0.009 -15"><span class='ocrx_word' id='word_1_462' title='bbox 2119 1793 2346 1862; x_wconf 89' lang='lat' dir='ltr'><strong>adeptus</strong></span> <span class='ocrx_word' id='word_1_463' title='bbox 2378 1798 2482 1846; x_wconf 85' lang='lat' dir='ltr'><strong>est.</strong></span> <span class='ocrx_word' id='word_1_464' title='bbox 2518 1789 2655 1844; x_wconf 90' lang='lat' dir='ltr'><strong>Cum</strong></span> <span class='ocrx_word' id='word_1_465' title='bbox 2685 1789 2829 1845; x_wconf 88' lang='lat' dir='ltr'><strong>enim</strong></span> <span class='ocrx_word' id='word_1_466' title='bbox 2890 1787 2949 1841; x_wconf 87' lang='lat' dir='ltr'><strong>in</strong></span> <span class='ocrx_word' id='word_1_467' title='bbox 2993 1785 3291 1838; x_wconf 78' lang='lat' dir='ltr'><strong>maximum</strong></span> <span class='ocrx_word' id='word_1_468' title='bbox 3333 1780 3456 1835; x_wconf 71' lang='lat' dir='ltr'><strong>vitae</strong></span> <span class='ocrx_word' id='word_1_469' title='bbox 3500 1777 3695 1834; x_wconf 86' lang='lat' dir='ltr'><strong>discri-</strong></span> 
     </span>
    </p>
   </div>
   <div class='ocr_carea' id='block_1_64' title="bbox 2118 1872 3694 1951">
    <p class='ocr_par' dir='ltr' id='par_1_64' title="bbox 2118 1872 3694 1951">
     <span class='ocr_line' id='line_1_64' title="bbox 2118 1872 3694 1951; baseline -0.01 -12"><span class='ocrx_word' id='word_1_470' title='bbox 2118 1901 2240 1939; x_wconf 89' lang='lat' dir='ltr'><strong>men</strong></span> <span class='ocrx_word' id='word_1_471' title='bbox 2269 1882 2537 1938; x_wconf 85' lang='lat' dir='ltr'><strong>adductus</strong></span> <span class='ocrx_word' id='word_1_472' title='bbox 2566 1890 2712 1937; x_wconf 86' lang='lat' dir='ltr'><strong>esset</strong></span> <span class='ocrx_word' id='word_1_473' title='bbox 2755 1879 2933 1951; x_wconf 89' lang='lat' dir='ltr'><strong>(quod</strong></span> <span class='ocrx_word' id='word_1_474' title='bbox 2962 1891 3154 1933; x_wconf 91' lang='lat' dir='ltr'><strong>omnes</strong></span> <span class='ocrx_word' id='word_1_475' title='bbox 3200 1876 3300 1930; x_wconf 66' lang='lat' dir='ltr'><strong>viae</strong></span> <span class='ocrx_word' id='word_1_476' title='bbox 3332 1872 3694 1929; x_wconf 87' lang='lat' dir='ltr'><strong>barbarorum</strong></span> 
     </span>
    </p>
   </div>
   <div class='ocr_carea' id='block_1_65' title="bbox 2118 1964 3697 2044">
    <p class='ocr_par' dir='ltr' id='par_1_65' title="bbox 2118 1964 3697 2044">
     <span class='ocr_line' id='line_1_65' title="bbox 2118 1964 3697 2044; baseline -0.01 -13"><span class='ocrx_word' id='word_1_477' title='bbox 2118 1975 2427 2032; x_wconf 62' lang='lat' dir='ltr'><strong>interclusa;</strong></span> <span class='ocrx_word' id='word_1_478' title='bbox 2461 1974 2634 2044; x_wconf 87' lang='lat' dir='ltr'><strong>copiis</strong></span> <span class='ocrx_word' id='word_1_479' title='bbox 2664 1972 3040 2039; x_wconf 85' lang='lat' dir='ltr'><strong>tenerentur),</strong></span> <span class='ocrx_word' id='word_1_480' title='bbox 3078 1979 3130 2024; x_wconf 91' lang='lat' dir='ltr'><strong>te</strong></span> <span class='ocrx_word' id='word_1_481' title='bbox 3160 1967 3381 2022; x_wconf 90' lang='lat' dir='ltr'><strong>nomine</strong></span> <span class='ocrx_word' id='word_1_482' title='bbox 3430 1964 3697 2020; x_wconf 83' lang='lat' dir='ltr'><strong>duntaxat</strong></span> 
     </span>
    </p>
   </div>
   <div class='ocr_carea' id='block_1_66' title="bbox 2119 2053 3690 2133">
    <p class='ocr_par' dir='ltr' id='par_1_66' title="bbox 2119 2053 3690 2133">
     <span class='ocr_line' id='line_1_66' title="bbox 2119 2053 3690 2133; baseline -0.01 -10"><span class='ocrx_word' id='word_1_483' title='bbox 2119 2068 2410 2133; x_wconf 86' lang='lat' dir='ltr'><strong>invocavit,</strong></span> <span class='ocrx_word' id='word_1_484' title='bbox 2453 2065 2643 2121; x_wconf 88' lang='lat' dir='ltr'><strong>dicens</strong></span> <span class='ocrx_word' id='word_1_485' title='bbox 2669 2082 2683 2118; x_wconf 89' lang='lat'>:</span> <span class='ocrx_word' id='word_1_486' title='bbox 2707 2063 2906 2119; x_wconf 86' lang='lat' dir='ltr'><strong>Sancte</strong></span> <span class='ocrx_word' id='word_1_487' title='bbox 2936 2060 3206 2131; x_wconf 64' lang='lat' dir='ltr'><strong>Ephrmm,</strong></span> <span class='ocrx_word' id='word_1_488' title='bbox 3235 2071 3495 2114; x_wconf 88' lang='lat' dir='ltr'><strong>succurre</strong></span> <span class='ocrx_word' id='word_1_489' title='bbox 3534 2053 3690 2109; x_wconf 89' lang='lat' dir='ltr'><strong>mihi.</strong></span> 
     </span>
    </p>
   </div>
   <div class='ocr_carea' id='block_1_67' title="bbox 2122 2143 3694 2229">
    <p class='ocr_par' dir='ltr' id='par_1_67' title="bbox 2122 2143 3694 2229">
     <span class='ocr_line' id='line_1_67' title="bbox 2122 2143 3694 2229; baseline -0.01 -15"><span class='ocrx_word' id='word_1_490' title='bbox 2122 2159 2321 2229; x_wconf 84' lang='lat' dir='ltr'><strong>Sicque</strong></span> <span class='ocrx_word' id='word_1_491' title='bbox 2354 2165 2471 2212; x_wconf 88' lang='lat' dir='ltr'><strong>tuto</strong></span> <span class='ocrx_word' id='word_1_492' title='bbox 2510 2156 2876 2227; x_wconf 85' lang='lat' dir='ltr'><strong>periculorum</strong></span> <span class='ocrx_word' id='word_1_493' title='bbox 2909 2153 3134 2223; x_wconf 89' lang='lat' dir='ltr'><strong>laqueos</strong></span> <span class='ocrx_word' id='word_1_494' title='bbox 3167 2148 3362 2213; x_wconf 89' lang='lat' dir='ltr'><strong>evasit,</strong></span> <span class='ocrx_word' id='word_1_495' title='bbox 3398 2161 3464 2201; x_wconf 88' lang='lat' dir='ltr'><strong>ac</strong></span> <span class='ocrx_word' id='word_1_496' title='bbox 3497 2143 3694 2199; x_wconf 88' lang='lat' dir='ltr'><strong>mortis</strong></span> 
     </span>
    </p>
   </div>
   <div class='ocr_carea' id='block_1_68' title="bbox 2120 2237 3695 2322">
    <p class='ocr_par' dir='ltr' id='par_1_68' title="bbox 2120 2237 3695 2322">
     <span class='ocr_line' id='line_1_68' title="bbox 2120 2237 3695 2322; baseline -0.011 -14"><span class='ocrx_word' id='word_1_497' title='bbox 2120 2263 2322 2309; x_wconf 83' lang='lat' dir='ltr'><strong>metum</strong></span> <span class='ocrx_word' id='word_1_498' title='bbox 2369 2251 2625 2322; x_wconf 79' lang='lat' dir='ltr'><strong>neglexit,</strong></span> <span class='ocrx_word' id='word_1_499' title='bbox 2667 2248 3120 2319; x_wconf 89' lang='lat' dir='ltr'><strong>inopinatamque</strong></span> <span class='ocrx_word' id='word_1_500' title='bbox 3162 2248 3496 2299; x_wconf 84' lang='lat' dir='ltr'><strong>consecutus</strong></span> <span class='ocrx_word' id='word_1_501' title='bbox 3546 2237 3695 2293; x_wconf 89' lang='lat' dir='ltr'><strong>salu-</strong></span> 
     </span>
    </p>
   </div>
   <div class='ocr_carea' id='block_1_69' title="bbox 2122 2334 3697 2413">
    <p class='ocr_par' dir='ltr' id='par_1_69' title="bbox 2122 2334 3697 2413">
     <span class='ocr_line' id='line_1_69' title="bbox 2122 2334 3697 2413; baseline -0.011 -13"><span class='ocrx_word' id='word_1_502' title='bbox 2122 2355 2248 2410; x_wconf 85' lang='lat' dir='ltr'><strong>tem,</strong></span> <span class='ocrx_word' id='word_1_503' title='bbox 2289 2342 2478 2413; x_wconf 72' lang='lat' dir='ltr'><strong>patriae</strong></span> <span class='ocrx_word' id='word_1_504' title='bbox 2508 2349 2603 2397; x_wconf 89' lang='lat' dir='ltr'><strong>tuo</strong></span> <span class='ocrx_word' id='word_1_505' title='bbox 2625 2341 2871 2395; x_wconf 83' lang='lat' dir='ltr'><strong>munitus</strong></span> <span class='ocrx_word' id='word_1_506' title='bbox 2907 2336 3164 2409; x_wconf 69' lang='lat' dir='ltr'><strong>praesidio</strong></span> <span class='ocrx_word' id='word_1_507' title='bbox 3193 2340 3389 2405; x_wconf 67' lang='lat' dir='ltr'><strong>praeter</strong></span> <span class='ocrx_word' id='word_1_508' title='bbox 3418 2344 3568 2399; x_wconf 85' lang='lat' dir='ltr'><strong>spem</strong></span> <span class='ocrx_word' id='word_1_509' title='bbox 3609 2334 3697 2384; x_wconf 76' lang='lat' dir='ltr'><strong>est</strong></span> 
     </span>
    </p>
   </div>
   <div class='ocr_carea' id='block_1_70' title="bbox 2116 2422 3697 2500">
    <p class='ocr_par' dir='ltr' id='par_1_70' title="bbox 2116 2422 3697 2500">
     <span class='ocr_line' id='line_1_70' title="bbox 2116 2422 3697 2500; baseline -0.014 -5"><span class='ocrx_word' id='word_1_510' title='bbox 2116 2437 2426 2495; x_wconf 80' lang='lat' dir='ltr'><strong>restitutus.</strong></span> <span class='ocrx_word' id='word_1_511' title='bbox 2458 2434 2639 2500; x_wconf 85' lang='lat' dir='ltr'><strong>Quare</strong></span> <span class='ocrx_word' id='word_1_512' title='bbox 2684 2432 2753 2488; x_wconf 88' lang='lat' dir='ltr'><strong>ad</strong></span> <span class='ocrx_word' id='word_1_513' title='bbox 2789 2433 2892 2487; x_wconf 90' lang='lat' dir='ltr'><strong>ista</strong></span> <span class='ocrx_word' id='word_1_514' title='bbox 2931 2428 3262 2492; x_wconf 84' lang='lat' dir='ltr'><strong>enarranda,</strong></span> <span class='ocrx_word' id='word_1_515' title='bbox 3303 2422 3568 2479; x_wconf 86' lang='lat' dir='ltr'><strong>audacius</strong></span> <span class='ocrx_word' id='word_1_516' title='bbox 3600 2435 3697 2490; x_wconf 85' lang='lat' dir='ltr'><strong>ag-</strong></span> 
     </span>
    </p>
   </div>
   <div class='ocr_carea' id='block_1_71' title="bbox 2118 2515 3694 2601">
    <p class='ocr_par' dir='ltr' id='par_1_71' title="bbox 2118 2515 3694 2601">
     <span class='ocr_line' id='line_1_71' title="bbox 2118 2515 3694 2601; baseline -0.011 -16"><span class='ocrx_word' id='word_1_517' title='bbox 2118 2530 2330 2601; x_wconf 78' lang='lat' dir='ltr'><strong>gressi,</strong></span> <span class='ocrx_word' id='word_1_518' title='bbox 2364 2529 2554 2583; x_wconf 88' lang='lat' dir='ltr'><strong>laudes</strong></span> <span class='ocrx_word' id='word_1_519' title='bbox 2610 2534 2734 2582; x_wconf 87' lang='lat' dir='ltr'><strong>tuas</strong></span> <span class='ocrx_word' id='word_1_520' title='bbox 2784 2523 3017 2595; x_wconf 87' lang='lat' dir='ltr'><strong>impuris</strong></span> <span class='ocrx_word' id='word_1_521' title='bbox 3057 2522 3323 2590; x_wconf 80' lang='lat' dir='ltr'><strong>attingere</strong></span> <span class='ocrx_word' id='word_1_522' title='bbox 3358 2515 3520 2571; x_wconf 85' lang='lat' dir='ltr'><strong>labiis</strong></span> <span class='ocrx_word' id='word_1_523' title='bbox 3582 2527 3694 2568; x_wconf 90' lang='lat' dir='ltr'><strong>non</strong></span> 
     </span>
    </p>
   </div>
   <div class='ocr_carea' id='block_1_72' title="bbox 2112 2604 3697 2689">
    <p class='ocr_par' dir='ltr' id='par_1_72' title="bbox 2112 2604 3697 2689">
     <span class='ocr_line' id='line_1_72' title="bbox 2112 2604 3697 2689; baseline -0.014 -9"><span class='ocrx_word' id='word_1_524' title='bbox 2112 2638 2311 2680; x_wconf 80' lang='lat' dir='ltr'><strong>sumus</strong></span> <span class='ocrx_word' id='word_1_525' title='bbox 2345 2620 2525 2677; x_wconf 85' lang='lat' dir='ltr'><strong>veriti.</strong></span> <span class='ocrx_word' id='word_1_526' title='bbox 2577 2620 2694 2685; x_wconf 78' lang='lat' dir='ltr'><strong>Qua</strong></span> <span class='ocrx_word' id='word_1_527' title='bbox 2718 2617 2940 2689; x_wconf 90' lang='lat' dir='ltr'><strong>quidem</strong></span> <span class='ocrx_word' id='word_1_528' title='bbox 2975 2617 3028 2670; x_wconf 91' lang='lat' dir='ltr'><strong>in</strong></span> <span class='ocrx_word' id='word_1_529' title='bbox 3063 2630 3123 2670; x_wconf 88' lang='lat' dir='ltr'><strong>re</strong></span> <span class='ocrx_word' id='word_1_530' title='bbox 3147 2654 3163 2677; x_wconf 88' lang='lat'><strong>,</strong></span> <span class='ocrx_word' id='word_1_531' title='bbox 3207 2612 3253 2667; x_wconf 90' lang='lat' dir='ltr'><strong>si</strong></span> <span class='ocrx_word' id='word_1_532' title='bbox 3285 2609 3418 2681; x_wconf 86' lang='lat' dir='ltr'><strong>quid</strong></span> <span class='ocrx_word' id='word_1_533' title='bbox 3452 2604 3697 2679; x_wconf 80' lang='lat' dir='ltr'><strong>profece—</strong></span> 
     </span>
    </p>
   </div>
   <div class='ocr_carea' id='block_1_73' title="bbox 2120 2695 3697 2780">
    <p class='ocr_par' dir='ltr' id='par_1_73' title="bbox 2120 2695 3697 2780">
     <span class='ocr_line' id='line_1_73' title="bbox 2120 2695 3697 2780; baseline -0.012 -11"><span class='ocrx_word' id='word_1_534' title='bbox 2120 2716 2315 2780; x_wconf 85' lang='lat' dir='ltr'><strong>rimus,</strong></span> <span class='ocrx_word' id='word_1_535' title='bbox 2355 2713 2408 2768; x_wconf 91' lang='lat' dir='ltr'><strong>id</strong></span> <span class='ocrx_word' id='word_1_536' title='bbox 2443 2721 2535 2767; x_wconf 91' lang='lat' dir='ltr'><strong>tuo</strong></span> <span class='ocrx_word' id='word_1_537' title='bbox 2568 2727 2670 2767; x_wconf 92' lang='lat' dir='ltr'><strong>nos</strong></span> <span class='ocrx_word' id='word_1_538' title='bbox 2723 2718 3011 2766; x_wconf 87' lang='lat' dir='ltr'><strong>assecutos</strong></span> <span class='ocrx_word' id='word_1_539' title='bbox 3041 2705 3247 2762; x_wconf 76' lang='lat' dir='ltr'><strong>auxilio</strong></span> <span class='ocrx_word' id='word_1_540' title='bbox 3278 2702 3598 2763; x_wconf 77' lang='lat' dir='ltr'><strong>fatebimur,</strong></span> <span class='ocrx_word' id='word_1_541' title='bbox 3631 2695 3697 2750; x_wconf 87' lang='lat' dir='ltr'><strong>ti-</strong></span> 
     </span>
    </p>
   </div>
   <div class='ocr_carea' id='block_1_74' title="bbox 2119 2789 3697 2876">
    <p class='ocr_par' dir='ltr' id='par_1_74' title="bbox 2119 2789 3697 2876">
     <span class='ocr_line' id='line_1_74' title="bbox 2119 2789 3697 2876; baseline -0.012 -14"><span class='ocrx_word' id='word_1_542' title='bbox 2119 2805 2285 2876; x_wconf 81' lang='lat' dir='ltr'><strong>bique</strong></span> <span class='ocrx_word' id='word_1_543' title='bbox 2308 2810 2590 2874; x_wconf 87' lang='lat' dir='ltr'><strong>acceptum</strong></span> <span class='ocrx_word' id='word_1_544' title='bbox 2641 2801 2899 2857; x_wconf 83' lang='lat' dir='ltr'><strong>feremus.</strong></span> <span class='ocrx_word' id='word_1_545' title='bbox 2948 2798 3044 2853; x_wconf 89' lang='lat' dir='ltr'><strong>Sin</strong></span> <span class='ocrx_word' id='word_1_546' title='bbox 3101 2811 3231 2851; x_wconf 86' lang='lat' dir='ltr'><strong>vero</strong></span> <span class='ocrx_word' id='word_1_547' title='bbox 3281 2801 3375 2848; x_wconf 89' lang='lat' dir='ltr'><strong>tua</strong></span> <span class='ocrx_word' id='word_1_548' title='bbox 3434 2789 3697 2859; x_wconf 79' lang='lat' dir='ltr'><strong>dignitate</strong></span> 
     </span>
    </p>
   </div>
   <div class='ocr_carea' id='block_1_75' title="bbox 2121 2885 3697 2952">
    <p class='ocr_par' dir='ltr' id='par_1_75' title="bbox 2121 2885 3697 2952">
     <span class='ocr_line' id='line_1_75' title="bbox 2121 2885 3697 2952; baseline -0.013 0"><span class='ocrx_word' id='word_1_549' title='bbox 2121 2898 2297 2952; x_wconf 90' lang='lat' dir='ltr'><strong>multo</strong></span> <span class='ocrx_word' id='word_1_550' title='bbox 2333 2894 2622 2950; x_wconf 80' lang='lat' dir='ltr'><strong>inferiores</strong></span> <span class='ocrx_word' id='word_1_551' title='bbox 2658 2893 2769 2948; x_wconf 89' lang='lat' dir='ltr'><strong>sint</strong></span> <span class='ocrx_word' id='word_1_552' title='bbox 2795 2898 2999 2946; x_wconf 68' lang='lat' dir='ltr'><strong>nostra</strong></span> <span class='ocrx_word' id='word_1_553' title='bbox 3031 2885 3374 2943; x_wconf 83' lang='lat' dir='ltr'><strong>laudationes</strong></span> <span class='ocrx_word' id='word_1_554' title='bbox 3409 2922 3424 2947; x_wconf 94' lang='lat'><strong>,</strong></span> <span class='ocrx_word' id='word_1_555' title='bbox 3466 2887 3522 2934; x_wconf 90' lang='lat' dir='ltr'><strong>te</strong></span> <span class='ocrx_word' id='word_1_556' title='bbox 3561 2892 3697 2949; x_wconf 80' lang='lat' dir='ltr'><strong>quo-</strong></span> 
     </span>
    </p>
   </div>
   <div class='ocr_carea' id='block_1_76' title="bbox 2121 2971 3696 3060">
    <p class='ocr_par' dir='ltr' id='par_1_76' title="bbox 2121 2971 3696 3060">
     <span class='ocr_line' id='line_1_76' title="bbox 2121 2971 3696 3060; baseline -0.013 -16"><span class='ocrx_word' id='word_1_557' title='bbox 2121 3005 2229 3060; x_wconf 91' lang='lat' dir='ltr'><strong>que</strong></span> <span class='ocrx_word' id='word_1_558' title='bbox 2265 2989 2423 3059; x_wconf 89' lang='lat' dir='ltr'><strong>(licet</strong></span> <span class='ocrx_word' id='word_1_559' title='bbox 2471 2986 2615 3042; x_wconf 79' lang='lat' dir='ltr'><strong>forte</strong></span> <span class='ocrx_word' id='word_1_560' title='bbox 2643 2985 2907 3040; x_wconf 88' lang='lat' dir='ltr'><strong>audacius</strong></span> <span class='ocrx_word' id='word_1_561' title='bbox 2931 2982 3038 3036; x_wconf 86' lang='lat' dir='ltr'><strong>hoc</strong></span> <span class='ocrx_word' id='word_1_562' title='bbox 3074 2979 3280 3035; x_wconf 88' lang='lat' dir='ltr'><strong>dictum</strong></span> <span class='ocrx_word' id='word_1_563' title='bbox 3321 2973 3611 3040; x_wconf 85' lang='lat' dir='ltr'><strong>videatur)</strong></span> <span class='ocrx_word' id='word_1_564' title='bbox 3640 2971 3696 3025; x_wconf 88' lang='lat' dir='ltr'><strong>in</strong></span> 
     </span>
    </p>
   </div>
   <div class='ocr_carea' id='block_1_77' title="bbox 2050 3067 3695 3167">
    <p class='ocr_par' dir='ltr' id='par_1_77' title="bbox 2050 3067 3695 3167">
     <span class='ocr_line' id='line_1_77' title="bbox 2050 3067 3695 3167; baseline -0.009 -33"><span class='ocrx_word' id='word_1_565' title='bbox 2050 3112 2092 3167; x_wconf 62' lang='grc' dir='ltr'><strong>ρ</strong></span> <span class='ocrx_word' id='word_1_566' title='bbox 2125 3094 2294 3134; x_wconf 89' lang='lat' dir='ltr'><strong>causa</strong></span> <span class='ocrx_word' id='word_1_567' title='bbox 2328 3077 2500 3134; x_wconf 80' lang='lat' dir='ltr'><strong>fuisse</strong></span> <span class='ocrx_word' id='word_1_568' title='bbox 2534 3078 2801 3139; x_wconf 87' lang='lat' dir='ltr'><strong>dicemus,</strong></span> <span class='ocrx_word' id='word_1_569' title='bbox 2835 3074 2928 3145; x_wconf 89' lang='lat' dir='ltr'><strong>qui</strong></span> <span class='ocrx_word' id='word_1_570' title='bbox 2962 3082 3016 3129; x_wconf 92' lang='lat' dir='ltr'><strong>et</strong></span> <span class='ocrx_word' id='word_1_571' title='bbox 3039 3074 3229 3129; x_wconf 85' lang='lat' dir='ltr'><strong>vivens</strong></span> <span class='ocrx_word' id='word_1_572' title='bbox 3255 3110 3270 3135; x_wconf 90' lang='lat'><strong>,</strong></span> <span class='ocrx_word' id='word_1_573' title='bbox 3297 3077 3353 3125; x_wconf 86' lang='lat' dir='ltr'><strong>et</strong></span> <span class='ocrx_word' id='word_1_574' title='bbox 3380 3067 3695 3128; x_wconf 82' lang='lat' dir='ltr'><strong>defunctus,</strong></span> 
     </span>
    </p>
   </div>
   <div class='ocr_carea' id='block_1_78' title="bbox 2128 3158 3698 3237">
    <p class='ocr_par' dir='ltr' id='par_1_78' title="bbox 2128 3158 3698 3237">
     <span class='ocr_line' id='line_1_78' title="bbox 2128 3158 3698 3237; baseline -0.01 -13"><span class='ocrx_word' id='word_1_575' title='bbox 2128 3170 2387 3224; x_wconf 88' lang='lat' dir='ltr'><strong>modestia</strong></span> <span class='ocrx_word' id='word_1_576' title='bbox 2419 3168 2854 3237; x_wconf 78' lang='lat' dir='ltr'><strong>ltumilitatisque</strong></span> <span class='ocrx_word' id='word_1_577' title='bbox 2883 3165 3064 3221; x_wconf 86' lang='lat' dir='ltr'><strong>studio</strong></span> <span class='ocrx_word' id='word_1_578' title='bbox 3086 3203 3102 3227; x_wconf 90' lang='lat'><strong>,</strong></span> <span class='ocrx_word' id='word_1_579' title='bbox 3136 3170 3189 3218; x_wconf 91' lang='lat' dir='ltr'><strong>te</strong></span> <span class='ocrx_word' id='word_1_580' title='bbox 3233 3158 3549 3217; x_wconf 87' lang='lat' dir='ltr'><strong>collaudare</strong></span> <span class='ocrx_word' id='word_1_581' title='bbox 3600 3170 3698 3210; x_wconf 76' lang='lat' dir='ltr'><strong>cu~</strong></span> 
     </span>
    </p>
   </div>
   <div class='ocr_carea' id='block_1_79' title="bbox 2124 3246 3699 3330">
    <p class='ocr_par' dir='ltr' id='par_1_79' title="bbox 2124 3246 3699 3330">
     <span class='ocr_line' id='line_1_79' title="bbox 2124 3246 3699 3330; baseline -0.01 -16"><span class='ocrx_word' id='word_1_582' title='bbox 2124 3261 2335 3330; x_wconf 82' lang='lat' dir='ltr'><strong>pientes</strong></span> <span class='ocrx_word' id='word_1_583' title='bbox 2373 3260 2622 3330; x_wconf 84' lang='lat' dir='ltr'><strong>impedis.</strong></span> <span class='ocrx_word' id='word_1_584' title='bbox 2667 3258 3096 3319; x_wconf 70' lang='lat' dir='ltr'><strong>Verumtamen,</strong></span> <span class='ocrx_word' id='word_1_585' title='bbox 3131 3255 3247 3309; x_wconf 87' lang='lat' dir='ltr'><strong>sive</strong></span> <span class='ocrx_word' id='word_1_586' title='bbox 3279 3248 3427 3307; x_wconf 89' lang='lat' dir='ltr'><strong>istud</strong></span> <span class='ocrx_word' id='word_1_587' title='bbox 3453 3249 3545 3314; x_wconf 90' lang='lat' dir='ltr'><strong>sit,</strong></span> <span class='ocrx_word' id='word_1_588' title='bbox 3583 3246 3699 3301; x_wconf 84' lang='lat' dir='ltr'><strong>sive</strong></span> 
     </span>
    </p>
   </div>
   <div class='ocr_carea' id='block_1_80' title="bbox 2124 3337 3698 3422">
    <p class='ocr_par' dir='ltr' id='par_1_80' title="bbox 2124 3337 3698 3422">
     <span class='ocr_line' id='line_1_80' title="bbox 2124 3337 3698 3422; baseline -0.011 -15"><span class='ocrx_word' id='word_1_589' title='bbox 2124 3352 2290 3416; x_wconf 89' lang='lat' dir='ltr'><strong>illud,</strong></span> <span class='ocrx_word' id='word_1_590' title='bbox 2323 3367 2422 3407; x_wconf 90' lang='lat' dir='ltr'><strong>nos</strong></span> <span class='ocrx_word' id='word_1_591' title='bbox 2467 3360 2731 3422; x_wconf 89' lang='lat' dir='ltr'><strong>quantum</strong></span> <span class='ocrx_word' id='word_1_592' title='bbox 2780 3350 3027 3404; x_wconf 89' lang='lat' dir='ltr'><strong>tulerunt</strong></span> <span class='ocrx_word' id='word_1_593' title='bbox 3052 3346 3196 3400; x_wconf 87' lang='lat' dir='ltr'><strong>vires</strong></span> <span class='ocrx_word' id='word_1_594' title='bbox 3222 3383 3237 3407; x_wconf 93' lang='lat'><strong>,</strong></span> <span class='ocrx_word' id='word_1_595' title='bbox 3279 3341 3499 3412; x_wconf 89' lang='lat' dir='ltr'><strong>pietatis</strong></span> <span class='ocrx_word' id='word_1_596' title='bbox 3523 3337 3698 3394; x_wconf 86' lang='lat' dir='ltr'><strong>omcio</strong></span> 
     </span>
    </p>
   </div>
   <div class='ocr_carea' id='block_1_81' title="bbox 2124 3433 3699 3511">
    <p class='ocr_par' dir='ltr' id='par_1_81' title="bbox 2124 3433 3699 3511">
     <span class='ocr_line' id='line_1_81' title="bbox 2124 3433 3699 3511; baseline -0.013 -8"><span class='ocrx_word' id='word_1_597' title='bbox 2124 3444 2531 3503; x_wconf 81' lang='lat' dir='ltr'><strong>satisfecimus:</strong></span> <span class='ocrx_word' id='word_1_598' title='bbox 2563 3453 2727 3511; x_wconf 89' lang='lat' dir='ltr'><strong>teque</strong></span> <span class='ocrx_word' id='word_1_599' title='bbox 2763 3441 2868 3495; x_wconf 87' lang='lat' dir='ltr'><strong>hoc</strong></span> <span class='ocrx_word' id='word_1_600' title='bbox 2898 3441 3073 3507; x_wconf 88' lang='lat' dir='ltr'><strong>ipsum</strong></span> <span class='ocrx_word' id='word_1_601' title='bbox 3108 3436 3331 3490; x_wconf 88' lang='lat' dir='ltr'><strong>minime</strong></span> <span class='ocrx_word' id='word_1_602' title='bbox 3371 3433 3530 3488; x_wconf 90' lang='lat' dir='ltr'><strong>nobis</strong></span> <span class='ocrx_word' id='word_1_603' title='bbox 3573 3444 3699 3485; x_wconf 87' lang='lat' dir='ltr'><strong>suc-</strong></span> 
     </span>
    </p>
   </div>
   <div class='ocr_carea' id='block_1_82' title="bbox 2125 3528 3695 3602">
    <p class='ocr_par' dir='ltr' id='par_1_82' title="bbox 2125 3528 3695 3602">
     <span class='ocr_line' id='line_1_82' title="bbox 2125 3528 3695 3602; baseline -0.013 -12"><span class='ocrx_word' id='word_1_604' title='bbox 2125 3552 2441 3598; x_wconf 88' lang='lat' dir='ltr'><strong>ccnsurum,</strong></span> <span class='ocrx_word' id='word_1_605' title='bbox 2490 3547 2663 3602; x_wconf 84' lang='lat' dir='ltr'><strong>neque</strong></span> <span class='ocrx_word' id='word_1_606' title='bbox 2702 3532 2779 3585; x_wconf 84' lang='lat' dir='ltr'><strong>tui</strong></span> <span class='ocrx_word' id='word_1_607' title='bbox 2811 3528 3223 3583; x_wconf 86' lang='lat' dir='ltr'><strong>amantissimos</strong></span> <span class='ocrx_word' id='word_1_608' title='bbox 3269 3529 3646 3578; x_wconf 85' lang='lat' dir='ltr'><strong>aversaturum</strong></span> <span class='ocrx_word' id='word_1_609' title='bbox 3679 3537 3695 3585; x_wconf 86' lang='lat'><strong>;</strong></span> 
     </span>
    </p>
   </div>
   <div class='ocr_carea' id='block_1_83' title="bbox 2125 3611 3699 3693">
    <p class='ocr_par' dir='ltr' id='par_1_83' title="bbox 2125 3611 3699 3693">
     <span class='ocr_line' id='line_1_83' title="bbox 2125 3611 3699 3693; baseline -0.011 -12"><span class='ocrx_word' id='word_1_610' title='bbox 2125 3642 2312 3681; x_wconf 90' lang='lat' dir='ltr'><strong>verum</strong></span> <span class='ocrx_word' id='word_1_611' title='bbox 2343 3639 2495 3693; x_wconf 60' lang='grc' dir='ltr'><strong>πψιο</strong></span> <span class='ocrx_word' id='word_1_612' title='bbox 2515 3623 2888 3689; x_wconf 81' lang='lat' dir='ltr'><strong>benevoloque</strong></span> <span class='ocrx_word' id='word_1_613' title='bbox 2918 3619 3109 3672; x_wconf 80' lang='lat' dir='ltr'><strong>animo</strong></span> <span class='ocrx_word' id='word_1_614' title='bbox 3124 3615 3366 3669; x_wconf 77' lang='lat' dir='ltr'><strong>ﬁliorum</strong></span> <span class='ocrx_word' id='word_1_615' title='bbox 3392 3611 3699 3666; x_wconf 88' lang='lat' dir='ltr'><strong>balbutien-</strong></span> 
     </span>
    </p>
   </div>
   <div class='ocr_carea' id='block_1_84' title="bbox 2125 3700 3696 3775">
    <p class='ocr_par' dir='ltr' id='par_1_84' title="bbox 2125 3700 3696 3775">
     <span class='ocr_line' id='line_1_84' title="bbox 2125 3700 3696 3775; baseline -0.011 -5"><span class='ocrx_word' id='word_1_616' title='bbox 2125 3720 2259 3770; x_wconf 86' lang='lat' dir='ltr'><strong>tium</strong></span> <span class='ocrx_word' id='word_1_617' title='bbox 2302 3715 2492 3769; x_wconf 88' lang='lat' dir='ltr'><strong>laudes</strong></span> <span class='ocrx_word' id='word_1_618' title='bbox 2536 3713 2905 3767; x_wconf 88' lang='lat' dir='ltr'><strong>admissurum</strong></span> <span class='ocrx_word' id='word_1_619' title='bbox 2935 3750 2950 3775; x_wconf 93' lang='lat'><strong>,</strong></span> <span class='ocrx_word' id='word_1_620' title='bbox 3010 3704 3356 3762; x_wconf 78' lang='lat' dir='ltr'><strong>conﬁdimus.</strong></span> <span class='ocrx_word' id='word_1_621' title='bbox 3402 3700 3483 3755; x_wconf 89' lang='lat' dir='ltr'><strong>Tu</strong></span> <span class='ocrx_word' id='word_1_622' title='bbox 3518 3708 3696 3755; x_wconf 87' lang='lat' dir='ltr'><strong>autem</strong></span> 
     </span>
    </p>
   </div>
   <div class='ocr_carea' id='block_1_85' title="bbox 2125 3794 3698 3875">
    <p class='ocr_par' dir='ltr' id='par_1_85' title="bbox 2125 3794 3698 3875">
     <span class='ocr_line' id='line_1_85' title="bbox 2125 3794 3698 3875; baseline -0.01 -14"><span class='ocrx_word' id='word_1_623' title='bbox 2125 3807 2309 3862; x_wconf 88' lang='lat' dir='ltr'><strong>divino</strong></span> <span class='ocrx_word' id='word_1_624' title='bbox 2338 3807 2450 3875; x_wconf 87' lang='lat' dir='ltr'><strong>jam</strong></span> <span class='ocrx_word' id='word_1_625' title='bbox 2500 3806 2765 3860; x_wconf 88' lang='lat' dir='ltr'><strong>assistens</strong></span> <span class='ocrx_word' id='word_1_626' title='bbox 2811 3802 3003 3865; x_wconf 81' lang='lat' dir='ltr'><strong>altari,</strong></span> <span class='ocrx_word' id='word_1_627' title='bbox 3051 3800 3284 3867; x_wconf 82' lang='lat' dir='ltr'><strong>vitaeque</strong></span> <span class='ocrx_word' id='word_1_628' title='bbox 3315 3794 3550 3866; x_wconf 89' lang='lat' dir='ltr'><strong>principi</strong></span> <span class='ocrx_word' id='word_1_629' title='bbox 3581 3833 3597 3857; x_wconf 96' lang='lat'><strong>,</strong></span> <span class='ocrx_word' id='word_1_630' title='bbox 3634 3806 3698 3846; x_wconf 87' lang='lat' dir='ltr'><strong>ac</strong></span> 
     </span>
    </p>
   </div>
   <div class='ocr_carea' id='block_1_86' title="bbox 2126 3885 3696 3964">
    <p class='ocr_par' dir='ltr' id='par_1_86' title="bbox 2126 3885 3696 3964">
     <span class='ocr_line' id='line_1_86' title="bbox 2126 3885 3696 3964; baseline -0.011 -9"><span class='ocrx_word' id='word_1_631' title='bbox 2126 3898 2486 3955; x_wconf 68' lang='lat' dir='ltr'><strong>sanctissimm</strong></span> <span class='ocrx_word' id='word_1_632' title='bbox 2514 3912 2620 3951; x_wconf 89' lang='lat' dir='ltr'><strong>una</strong></span> <span class='ocrx_word' id='word_1_633' title='bbox 2666 3911 2789 3950; x_wconf 91' lang='lat' dir='ltr'><strong>cum</strong></span> <span class='ocrx_word' id='word_1_634' title='bbox 2822 3893 3029 3964; x_wconf 78' lang='lat' dir='ltr'><strong>angelis</strong></span> <span class='ocrx_word' id='word_1_635' title='bbox 3063 3888 3382 3946; x_wconf 80' lang='lat' dir='ltr'><strong>sacriﬁcans</strong></span> <span class='ocrx_word' id='word_1_636' title='bbox 3412 3885 3696 3948; x_wconf 79' lang='lat' dir='ltr'><strong>Trinitati,</strong></span> 
     </span>
    </p>
   </div>
   <div class='ocr_carea' id='block_1_87' title="bbox 2126 3976 3699 4049">
    <p class='ocr_par' dir='ltr' id='par_1_87' title="bbox 2126 3976 3699 4049">
     <span class='ocr_line' id='line_1_87' title="bbox 2126 3976 3699 4049; baseline -0.01 -5"><span class='ocrx_word' id='word_1_637' title='bbox 2126 3992 2369 4044; x_wconf 83' lang='lat' dir='ltr'><strong>omnium</strong></span> <span class='ocrx_word' id='word_1_638' title='bbox 2436 3996 2686 4044; x_wconf 91' lang='lat' dir='ltr'><strong>nostrum</strong></span> <span class='ocrx_word' id='word_1_639' title='bbox 2763 3985 3118 4046; x_wconf 85' lang='lat' dir='ltr'><strong>memineris,</strong></span> <span class='ocrx_word' id='word_1_640' title='bbox 3157 3981 3480 4049; x_wconf 87' lang='lat' dir='ltr'><strong>veniamque</strong></span> <span class='ocrx_word' id='word_1_641' title='bbox 3539 3976 3699 4032; x_wconf 83' lang='lat' dir='ltr'><strong>nobis</strong></span> 
     </span>
    </p>
   </div>
   <div class='ocr_carea' id='block_1_88' title="bbox 2127 4068 3696 4153">
    <p class='ocr_par' dir='ltr' id='par_1_88' title="bbox 2127 4068 3696 4153">
     <span class='ocr_line' id='line_1_88' title="bbox 2127 4068 3696 4153; baseline -0.011 -17"><span class='ocrx_word' id='word_1_642' title='bbox 2127 4089 2472 4153; x_wconf 80' lang='lat' dir='ltr'><strong>peccatorum</strong></span> <span class='ocrx_word' id='word_1_643' title='bbox 2505 4080 2733 4148; x_wconf 79' lang='lat' dir='ltr'><strong>impetra</strong></span> <span class='ocrx_word' id='word_1_644' title='bbox 2761 4076 3223 4145; x_wconf 70' lang='lat' dir='ltr'><strong>:utssempiterna</strong></span> <span class='ocrx_word' id='word_1_645' title='bbox 3256 4070 3501 4126; x_wconf 74' lang='lat' dir='ltr'><strong>cmlestis</strong></span> <span class='ocrx_word' id='word_1_646' title='bbox 3547 4068 3696 4136; x_wconf 83' lang='lat' dir='ltr'><strong>regni</strong></span> 
     </span>
    </p>
   </div>
   <div class='ocr_carea' id='block_1_89' title="bbox 2126 4158 3701 4242">
    <p class='ocr_par' dir='ltr' id='par_1_89' title="bbox 2126 4158 3701 4242">
     <span class='ocr_line' id='line_1_89' title="bbox 2126 4158 3701 4242; baseline -0.011 -13"><span class='ocrx_word' id='word_1_647' title='bbox 2126 4174 2462 4229; x_wconf 82' lang='lat' dir='ltr'><strong>beatitudine</strong></span> <span class='ocrx_word' id='word_1_648' title='bbox 2512 4170 2716 4242; x_wconf 81' lang='lat' dir='ltr'><strong>perfrui</strong></span> <span class='ocrx_word' id='word_1_649' title='bbox 2750 4169 3042 4240; x_wconf 83' lang='lat' dir='ltr'><strong>possimus.</strong></span> <span class='ocrx_word' id='word_1_650' title='bbox 3078 4165 3135 4220; x_wconf 89' lang='lat' dir='ltr'><strong>In</strong></span> <span class='ocrx_word' id='word_1_651' title='bbox 3188 4164 3405 4219; x_wconf 78' lang='lat' dir='ltr'><strong>Christo</strong></span> <span class='ocrx_word' id='word_1_652' title='bbox 3436 4161 3563 4217; x_wconf 82' lang='lat' dir='ltr'><strong>Jcsu</strong></span> <span class='ocrx_word' id='word_1_653' title='bbox 3601 4158 3701 4213; x_wconf 88' lang='lat' dir='ltr'><strong>Do-</strong></span> 
     </span>
    </p>
   </div>
   <div class='ocr_carea' id='block_1_90' title="bbox 2128 4252 3697 4330">
    <p class='ocr_par' dir='ltr' id='par_1_90' title="bbox 2128 4252 3697 4330">
     <span class='ocr_line' id='line_1_90' title="bbox 2128 4252 3697 4330; baseline -0.008 -14"><span class='ocrx_word' id='word_1_654' title='bbox 2128 4264 2276 4317; x_wconf 83' lang='lat' dir='ltr'><strong>mino</strong></span> <span class='ocrx_word' id='word_1_655' title='bbox 2303 4268 2530 4316; x_wconf 89' lang='lat' dir='ltr'><strong>nostro:</strong></span> <span class='ocrx_word' id='word_1_656' title='bbox 2572 4261 2661 4314; x_wconf 92' lang='lat' dir='ltr'><strong>cui</strong></span> <span class='ocrx_word' id='word_1_657' title='bbox 2695 4259 2870 4330; x_wconf 82' lang='lat' dir='ltr'><strong>gloria</strong></span> <span class='ocrx_word' id='word_1_658' title='bbox 2919 4272 3045 4312; x_wconf 93' lang='lat' dir='ltr'><strong>cum</strong></span> <span class='ocrx_word' id='word_1_659' title='bbox 3092 4255 3254 4309; x_wconf 84' lang='lat' dir='ltr'><strong>Patre</strong></span> <span class='ocrx_word' id='word_1_660' title='bbox 3304 4252 3572 4324; x_wconf 71' lang='lat' dir='ltr'><strong>principio</strong></span> <span class='ocrx_word' id='word_1_661' title='bbox 3604 4264 3697 4303; x_wconf 86' lang='lat' dir='ltr'><strong>ca-</strong></span> 
     </span>
    </p>
   </div>
   <div class='ocr_carea' id='block_1_91' title="bbox 2129 4347 3699 4418">
    <p class='ocr_par' dir='ltr' id='par_1_91' title="bbox 2129 4347 3699 4418">
     <span class='ocr_line' id='line_1_91' title="bbox 2129 4347 3699 4418; baseline -0.008 -10"><span class='ocrx_word' id='word_1_662' title='bbox 2129 4366 2302 4418; x_wconf 89' lang='lat' dir='ltr'><strong>rente,</strong></span> <span class='ocrx_word' id='word_1_663' title='bbox 2327 4360 2381 4408; x_wconf 80' lang='lat' dir='ltr'><strong>et</strong></span> <span class='ocrx_word' id='word_1_664' title='bbox 2442 4360 2631 4409; x_wconf 91' lang='lat' dir='ltr'><strong>sancto</strong></span> <span class='ocrx_word' id='word_1_665' title='bbox 2688 4366 2752 4405; x_wconf 91' lang='lat' dir='ltr'><strong>ac</strong></span> <span class='ocrx_word' id='word_1_666' title='bbox 2801 4350 3112 4405; x_wconf 81' lang='lat' dir='ltr'><strong>viviﬁcante</strong></span> <span class='ocrx_word' id='word_1_667' title='bbox 3160 4347 3399 4416; x_wconf 83' lang='lat' dir='ltr'><strong>Spiritu,</strong></span> <span class='ocrx_word' id='word_1_668' title='bbox 3440 4357 3584 4397; x_wconf 88' lang='lat' dir='ltr'><strong>nunc</strong></span> <span class='ocrx_word' id='word_1_669' title='bbox 3642 4348 3699 4395; x_wconf 68' lang='lat' dir='ltr'><strong>et</strong></span> 
     </span>
    </p>
   </div>
   <div class='ocr_carea' id='block_1_92' title="bbox 456 4415 2020 4516">
    <p class='ocr_par' dir='ltr' id='par_1_92' title="bbox 456 4415 2020 4516">
     <span class='ocr_line' id='line_1_92' title="bbox 456 4415 2020 4516; baseline 0.005 -45"><span class='ocrx_word' id='word_1_670' title='bbox 456 4417 541 4516; x_wconf 33' lang='lat'><strong>7(1)-</strong></span> <span class='ocrx_word' id='word_1_671' title='bbox 566 4415 755 4516; x_wconf 73' lang='grc' dir='ltr'>Κυρίῳ</span> <span class='ocrx_word' id='word_1_672' title='bbox 792 4422 970 4516; x_wconf 75' lang='grc' dir='ltr'>ἡμῶν,</span> <span class='ocrx_word' id='word_1_673' title='bbox 1020 4417 1064 4492; x_wconf 81' lang='grc' dir='ltr'><strong>ᾧ</strong></span> <span class='ocrx_word' id='word_1_674' title='bbox 1097 4426 1129 4495; x_wconf 84' lang='grc' dir='ltr'>ὴ</span> <span class='ocrx_word' id='word_1_675' title='bbox 1186 4423 1309 4490; x_wconf 76' lang='grc' dir='ltr'>δόξα</span> <span class='ocrx_word' id='word_1_676' title='bbox 1340 4426 1436 4478; x_wconf 81' lang='grc' dir='ltr'><strong>σὺν</strong></span> <span class='ocrx_word' id='word_1_677' title='bbox 1487 4426 1562 4495; x_wconf 81' lang='grc' dir='ltr'>τῷ</span> <span class='ocrx_word' id='word_1_678' title='bbox 1603 4426 1822 4497; x_wconf 83' lang='grc' dir='ltr'>ἀνάρχῳ</span> <span class='ocrx_word' id='word_1_679' title='bbox 1852 4427 2020 4497; x_wconf 67' lang='grc' dir='ltr'>Πατρὶ</span> 
     </span>
    </p>
   </div>
   <div class='ocr_carea' id='block_1_93' title="bbox 2118 4415 3385 4516">
    <p class='ocr_par' dir='ltr' id='par_1_93' title="bbox 2135 4429 3385 4516">
     <span class='ocr_line' id='line_1_93' title="bbox 2135 4429 3385 4516; baseline -0.011 -14"><span class='ocrx_word' id='word_1_680' title='bbox 2135 4462 2366 4516; x_wconf 85' lang='lat' dir='ltr'><strong>semper,</strong></span> <span class='ocrx_word' id='word_1_681' title='bbox 2398 4452 2449 4501; x_wconf 89' lang='lat' dir='ltr'><strong>et</strong></span> <span class='ocrx_word' id='word_1_682' title='bbox 2489 4429 2547 4499; x_wconf 86' lang='lat' dir='ltr'><strong>in</strong></span> <span class='ocrx_word' id='word_1_683' title='bbox 2574 4445 2772 4500; x_wconf 81' lang='lat' dir='ltr'><strong>saecula</strong></span> <span class='ocrx_word' id='word_1_684' title='bbox 2816 4443 3160 4498; x_wconf 70' lang='lat' dir='ltr'><strong>saeculorum.</strong></span> <span class='ocrx_word' id='word_1_685' title='bbox 3195 4439 3385 4491; x_wconf 87' lang='lat' dir='ltr'><strong>Amen.</strong></span> 
     </span>
    </p>
   </div>
   <div class='ocr_carea' id='block_1_94' title="bbox 456 4512 2020 4589">
    <p class='ocr_par' dir='ltr' id='par_1_94' title="bbox 456 4512 2020 4589">
     <span class='ocr_line' id='line_1_94' title="bbox 456 4512 2020 4589; baseline 0.006 -26"><span class='ocrx_word' id='word_1_686' title='bbox 456 4513 554 4564; x_wconf 78' lang='grc' dir='ltr'><strong>καὶ</strong></span> <span class='ocrx_word' id='word_1_687' title='bbox 578 4512 653 4584; x_wconf 85' lang='grc' dir='ltr'>τῷ</span> <span class='ocrx_word' id='word_1_688' title='bbox 683 4514 811 4586; x_wconf 77' lang='grc' dir='ltr'>θείῳ</span> <span class='ocrx_word' id='word_1_689' title='bbox 838 4516 928 4570; x_wconf 75' lang='grc' dir='ltr'>καὶ</span> <span class='ocrx_word' id='word_1_690' title='bbox 952 4515 1200 4588; x_wconf 77' lang='grc' dir='ltr'>ζωοποιῴ</span> <span class='ocrx_word' id='word_1_691' title='bbox 1222 4518 1518 4589; x_wconf 87' lang='grc' dir='ltr'>Πνεύματι,</span> <span class='ocrx_word' id='word_1_692' title='bbox 1547 4519 1641 4574; x_wconf 80' lang='grc' dir='ltr'>νῦν</span> <span class='ocrx_word' id='word_1_693' title='bbox 1671 4520 1763 4574; x_wconf 68' lang='grc' dir='ltr'><strong>καὶ</strong></span> <span class='ocrx_word' id='word_1_694' title='bbox 1784 4520 1891 4585; x_wconf 72' lang='grc' dir='ltr'>ἀεὶ,</span> <span class='ocrx_word' id='word_1_695' title='bbox 1928 4521 2020 4573; x_wconf 69' lang='grc' dir='ltr'><strong>καὶ</strong></span> 
     </span>
    </p>
   </div>
   <div class='ocr_carea' id='block_1_95' title="bbox 453 4603 1536 4685">
    <p class='ocr_par' dir='ltr' id='par_1_95' title="bbox 453 4603 1536 4685">
     <span class='ocr_line' id='line_1_95' title="bbox 453 4603 1536 4685; baseline 0.008 -28"><span class='ocrx_word' id='word_1_696' title='bbox 453 4603 539 4667; x_wconf 78' lang='grc' dir='ltr'><strong>είς</strong></span> <span class='ocrx_word' id='word_1_697' title='bbox 570 4607 694 4670; x_wconf 78' lang='grc' dir='ltr'>τοὺς</span> <span class='ocrx_word' id='word_1_698' title='bbox 720 4607 917 4672; x_wconf 87' lang='grc' dir='ltr'>αἰῶνας</span> <span class='ocrx_word' id='word_1_699' title='bbox 944 4610 1049 4663; x_wconf 88' lang='grc' dir='ltr'><strong>τῶν</strong></span> <span class='ocrx_word' id='word_1_700' title='bbox 1068 4610 1306 4667; x_wconf 70' lang='grc' dir='ltr'>αἰώνων.</span> <span class='ocrx_word' id='word_1_701' title='bbox 1346 4613 1402 4664; x_wconf 77' lang='grc' dir='ltr'><strong>Ἀ</strong></span> <span class='ocrx_word' id='word_1_702' title='bbox 1415 4615 1536 4685; x_wconf 79' lang='grc' dir='ltr'>μὴν.</span> 
     </span>
    </p>
   </div>
  </div>
