4050 6164
375 287 474 346 83!

394 446 1809 475 Μ

1641 601 1868 687 ΤΟΥ

1612 292 1666 346 S.
1710 290 2031 347 GREGORII
2066 290 2357 347 NYSSENI

3526 286 3633 343 8'32

2421 449 3061 482 ==:====3

1964 601 2338 687 ΑΥΤΟΥ

1266 790 2104 909 ΕΠΙΤΑΦΙΟΣ
2213 782 2743 906 ΛΟΓΟΣ

1004 1009 1115 1064 ΕΙΣ
1164 1009 1302 1063 TON
1353 1008 1590 1064 MEFAN
1651 1004 1964 1060 ΜΕΛΕΤΙΟᾸ

2065 1004 2466 1063 ΕΠΙΣΚΟΠΟΝ
2526 1000 2969 1061 ΔΝΤῙΟΧΕῘΔΣ.

1731 1292 2266 1384 EJUSDEM
2782 1412 2791 1418 .

1340 1507 1873 1626 ORATIO
1968 1495 2666 1620 FUNEBRIS

1167 1730 1231 1791 ΙΝ
1267 1729 1557 1789 MAGNUM
1597 1731 1953 1789 MELETIUM
1991 1729 2380 1788 EPISCOPUM
2411 1730 2830 1789 ANTIOCHIIE.
2911 1787 2920 1794 ,

1543 1889 1809 1942 Laurentio
1834 1892 2050 1956 Siphano
2074 1892 2375 1956 interprete.

455 2211 624 2267 Auxit
667 2211 823 2267 nobis
882 2225 1165 2267 numerum
1197 2214 1564 2280 apostolorum
1608 2228 1785 2270 novus
1824 2228 1958 2285 apo-

2130 2215 2378 2287 Ηῦξησεν
2413 2219 2543 2288 ἡμῖν
2572 2217 2663 2270 τὸν
2703 2215 2932 2288 ἀριθμὸν
2962 2213 3070 2268 τῶν
3113 2212 3423 2268 ἀποστόλων
3453 2215 3482 2268 6
3508 2215 3633 2278 νέος

387 2304 582 2366 stolus,
632 2303 727 2374 qui
757 2310 1046 2374 cooptatus
1071 2312 1157 2360 est
1205 2306 1258 2359 in
1289 2305 1535 2360 ordinem
1565 2308 1956 2376 apostolorum.

387 2391 696 2451 Traxerunt
724 2395 867 2450 enim
898 2396 1072 2450 sancti
1106 2395 1174 2449 ad
1205 2410 1263 2451 se
1293 2397 1560 2460 moribus,
1587 2399 1958 2471 consimilem;

386 2487 666 2553 athletam,
697 2488 945 2555 athletae;
969 2496 1312 2556 coronatum,
1335 2490 1579 2545 coronati
1605 2506 1621 2557 ;
1644 2490 1823 2545 animo
1839 2505 1963 2546 cas-

390 2566 536 2641 tum,
575 2578 741 2635 corde
778 2581 941 2650 puri;
980 2595 1287 2650 praeconem
1344 2582 1616 2638 sermonis
1646 2623 1662 2650 ,
1720 2582 1962 2636 ministri

389 2672 678 2726 sermonis.
715 2669 915 2727 Verum
974 2680 1128 2744 pater
1166 2674 1384 2743 quidem
1439 2682 1627 2731 noster
1673 2673 1961 2745 apostolici

387 2762 755 2828 contubernii,
795 2773 850 2819 et
878 2765 946 2820 ad
999 2765 1276 2822 Christum
1322 2766 1674 2821 resolutionis
1736 2767 1964 2822 nomine

389 2851 583 2908 beatus
612 2853 894 2910 habendus
913 2863 1030 2912 est:
1058 2872 1158 2911 nos
1189 2871 1318 2911 vero
1348 2857 1711 2914 miserabiles.
1743 2857 1964 2913 Orbitas

388 2943 535 2998 enim
584 2953 911 3013 praematura
954 2961 1062 3002 non
1101 2949 1254 3011 sinit,
1292 2957 1351 3002 ut
1396 2964 1463 3003 eo
1504 2949 1728 3005 nomine
1774 2951 1963 3005 beatos

389 3047 492 3087 nos
525 3035 793 3102 dicamus,
835 3036 978 3106 quod
1006 3047 1114 3090 tam
1144 3038 1347 3092 bonum
1374 3048 1429 3094 et
1468 3040 1814 3094 commodum
1862 3057 1962 3110 pa-

390 3132 530 3180 trem
559 3128 706 3181 nacti
738 3143 959 3182 eramus
981 3168 995 3183 .
1047 3129 1133 3182 llli
1166 3131 1365 3185 melius
1396 3139 1515 3186 erat
1550 3147 1646 3201 per
1674 3134 1964 3188 resolutio-

389 3231 514 3271 nem
546 3232 670 3272 esse
697 3232 822 3273 cum
863 3219 1084 3275 Christo
1115 3237 1129 3274 :
1166 3227 1221 3273 at
1255 3221 1414 3276 nobis
1451 3224 1710 3277 acerbum
1748 3232 1804 3278 et
1842 3239 1966 3279 mo-

389 3305 587 3363 lestum
649 3318 879 3378 paterno
958 3310 1214 3381 praesidio
1286 3313 1698 3383 patrocinioque
1752 3329 1961 3369 carere.

389 3393 534 3452 Ecce
561 3398 707 3453 enim
738 3406 953 3469 tempus
987 3402 1205 3457 consilii
1239 3412 1324 3459 est
1349 3444 1364 3469 ,
1396 3412 1452 3460 et
1509 3406 1799 3461 consilium
1834 3408 1966 3464 dare

2057 2310 2371 2373 ἀπόστολος,
2395 2311 2424 2361 ό
2453 2307 2988 2378 συγκαταψηφισθεὶς
3012 2306 3148 2378 μετὰ
3176 2306 3283 2360 τῶν
3294 2306 3623 2359 ἀποστόλων.

2057 2403 2328 2455 Εῐλκυσαν
2356 2403 2464 2474 γὰρ
2501 2398 2549 2455 oi
2591 2405 2734 2469 ἆγιοι
2760 2402 2895 2471 πρὸς
2922 2401 3146 2463 ἑαυτοὺς
3178 2399 3267 2452 τὸν
3302 2400 3622 2469 ὁμότροπον,

2058 2495 2146 2547 τὸν
2175 2495 2406 2566 ἀθλητὴν
2429 2494 2519 2547 τὸν
2549 2494 2868 2563 στεφανίτην
2905 2494 2953 2546 οἱ
2985 2494 3316 2561 πεφανῖται,
3346 2490 3436 2544 τὸν
3464 2487 3626 2558 ἁγνὸν

2058 2586 2107 2638 οἱ
2138 2585 2383 2656 ἀθληταὶ,
2421 2585 2486 2653 τῇ
2506 2583 2650 2653 ψυχῇ
2675 2583 2724 2635 οἱ
2747 2581 2971 2654 καθαροὶ
2990 2584 3055 2652 τῇ
3074 2578 3390 2651 καρδία,τὸν
3413 2580 3627 2647 κὴρώια

2058 2676 2152 2730 τοῦ
2169 2677 2325 2744 λόγου
2342 2677 2391 2728 oi
2408 2676 2673 2746 ὑπηρέται
2689 2675 2782 2728 τοῦ
2801 2675 2976 2742 λόγου.
2995 2672 3153 2726 Ἀλλὰ
3174 2672 3502 2744 μακαριστὸς
3528 2671 3629 2741 μὲν

2060 2767 2088 2818 6
2103 2764 2250 2835 Ιῐατὴ
2258 2781 2289 2835 ρ
2312 2763 2489 2832 ἡμῶν,
2506 2763 2680 2831 τῆςτε
2704 2763 3061 2833 ἁποστολικῆς
3081 2761 3391 2833 συσκηνίας,
3421 2762 3513 2812 καὶ
3528 2759 3629 2827 τῆς

2062 2856 2197 2927 πρὸς
2224 2855 2313 2908 τὸν
2344 2853 2577 2925 Χριστὸν
2606 2854 2915 2916 ἀναλύσεως
2939 2870 2953 2883 ο
2997 2853 3220 2906 ὲλεεινοὶ
3247 2852 3300 2905 δὲ
3325 2853 3501 2921 ἡμεῖς.
3552 2848 3627 2901 Οὐ

2060 2947 2170 3018 γὰρ
2197 2947 2262 3017 ἐᾷ
2290 2943 2612 3016 μακαρίζειν
2642 2945 2790 3015 ἡμᾶς
2826 2943 2918 2997 τοῦ
2954 2945 3168 3017 Πατρὸς
3191 2942 3288 3014 τὴν
3313 2936 3627 3010 εὐκληρίαν,

2062 3041 2095 3107 ἡ
2118 3038 2293 3109 ἀωρία
2328 3040 2427 3106 τῆς
2475 3035 2756 3106 ὀρφανίας.
2808 3036 3029 3107 Ἐκείνφ
3070 3038 3314 3106 κρεῖττον
3343 3029 3409 3104 ἦν
3440 3032 3501 3085 τὸ
3535 3032 3631 3083 σὺν

2062 3128 2282 3201 Χριστῷ
2308 3124 2444 3181 εἶναι
2476 3127 2562 3180 διὰ
2599 3128 2694 3198 τῆς
2736 3122 3065 3192 ἀναλύσεως,
3098 3128 3213 3182 ἀλλ’
3245 3130 3375 3198 ἡμῖν
3398 3124 3631 3197 χαλεπὸν

2060 3218 2122 3272 τὸ
2152 3219 2532 3289 διαζευχθῆναι
2555 3218 2653 3287 τῆς
2683 3218 2952 3288 πατρικῆς
2975 3218 3325 3289 προστασίας.
3365 3216 3495 3268 Ἰδοὺ
3523 3214 3633 3287 γὰρ

2067 3311 2259 3382 βουλῆς
2308 3311 2523 3381 καιρὸς,
2556 3309 2651 3363 καὶ
2691 3311 2719 3362 6
2761 3309 3137 3380 συμϐουλεύων
3185 3310 3331 3379 σιγᾷ.
3392 3308 3634 3377 Πόλεμος

2065 3404 2212 3472 ἡμᾶς
2259 3402 2751 3472 περιεστοίχισται,
2807 3402 3041 3473 πόλεμος
3083 3401 3355 3471 αἱρετικός
3385 3416 3399 3430 ο
3460 3399 3554 3451 καὶ
3605 3399 3634 3449 6

392 3489 588 3544 solitus
623 3499 784 3545 tacet.
822 3491 1030 3548 Bellum
1065 3511 1167 3550 nos
1198 3496 1561 3565 circumstat,
1614 3499 1817 3554 bellum
1853 3500 1962 3554 lue-

2068 3492 2385 3564 στρατηγῶν
2438 3494 2539 3546 οὐκ
2587 3493 2721 3547 ἔστι.
2786 3494 3001 3565 Κάμνει
3036 3495 3155 3556 ταῖς
3205 3490 3532 3564 ἀρρωστίαις
3572 3490 3634 3542 τὸ

390 3581 654 3650 reticum;
681 3591 735 3636 et
772 3584 867 3652 qui
893 3584 1086 3640 ducem
1115 3602 1175 3642 se
1203 3588 1476 3658 praebeat,
1515 3563 1674 3645 nobis
1707 3607 1815 3645 nou
1851 3599 1956 3647 est.

2065 3563 2436 3655 κοινδνσῶμα
2485 3585 2577 3652 τῆς
2618 3563 2973 3655 Ἐκκλησίας,
3024 3583 3118 3637 καὶ
3169 3563 3255 3637 τὸν
3314 3581 3490 3652 ἰατρὸν
3536 3579 3636 3656 οὐχ

389 3672 633 3729 Laborat
666 3676 1077 3733 inﬁrmitatibus
1103 3693 1393 3736 commune
1425 3696 1624 3752 corpus
1654 3682 1909 3739 Ecclesiae
1945 3724 1960 3749 ,

392 3776 446 3822 et
477 3767 750 3822 medicum
788 3785 894 3825 non
947 3772 1277 3827 invenimus.
1310 3772 1505 3828 Videte
1535 3789 1645 3843 quo
1703 3776 1826 3831 loco
1854 3777 1965 3831 sint

393 3872 483 3912 res
511 3866 739 3913 nostrae:
762 3860 976 3924 vellem,
995 3862 1170 3930 siquo
1195 3862 1359 3915 modo
1386 3862 1501 3917 ﬁeri
1533 3872 1740 3932 posset,
1763 3869 1965 3919 conlir~

393 3956 541 4001 mata
573 3964 690 4003 mea
724 3949 1000 4005 debilitate
1032 3966 1140 4018 una
1174 3967 1298 4006 cum
1332 3954 1709 4023 magnitudine
1739 3957 1966 4010 calami-

394 4039 525 4092 tatis
547 4037 864 4101 ascendere,
890 4047 944 4094 et
977 4040 1212 4110 aliquam
1232 4057 1483 4111 rumpere
1504 4058 1712 4111 vocem,
1732 4061 1854 4115 qua:
1886 4048 1966 4101 in-

395 4128 685 4183 commodo
732 4127 1089 4197 responderet
1131 4146 1146 4185 :
1192 4131 1655 4201 quemadmodum
1710 4135 1803 4188 isti
1859 4134 1962 4187 viri

396 4219 603 4291 egregii
657 4218 954 4284 fecerunt,
1006 4220 1100 4290 qui
1162 4238 1356 4293 magna
1406 4239 1539 4279 voce
1598 4226 1966 4281 calamitatem

398 4311 585 4369 amissi
636 4310 810 4382 patris
845 4310 1285 4380 deploraverunt.
1325 4311 1431 4368 Sed
1460 4314 1591 4381 quid
1632 4329 1788 4383 agam
1818 4315 1842 4367 ?
1871 4315 1968 4385 qui

398 4418 591 4474 cogam
635 4403 875 4473 linguam
904 4402 972 4456 ad
1002 4402 1406 4461 inserviendum
1436 4406 1673 4458 orationi
1706 4415 1965 4476 tanquam

395 4493 548 4567 gravi
589 4494 806 4548 vinculo
840 4534 856 4557 ,
920 4494 1229 4549 calamitate
1282 4493 1598 4564 impeditam
1629 4496 1652 4548 ?
1682 4495 1968 4561 Quomodo

396 4587 635 4653 aperiam
663 4600 725 4640 os
766 4587 1141 4642 taciturnitate
1199 4597 1362 4655 atque
1422 4588 1646 4642 silentio
1694 4591 1968 4659 captum?

396 4693 503 4747 qua
540 4678 749 4733 ratione
782 4693 969 4733 vocem
1003 4679 1248 4734 emittam
1283 4679 1348 4732 ad
1380 4680 1717 4735 calamitates
1751 4690 1805 4735 et
1856 4682 1970 4737 luc-

396 4778 487 4826 tus
519 4786 583 4825 ex
615 4770 1014 4827 consuetudine
1043 4770 1387 4827 delabentem
1419 4772 1441 4824 ?
1469 4775 1746 4842 quomodo
1801 4776 1969 4829 animi

2062 3676 2406 3747 εὑρίσκομεν.
2453 3674 2646 3746 Ὁρᾶτε
2679 3676 2737 3728 ὲν
2766 3678 3026 3738 ποταποῖς
3055 3674 3123 3726 τὰ
3153 3674 3416 3744 ἡμέτερα.
3457 3671 3638 3723 Ἐϐου-

2061 3766 2233 3837 λόμην
2258 3766 2426 3829 εἶπως
2459 3760 2571 3819 οἷόν
2613 3783 2672 3819 τε
2706 3762 2773 3837 ἦν
2815 3765 3051 3829 τονὼσας
3080 3764 3317 3835 ἐμαυτοῦ
3349 3763 3446 3833 τὴν
3478 3762 3635 3819 ἀσθέ-

2062 3874 2231 3921 νειαν,
2254 3857 2612 3927 συναναϐἧναι
2633 3856 2712 3926 τῷ
2742 3856 2890 3927 ὄγκῳ
2920 3860 3018 3928 τῆς
3058 3857 3355 3926 συμφορᾶς,
3392 3855 3481 3908 καί
3516 3871 3638 3907 τινα

2066 3949 2226 4021 ῥῆξαι
2277 3947 2458 4019 φωνὴν
2508 3948 2628 4001 κατ’
2664 3947 2819 4013 ἀξίαν
2858 3946 2952 4001 τοῦ
3001 3947 3242 4010 πάθουςο
3301 3946 3552 4015 καθάπερ
3588 3947 3637 3997 oi

2065 4043 2301 4110 γενναῖοι
2347 4040 2710 4111 πεποιήκασιν
2743 4030 2923 4102 οὗτοι,
2975 4035 3373 4108 μεγαλοφὼνως
3417 4036 3516 4106 τὴν
3546 4037 3639 4087 ἐπὶ

2063 4131 2141 4202 τῷ
2187 4131 2363 4202 Πατρὶ
2415 4130 2697 4206 συμφορὰν
2739 4128 3072 4200 ὀδυρόμενοι.
3127 4126 3287 4181 ’Λλλά
3337 4127 3391 4180 τί
3438 4126 3635 4191 milia);

2066 4223 2191 4287 Πῶς
2230 4221 2486 4292 βιάσομαι
2531 4221 2779 4290 γλῶσσαν
2833 4222 2913 4284 είς
2962 4219 3264 4290 ὑπηρεσίαν
3313 4219 3406 4272 τοῦ
3454 4219 3636 4285 λόγου,

2065 4314 2315 4386 καθάπερ
2343 4316 2451 4368 τινὶ
2488 4314 2621 4385 πὲδῃ
2659 4313 2851 4384 βαρείᾳ
2888 4315 2952 4383 τῇ
2983 4314 3239 4383 συμφορᾷ
3270 4310 3636 4382 πεδηθεῖσανς

2066 4407 2192 4471 Πῶς
2221 4405 2413 4470 ἀνοίξω
2452 4406 2625 4477 στόμα
2664 4407 2729 4475 τῇ
2771 4405 2977 4475 ἀφασίᾳ
3014 4404 3460 4476 κεκρατημένον;
3513 4402 3638 4472 Πῶς

2068 4496 2323 4567 πρόωμαι
2353 4496 2564 4567 φωνὴν,
2609 4497 2689 4558 εἰς
2737 4495 2881 4565 πάθη
2925 4494 3017 4548 καὶ
3052 4495 3282 4565 θρήνους
3327 4495 3469 4548 κατὰ
3515 4512 3639 4548 συν-

2068 4586 2255 4659 ηθείας
2304 4585 2849 4651 κατολισθαίνουσανς
2892 4582 3033 4649 Πῶς
3063 4585 3349 4655 ἀναϐλέψω
3386 4589 3498 4659 τοῖς
3539 4587 3638 4655 τῆς

2066 4679 2241 4749 ψυχῆς
2263 4677 2577 4747 ὀφθαλμοῖς,
2613 4676 2691 4747 τῷ
2720 4678 2819 4747 τῆς
2837 4679 3120 4748 συμφορᾶς
3148 4677 3329 4748 γνόφῳ
3362 4658 3640 4747 κεκὲῧιυμ-

2072 4768 2257 4838 μένος;
2290 4767 2383 4829 Τίς
2416 4783 2505 4836 μοι
2533 4761 2768 4834 διασχὼν
2802 4766 2898 4836 τὴν
2926 4765 3145 4834 βαθεῖαν
3173 4766 3371 4837 ταύτην
3398 4766 3491 4819 καὶ
3508 4782 3637 4818 σκο-

395 4863 573 4918 uculis
606 4863 925 4932 suspiciam,
960 4863 1053 4933 qui
1082 4863 1316 4933 caligine
1360 4864 1692 4921 calamitatis
1724 4866 1964 4920 circum-

2069 4859 2250 4928 στεινὴν
2273 4858 2373 4927 τῆς
2396 4856 2570 4927 λύπης
2592 4856 2838 4927 νεφέλην,
2871 4857 3032 4911 πάλιν
3059 4858 3118 4924 ἐξ
3140 4857 3354 4929 αἰθρίας
3379 4857 3639 4928 λαμπρὰν

395 4952 556 5010 fusus
614 4955 776 5009 sum?
821 4954 956 5021 Quis
986 4956 1119 5009 mihi
1154 4956 1255 5010 hac
1304 4956 1475 5011 densa
1514 4963 1679 5026 atque
1732 4959 1968 5014 obscura

398 5045 639 5100 tristitiae
695 5046 892 5101 nebula
949 5046 1237 5113 discussa,
1300 5062 1495 5102 rursus
1548 5063 1616 5103 ex
1675 5051 1971 5104 serenitate

397 5138 608 5191 clarum
643 5137 797 5207 pacis
831 5137 1045 5193 radium
1076 5137 1399 5193 exhibebit?
1432 5137 1576 5192 unde
1628 5153 1758 5192 vero
1784 5138 1970 5193 radius

398 5229 565 5283 etiam
596 5229 888 5296 elucescet,
919 5244 1042 5283 cum
1079 5229 1235 5284 stella
1270 5229 1428 5285 nobis
1454 5228 1719 5284 occiderit
1745 5230 1768 5282 ἲ
1793 5230 1836 5284 0
1858 5246 1969 5283 mu-

399 5320 506 5377 lam
536 5328 753 5375 noctem
794 5321 1089 5375 obscuram
1118 5361 1134 5385 ,
1173 5337 1296 5391 quae
1347 5330 1524 5377 ortum
1587 5320 1810 5375 luminis
1858 5337 1965 5374 non

401 5423 584 5480 sperat
617 5413 629 5465 l
675 5411 848 5478 Quam
885 5415 1160 5468 contrario
1198 5415 1360 5468 modo
1391 5428 1421 5466 a
1454 5413 1611 5467 uobis
1637 5412 1741 5466 hoc
1768 5411 1890 5466 loco
1916 5423 1968 5466 et

400 5520 548 5573 nunc
580 5505 747 5559 verba
775 5504 930 5569 ﬁunt,
961 5514 1016 5560 et
1042 5520 1218 5575 nuper
1273 5505 1419 5559 facta
1462 5514 1588 5560 sunt
1616 5505 1629 5556 l
1666 5504 1821 5559 Tunc
1850 5516 1968 5559 tan-

401 5609 566 5664 quam
604 5594 659 5647 in
692 5596 895 5665 nuptiis
938 5595 1376 5664 tripudiabamus
1415 5603 1470 5651 et
1513 5595 1744 5649 choreas
1799 5593 1963 5649 duce-

402 5689 635 5751 hamus:
665 5700 811 5741 nunc
844 5685 1229 5741 miserabiliter
1258 5687 1503 5756 lugentes
1539 5685 1963 5761 ingemiscimus.

2035 4952 2038 4955 “
2068 4948 2336 5013 ἀναδείξει
2360 4947 2456 5017 τὴν
2486 4947 2585 5017 τῆς
2610 4949 2845 5018 εἰρήνης»
2862 4949 3089 5013 ἀκτῖνας
3117 4948 3286 5001 Πόθεν
3308 4949 3362 5001 δὲ
3385 4948 3476 5000 καὶ
3503 4950 3640 5001 ἀνα-

2067 5042 2268 5112 λάμψει
2297 5042 2330 5111 ἡ
2372 5040 2528 5102 ἀκτὶς
2547 5078 2560 5102 9
2595 5038 2689 5092 τοῦ
2722 5039 3008 5110 φωπῆρος
3038 5043 3172 5109 ἡμῖν
3200 5040 3636 5104 καταδύναντος;

2072 5135 2134 5185 Ὢ
2164 5133 2339 5201 κακῆς
2376 5131 2732 5200 σκοτομήνης,
2760 5130 3022 5201 ἀνατολὴν
3050 5132 3333 5201 φωστῆρος
3367 5130 3468 5183 οὐκ
3496 5130 3639 5183 ὲλπι-

2070 5223 2267 5293 ζούσης
2302 5223 2315 5277 !
2361 5221 2437 5284 ὡς
2466 5221 2784 5275 ἀπεναντίον
2819 5224 2952 5293 ἡμῖν
2985 5224 3042 5275 ὲν
3078 5222 3156 5292 τῷ
3193 5222 3422 5291 παρόντι
3464 5220 3639 5289 τόπῷ,

2068 5317 2161 5372 νῦν
2188 5333 2247 5368 τε
2280 5314 2371 5368 καὶ
2411 5312 2600 5385 πρώην
2636 5317 2683 5367 οἱ
2714 5314 2863 5383 λόγοι
2907 5315 3174 5383 γίνονταιῐ
3218 5315 3351 5367 Τότε
3386 5314 3638 5383 γαμικὼς

2068 5410 2415 5479 ὲχορεύομεν,
2442 5407 2535 5460 νῦν
2562 5406 2810 5470 ἐλεεινῶς
2838 5408 2929 5459 ἰπὶ
2957 5406 3037 5477 τῷ
3065 5407 3249 5460 πένθει
3285 5407 3633 5477 στενάζομεν.

2070 5501 2201 5553 Τότε
2228 5499 2606 5567 ἐπιθαλάμιον,
2638 5497 2733 5553 νῦν
2764 5499 3047 5567 ἐπιτάφιον
3080 5499 3298 5569 ᾄδομεν.
3340 5497 3635 5568 Μέμνησθε

2071 5592 2178 5662 γὰρ
2208 5593 2298 5644 ὅτε
2328 5591 2417 5644 τὸν
2461 5591 2826 5661 πνευματικὸν
2870 5590 3013 5659 ὑμᾶς
3055 5591 3231 5661 γάμον
3258 5594 3631 5662 εἱστιάσαμεν,

2070 5684 2147 5755 τῷ
2181 5683 2329 5756 καλῷ
2371 5683 2589 5755 νυμφίῳ
2638 5679 3016 5746 εἰσοικίζοντες
3063 5683 3161 5755 τὴν
3198 5682 3487 5755 παρθένον,
3540 5681 3636 5737 καὶ
