  <div class='ocr_page' id='page_1' title='image "/cluster/home/n/w/nwhite01/storage/ocr_20150623/46/mdp.39015011915447/434.png"; bbox 0 0 4050 6164; ppageno 0'>
   <div class='ocr_carea' id='block_1_1' title="bbox 324 3969 755 4024">
    <p class='ocr_par' dir='ltr' id='par_1_1' title="bbox 324 3969 755 4024">
     <span class='ocr_line' id='line_1_1' title="bbox 324 3969 755 4024; baseline -0.005 1"><span class='ocrx_word' id='word_1_1' title='bbox 324 3992 333 3999; x_wconf 77' lang='grc'><em>’</em></span> <span class='ocrx_word' id='word_1_2' title='bbox 406 3969 755 4024; x_wconf 80' lang='grc' dir='ltr'>ἀνταπόδοτε.</span> 
     </span>
    </p>
   </div>
   <div class='ocr_carea' id='block_1_2' title="bbox 375 294 482 353">
    <p class='ocr_par' dir='ltr' id='par_1_2' title="bbox 375 294 482 353">
     <span class='ocr_line' id='line_1_2' title="bbox 375 294 482 353; baseline -0.009 0"><span class='ocrx_word' id='word_1_3' title='bbox 375 294 482 353; x_wconf 75' lang='lat'><strong>853</strong></span> 
     </span>
    </p>
   </div>
   <div class='ocr_carea' id='block_1_3' title="bbox 1571 297 2391 355">
    <p class='ocr_par' dir='ltr' id='par_1_3' title="bbox 1571 297 2391 355">
     <span class='ocr_line' id='line_1_3' title="bbox 1571 297 2391 355; baseline -0.001 -2"><span class='ocrx_word' id='word_1_4' title='bbox 1571 298 1658 353; x_wconf 87' lang='lat' dir='ltr'><strong>DE</strong></span> <span class='ocrx_word' id='word_1_5' title='bbox 1697 297 2001 355; x_wconf 80' lang='lat' dir='ltr'><strong>MELETIO</strong></span> <span class='ocrx_word' id='word_1_6' title='bbox 2039 297 2391 355; x_wconf 83' lang='lat' dir='ltr'><strong>EPISCOPO.</strong></span> 
     </span>
    </p>
   </div>
   <div class='ocr_carea' id='block_1_4' title="bbox 3091 283 3124 301">
    <p class='ocr_par' dir='ltr' id='par_1_4' title="bbox 3091 283 3124 301">
     <span class='ocr_line' id='line_1_4' title="bbox 3091 283 3124 301; baseline 0 -4"><span class='ocrx_word' id='word_1_7' title='bbox 3091 283 3124 301; x_wconf 66' lang='grc' dir='ltr'><em>κ</em></span> 
     </span>
    </p>
   </div>
   <div class='ocr_carea' id='block_1_5' title="bbox 3522 301 3629 358">
    <p class='ocr_par' dir='ltr' id='par_1_5' title="bbox 3522 301 3629 358">
     <span class='ocr_line' id='line_1_5' title="bbox 3522 301 3629 358; baseline 0.019 -2"><span class='ocrx_word' id='word_1_8' title='bbox 3522 301 3629 358; x_wconf 67' lang='grc'><strong>854</strong></span> 
     </span>
    </p>
   </div>
   <div class='ocr_carea' id='block_1_6' title="bbox 376 414 1970 490">
    <p class='ocr_par' dir='ltr' id='par_1_6' title="bbox 376 414 1950 490">
     <span class='ocr_line' id='line_1_6' title="bbox 376 414 1950 490; baseline 0.001 -18"><span class='ocrx_word' id='word_1_9' title='bbox 376 417 449 472; x_wconf 81' lang='grc' dir='ltr'>τὰ</span> <span class='ocrx_word' id='word_1_10' title='bbox 491 416 602 470; x_wconf 87' lang='grc' dir='ltr'><strong>τῶν</strong></span> <span class='ocrx_word' id='word_1_11' title='bbox 627 414 800 486; x_wconf 84' lang='grc' dir='ltr'>λόγων</span> <span class='ocrx_word' id='word_1_12' title='bbox 840 415 967 471; x_wconf 72' lang='grc' dir='ltr'>ἕδνα</span> <span class='ocrx_word' id='word_1_13' title='bbox 1007 416 1147 472; x_wconf 83' lang='grc' dir='ltr'><strong>κατά</strong></span> <span class='ocrx_word' id='word_1_14' title='bbox 1175 414 1401 487; x_wconf 82' lang='grc' dir='ltr'>δύναμιν</span> <span class='ocrx_word' id='word_1_15' title='bbox 1428 417 1584 490; x_wconf 79' lang='grc' dir='ltr'>ἡμῶν</span> <span class='ocrx_word' id='word_1_16' title='bbox 1625 419 1950 488; x_wconf 77' lang='grc' dir='ltr'>εἰσηνεγκά-</span> 
     </span>
    </p>
   </div>
   <div class='ocr_carea' id='block_1_7' title="bbox 2072 414 3620 490">
    <p class='ocr_par' dir='ltr' id='par_1_7' title="bbox 2072 416 3620 488">
     <span class='ocr_line' id='line_1_7' title="bbox 2072 416 3620 488; baseline -0.001 -16"><span class='ocrx_word' id='word_1_17' title='bbox 2072 417 2210 474; x_wconf 82' lang='grc' dir='ltr'>Γυηο</span> <span class='ocrx_word' id='word_1_18' title='bbox 2252 419 2510 487; x_wconf 90' lang='lat' dir='ltr'><strong>nuptiale,</strong></span> <span class='ocrx_word' id='word_1_19' title='bbox 2545 432 2694 473; x_wconf 90' lang='lat' dir='ltr'><strong>nunc</strong></span> <span class='ocrx_word' id='word_1_20' title='bbox 2733 416 3038 488; x_wconf 88' lang='lat' dir='ltr'><strong>sepulcrale</strong></span> <span class='ocrx_word' id='word_1_21' title='bbox 3090 430 3312 472; x_wconf 79' lang='lat' dir='ltr'><strong>carmen</strong></span> <span class='ocrx_word' id='word_1_22' title='bbox 3343 417 3620 471; x_wconf 88' lang='lat' dir='ltr'><strong>canimus.</strong></span> 
     </span>
    </p>
   </div>
   <div class='ocr_carea' id='block_1_8' title="bbox 383 507 1950 580">
    <p class='ocr_par' dir='ltr' id='par_1_8' title="bbox 383 507 1950 580">
     <span class='ocr_line' id='line_1_8' title="bbox 383 507 1950 580; baseline 0.001 -19"><span class='ocrx_word' id='word_1_23' title='bbox 383 507 554 579; x_wconf 88' lang='grc' dir='ltr'>μεθα,</span> <span class='ocrx_word' id='word_1_24' title='bbox 585 508 967 580; x_wconf 80' lang='grc' dir='ltr'><strong>εὐφραίνοντες</strong></span> <span class='ocrx_word' id='word_1_25' title='bbox 994 510 1053 561; x_wconf 81' lang='grc' dir='ltr'>ὲν</span> <span class='ocrx_word' id='word_1_26' title='bbox 1079 507 1156 578; x_wconf 82' lang='grc' dir='ltr'>τῷ</span> <span class='ocrx_word' id='word_1_27' title='bbox 1188 509 1343 578; x_wconf 82' lang='grc' dir='ltr'><strong>μέρει</strong></span> <span class='ocrx_word' id='word_1_28' title='bbox 1377 508 1470 561; x_wconf 75' lang='grc' dir='ltr'><strong>καὶ</strong></span> <span class='ocrx_word' id='word_1_29' title='bbox 1512 509 1950 580; x_wconf 82' lang='grc' dir='ltr'><strong>εὐφραινόμενοι.</strong></span> 
     </span>
    </p>
   </div>
   <div class='ocr_carea' id='block_1_9' title="bbox 395 597 1955 670">
    <p class='ocr_par' dir='ltr' id='par_1_9' title="bbox 395 597 1955 670">
     <span class='ocr_line' id='line_1_9' title="bbox 395 597 1955 670; baseline 0.001 -19"><span class='ocrx_word' id='word_1_30' title='bbox 395 598 554 652; x_wconf 83' lang='grc' dir='ltr'>Ἀλλά</span> <span class='ocrx_word' id='word_1_31' title='bbox 595 597 689 651; x_wconf 85' lang='grc' dir='ltr'><strong>νῦν</strong></span> <span class='ocrx_word' id='word_1_32' title='bbox 719 600 799 662; x_wconf 82' lang='grc' dir='ltr'><strong>είς</strong></span> <span class='ocrx_word' id='word_1_33' title='bbox 826 597 1022 670; x_wconf 86' lang='grc' dir='ltr'>θρῆνον</span> <span class='ocrx_word' id='word_1_34' title='bbox 1059 599 1191 669; x_wconf 88' lang='grc' dir='ltr'>ἡμῖν</span> <span class='ocrx_word' id='word_1_35' title='bbox 1216 599 1249 668; x_wconf 84' lang='grc' dir='ltr'><strong>ἡ</strong></span> <span class='ocrx_word' id='word_1_36' title='bbox 1277 597 1423 669; x_wconf 85' lang='grc' dir='ltr'><strong>χαρά</strong></span> <span class='ocrx_word' id='word_1_37' title='bbox 1449 598 1830 669; x_wconf 79' lang='grc' dir='ltr'>μεθηρμόσθη,</span> <span class='ocrx_word' id='word_1_38' title='bbox 1862 601 1955 653; x_wconf 78' lang='grc' dir='ltr'>καὶ</span> 
     </span>
    </p>
   </div>
   <div class='ocr_carea' id='block_1_10' title="bbox 385 688 1954 761">
    <p class='ocr_par' dir='ltr' id='par_1_10' title="bbox 385 688 1954 761">
     <span class='ocr_line' id='line_1_10' title="bbox 385 688 1954 761; baseline -0.011 -1"><span class='ocrx_word' id='word_1_39' title='bbox 385 690 417 760; x_wconf 68' lang='grc' dir='ltr'><strong>ἢ</strong></span> <span class='ocrx_word' id='word_1_40' title='bbox 447 690 544 759; x_wconf 84' lang='grc' dir='ltr'><strong>τῆς</strong></span> <span class='ocrx_word' id='word_1_41' title='bbox 565 688 903 759; x_wconf 78' lang='grc' dir='ltr'>εὐφροσύνης</span> <span class='ocrx_word' id='word_1_42' title='bbox 929 689 1209 760; x_wconf 78' lang='grc' dir='ltr'>περιϐολὴ,</span> <span class='ocrx_word' id='word_1_43' title='bbox 1234 690 1436 753; x_wconf 79' lang='grc' dir='ltr'>σάκκος</span> <span class='ocrx_word' id='word_1_44' title='bbox 1460 690 1696 758; x_wconf 80' lang='grc' dir='ltr'>ἐγένετο.</span> <span class='ocrx_word' id='word_1_45' title='bbox 1729 691 1797 743; x_wconf 87' lang='grc' dir='ltr'>Ἤ</span> <span class='ocrx_word' id='word_1_46' title='bbox 1812 690 1954 761; x_wconf 83' lang='grc' dir='ltr'>τάχα</span> 
     </span>
    </p>
   </div>
   <div class='ocr_carea' id='block_1_11' title="bbox 387 779 1952 852">
    <p class='ocr_par' dir='ltr' id='par_1_11' title="bbox 387 779 1952 852">
     <span class='ocr_line' id='line_1_11' title="bbox 387 779 1952 852; baseline 0.003 -20"><span class='ocrx_word' id='word_1_47' title='bbox 387 781 592 850; x_wconf 80' lang='grc' dir='ltr'>σιωπᾷν</span> <span class='ocrx_word' id='word_1_48' title='bbox 624 779 730 832; x_wconf 82' lang='grc' dir='ltr'>ἔδει</span> <span class='ocrx_word' id='word_1_49' title='bbox 756 780 816 833; x_wconf 83' lang='grc' dir='ltr'><strong>τὸ</strong></span> <span class='ocrx_word' id='word_1_50' title='bbox 844 779 1034 844; x_wconf 84' lang='grc' dir='ltr'><strong>πάθος,</strong></span> <span class='ocrx_word' id='word_1_51' title='bbox 1059 782 1151 834; x_wconf 72' lang='grc' dir='ltr'><strong>καὶ</strong></span> <span class='ocrx_word' id='word_1_52' title='bbox 1181 781 1327 835; x_wconf 80' lang='grc' dir='ltr'>ἔνδον</span> <span class='ocrx_word' id='word_1_53' title='bbox 1359 782 1666 835; x_wconf 81' lang='grc' dir='ltr'>ἀποκλείειν</span> <span class='ocrx_word' id='word_1_54' title='bbox 1686 783 1752 852; x_wconf 76' lang='grc' dir='ltr'>τῇ</span> <span class='ocrx_word' id='word_1_55' title='bbox 1777 784 1952 851; x_wconf 81' lang='grc' dir='ltr'>σιωπῇ</span> 
     </span>
    </p>
   </div>
   <div class='ocr_carea' id='block_1_12' title="bbox 387 870 1954 942">
    <p class='ocr_par' dir='ltr' id='par_1_12' title="bbox 387 870 1954 942">
     <span class='ocr_line' id='line_1_12' title="bbox 387 870 1954 942; baseline 0.001 -18"><span class='ocrx_word' id='word_1_56' title='bbox 387 871 480 941; x_wconf 85' lang='grc' dir='ltr'><strong>τὴν</strong></span> <span class='ocrx_word' id='word_1_57' title='bbox 507 870 796 941; x_wconf 80' lang='grc' dir='ltr'><strong>ἀλγηδόνα,</strong></span> <span class='ocrx_word' id='word_1_58' title='bbox 825 871 902 934; x_wconf 84' lang='grc' dir='ltr'>ὡς</span> <span class='ocrx_word' id='word_1_59' title='bbox 944 871 1009 925; x_wconf 85' lang='grc' dir='ltr'><strong>ἂν</strong></span> <span class='ocrx_word' id='word_1_60' title='bbox 1043 872 1116 942; x_wconf 82' lang='grc' dir='ltr'><strong>μὴ</strong></span> <span class='ocrx_word' id='word_1_61' title='bbox 1144 872 1484 942; x_wconf 88' lang='grc' dir='ltr'>διοχλοίημεν</span> <span class='ocrx_word' id='word_1_62' title='bbox 1515 874 1643 936; x_wconf 82' lang='grc' dir='ltr'><strong>τούς</strong></span> <span class='ocrx_word' id='word_1_63' title='bbox 1686 874 1835 936; x_wconf 85' lang='grc' dir='ltr'>υἱοὺς</span> <span class='ocrx_word' id='word_1_64' title='bbox 1859 871 1954 926; x_wconf 87' lang='grc' dir='ltr'><strong>τοῦ</strong></span> 
     </span>
    </p>
   </div>
   <div class='ocr_carea' id='block_1_13' title="bbox 384 961 1953 1033">
    <p class='ocr_par' dir='ltr' id='par_1_13' title="bbox 384 961 1953 1033">
     <span class='ocr_line' id='line_1_13' title="bbox 384 961 1953 1033; baseline 0.001 -20"><span class='ocrx_word' id='word_1_65' title='bbox 384 979 445 1013; x_wconf 88' lang='grc' dir='ltr'><strong>νυ</strong></span> <span class='ocrx_word' id='word_1_66' title='bbox 454 961 693 1031; x_wconf 79' lang='grc' dir='ltr'>μφῶνος,</span> <span class='ocrx_word' id='word_1_67' title='bbox 717 961 817 1015; x_wconf 89' lang='grc' dir='ltr'><strong>οὐκ</strong></span> <span class='ocrx_word' id='word_1_68' title='bbox 837 961 1051 1031; x_wconf 77' lang='grc' dir='ltr'>ἔχοντες</span> <span class='ocrx_word' id='word_1_69' title='bbox 1083 962 1142 1030; x_wconf 75' lang='grc' dir='ltr'>τὸ</span> <span class='ocrx_word' id='word_1_70' title='bbox 1162 963 1383 1033; x_wconf 80' lang='grc' dir='ltr'><strong>φαιδρὸν</strong></span> <span class='ocrx_word' id='word_1_71' title='bbox 1405 961 1499 1015; x_wconf 84' lang='grc' dir='ltr'><strong>τοῦ</strong></span> <span class='ocrx_word' id='word_1_72' title='bbox 1529 964 1706 1033; x_wconf 82' lang='grc' dir='ltr'>γάμου</span> <span class='ocrx_word' id='word_1_73' title='bbox 1731 962 1953 1033; x_wconf 74' lang='grc' dir='ltr'>ἔνδυμα,</span> 
     </span>
    </p>
   </div>
   <div class='ocr_carea' id='block_1_14' title="bbox 388 1052 1957 1125">
    <p class='ocr_par' dir='ltr' id='par_1_14' title="bbox 388 1052 1957 1125">
     <span class='ocr_line' id='line_1_14' title="bbox 388 1052 1957 1125; baseline -0.001 -18"><span class='ocrx_word' id='word_1_74' title='bbox 388 1052 520 1107; x_wconf 78' lang='grc' dir='ltr'>ἀλλὰ</span> <span class='ocrx_word' id='word_1_75' title='bbox 549 1053 1059 1124; x_wconf 85' lang='grc' dir='ltr'>μελανειμονοῦντες</span> <span class='ocrx_word' id='word_1_76' title='bbox 1093 1054 1173 1125; x_wconf 84' lang='grc' dir='ltr'>τῷ</span> <span class='ocrx_word' id='word_1_77' title='bbox 1219 1055 1402 1125; x_wconf 86' lang='grc' dir='ltr'>λόγῳ;</span> <span class='ocrx_word' id='word_1_78' title='bbox 1453 1054 1672 1123; x_wconf 83' lang='grc' dir='ltr'><strong>Ἐπειδὴ</strong></span> <span class='ocrx_word' id='word_1_79' title='bbox 1705 1053 1815 1124; x_wconf 82' lang='grc' dir='ltr'>γὰρ</span> <span class='ocrx_word' id='word_1_80' title='bbox 1849 1055 1957 1108; x_wconf 77' lang='grc' dir='ltr'>ἀπο</span> 
     </span>
    </p>
   </div>
   <div class='ocr_carea' id='block_1_15' title="bbox 384 1142 1957 1216">
    <p class='ocr_par' dir='ltr' id='par_1_15' title="bbox 384 1142 1957 1216">
     <span class='ocr_line' id='line_1_15' title="bbox 384 1142 1957 1216; baseline -0.001 -20"><span class='ocrx_word' id='word_1_81' title='bbox 384 1142 528 1215; x_wconf 83' lang='grc' dir='ltr'>ήρθη</span> <span class='ocrx_word' id='word_1_82' title='bbox 564 1145 657 1212; x_wconf 88' lang='grc' dir='ltr'>ἀφ’</span> <span class='ocrx_word' id='word_1_83' title='bbox 688 1143 845 1213; x_wconf 87' lang='grc' dir='ltr'>ἡμῶν</span> <span class='ocrx_word' id='word_1_84' title='bbox 885 1146 913 1196; x_wconf 92' lang='lat'><strong>6</strong></span> <span class='ocrx_word' id='word_1_85' title='bbox 942 1144 1104 1208; x_wconf 83' lang='grc' dir='ltr'>καλὸς</span> <span class='ocrx_word' id='word_1_86' title='bbox 1147 1146 1397 1215; x_wconf 77' lang='grc' dir='ltr'><strong>νυμφίος,</strong></span> <span class='ocrx_word' id='word_1_87' title='bbox 1430 1144 1640 1216; x_wconf 87' lang='grc' dir='ltr'>ἀθρόως</span> <span class='ocrx_word' id='word_1_88' title='bbox 1664 1142 1744 1214; x_wconf 83' lang='grc' dir='ltr'>τῷ</span> <span class='ocrx_word' id='word_1_89' title='bbox 1774 1142 1957 1197; x_wconf 88' lang='grc' dir='ltr'>πένθει</span> 
     </span>
    </p>
   </div>
   <div class='ocr_carea' id='block_1_16' title="bbox 389 1233 1957 1304">
    <p class='ocr_par' dir='ltr' id='par_1_16' title="bbox 389 1233 1957 1304">
     <span class='ocr_line' id='line_1_16' title="bbox 389 1233 1957 1304; baseline -0.001 -19"><span class='ocrx_word' id='word_1_90' title='bbox 389 1233 906 1303; x_wconf 87' lang='grc' dir='ltr'>κατεμελάνθημεν,</span> <span class='ocrx_word' id='word_1_91' title='bbox 960 1235 1053 1287; x_wconf 78' lang='grc' dir='ltr'><strong>καὶ</strong></span> <span class='ocrx_word' id='word_1_92' title='bbox 1096 1234 1198 1287; x_wconf 89' lang='grc' dir='ltr'><strong>οὐκ</strong></span> <span class='ocrx_word' id='word_1_93' title='bbox 1243 1234 1358 1286; x_wconf 81' lang='grc' dir='ltr'>ἔστι</span> <span class='ocrx_word' id='word_1_94' title='bbox 1406 1233 1653 1304; x_wconf 85' lang='grc' dir='ltr'><strong>συνήθως</strong></span> <span class='ocrx_word' id='word_1_95' title='bbox 1687 1249 1957 1300; x_wconf 80' lang='grc' dir='ltr'>καταφαι-</span> 
     </span>
    </p>
   </div>
   <div class='ocr_carea' id='block_1_17' title="bbox 389 1321 1956 1395">
    <p class='ocr_par' dir='ltr' id='par_1_17' title="bbox 389 1321 1956 1395">
     <span class='ocr_line' id='line_1_17' title="bbox 389 1321 1956 1395; baseline 0 -21"><span class='ocrx_word' id='word_1_96' title='bbox 389 1322 579 1393; x_wconf 73' lang='grc' dir='ltr'>δρῦναι</span> <span class='ocrx_word' id='word_1_97' title='bbox 608 1323 699 1377; x_wconf 83' lang='grc' dir='ltr'>τὸν</span> <span class='ocrx_word' id='word_1_98' title='bbox 731 1323 912 1391; x_wconf 86' lang='grc' dir='ltr'>λόγον,</span> <span class='ocrx_word' id='word_1_99' title='bbox 957 1323 1056 1395; x_wconf 77' lang='grc' dir='ltr'><strong>τὴν</strong></span> <span class='ocrx_word' id='word_1_100' title='bbox 1104 1325 1415 1395; x_wconf 75' lang='grc' dir='ltr'>κοσμοῦσαν</span> <span class='ocrx_word' id='word_1_101' title='bbox 1442 1325 1590 1395; x_wconf 83' lang='grc' dir='ltr'>ἡμᾶς</span> <span class='ocrx_word' id='word_1_102' title='bbox 1632 1323 1825 1393; x_wconf 82' lang='grc' dir='ltr'>στολὴν</span> <span class='ocrx_word' id='word_1_103' title='bbox 1863 1321 1956 1374; x_wconf 84' lang='grc' dir='ltr'><strong>τοῦ</strong></span> 
     </span>
    </p>
   </div>
   <div class='ocr_carea' id='block_1_18' title="bbox 390 1413 1958 1488">
    <p class='ocr_par' dir='ltr' id='par_1_18' title="bbox 390 1413 1958 1488">
     <span class='ocr_line' id='line_1_18' title="bbox 390 1413 1958 1488; baseline 0.001 -23"><span class='ocrx_word' id='word_1_104' title='bbox 390 1413 585 1483; x_wconf 80' lang='grc' dir='ltr'>φθόνου</span> <span class='ocrx_word' id='word_1_105' title='bbox 614 1413 1075 1485; x_wconf 79' lang='grc' dir='ltr'>ἀποσυλήσαντος.</span> <span class='ocrx_word' id='word_1_106' title='bbox 1139 1416 1373 1488; x_wconf 86' lang='grc' dir='ltr'>Ιιλήρεις</span> <span class='ocrx_word' id='word_1_107' title='bbox 1406 1415 1625 1483; x_wconf 83' lang='grc' dir='ltr'>ἀγαθῶν</span> <span class='ocrx_word' id='word_1_108' title='bbox 1653 1414 1790 1486; x_wconf 83' lang='grc' dir='ltr'>πρὸς</span> <span class='ocrx_word' id='word_1_109' title='bbox 1816 1415 1958 1484; x_wconf 77' lang='grc' dir='ltr'>ὑμᾶς</span> 
     </span>
    </p>
   </div>
   <div class='ocr_carea' id='block_1_19' title="bbox 388 1505 1958 1577">
    <p class='ocr_par' dir='ltr' id='par_1_19' title="bbox 388 1505 1958 1577">
     <span class='ocr_line' id='line_1_19' title="bbox 388 1505 1958 1577; baseline -0.001 -17"><span class='ocrx_word' id='word_1_110' title='bbox 388 1505 814 1577; x_wconf 75' lang='grc' dir='ltr'>ἀπηντήκαμενο</span> <span class='ocrx_word' id='word_1_111' title='bbox 858 1508 1057 1577; x_wconf 82' lang='grc' dir='ltr'>γυμνοὶ</span> <span class='ocrx_word' id='word_1_112' title='bbox 1102 1507 1197 1560; x_wconf 79' lang='grc' dir='ltr'>καὶ</span> <span class='ocrx_word' id='word_1_113' title='bbox 1227 1507 1454 1577; x_wconf 87' lang='grc' dir='ltr'>πένητες</span> <span class='ocrx_word' id='word_1_114' title='bbox 1497 1506 1590 1573; x_wconf 67' lang='grc' dir='ltr'>ἀρ’</span> <span class='ocrx_word' id='word_1_115' title='bbox 1631 1505 1783 1576; x_wconf 84' lang='grc' dir='ltr'>ὑμῶν</span> <span class='ocrx_word' id='word_1_116' title='bbox 1827 1507 1958 1559; x_wconf 87' lang='grc' dir='ltr'>ὐπο-</span> 
     </span>
    </p>
   </div>
   <div class='ocr_carea' id='block_1_20' title="bbox 393 1594 1959 1668">
    <p class='ocr_par' dir='ltr' id='par_1_20' title="bbox 393 1594 1959 1668">
     <span class='ocr_line' id='line_1_20' title="bbox 393 1594 1959 1668; baseline 0.002 -21"><span class='ocrx_word' id='word_1_117' title='bbox 393 1594 727 1665; x_wconf 74' lang='grc' dir='ltr'>στρέφομενο</span> <span class='ocrx_word' id='word_1_118' title='bbox 784 1596 951 1666; x_wconf 85' lang='grc' dir='ltr'>ὀρθὴν</span> <span class='ocrx_word' id='word_1_119' title='bbox 988 1597 1205 1668; x_wconf 81' lang='grc' dir='ltr'>εἴχομεν</span> <span class='ocrx_word' id='word_1_120' title='bbox 1251 1598 1392 1668; x_wconf 80' lang='grc' dir='ltr'>ὑπὲρ</span> <span class='ocrx_word' id='word_1_121' title='bbox 1431 1597 1670 1668; x_wconf 82' lang='grc' dir='ltr'>κεφαλῆς</span> <span class='ocrx_word' id='word_1_122' title='bbox 1696 1595 1794 1667; x_wconf 83' lang='grc' dir='ltr'><strong>τὴν</strong></span> <span class='ocrx_word' id='word_1_123' title='bbox 1821 1596 1959 1666; x_wconf 90' lang='grc' dir='ltr'>λαμ-</span> 
     </span>
    </p>
   </div>
   <div class='ocr_carea' id='block_1_21' title="bbox 395 1685 1959 1759">
    <p class='ocr_par' dir='ltr' id='par_1_21' title="bbox 395 1685 1959 1759">
     <span class='ocr_line' id='line_1_21' title="bbox 395 1685 1959 1759; baseline 0.001 -21"><span class='ocrx_word' id='word_1_124' title='bbox 395 1685 571 1750; x_wconf 89' lang='grc' dir='ltr'>πάδα,</span> <span class='ocrx_word' id='word_1_125' title='bbox 619 1685 858 1757; x_wconf 81' lang='grc' dir='ltr'>πλουσίῳ</span> <span class='ocrx_word' id='word_1_126' title='bbox 897 1687 977 1759; x_wconf 84' lang='grc' dir='ltr'>τῷ</span> <span class='ocrx_word' id='word_1_127' title='bbox 1027 1689 1165 1758; x_wconf 72' lang='grc' dir='ltr'>φωτὶ</span> <span class='ocrx_word' id='word_1_128' title='bbox 1201 1689 1697 1759; x_wconf 85' lang='grc' dir='ltr'>καταλάμπουσαν·</span> <span class='ocrx_word' id='word_1_129' title='bbox 1756 1687 1959 1757; x_wconf 83' lang='grc' dir='ltr'>ταύτην</span> 
     </span>
    </p>
   </div>
   <div class='ocr_carea' id='block_1_22' title="bbox 2057 508 3631 579">
    <p class='ocr_par' dir='ltr' id='par_1_22' title="bbox 2057 508 3631 579">
     <span class='ocr_line' id='line_1_22' title="bbox 2057 508 3631 579; baseline -0.003 -15"><span class='ocrx_word' id='word_1_130' title='bbox 2057 508 2382 564; x_wconf 74' lang='lat' dir='ltr'><strong>Meministis</strong></span> <span class='ocrx_word' id='word_1_131' title='bbox 2398 509 2541 564; x_wconf 89' lang='lat' dir='ltr'><strong>enim</strong></span> <span class='ocrx_word' id='word_1_132' title='bbox 2566 509 2713 564; x_wconf 85' lang='lat' dir='ltr'><strong>illius</strong></span> <span class='ocrx_word' id='word_1_133' title='bbox 2743 509 2876 576; x_wconf 86' lang='lat' dir='ltr'><strong>diei,</strong></span> <span class='ocrx_word' id='word_1_134' title='bbox 2905 523 3029 563; x_wconf 88' lang='lat' dir='ltr'><strong>cum</strong></span> <span class='ocrx_word' id='word_1_135' title='bbox 3055 508 3111 562; x_wconf 92' lang='lat' dir='ltr'><strong>in</strong></span> <span class='ocrx_word' id='word_1_136' title='bbox 3134 508 3343 579; x_wconf 75' lang='lat' dir='ltr'><strong>nuptiis</strong></span> <span class='ocrx_word' id='word_1_137' title='bbox 3369 508 3631 578; x_wconf 65' lang='lat' dir='ltr'><strong>spirituao</strong></span> 
     </span>
    </p>
   </div>
   <div class='ocr_carea' id='block_1_23' title="bbox 2055 599 3632 671">
    <p class='ocr_par' dir='ltr' id='par_1_23' title="bbox 2055 599 3632 671">
     <span class='ocr_line' id='line_1_23' title="bbox 2055 599 3632 671; baseline -0.001 -15"><span class='ocrx_word' id='word_1_138' title='bbox 2055 600 2202 656; x_wconf 87' lang='lat' dir='ltr'><strong>libus</strong></span> <span class='ocrx_word' id='word_1_139' title='bbox 2230 600 2494 669; x_wconf 73' lang='lat' dir='ltr'><strong>praeclaro</strong></span> <span class='ocrx_word' id='word_1_140' title='bbox 2523 615 2726 670; x_wconf 89' lang='lat' dir='ltr'><strong>sponso</strong></span> <span class='ocrx_word' id='word_1_141' title='bbox 2753 600 3013 671; x_wconf 74' lang='lat' dir='ltr'><strong>virginem</strong></span> <span class='ocrx_word' id='word_1_142' title='bbox 3042 600 3261 654; x_wconf 87' lang='lat' dir='ltr'><strong>domum</strong></span> <span class='ocrx_word' id='word_1_143' title='bbox 3296 599 3632 654; x_wconf 87' lang='lat' dir='ltr'><strong>deducentes</strong></span> 
     </span>
    </p>
   </div>
   <div class='ocr_carea' id='block_1_24' title="bbox 2054 690 3629 760">
    <p class='ocr_par' dir='ltr' id='par_1_24' title="bbox 2054 690 3629 760">
     <span class='ocr_line' id='line_1_24' title="bbox 2054 690 3629 760; baseline 0 -17"><span class='ocrx_word' id='word_1_144' title='bbox 2054 690 2304 744; x_wconf 86' lang='lat' dir='ltr'><strong>convivio</strong></span> <span class='ocrx_word' id='word_1_145' title='bbox 2325 704 2423 744; x_wconf 87' lang='lat' dir='ltr'><strong>vos</strong></span> <span class='ocrx_word' id='word_1_146' title='bbox 2445 690 2779 759; x_wconf 81' lang='lat' dir='ltr'><strong>excepimus,</strong></span> <span class='ocrx_word' id='word_1_147' title='bbox 2805 697 2860 744; x_wconf 91' lang='lat' dir='ltr'><strong>et</strong></span> <span class='ocrx_word' id='word_1_148' title='bbox 2891 691 3179 745; x_wconf 84' lang='lat' dir='ltr'><strong>verborum</strong></span> <span class='ocrx_word' id='word_1_149' title='bbox 3204 690 3482 760; x_wconf 83' lang='lat' dir='ltr'><strong>sponsalia</strong></span> <span class='ocrx_word' id='word_1_150' title='bbox 3507 705 3629 743; x_wconf 84' lang='lat' dir='ltr'><strong>mn-</strong></span> 
     </span>
    </p>
   </div>
   <div class='ocr_carea' id='block_1_25' title="bbox 2055 780 3631 851">
    <p class='ocr_par' dir='ltr' id='par_1_25' title="bbox 2055 780 3631 851">
     <span class='ocr_line' id='line_1_25' title="bbox 2055 780 3631 851; baseline -0.001 -15"><span class='ocrx_word' id='word_1_151' title='bbox 2055 796 2188 836; x_wconf 88' lang='lat' dir='ltr'><strong>nera</strong></span> <span class='ocrx_word' id='word_1_152' title='bbox 2212 796 2311 850; x_wconf 88' lang='lat' dir='ltr'><strong>pro</strong></span> <span class='ocrx_word' id='word_1_153' title='bbox 2337 781 2545 836; x_wconf 88' lang='lat' dir='ltr'><strong>viribus</strong></span> <span class='ocrx_word' id='word_1_154' title='bbox 2569 782 2776 836; x_wconf 77' lang='lat' dir='ltr'><strong>nostris</strong></span> <span class='ocrx_word' id='word_1_155' title='bbox 2798 781 3102 843; x_wconf 89' lang='lat' dir='ltr'><strong>intulimus,</strong></span> <span class='ocrx_word' id='word_1_156' title='bbox 3123 781 3321 851; x_wconf 86' lang='lat' dir='ltr'><strong>gaudio</strong></span> <span class='ocrx_word' id='word_1_157' title='bbox 3338 780 3631 834; x_wconf 87' lang='lat' dir='ltr'><strong>allicientes</strong></span> 
     </span>
    </p>
   </div>
   <div class='ocr_carea' id='block_1_26' title="bbox 2055 871 3634 942">
    <p class='ocr_par' dir='ltr' id='par_1_26' title="bbox 2055 871 3634 942">
     <span class='ocr_line' id='line_1_26' title="bbox 2055 871 3634 942; baseline 0.001 -16"><span class='ocrx_word' id='word_1_158' title='bbox 2055 873 2287 928; x_wconf 80' lang='lat' dir='ltr'><strong>invicem</strong></span> <span class='ocrx_word' id='word_1_159' title='bbox 2308 881 2362 927; x_wconf 91' lang='lat' dir='ltr'><strong>et</strong></span> <span class='ocrx_word' id='word_1_160' title='bbox 2383 872 2705 942; x_wconf 77' lang='lat' dir='ltr'><strong>gaudentes.</strong></span> <span class='ocrx_word' id='word_1_161' title='bbox 2729 871 2931 928; x_wconf 81' lang='lat' dir='ltr'><strong>Verum</strong></span> <span class='ocrx_word' id='word_1_162' title='bbox 2956 888 3104 928; x_wconf 92' lang='lat' dir='ltr'><strong>nunc</strong></span> <span class='ocrx_word' id='word_1_163' title='bbox 3129 873 3180 926; x_wconf 90' lang='lat' dir='ltr'><strong>in</strong></span> <span class='ocrx_word' id='word_1_164' title='bbox 3237 874 3443 926; x_wconf 90' lang='lat' dir='ltr'><strong>luctum</strong></span> <span class='ocrx_word' id='word_1_165' title='bbox 3474 872 3634 927; x_wconf 88' lang='lat' dir='ltr'><strong>nobis</strong></span> 
     </span>
    </p>
   </div>
   <div class='ocr_carea' id='block_1_27' title="bbox 2054 954 3633 1034">
    <p class='ocr_par' dir='ltr' id='par_1_27' title="bbox 2054 954 3633 1034">
     <span class='ocr_line' id='line_1_27' title="bbox 2054 954 3633 1034; baseline 0.001 -18"><span class='ocrx_word' id='word_1_166' title='bbox 2054 962 2311 1034; x_wconf 78' lang='lat' dir='ltr'><strong>gaudium</strong></span> <span class='ocrx_word' id='word_1_167' title='bbox 2339 978 2665 1018; x_wconf 89' lang='lat' dir='ltr'><strong>conversum</strong></span> <span class='ocrx_word' id='word_1_168' title='bbox 2685 973 2790 1027; x_wconf 88' lang='lat' dir='ltr'><strong>est,</strong></span> <span class='ocrx_word' id='word_1_169' title='bbox 2816 979 2883 1018; x_wconf 89' lang='lat' dir='ltr'><strong>ac</strong></span> <span class='ocrx_word' id='word_1_170' title='bbox 2924 954 3126 1018; x_wconf 70' lang='lat' dir='ltr'><strong>laetitia:</strong></span> <span class='ocrx_word' id='word_1_171' title='bbox 3153 964 3386 1018; x_wconf 85' lang='lat' dir='ltr'><strong>amictus</strong></span> <span class='ocrx_word' id='word_1_172' title='bbox 3437 977 3633 1018; x_wconf 88' lang='lat' dir='ltr'><strong>saccus</strong></span> 
     </span>
    </p>
   </div>
   <div class='ocr_carea' id='block_1_28' title="bbox 2054 1054 3633 1126">
    <p class='ocr_par' dir='ltr' id='par_1_28' title="bbox 2054 1054 3633 1126">
     <span class='ocr_line' id='line_1_28' title="bbox 2054 1054 3633 1126; baseline 0 -17"><span class='ocrx_word' id='word_1_173' title='bbox 2054 1055 2250 1111; x_wconf 85' lang='lat' dir='ltr'><strong>evasit.</strong></span> <span class='ocrx_word' id='word_1_174' title='bbox 2272 1054 2356 1108; x_wconf 85' lang='lat' dir='ltr'><strong>An</strong></span> <span class='ocrx_word' id='word_1_175' title='bbox 2380 1054 2611 1109; x_wconf 82' lang='lat' dir='ltr'><strong>forsitan</strong></span> <span class='ocrx_word' id='word_1_176' title='bbox 2641 1055 2871 1110; x_wconf 86' lang='lat' dir='ltr'><strong>reticere</strong></span> <span class='ocrx_word' id='word_1_177' title='bbox 2895 1057 3258 1111; x_wconf 87' lang='lat' dir='ltr'><strong>calamitatem</strong></span> <span class='ocrx_word' id='word_1_178' title='bbox 3281 1064 3444 1126; x_wconf 88' lang='lat' dir='ltr'><strong>atque</strong></span> <span class='ocrx_word' id='word_1_179' title='bbox 3467 1057 3633 1111; x_wconf 53' lang='lat' dir='ltr'><strong>silcn-</strong></span> 
     </span>
    </p>
   </div>
   <div class='ocr_carea' id='block_1_29' title="bbox 2061 1145 3634 1217">
    <p class='ocr_par' dir='ltr' id='par_1_29' title="bbox 2061 1145 3634 1217">
     <span class='ocr_line' id='line_1_29' title="bbox 2061 1145 3634 1217; baseline 0 -18"><span class='ocrx_word' id='word_1_180' title='bbox 2061 1148 2139 1199; x_wconf 88' lang='lat' dir='ltr'><strong>tio</strong></span> <span class='ocrx_word' id='word_1_181' title='bbox 2159 1146 2308 1203; x_wconf 89' lang='lat' dir='ltr'><strong>intus</strong></span> <span class='ocrx_word' id='word_1_182' title='bbox 2324 1145 2654 1202; x_wconf 86' lang='lat' dir='ltr'><strong>concludere</strong></span> <span class='ocrx_word' id='word_1_183' title='bbox 2671 1162 2960 1202; x_wconf 69' lang='lat' dir='ltr'><strong>maerorem</strong></span> <span class='ocrx_word' id='word_1_184' title='bbox 2976 1148 3281 1217; x_wconf 79' lang='lat' dir='ltr'><strong>oportebat,</strong></span> <span class='ocrx_word' id='word_1_185' title='bbox 3296 1163 3364 1202; x_wconf 91' lang='lat' dir='ltr'><strong>ne</strong></span> <span class='ocrx_word' id='word_1_186' title='bbox 3387 1148 3634 1202; x_wconf 78' lang='lat' dir='ltr'><strong>molestia</strong></span> 
     </span>
    </p>
   </div>
   <div class='ocr_carea' id='block_1_30' title="bbox 2058 1236 3635 1307">
    <p class='ocr_par' dir='ltr' id='par_1_30' title="bbox 2058 1236 3635 1307">
     <span class='ocr_line' id='line_1_30' title="bbox 2058 1236 3635 1307; baseline 0.001 -17"><span class='ocrx_word' id='word_1_187' title='bbox 2058 1236 2196 1292; x_wconf 83' lang='lat' dir='ltr'><strong>lilios</strong></span> <span class='ocrx_word' id='word_1_188' title='bbox 2234 1237 2459 1291; x_wconf 87' lang='lat' dir='ltr'><strong>thalami</strong></span> <span class='ocrx_word' id='word_1_189' title='bbox 2484 1238 2756 1307; x_wconf 83' lang='lat' dir='ltr'><strong>sponsalis</strong></span> <span class='ocrx_word' id='word_1_190' title='bbox 2784 1236 3110 1297; x_wconf 74' lang='lat' dir='ltr'><strong>afﬁciamus.</strong></span> <span class='ocrx_word' id='word_1_191' title='bbox 3147 1253 3275 1292; x_wconf 91' lang='lat' dir='ltr'><strong>cum</strong></span> <span class='ocrx_word' id='word_1_192' title='bbox 3303 1253 3411 1293; x_wconf 91' lang='lat' dir='ltr'><strong>non</strong></span> <span class='ocrx_word' id='word_1_193' title='bbox 3436 1238 3635 1292; x_wconf 86' lang='lat' dir='ltr'><strong>hahea-</strong></span> 
     </span>
    </p>
   </div>
   <div class='ocr_carea' id='block_1_31' title="bbox 2058 1324 3631 1395">
    <p class='ocr_par' dir='ltr' id='par_1_31' title="bbox 2058 1324 3631 1395">
     <span class='ocr_line' id='line_1_31' title="bbox 2058 1324 3631 1395; baseline 0.002 -18"><span class='ocrx_word' id='word_1_194' title='bbox 2058 1338 2178 1378; x_wconf 90' lang='lat' dir='ltr'><strong>mus</strong></span> <span class='ocrx_word' id='word_1_195' title='bbox 2218 1324 2423 1378; x_wconf 88' lang='lat' dir='ltr'><strong>lautum</strong></span> <span class='ocrx_word' id='word_1_196' title='bbox 2454 1339 2518 1380; x_wconf 86' lang='lat' dir='ltr'><strong>ac</strong></span> <span class='ocrx_word' id='word_1_197' title='bbox 2550 1325 2889 1394; x_wconf 84' lang='lat' dir='ltr'><strong>splendidum</strong></span> <span class='ocrx_word' id='word_1_198' title='bbox 2939 1326 3180 1395; x_wconf 86' lang='lat' dir='ltr'><strong>nuptiale</strong></span> <span class='ocrx_word' id='word_1_199' title='bbox 3218 1327 3593 1382; x_wconf 90' lang='lat' dir='ltr'><strong>indumentum</strong></span> <span class='ocrx_word' id='word_1_200' title='bbox 3616 1369 3631 1391; x_wconf 90' lang='lat'><strong>,</strong></span> 
     </span>
    </p>
   </div>
   <div class='ocr_carea' id='block_1_32' title="bbox 2058 1415 3637 1483">
    <p class='ocr_par' dir='ltr' id='par_1_32' title="bbox 2058 1415 3637 1483">
     <span class='ocr_line' id='line_1_32' title="bbox 2058 1415 3637 1483; baseline 0.003 -18"><span class='ocrx_word' id='word_1_201' title='bbox 2058 1416 2151 1465; x_wconf 92' lang='lat' dir='ltr'><strong>sed</strong></span> <span class='ocrx_word' id='word_1_202' title='bbox 2186 1420 2365 1466; x_wconf 86' lang='lat' dir='ltr'><strong>atrum</strong></span> <span class='ocrx_word' id='word_1_203' title='bbox 2392 1428 2456 1467; x_wconf 87' lang='lat' dir='ltr'><strong>ac</strong></span> <span class='ocrx_word' id='word_1_204' title='bbox 2492 1415 2696 1483; x_wconf 89' lang='lat' dir='ltr'><strong>pullum</strong></span> <span class='ocrx_word' id='word_1_205' title='bbox 2731 1415 2999 1471; x_wconf 88' lang='lat' dir='ltr'><strong>orationis</strong></span> <span class='ocrx_word' id='word_1_206' title='bbox 3018 1416 3265 1470; x_wconf 87' lang='lat' dir='ltr'><strong>habitum</strong></span> <span class='ocrx_word' id='word_1_207' title='bbox 3296 1415 3637 1471; x_wconf 65' lang='lat' dir='ltr'><strong>aderamus?</strong></span> 
     </span>
    </p>
   </div>
   <div class='ocr_carea' id='block_1_33' title="bbox 2058 1498 3636 1573">
    <p class='ocr_par' dir='ltr' id='par_1_33' title="bbox 2058 1498 3636 1573">
     <span class='ocr_line' id='line_1_33' title="bbox 2058 1498 3636 1573; baseline 0.004 -21"><span class='ocrx_word' id='word_1_208' title='bbox 2058 1498 2423 1570; x_wconf 85' lang='lat' dir='ltr'><strong>Posteaquam</strong></span> <span class='ocrx_word' id='word_1_209' title='bbox 2454 1502 2598 1556; x_wconf 90' lang='lat' dir='ltr'><strong>enim</strong></span> <span class='ocrx_word' id='word_1_210' title='bbox 2625 1504 2922 1572; x_wconf 66' lang='lat' dir='ltr'><strong>praeclarus</strong></span> <span class='ocrx_word' id='word_1_211' title='bbox 2973 1519 3210 1573; x_wconf 77' lang='lat' dir='ltr'><strong>Sponsus</strong></span> <span class='ocrx_word' id='word_1_212' title='bbox 3240 1519 3270 1556; x_wconf 90' lang='lat' dir='ltr'><strong>a</strong></span> <span class='ocrx_word' id='word_1_213' title='bbox 3317 1502 3477 1558; x_wconf 90' lang='lat' dir='ltr'><strong>nobis</strong></span> <span class='ocrx_word' id='word_1_214' title='bbox 3522 1503 3636 1559; x_wconf 89' lang='lat' dir='ltr'><strong>dis-</strong></span> 
     </span>
    </p>
   </div>
   <div class='ocr_carea' id='block_1_34' title="bbox 2060 1591 3639 1662">
    <p class='ocr_par' dir='ltr' id='par_1_34' title="bbox 2060 1591 3639 1662">
     <span class='ocr_line' id='line_1_34' title="bbox 2060 1591 3639 1662; baseline 0.004 -19"><span class='ocrx_word' id='word_1_215' title='bbox 2060 1591 2249 1655; x_wconf 80' lang='lat' dir='ltr'><strong>cessit,</strong></span> <span class='ocrx_word' id='word_1_216' title='bbox 2301 1592 2450 1646; x_wconf 90' lang='lat' dir='ltr'><strong>luctu</strong></span> <span class='ocrx_word' id='word_1_217' title='bbox 2483 1603 2706 1662; x_wconf 89' lang='lat' dir='ltr'><strong>repente</strong></span> <span class='ocrx_word' id='word_1_218' title='bbox 2742 1596 2906 1649; x_wconf 85' lang='lat' dir='ltr'><strong>atrati</strong></span> <span class='ocrx_word' id='word_1_219' title='bbox 2935 1610 3152 1661; x_wconf 87' lang='lat' dir='ltr'><strong>sumus,</strong></span> <span class='ocrx_word' id='word_1_220' title='bbox 3186 1610 3288 1651; x_wconf 86' lang='lat' dir='ltr'><strong>nec</strong></span> <span class='ocrx_word' id='word_1_221' title='bbox 3328 1595 3457 1650; x_wconf 89' lang='lat' dir='ltr'><strong>licet</strong></span> <span class='ocrx_word' id='word_1_222' title='bbox 3486 1609 3639 1649; x_wconf 90' lang='lat' dir='ltr'><strong>more</strong></span> 
     </span>
    </p>
   </div>
   <div class='ocr_carea' id='block_1_35' title="bbox 2062 1682 3634 1754">
    <p class='ocr_par' dir='ltr' id='par_1_35' title="bbox 2062 1682 3634 1754">
     <span class='ocr_line' id='line_1_35' title="bbox 2062 1682 3634 1754; baseline 0.002 -18"><span class='ocrx_word' id='word_1_223' title='bbox 2062 1683 2226 1737; x_wconf 89' lang='lat' dir='ltr'><strong>solito</strong></span> <span class='ocrx_word' id='word_1_224' title='bbox 2268 1682 2522 1738; x_wconf 86' lang='lat' dir='ltr'><strong>festivum</strong></span> <span class='ocrx_word' id='word_1_225' title='bbox 2555 1692 2610 1739; x_wconf 89' lang='lat' dir='ltr'><strong>et</strong></span> <span class='ocrx_word' id='word_1_226' title='bbox 2654 1686 2960 1754; x_wconf 85' lang='lat' dir='ltr'><strong>jucundum</strong></span> <span class='ocrx_word' id='word_1_227' title='bbox 3020 1686 3222 1741; x_wconf 86' lang='lat' dir='ltr'><strong>inferre</strong></span> <span class='ocrx_word' id='word_1_228' title='bbox 3276 1700 3586 1742; x_wconf 87' lang='lat' dir='ltr'><strong>sermonem</strong></span> <span class='ocrx_word' id='word_1_229' title='bbox 3618 1725 3634 1747; x_wconf 96' lang='lat'><strong>,</strong></span> 
     </span>
    </p>
   </div>
   <div class='ocr_carea' id='block_1_36' title="bbox 401 1774 1970 1857">
    <p class='ocr_par' dir='ltr' id='par_1_36' title="bbox 401 1778 1967 1857">
     <span class='ocr_line' id='line_1_36' title="bbox 401 1778 1967 1857; baseline -0.001 -24"><span class='ocrx_word' id='word_1_230' title='bbox 401 1780 733 1852; x_wconf 65' lang='grc' dir='ltr'>ἓσὸεσμένην</span> <span class='ocrx_word' id='word_1_231' title='bbox 752 1780 1172 1857; x_wconf 73' lang='grc' dir='ltr'>ἀνακομιζόμεν,</span> <span class='ocrx_word' id='word_1_232' title='bbox 1206 1783 1285 1845; x_wconf 85' lang='grc' dir='ltr'><strong>είς</strong></span> <span class='ocrx_word' id='word_1_233' title='bbox 1319 1779 1522 1833; x_wconf 83' lang='grc' dir='ltr'>καπνὸν</span> <span class='ocrx_word' id='word_1_234' title='bbox 1553 1779 1647 1832; x_wconf 75' lang='grc' dir='ltr'><strong>καὶ</strong></span> <span class='ocrx_word' id='word_1_235' title='bbox 1680 1778 1827 1832; x_wconf 81' lang='grc' dir='ltr'>κόνιν</span> <span class='ocrx_word' id='word_1_236' title='bbox 1853 1778 1967 1831; x_wconf 81' lang='grc' dir='ltr'>δια-</span> 
     </span>
    </p>
   </div>
   <div class='ocr_carea' id='block_1_37' title="bbox 2072 1774 3637 1857">
    <p class='ocr_par' dir='ltr' id='par_1_37' title="bbox 2072 1774 3637 1845">
     <span class='ocr_line' id='line_1_37' title="bbox 2072 1774 3637 1845; baseline 0.003 -24"><span class='ocrx_word' id='word_1_237' title='bbox 2072 1785 2188 1822; x_wconf 88' lang='lat' dir='ltr'><strong>cum</strong></span> <span class='ocrx_word' id='word_1_238' title='bbox 2220 1786 2328 1840; x_wconf 88' lang='lat' dir='ltr'><strong>qua</strong></span> <span class='ocrx_word' id='word_1_239' title='bbox 2368 1774 2703 1828; x_wconf 86' lang='lat' dir='ltr'><strong>ornabamur</strong></span> <span class='ocrx_word' id='word_1_240' title='bbox 2734 1774 2875 1829; x_wconf 87' lang='lat' dir='ltr'><strong>stola</strong></span> <span class='ocrx_word' id='word_1_241' title='bbox 2906 1816 2921 1842; x_wconf 91' lang='lat'><strong>,</strong></span> <span class='ocrx_word' id='word_1_242' title='bbox 2964 1789 3063 1832; x_wconf 91' lang='lat' dir='ltr'><strong>nos</strong></span> <span class='ocrx_word' id='word_1_243' title='bbox 3115 1775 3321 1830; x_wconf 83' lang='lat' dir='ltr'><strong>invidia</strong></span> <span class='ocrx_word' id='word_1_244' title='bbox 3363 1774 3637 1845; x_wconf 83' lang='lat' dir='ltr'><strong>spoliarit.</strong></span> 
     </span>
    </p>
   </div>
   <div class='ocr_carea' id='block_1_38' title="bbox 399 1870 1967 1942">
    <p class='ocr_par' dir='ltr' id='par_1_38' title="bbox 399 1870 1967 1942">
     <span class='ocr_line' id='line_1_38' title="bbox 399 1870 1967 1942; baseline -0.001 -17"><span class='ocrx_word' id='word_1_245' title='bbox 399 1872 648 1935; x_wconf 71' lang='grc' dir='ltr'>λυθέντος</span> <span class='ocrx_word' id='word_1_246' title='bbox 674 1871 765 1925; x_wconf 86' lang='grc' dir='ltr'><strong>τοῦ</strong></span> <span class='ocrx_word' id='word_1_247' title='bbox 806 1872 1062 1941; x_wconf 84' lang='grc' dir='ltr'>φέγγους.</span> <span class='ocrx_word' id='word_1_248' title='bbox 1113 1873 1382 1942; x_wconf 88' lang='grc' dir='ltr'>Ἔσχομεν</span> <span class='ocrx_word' id='word_1_249' title='bbox 1421 1871 1512 1924; x_wconf 82' lang='grc' dir='ltr'><strong>τὸν</strong></span> <span class='ocrx_word' id='word_1_250' title='bbox 1560 1870 1830 1941; x_wconf 83' lang='grc' dir='ltr'>θησαυρὸν</span> <span class='ocrx_word' id='word_1_251' title='bbox 1874 1871 1967 1924; x_wconf 82' lang='grc' dir='ltr'><strong>τὸν</strong></span> 
     </span>
    </p>
   </div>
   <div class='ocr_carea' id='block_1_39' title="bbox 400 1960 1971 2032">
    <p class='ocr_par' dir='ltr' id='par_1_39' title="bbox 400 1960 1971 2032">
     <span class='ocr_line' id='line_1_39' title="bbox 400 1960 1971 2032; baseline 0 -19"><span class='ocrx_word' id='word_1_252' title='bbox 400 1962 574 2032; x_wconf 83' lang='grc' dir='ltr'>μέγαν</span> <span class='ocrx_word' id='word_1_253' title='bbox 611 1963 669 2015; x_wconf 84' lang='grc' dir='ltr'>ὲν</span> <span class='ocrx_word' id='word_1_254' title='bbox 698 1963 1000 2032; x_wconf 83' lang='grc' dir='ltr'>όστρακίνῳ</span> <span class='ocrx_word' id='word_1_255' title='bbox 1055 1961 1257 2016; x_wconf 87' lang='grc' dir='ltr'>σκεύει.</span> <span class='ocrx_word' id='word_1_256' title='bbox 1329 1961 1470 2014; x_wconf 85' lang='grc' dir='ltr'>Ἀλλ’</span> <span class='ocrx_word' id='word_1_257' title='bbox 1501 1964 1529 2014; x_wconf 99' lang='lat'><strong>6</strong></span> <span class='ocrx_word' id='word_1_258' title='bbox 1558 1960 1655 2031; x_wconf 87' lang='grc' dir='ltr'>μὲν</span> <span class='ocrx_word' id='word_1_259' title='bbox 1698 1960 1971 2030; x_wconf 84' lang='grc' dir='ltr'>θησαυρὸς</span> 
     </span>
    </p>
   </div>
   <div class='ocr_carea' id='block_1_40' title="bbox 396 2050 1970 2121">
    <p class='ocr_par' dir='ltr' id='par_1_40' title="bbox 396 2050 1970 2121">
     <span class='ocr_line' id='line_1_40' title="bbox 396 2050 1970 2121; baseline -0.001 -17"><span class='ocrx_word' id='word_1_260' title='bbox 396 2051 607 2121; x_wconf 78' lang='grc' dir='ltr'>ἀφανής</span> <span class='ocrx_word' id='word_1_261' title='bbox 628 2067 644 2083; x_wconf 75' lang='grc' dir='ltr'><strong>ο</strong></span> <span class='ocrx_word' id='word_1_262' title='bbox 689 2052 750 2105; x_wconf 85' lang='grc' dir='ltr'>τὸ</span> <span class='ocrx_word' id='word_1_263' title='bbox 779 2052 836 2105; x_wconf 88' lang='grc' dir='ltr'>δὲ</span> <span class='ocrx_word' id='word_1_264' title='bbox 866 2052 1184 2119; x_wconf 84' lang='grc' dir='ltr'>ὀστράκινον</span> <span class='ocrx_word' id='word_1_265' title='bbox 1237 2052 1449 2115; x_wconf 87' lang='grc' dir='ltr'>σκεῦος,</span> <span class='ocrx_word' id='word_1_266' title='bbox 1498 2050 1653 2105; x_wconf 84' lang='grc' dir='ltr'>κενὸν</span> <span class='ocrx_word' id='word_1_267' title='bbox 1679 2051 1770 2104; x_wconf 88' lang='grc' dir='ltr'><strong>τοῦ</strong></span> <span class='ocrx_word' id='word_1_268' title='bbox 1806 2050 1970 2104; x_wconf 87' lang='grc' dir='ltr'>πλού-</span> 
     </span>
    </p>
   </div>
   <div class='ocr_carea' id='block_1_41' title="bbox 395 2140 1970 2213">
    <p class='ocr_par' dir='ltr' id='par_1_41' title="bbox 395 2140 1970 2213">
     <span class='ocr_line' id='line_1_41' title="bbox 395 2140 1970 2213; baseline 0.001 -20"><span class='ocrx_word' id='word_1_269' title='bbox 395 2156 514 2208; x_wconf 85' lang='grc' dir='ltr'>του,</span> <span class='ocrx_word' id='word_1_270' title='bbox 532 2142 643 2205; x_wconf 84' lang='grc' dir='ltr'>τοῖς</span> <span class='ocrx_word' id='word_1_271' title='bbox 659 2142 944 2197; x_wconf 80' lang='grc' dir='ltr'>δεδωκόσιν</span> <span class='ocrx_word' id='word_1_272' title='bbox 968 2142 1395 2206; x_wconf 73' lang='grc' dir='ltr'>ὲπανασώζεται.</span> <span class='ocrx_word' id='word_1_273' title='bbox 1420 2142 1486 2195; x_wconf 88' lang='grc' dir='ltr'>Τί</span> <span class='ocrx_word' id='word_1_274' title='bbox 1507 2140 1738 2213; x_wconf 75' lang='grc' dir='ltr'>ἐροῦμεν</span> <span class='ocrx_word' id='word_1_275' title='bbox 1760 2143 1809 2195; x_wconf 76' lang='lat' dir='ltr'><strong>oi</strong></span> <span class='ocrx_word' id='word_1_276' title='bbox 1835 2143 1970 2196; x_wconf 88' lang='grc' dir='ltr'>ἀπο-</span> 
     </span>
    </p>
   </div>
   <div class='ocr_carea' id='block_1_42' title="bbox 402 2234 1969 2307">
    <p class='ocr_par' dir='ltr' id='par_1_42' title="bbox 402 2234 1969 2307">
     <span class='ocr_line' id='line_1_42' title="bbox 402 2234 1969 2307; baseline 0.001 -21"><span class='ocrx_word' id='word_1_277' title='bbox 402 2234 736 2300; x_wconf 81' lang='grc' dir='ltr'>στείλαντες;</span> <span class='ocrx_word' id='word_1_278' title='bbox 795 2236 847 2288; x_wconf 88' lang='grc' dir='ltr'><strong>τί</strong></span> <span class='ocrx_word' id='word_1_279' title='bbox 888 2234 1309 2307; x_wconf 78' lang='grc' dir='ltr'>ἀποκρινοῦνται</span> <span class='ocrx_word' id='word_1_280' title='bbox 1338 2237 1385 2289; x_wconf 89' lang='grc' dir='ltr'>οἱ</span> <span class='ocrx_word' id='word_1_281' title='bbox 1418 2236 1847 2306; x_wconf 85' lang='grc' dir='ltr'>ἀπαιτούμενοι;</span> <span class='ocrx_word' id='word_1_282' title='bbox 1904 2236 1969 2287; x_wconf 84' lang='grc' dir='ltr'><strong>Ὢ</strong></span> 
     </span>
    </p>
   </div>
   <div class='ocr_carea' id='block_1_43' title="bbox 399 2327 1970 2400">
    <p class='ocr_par' dir='ltr' id='par_1_43' title="bbox 399 2327 1970 2400">
     <span class='ocr_line' id='line_1_43' title="bbox 399 2327 1970 2400; baseline -0.001 -21"><span class='ocrx_word' id='word_1_283' title='bbox 399 2327 636 2398; x_wconf 89' lang='grc' dir='ltr'>πονηροῦ</span> <span class='ocrx_word' id='word_1_284' title='bbox 662 2328 917 2396; x_wconf 85' lang='grc' dir='ltr'>ναυαγίου</span> <span class='ocrx_word' id='word_1_285' title='bbox 941 2330 953 2382; x_wconf 75' lang='grc' dir='ltr'><strong>ί</strong></span> <span class='ocrx_word' id='word_1_286' title='bbox 986 2328 1110 2391; x_wconf 89' lang='grc' dir='ltr'><strong>Πῶς</strong></span> <span class='ocrx_word' id='word_1_287' title='bbox 1134 2329 1191 2382; x_wconf 68' lang='grc' dir='ltr'>ἐν</span> <span class='ocrx_word' id='word_1_288' title='bbox 1221 2329 1368 2400; x_wconf 82' lang='grc' dir='ltr'>μέσῳ</span> <span class='ocrx_word' id='word_1_289' title='bbox 1396 2327 1473 2398; x_wconf 81' lang='grc' dir='ltr'>τῷ</span> <span class='ocrx_word' id='word_1_290' title='bbox 1497 2328 1677 2398; x_wconf 82' lang='grc' dir='ltr'>λιμένι</span> <span class='ocrx_word' id='word_1_291' title='bbox 1696 2330 1793 2398; x_wconf 84' lang='grc' dir='ltr'><strong>τῆς</strong></span> <span class='ocrx_word' id='word_1_292' title='bbox 1817 2327 1970 2380; x_wconf 75' lang='grc' dir='ltr'>ἐλπί-</span> 
     </span>
    </p>
   </div>
   <div class='ocr_carea' id='block_1_44' title="bbox 398 2416 1970 2491">
    <p class='ocr_par' dir='ltr' id='par_1_44' title="bbox 398 2416 1970 2491">
     <span class='ocr_line' id='line_1_44' title="bbox 398 2416 1970 2491; baseline 0.001 -22"><span class='ocrx_word' id='word_1_293' title='bbox 398 2416 486 2480; x_wconf 86' lang='grc' dir='ltr'><strong>δος</strong></span> <span class='ocrx_word' id='word_1_294' title='bbox 515 2417 671 2487; x_wconf 89' lang='grc' dir='ltr'>ἡμῶν</span> <span class='ocrx_word' id='word_1_295' title='bbox 716 2419 1169 2490; x_wconf 82' lang='grc' dir='ltr'>ὲναυαγὴσαμεν;</span> <span class='ocrx_word' id='word_1_296' title='bbox 1212 2420 1337 2484; x_wconf 86' lang='grc' dir='ltr'><strong>Πῶς</strong></span> <span class='ocrx_word' id='word_1_297' title='bbox 1373 2421 1406 2490; x_wconf 89' lang='grc' dir='ltr'><strong>ἡ</strong></span> <span class='ocrx_word' id='word_1_298' title='bbox 1451 2419 1777 2491; x_wconf 90' lang='grc' dir='ltr'>μυριοφόρος</span> <span class='ocrx_word' id='word_1_299' title='bbox 1805 2418 1970 2481; x_wconf 77' lang='grc' dir='ltr'>ὁλκὰς</span> 
     </span>
    </p>
   </div>
   <div class='ocr_carea' id='block_1_45' title="bbox 399 2508 1970 2583">
    <p class='ocr_par' dir='ltr' id='par_1_45' title="bbox 399 2508 1970 2583">
     <span class='ocr_line' id='line_1_45' title="bbox 399 2508 1970 2583; baseline 0.001 -21"><span class='ocrx_word' id='word_1_300' title='bbox 399 2508 548 2580; x_wconf 88' lang='grc' dir='ltr'>αὐτῷ</span> <span class='ocrx_word' id='word_1_301' title='bbox 582 2510 661 2580; x_wconf 81' lang='grc' dir='ltr'>τῷ</span> <span class='ocrx_word' id='word_1_302' title='bbox 695 2510 1022 2582; x_wconf 83' lang='grc' dir='ltr'>πληρώματι</span> <span class='ocrx_word' id='word_1_303' title='bbox 1059 2512 1363 2577; x_wconf 78' lang='grc' dir='ltr'>καταδῦσα,</span> <span class='ocrx_word' id='word_1_304' title='bbox 1386 2512 1625 2583; x_wconf 78' lang='grc' dir='ltr'>γυμνοὺς</span> <span class='ocrx_word' id='word_1_305' title='bbox 1672 2513 1818 2582; x_wconf 80' lang='grc' dir='ltr'>ἡμᾶς</span> <span class='ocrx_word' id='word_1_306' title='bbox 1844 2510 1970 2573; x_wconf 88' lang='grc' dir='ltr'><strong>τούς</strong></span> 
     </span>
    </p>
   </div>
   <div class='ocr_carea' id='block_1_46' title="bbox 400 2600 1968 2671">
    <p class='ocr_par' dir='ltr' id='par_1_46' title="bbox 400 2600 1968 2671">
     <span class='ocr_line' id='line_1_46' title="bbox 400 2600 1968 2671; baseline -0.001 -17"><span class='ocrx_word' id='word_1_307' title='bbox 400 2617 530 2654; x_wconf 87' lang='grc' dir='ltr'>ποτε</span> <span class='ocrx_word' id='word_1_308' title='bbox 555 2600 913 2665; x_wconf 79' lang='grc' dir='ltr'>πλουτοῦντας</span> <span class='ocrx_word' id='word_1_309' title='bbox 936 2603 1260 2669; x_wconf 88' lang='grc' dir='ltr'>κατέλιπεν;</span> <span class='ocrx_word' id='word_1_310' title='bbox 1296 2602 1404 2655; x_wconf 87' lang='grc' dir='ltr'><strong>Ποῦ</strong></span> <span class='ocrx_word' id='word_1_311' title='bbox 1431 2602 1491 2654; x_wconf 66' lang='grc' dir='ltr'><strong>ὀδ</strong></span> <span class='ocrx_word' id='word_1_312' title='bbox 1514 2601 1767 2671; x_wconf 77' lang='grc' dir='ltr'>λαμπρὸν</span> <span class='ocrx_word' id='word_1_313' title='bbox 1802 2602 1968 2654; x_wconf 79' lang='grc' dir='ltr'>ἱστίον</span> 
     </span>
    </p>
   </div>
   <div class='ocr_carea' id='block_1_47' title="bbox 401 2692 1966 2764">
    <p class='ocr_par' dir='ltr' id='par_1_47' title="bbox 401 2692 1966 2764">
     <span class='ocr_line' id='line_1_47' title="bbox 401 2692 1966 2764; baseline -0.001 -19"><span class='ocrx_word' id='word_1_314' title='bbox 401 2694 595 2758; x_wconf 70' lang='grc' dir='ltr'>έκεῖνο,</span> <span class='ocrx_word' id='word_1_315' title='bbox 620 2693 681 2746; x_wconf 87' lang='grc' dir='ltr'><strong>τὸ</strong></span> <span class='ocrx_word' id='word_1_316' title='bbox 702 2692 780 2764; x_wconf 85' lang='grc' dir='ltr'>τῷ</span> <span class='ocrx_word' id='word_1_317' title='bbox 808 2694 947 2764; x_wconf 84' lang='grc' dir='ltr'>ἁγίῳ</span> <span class='ocrx_word' id='word_1_318' title='bbox 975 2692 1249 2763; x_wconf 82' lang='grc' dir='ltr'>Πνεῦματι</span> <span class='ocrx_word' id='word_1_319' title='bbox 1284 2692 1372 2746; x_wconf 78' lang='grc' dir='ltr'><strong>διὰ</strong></span> <span class='ocrx_word' id='word_1_320' title='bbox 1396 2693 1595 2755; x_wconf 77' lang='grc' dir='ltr'>παντὸς</span> <span class='ocrx_word' id='word_1_321' title='bbox 1620 2692 1930 2763; x_wconf 85' lang='grc' dir='ltr'>ίθυνόμενον</span> <span class='ocrx_word' id='word_1_322' title='bbox 1952 2707 1966 2756; x_wconf 92' lang='lat'><strong>;</strong></span> 
     </span>
    </p>
   </div>
   <div class='ocr_carea' id='block_1_48' title="bbox 403 2776 1970 2854">
    <p class='ocr_par' dir='ltr' id='par_1_48' title="bbox 403 2776 1970 2854">
     <span class='ocr_line' id='line_1_48' title="bbox 403 2776 1970 2854; baseline 0 -18"><span class='ocrx_word' id='word_1_323' title='bbox 403 2782 513 2836; x_wconf 85' lang='grc' dir='ltr'>Ποῦ</span> <span class='ocrx_word' id='word_1_324' title='bbox 548 2783 610 2836; x_wconf 84' lang='grc' dir='ltr'>τὺ</span> <span class='ocrx_word' id='word_1_325' title='bbox 641 2783 880 2851; x_wconf 86' lang='grc' dir='ltr'>ἀσφαλὲς</span> <span class='ocrx_word' id='word_1_326' title='bbox 911 2783 1016 2837; x_wconf 88' lang='grc' dir='ltr'><strong>τῶν</strong></span> <span class='ocrx_word' id='word_1_327' title='bbox 1044 2783 1232 2853; x_wconf 81' lang='grc' dir='ltr'>ψυχῶν</span> <span class='ocrx_word' id='word_1_328' title='bbox 1271 2781 1428 2853; x_wconf 88' lang='grc' dir='ltr'>ἡμῶν</span> <span class='ocrx_word' id='word_1_329' title='bbox 1462 2782 1749 2854; x_wconf 82' lang='grc' dir='ltr'>πηδάλιον,</span> <span class='ocrx_word' id='word_1_330' title='bbox 1793 2782 1860 2835; x_wconf 84' lang='grc' dir='ltr'><strong>δι’</strong></span> <span class='ocrx_word' id='word_1_331' title='bbox 1909 2776 1970 2836; x_wconf 77' lang='grc' dir='ltr'><strong>οὐ</strong></span> 
     </span>
    </p>
   </div>
   <div class='ocr_carea' id='block_1_49' title="bbox 402 2872 1968 2946">
    <p class='ocr_par' dir='ltr' id='par_1_49' title="bbox 402 2872 1968 2946">
     <span class='ocr_line' id='line_1_49' title="bbox 402 2872 1968 2946; baseline -0.001 -19"><span class='ocrx_word' id='word_1_332' title='bbox 402 2874 502 2936; x_wconf 72' lang='grc' dir='ltr'>τὰς</span> <span class='ocrx_word' id='word_1_333' title='bbox 532 2875 824 2946; x_wconf 85' lang='grc' dir='ltr'>τρικυμίας</span> <span class='ocrx_word' id='word_1_334' title='bbox 854 2874 952 2938; x_wconf 85' lang='grc' dir='ltr'>τὰς</span> <span class='ocrx_word' id='word_1_335' title='bbox 985 2873 1263 2945; x_wconf 78' lang='grc' dir='ltr'>αἱρετικὰς</span> <span class='ocrx_word' id='word_1_336' title='bbox 1293 2872 1520 2936; x_wconf 81' lang='grc' dir='ltr'>ἀπαθῶς</span> <span class='ocrx_word' id='word_1_337' title='bbox 1554 2872 1968 2943; x_wconf 77' lang='grc' dir='ltr'>παρεπλέομενς</span> 
     </span>
    </p>
   </div>
   <div class='ocr_carea' id='block_1_50' title="bbox 404 2957 1975 3037">
    <p class='ocr_par' dir='ltr' id='par_1_50' title="bbox 404 2957 1975 3037">
     <span class='ocr_line' id='line_1_50' title="bbox 404 2957 1975 3037; baseline -0.001 -19"><span class='ocrx_word' id='word_1_338' title='bbox 404 2964 517 3018; x_wconf 89' lang='grc' dir='ltr'>Ποῦ</span> <span class='ocrx_word' id='word_1_339' title='bbox 553 2967 586 3034; x_wconf 91' lang='grc' dir='ltr'><strong>ἡ</strong></span> <span class='ocrx_word' id='word_1_340' title='bbox 616 2966 948 3036; x_wconf 87' lang='grc' dir='ltr'>ἀμετάθετος</span> <span class='ocrx_word' id='word_1_341' title='bbox 977 2966 1076 3036; x_wconf 84' lang='grc' dir='ltr'><strong>τῆς</strong></span> <span class='ocrx_word' id='word_1_342' title='bbox 1110 2963 1333 3035; x_wconf 82' lang='grc' dir='ltr'>γνώμης</span> <span class='ocrx_word' id='word_1_343' title='bbox 1365 2965 1602 3036; x_wconf 79' lang='grc' dir='ltr'>ἄγκυρα,</span> <span class='ocrx_word' id='word_1_344' title='bbox 1702 2964 1838 3034; x_wconf 81' lang='grc' dir='ltr'><strong>μετά</strong></span> <span class='ocrx_word' id='word_1_345' title='bbox 1868 2963 1975 3017; x_wconf 81' lang='grc' dir='ltr'>πά·</span> 
     </span>
    </p>
   </div>
   <div class='ocr_carea' id='block_1_51' title="bbox 408 3055 1972 3128">
    <p class='ocr_par' dir='ltr' id='par_1_51' title="bbox 408 3055 1972 3128">
     <span class='ocr_line' id='line_1_51' title="bbox 408 3055 1972 3128; baseline -0.001 -19"><span class='ocrx_word' id='word_1_346' title='bbox 408 3073 509 3128; x_wconf 89' lang='grc' dir='ltr'><strong>σης</strong></span> <span class='ocrx_word' id='word_1_347' title='bbox 548 3057 849 3125; x_wconf 79' lang='grc' dir='ltr'>ἀσφαλείας</span> <span class='ocrx_word' id='word_1_348' title='bbox 906 3056 1274 3127; x_wconf 86' lang='grc' dir='ltr'>πεπονηκότες</span> <span class='ocrx_word' id='word_1_349' title='bbox 1314 3055 1694 3125; x_wconf 85' lang='grc' dir='ltr'>ἀνεπαυόμεθα</span> <span class='ocrx_word' id='word_1_350' title='bbox 1727 3073 1741 3122; x_wconf 85' lang='grc'>;</span> <span class='ocrx_word' id='word_1_351' title='bbox 1798 3055 1908 3109; x_wconf 89' lang='grc' dir='ltr'>Ποῦ</span> <span class='ocrx_word' id='word_1_352' title='bbox 1943 3056 1972 3107; x_wconf 92' lang='lat'><strong>6</strong></span> 
     </span>
    </p>
   </div>
   <div class='ocr_carea' id='block_1_52' title="bbox 405 3143 1974 3218">
    <p class='ocr_par' dir='ltr' id='par_1_52' title="bbox 405 3143 1974 3218">
     <span class='ocr_line' id='line_1_52' title="bbox 405 3143 1974 3218; baseline -0.003 -18"><span class='ocrx_word' id='word_1_353' title='bbox 405 3146 569 3209; x_wconf 80' lang='grc' dir='ltr'>καλὸς</span> <span class='ocrx_word' id='word_1_354' title='bbox 597 3146 935 3218; x_wconf 75' lang='grc' dir='ltr'>κυϐερνήτης</span> <span class='ocrx_word' id='word_1_355' title='bbox 953 3186 967 3210; x_wconf 93' lang='grc'><strong>,</strong></span> <span class='ocrx_word' id='word_1_356' title='bbox 993 3147 1021 3198; x_wconf 89' lang='lat'><strong>6</strong></span> <span class='ocrx_word' id='word_1_357' title='bbox 1051 3145 1185 3215; x_wconf 78' lang='grc' dir='ltr'>πρὸς</span> <span class='ocrx_word' id='word_1_358' title='bbox 1210 3145 1301 3198; x_wconf 75' lang='grc' dir='ltr'><strong>τὸν</strong></span> <span class='ocrx_word' id='word_1_359' title='bbox 1323 3145 1436 3198; x_wconf 79' lang='grc' dir='ltr'><strong>ἀνω</strong></span> <span class='ocrx_word' id='word_1_360' title='bbox 1458 3144 1657 3198; x_wconf 83' lang='grc' dir='ltr'>σκοπὸν</span> <span class='ocrx_word' id='word_1_361' title='bbox 1682 3143 1974 3198; x_wconf 85' lang='grc' dir='ltr'>διευθύνων</span> 
     </span>
    </p>
   </div>
   <div class='ocr_carea' id='block_1_53' title="bbox 405 3235 1976 3310">
    <p class='ocr_par' dir='ltr' id='par_1_53' title="bbox 405 3235 1976 3310">
     <span class='ocr_line' id='line_1_53' title="bbox 405 3235 1976 3310; baseline -0.001 -19"><span class='ocrx_word' id='word_1_362' title='bbox 405 3240 468 3293; x_wconf 80' lang='grc' dir='ltr'><strong>τὸ</strong></span> <span class='ocrx_word' id='word_1_363' title='bbox 497 3239 742 3307; x_wconf 86' lang='grc' dir='ltr'>σκάφος;</span> <span class='ocrx_word' id='word_1_364' title='bbox 789 3235 939 3307; x_wconf 73' lang='grc' dir='ltr'><strong>τΑρα</strong></span> <span class='ocrx_word' id='word_1_365' title='bbox 983 3238 1155 3310; x_wconf 86' lang='grc' dir='ltr'>μικρά</span> <span class='ocrx_word' id='word_1_366' title='bbox 1194 3237 1263 3292; x_wconf 73' lang='grc' dir='ltr'>τὰ</span> <span class='ocrx_word' id='word_1_367' title='bbox 1305 3237 1611 3307; x_wconf 77' lang='grc' dir='ltr'>συμϐάντα,</span> <span class='ocrx_word' id='word_1_368' title='bbox 1658 3237 1753 3290; x_wconf 75' lang='grc' dir='ltr'>καὶ</span> <span class='ocrx_word' id='word_1_369' title='bbox 1799 3236 1976 3307; x_wconf 86' lang='grc' dir='ltr'>μάτην</span> 
     </span>
    </p>
   </div>
   <div class='ocr_carea' id='block_1_54' title="bbox 407 3325 1973 3402">
    <p class='ocr_par' dir='ltr' id='par_1_54' title="bbox 407 3325 1973 3402">
     <span class='ocr_line' id='line_1_54' title="bbox 407 3325 1973 3402; baseline -0.002 -18"><span class='ocrx_word' id='word_1_370' title='bbox 407 3331 774 3402; x_wconf 83' lang='grc' dir='ltr'>παθαίνομαι;</span> <span class='ocrx_word' id='word_1_371' title='bbox 819 3329 852 3401; x_wconf 83' lang='grc' dir='ltr'><strong>ἡ</strong></span> <span class='ocrx_word' id='word_1_372' title='bbox 888 3329 1085 3401; x_wconf 82' lang='grc' dir='ltr'>μᾶλλον</span> <span class='ocrx_word' id='word_1_373' title='bbox 1115 3330 1213 3383; x_wconf 81' lang='grc' dir='ltr'><strong>οὐκ</strong></span> <span class='ocrx_word' id='word_1_374' title='bbox 1256 3326 1582 3398; x_wconf 82' lang='grc' dir='ltr'>ἐφικνοῦμαι</span> <span class='ocrx_word' id='word_1_375' title='bbox 1616 3325 1710 3380; x_wconf 86' lang='grc' dir='ltr'><strong>τοῦ</strong></span> <span class='ocrx_word' id='word_1_376' title='bbox 1749 3327 1973 3394; x_wconf 88' lang='grc' dir='ltr'>πάθους,</span> 
     </span>
    </p>
   </div>
   <div class='ocr_carea' id='block_1_55' title="bbox 406 3419 1974 3494">
    <p class='ocr_par' dir='ltr' id='par_1_55' title="bbox 406 3419 1974 3494">
     <span class='ocr_line' id='line_1_55' title="bbox 406 3419 1974 3494; baseline -0.004 -17"><span class='ocrx_word' id='word_1_377' title='bbox 406 3424 513 3477; x_wconf 72' lang='grc' dir='ltr'><strong>κᾶν</strong></span> <span class='ocrx_word' id='word_1_378' title='bbox 545 3423 924 3494; x_wconf 85' lang='grc' dir='ltr'>ὐπερφωνὴσω</span> <span class='ocrx_word' id='word_1_379' title='bbox 951 3421 1028 3490; x_wconf 82' lang='grc' dir='ltr'><strong>τῷ</strong></span> <span class='ocrx_word' id='word_1_380' title='bbox 1060 3421 1239 3490; x_wconf 88' lang='grc' dir='ltr'>λόγῳ;</span> <span class='ocrx_word' id='word_1_381' title='bbox 1269 3421 1312 3472; x_wconf 89' lang='grc' dir='ltr'>Χ</span> <span class='ocrx_word' id='word_1_382' title='bbox 1322 3421 1523 3491; x_wconf 89' lang='grc' dir='ltr'>ρήσατε</span> <span class='ocrx_word' id='word_1_383' title='bbox 1551 3421 1701 3490; x_wconf 86' lang='grc' dir='ltr'>ἡμῖν,</span> <span class='ocrx_word' id='word_1_384' title='bbox 1734 3419 1974 3489; x_wconf 76' lang='grc' dir='ltr'>ἀδελφοὶ,</span> 
     </span>
    </p>
   </div>
   <div class='ocr_carea' id='block_1_56' title="bbox 407 3511 1977 3585">
    <p class='ocr_par' dir='ltr' id='par_1_56' title="bbox 407 3511 1977 3585">
     <span class='ocr_line' id='line_1_56' title="bbox 407 3511 1977 3585; baseline -0.001 -18"><span class='ocrx_word' id='word_1_385' title='bbox 407 3514 646 3585; x_wconf 86' lang='grc' dir='ltr'>χρήσατε</span> <span class='ocrx_word' id='word_1_386' title='bbox 682 3514 743 3568; x_wconf 81' lang='grc' dir='ltr'>τὸ</span> <span class='ocrx_word' id='word_1_387' title='bbox 789 3516 852 3567; x_wconf 77' lang='grc' dir='ltr'>ὲκ</span> <span class='ocrx_word' id='word_1_388' title='bbox 898 3513 1242 3584; x_wconf 77' lang='grc' dir='ltr'>συμπαθείας</span> <span class='ocrx_word' id='word_1_389' title='bbox 1282 3511 1534 3583; x_wconf 82' lang='grc' dir='ltr'>δάκρυον.</span> <span class='ocrx_word' id='word_1_390' title='bbox 1584 3513 1694 3564; x_wconf 80' lang='grc' dir='ltr'>Καὶ</span> <span class='ocrx_word' id='word_1_391' title='bbox 1736 3512 1845 3583; x_wconf 77' lang='grc' dir='ltr'>γὰρ</span> <span class='ocrx_word' id='word_1_392' title='bbox 1888 3512 1977 3565; x_wconf 81' lang='grc' dir='ltr'>ὃτέ</span> 
     </span>
    </p>
   </div>
   <div class='ocr_carea' id='block_1_57' title="bbox 410 3603 1979 3677">
    <p class='ocr_par' dir='ltr' id='par_1_57' title="bbox 410 3603 1979 3677">
     <span class='ocr_line' id='line_1_57' title="bbox 410 3603 1979 3677; baseline -0.003 -18"><span class='ocrx_word' id='word_1_393' title='bbox 410 3607 566 3677; x_wconf 76' lang='grc' dir='ltr'>ὑμεῖς</span> <span class='ocrx_word' id='word_1_394' title='bbox 584 3606 937 3677; x_wconf 76' lang='grc' dir='ltr'>εὐφραίνεσθε</span> <span class='ocrx_word' id='word_1_395' title='bbox 956 3649 970 3672; x_wconf 92' lang='grc'><strong>,</strong></span> <span class='ocrx_word' id='word_1_396' title='bbox 995 3607 1156 3676; x_wconf 80' lang='grc' dir='ltr'>ἡμεῖς</span> <span class='ocrx_word' id='word_1_397' title='bbox 1173 3606 1273 3674; x_wconf 78' lang='grc' dir='ltr'>τῆς</span> <span class='ocrx_word' id='word_1_398' title='bbox 1304 3604 1641 3675; x_wconf 79' lang='grc' dir='ltr'>εὐφροσύνης</span> <span class='ocrx_word' id='word_1_399' title='bbox 1667 3604 1696 3656; x_wconf 88' lang='grc' dir='ltr'><strong>ὐ</strong></span> <span class='ocrx_word' id='word_1_400' title='bbox 1704 3603 1820 3672; x_wconf 91' lang='grc' dir='ltr'><strong>μῶν</strong></span> <span class='ocrx_word' id='word_1_401' title='bbox 1838 3605 1979 3655; x_wconf 77' lang='grc' dir='ltr'>ἐκοι-</span> 
     </span>
    </p>
   </div>
   <div class='ocr_carea' id='block_1_58' title="bbox 408 3692 1981 3767">
    <p class='ocr_par' dir='ltr' id='par_1_58' title="bbox 408 3692 1981 3767">
     <span class='ocr_line' id='line_1_58' title="bbox 408 3692 1981 3767; baseline -0.004 -16"><span class='ocrx_word' id='word_1_402' title='bbox 408 3697 744 3767; x_wconf 87' lang='grc' dir='ltr'>νωνήσαμεν.</span> <span class='ocrx_word' id='word_1_403' title='bbox 774 3695 981 3751; x_wconf 88' lang='grc' dir='ltr'>Οὐκοῦν</span> <span class='ocrx_word' id='word_1_404' title='bbox 1024 3697 1251 3749; x_wconf 85' lang='grc' dir='ltr'>ἀπόδοτε</span> <span class='ocrx_word' id='word_1_405' title='bbox 1279 3698 1412 3765; x_wconf 88' lang='grc' dir='ltr'>ἡμῖν</span> <span class='ocrx_word' id='word_1_406' title='bbox 1454 3694 1513 3747; x_wconf 83' lang='grc' dir='ltr'><strong>τὸ</strong></span> <span class='ocrx_word' id='word_1_407' title='bbox 1558 3695 1791 3763; x_wconf 73' lang='grc' dir='ltr'>πονηρὸν</span> <span class='ocrx_word' id='word_1_408' title='bbox 1821 3692 1981 3745; x_wconf 84' lang='grc' dir='ltr'>τοῦτο</span> 
     </span>
    </p>
   </div>
   <div class='ocr_carea' id='block_1_59' title="bbox 406 3783 1980 3857">
    <p class='ocr_par' dir='ltr' id='par_1_59' title="bbox 406 3783 1980 3857">
     <span class='ocr_line' id='line_1_59' title="bbox 406 3783 1980 3857; baseline -0.005 -15"><span class='ocrx_word' id='word_1_409' title='bbox 406 3787 778 3857; x_wconf 81' lang='grc' dir='ltr'>ἀντάλλαγμα.</span> <span class='ocrx_word' id='word_1_410' title='bbox 805 3788 1046 3853; x_wconf 64' lang='grc' dir='ltr'>Χαίρειν</span> <span class='ocrx_word' id='word_1_411' title='bbox 1069 3786 1221 3855; x_wconf 82' lang='grc' dir='ltr'>μετὰ</span> <span class='ocrx_word' id='word_1_412' title='bbox 1250 3787 1576 3853; x_wconf 70' lang='grc' dir='ltr'>χαιρόντων</span> <span class='ocrx_word' id='word_1_413' title='bbox 1597 3799 1610 3812; x_wconf 71' lang='grc' dir='ltr'><strong>ο</strong></span> <span class='ocrx_word' id='word_1_414' title='bbox 1642 3783 1800 3836; x_wconf 84' lang='grc' dir='ltr'>τοῦτο</span> <span class='ocrx_word' id='word_1_415' title='bbox 1822 3785 1980 3853; x_wconf 79' lang='grc' dir='ltr'>ἡμεῖς</span> 
     </span>
    </p>
   </div>
   <div class='ocr_carea' id='block_1_60' title="bbox 405 3874 1981 3947">
    <p class='ocr_par' dir='ltr' id='par_1_60' title="bbox 405 3874 1981 3947">
     <span class='ocr_line' id='line_1_60' title="bbox 405 3874 1981 3947; baseline -0.003 -16"><span class='ocrx_word' id='word_1_416' title='bbox 405 3878 767 3947; x_wconf 78' lang='grc' dir='ltr'>ἐποιήσαμεν.</span> <span class='ocrx_word' id='word_1_417' title='bbox 800 3877 1047 3930; x_wconf 56' lang='lat' dir='ltr'><strong>[ﬁla/str-</strong></span> <span class='ocrx_word' id='word_1_418' title='bbox 1075 3879 1224 3944; x_wconf 79' lang='grc' dir='ltr'>μετὰ</span> <span class='ocrx_word' id='word_1_419' title='bbox 1254 3875 1584 3929; x_wconf 73' lang='grc' dir='ltr'>κλαιόντων</span> <span class='ocrx_word' id='word_1_420' title='bbox 1603 3892 1614 3906; x_wconf 72' lang='grc' dir='ltr'><strong>ν</strong></span> <span class='ocrx_word' id='word_1_421' title='bbox 1634 3874 1790 3927; x_wconf 88' lang='grc' dir='ltr'>τοῦτο</span> <span class='ocrx_word' id='word_1_422' title='bbox 1824 3874 1981 3944; x_wconf 78' lang='grc' dir='ltr'>ὑμεῖς</span> 
     </span>
    </p>
   </div>
   <div class='ocr_carea' id='block_1_61' title="bbox 829 3964 1978 4037">
    <p class='ocr_par' dir='ltr' id='par_1_61' title="bbox 829 3964 1978 4037">
     <span class='ocr_line' id='line_1_61' title="bbox 829 3964 1978 4037; baseline -0.003 -17"><span class='ocrx_word' id='word_1_423' title='bbox 829 3966 1123 4037; x_wconf 84' lang='grc' dir='ltr'>Ἐδάκρυσέ</span> <span class='ocrx_word' id='word_1_424' title='bbox 1190 3982 1317 4020; x_wconf 88' lang='grc' dir='ltr'>ποτε</span> <span class='ocrx_word' id='word_1_425' title='bbox 1368 3965 1516 4030; x_wconf 82' lang='grc' dir='ltr'>ξένος</span> <span class='ocrx_word' id='word_1_426' title='bbox 1564 3964 1691 4026; x_wconf 83' lang='grc' dir='ltr'>λαὸς</span> <span class='ocrx_word' id='word_1_427' title='bbox 1742 3964 1835 4017; x_wconf 72' lang='grc' dir='ltr'><strong>ἐπὶ</strong></span> <span class='ocrx_word' id='word_1_428' title='bbox 1885 3964 1978 4016; x_wconf 85' lang='grc' dir='ltr'><strong>τοῦ</strong></span> 
     </span>
    </p>
   </div>
   <div class='ocr_carea' id='block_1_62' title="bbox 409 4051 1981 4125">
    <p class='ocr_par' dir='ltr' id='par_1_62' title="bbox 409 4051 1981 4125">
     <span class='ocr_line' id='line_1_62' title="bbox 409 4051 1981 4125; baseline -0.001 -18"><span class='ocrx_word' id='word_1_429' title='bbox 409 4053 748 4125; x_wconf 85' lang='grc' dir='ltr'>πατριάρχου</span> <span class='ocrx_word' id='word_1_430' title='bbox 804 4051 996 4106; x_wconf 82' lang='grc' dir='ltr'>Ἰακὼό</span> <span class='ocrx_word' id='word_1_431' title='bbox 1017 4092 1032 4115; x_wconf 93' lang='grc'><strong>,</strong></span> <span class='ocrx_word' id='word_1_432' title='bbox 1085 4052 1180 4107; x_wconf 64' lang='grc' dir='ltr'><strong>καλ⁸</strong></span> <span class='ocrx_word' id='word_1_433' title='bbox 1225 4051 1322 4122; x_wconf 83' lang='grc' dir='ltr'><strong>τὴν</strong></span> <span class='ocrx_word' id='word_1_434' title='bbox 1366 4052 1650 4123; x_wconf 85' lang='grc' dir='ltr'>ἀλλοτρίαν</span> <span class='ocrx_word' id='word_1_435' title='bbox 1697 4052 1981 4122; x_wconf 72' lang='grc' dir='ltr'>συμφορὰν</span> 
     </span>
    </p>
   </div>
   <div class='ocr_carea' id='block_1_63' title="bbox 406 4143 1987 4215">
    <p class='ocr_par' dir='ltr' id='par_1_63' title="bbox 406 4143 1987 4215">
     <span class='ocr_line' id='line_1_63' title="bbox 406 4143 1987 4215; baseline -0.001 -18"><span class='ocrx_word' id='word_1_436' title='bbox 406 4145 740 4215; x_wconf 79' lang='grc' dir='ltr'>ᾠκειώσατο,</span> <span class='ocrx_word' id='word_1_437' title='bbox 775 4145 863 4198; x_wconf 80' lang='grc' dir='ltr'>ὅτε</span> <span class='ocrx_word' id='word_1_438' title='bbox 893 4144 984 4197; x_wconf 87' lang='grc' dir='ltr'><strong>τὸν</strong></span> <span class='ocrx_word' id='word_1_439' title='bbox 1014 4145 1227 4214; x_wconf 86' lang='grc' dir='ltr'>Πατέρα</span> <span class='ocrx_word' id='word_1_440' title='bbox 1257 4144 1317 4207; x_wconf 76' lang='grc' dir='ltr'>ἐξ</span> <span class='ocrx_word' id='word_1_441' title='bbox 1339 4143 1611 4211; x_wconf 74' lang='grc' dir='ltr'>Αἰγύπτου</span> <span class='ocrx_word' id='word_1_442' title='bbox 1640 4145 1689 4197; x_wconf 88' lang='grc' dir='ltr'>οἱ</span> <span class='ocrx_word' id='word_1_443' title='bbox 1714 4144 1810 4198; x_wconf 76' lang='grc' dir='ltr'>ἀπ’</span> <span class='ocrx_word' id='word_1_444' title='bbox 1841 4144 1987 4197; x_wconf 82' lang='grc' dir='ltr'>ὲκεί-</span> 
     </span>
    </p>
   </div>
   <div class='ocr_carea' id='block_1_64' title="bbox 408 4233 1983 4306">
    <p class='ocr_par' dir='ltr' id='par_1_64' title="bbox 408 4233 1983 4306">
     <span class='ocr_line' id='line_1_64' title="bbox 408 4233 1983 4306; baseline -0.002 -16"><span class='ocrx_word' id='word_1_445' title='bbox 408 4252 500 4290; x_wconf 90' lang='grc' dir='ltr'><strong>νου</strong></span> <span class='ocrx_word' id='word_1_446' title='bbox 532 4236 1017 4306; x_wconf 88' lang='grc' dir='ltr'>μετακομίσαντες,</span> <span class='ocrx_word' id='word_1_447' title='bbox 1047 4234 1316 4304; x_wconf 78' lang='grc' dir='ltr'>πανδημεὶ</span> <span class='ocrx_word' id='word_1_448' title='bbox 1347 4233 1449 4303; x_wconf 85' lang='grc' dir='ltr'><strong>τὴν</strong></span> <span class='ocrx_word' id='word_1_449' title='bbox 1479 4233 1565 4285; x_wconf 78' lang='grc' dir='ltr'><strong>ἐπ’</strong></span> <span class='ocrx_word' id='word_1_450' title='bbox 1596 4234 1743 4304; x_wconf 82' lang='grc' dir='ltr'>αὐτῷ</span> <span class='ocrx_word' id='word_1_451' title='bbox 1773 4251 1983 4303; x_wconf 82' lang='grc' dir='ltr'>συμφοο</span> 
     </span>
    </p>
   </div>
   <div class='ocr_carea' id='block_1_65' title="bbox 413 4325 1984 4397">
    <p class='ocr_par' dir='ltr' id='par_1_65' title="bbox 413 4325 1984 4397">
     <span class='ocr_line' id='line_1_65' title="bbox 413 4325 1984 4397; baseline 0 -18"><span class='ocrx_word' id='word_1_452' title='bbox 413 4327 513 4395; x_wconf 87' lang='grc' dir='ltr'><strong>ράν</strong></span> <span class='ocrx_word' id='word_1_453' title='bbox 535 4327 628 4379; x_wconf 69' lang='grc' dir='ltr'><strong>ἐπὶ</strong></span> <span class='ocrx_word' id='word_1_454' title='bbox 656 4328 752 4397; x_wconf 83' lang='grc' dir='ltr'><strong>τῆς</strong></span> <span class='ocrx_word' id='word_1_455' title='bbox 774 4326 1060 4397; x_wconf 83' lang='grc' dir='ltr'>ἀλλοτρίας</span> <span class='ocrx_word' id='word_1_456' title='bbox 1079 4325 1551 4395; x_wconf 78' lang='grc' dir='ltr'>κατωλοφύραντο,</span> <span class='ocrx_word' id='word_1_457' title='bbox 1578 4326 1808 4396; x_wconf 85' lang='grc' dir='ltr'>ἡμέραις</span> <span class='ocrx_word' id='word_1_458' title='bbox 1831 4327 1984 4396; x_wconf 85' lang='grc' dir='ltr'>τριά-</span> 
     </span>
    </p>
   </div>
   <div class='ocr_carea' id='block_1_66' title="bbox 2068 1862 3640 1937">
    <p class='ocr_par' dir='ltr' id='par_1_66' title="bbox 2068 1862 3640 1937">
     <span class='ocr_line' id='line_1_66' title="bbox 2068 1862 3640 1937; baseline 0.003 -21"><span class='ocrx_word' id='word_1_459' title='bbox 2068 1862 2220 1919; x_wconf 77' lang='lat' dir='ltr'><strong>l‘leni</strong></span> <span class='ocrx_word' id='word_1_460' title='bbox 2252 1864 2521 1921; x_wconf 88' lang='lat' dir='ltr'><strong>bonorum</strong></span> <span class='ocrx_word' id='word_1_461' title='bbox 2551 1866 2618 1921; x_wconf 90' lang='lat' dir='ltr'><strong>ad</strong></span> <span class='ocrx_word' id='word_1_462' title='bbox 2646 1882 2744 1923; x_wconf 83' lang='lat' dir='ltr'><strong>vos</strong></span> <span class='ocrx_word' id='word_1_463' title='bbox 2774 1869 3144 1937; x_wconf 84' lang='lat' dir='ltr'><strong>accessimus;</strong></span> <span class='ocrx_word' id='word_1_464' title='bbox 3174 1868 3305 1922; x_wconf 82' lang='lat' dir='ltr'><strong>nudi</strong></span> <span class='ocrx_word' id='word_1_465' title='bbox 3337 1883 3402 1922; x_wconf 86' lang='lat' dir='ltr'><strong>ac</strong></span> <span class='ocrx_word' id='word_1_466' title='bbox 3433 1882 3640 1937; x_wconf 88' lang='lat' dir='ltr'><strong>paupe-</strong></span> 
     </span>
    </p>
   </div>
   <div class='ocr_carea' id='block_1_67' title="bbox 2068 1954 3645 2027">
    <p class='ocr_par' dir='ltr' id='par_1_67' title="bbox 2068 1954 3645 2027">
     <span class='ocr_line' id='line_1_67' title="bbox 2068 1954 3645 2027; baseline 0.002 -21"><span class='ocrx_word' id='word_1_467' title='bbox 2068 1968 2159 2009; x_wconf 85' lang='lat' dir='ltr'><strong>res</strong></span> <span class='ocrx_word' id='word_1_468' title='bbox 2195 1969 2225 2009; x_wconf 88' lang='lat' dir='ltr'><strong>a</strong></span> <span class='ocrx_word' id='word_1_469' title='bbox 2257 1954 2411 2012; x_wconf 82' lang='lat' dir='ltr'><strong>vobis</strong></span> <span class='ocrx_word' id='word_1_470' title='bbox 2442 1956 2749 2013; x_wconf 88' lang='lat' dir='ltr'><strong>recedimus</strong></span> <span class='ocrx_word' id='word_1_471' title='bbox 2778 1974 2794 2023; x_wconf 90' lang='lat'><strong>;</strong></span> <span class='ocrx_word' id='word_1_472' title='bbox 2827 1964 3067 2012; x_wconf 87' lang='lat' dir='ltr'><strong>erectam</strong></span> <span class='ocrx_word' id='word_1_473' title='bbox 3106 1971 3274 2027; x_wconf 88' lang='lat' dir='ltr'><strong>supra</strong></span> <span class='ocrx_word' id='word_1_474' title='bbox 3295 1963 3461 2026; x_wconf 90' lang='lat' dir='ltr'><strong>caput</strong></span> <span class='ocrx_word' id='word_1_475' title='bbox 3482 1956 3645 2025; x_wconf 77' lang='lat' dir='ltr'><strong>large</strong></span> 
     </span>
    </p>
   </div>
   <div class='ocr_carea' id='block_1_68' title="bbox 2069 2046 3642 2118">
    <p class='ocr_par' dir='ltr' id='par_1_68' title="bbox 2069 2046 3642 2118">
     <span class='ocr_line' id='line_1_68' title="bbox 2069 2046 3642 2118; baseline 0.001 -19"><span class='ocrx_word' id='word_1_476' title='bbox 2069 2046 2275 2102; x_wconf 79' lang='lat' dir='ltr'><strong>lumine</strong></span> <span class='ocrx_word' id='word_1_477' title='bbox 2333 2048 2775 2118; x_wconf 89' lang='lat' dir='ltr'><strong>resplendentem</strong></span> <span class='ocrx_word' id='word_1_478' title='bbox 2824 2050 3009 2105; x_wconf 80' lang='lat' dir='ltr'><strong>facem,</strong></span> <span class='ocrx_word' id='word_1_479' title='bbox 3060 2049 3435 2113; x_wconf 85' lang='lat' dir='ltr'><strong>habebamus,</strong></span> <span class='ocrx_word' id='word_1_480' title='bbox 3499 2048 3642 2102; x_wconf 88' lang='lat' dir='ltr'><strong>hanc</strong></span> 
     </span>
    </p>
   </div>
   <div class='ocr_carea' id='block_1_69' title="bbox 2069 2138 3646 2210">
    <p class='ocr_par' dir='ltr' id='par_1_69' title="bbox 2069 2138 3646 2210">
     <span class='ocr_line' id='line_1_69' title="bbox 2069 2138 3646 2210; baseline 0 -17"><span class='ocrx_word' id='word_1_481' title='bbox 2069 2139 2398 2193; x_wconf 77' lang='lat' dir='ltr'><strong>exstinctam</strong></span> <span class='ocrx_word' id='word_1_482' title='bbox 2428 2140 2482 2193; x_wconf 91' lang='lat' dir='ltr'><strong>in</strong></span> <span class='ocrx_word' id='word_1_483' title='bbox 2514 2138 2739 2193; x_wconf 75' lang='lat' dir='ltr'><strong>fumum</strong></span> <span class='ocrx_word' id='word_1_484' title='bbox 2755 2150 2808 2194; x_wconf 80' lang='lat' dir='ltr'><strong>et</strong></span> <span class='ocrx_word' id='word_1_485' title='bbox 2842 2141 3078 2196; x_wconf 88' lang='lat' dir='ltr'><strong>cinerem</strong></span> <span class='ocrx_word' id='word_1_486' title='bbox 3101 2141 3366 2210; x_wconf 80' lang='lat' dir='ltr'><strong>dissipato</strong></span> <span class='ocrx_word' id='word_1_487' title='bbox 3385 2139 3646 2209; x_wconf 82' lang='lat' dir='ltr'><strong>splendo-</strong></span> 
     </span>
    </p>
   </div>
   <div class='ocr_carea' id='block_1_70' title="bbox 2067 2231 3644 2304">
    <p class='ocr_par' dir='ltr' id='par_1_70' title="bbox 2067 2231 3644 2304">
     <span class='ocr_line' id='line_1_70' title="bbox 2067 2231 3644 2304; baseline 0 -19"><span class='ocrx_word' id='word_1_488' title='bbox 2067 2247 2128 2287; x_wconf 86' lang='lat' dir='ltr'><strong>re</strong></span> <span class='ocrx_word' id='word_1_489' title='bbox 2182 2241 2549 2302; x_wconf 84' lang='lat' dir='ltr'><strong>reportamus.</strong></span> <span class='ocrx_word' id='word_1_490' title='bbox 2582 2231 2888 2290; x_wconf 78' lang='lat' dir='ltr'><strong>Habuimus</strong></span> <span class='ocrx_word' id='word_1_491' title='bbox 2943 2246 3200 2304; x_wconf 86' lang='lat' dir='ltr'><strong>magnum</strong></span> <span class='ocrx_word' id='word_1_492' title='bbox 3233 2232 3383 2287; x_wconf 89' lang='lat' dir='ltr'><strong>illum</strong></span> <span class='ocrx_word' id='word_1_493' title='bbox 3415 2233 3644 2287; x_wconf 82' lang='lat' dir='ltr'><strong>thesau-</strong></span> 
     </span>
    </p>
   </div>
   <div class='ocr_carea' id='block_1_71' title="bbox 2069 2329 3647 2399">
    <p class='ocr_par' dir='ltr' id='par_1_71' title="bbox 2069 2329 3647 2399">
     <span class='ocr_line' id='line_1_71' title="bbox 2069 2329 3647 2399; baseline 0.005 -20"><span class='ocrx_word' id='word_1_494' title='bbox 2069 2341 2189 2380; x_wconf 90' lang='lat' dir='ltr'><strong>rum</strong></span> <span class='ocrx_word' id='word_1_495' title='bbox 2238 2329 2294 2380; x_wconf 91' lang='lat' dir='ltr'><strong>in</strong></span> <span class='ocrx_word' id='word_1_496' title='bbox 2336 2342 2466 2383; x_wconf 85' lang='lat' dir='ltr'><strong>vase</strong></span> <span class='ocrx_word' id='word_1_497' title='bbox 2499 2335 2762 2385; x_wconf 85' lang='lat' dir='ltr'><strong>testaceo.</strong></span> <span class='ocrx_word' id='word_1_498' title='bbox 2820 2329 2890 2382; x_wconf 84' lang='lat' dir='ltr'><strong>At</strong></span> <span class='ocrx_word' id='word_1_499' title='bbox 2928 2330 3219 2385; x_wconf 82' lang='lat' dir='ltr'><strong>thesaurus</strong></span> <span class='ocrx_word' id='word_1_500' title='bbox 3269 2329 3490 2399; x_wconf 89' lang='lat' dir='ltr'><strong>quidem</strong></span> <span class='ocrx_word' id='word_1_501' title='bbox 3540 2329 3647 2387; x_wconf 63' lang='lat' dir='ltr'><strong>ista</strong></span> 
     </span>
    </p>
   </div>
   <div class='ocr_carea' id='block_1_72' title="bbox 2070 2416 3646 2491">
    <p class='ocr_par' dir='ltr' id='par_1_72' title="bbox 2070 2416 3646 2491">
     <span class='ocr_line' id='line_1_72' title="bbox 2070 2416 3646 2491; baseline 0.002 -21"><span class='ocrx_word' id='word_1_502' title='bbox 2070 2416 2424 2474; x_wconf 89' lang='lat' dir='ltr'><strong>absconditus</strong></span> <span class='ocrx_word' id='word_1_503' title='bbox 2457 2426 2563 2484; x_wconf 89' lang='lat' dir='ltr'><strong>est,</strong></span> <span class='ocrx_word' id='word_1_504' title='bbox 2600 2428 2655 2475; x_wconf 88' lang='lat' dir='ltr'><strong>et</strong></span> <span class='ocrx_word' id='word_1_505' title='bbox 2692 2420 2870 2476; x_wconf 89' lang='lat' dir='ltr'><strong>visum</strong></span> <span class='ocrx_word' id='word_1_506' title='bbox 2900 2419 3038 2491; x_wconf 84' lang='lat' dir='ltr'><strong>fugit</strong></span> <span class='ocrx_word' id='word_1_507' title='bbox 3071 2440 3084 2476; x_wconf 89' lang='lat'><strong>:</strong></span> <span class='ocrx_word' id='word_1_508' title='bbox 3118 2436 3214 2476; x_wconf 90' lang='lat' dir='ltr'><strong>vas</strong></span> <span class='ocrx_word' id='word_1_509' title='bbox 3259 2429 3439 2475; x_wconf 91' lang='lat' dir='ltr'><strong>autem</strong></span> <span class='ocrx_word' id='word_1_510' title='bbox 3474 2427 3646 2476; x_wconf 85' lang='lat' dir='ltr'><strong>testa-</strong></span> 
     </span>
    </p>
   </div>
   <div class='ocr_carea' id='block_1_73' title="bbox 2070 2508 3644 2582">
    <p class='ocr_par' dir='ltr' id='par_1_73' title="bbox 2070 2508 3644 2582">
     <span class='ocr_line' id='line_1_73' title="bbox 2070 2508 3644 2582; baseline 0.004 -21"><span class='ocrx_word' id='word_1_511' title='bbox 2070 2521 2223 2563; x_wconf 91' lang='lat' dir='ltr'><strong>ceum</strong></span> <span class='ocrx_word' id='word_1_512' title='bbox 2263 2508 2331 2563; x_wconf 90' lang='lat' dir='ltr'><strong>ab</strong></span> <span class='ocrx_word' id='word_1_513' title='bbox 2378 2510 2575 2580; x_wconf 90' lang='lat' dir='ltr'><strong>opibus</strong></span> <span class='ocrx_word' id='word_1_514' title='bbox 2605 2527 2868 2577; x_wconf 85' lang='lat' dir='ltr'><strong>vacuum,</strong></span> <span class='ocrx_word' id='word_1_515' title='bbox 2900 2512 2970 2566; x_wconf 90' lang='lat' dir='ltr'><strong>ab</strong></span> <span class='ocrx_word' id='word_1_516' title='bbox 3001 2513 3068 2566; x_wconf 90' lang='lat' dir='ltr'><strong>iis</strong></span> <span class='ocrx_word' id='word_1_517' title='bbox 3101 2512 3192 2582; x_wconf 88' lang='lat' dir='ltr'><strong>qui</strong></span> <span class='ocrx_word' id='word_1_518' title='bbox 3220 2511 3525 2576; x_wconf 86' lang='lat' dir='ltr'><strong>dederant,</strong></span> <span class='ocrx_word' id='word_1_519' title='bbox 3553 2525 3644 2568; x_wconf 85' lang='lat' dir='ltr'><strong>re-</strong></span> 
     </span>
    </p>
   </div>
   <div class='ocr_carea' id='block_1_74' title="bbox 2069 2600 3649 2673">
    <p class='ocr_par' dir='ltr' id='par_1_74' title="bbox 2069 2600 3649 2673">
     <span class='ocr_line' id='line_1_74' title="bbox 2069 2600 3649 2673; baseline 0.004 -19"><span class='ocrx_word' id='word_1_520' title='bbox 2069 2606 2339 2654; x_wconf 83' lang='lat' dir='ltr'><strong>servatur.</strong></span> <span class='ocrx_word' id='word_1_521' title='bbox 2390 2600 2528 2667; x_wconf 86' lang='lat' dir='ltr'><strong>Quid</strong></span> <span class='ocrx_word' id='word_1_522' title='bbox 2587 2602 2834 2660; x_wconf 89' lang='lat' dir='ltr'><strong>dicemus</strong></span> <span class='ocrx_word' id='word_1_523' title='bbox 2882 2606 2973 2673; x_wconf 90' lang='lat' dir='ltr'><strong>qui</strong></span> <span class='ocrx_word' id='word_1_524' title='bbox 3031 2603 3347 2659; x_wconf 87' lang='lat' dir='ltr'><strong>emisimus?</strong></span> <span class='ocrx_word' id='word_1_525' title='bbox 3373 2603 3515 2670; x_wconf 83' lang='lat' dir='ltr'><strong>Quid</strong></span> <span class='ocrx_word' id='word_1_526' title='bbox 3557 2619 3649 2660; x_wconf 74' lang='lat' dir='ltr'><strong>Ie-</strong></span> 
     </span>
    </p>
   </div>
   <div class='ocr_carea' id='block_1_75' title="bbox 2069 2691 3647 2765">
    <p class='ocr_par' dir='ltr' id='par_1_75' title="bbox 2069 2691 3647 2765">
     <span class='ocr_line' id='line_1_75' title="bbox 2069 2691 3647 2765; baseline 0.003 -21"><span class='ocrx_word' id='word_1_527' title='bbox 2069 2691 2413 2760; x_wconf 89' lang='lat' dir='ltr'><strong>spondebunt</strong></span> <span class='ocrx_word' id='word_1_528' title='bbox 2447 2707 2478 2747; x_wconf 87' lang='lat' dir='ltr'><strong>a</strong></span> <span class='ocrx_word' id='word_1_529' title='bbox 2513 2694 2715 2763; x_wconf 92' lang='lat' dir='ltr'><strong>quibus</strong></span> <span class='ocrx_word' id='word_1_530' title='bbox 2745 2696 3048 2765; x_wconf 76' lang='lat' dir='ltr'><strong>repetitur?</strong></span> <span class='ocrx_word' id='word_1_531' title='bbox 3086 2693 3132 2752; x_wconf 91' lang='grc'>0</span> <span class='ocrx_word' id='word_1_532' title='bbox 3167 2696 3369 2749; x_wconf 90' lang='lat' dir='ltr'><strong>malum</strong></span> <span class='ocrx_word' id='word_1_533' title='bbox 3426 2694 3647 2750; x_wconf 84' lang='lat' dir='ltr'><strong>naufra-</strong></span> 
     </span>
    </p>
   </div>
   <div class='ocr_carea' id='block_1_76' title="bbox 2071 2782 3644 2859">
    <p class='ocr_par' dir='ltr' id='par_1_76' title="bbox 2071 2782 3644 2859">
     <span class='ocr_line' id='line_1_76' title="bbox 2071 2782 3644 2859; baseline 0.005 -26"><span class='ocrx_word' id='word_1_534' title='bbox 2071 2784 2216 2851; x_wconf 80' lang='lat' dir='ltr'><strong>gium</strong></span> <span class='ocrx_word' id='word_1_535' title='bbox 2244 2785 2257 2837; x_wconf 88' lang='lat'><strong>!</strong></span> <span class='ocrx_word' id='word_1_536' title='bbox 2281 2782 2568 2849; x_wconf 87' lang='lat' dir='ltr'><strong>Quomodo</strong></span> <span class='ocrx_word' id='word_1_537' title='bbox 2600 2786 2654 2840; x_wconf 93' lang='lat' dir='ltr'><strong>in</strong></span> <span class='ocrx_word' id='word_1_538' title='bbox 2696 2787 2872 2843; x_wconf 90' lang='lat' dir='ltr'><strong>medio</strong></span> <span class='ocrx_word' id='word_1_539' title='bbox 2918 2799 3075 2859; x_wconf 89' lang='lat' dir='ltr'><strong>portu</strong></span> <span class='ocrx_word' id='word_1_540' title='bbox 3109 2788 3224 2859; x_wconf 88' lang='lat' dir='ltr'><strong>spci</strong></span> <span class='ocrx_word' id='word_1_541' title='bbox 3263 2796 3466 2844; x_wconf 61' lang='lat' dir='ltr'><strong>nostra:</strong></span> <span class='ocrx_word' id='word_1_542' title='bbox 3512 2803 3644 2842; x_wconf 86' lang='lat' dir='ltr'><strong>nau-</strong></span> 
     </span>
    </p>
   </div>
   <div class='ocr_carea' id='block_1_77' title="bbox 2072 2873 3649 2945">
    <p class='ocr_par' dir='ltr' id='par_1_77' title="bbox 2072 2873 3649 2945">
     <span class='ocr_line' id='line_1_77' title="bbox 2072 2873 3649 2945; baseline 0.006 -18"><span class='ocrx_word' id='word_1_543' title='bbox 2072 2873 2307 2945; x_wconf 72' lang='lat' dir='ltr'><strong>fragium</strong></span> <span class='ocrx_word' id='word_1_544' title='bbox 2350 2876 2615 2933; x_wconf 88' lang='lat' dir='ltr'><strong>fecimus?</strong></span> <span class='ocrx_word' id='word_1_545' title='bbox 2651 2878 2935 2944; x_wconf 87' lang='lat' dir='ltr'><strong>Quomodo</strong></span> <span class='ocrx_word' id='word_1_546' title='bbox 2994 2881 3300 2936; x_wconf 87' lang='lat' dir='ltr'><strong>innumeris</strong></span> <span class='ocrx_word' id='word_1_547' title='bbox 3370 2880 3649 2936; x_wconf 86' lang='lat' dir='ltr'><strong>mercibus</strong></span> 
     </span>
    </p>
   </div>
   <div class='ocr_carea' id='block_1_78' title="bbox 2073 2970 3648 3039">
    <p class='ocr_par' dir='ltr' id='par_1_78' title="bbox 2073 2970 3648 3039">
     <span class='ocr_line' id='line_1_78' title="bbox 2073 2970 3648 3039; baseline 0.003 -20"><span class='ocrx_word' id='word_1_548' title='bbox 2073 2975 2273 3021; x_wconf 87' lang='lat' dir='ltr'><strong>onusta</strong></span> <span class='ocrx_word' id='word_1_549' title='bbox 2316 2970 2471 3024; x_wconf 89' lang='lat' dir='ltr'><strong>navis</strong></span> <span class='ocrx_word' id='word_1_550' title='bbox 2502 2984 2624 3024; x_wconf 89' lang='lat' dir='ltr'><strong>cum</strong></span> <span class='ocrx_word' id='word_1_551' title='bbox 2660 2971 2781 3039; x_wconf 90' lang='lat' dir='ltr'><strong>ipso</strong></span> <span class='ocrx_word' id='word_1_552' title='bbox 2839 2986 3008 3026; x_wconf 89' lang='lat' dir='ltr'><strong>onere</strong></span> <span class='ocrx_word' id='word_1_553' title='bbox 3063 2974 3312 3027; x_wconf 82' lang='lat' dir='ltr'><strong>demersa</strong></span> <span class='ocrx_word' id='word_1_554' title='bbox 3357 2987 3459 3027; x_wconf 90' lang='lat' dir='ltr'><strong>nos</strong></span> <span class='ocrx_word' id='word_1_555' title='bbox 3512 2971 3648 3029; x_wconf 88' lang='lat' dir='ltr'><strong>olim</strong></span> 
     </span>
    </p>
   </div>
   <div class='ocr_carea' id='block_1_79' title="bbox 2075 3058 3648 3133">
    <p class='ocr_par' dir='ltr' id='par_1_79' title="bbox 2075 3058 3648 3133">
     <span class='ocr_line' id='line_1_79' title="bbox 2075 3058 3648 3133; baseline 0.004 -21"><span class='ocrx_word' id='word_1_556' title='bbox 2075 3058 2274 3115; x_wconf 79' lang='lat' dir='ltr'><strong>divites</strong></span> <span class='ocrx_word' id='word_1_557' title='bbox 2317 3060 2494 3116; x_wconf 88' lang='lat' dir='ltr'><strong>nudos</strong></span> <span class='ocrx_word' id='word_1_558' title='bbox 2517 3061 2935 3118; x_wconf 90' lang='lat' dir='ltr'><strong>destituit?Ubi</strong></span> <span class='ocrx_word' id='word_1_559' title='bbox 2990 3063 3332 3133; x_wconf 85' lang='lat' dir='ltr'><strong>splendidum</strong></span> <span class='ocrx_word' id='word_1_560' title='bbox 3379 3062 3509 3118; x_wconf 88' lang='lat' dir='ltr'><strong>illud</strong></span> <span class='ocrx_word' id='word_1_561' title='bbox 3555 3078 3648 3118; x_wconf 87' lang='lat' dir='ltr'><strong>ve-</strong></span> 
     </span>
    </p>
   </div>
   <div class='ocr_carea' id='block_1_80' title="bbox 2079 3148 3651 3224">
    <p class='ocr_par' dir='ltr' id='par_1_80' title="bbox 2079 3148 3651 3224">
     <span class='ocr_line' id='line_1_80' title="bbox 2079 3148 3651 3224; baseline 0 -20"><span class='ocrx_word' id='word_1_562' title='bbox 2079 3148 2184 3204; x_wconf 90' lang='lat' dir='ltr'><strong>lum</strong></span> <span class='ocrx_word' id='word_1_563' title='bbox 2220 3152 2363 3221; x_wconf 84' lang='lat' dir='ltr'><strong>qnod</strong></span> <span class='ocrx_word' id='word_1_564' title='bbox 2408 3150 2613 3222; x_wconf 89' lang='lat' dir='ltr'><strong>Spiritu</strong></span> <span class='ocrx_word' id='word_1_565' title='bbox 2660 3162 2852 3209; x_wconf 90' lang='lat' dir='ltr'><strong>sancto</strong></span> <span class='ocrx_word' id='word_1_566' title='bbox 2904 3169 3118 3224; x_wconf 85' lang='lat' dir='ltr'><strong>semper</strong></span> <span class='ocrx_word' id='word_1_567' title='bbox 3149 3150 3522 3223; x_wconf 81' lang='lat' dir='ltr'><strong>dirigebatur?</strong></span> <span class='ocrx_word' id='word_1_568' title='bbox 3557 3151 3651 3205; x_wconf 88' lang='lat' dir='ltr'><strong>ubi</strong></span> 
     </span>
    </p>
   </div>
   <div class='ocr_carea' id='block_1_81' title="bbox 2077 3240 3653 3316">
    <p class='ocr_par' dir='ltr' id='par_1_81' title="bbox 2077 3240 3653 3316">
     <span class='ocr_line' id='line_1_81' title="bbox 2077 3240 3653 3316; baseline 0.001 -21"><span class='ocrx_word' id='word_1_569' title='bbox 2077 3251 2252 3295; x_wconf 89' lang='lat' dir='ltr'><strong>tutum</strong></span> <span class='ocrx_word' id='word_1_570' title='bbox 2282 3257 2346 3296; x_wconf 89' lang='lat' dir='ltr'><strong>ac</strong></span> <span class='ocrx_word' id='word_1_571' title='bbox 2376 3244 2591 3299; x_wconf 81' lang='lat' dir='ltr'><strong>ﬁrmum</strong></span> <span class='ocrx_word' id='word_1_572' title='bbox 2650 3245 2958 3300; x_wconf 88' lang='lat' dir='ltr'><strong>animarum</strong></span> <span class='ocrx_word' id='word_1_573' title='bbox 3007 3253 3325 3300; x_wconf 86' lang='lat' dir='ltr'><strong>nostrarum</strong></span> <span class='ocrx_word' id='word_1_574' title='bbox 3381 3240 3653 3316; x_wconf 61' lang='lat' dir='ltr'><strong>guberna?-</strong></span> 
     </span>
    </p>
   </div>
   <div class='ocr_carea' id='block_1_82' title="bbox 2077 3334 3653 3406">
    <p class='ocr_par' dir='ltr' id='par_1_82' title="bbox 2077 3334 3653 3406">
     <span class='ocr_line' id='line_1_82' title="bbox 2077 3334 3653 3406; baseline 0.001 -18"><span class='ocrx_word' id='word_1_575' title='bbox 2077 3334 2281 3400; x_wconf 88' lang='lat' dir='ltr'><strong>culum,</strong></span> <span class='ocrx_word' id='word_1_576' title='bbox 2313 3351 2433 3405; x_wconf 88' lang='lat' dir='ltr'><strong>quo.</strong></span> <span class='ocrx_word' id='word_1_577' title='bbox 2453 3343 2807 3406; x_wconf 89' lang='lat' dir='ltr'><strong>tempestates</strong></span> <span class='ocrx_word' id='word_1_578' title='bbox 2856 3336 3124 3393; x_wconf 78' lang='lat' dir='ltr'><strong>maximas</strong></span> <span class='ocrx_word' id='word_1_579' title='bbox 3159 3336 3442 3391; x_wconf 74' lang='lat' dir='ltr'><strong>baereticas</strong></span> <span class='ocrx_word' id='word_1_580' title='bbox 3501 3336 3653 3391; x_wconf 84' lang='lat' dir='ltr'><strong>nullo</strong></span> 
     </span>
    </p>
   </div>
   <div class='ocr_carea' id='block_1_83' title="bbox 2078 3426 3652 3496">
    <p class='ocr_par' dir='ltr' id='par_1_83' title="bbox 2078 3426 3652 3496">
     <span class='ocr_line' id='line_1_83' title="bbox 2078 3426 3652 3496; baseline 0.001 -18"><span class='ocrx_word' id='word_1_581' title='bbox 2078 3433 2300 3495; x_wconf 89' lang='lat' dir='ltr'><strong>accepto</strong></span> <span class='ocrx_word' id='word_1_582' title='bbox 2330 3426 2675 3496; x_wconf 84' lang='lat' dir='ltr'><strong>incommode</strong></span> <span class='ocrx_word' id='word_1_583' title='bbox 2710 3427 3242 3495; x_wconf 85' lang='lat' dir='ltr'><strong>praetervehebamus</strong></span> <span class='ocrx_word' id='word_1_584' title='bbox 3276 3429 3299 3481; x_wconf 90' lang='lat'><strong>?</strong></span> <span class='ocrx_word' id='word_1_585' title='bbox 3328 3426 3431 3482; x_wconf 86' lang='lat' dir='ltr'><strong>Ubi</strong></span> <span class='ocrx_word' id='word_1_586' title='bbox 3460 3428 3652 3481; x_wconf 80' lang='lat' dir='ltr'><strong>immo-</strong></span> 
     </span>
    </p>
   </div>
   <div class='ocr_carea' id='block_1_84' title="bbox 2076 3516 3668 3587">
    <p class='ocr_par' dir='ltr' id='par_1_84' title="bbox 2076 3516 3668 3587">
     <span class='ocr_line' id='line_1_84' title="bbox 2076 3516 3668 3587; baseline -0.001 -14"><span class='ocrx_word' id='word_1_587' title='bbox 2076 3518 2201 3574; x_wconf 86' lang='lat' dir='ltr'><strong>bilis</strong></span> <span class='ocrx_word' id='word_1_588' title='bbox 2241 3526 2295 3573; x_wconf 91' lang='lat' dir='ltr'><strong>et</strong></span> <span class='ocrx_word' id='word_1_589' title='bbox 2332 3518 2491 3570; x_wconf 81' lang='lat' dir='ltr'><strong>firma</strong></span> <span class='ocrx_word' id='word_1_590' title='bbox 2536 3519 2823 3573; x_wconf 61' lang='lat' dir='ltr'><strong>sententiae</strong></span> <span class='ocrx_word' id='word_1_591' title='bbox 2876 3516 3181 3587; x_wconf 77' lang='lat' dir='ltr'><strong>iudiciique</strong></span> <span class='ocrx_word' id='word_1_592' title='bbox 3248 3518 3509 3582; x_wconf 85' lang='lat' dir='ltr'><strong>anchora,</strong></span> <span class='ocrx_word' id='word_1_593' title='bbox 3562 3517 3668 3571; x_wconf 39' lang='lat' dir='ltr'><strong>cui‘</strong></span> 
     </span>
    </p>
   </div>
   <div class='ocr_carea' id='block_1_85' title="bbox 2078 3605 3653 3676">
    <p class='ocr_par' dir='ltr' id='par_1_85' title="bbox 2078 3605 3653 3676">
     <span class='ocr_line' id='line_1_85' title="bbox 2078 3605 3653 3676; baseline -0.001 -15"><span class='ocrx_word' id='word_1_594' title='bbox 2078 3622 2202 3661; x_wconf 82' lang='lat' dir='ltr'><strong>cum</strong></span> <span class='ocrx_word' id='word_1_595' title='bbox 2244 3620 2454 3661; x_wconf 86' lang='lat' dir='ltr'><strong>summa</strong></span> <span class='ocrx_word' id='word_1_596' title='bbox 2500 3606 2793 3661; x_wconf 78' lang='lat' dir='ltr'><strong>securitate</strong></span> <span class='ocrx_word' id='word_1_597' title='bbox 2833 3614 2955 3676; x_wconf 87' lang='lat' dir='ltr'><strong>post</strong></span> <span class='ocrx_word' id='word_1_598' title='bbox 3003 3607 3215 3662; x_wconf 85' lang='lat' dir='ltr'><strong>labores</strong></span> <span class='ocrx_word' id='word_1_599' title='bbox 3265 3605 3653 3675; x_wconf 84' lang='lat' dir='ltr'><strong>acquiesceba-</strong></span> 
     </span>
    </p>
   </div>
   <div class='ocr_carea' id='block_1_86' title="bbox 2080 3695 3651 3767">
    <p class='ocr_par' dir='ltr' id='par_1_86' title="bbox 2080 3695 3651 3767">
     <span class='ocr_line' id='line_1_86' title="bbox 2080 3695 3651 3767; baseline -0.001 -17"><span class='ocrx_word' id='word_1_600' title='bbox 2080 3697 2250 3751; x_wconf 87' lang='lat' dir='ltr'><strong>mus?</strong></span> <span class='ocrx_word' id='word_1_601' title='bbox 2284 3695 2394 3750; x_wconf 90' lang='lat' dir='ltr'><strong>Ubi.</strong></span> <span class='ocrx_word' id='word_1_602' title='bbox 2416 3696 2594 3750; x_wconf 90' lang='lat' dir='ltr'><strong>bonus</strong></span> <span class='ocrx_word' id='word_1_603' title='bbox 2630 3697 2719 3751; x_wconf 90' lang='lat' dir='ltr'><strong>ille</strong></span> <span class='ocrx_word' id='word_1_604' title='bbox 2753 3698 3112 3767; x_wconf 81' lang='lat' dir='ltr'><strong>gubernator,</strong></span> <span class='ocrx_word' id='word_1_605' title='bbox 3154 3699 3245 3766; x_wconf 86' lang='lat' dir='ltr'><strong>qui</strong></span> <span class='ocrx_word' id='word_1_606' title='bbox 3287 3699 3352 3751; x_wconf 90' lang='lat' dir='ltr'><strong>ad</strong></span> <span class='ocrx_word' id='word_1_607' title='bbox 3394 3712 3651 3767; x_wconf 83' lang='lat' dir='ltr'><strong>superum</strong></span> 
     </span>
    </p>
   </div>
   <div class='ocr_carea' id='block_1_87' title="bbox 2080 3785 3655 3856">
    <p class='ocr_par' dir='ltr' id='par_1_87' title="bbox 2080 3785 3655 3856">
     <span class='ocr_line' id='line_1_87' title="bbox 2080 3785 3655 3856; baseline -0.001 -14"><span class='ocrx_word' id='word_1_608' title='bbox 2080 3786 2364 3856; x_wconf 88' lang='lat' dir='ltr'><strong>scopulum</strong></span> <span class='ocrx_word' id='word_1_609' title='bbox 2390 3786 2663 3855; x_wconf 81' lang='lat' dir='ltr'><strong>navigium</strong></span> <span class='ocrx_word' id='word_1_610' title='bbox 2692 3786 2958 3856; x_wconf 80' lang='lat' dir='ltr'><strong>dirigebat</strong></span> <span class='ocrx_word' id='word_1_611' title='bbox 2985 3786 3007 3840; x_wconf 88' lang='lat'><strong>?</strong></span> <span class='ocrx_word' id='word_1_612' title='bbox 3032 3785 3224 3840; x_wconf 90' lang='lat' dir='ltr'><strong>Utrum</strong></span> <span class='ocrx_word' id='word_1_613' title='bbox 3265 3786 3478 3840; x_wconf 81' lang='lat' dir='ltr'><strong>modica</strong></span> <span class='ocrx_word' id='word_1_614' title='bbox 3527 3795 3655 3841; x_wconf 86' lang='lat' dir='ltr'><strong>sunt</strong></span> 
     </span>
    </p>
   </div>
   <div class='ocr_carea' id='block_1_88' title="bbox 2080 3874 3656 3946">
    <p class='ocr_par' dir='ltr' id='par_1_88' title="bbox 2080 3874 3656 3946">
     <span class='ocr_line' id='line_1_88' title="bbox 2080 3874 3656 3946; baseline 0 -17"><span class='ocrx_word' id='word_1_615' title='bbox 2080 3890 2165 3939; x_wconf 88' lang='lat' dir='ltr'><strong>ea,</strong></span> <span class='ocrx_word' id='word_1_616' title='bbox 2189 3891 2308 3944; x_wconf 58' lang='lat' dir='ltr'><strong>quae</strong></span> <span class='ocrx_word' id='word_1_617' title='bbox 2336 3875 2676 3941; x_wconf 89' lang='lat' dir='ltr'><strong>acciderunt,</strong></span> <span class='ocrx_word' id='word_1_618' title='bbox 2710 3890 2773 3931; x_wconf 89' lang='lat' dir='ltr'><strong>ac</strong></span> <span class='ocrx_word' id='word_1_619' title='bbox 2799 3874 3160 3946; x_wconf 85' lang='lat' dir='ltr'><strong>nequicquam</strong></span> <span class='ocrx_word' id='word_1_620' title='bbox 3192 3890 3499 3944; x_wconf 76' lang='lat' dir='ltr'><strong>conqueror</strong></span> <span class='ocrx_word' id='word_1_621' title='bbox 3525 3875 3656 3929; x_wconf 77' lang='lat' dir='ltr'><strong>iant</strong></span> 
     </span>
    </p>
   </div>
   <div class='ocr_carea' id='block_1_89' title="bbox 2081 3964 3656 4036">
    <p class='ocr_par' dir='ltr' id='par_1_89' title="bbox 2081 3964 3656 4036">
     <span class='ocr_line' id='line_1_89' title="bbox 2081 3964 3656 4036; baseline 0.002 -21"><span class='ocrx_word' id='word_1_622' title='bbox 2081 3967 2263 4036; x_wconf 82' lang='lat' dir='ltr'><strong>potius</strong></span> <span class='ocrx_word' id='word_1_623' title='bbox 2288 3966 2652 4021; x_wconf 85' lang='lat' dir='ltr'><strong>calamitatem</strong></span> <span class='ocrx_word' id='word_1_624' title='bbox 2681 3964 2962 4035; x_wconf 88' lang='lat' dir='ltr'><strong>querendo</strong></span> <span class='ocrx_word' id='word_1_625' title='bbox 2991 3980 3097 4020; x_wconf 92' lang='lat' dir='ltr'><strong>non</strong></span> <span class='ocrx_word' id='word_1_626' title='bbox 3129 3979 3425 4035; x_wconf 85' lang='lat' dir='ltr'><strong>assequor,</strong></span> <span class='ocrx_word' id='word_1_627' title='bbox 3461 3966 3656 4020; x_wconf 83' lang='lat' dir='ltr'><strong>etiam-</strong></span> 
     </span>
    </p>
   </div>
   <div class='ocr_carea' id='block_1_90' title="bbox 2083 4055 3656 4126">
    <p class='ocr_par' dir='ltr' id='par_1_90' title="bbox 2083 4055 3656 4126">
     <span class='ocr_line' id='line_1_90' title="bbox 2083 4055 3656 4126; baseline -0.002 -14"><span class='ocrx_word' id='word_1_628' title='bbox 2083 4056 2129 4112; x_wconf 92' lang='lat' dir='ltr'><strong>si</strong></span> <span class='ocrx_word' id='word_1_629' title='bbox 2187 4072 2352 4126; x_wconf 81' lang='lat' dir='ltr'><strong>supra</strong></span> <span class='ocrx_word' id='word_1_630' title='bbox 2380 4057 2601 4112; x_wconf 91' lang='lat' dir='ltr'><strong>modum</strong></span> <span class='ocrx_word' id='word_1_631' title='bbox 2629 4057 2862 4112; x_wconf 90' lang='lat' dir='ltr'><strong>dicendo</strong></span> <span class='ocrx_word' id='word_1_632' title='bbox 2916 4072 3102 4111; x_wconf 87' lang='lat' dir='ltr'><strong>vocem</strong></span> <span class='ocrx_word' id='word_1_633' title='bbox 3131 4056 3408 4111; x_wconf 88' lang='lat' dir='ltr'><strong>intendam</strong></span> <span class='ocrx_word' id='word_1_634' title='bbox 3440 4055 3462 4109; x_wconf 88' lang='lat'><strong>?</strong></span> <span class='ocrx_word' id='word_1_635' title='bbox 3487 4055 3656 4112; x_wconf 89' lang='lat' dir='ltr'><strong>Com-</strong></span> 
     </span>
    </p>
   </div>
   <div class='ocr_carea' id='block_1_91' title="bbox 2083 4145 3660 4211">
    <p class='ocr_par' dir='ltr' id='par_1_91' title="bbox 2083 4145 3660 4211">
     <span class='ocr_line' id='line_1_91' title="bbox 2083 4145 3660 4211; baseline 0.001 -12"><span class='ocrx_word' id='word_1_636' title='bbox 2083 4146 2300 4201; x_wconf 89' lang='lat' dir='ltr'><strong>modatc</strong></span> <span class='ocrx_word' id='word_1_637' title='bbox 2344 4147 2524 4211; x_wconf 85' lang='lat' dir='ltr'><strong>nobis,</strong></span> <span class='ocrx_word' id='word_1_638' title='bbox 2562 4147 2780 4210; x_wconf 89' lang='lat' dir='ltr'><strong>fratres,</strong></span> <span class='ocrx_word' id='word_1_639' title='bbox 2824 4146 3167 4202; x_wconf 89' lang='lat' dir='ltr'><strong>commodatc</strong></span> <span class='ocrx_word' id='word_1_640' title='bbox 3195 4162 3262 4201; x_wconf 73' lang='lat' dir='ltr'><strong>ex</strong></span> <span class='ocrx_word' id='word_1_641' title='bbox 3303 4145 3660 4207; x_wconf 85' lang='lat' dir='ltr'><strong>condolentia</strong></span> 
     </span>
    </p>
   </div>
   <div class='ocr_carea' id='block_1_92' title="bbox 2082 4236 3656 4309">
    <p class='ocr_par' dir='ltr' id='par_1_92' title="bbox 2082 4236 3656 4309">
     <span class='ocr_line' id='line_1_92' title="bbox 2082 4236 3656 4309; baseline 0 -19"><span class='ocrx_word' id='word_1_642' title='bbox 2082 4237 2353 4309; x_wconf 86' lang='lat' dir='ltr'><strong>laerymas</strong></span> <span class='ocrx_word' id='word_1_643' title='bbox 2386 4236 2659 4307; x_wconf 88' lang='lat' dir='ltr'><strong>profusas.</strong></span> <span class='ocrx_word' id='word_1_644' title='bbox 2691 4236 2900 4292; x_wconf 79' lang='lat' dir='ltr'><strong>Etenim</strong></span> <span class='ocrx_word' id='word_1_645' title='bbox 2937 4237 3157 4308; x_wconf 84' lang='lat' dir='ltr'><strong>quando</strong></span> <span class='ocrx_word' id='word_1_646' title='bbox 3188 4253 3287 4293; x_wconf 91' lang='lat' dir='ltr'><strong>vos</strong></span> <span class='ocrx_word' id='word_1_647' title='bbox 3317 4237 3656 4300; x_wconf 70' lang='lat' dir='ltr'><strong>lmtabimini,</strong></span> 
     </span>
    </p>
   </div>
   <div class='ocr_carea' id='block_1_93' title="bbox 2085 4326 3660 4383">
    <p class='ocr_par' dir='ltr' id='par_1_93' title="bbox 2085 4326 3660 4383">
     <span class='ocr_line' id='line_1_93' title="bbox 2085 4326 3660 4383; baseline -0.003 0"><span class='ocrx_word' id='word_1_648' title='bbox 2085 4344 2186 4383; x_wconf 90' lang='lat' dir='ltr'><strong>nos</strong></span> <span class='ocrx_word' id='word_1_649' title='bbox 2223 4328 2425 4382; x_wconf 59' lang='lat' dir='ltr'><strong>laetitiae</strong></span> <span class='ocrx_word' id='word_1_650' title='bbox 2464 4337 2663 4383; x_wconf 70' lang='lat' dir='ltr'><strong>vestrae</strong></span> <span class='ocrx_word' id='word_1_651' title='bbox 2702 4328 2836 4383; x_wconf 90' lang='lat' dir='ltr'><strong>socii</strong></span> <span class='ocrx_word' id='word_1_652' title='bbox 2881 4342 3121 4382; x_wconf 88' lang='lat' dir='ltr'><strong>eramus.</strong></span> <span class='ocrx_word' id='word_1_653' title='bbox 3168 4327 3407 4382; x_wconf 90' lang='lat' dir='ltr'><strong>Proinde</strong></span> <span class='ocrx_word' id='word_1_654' title='bbox 3448 4326 3660 4381; x_wconf 89' lang='lat' dir='ltr'><strong>reddite</strong></span> 
     </span>
    </p>
   </div>
   <div class='ocr_carea' id='block_1_94' title="bbox 410 4414 1970 4493">
    <p class='ocr_par' dir='ltr' id='par_1_94' title="bbox 410 4416 1970 4488">
     <span class='ocr_line' id='line_1_94' title="bbox 410 4416 1970 4488; baseline -0.002 -15"><span class='ocrx_word' id='word_1_655' title='bbox 410 4436 575 4473; x_wconf 88' lang='grc' dir='ltr'>κοντα</span> <span class='ocrx_word' id='word_1_656' title='bbox 604 4420 697 4472; x_wconf 75' lang='grc' dir='ltr'><strong>καὶ</strong></span> <span class='ocrx_word' id='word_1_657' title='bbox 720 4418 1009 4481; x_wconf 81' lang='grc' dir='ltr'>τοσαύταις</span> <span class='ocrx_word' id='word_1_658' title='bbox 1051 4417 1169 4481; x_wconf 79' lang='grc' dir='ltr'>νυξὶ</span> <span class='ocrx_word' id='word_1_659' title='bbox 1200 4417 1291 4470; x_wconf 82' lang='grc' dir='ltr'>τὸν</span> <span class='ocrx_word' id='word_1_660' title='bbox 1325 4417 1411 4470; x_wconf 79' lang='grc' dir='ltr'>ἐπ’</span> <span class='ocrx_word' id='word_1_661' title='bbox 1437 4416 1585 4486; x_wconf 83' lang='grc' dir='ltr'>αὐτῷ</span> <span class='ocrx_word' id='word_1_662' title='bbox 1615 4417 1807 4488; x_wconf 84' lang='grc' dir='ltr'>θρῆνον</span> <span class='ocrx_word' id='word_1_663' title='bbox 1840 4435 1970 4488; x_wconf 83' lang='grc' dir='ltr'>συμ-</span> 
     </span>
    </p>
   </div>
   <div class='ocr_carea' id='block_1_95' title="bbox 2072 4414 3661 4493">
    <p class='ocr_par' dir='ltr' id='par_1_95' title="bbox 2085 4414 3661 4488">
     <span class='ocr_line' id='line_1_95' title="bbox 2085 4414 3661 4488; baseline -0.003 -15"><span class='ocrx_word' id='word_1_664' title='bbox 2085 4420 2245 4477; x_wconf 91' lang='lat' dir='ltr'><strong>nobis</strong></span> <span class='ocrx_word' id='word_1_665' title='bbox 2269 4434 2492 4488; x_wconf 83' lang='lat' dir='ltr'><strong>pravam</strong></span> <span class='ocrx_word' id='word_1_666' title='bbox 2526 4418 2687 4475; x_wconf 90' lang='lat' dir='ltr'><strong>istam</strong></span> <span class='ocrx_word' id='word_1_667' title='bbox 2728 4417 2887 4473; x_wconf 81' lang='lat' dir='ltr'><strong>ollicii</strong></span> <span class='ocrx_word' id='word_1_668' title='bbox 2919 4417 3379 4473; x_wconf 83' lang='lat' dir='ltr'><strong>vicissitudinem.</strong></span> <span class='ocrx_word' id='word_1_669' title='bbox 3408 4414 3661 4469; x_wconf 85' lang='lat' dir='ltr'><strong>Gauden-</strong></span> 
     </span>
    </p>
   </div>
   <div class='ocr_carea' id='block_1_96' title="bbox 412 4508 1982 4587">
    <p class='ocr_par' dir='ltr' id='par_1_96' title="bbox 412 4508 1982 4587">
     <span class='ocr_line' id='line_1_96' title="bbox 412 4508 1982 4587; baseline -0.002 -24"><span class='ocrx_word' id='word_1_670' title='bbox 412 4510 869 4587; x_wconf 58' lang='lat' dir='ltr'><strong>ﬁdpd‘t’ElVOVqu&quot;</strong></span> <span class='ocrx_word' id='word_1_671' title='bbox 944 4508 1254 4580; x_wconf 81' lang='grc' dir='ltr'>μιμήσασθε</span> <span class='ocrx_word' id='word_1_672' title='bbox 1314 4509 1440 4571; x_wconf 80' lang='grc' dir='ltr'>τοὺς</span> <span class='ocrx_word' id='word_1_673' title='bbox 1495 4508 1824 4576; x_wconf 77' lang='grc' dir='ltr'>ἀλλοφύλους</span> <span class='ocrx_word' id='word_1_674' title='bbox 1851 4548 1864 4570; x_wconf 92' lang='grc'><strong>,</strong></span> <span class='ocrx_word' id='word_1_675' title='bbox 1933 4510 1982 4561; x_wconf 77' lang='grc' dir='ltr'>οἱ</span> 
     </span>
    </p>
   </div>
   <div class='ocr_carea' id='block_1_97' title="bbox 410 4597 1982 4672">
    <p class='ocr_par' dir='ltr' id='par_1_97' title="bbox 410 4597 1982 4672">
     <span class='ocr_line' id='line_1_97' title="bbox 410 4597 1982 4672; baseline -0.003 -16"><span class='ocrx_word' id='word_1_676' title='bbox 410 4602 630 4672; x_wconf 75' lang='grc' dir='ltr'>ἀδελφοὶ</span> <span class='ocrx_word' id='word_1_677' title='bbox 653 4604 745 4656; x_wconf 60' lang='grc' dir='ltr'><strong>καλ⁴</strong></span> <span class='ocrx_word' id='word_1_678' title='bbox 770 4603 1046 4672; x_wconf 86' lang='grc' dir='ltr'>ὁμόφυλοι.</span> <span class='ocrx_word' id='word_1_679' title='bbox 1078 4601 1269 4655; x_wconf 80' lang='grc' dir='ltr'>Κοινὺν</span> <span class='ocrx_word' id='word_1_680' title='bbox 1297 4597 1363 4671; x_wconf 80' lang='grc' dir='ltr'>ἦν</span> <span class='ocrx_word' id='word_1_681' title='bbox 1410 4600 1530 4654; x_wconf 83' lang='grc' dir='ltr'>τότε</span> <span class='ocrx_word' id='word_1_682' title='bbox 1554 4599 1661 4653; x_wconf 90' lang='grc' dir='ltr'><strong>τῶν</strong></span> <span class='ocrx_word' id='word_1_683' title='bbox 1688 4599 1851 4664; x_wconf 84' lang='grc' dir='ltr'>ξένων</span> <span class='ocrx_word' id='word_1_684' title='bbox 1887 4601 1982 4652; x_wconf 77' lang='grc' dir='ltr'><strong>καὶ</strong></span> 
     </span>
    </p>
   </div>
   <div class='ocr_carea' id='block_1_98' title="bbox 408 4689 1982 4766">
    <p class='ocr_par' dir='ltr' id='par_1_98' title="bbox 408 4689 1982 4766">
     <span class='ocr_line' id='line_1_98' title="bbox 408 4689 1982 4766; baseline -0.005 -16"><span class='ocrx_word' id='word_1_685' title='bbox 408 4695 517 4750; x_wconf 83' lang='grc' dir='ltr'><strong>τῶν</strong></span> <span class='ocrx_word' id='word_1_686' title='bbox 536 4695 815 4766; x_wconf 74' lang='grc' dir='ltr'>ἐγχωρίων</span> <span class='ocrx_word' id='word_1_687' title='bbox 842 4697 901 4748; x_wconf 85' lang='grc' dir='ltr'><strong>τὸ</strong></span> <span class='ocrx_word' id='word_1_688' title='bbox 922 4696 1155 4765; x_wconf 86' lang='grc' dir='ltr'>δάκρυον</span> <span class='ocrx_word' id='word_1_689' title='bbox 1182 4712 1194 4724; x_wconf 96' lang='grc'><strong>·</strong></span> <span class='ocrx_word' id='word_1_690' title='bbox 1224 4694 1401 4746; x_wconf 80' lang='grc' dir='ltr'>κοινὸν</span> <span class='ocrx_word' id='word_1_691' title='bbox 1433 4692 1572 4744; x_wconf 79' lang='grc' dir='ltr'>ἔστω</span> <span class='ocrx_word' id='word_1_692' title='bbox 1596 4692 1687 4744; x_wconf 81' lang='grc' dir='ltr'><strong>καὶ</strong></span> <span class='ocrx_word' id='word_1_693' title='bbox 1705 4689 1798 4743; x_wconf 83' lang='grc' dir='ltr'><strong>νῦν</strong></span> <span class='ocrx_word' id='word_1_694' title='bbox 1824 4708 1838 4722; x_wconf 76' lang='grc' dir='ltr'><strong>ο</strong></span> <span class='ocrx_word' id='word_1_695' title='bbox 1860 4692 1982 4743; x_wconf 68' lang='grc' dir='ltr'>ἐπεὶ</span> 
     </span>
    </p>
   </div>
   <div class='ocr_carea' id='block_1_99' title="bbox 412 4782 1976 4856">
    <p class='ocr_par' dir='ltr' id='par_1_99' title="bbox 412 4782 1976 4856">
     <span class='ocr_line' id='line_1_99' title="bbox 412 4782 1976 4856; baseline -0.006 -12"><span class='ocrx_word' id='word_1_696' title='bbox 412 4788 592 4844; x_wconf 76' lang='grc' dir='ltr'>καὶτὸ</span> <span class='ocrx_word' id='word_1_697' title='bbox 633 4787 802 4849; x_wconf 88' lang='grc' dir='ltr'>πάθος</span> <span class='ocrx_word' id='word_1_698' title='bbox 836 4786 1034 4839; x_wconf 88' lang='grc' dir='ltr'>κοινόν.</span> <span class='ocrx_word' id='word_1_699' title='bbox 1101 4786 1294 4856; x_wconf 82' lang='grc' dir='ltr'>Ὁρᾶτε</span> <span class='ocrx_word' id='word_1_700' title='bbox 1326 4784 1452 4847; x_wconf 76' lang='grc' dir='ltr'>τοὺς</span> <span class='ocrx_word' id='word_1_701' title='bbox 1485 4782 1828 4853; x_wconf 84' lang='grc' dir='ltr'>πατριάρχας</span> <span class='ocrx_word' id='word_1_702' title='bbox 1859 4784 1976 4834; x_wconf 83' lang='grc' dir='ltr'>τού-</span> 
     </span>
    </p>
   </div>
   <div class='ocr_carea' id='block_1_100' title="bbox 409 4869 1978 4945">
    <p class='ocr_par' dir='ltr' id='par_1_100' title="bbox 409 4869 1978 4945">
     <span class='ocr_line' id='line_1_100' title="bbox 409 4869 1978 4945; baseline -0.001 -17"><span class='ocrx_word' id='word_1_703' title='bbox 409 4892 534 4939; x_wconf 79' lang='grc' dir='ltr'>τους</span> <span class='ocrx_word' id='word_1_704' title='bbox 562 4892 576 4906; x_wconf 77' lang='grc'><strong><em>⁸</em></strong></span> <span class='ocrx_word' id='word_1_705' title='bbox 607 4874 808 4937; x_wconf 86' lang='grc' dir='ltr'>πάντες</span> <span class='ocrx_word' id='word_1_706' title='bbox 832 4869 975 4928; x_wconf 74' lang='grc' dir='ltr'>οὗτοι</span> <span class='ocrx_word' id='word_1_707' title='bbox 1000 4875 1163 4927; x_wconf 84' lang='grc' dir='ltr'>τέκνα</span> <span class='ocrx_word' id='word_1_708' title='bbox 1189 4876 1283 4928; x_wconf 84' lang='grc' dir='ltr'><strong>τοῦ</strong></span> <span class='ocrx_word' id='word_1_709' title='bbox 1307 4874 1576 4945; x_wconf 78' lang='grc' dir='ltr'>ἡμετέρου</span> <span class='ocrx_word' id='word_1_710' title='bbox 1601 4872 1736 4925; x_wconf 80' lang='grc' dir='ltr'>είσὶν</span> <span class='ocrx_word' id='word_1_711' title='bbox 1764 4870 1978 4926; x_wconf 78' lang='grc' dir='ltr'>Ἰακώϐ.</span> 
     </span>
    </p>
   </div>
   <div class='ocr_carea' id='block_1_101' title="bbox 424 4961 1979 5036">
    <p class='ocr_par' dir='ltr' id='par_1_101' title="bbox 424 4961 1979 5036">
     <span class='ocr_line' id='line_1_101' title="bbox 424 4961 1979 5036; baseline -0.005 -16"><span class='ocrx_word' id='word_1_712' title='bbox 424 4966 516 5031; x_wconf 80' lang='grc' dir='ltr'><strong>Ἐξ</strong></span> <span class='ocrx_word' id='word_1_713' title='bbox 544 4964 836 5036; x_wconf 72' lang='grc' dir='ltr'>ἐλευθέρας</span> <span class='ocrx_word' id='word_1_714' title='bbox 866 4966 915 5017; x_wconf 82' lang='grc' dir='ltr'><strong>οἱ</strong></span> <span class='ocrx_word' id='word_1_715' title='bbox 945 4965 1162 5026; x_wconf 88' lang='grc' dir='ltr'>πάντες.</span> <span class='ocrx_word' id='word_1_716' title='bbox 1193 4965 1378 5026; x_wconf 75' lang='grc' dir='ltr'>Οὐδεὶς</span> <span class='ocrx_word' id='word_1_717' title='bbox 1406 4963 1558 5025; x_wconf 80' lang='grc' dir='ltr'>νόθος</span> <span class='ocrx_word' id='word_1_718' title='bbox 1589 4962 1709 5016; x_wconf 86' lang='grc' dir='ltr'>οὐδὲ</span> <span class='ocrx_word' id='word_1_719' title='bbox 1741 4961 1979 5031; x_wconf 79' lang='grc' dir='ltr'>ὑπόόληο</span> 
     </span>
    </p>
   </div>
   <div class='ocr_carea' id='block_1_102' title="bbox 408 5052 1983 5132">
    <p class='ocr_par' dir='ltr' id='par_1_102' title="bbox 408 5052 1983 5132">
     <span class='ocr_line' id='line_1_102' title="bbox 408 5052 1983 5132; baseline -0.003 -21"><span class='ocrx_word' id='word_1_720' title='bbox 408 5076 519 5122; x_wconf 89' lang='grc' dir='ltr'>τος.</span> <span class='ocrx_word' id='word_1_721' title='bbox 555 5059 689 5111; x_wconf 84' lang='grc' dir='ltr'>Οὐδὲ</span> <span class='ocrx_word' id='word_1_722' title='bbox 718 5059 827 5128; x_wconf 87' lang='grc' dir='ltr'><strong>γάρ</strong></span> <span class='ocrx_word' id='word_1_723' title='bbox 851 5053 919 5126; x_wconf 83' lang='grc' dir='ltr'>ἦν</span> <span class='ocrx_word' id='word_1_724' title='bbox 947 5055 1104 5124; x_wconf 86' lang='grc' dir='ltr'>θέμις</span> <span class='ocrx_word' id='word_1_725' title='bbox 1141 5055 1330 5132; x_wconf 79' lang='grc' dir='ltr'>ἐκείνῳ</span> <span class='ocrx_word' id='word_1_726' title='bbox 1361 5053 1610 5124; x_wconf 84' lang='grc' dir='ltr'>δουλικὴν</span> <span class='ocrx_word' id='word_1_727' title='bbox 1662 5052 1983 5121; x_wconf 81' lang='grc' dir='ltr'>συγγένειαν</span> 
     </span>
    </p>
   </div>
   <div class='ocr_carea' id='block_1_103' title="bbox 411 5143 1983 5218">
    <p class='ocr_par' dir='ltr' id='par_1_103' title="bbox 411 5143 1983 5218">
     <span class='ocr_line' id='line_1_103' title="bbox 411 5143 1983 5218; baseline -0.003 -17"><span class='ocrx_word' id='word_1_728' title='bbox 411 5149 721 5217; x_wconf 73' lang='grc' dir='ltr'>ἐπεισάγειν</span> <span class='ocrx_word' id='word_1_729' title='bbox 761 5151 825 5218; x_wconf 82' lang='grc' dir='ltr'>τῇ</span> <span class='ocrx_word' id='word_1_730' title='bbox 865 5147 1113 5216; x_wconf 76' lang='grc' dir='ltr'>εὐγενείᾳ</span> <span class='ocrx_word' id='word_1_731' title='bbox 1157 5147 1254 5216; x_wconf 82' lang='grc' dir='ltr'>τῆς</span> <span class='ocrx_word' id='word_1_732' title='bbox 1300 5146 1555 5209; x_wconf 85' lang='grc' dir='ltr'>πίστεως.</span> <span class='ocrx_word' id='word_1_733' title='bbox 1625 5143 1834 5198; x_wconf 83' lang='grc' dir='ltr'>Οὐκοῦν</span> <span class='ocrx_word' id='word_1_734' title='bbox 1890 5145 1983 5196; x_wconf 76' lang='grc' dir='ltr'><strong>καὶ</strong></span> 
     </span>
    </p>
   </div>
   <div class='ocr_carea' id='block_1_104' title="bbox 412 5232 1979 5321">
    <p class='ocr_par' dir='ltr' id='par_1_104' title="bbox 412 5232 1979 5321">
     <span class='ocr_line' id='line_1_104' title="bbox 412 5232 1979 5321; baseline -0.004 -26"><span class='ocrx_word' id='word_1_735' title='bbox 412 5242 675 5313; x_wconf 85' lang='grc' dir='ltr'>ἡμέτερος</span> <span class='ocrx_word' id='word_1_736' title='bbox 723 5244 927 5303; x_wconf 77' lang='grc' dir='ltr'>ἐκεῖνος</span> <span class='ocrx_word' id='word_1_737' title='bbox 965 5238 1180 5308; x_wconf 81' lang='grc' dir='ltr'>πατὴρ,</span> <span class='ocrx_word' id='word_1_738' title='bbox 1224 5237 1355 5321; x_wconf 73' lang='grc' dir='ltr'>διότι</span> <span class='ocrx_word' id='word_1_739' title='bbox 1398 5237 1490 5290; x_wconf 90' lang='grc' dir='ltr'><strong>τοῦ</strong></span> <span class='ocrx_word' id='word_1_740' title='bbox 1522 5236 1732 5307; x_wconf 78' lang='grc' dir='ltr'>Πατρὺς</span> <span class='ocrx_word' id='word_1_741' title='bbox 1775 5232 1843 5307; x_wconf 85' lang='grc' dir='ltr'>ἦν</span> <span class='ocrx_word' id='word_1_742' title='bbox 1884 5234 1979 5288; x_wconf 85' lang='grc' dir='ltr'><strong>τοῦ</strong></span> 
     </span>
    </p>
   </div>
   <div class='ocr_carea' id='block_1_105' title="bbox 411 5333 918 5405">
    <p class='ocr_par' dir='ltr' id='par_1_105' title="bbox 411 5333 918 5405">
     <span class='ocr_line' id='line_1_105' title="bbox 411 5333 918 5405; baseline 0.002 -19"><span class='ocrx_word' id='word_1_743' title='bbox 411 5333 681 5404; x_wconf 82' lang='grc' dir='ltr'>ἡμετέρου</span> <span class='ocrx_word' id='word_1_744' title='bbox 713 5337 918 5405; x_wconf 79' lang='grc' dir='ltr'>πατήρ.</span> 
     </span>
    </p>
   </div>
   <div class='ocr_carea' id='block_1_106' title="bbox 2089 4503 3656 4581">
    <p class='ocr_par' dir='ltr' id='par_1_106' title="bbox 2089 4503 3656 4581">
     <span class='ocr_line' id='line_1_106' title="bbox 2089 4503 3656 4581; baseline -0.005 -15"><span class='ocrx_word' id='word_1_745' title='bbox 2089 4512 2218 4566; x_wconf 88' lang='lat' dir='ltr'><strong>dum</strong></span> <span class='ocrx_word' id='word_1_746' title='bbox 2277 4526 2383 4564; x_wconf 88' lang='lat' dir='ltr'><strong>una</strong></span> <span class='ocrx_word' id='word_1_747' title='bbox 2431 4526 2554 4565; x_wconf 90' lang='lat' dir='ltr'><strong>cum</strong></span> <span class='ocrx_word' id='word_1_748' title='bbox 2605 4509 2970 4581; x_wconf 80' lang='lat' dir='ltr'><strong>gaudentibus</strong></span> <span class='ocrx_word' id='word_1_749' title='bbox 3018 4528 3031 4563; x_wconf 86' lang='lat'>:</span> <span class='ocrx_word' id='word_1_750' title='bbox 3084 4507 3189 4561; x_wconf 89' lang='lat' dir='ltr'><strong>hoc</strong></span> <span class='ocrx_word' id='word_1_751' title='bbox 3251 4521 3350 4562; x_wconf 91' lang='lat' dir='ltr'><strong>nos</strong></span> <span class='ocrx_word' id='word_1_752' title='bbox 3406 4503 3656 4560; x_wconf 90' lang='lat' dir='ltr'><strong>fecimus.</strong></span> 
     </span>
    </p>
   </div>
   <div class='ocr_carea' id='block_1_107' title="bbox 2088 4591 3658 4656">
    <p class='ocr_par' dir='ltr' id='par_1_107' title="bbox 2088 4591 3658 4656">
     <span class='ocr_line' id='line_1_107' title="bbox 2088 4591 3658 4656; baseline -0.005 -1"><span class='ocrx_word' id='word_1_753' title='bbox 2088 4600 2354 4656; x_wconf 81' lang='lat' dir='ltr'><strong>Flendntn</strong></span> <span class='ocrx_word' id='word_1_754' title='bbox 2379 4615 2504 4654; x_wconf 90' lang='lat' dir='ltr'><strong>cum</strong></span> <span class='ocrx_word' id='word_1_755' title='bbox 2540 4597 2795 4654; x_wconf 86' lang='lat' dir='ltr'><strong>ﬂentibus</strong></span> <span class='ocrx_word' id='word_1_756' title='bbox 2834 4617 2848 4653; x_wconf 92' lang='lat'><strong>:</strong></span> <span class='ocrx_word' id='word_1_757' title='bbox 2884 4599 2988 4651; x_wconf 86' lang='lat' dir='ltr'><strong>hoc</strong></span> <span class='ocrx_word' id='word_1_758' title='bbox 3034 4611 3130 4651; x_wconf 86' lang='lat' dir='ltr'><strong>vos</strong></span> <span class='ocrx_word' id='word_1_759' title='bbox 3161 4595 3390 4648; x_wconf 90' lang='lat' dir='ltr'><strong>invicem</strong></span> <span class='ocrx_word' id='word_1_760' title='bbox 3426 4591 3658 4649; x_wconf 86' lang='lat' dir='ltr'><strong>reddite.</strong></span> 
     </span>
    </p>
   </div>
   <div class='ocr_carea' id='block_1_108' title="bbox 2085 4686 3660 4763">
    <p class='ocr_par' dir='ltr' id='par_1_108' title="bbox 2085 4686 3660 4763">
     <span class='ocr_line' id='line_1_108' title="bbox 2085 4686 3660 4763; baseline -0.004 -19"><span class='ocrx_word' id='word_1_761' title='bbox 2085 4690 2444 4763; x_wconf 80' lang='lat' dir='ltr'><strong>Lacrymatus</strong></span> <span class='ocrx_word' id='word_1_762' title='bbox 2473 4698 2558 4745; x_wconf 88' lang='lat' dir='ltr'><strong>est</strong></span> <span class='ocrx_word' id='word_1_763' title='bbox 2592 4690 2720 4743; x_wconf 89' lang='lat' dir='ltr'><strong>olim</strong></span> <span class='ocrx_word' id='word_1_764' title='bbox 2747 4696 3004 4743; x_wconf 77' lang='lat' dir='ltr'><strong>externus</strong></span> <span class='ocrx_word' id='word_1_765' title='bbox 3037 4686 3267 4756; x_wconf 90' lang='lat' dir='ltr'><strong>populus</strong></span> <span class='ocrx_word' id='word_1_766' title='bbox 3288 4692 3660 4754; x_wconf 82' lang='lat' dir='ltr'><strong>quotcmpore</strong></span> 
     </span>
    </p>
   </div>
   <div class='ocr_carea' id='block_1_109' title="bbox 2088 4772 3658 4849">
    <p class='ocr_par' dir='ltr' id='par_1_109' title="bbox 2088 4772 3658 4849">
     <span class='ocr_line' id='line_1_109' title="bbox 2088 4772 3658 4849; baseline -0.006 -15"><span class='ocrx_word' id='word_1_767' title='bbox 2088 4780 2394 4849; x_wconf 72' lang='lat' dir='ltr'><strong>patriarcha</strong></span> <span class='ocrx_word' id='word_1_768' title='bbox 2444 4778 2615 4833; x_wconf 83' lang='lat' dir='ltr'><strong>Jacob</strong></span> <span class='ocrx_word' id='word_1_769' title='bbox 2662 4778 2804 4832; x_wconf 90' lang='lat' dir='ltr'><strong>diem</strong></span> <span class='ocrx_word' id='word_1_770' title='bbox 2836 4792 2993 4831; x_wconf 88' lang='lat' dir='ltr'><strong>suum</strong></span> <span class='ocrx_word' id='word_1_771' title='bbox 3045 4776 3272 4840; x_wconf 88' lang='lat' dir='ltr'><strong>obierat,</strong></span> <span class='ocrx_word' id='word_1_772' title='bbox 3321 4780 3375 4827; x_wconf 90' lang='lat' dir='ltr'><strong>ct</strong></span> <span class='ocrx_word' id='word_1_773' title='bbox 3427 4772 3658 4826; x_wconf 88' lang='lat' dir='ltr'><strong>alienam</strong></span> 
     </span>
    </p>
   </div>
   <div class='ocr_carea' id='block_1_110' title="bbox 2086 4867 3680 4934">
    <p class='ocr_par' dir='ltr' id='par_1_110' title="bbox 2086 4867 3680 4934">
     <span class='ocr_line' id='line_1_110' title="bbox 2086 4867 3680 4934; baseline -0.004 -9"><span class='ocrx_word' id='word_1_774' title='bbox 2086 4872 2449 4925; x_wconf 85' lang='lat' dir='ltr'><strong>calamitatem</strong></span> <span class='ocrx_word' id='word_1_775' title='bbox 2491 4884 2645 4924; x_wconf 85' lang='lat' dir='ltr'><strong>suam</strong></span> <span class='ocrx_word' id='word_1_776' title='bbox 2700 4883 2822 4923; x_wconf 89' lang='lat' dir='ltr'><strong>esse</strong></span> <span class='ocrx_word' id='word_1_777' title='bbox 2852 4867 3045 4930; x_wconf 76' lang='lat' dir='ltr'><strong>duxit,</strong></span> <span class='ocrx_word' id='word_1_778' title='bbox 3092 4881 3215 4919; x_wconf 87' lang='lat' dir='ltr'><strong>cum</strong></span> <span class='ocrx_word' id='word_1_779' title='bbox 3269 4874 3548 4934; x_wconf 86' lang='lat' dir='ltr'><strong>parentem</strong></span> <span class='ocrx_word' id='word_1_780' title='bbox 3594 4878 3680 4919; x_wconf 45' lang='lat' dir='ltr'><strong>ex,</strong></span> 
     </span>
    </p>
   </div>
   <div class='ocr_carea' id='block_1_111' title="bbox 2089 4955 3662 5035">
    <p class='ocr_par' dir='ltr' id='par_1_111' title="bbox 2089 4955 3662 5035">
     <span class='ocr_line' id='line_1_111' title="bbox 2089 4955 3662 5035; baseline -0.008 -18"><span class='ocrx_word' id='word_1_781' title='bbox 2089 4962 2325 5035; x_wconf 63' lang='lat' dir='ltr'><strong>Egypto</strong></span> <span class='ocrx_word' id='word_1_782' title='bbox 2370 4961 2524 5014; x_wconf 90' lang='lat' dir='ltr'><strong>liberi</strong></span> <span class='ocrx_word' id='word_1_783' title='bbox 2568 4968 3041 5029; x_wconf 87' lang='lat' dir='ltr'><strong>transportantes,</strong></span> <span class='ocrx_word' id='word_1_784' title='bbox 3079 4957 3238 5024; x_wconf 78' lang='lat' dir='ltr'><strong>vulgo</strong></span> <span class='ocrx_word' id='word_1_785' title='bbox 3267 4971 3458 5010; x_wconf 87' lang='lat' dir='ltr'><strong>omnes</strong></span> <span class='ocrx_word' id='word_1_786' title='bbox 3511 4955 3662 5013; x_wconf 87' lang='lat' dir='ltr'><strong>nullo</strong></span> 
     </span>
    </p>
   </div>
   <div class='ocr_carea' id='block_1_112' title="bbox 2085 5043 3663 5112">
    <p class='ocr_par' dir='ltr' id='par_1_112' title="bbox 2085 5043 3663 5112">
     <span class='ocr_line' id='line_1_112' title="bbox 2085 5043 3663 5112; baseline -0.006 -6"><span class='ocrx_word' id='word_1_787' title='bbox 2085 5055 2172 5107; x_wconf 82' lang='lat' dir='ltr'><strong>vel</strong></span> <span class='ocrx_word' id='word_1_788' title='bbox 2208 5068 2370 5108; x_wconf 83' lang='lat' dir='ltr'><strong>sexus</strong></span> <span class='ocrx_word' id='word_1_789' title='bbox 2400 5051 2482 5103; x_wconf 87' lang='lat' dir='ltr'><strong>vel</strong></span> <span class='ocrx_word' id='word_1_790' title='bbox 2513 5051 2691 5106; x_wconf 64' lang='lat' dir='ltr'><strong>anatis</strong></span> <span class='ocrx_word' id='word_1_791' title='bbox 2732 5050 2917 5104; x_wconf 85' lang='lat' dir='ltr'><strong>habito</strong></span> <span class='ocrx_word' id='word_1_792' title='bbox 2946 5047 3499 5109; x_wconf 82' lang='lat' dir='ltr'><strong>discrimine,casum</strong></span> <span class='ocrx_word' id='word_1_793' title='bbox 3541 5043 3663 5112; x_wconf 85' lang='lat' dir='ltr'><strong>ejus</strong></span> 
     </span>
    </p>
   </div>
   <div class='ocr_carea' id='block_1_113' title="bbox 2089 5122 3707 5218">
    <p class='ocr_par' dir='ltr' id='par_1_113' title="bbox 2089 5122 3707 5218">
     <span class='ocr_line' id='line_1_113' title="bbox 2089 5122 3707 5218; baseline -0.007 -20"><span class='ocrx_word' id='word_1_794' title='bbox 2089 5145 2142 5198; x_wconf 91' lang='lat' dir='ltr'><strong>in</strong></span> <span class='ocrx_word' id='word_1_795' title='bbox 2177 5145 2397 5213; x_wconf 76' lang='lat' dir='ltr'><strong>regione</strong></span> <span class='ocrx_word' id='word_1_796' title='bbox 2430 5144 2607 5197; x_wconf 77' lang='lat' dir='ltr'><strong>aliena</strong></span> <span class='ocrx_word' id='word_1_797' title='bbox 2667 5141 3047 5215; x_wconf 73' lang='lat' dir='ltr'><strong>deplorabant,</strong></span> <span class='ocrx_word' id='word_1_798' title='bbox 3090 5137 3210 5192; x_wconf 89' lang='lat' dir='ltr'><strong>dies</strong></span> <span class='ocrx_word' id='word_1_799' title='bbox 3257 5136 3481 5205; x_wconf 81' lang='lat' dir='ltr'><strong>triginta</strong></span> <span class='ocrx_word' id='word_1_800' title='bbox 3532 5135 3655 5188; x_wconf 89' lang='lat' dir='ltr'><strong>toti-</strong></span> 
     </span>
    </p>
   </div>
   <div class='ocr_carea' id='block_1_114' title="bbox 2087 5227 3661 5322">
    <p class='ocr_par' dir='ltr' id='par_1_114' title="bbox 2087 5227 3661 5322">
     <span class='ocr_line' id='line_1_114' title="bbox 2087 5227 3661 5322; baseline -0.006 -33"><span class='ocrx_word' id='word_1_801' title='bbox 2087 5237 2319 5304; x_wconf 86' lang='lat' dir='ltr'><strong>demque</strong></span> <span class='ocrx_word' id='word_1_802' title='bbox 2378 5242 2565 5289; x_wconf 90' lang='lat' dir='ltr'><strong>noctes</strong></span> <span class='ocrx_word' id='word_1_803' title='bbox 2605 5235 2840 5322; x_wconf 52' lang='lat' dir='ltr'><strong>&#39;lttclttm</strong></span> <span class='ocrx_word' id='word_1_804' title='bbox 2895 5246 2958 5284; x_wconf 87' lang='lat' dir='ltr'><strong>ac</strong></span> <span class='ocrx_word' id='word_1_805' title='bbox 3012 5231 3454 5282; x_wconf 83' lang='lat' dir='ltr'><strong>lamentationem</strong></span> <span class='ocrx_word' id='word_1_806' title='bbox 3514 5227 3661 5280; x_wconf 88' lang='lat' dir='ltr'><strong>illius</strong></span> 
     </span>
    </p>
   </div>
   <div class='ocr_carea' id='block_1_115' title="bbox 2088 5319 3661 5388">
    <p class='ocr_par' dir='ltr' id='par_1_115' title="bbox 2088 5319 3661 5388">
     <span class='ocr_line' id='line_1_115' title="bbox 2088 5319 3661 5388; baseline -0.007 -8"><span class='ocrx_word' id='word_1_807' title='bbox 2088 5326 2273 5380; x_wconf 87' lang='lat' dir='ltr'><strong>amissi</strong></span> <span class='ocrx_word' id='word_1_808' title='bbox 2308 5326 2531 5378; x_wconf 88' lang='lat' dir='ltr'><strong>nomine</strong></span> <span class='ocrx_word' id='word_1_809' title='bbox 2563 5319 2969 5378; x_wconf 84' lang='lat' dir='ltr'><strong>continuantes.</strong></span> <span class='ocrx_word' id='word_1_810' title='bbox 3006 5319 3113 5372; x_wconf 77' lang='lat' dir='ltr'><strong>Vos</strong></span> <span class='ocrx_word' id='word_1_811' title='bbox 3144 5321 3237 5388; x_wconf 89' lang='lat' dir='ltr'><strong>qui</strong></span> <span class='ocrx_word' id='word_1_812' title='bbox 3269 5321 3461 5373; x_wconf 85' lang='lat' dir='ltr'><strong>fratres</strong></span> <span class='ocrx_word' id='word_1_813' title='bbox 3484 5326 3537 5371; x_wconf 90' lang='lat' dir='ltr'><strong>et</strong></span> <span class='ocrx_word' id='word_1_814' title='bbox 3566 5332 3661 5386; x_wconf 81' lang='lat' dir='ltr'><strong>po-</strong></span> 
     </span>
    </p>
   </div>
   <div class='ocr_carea' id='block_1_116' title="bbox 410 5414 3662 5496">
    <p class='ocr_par' dir='ltr' id='par_1_116' title="bbox 410 5414 3662 5496">
     <span class='ocr_line' id='line_1_116' title="bbox 410 5414 3662 5496; baseline -0.004 -17"><span class='ocrx_word' id='word_1_815' title='bbox 410 5427 636 5496; x_wconf 87' lang='lat' dir='ltr'><strong>pulares</strong></span> <span class='ocrx_word' id='word_1_816' title='bbox 682 5427 836 5493; x_wconf 89' lang='lat' dir='ltr'><strong>estis,</strong></span> <span class='ocrx_word' id='word_1_817' title='bbox 885 5424 1176 5479; x_wconf 88' lang='lat' dir='ltr'><strong>imitamini</strong></span> <span class='ocrx_word' id='word_1_818' title='bbox 1229 5422 1563 5492; x_wconf 78' lang='lat' dir='ltr'><strong>alienigenas</strong></span> <span class='ocrx_word' id='word_1_819' title='bbox 1622 5430 1677 5477; x_wconf 90' lang='lat' dir='ltr'><strong>ct</strong></span> <span class='ocrx_word' id='word_1_820' title='bbox 1725 5418 2001 5477; x_wconf 79' lang='lat' dir='ltr'><strong>externos.</strong></span> <span class='ocrx_word' id='word_1_821' title='bbox 2043 5422 2372 5476; x_wconf 84' lang='lat' dir='ltr'><strong>Communes</strong></span> <span class='ocrx_word' id='word_1_822' title='bbox 2415 5428 2545 5472; x_wconf 91' lang='lat' dir='ltr'><strong>tunc</strong></span> <span class='ocrx_word' id='word_1_823' title='bbox 2577 5427 2732 5472; x_wconf 91' lang='lat' dir='ltr'><strong>erant</strong></span> <span class='ocrx_word' id='word_1_824' title='bbox 2782 5418 3190 5486; x_wconf 82' lang='lat' dir='ltr'><strong>peregrinorum</strong></span> <span class='ocrx_word' id='word_1_825' title='bbox 3256 5414 3662 5482; x_wconf 80' lang='lat' dir='ltr'><strong>indigenarum-</strong></span> 
     </span>
    </p>
   </div>
   <div class='ocr_carea' id='block_1_117' title="bbox 412 5510 3662 5590">
    <p class='ocr_par' dir='ltr' id='par_1_117' title="bbox 412 5510 3662 5590">
     <span class='ocr_line' id='line_1_117' title="bbox 412 5510 3662 5590; baseline -0.003 -17"><span class='ocrx_word' id='word_1_826' title='bbox 412 5535 523 5590; x_wconf 91' lang='lat' dir='ltr'><strong>que</strong></span> <span class='ocrx_word' id='word_1_827' title='bbox 549 5520 829 5590; x_wconf 72' lang='lat' dir='ltr'><strong>lacrymai;</strong></span> <span class='ocrx_word' id='word_1_828' title='bbox 860 5534 1176 5575; x_wconf 84' lang='lat' dir='ltr'><strong>communes</strong></span> <span class='ocrx_word' id='word_1_829' title='bbox 1205 5519 1318 5574; x_wconf 81' lang='lat' dir='ltr'><strong>sint</strong></span> <span class='ocrx_word' id='word_1_830' title='bbox 1348 5516 1509 5572; x_wconf 90' lang='lat' dir='ltr'><strong>etiam</strong></span> <span class='ocrx_word' id='word_1_831' title='bbox 1543 5533 1708 5578; x_wconf 85' lang='lat' dir='ltr'><strong>nunc,</strong></span> <span class='ocrx_word' id='word_1_832' title='bbox 1736 5518 1992 5585; x_wconf 86' lang='lat' dir='ltr'><strong>quoniam</strong></span> <span class='ocrx_word' id='word_1_833' title='bbox 2045 5516 2208 5570; x_wconf 80' lang='lat' dir='ltr'><strong>etiam</strong></span> <span class='ocrx_word' id='word_1_834' title='bbox 2273 5515 2557 5569; x_wconf 86' lang='lat' dir='ltr'><strong>calamitas</strong></span> <span class='ocrx_word' id='word_1_835' title='bbox 2600 5513 2909 5567; x_wconf 76' lang='lat' dir='ltr'><strong>(‘OlllllllllllS</strong></span> <span class='ocrx_word' id='word_1_836' title='bbox 2971 5518 3072 5566; x_wconf 89' lang='lat' dir='ltr'><strong>cst.</strong></span> <span class='ocrx_word' id='word_1_837' title='bbox 3121 5510 3311 5564; x_wconf 74' lang='lat' dir='ltr'><strong>Videte</strong></span> <span class='ocrx_word' id='word_1_838' title='bbox 3361 5510 3525 5565; x_wconf 86' lang='lat' dir='ltr'><strong>hosce</strong></span> <span class='ocrx_word' id='word_1_839' title='bbox 3566 5524 3662 5581; x_wconf 84' lang='lat' dir='ltr'><strong>pa—</strong></span> 
     </span>
    </p>
   </div>
   <div class='ocr_carea' id='block_1_118' title="bbox 414 5599 3667 5684">
    <p class='ocr_par' dir='ltr' id='par_1_118' title="bbox 414 5599 3667 5684">
     <span class='ocr_line' id='line_1_118' title="bbox 414 5599 3667 5684; baseline -0.003 -19"><span class='ocrx_word' id='word_1_840' title='bbox 414 5608 710 5675; x_wconf 83' lang='lat' dir='ltr'><strong>triarchas,</strong></span> <span class='ocrx_word' id='word_1_841' title='bbox 753 5625 941 5668; x_wconf 85' lang='lat' dir='ltr'><strong>omnes</strong></span> <span class='ocrx_word' id='word_1_842' title='bbox 985 5610 1077 5667; x_wconf 91' lang='lat' dir='ltr'><strong>isti</strong></span> <span class='ocrx_word' id='word_1_843' title='bbox 1120 5609 1211 5664; x_wconf 85' lang='lat' dir='ltr'><strong>lilii</strong></span> <span class='ocrx_word' id='word_1_844' title='bbox 1252 5609 1424 5665; x_wconf 85' lang='lat' dir='ltr'><strong>nostri</strong></span> <span class='ocrx_word' id='word_1_845' title='bbox 1457 5606 1644 5663; x_wconf 78' lang='lat' dir='ltr'><strong>Jacobi</strong></span> <span class='ocrx_word' id='word_1_846' title='bbox 1693 5599 1841 5664; x_wconf 84' lang='lat' dir='ltr'><strong>sunt.</strong></span> <span class='ocrx_word' id='word_1_847' title='bbox 1897 5607 1971 5661; x_wconf 80' lang='lat' dir='ltr'><strong>Ex</strong></span> <span class='ocrx_word' id='word_1_848' title='bbox 2015 5607 2180 5663; x_wconf 82' lang='lat' dir='ltr'><strong>libera</strong></span> <span class='ocrx_word' id='word_1_849' title='bbox 2217 5605 2486 5684; x_wconf 56' lang='grc' dir='ltr'>ρευσς-οειί</span> <span class='ocrx_word' id='word_1_850' title='bbox 2511 5619 2720 5661; x_wconf 89' lang='lat' dir='ltr'><strong>omnes.</strong></span> <span class='ocrx_word' id='word_1_851' title='bbox 2747 5602 2914 5659; x_wconf 81' lang='lat' dir='ltr'><strong>Nemo</strong></span> <span class='ocrx_word' id='word_1_852' title='bbox 2939 5602 3162 5674; x_wconf 86' lang='lat' dir='ltr'><strong>spurius</strong></span> <span class='ocrx_word' id='word_1_853' title='bbox 3210 5608 3264 5657; x_wconf 91' lang='lat' dir='ltr'><strong>ct</strong></span> <span class='ocrx_word' id='word_1_854' title='bbox 3315 5601 3667 5674; x_wconf 62' lang='lat' dir='ltr'><strong>illegitimus1</strong></span> 
     </span>
    </p>
   </div>
  </div>
