4050 6164
400 276 505 330 8353

1635 267 1691 322 8.
1729 267 2054 323 GREGORII
2092 269 2386 326 NYSSENI

3546 280 3655 338 856

402 408 565 450 nemo
595 394 926 449 subdititius.
970 395 1150 463 Neque
1208 391 1459 448 enimiili
1526 388 1607 446 fas
1673 398 1793 445 crat
1860 388 2177 456 ingenuitati
2230 390 2355 445 tidei
2415 390 2669 447 servilem
2733 393 2977 447 inserere
3036 392 3442 461 cognationem.
3515 391 3657 464 Ergo

399 485 565 542 etiam
613 495 799 542 noster
856 486 947 543 ille
997 500 1225 555 parens,
1272 493 1557 554 propterea
1595 482 1740 552 quod
1793 480 1968 550 patris
2002 483 2173 534 nostri
2212 488 2364 550 pater
2393 495 2534 537 erat.

472 577 719 634 Audistis
772 578 935 647 paulo
985 586 1111 633 ante
1161 594 1226 633 ex
1281 578 1535 649 Epitraim
1596 586 1651 631 et
1697 575 1968 635 Manasse.
1998 576 2045 631 Α

401 668 606 736 qualia,
650 682 923 737 quamque
968 670 1140 724 multa
1183 670 1252 727 de
1293 681 1446 739 patre
1480 682 1785 735 narrarent,
1834 672 1969 727 adeo

402 765 464 811 ut
485 758 743 812 miracula
777 760 953 815 oratio
996 761 1213 831 assequi
1257 777 1366 816 non
1404 771 1606 830 posset.
1654 759 1786 815 Date
1834 761 1968 817 mihi

400 864 620 919 quoque
649 859 707 903 ut
738 850 806 905 de
836 852 923 908 his
964 853 1126 908 rebus
1162 854 1358 909 dicam.
1393 853 1605 910 Etenim
1639 855 1789 909 nullo
1819 855 1968 925 peri-

400 940 528 995 culo
559 941 814 1011 deinceps
853 942 1219 1000 beatitudines
1246 961 1518 1017 exponere
1556 946 1720 1001 licet:
1755 962 1856 1002 nec
1884 950 1970 1003 in.

398 1031 602 1087 vidiam
636 1041 842 1088 metuo.
873 1032 1120 1100 Quonam
1152 1037 1297 1091 enim
1327 1053 1413 1093 me
1442 1039 1587 1093 maio
1615 1039 1820 1109 majore
1849 1040 1968 1094 alii-

400 1124 553 1179 ciet?
593 1124 829 1182 Proinde
872 1128 1184 1197 cognoscite
1211 1130 1303 1199 qui
1332 1131 1414 1185 vir
1438 1132 1531 1195 sit,
1588 1147 1890 1203 generosus
1914 1145 1969 1188 et

397 1214 603 1271 nobilis
648 1215 718 1273 ab
767 1225 889 1277 ortu
940 1218 1096 1283 solis,
1144 1219 1475 1291 inculpatus,
1518 1222 1723 1292 justus.
1777 1239 1964 1290 verax,

399 1306 526 1375 pius
548 1314 601 1360 et
622 1308 933 1378 religiosus,
964 1310 1244 1367 abstinens
1269 1312 1337 1368 ab
1359 1314 1505 1369 omni
1528 1315 1671 1368 malo
1700 1314 1963 1374 facinore.

397 1396 519 1453 Non
549 1400 693 1454 enim
736 1401 927 1471 utique
968 1402 1230 1458 invidebit
1260 1419 1488 1476 magnus
1528 1405 1619 1461 ille
1656 1403 1779 1468 Job,
1820 1408 1864 1464 si
1898 1407 1965 1464 iis

399 1490 749 1556 testimoniis,
795 1507 914 1562 quae
942 1492 1011 1548 de
1061 1494 1179 1564 ipso
1206 1494 1475 1562 feruntur,
1526 1497 1690 1552 etiam
1726 1498 1967 1554 imitator

396 1579 543 1635 illius
570 1587 814 1636 ornetur.
852 1579 956 1638 Sed
983 1598 1104 1653 quae
1135 1600 1324 1641 omnes
1354 1600 1441 1642 res
1470 1588 1762 1657 praclaras
1787 1590 1967 1645 intue-

311 1691 318 1699 θ
396 1678 491 1725 tur
526 1671 752 1736 invidia,
810 1674 971 1731 etiam
1025 1682 1271 1731 nostrum
1317 1677 1518 1731 bonum
1559 1680 1757 1735 acerbo
1805 1682 1964 1737 oculo

398 1762 643 1816 eoutuita
684 1770 809 1819 est:
862 1779 926 1819 ac
960 1779 1081 1835 qua»
1118 1782 1214 1838 per
1257 1768 1441 1824 orbem
1472 1776 1739 1825 terrarum
1779 1771 1965 1826 obam-

396 1851 569 1916 bulat,
612 1855 778 1909 etiam
833 1871 930 1925 per
958 1872 1059 1913 nos
1108 1859 1427 1921 ambulavit,
1470 1861 1635 1915 latum
1675 1863 1960 1935 vestigium

2159 574 2453 628 Ἠκούσατε
2481 576 2684 645 ἀρτίως
2713 574 2806 628 τοῦ
2847 577 3086 646 Ἑφραῖμ
3119 578 3210 629 καὶ
3239 575 3333 629 τοῦ
3365 576 3650 646 Μανασσῆ,

2074 659 2161 718 οἷα
2194 667 2282 718 καὶ
2307 667 2406 719 ὅσα
2439 669 2567 737 περὶ
2598 666 2691 719 τοῦ
2733 666 2943 738 Πατρὸς
2981 668 3326 738 διηγήσαντο,
3356 668 3433 731 ὡς
3474 670 3648 738 ὑπερ‹

2076 756 2281 810 ϐαίνειν
2307 758 2463 826 λόγον
2507 759 2575 812 τὰ
2615 758 2886 829 θαύματα.
2921 760 3048 812 Δότε
3092 761 3259 830 κάμοὶ
3293 759 3653 829 περὶτούτων

2076 846 2269 901 εἰπεῖν.
2323 848 2435 899 Καὶ
2486 848 2592 918 γὰρ
2640 848 2916 903 ἀκίνδυνον
2968 849 3030 901 τὸ
3073 848 3397 919 μακαρίζειν
3434 847 3648 900 λοιπόν·

2075 938 2199 992 οὔτε
2241 938 2512 1010 φοϐοῦμαι
2543 939 2635 996 τὸν
2689 939 2900 1010 φθόνον.
2932 940 2997 992 Τί
3025 940 3135 1010 γάρ
3162 957 3229 1009 με
3259 942 3440 1010 χεῖρον
3480 939 3652 1009 ἐργά-

2076 1046 2258 1095 σεται;
2292 1031 2500 1086 Οὐκοῦν
2547 1032 2717 1099 γνῶτε
2741 1030 2825 1095 τίς
2866 1034 2895 1085 6
2922 1032 3061 1102 ἀνήρ
3084 1048 3100 1063 ·
3134 1031 3374 1100 Εὐγενὴς
3406 1031 3514 1083 τῶν
3556 1031 3647 1098 ἀφ’

2074 1121 2223 1189 ἡλίου
2253 1121 2544 1187 ἀνατολῶν,
2569 1124 2879 1193 ἄμεμπτος,
2912 1123 3137 1186 δίκαιος,
3168 1122 3439 1192 ἀληθινὸς,
3468 1121 3650 1177 θεοσε-

2074 1208 2194 1278 ϐὴς,
2242 1209 2581 1280 ἀπεχόμενος
2624 1210 2730 1264 ἀπὸ
2780 1209 2978 1273 παντὸς
3021 1208 3256 1278 πονηροῦ
3301 1210 3642 1279 πράγματος.

2073 1299 2146 1352 Ού
2179 1299 2288 1370 γάρ
2332 1298 2395 1370 δὴ
2430 1299 2792 1370 ζηλοτυπήσει
2819 1300 2849 1352 6
2881 1300 3055 1371 μέγας
3096 1297 3237 1362 Ἰὼϐ,
3286 1300 3335 1351 εί
3359 1301 3480 1360 ταῖς
3518 1299 3647 1368 περὶ

2073 1388 2236 1445 αὐτοῦ
2265 1390 2589 1462 μαρτυρίαις
2613 1391 2708 1446 καὶ
2732 1394 2760 1444 ό
2789 1389 3030 1462 μιμητὴς
3060 1389 3272 1445 ἐκείνου
3307 1387 3649 1457 ἐγκαλλωπί-

2073 1479 2237 1543 ζοιτο.
2281 1480 2418 1533 Ἀλλ’
2449 1483 2477 1533 6
2514 1481 2580 1534 τὰ
2622 1481 2763 1535 καλὰ
2794 1482 2970 1535 πάντα
3003 1480 3217 1551 βλέπων
3265 1480 3482 1552 φθόνος,
3535 1478 3644 1535 side

2072 1570 2165 1622 καὶ
2194 1570 2253 1622 τὸ
2289 1570 2553 1642 ἡμέτερον
2600 1570 2800 1640 ἀγαθὸν
2842 1570 3025 1642 πικρῷ
3058 1572 3137 1642 τῷ
3168 1571 3463 1644 ὀφθαλμῷο
3499 1574 3591 1627 καὶ
3614 1574 3644 1627 6

2074 1659 2462 1732 ἐμπεριπατῶν
2491 1663 2556 1732 τῇ
2584 1661 2898 1734 οἰκουμένῃ,
2953 1662 3046 1715 καὶ
3092 1662 3158 1716 δι’
3187 1663 3342 1733 ἡμῶν
3380 1663 3644 1733 περιεπά-

2070 1770 2251 1823 τησεν,
2287 1753 2461 1807 πλατὺ
2498 1753 2559 1805 τὸ
2590 1752 2732 1823 ίχνος
2759 1753 2857 1823 τῆς
2898 1753 3130 1822 θλίψεως
3166 1755 3287 1816 ταῖς
3318 1752 3645 1824 εὐπραγίαις

2072 1844 2228 1914 ἡμῶν
2268 1844 2643 1916 ἐναπερείσας.
2677 1844 2752 1896 Οὐ
2792 1842 2928 1913 βοῶν
2975 1844 3068 1898 καὶ
3106 1844 3391 1915 προϐάτων
3444 1845 3643 1912 ἀγέλας

396 1942 705 2000 aﬂlictionis
752 1947 915 2001 rebus
965 1950 1220 2005 secundis
1278 1953 1480 2008 nostris
1524 1952 1750 2008 infixum
1795 1955 1962 2010 relin-

2067 1934 2450 2005 διελυμήνατο·
2487 1934 2624 2004 πλὴν
2662 1934 2712 1986 εί
2754 1934 2827 2004 μὴ
2878 1934 2987 2004 ἀρα
3016 1952 3100 1997 τις
3133 1933 3274 1987 κατά
3301 1934 3362 1987 τὸ
3385 1935 3643 2003 μυστικὸν

395 2048 591 2101 quens.
630 2034 750 2091 Non
807 2037 970 2092 boum
1017 2048 1069 2094 et
1115 2040 1297 2095 ovium
1356 2056 1547 2113 greges
1598 2042 1958 2114 disperdidit:

395 2126 504 2181 nisi
554 2128 602 2182 si
646 2130 771 2199 quis
821 2132 1010 2202 utique
1055 2135 1359 2188 secundum
1406 2137 1694 2207 mysticum
1740 2153 1963 2194 sensum

393 2235 611 2290 gregem
637 2223 704 2277 ad
740 2222 1038 2281 Ecclesiam
1085 2228 1353 2283 traducat.
1382 2227 1581 2285 Verum
1623 2245 1732 2286 non
1768 2233 1821 2287 in
1875 2232 1961 2290 bis

391 2313 551 2371 nobis
585 2314 791 2369 invidia
839 2316 1097 2373 damnum
1145 2317 1315 2385 dedit,
1373 2337 1550 2391 neque
1597 2324 1651 2377 in
1704 2325 1877 2380 asinis
1908 2334 1963 2380 et

391 2405 617 2460 camelis
649 2421 847 2462 noxam
879 2410 1189 2477 commisit;
1223 2426 1400 2480 neque
1435 2414 1555 2483 ipso
1587 2415 1809 2470 vulnere
1842 2432 1961 2471 car-

389 2495 481 2550 nis
530 2511 724 2553 sensus
755 2499 954 2556 acerbo
1012 2502 1202 2559 dolore
1255 2502 1473 2560 aﬂecit:
1510 2506 1604 2561 sed
1639 2521 1741 2563 nos
1783 2509 1962 2577 capite

390 2587 645 2658 privavit.
678 2589 814 2644 Cum
845 2593 1024 2663 capite
1054 2603 1233 2651 autem
1274 2611 1382 2651 una
1412 2598 1663 2669 adempta
1702 2609 1831 2656 sunt
1859 2600 1961 2655 bo-

389 2688 585 2734 norata
622 2696 687 2738 ac
719 2684 982 2754 dignitate
1014 2688 1327 2755 praestantia
1356 2704 1616 2746 sensuum
1644 2701 1959 2747 nostrorum

389 2773 778 2831 instrumenta.
804 2776 923 2833 Non
955 2782 1191 2850 amplius
1224 2790 1308 2837 est
1341 2784 1551 2846 oculus.
1587 2784 1678 2853 qui
1714 2785 1959 2840 coelestia

389 2876 750 2935 contueatur;
792 2886 967 2940 neque
1020 2874 1190 2937 auris,
1226 2889 1347 2943 quae
1376 2890 1563 2932 vocem
1595 2877 1832 2933 divinam
1862 2895 1960 2934 ex-

389 2959 577 3013 audiat
605 2979 619 3014 :
649 2976 823 3031 neque
844 2964 1026 3034 lingua
1052 2967 1141 3020 illa
1160 2983 1355 3037 purum
1382 2968 1625 3025 veritatis
1646 2972 1956 3030 donarium.

389 3047 493 3104 Ubi
535 3050 714 3109 dulcis
742 3054 850 3113 ,illa
890 3057 1176 3111 oculorum
1221 3062 1534 3117 serenitas?
1565 3063 1652 3118 ubi
1679 3065 1958 3134 jucundus

386 3139 481 3194 ille
513 3156 576 3196 ac
607 3142 820 3212 lepidus
848 3147 904 3200 in
939 3147 1099 3203 labiis
1131 3149 1316 3205 risus?
1360 3152 1449 3205 ubi
1483 3155 1654 3210 comis
1685 3157 1777 3209 illa
1807 3165 1861 3212 et
1891 3158 1958 3212 ad

388 3225 739 3290 salutandum
772 3236 951 3295 facilis
978 3239 1224 3307 dextera,
1272 3258 1394 3313 quae
1423 3261 1526 3299 una
1558 3261 1681 3301 cum
1718 3249 1830 3305 oris
1863 3250 1954 3305 be—
1986 3273 2032 3336 ο

387 3326 704 3384 nedictione
732 3328 929 3400 digitos
959 3333 1225 3389 intentare
1274 3336 1526 3391 solebat?
1554 3336 1831 3395 Provebor
1860 3357 1957 3395 au-

388 3422 520 3480 tem,
575 3418 719 3472 sicut
766 3420 819 3474 in
874 3436 1058 3486 scena,
1117 3426 1181 3480 ad
1216 3427 1584 3483 calamitatem
1636 3434 1784 3484 clara
1825 3447 1957 3486 voce

386 3507 875 3576 proclamandam:
918 3512 1181 3571 Misereor
1213 3518 1312 3580 tui,
1362 3526 1552 3573 sancta
1580 3518 1861 3587 Ecclesia;
1907 3531 1958 3578 te

389 3597 659 3670 alloquor,
683 3618 717 3656 o
747 3603 940 3660 civitas
965 3607 1250 3661 Antiochi!
1285 3608 1506 3665 Miseret
1536 3626 1621 3667 me
1642 3613 1742 3675 tui,
1770 3628 1959 3684 repen-

385 3692 518 3751 tinae
546 3707 611 3747 ac
641 3695 836 3750 subitae
862 3696 1025 3766 hujus
1047 3699 1366 3756 mutationis
1395 3702 1633 3757 nomine.
1676 3702 1746 3759 Ut
1774 3703 1957 3759 adem-

387 3792 516 3853 ptus
550 3792 636 3840 est
666 3786 872 3843 decor?
910 3798 968 3844 ut
994 3789 1274 3847 detractus
1328 3800 1414 3847 est
1451 3796 1724 3850 ornatus?
1778 3803 1836 3851 ut
1868 3812 1957 3852 re-

385 3884 550 3946 pente
581 3876 683 3933 ﬂos
717 3878 981 3933 defluxit?
1025 3880 1186 3949 plane
1234 3896 1457 3952 gramen
1501 3887 1735 3949 exaruit,
1775 3897 1828 3944 et
1855 3890 1956 3947 ﬂos

387 3967 613 4022 decidit.
644 3966 779 4033 Quis
823 3969 1018 4024 oculus
1049 3971 1269 4026 malus?
1299 3988 1421 4042 qua:
1459 3974 1782 4035 fascinatrix
1812 3982 1953 4036 invi-

387 4059 478 4113 dia
506 4058 648 4112 mala
680 4059 734 4114 in
758 4059 1057 4117 Eccleslam
1085 4064 1232 4119 illam
1265 4066 1590 4124 debacchata
1619 4080 1780 4141 atque
1802 4089 1957 4144 gras-

388 4156 509 4203 sata
555 4151 680 4203 est?
723 4166 844 4220 quae
880 4153 1078 4221 quibus
1125 4163 1517 4216 commutavit?
1564 4161 1770 4219 Defecit
1806 4166 1951 4223 fons.

386 4240 825 4297 Exaruitamnis.
856 4243 1067 4302 Rursus
1100 4248 1153 4303 in
1184 4254 1503 4321 sanguinem
1525 4269 1663 4325 aqua
1693 4272 1954 4315 conversa

385 4342 491 4391 est.
549 4333 594 4389 Ο
628 4334 901 4395 infelicem
962 4343 1212 4397 nuntium
1273 4343 1445 4413 illum,
1509 4364 1616 4417 quo
1672 4351 1953 4405 calamitas

383 4424 645 4482 Ecclesiae
676 4429 1043 4487 indicabitur!
1075 4434 1209 4500 Quis
1235 4436 1360 4493 filiis
1388 4438 1550 4504 dicet,
1584 4442 1727 4510 quod
1756 4457 1954 4512 paren-

2071 2029 2148 2089 είς
2175 2027 2270 2097 τὴν
2306 2025 2629 2095 Ἐκκλησίαν
2661 2024 2952 2095 μεταλάϐοι
2979 2025 3041 2078 τὸ
3070 2025 3339 2094 ποίμνιον.
3369 2024 3515 2095 Πλὴν
3537 2026 3639 2078 οὐκ

2070 2120 2127 2170 ἐν
2169 2118 2376 2179 τούτοις
2408 2120 2535 2187 ἡμῖν
2581 2116 2731 2188 παρά
2758 2115 2850 2169 τοῦ
2896 2116 3088 2184 φθόνου
3121 2118 3155 2186 ἡ
3199 2116 3369 2187 βλάϐη
3391 2132 3405 2147 ·
3434 2116 3552 2170 οὐδὲ
3582 2117 3640 2169 ἐν

2070 2208 2208 2270 ὄνοις
2260 2210 2352 2260 καὶ
2409 2206 2674 2277 καμήλοις
2728 2207 2827 2277 τὴν
2877 2207 3078 2276 ζημίαν
3129 2207 3448 2278 εἰργάσατοι
3519 2206 3641 2260 οὐδὲ

2067 2299 2341 2368 τραύματι
2399 2298 2598 2368 σαρκὸς
2649 2296 2747 2360 τὰς
2804 2296 3086 2367 αἰσθήσεις
3140 2296 3458 2368 ἐδρίμυξενο
3524 2296 3639 2350 ἀλλ’

2067 2389 2211 2458 ἡμᾶς
2248 2388 2346 2457 τῆς
2386 2386 2628 2457 κεφαλῆς
2668 2386 2997 2456 ἀπεσύλησε.
3033 2388 3111 2457 Τῇ
3153 2387 3210 2440 δὲ
3258 2387 3466 2457 κεφαλῇ
3517 2404 3640 2440 συν-

2067 2479 2272 2549 απῆλθε
2322 2479 2389 2532 τά
2438 2478 2593 2548 τίμια
2650 2479 2807 2549 ἡμῶν
2853 2477 3199 2548 αἰσθητήρια.
3245 2478 3440 2532 Οὐκέτι
3488 2478 3637 2531 ἐστὶν

2066 2569 2361 2640 ὀφθαλμὸς,
2387 2570 2415 2620 ὁ
2436 2570 2505 2622 τὰ
2541 2570 2766 2639 οὐράνια
2790 2569 3019 2637 βλέπων,
3042 2568 3162 2620 οὐδὲ
3184 2567 3343 2639 ἀκοὴ,
3366 2569 3463 2638 τῆς
3485 2568 3637 2632 θείας

2066 2659 2246 2729 φωνῆς
2294 2660 2577 2719 ἐπαΐουσα,
2612 2658 2732 2711 οὐδὲ
2778 2659 2811 2728 ἡ
2853 2658 3071 2727 γλῶσσα
3112 2658 3314 2728 ἐκείνη,
3363 2657 3424 2711 τὸ
3474 2659 3636 2725 ἁγνὸν

2065 2751 2317 2820 ἀνάθημα
2353 2752 2450 2821 τῆς
2482 2748 2755 2820 ἀληθείας.
2787 2750 2893 2802 Ποῦ
2924 2750 2955 2820 ἡ
2981 2750 3204 2816 γλυκεῖα
3235 2750 3343 2803 τῶν
3370 2751 3634 2820 ὀμμάτων

2064 2840 2304 2910 γαλήνη;
2339 2840 2447 2893 Ποῦ
2474 2840 2531 2893 τὸ
2573 2841 2795 2911 φαιδρὸν
2826 2841 2917 2894 ἐπὶ
2953 2839 3045 2892 τοῦ
3091 2839 3299 2909 χείλους
3341 2839 3630 2909 μειδίαμα;

2067 2928 2175 2980 Ποῦ
2206 2928 2659 3000 ἡεύπροσήγορος
2694 2927 2863 2994 δεξιὰ,
2893 2930 2959 2999 τῇ
2986 2928 3079 2981 τοῦ
3112 2926 3375 2997 στόματος
3419 2926 3637 2998 εὐλογίᾳ

2065 3021 2188 3082 τοὺς
2213 3019 2504 3083 δακτύλους
2537 3022 2978 3083 συνεπισείουσας
3010 3019 3412 3091 Προάγομαιηδέ
3438 3018 3513 3082 ὡς
3544 3018 3635 3071 ἐπὶ

2067 3110 2269 3179 σκηνῆς
2312 3108 2610 3179 ἀναϐοῆσαι
2644 3109 2741 3179 τὴν
2768 3108 3079 3181 συμφοράνο
3124 3107 3289 3162 Ἐλεῶ
3317 3125 3396 3175 σε,
3426 3101 3471 3161 ῶ
3509 3109 3632 3161 Ἐκο

2066 3200 2289 3271 κλησία·
2330 3200 2462 3269 πρὸς
2496 3200 2553 3254 σὲ
2580 3201 2741 3278 λέγω,
2764 3201 2864 3273 τὴν
2904 3201 3172 3271 Ἀντιόχου
3231 3201 3407 3256 πόλιν.
3467 3200 3633 3254 Ἐλεῶ

2066 3308 2124 3343 σε
2159 3291 2255 3360 τῆς
2286 3291 2486 3362 ἀθρόας
2515 3291 2717 3362 ταύτης
2749 3292 3069 3364 μεταϐολῆς.
3100 3291 3223 3355 Πῶς
3272 3293 3632 3363 ἀπεκοσμήθη

2061 3384 2123 3436 τὸ
2160 3384 2383 3450 κάλλος;
2414 3384 2533 3447 Πῶς
2558 3385 2870 3456 ἀπεσυλήθη
2903 3387 2931 3438 ὁ
2958 3385 3193 3456 κόσμος;
3225 3385 3347 3447 Πῶς
3378 3384 3633 3452 ἐξαίφνης

2064 3475 2312 3546 ἀπερρύη
2332 3476 2391 3528 τὸ
2417 3475 2608 3543 ἀνθος;
2637 3478 2837 3539 Ὄντως
2858 3476 3126 3549 ἐξηράνθη
3154 3479 3182 3531 6
3207 3477 3416 3548 χόρτος,
3448 3477 3543 3529 καὶ
3571 3474 3633 3530 τὸ

2063 3564 2221 3626 ἄνθος
2246 3564 2519 3630 ἐξέπεσεν.
2560 3566 2654 3628 Τίς
2685 3566 2957 3636 ὀφθαλμὸς
2988 3567 3221 3638 πονηρὸς
3242 3609 3258 3634 ,
3298 3567 3384 3630 τίς
3426 3568 3630 3637 βασκα-

2061 3657 2149 3712 νία
2175 3657 2317 3727 κακὴ
2352 3656 2489 3710 κατά
2529 3656 2625 3726 τῆς
2680 3657 3004 3728 Ἐκκλησίας
3054 3658 3268 3728 ἐκείνης
3314 3656 3627 3726 ὲκώμασεν;

2063 3743 2166 3802 Οἷα
2189 3747 2303 3801 ἀνθ’
2329 3748 2454 3802 οἴων
2479 3747 2769 3817 ἠλλάξατοί
2809 3749 3079 3813 Ἑξέλιπεν
3108 3752 3140 3819 ἡ
3166 3750 3337 3821 πηγὴ,
3362 3748 3630 3821 ἐξηράνοη

2061 3839 2089 3891 6
2120 3838 2381 3908 ποταμός.
2418 3839 2582 3891 Πάλιν
2623 3840 2701 3902 είς
2730 3834 2871 3909 αἷμα
2914 3842 3241 3911 μετεποιήθη
3277 3842 3338 3894 τὸ
3366 3840 3529 3913 ὕδωρ.
3569 3842 3631 3894 Ὢ

2060 3928 2353 3999 δυστυχοῦς
2394 3929 2652 3996 ἀγγελίας
2698 3931 2931 4001 ἐκείνης,
2964 3932 3062 4001 τῆς
3101 3931 3518 4001 διαγγελλούσης
3562 3933 3627 4002 τῇ

2074 4025 2369 4096 Ἐκκλησία
2423 4025 2484 4079 τὸ
2541 4024 2754 4088 πάθοςι
2811 4026 2889 4089 τίς
2940 4027 3054 4097 ἐρεῖ
3094 4029 3207 4089 τοῖς
3255 4027 3484 4090 τέκνοις,
3548 4026 3628 4079 ὅτι

2060 4115 2589 4187 ἀπωρφανίσθησανς
2651 4115 2747 4178 Τίς
2793 4116 3093 4184 ἀπαγγελεῖ
3138 4118 3204 4186 τῇ
3275 4115 3494 4188 νύμφῃ,
3548 4117 3629 4170 ὅτι

2060 4205 2384 4275 ἐχήρευσενς
2424 4205 2487 4256 Ὢ
2533 4203 2639 4257 τῶν
2684 4204 2901 4258 κακῶνί
2955 4204 3018 4256 Τί
3054 4204 3397 4275 ἐξέπεμψαν,
3443 4203 3538 4256 καὶ
3578 4201 3628 4254 τί

2061 4296 2437 4365 ὑποδέχονται;
2466 4295 2712 4348 Κιϐωτὸν
2756 4294 3132 4366 προέπεμψαν,
3182 4296 3277 4348 καὶ
3306 4295 3461 4364 σορὸν
3499 4295 3628 4347 ὑποο

2058 4385 2316 4455 δέχονται.
2340 4383 2585 4448 Κιϐωτὸς
2608 4380 2696 4455 ἦν,
2728 4384 2963 4452 ἀδελφοὶ,
2991 4385 3019 4436 6
3039 4382 3133 4437 τοῦ
3156 4383 3292 4437 Θεοῦ
3320 4382 3626 4454 ἄνθρωπος,

2062 4474 2288 4538 κιϐωτὸς
2343 4475 2610 4545 περιέχων
2672 4477 2727 4527 ἐν
2788 4474 2965 4545 ἐαυτῷ
3019 4474 3087 4527 τὰ
3146 4474 3262 4526 θεία
3320 4475 3623 4543 μυστήρια·

384 4518 534 4573 tibus
592 4520 771 4575 orbati
821 4536 885 4578 ac
940 4523 1185 4579 destituti
1243 4526 1395 4581 sint?
1438 4527 1571 4593 Quis
1618 4532 1953 4587 renuntiabit

384 4622 600 4637 annnam
665 4612 807 4637 ηιιηιι
838 4613 993 4637 “LL...
1032 4614 1168 4637 1⁵η...»
1217 4617 1322 4637 _:.o
1353 4616 1393 4637 Λ
1494 4621 1528 4637 ,I
1587 4622 1598 4637 ι
1648 4621 1687 4637 η
1734 4624 1743 4635 ο
1770 4624 1782 4637 ι
1912 4626 1922 4637 .

2065 4569 2177 4619 ἐκεῖ
2217 4518 2534 4637 {atati-vo:
2577 4568 2608 4635 ἡ
2654 4566 2827 4635 χρυσῆ
2866 4518 3077 4636 πλέρης
3116 4566 3210 4618 τοῦ
3239 4518 3383 4618 θείῐυ
3421 4518 3624 4635 μάννα,

383 4622 620 4678 sponsas,
662 4612 808 4680 quod
838 4613 999 4668 vidua
1032 4614 1172 4670 facta
1213 4617 1322 4672 sit?
1350 4616 1394 4673 Ο
1425 4621 1598 4675 mala!
1645 4621 1785 4687 Quid
1820 4626 1952 4679 emi-
1988 4628 2031 4683 D

382 4702 696 4756 serunt?et
722 4704 853 4773 quid
890 4707 1199 4776 recipiunt?
1226 4711 1419 4766 Arcam
1461 4715 1859 4782 przemiserunt,
1899 4725 1952 4772 ct

382 4794 659 4863 rccipiunt
720 4799 1138 4869 sarcophagum.
1170 4800 1333 4864 Area,
1389 4804 1609 4873 fratres,
1660 4807 1822 4863 homo
1860 4809 1952 4865 ille

382 4884 483 4941 Dei
520 4896 657 4954 erat,
718 4904 845 4945 arca
891 4894 1178 4949 continens
1229 4895 1283 4949 in
1332 4911 1390 4951 se
1432 4896 1617 4952 divina
1651 4902 1946 4971 mysteria:

384 4980 498 5034 illic
536 4997 672 5035 urna
700 4998 866 5038 aurea
915 4985 1070 5054 plena
1111 5002 1324 5041 manna:
1372 4989 1589 5056 divinus,
1651 4994 1808 5061 plena
1842 4994 1950 5048 cibi

382 5075 532 5129 illius
559 5075 819 5130 cmlestis.
856 5077 912 5130 in
949 5077 1038 5130 illa
1066 5078 1260 5133 tabula:
1293 5084 1625 5147 testamenti,
1658 5086 1713 5139 in
1748 5087 1951 5142 tabulis

382 5168 565 5224 cordis
586 5170 779 5239 spiritu
805 5169 898 5225 Dei
921 5172 1170 5236 viventis,
1196 5189 1303 5226 non
1326 5183 1630 5231 atramento
1654 5178 1949 5249 inscriptas.

379 5262 569 5333 Neque
609 5266 752 5320 enim
800 5266 878 5319 illi
917 5268 1142 5336 puritati
1171 5269 1353 5324 cordis
1392 5270 1725 5339 caliginosus
1751 5281 1804 5326 et
1835 5284 1951 5331 ater

381 5358 691 5414 intellectus
721 5360 937 5415 inustus
966 5369 1018 5414 et
1046 5362 1348 5431 impressus
1374 5373 1509 5418 erat.
1543 5363 1596 5418 In
1631 5365 1718 5419 illa
1745 5369 1951 5421 colum-

378 5463 483 5508 na},
510 5450 668 5505 bases
705 5458 758 5507 et
792 5460 1243 5516 sustentamenta,
1277 5457 1545 5524 capitella,
1583 5457 1941 5526 thuribulum,

382 5540 789 5608 candelabrum,
820 5544 1277 5614 propitiatorium,
1308 5550 1511 5616 pelves,
1544 5550 1609 5603 ad
1641 5551 1817 5606 aditus
1847 5554 1944 5606 oi)-

2056 4659 2269 4728 πλήρης
2298 4658 2395 4725 τῆς
2433 4656 2681 4726 οὐρανίου
2720 4657 2949 4726 τροφῆς.
2999 4657 3088 4710 Ἐν
3122 4657 3303 4727 ἐκείνη
3347 4659 3401 4710 αἱ
3426 4656 3626 4719 πλάκες

2057 4749 2154 4817 τῆς
2180 4746 2461 4817 διαθήκης,
2494 4749 2550 4800 ἐν
2587 4750 2705 4809 ταῖς
2730 4747 2891 4812 πλαξὶ
2922 4749 3021 4819 τῆς
3046 4749 3269 4819 καρδίας
3311 4750 3626 4819 ἐγγεγραμ-

2062 4841 2217 4909 μέναι
2243 4838 2513 4909 πνεύματι
2555 4839 2689 4891 θεοῦ
2725 4840 2946 4906 ζῶντος,
2984 4842 3043 4894 ού
3077 4842 3282 4912 μέλανι.
3319 4841 3483 4894 Οὐδὲν
3517 4840 3625 4911 γὰρ

2056 4934 2122 5001 τῇ
2152 4931 2478 5001 καθαρότητι
2516 4932 2614 5000 τῆς
2662 4932 2882 5002 καρδίας
2927 4932 3162 5001 ζοφῶδες
3198 4933 3290 4986 καὶ
3328 4933 3489 5003 μέλαν
3538 4934 3624 4985 ἐν-

2059 5020 2320 5072 εκέκαυτο
2351 5018 2545 5088 νόημα.
2596 5020 2681 5071 Ἐν
2713 5020 2896 5092 ἐκείνῃ
2937 5023 2983 5073 οί
3021 5020 3222 5084 στύλοι,
3246 5022 3301 5073 αἱ
3337 5022 3539 5090 βάσεις,
3565 5023 3620 5074 at!

2058 5107 2361 5175 κεφαλίδες,
2386 5108 2447 5159 τὸ
2477 5108 2850 5178 θυμιατήριον,
2887 5110 2920 5179 ἠ
2953 5110 3164 5179 λυχνία,
3197 5110 3257 5162 τὸ
3291 5110 3619 5182 ἱλαστήριον,

2055 5201 2103 5250 oi
2153 5198 2436 5266 λουτῆρες,
2493 5197 2564 5251 τά
2606 5197 2713 5251 τῶν
2761 5199 2978 5252 εἰσόδων
3012 5198 3505 5270 καταπετάσματα·
3565 5201 3622 5252 ἐν

2055 5286 2236 5357 ἐκείνῃ
2264 5287 2295 5356 ἡ
2337 5286 2527 5356 ῥάϐδος
2554 5288 2649 5356 τῆς
2680 5287 2996 5357 ἱερωσύνης,
3028 5290 3061 5358 ἡ
3087 5290 3144 5341 ὲν
3166 5291 3285 5351 ταῖς
3316 5290 3469 5359 χερσὶ
3500 5291 3622 5351 ταῖς

2051 5377 2259 5429 ἐκείνου
2309 5377 2677 5448 βλαστήσασα.
2721 5378 2831 5430 Καὶ
2878 5378 2933 5429 εἴ
2985 5395 3037 5431 τι
3081 5378 3208 5431 ἄλλο
3262 5379 3359 5448 τὴν
3391 5378 3619 5432 κιϐωτὸν

2049 5466 2191 5537 ἔχειν
2238 5467 2525 5538 ἀκούομεν,
2560 5468 2739 5521 πάντα
2769 5471 2835 5539 τῇ
2881 5467 3026 5540 ψυχῇ
3056 5467 3148 5522 τοῦ
3195 5468 3387 5540 ἀνδρὸς
3416 5470 3619 5540 περιεί-

2048 5555 2238 5625 ληπτο.

384 5641 539 5689 tensa
573 5633 688 5687 vela
738 5642 912 5705 atque
973 5638 1174 5702 aulaea;
1224 5638 1276 5691 in
1314 5639 1423 5706 illa,
1471 5641 1617 5710 virga
1653 5644 1942 5699 sacerdotii
1982 5662 2102 5716 qua:
2136 5647 2189 5699 in
2223 5647 2471 5704 ntanibus
2512 5649 2657 5709 illius
2692 5649 3035 5722 germinavit.
3073 5648 3137 5705 Et
3186 5650 3234 5707 si
3299 5650 3428 5723 quid
3469 5648 3614 5705 aliud

393 5738 575 5779 arcam
626 5726 680 5780 in
717 5740 775 5782 se
808 5726 1063 5785 habuisse
1096 5728 1365 5797 audimus,
1422 5732 1601 5789 omnia
1634 5733 1814 5791 animo
1846 5736 1948 5794 viri
1982 5738 2418 5797 continebantur.
