4050 6164
424 281 533 337 857

1620 286 1708 342 DE
1740 288 2042 345 MELETIO
2078 292 2430 353 EPISCOPO.

3547 304 3655 361 8.58

509 397 643 451 Ἀλλ’
677 397 792 452 ἀντ’
826 397 1045 453 ἐκείνων
1073 401 1129 454 τε
1144 420 1157 467 ;
1200 401 1465 457 Σιοηπάτω
1497 407 1525 457 6
1547 405 1720 474 λόγος.
1750 407 1965 461 Σινδόνε

2063 462 2065 469 ,
2163 412 2268 468 Sed
2296 429 2394 483 pro
2418 413 2528 468 illis
2553 414 2726 484 quid?
2759 414 2927 470 Sileat
2956 415 3151 471 oratio.
3193 416 3462 474 Sindones
3494 435 3657 474 mun-

424 485 679 557 καθαραὶ,
731 488 826 540 καὶ
862 489 929 542 τὰ
960 490 1025 542 ἐκ
1071 489 1251 561 σηρῶν
1282 492 1602 562 ὑφάσματα·
1657 495 1844 566 μύρων
1893 498 1986 550 καὶ

421 578 731 651 ἀρωμάτων
762 579 1029 649 δαψίλεια,
1060 583 1317 649 γυναικὸς
1362 584 1638 657 φιλοτιμία
1670 587 1901 657 κοσμίοις
1925 606 1984 642 τε

421 668 516 721 καὶ
537 669 894 739 εὐσχήμονος.
933 671 1223 743 Εἰρήσεται
1249 672 1358 744 γὰρ
1374 674 1455 738 ὼς
1483 675 1549 728 ἂν
1574 676 1666 730 καὶ
1696 676 1866 730 ταῦτα
1890 680 1984 747 γέ-

419 762 561 811 νοιτο
586 759 667 822 είς
691 760 988 838 μαρτύριον
1006 764 1167 835 αὐτῇ,
1201 763 1229 817 ὃ
1258 766 1384 836 περὶ
1414 766 1506 819 τὸν
1535 767 1680 837 ίερέα
1708 768 1982 838 ἐποίησεν,

413 847 654 918 δαψιλῶς
693 850 791 921 τὴν
816 850 1152 924 ἀλάϐαστρον
1183 853 1277 909 τοῦ
1327 856 1500 927 μύρου
1528 858 1627 927 τῆς
1663 856 1758 911 τοῦ
1797 859 1986 929 ίερέως

416 941 659 1012 κεφαλῆς
709 942 1041 1013 καταχέασα.
1096 944 1255 1000 Ἀλλά
1293 947 1353 1000 τὸ
1391 949 1448 1002 ἐν
1480 948 1688 1012 τούτοις
1728 949 1986 1015 διασωζό-

298 1096 319 1105 κ
419 1043 601 1096 μενον,
638 1029 726 1095 τίς
766 1031 927 1084 ὀστέα
971 1033 1159 1104 νεκρὰ,
1205 1037 1301 1090 καὶ
1333 1035 1438 1107 πρὸ
1477 1037 1569 1091 τοῦ
1610 1038 1838 1093 Θανάτου
1887 1058 1986 1111 με·

419 1120 754 1192 μελετηκότα
773 1123 870 1194 τὴν
895 1124 1160 1197 νέκρωσιν
1177 1144 1192 1158 ·
1218 1128 1287 1182 τὰ
1316 1128 1532 1201 λυπηρά
1558 1130 1667 1186 τῶν
1693 1134 1983 1205 συμφορῶν

413 1210 574 1281 ήμῶν
634 1213 974 1283 μνημόσυνα.
1028 1217 1092 1269 ’Ὠ
1140 1217 1226 1271 οἵα
1262 1218 1415 1290 φωνὴ
1463 1220 1622 1275 πάλιν
1670 1223 1729 1275 ὲν
1803 1223 1983 1294 Ῥαμὰ

413 1303 849 1375 ἀκουσθήσεταιί
896 1307 1095 1380 Ῥαχὴλ
1135 1310 1397 1365 κλαίουσα
1423 1312 1543 1383 οὐχὶ
1572 1312 1641 1367 τὰ
1688 1313 1853 1368 τέκνα
1880 1316 1981 1368 αύ-

411 1394 529 1464 τῆς,
559 1394 693 1450 ἀλλὰ
720 1397 812 1452 τὸν
841 1399 1028 1471 ἄνδρα,
1065 1402 1160 1455 καὶ
1205 1403 1265 1456 οὐ
1321 1405 1652 1478 προσιεμένη
1694 1407 1980 1478 παράκλη-

412 1501 514 1538 σιν.
554 1487 755 1556 ’Ἄφετε
777 1528 793 1554 ,
846 1490 897 1542 oi
950 1492 1421 1563 παρακαλοῦντες,
1467 1495 1653 1565 ἄφετε.
1702 1496 1795 1568 Μὴ
1850 1496 1981 1551 κατ-

412 1575 668 1647 ισχύσητε
706 1579 1104 1650 παρακαλέσαι.
1132 1583 1281 1654 Βαρὺ
1315 1584 1578 1640 πενθείτω
1621 1589 1654 1659 ἡ
1682 1588 1844 1659 χήρα.
1885 1590 1979 1643 Αί-

411 1666 622 1723 σθέσθω
640 1668 740 1739 τῆς
775 1672 977 1742 ζημίας
1000 1669 1069 1745 ἧς
1093 1675 1416 1747 ὲζημίωται.
1451 1677 1642 1732 Καίτοι
1663 1681 1762 1734 οὐκ
1782 1680 1978 1751 ἀμελέ-

409 1756 571 1826 τητός
608 1759 722 1813 ἐστι
758 1761 851 1814 τοῦ
885 1742 1272 1836 χωρισμοῦξψὲν
1308 1770 1418 1833 τοῖς
1455 1768 1629 1837 ἀγῶσι
1684 1771 1777 1824 τοῦ
1812 1742 1976 1845 ἀθλη-
2003 1742 2052 1804 Β

408 1847 503 1901 τοῦ
557 1850 937 1921 προεθισθεῖσα
987 1856 1171 1928 φέρειν
1214 1858 1312 1930 τὴν
1367 1859 1621 1931 μόνωσιν.
1678 1864 1974 1936 Μέμνησθε

408 1938 624 2004 πάντως
652 1942 799 2007 ὅπως
831 1944 960 2016 ὑμῖν
992 1950 1020 2000 6
1058 1949 1165 2020 πρὸ
1211 1949 1367 2021 ἡμῶν
1399 1951 1554 2022 λόγος
1589 1956 1715 2018 τοὺς
1756 1957 1973 2026 ἀγῶνας

404 2026 500 2080 τοῦ
543 2029 733 2102 ἀνδρὸς
761 2032 1092 2104 διηγήσατο,
1143 2038 1224 2091 ὅτι
1269 2038 1357 2092 διὰ
1392 2040 1606 2095 πάντων
1656 2044 1831 2115 τιμῶν
1871 2047 1973 2119 τὴν

405 2119 567 2188 ἁγίαν
604 2123 826 2193 Τριάδα,
857 2127 951 2180 καὶ
993 2128 1051 2181 ὲν
1091 2129 1169 2200 τῷ
1211 2130 1426 2202 ἀριθμῷ
1454 2133 1560 2186 τῶν
1597 2135 1820 2204 ἀγώνων
1871 2139 1973 2211 τὴν

402 2211 567 2284 τιμὴν
617 2214 944 2285 διεσώσατο,
1000 2222 1146 2291 τρισὶ
1184 2225 1505 2294 πειρασμῶν
1535 2227 1858 2297 προσϐολαῖς
1885 2232 1971 2283 ὲν-

403 2304 662 2376 αθλήσας.
701 2308 995 2364 Ἠκούσατε
1026 2313 1124 2385 τὴν
1149 2316 1468 2383 ἀκολουθίαν
1501 2319 1610 2373 τῶν
1641 2322 1837 2387 πόνων,
1860 2318 1969 2389 οἷος

401 2398 458 2448 ἐν
500 2398 760 2469 πρώτοις,
792 2397 902 2467 οἷος
944 2405 1002 2457 ἐν
1034 2406 1236 2474 μέσοις,
1272 2410 1330 2462 ὲν
1371 2409 1698 2476 τελευταίοις
1739 2410 1849 2479 οἷος
1876 2411 1965 2487 ἦν.

400 2487 666 2561 Περιττὴν
711 2493 881 2563 κρίνω
922 2495 1021 2567 τὴν
1053 2499 1366 2572 παράληψιν
1394 2502 1503 2557 τῶν
1535 2505 1837 2575 είρημένων
1870 2525 1968 2563 κα-

2087 502 2192 565 dae,
2244 511 2299 557 et
2336 504 2501 572 panni
2552 504 2753 571 serici;
2803 514 3199 576 unguentorum
3256 514 3311 562 et
3347 515 3652 563 aromatum

2086 595 2311 666 largitas
2359 603 2413 651 et
2445 596 2800 663 abundantia,
2849 598 3148 653 liberalitas
3178 598 3422 654 mulieris
3474 606 3529 653 et
3558 615 3653 654 or-

2084 692 2228 740 natae
2267 694 2324 741 et
2361 686 2624 742 honestae.
2662 686 2881 742 Dicetur
2919 689 3086 752 enim,
3145 698 3206 742 ut
3238 689 3402 743 etiam
3449 688 3563 743 haec
3600 689 3651 746 ci

2086 777 2399 832 testimonio
2442 779 2571 842 sint,
2626 793 2748 847 quae
2786 792 2914 849 erga
2949 778 3290 834 sacerdotem
3339 778 3486 844 fecit,
3524 794 3650 833 cum

2085 868 2415 923 alabastrum
2459 871 2721 939 unguenti
2768 871 2991 942 largiter
3034 872 3090 927 in
3132 879 3299 941 caput
3345 871 3651 926 sacerdotis

2083 959 2295 1015 eﬂudit.
2311 960 2417 1017 Sed
2436 961 2578 1033 quod
2600 963 2657 1017 in
2676 963 2761 1018 his
2782 972 3056 1030 servatur,
3076 964 3246 1034 quid?
3266 978 3390 1019 ossa
3411 971 3649 1026 mortua,
3712 978 3723 991 ί

2082 1064 2205 1122 quae
2228 1059 2282 1107 et
2316 1061 2445 1109 ante
2476 1062 2730 1119 mortem,
2762 1055 3147 1121 mortalitatem
3178 1055 3434 1109 meditata
3454 1062 3646 1108 erant:

2082 1143 2313 1198 molesta
2368 1144 2741 1198 calamitatum
2804 1152 3118 1200 nostrarum
3177 1151 3547 1198 monumenta.
3600 1142 3650 1198 Ο

2082 1235 2259 1304 qualis
2281 1251 2384 1290 vox
2409 1250 2604 1290 rursus
2625 1235 2682 1289 in
2713 1234 2879 1289 Rama
2900 1236 3151 1290 audietur
3177 1237 3189 1288 !
3216 1235 3414 1291 Rachel
3444 1234 3647 1291 deﬂens

2081 1338 2191 1378 non
2227 1324 2369 1380 lilios
2394 1342 2544 1390 suos,
2584 1326 2680 1382 sed
2709 1328 2884 1381 virum
2913 1342 3096 1391 suum,
3133 1337 3187 1381 et
3214 1341 3323 1380 non
3354 1327 3647 1382 admittens

2079 1413 2533 1470 consolationem.
2573 1414 2841 1479 Otnittite,
2884 1432 2919 1471 ο
2961 1416 3332 1482 consolantes,
3372 1417 3642 1471 omittite:

2078 1505 2246 1559 nolite
2270 1507 2599 1562 contendere
2629 1514 2687 1560 ut
2714 1507 3096 1563 consolemini.
3121 1505 3372 1561 Graviter
3400 1505 3557 1570 ferat,
3591 1514 3647 1561 et

2078 1594 2260 1666 lugeat
2305 1597 2488 1653 vidua.
2523 1599 2735 1654 Sentiat
2779 1599 3038 1654 damnum
3081 1601 3226 1671 quod
3280 1598 3429 1654 fecit.
3458 1600 3646 1664 Quan-

2078 1699 2240 1754 quam
2272 1700 2380 1741 uon
2424 1688 2678 1761 imperita
2732 1690 3089 1746 discessionis
3139 1701 3244 1755 est,
3296 1699 3356 1745 ut
3383 1705 3503 1761 quae
3529 1690 3642 1759 jam

2078 1785 2235 1832 antea
2260 1778 2317 1833 in
2354 1778 2636 1836 laboribus
2667 1781 3174 1850 certaminibusque
3203 1780 3421 1836 athletae
3452 1780 3644 1834 solitu-

2075 1865 2257 1922 dinem
2287 1883 2351 1922 ac
2375 1868 2787 1925 destitutionem
2827 1870 2971 1925 ferre
2996 1870 3303 1927 assuefacta
3334 1870 3423 1925 sit.
3456 1869 3643 1934 Memi-

2073 1957 2235 2014 nistis
2266 1961 2509 2025 omnino,
2549 1960 3002 2031 quemadmodum
3028 1962 3185 2016 vobis
3219 1967 3345 2021 ante
3371 1960 3514 2014 hanc
3541 1974 3644 2014 no-

2074 2055 2242 2100 stram
2298 2046 2479 2102 habita
2527 2048 2705 2102 oratio
2738 2048 2955 2104 labores
3001 2055 3164 2118 atque
3193 2049 3496 2104 certamina
3537 2047 3641 2102 viri

2071 2136 2346 2206 exposuit,
2382 2139 2527 2210 quod
2551 2154 2673 2194 cum
2711 2154 2809 2209 per
2835 2142 3019 2195 omnia
3047 2148 3294 2195 sanctam
3315 2139 3640 2195 Trinitatem

2070 2229 2386 2294 honoraret,
2417 2230 2580 2284 etiam
2622 2230 2677 2284 in
2710 2247 2939 2285 numero
2976 2231 3335 2286 certaminum
3373 2231 3638 2286 honorem

2070 2320 2499 2387 conservaverit,
2529 2328 2589 2374 ut
2626 2323 2720 2391 qui
2757 2322 2811 2376 in
2841 2322 3016 2377 tribus
3055 2322 3416 2377 tentationum
3449 2321 3638 2377 incur-

2069 2408 2317 2467 sionibus
2389 2411 2704 2468 decertarit.
2769 2412 3071 2469 Audivistis
3140 2413 3635 2478 continuationem,

2067 2510 2379 2557 contextum
2431 2512 2486 2559 et
2531 2504 2728 2561 seriem
2771 2505 3039 2568 laborum,
3099 2504 3278 2575 qualis
3320 2504 3375 2558 in
3424 2503 3635 2575 primis,

398 2575 524 2640 λῶς.
573 2578 732 2635 Ἀλλά
773 2582 1025 2638 τοσοῦτον
1057 2588 1228 2642 εἰπεῖν
1273 2591 1402 2654 ἴσως
1425 2592 1524 2645 οὐκ
1553 2592 1799 2666 ἀκαιρονο
1836 2596 1964 2651 "Ore

2063 2591 2247 2662 qualis
2275 2592 2332 2647 in
2361 2594 2574 2662 mediis,
2604 2594 2785 2665 qualis
2818 2603 2967 2650 esset
3008 2594 3063 2648 in
3086 2594 3396 2664 postremis.
3428 2593 3635 2663 Super-

395 2666 481 2762 rbA
509 2671 724 2762 πρῶτον
769 2669 909 2728 εἶδεν
954 2678 987 2747 ἡ
1037 2676 1266 2750 σώφρων
1319 2683 1611 2754 Ἐκκλησία
1660 2688 1840 2762 ἐκείνη
1872 2691 1964 2746 τὸν

2065 2696 2291 2735 vacuam
2339 2683 2529 2751 judico
2584 2684 2967 2754 repetitionem
3004 2684 3144 2740 bene
3199 2684 3493 2739 dictorum.
3529 2682 3637 2739 Sed

395 2758 584 2831 ἄνδρα,
632 2759 771 2817 εἶδεν
816 2766 1105 2837 πρόσωπον
1153 2770 1369 2843 ἀληθῶς
1397 2778 1454 2828 ὲν
1496 2778 1662 2832 είκόνι
1706 2758 1839 2835 Θεού
1874 2800 1964 2853 με-

2064 2781 2273 2828 tantnm
2304 2773 2489 2831 dicere
2536 2775 2771 2832 fortasse
2812 2793 2921 2832 non
2964 2780 3408 2848 intempestivum
3446 2776 3631 2832 fuerit.

398 2852 752 2946 μορφωμένον
774 2873 788 2888 ·
821 2854 958 2910 εἶδεν
984 2860 1203 2931 ἀγάπην
1229 2864 1579 2935 πηγάζουσαν
1598 2887 1612 2902 ο
1639 2866 1779 2925 εἶδεν
1804 2852 1961 2946 χάριν

2063 2863 2197 2919 Cum
2225 2864 2460 2934 primum
2493 2866 2633 2922 bene
2661 2874 2873 2922 morata
2902 2884 2966 2924 ac
2996 2867 3237 2923 modesta
3263 2869 3355 2922 illa
3389 2867 3634 2923 Ecclesia

394 2944 832 3035 περικεχυμένην
877 2951 989 3015 τοῖς
1039 2951 1269 3021 χείλεσι⁹
1325 2960 1819 3035 ταπεινοφροσύνης
1871 2944 1961 3020 τὸν

2063 2955 2236 3008 virum
2287 2955 2446 3023 vidit,
2500 2957 2697 3014 faciem
2740 2959 2876 3013 vidit
2917 2959 2985 3015 ad
3035 2959 3325 3031 imaginem
3369 2960 3461 3016 Dei
3505 2973 3636 3015 vere

390 3032 686 3136 ἀκρότατον
742 3035 896 3106 ὅρον·
951 3038 1069 3108 μεθ’
1117 3040 1176 3093 ὃν
1220 3043 1320 3097 οὐκ
1366 3044 1512 3100 ἔστιν
1568 3032 1849 3120 ἐπινοῆσαι
1896 3055 1957 3108 τὸ

2063 3045 2346 3101 formatam
2375 3065 2389 3114 ;
2418 3049 2551 3104 vidit
2573 3050 2922 3105 dilectionem
2956 3048 3123 3105 fontis
3144 3049 3308 3105 modo
3334 3049 3638 3106 scaturien-

392 3122 586 3176 πλέον·
646 3125 788 3179 κατὰ
830 3127 921 3181 τὸν
969 3128 1150 3193 Δαϐὶδ,
1185 3135 1283 3203 τὴν
1331 3136 1645 3206 πραότητα⁶
1695 3142 1835 3197 κατά
1862 3146 1955 3200 τὸν

2063 3147 2200 3207 tem;
2238 3139 2371 3194 vidit
2402 3140 2632 3208 gratiam
2667 3141 2826 3196 labiis
2863 3139 3292 3207 circumfusam;
3336 3139 3504 3195 animi
3535 3139 3635 3195 de-

389 3217 849 3309 ξολομῶντα,τὴν
879 3210 1131 3279 σύνεσινδ
1169 3227 1307 3281 κατὰ
1330 3229 1420 3282 τὸν
1446 3232 1670 3298 Μωσέα,
1695 3237 1793 3308 τὴν
1823 3240 1957 3309 ἀγα-

2063 3229 2339 3285 missionis
2368 3246 2640 3285 summum
2682 3233 2951 3303 gradum;
3005 3240 3130 3303 post
3180 3248 3342 3303 quem
3396 3232 3635 3301 amplius

390 3300 616 3374 οότηταο
653 3308 794 3361 κατά
813 3308 902 3364 τὸν
930 3310 1200 3385 Σαμουὴλ,
1236 3315 1335 3387 τὴν
1361 3318 1645 3389 ἀκρίϐειαν
1662 3342 1673 3354 ·
1702 3300 1842 3381 κατὰ
1865 3300 1957 3384 τὸν

400 3391 631 3488 Ἰωσὴφ,
678 3396 783 3488 τὴν
830 3401 1214 3472 σωφροσύνην·
1257 3405 1397 3458 κατά
1442 3408 1534 3461 τὸν
1585 3412 1802 3484 Δανιὴλ.
1857 3417 1956 3488 τὴν

392 3482 581 3550 σοφίαν
601 3501 616 3515 ο
656 3486 797 3539 κατά
821 3488 909 3541 τὸν
940 3490 1109 3559 μέγαν
1149 3493 1352 3559 Ἠλίαν,
1384 3499 1441 3551 ἐν
1471 3498 1548 3563 τῷ
1576 3501 1720 3573 ζήλῳ
1740 3482 1838 3575 τῆς
1866 3482 1984 3560 πί-’

390 3588 591 3670 etiam:
629 3576 768 3630 κατά
812 3579 902 3631 τὸν
953 3581 1152 3652 ὑψηλὸν
1212 3586 1482 3661 Ἰωάννην,
1512 3592 1569 3644 ὲν
1606 3596 1672 3664 τῇ
1721 3597 1955 3670 ἁφθορίᾳ

385 3662 479 3716 τοῦ
509 3662 758 3736 σώματος
780 3685 793 3700 ·
840 3670 980 3725 κατά
1022 3672 1112 3727 τὸν
1143 3675 1373 3741 Παῦλον,
1410 3681 1467 3730 ὲν
1504 3682 1570 3749 τῇ
1607 3662 1953 3756 ἀνυπερθέτιρ

383 3752 595 3844 ἀγάπῃ.
625 3756 776 3812 Εἶδεν
797 3761 1061 3817 τοσούτων
1091 3765 1306 3832 ἀγαθῶν
1337 3768 1636 3842 συνδρομὴν
1667 3752 1794 3844 περί
1823 3752 1954 3844 μίαν

381 3843 589 3935 ιἲυῑιῇν·
636 3849 848 3920 ἐτρώθη
895 3852 970 3923 τῷ
1001 3856 1253 3927 μακαρίῳ
1278 3846 1470 3928 ’ἔρωτιν
1501 3862 1557 3913 έν
1585 3864 1649 3933 τῇ
1692 3843 1832 3935 ἁγνῇ
1860 3867 1953 3919 καὶ

382 3933 560 4005 ἀγαθῇ
587 3936 948 4012 φιλοφροσύνῃ
991 3939 1082 3994 τὸν
1111 3945 1340 4015 νυμφίον
1372 3948 1571 4017 ἑαυτῆς
1599 3933 1948 4023 ἀγαπήσασα.

394 4024 555 4078 Ἀλλὰ
585 4026 712 4097 πρὶν
734 4029 829 4103 τὴν
854 4030 1142 4102 ἐπιθυμίαν
1169 4036 1462 4106 ἐμπλῆσαι,
1492 4041 1619 4109 πρὶν
1642 4043 1950 4098 ἀναπαῦσαι

378 4114 471 4171 τὸν
507 4117 688 4185 πόθον,
715 4119 794 4174 ἔτι
822 4121 900 4192 τῷ
929 4123 1136 4195 φίλτρῳ
1171 4125 1384 4189 ζέουσα,
1430 4130 1753 4203 κατελείφθη
1789 4135 1949 4206 μόνη,

374 4208 487 4262 τῶν
532 4215 854 4284 πειρασμῶν
891 4216 983 4269 τὸν
1036 4217 1272 4289 ἀθλητὴν
1317 4220 1409 4272 ἐπὶ
1441 4224 1566 4285 τοὺς
1600 4224 1815 4292 ἀγῶνας
1854 4246 1950 4282 κα-

377 4299 632 4356 λούντων.
670 4304 779 4356 Καὶ
808 4306 835 4358 6
864 4305 961 4375 μὲν
999 4306 1210 4378 ὲνήθλει
1243 4312 1354 4372 τοῖς
1384 4310 1521 4382 ὑπὲρ
1549 4313 1648 4383 τῆς
1671 4316 1949 4382 εὐσεϐείας

2056 3321 2352 3391 quidquam
2393 3322 2621 3392 cogitari
2678 3338 2786 3379 non
2818 3332 3038 3396 potest:
3089 3322 3225 3379 vidit
3255 3321 3634 3379 mansuetudi-

2056 3426 2178 3466 nem
2208 3424 2371 3482 atque
2402 3412 2770 3477 clementiam,
2802 3416 2981 3485 qualis
3005 3416 3059 3470 in
3092 3414 3294 3470 Davide
3328 3414 3464 3470 fuit:
3497 3430 3635 3486 qua-

2056 3502 2123 3558 lis
2150 3503 2205 3557 in
2247 3502 2562 3568 Solomone,
2602 3505 3014 3577 intelligentiam
3047 3510 3209 3577 atque
3245 3508 3628 3577 prudentiam;

2017 3594 2231 3661 .qualis
2287 3597 2341 3648 in
2373 3594 2575 3664 Moyse,
2630 3596 2963 3664 bonitatem;
3014 3598 3194 3668 qualis
3250 3598 3306 3651 in
3355 3597 3628 3661 Samuele,

2054 3685 2480 3753 perfectionem;
2542 3686 2724 3757 qualis
2790 3688 2845 3742 in
2906 3687 3168 3758 Josepho,
3229 3688 3626 3744 continentiam

2054 3773 2519 3846 pudicitiamque;
2583 3778 2763 3849 qualis
2836 3780 2893 3834 in
2951 3778 3191 3844 Daniele,
3262 3780 3628 3849 sapientiam;

2053 3868 2509 3937 quemadmodum
2539 3885 2772 3941 magnus
2802 3869 2972 3934 Elias,
3003 3870 3121 3926 zelo
3146 3869 3269 3926 ﬁdei
3300 3870 3625 3941 praeditum;

2048 3958 2211 4012 sicuti
2242 3959 2492 4016 sublimis
2521 3960 2786 4025 Joannes,
2823 3961 3136 4032 integritate
3177 3962 3428 4032 corporis
3457 3977 3627 4017 orna-

2051 4056 2199 4115 tutn;
2261 4051 2421 4106 siculi
2459 4050 2663 4107 Paulus
2699 4052 3124 4119 inexsuperabili
3160 4055 3447 4124 praeditum
3485 4054 3625 4110 dile-

2050 4139 2252 4193 ctione.
2316 4137 2466 4192 Vidit
2517 4148 2597 4194 tot
2650 4141 2918 4195 bonorum
2965 4144 3112 4197 circa
3164 4158 3327 4197 unam
3386 4146 3623 4199 animam

2050 4244 2381 4286 concursum
2412 4249 2424 4284 :
2448 4246 2635 4287 amore
2660 4233 2820 4288 beato
2849 4234 3128 4289 vulnerata
3150 4243 3255 4299 est,
3283 4244 3436 4291 casto
3461 4236 3628 4291 bono-

2049 4336 2154 4391 que
2178 4337 2441 4392 sponsum
2468 4340 2628 4379 suum
2660 4340 2847 4381 amore
2872 4334 3037 4397 atque
3080 4327 3456 4382 benevolentia
3494 4341 3624 4394 pro-

381 4391 627 4462 ίδρῶσινο
670 4396 702 4465 ἡ
747 4395 804 4448 δὲ
852 4397 1119 4468 ὑπέμενεν
1165 4401 1222 4452 ἐν
1271 4403 1587 4475 σωφροσύνῃ
1638 4406 1729 4458 τὸν
1771 4407 1945 4479 γάμον

2063 4391 2239 4467 secuta
2286 4413 2518 4468 dilexit.
2592 4413 2696 4471 Sed
2754 4391 3072 4487 priusquam
3118 4418 3468 4486 cupiditatem
3496 4391 3622 4471 Vex-

379 4482 736 4551 φυλάττουσα.
764 4487 967 4559 Χρόνος
994 4484 1062 4560 ἦν
1089 4491 1144 4543 ἐν
1187 4490 1336 4560 μέσῳ
1367 4492 1551 4559 πολὺς,
1598 4497 1690 4548 καί
1713 4514 1799 4561 τις
1830 4517 1948 4569 μοι·

376 4573 546 4643 χικῶς
591 4575 965 4648 κατεπεχείρει
1010 4578 1108 4647 τῆς
1138 4579 1405 4649 ἀχράντου
1454 4583 1741 4648 παστάδος.
1806 4586 1944 4641 Ἀλλ’

376 4665 409 4734 ή
448 4663 632 4736 νύμφη
680 4667 780 4719 οὐκ
812 4668 1114 4737 ἐμιαίνετο,
1155 4670 1246 4722 καὶ
1291 4671 1452 4725 πάλιν
1511 4674 1799 4740 ἐπάνοδος,
1852 4679 1947 4732 καὶ

376 4754 539 4808 πάλιν
584 4758 765 4826 φυγή·
800 4758 893 4811 καὶ
930 4762 993 4812 ὲκ
1031 4760 1211 4831 τρίτου
1250 4761 1538 4828 ὡσαύτως,
1569 4765 1672 4829 ἕως
1711 4768 1944 4840 διασχὼν

374 4847 467 4900 τὸν
501 4849 771 4920 αἱρετικὸν
824 4849 981 4918 ζόφον
1020 4854 1048 4904 6
1094 4851 1338 4924 Κύριος,ι
1370 4858 1463 4910 καὶ
1501 4857 1598 4928 τὴν
1627 4858 1819 4914 ἀκτῖνα
1845 4862 1944 4933 τῆς

375 4940 596 5010 είρήνης
637 4940 926 5005 ἐπιϐαλὼν,
962 4941 1157 4995 ἔδωκεν
1203 4945 1505 5000 ἁνάπαυσίν
1544 4964 1662 5002 τινα
1696 4950 1804 5003 τῶν
1839 4971 1943 5023 μα-

374 5030 524 5101 κρῶν
564 5033 740 5085 πόνων
775 5031 1011 5095 ἐλπίζειν
1033 5049 1046 5063 ·
1088 5033 1201 5087 ἀλλ’
1230 5037 1413 5107 ἐπειδὴ
1438 5039 1595 5092 πάλιν
1617 5036 1756 5095 εἶδον
1782 5043 1943 5114 ἀλλή-

373 5120 519 5187 λους,
556 5123 648 5177 καὶ
693 5122 966 5195 ἀνενεώθη
1000 5124 1066 5179 τὰ
1108 5128 1204 5197 τῆς
1239 5131 1619 5203 σωφροσύνης,
1648 5136 1741 5187 καὶ
1766 5135 1940 5207 θυμη-

372 5209 480 5262 δίαι
533 5213 924 5285 πνευματικαί·
980 5215 1073 5268 καὶ
1116 5216 1274 5271 πάλιν
1321 5218 1637 5290 ἀνεφλέχθη,
1667 5224 1695 5274 6
1741 5223 1936 5288 πόθοςο

371 5302 531 5366 εὐθὺς
564 5304 839 5360 διακόπτει
871 5307 969 5377 τὴν
1009 5307 1303 5362 ἀπόλαυσιν
1331 5311 1364 5381 ἡ
1393 5312 1592 5384 ἐσχάτη
1624 5314 1759 5386 αὕτη
1802 5315 1937 5368 ἀπο-

369 5392 560 5461 δημία.

2049 4503 2242 4572 pleret,
2294 4517 2587 4576 antequam
2633 4509 2969 4565 desiderium
3013 4516 3284 4563 recrearet
3325 4519 3489 4578 atque
3534 4524 3622 4563 se-

2048 4595 2225 4659 daret,
2254 4596 2418 4651 etiam
2452 4614 2598 4654 nunc
2625 4602 2830 4657 amoris
2861 4602 2914 4655 vi
2954 4601 3190 4666 fervens,
3228 4599 3620 4655 tentationibus

2047 4687 2304 4741 athletam
2338 4687 2403 4741 ad
2436 4692 2734 4745 certamina
2766 4690 3104 4755 vocantibus,
3153 4690 3267 4747 sola
3298 4690 3485 4745 relicta
3512 4698 3614 4746 est.

2045 4779 2222 4847 Atque
2248 4779 2337 4833 ille
2366 4779 2582 4848 quidem
2608 4781 2661 4833 in
2687 4781 3078 4837 certaminibus
3097 4796 3197 4852 pro
3216 4781 3417 4851 pietate
3433 4796 3621 4839 susce-

2049 4870 2155 4937 ptis
2210 4869 2545 4937 desudabat;
2613 4870 2728 4926 haec
2781 4886 2908 4927 vero
2960 4872 3190 4927 durabat
3253 4873 3310 4927 in
3364 4864 3619 4928 castitate

2048 4959 2456 5013 matrimonium
2511 4975 2865 5017 conservans.
2905 4962 3023 5017 1am
3079 4963 3307 5018 multum
3354 4963 3616 5032 temporis

2047 5048 2457 5115 intercesserat,
2494 5065 2619 5105 cum
2669 5052 2894 5122 quidam
2923 5052 3262 5125 adulterandi
3302 5053 3484 5108 animo
3513 5054 3617 5108 im-

2048 5141 2377 5194 maculatum
2452 5141 2650 5196 Iectum
2709 5143 3047 5213 conjugalem
3106 5143 3439 5214 aggreditur.
3506 5141 3615 5199 Sed

2048 5244 2248 5298 sponsa
2279 5247 2386 5285 non
2420 5240 2636 5301 poterat
2668 5234 2966 5303 corrumpi,
3000 5249 3066 5289 ac
3093 5234 3273 5290 denuo
3301 5235 3529 5300 reditus,
3559 5242 3616 5291 et

2043 5335 2238 5375 rursus
2283 5310 2570 5377 exsilium:
2612 5321 2775 5393 idque
2803 5325 3024 5379 tertium
3055 5324 3276 5386 accidit,
3300 5325 3474 5380 donec
3502 5325 3638 5392 hae:

2040 5411 2208 5466 retica
2238 5412 2467 5482 caligine
2495 5412 2744 5469 discussa
2767 5412 3052 5480 Dominus,
3077 5423 3130 5469 et
3159 5414 3312 5471 radio
3335 5416 3486 5486 pacis
3517 5412 3615 5471 ad-
3702 5423 3722 5441 ‘

369 5494 542 5548 moto,
582 5490 839 5557 requietis
870 5491 1107 5562 aliquam
1127 5505 1157 5544 a
1183 5491 1457 5551 diuturnis
1485 5498 1762 5556 laboribus
1787 5516 1937 5571 spem
1971 5502 2132 5570 fecit;
2191 5505 2284 5560 sed
2318 5515 2672 5578 posteaquam
2708 5524 2766 5563 se
2797 5517 2988 5565 mutuo
3017 5525 3211 5566 rursus
3242 5509 3519 5576 viderunt,
3555 5520 3612 5566 et

373 5587 565 5632 castus
588 5584 1195 5654 amorspiritualesque
1245 5587 1411 5642 animi
1440 5589 1838 5648 oblectationes
1873 5605 2143 5649 renovatae
2202 5605 2353 5662 sunt,
2412 5613 2475 5653 ac
2527 5615 2723 5654 rursus
2784 5600 3119 5657 desiderium
3171 5618 3462 5658 accensum
3502 5614 3607 5666 est,

372 5672 558 5730 statim
590 5678 991 5746 perceptionem
1020 5681 1316 5752 voluptatis
1342 5681 1454 5739 haec
1480 5685 1669 5740 ultima
1705 5689 2065 5769 peregrinatio
2096 5691 2299 5746 dirimit
2327 5700 2377 5746 et
2411 5692 2777 5764 interrumpit.
