4050 6164
414 287 519 345 859

1644 274 1703 329 S.
1740 268 2069 330 GREGOR“
2102 264 2396 325 NYSSENI

3564 250 3678 308 860

487 403 650 460 Venit
678 413 738 457 ut
767 417 863 457 vos
906 410 1163 468 tanquam
1210 410 1470 465 sponsam
1508 402 1753 461 ornaret,
1803 404 1858 449 et
1887 409 1992 447 nu-

2164 386 2338 443 Ἧλθε
2367 381 2806 456 νυμφοστολίσων
2840 377 2985 450 ὑμᾶς
3004 415 3018 441 ,
3046 373 3142 428 καὶ
3181 371 3256 468 οὐκ
3274 368 3539 468 διημαρτε
3575 362 3674 466 τοῦ

417 497 564 569 ptias
598 497 911 554 instrueret,
946 506 1047 545 nec
1090 490 1142 544 id
1172 488 1376 544 frustra
1422 486 1686 557 suscepit.
1721 485 1995 541 Praeclaro

419 586 680 654 coniugio
712 580 1110 636 benediCtionis
1138 593 1373 633 coronas
1410 576 1712 646 imposuit;
1751 575 1998 630 imitatus

421 691 505 734 est
546 678 864 739 Dominum;
911 682 972 728 ut
1009 674 1063 727 iu
1106 670 1255 725 Cana
1297 671 1534 726 Galilaeaa
1580 669 1865 733 Dominus,
1921 669 1996 721 ita

422 772 585 824 etiam
627 769 716 822 hic
752 768 992 821 imitator
1024 764 1253 819 Christi.
1302 762 1560 817 Judaicas
1591 759 1747 815 enim
1777 758 1999 830 hydrias

423 859 678 914 haeretica
709 871 848 926 aqua
879 856 1137 925 repletas,
1186 854 1388 908 virtute
1420 851 1544 907 fidei
1577 850 1864 904 immutata
1898 864 1998 902 ua-

425 958 570 1014 tura,
600 949 711 1003 vini
758 950 955 1018 integri
997 955 1050 1002 et
1085 945 1391 1014 incorrupti
1437 944 1625 1013 plenas
1664 941 1810 996 fecit.
1847 939 2001 1010 Saepe

426 1043 572 1098 dulci
614 1058 714 1098 sua
750 1056 888 1095 voce
931 1040 1155 1108 largiter
1199 1036 1367 1091 affusa
1410 1020 1606 1106 g'ratia,
1662 1033 1907 1089 sobrium
1945 1032 2000 1084 in

424 1133 581 1189 vobis
627 1141 839 1187 cratera
894 1129 1123 1193 statuit;
1194 1142 1569 1197 smpenumero
1616 1127 1771 1181 vobis
1821 1126 2001 1179 omnis

427 1225 642 1296 generis
679 1222 1029 1278 rationalium
1071 1221 1320 1275 ciborum
1361 1220 1581 1290 epulum
1629 1218 1877 1287 praebuit.
1911 1216 2004 1272 Ille

429 1316 646 1382 quidem
690 1312 1066 1368 benedicendo
1115 1311 1358 1380 praeibat,
1397 1310 1643 1380 prteclari
1675 1318 1854 1362 autent
1912 1308 2001 1362 isti

428 1406 683 1475 discipuli
726 1419 1037 1461 sermonem
1085 1403 1392 1457 minutatim
1446 1411 1780 1469 exponentes
1829 1400 2004 1455 turbis

432 1498 845 1552 tninistrabant.
877 1497 955 1552 Ae
982 1512 1081 1552 nos
1131 1497 1399 1556 lmtamur,
1447 1493 1663 1563 generis
1692 1494 1857 1548 vestri
1892 1493 2005 1562 glo-

429 1586 566 1639 riam
600 1586 872 1654 propriam
904 1586 1185 1640 ducentes.
1216 1584 1391 1651 Quam
1430 1585 1704 1654 praeclarae
1737 1583 2002 1636 hactenus

430 1679 795 1740 narrationes,
842 1692 1004 1746 quam
1057 1678 1275 1732 beatum
1314 1684 1367 1730 et
1409 1673 1705 1744 Optandum
1752 1682 1896 1730 esset
1946 1674 1997 1727 in
2035 1716 2078 1771 Β

428 1767 516 1822 his
562 1768 810 1822 desinere
862 1776 1026 1837 atque
1066 1767 1206 1821 finiri
1261 1767 1616 1822 sermonem!
1672 1765 1776 1820 Sed
1816 1775 2002 1834 postea

429 1857 604 1928 quid?
644 1856 833 1912 Vacate
862 1859 1277 1925 lamentatrices,
1314 1858 1491 1928 inquit
1520 1855 1784 1912 Jeremias
1810 1859 1847 1909 '.
1885 1855 2004 1911 Non

429 1949 573 2003 enim
604 1951 762 2005 aliter
793 1966 888 2004 cor
920 1950 1119 2004 ardens
1153 1965 1215 2004 ac
1246 1965 1357 2019 prae
1387 1949 1576 2003 dolore
1605 1949 2001 2011 intumescens,

428 2037 585 2091 leniri
613 2053 675 2092 ac
709 2038 943 2108 mitigari
976 2046 1177 2107 potest,
1211 2039 1315 2092 nisi
1348 2038 1642 2108 gemitibus
1666 2049 1721 2091 et
1746 2037 2005 2107 lacrymis

430 2130 760 2184 sublevetur.
793 2129 947 2186 Tunc
984 2130 1381 2186 discessionem
1410 2145 1536 2199 spes
1569 2129 1779 2184 reditus
1810 2144 2007 2183 conso-

429 2223 677 2275 labatur:
716 2236 860 2275 nunc
893 2230 1133 2276 extrema
1161 2236 1190 2274 a
1218 2221 1376 2275 uobis
1403 2222 1747 2275 discessione
1783 2220 2007 2275 avulsus

430 2323 532 2367 est.
564 2312 793 2383 Magnus
834 2313 1017 2366 hiatus
1057 2314 1202 2365 inter
1234 2326 1359 2365 eum
1391 2321 1443 2365 et
1479 2310 1778 2364 Ecclesiam
1813 2312 1868 2363 in
1895 2326 2009 2364 me.-

430 2405 524 2459 dio
549 2405 793 2460 firmatus
824 2414 925 2459 est.
960 2404 1050 2458 Ille
1071 2403 1290 2472 quidem
1318 2403 1370 2455 in
1398 2402 1519 2457 sinu
1548 2401 1779 2454 Abrahae
1802 2403 2010 2470 requie-

431 2494 571 2560 scit;
606 2503 660 2546 at
687 2494 778 2563 qui
815 2501 1022 2563 guttam
1059 2506 1235 2561 aquae,
1267 2505 1371 2560 qua
1403 2505 1615 2553 eorum,
1642 2489 1733 2559 qui
1760 2491 2009 2543 crucian-

434 2592 540 2647 tur,
582 2585 766 2654 lingua
803 2583 1177 2652 refrigeretur,
1236 2588 1590 2651 trausportet,
1642 2596 1749 2634 non
1776 2587 1879 2636 est.
1909 2579 2009 2636 Pe-

433 2677 525 2729 riit
555 2676 642 2731 ille
662 2678 848 2740 decor,
882 2677 1005 2730 silet
1027 2691 1154 2737 vox,
1187 2674 1407 2728 occlusa
1430 2679 1558 2729 sunt
1589 2672 1750 2735 labia,
1777 2671 2010 2725 avolavit

433 2768 628 2836 gratia.
664 2766 736 2821 Ut
778 2767 853 2821 rei
893 2769 1179 2835 praeterita:
1218 2765 1485 2827 narratio,
1530 2764 1760 2819 felicitas
1812 2765 2007 2818 evasit.

434 2857 719 2912 Molestum
753 2867 872 2912 erat
897 2860 1024 2912 olim
1056 2860 1218 2911 etiam
1267 2856 1567 2911 Israelitico
1598 2856 1818 2925 populo,
1865 2856 2008 2923 quod

434 2947 582 3002 Elias
614 2964 644 3001 a
684 2956 828 3003 terra
873 2949 939 3002 ad
968 2948 1135 3002 Deum
1174 2948 1508 3003 subvularet.
1551 2946 1655 3000 Sed
1701 2947 2006 3001 discessum

2101 455 2548 550 σπουδάσματος·
2597 472 2835 542 ἐπέθηκε
2870 472 2938 540 τῇ
2985 465 3123 535 καλῇ
3156 460 3386 528 συζυγίᾳ
3421 456 3546 550 τοὺς
3574 455 3677 550 τῆς

2099 546 2666 638 εὐλογίας-στεφάνους
2683 580 2697 593 ο
2730 562 3039 632 ἐμιμήσατο
3061 552 3150 609 τόν
3172 550 3449 618 Δεσπότην
3471 564 3485 577 ’
3614 546 3677 638 ἐν

2101 634 2258 718 Κανά
2285 662 2384 732 τῆς
2411 634 2697 720 Γαλιλαίας
2735 656 2765 709 ό
2805 651 3028 722 Κύριος,
3065 646 3237 707 οὕτως
3268 641 3363 695 καὶ
3387 636 3618 732 ἐνταῦθα
3645 634 3678 686 ὁ

2103 729 2351 826 μιμητὴς.
2378 751 2473 806 τοῦ
2527 748 2785 821 Χριστοῦ.
2829 745 2941 808 Τὰς
2975 741 3085 811 γὰρ
3137 733 3433 826 ἰουδαῖκὰς
3486 729 3679 826 ὑδρίας

2097 819 2192 896 τοί)
2232 819 2508 912 αἱρετικοῦ
2556 819 2747 901 ὓδατος
2796 829 3263 903 πεπληρωμένας,
3318 824 3545 894 πλήρεις
3578 819 3678 872 τοῦ

2098 933 2376 1005 ἀκηράτου
2405 932 2546 985 οἴνου
2568 931 2844 1001 ἐποίησεν,
2876 928 2934 979 ὲν
2958 927 3023 995 τῇ
3049 920 3274 989 δυνάμει
3305 919 3404 987 τῆς
3433 915 3678 1005 πίστεως

2104 1004 2473 1096 μεταποιήσας
2505 1023 2604 1093 τὴν
2653 1020 2834 1091 φύσιν.
2862 1019 3126 1085 Ἔστησεν
3154 1014 3211 1065 ὲν
3249 1011 3377 1079 ὑμῖν
3412 1004 3672 1096 nuntiat—tt:

2101 1093 2355 1190 κρατῆρα
2395 1115 2676 1186 νηφάλιον,
2716 1115 2783 1183 τῇ
2806 1107 3035 1179 γλυκείᾳ
3066 1102 3231 1159 αὐτοῦ
3261 1102 3411 1170 φωνῇ
3437 1093 3673 1190 δαψιλῶς

2100 1186 2414 1281 οίνοχοῆσας
2463 1206 2561 1278 τὴν
2613 1206 2770 1276 χάριν
2793 1217 2805 1231 ’
2861 1199 3119 1259 πολλάκις
3175 1195 3303 1263 ὑμῖν
3336 1186 3679 1281 προεθήκατο

2100 1304 2198 1374 τὴν
2215 1278 2449 1371 λογικὴν
2480 1296 2820 1352 πανδαισίαν.
2865 1294 2922 1346 Ὁ
2958 1290 3055 1360 μὲν
3079 1283 3316 1352 εὐλογῶν
3346 1278 3639 1374 καθηγείτο
3658 1290 3673 1303 '

2101 1371 2237 1448 01-6%
2263 1393 2421 1447 καλοὶ
2456 1384 2600 1445 οὗτοι
2635 1382 2890 1459 μαθηταὶ,
2924 1379 3204 1452 διηκόνουν
3228 1376 3340 1436 τοῖς
3368 1371 3547 1441 δχλοις
3573 1385 3678 1438 μυ-

2104 1484 2443 1548 θοπιοῦντες
2469 1484 2561 1536 τὸν
2588 1482 2766 1550 λόγον.
2791 1477 2902 1531 Καὶ
2931 1475 3089 1545 ἡμεῖς
3120 1462 3541 1539 εὐφραινόμεθα,
3574 1461 3677 1529 τὴν

2104 1578 2196 1630 τοῦ
2251 1576 2438 1646 γένους
2488 1573 2642 1643 ὑμῶν
2704 1569 2883 1634 δόξαν,
2928 1563 3134 1618 οἰκείαν
3190 1556 3524 1626 ποιούμενοι.
3586 1551 3681 1646 ’ρς

2109 1635 2450 1738 καλά’μέχρι
2488 1635 2674 1717 τούτου
2706 1661 2774 1715 τά
2808 1657 3155 1728 διηγήματα·
3190 1649 3265 1712 ὡς
3298 1644 3567 1738 μακάριον
3610 1635 3681 1738 ἦν

2105 1732 2312 1823 τούτοις
2343 1732 2667 1821 ἐναπολῆξαι
2688 1754 2778 1808 τὸν
2807 1752 2988 1818 λόγον.
3023 1743 3183 1798 Ἀλλὰ
3219 1739 3359 1812 μετὰ
3388 1734 3563 1791 ταῦτα
3588 1732 3644 1785 τί
3664 1750 3680 1796 ;

2106 1853 2413 1909 Καλέσατε
2437 1850 2544 1915 τὰς
2573 1845 2937 1916 θρηνούσας,
2985 1840 3013 1892 ὁ
3051 1831 3319 1906 Ἱερεμίας
3359 1826 3543 1898 φησίν.
3599 1824 3677 1878 Οὐ

2104 1945 2214 2016 γὰρ
2243 1942 2390 1996 ἔστιν
2422 1940 2594 2003 ἄλλως
2629 1934 2967 2008 φλεγομένην
2989 1925 3214 1999 καρδίαν
3241 1917 3679 2016 καταπεφ-θῆναι,

2105 2008 2210 2092 imi)
2260 2035 2351 2090 τοῦ
2411 2032 2615 2094 πάθους
2669 2029 3035 2085 οίδαὶνουσαν,
3094 2018 3168 2089 μὴ
3218 2012 3535 2082 στεναγμοῖς
3584 2008 3687 2061 καὶ

2106 2125 2360 2198 δακρύοις
2387 2119 2804 2192 κουφιζομένην.
2840 2114 2975 2167 Τότε
3002 2104 3373 2198 παρεμυθεῖτο
3396 2101 3485 2198 τὸν
3510 2115 3683 2168 χωριο

2109 2192 2242 2288 σμὸν
2293 2219 2326 2288 ἡ
2368 2215 2468 2285 τῆς
2513 2210 2772 2266 ἐπανόδου
2818 2206 2999 2268 ἐλπίςο
3054 2201 3149 2255 νῦν
3203 2198 3259 2251 δὲ
3305 2195 3396 2288 τόν
3449 2192 3678 2288 ἔσχατον

2107 2280 2265 2383 ἡμῶν
2314 2280 2595 2379 χωρισμὸν
2638 2298 2962 2369 ἁπεσχίσθη.
3024 2295 3224 2383 Χάσμα
3283 2287 3426 2383 μέγα
3465 2280 3681 2383 ’μεταξὺ

2107 2373 2272 2455 αθτοῢ
2394 2373 2615 2464 καὶτῆς
2646 2388 2968 2458 Ἐκκλησίας
3003 2381 3144 2438 κατὰ
3173 2379 3233 2432 τὸ
3266 2376 3429 2447 μέσον
3462 2373 3685 2464 ἐστήρι-

2109 2510 2233 2547 κται
2258 2509 2271 2523 ο
2307 2492 2334 2542 ό
2367 2488 2463 2560 μὲν
2498 2463 2710 2547 ἐντοῖς
2740 2482 2960 2541 κόλποις
2988 2474 3081 2529 τοῦ
3124 2463 3684 2560 Ἀϐραὰμ-ἀναπαόε-

2107 2604 2195 2639 ται
2216 2601 2227 2612 ·
2263 2586 2290 2636 ὁ
2319 2582 2374 2635 δὲ
2408 2577 2735 2649 διακομίζων
2778 2574 2878 2644 τὴν
2928 2568 3164 2635 σταγόνα
3204 2557 3297 2616 τοῦ
3328 2558 3553 2616 ὓδατος.
3594 2555 3685 2606 ἵνα

2110 2674 2394 2745 καταψύξῃ
2422 2672 2528 2724 τῶν
2565 2666 2917 2736 ὀδυνωμένων
2948 2662 3047 2731 τὴν
3076 2657 3347 2727 γλῶσσαν,
3384 2657 3484 2708 οὐκ
3510 2654 3682 2706 ἔστιν.

2110 2770 2327 2839 Οῗχεται
2355 2766 2414 2819 τὺ
2450 2762 2645 2824 κάλλος
2686 2760 2881 2820 ἐκεῖνο,
2922 2754 3047 2823 σιγᾷ
3082 2754 3114 2821 ἡ
3147 2751 3298 2819 φωνή
3320 2766 3333 2778 ο
3374 2749 3596 2839 μέμυκε
3615 2746 3686 2797 τά

2117 2837 2300 2932 χείλη,
2342 2856 2560 2924 ἀπέπτη
2588 2856 2620 2921 ὴ
2650 2853 2828 2921 χάρις.
2879 2848 3132 2914 Διήγημα
3167 2841 3455 2932 γέγονεν-ἠ

2116 2925 2225 3023 piat.
2257 2925 2492 3002 "Elt'rrze:
2523 2943 2651 2997 ποτὲ
2681 2940 2774 2992 καὶ
2812 2937 2904 2991 τὸν
2957 2932 3294 3003 ’Ῑσραηλίτην
3330 2928 3457 2981 λαὸν
3498 2925 3684 2987 Ἠλίας

435 3039 668 3103 Eliseus,
699 3040 943 3109 magistri
976 3040 1141 3109 pallio
1174 3040 1403 3108 pelliceo
1428 3046 1655 3092 ornatus
1684 3039 2006 3091 consolaba-

2111 3019 2218 3096 άπὸ
2254 3040 2358 3109 γῆς
2410 3036 2549 3107 πρὸς
2594 3032 2725 3086 Θεὸν
2777 3027 3160 3095 ἀνιπτάμενος.
3232 3019 3390 3074 Ἀλλά
3438 3034 3687 3109 παρεμυ-

435 3139 545 3185 tur.
607 3132 763 3185 Nunc
810 3146 943 3184 vero
984 3132 1184 3185 vulnus
1243 3137 1463 3199 superat
1521 3138 1696 3182 artem
1743 3129 2005 3185 curandi:

435 3225 692 3294 quoniam
723 3231 775 3277 et
806 3223 949 3278 Elias
977 3231 1319 3292 assumptus,
1350 3231 1403 3277 et
1432 3221 1644 3276 Eliseus
1681 3237 1786 3275 non
1815 3230 1899 3277 est
1925 3238 2010 3277 re-

435 3318 618 3371 lictus.
651 3316 846 3371 Audite
886 3332 951 3370 ex
983 3313 1215 3370 Jeremia
1251 3315 1437 3368 tristes
1484 3329 1547 3367 ac
1609 3313 1815 3368 flebiles
1845 3330 2012 3383 quas-

435 3407 561 3459 dam
592 3422 771 3467 voces.
805 3407 1006 3477 quibus
1035 3417 1092 3461 ut
1129 3405 1398 3460 desertam
1435 3404 1625 3458 urbem
1656 3402 2014 3475 Jerosolymi-

433 3508 688 3553 tanorum
754 3500 1024 3571 deplorat,
1096 3500 1188 3570 qui
1242 3517 1367 3553 cum
1427 3499 1531 3552 alia
1581 3496 1829 3566 qtuedam
1888 3513 2013 3551 cum

437 3591 917 3646 commiseratione
969 3590 1305 3660 pronuntiat,
1357 3600 1470 3643 tum
1517 3589 1659 3641 hoc:
1711 3586 1823 3640 Via:
1860 3585 2011 3649 Sion,

440 3680 674 3751 iuquit’,
708 3681 902 3750 lugent.
934 3679 1056 3735 Haec
1086 3689 1215 3734 tunc
1235 3679 1450 3749 quidem
1477 3677 1643 3740 dicta,
1667 3691 1810 3729 nunc
1835 3684 2014 3729 autem

440 3773 667 3842 impleta
695 3781 842 3827 sunt.
876 3772 1011 3825 Nam
1054 3773 1147 3825 ubi
1194 3772 1337 3823 fama
1370 3768 1695 3822 calamitatis
1736 3756 2017 3836 divulgata

440 3862 626 3927 fuerit,
679 3872 807 3916 tunc
841 3864 938 3917 vice
978 3873 1032 3916 et
1059 3863 1234 3931 plena:
1280 3860 1578 3929 lugentium
1616 3864 1799 3920 erunt,
1844 3865 1899 3911 et
1935 3859 2018 3911 ef-

444 3951 742 4005 fundeutur
782 3952 873 4020 qui
925 3955 990 4004 ab
1031 3968 1096 4005 eo
1129 3951 1513 4019 pascebantur,
1560 3946 1926 4001 Ninivitarum
1963 3948 2017 4002 in

444 4042 757 4095 calamitate
802 4056 987 4095 vocem
1025 4042 1341 4095 imitantes:
1375 4041 1482 4094 imo
1513 4055 1642 4095 vero
1674 4039 1840 4094 etiam
1893 4053 2017 4107 gra-

443 4132 566 4185 vius
593 4141 647 4185 et
678 4132 925 4186 acerbius
980 4148 1140 4202 quam
1178 4134 1253 4186 illi
1298 4132 1566 4187 dolentes.
1607 4132 1739 4185 Nam
1796 4131 2015 4185 illorum

444 4224 664 4294 quidem
694 4225 1010 4280 lamentatio
1043 4238 1244 4280 metum
1282 4227 1480 4292 solvit;
1517 4226 1601 4279 his
1648 4240 1776 4279 vero
1807 4224 2017 4283 nullum

444 4316 747 4370 remedium
799 4319 1067 4371 malorum
1104 4318 1173 4372 ab
1220 4318 1708 4373 lamentationibus
1739 4324 2014 4386 speratur.

444 4406 579 4461 Novi
613 4409 904 4477 quamdam
941 4409 1107 4464 etiam
1140 4410 1298 4462 aliam
1325 4407 1575 4463 Jeremize
1605 4422 1829 4474 vocem,‘
1864 4408 2018 4462 libris

444 4497 785 4552 Psalmorum
819 4509 1254 4563 annumeratatu,
1290 4514 1452 4569 quam
1482 4497 1816 4568 captivitatis
1848 4498 2021 4553 Israe-

446 4592 609 4647 litica:
656 4592 874 4646 nomine
907 4592 1098 4646 edidit.
1133 4590 1310 4646 Verba
1370 4598 1551 4644 autem
1601 4587 1898 4658 Scriptum
1946 4589 2019 4643 ita

445 4699 566 4739 sese
602 4684 801 4738 habent
826 4704 839 4737 :
892 4683 959 4737 In
985 4685 1237 4738 salicibus
1267 4683 1637 4752 suspendimus
1667 4682 2019 4734 instrumenta

445 4786 630 4832 nostra
654 4776 694 4839 ⁸.
718 4776 939 4831 silentio
957 4791 1078 4830 cum
1105 4776 1492 4845 nosmetipsos,
1514 4783 1627 4827 tum
1649 4773 2013 4827 instrumenta

446 4867 899 4922 condemnantes.
937 4866 1041 4921 Pro
1072 4883 1191 4922 mea
1243 4867 1388 4920 hanc
1417 4880 1628 4935 usurpo
1664 4864 2016 4919 cantilenam.

443 4956 581 5011 Nam
635 4958 681 5012 si
726 4959 915 5013 videro
972 4958 1283 5012 haereticam
1332 4957 1710 5011 confusionem
1746 4954 2019 5024 (Babylon

447 5057 628 5102 autem
656 5049 897 5118 confusio
933 5049 1070 5118 est),
1119 5056 1172 5102 et
1206 5049 1250 5102 si
1288 5048 1476 5103 videro
1510 5046 1858 5108 teutationes,
1900 5059 2021 5113 quae

445 5157 545 5211 per
582 5141 963 5197 confusionem
995 5141 1211 5194 ﬂuunt:
1248 5139 1362 5194 hmc
1389 5139 1478 5192 illa
1519 5152 1641 5192 esse
1672 5137 1760 5190 aio
1790 5136 2020 5207 Babylo-

445 5236 535 5285 nia
569 5232 814 5298 flumina,
868 5234 1071 5304 quibus
1117 5231 1421 5288 assidentes
1465 5230 1681 5290 ﬂemus.
1729 5230 1871 5297 quod
1910 5244 2017 5282 non

318 5380 325 5391 ,
392 5341 405 5352 ·
449 5321 768 5389 habeamus,
798 5324 892 5395 qui
922 5340 1018 5394 per
1043 5339 1106 5378 ea
1137 5339 1237 5378 nos
1264 5322 1522 5390 trajiciat.
1560 5319 1713 5386 Quod
1750 5320 1795 5373 si
1824 5319 2021 5373 salices

448 5415 840 5479 nominaveris,
870 5426 922 5470 et
949 5416 1003 5471 in
1028 5417 1095 5472 iis
1123 5430 1391 5485 suspensa
1424 5415 1808 5475 instrumenta,
1837 5425 2015 5464 meum

448 5503 611 5558 etiam
648 5506 750 5561 hoc
782 5508 1010 5578 aanigma
1069 5507 1253 5570 fuerit,
1304 5522 1430 5560 vere
1463 5516 1697 5573 namque
1739 5502 1874 5555 salix
1935 5506 2021 5554 est

2113 3107 2379 3188 Osirosbv
2424 3124 2701 3200 χωρισμὸν
2756 3118 3081 3189 Ἐλισσαῖος,
3134 3116 3199 3184 τῇ
3233 3112 3449 3182 μηλωτῇ
3477 3107 3570 3161 τοῦ
3604 3108 3688 3200 δι-

2109 3225 2378 3280 δασκάλου
2426 3198 2820 3289 κοσμούμενος.
2881 3208 3014 3265 Νυνὶ
3066 3206 3123 3260 δὲ
3178 3205 3238 3257 τὸ
3288 3202 3505 3273 τραῦμα
3547 3198 3689 3267 ὑπὲρ

2111 3315 2402 3387 θεραπείαν
2460 3310 2640 3364 ἐστίν’
2686 3309 2766 3360 ὅτι
2828 3303 2921 3357 καὶ
2984 3299 3170 3359 Ἠλίας
3232 3292 3539 3361 ἀνελήφθη,
3592 3290 3691 3343 καὶ

2124 3382 2425 3467 Ἐλισσαῖος
2448 3399 2545 3472 οὺχ
2577 3397 2897 3468 ὑπελείφθη.
2939 3393 3238 3446 Ἠκούσατε
3278 3385 3370 3441 τοῦ
3420 3382 3688 3454 Ἰερεμίου

2113 3500 2294 3568 φωνάς
2325 3513 2477 3558 τινας
2511 3490 2837 3563 σκυθρωπάς
2866 3488 2958 3541 καὶ
2991 3483 3229 3553 γοὼδεις,
3270 3479 3333 3541 ἃς
3360 3478 3435 3540 ὠς
3465 3477 3692 3546 ἐρημω-

2117 3562 2303 3644 θεῖσαν
2348 3587 2446 3659 τὴν
2480 3586 2632 3638 πόλιν
2654 3562 2931 3652 γ’ῐεροσολυ
2942 3576 3110 3647 μιτῶν
3152 3570 3588 3641 κατεθρήνησεν·
3628 3562 3691 3628 ὃς

2115 3683 2250 3737 ἄλλα
2270 3659 2329 3734 τὲ
2363 3698 2483 3732 τινα
2521 3673 2835 3748 περιπαθῶς
2863 3667 3132 3738 διεξῆλθεν
3168 3664 3262 3718 καὶ
3297 3660 3453 3715 τοῦτό
3484 3673 3650 3728 φησιν
3674 3674 3689 3687 ο

2129 3771 2284 3826 Ὀδοὶ
2332 3768 2483 3824 Σιὼν
2530 3763 2873 3825 πενθοῦσιν.
2918 3757 3101 3812 Ταῦτα
3145 3754 3263 3807 τότε
3312 3752 3409 3822 μὲν
3452 3749 3688 3818 εἴρηται,

2117 3864 2211 3917 νῦν
2233 3862 2288 3914 δὲ
2331 3858 2705 3929 πεπλήρωται.
2741 3854 2910 3905 Ὅταν
2932 3848 3039 3919 γάρ
3066 3864 3129 3899 πε
3141 3841 3435 3918 ριαγγελθῇ
3463 3839 3554 3892 τοῦ
3585 3837 3693 3891 πά-

2119 3954 2243 4017 θους
2271 3955 2303 4024 ἡ
2329 3952 2505 4021 φήμη,
2539 3948 2661 4001 τότε
2692 3946 2919 4015 πλήρεις
2948 3941 3158 3993 ἔσονται
3199 3938 3255 3990 αί
3280 3934 3389 3989 ὁδοὶ
3418 3932 3530 3986 τῶν
3559 3948 3689 3984 πῖνο-

2119 4045 2371 4105 θούντων,
2425 4040 2517 4093 καὶ
2564 4035 2991 4109 προχεθήσονται
3034 4031 3083 4082 οί
3111 4028 3202 4081 ὑπ’
3247 4024 3426 4080 αὐτῶν
3466 4038 3688 4092 ποιμαι-

2118 4138 2371 4208 νόμενοι,
2394 4133 2491 4203 τὴν
2520 4131 2628 4184 τῶν
2671 4124 2967 4182 Νινευῖτῶν
3000 4121 3183 4192 φωνὴν
3221 4119 3312 4172 ἐπὶ
3340 4115 3435 4170 τοῦ
3486 4113 3689 4175 πάθους

2123 4204 2446 4300 μιμούμενοι
2468 4240 2483 4254 ο
2524 4222 2723 4292 μᾶλλον
2760 4219 2816 4272 δὲ
2852 4216 3119 4270 κάκείνων
3163 4209 3538 4300 ἀλγεινότερρν
3569 4204 3689 4257 ὀδυ-

2121 4296 2371 4389 νώμενοι.
2405 4316 2529 4376 Τοῖς
2566 4312 2663 4382 μὲν
2695 4308 2804 4380 γάρ
2834 4310 2862 4361 ό
2914 4306 3112 4377 θρῆνος
3151 4303 3240 4355 τὸν
3269 4298 3433 4369 φόϐον
3465 4296 3685 4389 ελυσενο

2052 4381 2097 4438 D
2122 4381 2234 4473 τοῖς
2279 4408 2336 4459 δὲ
2365 4406 2516 4467 λύσις
2562 4381 2787 4473 οὐδεμία
2829 4398 2937 4452 τῶν
2974 4394 3160 4449 κακῶν
3193 4393 3299 4447 ἀπὸ
3339 4390 3447 4443 τῶν
3478 4387 3686 4458 θρήνων

2121 4499 2416 4564 ὲλπίζεται.
2450 4493 2580 4550 Οἶδά
2602 4510 2722 4548 τινα
2753 4490 2845 4545 τοῦ
2879 4489 3145 4560 Ἰερεμίου
3172 4486 3267 4540 καὶ
3296 4482 3458 4553 ἄλλην
3485 4479 3686 4549 φωνὴν,

2119 4597 2239 4657 ταῖς
2271 4591 2469 4662 βίϐλοις
2497 4585 2662 4641 οὖσαν
2696 4585 2803 4638 τῶν
2842 4581 3090 4650 Ψαλμῶν
3120 4576 3453 4649 ἐναρίθμιον,
3502 4571 3570 4642 ἣν
3599 4568 3690 4662 ἐπί

2119 4687 2185 4755 τῇ
2235 4661 2579 4753 αἰχμαλωσίᾳ
2614 4674 2707 4730 τοῦ
2763 4672 2979 4745 Ἰσραὴλ
3024 4670 3336 4739 ἐποιήσατο.
3391 4663 3526 4755 Φησὶ,
3568 4662 3624 4714 δὲ

2118 4750 2435 4843 λόγοςξὸτι
2492 4770 2596 4822 Ἐν
2653 4763 2832 4829 ὶτέαις
2886 4759 3298 4831 ἐκρεμάσαμεν
3342 4753 3572 4809 ἑαυτῶν
3620 4750 3695 4802 τὰ

2124 4865 2374 4932 ὄργανα,
2416 4858 2623 4928 σιωπὴν
2673 4854 2881 4907 ἑαυτῶν
2913 4869 2972 4904 τε
3000 4851 3094 4905 καὶ
3122 4849 3230 4901 τῶν
3253 4845 3495 4917 ὀργάνων
3525 4857 3694 4894 κατα-

2122 4930 2458 5014 δικάσαντες.
2499 4946 2667 5017 Ἐμὴν
2694 4945 2952 5013 ποιοῦμαι
2980 4941 3079 5011 τὴν
3118 4938 3259 5011 ᾠδὴν
3294 4933 3517 5002 ταύτην.
3564 4930 3694 4982 Ἐὰν

2124 5048 2230 5118 γὰρ
2262 5046 2355 5099 ἴδω
2395 5042 2492 5114 τὴν
2525 5038 2807 5111 αἱρετικὴν
2841 5036 3101 5105 σύγχυσιν
3134 5025 3423 5103 (Βαϐυλὼν
3451 5023 3509 5118 δέ
3546 5024 3694 5118 ἐστιν

2129 5111 2167 5204 ἦ
2202 5111 2584 5204 ’σύγχυονιςλ
2626 5130 2726 5180 ’καὶ
2758 5127 2851 5178 ἐὰν
2887 5125 2981 5177 ἴδω
3013 5124 3138 5185 τοὺς
3181 5114 3527 5190 πειρασμοὺς
3569 5111 3695 5172 τοὺς

2124 5201 2212 5280 διὰ
2237 5201 2688 5295 τῆς-συγχύσεως
2724 5218 2970 5289 ῥέοντας·
3022 5212 3193 5266 ταῦτα
3223 5206 3405 5263 ἐκεῖνά
3444 5221 3587 5295 ιρημι
3626 5201 3693 5251 τά

2126 5292 2441 5368 Βαϐυλώνια
2482 5305 2745 5383 ῥεύματα,
2795 5301 2877 5368 οἷς
2924 5302 3364 5373 προσκαθήμενοι
3411 5292 3690 5383 κλαίομεν

2126 5407 2207 5459 ὄτι
2236 5404 2326 5457 τὸν
2363 5376 2615 5470 διάγοντα
2659 5398 2806 5467 ἡμᾶς
2842 5394 2926 5447 διά
2957 5391 3157 5445 τούτων
3186 5389 3286 5441 οὐκ
3329 5385 3544 5455 ἔχομεν.
3578 5376 3694 5470 Kcin.

2125 5499 2223 5561 τὰς
2253 5495 2398 5559 ἰτέας
2441 5466 2622 5566 εἴπῃς,
2658 5466 2750 5542 καὶ
2782 5485 2852 5539 τὰ
2897 5484 2989 5537 ἐπὶ
3019 5481 3222 5536 τούτων
3267 5478 3508 5550 ὄργανα·
3562 5466 3692 5540 ὲμδν

525 5678 539 5709 ¹
582 5676 690 5731 Jer.
742 5692 815 5742 ιι,
873 5679 955 5731 l7.
1033 5679 1052 5710 '
1079 5678 1276 5732 Thrcu.
1310 5694 1349 5744 ι,
1384 5676 1431 5731 4.
1511 5677 1529 5708 ³
1556 5676 1695 5730 l'sal.
1729 5688 1949 5739 crutva
1986 5674 2019 5726 Ξ).
2052 5687 2211 5741 seqq.
