4050 6164
358 300 456 362 861

1573 308 1660 363 DE
1699 304 2002 364 MELETIO
2044 303 2393 362 EPISCOPO.

3492 305 3597 361 86?.

357 418 453 472 καὶ
481 399 640 473 τοῦτο
670 419 730 473 τὸ
772 419 1019 492 αἴνιγμα.
1061 423 1267 485 Ὄντως
1297 421 1406 493 γὰρ
1436 423 1494 476 ἐν
1528 424 1695 487 ίτέαις
1737 425 1765 475 6
1795 422 1922 492 βίος.

2034 419 2163 473 vita.
2192 418 2326 473 Nam
2369 419 2531 473 arbor
2566 420 2766 476 sterilis
2817 420 2955 476 salix
3006 428 3130 477 est:
3160 436 3190 476 a
3220 418 3382 476 nobis
3418 427 3600 475 autem

355 508 584 580 Δένδρον
624 509 731 581 γὰρ
768 511 1016 583 ἄκαρπον
1042 515 1074 584 ἡ
1101 512 1215 568 ίτὲα
1244 513 1391 566 ἐστίν
1410 531 1423 544 ο
1454 516 1486 584 ἡ
1498 513 1613 584 μῶν
1665 515 1722 568 δὲ
1752 516 1926 586 ἀπερ-

358 600 462 670 ρύη
493 602 591 670 τῆς
625 599 772 671 ζωῆς
813 603 842 654 ό
870 603 1071 670 γλυκὺς
1122 603 1351 674 καρπός.
1402 604 1611 657 Οὐκοῦν
1667 604 1803 657 ἰτέαι
1838 621 1928 673 γε-

354 688 882 762 γόναμεν’ἄκαρποι,
917 694 1063 765 ἀργὰ
1095 697 1189 749 καὶ
1219 696 1450 766 ἀκίνητα
1478 696 1546 749 τὰ
1572 697 1669 767 τῆς
1705 696 1951 765 ἀγάπης’

353 778 559 850 ὄργανα
591 781 685 833 ἐπὶ
713 781 818 835 τῶν
850 781 1020 847 ξύλων
1045 786 1438 856 κρεμάσαντες.
1477 788 1617 842 Ἐὰν
1641 788 1927 842 ἐπιλάθω-

348 871 459 940 μαί
486 888 623 938 σου,
656 874 839 943 φησὶν,
888 875 1300 948 Ἰερουσαλὴμ,
1317 879 1669 948 ἐπιλησθείη
1694 880 1733 947 ἡ
1759 876 1927 943 δεξιά

350 980 490 1032 μου.
524 963 656 1016 Δότε
709 983 797 1035 μοι
848 967 1041 1037 μικρὸν
1088 969 1388 1037 ὑπαλλάξαι
1418 971 1478 1025 τὸ
1522 970 1924 1042 γεγραμμένον,

355 1055 437 1108 ὅτι
465 1056 562 1126 οὑχ
603 1058 761 1128 ἡμεῖς
796 1058 898 1128 τῆς
941 1058 1138 1124 δεξιᾶς,
1167 1060 1279 1114 ἀλλ’
1314 1063 1348 1132 ἠ
1379 1061 1529 1128 δεξιά
1556 1064 1587 1132 ἡ
1599 1061 1714 1132 μῶν
1744 1060 1926 1114 ἐπιλέ-

354 1146 582 1218 λησται·
611 1150 702 1204 καὶ
736 1152 767 1220 ή
799 1149 1017 1219 γλῶσσα
1050 1152 1129 1222 τῷ
1161 1151 1274 1223 ἰδίῳ
1312 1152 1547 1222 λάρυγγι
1582 1151 1922 1222 κολληθείσα,

360 1236 463 1300 τὰς
512 1237 610 1308 τῆς
656 1238 838 1308 φωνῆς
879 1238 1142 1306 διεξόδους
1188 1238 1532 1313 ἀπέφραξεν,
1589 1241 1675 1294 ἵνα
1729 1241 1928 1312 μηκέτι

354 1329 518 1397 ἡμεῖς
567 1329 665 1399 τῆς
719 1330 977 1397 γλυκείας
1014 1332 1227 1403 ἐκείνης
1262 1333 1443 1403 φωνῆς
1490 1332 1651 1386 πάλιν
1680 1332 1928 1386 ἀκούσω-

356 1434 477 1488 μεν.
535 1418 672 1472 Ἀλλ’
705 1420 1060 1491 ἀποψήσασθέ
1100 1440 1188 1494 μοι
1216 1424 1284 1476 τὰ
1330 1424 1572 1494 δάκρυα*
1604 1424 1929 1494 αἰσθάνομαι

355 1511 465 1582 γὰρ
486 1512 628 1583 πέρα
666 1511 760 1565 τοῦ
794 1512 1005 1576 δέοντος
1041 1514 1133 1568 ἐπὶ
1157 1514 1234 1585 τῷ
1268 1515 1430 1570 πάθει
1460 1516 1923 1585 γυναικιζόμενος.

357 1604 473 1655 Οὐκ
527 1603 777 1675 ἀφῃρέθη
823 1605 915 1673 ἀφ’
966 1605 1123 1676 ἡμῶν
1171 1608 1199 1659 ό
1255 1606 1519 1677 νυμφίος·
1566 1606 1731 1676 μέσος
1772 1605 1927 1677 ἡμῶν

358 1693 608 1763 ἕστηκεν,
633 1693 732 1747 κᾶν
762 1695 920 1765 ἡμεῖς
949 1696 1022 1766 μὴ
1055 1696 1358 1766 βλέπωμεν.
1397 1698 1483 1750 Ἐν
1506 1700 1618 1761 τοῖς
1648 1696 1862 1759 ἀδύτοις
1898 1698 1925 1751 6

362 1762 571 1857 [apsticf
617 1785 695 1848 είς
722 1762 1066 1857 τέιυδάέερά
1095 1786 1187 1840 τοῦ
1221 1762 1736 1858 καταπετάσματος,
1785 1787 1919 1840 ὅπου
1953 1762 1998 1818 Β

357 1875 663 1946 πρόδρομος
716 1876 854 1949 ὑπὲρ
901 1878 1055 1949 ἡμῶν
1101 1877 1316 1949 εἰσῆλθε
1354 1878 1615 1949 Χριστός·
1664 1878 1924 1932 κατέλιπε

353 1965 415 2019 τὸ
454 1965 556 2036 τῆς
602 1968 800 2038 σαρκὸς
843 1969 1270 2039 παραπέτασμα.
1318 1970 1514 2022 Οὐκέτι
1561 1969 1921 2039 ὑποδείγματι

352 2054 449 2107 καὶ
479 2056 604 2126 σκιᾷ
624 2055 872 2128 λατρεύει
885 2057 992 2110 τῶν
1011 2057 1365 2129 ἐπουρανίων,
1389 2058 1505 2111 ἀλλ’
1523 2060 1602 2116 εἰς
1619 2058 1787 2129 αὑτὴν
1803 2059 1922 2129 [31¢-

352 2160 446 2197 πει
476 2145 577 2216 τὴν
602 2145 711 2198 τῶν
742 2149 1082 2217 πραγμάτων
1117 2148 1300 2202 είκόνα
1318 2164 1332 2177 '
1361 2147 1542 2202 οὐκέτι
1569 2147 1635 2202 δι’
1657 2149 1922 2219 ἐσόπτρου

350 2235 447 2289 καὶ
486 2236 822 2306 αἰνίγματος,
861 2238 974 2291 ἀλλ’
1015 2238 1452 2309 αὑτοπροσώπως
1494 2240 1804 2310 ἐντυγχάνει
1844 2238 1923 2310 τῷ

350 2326 492 2397 Θεῷο
555 2328 872 2398 ἐντυγχάνει
911 2328 966 2381 δὲ
998 2329 1135 2400 ὑπὲρ
1167 2329 1323 2401 ἡμῶν
1381 2331 1475 2384 καὶ
1513 2331 1623 2385 τῶν
1649 2331 1741 2384 τοῦ
1791 2331 1921 2384 λαοῦ

351 2419 736 2489 ἀγνοημάτων.
795 2420 1054 2473 ’Δπέθετο
1100 2422 1223 2484 τοὺς
1265 2421 1616 2493 δερματίνους
1659 2422 1917 2493 χιτῶνας·

347 2508 468 2561 οὑδὲ
500 2509 607 2579 γάρ
643 2509 758 2562 ἐστι
787 2509 945 2580 χρεία
968 2512 1081 2572 τοῖς
1107 2512 1162 2562 ἐν
1188 2511 1498 2583 παραδείσῳ
1521 2513 1786 2580 διάγουσι,
1812 2513 1921 2565 τῶν

346 2600 603 2654 τοιούτων
633 2601 894 2671 χιτώνων.
940 2603 1077 2655 Ἀλλ’
1109 2603 1399 2674 ἐνδύματα,
1428 2604 1464 2658 ἂ
1492 2606 1557 2675 τῇ
1590 2604 1920 2675 καθαρότητι

347 2692 442 2745 τοῦ
493 2691 607 2762 βίου
668 2692 831 2746 αὑτοῦ
882 2693 1185 2765 ἐξυφήνας,
1247 2696 1685 2767 ἐπεκοσμήσατο.
1730 2696 1922 2766 Τίμιος

348 2784 592 2837 ἐναντίον
635 2784 840 2853 Κυρίου
883 2785 976 2838 τοῦ
1010 2786 1252 2840 τοιούτου
1280 2789 1307 2841 ό
1341 2787 1587 2851 θάνατος.
1624 2778 1836 2841 Μᾶλλον
1864 2787 1920 2840 δὲ

346 2873 468 2944 οὐχὶ
510 2873 769 2941 θάνατος,
820 2874 955 2928 ἀλλὰ
1008 2877 1160 2947 eaet;
1208 2879 1322 2930 ἐστι
1371 2877 1566 2947 μελῶν.
1600 2877 1919 2947 Διέῤῥηξίις

347 2965 478 3033 γὰρ,
514 2966 668 3036 φησὶ,
698 2964 839 3032 τοὺς
860 2965 1125 3035 δεσμούς
1144 2985 1284 3037 μου.
1332 2967 1599 3040 Ἀπελύθη
1623 2971 1650 3022 6
1674 2969 1916 3039 Συμεὼν,

2027 511 2206 564 dulcis
2242 510 2366 564 vita:
2415 510 2626 566 fructus
2668 510 2917 566 defluxit.
2946 511 3089 584 Ergo
3141 513 3340 568 salices
3370 511 3602 581 infrugi-

2029 601 2157 655 fera:
2199 601 2325 655 facti
2368 617 2581 665 sumus,
2629 617 2693 657 ex
2728 619 2838 672 quo
2876 604 3049 659 otiosa
3092 613 3255 674 atque
3288 605 3511 657 immota
3543 601 3602 656 in

2028 694 2189 762 lignis
2228 693 2617 761 suspendimus
2663 694 2972 750 dilectionis
3001 694 3382 750 instrumenta.
3419 693 3479 749 Si
3510 691 3603 747 ob-

2027 784 2176 848 litus,
2210 783 2406 852 inquit,
2439 782 2588 851 fuero
2619 783 2716 845 tui,
2746 781 3043 837 Jerusalem
3075 822 3090 848 ,
3138 783 3387 838 oblivioni
3420 782 3603 836 trada-

2029 883 2116 928 tur
2141 875 2359 929 dextera
2387 892 2521 929 mea.
2561 875 2858 930 Concedite
2888 875 3041 941 mihi,
3069 884 3129 930 ιιι
3166 876 3431 946 scriptum
3469 889 3604 945 pau-

2027 966 2200 1020 lulum
2257 966 2525 1020 invertam
2572 975 2734 1035 atque
2781 966 3084 1030 immutem,
3138 968 3282 1036 quod
3339 983 3447 1022 non
3501 982 3605 1023 nos

2026 1056 2282 1122 dexterae,
2332 1057 2426 1112 sed
2463 1057 2686 1112 dextera
2716 1059 2892 1112 nostri
2930 1058 3098 1113 oblita
3150 1067 3274 1125 est;
3309 1066 3363 1114 et
3411 1059 3599 1129 lingua

2026 1153 2232 1223 gutturi
2268 1167 2370 1207 suo
2399 1151 2780 1208 adhaerescens
2814 1159 3028 1207 meatus
3059 1152 3209 1207 vocis
3243 1152 3519 1207 obstruxit
3548 1160 3606 1207 et

2027 1244 2328 1311 obturavit,
2357 1252 2420 1299 ut
2474 1260 2544 1300 ne
2572 1245 2806 1315 amplius
2837 1261 2939 1299 nos
2986 1245 3201 1299 dulcem
3232 1246 3381 1300 illam
3413 1260 3603 1301 vocem

2026 1351 2221 1392 rursus
2248 1336 2560 1392 audiamus.
2594 1335 2800 1391 Verum
2831 1336 3127 1406 abstergite
3156 1336 3287 1389 mihi
3314 1337 3602 1407 lacrymas.

2028 1423 2161 1479 Nam
2196 1425 2378 1480 sentio
2428 1441 2516 1480 me
2571 1427 2713 1479 ultra
2764 1441 2929 1496 quam
2976 1425 3190 1488 deceat,
3237 1425 3603 1478 calamitatem

2028 1516 2368 1571 muliebriter
2403 1515 2623 1571 deflere.
2653 1514 2773 1571 Non
2810 1516 3027 1570 ablatus
3057 1523 3141 1570 est
3182 1529 3214 1568 a
3247 1514 3406 1569 nobis
3436 1529 3604 1583 spon-

2027 1620 2145 1670 sus,
2182 1605 2237 1660 in
2260 1606 2442 1661 medio
2468 1615 2718 1662 nostrum
2745 1615 2877 1669 stat,
2911 1606 3126 1661 etiamsi
3158 1621 3258 1661 nos
3288 1621 3397 1660 non
3426 1606 3608 1659 videa-

2029 1713 2174 1752 mus.
2216 1696 2275 1751 In
2301 1698 2479 1768 adytis
2505 1715 2569 1754 ac
2606 1698 2981 1768 penetralibus
3012 1698 3272 1753 sacerdos
3302 1708 3405 1761 est,
3438 1698 3492 1750 in
3522 1697 3606 1750 in-

2026 1790 2323 1845 terioribus
2356 1792 2481 1858 veli,
2512 1805 2624 1860 quo
2657 1804 2966 1860 praecursor
2993 1804 3092 1860 pro
3132 1791 3290 1845 nobis
3321 1790 3605 1858 ingressus

2024 1889 2104 1936 est
2158 1881 2452 1946 Christus,
2510 1882 2732 1951 reliquit
2789 1881 2973 1936 carnis
3032 1888 3427 1951 tegumentum.
3485 1879 3602 1933 Non

2025 1975 2263 2044 amplius
2291 1976 2449 2045 signo
2477 1983 2530 2029 et
2582 1974 2785 2027 umbrae
2833 1973 3137 2027 caelestium
3187 1972 3374 2036 servit,
3413 1969 3505 2025 sed
3545 1969 3605 2025 in

2025 2064 2202 2136 ipsam
2236 2079 2451 2118 rerum
2509 2064 2802 2133 imaginem
2857 2065 3138 2128 intuetur;
3197 2078 3305 2117 non
3365 2061 3603 2131 ampiius

2024 2172 2120 2226 per
2145 2157 2428 2225 speculum
2462 2165 2625 2224 atque
2649 2170 2744 2224 per
2770 2165 3119 2210 transennam
3146 2163 3199 2207 et
3222 2156 3473 2223 mnigma,
3506 2153 3602 2206 scd

2024 2249 2140 2318 ipse
2171 2247 2311 2304 facie
2341 2263 2463 2303 cum
2494 2247 2632 2302 facie
2662 2249 2860 2303 collata
2904 2248 3191 2303 intercedit
3221 2248 3360 2316 apud
3409 2244 3599 2299 Deum.

2023 2339 2320 2395 Intercedit
2355 2347 2536 2395 autem
2576 2354 2675 2409 pro
2709 2340 2890 2403 nobis,
2921 2347 2974 2393 et
3020 2339 3205 2408 populi
3245 2338 3464 2393 erratis.
3498 2336 3603 2391 De-

2025 2433 2209 2502 posuit
2238 2432 2456 2487 tunicas
2492 2431 2783 2502 pelliceas;
2828 2446 3007 2499 neque
3047 2430 3192 2484 enim
3222 2429 3422 2483 talibus
3457 2428 3604 2482 tuni-

2023 2526 2104 2581 cis
2139 2540 2279 2594 opus
2308 2524 2530 2587 habent,
2558 2524 2651 2593 qui
2677 2525 2731 2577 in
2762 2524 3018 2593 paradiso
3041 2523 3264 2593 degunt.
3306 2521 3411 2576 Sed
3437 2522 3602 2575 habet

2023 2617 2365 2679 indumenta,
2391 2631 2512 2686 qua
2539 2615 2774 2685 puritate
2802 2617 2924 2669 vitae
2945 2629 3058 2670 suze
3089 2615 3393 2678 contexuit,
3425 2614 3603 2682 iisque

2024 2724 2145 2765 sese
2170 2709 2474 2764 exornavit.
2507 2706 2788 2763 Honorata
2823 2722 2886 2761 ac
2913 2707 3151 2776 pretiosa
3191 2720 3377 2760 coram
3416 2703 3604 2758 Domi-

2023 2815 2094 2852 no
2124 2800 2251 2855 talis
2282 2798 2450 2870 (viri)
2480 2813 2628 2854 mors
2682 2806 2785 2852 cst.
2824 2795 2935 2852 lmo
2968 2812 3098 2850 vero
3147 2812 3254 2850 non
3288 2811 3456 2858 mors,
3506 2794 3600 2849 sed

2023 2898 2254 2961 ruptura
2303 2891 2649 2945 vinculorum
2699 2898 2803 2944 est.
2855 2888 3146 2957 Disrupisti
3195 2887 3361 2951 enim,
3405 2886 3601 2953 inquit,

2024 2985 2232 3040 vincula
2266 3001 2379 3039 mea
2401 2984 2443 3037 ⁸.
2499 2982 2769 3039 Dimissus
2815 2990 2901 3038 est
2937 2979 3182 3045 Simeon,
3232 2979 3491 3032 liberatus
3518 2983 3603 3031 est

345 3058 692 3129 ἠλευθερώθη
729 3060 794 3112 ὲκ
818 3059 926 3112 τῶν
953 3059 1167 3130 δεσμῶν
1199 3060 1292 3113 τοῦ
1334 3059 1602 3130 σώματος.
1646 3062 1711 3114 Ἠ
1753 3064 1917 3129 παγὶς

2023 3078 2259 3132 vinculis
2290 3076 2560 3147 corporis.
2593 3074 2845 3144 Laqueus
2875 3074 3148 3128 contritus
3170 3079 3275 3134 est,
3304 3078 3359 3125 et
3385 3068 3598 3123 avicula

346 3150 669 3222 συνετρίϐη·
721 3151 781 3203 τὸ
820 3151 876 3203 δὲ
926 3151 1205 3222 στρουθίον
1234 3152 1473 3223 ἀπέπτη.
1522 3153 1794 3207 Κατέλιπε
1821 3157 1920 3225 τὴν

342 3243 638 3312 Αἴγυπτον,
680 3244 772 3296 τὸν
801 3242 975 3314 ὑλώδη
998 3244 1110 3314 βίον
1134 3261 1148 3275 ·
1171 3244 1594 3316 ἐπέρασεκθτοὺχὶ
1623 3246 1721 3317 τὴν
1767 3248 1921 3318 Ἐρυ-

346 3334 483 3405 θράν
515 3335 739 3405 ταύτην,
773 3335 908 3389 ἀλλὰ
932 3335 1029 3406 τὴν
1062 3335 1316 3405 μέλαιναν
1342 3336 1554 3407 ἐκείνην
1583 3338 1675 3390 καὶ
1704 3335 1917 3409 ζοφώδη

344 3427 440 3481 τοῦ
469 3427 583 3497 βίου
631 3427 932 3482 θάλασσαν·
977 3427 1221 3498 είσῆλθεν
1250 3430 1330 3491 είς
1358 3427 1456 3499 τὴν
1488 3429 1590 3499 γῆν
1623 3429 1721 3499 τῆς
1747 3431 1920 3499 ἐπαγ-

344 3519 530 3588 γελίας
550 3535 563 3549 ⁶
596 3520 689 3573 ἐπὶ
720 3518 812 3573 τοῦ
854 3518 1013 3590 ὅρους
1052 3519 1475 3590 προσφιλοσοφεῖ
1504 3520 1582 3590 τῷ
1608 3520 1726 3592 Θεῷ
1745 3540 1757 3552 ·
1800 3523 1919 3576 ἐλύ-

348 3629 478 3666 σατο
512 3612 574 3665 τὸ
602 3612 855 3681 ὑπόδημα
890 3613 990 3681 τῆς
1030 3612 1228 3685 ψυχῆς,
1278 3613 1365 3666 ἵνα
1405 3613 1620 3684 καθαρᾷ
1661 3618 1726 3685 τῇ
1764 3614 1918 3684 βάσει

343 3705 444 3774 τῆς
487 3704 725 3766 διανοίας
765 3705 863 3775 τῆς
909 3704 1068 3773 ἁγίας
1105 3683 1208 3775 γῆς
1250 3683 1685 3772 ἐπιϐατεύσειεν,
1788 3706 1919 3760 καθ-

338 3798 534 3864 ορᾶται
564 3795 718 3859 Θεός.

415 3886 632 3956 Ταύτην
669 3885 902 3956 ἔχοντες,
944 3885 1182 3955 ἀδελφοὶ.
1216 3887 1314 3956 τὴν
1350 3886 1712 3958 παράκλησιν,
1760 3888 1918 3958 ὑμεῖς

340 3980 392 4031 οἱ
435 3978 507 4031 τὰ
548 3978 682 4031 όστὰ
709 3978 805 4030 τοῦ
853 3977 1049 4048 Ἰωσὴφ
1085 3979 1175 4031 ἐπὶ
1201 3978 1299 4048 τὴν
1327 3977 1508 4049 χώραν
1542 3980 1640 4049 τῆς
1668 3979 1918 4047 εὐλογίας

347 4069 827 4140 μετακομίζοντες,
863 4068 1133 4122 ἀκούσατε
1158 4068 1253 4122 τοῦ
1296 4069 1508 4122 Παύλου
1560 4070 1916 4140 παρεγγυῶν-

339 4178 464 4224 τος·
522 4161 617 4228 Μὴ
673 4158 965 4214 λυπεῖσθε
1024 4159 1103 4223 ὡς
1164 4159 1262 4211 καὶ
1321 4162 1376 4212 οἱ
1424 4159 1661 4224 λοιποὶ,
1724 4163 1778 4213 οι
1826 4160 1913 4229 μὴ

341 4249 589 4318 ἔχοντες
619 4248 853 4302 ἐλπίδα.
903 4248 1106 4301 Εἴπατε
1149 4246 1227 4318 τῷ
1262 4250 1376 4301 ἐκεῖ
1412 4248 1542 4317 λαῷ,
1586 4249 1915 4320 διηγήσασθε

340 4339 413 4392 τὰ
459 4337 600 4391 καλά
638 4337 971 4408 διηγήματα.
1021 4334 1224 4389 Εἴπατε
1251 4335 1310 4388 τὸ
1340 4335 1733 4406 ἀπιστούμενον
1786 4336 1913 4391 Θαῦ-

2023 3170 2284 3226 avolavit.
2325 3168 2572 3239 Reliquit
2622 3167 2940 3237 Egyptum,
2979 3165 3312 3219 materialem
3345 3173 3399 3218 et
3447 3177 3603 3216 cras—

2022 3277 2139 3317 sam
2164 3263 2292 3317 vita:
2320 3262 2625 3316 rationem:
2655 3259 2909 3313 transivit
2940 3274 3049 3312 non
3076 3256 3323 3310 Rubrum
3351 3256 3475 3318 hoc,
3504 3253 3598 3309 sed

2021 3359 2201 3406 atrum
2232 3351 2363 3407 illud
2395 3361 2449 3407 et
2498 3351 2859 3420 caliginosum
2905 3348 3027 3403 vitae
3079 3363 3264 3413 mare;
3318 3347 3602 3416 ingressus

2020 3450 2105 3496 est
2137 3450 2337 3497 terram
2368 3438 2793 3510 promissionis:
2827 3438 2882 3490 in
2930 3445 3114 3499 monte
3162 3451 3288 3490 cum
3335 3435 3446 3489 Deo
3489 3434 3603 3503 phi-

2019 3534 2377 3603 los0phatur;
2429 3531 2593 3585 solvit
2644 3530 2839 3582 animae
2870 3527 3323 3588 calceamentum,
3370 3534 3429 3580 ut
3462 3540 3599 3595 pura

2020 3626 2203 3693 planta
2239 3622 2439 3675 mentis
2498 3628 2700 3674 terram
2748 3618 3062 3686 sanctam',
3119 3618 3212 3673 ubi
3261 3612 3603 3688 conspicitur

2021 3713 2188 3780 Deus,
2225 3710 2643 3767 conscenderet.

2090 3894 2245 3947 Hanc
2274 3892 2397 3946 cum
2428 3890 2700 3954 habeatis,
2737 3889 2957 3956 fratres,
3001 3888 3464 3950 consolationem,
3502 3901 3599 3943 vos

2018 3984 2114 4054 qui
2166 3998 2293 4039 ossa
2349 3981 2573 4053 Iosephi
2631 3983 3019 4052 transportatis
3057 3982 3121 4036 ad
3171 3992 3317 4035 terra
3342 3998 3370 4031 n
3430 3979 3598 4034 benc-

2019 4075 2319 4137 dictionis,
2370 4075 2558 4129 audite
2614 4073 2770 4128 Pauli
2830 4075 2995 4129 verba
3052 4071 3421 4143 praecipientis
3465 4091 3477 4126 :
3522 4069 3600 4125 Ne

2018 4166 2402 4220 contristemini
2437 4166 2579 4219 sicut
2617 4174 2666 4219 et
2696 4167 2894 4228 cazteri,
2923 4166 3012 4235 qui
3041 4180 3179 4232 spem
3209 4181 3310 4217 non
3340 4163 3531 4216 habent
3555 4161 3595 4214 ⁸³.

2018 4256 2197 4312 Dicite
2256 4257 2459 4327 pepulo
2513 4257 2621 4324 illi;
2675 4257 2931 4327 exponite
2991 4258 3163 4312 bonas
3229 4255 3595 4310 narrationes.

2018 4348 2194 4404 Dicite
2221 4348 2573 4414 miraculum,
2606 4348 2695 4404 cui
2750 4349 2884 4404 fides
2919 4349 3211 4419 derogetur
3262 4366 3276 4396 :
3322 4347 3596 4414 quomodo

347 4445 444 4500 μα·
478 4429 594 4491 πῶς
640 4430 720 4491 εἰς
755 4427 1031 4496 θαλάσσης
1055 4426 1177 4496 ὄψιν
1203 4427 1716 4492 καταπκνωθέντες
1751 4431 1779 4482 ὁ
1811 4447 1914 4499 μυο

2022 4438 2078 4492 in
2107 4440 2276 4494 maris
2308 4436 2531 4492 modum
2589 4438 2908 4494 condensati
2964 4439 3378 4492 innumerorum
3423 4434 3595 4487 homi-

342 4519 685 4592 ριάνθρωπος
727 4521 930 4590 δῆμος,
976 4520 1034 4573 ἓν
1070 4516 1207 4591 ἦσαν
1239 4520 1379 4575 κατὰ
1412 4520 1470 4573 τὸ
1503 4522 1722 4591 συνεχὲς
1757 4523 1915 4593 σῶμα

337 4614 392 4666 οἱ
433 4614 668 4677 πάντες,
704 4608 813 4666 οἷόν
841 4631 894 4666 τι
927 4612 1071 4685 ὕδωρ
1114 4615 1242 4684 περὶ
1279 4614 1377 4684 τὴν
1420 4613 1514 4667 τοῦ
1560 4613 1915 4685 σκηνώματος

340 4703 565 4774 πομπὴν
596 4703 997 4771 πελαγίζοντες.
1022 4704 1143 4767 Πῶς
1169 4706 1195 4758 6
1220 4704 1382 4768 καλὸς
1404 4704 1568 4758 Δαϐὶδ
1597 4706 1916 4777 πολυμερῶς

337 4795 437 4847 καὶ
468 4793 821 4863 πολυτρόπως
864 4794 943 4855 είς
994 4794 1190 4864 μυρίας
1236 4794 1417 4860 τάξεις
1454 4797 1643 4849 ἐαυτὸν
1679 4814 1916 4869 καταμε-

342 4884 522 4956 ρίσας,
572 4886 630 4938 ἐν
682 4883 1099 4952 ἑτερογλώσσοις
1146 4886 1239 4938 καὶ
1285 4887 1653 4957 ὁμογλώσσοις
1694 4891 1821 4961 περὶ
1854 4890 1915 4942 τὸ

340 4975 540 5046 σκῆνος
573 4976 879 5047 ἐχόρευσεν.
934 4975 1058 5038 Πῶς
1105 4977 1443 5048 ἑκατέρωθεν
1499 4980 1548 5031 οί
1598 4978 1690 5032 τοῦ
1741 4982 1915 5051 πυρὸς

338 5066 577 5136 ποταμοὶ
606 5068 671 5136 τῇ
713 5065 962 5135 συνεχείᾳ
991 5064 1098 5117 τῶν
1142 5066 1435 5137 λαμπάδων
1458 5068 1614 5132 όλκὺς
1647 5070 1912 5125 ἀδιάσπα-

339 5172 465 5216 στος
497 5155 729 5225 ῥέοντες,
770 5154 875 5217 ἓως
907 5145 967 5208 οὗ
1000 5154 1224 5208 δυνατὸν
1271 5152 1337 5227 ἦν
1388 5158 1651 5230 ὀφθαλμῷ
1692 5159 1874 5213 λαϐεῖν
1895 5200 1910 5224 ,

337 5246 738 5315 παρετείνοντο.
776 5246 980 5299 Εἴπατε
1020 5245 1115 5298 τοῦ
1162 5246 1292 5299 λαοῦ
1329 5249 1526 5311 παντὸς
1566 5250 1664 5321 τὴν
1706 5251 1909 5321 προθυ-

341 5336 495 5405 μίαν,
527 5335 634 5389 τῶν
670 5336 982 5390 ἀποστόλων
1021 5336 1118 5407 τὴν
1146 5338 1460 5407 συσκηνίαν.
1498 5340 1621 5404 Πῶς
1669 5341 1736 5395 τά
1783 5359 1909 5395 σου·

336 5427 498 5498 δάρια
542 5427 650 5480 τῶν
704 5429 1006 5500 προσώπων
1048 5429 1232 5493 αὑτοῦ,
1292 5432 1371 5494 είς
1410 5431 1748 5504 φυλακτήρια
1800 5436 1907 5489 τῶν

336 5517 548 5572 πιστῶν
592 5518 893 5582 διετίλὶετο.
928 5522 1275 5595 Προσκείσθω
1317 5523 1395 5595 τῷ
1425 5524 1722 5597 διηγήματι
1754 5526 1907 5598 βασι-

410 5691 435 5737 θ
464 5691 609 5751 i'sal.
637 5709 789 5761 cxm,
824 5696 904 5751 Π.
983 5699 1002 5729 ⁸
1033 5697 1203 5753 Exod.
1238 5715 1320 5767 in,
1361 5699 1414 5754 5.
1492 5701 1511 5731 ⁸
1542 5700 1562 5756 I
1591 5700 1778 5761 Thess.
1816 5719 1889 5772 ιν,
1918 5705 1998 5760 l2.

2020 4545 2151 4585 num
2203 4530 2436 4600 pepulus
2490 4546 2660 4585 unum
2715 4530 3039 4586 continuum
3090 4542 3292 4595 corpus
3353 4524 3592 4579 universi

2019 4628 2198 4687 erant,
2247 4629 2507 4691 tanquam
2562 4636 2703 4691 aqua
2757 4621 3006 4691 quaedam
3058 4619 3205 4673 circa
3255 4616 3591 4671 tabernaculi

2019 4726 2273 4781 pompam
2351 4721 2670 4768 aestuantes.
2724 4712 3010 4778 Quomodo
3072 4711 3368 4781 praeclarus
3425 4707 3590 4761 David

2019 4802 2374 4856 multifariam
2426 4803 2726 4872 multisque
2773 4800 2950 4857 modis
2994 4801 3048 4855 in
3099 4801 3414 4854 innumeros
3442 4798 3591 4853 ordi-

2017 4908 2118 4948 nes
2148 4907 2269 4948 sese
2294 4891 2653 4955 distribuens,
2707 4893 2851 4948 inter
2896 4892 3127 4947 diversa:
3160 4890 3324 4945 simul
3364 4897 3418 4943 et
3444 4890 3592 4959 ejus~

2015 4983 2137 5038 dem
2173 4984 2371 5053 linguae
2398 4983 2674 5048 homines,
2699 4993 2754 5038 et
2785 4986 2934 5038 circa
2973 4981 3386 5036 tabernaculum
3419 4981 3590 5050 tripu—

2013 5074 2222 5129 diabat.
2271 5075 2558 5141 Quomodo
2611 5076 2866 5145 utrinque
2930 5073 3131 5144 (quasi)
3194 5072 3338 5142 ignei
3400 5087 3590 5127 amnes

2011 5167 2427 5223 continentibus
2480 5167 2715 5230 facibus,
2767 5174 2942 5221 tractu
2993 5166 3256 5219 continuo
3303 5171 3588 5233 perpetuo-

2013 5272 2120 5327 que
2145 5257 2406 5324 ﬂuentes,
2453 5259 2633 5327 quoad
2695 5257 2838 5312 oculi
2903 5257 3219 5327 longissime
3276 5255 3586 5325 prospicere

2013 5356 2260 5419 possent,
2307 5350 2746 5420 porrigebantur.
2793 5348 3057 5419 Exponite
3111 5348 3351 5404 studium
3400 5347 3584 5417 populi

2013 5440 2215 5502 totius,
2260 5440 2632 5509 apostolorum
2687 5439 3126 5495 contubernium.
3168 5437 3453 5505 Quomodo
3487 5452 3584 5493 su-

2012 5532 2167 5588 daria
2196 5531 2351 5591 faciei
2420 5534 2540 5605 ejus
2576 5532 2641 5589 ad
2682 5532 2999 5604 praesidium
3058 5541 3221 5605 atque
3254 5530 3585 5590 .custodiam
