4050 6164
447 242 554 298 865

1682 231 1748 287 -S.
1793 229 2120 286 GREGORII
2164 230 2459 303 NYSSLNI

3597 226 3719 282 864

451 357 691 413 ﬁdelium
750 356 1223 426 tliscerpebautur.
1305 352 1651 424 Adjiciantur
1720 351 2022 405 narrationi

2144 354 2251 417 tab;
2293 348 2701 424 σκυθρωπάζων
2740 350 2834 404 ἐπὶ
2864 349 2940 420 τῷ
2971 348 3131 403 πάθει
3152 386 3167 413 ,
3202 346 3296 400 καλ.
3329 343 3521 417 θρόνου
3553 344 3720 410 ἐξαν-

448 447 614 500 etiam
652 445 948 513 imperator
975 452 1212 498 utmrens
1254 443 1325 498 ob
1355 443 1746 505 calamitatem,
1779 450 1833 494 et
1868 456 1899 496 e
1937 457 2033 495 so-

451 533 525 586 lio
565 546 865 598 exsurgens
925 550 938 585 :
999 539 1221 601 totaque
1273 531 1471 586 civitas
1529 545 1636 584 una
1684 546 1807 584 cum
1836 545 2035 600 pompa

451 623 627 678 sancti
683 622 958 675 transiens
994 641 1006 676 :
1040 630 1095 676 et
1150 622 1509 677 consolamini
1559 636 1656 677 vos
1692 620 1924 675 invicem
1978 620 2035 674 in

450 713 799 769 sermonibus
846 715 993 767 istis.
1026 712 1195 768 Recte
1228 713 1486 767 Solomon
1524 712 1804 766 tristitiam
1848 721 2030 765 curat.

448 806 609 860 lubet
643 807 787 860 enim
825 806 1047 861 tristitia
1095 805 1305 860 affectis
1342 805 1531 860 vinum
1568 805 1798 874 prseberi
1827 823 1841 860 :
1873 804 2035 861 vobis

451 908 631 953 autem
669 898 774 953 hoc
823 914 923 969 ego
980 899 1104 953 dico
1154 898 1327 951 vineae
1358 897 1645 967 operariis.
1684 895 1819 951 Date
1869 895 2038 966 igitur

448 996 694 1044 vestrum
755 990 944 1044 vinum
1003 988 1328 1059 aegritudine
1385 989 1552 1043 animi
1612 987 1858 1051 aﬂ‘ectis,
1924 1002 2036 1043 non

452 1081 608 1151 quod.
658 1080 979 1136 ebrietatem
1048 1079 1292 1144 inducat,
1356 1090 1449 1134 aut
1503 1079 1670 1133 menti
1723 1077 2035 1144 insidietur,

453 1187 728 1241 corpusve
762 1181 1102 1243 corrumpat,
1144 1173 1238 1228 sed
1269 1165 1424 1243 'quod
1468 1170 1703 1225 laetiticet
1742 1185 1859 1232 cor,
1890 1168 2038 1239 quod

454 1264 614 1319 nobis
643 1265 906 1333 propheta
959 1265 1237 1321 indicabat
1280 1265 1470 1320 dicens
1509 1285 1519 1319 :
1563 1263 1757 1317 Vinum
1795 1264 2036 1332 lculi/ica!

454 1368 548 1405 cor
574 1353 825 1409 hominis.
896 1351 1179 1409 Meraciori
1217 1355 1380 1410 misto
1423 1362 1478 1409 et
1528 1352 1943 1409 fecundioribus
1975 1368 2039 1407 ac

453 1442 784 1512 largioribus
817 1460 912 1499 eos
942 1446 1177 1517 excipite
1208 1447 1481 1503 sermonis
1530 1446 1815 1507 calicibus,
1846 1454 1904 1499 ut
1942 1460 2036 1498 ro-

454 1531 540 1586 bis
569 1548 764 1589 rursus
802 1535 855 1588 in
902 1536 1142 1591 laetitiam
1177 1537 1358 1593 luctus
1388 1546 1761 1602 convertatur,
1794 1551 1892 1605 per
1915 1550 2039 1603 gra-

456 1624 588 1676 tiam
623 1610 1015 1696 unigeuiti'Dei
1057 1626 1199 1694 Filii,
1242 1645 1340 1700 per
1388 1645 1549 1700 quem
1598 1629 1773 1700 gloria
1824 1627 1955 1693 Deo,
1985 1636 2039 1681 et

456 1712 605 1771 Patri
635 1717 687 1771 iu
714 1720 909 1773 smcula
942 1720 1287 1776 saeculorum.
1312 1721 1506 1777 Amen.

479 1923 819 1939 m

1637 1931 1711 1939 ...-

479 1938 535 1956 η
790 1938 801 1939 η

2142 447 2426 516 ιστάμενος
2447 462 2461 475 ·
2493 445 2587 497 καὶ
2617 444 2769 507 πόλις
2811 443 2907 513 ὅλη
2945 444 3011 513 τῇ
3040 441 3233 511 πομπῇ
3264 438 3359 492 τοῦ
3386 438 3544 506 άγίου
3579 455 3720 508 συμ-

2140 532 2567 604 μεταϐαίνουσαο
2627 532 2720 584 καὶ
2769 529 3136 601 παρακαλεῖτε
3179 526 3444 597 ἀλλήλους
3494 525 3553 577 ἐν
3603 526 3722 587 τοῖς

2136 624 2314 693 λόγοις
2337 623 2562 687 τούτοις.
2607 621 2805 686 Καλῶς
2833 619 3082 690 Σολομὼν
3113 617 3353 689 ίατρεύει
3380 616 3477 685 τήν
3513 615 3718 683 λύπην.

2136 715 2363 769 Κελεύει
2399 714 2507 786 γὰρ
2541 716 2652 777 τοῖς
2683 715 2742 765 ὲν
2791 713 2934 782 λύπῃ
2968 705 3109 763 οἶνον
3142 708 3361 770 διδόναι,
3390 704 3525 778 πρὸς
3567 705 3722 775 ἡμᾶς

2137 804 2294 859 τοῦτο
2320 803 2512 873 λέγων,
2542 804 2668 867 τοὺς
2687 801 2781 856 τοῦ
2806 799 3124 872 ἀμπελῶνος
3162 798 3420 868 ἐργάτας.
3457 794 3587 847 Δότε
3620 788 3721 846 οὖν

2136 898 2227 951 τὸν
2263 895 2525 967 ὑμέτερον
2572 890 2713 948 οἶνον
2761 895 2875 957 τοῖς
2925 889 3319 961 λυπουμένοις,
3372 886 3433 939 οὐ
3476 885 3569 938 τὸν
3616 884 3724 954 τῆς

2141 988 2312 1061 μέθης
2362 986 2632 1058 ἐργάτην,
2690 982 2932 1040 καὶτῶν
2982 980 3195 1052 φρενῶν
3241 976 3556 1039 ἐπίϐουλον,
3622 976 3722 1028 καὶ

2102 1108 2111 1111 -
2140 1080 2345 1152 φθορέα
2376 1078 2470 1132 τοῦ
2503 1076 2772 1149 σώματος,
2795 1073 2930 1128 ἀλλὰ
2967 1073 3060 1125 τὸν
3086 1070 3185 1141 τὴν
3230 1066 3459 1139 καρδίαν
3492 1063 3723 1135 εὐφραίο

2140 1187 2318 1234 νοντα,
2341 1168 2399 1223 ὃν
2435 1170 2463 1221 ό
2490 1168 2780 1239 Προφήτης
2809 1165 2939 1235 ἡμῖν
2964 1161 3272 1215 ἐπεδείκνυε
3301 1157 3477 1225 λέγων
3496 1172 3509 1185 ·
3544 1152 3722 1220 Οἷνος

2138 1260 2444 1330 εὐφραίνει
2469 1256 2720 1326 καρδίαν
2746 1251 3080 1323 ἀνθρώπου.
3125 1244 3443 1315 Μειζοτέρῳ
3469 1242 3548 1312 τῷ
3577 1242 3720 1313 κρά-

2144 1370 2295 1423 ματι,
2340 1351 2436 1405 καὶ
2478 1347 2882 1418 ἀφθονωτέραις
2910 1340 3182 1409 δεξιοῦσθε
3212 1336 3307 1391 τοῦ
3347 1330 3722 1406 πνευματικοῦ

2139 1445 2299 1512 λόγου
2329 1446 2447 1506 ταῖς
2472 1440 2699 1505 κύλιξιν,
2730 1437 2871 1490 ὥστε
2911 1437 3041 1504 ἡμῖν
3070 1430 3231 1486 πάλιν
3267 1430 3346 1492 εἰς
3380 1423 3724 1497 εὐφροσύνην

2142 1538 2235 1592 καὶ
2264 1532 2584 1604 ἀγαλλίασιν
2612 1549 2677 1584 πε
2686 1528 3045 1601 ριστραφῆναι
3075 1524 3135 1577 τὸ
3176 1521 3391 1584 πένθος,
3416 1518 3595 1588 χάριτι
3622 1512 3721 1567 τοῦ

2148 1623 2467 1697 μονογενοῦς
2497 1620 2626 1674 Υἱοῦ
2656 1618 2748 1672 τοῦ
2780 1616 2935 1680 Θεοῦ,
2962 1615 3027 1668 δι’
3052 1606 3111 1666 οὗ
3135 1616 3169 1683 ή
3194 1611 3322 1677 δόξα
3349 1608 3427 1679 τῷ
3450 1606 3591 1678 Θεῷ,
3624 1604 3727 1659 καὶ

2070 1702 2118 1761 Β
2148 1718 2322 1786 Ila-cpi.
2352 1718 2430 1780 είς
2457 1713 2582 1777 τοὺς
2610 1711 2811 1772 αἰῶνας
2836 1707 2941 1760 τῶν
2968 1703 3197 1759 αἰώνων.
3243 1701 3437 1771 Ἀμήν.

2413 1904 3712 1935 _________________________

806 1923 3716 1958 ψ

1632 2106 1639 2113 ’
1725 2087 1952 2173 ΤΟΥ
2030 2083 2407 2171 ΑΥΤΟΥ

1132 2288 1374 2400 ΕΙΣ
1452 2274 2451 2435 ΠΟΥΛΧΕΡΙΑΝ
2528 2271 3081 2393 ΛΟΓΟΣ.

1809 2686 2345 2776 EJUSDEM

1231 2900 1769 3055 ORATIO
1855 2890 2962 3013 CONSOLATORIA

1545 3118 1622 3172 IN
1680 3118 2035 3175 FUNERE
2092 3118 2643 3175 PULCllEer‘E.

1818 3275 2001 3325 Eodem
2038 3274 2336 3339 interprete.

552 3570 819 3645 Equidem
880 3570 1022 3628 haud
1088 3571 1204 3627 seio
1251 3585 1361 3640 quo
1414 3580 1577 3640 pacto
1635 3570 2042 3626 accommodem

2224 3575 2338 3630 Οὐκ
2369 3572 2485 3631 οἶδα
2522 3578 2671 3639 ὅπως
2691 3576 2770 3646 τῷ
2792 3578 2935 3649 λόγῳ
2963 3582 3254 3654 χρήσομαι.
3295 3580 3501 3651 Διπλῆν
3520 3596 3584 3633 τε
3620 3578 3733 3650 γὰρ

462 3666 791 3722 orationem.
839 3664 973 3720 Nam
1011 3675 1066 3721 et
1093 3663 1297 3733 duplex
1339 3663 1501 3719 video
1534 3672 1943 3734 argumentum,
1990 3673 2047 3719 et

465 3760 721 3829 utrinque
749 3758 906 3814 triste
935 3768 988 3813 et
1021 3758 1300 3822 acerbum,
1336 3767 1395 3811 ut
1430 3764 1837 3825 utrumcunque
1870 3758 2048 3812 oratio

465 3851 797 3921 sumpserit,
856 3852 1001 3905 baud
1052 3851 1215 3904 facile
1260 3850 1534 3920 lacrymas
1590 3849 1797 3903 evitare
1849 3851 2044 3919 possit.

465 3940 716 3997 Praesens
749 3941 1013 4011 temporis
1041 3941 1331 4004 circuitus,
1362 3940 1825 4009 quemadmodum
1857 3943 1909 3996 id
1948 3958 2047 3997 no-

466 4033 555 4088 bis
587 4032 704 4087 beri
734 4046 765 4086 a
792 4041 1009 4100 pastore
1054 4033 1433 4097 nuntiabatur,
1469 4032 1790 4087 acerbarum
1838 4049 2045 4098 rerum,

466 4135 590 4189 quae
623 4120 814 4175 vicina:
856 4120 1153 4190 aliquando
1198 4121 1319 4176 urbi
1370 4137 1464 4192 per
1495 4129 1863 4177 terraetnotum
1899 4125 2045 4178 acci-

467 4212 691 4275 dcrunt,
719 4214 1039 4268 memoriam
1064 4215 1310 4270 continet
1346 4235 1358 4269 :
1409 4231 1533 4285 quae
1573 4218 1697 4286 quis
1725 4218 1933 4287 absque
1965 4219 2045 4271 la-

465 4304 670 4373 crytnis
697 4318 1128 4358 commemorare
1169 4306 1380 4375 possit?
1416 4306 1606 4377 Magna
1634 4317 1813 4362 autem
1847 4310 1963 4364 haec
1994 4319 2048 4363 et

468 4395 703 4449 illustris
726 4435 741 4460 ,
795 4397 1004 4466 totique
1038 4396 1132 4467 qui
1164 4397 1266 4452 soli
1315 4398 1601 4467 subjectus
1636 4408 1741 4465 est,
1777 4411 2047 4455 terrarum

463 4487 584 4541 orbi
615 4486 922 4558 proposita,
959 4489 1221 4557 praeclara
1262 4488 1396 4543 urbs
1428 4491 1596 4543 alium
1641 4492 1908 4546 sustinuit
1940 4501 2048 4548 ter-

462 4585 774 4644 rarmotum,
804 4588 970 4647 atque
1000 4579 1146 4633 haud
1174 4594 1399 4650 parvum
1425 4590 1807 4635 ornamentum
1839 4584 2042 4648 amisit,

465 4667 750 4731 luminati,
775 4669 920 4738 quod
951 4670 1017 4723 ad
1045 4669 1349 4741 augendam
1380 4670 1784 4742 imperatoriam
1817 4671 2045 4728 felicita-

462 4768 574 4814 tem
603 4759 657 4813 in
687 4776 751 4815 ea
789 4761 1195 4831 rcspleudebat,
1231 4771 1454 4833 repente
1492 4765 1722 4835 privata,
1771 4774 1935 4835 atque
1967 4767 2047 4820 id-

462 4851 614 4906 circo
665 4866 774 4905 una
820 4866 943 4905 cum
993 4852 1306 4922 lugentibus
1347 4855 1772 4925 imperatoribus
1808 4874 2045 4915 maerens

463 4957 529 4997 ac
560 4943 976 4999 condolescens.
1022 4944 1161 5012 Quid
1193 4957 1378 5002 autem
1413 4948 1648 5011 dicatur,
1683 4965 1789 5005 nou
1824 4950 2043 5021 ignora-
2076 4925 2119 4979 Ῑ)

462 5035 536 5090 tis
598 5049 846 5104 prorsus,
909 5037 1003 5105 qui
1060 5049 1387 5092 conventum
1440 5041 1748 5108 completis,
1807 5058 1930 5097 cum
1985 5051 2041 5097 ct

460 5126 611 5181 hunc
659 5128 838 5197 ipsum
878 5129 1081 5192 locum,
1126 5131 1182 5184 in
1216 5147 1326 5201 quo
1374 5134 1685 5203 congregati
1737 5150 1949 5196 sumus,
1987 5147 2042 5190 et

461 5232 752 5272 mmrorcm
779 5221 1096 5288 luctumque
1115 5221 1169 5274 in
1186 5237 1252 5276 eo
1277 5222 1523 5277 videatis.
1543 5222 1694 5277 [laud
1714 5224 1878 5294 igitur
1901 5225 2039 5290 scio,

461 5309 530 5362 ad
578 5317 762 5365 utrum
811 5321 1179 5366 termmotum
1235 5313 1539 5368 orationem
1593 5326 1926 5379 convertam,
1970 5318 2035 5369 ad

460 5417 684 5466 eumue,
712 5402 806 5472 qui
838 5418 985 5456 nunc
1016 5405 1241 5467 accidit,
1271 5421 1341 5459 an
1375 5407 1467 5475 qui
1499 5406 1661 5460 olim?
1716 5405 1857 5462 Sane
1898 5407 2040 5461 haud

463 5492 703 5546 alienum
731 5501 817 5549 est
845 5495 1109 5550 adversus
1138 5496 1193 5550 id
1216 5498 1366 5565 quod
1393 5498 1605 5552 eXCcllil
1633 5499 2041 5553 incommodum

464 5584 794 5646 consistere,
834 5594 995 5655 atque
1027 5588 1268 5643 civitatis
1301 5590 1577 5658 proprium
1618 5590 1861 5644 dolorem
1900 5593 2042 5645 miti-

468 5692 622 5749 gare,
648 5678 1061 5750 rationibusque
1089 5681 1410 5751 quibusdam
1439 5682 1864 5750 incommodum,
1885 5686 2044 5754 quasi

2147 3666 2259 3738 ὁρῶ
2281 3668 2379 3739 τὴν
2407 3669 2680 3736 ὑπόθεσιν,
2707 3669 2801 3723 καὶ
2833 3670 3161 3741 σκυθρωπὴν
3191 3672 3313 3726 καθ’
3344 3674 3629 3744 ἑκάτερον,
3656 3672 3734 3735 ὥς

2154 3756 2227 3828 μὴ
2256 3758 2434 3828 ῥᾴδιον
2462 3758 2566 3825 ἔξω
2594 3758 2845 3831 δακρύων
2892 3759 2983 3812 τὸν
3032 3759 3187 3827 λόγον
3218 3761 3413 3826 ἐλθεῖν,
3444 3760 3622 3814 ὁτιοῦν
3672 3758 3732 3825 ἐξ

2150 3850 2474 3920 ἀμφοτέρων
2499 3849 2774 3919 ἑλόμενον.
2812 3849 2876 3903 Ἦ
2928 3851 3179 3921 παροῦσα
3212 3852 3311 3907 τοῦ
3346 3852 3538 3923 χρόνου
3576 3851 3732 3921 περί·

2147 3940 2286 4004 οδος,
2318 3939 2498 4002 καθὼς
2519 3942 2647 4011 ἡμῖν
2683 3940 2808 4009 χθὲς
2836 3941 2992 3995 τοῦτο
3035 3944 3187 4014 παρὰ
3219 3943 3313 3998 τοῦ
3348 3944 3601 4013 ποιμένος
3629 3944 3728 4013 ήγο

2148 4030 2307 4098 γελτο
2330 4069 2344 4093 ,
2377 4030 2719 4103 σκυθρωπῶν
2774 4034 3115 4103 πραγμάτων
3143 4034 3255 4089 τῶν
3288 4038 3355 4105 τῇ
3397 4036 3597 4104 γείτονι
3629 4035 3727 4089 πό-

2148 4122 2229 4176 λει
2255 4124 2384 4176 ποτὲ
2426 4123 2513 4177 διὰ
2553 4124 2645 4177 τοῦ
2682 4126 2906 4193 σεισμοῦ
2957 4127 3437 4197 συμπεπτωκότων
3485 4128 3730 4198 περιέχει

2146 4214 2245 4285 τὴν
2283 4216 2526 4286 μνήμην.
2560 4218 2627 4268 "A
2655 4216 2739 4280 τίς
2760 4217 3025 4283 ἀδακρυτὶ
3052 4219 3344 4286 διεξέλθοι;
3377 4222 3409 4290 ή
3438 4219 3494 4273 δὲ
3521 4219 3729 4290 μεγάλη

2148 4307 2241 4359 καὶ
2282 4309 2590 4379 περιφανὴς
2638 4308 2776 4379 αῦτη
2821 4310 3039 4380 καὶτῆς
3089 4312 3178 4379 ὑφ’
3207 4311 3340 4381 ἡλίῳ
3386 4312 3568 4381 πάσης
3596 4328 3729 4381 προ-

2145 4400 2452 4469 τεταγμένη
2489 4400 2800 4463 καλλίπολις
2837 4402 2994 4456 ἄλλον
3020 4403 3240 4473 σεισμὸν
3275 4403 3503 4472 ὑπέστη,
3539 4402 3633 4454 καὶ
3663 4401 3726 4453 οὐ

2151 4492 2343 4562 μικρὸν
2394 4493 2709 4563 άπεσυλήθη
2763 4495 2986 4565 κόσμον,
3008 4494 3100 4547 τοῦ
3144 4495 3202 4548 ὲν
3234 4495 3369 4565 αὐτῇ
3416 4494 3729 4565 λάμψαντος

2148 4583 2432 4653 φωστῆρος
2479 4586 2557 4646 είς
2613 4584 2931 4656 προσθήκην
2959 4574 3079 4656 ’τῆς
3111 4583 3393 4655 βασιλικῆς
3435 4584 3730 4655 εὑκληρίας

2148 4670 2358 4741 ἀθρόως
2384 4672 2762 4742 ἀφαιρεθεῖσα,
2794 4674 2889 4726 καὶ
2914 4672 3003 4727 διά
3042 4674 3199 4727 τοῦτο
3220 4676 3286 4745 τῇ
3322 4674 3595 4745 κατηφείᾳ
3616 4673 3729 4726 τῶν

2148 4761 2409 4831 βασιλέων
2448 4764 3006 4835 συσκυθρωπάζουσα.
3059 4766 3133 4819 Τὸ
3163 4766 3220 4819 δὲ
3264 4766 3585 4837 λεγόμενον,
3627 4768 3729 4819 ούκ

2147 4856 2387 4921 ἀγνοεῖτε
2409 4856 2647 4919 πάντως,
2662 4858 2709 4909 οἱ
2732 4856 3064 4928 πληροῦντες
3085 4859 3174 4913 τὸν
3200 4859 3475 4926 σύλλογον,
3491 4857 3731 4929 ὁρῶντες

2148 4947 2312 4999 αὐτόν
2354 4965 2412 5000 τε
2447 4948 2537 5001 τὸν
2594 4949 2758 5002 τόπον
2800 4950 2989 5003 τοῦτον
3026 4954 3083 5003 ἐν
3109 4944 3153 5019 ᾧ
3201 4949 3588 5021 συνειλέγμεθα
3635 4955 3730 5003 καὶ

2148 5038 2243 5109 τὴν
2273 5039 2330 5092 ὲν
2360 5039 2440 5110 τῷ
2479 5040 2627 5111 τόπῳ
2678 5043 2999 5112 κατήφειαν.
3049 5045 3162 5096 Ούκ
3205 5038 3323 5097 οἶδα
3366 5043 3543 5095 τοίνυν
3592 5043 3731 5112 πρὸς

2149 5134 2299 5184 ποῖον
2337 5133 2557 5201 σεισμὸν
2600 5132 2787 5203 τρέψω
2828 5135 2918 5186 τὸν
2947 5135 3125 5203 λόγον,
3154 5135 3287 5205 πρὸς
3333 5133 3423 5186 τὸν
3446 5132 3602 5201 νῦνῆ
3638 5134 3729 5185 τὸν

2148 5223 2315 5276 πάλαι
2337 5225 2656 5292 γενόμενον;
2682 5226 2751 5277 Ἦ
2786 5226 2963 5290 καλῶς
2997 5226 3107 5295 ἔχει
3138 5227 3273 5296 πρὸς
3301 5224 3363 5277 τὸ
3391 5224 3726 5293 ὑπερϐάλλον

2146 5313 2241 5366 τοῦ
2276 5313 2477 5377 πάθους
2527 5315 2740 5383 στῆναι,
2787 5313 2882 5368 καὶ
2941 5314 3341 5385 καταπραΰνειν
3375 5312 3473 5383 τῆς
3518 5312 3725 5373 πόλεως

2147 5407 2244 5477 τὴν
2274 5407 2409 5460 ἰδίαν
2429 5407 2695 5477 ἀλγηδόνα
2721 5408 3001 5477 λογισμοῖς
3030 5424 3136 5460 τισι
3159 5407 3219 5459 τὸ
3244 5404 3417 5468 πάθος
3449 5420 3727 5473 καταφαρ-

2150 5501 2443 5570 μάσσοντα.
2479 5500 2540 5551 Et
2578 5500 2685 5569 γὰρ
2715 5500 2808 5552 καὶ
2842 5501 2914 5570 μὴ
2955 5500 3152 5561 πάντες
3179 5499 3226 5550 oi
3258 5496 3354 5551 τοῦ
3384 5494 3554 5550 κακοῦ
3584 5512 3725 5566 συμ-

2151 5593 2467 5662 μετέχοντες
2488 5592 2565 5662 τῴ
2598 5593 2838 5662 συλλόγῳ
2868 5592 3117 5661 πάρεισιν
3140 5609 3151 5620 ·
3184 5588 3318 5642 ἀλλά
3341 5588 3431 5642 διὰ
3452 5587 3558 5641 τῶν
3585 5602 3722 5656 παρ-

2148 5685 2313 5739 όντων
2352 5684 2478 5749 ἴσως
2513 5685 2604 5737 καὶ
2634 5686 2709 5748 εἰς
2738 5684 2860 5747 τοὺς
2895 5684 2968 5754 μη
3018 5682 3287 5752 παρόντας
3333 5681 3362 5732 ό
3405 5678 3559 5748 λόγος
3597 5675 3718 5731 δια-
