4050 6164
308 368 415 427 885

1364 367 1434 425 IN
1462 368 1746 425 FUNERE
1775 325 2194 428 PUL'CIIERIAE
2237 371 2520 429 ORATIO.

3470 374 3574 432 866

306 486 615 559 δοθήσεται.
653 485 767 539 Και
809 483 921 557 γὰρ
951 500 1047 537 και
1086 482 1194 537 τῶν
1230 482 1431 554 ἰατρῶν
1471 485 1665 536 ἐκεῖνοι
1719 484 1893 553 σοφοί,

2000 484 2237 555 quodam
2282 485 2533 541 adhibito
2581 483 2981 539 medicamento
3024 485 3216 541 lenire.
3267 486 3385 544 Etsi
3427 491 3575 548 enim

307 581 358 635 οι
387 579 525 652 πρὸς
547 578 607 631 τὸ
628 575 922 642 πλεονάζον
950 576 1057 628 τῶν
1092 574 1397 646 ἀλγηδόνων
1428 574 1517 628 διὰ
1554 575 1656 645 τῆς
1698 575 1891 647 τέχνης

310 673 618 743 ἱστάμενοι,
660 668 770 722 τῶν
828 669 885 722 δὲ
926 663 1084 739 ἦττον
1129 668 1403 739 ὀδυνηρῶν
1451 669 1548 738 τὴν
1595 667 1891 739 θεραπείαν

308 761 746 833 ὑπερτιθέμενοι.
779 760 988 830 Ὥσπερ
1010 759 1065 811 δέ
1092 776 1253 827 φασιν
1282 761 1330 811 οἱ
1362 759 1487 831 περὶ
1508 759 1677 812 ταῦτα
1706 760 1890 826 δεινοὶ,

307 855 356 906 εξ
386 850 481 905 δύο
505 850 645 905 κατὰ
676 851 872 904 ταὺτὸν
895 852 974 904 ἑνὶ
1007 850 1219 921 σώματι
1245 851 1397 902 πόνοι
1422 851 1768 920 συμπέσοιεν,
1799 852 1894 920 μό-

306 961 399 997 νου
433 942 526 997 τοῦ
552 942 982 1015 ὑπερϐάλλοντος
1025 942 1121 1012 τὴν
1151 942 1402 1014 αἴσθησιν
1430 942 1692 1010 γίνεσθαι,
1729 946 1784 995 ἐν
1815 942 1894 1013 τῷ

308 1035 656 1100 πλεονάζοντι
695 1036 795 1106 τῆς
836 1035 1237 1107 ἐπικρατούσης
1267 1035 1557 1106 ἀλγηδόνος
1600 1035 1893 1089 ἐκκλεπτο-

311 1128 480 1199 μένης
502 1127 599 1198 τῆς
616 1127 833 1198 ἥττονος
853 1144 866 1158 ·
891 1125 1032 1178 οὑτω
1059 1126 1152 1179 καὶ
1174 1127 1263 1179 ἐπὶ
1286 1127 1379 1179 τοῦ
1407 1127 1667 1197 παρόντος
1690 1128 1890 1202 βλέπω.

306 1218 381 1272 Τδ
409 1219 516 1291 γὰρ
549 1218 667 1272 νέον
706 1234 766 1270 τε
808 1217 902 1270 καὶ
944 1217 1209 1287 ἡμέτερον
1261 1217 1482 1289 ἄλγημα
1503 1257 1516 1281 ,
1548 1201 1658 1271 τῶν
1688 1201 1775 1272 διὰ
1796 1222 1895 1290 τῆς

310 1311 532 1381 μνήμης
564 1307 903 1376 ἀλγυνόντων
920 1309 1069 1378 ἡμᾶς
1106 1309 1251 1361 ἐστιν
1274 1308 1749 1381 ἐπικρατέστερον.
1773 1310 1895 1373 Πῶς

305 1401 413 1473 γὰρ
441 1401 540 1454 οὑκ
562 1398 626 1452 ἄν
659 1416 742 1463 τις
771 1399 865 1453 ἐπὶ
893 1401 1007 1463 τοῖς
1034 1400 1406 1471 συμϐεϐηκόσι
1462 1401 1626 1454 πάθοι
1655 1402 1785 1466 ςτίς
1811 1399 1897 1453 οὑ·
1920 1422 1929 1433 ·

304 1508 414 1554 τως
438 1490 657 1562 ἀπαθὴς
690 1492 789 1562 τὴν
818 1490 1032 1563 ψυχήνς
1067 1492 1163 1555 Τίς
1187 1491 1360 1554 οὑτως
1390 1492 1481 1544 τὸν
1508 1493 1707 1563 τρόπον
1741 1492 1891 1562 σιδή-

309 1599 451 1656 ρεος,
512 1583 586 1645 ὡς
632 1583 899 1654 ἀναλγητὶ
943 1582 1003 1636 τὸ
1055 1584 1266 1654 συμϐὰν
1318 1583 1605 1651 δέξασθαι;
1650 1585 1893 1652 Ἔγνωτε

309 1675 525 1738 πάντως
543 1674 641 1745 τὴν
669 1675 796 1727 νέαν
844 1673 1048 1745 ταύτην
1080 1692 1146 1727 πε
1155 1675 1409 1747 ριστερὰν
1438 1676 1534 1747 τὴν
1564 1678 1894 1747 ἐντρεφομέ-

308 1783 407 1839 νην
425 1769 492 1838 τῇ
521 1750 773 1838 βασιλικῇ
809 1765 989 1836 καλιᾷ,
1018 1765 1116 1836 τὴν
1152 1767 1276 1837 ἄρτι
1306 1768 1403 1837 μὲν
1430 1769 1806 1838 πτερουμένην
1834 1770 1892 1821 ἐν

308 1858 546 1931 λαμπρῷ
581 1857 657 1930 τῷ
692 1858 894 1929 πτερῷ,
933 1860 1247 1930 ὑπερϐᾶσαν
1285 1860 1340 1911 δὲ
1383 1860 1482 1928 τὴν
1523 1860 1740 1931 ἡλικίαν
1773 1862 1892 1924 ταῖς

306 1948 543 2020 χάρισιν,
579 1950 727 2012 ὅπως
751 1949 952 2018 ἀφεῖσα
991 1951 1090 2021 τὴν
1124 1950 1318 2003 καλιὰν
1355 1951 1557 2020 οἴχεται
1578 1968 1592 1981 ο
1618 1953 1764 2014 ὅπως
1790 1950 1894 2014 ἔξω

305 2040 414 2094 τῶν
436 2041 730 2111 ὀφθαλμῶν
757 2042 913 2112 ἡμῶν
948 2042 1187 2112 ἀπέπτη,
1223 2042 1369 2104 ὅπως
1402 2043 1573 2113 αὑτὴν
1619 2042 1828 2113 ἁθρόως
1866 2042 1894 2094 ὁ

308 2132 500 2201 φθόνος
514 2131 622 2184 τῶν
649 2132 846 2203 χειρῶν
863 2133 1021 2204 ἡμῶν
1049 2134 1375 2203 ἀφήρπασεν
1392 2148 1405 2163 ·
1431 2134 1539 2185 εἴτε
1567 2135 1894 2205 περιστερὰν

306 2226 411 2296 χρὴ
440 2225 618 2293 λέγειν
648 2225 873 2297 ταύτην,
900 2227 1009 2279 εἴτε
1052 2225 1302 2289 νεοθαλὲς
1330 2225 1508 2289 ἄνθος,
1541 2225 1568 2278 δ
1590 2226 1746 2279 οὔπω
1796 2227 1894 2296 μὲν

305 2315 425 2368 ὅλον
459 2314 565 2368 τῶν
598 2314 849 2368 καλύκων
882 2314 1205 2386 ἐξέλαμψεν,
1226 2315 1361 2368 ἀλλὰ
1407 2315 1468 2368 τὸ
1503 2316 1602 2387 μὲν
1644 2316 1890 2387 ἔλαμπεν

305 2407 428 2478 ἤδη,
452 2407 513 2459 τὸ
552 2407 608 2461 δὲ
641 2407 875 2478 λάμψειν
904 2408 1162 2478 ἠλπίζετο
1181 2425 1194 2439 ·
1220 2409 1311 2461 καὶ
1341 2410 1490 2478 ὅμως
1520 2412 1576 2462 ὲν
1599 2410 1678 2481 τῷ
1713 2411 1895 2483 μικρῷ

304 2514 364 2549 τε
400 2500 494 2552 καὶ
527 2497 708 2551 ἀτελεῖ
744 2498 1129 2569 ὑπερέλαμπεν
1162 2513 1176 2528 ο
1213 2499 1359 2562 ὅπως
1387 2500 1596 2567 ἁθρόως
1617 2502 1892 2574 ἐναπέσϐη

306 2591 373 2658 τῇ
402 2587 622 2650 κάλυκι,
652 2589 746 2643 καὶ
792 2589 922 2659 πρὶν
960 2589 1039 2650 εἰς
1076 2589 1262 2658 ἀκμὴν
1317 2589 1619 2660 προελθεῖν,
1650 2592 1742 2643 καὶ
1776 2592 1895 2644 ὅλον

305 2677 503 2750 εὐωδίᾳ
537 2678 770 2732 πετάσαι
794 2679 852 2731 τὸ
885 2679 1064 2742 ἄνθος,
1103 2680 1234 2732 αὐτὸ
1270 2681 1398 2750 περὶ
1433 2682 1591 2734 ἑαυτὸ
1618 2684 1893 2756 κατερρύη

305 2770 400 2822 καὶ
437 2769 583 2823 κόνις
610 2768 847 2837 ἐγένετο,
881 2767 910 2821 ὃ
937 2767 1060 2821 οὑτε
1090 2768 1353 2839 ἐδρέψατὸ
1381 2787 1486 2833 τις,
1519 2770 1639 2824 οὑτε
1664 2774 1894 2841 ἐστεφα-

305 2859 515 2913 νώσατο
543 2874 558 2888 ·
594 2859 730 2913 ἀλλὰ
778 2860 955 2931 μάτην
1001 2860 1036 2931 ἡ
1067 2859 1227 2929 φύσις
1267 2861 1532 2929 ὲπόνησεν
1560 2878 1573 2891 ·
1611 2856 1670 2916 οὑ
1710 2863 1770 2916 τὸ
1799 2865 1897 2933 μὲν

306 2950 509 3019 ἀγαθὸν
539 2953 597 3004 ἐν
621 2952 833 3004 ἐλπίσιν
873 2946 964 3022 ἦν,
992 2953 1020 3004 ὁ
1047 2951 1104 3004 δὲ
1141 2950 1333 3021 φθόνος
1365 2952 1551 3022 ξίφους
1575 2953 1730 3025 δίκην
1763 2955 1899 3009 πλά-

307 3057 423 3110 γιος
456 3040 713 3112 ἐμπεσὼν
756 3041 854 3112 τὴν
907 3040 1096 3095 ἐλπίδα
1151 3041 1423 3110 διέκοψεν.
1453 3043 1683 3113 Σεισμός
1716 3062 1801 3107 τις
1827 3040 1896 3115 ἦν

1994 590 2102 629 non
2143 588 2358 641 omnes,
2408 578 2472 630 ad
2515 591 2654 646 quos
2682 577 3089 634 incommodum
3123 579 3283 633 simul
3311 583 3573 649 pertinet,

1993 667 2245 720 concioui
2293 669 2567 722 intersunt
2607 684 2619 719 :
2658 676 2898 722 attamen
2945 684 3042 739 per
3073 685 3166 726 eos
3206 672 3297 740 qui
3350 673 3573 739 adsunt,

1996 756 2231 812 forsitan
2259 758 2421 811 etiam
2470 760 2526 812 in
2556 758 2813 813 absentes
2846 760 3026 837 oratio
3056 758 3444 827 divulgabitur.
3481 763 3575 816 Et-

1998 851 2143 905 enim
2175 851 2341 905 etiam
2390 850 2466 903 illi
2499 850 2622 904 boni
2660 858 2711 904 et
2756 851 3026 905 commodi
3063 852 3261 906 medici
3296 863 3445 915 sunt,
3478 871 3575 924 qut

1995 945 2262 998 adversus
2309 942 2635 997 excellentes
2683 949 2737 995 et
2787 954 3109 1013 superantes
3138 944 3355 999 dolores
3402 957 3578 1003 arteut

1995 1035 2308 1090 adhibendo
2342 1036 2675 1097 consistunt,
2718 1048 2930 1095 eorum,
2985 1049 3106 1100 qute
3153 1035 3333 1089 minus
3370 1036 3574 1092 doloris

1995 1126 2224 1191 faciunt,
2264 1128 2529 1182 malorum
2565 1125 2906 1180 curationem
2934 1124 3266 1177 diﬂ‘erentes.
3304 1124 3577 1191 Quemad-

1996 1220 2213 1273 modum
2257 1226 2436 1273 autem
2489 1220 2681 1272 harum
2728 1232 2910 1272 rerum
2953 1217 3110 1284 periti
3152 1218 3326 1279 aiunt,
3376 1220 3420 1272 si
3468 1220 3578 1273 duo

1996 1310 2158 1365 simul
2207 1312 2298 1364 uni
2332 1308 2548 1380 corpori
2592 1309 2810 1364 dolores
2840 1306 3161 1369 acciderint,
3204 1323 3328 1361 eum
3363 1311 3453 1377 qui
3483 1326 3579 1362 cx-

1996 1410 2216 1471 superet
2265 1418 2329 1456 ac
2359 1400 2671 1455 dominetur
2716 1400 2892 1453 solum
2937 1399 3153 1462 sentiri,
3188 1404 3579 1464 exsuperantia

1995 1497 2338 1563 praevalentis
2368 1495 2650 1550 cruciatus
2688 1494 2955 1547 minorem
3000 1491 3241 1546 dolorem
3272 1493 3429 1560 quasi
3466 1492 3581 1545 suf-

1998 1587 2215 1642 furante
2249 1606 2263 1641 :
2310 1588 2453 1642 idem
2489 1589 2652 1642 etiam
2701 1587 2757 1640 in
2793 1600 2851 1639 re
2886 1585 3141 1656 praesenti
3177 1584 3577 1638 animadverto.

1993 1676 2128 1731 Nam
2163 1687 2217 1731 et
2249 1693 2422 1731 novus
2455 1685 2749 1744 nosterque
2782 1677 3040 1744 pronrius
3068 1675 3244 1739 dolor,
3285 1677 3350 1730 iis
3390 1677 3576 1743 rebus,

1997 1775 2226 1841 quarum
2282 1769 2539 1822 memoria
2579 1768 2739 1821 nobis
2772 1767 2967 1822 acerba
3020 1773 3122 1833 est,
3174 1766 3374 1832 acrior,
3418 1778 3582 1838 atque

1995 1861 2372 1916 vehementior
2409 1869 2514 1914 est.
2551 1858 2686 1912 Nam
2714 1858 2807 1928 qui
2839 1857 3014 1927 possit
3048 1858 3250 1926 aliquis
3278 1859 3348 1912 ob
3370 1874 3433 1912 ea
3459 1875 3582 1928 quae

1997 1951 2338 2015 acciderunt,
2367 1966 2474 2003 non
2509 1948 2683 2003 allici?
2715 1949 2852 2014 Quis
2879 1950 3062 2002 animo
3105 1949 3241 2002 adeo
3270 1949 3482 2004 alienus
3513 1952 3582 2004 ab

1997 2044 2280 2097 all‘ectibus
2306 2042 2435 2098 est?
2485 2043 2620 2109 Quis
2651 2042 2789 2095 adeo
2833 2042 3078 2096 moribus
3111 2042 3323 2097 ferreus
3376 2052 3480 2109 est,
3524 2053 3583 2097 ttt

1997 2135 2205 2204 absque
2232 2135 2423 2189 dolore
2452 2134 2596 2204 quod
2630 2133 2851 2196 accidit,
2887 2134 3164 2204 excipiat?
3212 2133 3399 2190 Nostis
3427 2152 3584 2206 prore

1998 2237 2116 2277 eum
2150 2236 2390 2277 teneram
2438 2224 2580 2277 hanc
2614 2223 2947 2289 columbam,
2995 2239 3116 2294 quae
3163 2225 3216 2278 in
3267 2225 3397 2278 nido
3433 2227 3583 2296 regio

1996 2316 2364 2382 nutriebatur,
2405 2332 2525 2386 quae
2551 2315 2663 2386 jam
2703 2316 2939 2387 primum
2973 2316 3191 2386 quidem
3225 2317 3415 2373 nitidis
3450 2335 3584 2388 peu-

1997 2408 2083 2461 nis
2117 2408 2356 2462 volucris
2388 2409 2673 2471 evadebat,
2721 2408 2816 2462 sed
2857 2416 3066 2461 aetatem
3105 2410 3296 2479 gratiis
3322 2418 3375 2464 et
3411 2411 3583 2464 vitm--

1999 2498 2147 2551 libus
2183 2498 2496 2564 superabat,
2537 2505 2595 2551 ut
2640 2498 2829 2551 relicto
2876 2496 3004 2551 nido
3053 2497 3389 2565 disresserit,
3426 2508 3485 2554 ut
3516 2518 3583 2555 ex

1998 2588 2176 2642 oculis
2204 2588 2411 2641 nostris
2436 2588 2756 2651 avolaverit,
2786 2595 2845 2641 ut
2875 2603 2995 2642 eam
3030 2589 3237 2643 invidia
3271 2605 3494 2661 repente
3516 2594 3585 2649 de

1999 2679 2252 2732 manibus
2289 2680 2492 2732 nostris
2533 2679 2799 2748 rapuerit,
2835 2681 2950 2734 sive
2984 2682 3293 2736 columbam
3330 2685 3468 2739 hanc
3502 2685 3585 2740 di-

1998 2774 2396 2835 cerevoportet,
2446 2768 2559 2821 sive
2593 2781 2784 2821 recens
2832 2767 3193 2836 pullulantem
3245 2757 3456 2835 ﬂorem,
3490 2775 3585 2843 qui

1999 2857 2241 2911 nondum
2279 2858 2498 2927 quidem
2551 2866 2666 2914 toto
2699 2874 2798 2914 suo
2834 2860 3125 2930 splendore
3158 2878 3222 2915 ex
3255 2867 3484 2933 gemmis
3520 2882 3585 2921 ac.

1999 2947 2213 3016 vaginis
2236 2948 2574 3010 emersisset,
2611 2949 2704 3002 sed
2730 2951 2927 3018 partim
2959 2951 3176 3019 quidem
3204 2953 3317 3022 jam
3347 2958 3583 3012 enituis-

2000 3046 2103 3104 set,
2140 3040 2336 3107 partim
2368 3055 2497 3093 vero
2526 3040 2578 3092 in
2615 3040 2791 3093 lucem
2845 3056 3165 3097 cmersurus
3215 3057 3531 3113 speraretur
3570 3067 3582 3102 :

308 3132 587 3203 ἄντικρυς,
612 3133 851 3201 ἀδελφοὶ,
887 3132 948 3186 τὸ
981 3133 1272 3203 γενόμενον
1293 3150 1306 3163 ο
1342 3135 1582 3204 σεισμὸς,
1613 3136 1765 3189 οὐδὲν
1788 3137 1894 3189 τῶν

2001 3145 2103 3183 nec
2134 3145 2199 3184 eo
2227 3131 2406 3184 minus
2436 3130 2489 3183 in
2533 3132 2727 3201 exigua
2762 3142 2927 3202 atque
2974 3133 3288 3203 imperfecta
3320 3140 3402 3189 sui
3436 3147 3589 3207 palle

306 3226 562 3299 χαλεπῶν
605 3226 1026 3297 συμπτωμάτων
1073 3225 1600 3297 φιλανθρωπότερος.
1650 3228 1723 3280 Οὐ
1792 3227 1896 3299 γὰρ

272 3319 515 3389 ’ἄψυχον
565 3317 1013 3389 οἰκοδομημάτων
1067 3300 1262 3386 κάλλος
1324 3317 1681 3389 διελυμήνατο
1714 3336 1728 3350 ·
1775 3320 1896 3373 οὐδὲ

308 3407 554 3471 εὐανθεῖς
586 3408 825 3479 γραφὰς,
856 3407 891 3478 ἢ
909 3408 1070 3461 λίθων
1094 3407 1396 3481 περικαλλῆ
1426 3408 1670 3478 θεάματα
1694 3411 1774 3473 εἰς
1793 3410 1896 3480 γῆν

309 3496 643 3552 κατέϐαλεν·
670 3497 784 3550 ἀλλ’
817 3498 989 3569 αὐτῆς
1032 3499 1131 3571 τῆς
1185 3498 1400 3568 φύσεως
1443 3500 1504 3552 τὸ
1554 3500 1894 3572 οἰκοδόμημα

309 3588 560 3662 λαμπρὸν
610 3590 687 3661 τῷ
736 3591 941 3655 κάλλει,
992 3592 1443 3663 ὑπεραττράπτον
1485 3594 1603 3656 ταῖς
1636 3592 1891 3664 χάρισιν,

309 3681 521 3754 ἀθρόως
549 3682 872 3754 προσπεσὼν
900 3685 927 3737 ὁ
957 3683 1177 3753 σεισμὸς
1199 3675 1353 3747 οὗτος
1372 3683 1630 3737 διέλυσεν.

2003 3222 2204 3277 mirum
2263 3223 2318 3275 in
2374 3222 2593 3276 modum
2652 3226 3072 3294 resplenderct:
3133 3238 3193 3281 ut
3254 3240 3479 3298 repente
3534 3234 3587 3286 in

1998 3328 2208 3383 gemma
2231 3315 2582 3379 emareucrit,
2613 3328 2677 3368 ac
2706 3316 3024 3386 priusquam
3057 3317 3122 3372 ad
3154 3333 3313 3373 suum
3344 3322 3585 3391 vigorem

1998 3406 2362 3477 pervenisset,
2408 3420 2471 3460 ac
2504 3422 2778 3462 summum
2826 3407 3224 3463 incrementum
3273 3420 3468 3467 nactus
3501 3429 3590 3466 cs-

1998 3508 2103 3567 set,
2150 3506 2439 3568 totumque
2486 3513 2613 3552 cum
2661 3500 2815 3553 suavi
2841 3499 3006 3554 odore
3039 3500 3289 3556 decorem
3328 3503 3589 3572 panderet

1997 3604 2063 3645 ac
2086 3590 2440 3655 diﬂ‘underet,
2472 3591 2588 3659 ipse
2629 3590 2780 3644 circa
2813 3605 2871 3644 se
2900 3589 3192 3645 deﬂuxerit
3221 3601 3273 3648 et
3305 3594 3359 3646 in
3404 3596 3591 3662 pulve-

1987 3696 2102 3738 rem
2137 3682 2393 3735 redactus
2427 3681 2520 3744 sit,
2553 3695 2716 3750 quem
2751 3696 2928 3750 neque
2958 3684 3249 3753 quisquam
3285 3684 3587 3756 decerpsit,

307 3788 487 3846 neque
516 3777 740 3830 coronis
769 3774 1070 3845 adaptavit,
1114 3775 1211 3832 sed
1255 3775 1462 3831 frustra
1494 3783 1692 3830 natura
1729 3775 2049 3831 laboravit:
2098 3773 2188 3828 ubi
2222 3772 2427 3826 bonum
2488 3772 2708 3842 quidem
2743 3782 2862 3828 erat
2909 3773 2962 3828 in
3025 3790 3121 3843 spe
3187 3784 3241 3831 et
3307 3787 3592 3848 exspecta-

306 3872 480 3936 tione,
527 3868 731 3924 invidia
761 3884 892 3926 vero
934 3869 1098 3939 gladii
1149 3870 1321 3925 instar
1364 3886 1431 3926 ex
1475 3877 1796 3926 transverso
1837 3872 2055 3926 irruens
2126 3883 2272 3939 spem
2335 3868 2655 3937 interrupit.
2711 3868 3084 3924 Terraemotus
3144 3873 3367 3942 qui..'am
3410 3877 3588 3946 plane,

306 3953 546 4025 fratres,
611 3971 729 4028 erat
810 3959 866 4014 id
934 3960 1081 4029 quod
1159 3960 1401 4028 accidit,
1469 3969 1816 4017 terraemotus
1880 3961 2091 4016 acerbis
2134 3958 2356 4013 casibus
2411 3958 2584 4013 nihilo
2644 3959 2849 4019 mitior.
2916 3958 3031 4019 Non
3090 3963 3233 4017 enim
3290 3965 3589 4023 inanimum

308 4049 666 4105 aediﬁciorum
697 4050 865 4107 decus
912 4051 1263 4107 labefactavit
1296 4069 1311 4108 :
1348 4069 1527 4123 neque
1589 4053 1809 4108 lloridas
1850 4054 2097 4123 picturas
2166 4059 2259 4103 aut
2304 4050 2541 4119 lapidum
2599 4051 2813 4105 eximiae
2882 4053 3306 4121 pulchritudinis
3379 4067 3592 4127 specta-

309 4143 434 4196 cula
479 4144 627 4197 humi
664 4145 961 4214 prostravit
997 4162 1009 4198 :
1042 4146 1135 4199 sed
1170 4146 1344 4213 ipsius
1367 4156 1584 4200 natura:
1612 4146 1902 4201 mdilieium
1960 4142 2377 4214 pulchritudine
2413 4143 2761 4214 splendidum
2786 4183 2800 4208 ,
2850 4149 3147 4215 gratiarum
3201 4163 3265 4202 ac
3326 4151 3589 4206 virtutum

309 4236 527 4307 fulgore
561 4238 856 4303 excellens,
894 4245 1117 4307 repente
1148 4237 1351 4306 impetu
1380 4237 1522 4293 facto
1554 4247 1897 4293 terraemotus
1930 4238 2020 4291 hic
2051 4235 2324 4289 dissolvit.

380 4325 535 4385 Εἶδον
557 4327 667 4399 ἐγὼ
698 4329 790 4383 καὶ
821 4330 882 4383 τὸ
911 4330 1110 4401 ὑψηλὸν
1139 4329 1311 4402 ἔρνος,
1341 4332 1432 4385 τὸν
1469 4332 1732 4403 ὑψίκομον
1770 4333 1887 4401 φοί·-

2063 4327 2187 4382 Vidi
2220 4343 2320 4400 ego
2344 4328 2507 4383 etiam
2542 4328 2777 4383 sublime
2814 4329 2946 4382 illud
2991 4344 3237 4400 germen,
3272 4331 3589 4389 alticomam

308 4441 438 4480 νικα
464 4423 543 4495 (τὸ
572 4422 845 4493 βασιλικόν
880 4441 1020 4494 φημι
1064 4423 1283 4496 κράτος)
1310 4424 1399 4477 τὸν
1438 4429 1559 4488 ταῖς
1595 4426 1896 4495 βασιλικαῖς

310 4517 537 4588 ἀρεταῖς
563 4511 675 4569 οἷόν
724 4534 832 4569 τισι
881 4516 1095 4580 κλάδοις
1126 4515 1307 4586 πάσης
1336 4516 1754 4585 ὑπερανεστῶτα
1802 4517 1900 4586 τῆς

309 4607 640 4679 οἰκουμένης
669 4608 761 4660 καὶ
808 4608 985 4661 πάντα
1029 4607 1466 4677 διαλαμϐάνοντα
1500 4623 1513 4636 ⁸
1548 4601 1684 4660 εἶδον
1739 4607 1900 4661 αὑτὸν

310 4697 423 4752 τῶν
452 4697 552 4768 μὲν
578 4696 751 4751 ἄλλων
777 4696 1100 4767 κρατοῦντα,
1123 4699 1188 4768 τῇ
1220 4697 1275 4749 δὲ
1302 4695 1459 4765 φύσει
1493 4696 1898 4767 καμπτόμενον,

310 4788 410 4843 καὶ
456 4787 595 4860 πρὸς
655 4788 753 4858 τὴν
792 4785 1061 4857 ἀποϐολὴν
1110 4786 1203 4839 τοῦ
1249 4785 1440 4850 ἄνθους
1472 4785 1895 4857 ἐπικλινόμενον.

313 4875 470 4936 Εἶδον
506 4879 599 4933 καὶ
632 4877 730 4949 τὴν
759 4878 951 4947 εὐγενῆ
981 4876 1281 4948 κληματίδα
1301 4876 1397 4948 τὴν
1436 4875 1901 4948 περιειλημμένην

310 4971 392 5043 τῷ
420 4972 642 5042 φοίνικι,
681 4969 780 5041 τὴν
828 4969 888 5021 τὸ
921 4968 1079 5032 ἄνθος
1109 4972 1241 5039 ἡμῖν
1276 4970 1434 5022 τοῦτο
1464 4969 1752 5034 ὠδίνασαν,
1783 4968 1901 5033 οἵας

316 5064 526 5134 ὑπέστη
552 5066 616 5116 ἐκ
635 5060 891 5131 δευτέρου
921 5059 1079 5113 πάλιν
1105 5060 1297 5124 ὠδῖνας
1313 5062 1369 5113 ἐν
1386 5060 1552 5131 ψυχῇ,
1581 5062 1681 5113 οὑκ
1709 5062 1766 5113 ἐν
1798 5059 1902 5113 σώ-

316 5173 448 5228 ματι
476 5196 490 5219 ,
525 5156 612 5209 ὅτε
661 5153 832 5223 αὑτῆς
887 5146 1040 5215 οὗτος
1068 5153 1096 5204 ὁ
1145 5152 1370 5221 βλαστὸς
1411 5152 1728 5205 ἀπετίλλετο
1758 5170 1771 5183 ο
1806 5152 1900 5216 Τίς

312 5244 659 5307 ἀστενάκτως
694 5242 756 5295 τὸ
781 5240 949 5304 πάθος
978 5239 1363 5310 παρέδραμενς
1393 5241 1487 5304 Τίς
1521 5241 1620 5310 τὴν
1654 5239 1747 5294 τοῦ
1785 5240 1900 5310 βίου

314 5335 519 5407 ζημίαν
548 5336 646 5388 οὐκ
694 5332 1013 5404 ὠλοφύρατο
1043 5348 1057 5398 ;
1093 5332 1186 5394 Τίς
1225 5331 1326 5384 οὑκ
1352 5333 1604 5402 ἐπαφῆκε
1631 5332 1709 5404 τῷ
1740 5332 1901 5386 πάθει

312 5426 526 5496 δάκρυα
565 5441 579 5490 ;
619 5426 714 5488 Ti;
768 5425 828 5478 οὑ
888 5421 1146 5492 κατέμιξε
1200 5424 1263 5492 τῇ
1317 5425 1465 5494 κοινῇ
1524 5424 1756 5493 συνῳδέᾳ
1808 5422 1900 5477 τοῦ

316 5518 519 5589 θρήνου
546 5515 643 5579 τὰς
692 5517 826 5578 ἰδίας
860 5516 1077 5586 φωνάς;
1111 5505 1265 5565 Εἶδον
1294 5512 1471 5582 θέαμα
1517 5515 1726 5581 πιστὸν,
1749 5514 1777 5568 ὃ
1803 5516 1902 5569 οὑκ

316 5609 386 5669 ἂν
410 5610 491 5673 εἰς
516 5608 692 5662 πίστιν
715 5609 854 5663 ἔλθοι
877 5611 988 5673 τοῖς
1014 5609 1151 5677 ἀκοῇ
1184 5605 1643 5677 παραδεχομένοις
1672 5607 1741 5661 τὰ
1769 5607 1901 5661 θαύ-

2004 4419 2242 4488 palmam
2285 4417 2714 4489 (imperatoriam
2753 4418 2878 4473 dico
2910 4419 3228 4488 potentiam)
3268 4436 3389 4488 qua:
3418 4422 3591 4493 impe-

2003 4511 2230 4566 ratoriis
2277 4510 2578 4566 virtutibus
2633 4510 2795 4565 veluti
2843 4512 3011 4565 ramis
3047 4511 3374 4579 quibusdam
3424 4528 3590 4582 supra

2003 4616 2219 4654 omnem
2252 4601 2455 4656 eminet
2488 4601 2674 4655 orbem
2707 4610 3000 4661 terrarum,
3052 4605 3106 4653 et
3151 4598 3336 4652 omnia
3387 4603 3594 4671 ample-

2004 4695 2170 4747 ctitur
2193 4709 2207 4757 ;
2233 4693 2366 4757 vidi,
2393 4694 2637 4763 inquam,
2664 4708 2787 4748 eum
2819 4700 3050 4747 cazteros
3077 4690 3295 4756 quidem
3329 4708 3596 4771 superati-

2005 4793 2109 4839 tem
2144 4794 2308 4855 atque
2342 4786 2671 4852 vincentem,
2710 4795 2921 4840 naturae
2951 4801 3083 4840 vero
3112 4787 3586 4853 succumbenteui,

2010 4884 2066 4931 et
2093 4877 2162 4930 ob
2195 4876 2460 4931 amissum
2490 4875 2988 4939 ﬂorem,inclinari.
3045 4875 3166 4930 Vidi
3197 4877 3326 4931 item
3360 4892 3594 4946 genero-

2006 4982 2124 5023 sam
2175 4967 2326 5020 illam
2378 4969 2544 5023 vitem
2596 4985 2761 5039 quam
2799 4970 2977 5039 palma
3012 4970 3259 5038 amplexa
3298 4975 3415 5033 est,
3473 4986 3595 5039 qua:

2006 5059 2197 5113 ﬂorem
2241 5058 2388 5113 hunc
2430 5061 2591 5116 nobis
2640 5071 2965 5132 pepererat,
3021 5061 3341 5130 qualesnam
3394 5060 3592 5115 iterum

2005 5153 2075 5209 de
2112 5153 2327 5222 integro
2356 5154 2513 5223 quasi
2546 5155 2768 5224 pariens
2812 5153 3035 5208 dolores
3085 5153 3288 5217 animo,
3327 5168 3433 5207 non
3470 5168 3597 5207 cor-

2003 5257 2135 5312 pore
2157 5242 2444 5307 sustinuit,
2477 5259 2600 5298 cum
2636 5244 2739 5298 hoc
2771 5244 2841 5298 ab
2873 5260 2936 5298 ea
2970 5260 3192 5315 germen
3224 5244 3597 5299 avelleretur?

2004 5334 2141 5402 Quis
2177 5335 2385 5405 absque
2417 5336 2676 5406 lacrymis
2706 5336 2915 5390 cladem
2953 5335 3258 5406 praateriit?
3306 5335 3441 5401 Quis
3466 5334 3593 5390 vitae

2003 5429 2266 5482 damnum
2295 5442 2403 5482 non
2451 5427 2791 5497 deploravit?
2826 5425 2962 5492 Quis
2993 5427 3291 5481 calamitati
3322 5442 3426 5481 nou
3465 5427 3590 5481 illa-

2005 5528 2289 5591 crymatus
2316 5527 2398 5576 est
2428 5520 2477 5574 Τ
2504 5518 2639 5585 Quis
2692 5518 2971 5573 communi
3004 5519 3299 5572 concentui
3330 5517 3591 5572 lamenta.

2006 5611 2174 5669 tionis
2207 5628 2336 5670 suas
2368 5628 2531 5670 voces
2560 5627 2668 5668 non
2699 5610 3033 5667 admiscuit?
3065 5607 3186 5664 Vidi
3216 5609 3591 5681 spectaculum
