4050 6164
475 306 582 364 867

1745 303 1801 358 s.
1839 282 2168 361 euecon'u
2194 301 2485 358 NYSSENI

3604 298 3719 357 36*!

477 429 690 476 certum
718 427 774 476 et
800 421 1163 491 exploratum,
1194 421 1339 490 quod
1375 421 1466 492 qui
1497 421 1776 476 auditione
1812 436 1875 476 ac
1904 420 2043 475 fama

2155 439 2316 493 ματα.
2356 418 2507 473 Εἶδον
2532 418 2592 483 ἐξ
2612 416 2909 488 ἀνθρώπων
2939 414 3170 483 πέλαγος
3201 413 3266 482 τῇ
3299 409 3590 481 πυκνότητι
3606 408 3722 463 τῶν

478 511 744 563 tniraCula
779 511 1072 578 accipiunt,
1109 525 1218 564 non
1269 512 1514 565 credant.
1547 510 1663 565 Vidi
1697 513 1920 581 pelagus
1954 513 2053 564 ho—

478 602 706 663 minum,
742 601 886 670 quod
923 600 1232 669 frequentia
1263 611 1741 673 congregatarum,
1788 611 2048 671 tanquam

478 705 618 757 aqua
649 692 896 758 quaedam
921 691 976 743 in
1004 706 1194 746 omnes
1224 702 1405 761 partes
1436 708 1557 747 sese
1586 695 1761 748 oculis
1790 693 2005 747 oﬂ‘erret
2033 711 2046 745 :

477 780 695 849 plenqu
728 792 845 835 erat
874 783 1161 851 templum,
1212 785 1431 851 plenum
1480 786 1664 854 templi
1696 784 2044 846 vestibulum,

476 871 735 939 adjuncta
782 872 992 941 platea,
1048 873 1372 942 angiporta,
1427 874 1595 936 bivia,
1634 874 1831 939 media,
1868 883 2049 927 trans-

476 978 653 1024 versa,
691 965 868 1032 ampla
897 972 1160 1017 tectorum
1197 967 1372 1031 spatia
1405 983 1417 1018 :
1450 966 1710 1034 quidquid
1745 965 2044 1029 videbatur,

475 1052 756 1106 hominum
789 1055 1005 1122 plenum
1036 1061 1174 1116 erat,
1222 1056 1380 1123 quasi
1414 1065 1560 1111 totus
1593 1064 1862 1110 terrarum
1896 1054 2049 1108 orbis

475 1153 696 1212 pmpter
730 1143 938 1198 cladem
974 1151 1028 1198 et
1058 1144 1418 1199 infortunium
1459 1147 1590 1200 illud
1621 1149 1673 1200 in
1706 1163 1872 1199 unum
1915 1160 2048 1199 con-

475 1235 760 1288 currisset.
800 1233 1181 1302 Spertaculum
1216 1247 1396 1291 autem
1441 1239 1698 1293 omnibus
1733 1238 2047 1306 propositus

473 1333 592 1380 erat
621 1342 775 1381 sacer
798 1327 887 1380 ille
921 1326 1045 1390 llos,
1074 1328 1166 1397 qui
1193 1328 1248 1381 in
1279 1343 1443 1382 aurea
1473 1330 1663 1382 lectica
1696 1328 2042 1384 aﬂ'erebatur.

480 1417 547 1471 Ut
578 1416 822 1470 omnium
856 1417 1241 1485 aspicientium
1293 1419 1478 1472 vultus
1515 1418 1739 1472 demissi
1772 1434 1836 1472 ac
1863 1419 2046 1472 musti

476 1510 663 1562 erant!
717 1507 788 1560 Ut
820 1510 1078 1579 laerymis
1108 1510 1251 1562 oculi
1286 1508 1513 1578 oppleti,
1565 1524 1760 1563 manus
1796 1511 1937 1562 inter
1989 1525 2047 1564 se

475 1596 717 1655 collisaz,
776 1597 1011 1665 gemitus
1065 1599 1241 1651 adhuc
1276 1599 1529 1651 intimum
1574 1599 1757 1652 cordis
1805 1599 2043 1652 dolorem

473 1685 811 1741 indicantes!
861 1687 974 1740 Non
1008 1689 1139 1740 mihi
1172 1688 1225 1743 in
1275 1689 1367 1742 illo
1403 1695 1646 1757 tempore
1697 1689 1947 1757 (forsitan
1980 1705 2045 1743 ne

472 1777 685 1831 caneris
709 1777 948 1847 quidem,
979 1780 1071 1847 qui
1100 1789 1227 1832 tunc
1258 1779 1509 1849 aderant)
1538 1780 1713 1833 visum
1740 1787 1822 1833 est
1852 1795 2043 1832 aurum

473 1869 708 1920 naturali
743 1883 843 1921 suo
873 1869 1069 1922 decore
1116 1871 1385 1923 nitescere
1411 1909 1426 1935 ,
1474 1869 1772 1938 quinetiam
1806 1869 2043 1935 lapidum

474 1956 733 2026 fulgores,
769 1966 823 2011 et
853 1958 1003 2011 aurei
1036 1959 1224 2027 panni,
1269 1967 1322 2011 et
1362 1959 1571 2029 argenti
1620 1959 1959 2027 splendores,
1991 1966 2045 2011 et

472 2047 655 2102 lumen
683 2049 845 2118 ignis,
870 2049 1013 2118 quod
1047 2058 1099 2103 et
1127 2051 1353 2103 multum
1386 2058 1442 2104 et
1472 2051 1752 2118 copiosum
1777 2065 1839 2104 ex
1866 2058 2045 2103 trans-

469 2155 631 2194 verso
687 2139 942 2208 utrinque
1009 2138 1418 2194 continentibus
1473 2140 1647 2194 cereis
1702 2140 2043 2209 lampadibus

469 2232 950 2303 praetendebatur:
1000 2233 1184 2287 omnia
1238 2234 1383 2289 luctu
1427 2235 1589 2289 simul
1638 2234 2041 2305 nigrescebant,

468 2323 604 2377 nihil
654 2327 895 2378 omnium
941 2339 1123 2379 rerum
1170 2326 1481 2381 communis
1524 2327 1799 2381 mmstitite
1850 2342 2043 2395 expers

468 2422 608 2468 erat.
658 2411 812 2469 Tunc
861 2415 1024 2469 etiam
1075 2430 1303 2484 magnus
1350 2415 1512 2471 David
1561 2434 1693 2473 suos
1734 2420 1962 2490 hymnos
1991 2427 2044 2474 et

468 2504 688 2559 laudum
718 2505 1132 2560 decantatioues
1159 2506 1635 2563 lamentationibus
1664 2511 2045 2564 accommoda-

464 2596 581 2659 vit,
627 2610 691 2648 ac
724 2611 822 2665 pro
854 2592 1013 2649 hilari
1050 2593 1217 2651 choro
1257 2606 1475 2668 sumpto
1520 2600 1751 2654 invicem
1787 2602 1930 2656 tristi
1982 2618 2046 2658 ac

466 2687 681 2756 lugubri
711 2685 1000 2742 cantilenis
1022 2687 1087 2740 ad
1123 2689 1540 2745 lamentationes
1565 2692 1832 2746 invitavit.
1868 2695 2042 2764 Atque

467 2774 613 2827 omni
653 2790 745 2843 per
797 2776 947 2827 illum
995 2776 1256 2845 temporis
1302 2778 1595 2833 articulum
1649 2782 1930 2851 voluptate
1974 2783 2044 2839 ab

468 2864 669 2917 animis
701 2866 856 2937 pulsa
890 2873 1052 2934 atque
1084 2876 1380 2933 summota,
1428 2870 1559 2924 sola:
1595 2871 1844 2943 lat-ryma:
1873 2872 2045 2926 homi-

469 2955 635 3010 nibus
671 2955 939 3024 voluptati
974 2965 1148 3009 erant.

542 3045 808 3112 Quoniam
852 3047 1016 3116 igitur
1061 3055 1348 3117 tantop~re
1392 3066 1422 3103 a
1466 3053 1879 3120 perturbatione
1906 3042 2078 3120 ratio:

469 3143 611 3196 vieta
646 3150 730 3197 est
762 3160 775 3196 :
806 3143 947 3195 haud
979 3143 1351 3212 importunum
1387 3145 1549 3199 fuerit
1577 3159 1808 3201 mentem
1848 3150 2044 3221 fatiga-

471 3242 581 3286 tam
645 3249 768 3286 cum
830 3236 1042 3288 ratione
1093 3234 1340 3290 adhibito
1383 3236 1647 3303 consilio,
1701 3242 1878 3308 quoad
1926 3243 2045 3311 ejus

472 3324 585 3377 ﬁeri
632 3332 832 3393 potest,
877 3325 1103 3380 reticere
1156 3334 1320 3398 atque
1356 3326 1700 3383 conﬁrmare.
1736 3330 2042 3385 Periculum

467 3416 613 3471 enim
671 3418 814 3471 haud
871 3433 1096 3487 parvum
1146 3427 1266 3480 est,
1333 3436 1401 3474 ne
1446 3421 1493 3475 si
1543 3421 1595 3474 in
1654 3422 1755 3475 huc
1802 3420 2044 3492 Apostoli

475 3504 622 3558 dicto
651 3504 937 3561 audientes
979 3523 1086 3561 non
1122 3507 1406 3569 fuerimus,
1450 3523 1558 3563 una
1588 3525 1710 3563 cum
1751 3527 1846 3580 spe
1879 3513 2047 3567 desti-

479 3597 617 3650 tutis
653 3595 1104 3651 condemnemur.
1150 3596 1238 3650 Ait
1271 3599 1440 3663 enim,
1489 3597 1945 3668 quemadmodum
1978 3618 2045 3657 ex

467 3702 553 3747 eo,
586 3687 679 3755 qui
714 3686 919 3741 dudum
960 3688 1246 3753 recitabat,
1288 3688 1619 3753 audivimus,
1658 3705 1763 3743 non
1793 3701 2046 3760 oportere

469 3778 692 3832 tristitia
723 3794 823 3833 nos
845 3777 978 3832 allici
1005 3781 1225 3833 nomine
1253 3778 1638 3833 dormientium
1661 3778 1700 3833 ¹.
1738 3779 1866 3834 Eam
1895 3783 2042 3836 enim

469 3867 938 3935 perturbationem
1001 3867 1218 3920 illorum
1255 3868 1523 3920 duntaxat
1561 3883 1706 3931 esse,
1748 3874 1840 3939 qui
1891 3887 2042 3940 spem

468 3971 576 4011 non
614 3958 870 4009 habeant.
924 3955 1028 4010 Sed
1057 3955 1278 4020 dixerit,
1312 3958 1526 4025 opinor,
1560 3945 1760 4028 aliquis
1789 3961 1854 4014 de
1883 3978 2045 4032 grege

466 4048 967 4116 pusillanimorum,
1001 4062 1063 4101 ea
1094 4064 1215 4117 quae
1245 4048 1360 4102 ﬁeri
1392 4065 1496 4103 non
1530 4051 1760 4119 possint,
1796 4050 2040 4107 divinum

468 4138 794 4206 Apostolum
824 4138 1039 4206 jubere,
1074 4150 1128 4193 et
1156 4140 1272 4196 suis
1313 4142 1600 4212 prmceptis
1634 4159 1894 4212 superare
1940 4160 2043 4199 na-

471 4236 675 4282 turam.
710 4228 814 4295 Qui
854 4230 996 4283 enim
1032 4231 1146 4285 ﬁeri
1176 4240 1375 4301 potest,
1409 4241 1469 4287 ut
1503 4234 1789 4289 aﬂ'ectuum
1827 4245 2043 4305 pertur-

471 4321 747 4374 bationem
783 4329 1004 4390 superet
1035 4325 1081 4377 is
1110 4323 1203 4392 qui
1228 4325 1361 4378 vivit
1390 4325 1442 4378 in
1467 4334 1683 4386 natura,
1715 4343 1822 4381 neu
1857 4326 2041 4383 vinca-

2154 511 2500 565 συνεστώτων
2532 549 2547 574 ,
2582 504 2692 562 οἷόν
2742 525 2795 560 τι
2844 507 2987 576 ὕδωρ
3033 500 3171 557 κατά
3226 505 3334 556 πᾶν
3393 500 3557 572 μέρος
3605 503 3722 563 τοῖς

2152 600 2445 670 ὀφθαλμοῖς
2491 599 2938 669 προφαινόμενον,
2983 596 3195 665 πλήρης
3234 596 3262 646 ὁ
3308 584 3427 655 ναός
3464 609 3478 623 ’
3512 593 3721 663 πλῆρες

2150 692 2241 744 τοῦ
2272 692 2398 745 ναοῦ
2447 691 2504 743 τὸ
2538 688 2828 761 προαύλιον
2848 729 2860 749 ,
2979 685 3299 756 ἐκδεχομένη
3352 683 3577 736 πλατεῖα
3601 724 3614 745 ,
3650 682 3723 736 τὰ

2150 783 2384 854 ἄμφοδα,
2409 786 2441 854 ἡ
2478 784 2639 852 μέση,
2669 781 2738 835 τὰ
2762 782 2984 848 πλάγια,
3013 784 3045 850 ὴ
3079 780 3170 831 ἐπὶ
3206 779 3313 830 τῶν
3336 777 3599 847 δωμάτων
3626 775 3721 828 εὑ-

2152 876 2423 948 ρυχωρία⁸
2455 877 2561 927 πᾶν
2587 874 2645 927 τὸ
2682 874 2952 944 ὁρώμενον
2986 870 3284 940 ἀνθρώπων
3315 869 3584 937 πλήρωμα
3624 861 3717 936 ἦν,

2150 969 2335 1040 ὥσπερ
2359 970 2537 1038 πάσης
2570 970 2666 1037 τῆς
2694 963 3013 1033 οἰκουμένης
3045 963 3125 1023 είς
3153 959 3343 1013 ταύτὸν
3376 956 3717 1028 συνδραμούά

2152 1080 2250 1132 σης
2273 1061 2365 1113 ἐπὶ
2389 1060 2465 1129 τῷ
2487 1058 2668 1123 πάθει.
2700 1057 2889 1126 Θέαμα
2919 1055 2973 1107 δὲ
3008 1054 3291 1124 προέκειτο
3316 1052 3448 1103 πᾶσι
3486 1047 3545 1101 τὺ
3575 1049 3719 1117 ἱερὸν

2147 1154 2306 1215 ἄνθος
2334 1155 2507 1205 ἐκεῖνο
2559 1150 2651 1203 ἐπὶ
2691 1149 2872 1218 κλίνης
2928 1145 3132 1218 χρυσῆς
3183 1143 3560 1214 κομιζόμενον.
3592 1140 3718 1229 Πῶς

2148 1248 2362 1315 κατηφῆ
2395 1244 2609 1298 πάντων
2641 1240 2705 1313 ἦν
2736 1243 2842 1294 τῶν
2894 1238 3281 1312 προσορῶντων
3305 1236 3373 1288 τά
3410 1232 3712 1305 πρόσωπαι

2114 1382 2121 1389 .
2147 1338 2270 1400 Πῶς
2309 1337 2681 1409 δεδακρυμένα
2708 1336 2776 1388 τά
2799 1335 3018 1404 ὄμματα
3043 1335 3056 1386 ἓ
3088 1334 3267 1403 χεῖρες
3296 1326 3550 1398 ἀλλήλαις
3594 1331 3720 1376 συν-

2147 1428 2543 1498 αρασσόμεναιὲ
2578 1425 2866 1496 στεναγμοὶ
2901 1423 3035 1494 πρὸς
3070 1421 3276 1482 τούτοις
3304 1420 3400 1489 τὴν
3430 1416 3719 1485 ἐγκάρδιον

2146 1520 2336 1589 ὀδύνην
2358 1519 2827 1589 καταμηνύοντεςῐ
2869 1514 2942 1569 υΰ
2984 1532 3071 1584 μοι
3094 1511 3237 1575 ἔδοξε
3269 1510 3405 1564 κατὰ
3436 1510 3531 1579 τὴν
3564 1506 3718 1578 ὤραν

2148 1609 2361 1679 ἐκείνην
2391 1609 2550 1679 (τάχα
2570 1608 2626 1661 δὲ
2655 1608 2774 1660 οὐδὲ
2802 1608 2911 1669 τοῖς
2936 1604 3110 1666 ἄλλοις
3132 1603 3239 1655 τῶν
3262 1602 3382 1654 τότε
3410 1600 3717 1668 παρόντων)

2145 1700 2241 1771 τὴν
2274 1703 2337 1753 ὲκ
2366 1700 2574 1768 φύσεως
2608 1700 2764 1770 χάριν
2791 1699 2818 1750 6
2850 1697 3046 1767 χρυσὸς
3075 1694 3437 1756 ἀποστίλϐειν,
3456 1691 3589 1744 ἀλλά
3618 1684 3716 1742 καὶ

2146 1790 2331 1843 αἰτῶν
2362 1790 2521 1843 λίθων
2569 1791 2762 1857 αὐγαὶ,
2793 1789 2888 1842 καὶ
2919 1788 2987 1840 τὰ
3038 1789 3103 1840 ἐκ
3142 1784 3343 1857 χρυσοῦ
3393 1782 3715 1851 ὑφάσματα,

2146 1883 2239 1935 καὶ
2265 1883 2319 1934 αἱ
2352 1880 2445 1934 τοῦ
2470 1882 2708 1951 ἀργύρου
2755 1878 3145 1950 μαρμαρυγαὶ,
3175 1877 3268 1930 καὶ
3298 1875 3359 1927 τὸ
3388 1877 3451 1927 ἐκ
3478 1873 3571 1926 τοῦ
3608 1890 3718 1924 πυ-

2149 1973 2238 2044 ρὸς
2258 1972 2391 2041 φῶς,
2425 1971 2556 2025 πολύ
2594 1990 2652 2025 τε
2680 1973 2772 2025 καὶ
2811 1970 3039 2039 ἄφθονον
3085 1968 3224 2021 κατά
3250 1967 3317 2020 τὰ
3353 1966 3557 2033 πλάγια
3582 1967 3717 2017 ἑκαο

2144 2064 2377 2135 τέρωθεν
2407 2067 2470 2135 τῇ
2507 2060 2753 2135 συνεχείᾳ
2799 2062 2904 2116 τῶν
2950 2063 3014 2114 ὲκ
3059 2060 3151 2113 τοῦ
3196 2058 3365 2131 κηροῦ
3414 2057 3715 2127 λαμπάδων

2145 2155 2599 2224 παρατεινόμενον
2640 2170 2653 2185 ο
2693 2153 2867 2208 πάντα
2917 2151 2993 2222 τῷ
3039 2149 3222 2204 πένθει
3270 2140 3710 2218 συνεμελαίνετο,

2145 2244 2238 2297 καὶ
2282 2244 2456 2297 πάντα
2508 2246 2717 2314 μετεῖχε
2748 2246 2843 2314 τῆς
2884 2244 3067 2312 κοινῆς
3097 2239 3415 2310 κατηφείας.
3447 2239 3579 2291 Τότε
3613 2238 3715 2291 καὶ

2143 2336 2171 2386 6
2198 2334 2368 2403 μέγας
2395 2334 2555 2388 Δαϐὶδ
2577 2334 2675 2398 τὰς
2706 2334 2837 2397 ιδίας
2868 2334 3135 2405 ὑμνῳδίας
3162 2335 3271 2394 τοῖς
3306 2331 3518 2402 θρήνοις
3546 2329 3714 2401 ἐχρη-

2147 2439 2255 2486 σεν,
2299 2425 2392 2476 καὶ
2419 2424 2538 2477 ἀντὶ
2590 2425 2817 2495 φαιδρᾶς
2855 2423 3207 2495 χοροστασίας
3256 2419 3572 2491 μεταλαϐὼν
3610 2422 3712 2489 τὴν

2143 2515 2340 2586 γοεράν
2389 2532 2449 2567 τε
2508 2516 2601 2568 καὶ
2640 2516 2928 2586 πένθιμον,
2962 2513 3263 2580 ἐξεκαλεῖτο
3310 2515 3435 2576 τοὺς
3478 2512 3710 2584 θρήνους

2142 2605 2254 2666 τοῖς
2278 2603 2513 2672 μέλεσιν.
2554 2604 2736 2672 Πάσης
2760 2603 2815 2655 δὲ
2847 2602 2987 2657 κατὰ
3018 2603 3109 2655 τὸν
3132 2602 3319 2672 καιρὸν
3348 2603 3552 2655 ἐκεῖνον
3586 2600 3712 2671 ἠδο-

2143 2698 2238 2766 νῆς
2272 2697 2376 2749 τῶν
2406 2696 2589 2766 ψυχῶν
2618 2697 2997 2766 ἀπελαθείσης,
3033 2696 3190 2749 μόνον
3217 2691 3284 2766 ἢν
3318 2698 3376 2749 ὲν
3396 2695 3556 2765 ἡδονῇ
3595 2696 3711 2758 τοῖς

2144 2787 2446 2859 ἀνθρώποις
2469 2788 2525 2840 τὸ
2547 2788 2796 2860 δάκρυον.

2228 3044 2441 3125 Ἐπειδὴ
2486 3051 2663 3105 τοίνυν
2686 3044 2935 3105 τοσοῦτον
2965 3046 3166 3126 ἡττήθη
3204 3037 3294 3108 τῦὖ
3327 3045 3526 3118 πάθους
3559 3056 3589 3108 6
3618 3047 3710 3109 λοι

2145 3142 2373 3212 γισμὸς,
2418 3143 2606 3214 καιρὸς
2653 3143 2717 3196 ἂν
2769 3144 2852 3214 εἴη
2894 3142 2954 3195 τὺ
3006 3144 3280 3214 κεκμηκὸς
3321 3144 3420 3215 τῆς
3472 3145 3711 3209 διανοίας

2144 3233 2232 3286 διὰ
2279 3234 2377 3302 τῆς
2404 3233 2511 3287 τῶν
2563 3234 2837 3305 λογισμῶν
2878 3226 3184 3307 συμϐουλῆς
3232 3230 3307 3301 ὡς
3336 3237 3450 3290 ἔστι
3487 3239 3711 3293 δυνατὸν
3750 3283 3774 3302 ,

2144 3325 2608 3395 ἀναρῥώννυσθαι.
2660 3321 2928 3392 ,Κίνδυνος
2985 3328 3093 3399 γὰρ
3147 3330 3208 3381 οὐ
3280 3328 3503 3400 μικρὸς,
3564 3348 3708 3402 παρ-

2145 3416 2482 3480 ακούσαντας
2533 3417 2591 3470 ὲν
2643 3417 2814 3488 τούτῳ
2845 3419 2941 3486 τῆς
2985 3418 3078 3471 τοῦ
3138 3415 3455 3474 Ἀποστόλου
3516 3422 3703 3490 φωνῆς

2147 3508 2641 3579 συγκατακριθῆναι
2686 3510 2797 3572 τοῖς
2839 3509 3197 3574 ἀνελπίστοις.
3251 3514 3387 3584 Φησὶ
3443 3511 3571 3584 γάρ,
3606 3532 3713 3568 κα-

2145 3590 2252 3661 θὼς
2305 3599 2395 3651 τοῦ
2438 3596 2977 3667 ύπαναγινὼσκοντος
3032 3603 3234 3673 ἀρτίως
3267 3602 3599 3676 ἠκούσαμεν.
3635 3609 3713 3680 μὴ

2143 3690 2250 3742 δεῖν
2294 3690 2387 3743 ἐπὶ
2431 3690 2536 3743 τῶν
2581 3690 2994 3762 κεκοιμημένων
3030 3690 3333 3750 λυπεῖσθαι.
3375 3697 3566 3751 Μόνων
3600 3699 3713 3771 γὰρ

2144 3779 2300 3832 τοῦτο
2328 3780 2436 3833 τῶν
2469 3780 2568 3833 οὐκ
2592 3780 2822 3852 ἐχόντων
2864 3780 3050 3837 ἐλπίδα
3078 3784 3139 3837 τὺ
3172 3786 3340 3851 πάθος
3370 3778 3525 3842 εἶναι.
3570 3782 3712 3844 Ἀλλ⁶

2144 3871 2287 3923 εἴποι
2318 3888 2399 3934 τις
2442 3872 2508 3925 ἂν
2528 3915 2542 3939 ,
2571 3870 2743 3942 οἴμαι,
2772 3875 2879 3927 τῶν
2928 3877 3428 3949 μικροψυχοτέρων,
3475 3878 3707 3935 ἀδύνατα

2144 3958 2386 4015 κελεύειν
2427 3963 2519 4016 τὸν
2573 3964 2713 4016 θεῖον
2736 3963 3077 4031 ’Λπόστολον,
3101 3959 3195 4020 καὶ
3242 3964 3586 4040 ὑπερϐαίνειν
3610 3972 3711 4042 τὴν

2143 4053 2305 4121 φύσιν
2341 4056 2451 4116 τοῖς
2482 4054 2834 4125 ἐπιτάγμασι.
2869 4056 2992 4118 Πῶς
3022 4059 3128 4129 γάρ
3156 4061 3269 4112 ἐστι
3294 4056 3515 4115 δυνατὸν
3538 4064 3709 4136 ὑπερ-

2143 4145 2374 4215 ἀρθῆναι
2406 4140 2498 4198 τοῦ
2549 4145 2753 4210 πάθους
2783 4146 2873 4200 τὸν
2897 4148 2954 4200 ὲν
2982 4148 3049 4220 τῇ
3078 4144 3236 4218 φύσει
3278 4150 3473 4217 ζῶντα,
3511 4156 3602 4207 καὶ
3631 4152 3708 4229 μή

2142 4237 2474 4307 κρατηθῆναι
2520 4236 2586 4308 τῇ
2647 4237 2788 4310 λύπῃ
2844 4238 2936 4292 ἐπὶ
2995 4240 3217 4312 τοιούτῳ
3268 4243 3537 4313 θεάματι,
3582 4248 3708 4300 ὅταν

2145 4327 2219 4397 μὴ
2249 4326 2369 4381 καθ’
2397 4325 2545 4398 ὤραν
2573 4331 2628 4381 ὲν
2652 4331 2799 4400 γήρα
2847 4332 3099 4405 συμπέσῃ
3147 4336 3175 4386 6
3223 4328 3470 4401 θάνατος,
3509 4334 3621 4391 άλλ⁴
3649 4342 3708 4394 ἐν

470 4423 559 4467 tur
589 4412 657 4465 ab
688 4412 855 4465 animi
905 4412 1127 4479 dolore,
1181 4415 1251 4469 ob
1285 4416 1391 4471 tale
1416 4419 1786 4487 spectaculum
1817 4429 2036 4474 contra-

2143 4421 2203 4488 τῇ
2230 4418 2418 4491 πρώτῃ
2442 4419 2628 4491 ἡλικίᾳ
2661 4421 3002 4494 κατασϐεσθῇ
3039 4426 3138 4494 μὲν
3162 4424 3239 4497 τῷ
3264 4426 3477 4499 θανάτῳ
3496 4428 3530 4499 ἠ
3550 4428 3665 4493 ὥρα
3687 4472 3705 4500 ,

467 4510 580 4566 cto,
615 4519 735 4557 cum
771 4519 879 4558 non
915 4519 1016 4559 suo
1041 4512 1285 4576 tempore
1320 4506 1375 4560 in
1410 4517 1691 4563 senectute
1719 4525 1865 4564 mors
1904 4525 2037 4565 con-

465 4595 671 4666 tigerit,
716 4595 810 4650 sed
858 4595 913 4650 in
944 4597 1118 4667 prima
1148 4604 1305 4653 aetate
1339 4604 1511 4654 morte
1541 4601 1889 4670 pulchritudo
1917 4582 2037 4674 qui;

463 4684 586 4738 dem
644 4684 948 4749 aboleatur,
997 4688 1271 4757 palpebris
1319 4704 1446 4745 vero
1509 4690 1697 4746 radius
1751 4695 2034 4747 oculorum

464 4780 716 4844 tegatur,
772 4790 1037 4846 genarum
1071 4777 1197 4832 item
1246 4779 1415 4834 rubor
1457 4777 1511 4834 in
1543 4781 1806 4850 pallorem
1852 4791 2036 4839 trans-

463 4873 728 4928 mutetur,
773 4876 1092 4937 03‘quoque
1133 4869 1352 4924 silentio
1381 4871 1714 4939 detineatur,
1749 4889 1815 4929 ac
1844 4873 1943 4931 flos
1979 4874 2036 4930 in

464 4958 626 5013 labiis
666 4971 930 5028 apparere
982 4960 1177 5016 solitus
1212 4962 1489 5031 nigrescat
1521 4982 1534 5019 :
1567 4965 1732 5035 idque
1778 4980 1886 5022 non
1938 4984 2036 5038 pa-

462 5049 713 5104 rentibus
749 5050 910 5105 modo
936 5052 1193 5106 acerbum
1229 5052 1500 5120 videatur,
1535 5057 1890 5111 verumetiam
1920 5058 2037 5113 cui-

460 5140 547 5195 vis
584 5139 991 5194 incommodum
1040 5139 1309 5195 intuenti?
1347 5141 1486 5209 Quid
1518 5143 1680 5213 igitur
1712 5160 1814 5200 nos
1846 5147 2039 5201 adver-

461 5246 559 5286 sus
590 5230 732 5286 hos?
779 5228 899 5284 Non
930 5239 1179 5285 nostrum
1208 5231 1458 5295 verbum,
1510 5233 1729 5298 fratres.
1766 5237 2033 5302 dicemus,

463 5322 555 5376 sed
579 5321 786 5376 dictum
812 5337 875 5376 ev
909 5320 1204 5392 Evangelio
1228 5324 1386 5379 nobis
1414 5325 1699 5397 recitatum
1722 5327 1774 5382 in
1799 5328 2038 5383 medium

463 5408 773 5464 aﬂ'eremus.
838 5409 1085 5466 Audistis
1144 5410 1432 5468 Dominum
1479 5413 1753 5493 dicentem
1803 5434 1816 5470 :
1866 5416 2038 5473 Sinite

462 5513 646 5568 parvos
696 5516 910 5570 pueros,
957 5511 1005 5557 et
1040 5519 1102 5558 ne
1133 5503 1455 5571 prohibeatis
1504 5523 1593 5562 eos
1633 5509 1803 5564 venire
1832 5507 1901 5563 ad
1933 5523 2033 5566 me.

539 5679 557 5712 ¹
599 5680 615 5732 l
647 5678 847 5735 Thess.
891 5696 976 5747 tv,
1012 5680 1079 5734 {2
1108 5698 1229 5753 sqq.

2139 4512 2384 4583 καλυφθῇ
2433 4513 2489 4565 δὲ
2536 4514 2649 4577 τοῖς
2683 4514 2977 4586 βλεφάροις
3005 4517 3037 4587 ἡ
3067 4517 3175 4570 τῶν
3208 4520 3473 4590 ὀμμάτων
3502 4523 3660 4587 ἀκτὶς
3688 4558 3704 4587 ,

2143 4604 2421 4677 μεταπέσῃ
2441 4604 2496 4658 δὲ
2530 4607 2608 4670 είς
2638 4604 2921 4678 ὠχρότητα
2949 4609 3046 4679 τῆς
3070 4615 3300 4681 παρειὶς
3327 4614 3388 4666 τὸ
3423 4613 3706 4686 ἐρύθημα,

2138 4694 2381 4767 κρατηθῇ
2409 4696 2463 4748 δὲ
2497 4699 2563 4767 τῇ
2595 4700 2771 4769 σιωπῇ
2798 4698 2859 4750 τὸ
2893 4699 3084 4770 στόμα,
3113 4702 3427 4775 μελαίνηται
3460 4705 3591 4758 δὲτὸ
3615 4704 3709 4760 ἐπὶ

2138 4780 2230 4838 τοῦ
2256 4787 2464 4855 χείλους
2505 4787 2699 4854 ἄνθος,
2743 4789 2977 4858 χαλεπὸν
3017 4787 3072 4845 δὲ
3123 4789 3197 4865 μὴ
3234 4792 3391 4865 μόνον
3428 4801 3539 4860 τοῖς
3582 4817 3709 4867 γενέ

2138 4879 2463 4948 νησαμένοις
2493 4874 2649 4933 τούτο
2695 4879 2845 4954 δοκῇ,
2880 4883 3016 4938 ἀλλὰ
3045 4884 3139 4940 καὶ
3190 4890 3351 4942 παντὶ
3375 4890 3450 4959 τῷ
3486 4891 3620 4962 πρὸς
3649 4888 3709 4945 τὸ

2141 4967 2310 5033 πάθος
2356 4969 2603 5040 βλέποντι
2619 4968 2723 5036 ;Τί
2769 4969 2860 5026 οὖν
2908 4975 3044 5045 πρὸς
3088 4974 3308 5041 τούτους
3365 4980 3522 5050 ἡμεῖς
3553 4999 3567 5047 ;
3596 4983 3708 5054 Οὐχ

2139 5058 2401 5129 ἡμέτερον
2432 5058 2683 5129 ἐροῦμεν,
2707 5060 2943 5129 ἀδελφοὶ,
2966 5064 3141 5133 λόγον,
3173 5068 3307 5122 ἀλλὰ
3328 5064 3424 5139 τὴν
3462 5070 3708 5139 ἀναγνω⁹

2140 5146 2354 5199 σθεῖσαν
2384 5144 2513 5217 ἡμῖν
2555 5150 2620 5201 ἐκ
2655 5150 2747 5201 τοῦ
2799 5145 3130 5222 Εὐαγγελίου
3180 5159 3335 5227 ῥῆσιν
3389 5158 3706 5231 παραθησόο

2142 5235 2299 5304 μεθα.
2349 5237 2643 5290 Ἠκούσατε
2672 5239 2780 5310 γάρ
2813 5240 3061 5309 λέγοντος
3085 5244 3178 5298 τοῦ
3212 5247 3411 5317 Κυρίου
3444 5266 3458 5279 ·
3491 5251 3705 5319 ’Ἄφετε

2134 5329 2204 5382 τὰ
2245 5329 2469 5395 παιδία,
2504 5330 2599 5384 καὶ
2637 5331 2723 5400 μὴ
2768 5335 3026 5390 κωλύετε
3065 5337 3217 5391 αὐτὰ
3256 5338 3533 5409 ἔρχεσθαι
3555 5344 3705 5410 πρὸς

2128 5417 2204 5489 μέ
2235 5438 2247 5449 ·
2284 5420 2399 5473 τῶν
2432 5421 2540 5491 γὰρ
2583 5424 2865 5478 τοιούτων
2891 5426 3060 5480 ἐστὶν
3086 5428 3121 5495 ἡ
3150 5430 3439 5491 ,βασιλεία
3471 5424 3591 5486 τῶν
3608 5435 3703 5486 οὐ·

2123 5508 2347 5581 ρανῶν.
2385 5514 2594 5571 Οὐκοῦν
2630 5519 2679 5570 εί
2719 5516 2946 5593 καὶέσοῦ
2993 5520 3324 5593 ἀπεφοίτησε
3366 5522 3426 5578 τὸ
3470 5525 3700 5596 παιδίον,
