4050 6164
1702 168 1905 185 ’,σιηθικν

400 321 503 381 δτι
542 332 555 351 ‘-

1627 314 1685 369 S.
1721 309 2047 368 GREGORII
2085 307 2376 366 NYSSENI

3524 293 3627 345 87:!

399 456 506 498 nos
538 438 723 503 habet,
760 437 907 508 quod
952 447 1059 491 non
1102 435 1386 490 doloribus
1419 434 1663 504 patiendi
1695 432 1966 496 confecta,

2076 431 2293 493 ὠδίνων,
2339 428 2421 482 ὃτι
2479 426 2552 497 μὴ
2605 422 2889 494 συνετρίϐη
2950 417 3036 474 διὰ
3089 416 3380 487 φροντίδων
3457 416 3640 468 natio-

399 529 550 601 quod
583 544 691 586 non
711 544 843 582 cura
874 529 1169 581 liberorum
1202 527 1613 582 cducandorum
1646 528 1829 580 attrita
1862 534 1967 591 est,

401 622 546 689 quod
587 636 694 675 non
739 619 949 674 similes
990 619 1209 674 dolores
1257 619 1492 689 excepit,
1547 627 1713 688 atque
1753 627 1972 686 propter

401 713 548 766 illam
588 718 842 781 parentes
876 710 1300 764 sustinuerunt?
1348 710 1411 763 At
1444 709 1712 777 ejusmodi
1741 723 1827 761 res
1854 707 1973 761 fell-

401 803 583 856 citatis
609 802 835 855 nomine
866 801 1247 870 praedicanda,
1287 817 1393 854 non
1437 799 1786 870 deplorandae
1818 808 1966 853 sunt.

400 893 537 963 Nam
574 894 627 946 in
657 894 806 946 nullo
839 890 1116 947 versatum
1146 908 1269 947 esse
1302 894 1465 957 malo,
1513 893 1704 946 melior
1737 907 1823 945 res
1863 900 1968 955 est,

402 1000 565 1055 quam
611 984 847 1037 humana
903 998 1097 1053 capere
1147 984 1323 1053 possit
1366 992 1586 1038 natura.
1626 984 1701 1036 Ita
1752 984 1971 1051 sapiens

401 1075 563 1129 etiam
614 1074 707 1129 ille
757 1072 1018 1128 Solomon
1060 1073 1115 1127 in
1158 1074 1275 1128 suis
1332 1073 1634 1143 Scripturis
1691 1082 1969 1126 mortuum

401 1169 696 1236 superstite
728 1165 1032 1219 beatiorem
1066 1179 1190 1219 esse
1221 1163 1393 1217 ducit.
1443 1166 1574 1218 Item
1607 1179 1835 1234 magnus
1870 1164 1973 1218 Da-

398 1257 491 1310 vid
536 1258 699 1309 vitam
732 1270 852 1325 quae
885 1256 938 1309 in
987 1270 1153 1309 carne
1195 1255 1436 1326 degitur,
1486 1255 1871 1310 lamentatione
1918 1263 1973 1310 et

403 1349 603 1417 gemitu
638 1347 857 1416 dignam
892 1361 1018 1400 esse
1061 1345 1155 1399 ait.
1191 1343 1377 1416 Itaque
1429 1344 1550 1402 etim
1585 1349 1749 1402 ambo
1791 1350 1973 1418 splen-

400 1435 515 1490 didi
557 1447 718 1504 atqne
765 1434 1061 1503 magniﬁci,
1114 1443 1300 1504 utpote
1349 1438 1495 1502 regia
1530 1446 1798 1507 potestate
1838 1453 1973 1507 prte-

402 1525 525 1590 diti,
575 1530 780 1588 essent,
822 1526 1068 1579 omnium
1106 1541 1309 1592 rerum,
1358 1542 1483 1596 quae
1517 1544 1612 1596 per
1640 1532 1805 1582 vitam
1843 1545 1971 1583 sna-

402 1631 496 1669 res
525 1624 686 1685 atqtte
710 1616 971 1684 jucunda:
1005 1617 1297 1681 habentur,
1330 1619 1396 1673 ad
1430 1620 1716 1673 arbitrium
1750 1636 1970 1688 compo-

401 1718 485 1762 tes
531 1715 695 1776 atque
747 1708 1048 1776 participes
1098 1709 1233 1761 nihil
1282 1709 1348 1762 ad
1396 1712 1744 1779 prmsentinm
1788 1727 1968 1765 rerum

2071 523 2318 594 τροφίας⁵
2337 523 2419 575 ὅτι
2446 521 2519 591 μὴ
2545 520 2639 582 τὰς
2654 519 2845 588 ὁμοίας
2866 514 3161 584 ἀλγηδόνας
3184 510 3425 576 ἐδέξατο,
3460 510 3525 573 ἃς
3552 510 3639 561 ἐπ’

2071 616 2239 686 αὐτῆς
2267 617 2315 668 οἱ
2337 612 2723 683 γεγεννηκότες
2745 609 3074 676 ὑπέμεινανς
3123 605 3282 657 Ἀλλὰ
3307 604 3374 656 τὰ
3414 600 3639 654 τοιαῦτα

2074 706 2453 783 μακαρισμῶν,
2488 704 2586 755 οὐκ
2611 701 2856 771 ὀδυρμῶν
2888 701 3032 752 ἐστιν
3054 696 3175 761 ἄξια
3224 695 3296 748 Τὸ
3318 696 3425 765 γὰρ
3441 696 3498 746 ἐν
3528 713 3642 765 μη-

2069 798 2182 851 δενὶ
2210 794 2461 863 γενέσθαι
2483 791 2658 861 κακῷ,
2683 794 2926 859 κρεῖττον
2955 790 2987 859 ἦ
3014 787 3154 841 κατὰ
3174 788 3271 856 τὴν
3291 785 3642 856 ἀνθρωπίνην

2072 888 2233 958 φύσιν
2260 887 2425 938 ἐστίν.
2456 884 2643 947 Οὕτως
2679 884 2771 937 καὶ
2804 883 2832 934 6
2868 881 3028 950 σοφὸς
3061 876 3308 948 Σολομὼν
3346 880 3403 930 ἐν
3430 879 3494 946 τῇ
3533 876 3643 947 ἰδίᾳ

2071 981 2260 1050 Γραφῇ
2299 976 2585 1048 μακαρίζει
2619 976 2725 1047 πρὸ
2751 974 2844 1027 τοῦ
2879 973 3155 1045 περιόντος
3195 970 3286 1024 τὸν
3321 968 3643 1038 κατοιχόμεο

2070 1088 2180 1124 νον.
2210 1071 2319 1121 Καὶ
2347 1070 2375 1121 ὁ
2411 1069 2585 1136 μέγας
2628 1065 2792 1119 Δαϐὶδ
2831 1064 3024 1134 θρήνου
3067 1063 3158 1114 καὶ
3204 1059 3446 1129 οἰμωγῆς
3481 1057 3642 1123 ἀξίαν

2070 1163 2169 1233 τὴν
2191 1164 2245 1231 ἐν
2280 1162 2442 1231 σαρκὶ
2471 1157 2742 1227 διαγωγὴν
2770 1152 2907 1209 εἷναί
2937 1171 3119 1225 φησιν.
3159 1150 3350 1205 Καίτοι
3378 1165 3442 1217 γε
3472 1148 3643 1216 ἀμφό-

2071 1273 2217 1327 τεροι
2246 1253 2487 1323 λαμπροὶ
2526 1251 2666 1304 κατὰ
2694 1249 2792 1320 τὴν
2823 1248 3092 1320 βασιλείαν
3117 1245 3470 1316 ὑπάρχοντες,
3503 1242 3644 1295 πάν-

2071 1364 2178 1399 των
2204 1347 2319 1398 κατ’
2354 1343 2598 1408 ἐξουσίαν
2627 1341 2731 1394 τῶν
2763 1339 2902 1393 κατά
2927 1339 3017 1391 τὸν
3048 1338 3159 1406 βίον
3184 1337 3355 1407 ἡδέων
3385 1335 3642 1405 μετέχον-

2070 1456 2182 1501 τες,
2224 1436 2373 1490 οὐδὲν
2410 1435 2544 1505 πρὸς
2578 1434 2675 1503 τὴν
2710 1429 2985 1502 παροῦσαν
3019 1429 3312 1481 ἀπόλαυσιν
3359 1424 3646 1494 ἐπεκλίθη-

2074 1547 2194 1584 σανο
2239 1529 2374 1583 ἀλλά
2403 1527 2511 1580 τῶν
2542 1526 2869 1597 ἀπορρήτων
2905 1520 3123 1591 ἀγαθῶν
3162 1520 3272 1572 τῶν
3303 1520 3361 1572 ἐν
3391 1521 3455 1589 τῇ
3494 1519 3646 1570 ἀσω-

2076 1623 2231 1692 μάτῳ
2260 1621 2373 1690 ζωῇ
2406 1619 2779 1690 προκειμένων
2802 1615 2901 1686 τὴν
2924 1611 3218 1682 ἐπιθυμίαν
3244 1609 3479 1679 ἔχοντες,
3504 1624 3567 1658 συ
3577 1624 3647 1676 μ-

2074 1715 2244 1785 φορὰν
2282 1712 2558 1787 ἐποιοῖξντο
2589 1710 2687 1781 τὴν
2717 1711 2774 1760 ἐν
2819 1707 2980 1777 σαρκὶ
3011 1705 3176 1774 ζωήν.
3215 1703 3464 1781 "limosa
3511 1699 3648 1751 πολ-

403 1812 561 1851 usum
594 1807 647 1851 et
676 1798 1093 1852 oblectationem
1138 1799 1383 1853 inclinati
1420 1808 1567 1865 sunt,
1600 1802 1691 1856 sed
1734 1818 1856 1856 cmn
1894 1819 1974 1854 ar-

2076 1807 2214 1875 λαχῆ
2247 1805 2339 1858 τοῦ
2369 1802 2528 1856 Δαϐιδ
2557 1803 2613 1854 ἐν
2640 1804 2759 1863 ταῖς
2784 1800 2956 1869 ἱεραῖς
2980 1795 3334 1867 Ψαλμῳδίαις
3364 1793 3467 1859 ἔξω
3490 1791 3649 1860 γενέ-

404 1904 668 1944 canorum
702 1890 994 1952 bonorum,
1028 1904 1148 1959 quae
1196 1890 1248 1942 in
1286 1892 1605 1961 incorporea
1636 1894 1743 1946 vita
1783 1910 1974 1963 propo-

407 1980 512 2033 sita
552 1988 702 2041 sunt,
749 1980 1021 2034 desiderio
1050 1987 1390 2044 tenerentur,
1430 1983 1759 2037 calamitatis
1804 1992 1857 2038 et
1892 1988 1973 2038 in-

404 2071 630 2124 fortunii
666 2072 788 2125 loco
817 2071 1087 2125 habebant
1116 2088 1258 2139 cam,
1293 2088 1413 2142 quae
1437 2074 1490 2126 in
1525 2089 1690 2128 carne
1715 2077 1974 2145 transigi-

402 2169 513 2228 tur,
543 2164 733 2217 vitam.
777 2164 974 2217 Audivi
1002 2163 1259 2219 Davidem
1298 2166 1350 2218 in
1384 2167 1570 2221 tnultis
1616 2168 1752 2221 locis
1784 2184 1972 2222 sacro-

405 2269 528 2317 rum
554 2254 922 2318 Psalmorum,
952 2270 1077 2310 cum
1104 2262 1329 2325 cuperet
1357 2256 1586 2311 evadere
1609 2272 1671 2311 ex
1704 2258 1973 2326 ejusmodi

399 2346 750 2412 necessitate,
792 2347 884 2401 ubi
930 2347 1066 2401 alias
1092 2347 1333 2416 quidem,
1387 2347 1725 2410 Desiderat“,
1777 2350 1970 2418 inquit,

403 2449 469 2491 ac
494 2434 856 2490 desiderando
879 2436 1058 2505 deﬁcit
1086 2437 1267 2490 anima
1299 2454 1411 2491 mea
1438 2439 1494 2491 in
1537 2439 1675 2491 atria
1714 2437 1932 2492 Domini
1953 2453 1972 2501 ;

396 2527 540 2583 alias
571 2542 722 2591 vero,
776 2526 928 2581 Educ
961 2528 1194 2581 animum
1235 2516 1404 2581 mea’m
1437 2543 1502 2582 ea:
1546 2528 1842 2583 custodia‘.
1885 2529 1975 2583 Si-

400 2620 609 2675 militer
629 2630 809 2681 autem
830 2617 1096 2674 Jeremias
1113 2620 1132 2651 '
1156 2635 1375 2689 quoque
1394 2621 1778 2676 maledictione
1809 2629 1865 2677 et
1886 2636 1975 2677 ex-

402 2713 715 2767 secratione
736 2711 962 2779 dignum
991 2711 1202 2781 jndicat
1225 2713 1366 2767 diem
1392 2713 1570 2776 illum,
1593 2714 1686 2783 qtti
1716 2715 1974 2785 princeps

403 2802 455 2857 ei
486 2802 680 2857 fuisset
709 2803 982 2872 ejusmodi
1030 2803 1171 2858 vita.
1210 2802 1289 2857 Ac
1318 2805 1525 2860 multas
1561 2805 1827 2871 ejusmodi
1858 2809 1974 2876 pri-

405 2905 624 2946 scorum
651 2899 970 2946 sanctorum
999 2908 1188 2958 voces,
1217 2909 1340 2964 quae
1381 2894 1636 2950 feruntur
1673 2904 1727 2951 et
1760 2906 1978 2953 exstant

408 2979 467 3034 in
497 2979 684 3035 divina
722 2979 1030 3052 Scriptura,
1067 2983 1192 3038 licet
1241 2984 1509 3051 invenire,
1547 3003 1670 3041 cum
1705 2989 1977 3044 desiderio

403 3088 550 3127 vera:
581 3075 707 3129 vita:
745 3089 832 3138 ea,
881 3089 1006 3144 quze
1052 3075 1105 3127 in
1152 3091 1315 3130 carne
1365 3077 1602 3148 degitur,
1653 3081 1761 3132 vita
1793 3081 1976 3150 gravis

406 3165 488 3220 eis
525 3171 672 3220 esset
709 3175 762 3220 et
804 3167 1056 3222 molesta.
1096 3166 1170 3222 lta
1200 3169 1362 3222 etiam
1413 3184 1639 3239 magnus
1682 3172 1771 3227 ille
1800 3188 1979 3242 quon-

406 3254 535 3310 dam
565 3256 913 3312 Abrahamus
944 3257 1198 3313 lubenter
1232 3265 1397 3328 atque
1423 3260 1562 3313 haud
1594 3264 1858 3330 gravatim
1888 3262 1976 3317 di-

407 3347 607 3400 lectum
650 3346 820 3402 ﬁlium
846 3364 946 3418 pro
978 3350 1203 3404 victima
1235 3349 1347 3404 Deo
1376 3349 1658 3415 olTerebat,
1690 3352 1833 3421 quod
1866 3353 1977 3408 sci-

414 3446 498 3492 ret
546 3445 710 3508 atque
757 3439 903 3495 haud
954 3441 1230 3496 dubitaret
1259 3444 1393 3511 quin
1431 3441 1677 3498 futurum
1722 3454 1887 3509 esset,
1920 3452 1980 3499 ut

409 3542 547 3599 puer
592 3529 649 3584 in
696 3531 977 3586 meliorem
1025 3540 1081 3588 et
1117 3534 1487 3603 augustiorem
1523 3533 1755 3589 formam
1803 3547 1980 3590 trans-

408 3628 738 3676 mutarctur.
768 3624 845 3676 Ac
870 3624 1185 3694 quicunque
1216 3624 1462 3680 historiae
1489 3626 1855 3695 cognitionem
1885 3627 1981 3681 lia-

407 3712 572 3779 betis,
605 3714 832 3768 omnino
860 3730 966 3768 non
995 3715 1283 3784 ignoratis,
1314 3731 1436 3786 quae
1462 3717 1530 3770 de
1554 3731 1620 3771 eo
1658 3726 1976 3773 narrantur.

408 3802 548 3869 Quid
599 3805 749 3858 enim
801 3806 935 3859 dicit
980 3804 1338 3875 Scriptura“?
1380 3806 1537 3871 Quod
1587 3823 1711 3862 cum
1759 3810 1980 3877 juvenis

409 3895 632 3964 quidem
668 3905 816 3950 esset
860 3897 1155 3962 Abraham,
1183 3913 1214 3950 a
1246 3896 1357 3951 Deo
1384 3897 1524 3952 facta
1557 3901 1629 3954 sit
1671 3902 1717 3955 ei
1750 3903 1981 3970 promis-

412 3987 499 4038 sio
536 3984 606 4038 de
658 3984 846 4037 futuro
892 3985 1004 4038 ﬁlio
1034 4004 1048 4040 :
1081 4001 1204 4039 cum
1260 3996 1438 4041 autem
1492 4006 1763 4045 summum
1804 3992 1981 4046 incre-

412 4085 658 4130 mentum
697 4076 877 4130 aetatis
921 4077 1042 4145 ejus
1078 4079 1362 4149 integritas
1409 4090 1464 4135 et
1503 4082 1657 4151 vigor
1687 4084 1982 4153 praeteriis-

412 4175 521 4229 set,
564 4181 629 4221 ac
657 4177 902 4236 tempore
927 4168 1038 4237 jam
1081 4171 1447 4227 emarcuisset
1468 4180 1631 4242 atque
1661 4175 1982 4244 absumptus

414 4264 583 4322 esset,
636 4273 759 4312 cmn
809 4268 1005 4313 natura
1052 4262 1290 4332 seipsam
1342 4279 1544 4334 augere
1585 4274 1639 4320 et
1680 4281 1982 4336 propagare

413 4349 729 4413 desivisset,
763 4360 1047 4404 senectute
1084 4366 1194 4405 non
1237 4354 1470 4421 amplius
1516 4354 1728 4408 libidini
1779 4356 1983 4409 obtem—

2076 1897 2198 1949 σθαι
2224 1896 2324 1965 τῆς
2351 1894 2603 1964 τοιαύτης
2632 1893 2872 1959 ἀνάγκης
2897 1887 3309 1958 ἐπιθυμοῦντος,
3335 1887 3392 1936 ἐν
3425 1881 3505 1947 οἷς
3541 1901 3651 1952 φη-

2076 2007 2179 2041 σιν·
2210 1988 2304 2041 νῦν
2349 1988 2468 2057 μὲν,
2494 1987 2574 2039 ὃτι
2620 1982 2926 2037 Ἐπιποθεῒ
2955 1981 3053 2035 καὶ
3095 1979 3358 2032 ἐκλείπει
3392 1977 3430 2043 ἡ
3471 1974 3647 2044 ψυχή

2070 2100 2186 2152 μου
2225 2083 2310 2146 εις
2334 2079 2439 2145 τὰς
2469 2077 2664 2141 αὐλὰς
2702 2073 2806 2129 τοῦ
2837 2074 3091 2143 Κυρίου·
3126 2069 3222 2124 νῦν
3262 2070 3356 2133 δὲ,
3390 2069 3470 2120 ὅτι
3514 2068 3651 2131 Ἐξ-

2073 2174 2255 2242 άγαγε
2291 2172 2359 2224 ἐκ
2404 2167 2684 2239 φυλακῆς
2723 2166 2834 2235 τὴν
2859 2164 3072 2233 ψυχήν
3094 2181 3234 2232 μου.
3280 2158 3551 2221 Ὡσαύτως
3587 2158 3648 2210 δὲ

2075 2265 2169 2317 καὶ
2205 2266 2234 2315 6
2286 2261 2553 2333 Ἱερεμίας
2600 2258 2844 2330 κατάρας
2887 2255 3041 2321 ἀξίαν
3073 2255 3247 2325 κρίνει
3289 2251 3387 2323 τὴν
3430 2250 3649 2321 ἡμέραν

2074 2355 2288 2424 ἐκείνην
2330 2354 2428 2424 τὴν
2459 2352 2700 2424 ἄρξασαν
2746 2348 2895 2419 αὐτῷ
2923 2349 3020 2418 τῆς
3047 2345 3302 2415 τοιαύτης
3341 2344 3503 2414 ζωῆς.
3537 2343 3650 2396 Καὶ

2076 2447 2278 2510 πολλὰς
2314 2444 2427 2498 ἔστι
2459 2444 2714 2506 τοιαύτας
2745 2440 2853 2497 τῶν
2892 2438 3136 2493 παλαιῶν
3169 2437 3339 2505 ἁγίων
3371 2435 3553 2505 φωνὰς
3588 2436 3649 2485 ἐν

2073 2540 2139 2610 τῇ
2172 2538 2291 2609 θείᾳ
2324 2537 2512 2608 Γραφῇ
2557 2532 2861 2606 φερομένας
2906 2531 3107 2602 εὑρεῖν,
3156 2530 3205 2582 οἳ
3244 2528 3311 2580 δι’
3355 2524 3650 2593 ἐπιθυμίαν

2074 2630 2175 2700 τῆς
2206 2629 2375 2692 ὅντως
2421 2627 2561 2697 ζωῆς
2589 2626 2687 2697 τὴν
2712 2626 2770 2676 ἐν
2800 2622 2962 2696 σαρκὶ
2995 2619 3268 2691 διαγωγὴν
3300 2617 3649 2688 ἐϐαρύνοντο.

2075 2721 2260 2784 Οὕτως
2291 2721 2385 2774 καὶ
2409 2722 2437 2773 ὁ
2466 2719 2635 2790 μέγας
2662 2716 2788 2770 ποτὲ
2829 2713 3078 2787 Ἀϐραὰμ
3104 2710 3396 2783 προθύμως
3420 2711 3496 2779 τῷ
3526 2709 3652 2779 θεῷ

2075 2813 2164 2867 διὰ
2196 2812 2381 2875 θυσίας
2410 2809 2686 2881 προσῆγεν
2718 2809 2810 2862 τὸν
2838 2806 3192 2877 ἠγαπημένον
3224 2803 3357 2863 υἱὸν,
3385 2801 3540 2864 εἰδὼς
3565 2802 3649 2855 ὅτι

2076 2904 2212 2975 προς
2234 2903 2293 2956 τὸ
2315 2900 2559 2974 κρεῖττόν
2580 2917 2639 2953 τε
2663 2901 2757 2954 καὶ
2787 2899 3055 2969 θειότερον
3079 2897 3363 2966 γενήσεται
3394 2893 3472 2965 τῷ
3494 2893 3652 2947 παιδὶ

2078 2998 2111 3067 ἡ
2145 2997 2486 3068 μετάστασις.
2520 2995 2673 3047 Ὅσοι
2699 2993 2755 3045 δὲ
2779 2991 2877 3061 τῆς
2906 2990 3141 3059 ἱστορίας
3172 2988 3449 3059 ἐμπείρως
3473 2985 3647 3056 ἔχετε,

2004 3124 2046 3182 c
2080 3089 2296 3152 πάντως
2327 3088 2427 3141 οὐκ
2467 3087 2710 3155 ἀγνοεῖτε
2748 3085 2815 3139 τὰ
2850 3085 2976 3157 περὶ
3016 3082 3178 3138 αὐτοῦ
3212 3083 3540 3155 διηγήματα.
3581 3081 3651 3134 Τί

2078 3179 2185 3249 γάρ
2209 3194 2370 3248 φησιν
2410 3178 2443 3247 ἡ
2471 3176 2694 3248 Γραφή;
2725 3174 2845 3227 Ὅτι
2872 3174 2975 3241 νέῳ
3012 3172 3110 3243 μὲν
3139 3172 3251 3225 ὄντι
3280 3171 3356 3242 τῷ
3396 3170 3651 3241 Ἀϐραὰμ

2078 3269 2261 3322 θεόθεν
2294 3267 2539 3338 περὶτοῦ
2584 3267 2769 3329 παιδὸς
2799 3264 3097 3333 ἐπαγγελία
3136 3265 3361 3331 γίνεται⁶
3410 3261 3652 3332 παρελη-

2076 3361 2256 3413 λυθότι
2289 3360 2345 3413 δὲ
2376 3360 2474 3428 τὴν
2521 3359 2723 3428 ἀκμὴν,
2767 3358 2863 3410 καὶ
2895 3357 2995 3428 ήδη
3040 3354 3508 3425 καταμαρανθέντι
3542 3352 3653 3405 ὐπδ

2078 3452 2170 3506 τοῦ
2200 3452 2413 3524 χρόνου,
2454 3452 2542 3504 ὅτε
2587 3449 2815 3504 πάυεται
2848 3452 2881 3519 ἡ
2935 3449 3091 3517 φύσις
3129 3445 3323 3514 ἑαυτὴν
3368 3445 3601 3511 αὔξουσα
3631 3485 3647 3511 ,

2078 3544 2261 3598 οὐκέτι
2312 3541 2403 3595 τοῦ
2460 3546 2643 3613 γήρως
2690 3543 2805 3602 ταῖς
2848 3541 3043 3609 ὁρμαῖς
3088 3539 3469 3599 ὑπακουοντος,
3523 3537 3647 3588 τότε

2080 3634 2229 3704 παρᾶ
2260 3635 2354 3696 τὰς
2383 3632 2725 3703 ἀνθρωπίνας
2751 3630 2967 3693 ἐλπίδας
2995 3632 3073 3692 είς
3101 3630 3270 3700 πέρας
3294 3630 3326 3698 ὴ
3359 3629 3652 3698 ὑπόσχεσις
3742 3642 3751 3647 ·

2080 3726 2289 3793 ἄγεται·
2325 3725 2418 3780 καὶ
2467 3725 2706 3778 τίκτεται
2739 3724 2866 3786 παῖς
2892 3725 2921 3775 6
2962 3723 3164 3774 Ἰσαὰκε
3199 3721 3291 3776 καὶ
3334 3719 3648 3790 συμμέτρου

2078 3816 2447 3884 διαγεγονότπ
2487 3815 2698 3885 χρόνου,
2724 3807 2859 3866 ὀἷόν
2903 3830 2954 3865 τι
3000 3811 3151 3883 ἔρνος
3201 3809 3524 3882 ἀναδραμὼν
3568 3808 3652 3875 είς

2085 3907 2282 3970 κάλλος
2321 3907 2415 3960 καὶ
2466 3904 2714 3976 μέγεθος,
2762 3904 2892 3975 ἡδὺς
2941 3899 3008 3975 ἦν
3060 3906 3172 3966 τοῖς
3203 3902 3498 3973 ὀφθαλμοῖς
3540 3902 3651 3955 τῶν

2079 3997 2280 4066 γονέων
2321 3996 2399 4068 τῷ
2449 3997 2548 4066 τῆς
2581 3996 2830 4066 νεότητος
2868 3995 3050 4048 κάλλει
3085 3993 3433 4064 λαμπόμενος
3455 4008 3468 4021 ·
3524 3992 3650 4045 τότε

2081 4089 2414 4158 προσάγεται
2444 4086 2521 4156 τῷ
2552 4086 2802 4156 Ἀϐραὰμ
2842 4087 2874 4154 ή
2902 4085 3001 4155 τῆς
3034 4083 3209 4154 ψυχῆς
3236 4082 3523 4153 δοκιμασία
3555 4084 3647 4135 καὶ

2082 4179 2347 4249 βάσανος,
2384 4180 2432 4232 εί
2466 4177 2706 4250 ἀκριϐῶς
2745 4178 2803 4229 ἐν
2829 4178 2894 4247 τῇ
2938 4175 3044 4228 τῶν
3076 4175 3243 4228 ὄντων
3277 4172 3432 4242 φύσει
3476 4172 3652 4240 διαγι-

2080 4272 2315 4341 γνώσκει
2339 4272 2398 4325 τὸ
2423 4272 2658 4335 κάλλιον,
2684 4272 2732 4324 εἰ
2764 4270 2835 4340 μὴ
2867 4269 3004 4340 πρὸς
3032 4268 3128 4340 τὴν
3155 4266 3433 4339 παροῦσαν
3464 4266 3652 4336 βλέπει

2082 4363 2252 4433 ζωήν.
2301 4363 2408 4417 Καί
2436 4381 2567 4433 φησι
2604 4362 2737 4435 πρὸς
2767 4361 2927 4415 αὐτὸν
2953 4363 2980 4414 6
3010 4360 3163 4424 Θεός·
3200 4358 3507 4429 Ἀνένετκε
3545 4356 3653 4411 τὸν

421 4450 668 4513 perante,
728 4450 861 4497 tunc
906 4452 1105 4513 praeter
1163 4443 1454 4498 humanam
1502 4461 1653 4516 spem
1690 4447 1976 4516 promissio

2088 4454 2221 4509 υἱόν
2244 4469 2359 4508 σου
2379 4454 2476 4509 διὰ
2497 4455 2712 4519 θυσίας
2731 4456 2815 4518 είς
2841 4450 3276 4520 όλοκὰρπωσιν.
3305 4450 3492 4504 Οἴδατε
3513 4448 3652 4502 πάν-

414 4533 710 4587 tleducitur
738 4534 804 4587 ad
836 4535 1042 4588 exitum
1073 4542 1130 4588 et
1166 4533 1449 4600 eﬂ‘ectum;
1482 4544 1535 4590 et
1569 4538 1825 4590 nascitur?
1850 4554 1983 4607 puer

414 4624 567 4678 lsaac
602 4640 617 4676 :
652 4639 716 4678 ac
761 4633 1003 4694 tempore
1047 4625 1199 4694 justo
1260 4626 1568 4695 prater-ito,
1631 4643 1754 4681 eum
1816 4628 1982 4682 veluti

411 4734 639 4789 germen
670 4718 942 4788 quoddam
973 4720 1025 4772 in
1072 4720 1533 4789 pulchritudinem
1567 4727 1621 4774 et
1651 4721 1982 4791 magnitudi-

414 4825 536 4865 nem
571 4811 928 4874 excrevisset,
978 4812 1256 4881 jucundus
1305 4822 1423 4867 erat
1453 4813 1628 4867 oculis
1666 4822 1976 4882 parentum,

409 4900 674 4971 juvenilis
731 4904 911 4959 aetatis
975 4903 1175 4958 decore
1231 4905 1444 4969 nitens,
1510 4913 1641 4959 tunc
1691 4905 1983 4960 Abrahami

414 4993 632 5049 animus
666 4994 824 5063 quasi
876 4994 1163 5049 tormentis
1199 4996 1457 5051 adhibitis
1486 4998 1749 5066 probatur
1793 5005 1847 5051 et
1889 5013 1983 5052 ex-

413 5085 682 5153 ploratur,
716 5101 783 5140 an
821 5086 979 5156 plene
1011 5093 1176 5155 atque
1215 5095 1405 5142 exacte
1437 5089 1775 5143 discerneret
1806 5090 1857 5142 in
1901 5106 1985 5144 re-

414 5193 534 5230 rum
569 5189 764 5232 natura
804 5178 933 5248 quid
964 5186 1266 5249 praestaret,
1296 5197 1362 5234 an
1410 5197 1517 5235 non
1562 5181 1627 5235 ad
1661 5191 1979 5252 praesentem

413 5267 582 5321 vitam
611 5270 923 5337 spectaret?
952 5270 1015 5323 Et
1048 5270 1127 5324 ait
1165 5269 1231 5324 ad
1264 5286 1387 5326 eum
1420 5270 1562 5327 Deus
1592 5292 1607 5328 :
1642 5271 1788 5343 Olfer
1809 5275 1981 5342 ﬁlium

417 5367 564 5410 tuum
603 5377 699 5429 pro
730 5361 944 5415 victima
986 5363 1042 5416 in
1090 5362 1482 5419 holocaustum.
1536 5364 1722 5422 Nostis
1757 5370 1982 5420 omnino

413 5450 727 5521 quicunque
762 5462 946 5521 patres
980 5455 1115 5510 estis
1161 5456 1444 5529 etiliberos
1482 5458 1715 5523 habetis,
1748 5468 1803 5513 et
1831 5473 1981 5513 amo-

416 5553 530 5592 rem
574 5556 701 5610 erga
737 5542 941 5598 liberos
975 5558 1005 5597 a
1046 5555 1240 5600 natura
1273 5547 1563 5614 didicistis,
1601 5557 1659 5602 ut
1684 5532 1981 5604 verisimile

2084 4560 2192 4606 τως
2224 4544 2337 4596 ὅσοι
2386 4544 2620 4617 πατέρες
2662 4544 2783 4596 ἐστέ
2829 4544 2923 4596 καὶ
2964 4543 3158 4605 παῖδας
3190 4542 3338 4614 ἔχετε
3363 4583 3377 4604 ,
3423 4524 3525 4595 καί
3556 4542 3654 4612 τὴν

2088 4635 2223 4706 πρὸς
2251 4635 2319 4689 τά
2347 4636 2510 4689 τέκνα
2536 4635 2765 4705 στοργὴν
2786 4635 2935 4705 παρὰ
2962 4635 3060 4705 τῆς
3081 4633 3292 4704 φύσεως
3319 4634 3653 4706 ἐδιδάχθητε,

2085 4729 2233 4790 ὅπως
2276 4728 2421 4790 εἰκὸς
2464 4727 2771 4796 διατεθῆναι
2817 4725 2907 4779 τὸν
2950 4726 3231 4795 Ἀϐραὰμ,
3281 4728 3328 4779 εἰ
3382 4727 3517 4798 πρὸς
3550 4714 3657 4798 τὴν

2089 4813 2368 4885 παροῦσαν
2399 4814 2565 4884 μόνην
2595 4813 2816 4883 ἀφεώρα
2842 4813 3004 4884 ζωὴν,
3036 4816 3081 4866 εί
3104 4813 3283 4878 δοῦλος
3315 4816 3410 4886 τῆς
3440 4816 3659 4885 φύσεως

2087 4902 2176 4978 ἦν,
2209 4909 2256 4960 εί
2286 4908 2344 4960 ἐν
2375 4906 2453 4977 τῷ
2496 4906 2721 4977 παρόντι
2758 4906 2856 4978 βίῳ
2881 4906 2938 4959 τὸ
2966 4908 3137 4975 γλυκὺ
3170 4909 3267 4978 τῆς
3299 4907 3440 4977 ζωῆς
3478 4907 3660 4976 ἐλογί-

2091 5000 2232 5063 ζετο.
2272 4999 2337 5051 Τί
2366 4998 2421 5051 δὲ
2455 4999 2581 5070 περὶ
2617 4998 2822 5053 ἐκείνου
2873 4999 3034 5068 φημὶ,
3076 4997 3384 5053 καταλιπὼν
3427 4998 3524 5069 τὴν
3556 5016 3659 5067 γυ-

2089 5091 2245 5141 ναῖκα
2263 5088 2324 5140 τὸ
2342 5089 2721 5160 ἀσθενέστερον
2741 5091 2901 5161 μέρος
2922 5091 3017 5159 τῆς
3038 5090 3381 5163 ἀνθρωπίνης
3406 5090 3617 5159 φύσεως
3638 5108 3656 5155 ;

2089 5180 2152 5232 Εί
2184 5179 2257 5250 μὴ
2302 5181 2625 5233 πεπαίδευτο
2659 5182 2880 5253 κάκείνη
2922 5182 3024 5234 ὑπὸ
3062 5182 3153 5235 τοῦ
3187 5183 3374 5253 ἀνδρὸς
3417 5181 3482 5235 τὰ
3511 5182 3660 5235 05v}-

2088 5289 2257 5342 τερα,
2295 5274 2344 5325 εί
2377 5273 2450 5343 μὴ
2488 5272 2754 5343 ἠπίστατο
2779 5272 2873 5344 τὴν
2903 5275 3287 5344 κεκρυμμένην
3335 5275 3478 5344 ζωὴν
3515 5269 3655 5327 εἶναι

2088 5367 2187 5436 τῆς
2218 5367 2544 5437 φαινομένης
2575 5368 2815 5437 ἄμεινον,
2855 5368 2953 5420 οὐκ
2983 5368 3047 5420 ἂν
3077 5368 3343 5439 ἐπέτρεπε
3380 5367 3457 5438 τῷ
3504 5369 3659 5437 ἀνδρί⁵

2087 5458 2310 5512 τοιαῦτα
2333 5459 2474 5513 κατά
2493 5458 2586 5511 τοῦ
2611 5460 2794 5524 παιδὸς
2819 5463 3010 5531 ἐνεργῆ
3021 5478 3124 5514 σαι.
3158 5462 3378 5524 Πάντως
3402 5461 3512 5535 γὰρ
3543 5463 3657 5526 τοῖς

2090 5554 2372 5621 μητρικοῖς
2405 5551 2788 5622 συγκινηθεῖσα
2836 5552 3191 5622 σπλάγχνοις,
3244 5551 3541 5627 περιεχύθη
3578 5550 3657 5621 τῷ

526 5718 546 5750 ⁸
572 5717 715 5770 Ρεοι.
744 5730 971 5786 unm,
1010 5718 1065 5773 2.
1107 5720 1289 5777 ‘Psal.
1326 5738 1469 5789 cm,
1503 5724 1553 5777 8.
1633 5727 1652 5755 τ
1676 5724 1783 5781 Jer.
1830 5742 1917 5794 xv,
1954 5727 1968 5780 l

2076 5743 2167 5798 qq.
2226 5727 2245 5758 ⁸
2278 5726 2409 5781 Gen.
2440 5728 2646 5793 xrttt,t|
2692 5742 2808 5796 sqq.
2838 5790 2845 5803 ι
