4050 6164
308 243 412 298 873

1339 242 1406 296 IN
1447 240 1728 300 FUNERE
1766 240 2192 300 PULCHERIE
2224 243 2511 301 ORATIO.
3452 251 3556 304 87'.

307 367 520 434 τέκνῳ,
566 362 663 416 καὶ
700 363 821 424 ταῖς
864 360 1089 424 ὠλέναις
1128 360 1288 414 αὐτὸν
1330 360 1750 433 ἐμπλεξαμένη,
1781 363 1880 433 πρὸ

1991 371 2155 434 atque
2200 372 2630 420 consentaneum
2681 363 2752 416 sit
2796 361 3166 417 Abrahamum
3213 361 3466 419 aﬁ‘ectum
3506 377 3560 420 et

309 453 476 510 αὑτοῦ
507 453 607 525 τὴν
652 452 871 522 καιρίαν
899 451 1130 520 ἐδέχετο.
1173 445 1297 522 Ἆρ’
1333 450 1430 503 οὐκ
1461 446 1613 503 εἶπεν
1651 451 1718 504 ἂν
1746 451 1880 520 πρὸς

309 547 401 600 τὸν
452 542 702 614 Ἀϐραὰμ
733 541 906 594 ταῦτα
931 539 1001 592 τὰ
1027 540 1282 610 ρήματα;
1328 540 1515 594 Φετσαι
1547 539 1642 594 τοῦ
1669 541 1876 606 παιδὸς,

309 637 461 707 ἀνερ,
503 635 578 703 μὴ
613 631 847 702 πονηρὸν
874 631 1010 703 γένῃ
1027 630 1122 683 τοῦ
1153 630 1268 701 βίου
1295 630 1539 701 διήγημα
1559 670 1574 695 ,
1607 630 1681 702 μὴ
1714 630 1882 700 μῦθος

308 726 387 797 τῷ
418 723 556 796 μετά
587 721 763 777 ταῦτα
789 721 967 792 χρόνῳ
1008 720 1295 791 γενώμεθα
1315 763 1331 786 ,
1384 720 1458 792 μὴ
1493 720 1767 792 φθονήσῃς
1803 720 1882 792 τῷ

308 819 410 890 υἱῷ
437 818 536 886 τῆς
560 814 727 885 ζωῆς,
755 815 830 884 μὴ
857 814 1124 886 στερήσῃς
1149 813 1310 867 αὐτὸν
1333 814 1432 883 τῆς
1456 813 1712 882 γλυκείας
1732 814 1882 867 ἀκτῖ-

304 925 414 972 νος·
447 906 689 974 θάλαμος
717 903 947 966 τέκνοις,
977 902 1039 954 ού
1062 902 1229 970 τάφος
1260 901 1412 973 παρά
1439 901 1693 973 πατέρων
1717 918 1882 954 σπου-

303 1000 524 1064 δάζεται
541 1017 557 1030 ·
588 997 850 1066 στέφανος
876 996 1132 1066 γαμικὸς,
1159 996 1220 1048 οὑ
1245 992 1395 1063 ξίφος
1425 993 1662 1062 φονικὸν·
1698 993 1881 1064 γαμή-

304 1093 417 1155 λιος
459 1090 717 1162 λαμπὰς,
745 1089 806 1142 οὐ
840 1086 950 1158 πῦρ
994 1087 1299 1156 ἐπιτάφιον.
1340 1085 1526 1140 Ταῦτα
1565 1085 1760 1158 λῃσταὶ
1788 1084 1884 1138 καὶ

306 1186 590 1255 πολέμιοι,
629 1183 689 1235 οὐ
728 1180 979 1251 πατέρων
1020 1183 1200 1252 χεῖρες
1223 1180 1316 1232 ἐπὶ
1347 1178 1455 1232 τῶν
1484 1177 1688 1232 τέκνων
1725 1177 1885 1249 ἐργά-

306 1279 510 1342 ζονται.
535 1276 596 1328 Εἰ
615 1275 673 1328 δέ
697 1275 802 1345 χρὴ
825 1274 1044 1336 πάντως
1063 1271 1317 1341 γενέσθαι
1343 1271 1405 1323 τὸ
1435 1269 1623 1337 κακὸν,
1656 1269 1732 1340 μὴ
1755 1269 1883 1323 είδοι

308 1367 525 1436 Σάρρας
561 1364 835 1435 ὀφθαλμὸς
867 1363 1228 1436 νεκρούμενον
1261 1363 1352 1416 τὸν
1389 1364 1594 1418 Ἰσαάκ.
1650 1362 1781 1417 Ἰδοὺ
1814 1363 1882 1416 δι’

305 1459 630 1530 ἀμφοτέρων
673 1451 814 1512 ὦσον
862 1457 924 1510 τὺ
965 1456 1153 1526 ξίφος,
1190 1457 1283 1510 ἀπ’
1327 1455 1462 1526 ἐμοῦ
1505 1457 1606 1526 τῆς
1644 1455 1884 1518 δειλαίας

301 1549 641 1621 ἀρξάμενος·
699 1548 799 1618 μία
833 1549 946 1611 τοῖς
975 1547 1128 1600 δυσὶν
1171 1547 1394 1616 ἀρκέσει
1439 1547 1638 1618 πληγή.
1689 1546 1882 1600 Κοινὺν

302 1643 389 1695 ἐπ’
437 1640 762 1711 ἀμφοτέρων
809 1638 1049 1708 γενέσθω
1095 1639 1159 1692 τὸ
1199 1638 1379 1711 χῶμα⁸
1432 1638 1530 1711 μία
1578 1636 1745 1708 στήλη
1782 1639 1883 1708 τὴν

1989 453 2289 507 animalum
2344 452 2588 506 futurum
2621 451 2815 516 fuisse,
2854 451 2899 507 si
2938 451 3004 504 ad
3036 460 3354 521 praesentem
3385 452 3557 507 solam

1987 540 2156 596 vitam
2209 541 2541 611 respiceret,
2593 541 2639 594 si
2696 556 2890 596 servus
2949 548 3161 596 natura:
3192 549 3360 608 esset,
3409 544 3454 599 si
3503 545 3559 598 in

1987 633 2248 703 prresenti
2304 632 2509 688 saeculo
2554 632 2678 686 vitae
2708 632 3056 688 dulcedinem
3097 633 3405 689 consistere
3443 635 3559 690 exi-

1987 725 2258 780 stimaret.
2312 721 2420 778 Sed
2460 722 2591 794 quid
2634 725 2700 778 de
2740 724 2832 778 illo
2882 723 3028 787 diro,
3075 725 3278 781 omissa
3325 725 3558 781 muliere

1985 815 2287 870 inﬁrmiore
2315 823 2470 885 parte
2502 815 2754 870 humanae
2779 816 3020 871 naturae?
3045 814 3162 872 Nisi
3189 823 3244 871 et
3275 817 3368 870 illa
3387 831 3418 870 a
3440 818 3558 872 viro

1985 907 2170 962 divina
2198 907 2485 962 didicisset
2510 923 2525 974 ;
2557 907 2663 963 nisi
2688 907 2942 963 scivisset
2967 908 3243 962 occultam
3275 909 3444 963 vitam
3467 925 3555 975 ea,

1983 1013 2106 1068 qua:
2120 1009 2368 1069 apparet,
2383 1013 2506 1055 esse
2522 1000 2788 1070 potiorem
2807 1042 2820 1067 ,
2835 1015 2943 1054 non
2957 1002 3319 1056 commissura
3336 1000 3554 1070 fuisset,

1984 1102 2047 1147 ut
2073 1093 2158 1147 vir
2186 1092 2459 1160 eiusmodi
2494 1093 2627 1161 quid
2679 1092 2948 1147 adversus
2987 1091 3156 1147 ﬁlium
3184 1103 3551 1163 perpetraret.

1984 1183 2220 1239 Prorsus
2263 1185 2408 1239 enim
2454 1183 2721 1238 maternis
2767 1192 3040 1238 commota
3089 1185 3399 1240 visceribus
3444 1187 3556 1241 ﬁlio

1984 1274 2319 1330 circumfusa
2352 1273 2567 1339 fuisset,
2613 1283 2669 1330 et
2703 1275 2847 1330 ulnis
2875 1289 3000 1328 eum
3030 1276 3276 1344 amplexa
3313 1292 3411 1346 pro
3436 1279 3557 1347 ipso

1984 1363 2144 1420 letale
2177 1365 2375 1421 vulnus
2409 1365 2738 1434 accepisset.
2781 1365 2865 1419 An
2912 1379 3022 1419 non
3071 1365 3138 1420 ad
3183 1366 3554 1422 Abrahamum

1983 1454 2249 1524 ejusmodi
2274 1457 2458 1512 verbis
2495 1471 2660 1510 usura
2693 1456 2924 1511 fuisset?
2955 1455 3128 1513 Parce
3161 1457 3295 1521 ﬁlio,
3342 1459 3417 1512 mi
3452 1459 3554 1526 vir,

1983 1563 2054 1601 ne
2085 1561 2265 1617 pravae
2298 1546 2353 1600 in
2392 1547 2505 1601 vita
2551 1548 2890 1604 narrationis
2925 1549 3154 1604 materia
3202 1550 3323 1615 ﬁas,
3373 1565 3442 1604 ne
3473 1549 3555 1603 fa-

1985 1636 2112 1691 bula
2152 1637 2462 1706 insequenti
2488 1638 2727 1707 tempori
2770 1637 2990 1702 ﬁamus,
3022 1653 3092 1693 ne
3127 1638 3246 1692 ﬁlio
3268 1638 3438 1692 vitam
3470 1638 3555 1692 in-

303 1732 488 1793 κοινὴν
515 1731 796 1801 συμφορὰν
829 1730 1198 1802 τραγῳδείτω.

1983 1728 2194 1792 videas,
2224 1744 2293 1784 ne
2322 1729 2504 1797 prives
2536 1743 2662 1784 eum
2697 1729 2843 1783 dulci
2879 1729 3036 1784 radio
3075 1730 3282 1794 solari;
3310 1731 3554 1801 nuptiale

303 1825 619 1878 cubiculum
659 1824 806 1889 ﬁliis,
851 1839 960 1878 non
994 1825 1310 1895 sepulcrum
1341 1839 1372 1878 a
1404 1824 1652 1894 patribus
1689 1825 1875 1880 curari
1911 1832 2075 1893 atque
2120 1823 2335 1880 institui
2408 1823 2582 1892 solet;
2637 1838 2846 1879 corona
2914 1825 3198 1895 nuptialis,
3249 1839 3359 1880 non
3405 1827 3556 1882 ensis

303 1915 527 1983 letalis;
585 1918 724 1972 taeda
776 1918 1124 1989 conjugalis,
1208 1933 1317 1973 non
1371 1919 1514 1989 ignis
1571 1917 1913 1988 sepulcralis.
1967 1916 2096 1973 Haec
2135 1918 2379 1972 latrones
2434 1924 2488 1970 et
2539 1917 2763 1982 hostes,
2820 1931 2930 1971 non
2982 1924 3203 1986 patrum
3255 1931 3452 1972 manus
3495 1917 3550 1970 in

302 2010 431 2064 ﬁliis
450 2017 787 2080 perpetrant.
819 2010 977 2078 Quod
1007 2012 1054 2067 si
1082 2011 1308 2066 omnino
1335 2013 1537 2066 malum
1564 2009 1867 2081 perpetrari
1912 2025 1976 2064 ac
2016 2010 2395 2080 repraesentari
2441 2017 2659 2080 oportet
2694 2029 2707 2064 :
2760 2024 2830 2065 ne
2889 2009 3071 2071 videat
3132 2009 3329 2066 oculus
3371 2008 3551 2065 Sarrae

303 2097 547 2154 lsaacum
583 2101 796 2168 necari,
832 2115 900 2155 en
938 2115 1039 2170 per
1098 2107 1395 2170 utrumque
1443 2099 1604 2169 adige
1651 2099 1914 2168 gladium,
1957 2113 1987 2152 a
2017 2115 2106 2153 me
2157 2097 2360 2155 misera
2388 2099 2545 2154 initio
2574 2098 2744 2162 l‘acto,
2785 2114 2892 2154 una
2933 2099 3204 2155 ambobus
3229 2101 3390 2172 plaga
3417 2102 3554 2158 satis

300 2196 426 2257 erit,
458 2196 768 2251 communis
809 2195 1077 2250 ambobus
1106 2196 1350 2250 tumulus
1393 2195 1682 2258 excitetur,
1733 2210 1878 2251 unus
1919 2193 2116 2250 titulus
2146 2193 2517 2248 miserabilem
2551 2193 2836 2264 utriusque
2882 2209 3073 2250 casum
3131 2195 3346 2266 prodat.

372 2286 560 2340 Ταῦτα
591 2285 807 2349 πάντως
834 2285 900 2339 ἂν
928 2287 1022 2339 καὶ
1043 2285 1114 2339 τὰ
1140 2285 1363 2339 τοιαῦτα
1390 2284 1589 2356 διεξῄει
1614 2287 1646 2355 ὴ
1673 2286 1878 2358 Σάρρα,

2049 2282 2176 2338 Haec
2213 2292 2268 2338 et
2297 2283 2566 2353 ejusmodi
2603 2283 2769 2338 Sarra
2814 2299 3045 2354 prorsus
3085 2287 3300 2341 dictura
3335 2285 3554 2352 fuisset,

301 2379 350 2430 εί
380 2378 454 2448 μὴ
483 2379 664 2429 ἐκεῖνα
689 2378 802 2439 τοῖς
828 2375 1127 2447 ὀφθαλμοῖς
1151 2375 1396 2438 ἔϐλεπεν,
1420 2375 1563 2447 ἅπερ
1585 2377 1713 2446 ἡμῖν
1734 2377 1880 2430 ἐστιν

1982 2373 2082 2428 nisi
2113 2373 2205 2427 illa
2236 2374 2410 2428 oculis
2443 2373 2673 2429 vidisset
2732 2388 2854 2443 quae
2889 2381 3139 2429 nostrum
3194 2376 3368 2431 visum
3418 2376 3555 2432 eﬁ‘u-

302 2467 524 2520 ἀθέατα.
575 2466 727 2536 ᾝδει
757 2465 866 2536 γὰρ
905 2464 1076 2518 ὅτιτὸ
1116 2464 1268 2528 τέλος
1309 2464 1411 2533 τῆς
1445 2466 1502 2517 ἐν
1533 2465 1696 2534 σαρκὶ
1737 2462 1880 2534 ζωῆς

1982 2464 2147 2534 giunt.
2183 2462 2418 2519 Noverat
2467 2465 2610 2519 enim
2639 2465 2785 2535 quod
2816 2464 2939 2520 ﬁnis
2970 2465 3095 2520 vita:
3150 2468 3391 2524 carnalis
3450 2470 3557 2524 iui-

302 2559 444 2628 ἀρχὴ
476 2556 572 2611 τοῦ
594 2556 866 2628 θειοτέρου
893 2555 1008 2626 βίου
1040 2559 1152 2619 τοῖς
1181 2555 1478 2624 μεταστᾶσι
1516 2555 1754 2622 γίνεται·
1779 2573 1881 2609 κα-

1973 2555 2108 2608 tium
2138 2555 2473 2626 augustioris
2498 2555 2620 2610 vitae
2655 2556 2893 2611 instituti
2925 2557 3098 2628 (hinc)
3152 2560 3440 2616 translatis
3462 2575 3556 2616 ex-

301 2649 546 2703 ταλείπει
607 2648 800 2714 σκιὰς,
853 2646 1262 2716 καταλαμϐάνει
1313 2644 1593 2715 ἀλήθειαν·
1655 2645 1878 2713 ἀφίησιν

1982 2645 2169 2709 sistat;
2203 2645 2462 2713 relinquit
2500 2646 2746 2710 umbras,
2771 2647 3085 2714 assequitur
3105 2648 3416 2714 veritatem,
3471 2650 3558 2705 di-

302 2738 514 2800 ἀπάτας
541 2736 636 2790 καὶ
662 2735 870 2798 πλάνας
894 2735 987 2789 καὶ
1006 2733 1288 2806 θορύϐους,
1321 2734 1416 2787 καὶ
1436 2732 1675 2806 εὑρίσκει
1695 2735 1875 2788 ἐκεῖνα

300 2829 372 2884 τὰ
395 2827 576 2899 ἀγαθά
595 2868 609 2894 ,
651 2828 688 2882 ἀ
720 2827 860 2899 ὑπὲρ
888 2826 1167 2898 ὀφθαλμόν
1201 2843 1262 2880 τε
1296 2825 1393 2880 καὶ
1421 2824 1592 2898 ἀκοήν
1617 2823 1712 2881 καὶ
1739 2843 1876 2895 καρ-

300 2923 420 2977 δίαν
447 2923 615 2977 ἐστίν.
644 2919 782 2976 οὔτε
817 2920 956 2993 ἔρως
989 2920 1151 2974 αὐτὸν
1183 2920 1425 2988 ἀνιάσει,
1458 2917 1585 2975 οὔτε
1612 2917 1877 2992 ἐπιθυμία

305 3015 528 3087 ῥυπαρά
557 3013 950 3086 παραστρέψει·
979 3015 1076 3084 οὐχ
1100 3014 1446 3084 ὑπερηφανία
1463 3013 1753 3085 χαυνώσει·
1777 3012 1878 3067 οὐκ

303 3106 431 3161 ἀλλο
463 3123 518 3160 τι
553 3105 724 3168 πάθος
747 3103 859 3158 τῶν
887 3103 1196 3157 λυπούντων
1232 3103 1333 3175 τὴν
1355 3103 1536 3174 ψυχὴν
1566 3104 1874 3176 ἐνοχλήσει,

1982 2735 2147 2789 mittit
2175 2734 2398 2792 fraudes
2425 2741 2481 2790 et
2508 2750 2726 2791 errores
2773 2744 2829 2790 et
2885 2737 3196 2804 tumultus,
3249 2747 3305 2794 et
3347 2739 3557 2797 invenit

1981 2827 2074 2882 illa
2105 2827 2268 2891 bona,
2304 2841 2425 2897 quae
2454 2835 2584 2883 sunt
2608 2843 2774 2898 supra
2803 2829 3046 2895 oculum,
3072 2837 3128 2885 et
3170 2829 3442 2900 auditum,
3499 2843 3556 2889 et

1981 2934 2114 2979 cor:
2151 2935 2327 2990 neque
2355 2933 2510 2976 amor
2541 2935 2665 2977 eum
2698 2928 2884 2992 anget,
2928 2936 3108 2992 neque
3138 2923 3361 2978 sordida
3394 2925 3552 2995 cupi-

1982 3013 2125 3069 ditas
2149 3023 2442 3084 pervertet,
2473 3023 2639 3085 atque
2663 3015 3002 3084 depravabit,
3034 3030 3144 3072 non
3174 3017 3433 3088 superbia
3467 3018 3554 3076 in-

1982 3103 2155 3172 ﬁabit,
2174 3119 2282 3159 non
2311 3104 2511 3176 aliquis
2535 3105 2676 3161 alius
2701 3103 2928 3162 aﬁ‘ectus
2958 3107 3201 3162 animum
3215 3122 3423 3180 angens
3437 3124 3556 3166 mo.

302 3197 439 3252 ἀλλά
465 3198 642 3252 πάντα
664 3196 873 3265 γίνεται
902 3194 1050 3264 αὐτῷ
1071 3194 1267 3258 ὁΘεός.
1288 3194 1386 3248 Διά
1404 3195 1562 3248 τοῦτο
1584 3195 1877 3266 προθύμως

1982 3195 2151 3251 [estus
2182 3195 2310 3261 erit,
2342 3196 2438 3252 sed
2470 3197 2653 3251 omnia
2688 3195 2748 3251 ﬁt
2773 3197 2822 3252 ei
2856 3196 3022 3254 Deus.
3081 3197 3292 3256 Idcirco
3320 3200 3556 3258 libenter

299 3289 485 3344 δίδωσι
511 3287 590 3359 τῷ
627 3287 746 3358 Θεῷ
769 3287 860 3342 τὸν
891 3287 1072 3341 παῖδα.
1097 3287 1164 3339 Τί
1201 3285 1256 3338 δὲ
1280 3287 1310 3340 ὁ
1349 3286 1520 3356 μέγας
1565 3286 1715 3352 Ἰώϐς
1747 3287 1877 3340 Ὅτε

300 3381 452 3451 αὑτῷ
493 3377 834 3451 γυμνωθέντι
877 3377 1096 3431 πάντων
1136 3377 1244 3431 τῶν
1291 3376 1588 3448 περιόντων
1631 3375 1874 3448 ἀθρόως,

302 3474 437 3544 πρὶν
467 3473 561 3525 ἐπὶ
579 3474 699 3535 ταῖς
729 3469 1128 3542 προλαϐούσαις
1151 3469 1386 3541 πληγαῖς
1414 3469 1514 3540 τὴν
1536 3467 1714 3540 ψυχὴν
1744 3469 1878 3522 ἀνα-

301 3562 597 3629 λέξασθαι,
658 3562 692 3632 ή
731 3559 1018 3614 τελευταία
1064 3558 1413 3630 κατεμηνύθη
1470 3559 1652 3630 πληγὴ
1674 3599 1688 3622 ,
1730 3559 1878 3622 ὅπως

305 3653 525 3719 ἐδέξατο
565 3654 662 3724 τήν
695 3653 787 3706 ἐπὶ
826 3654 941 3716 τοῖς
984 3652 1142 3706 παισὶ⁹
1172 3651 1490 3722 συμφοράνς
1527 3652 1687 3722 Τρεῖς
1730 3651 1879 3720 αύτῷ

305 3746 603 3817 θυγατέρες
631 3741 793 3815 ἦσαν,
820 3743 914 3798 καὶ
935 3744 1121 3806 παῖδες
1148 3744 1315 3796 ἐπτά·
1336 3741 1666 3813 μακαριστὸς
1692 3736 1762 3814 ἦν
1780 3741 1880 3812 τῆς

300 3837 591 3900 εὐπαιδίας
607 3852 623 3867 ·
654 3836 897 3890 τοσοῦτοι
921 3836 1029 3906 γὰρ
1057 3834 1230 3898 ὄντες,
1255 3832 1336 3899 εἷς
1355 3829 1496 3905 ἦσαν
1518 3835 1566 3887 οἱ
1590 3833 1787 3897 πάντες
1811 3834 1878 3904 τῇ

305 3932 427 4001 μετ’
474 3929 720 4000 ἀλλήλων
765 3930 1001 3999 στοργῇ·
1040 3927 1102 3981 οὐ
1139 3926 1482 4000 διῃρημένως
1520 3925 1643 3980 καθ’
1688 3924 1880 3979 ἐαυτὸν

296 4020 534 4083 ἕκαστος
558 4019 907 4090 βιοτεύοντες,
936 4017 1073 4073 ἀλλά
1096 4019 1297 4083 πάντες
1320 4019 1450 4090 παρ’
1484 4016 1731 4088 ἀλλήλοις
1761 4033 1880 4085 φοι-

299 4112 526 4175 τῶντες,
571 4109 658 4164 διὰ
707 4111 805 4172 τῆς
848 4108 1136 4177 ἐγκυκλίου
1175 4105 1572 4179 φιλοφροσύνης
1613 4107 1879 4160 διετέλουν

301 4202 690 4273 εὐφραίνοντες
724 4199 983 4270 ἀλλήλους
1017 4201 1074 4250 ἐν
1099 4197 1176 4267 τῷ
1214 4198 1369 4269 μέρει
1395 4197 1485 4250 καὶ
1519 4196 1881 4269 εὐφραινόμε-

300 4313 385 4351 νοι
406 4313 421 4327 ·
461 4295 556 4348 καὶ¹
580 4293 714 4364 δῆτα
740 4294 832 4346 καὶ
858 4293 978 4345 τότε
1011 4290 1154 4345 κατά
1177 4291 1423 4360 περίοδον
1461 4291 1612 4361 παρά
1637 4289 1715 4361 τῷ
1754 4307 1881 4361 πρε-

302 4388 556 4460 σϐυτέρῳ
593 4385 698 4440 τῶν
735 4384 975 4453 ἀδελφῶν
1021 4379 1090 4455 ἦν
1122 4384 1182 4436 τὸ
1216 4382 1548 4452 συμπόσιον·
1583 4382 1805 4453 πλήρεις
1829 4383 1878 4434 oi

299 4479 600 4551 κρατῆρες,
626 4477 838 4549 πλήρης
870 4476 977 4530 τῶν
1000 4474 1276 4572 ἐδωδίμων
1361 4473 1640 4572 τράπεζαί
1667 4474 1726 4527 ὲν
1751 4489 1879 4572 χερῖ-
1911 4517 1955 4572 D

302 4573 393 4625 alv
428 4571 482 4623 αί
529 4568 778 4631 κύλικες·
808 4566 1084 4638 θεάματα,
1109 4565 1185 4629 ὡς
1210 4565 1377 4628 εἰκὸς,
1413 4563 1504 4616 ἐπὶ
1534 4562 1742 4625 τούτοις
1785 4562 1881 4615 καὶ

297 4661 650 4732 ἀκροάματα,
683 4657 777 4712 καὶ
805 4659 972 4711 πᾶσαι
1011 4656 1268 4728 θυμηδίαι
1293 4653 1622 4726 συμποτικαί
1641 4670 1654 4684 ·
1679 4653 1878 4722 τρόπος

296 4749 417 4817 εἷς,
454 4750 872 4823 φιλοφροσύναι,
911 4749 1168 4818 παίγνια,
1207 4748 1555 4819 μειδιάματα·
1584 4747 1758 4799 πάντα
1780 4745 1879 4798 ὅσα

295 4845 450 4907 είκὸς
491 4845 548 4896 ἐν
579 4842 784 4912 συνόδῳ
823 4841 960 4893 νέων
985 4840 1068 4909 ἐφ’
1098 4841 1279 4904 ἑστίας
1317 4838 1667 4910 ἀϐρύνεσθαι.
1695 4836 1759 4890 Τί
1784 4833 1877 4890 οὖν

294 4939 398 4991 ἐπὶ
433 4937 680 5001 τούτοις;
717 4931 805 4986 Ἐν
839 4932 990 5002 ἀκμῇ
1015 4933 1113 5002 τῆς
1140 4931 1490 4994 ἀπολαύσεως
1508 4931 1617 4984 τῶν
1643 4929 1876 5000 ἡδίστων

291 5028 705 5090 ἐπισεισθέντος
746 5025 930 5087 αὐτοῖς
965 5023 1059 5076 τοῦ
1108 5023 1340 5092 ὀρόφου,
1387 5023 1558 5091 τάφος
1600 5021 1707 5074 τῶν
1747 5020 1878 5074 δέκα

293 5120 513 5174 παίδων
539 5118 599 5172 τὺ
649 5117 950 5189 συμπόσιον
979 5113 1207 5179 γίνεται.
1238 5115 1350 5166 Καὶ
1387 5117 1500 5177 τοῖς
1545 5113 1740 5182 αἵμασι
1769 5112 1879 5164 τῶν

288 5211 442 5267 νέων
466 5211 494 5262 ὁ
523 5210 736 5279 κρατὴρ
774 5205 1194 5277 καταμίγνυται,
1236 5205 1331 5257 καὶ
1361 5203 1430 5257 τὰ
1454 5203 1688 5274 ἐδώδιμα
1715 5203 1792 5273 τῷ
1815 5203 1879 5254 ὲκ

281 5304 411 5360 τῶν
435 5303 701 5372 σωμάτων
728 5301 910 5371 λύθρῳ
933 5294 1345 5368 κατεμολύνετο.
1375 5295 1642 5364 Τοιαύτης
1675 5311 1879 5364 συμφο-

288 5399 405 5470 ρᾶς
428 5394 506 5464 τῷ
549 5393 668 5447 Ἰὼϐ
710 5391 1068 5462 ἀγγελθείσης
1105 5387 1330 5458 (θέασαί
1373 5403 1461 5456 μοι
1489 5386 1566 5456 τῷ
1604 5387 1745 5456 λόγῳ
1783 5386 1875 5438 τὸν

281 5485 564 5555 ἀθλητὴν,
588 5484 685 5552 οὐχ
708 5483 794 5534 ἴνα
813 5481 1098 5553 θαυμάσῃς
1124 5479 1280 5548 μόνον
1302 5477 1390 5529 τὸν
1404 5477 1651 5546 νικητήν·
1682 5475 1876 5545 μικρὸν

278 5579 417 5649 γὰρ
446 5577 508 5630 τὸ
537 5578 600 5630 ἐκ
620 5569 713 5626 τοῦ
746 5573 1016 5642 θαύματος
1049 5570 1257 5642 κέρδος·
1285 5567 1398 5621 ἀλλ’
1432 5568 1516 5620 ἵνα
1548 5565 1796 5637 ζηλώσῃς
1817 5567 1874 5619 ἐν

276 5671 416 5733 τοῖς
439 5665 644 5738 ὁμοίοις
668 5663 756 5716 τὸν
782 5662 969 5732 ἀνδρα,
1012 5661 1104 5715 καί
1143 5678 1224 5714 σοι
1259 5659 1483 5730 γένηται
1523 5656 1874 5728 παιδοτρίϐης

538 5761 813 5823 Parnm.
851 5758 967 5818 Gn.
1007 5755 1228 5819 XLVI.

1979 3285 2092 3342 Deo
2126 3285 2298 3340 ﬁlium
2330 3287 2443 3342 dat.
2493 3285 2638 3354 Quid
2691 3288 2819 3344 item
2853 3303 3086 3361 magnus
3134 3289 3274 3347 Job?
3329 3307 3453 3348 cum
3499 3295 3551 3350 ei

1978 3386 2200 3449 repente
2223 3379 2379 3448 quasi
2410 3393 2522 3434 uno
2551 3379 2758 3450 impetu
2783 3378 3027 3435 adversa:
3060 3379 3294 3436 fortuna:
3317 3384 3553 3453 spoliato

1977 3470 2236 3526 omnibus
2252 3470 2420 3526 rebus
2436 3484 2501 3524 ac
2520 3470 2716 3540 copiis,
2736 3469 2936 3540 quibus
2952 3471 3344 3538 abundaverat,
3368 3475 3551 3544 prius-

1978 3573 2144 3630 quam
2177 3575 2206 3613 a
2237 3559 2618 3630 superioribus
2661 3560 2834 3629 plagis
2858 3565 2915 3614 et
2971 3560 3377 3617 calamitatibus
3431 3565 3551 3618 ani-

1979 3666 2130 3705 mum
2158 3650 2506 3721 collegisset,
2545 3650 2735 3705 ultima
2773 3653 3023 3707 nuntiata
3053 3653 3236 3710 clades
3278 3663 3362 3710 est
3395 3674 3409 3710 :
3441 3671 3551 3725 quo

1980 3741 2164 3796 animo
2182 3755 2368 3797 casum
2391 3742 2687 3797 liberorum
2721 3744 2964 3812 accepit?
2987 3743 3122 3800 Tres
3146 3744 3196 3800 ei
3223 3745 3344 3800 ﬁlia:
3360 3758 3514 3802 erant
3532 3788 3549 3815 ,

1979 3832 2078 3888 ﬁlii
2107 3839 2338 3902 septem,
2371 3834 2589 3888 nomine
2613 3832 2892 3890 ielicitatis
2931 3836 2986 3890 in
3031 3835 3221 3892 liberis
3256 3853 3552 3908 procrean-

1981 3924 2103 3992 dis;
2133 3933 2190 3980 et
2222 3925 2295 3980 ob
2342 3925 2617 3996 egregiam
2681 3926 2918 3981 indolem
2975 3926 3290 3982 eorumdem
3350 3929 3549 4001 dignus

1980 4023 2100 4071 crat
2125 4015 2217 4086 qui
2246 4015 2638 4086 praedicaretur
2669 4032 2735 4072 ac
2763 4017 2956 4074 beatus
3005 4019 3302 4075 haberetur
3341 4038 3354 4074 :
3419 4036 3545 4076 nam

1981 4117 2108 4158 cum
2138 4111 2218 4158 tot
2246 4112 2455 4168 essent,
2486 4113 2678 4159 mutuo
2703 4105 2848 4160 inter
2875 4121 2935 4162 se
2963 4122 3150 4162 amore
3181 4110 3339 4179 quasi
3405 4127 3547 4167 unus

1982 4195 2224 4250 universi
2248 4203 2447 4250 erant:
2484 4211 2593 4251 non
2625 4199 2917 4266 separatim
2974 4214 3040 4254 ac
3088 4200 3305 4257 divisim
3358 4218 3457 4273 per
3487 4221 3548 4260 se

1982 4286 2183 4356 singuli
2220 4286 2488 4352 viventes,
2540 4286 2634 4341 sed
2690 4302 2881 4343 omnes
2917 4304 2975 4344 se
2999 4299 3188 4345 mutuo
3240 4291 3550 4362 frequenter

1983 4378 2128 4456 inter
2160 4392 2220 4432 se
2247 4377 2568 4442 invisentes,
2608 4384 2763 4448 quasi
2805 4381 3268 4437 vicissitudinario
3314 4385 3550 4452 quodam

1983 4478 2039 4524 et
2069 4469 2274 4524 usitato
2321 4468 2498 4524 oﬁicio
2554 4479 2716 4541 atque
2771 4472 3028 4527 comitate
3083 4473 3347 4527 invitandi
3387 4481 3551 4544 atque

1985 4559 2290 4629 excipiendi
2335 4568 2598 4630 perpetuo
2622 4561 2760 4616 alter
2777 4563 3008 4616 alterum
3035 4563 3198 4618 modo
3223 4563 3547 4630 delectabat,

1986 4650 2148 4705 modo
2179 4651 2410 4706 invicem
2445 4651 2584 4708 alter
2620 4652 2689 4706 ab
2716 4653 2886 4707 altero
2916 4653 3345 4718 exhilarabatur,
3389 4665 3551 4726 atque

1985 4743 2120 4796 adeo
2145 4744 2308 4797 etiam
2343 4752 2476 4798 tunc
2509 4744 2904 4799 vicissitudinis
2935 4744 3098 4800 oﬁlcii
3143 4747 3276 4802 orbe
3318 4748 3552 4804 decurso

1985 4842 2148 4903 atque
2177 4845 2424 4904 peracto,
2459 4833 2599 4903 apud
2627 4833 2848 4888 fratrem
2880 4835 3176 4890 maximum
3228 4845 3360 4891 natu
3416 4853 3551 4893 con-

1982 4927 2186 4981 vivium
2216 4937 2366 4981 erat:
2401 4926 2545 4994 pleni
2572 4934 2815 4981 crateres
2837 4965 2852 4990 ,
2892 4926 3053 4997 plena
3081 4943 3269 4982 mensa
3291 4931 3550 4984 esculeno

1983 5026 2186 5082 torum,
2218 5016 2550 5071 inmanibus
2607 5016 2828 5082 calices,
2881 5019 3215 5086 spectacula,
3268 5027 3325 5073 ut
3357 5021 3550 5075 νει-ἰεί-

1982 5109 2111 5162 mile
2137 5115 2243 5170 est,
2279 5107 2347 5160 ad
2382 5107 2496 5161 haec
2529 5105 2735 5161 festivae
2785 5107 3146 5178 iucundaeque
3180 5112 3546 5177 narrationes,

1980 5209 2036 5253 et
2058 5199 2240 5251 omnia
2299 5198 2468 5253 animi
2521 5199 2916 5255 oblectamenta
2974 5201 3240 5257 conviviis
3303 5202 3548 5258 adhiberi

1982 5299 2279 5346 consueta:
2307 5305 2429 5346 mos
2463 5307 2625 5354 unus,
2657 5307 2764 5345 una
2803 5291 2963 5358 ratio,
2993 5307 3101 5346 una
3138 5294 3422 5350 voluntas:
3455 5311 3549 5350 co-

1983 5382 2145 5436 mitas
2175 5389 2231 5436 et
2260 5379 2532 5446 hilaritas,
2588 5380 2819 5446 ludicra,
2859 5381 3037 5436 risus:
3071 5384 3255 5438 omnia
3288 5399 3548 5454 quaecun-

1981 5487 2087 5538 que
2122 5485 2220 5539 par
2247 5479 2332 5524 est
2379 5469 2431 5523 in
2468 5478 2737 5524 conventu
2791 5470 3054 5538 juvenum
3088 5471 3232 5526 domi
3298 5489 3413 5528 sua:
3450 5492 3548 5545 per

1983 5565 2168 5616 luxum
2204 5570 2367 5633 atque
2395 5563 2620 5618 delicias
2655 5563 2867 5633 agitari.
2924 5563 3063 5629 Quid
3121 5565 3288 5635 igitur
3351 5583 3549 5624 conse-

1983 5667 2167 5712 cutum
2216 5656 2335 5714 est?
2376 5654 2513 5713 Cum
2543 5655 2631 5715 his
2669 5657 2829 5715 rebus
2853 5655 3114 5727 jucundis
3151 5657 3267 5725 jam
3315 5660 3548 5716 maxime

3110 5751 3193 5817 28
