4050 6164
395 195 498 252 8ῗῖ

1434 185 1694 245 ORATIO
1723 187 2070 244 FUNEBRIS
2113 188 2201 243 DE
2226 189 2593 244 PLACILIA.

3541 199 3644 254 878

391 304 806 376 κατεσκευάσθη
827 343 842 367 ,
885 303 980 358 τοῦ
1014 304 1070 357 δὲ
1102 303 1298 376 ἐχθροῦ
1331 305 1439 358 τῶν
1479 305 1666 378 ψυχῶν
1713 307 1869 379 ἡμῶν
1903 306 1952 360 δι

2073 304 2252 362 sitatis
2277 305 2539 376 expiatio.
2567 305 3021 376 Quandoquidem
3055 308 3197 365 enim
3228 317 3427 366 natura
3457 323 3642 367 nostra

388 403 604 470 ἀπάτης
638 401 769 469 ἡμῖν
792 397 852 450 τὸ
880 397 1050 450 κακὸν
1073 397 1476 468 παρεγχέαντος
1494 441 1508 464 ,
1536 401 1597 452 τὸ
1621 399 1824 467 ἀγαθὸν
1856 398 1961 468 χώ-

394 512 493 564 ραν
523 493 621 546 οὐκ
651 491 826 561 ἔσχεν·
881 489 1068 542 τούτου
1106 489 1309 553 ἕνεκεν,
1355 490 1430 553 ὡς
1466 491 1533 543 ἂν
1566 490 1640 561 μὴ
1687 490 1966 560 διαιωνίζῃ

393 586 524 654 ἡμῖν
550 584 583 651 ἡ
605 580 877 650 ὲμφυετσα
905 578 1091 643 κακία,
1121 579 1345 649 προνοίᾳ
1374 580 1640 650 κρείττονι
1671 579 1885 650 Θανάτῳ
1905 580 1966 632 τὺ

393 673 585 735 σκεῦος
605 671 740 741 πρὸς
761 670 958 739 ’καιρὸν
979 667 1273 733 διαλύεται,
1297 669 1386 723 ἴνα
1411 669 1509 739 τῆς
1531 671 1728 732 κακίας
1753 670 1966 742 ἐκρυεί-

390 777 488 831 σης
510 756 828 826 ἀναπλασθῇ
857 756 916 808 τὸ
936 753 1294 824 ἀνθρώπινον,
1322 757 1416 810 καὶ
1449 757 1646 827 ἀμιγὲς
1669 757 1863 820 κακίας
1886 756 1964 826 τῷ

387 849 447 914 ἐξ
481 848 658 920 ἀρχῆς
695 848 1045 916 άποκαταστῇ
1083 845 1200 916 βίῳ.
1239 845 1410 900 Τοῦτο
1436 847 1546 916 γάρ
1583 848 1734 900 ἐστιν
1763 848 1796 917 ἡ
1830 847 1963 901 ἀνά-

388 960 596 1005 στασις,
618 943 666 1013 -ή
697 941 776 1004 εἰς
817 940 879 992 τὺ
904 941 1128 1012 ἀρχαῖον
1159 939 1259 1010 τῆς
1293 938 1505 1008 φύσεως
1533 939 1690 1009 ήμῶν
1718 941 1964 994 ἀναστοι-

386 1035 630 1106 χείωσις.
683 1033 746 1086 Εἰ
792 1027 885 1085 οὖν
931 1030 1213 1101 ἀμήχανόν
1258 1032 1404 1084 ἐστιν
1446 1031 1962 1102 ἀναστοιχειωθῆναι

389 1125 529 1197 πρὸς
577 1124 639 1177 τὸ
670 1126 913 1197 κρεῖττον
949 1123 1046 1193 τὴν
1084 1121 1244 1191 φύσιν
1277 1122 1446 1193 χωρὶς
1473 1123 1838 1187 ἀναστάσεωςο
1870 1123 1966 1175 θα-

391 1215 555 1268 νάτου
610 1214 668 1268 δὲ
715 1211 1204 1284 προηγησαμένου,
1256 1211 1553 1275 ἀνάστασις
1595 1211 1846 1280 γενέσθαι
1899 1213 1961 1266 οὒ

396 1306 658 1360 δύναται·
695 1305 897 1373 ἀγαθὸν
930 1304 997 1358 ἂν
1043 1302 1128 1376 εἴη
1175 1305 1206 1356 6
1251 1302 1476 1367 θάνατος
1497 1344 1511 1367 ,
1543 1304 1684 1375 ἀρχὴ
1724 1305 1816 1357 καὶ
1849 1303 1965 1368 ὁδὸς

386 1396 488 1466 τῆς
537 1396 672 1468 πρὸς
719 1395 778 1448 τὸ
824 1398 1070 1466 κρεῖττον
1120 1393 1425 1464 μεταϐολῆς
1467 1397 1601 1465 ἡμῖν
1654 1395 1961 1464 γινόμενος.

385 1485 596 1540 Οὐκοῦν
639 1485 978 1554 ἐκϐάλωμεν,
1025 1484 1277 1553 ἀδελφοὶ,
1327 1485 1425 1555 τὴν
1470 1485 1648 1557 λύπην
1686 1487 1813 1557 περὶ
1857 1486 1965 1539 τῶν

326 1580 336 1592 ‘
385 1575 822 1648 κεκοιμημένων,
858 1576 925 1646 ἦν
975 1575 1125 1645 μόνοι
1157 1575 1517 1645 ὑπομένουσιν
1545 1575 1596 1628 oi
1625 1573 1701 1646 μὴ
1747 1575 1962 1645 ἔχοντες

2069 413 2100 452 a
2131 398 2241 454 Deo
2272 414 2497 454 summae
2546 413 2751 463 rerum,
2795 399 2962 454 veluti
3019 415 3116 457 vas
3149 403 3427 470 quoddam
3469 402 3645 459 bono-

2066 505 2189 543 rum
2221 504 2393 559 capax
2435 491 2504 544 ab
2534 490 2695 544 initio
2728 491 2947 545 condita
3005 499 3110 557 est,
3167 493 3261 547 sed
3297 493 3367 549 ab
3418 494 3646 550 inimico

2068 581 2376 635 animarum
2408 590 2721 638 nostrarum
2778 598 2874 652 per
2912 583 3159 639 fraudem
3213 585 3372 640 nobis
3401 587 3535 652 vitio
3561 585 3646 641 af-

2067 672 2214 736 fuso,
2242 673 2447 727 bonum
2485 674 2667 728 locum
2721 688 2831 727 non
2867 674 3095 730 habuit:
3129 675 3340 730 idcirco
3372 692 3438 732 ne
3489 679 3641 734 vitio-

2066 763 2204 817 sitas
2229 763 2392 818 nobis
2429 763 2708 818 inhaerens
2739 773 2999 833 perpetuo
3055 766 3302 830 duraret,
3354 767 3644 836 providen-

2065 853 2141 905 tia
2176 853 2388 906 meliori
2429 863 2606 909 morte
2641 868 2736 910 vas
2793 855 2862 909 ad
2918 863 3136 926 tempus
3183 857 3524 924 dissolvitur,
3585 869 3644 914 ut

2066 943 2159 998 ubi
2190 944 2465 1001 vitiositas
2511 945 2804 1010 eﬂluxeiit,
2845 947 3173 1002 reformetur
3221 964 3392 1019 genus
3448 951 3647 1004 huma-

2064 1049 2218 1097 num,
2253 1043 2418 1105 atque
2445 1035 2719 1107 integrum
2761 1052 2826 1092 ac
2858 1054 3058 1106 purum
3085 1054 3113 1091 a
3154 1041 3509 1108 permistione
3561 1042 3643 1096 vi-

2064 1126 2326 1181 tiositatis
2361 1127 2418 1179 in
2453 1127 2746 1196 pristinum
2773 1128 2896 1182 vitae
2939 1136 3140 1184 statum
3176 1131 3516 1184 restituatur.
3581 1129 3637 1184 id

2063 1217 2212 1271 enim
2267 1219 2603 1274 resurrectio
2653 1226 2759 1283 est,
2814 1234 3011 1289 nempe
3063 1225 3274 1274 naturae
3328 1228 3530 1275 nostra:
3588 1221 3643 1276 in

2065 1307 2358 1376 pristinum
2395 1317 2599 1364 statum
2638 1309 2931 1379 reparatio.
2969 1307 3029 1364 Si
3065 1309 3230 1380 igitur
3266 1309 3383 1366 ﬁeri
3417 1327 3526 1366 non
3548 1327 3646 1382 po-

2065 1405 2191 1462 test,
2223 1406 2284 1452 ut
2318 1399 2528 1470 absque
2555 1401 2970 1456 resurrectione
3016 1408 3217 1456 natura
3247 1401 3316 1456 ad
3365 1403 3642 1457 meliorem

2066 1489 2301 1544 formam
2339 1498 2394 1546 et
2421 1499 2627 1546 statum
2660 1492 2978 1563 redigatur:
3013 1507 3076 1546 ac
3099 1492 3206 1547 nisi
3233 1507 3386 1547 mors
3414 1506 3645 1562 praeces-

2072 1579 2227 1644 serit,
2255 1582 2590 1636 resurrectio
2629 1582 2744 1638 ﬁeri
2775 1599 2888 1638 non
2921 1591 3134 1654 potest:
3171 1584 3312 1639 bona
3342 1599 3432 1638 res
3478 1582 3646 1638 fuerit

388 1670 597 1724 ἐλπίδα.
651 1668 836 1732 Ἐλπὶς
880 1667 940 1721 δέ
983 1667 1130 1720 ἐστιν
1175 1670 1204 1721 6
1243 1667 1497 1741 Χριστός·
1542 1658 1588 1735 ᾧ
1622 1667 1654 1737 ἡ
1697 1667 1825 1733 δόξα
1867 1666 1956 1720 καί

2064 1685 2239 1737 mors,
2267 1679 2327 1726 ut
2367 1688 2490 1742 quae
2523 1673 2742 1728 initium
2779 1689 2844 1729 ac
2870 1675 2955 1729 via
2984 1676 3309 1731 mutationis
3353 1675 3408 1730 in
3449 1675 3645 1734 melius

390 1761 624 1832 κράτος,
690 1760 822 1831 τιμὴ
870 1758 964 1812 καὶ
1007 1748 1375 1829 προσκύνησις
1419 1759 1499 1822 εἰς
1557 1757 1683 1821 τοὺς
1738 1755 1960 1821 αἰῶνας.

403 1853 596 1922 Ἀμήν.

2070 1763 2229 1819 nobis
2258 1765 2510 1820 exsistat.
2535 1763 2773 1821 Proinde
2790 1781 2856 1821 ex
2879 1767 3065 1822 animo
3084 1768 3392 1837 ejiciamus.
3423 1765 3642 1828 fratres.

2074 1856 2454 1926 aegritudinem
2483 1863 2538 1912 et
2568 1856 2813 1912 dolorem
2837 1858 3229 1914 dormientium
3269 1861 3493 1914 nomine
3508 1872 3644 1913 con-

387 1946 642 2008 tractum,
675 1957 836 2013 quem
867 1941 970 1999 soli
1017 1942 1310 2007 sustinent,
1346 1941 1440 2012 qui
1490 1956 1643 2012 spem
1689 1955 1799 1998 non
1849 1941 2070 2005 habent.
2121 1947 2259 2020 Spes
2287 1957 2469 2006 autem
2520 1956 2606 2006 est
2654 1948 2912 2007 Christus
2955 1964 2971 2006 ι
3012 1952 3101 2008 cui
3143 1951 3319 2025 gloria
3357 1959 3413 2008 et
3472 1951 3643 2020 impe-

384 2035 546 2098 rium,
577 2034 750 2090 honos
769 2040 823 2089 et
845 2033 1091 2089 adoratio
1117 2033 1172 2088 in
1200 2033 1419 2089 saecula.
1454 2033 1646 2089 Amen.

1191 2246 1578 2255 —.————q_..—._q
1595 2247 1860 2253 __—._._——

403 2249 1578 2258 ____________________._
1595 2249 3428 2262 ____-_______________________________

1653 2403 1881 2490 TOY
1972 2397 2349 2490 ΑΥΤΟΥ

1101 2591 2112 2728 ΕΠΙΤΑΦΙΟΣ
2269 2593 2902 2730 ΛΟΓΟΣ

1459 2825 1568 2878 ΕΙΣ
1612 2822 2022 2879 ΠΛΑΚῘΛΛΔΝ
2065 2821 2492 2876 ΒΑΣΙΛΙΣΣΛΝ.

1726 3170 2263 3261 EJUSDEM

1261 3382 1860 3498 ORATIO
1967 3385 2742 3498 FUNEBRIS

1501 3605 1591 3660 DE
1631 3605 1967 3663 PLACILLA
2009 3603 2499 3661 IMPERATRICE.

1741 3761 1927 3810 Eodem
1973 3759 2278 3821 interprete.

431 4058 516 4115 ’Ὀ
566 4058 754 4121 πιστὸς
791 4057 887 4111 καὶ
928 4056 1186 4129 φρόνιμος
1230 4057 1507 4128 οἰκονόμος
1548 4058 1646 4128 (ὲκ
1690 4057 1798 4129 γὰρ
1839 4057 1945 4112 τῶν

2119 4057 2320 4114 Fidelis
2353 4063 2408 4112 et
2446 4056 2687 4127 prudens
2721 4054 3070 4125 dispensator
3108 4052 3257 4124 (nam
3307 4056 3378 4113 ab
3409 4055 3482 4113 iis
3513 4072 3636 4128 qua:

370 4150 799 4221 ἀνεγνωσμένων
825 4149 932 4202 ἀπὸ
959 4148 1052 4202 τοῦ
1073 4148 1219 4202 θείου
1241 4149 1574 4218 Εὐαγγελίου
1599 4150 1952 4220 προοιμιάςο-

372 4241 530 4314 μαι),
553 4240 614 4293 ὃν
638 4239 968 4310 κατέστησεν
995 4241 1023 4292 6
1049 4238 1252 4310 Κύριος
1276 4240 1368 4292 ἐπὶ
1393 4240 1490 4311 τῆς
1523 4241 1698 4305 οἰκίας
1722 4241 1948 4313 ταύτης,

366 4334 465 4389 τοῦ
493 4334 689 4388 διδόναι
714 4335 772 4386 ὲν
806 4330 984 4402 καιρῷ
1013 4334 1126 4396 τοῖς
1152 4333 1625 4403 οἰκονομουμένοις
1648 4332 1708 4387 τὸ
1733 4335 1952 4405 σιτομέ-

283 4487 292 4492 _
367 4441 546 4497 τριον,
579 4424 759 4487 καλῶς
787 4424 846 4477 ὲν
894 4421 969 4493 τῷ
1001 4422 1108 4494 πρὸ
1152 4421 1341 4476 τούτου
1382 4423 1558 4495 χρόνῳ
1586 4423 1952 4488 καταδικάσας

366 4517 468 4588 τὴν
515 4515 758 4584 ἀφωνίαν
805 4513 882 4584 τῷ
927 4515 1092 4585 λόγῳ,
1139 4515 1168 4566 ὁ
1197 4514 1379 4578 καλῶς
1419 4513 1515 4566 τοῦ
1553 4514 1815 4584 μεγέθους
1852 4516 1953 4585 τῆς

369 4607 656 4678 συμφορᾶς
682 4605 1072 4677 ἐπαισθόμενος
1093 4647 1109 4672 ,
1147 4607 1240 4659 καὶ
1267 4606 1506 4676 τιμήσας
1550 4609 1616 4677 τῇ
1649 4607 1852 4678 ἡσυχίᾳ
1889 4607 1951 4660 τὸ

367 4699 564 4767 πένθος
590 4741 603 4764 ,
637 4699 736 4752 οὐκ
762 4693 858 4750 οἷδ’
884 4699 1030 4762 ὅπως
1057 4701 1113 4752 ὲν
1155 4698 1231 4769 τῷ
1257 4697 1483 4769 παρόντι
1515 4698 1754 4769 συλλόγῳ
1789 4699 1949 4754 πάλιν

367 4791 631 4858 ἐπανάγει
654 4793 721 4859 τῇ
759 4787 1054 4858 Ἐκκλησία
1073 4789 1163 4841 τὸν
1190 4789 1366 4857 λόγον,
1392 4789 1554 4851 αὐτὸς
1579 4790 1826 4843 ἀναλύων
1853 4792 1950 4852 τὴν

372 4881 511 4935 ίδίαν
545 4881 687 4936 κατὰ
709 4879 801 4932 τοῦ
827 4879 984 4946 λόγου
1011 4879 1191 4949 ψῆφον
1212 4897 1226 4911 ·
1268 4881 1444 4934 καίτοι
1481 4897 1544 4948 γε
1585 4881 1790 4952 σφόδρα
1819 4880 1949 4936 θαυ-

373 4968 562 5040 μάζων
594 4970 694 5040 τῆς
739 4967 1008 5029 συνέσεως
1038 4967 1097 5019 ὲν
1143 4968 1356 5032 πολλοῖς
1383 4969 1475 5022 τδν
1515 4969 1856 5037 διδάσκαλον,
1891 4973 1950 5024 ἐν

366 5062 544 5132 τούτῳ
591 5060 824 5132 μάλιστα
872 5057 1031 5111 πλέον
1065 5059 1491 5130 ὑπερεθαύμασα
1514 5100 1529 5125 ,
1567 5061 1641 5124 ὡς
1675 5061 1857 5120 καλῶς
1889 5063 1948 5114 ὲν

366 5155 436 5224 τῇ
460 5153 714 5222 συμφορᾷ
741 5150 833 5203 τὸν
857 5148 1016 5218 λόγον
1038 5151 1496 5219 κατασιγάσαντα.
1532 5152 1817 5224 Προσφυὲς
1837 5153 1946 5224 γάρ

371 5260 466 5314 μοι
496 5241 643 5295 δοκεῖ
659 5243 754 5296 καὶ
779 5240 1112 5310 κατάλληλον
1137 5235 1275 5296 εἶναι
1310 5245 1421 5307 τοῖς
1451 5243 1703 5297 πενθοῦσι
1735 5245 1948 5315 φάρμα-

365 5352 465 5390 κον
505 5336 538 5404 ἡ
583 5335 727 5406 σιγὴ,
760 5334 820 5388 τὸ
843 5332 1070 5388 διοιδοῦν
1107 5334 1204 5406 τῆς
1234 5333 1411 5405 ψυχῆς
1436 5336 1612 5408 χρόνῳ
1639 5338 1735 5390 καὶ
1777 5354 1945 5408 κατη-

2056 4165 2124 4206 ex
2167 4149 2351 4205 divino
2407 4147 2699 4218 Evangelia
2735 4147 2960 4200 recitata
2988 4148 3175 4212 sunt‘,
3209 4146 3440 4217 ordior),
3471 4164 3634 4220 quem

2057 4239 2298 4311 praefecit
2341 4238 2601 4294 Dominus
2634 4236 2764 4292 huic
2816 4234 3056 4303 familiae,
3107 4243 3166 4291 ut
3197 4238 3288 4293 det
3313 4238 3364 4294 in
3391 4247 3635 4309 tempore

2055 4329 2156 4385 sibi
2187 4329 2498 4385 commissis
2527 4328 2776 4383 dimensa
2818 4341 2882 4380 ac
2914 4334 3032 4382 rata
3069 4328 3294 4395 cibaria,
3324 4345 3448 4384 cum
3481 4338 3631 4386 ante—

2057 4422 2159 4478 hac
2185 4428 2333 4476 recte
2377 4419 2768 4476 continentiam
2814 4419 2965 4475 vocis
3003 4421 3240 4474 orationi
3273 4429 3435 4489 atque
3462 4421 3634 4476 silen-

2055 4512 2190 4566 tium
2227 4511 2512 4566 indixisset
2543 4529 2556 4565 :
2590 4518 2650 4564 ut
2701 4509 2794 4580 qui
2852 4517 3001 4565 recte
3037 4508 3414 4579 magnitudine
3461 4509 3633 4566 cladis

2056 4605 2455 4669 animadversa,
2517 4604 2726 4657 luctum
2789 4601 3011 4658 silentio
3066 4601 3340 4655 honorare
3392 4601 3557 4656 vellet
3614 4620 3628 4655 :

2056 4696 2244 4750 nescio
2268 4694 2542 4766 quomodo
2569 4695 2624 4748 in
2657 4693 2914 4763 praesenti
2947 4698 3218 4746 conventu
3252 4690 3433 4745 denuo
3470 4692 3630 4747 redu-

2054 4787 2130 4840 cit
2155 4785 2412 4841 Ecclesiae
2459 4797 2786 4845 sermonem,
2836 4782 2956 4852 ipse
2993 4795 3148 4837 suam
3197 4781 3463 4837 adversus
3500 4797 3629 4836 oras

2055 4879 2268 4943 tionem.
2299 4875 2624 4933 sententiam
2670 4873 2992 4928 rescindens
3021 4890 3034 4925 :
3064 4882 3120 4927 et
3159 4872 3377 4942 quidem
3418 4887 3542 4928 cum
3573 4875 3630 4928 in

2055 4971 2243 5026 multis
2270 4970 2436 5023 rebus
2482 4967 2832 5022 vehementer
2861 4965 3104 5021 admiror
3133 4963 3478 5034 prudentiam
3509 4978 3629 5018 ma-

2054 5062 2233 5131 gistri,
2281 5067 2395 5113 tum
2431 5059 2485 5112 in
2513 5057 2619 5112 hoc
2676 5057 2912 5112 maxime
2947 5069 3114 5125 supra
3142 5057 3364 5112 modum
3389 5055 3625 5111 admira.

2056 5163 2145 5208 tus
2172 5165 2315 5215 sum,
2361 5149 2508 5218 quod
2555 5149 2764 5203 recenti
2817 5145 2973 5202 clade
3004 5146 3240 5201 orationi
3271 5155 3421 5202 recte
3461 5147 3630 5202 silen-

2054 5244 2189 5298 tium
2237 5240 2517 5296 indixerit.
2553 5241 2754 5310 Aptum
2816 5238 2961 5294 enim
2997 5237 3130 5291 mihi
3183 5246 3238 5293 et
3296 5238 3628 5294 conveniens

2053 5331 2370 5405 lugentibus
2421 5330 2766 5396 remedium,
2837 5328 3117 5384 silentium
3175 5343 3301 5384 esse
3364 5327 3624 5394 videtur,

367 5427 500 5498 φείᾳ
526 5426 592 5479 δι’
628 5427 854 5496 ἡσυχίας
892 5424 1255 5482 ὲκπέπτουσα.
1311 5427 1397 5492 Ὠς
1440 5429 1492 5481 εί
1515 5428 1578 5498 γέ
1603 5446 1687 5493 τις
1726 5428 1805 5483 ἔτι
1846 5429 1942 5498 τὴν

2061 5425 2252 5498 quippe
2295 5423 2485 5480 dolore
2539 5429 2858 5479 aestuantem
2913 5430 2966 5477 et
3020 5418 3466 5480 effervescentem
3504 5420 3624 5477 ani-

476 5606 495 5638 ¹
537 5602 725 5660 Matth.
763 5621 887 5673 xxv,
913 5606 984 5660 20
1017 5621 1137 5676 sqq.
