4050 6164
463 193 568 252 879

1662 190 1671 199 ’·
1698 182 1753 237 S.
1790 176 2117 237 GBEGORH
2140 174 2439 234 N‘YSSENI

3630 172 3751 231 830

460 319 612 362 unum
644 301 823 374 spatio
850 299 1112 370 temporis
1157 312 1221 352 ac
1250 308 1496 351 maerore
1540 293 1913 349 intercedente
1955 307 2050 362 per

2171 291 2327 361 luith
2352 291 2444 345 τοῦ
2474 288 2676 353 πάθους
2694 288 3200 361 ’ὑποθερμαίνοντος
3239 286 3519 360 άνακινοίη
3537 287 3628 342 τὸν
3655 289 3750 343 λό-

460 397 705 468 quietem
764 399 819 447 et
883 388 1314 445 taciturnitatem
1361 385 1598 455 mitigat.
1644 382 1780 438 Nam
1832 384 1878 439 si
1932 382 2058 454 quis

461 484 780 544 calamitate
823 481 987 536 etiam
1023 491 1173 531 nunc
1204 474 1447 530 animum
1485 473 1814 529 incendente
1843 486 2057 529 sermo-

464 590 590 630 nem
632 570 850 634 inferat,
885 566 1141 621 mteroris
1172 565 1372 620 vulnus
1399 572 1596 618 curatu
1629 562 1907 618 diiIicilius
1943 562 2056 627 ﬁet,

462 663 742 721 mentione
789 674 974 716 rerum
1019 656 1344 712 acerbarum
1397 653 1794 723 velutispinis
1831 652 2061 723 quibus-

461 757 588 811 dam
614 753 922 808 laceratum
955 747 1378 804 recrudescens.
1428 745 1509 800 Ac
1554 743 1663 800 nisi
1708 745 2059 799 temerarium

464 847 630 902 nimis
658 849 764 906 est,
803 841 851 897 si
875 856 977 912 ego
1011 852 1231 910 quoque
1258 842 1655 907 praeceptorem
1692 834 1748 889 in
1791 834 1973 906 aliqua
2001 849 2062 890 re

444 938 744 1006 corrigere
789 948 982 995 coner,
1021 930 1254 987 forsitan
1301 928 1445 984 haud
1476 926 1885 983 incommodum
1918 924 2061 982 fuis-

450 1041 571 1096 set,
602 1042 777 1098 usque
807 1025 989 1079 adhuc
1017 1021 1297 1079 silentium
1328 1027 1580 1076 nostrum
1603 1018 1854 1074 obtinere
1890 1025 2059 1088 atque

465 1120 687 1183 durare,
724 1130 793 1172 ne
822 1114 896 1168 ad
929 1113 1297 1168 calamitatem
1350 1110 1531 1165 oratio
1560 1109 1802 1165 demissa
1831 1110 2061 1165 auribus

439 1209 699 1263 «molesta
759 1210 927 1260 esset.
960 1201 1212 1257 Nondum
1240 1201 1633 1256 enim-tantum
1674 1201 1942 1271 temporis
1977 1200 2061 1255 in-

452 1303 744 1367 tercessit,
774 1313 886 1371 quo
916 1313 1071 1354 mens
1094 1297 1175 1352 ad'
1203 1297 1406 1352 malum
1448 1310 1769 1353 assuescere
1798 1295 2061 1366 potuerit,

468 1396 662 1450 Adhuc
696 1406 890 1448 recens
946 1391 1002 1445 in
1047 1391 1234 1444 animo
1267 1387 1455 1443 clades
1483 1397 1570 1442 est
1614 1405 1644 1441 ἐ
1705 1400 1771 1440 ac
1800 1385 2061 1441 Jorsitan

468 1486 638 1540 etiam
691 1496 909 1552 semper
952 1493 1149 1535 recens
1208 1478 1314 1534 erit
1366 1477 1527 1532 aetati
1558 1477 1808 1547 (nostrae)
1840 1474 2057 1530 dolor:

472 1578 657 1632 adhuc
719 1575 973 1630 turbatur
1025 1586 1122 1627 cor
1205 1582 1454 1626 nostrum
1520 1588 1533 1623 :
1587 1569 1861 1625 acveluti
1912 1583 2064 1624 mare

2160 400 2276 452 γον,
2312 382 2736 452 δυσαλθέστερον
2766 381 2825 434 τὸ
2857 383 2956 452 τῆς
2976 379 3161 450 λύπης
3188 378 3410 450 τραῦμα
3428 380 3745 450 γενήσεται,

2160 480 2227 547 τῇ
2265 476 2452 547 μνήμῃ
2489 475 2597 527 τῶν
2627 473 2892 542 ἀλγεινῶν
2920 468 3034 526 οἷόν
3061 489 3204 525 τισιν
3237 471 3503 535 ἀκάνθαις
3532 471 3752 537 ὲπιξαι-

2160 568 2404 636 νόμενον.
2453 566 2516 618 Ei
2543 565 2601 617 δὲ
2644 564 2719 636 μὴ
2754 563 2873 617 λίαν
2902 562 3021 617 ἐστὶ
3051 562 3323 633 τολμηρὸν
3355 561 3502 633 κάμέ
3543 579 3598 615 τι
3634 562 3749 615 τῶν

2159 657 2601 712 τοῦθδιδασκάλου
2631 653 3187 727 προσδιορθώσασθαι,
3218 653 3360 723 τάχα
3380 653 3563 719 καλῶς
3587 655 3751 725 ἔσχεν

2165 747 2329 819 μέχρι
2362 744 2458 801 τοῦ
2496 746 2596 801 νῦν
2641 747 3008 815 κατακρατεῖν
3040 744 3199 816 ἡμῶν
3236 744 3337 817 τὴν
3363 744 3624 816 ἡσυχίαν,
3653 747 3753 812 ὡς

2164 841 2232 894 ἂν
2262 839 2338 912 μὴ
2358 840 2497 910 πρὸς
2514 839 2577 892 τὺ
2605 838 2777 902 πάθος
2800 840 2829 892 ό
2851 838 3007 907 λόγος
3026 836 3436 901 καθελκυσθεὶς,
3459 837 3753 912 τὴνάκοὴν

2161 931 2451 985 ἁνιάσειεν.
2478 928 2646 983 οῠπω
2670 928 2779 999 γὰρ
2805 927 3058 991 τοσοῦτος
3094 928 3124 980 ὁ
3154 929 3212 981 ὲν
3232 926 3313 997 τῷ
3345 929 3495 999 μέσῳ
3520 931 3747 1001 χρόνος,

2161 1021 2301 1075 ὥστε
2328 1020 2654 1092 προσεθίσαι
2674 1019 2754 1091 τῷ
2779 1018 2930 1088 καλῷ
2960 1018 3063 1088 τὴν
3105 1019 3361 1074 διάνοιαν.
3391 1018 3511 1073 Ἐτι
3541 1022 3663 1074 νέον
3689 1023 3753 1075 ἐν

2160 1118 2228 1185 τῇ
2257 1113 2402 1185 ψυχῇ
2426 1113 2488 1167 τὸ
2510 1112 2682 1176 πάθος
2702 1151 2717 1176 ,
2742 1110 2967 1181 τάχανδὲ
2990 1111 3087 1164 καὶ
3109 1111 3196 1165 ἀεὶ
3221 1112 3341 1165 νέον
3366 1111 3516 1166 ἔσται
3541 1113 3619 1184 τῷ
3647 1112 3753 1184 βίῳ

2160 1206 2223 1259 τὸ
2257 1205 2498 1276 ἄλγημα·
2560 1203 2642 1258 ἔτι
2708 1204 3045 1275 ταράσσεται
3100 1201 3316 1274 ἡμῶνὴ
3370 1203 3587 1275 καρδία,
3653 1207 3755 1259 καὶ

2167 1296 2417 1370 καθάπερ
2463 1313 2549 1360 τις
2587 1296 2831 1351 θάλασσα
2859 1292 3343 1367 κυματουμένητῇ
3380 1294 3602 1348 λαίλαπι
3649 1297 3755 1367 τῆς

2165 1390 2447 1460 συμφορᾶς
2492 1390 2558 1441 ὲκ
2586 1387 2761 1458 βυθῶν
2790 1387 3226 1457 ἀναστρέφεται·
3269 1385 3351 1438 ἔτι
3378 1386 3666 1440 διοιδοῦσιν
3684 1390 3756 1441 ’οί

2163 1479 2454 1549 λογισμοὶ,
2482 1478 2619 1549 πρὸς
2656 1477 2755 1549 τὴν
2788 1478 3010 1549 μνήμην
3041 1475 3151 1531 τῶν
3190 1476 3375 1531 κακῶν
3406 1477 3751 1544 άναζέοντες.

2176 1573 2543 1644 Ἀστατούσης
2586 1567 2679 1627 οὖν
2719 1571 2799 1642 τῷ
2841 1570 3069 1641 τοιούτῳ
3113 1569 3345 1624 κλύδωνι
3388 1573 3487 1643 τῆς
3532 1572 3755 1644 ψυχῆς,

438 1666 750 1738 -quoddam
799 1663 1022 1719 turbine
1073 1662 1404 1718 calamitatis
1447 1668 1782 1716 commotum
1833 1661 1903 1715 ab
1952 1660 2063 1715 imo

2171 1665 2282 1729 πῶς
2309 1664 2422 1719 ἔστι
2449 1635 2784 1737 προαγαγεῖν
2815 1665 2903 1718 ἐπ’
2935 1635 3150 1726 εὐθείας
3182 1662 3272 1716 τὸν
3296 1635 3471 1731 λόγον,
3501 1635 3760 1722 etsietsi

472 1761 646 1815 fundo
697 1757 985 1818 evertitur,
1053 1753 1235 1809 adhuc
1301 1760 1541 1807 aestuant
1590 1751 1955 1823 cogitationes
1995 1752 2062 1806 ad

474 1853 807 1908 mentionem
870 1848 1143 1903 malorum
1199 1843 1834 1901 eﬂ‘ervescentcstum
1898 1845 2066 1914 igitur

473 1944 744 2014 ejusmodi
795 1947 1119 2012 tempestate
1181 1939 1401 1993 animus
1456 1943 1769 1993 commotus
1811 1938 1911 2001 sit,
1968 1923 2066 2007 qui

487 2037 606 2093 ﬁeri
663 2043 841 2106 potest
892 2040 953 2088 ut
1001 2038 1155 2087 recto
1193 2044 1358 2085 cursu
1397 2029 1574 2082 oratio
1607 2029 1869 2099 procedat
1898 2026 2066 2083 veluti

477 2127 715 2196 procella
763 2125 1022 2196 quadam,
1051 2122 1249 2179 affectu
1280 2121 1489 2177 doloris
1513 2120 1754 2190 jactata?
1790 2119 1897 2175 Sed
1930 2133 2069 2190 quo-

476 2220 622 2275 niam
648 2217 862 2288 jubenti
907 2217 1291 2286 obtemperare
1334 2220 1575 2283 oportet,
1612 2213 1802 2269 nescio
1830 2226 1939 2282 quo
1977 2226 2070 2281 ge-

476 2326 607 2366 nere
652 2321 776 2364 utar
830 2305 1121 2361 orationis.
1186 2304 1306 2359 Non
1367 2303 1513 2358 enim
1573 2303 1885 2375 excogitare
1941 2317 2069 2372 pos-

466 2415 600 2457 sum
658 2399 863 2469 quibus
915 2396 1251 2465 conjecturis
1282 2407 1548 2463 assequar
1579 2404 1814 2449 tuentem
1861 2408 2065 2463 praeceo

476 2492 673 2559 ptoris.
707 2489 790 2540 An
835 2485 1066 2541 forsitan
1098 2486 1262 2540 etiam
1299 2482 1505 2552 aliquid
1542 2482 1854 2553 mgritudmi
1883 2482 2066 2537 indul-

479 2595 607 2652 gere
656 2579 793 2642 vult,
830 2591 897 2632 ac
937 2576 1122 2632 verbis
1169 2575 1239 2630 ad
1292 2574 1523 2631 allectus
1580 2572 1940 2630 concitandos
1974 2586 2066 2628 ac-

462 2670 843 2729 commodatis
873 2669 1129 2725 concioni
1177 2668 1451 2740 horymas
1489 2666 1876 2722 commovere?
1905 2666 1995 2722 Ac
2017 2667 2067 2723 si

455 2765 558 2819 .ita
588 2762 778 2825 sentit,
821 2768 993 2825 recte.
1048 2774 1171 2815 meo
1226 2757 1447 2828 quidem
1500 2756 1734 2827 judicio,
1770 2757 1934 2813 etiam
1963 2757 2066 2815 hoc

2149 1756 2439 1825 καταιγίδι
2502 1756 2583 1827 τῷ
2634 1755 2795 1811 πάθει
2863 1755 2963 1826 τῆς
3009 1753 3187 1825 λύπης
3251 1756 3756 1826 ὲγχειμαζόμενονς

2179 1848 2318 1901 Ἀλλ’
2354 1847 2540 1918 ἐπειδὴ
2560 1848 2666 1920 χρὴ
2696 1845 2971 1901 κελεύοντι
2996 1845 3301 1910 πείθεσθαι,
3327 1846 3427 1899 οὐκ
3454 1842 3571 1901 οῖδα
3599 1849 3760 1913 ὅπως

2165 1939 2242 2011 τῷ
2267 1939 2410 2011 λόγῳ
2437 1940 2733 2012 χρήσομαι.
2765 1938 2840 1992 Οὐ
2866 1939 2971 2011 γὰρ
3001 1937 3241 2010 εὑρίσκω
3268 1939 3367 2010 τῆς
3391 1938 3634 2003 διανοίας
3659 1941 3756 1995 τοῦ

2167 2032 2485 2088 διδασκάλου
2520 2031 3052 2103 καταστοχάσασθαι.
3109 2031 3183 2083 Ἢ
3210 2030 3352 2102 τάχα
3397 2030 3651 2100 βούλεταί
3682 2048 3759 2086 ⁸τι

2168 2125 2264 2179 καὶ
2301 2123 2378 2195 τῷ
2422 2123 2584 2178 πάθει
2631 2122 2961 2195 χαρίσασθαι
2984 2163 2998 2187 ,
3044 2121 3138 2175 καὶ
3175 2124 3287 2185 τοῖς
3319 2122 3760 2194 ἐμπαθεστέρας

2168 2215 2277 2268 τῶν
2297 2216 2482 2285 λόγων
2506 2215 2837 2286 ἀνακινῆσαι
2862 2218 2929 2285 τῇ
2957 2214 3222 2285 ἐκκλησίᾳ
3249 2212 3311 2266 τὸ
3332 2212 3605 2284 δάκρυσν;
3644 2216 3763 2269 Καὶ

2171 2309 2221 2360 εἰ
2247 2307 2420 2360 ταῦτα
2442 2308 2755 2370 διανοεῖται,
2784 2306 2981 2379 ὀρθῶς,
3009 2306 3151 2360 κατά
3173 2322 3235 2374 γε
3257 2305 3356 2377 τὴν
3380 2305 3517 2377 ἐμὴν
3544 2306 3760 2377 κρίσιν,

2174 2398 2439 2452 καὶτοῦτο
2463 2400 2622 2451 ποιεῖ·
2641 2398 2725 2452 δεῖ
2742 2398 2850 2470 γὰρ
2871 2398 3108 2463 πάντως,
3132 2397 3322 2467 ὥσπερ
3341 2397 3437 2470 τὴν
3454 2398 3763 2453 ἀπόλαυσιν

2170 2486 2279 2541 τῶν
2311 2486 2528 2555 ἀγαθῶν
2567 2485 2994 2558 προθυμούμεθα
3018 2526 3033 2551 ,
3085 2486 3227 2540 οὕτω
3267 2488 3363 2541 καὶ
3394 2488 3533 2560 πρὸς
3562 2487 3630 2542 τά
3658 2488 3761 2541 λυ-

2174 2577 2323 2649 πηρὰ
2360 2577 2467 2651 τῶν
2512 2577 2932 2650 συμπιπτόντων
2977 2577 3195 2641 οἰκείως
3230 2576 3394 2648 ἔχειν.
3443 2578 3616 2632 Τοῦτο
3643 2579 3765 2651 γάρ

2173 2668 2269 2723 καλ⁸
2294 2670 2324 2723 ὁ
2381 2656 2818 2741 Ἑκκλησιαστὴς
2863 2669 3241 2742 συμϐουλεύει.
3286 2672 3537 2740 Καιρὸς,
3582 2672 3763 2744 φησὶ,

2172 2760 2281 2816 τοῦ
2305 2759 2582 2833 γελάσαι,
2613 2761 2714 2816 καί
2747 2762 2954 2831 καιρὸς
2985 2762 3091 2817 τοῦ
3120 2762 3399 2817 κλαῦσαι.

482 2859 615 2926 facit
654 2876 668 2912 :
711 2863 927 2926 oportet
957 2854 1106 2910 enim
1150 2867 1378 2923 prorsus
1423 2852 1572 2907 sicut
1633 2851 1905 2907 oblectari
1952 2857 2230 2923 cupimus,
2279 2863 2334 2910 et
2388 2855 2690 2912 commodis
2736 2855 2900 2911 rebus
2947 2854 3183 2911 fruimur
3253 2856 3504 2923 libenter,
3563 2859 3640 2913 ita
3686 2859 3768 2914 ad

482 2954 670 3009 tristes
700 2960 756 3006 et
786 2951 1013 3005 acerbos
1051 2962 1270 3018 quoque
1321 2962 1486 3003 casus
1540 2962 1645 3004 nos
1692 2949 2134 3005 accommodare.
2176 2951 2233 3006 ld
2263 2951 2408 3007 enim
2465 2950 2632 3007 etiam
2674 2951 2918 3007 consulit
2946 2950 3333 3017 Ecclesiastes,
3394 2951 3623 3023 Tempus
3674 2968 3768 3008 es:

485 3044 685 3114 inquit,
722 3039 951 3105 ridendi,
989 3049 1189 3109 tempus
1212 3047 1291 3093 est
1328 3041 1452 3094 item
1483 3038 1647 3106 ﬂendi
1671 3039 1716 3091 '.

553 3136 660 3193 Per
694 3135 807 3190 haec
836 3133 983 3187 enim
1012 3131 1309 3198 discimus,
1365 3132 1514 3203 quod
1550 3132 1616 3187 ad
1653 3146 1769 3187 rem
1820 3147 2069 3203 qiraesen-

2235 3133 2608 3204 Μανθάνομεν
2642 3131 2752 3204 γὰρ
2782 3131 2871 3187 διὰ
2904 3131 3131 3199 τούτων,
3164 3131 3247 3186 ὅτι
3287 3132 3370 3187 δεῖ
3402 3135 3768 3209 καταλλήλως

480 3238 598 3285 tem
640 3232 891 3298 oporteat
933 3224 1105 3280 etiam
1155 3224 1399 3279 animum
1455 3225 1893 3280 accommodare.
1918 3224 2076 3279 ‘Pro-

487 3337 647 3393 spere
674 3317 1102 3376 ressuccedunt
1127 3361 1143 3386 ,
1171 3318 1561 3389 tempestivum
1589 3325 1673 3374 est
1704 3318 1879 3373 laetari
1926 3336 1942 3370 :
1968 3334 2077 3374 κτε-

482 3414 650 3469 ducta
684 3419 769 3468 est
812 3410 1075 3465 alacritas
1125 3408 1297 3464 animi
1340 3408 1423 3464 -ad
1470 3407 1896 3478 demissionem;
1946 3425 2079 3465 con-

472 3506 627 3562 werti
649 3504 813 3562 etiam
847 3503 1103 3559 convenit
1161 3501 1405 3557 laetitiam
1442 3501 1499 3556 in
1552 3501 1848 3574 lacrymas.
1871 3501 2073 3569 Quem-

487 3596 779 3654 admodum
827 3596 973 3652 enim
1013 3595 1163 3650 risus
1214 3593 1431 3664 signum
1495 3592 1552 3647 in
1611 3594 1795 3649 animo
1855 3593 2077 3650 latentis

488 3688 789 3745 alacritatis
847 3696 934 3743 est
976 3705 990 3742 :
1029 3687 1106 3741 ita
1149 3686 1314 3740 etiam
1361 3683 1520 3740 dolor
1566 3684 1624 3739 in
1672 3684 1842 3740 corde
1892 3684 2081 3740 delite-

490 3796 651 3836 scens
689 3794 787 3850 per
835 3777 996 3833 ﬂetus
1031 3785 1086 3832 et
1136 3774 1571 3839 lamentationesf
1593 3774 1933 3846 signiﬁcatur
1967 3793 1980 3830 :
2013 3790 2077 3830 ac

487 3874 777 3928 vulnerum
830 3869 1001 3924 animi
1041 3876 1302 3936 tanquam
1362 3867 1590 3937 sanguis
1644 3866 1899 3937 lacrymae
1927 3877 2073 3923 sunt.
2112 3922 2113 3925 η

493 3958 553 4012 ld
590 3958 752 4011 etiam
779 3953 1138 4009 Proverbium
1171 3953 1487 4009 Salomonis
1514 3954 1592 4008 ait
1626 3953 1854 4011 :Cardis
1889 3957 2076 4012 (tetan-

488 4048 562 4101 tis
593 4047 767 4100 vultus
807 4044 962 4113 ﬂoret
1011 4058 1030 4097 :
1057 4044 1223 4097 animi
1259 4059 1379 4097 vero
1429 4046 1656 4100 tristitia
1689 4047 1867 4116 aﬂ‘ecti
1903 4048 2076 4103 vultus

470 4147 709 4192 miratus
739 4152 802 4189 ac
829 4136 1091 4190 demissus
1122 4145 1214 4189 est
1234 4134 1274 4187 ³.
1311 4133 1552 4197 Proinde
1584 4152 1817 4209 prorsus
1851 4154 2077 4196 necesse

490 4237 580 4285 est
618 4244 744 4283 cum
789 4225 1076 4281 all‘ectione
1108 4225 1295 4281 cordis
1347 4243 1457 4282 una
1513 4230 1764 4285 contrahi
1798 4238 1963 4299 atque
1989 4231 2077 4287 de-

493 4320 632 4375 mitti
676 4319 1002 4374 orationem.
1063 4315 1242 4386 Atque
1284 4319 1494 4372 utinam
1551 4320 1784 4375 inveniri
1844 4333 2078 4392 possent

493 4410 764 4480 ejusmodi
793 4409 974 4478 aliqua
1023 4407 1219 4471 verba,
1260 4408 1464 4478 quibus
1514 4425 1744 4480 magnus
1792 4411 2073 4481 quondam

2178 3223 2256 3293 τῷ
2288 3223 2631 3294 ὖποκειμένῳ
2677 3224 2771 3277 καὶ
2820 3222 2919 3294 τὴν
2966 3221 3143 3295 ψυχὴν
3194 3223 3545 3281 διατίθεσθαι.
3598 3230 3767 3285 Κατὰ

2179 3315 2308 3387 ροὖν
2340 3315 2409 3369 τὰ
2439 3315 2737 3387 πράγματα
2767 3313 3031 3385 φέρεται;
3077 3313 3333 3386 εὔκαιρον
3370 3316 3431 3369 τὸ
3469 3317 3767 3388 εὐφραίνε-

2179 3404 2302 3458 σθαι
2322 3421 2336 3436 ·
2356 3464 2361 3467 _
2380 3405 2647 3477 μετέπεσε
2672 3404 2735 3459 τὸ
2763 3404 2981 3477 φιδρδν
3005 3405 3083 3470 είς
3115 3406 3446 3478 κατήφειανς
3479 3409 3767 3479 μετασάλ-

2177 3495 2291 3549 λειν
2324 3494 2706 3567 προσήκεικαὶ
2732 3495 2831 3566 τὴν
2860 3493 3127 3566 εὐθυμίαν
3156 3498 3235 3561 είς
3262 3496 3514 3571 δάκρυον.
3543 3499 3771 3574 Ὥσπερ

2177 3585 2286 3658 γὰρ
2311 3588 2341 3641 ὁ
2364 3585 2537 3655 γέλως
2556 3587 2790 3658 τσημεῖον
2815 3585 2911 3657 τῆς
2952 3584 3098 3640 ἔνδον
3129 3589 3479 3662 φαιδρότητος
3509 3591 3765 3661 γίνεται,

2176 3678 2318 3733 οὕτω
2353 3679 2447 3733 καὶ
2490 3680 2521 3732 ό
2561 3679 2619 3732 ὲν
2662 3679 2730 3749 τῇ
2791 3676 2990 3749 καρδίᾳ
3038 3678 3199 3742 πόνος
3238 3680 3344 3733 ύπὺ
3379 3680 3490 3735 τῶν
3540 3681 3770 3755 θρήνων

2176 3767 2589 3840 διερμηνεύεται
2614 3811 2629 3836 ,
2650 3768 2744 3822 καὶ¹
2757 3768 2963 3837 γίνεται
2984 3768 3091 3822 τῶν
3106 3769 3207 3840 τῆς
3228 3770 3405 3842 ψυχῆς
3424 3776 3770 3845 τραυμάτων

2177 3861 2366 3934 ὥσπερ
2420 3856 2560 3932 αἷμα
2611 3862 2672 3915 τὸ
2725 3860 2983 3932 δάκρυον.
3038 3860 3208 3916 Τοῦτο
3262 3864 3355 3917 καὶ
3400 3865 3434 3936 ἠ
3478 3866 3767 3938 Παροιμία

2179 3953 2523 4025 Σολομῶντός
2576 3970 2769 4025 φησιν,
2807 3953 2890 4007 ὅτι
2935 3952 3196 4022 Καρδίας
3255 3957 3762 4027 εὐφραινομένης,

2177 4047 2500 4115 πρόσωπον
2515 4044 2725 4101 θάλλει
2742 4061 2756 4076 ’
2775 4044 2886 4114 τῆς
2906 4042 3115 4114 ψυχῆς
3129 4044 3199 4099 δὲ
3217 4044 3286 4099 ἐν
3298 4046 3521 4114 λύπαις
3539 4050 3762 4116 οὔσης,

2128 4168 2133 4169 ί
2175 4132 2602 4202 σκυθρωπάζει.
2642 4132 2853 4187 Οὐκοῦν
2866 4133 3089 4204 ἀνάγκη
3119 4135 3269 4189 πᾶσα
3292 4138 3357 4206 τῇ
3391 4136 3632 4193 διαθέσει
3656 4140 3764 4213 τῆς

2179 4224 2405 4296 καρδίας
2434 4224 2899 4295 συσκυθρωπάσαι
2931 4226 3022 4281 τὸν
3050 4225 3225 4295 λόγον.
3255 4228 3365 4281 Καὶ
3392 4228 3505 4281 εἴθε
3534 4229 3765 4285 δυνατὸν

2182 4311 2251 4387 ἦν
2286 4314 2561 4378 τοιούτους
2611 4313 2853 4385 ἐξευρεῖν
2900 4330 3053 4378 τινας
3095 4314 3305 4383 λόγους,
3339 4316 3487 4379 οἴους
3517 4318 3548 4370 ὁ
3580 4319 3763 4388 μέγας

2193 4406 2456 4480 Ἱερεμίας
2507 4407 2573 4477 τῇ
2639 4407 2892 4478 συμφορᾷ
2940 4422 3066 4459 ποτε
3110 4406 3219 4461 τῶν
3264 4407 3611 4479 Ἰσραηλιτῶν
3652 4410 3763 4464 ἑπ-

491 4501 762 4556 Jeremias
813 4498 1186 4555 Israelitarum
1245 4494 1454 4553 cladem
1504 4497 1753 4554 deﬂevit!
1790 4498 1902 4555 Illis
1929 4502 2069 4557 enim

2182 4497 2500 4570 εθρήνησεν.
2535 4496 2789 4551 Ἐκείνων
2817 4497 2926 4568 γὰρ
2955 4496 3081 4562 ἄξια
3106 4496 3177 4551 τὰ
3196 4498 3440 4570 παρόντα
3472 4499 3695 4570 μᾶλλον,
3722 4502 3760 4573 1}

494 4590 787 4661 praesentia
815 4588 990 4658 magis
1021 4586 1187 4657 digna
1217 4595 1365 4652 sunt,
1395 4602 1557 4656 quam
1590 4589 1636 4645 si
1670 4589 1803 4658 quid
1832 4590 1982 4646 aliud
2008 4608 2073 4649 ex

493 4679 821 4750 antiquitate
872 4677 1035 4732 triste
1083 4676 1351 4731 memoria
1416 4684 1652 4732 tenetur.
1705 4677 1813 4735 Res
1868 4683 2076 4737 acenhae

493 4781 659 4844 atque
682 4782 898 4827 atroces
927 4775 1075 4831 sunt,
1112 4783 1235 4838 qua:
1268 4777 1567 4823 narrantur
1595 4770 1664 4825 de
1694 4767 1819 4827 Job.
1847 4773 1918 4828 At
1946 4774 2077 4844 quid

490 4877 635 4935 opus
669 4871 755 4919 est
797 4877 921 4916 cum
968 4861 1073 4914 hoc
1123 4869 1276 4914 tanto
1309 4859 1655 4915 incommodo
1684 4862 1850 4927 unius
1878 4863 2075 4920 domus

494 4960 786 5009 numeratu
817 4951 1005 5007 faciles
1034 4964 1355 5019 comparare
1379 4950 1403 5003 τ
1427 4948 1570 5016 Quin
1599 4954 1765 5008 etiam
1796 4956 1843 5009 si
1877 4971 2073 5027 magna

493 5044 782 5114 magisque
813 5042 1129 5097 communia
1162 5041 1304 5094 mala
1333 5046 1883 5111 commemoraveris,
1914 5055 2073 5104 terra:

492 5142 712 5198 motus,
760 5132 940 5197 bella,
988 5130 1409 5196 inundationes,
1459 5130 1682 5199 hiatus;
1735 5149 1900 5206 parva
1945 5146 2073 5193 sunt

493 5224 659 5280 etiam
691 5225 809 5278 haec
828 5263 843 5285 ,
870 5224 915 5278 si
943 5238 1071 5278 cum
1099 5222 1464 5291 praesentibus
1490 5235 1899 5295 comparentur.
1931 5227 2075 5295 Qua-

492 5316 599 5369 re?
625 5315 765 5381 Quia
792 5329 900 5368 non
928 5315 992 5368 ad
1018 5315 1332 5369 universum
1358 5315 1546 5370 statim
1580 5317 1765 5372 orbem
1797 5326 2070 5375 terrarum

496 5403 682 5459 clades
724 5405 853 5459 belli
903 5405 1180 5475 pertinet:
1228 5403 1325 5460 sed
1366 5406 1474 5459 alia
1515 5406 1736 5477 quidem
1786 5425 1913 5480 pars
1954 5411 2072 5481 ejus

567 5583 591 5615 ⁸
628 5580 809 5637 Eccle.
836 5599 918 5647 ιιι,
941 5586 993 5639 4.
1073 5585 1093 5617 ⁸
1116 5583 1294 5640 Eccle.
1332 5601 1429 5654 vn,
1458 5586 1517 5644 ι.

2180 4592 2234 4644 et
2275 4607 2329 4642 τι
2375 4588 2483 4642 τῶν
2529 4588 2773 4658 ἀρχαίων
2825 4590 2883 4641 ὲν
2937 4589 3282 4659 σκυθρωποῖς
3335 4594 3760 4663 μνημονεύεται.

2178 4677 2403 4732 Χαλεπὰ
2430 4677 2497 4731 τὰ
2528 4676 2622 4729 τοῦ
2669 4675 2787 4729 ’1ὼό
2830 4677 3166 4749 διηγήματα.
3212 4679 3455 4733 Ἀλλὰτί
3480 4684 3587 4753 χρὴ
3620 4684 3767 4753 πρὸς

2177 4769 2334 4822 τοῦτο
2377 4767 2545 4821 κακὸν
2587 4766 2975 4835 ἁντεξαγαγεῖν
3028 4769 3159 4836 μιᾶς
3190 4769 3367 4833 οἰκίας
3409 4770 3766 4843 εύαρίθμητιι

2180 4859 2363 4931 πάθης
2413 4857 2532 4913 Κᾶν
2565 4857 2634 4912 τὰ
2677 4857 2886 4928 μεγάλα
2934 4859 3027 4912 κα)⁸
3081 4860 3358 4931 κοινότερα
3409 4860 3521 4915 τῶν
3569 4865 3766 4918 κακῶν

2175 4951 2468 5022 διεξέλθῃς,
2520 4951 2796 5020 σεισμοὺς,
2829 4936 2923 5004 κάὶ
2968 4950 3257 5021 πολέμους,
3291 4952 3381 5004 καὶ
3414 4951 3763 5019 ἐπικλύσεις,

2177 5043 2270 5096 καὶ
2302 5041 2577 5112 χάσματα,
2615 5039 2788 5112 μικρὰ
2812 5041 2905 5094 καὶ
2938 5040 3134 5105 ταῦτα,
3167 5042 3215 5093 εί
3246 5042 3380 5111 πρὸς
3407 5041 3479 5095 τὰ
3510 5044 3767 5114 παρόντα

2175 5133 2434 5206 κρίνοιτο.
2478 5131 2576 5185 Διὰ
2609 5131 2693 5197 τί;
2737 5132 2861 5184 ’Ὁτι
2894 5132 2955 5185 οὐ
2991 5132 3172 5198 πάσης
3202 5132 3413 5203 ἁθρόως
3444 5132 3549 5203 τῆς
3580 5136 3766 5188 οἰκου-

2183 5225 2351 5297 μένης
2394 5225 2429 5294 ἡ
2483 5223 2625 5278 κατὰ
2673 5223 2906 5295 πόλεμον
2930 5223 3159 5277 ἅπτεται
3192 5223 3477 5294 συμφοράσ
3514 5225 3655 5280 ἀλλὰ
3700 5227 3766 5281 τδ

2183 5318 2283 5389 μέν
2319 5334 2373 5370 τι
2418 5317 2733 5388 πολεμεῖται
2775 5318 2964 5388 αὐτῆς,
2998 5317 3059 5371 τὸ
3087 5316 3143 5370 δὲ
3176 5314 3517 5387 είρηνεύεται
3571 5317 3761 5389 μέρος.

2182 5412 2247 5465 Τί
2286 5411 2478 5477 πάλιν;
2533 5411 2604 5464 Ἦ
2649 5410 2888 5483 σκηπτὸς
2925 5409 3253 5479 ὲπέφλεξεν,
3298 5409 3332 5480 ἢ
3380 5408 3442 5463 τὺ
3479 5408 3630 5483 ὕδωρ
3659 5414 3762 5466 tu.
