4050 6164
289 544 372 601 88!
1293 538 1942 598 OliATlOFUNEBRlS
2005 539 2093 592 DE
2155 537 2511 592 PLACILLA.

3424 528 3529 583 88-2

289 667 515 731 έκλυσεν,
542 667 574 736 ἢ
608 665 884 736 κατεπόθη
915 667 992 738 τῷ
1009 667 1266 738 χάσματι.
1292 666 1366 719 Τὸ
1393 666 1449 718 δὲ
1481 664 1654 737 παρὸν
1682 664 1843 717 κακὸν

1954 663 2098 719 bello
2131 662 2444 727 infestatur,
2467 661 2592 716 -alia
2615 673 2742 714 vero
2775 672 2903 728 pars
2947 670 3081 727 pace
3126 653 3344 710 fruitur,
3389 655 3532 721 Quid

288 760 446 827 πάσης
477 757 688 828 ἀθρόως
716 758 814 829 τῆς
831 759 1154 829 οἰκουμένης
1183 757 1300 811 ὲστί
1327 758 1528 827 πληγή.
1560 757 1674 810 Οὐκ
1697 756 1850 812 ἔστιν

286 847 416 910 ἔθνος
442 847 499 898 ἓν
529 847 561 917 ἢ
598 847 754 900 πόλιν
786 848 914 918 μίαν
945 847 1390 919 ἀπολοφύρασθαι
1414 864 1428 878 ο
1473 847 1586 901 ἀλλ’
1622 848 1852 918 ἁρμόζει

283 941 406 1008 τάχα
435 939 535 1009 τὴν
563 939 657 992 τοῦ
708 940 1180 1012 Ναϐουχοδονόσορ
1214 939 1501 1010 προίεσθαι
1547 939 1750 1008 φωνὴν,
1783 938 1851 1008 ἢν

285 1031 403 1102 πρὸς
461 1032 590 1094 τοὺς
649 1032 997 1103 ὑποχειρίους
1049 1032 1374 1101 πεποίηται’
1438 1029 1610 1098 ’Υμῖν
1663 1028 1849 1099 λέγω,

282 1124 436 1189 λαός,
492 1123 700 1192 φυλαί,
755 1124 1048 1194 γλῶσσαι.
1084 1123 1302 1177 Μᾶλλον
1347 1123 1404 1176 δὲ
1459 1121 1850 1193 συγχωρήσατέ

285 1226 383 1279 μοι,
409 1210 722 1281 προσθεῖναί
751 1211 908 1282 ττντῷ
941 1211 1210 1283 ’Δσσυρὶῳ
1240 1212 1580 1282 κηρύγματι,
1615 1209 1850 1282 μεγαλο-

282 1303 570 1374 φωνότερον
626 1304 966 1376 ἀνακηρύξαι
1025 1303 1124 1375 τὴν
1178 1303 1461 1374 συμφορὰν
1511 1303 1606 1357 καὶ
1653 1304 1848 1366 εἰπεῖν,

280 1391 346 1455 ὡς
380 1393 571 1458 ἀν-τις
615 1395 708 1447 ἐπὶ
741 1395 946 1466 σκηνῆς
986 1394 1295 1466 ἀναϐοήσας
1343 1395 1520 1448 είποι*
1554 1389 1626 1446 Ὦ
1669 1393 1851 1458 πόλεις

280 1485 365 1536 καὶ
393 1485 574 1553 δῆμοι,
607 1485 702 1538 καὶ
734 1485 861 1556 έθνη
908 1486 1001 1540 καὶ
1048 1485 1310 1556 σύμπασα
1352 1485 1447 1555 γῆ.
1484 1485 1707 1554 καὶτῆς
1751 1484 1850 1539 θα-

279 1575 467 1646 λάσσης
515 1576 640 1628 ὅσον
685 1593 746 1628 τε
794 1574 1039 1646 πλώϊμον
1084 1577 1178 1629 καὶ
1223 1577 1346 1631 ὅσον
1398 1573 1749 1644 οἰκούμενον·
1803 1567 1850 1626 ὦ

278 1665 446 1735 πάσης
471 1665 570 1736 τῆς
605 1666 727 1719 καθ’
757 1668 905 1737 ἡμᾶς
936 1666 1261 1737 οἰκουμένης
1289 1667 1413 1720 ὅσον
1467 1665 1545 1736 τῷ
1586 1665 1850 1734 σκήπτρῳ

276 1757 366 1827 τῆς
409 1757 684 1827 βασιλείας
732 1757 1034 1820 εὐθύνεται,
1077 1753 1122 1812 ὦ
1171 1758 1370 1820 πάντες
1408 1758 1458 1810 οἰ
1512 1752 1850 1825 πανταχόθεν

281 1848 570 1920 ἄνθρωποι,
613 1851 762 1920 κοινῇ
792 1849 871 1920 τῷ
920 1850 1082 1903 πάθει
1131 1849 1538 1914 ὲπιστενάξατε,
1570 1850 1721 1918 κοινῇ
1753 1846 1847 1900 τοῦ

277 1938 463 2010 θρήνου
507 1939 604 2009 τὴν
653 1939 915 2010 συνῳδίαν
951 1939 1242 2010 στήσασθε,
1284 1941 1446 2010 κοινῇ.
1481 1939 1602 2010 τὴν..
1629 1938 1847 1993 πάντων

1953 754 2193 811 rursus?
2217 754 2324 808 Aut
2355 752 2559 807 fulmen
2591 749 2800 820 aliquid
2830 748 3235 811 concremavit,
3265 754 3355 800 aut
3382 761 3534 815 aquae

1953 847 2036 902 vis
2065 845 2284 912 obruit,
2322 845 2390 898 ab
2421 843 2574 897 hiatu
2607 849 2771 912 atque
2800 841 3059 911 voragine
3091 839 3293 894 alicubi
3342 839 3534 894 absor-

1953 938 2068 1008 ptio
2097 938 2240 992 facta
2269 944 2374 992 est.
2410 936 2490 991 Ac
2520 950 2764 1006 praesens
2791 915 2997 988 malum
3032 933 3272 988 universi
3307 947 3534 1001 prorsus

1953 1029 2106 1084 orbis
2147 1036 2417 1084 terrarum
2467 1028 2798 1081 vulnus-est
2854 1044 2866 1079 :
2915 1025 3030 1080 fieri
3079 1039 3186 1078 non
3241 1034 3420 1095 potest
3477 1031 3535 1076 ut

1953 1133 2062 1173 una
2096 1134 2266 1189 gens,
2304 1117 2585 1172 autsurbs.
2609 1130 2718 1170 una
2750 1116 3105 1179 lamentetur,
3141 1115 3236 1169 sed
3273 1114 3535 1168 convenit

1952 1210 2185 1267 forsitan
2213 1211 2776 1268 Nabuchodonosoris
2809 1212 2972 1267 edere
3005 1225 3194 1265 vocem
3215 1251 3230 1275 ,
3267 1225 3375 1280 qua
3405 1209 3536 1266 sub-

1953 1299 2098 1356 ditos
2125 1303 2361 1371 appellat
2392 1321 2405 1357 :
2441 1302 2598 1357 Vobis
2631 1303 2770 1367 dico,
2798 1301 3004 1372 populi,
3035 1301 3230 1365 tribus,
3260 1300 3457 1370 lingua?
3487 1299 3530 1354 ⁴.

1881 1391 1886 1396 ’
1954 1389 2066 1444 lino
2101 1407 2230 1446 vero
2275 1395 2573 1462 permittite
2607 1394 2739 1448 mihi
2786 1401 2847 1446 ut
2892 1391 3148 1462 adjiciam
3194 1391 3400 1460 aliquid
3433 1395 3534 1447 As-

1953 1482 2102 1550 syrio
2146 1483 2452 1550 praeconio,
2503 1493 2564 1537 ut
2607 1483 2862 1553 ampliori
2907 1498 3042 1538 voce
3090 1483 3423 1552 proclamem
3467 1495 3534 1536 ac

1951 1570 2223 1641 divulgem
2254 1573 2468 1627 cladem
2496 1589 2560 1629 ac
2587 1574 2766 1628 dicam
2789 1615 2804 1640 ,
2834 1582 2896 1628 ut
2924 1575 3126 1644 aliquis
3158 1575 3212 1628 in
3241 1588 3403 1628 scena
3435 1589 3502 1628 ex
3521 1601 3533 1612 -
3591 1610 3595 1615 -

1950 1659 2196 1715 clamans
2230 1660 2470 1716 dixerit:
2504 1663 2549 1716 0
2578 1664 2828 1718 civitates
2869 1674 2923 1720 et
2967 1664 3152 1734 μορυιί
3177 1701 3190 1726 ,
3236 1672 3292 1717 et
3333 1671 3526 1734 gentes

1949 1759 2002 1806 et
2031 1750 2296 1807 universa
2330 1761 2478 1808 terra
2502 1792 2517 1817 ,
2550 1761 2604 1809 et
2633 1755 2804 1810 maris
2839 1755 3105 1825 quidquid
3137 1763 3250 1808 tum
3293 1755 3526 1810 navibus

1949 1842 2194 1912 pervium
2220 1882 2248 1908 ,,
2274 1850 2388 1899 tum
2418 1844 2742 1917 (gentibus)
2774 1847 3082 1902 habitatum
3113 1853 3236 1902 est:
3271 1862 3304 1902 o
3346 1847 3528 1904 omnis

1948 1933 2125 1988 nostri
2151 1935 2304 1991 orbis
2329 1936 2598 2007 quidquid
2631 1938 2844 2008 imperii
2873 1953 3093 2008 sceptro
3121 1939 3350 2010 regitur,
3376 1955 3409 1994 o
3433 1939 3528 2010 qui

200 2067 222 2091 .
275 2002 468 2101 ζημίαν
495 2002 931 2101 ἀπολοφύρασθε.
973 2002 1048 2084 “Ei
1076 2002 1373 2101 βούλεσθε,-
1398 2002 1574 2094 κάθως
1627 2029 1693 2084 ἂν
1736 2021 1843 2092 οἷός

1947 2038 2014 2078 ex
2043 2025 2299 2081 omnibus
2323 2029 2571 2095 partibus
2597 2028 2944 2085 confluxistis
2968 2029 3240 2094 homines,
3276 2045 3526 2085 commu-

275 2138 328 2174 τε
355 2114 417 2187 ὧ,
459 2121 553 2174 καὶ
572 2121 671 2193 τὴν
703 2121 917 2192 ζημίαν
936 2121 1065 2192 ὑμῖν
1092 2121 1764 2194 διηγήσωμαι;,”Ηνεγκεν
1788 2120 1846 2171 ὲν

271 2214 332 2282 τῇ
361 2211 477 2265 καθ’
507 2213 654 2283 ἡμᾶς
679 2214 844 2284 γενεᾷ
879 2215 912 2283 ή
943 2213 1260 2285 ἀνθρωπίνη
1298 2213 1460 2282 φύσις
1484 2211 1694 2265 ἐκϐᾶσα
1720 2211 1846 2274 τούς

1946 2117 2091 2169 niter
2118 2118 2420 2172 calamitati
2452 2119 2796 2190 ingemiscite
2816 2161 2833 2187 ,
2861 2121 3225 2176 communiter
3258 2122 3526 2177 lamenta-

1947 2207 2112 2264 tionis
2143 2218 2473 2264 concentum
2516 2211 2824 2276 instituite.
2870 2214 3242 2269 communiter
3279 2215 3526 2268 omnium

274 2302 426 2366 ἰδίους
473 2303 654 2374 ὄρους,
706 2304 800 2358 καὶ
851 2303 922 2357 τὰ
980 2305 1181 2376 συνήθη
1241 2304 1420 2375 μέτρα
1469 2304 1761 2374 νικήσασα,
1807 2306 1841 2374 ὴ

1944 2296 2565 2368 jacturamdeplorate!
2608 2302 2690 2356 An
2744 2302 2912 2358 vultis
2961 2311 3040 2367 ut,
3087 2309 3249 2374 prout
3296 2311 3521 2374 potero,

273 2393 680 2465 φύσις,,μᾶλλον
717 2394 776 2449 δὲ
806 2397 835 2448 6
859 2394 958 2466 τῆς
997 2393 1210 2465 φύσεως
1243 2393 1467 2465 Κύριος,
1499 2392 1845 2464 ἀνθρωπίνην

267 2485 449 2556 ψυχὴν
463 2485 844 2556 ἑτι-γυναικείῳ
881 2485 960 2558 τῷ
993 2485 1227 2557 σώματι,
1257 2486 1401 2557 ὑπὲρ
1445 2485 1621 2540 πάντα
1659 2484 1844 2555 σχεδὸν

268 2576 332 2630 τὰ
358 2576 697 2646 προλαϐόντα
725 2576 824 2649 τῆς
853 2578 1057 2652 ἀρετῆς
1095 2579 1487 2650 ὑποδείγματα,
1523 2579 1580 2632 ὲν
1694 2577 1845 2631 πᾶσα

271 2666 365 2736 μὲν
415 2665 690 2738 σώματος,
737 2670 886 2722 πᾶσα
923 2669 980 2723 δὲ
1017 2669 1194 2740 ψυχῆς
1231 2669 1400 2740 ἀρετὴ
1443 2667 1841 2740 συνδραμοῦσα,

267 2757 444 2830 θαῦμα
489 2759 718 2814 ἄπιστον
764 2761 933 2826 ἔδειξε
982 2763 1047 2833 τῇ
1093 2760 1409 2833 ἀνθρωπίνῃ
1460 2759 1608 2831 ζωῇ,
1662 2761 1843 2815 πόσων

265 2848 479 2918 ἀγαθῶν
504 2851 808 2923 συνδρομὴν
834 2853 932 2923 μιᾷ
960 2852 1106 2923 ψυχῇ
1136 2854 1194 2905 ὲν
1226 2852 1306 2905 ἑνὶ
1332 2850 1575 2923 ἐχώρησε
1594 2851 1838 2922 σώματι;

265 2941 372 2994 Καὶ
397 2941 474 3006 ὡς
519 2944 584 2998 ἂν
638 2943 874 3014 μάλιστα
909 2945 1218 3015 καταφανὲς
1270 2943 1438 2997 ἀπασι
1486 2943 1841 3013 γένοιτοτῆς

265 3031 449 3097 γενεᾶς
476 3031 537 3084 τὺ
566 3031 868 3103 εὐτύχημα,
913 3033 1006 3086 ἐπὶ
1031 3032 1122 3086 τὸν
1160 3031 1362 3102 ὑψηλὸν
1406 3029 1718 3101 θρόνονπτῆς
1748 3027 1842 3098 βα-

265 3117 464 3183 σιλείας
496 3119 778 3188 ἀνάγεται,
825 3121 972 3184 ὅπως
1013 3119 1161 3191 ήλίου
1205 3120 1360 3192 δίκην
1403 3119 1470 3172 ὲκ
1505 3117 1600 3171 τοῦ
1635 3116 1839 3188 ὑψηλοῦ

261 3209 574 3281 ἀξιώματος.
611 3213 792 3265 πᾶσαν
826 3211 925 3282 τὴν
970 3209 1294 3281 οἰκουμένην
1343 3212 1466 3272 ταῖς
1509 3209 1690 3262 ἀκτῖσι
1732 3208 1840 3262 τῶν

259 3300 468 3369 ἀρετῶν
502 3301 927 3372 καταλάμψειεν,
963 3303 1061 3355 καὶ
1087 3301 1165 3373 τῷ
1188 3302 1331 3355 κατά
1362 3300 1511 3354 θείαν
1536 3300 1716 3370 ψῆφον
1740 3302 1841 3370 τῆς
1866 3339 1909 3396 C

257 3391 580 3462 οἰκουμένης
619 3393 836 3462 ἀπάσης
881 3391 1308 3463 προτεταγμένῳ
1354 3393 1433 3456 εἰς
1483 3391 1598 3462 βίου
1635 3408 1696 3444 τε
1741 3391 1836 3445 καὶ

257 3480 535 3551 βασιλείας
601 3484 882 3537 κοινωνίαν
956 3482 1424 3554 συναρμοσθείσα,
1500 3481 1836 3554 μακαριστὸν

255 3572 429 3626 ἐποίει
470 3574 536 3628 δι’
563 3575 758 3644 ἑαυτῆς
785 3576 848 3628 τὸ
884 3577 1144 3646 ὑπήκοον,
1173 3575 1362 3640 ὅντως,
1395 3573 1575 3636 καθώς
1602 3590 1765 3644 φησιν
1802 3573 1834 3641 ή

254 3665 470 3736 Γραφή,
506 3666 696 3737 βοηθὸς
725 3666 875 3738 αὐτῷ
907 3668 1044 3736 πρὸς
1083 3667 1192 3720 πᾶν
1225 3665 1428 3734 ἀγαθὸν
1455 3664 1740 3735 γινομένη.
1773 3663 1836 3716 Εἰ

255 3755 662 3826 φιλανθρωπίας
685 3754 754 3830 ἦν
781 3761 810 3812 6
856 3759 1135 3829 καιρὸς,,ή
1179 3757 1499 3828 συνέτρεχεν
1529 3754 1677 3824 αὐτῷ
1702 3755 1845 3826 πρὸς

250 3846 316 3899 τὸ
340 3847 542 3914 ἀγαθὸν
568 3847 744 3915 τοῦτο,
773 3849 805 3920 ἢ
833 3850 926 3902 καὶ
969 3849 1298 3918 προέτρεχεν
1317 3860 1332 3874 ⁹
1367 3845 1479 3909 ίσος
1505 3842 1573 3915 ἦν
1619 3847 1646 3898 ὁ
1675 3844 1837 3913 ζυγὸς

250 3937 596 4008 ἑκατέρωθεν
621 3941 687 4010 τῇ
721 3939 820 4009 τῆς
849 3938 1254 4010 φιλανθρωπίας
1285 3939 1446 4009 ῥοπῇ.
1474 3939 1758 4008 Μαρτυρεί
1780 3937 1835 3989 δὲ

248 4027 333 4097 τῷ
357 4027 499 4097 λόγῳ
529 4029 597 4082 τά
613 4046 670 4082 τε
695 4030 958 4101 πρότερον
989 4028 1220 4100 ἀριθμὸν
1251 4027 1505 4092 νικῶντα,
1532 4028 1626 4080 καί⁸
1649 4026 1718 4079 τὰ
1745 4027 1838 4077 ἐπὶ

247 4119 348 4173 τοῦ
379 4120 646 4192 παρόντος
681 4119 1030 4190 κηρύγματα,
1075 4119 1110 4173 ἃ
1137 4119 1232 4172 νῦν
1263 4118 1412 4189 παρά
1455 4118 1549 4170 τοῦ
1599 4118 1837 4189 κήρυκος

244 4211 354 4281 τῆς
398 4211 656 4282 ἀληθείας
702 4211 1034 4282 ⁴Ιγκούσαμεν.
1083 4211 1147 4263 Ei
1183 4209 1254 4263 τὸ.
1289 4208 1844 4278 εὐσεϐὲςέπιζητεῖς,

243 4301 434 4364 κοινὸς
459 4297 526 4373 ἦν
560 4303 884 4374 ἀμφοτέρων
906 4305 935 4357 6
963 4303 1098 4374 πρὸς
1125 4301 1404 4355 εὐσέϐειαν
1435 4299 1651 4369 δρόμος.
1685 4300 1746 4352 Εἰ
1776 4299 1838 4352 τὸ

244 4395 632 4465 προνοητικὸν,
667 4397 803 4450 εἰτὸ
847 4397 1073 4460 δίκαιον,
1106 4396 1154 4448 εἰ
1199 4394 1326 4448 ἀλλο
1363 4410 1415 4446 τι
1451 4392 1562 4446 τῶν
1591 4394 1725 4461 πρὸς
1777 4391 1838 4444 τὸ

242 4489 503 4557 κρεῖττον
529 4488 976 4557 σπουδαζομένων
995 4503 1008 4518 ·
1043 4489 1222 4541 πάντα
1251 4488 1309 4539 ὲν
1349 4484 1548 4556 ἁμίλλῃ
1575 4481 1643 4556 ἦν
1675 4484 1840 4554 ἀλλή-

240 4577 379 4640 λους
415 4579 571 4648 νικᾷν
600 4579 656 4631 έν
686 4581 806 4641 ταῖς
833 4578 1102 4642 εὐποιίαις
1133 4577 1598 4647 φιλονεικούντων,
1617 4577 1710 4629 καὶ
1739 4577 1838 4629 οὐκ

1947 2388 2111 2444 etiam
2163 2390 2555 2446 detrimentum
2607 2392 2765 2448 vobis
2810 2394 3128 2465 exponam?
3172 2394 3321 2449 Tulit
3361 2402 3524 2450 aetate

1945 2479 2410 2538 nostrabumana
2445 2490 2639 2540 natura
2669 2490 2826 2540 extra
2857 2498 2990 2542 suos
3036 2485 3300 2541 terminos
3331 2501 3524 2557 egres-

1945 2587 2041 2638 sa,
2091 2575 2484 2646 consuetisque
2527 2577 2713 2633 modis
2757 2578 3068 2648 superatis,
3115 2578 3238 2632 tulit
3287 2584 3522 2644 natura,

1946 2665 2056 2720 imo
2081 2681 2210 2722 vero
2235 2677 2445 2722 naturae
2473 2668 2740 2726 Dominus
2770 2669 3063 2724 humanam
3090 2671 3327 2725 animam
3360 2671 3414 2724 in
3446 2669 3527 2725 fe-

1945 2756 2128 2812 mineo
2153 2772 2384 2828 corpore
2410 2753 2790 2830 supra‘omnia
2817 2762 3212 2833 propemodum
3239 2762 3525 2832 superiora

1943 2850 2164 2905 virtutis
2192 2852 2442 2922 exempla
2464 2891 2480 2918 ,
2512 2854 2566 2908 in
2600 2869 2719 2924 qua.
2736 2855 2917 2910 omnis
2947 2863 3072 2909 tum-
3095 2855 3342 2925 corporis
3362 2894 3378 2918 ,
3406 2862 3524 2909 tum

1943 2938 2112 2993 animi
2146 2941 2378 2996 virtutis
2406 2957 2682 2999 concursu
2716 2944 2892 3012 facto,
2923 2947 3251 3001 miraculum
3285 2947 3528 3001 incredi-

1943 3029 2052 3085 bile
2082 3031 2206 3087 vitaa
2248 3032 2503 3088 humanae
2551 3035 2858 3091 exhibitum
2903 3044 3021 3103 est,
3071 3045 3207 3106 quot
3253 3036 3524 3091 bonorum

1943 3135 2277 3178 concursum
2308 3139 2417 3179 una
2454 3125 2638 3180 anima
2683 3127 2740 3181 in
2785 3142 2898 3183 uno
2937 3142 3169 3198 corpore
3211 3128 3528 3183 continuit?

1941 3212 2119 3282 Atque
2146 3223 2208 3268 ut
2236 3216 2494 3272 omnibus
2521 3218 2871 3287 potissimum
2903 3220 3197 3290 perspicua
3223 3220 3318 3274 fiat
3345 3219 3525 3275 aetatis

1941 3313 2148 3361 nostrae
2182 3306 2416 3365 felicitas
2436 3347 2451 3372 ,
2479 3310 2546 3367 ad
2577 3311 2813 3368 sublime
2844 3312 3042 3369 solium
3072 3313 3222 3382 regni
3255 3311 3524 3375 evehitur,

1942 3403 2004 3451 ut
2029 3397 2164 3454 solis
2193 3399 2249 3453 in
2279 3402 2500 3456 modum
2531 3403 2795 3458 virtutum
2832 3403 3005 3459 radiis
3033 3418 3064 3458 ο
3093 3403 3315 3458 sublimi
3344 3403 3528 3474 digni-

1945 3496 2055 3544 tate
2101 3490 2422 3547 universum
2465 3493 2651 3546 orbem
2695 3494 3033 3560 illustraret,
3077 3501 3242 3563 atque
3284 3494 3335 3548 ei
3361 3534 3375 3557 ,
3427 3494 3525 3563 qui

1943 3580 2202 3638 universo
2235 3584 2357 3638 orbi
2396 3591 2669 3638 terrarum
2703 3585 2896 3641 divino
2931 3586 3524 3656 arbitrio-prapositus

1942 3681 2128 3736 esset,
2161 3672 2236 3725 ad.
2257 3674 2384 3726 vitae
2415 3673 2622 3742 pariter
2657 3683 2712 3729 et
2745 3675 2960 3744 imperii
2998 3675 3319 3730 societatem
3351 3689 3525 3746 copus-

1943 3763 2089 3828 lata,
2132 3764 2384 3820 subditos
2434 3780 2531 3835 per
2565 3781 2687 3820 sese
2737 3767 2928 3822 beatos
2966 3765 3232 3831 eflicerct,
3277 3781 3400 3820 cum
3437 3782 3526 3822 re—

1943 3869 2108 3922 vera,
2139 3863 2204 3908 ut~
2231 3856 2411 3926 inquit
2443 3855 2770 3927 Scriptura,
2817 3858 3128 3912 auxiliatrix
3172 3859 3221 3915 ei
3265 3865 3413 3914 esset
3457 3861 3523 3914 ad

1944 3961 2107 4002 omne
2136 3947 2361 4002 bonum.
2397 3946 2455 4002 Si
2486 3947 2883 4003 humanitatem
2920 3965 3008 4004 res
3043 3949 3396 4019 postulabat,
3433 3959 3521 4005 aut

1944 4038 2309 4093 concurrebat
2333 4053 2458 4093 cum
2485 4053 2552 4095 eo
2580 4039 2778 4095 adhoc
2808 4040 3012 4094 bonum
3037 4079 3052 4104 ,
3081 4049 3173 4094 aut
3199 4040 3364 4096 etiam
3396 4055 3536 4111 prae-

1943 4130 2203 4184 currebat
2230 4148 2242 4182 :
2277 4145 2376 4200 par
2409 4141 2528 4186 erat
2551 4132 2812 4202 utrinque
2848 4134 2984 4188 libra
3017 4134 3382 4204 propensione
3415 4135 3507 4187 hu-

1943 4219 2251 4273 manitatis“
2281 4219 2372 4274 Ac:
2395 4221 2714 4276 testimonio
2747 4233 2876 4277 sunt
2906 4221 3142 4277 orationi
3172 4238 3294 4277 cum
3331 4224 3513 4293 priora

1947 4308 2088 4363 facta
2123 4310 2544 4364 innumerabilia
2570 4353 2584 4374 ,
2619 4318 2732 4364 tum
2764 4311 3053 4381 praesentis
3086 4312 3344 4382 temporis
3377 4327 3516 4381 prae-

1945 4399 2141 4466 conia,
2171 4415 2293 4469 qua:
2334 4414 2484 4454 nunc
2527 4399 2842 4456 audivimus
2885 4417 2915 4455 a
2962 4416 3215 4473 praecone
3245 4400 3516 4456 veritatis.

1948 4489 2006 4544 Si
2040 4491 2298 4560 pietatem
2332 4491 2596 4560 requiris,
2629 4493 2944 4549 communis
2970 4500 3090 4548 erat
3123 4492 3371 4560 utrisque
3401 4506 3526 4545 cur-

1947 4597 2043 4637 sus
2073 4582 2140 4636 ad
2174 4582 2432 4652 pietatem
2463 4601 2478 4638 :
2514 4583 2562 4638 si
2595 4583 2996 4652 providentiam
3018 4624 3032 4646 ,
3067 4584 3114 4638 si
3141 4582 3412 4651 justitiam
3434 4621 3448 4646 ,
3479 4583 3525 4637 si

238 4665 317 4740 ἦν
350 4673 387 4723 6
416 4670 746 4740 ἡττώμενος.
783 4672 900 4741 ’Ἰση
933 4689 1016 4735 τις
1043 4671 1368 4742 ἀμφοτέρων
1402 4672 1439 4740 ή.
1473 4671 1558 4723 ἐπ’
1589 4670 1838 4741 ἀλλήλοις

1945 4672 2076 4742 quid
2110 4671 2259 4726 aliud
2289 4687 2356 4727 ex
2383 4673 2451 4728 iis
2480 4689 2601 4744 quae
2631 4675 2853 4729 virtutis
2883 4673 3107 4729 nomine
3137 4673 3378 4744 b0nique
3401 4689 3526 4729 con-

237 4763 435 4831 χάρις,
467 4763 503 4832 ή
536 4762 632 4832 μὲν
661 4763 860 4832 ἀρετῆς
892 4757 1051 4816 ἆθλον
1080 4759 1352 4833 εἷχενψτὺν.
1375 4765 1476 4834 τῆς
1514 4763 1842 4832 οἰκουμένης

237 4852 697 4922 προτεταγμένον
717 4895 731 4918 ,
766 4856 795 4906 ό
837 4853 894 4906 δὲ
942 4854 1140 4923 μικρὰν
1186 4856 1372 4924 ἡγεῖτο
1397 4855 1501 4925 γῆς
1531 4871 1590 4907 τε
1619 4857 1712 4907 καὶ
1741 4854 1840 4907 θα-

235 4942 458 5014 λάττης
487 4943 585 5016 τὴν
637 4943 885 5009 ἐξουσίαν
925 4944 1331 5015 συγκρίσειτοῦ
1375 4944 1496 4998 κατ’
1542 4945 1709 5017 αὐτὴν
1751 4946 1842 4998 εὑ-

231 5034 605 5103 τυχήματος’
650 5035 773 5097 ἴσας
806 5034 1055 5105 ἀλλήλοις
1092 5036 1475 5108 ἀντιπαρεῖχον
1505 5036 1605 5099 τάς
1643 5037 1840 5107 εὐφρο-

234 5125 446 5189 σύνας,
505 5126 766 5198 ἀλλήλους
825 5143 883 5179 τε
948 5125 1235 5197 βλέποντες
1296 5129 1390 5181 καὶ
1445 5128 1537 5182 ὑπ’
1594 5127 1837 5198 ἀλλήλων

229 5217 558 5289 ὁρώμενοι·
591 5221 619 5272 6
649 5219 748 5289 μὲν
769 5216 1008 5281 τοιοῦτος
1031 5217 1106 5271 ὢν
1135 5213 1245 5280 οἶός
1270 5220 1386 5272 ἐστι
1411 5220 1590 5289 (ποῖον
1622 5220 1730 5290 γάρ
1753 5236 1837 5283 τις

227 5309 455 5371 κάλλος
524 5309 666 5381 ὑπὲρ
721 5310 782 5362 τὸ
833 5309 1160 5379 φαινόμενον
1209 5308 1462 5376 δείξειενς
1518 5311 1610 5363 καὶ
1648 5309 1735 5380 εἴη
1772 5325 1837 5376 γε

222 5400 542 5469 διαρκέσαι
574 5400 669 5453 καὶ
697 5401 776 5464 εἰς
824 5401 1060 5469 ἐκγόνων
1098 5398 1244 5470 ζωὴν
1280 5400 1342 5452 τὸ
1365 5400 1637 5471 ὁρώμενον
1653 5399 1694 5471 ),
1736 5400 1835 5470 τήιν

219 5489 316 5554 δὲ,
353 5490 452 5542 οἵα
479 5506 564 5552 τις
596 5484 686 5560 ἦν,
714 5491 813 5542 οὐκ
833 5490 978 5543 ἔστιν
1009 5488 1281 5554 ὑποδεῖξαι
1318 5489 1397 5560 τῷ
1422 5490 1596 5560 λόγῳ⁶
1628 5491 1689 5544 οὐ
1727 5491 1837 5563 γὰρ

218 5579 667 5654 περιλέλειπταί
693 5596 744 5632 τι
773 5580 940 5652 αὐτῆς
963 5581 1031 5635 δι’
1053 5580 1334 5650 ἀκριϐείας
1359 5582 1624 5654 παρὰτῆς
1643 5585 1837 5656 τέχνης

212 5673 541 5742 ὁμοίωμα’
595 5670 708 5723 ἀλλ’
757 5672 804 5723 εὶ
851 5673 942 5724 καί
990 5690 1043 5725 τι
1089 5673 1309 5742 γέγονεν
1337 5674 1396 5726 ὲν
1447 5677 1742 5746 γραφαίςῆ
1777 5677 1835 5730 ὲν

217 5762 562 5832 πλάσμασι,
596 5763 775 5816 πάντα
807 5761 906 5832 τῆς
935 5763 1190 5836 ἀληθείας
1215 5765 1364 5820 ἐστὶν
1393 5765 1728 5838 ἐνδεέστερα.

1941 4764 2203 4834 sequendi
2236 4779 2404 4821 causa
2433 4773 2768 4835 expetuntur
2799 4783 2812 4819 :
2855 4767 3040 4819 omnia
3067 4767 3238 4837 posita
3265 4776 3424 4822 erant
3466 4767 3524 4821 in

1941 4859 2243 4913 certamine
2292 4857 2740 4912 contendentium
2797 4873 3034 4932 secum,
3071 4869 3191 4914 uter
3238 4860 3318 4914 ab»
3350 4862 3523 4914 altero

1940 4948 2247 5004 benefactis
2287 4956 2343 5002 et
2375 4947 2571 5003 ofliciis
2604 4948 2937 5016 vinceretur,
2969 4965 3072 5005 nec
3103 4951 3365 5005 alteruter
3404 4960 3524 5006 erat

1941 5041 2190 5096 inferior.
2227 5039 2479 5111 [Equalis
2507 5041 2757 5111 quadam
2790 5056 2856 5096 ac
2887 5056 2985 5112 par
3011 5049 3130 5096 erat
3156 5044 3406 5112 utrisque
3432 5042 3523 5096 in-

1942 5141 2029 5187 ter
2056 5133 2210 5203 ipsos
2246 5141 2439 5185 mutua
2484 5133 2662 5203 gratia
2708 5133 3215 5204 commoditasque,
3261 5134 3354 5187 illa
3396 5134 3524 5204 qui-

1945 5223 2068 5279 dem
2099 5221 2386 5292 pramium
2415 5221 2639 5276 virtutis
2667 5221 2898 5276 habebat
2929 5222 3048 5276 orbi
3082 5230 3351 5277 terrarum
3383 5236 3524 5291 prae-

1943 5314 2182 5385 positum
2213 5331 2226 5366 :
2257 5312 2346 5366 hic
2378 5327 2508 5367 vero
2536 5314 2690 5383 parvi
2721 5312 3028 5368 mstimabat
3055 5321 3214 5367 terrae
3244 5314 3524 5382 marisque

1944 5405 2231 5461 arbitrium
2283 5419 2347 5458 ac
2397 5411 2724 5474 potestatem
2784 5419 2898 5473 prae
2951 5420 3015 5460 ea
3060 5403 3356 5470 felicitate,
3414 5420 3520 5474 qua

1944 5498 2093 5552 illam
2124 5503 2320 5551 nactus
2349 5505 2468 5551 erat
2496 5515 2509 5550 :
2541 5511 2702 5567 pares
2732 5495 2968 5552 invicem
3006 5497 3144 5551 alter
3178 5497 3334 5552 alteri
3369 5497 3524 5552 oble-

1943 5589 2216 5646 ctationes
2241 5588 2556 5659 praebebant
2576 5627 2592 5653 ,
2619 5588 2748 5643 dum
2780 5596 2834 5643 et
2860 5589 2998 5645 alter
3028 5590 3257 5645 alterum
3289 5589 3517 5650 videret.

1943 5690 1998 5736 et
2026 5681 2162 5735 alter
2191 5681 2260 5735 ab
2289 5681 2462 5736 altero
2491 5681 2907 5751 conspiceretur
2932 5701 2944 5735 :
2980 5682 3068 5736 hic
3097 5682 3316 5751 quidem
3352 5683 3478 5736 talis
3506 5723 3521 5744 ,

1948 5771 2127 5841 qualis
2159 5780 2243 5825 est
2277 5773 2534 5842 (qualem
2574 5773 2718 5828 enim
2743 5773 3204 5843 pulchritudinem
3249 5773 3372 5843 quis
3420 5787 3518 5825 su-

215 5867 344 5923 pra
377 5866 507 5907 eam
530 5889 546 5915 ,
587 5865 708 5920 quae
739 5859 995 5921 apparet,
1028 5855 1373 5913 ostenderit?
1403 5867 1455 5914 et
1489 5857 1709 5928 quidem
1743 5861 1827 5916 vel
1879 5862 1961 5919 ad
1983 5869 2242 5932 nepotum
2287 5879 2461 5933 usque
2512 5864 2676 5920 vitam
2717 5863 2996 5922 duraverit
3029 5880 3126 5924 ea,
3190 5881 3312 5936 quae
3361 5864 3514 5920 vide-

351 5966 377 6000 ⁸
417 5966 558 6022 Dan.
593 5981 675 6034 in,
710 5967 764 6021 4.
