4050 6164
487 579 512 610 \

546 539 650 589 εδδ
1761 536 1816 590 s.
1852 503 2180 591 GREGOﬂll

2221 533 2514 589 NYSSENI
3667 537 3750 594 884

543 663 652 716 tur,
689 653 1098 723 pulchritudo),
1139 655 1227 708 illa
1258 671 1386 710 vero
1429 657 1608 726 qualis
1651 657 1898 726 quaedam
1939 664 2106 723 esset,
2148 672 2258 712 non
2292 662 2472 726 potest
2527 653 2891 709 demonstrari
2933 655 3219 710 oratione:
3263 670 3372 710 non
3418 653 3565 711 enim
3611 663 3750 710 exstat

539 747 659 815 ejus
697 747 918 816 aliquod
958 747 1312 802 simulacrum
1336 787 1350 813 ,
1387 751 1534 819 quod
1572 763 1666 820 per
1700 759 1871 804 artem
1906 756 2098 804 exacte
2133 750 2472 806 elaboratum
2507 748 2613 812 sit,
2647 746 2743 803 sed
2777 747 2824 802 si
2855 746 3001 817 quod
3032 749 3196 803 etiam
3225 747 3500 818 depictum
3563 747 3638 802 vel
3687 745 3754 800 ef-

538 843 724 896 iictum
755 851 839 895 est
857 881 874 907 ,
902 833 1144 896 omnia'a
1171 844 1402 897 veritate
1429 845 1624 913 procul
1657 843 1877 898 absunt.

608 934 892 1005 Ejusmodi
912 935 1072 989 etiam
1099 950 1273 1004 usque
1287 934 1465 990 adhuc
1490 944 1619 991 sunt
1653 952 1717 992 ea
1740 951 1860 1006 quae
1878 949 2112 990 narran-

2287 928 2521 984 Τοιαῦτα
2570 928 2665 982 καὶ
2706 927 2867 999 μέχρι
2905 926 3094 980 τούτου
3131 925 3201 978 τὰ
3240 925 3587 995 διηγήματαο
3621 926 3678 979 τὰ
3709 927 3755 980 δὲ

537 1035 627 1079 tur
645 1045 658 1079 :
677 1041 798 1096 qua:
811 1033 1116 1094 sequuntur
1133 1025 1573 1096 qualiaiﬂursus
1587 1027 1822 1082 clamare
1835 1041 2020 1096 cogor.
2035 1025 2115 1079 Ac

537 1117 669 1170 mihi
698 1116 969 1186 ignoscite
1007 1125 1228 1187 propter
1275 1118 1680 1174 incommodum
1713 1117 2000 1173 clamando
2025 1131 2113 1172 ex-

539 1215 622 1259 tra
649 1207 869 1261 modum
894 1207 1212 1276 egredienti.
1267 1206 1312 1261 0
1339 1206 1573 1262 Thracia
1593 1246 1609 1271 ,
1653 1207 1970 1278 fugiendum
2010 1224 2110 1263 no-

536 1297 694 1350 men!
726 1295 770 1350 Ο
798 1296 984 1351 infelix
1013 1297 1309 1367 praedium,
1341 1313 1475 1368 gens
1509 1299 1761 1354 cladibus
1793 1299 2108 1354 nobilitata!

537 1384 583 1440 0
623 1385 776 1454 prius
808 1384 1027 1455 quidem
1061 1386 1243 1441 hostili
1279 1387 1391 1456 igni
1440 1388 1801 1442 barbarorum
1837 1389 2112 1443 incursio-

538 1476 623 1530 nis
649 1484 889 1540 vastata,
936 1491 1082 1530 nunc
1112 1493 1241 1532 vero
1289 1487 1453 1549 caput
1513 1494 1577 1534 ac
1636 1494 1912 1534 summam
1958 1494 2110 1534 com-

537 1567 722 1621 munis
777 1566 1108 1622 calamitatis
1141 1567 1194 1621 in
1241 1576 1294 1622 te
1346 1569 1654 1638 recipiens,
1707 1571 1859 1624 illinc
1908 1570 2109 1624 bonum

539 1656 845 1725 abripitur,
876 1656 987 1709 illic
1017 1657 1222 1710 invidia
1255 1657 1518 1713 adversus
1542 1657 1826 1726 imperium
1860 1667 2110 1727 grassata

537 1763 602 1802 ac
631 1747 962 1802 debacchata
1020 1755 1144 1811 est,
1206 1747 1319 1802 illic
1366 1749 1516 1804 orbis
1572 1759 1840 1806 terrarum
1888 1751 2112 1806 naufra-

537 1841 685 1908 gium
723 1839 924 1893 factum
955 1847 1038 1894 est
1064 1880 1080 1905 ,
1133 1839 1245 1894 illic
1295 1848 1555 1910 tanquam
1612 1842 1832 1898 turbine
1871 1845 2108 1913 correpti

536 1928 604 1982 ad
633 1929 916 1998 scopulum
949 1930 1315 2001 impingentes
1345 1932 1399 1985 in
1434 1931 1661 1987 fundum
1691 1933 1926 1989 tristitiae
1949 1944 2111 2005 atque

536 2018 790 2072 maeroris
815 2017 1054 2073 demersi
1106 2022 1330 2075 sumus!
1363 2019 1408 2076 Ο
1438 2022 1635 2075 malam
1685 2023 1834 2077 illam
1867 2027 2108 2096 peregri-

535 2108 849 2172 nationem,
873 2123 995 2177 quae
1023 2108 1257 2165 reditum
1279 2111 1601 2182 denegavit!
1627 2116 1670 2166 0
1695 2129 1867 2183 aquas
1892 2130 2108 2170 amaras

533 2211 766 2265 quarum
798 2195 979 2253 fontes
1028 2199 1239 2254 utinam
1277 2215 1384 2256 non
1421 2202 1817 2260 desiderasset!
1865 2204 1912 2260 Ο
1970 2221 2110 2276 prae-

531 2285 682 2339 dium
709 2325 724 2350 ,
768 2285 824 2341 in
854 2302 965 2356 quo
993 2287 1179 2344 clades
1225 2289 1460 2355 accidit,
1510 2299 1734 2360 propter
1775 2292 1987 2347 cladem
2039 2293 2108 2349 ab
2137 2294 2180 2349 Β

532 2378 768 2432 obseura
811 2386 974 2433 nocte
1003 2393 1312 2449 COgnomen
1340 2381 1595 2437 sortitum
1629 2385 1641 2436 ι
1682 2385 1861 2439 Audio
1920 2385 2063 2439 enim
2088 2423 2103 2447 ,

531 2467 706 2536 patria
738 2482 928 2522 eorum
967 2468 1150 2540 lingua
1180 2469 1513 2536 Scatoumiu,
1545 2488 1578 2525 α
1613 2474 1838 2529 tenebris
1869 2474 2103 2541 scilicet,

532 2557 713 2612 locum
779 2559 932 2612 illum
979 2561 1394 2631 cognominari;
1448 2564 1560 2618 illic
1619 2566 1978 2622 obtenebrata
2025 2575 2110 2624 est

532 2648 759 2704 lucerna
833 2689 850 2715 ,
902 2651 1016 2705 illic
1046 2652 1356 2709 exstinctus
1387 2664 1473 2710 est
1524 2657 1962 2725 splendor,illic
2018 2675 2109 2713 ra-

533 2739 610 2792 dii
637 2740 905 2794 virtutum
941 2743 1218 2798 obscurati
1261 2731 1428 2810 sunt,
1461 2747 1623 2816 periit
1657 2748 1873 2819 imperii
1940 2764 2108 2804 orna-

531 2836 822 2890 mentum,
885 2827 1118 2896 iustitiae
1193 2832 1668 2901 gubernaculum,
1748 2836 2107 2893 humanitatis

532 2917 755 2986 imago,
822 2919 934 2972 imo
999 2936 1129 2976 vero
1193 2922 1311 2991 ipsa
1376 2923 1696 2995 principalis
1753 2925 2108 2984 humanitatis

531 3007 750 3073 forma;
799 3011 1066 3066 maritalis
1097 3013 1306 3068 amoris
1357 3013 1528 3084 figura
1577 3025 1742 3087 atque
1797 3019 2107 3087 exemplum

530 3098 774 3155 ablatum
805 3107 925 3164 est,
973 3109 1186 3155 castum
1221 3103 1574 3160 continentiae
1626 3115 1788 3177 atque
1833 3108 2107 3163 sobrieta-

532 3187 609 3242 tis
640 3197 695 3242 et
724 3187 1004 3258 pudicitiae
1026 3189 1316 3247 donarium
1337 3234 1354 3260 ,
1427 3193 1606 3253 facilis
1649 3197 1799 3251 aditu
1831 3200 2070 3270 gravitas
2089 3238 2106 3265 ,

532 3291 646 3333 non
675 3281 1076 3337 contemnenda
1105 3282 1343 3340 facilitas
1396 3292 1452 3342 et
1515 3289 1882 3344 mansuetudo
1917 3309 1932 3344 :
1993 3292 2107 3345 alta

535 3367 707 3422 animi
730 3367 1014 3427 humilitas
1045 3379 1210 3444 atque
1233 3373 1502 3430 modestia
1528 3415 1543 3441 ,
1591 3377 1770 3448 pudor
1803 3379 2106 3450 ingenuus,

533 3459 852 3529 promiscua
893 3460 1163 3518 bonorum
1192 3464 1479 3522 harmonia
1509 3486 1523 3523 :
1580 3468 1748 3540 periit
1802 3469 1927 3526 ﬁdei
1957 3472 2108 3528 zelus

531 3557 588 3605 et
607 3551 851 3607 studium
871 3594 889 3619 ,
919 3551 1182 3611 Ecclesia:
1219 3557 1511 3624 columna,
1561 3560 1818 3616 altarium
1847 3571 2104 3628 ornatus,

529 3658 838 3715 pauperum
887 3646 1126 3715 divitiae,
1184 3651 1373 3707 multis
1431 3651 1906 3710 subministrando
1960 3626 2177 3709 suilii-c

531 3738 690 3795 ciens
743 3738 974 3808 dextra,
1030 3743 1342 3799 communis
1387 3743 1721 3813 jactatorum
1772 3757 1828 3801 et
1878 3744 2110 3800 afﬂicto-

529 3843 657 3882 rum
703 3837 918 3898 portus.
977 3830 1187 3902 Lugeat
1257 3834 1547 3902 virginitas
1576 3875 1594 3899 ,
1641 3836 1974 3892 lamentetur
2027 3837 2110 3892 vi-

531 3915 718 3971 duitas
741 3955 757 3980 ,
785 3919 963 3985 ploret
990 3921 1223 3987 orbitas,
1258 3933 1597 3993 cognoscant
1625 3927 1758 3996 quid
1794 3927 2107 3994 habuerint,

528 4011 825 4074 postquam
855 4007 1058 4064 habere
1092 4010 1398 4067 desierunt.
1428 4013 1542 4070 [mo
1565 4031 1696 4072 vero
1727 4016 1860 4087 quid
1913 4018 2111 4074 attinet

532 4108 624 4147 me
648 4094 704 4148 in
736 4104 921 4164 partes
951 4107 1006 4154 et
1055 4100 1280 4158 ordines
1311 4102 1557 4161 dividere
1606 4106 2060 4165 lamentationem
2086 4109 2110 4164 ?

532 4182 866 4254 Ingemiscat
892 4191 1072 4248 omnis
1116 4203 1252 4249 satas
1275 4234 1291 4260 ,
1322 4195 1656 4265 profundum
1679 4215 1710 4256 e
1743 4201 1922 4256 medio
1944 4202 2109 4257 corde

534 4278 800 4347 gemitum
856 4281 1077 4338 edens:
1129 4300 1234 4339 una
1292 4287 1473 4358 lugeat
1523 4291 1686 4345 etiam
1745 4293 2106 4348 sacerdotium

534 4370 714 4437 ipsum
737 4372 1031 4440 ,quoniam
1068 4374 1275 4431 invidia
1307 4393 1657 4436 communem
1704 4391 1963 4437 ornatum
2021 4383 2110 4439 de-

531 4461 718 4516 traxit.
758 4461 1016 4533 Nunquid
1046 4470 1395 4524 temerarium
1447 4471 1610 4527 fuerit
1674 4472 1959 4543 PrOphetaa
2016 4474 2101 4530 di-

543 4561 696 4607 ctum
739 4554 874 4610 illud
922 4557 1169 4626 proferre
1197 4560 1220 4612 ?
1259 4560 1437 4626 Quare
1458 4563 1701 4630 repulisti
1721 4603 1736 4629 ,
1768 4564 1936 4630 Deus,
1966 4566 2021 4620 in
2042 4568 2107 4636 ﬁ-

533 4647 694 4700 nem?
726 4656 774 4699 et
829 4649 1125 4703 concitatus
1173 4660 1252 4705 est
1311 4652 1464 4720 [uror
1509 4663 1629 4708 tuus
1691 4656 1942 4710 adversus
1991 4674 2106 4712 oves

531 4753 747 4804 pascua:
780 4746 886 4792 tua:
907 4740 964 4792 '?
986 4741 1232 4805 Quorum
1267 4755 1618 4814 peccatorum
1648 4762 1842 4818 poenas
1865 4749 2111 4805 luimus?

534 4827 653 4890 Qua
679 4827 747 4882 de
775 4843 943 4884 causa
971 4831 994 4884 ?
1034 4832 1208 4902 Cujus
1255 4836 1332 4889 rei
1365 4838 1588 4892 nomine
1619 4839 1744 4894 aliis
1777 4853 1944 4908 super
1984 4840 2109 4895 aliis

2214 1022 2308 1075 ἐπὶ
2367 1021 2577 1084 τούτοις
2625 1015 2753 1084 aia;
2818 1017 2986 1071 Πάλιν
3049 1016 3176 1087 βοᾷν
3228 1015 3619 1084 ἀναγκάζομαι,
3667 1017 3755 1069 Καί

2217 1129 2308 1182 μοι
2342 1111 2616 1180 σύγγνωτε
2667 1109 3002 1182 ὑπερόοῶντι
3046 1109 3108 1161 τὸ
3151 1107 3339 1170 πάθος.
3373 1103 3444 1159 '0
3488 1107 3679 1178 Θρᾴκη,
3707 1109 3757 1160 τὸ

2214 1205 2446 1271 φευκτὸν
2489 1203 2691 1272 δνομαί
2731 1197 2803 1253 '0
2831 1199 3090 1269 δυστυχὲς
3120 1199 3336 1269 χωρίον,
3366 1197 3514 1261 ἔθνος
3543 1200 3603 1251 ὲκ
3643 1217 3756 1268 συμ-

2215 1295 2396 1365 φορῶν
2423 1293 2848 1365 γνωριζόμενονί
2872 1287 2943 1344 '0
2974 1291 3237 1362 πρότερον
3266 1291 3364 1360 μὲν
3393 1290 3628 1360 πολεμίῳ
3645 1294 3761 1362 πυρὶ

2212 1388 2332 1448 ταῖς
2377 1384 2487 1436 τῶν
2523 1383 2813 1454 βαρϐάρων
2853 1381 3170 1452 ἐπιδρομαῖς
3201 1381 3486 1450 δῃωθεῖσα,
3514 1381 3602 1432 νῦν
3636 1381 3684 1433 δὲ
3711 1381 3764 1433 τὸ

2212 1475 2504 1544 κεφάλαιον
2543 1474 2644 1544 τῆς
2682 1473 2868 1544 κοινῆς
2903 1474 3185 1544 συμφορᾶς
3213 1475 3268 1524 ὲν
3294 1473 3456 1542 ἑαυτῇ
3498 1471 3759 1542 δεξαμένη’

2211 1567 2422 1622 ἐκεῖθεν
2465 1566 2525 1619 τὸ
2573 1565 2775 1635 ἀγαθὸν
2815 1564 3205 1636 ἀναρπάζεται,
3231 1565 3346 1616 ἐκεῖ
3367 1565 3397 1616 ό
3428 1563 3613 1632 φθόνος
3636 1563 3764 1616 κατά

2209 1661 2309 1730 τῆς
2339 1659 2613 1729 βασιλείας
2655 1657 2963 1727 ἐκώμασεν,
3007 1658 3124 1710 ἐκεῖ
3148 1656 3371 1724 γέγονεν
3400 1655 3461 1708 τὺ
3488 1656 3584 1725 τῆς
3607 1658 3767 1708 οἰκου-

2214 1751 2380 1821 μένης
2404 1751 2680 1816 ναυάγιον,
2702 1750 2818 1801 ἐκεῖ
2838 1747 3087 1818 καθάπερ
3114 1750 3172 1800 ὲν
3192 1745 3419 1800 κλύδωνι
3439 1745 3516 1814 τῷ
3541 1745 3768 1815 προϐόλῳ

2211 1840 2696 1912 προσπταίσαντες,
2736 1838 2816 1908 τῷ
2857 1839 2958 1908 τῆς
2999 1837 3172 1908 λύπης
3203 1834 3353 1906 βυθῷ
3414 1834 3765 1903 κατεδύημενι

2214 1933 2278 1984 Ὢ
2304 1932 2544 2002 πονηρᾶς
2569 1929 2834 2001 ἐκδημίας
2861 1928 3096 1998 ἐκείνης,
3126 1929 3160 1997 ἢ
3193 1927 3292 1997 τὴν
3318 1924 3656 1996 ὑποστροφὴν
3678 1926 3772 1978 ούκ

2209 2023 2518 2077 ἁπέδωκενί
2550 2023 2612 2077 Ὢ
2641 2021 2854 2094 πικρῶν
2881 2021 3110 2087 ὑδάτων,
3133 2012 3208 2072 ὧν
3239 2018 3338 2082 τὰς
3363 2017 3547 2088 πηγάς
3584 2017 3774 2068 ἐπεπό-

2209 2113 2392 2184 θησεν,
2441 2112 2516 2176 ὡς
2557 2113 2655 2166 οὐκ
2698 2111 2957 2181 ὢφειλενί
2985 2108 3056 2164 '0
3103 2111 3321 2180 χωρίον,
3361 2112 3419 2164 ὲν
3449 2103 3494 2176 ᾧ
3525 2110 3585 2162 τὸ
3615 2109 3775 2172 πάθος

2209 2205 2454 2273 ἐγένετο,
2515 2203 2605 2258 διὰ
2653 2203 2716 2256 τὸ
2761 2203 2935 2267 πάθος
2992 2204 3060 2273 τῇ
3111 2203 3418 2271 σκοτομήνῃ
3475 2199 3774 2270 ἐπώνυμον.

2221 2296 2427 2350 Ἀκούω
2452 2295 2561 2366 γὰρ
2585 2295 2725 2349 κατὰ.
2755 2295 2853 2366 τὴν
2879 2294 3107 2366 πάτριον
3137 2293 3315 2346 αὐτῶν
3350 2291 3598 2360 γλῶσσαν
3632 2290 3776 2344 Σκό-

2209 2403 2420 2456 τουμιν
2462 2387 2552 2440 τὸν
2596 2387 2761 2440 τόπον
2790 2385 3254 2456 ἐπονομάζεσθαιο
3291 2385 3408 2437 ἐκεῖ
3437 2381 3713 2451 ἐσκοτίσθη
3746 2383 3780 2434 ό

2208 2480 2418 2550 λύχνος,
2447 2481 2563 2532 ἐκεῖ
2609 2478 2947 2549 κατεσϐέσθη
2994 2477 3055 2530 τὸ
3083 2477 3302 2546 φέγγος,
3336 2477 3451 2529 ἐκεῖ
3490 2478 3546 2529 αἱ
3573 2477 3783 2538 ἀκτῖνες

2208 2571 2316 2624 τῶν
2346 2570 2554 2641 ἀρετῶν
2576 2569 2997 2642 ἡμαυρὼθησαν,
3040 2567 3246 2638 οἴχεται
3274 2568 3375 2637 τῆς
3409 2566 3682 2636 βασιλείας
3719 2566 3784 2619 τὺ

2208 2661 2633 2734 ὲγκαλλώπισμα
2652 2704 2668 2730 ,
2700 2663 2762 2714 τὸ
2796 2662 2894 2732 τῆς
2939 2659 3284 2730 δικαιοσύνης
3315 2660 3588 2728 πηδάλιον,
3617 2662 3651 2730 ή
3684 2658 3787 2728 τῆς

2209 2753 2614 2824 φιλανθρωπίας
2644 2752 2804 2806 εἰκὼν
2823 2794 2838 2818 ,
2875 2751 3072 2822 μᾶλλον
3099 2751 3154 2803 δὲ
3185 2749 3316 2804 αὐτὸ
3354 2751 3414 2803 τὸ
3443 2750 3746 2820 ἀρχέτυπον
3765 2766 3780 2779 ·

2208 2839 2455 2914 ἀφῃρέθη
2503 2839 2604 2910 τῆς
2646 2839 2960 2910 φιλανδρίας
2987 2840 3015 2891 ό
3053 2837 3243 2905 τύπος,
3271 2838 3333 2891 τδ
3361 2839 3524 2908 ἁγνὸν
3550 2840 3650 2909 τῆς
3679 2856 3788 2893 σω-

2208 2931 2480 3002 φροσύνης
2501 2931 2774 3001 ἀνάθημα,
2801 2932 2834 3000 ἡ
2863 2930 3180 2997 εὐπρόσιτος
3208 2929 3494 2999 σεμνότης,
3521 2931 3555 2999 ἠ
3582 2931 3790 2982 ἀκατα-

2209 3020 2472 3091 φρόνητος
2521 3019 2836 3090 ἡμερότης,
2883 3019 2917 3088 ἡ
2973 3016 3150 3087 ὑψηλὴ
3194 3016 3661 3086 ταπεινοφροσύνη
3686 3058 3702 3080 ς
3752 3019 3788 3088 ἡ

2208 3107 2740 3180 πεπαρρησιασμένη
2780 3105 2964 3169 αίδὼς,
2995 3107 3029 3174 ἠ
3083 3103 3387 3174 σύμμικτος
3429 3105 3539 3157 τῶν
3566 3103 3790 3171 ἀγαθῶν

2209 3200 2442 3272 ἁρμονία
2459 3216 2472 3229 ·
2501 3198 2706 3269 οἴχεται
2732 3200 2760 3251 ό
2782 3197 2879 3268 τῆς
2903 3195 3139 3258 πίστεως
3165 3195 3346 3266 ζῆλος,
3369 3196 3398 3248 ό
3422 3195 3523 3264 τῆς
3556 3196 3794 3266 Ἐκκλη-

2210 3293 2330 3356 σίας
2379 3289 2589 3355 στύλος,
2638 3290 2668 3342 ό
2711 3289 2818 3343 τῶν
2861 3288 3261 3358 θυσιαστηρίων
3307 3286 3552 3357 κόσμος,
3603 3287 3636 3340 ό
3682 3287 3795 3339 τῶν

2208 3381 2518 3452 πενομένων
2543 3378 2788 3447 πλοῦτος,
2828 3380 2861 3450 ἡ
2900 3376 3210 3448 πολυαρκὴς
3231 3375 3398 3443 δεξιὰ,
3415 3378 3443 3430 ό
3472 3375 3656 3440 κοινὸς
3681 3375 3796 3429 τῶν

2209 3471 2692 3542 καταπονουμένων
2717 3470 2768 3523 λι
2775 3470 2899 3541 μήν.
2921 3469 3192 3524 Πενθείτω
3212 3471 3246 3539 ή
3265 3467 3550 3536 παρθενία,
3571 3467 3799 3536 θρηνείο

2209 3580 2284 3616 τω
2322 3563 2357 3634 ὴ
2402 3561 2636 3632 χηρεία,
2670 3559 2942 3631 ὀδυρέσθω
2985 3561 3019 3628 ἡ
3069 3559 3302 3628 ὀρφανία
3329 3599 3345 3624 ,
3395 3556 3700 3626 γνώτωσαν
3744 3556 3804 3609 τί

2208 3649 2352 3724 εἶχον
2375 3653 2471 3706 ὅτε
2481 3653 2580 3705 οὐκ
2598 3651 2830 3720 ἔχουσιν.
2855 3649 3069 3703 Μᾶλλον
3094 3648 3152 3701 δὲ
3178 3647 3230 3700 τί
3254 3648 3359 3719 χρή
3391 3663 3458 3717 με
3481 3645 3625 3699 κατὰ
3651 3646 3803 3717 μέρη

2208 3743 2302 3797 καὶ
2327 3741 2506 3807 τάξεις
2534 3741 2758 3810 διαιρεῖν
2799 3738 2888 3792 τὸν
2933 3737 3163 3808 θρῆνον;
3207 3736 3518 3800 Στεναζέτω
3556 3737 3719 3788 πᾶσα
3768 3736 3807 3806 ἡ

2207 3834 2389 3904 γενεὰ,
2425 3832 2604 3904 βύθιον
2633 3833 2699 3885 ὲκ
2732 3831 2902 3900 μέσης
2936 3829 3162 3901 καρδίας
3193 3828 3284 3883 τὸν
3318 3828 3626 3896 στεναγμὸν
3659 3828 3810 3879 ἁνα-

2207 3925 2530 3994 πέμπουσα·
2574 3920 2950 3990 συμπενθείτω
2979 3919 3072 3972 καὶ
3103 3920 3136 3988 ἡ
3187 3916 3454 3987 ἱερωσύνη
3503 3915 3672 3984 αὐτὴ,
3707 3915 3808 3969 τὸν

2208 4015 2386 4069 κοινὸν
2415 4014 2615 4084 κόσμον
2643 4011 2733 4066 τοῦ
2775 4011 2972 4080 φθόνου
3014 4009 3472 4079 ἀποσυλήσαντος.
3520 4001 3678 4075 Ἀρα
3727 4004 3810 4075 μὴ

2206 4105 2474 4176 τολμηρὸν
2497 4104 2558 4156 τὸ
2578 4102 2672 4156 τοῦ
2696 4103 2976 4174 Προφήτου
2996 4102 3189 4163 εἰπεῖν,
3209 4099 3289 4165 τὸ,
3319 4099 3450 4152 Ἵνα
3467 4098 3524 4151 τι
3542 4096 3807 4158 ἀπώσω,

2208 4201 2241 4251 ό
2275 4197 2435 4262 Θεὸς,
2468 4197 2556 4261 εις
2608 4193 2810 4259 τέλος,
2853 4191 2952 4246 καὶ
2999 4191 3322 4260 διωργίσθη
3374 4191 3408 4242 ὀ
3447 4189 3646 4255 θυμός
3679 4203 3809 4240 σου

2206 4288 2304 4340 ἐπὶ
2333 4287 2596 4354 πρόϐατα
2625 4282 2814 4353 νομῆς
2847 4297 3002 4346 σου;
3040 4281 3218 4335 Ποίων
3245 4279 3663 4349 ἁμαρτημάτων
3697 4275 3807 4337 τὰς

2205 4379 2356 4441 δίκας
2387 4376 2764 4447 ὲκτιννύομενς
2803 4374 2971 4444 Ὑπὲρ
3015 4373 3156 4436 τίνος
3181 4373 3294 4434 ταῖς
3322 4369 3661 4438 ἐπαλλήλοις
3688 4367 3805 4419 τῶν

2209 4468 2504 4540 συμφορῶν
2536 4465 2941 4538 μαστιζόμεθα;
2991 4466 3060 4517 Ἢ
3090 4465 3230 4533 τάχα
3267 4462 3355 4514 διὰ
3395 4461 3456 4513 τὸ
3491 4460 3806 4512 πλεονάσαι

2207 4560 2304 4631 τὴν
2325 4560 2576 4614 ἀσέϐειαν
2595 4558 2702 4612 τῶν
2729 4557 2986 4612 ποικίλων
3006 4555 3292 4626 αἱρέσεων,
3319 4552 3458 4622 αὐτὴ
3482 4550 3610 4605 καθ’
3635 4548 3810 4620 ἡμῶν

2208 4653 2241 4722 ’θ
2283 4650 2461 4720 ψῆφος
2500 4650 2835 4721 ἐκράτησεν;
2897 4647 3090 4718 Ὁρᾶτε
3142 4645 3252 4716 γάρ
3307 4645 3439 4707 οἵοις
3489 4643 3694 4704 κακοῖς
3750 4641 3812 4690 ἐν

2210 4740 2400 4811 βραχεῖ
2425 4740 2829 4810 συνηνέχθημεν
2872 4738 3067 4809 χρόνῳ.
3114 4736 3282 4790 Οῠπω
3309 4734 3402 4788 ἐπὶ
3433 4737 3501 4804 τῇ
3541 4733 3814 4802 προτέρᾳ

2209 4830 2390 4901 πληγῇ
2423 4829 2877 4894 ἀναπνεύσαντες,
2915 4828 3068 4884 οὔπω
3094 4828 3154 4881 τὸ
3185 4827 3418 4897 δάκρυον
3451 4826 3565 4878 τῶν
3603 4824 3818 4893 ὀφθαλ-

535 4918 789 4978 c-ladibus
845 4921 1140 4992 amigimur
1192 4934 1246 4980 et
1308 4928 1683 4997 castigamur?
1744 4930 1828 4984 An
1875 4930 2107 4986 forsitan

2216 4921 2330 4991 μῶν
2383 4921 2764 4991 άποψήσαντες
2786 4960 2802 4986 ,
2865 4920 3027 4974 πάλιν
3072 4922 3130 4975 ὲν
3187 4919 3420 4990 τοσαύτῃ
3473 4919 3819 4988 γεγόναμεν

537 5020 828 5080 propterea
865 5015 1012 5084 quod
1059 5016 1304 5071 abundat
1330 5017 1585 5088 impietas
1627 5023 1904 5076 variarum
1940 5023 2111 5078 haere-

535 5116 668 5156 scon
691 5143 706 5167 ,
740 5103 856 5159 haec
889 5103 1185 5160 adversum
1234 5122 1338 5162 nos
1400 5113 1674 5166 sententia
1705 5112 1944 5167 obtinuit
1973 5113 1996 5166 ?
2028 5113 2112 5167 \‘i-

534 5195 660 5248 tlete
715 5196 864 5250 enim
919 5197 1124 5274 quibus
1160 5197 1216 5252 in
1249 5199 1447 5269 exiguo
1497 5209 1742 5271 tempore
1789 5204 1948 5258 malis
1978 5218 2110 5258 con-

535 5285 730 5340 ilictati
781 5287 981 5344 simus.
1036 5288 1290 5344 Nondum
1337 5307 1368 5344 a
1403 5290 1583 5360 priore
1630 5292 1784 5347 clade
1820 5293 2112 5362 respiravi-

537 5395 703 5442 mus,
747 5379 991 5434 nondum
1050 5381 1324 5453 lacrymas
1370 5385 1439 5439 ab
1495 5385 1669 5439 oculis
1715 5384 2112 5448 abstersimus,

537 5485 733 5525 rursus
762 5471 816 5524 in
857 5479 1065 5526 tantam
1092 5473 1386 5530 incidimus
1437 5477 1822 5530 calamitatem.
1851 5474 2006 5530 Tunc
2029 5485 2108 5531 te-

536 5573 732 5612 nerum
773 5558 962 5614 florem
989 5561 1425 5631 deploravimus,
1463 5580 1610 5619 nunc
1641 5565 1816 5635 ipsum
1854 5579 2107 5628 ramum,

538 5649 687 5702 unde
743 5648 844 5703 flos
895 5651 1225 5720 germinavit
1259 5662 1312 5708 et
1350 5663 1547 5710 enatus
1581 5664 1664 5711 est
1695 5675 1707 5711 :
1747 5665 1879 5711 tunc
1911 5670 2103 5725 spera-

538 5750 652 5792 tum
688 5737 975 5804 decorem,
1021 5757 1169 5797 nunc
1197 5759 1319 5799 eum
1351 5746 1444 5815 qui
1483 5747 1654 5818 viguit
1686 5767 1697 5802 :
1739 5757 1870 5803 tunc
1897 5748 2104 5802 bonum

540 5827 685 5898 quod
710 5830 1154 5898 exspectabatur,
1207 5852 1351 5892 nunc
1395 5840 1468 5905 id,
1497 5841 1654 5911 cujus
1682 5841 1982 5912 periculum
2018 5839 2098 5893 fa-

611 5917 631 5950 ‘
673 5917 819 5973 Psal.
861 5934 1066 5987 uxm,
1103 5922 1150 5975 Ι.

2214 5015 2486 5085 συμφορᾷ.
2515 5013 2647 5065 Τότε
2679 5012 2740 5066 τὸ
2771 5011 3019 5076 νεοθαλὲς
3044 5012 3202 5076 άνθος
3228 5011 3672 5082 άπωδυράμεθα,
3717 5010 3826 5062 νῦν

2209 5106 2340 5158 αὐτὸ
2372 5105 2432 5158 τὺ
2457 5104 2630 5174 έρνος,
2661 5104 2753 5172 ἀφ’
2778 5098 2839 5156 οὗ
2876 5103 2936 5157 τὸ
2962 5103 3120 5166 ἄνθος
3147 5102 3514 5173 ἐϐλάσθησενο
3545 5103 3682 5156 τότε
3713 5102 3825 5169 τὴν

2210 5195 2556 5250 ἐλπισθεῖσαν
2617 5195 2799 5267 ὥραν,
2851 5194 2945 5248 νῦν
2994 5195 3092 5266 τὴν
3139 5194 3502 5264 ἀκμάσασαν·
3563 5194 3701 5246 τότε
3763 5192 3832 5242 τὸ

2210 5285 2655 5358 προσδοκώμενον
2693 5285 2916 5355 ἀγαθὸν,
2949 5286 3044 5339 νῦν
3076 5286 3137 5339 τὸ
3181 5288 3238 5338 ἐν
3284 5284 3448 5356 πείρα
3475 5286 3826 5355 γενόμενον.

2208 5374 2358 5449 Ἀρά
2389 5396 2481 5448 μοι
2515 5374 2910 5446 συγγνώσεσθε,
2953 5377 3192 5444 ἀδελφοὶ,
3237 5377 3286 5429 εἴ
3317 5394 3367 5428 τι
3395 5376 3484 5429 διὰ
3515 5377 3584 5428 τὸ
3625 5374 3832 5434 πάθος

2219 5469 2707 5540 παραληρήσαιμι;
2743 5468 2917 5538 Τάχα,
2952 5468 3130 5530 καθώς
3163 5484 3327 5536 φησιν
3357 5468 3385 5518 ὁ
3443 5465 3829 5525 mat-661010;.

2217 5563 2310 5616 καὶ
2335 5561 2471 5632 αὑτὴ
2501 5563 2534 5632 ή
2573 5561 2750 5623 κτίσις
2783 5559 2860 5629 τῷ
2889 5560 3138 5630 ἡμετέρῳ
3173 5558 3329 5628 κακῷ
3380 5556 3835 5620 συνεστέναξεν.

2227 5654 2556 5724 Ὑπομνήσω
2596 5651 2653 5704 δὲ
2676 5650 2783 5704 τῶν
2809 5650 3106 5719 γεγονότων
3136 5650 3300 5719 ὑμᾶς,
3341 5647 3437 5700 καὶ
3463 5645 3622 5717 οἶμαι
3683 5646 3840 5703 τοὺς

2217 5743 2440 5806 πολλοὺς
2464 5745 2575 5805 τοῖς
2592 5741 2902 5812 λεγομένοις
2918 5740 3294 5812 συνθήσεσθαι·
3320 5741 3450 5792 Ὅτε
3478 5737 3687 5810 χρυσῷ
3722 5734 3838 5788 καὶ

2216 5835 2504 5908 πορφυρίδι
2557 5832 2945 5905 κεκαλυμμένη
3001 5833 3094 5887 ἐπὶ
3141 5832 3240 5905 τὴν
3286 5832 3442 5886 πόλιν
3487 5832 3522 5901 η
3581 5828 3838 5901 βασιλὶς
