4050 6164
378 417 496 478 885.

1425 424 1679 482 ORATIO
1707 426 2050 483 FUNEBRIS
2088 428 2174 483 DE
2203 429 2562 486 PLACILLA.

3509 440 3611 497 886

378 532 664 604 ἐκομίζετο
691 534 866 606 (κλίνη
894 537 949 591 δὲ
975 532 1043 608 ἦν
1066 539 1100 609 ἡ
1124 538 1441 609 κομίζουσα)
1459 579 1472 604 ,
1504 542 1597 594 καὶ
1625 542 1772 593 πᾶσα
1803 541 1948 605 ἀξία,

2059 550 2202 597 ctum
2262 553 2365 599 est.
2404 544 2485 598 An
2544 544 2843 616 ignoscetis
2891 548 3044 611 mihi,
3102 548 3319 612 fratres,
3396 550 3442 605 si
3504 568 3614 622 quo

372 626 474 679 καὶ
504 625 688 695 ἡλικία
724 628 874 682 πᾶσα
916 628 1241 699 προχεθεῖσα
1278 628 1373 683 τοῦ
1406 630 1615 697 ἄστεος,
1652 633 1950 685 ἀπεστενο-

377 716 544 787 χώρει
588 717 677 771 διὰ
717 718 811 771 τοῦ
872 719 1108 789 πλήθους
1149 722 1212 774 τὸ
1267 721 1564 792 ὕπαιθρονο
1618 724 1835 777 πάντων
1886 725 1950 776 ὲκ

288 834 292 837 Α
381 807 576 869 ποδῶν,
612 808 707 862 καὶ
752 808 862 863 τῶν
888 809 1259 881 ὑπερεχόντων
1303 814 1415 875 τοῖς
1464 811 1786 883 ἀξιώμασιν,
1815 829 1949 884 προ-

380 899 771 968 πομπευόντων
798 901 889 955 τοῦ
919 902 1123 967 πάθους
1141 921 1155 935 ο
1188 904 1467 976 μέμνησθε
1501 906 1716 968 πάντως
1745 907 1892 968 ὅπως
1921 908 1951 959 ό

260 1019 269 1026 -
379 988 530 1059 ἣλιος
551 990 671 1051 ταῖς
695 989 941 1057 νεφέλαις
965 991 1061 1052 τὰς
1091 992 1312 1055 ἀκτῖνας
1342 992 1535 1046 ἑαυτοῦ
1564 994 1948 1064 συνεκάλυψεν,

380 1079 458 1142 ὡς
490 1079 557 1133 ἂν
589 1079 663 1151 μὴ
696 1081 791 1133 ῐδοι
823 1082 962 1150 τάχα
992 1081 1216 1154 καθαρῷ
1246 1082 1323 1154 τῷ
1357 1087 1495 1152 φωτὶ
1530 1086 1667 1155 μετὰ
1709 1087 1949 1141 τοιούτου

385 1173 665 1242 σχήματος
692 1172 1101 1227 είσελαύνουσαν
1129 1175 1226 1244 τὴν
1271 1174 1519 1244 βασιλίδα
1546 1179 1611 1248 τῇ
1643 1168 1814 1243 πόλει,
1850 1179 1951 1232 οὐκ

382 1263 475 1314 ἐπὶ
508 1263 749 1333 άρματός
795 1280 960 1327 τινος,
994 1264 1027 1334 ἢ
1064 1264 1379 1335 χρυσοδέτου
1423 1267 1656 1336 ἀπήνης,
1690 1266 1833 1320 κατὰ
1858 1267 1950 1321 τὸν

386 1351 653 1422 βασίλειον
679 1353 901 1423 κόσμον,
934 1356 1049 1418 τοῖς
1068 1354 1383 1426 δορυφόροις
1412 1356 1806 1428 ἀγαλλομένην,
1835 1357 1948 1411 ἀλλ’

383 1444 442 1495 ὲν
491 1441 634 1513 σορῷ
680 1442 1117 1516 γεκαλυμμένην,
1172 1447 1650 1518 ὲπικρυπτομένην
1698 1448 1758 1502 τὸ
1811 1443 1950 1513 εἶδος

382 1533 559 1588 ἐκεῖνο
588 1534 667 1605 τῷ
700 1535 1006 1608 σκυθρωπῷ
1051 1537 1503 1609 προκαλύμματι’
1556 1538 1735 1610 θέαμα
1779 1540 1950 1594 δεινόν

381 1643 443 1679 τε
479 1628 574 1681 καὶ
610 1626 858 1690 ἐλεεινὸν,
912 1628 1160 1699 δακρύων
1194 1630 1413 1700 ἀφορμὴ
1455 1629 1788 1701 προκειμένη
1839 1633 1951 1694 τοῖς

388 1716 798 1788 ἐντυγχάνουσιν
820 1737 830 1748 ·
856 1720 920 1790 ἣν
944 1719 1088 1783 ἄπας
1114 1720 1221 1774 τῶν
1244 1721 1686 1791 συνειλεγμένων,
1703 1722 1730 1773 ὁ
1752 1719 1953 1790 επηλύς

384 1823 448 1858 τε
502 1808 596 1860 καὶ
647 1809 676 1859 ὁ
727 1808 1011 1879 ἐγχώριος,
1048 1809 1148 1863 οὐκ
1182 1810 1513 1881 εὐφημίαις,
1557 1809 1692 1863 ἀλλὰ
1734 1807 1953 1880 θρήνοις

2048 634 2215 687 modo
2238 642 2464 705 propter
2514 636 2721 691 cladem
2754 638 3113 706 ineptussim
3150 648 3204 693 et
3247 640 3488 694 absurda
3535 642 3614 695 lo-

2048 724 2501 793 quar2Forsitan
2527 768 2541 792 ,
2579 736 2634 780 ut
2681 728 2854 799 inquit
2884 730 3179 800 Apostolus
3202 733 3244 798 °,
3294 733 3457 786 etiam
3498 735 3612 803 ipsa

2048 825 2300 872 creatura
2335 826 2527 873 nostro
2581 818 2929 875 incommodo
2978 822 3267 892 ingemuit.
3306 826 3484 894 Atque
3522 839 3613 877 eo-

2049 921 2169 960 rum
2213 922 2333 977 quae
2389 906 2748 975 acciderunt,
2783 909 2938 965 vobis
2986 913 3303 966 memoriam
3338 912 3615 967 renovabo

2049 1012 2111 1051 ac
2134 998 2424 1068 plerosque
2452 998 2646 1068 Opinor
2678 998 2747 1054 iis
2772 1041 2786 1066 ,
2819 1015 2940 1069 quae
2971 999 3225 1055 dicantur
3245 1042 3259 1066 ,
3289 1018 3617 1059 assensuros

2048 1101 2191 1143 esse.
2221 1086 2356 1141 Cum
2384 1101 2521 1141 auro
2552 1103 2941 1158 purpureaque
2982 1096 3133 1144 veste
3166 1090 3340 1144 velata
3375 1091 3616 1162 impera—

2048 1177 2159 1231 trix
2191 1178 2246 1231 in
2276 1177 2465 1232 urbem
2498 1185 2809 1246 portaretur
2853 1178 3072 1249 (lectica
3103 1189 3282 1234 autem
3320 1190 3472 1247 erat,
3512 1196 3617 1250 qua

2050 1267 2432 1338 portabatur),
2478 1275 2643 1339 atque
2694 1268 2844 1323 omni
2893 1269 3118 1336 ordine,
3157 1271 3303 1324 omni
3346 1280 3505 1325 aetate
3551 1287 3617 1326 ex

2050 1357 2187 1412 urbe
2222 1356 2468 1427 profusa,
2506 1356 2766 1428 quidquid
2803 1358 2908 1415 soli
2938 1359 3051 1414 aeri
3088 1366 3279 1429 aperto
3310 1361 3617 1430 expositum

2051 1455 2197 1503 esset
2216 1487 2230 1511 ,
2260 1464 2372 1518 prae
2398 1449 2746 1505 multitudine
2775 1451 2939 1506 nimis
2988 1458 3283 1519 angustum
3320 1451 3615 1516 videretur,

2052 1549 2219 1611 atque
2266 1557 2456 1599 omnes
2500 1542 2663 1598 etiam
2704 1542 2968 1614 dignitate
3016 1543 3347 1601 excellentes
3392 1543 3621 1613 pedibus

2050 1631 2215 1689 funus
2255 1642 2714 1704 prosequerentur
2742 1653 2756 1689 :
2789 1636 3116 1691 meministis
3150 1648 3412 1706 prorsus,
3447 1644 3507 1690 ut
3540 1636 3623 1689 sol

2051 1723 2267 1777 nebulis
2311 1737 2443 1777 suos
2476 1724 2657 1778 radios
2683 1724 2995 1794 obtegeret,
3025 1740 3092 1779 ne
3117 1723 3349 1779 forsitan
3374 1738 3514 1792 puro
3539 1724 3622 1777 lu-

2052 1812 2203 1867 mine
2229 1812 2436 1868 videret
2457 1813 2879 1881 imperatricem
2893 1829 3016 1869 cum
3047 1813 3318 1883 ejusmodi
3348 1813 3534 1868 habitu
3568 1813 3622 1867 in

387 1897 664 1952 εἰσιοῦσαν
702 1899 932 1970 ἐδέχετο.
970 1901 1103 1953 Τότε
1135 1901 1228 1954 καὶ
1270 1904 1299 1955 ὁ
1334 1901 1443 1973 ἀὴρ
1480 1901 1749 1965 πενθικῶς
1791 1902 1951 1955 ἐσκυ-

2059 1903 2243 1957 urbem
2275 1903 2542 1958 invectam
2564 1943 2578 1968 ,
2610 1919 2717 1958 non
2748 1905 2802 1958 in
2836 1919 3000 1959 curru
3035 1905 3272 1975 quodam
3292 1943 3306 1968 ,
3336 1913 3432 1957 aut
3457 1903 3625 1958 rbeda

387 1988 694 2059 θρώπασεν,
724 1985 835 2045 οἷον
867 1991 1074 2063 ἱμάτιόν
1097 2010 1151 2046 τι
1188 1992 1438 2046 πενθικὸν
1479 1993 1568 2046 τὸν
1602 1992 1764 2061 ζόφον
1790 2008 1950 2063 περι-

386 2078 729 2148 ϐαλλόμενος.
772 2081 927 2135 Ἀλλὰ
971 2082 1066 2136 καὶ
1106 2085 1162 2136 αἱ
1215 2082 1452 2152 νεφέλαι,
1503 2082 1687 2147 καθὼς
1730 2083 1951 2137 δυνατὸν

386 2170 575 2233 αὐταῖς
624 2166 713 2243 ἦν,
766 2173 1115 2244 ἐπεδάκρυον,
1162 2173 1376 2237 ἁπαλὰς
1415 2174 1653 2244 ψεκάδας
1696 2175 1816 2228 ἀντὶ
1858 2173 1952 2228 δα-

385 2262 571 2332 κρύων
608 2264 920 2333 έπαφιεῖσαι
948 2264 1025 2336 τῷ
1050 2266 1230 2321 πάθει.

2055 2008 2193 2048 auro
2226 1994 2466 2050 revincta
2498 2008 2599 2064 pro
2628 1994 2776 2065 regio
2806 2003 3005 2049 ornatu
3046 1995 3374 2050 satellitibus
3416 1993 3626 2060 Stipan-

2055 2084 2206 2139 tibus
2235 2085 2446 2148 laetam,
2479 2085 2574 2141 sed
2607 2084 2660 2138 in
2702 2085 2881 2139 loculo
2928 2091 3160 2151 tectam,
3209 2082 3435 2138 formam
3477 2083 3624 2136 illam

2054 2177 2202 2232 tristi
2231 2176 2537 2231 velamento
2563 2175 2916 2240 occultatam,
2960 2175 3332 2246 spectaculum
3368 2173 3624 2228 acerbum

2055 2267 2263 2340 pariter
2299 2281 2363 2323 ac
2394 2267 2741 2333 miserabile,
2774 2282 2895 2338 quae
2923 2267 3181 2322 omnibus
3205 2264 3627 2322 occurrentibus

386 2354 752 2425 lacrymarum
780 2362 1034 2414 materies
1064 2358 1340 2429 proposita
1361 2368 1508 2415 esset
1534 2377 1547 2413 :
1578 2373 1742 2430 quam
1766 2361 1948 2417 omnis
1971 2361 2205 2431 populus
2234 2359 2327 2431 qui
2356 2358 2693 2416 conﬂuxerat
2713 2397 2729 2425 ,
2754 2366 2864 2414 tam
2894 2359 3219 2431 peregrinus
3245 2373 3407 2429 quam
3444 2358 3629 2412 dome-

387 2446 581 2509 sticus,
632 2462 751 2501 non.
783 2446 981 2505 faustis
1029 2450 1549 2516 acclamationibus,

1624 2449 1723 2506 scd
1778 2449 2259 2507 lamentationibus
2302 2450 2676 2507 introeuntem
2730 2450 3057 2522 excipiebat.
3111 2448 3269 2505 Tunc
3317 2449 3481 2505 etiam
3536 2464 3630 2505 acr

386 2541 670 2612 lugubrem
709 2542 766 2598 in
799 2542 1016 2598 modum
1059 2544 1234 2601 tristis
1270 2545 1390 2611 fuit,
1422 2555 1681 2616 tanquam
1719 2545 1884 2616 pallio
1920 2544 2156 2616 quodam
2186 2544 2424 2615 lugubri,
2451 2543 2683 2614 caligine
2708 2559 2768 2598 se
2796 2542 3028 2599 induens
3061 2549 3224 2612 atque
3253 2540 3624 2595 circumdans.

384 2637 528 2704 Quin
553 2639 715 2692 etiam
748 2639 940 2706 nubes,
980 2649 1140 2708 prout
1186 2638 1257 2694 ab
1302 2638 1437 2709 ipsis
1482 2639 1598 2694 fieri
1638 2649 1869 2710 poterat,
1900 2640 2404 2713 illacrymabantur,
2435 2638 2628 2695 molles
2655 2652 2721 2693 ac
2763 2644 2956 2694 tenues
2986 2637 3183 2708 pluvia:
3211 2642 3448 2708 guttasct
3475 2651 3628 2692 rores

388 2732 558 2787 luctui
584 2733 945 2804 lacrymarum
973 2733 1093 2789 loco
1112 2734 1588 2805 superfundentes.

456 2815 535 2874 Ἧ
572 2818 744 2874 ταῦτα
777 2820 875 2893 μὲν
906 2820 1075 2886 ὅντως
1103 2823 1268 2895 λῆρός
1301 2825 1441 2889 ἐστι,
1486 2826 1580 2878 καὶ
1613 2820 1733 2879 οὐδὲ
1779 2820 1956 2894 λέγειν

386 2910 570 2979 ᾶξιονς
610 2912 673 2964 Et
706 2914 808 2982 γάρ
839 2929 891 2966 τι
918 2913 1013 2966 καὶ
1039 2914 1259 2983 γέγονεν
1292 2915 1351 2969 ἐν
1381 2917 1454 2991 τῇ
1480 2917 1654 2970 κτίσει
1692 2916 1954 2981 τοιοῦτον,

385 2997 501 3057 οἷον
545 3004 881 3075 ὶπισημῆναι
917 3005 1018 3075 τὴν
1066 3005 1372 3078 συμφορὰν,
1419 3007 1482 3061 οὐ
1521 3007 1672 3079 παρὰ
1707 3007 1807 3080 τῆς
1838 3008 1958 3062 κ’τίο

390 3112 528 3160 σεως
558 3096 750 3166 γέγονε
783 3097 1018 3160 πάντως,
1053 3096 1187 3152 ἀλλὰ
1223 3098 1377 3169 παρὰ
1410 3098 1507 3153 τοῦ
1554 3099 1841 3154 Δεσπότου.
1858 3099 1957 3168 τῆς

387 3188 636 3254 κτίσεως,
667 3188 933 3258 τιμῶντος
979 3188 1046 3242 δι’
1076 3181 1151 3242 ὧν
1178 3189 1350 3243 ὲποίει
1375 3190 1474 3260 τῆς
1497 3190 1652 3254 ὁσίας
1682 3190 1772 3243 τὸν
1799 3189 1961 3244 θάνα-

386 3288 501 3326 τον.
539 3274 728 3344 Τίμιος
765 3274 892 3345 γὰρ,
931 3275 1115 3345 φησιν,
1147 3274 1388 3329 ἐναντίον
1420 3277 1626 3350 Κυρίου
1671 3279 1702 3331 ὀ
1733 3277 1961 3343 θάνατος

386 3363 499 3419 τῶν
526 3339 688 3420 ὁσίων
719 3339 905 3421 αύτόί
940 3339 1175 3422 Eleiet-dt
1226 3368 1338 3437 ἐγὼ
1382 3339 1521 3423 τότε.
1545 3370 1749 3442 ἕτερον.
1783 3339 1960 3441 θέαμα
1986 3339 2028 3396 c

386 3457 499 3510 τῶν
542 3457 845 3528 είρημένων
891 3459 1337 3532 παραδοξότερον.
1384 3457 1537 3515 Εἶδον
1588 3460 1809 3517 διπλοῦν
1855 3463 1957 3535 ϐμ-

390 3547 554 3618 ϐρον,
580 3548 671 3602 τὸν
705 3548 803 3618 μὲν
835 3549 1019 3603 έκτοῠ
1044 3549 1239 3622 ἀέρος,
1269 3551 1360 3606 τὸν
1396 3552 1454 3606 δὲ
1482 3555 1546 3608 ἐκ
1575 3554 1683 3608 τῶν
1710 3555 1962 3627 δακρύων

391 3641 485 3694 ἐπὶ
506 3639 603 3706 τὴν
634 3642 739 3711 γῆν
766 3644 1157 3716 καταρρέοντα,
1188 3645 1283 3698 καὶ
1304 3645 1405 3700 οὐκ
1424 3641 1492 3718 ἦν
1520 3647 1551 3699 ὁ
1582 3647 1642 3712 ἐξ
1667 3647 1982 3719 ὀφθαλμῶν-

392 3731 550 3796 ὐετδς
569 3731 666 3786 τοῦ
696 3733 769 3786 ἐκ
787 3732 907 3787 τῶν-
942 3733 1118 3804 νεφῶν
1150 3735 1509 3808 ἐνδεέστερος.
1552 3737 1641 3790 Ἐν
1687 3738 1798 3810 γὰρ
1840 3754 1965 3793 τοσ-

389 3822 582 3886 αύταις
603 3822 859 3893 μυριάσιν
881 3821 990 3877 τῶν
1020 3823 1433 3894 ωμπαρόντων,
1459 3825 1562 3880 οὐκ
1586 3821 1656 3897 ἦν
1690 3825 1962 3898 ὀφθαλμὸς

388 3918 420 3972 ὁ
451 3916 527 3987 μὴ
564 3915 914 3988 καταϐρέχων
957 3915 1056 3988 τὴν
1100 3918 1204 3989 γῆν
1249 3919 1368 3982 ταῖς
1392 3916 1501 3971 τῶν
1536 3916 1785 3990 δακρύων
1837 3935 1966 3973 στα-

391 4005 565 4075 γόσιν.
637 4004 774 4058 ⁹Δλλ³
819 4005 881 4057 οὐ
928 4005 1108 4069 καλῶς
1157 4007 1296 4077 τάχα
1347 4006 1448 4076 τῆς
1499 4005 1595 4061 τοῦ
1644 4008 1963 4063 διδασκάλου

391 4096 619 4165 γνώμης
647 4097 1073 4166 ὲστοχασάμεθα,
1099 4096 1260 4152 πλέον
1288 4098 1320 4168 ἢ
1345 4096 1453 4150 ἔδει
1471 4100 1585 4161 τοῖς
1620 4098 1964 4169 σκυθρωποῖς

392 4187 818 4260 ὲμϐαθύναντες.
858 4190 1014 4250 Ἴσως
1046 4189 1151 4260 γὰρ
1187 4188 1431 4259 βούλεται
1457 4188 1791 4261 θεραπεῦσαι
1827 4191 1965 4262 μᾶλ-

392 4279 486 4334 λον
522 4279 556 4351 ἢ
589 4280 808 4333 ἀνιᾶσαι
841 4280 941 4352 τὴν
984 4279 1153 4348 ἀκοήν
1172 4296 1188 4312 ο
1221 4282 1384 4352 ἡμεῖς
1412 4280 1469 4334 δὲ
1494 4281 1556 4334 τὸ
1599 4282 1838 4337 ἐναντίον
1869 4282 1965 4338 νῦν

394 4371 791 4443 πεποιήκαμεν.
848 4372 1057 4443 Ὠσπερ
1098 4372 1165 4426 ἂν
1213 4372 1268 4424 εί
1298 4389 1381 4437 τις
1416 4372 1597 4444 ἰατρὸς
1624 4377 1965 4446 τραυματίαν

393 4456 596 4523 λαϐὼν,
632 4459 706 4530 μὴ
742 4460 903 4531 μόνον
931 4460 1158 4531 ἀμελοίη
1210 4462 1310 4531 τῆς
1354 4459 1669 4532 θεραπείας,
1703 4463 1837 4518 ἀλλὰ
1872 4464 1968 4518 καὶ

395 4549 683 4623 βρωτικοῖς
711 4570 819 4607 τισι
851 4552 1163 4624 φαρμάκοις
1195 4553 1619 4624 προσεπιτρίϐοιν.
1638 4554 1729 4609 τὸν
1773 4554 1969 4610 ὀδυνώ-

2129 2824 2216 2879 An
2267 2824 2382 2879 haec
2434 2823 2657 2894 quidem
2716 2822 3077 2879 deliramenta
3122 2836 3185 2877 ac
3228 2836 3388 2893 nugae
3441 2836 3631 2878 revera

2059 2924 2223 2981 sunt,
2278 2928 2343 2971 ac
2401 2929 2471 2970 ne
2516 2914 2678 2986 digna
2713 2913 2934 2985 quidem
2959 2955 2974 2981 ,
3010 2928 3132 2983 qua:
3169 2912 3463 2967 dicantur?
3494 2910 3631 2966 Nam

2059 3003 2276 3060 etiamsi
2317 3003 2591 3073 ejusmodi
2638 3001 2769 3072 quid
2811 3001 3017 3056 accidit
3054 3001 3109 3054 in
3153 3008 3442 3066 creatura,
3484 2999 3632 3070 quod

2059 3096 2272 3152 cladem
2302 3095 2587 3153 indicaret
2615 3104 2671 3150 et
2714 3093 2989 3165 insignem
3024 3092 3284 3156 eﬂiceret,
3334 3106 3561 3161 prorsus
3601 3106 3633 3145 a

2060 3198 2313 3243 creatura
2357 3186 2562 3243 factum
2593 3198 2702 3239 non
2720 3192 2844 3252 est;
2883 3183 2979 3240 sed
3017 3197 3047 3238 a
3077 3188 3346 3238 creaturae
3377 3174 3630 3247 Domino,

2060 3293 2159 3349 per
2192 3292 2257 3334 ea
2304 3292 2425 3349 quae
2466 3277 2737 3342 faciebat,
2772 3283 2982 3333 sanctae
3022 3283 3257 3331 mortem
3300 3274 3631 3329 bonorante.

2060 3368 2345 3426 Honorata
2361 3370 2506 3427 enim
2530 3376 2636 3433 est,
2660 3368 2841 3439 inquit
2868 3367 2978 3434 ille,
3001 3380 3189 3422 coram
3226 3365 3460 3421 Domino
3486 3380 3633 3421 mors

2059 3470 2376 3518 sanctorum
2408 3461 2529 3532 ejus
2563 3462 2619 3515 ⁷..
2652 3459 2780 3516 Vidi
2805 3467 2985 3514 autem
3030 3472 3135 3530 ego
3170 3465 3303 3512 tunc
3325 3458 3472 3513 aliud
3507 3471 3634 3526 spe-

2059 3552 2334 3607 ctaculum
2368 3550 2531 3605 modo
2554 3549 2722 3604 dictis
2751 3549 2930 3619 magis
2960 3546 3302 3617 inopinatum
3338 3545 3636 3601 admirabi-

2060 3640 2280 3711 liusque
2317 3656 2331 3692 :
2375 3640 2487 3695 vidi
2528 3639 2805 3710 duplicem
2859 3638 3090 3693 imbrem
3117 3677 3136 3701 ,
3190 3652 3358 3692 unum
3408 3635 3631 3706 quidem

2059 3747 2129 3788 ex
2161 3746 2309 3795 aere,
2344 3731 2580 3785 alterum
2612 3744 2746 3786 vero
2773 3744 2843 3786 ex
2891 3726 3069 3785 oculis
3100 3728 3521 3798 lacrymantium
3564 3726 3633 3780 ad

2064 3830 2269 3878 terram
2302 3822 2655 3890 deﬂuentem,
2695 3836 2760 3877 ac
2785 3836 2897 3877 non
2927 3828 3049 3877 erat
3079 3820 3262 3875 minor
3290 3819 3473 3889 pluvia
3502 3832 3635 3873 ocu-

2062 3914 2242 3969 lorum
2265 3952 2282 3979 ,
2332 3928 2499 3985 quam
2542 3913 2592 3969 is
2624 3914 2719 3982 qui
2760 3927 2792 3969 e
2820 3908 3065 3967 nubibus
3096 3907 3421 3982 proﬂuebat.
3457 3907 3516 3962 in
3559 3915 3638 3963 tot

2063 4009 2308 4066 millibus
2332 4009 2478 4065 enim
2511 4009 2606 4079 qui
2651 4006 3095 4071 simuladerant,
3130 4004 3318 4060 nullus
3352 4008 3473 4058 erat
3502 4015 3637 4056 ocu-

2065 4100 2153 4156 lus
2196 4099 2291 4170 qui
2326 4107 2530 4154 terram
2576 4100 2945 4169 lacrymarum
2988 4096 3158 4167 guttis
3197 4108 3308 4149 non
3354 4092 3633 4165 irrigaret.

2064 4191 2268 4248 Verum
2307 4191 2455 4247 haud
2491 4199 2640 4246 recta
2675 4189 2911 4245 fortasse
2943 4187 3270 4257 conjectura
3301 4184 3369 4240 ad
3398 4192 3635 4240 mentem

2067 4285 2421 4356 praeceptoris
2445 4283 2845 4355 assequendam
2872 4281 2962 4336 usi
2993 4296 3208 4345 sumus,
3241 4287 3296 4334 et
3327 4279 3402 4332 ita
3440 4291 3469 4331 a
3509 4291 3638 4332 sen-

2069 4378 2238 4434 tentia
2261 4377 2385 4446 ejus
2420 4375 2823 4438 aberravimus,
2868 4374 3075 4444 quippe
3118 4372 3286 4427 rebus
3320 4369 3546 4451 acerbis
3573 4383 3639 4423 ac

2068 4466 2321 4524 tristibus
2360 4465 2569 4523 diutius
2605 4480 2770 4536 quam
2801 4470 3020 4535 oportet
3049 4462 3348 4517 immorati.
3379 4456 3637 4512 Forsitan

2067 4561 2215 4616 enim
2249 4573 2445 4616 curare
2482 4560 2684 4630 potius,
2721 4572 2884 4626 quam
2922 4544 3176 4609 molestia
3211 4564 3375 4605 aures
3410 4548 3636 4604 afficere

398 4659 580 4714 μενον.
632 4644 836 4698 Οὐκοῦν
883 4645 1242 4716 ὲπαντλητέον
1290 4645 1389 4699 τὸν
1425 4644 1652 4718 ἐλαιώδη
1699 4645 1857 4716 λόγον
1897 4649 1961 4718 τῇ

2069 4654 2211 4719 vult,
2242 4668 2346 4708 nos
2384 4667 2514 4708 vero
2543 4650 2884 4706 contrarium
2914 4657 3061 4699 nunc
3091 4642 3344 4698 fecimus.
3376 4640 3553 4696 Veluti
3590 4639 3639 4695 si

392 4734 664 4807 διοιδούσῃ
676 4735 881 4807 πληγῇ.
905 4732 1061 4791 Οἶδεν
1083 4738 1192 4808 γὰρ
1214 4738 1309 4792 καὶ
1332 4739 1366 4809 ἡ
1391 4737 1733 4810 εύαγγελικὴ·
1754 4739 1961 4810 ἰατρεία

2067 4743 2194 4813 quis
2232 4742 2476 4798 medicus
2516 4746 2800 4808 acceptum
2831 4736 3078 4790 saucium
3116 4747 3228 4787 non
3254 4730 3415 4784 modo
3443 4741 3641 4783 curare

392 4830 461 4899 τῇ
490 4828 679 4896 στύψει
706 4826 799 4880 τοῦ
821 4825 960 4881 οἴνου
976 4827 1367 4895 καταμιγνύειν
1395 4826 1456 4880 τὸ
1477 4827 1673 4882 ἔλαιον.
1726 4829 1961 4882 Ἐπικλί-

2068 4832 2331 4903 negligat,
2373 4844 2561 4884 verum
2600 4828 2765 4881 etiam
2812 4822 3174 4880 exedentibus
3225 4817 3553 4889 quibusdam
3585 4825 3643 4870 et.

393 4935 576 4989 νωμεν
598 4912 691 4972 οὖν
720 4918 869 4988 ὑμῖν,
899 4918 1050 4990 παρὰ
1077 4919 1179 4988 τῆς
1209 4918 1429 4990 Γμφῆς
1475 4918 1730 4983 λαϐόντες
1756 4919 1844 4973 τὺν
1871 4919 1961 4974 τοῦ

2070 4922 2430 4981 consumendi
2459 4920 2572 4974 vim
2608 4916 2942 4973 habentibus
2977 4910 3390 4969 medicamentis
3416 4909 3640 4976 insuper

394 5009 577 5064 ἐλαίου
628 5008 948 5081 καμψάκην,
979 5010 1054 5074 ὡς
1106 5010 1219 5064 ἐστι
1258 5012 1504 5079 δυνατὸν,
1552 5011 1614 5064 τὸ
1648 5009 1961 5082 σκυθρωπὸν

2072 5017 2337 5074 miserum
2364 5012 2650 5068 doloribus
2670 5010 2875 5081 afﬂigat
2908 5015 3073 5078 atque
3098 5004 3373 5059 conficiat.
3397 4997 3634 5055 Proinde

394 5102 507 5157 τῶν
558 5103 864 5175 εἰρημένων
920 5103 1000 5166 είς
1069 5103 1416 5173 παραμυθίαν
1477 5101 1966 5173 παλινῳδῆσαντες.

410 5193 574 5248 Ἀλλά
604 5211 693 5266 μοι
723 5192 911 5265 μηδεὶς
943 5191 1237 5246 ἀπιστείτω
1280 5190 1360 5262 τῷ
1407 5190 1835 5263 λεγομένω,κᾶν
1867 5206 1975 5247 παι

400 5284 619 5357 ράδοξον
738 5285 945 5349 Ἔστιν,
981 5282 1217 5351 ἀδελφοὶ,
1259 5284 1320 5337 τὺ
1348 5284 1575 5353 ἀγαθὸν,
1606 5284 1636 5339 ὃ
1678 5283 1967 5355 ζητοῦμεν,

395 5379 539 5445 ἐστι,
568 5379 661 5431 κοιλ⁵
685 5379 784 5432 οὐκ
812 5375 1105 5431 ἀπόλωλεν.
1139 5375 1355 5429 Μᾶλλον
1387 5376 1443 5429 δὲ
1475 5376 1794 5447 μικρότερον
1815 5372 1969 5430 εἷπον

396 5472 497 5539 τῆς
542 5469 815 5539 ἀληθείας.
852 5471 926 5523 Ού
977 5469 1134 5541 μόνον
1169 5469 1278 5539 γὰρ
1309 5467 1423 5521 ἔστι
1470 5467 1532 5522 τὸ
1563 5469 1784 5535 ἀγαθὸν,
1835 5468 1969 5523 ἀλλὰ

395 5562 494 5616 καὶ
519 5561 579 5613 ἐν
603 5558 1000 5631 ὑψηλοτέροιςῆ
1036 5558 1318 5630 πρότερον.
1338 5559 1448 5629 Τὴν
1480 5558 1723 5629 βασιλίδα
1752 5559 1931 5631 ζητεῖς
1957 5579 1971 5627 ;

410 5649 632 5712 Ἐντοῖς
653 5647 941 5719 βασιλείοις
960 5650 1057 5721 τὴν
1077 5650 1353 5720 διαγωγὴν
1374 5648 1508 5720 ἔχει.
1544 5650 1679 5705 Ἀλλ’
1707 5649 1971 5722 ὀφθαλμῷ

548 5830 706 5885 Rom.
755 5844 873 5898 vttt,
913 5830 1001 5885 22.
1076 5832 1094 5863 ⁷
1144 5829 1288 5887 Psal.
1321 5830 1559 5894 exmia.

2075 5103 2465 5160 intumescenti
2509 5102 2725 5157 vulneri
2775 5095 3104 5156 eﬂ‘undenda
3143 5102 3230 5150 est
3277 5091 3485 5154 oratio,
3520 5102 3642 5158 quae

2075 5193 2437 5257 sicutoleum,
2455 5191 2692 5248 leniendi
2713 5186 3110 5260 mitigandique
3128 5184 3228 5239 vim
3248 5183 3469 5236 habent.
3492 5176 3646 5232 Solet

2075 5285 2221 5341 enim
2278 5283 2443 5340 etiam
2491 5280 2806 5351 evangelica
2857 5275 3128 5332 medicina
3186 5274 3298 5328 vini
3350 5268 3644 5326 astrictivaa

2076 5385 2285 5431 naturae
2304 5375 2482 5432 oleum
2506 5372 2830 5428 admiscere.
2860 5368 3258 5423 Convertamus
3279 5363 3444 5433 igitur
3469 5359 3640 5422 vobis,

2076 5468 2283 5526 oleario
2307 5483 2338 5521 a
2374 5481 2533 5522 sacra
2570 5464 2860 5533 Scriptura
2893 5474 3022 5515 vase
3047 5468 3286 5527 sumpto,
3313 5453 3490 5526 quoad
3523 5451 3644 5521 ejus

2077 5558 2195 5617 ﬂeri
2227 5565 2426 5630 potest,
2452 5557 2730 5628 prioribus
2760 5551 3037 5609 contraria
3062 5549 3119 5604 in
3148 5547 3389 5604 medium
3417 5543 3647 5599 all'crcn--

2078 5659 2183 5718 tes,
2216 5649 2572 5707 acerbitatem
2603 5658 2766 5718 atque
2785 5642 3318 5702 moestitiameorum
3346 5652 3466 5709 qua:
3496 5635 3642 5691 dicta
