4050 6164
422 336 524 392 887

1666 345 1723 403 S.
1757 344 2082 404 GREGORII
2112 345 2156 401 Ν
2164 345 2410 402 YSSENI

423 463 570 517 sunt,
611 453 664 508 in
707 455 1156 511 consolationem.
1199 457 1305 513 Sed
1350 474 1532 524 nemo,
1565 477 1776 533 quaeso,
1827 465 1992 520 tidem

2131 465 2308 520 ’νῶναι
2343 463 2501 518 τοῦτο
2529 462 2730 527 ποθείς;
2763 463 2876 516 Οὐκ
2917 459 3092 526 ἔξεστί
3134 475 3215 511 σοι
3245 453 3512 528 βασιλίδος
3554 449 3687 505 θέαν

425 542 662 594 sermoni
687 542 927 610 deroget,
955 546 1170 600 etiamsi
1199 558 1397 616 prazter
1414 551 1727 621 Opinionem
1753 554 1993 620 accidat,

426 646 456 683 a
486 633 766 686 communi
801 635 1069 690 sententia
1105 637 1403 710 discrepet,
1437 652 1601 710 atque
1627 643 1882 700 diversus
1905 646 1996 700 sit.

427 723 669 786 Salvum,
711 723 932 791 fratres,
963 736 1051 782 est
1086 729 1314 794 bonum,
1345 734 1498 801 quod
1534 736 1855 803 quaerimus,
1889 736 2002 790 sal—

426 829 556 866 vum
580 822 687 872 est.
721 824 773 869 et
805 832 912 870 non
939 818 1121 886 periit.
1156 817 1269 872 lmo
1300 838 1429 877 vero
1463 825 1645 880 minus
1675 826 1810 890 dixi,
1837 842 2001 896 quam

427 907 627 961 veritas
664 907 846 962 habet.
881 908 998 963 Non
1035 915 1196 967 modo
1235 916 1377 969 enim
1412 917 1623 970 salvum
1656 918 1859 972 bonum
1894 927 2001 987 est,

427 1010 618 1048 verum
663 999 827 1051 ctiam
873 1008 958 1054 est
1001 1001 1056 1054 in
1109 1004 1550 1071 sublimioribus,
1599 1023 1766 1077 quam
1824 1010 2000 1079 prius.

428 1085 835 1157 Imperatricem
861 1093 1103 1158 quaeris?
1137 1093 1194 1148 ln
1223 1096 1426 1165 palatio
1451 1098 1792 1154 domicilium
1819 1102 2001 1158 habet.

429 1182 500 1233 At
526 1181 688 1234 oculo
727 1180 830 1235 hoc
860 1197 1198 1252 cognoscere
1230 1185 1537 1243 desideras.
1577 1189 1694 1245 Non
1732 1191 1859 1246 licet
1902 1193 2000 1248 tibi

2108 571 2260 627 περιε
2270 553 2583 624 ργάζεσθαι.
2614 552 2822 622 Φοϐερά
2843 552 2970 620 περὶ
2991 549 3158 620 αὐτὴν
3177 551 3211 618 ἡ
3244 546 3354 600 τῶν
3373 541 3689 617 δορυφόρων

2109 645 2320 714 φρουρά
2340 663 2352 675 ο
2383 645 2445 698 ού
2475 643 2677 698 τούτων
2705 643 2848 711 λέγω
2876 641 2984 694 τῶν
3009 639 3341 711 δορυφόρων,
3365 632 3447 699 οἷς
3471 633 3690 701 σίδηρος

2107 736 2167 788 τὸ
2199 735 2360 790 ὅπλον
2389 736 2555 798 ἐστὶν,
2597 735 2733 788 ἀλλὰ
2771 733 2880 786 τῶν
2907 735 2971 803 τῇ
3006 731 3232 802 φλογίνῃ
3274 726 3518 799 ῥομφαία
3559 723 3693 776 καθ·
3773 760 3778 763 -

2109 828 2488 898 ωπλισμένων,
2515 821 2589 882 ὧν
2617 828 2677 882 τὸ
2701 823 2837 891 εἶδος
2868 824 3170 897 ἀνθρώπων
3199 822 3349 891 ὃψεις
3373 819 3471 888 οὐχ
3495 815 3691 870 ὑποδέ-

2111 939 2283 992 χεται-
2327 921 2413 973 Ἐν
2455 915 2537 982 οἷς
2578 919 2908 992 ἀπορρήτοις
2937 917 3033 986 τῆς
3065 913 3336 986 βασιλείας
3369 913 3403 982 ἡ
3451 907 3687 977 οἴκησις,

2110 1013 2233 1064 τότε
2259 1011 2379 1080 ὄψει
2405 1051 2420 1075 ,
2451 1012 2579 1065 ὅταν
2619 1011 2712 1064 καὶ
2745 1012 2810 1064 σὺ
2849 1007 3135 1081 προκύψῃς
3165 1003 3260 1058 τοῦ
3305 1000 3554 1070 σώματος
3572 1013 3585 1028 ·
3623 997 3689 1048 οὗ

2111 1104 2221 1173 γὰρ
2259 1103 2406 1156 ἔστιν
2459 1103 2631 1165 ἄλλως
2680 1102 2828 1165 ἐντὸς
2859 1101 2966 1155 τῶν
3013 1097 3221 1153 ἀδύτων
3270 1095 3370 1166 τῆς
3413 1088 3690 1163 βασιλείας

2113 1194 2387 1262 γενέσθαι.
2411 1193 2483 1265 μὴ
2500 1195 2787 1265 διασχόντα
2807 1193 2869 1246 τὸ
2894 1192 2992 1262 τῆς
3023 1189 3223 1262 σαρκὸς
3253 1184 3690 1256 παραπέτασμα.

431 1288 826 1340 supervacuam
870 1289 1090 1344 operam
1143 1292 1359 1336 sumere
1391 1281 1445 1335 in
1494 1283 1620 1349 hoc,
1653 1291 1713 1337 ut
1751 1284 1998 1356 reginam
2038 1295 2277 1356 spectes.
2309 1286 2598 1343 Terribilis
2626 1289 2838 1341 circum
2858 1299 2978 1339 eam
3037 1282 3438 1350 armigerorum
3497 1283 3691 1328 custo-

430 1360 520 1415 dia
541 1370 626 1417 est
655 1382 668 1416 ε
698 1379 808 1417 non
837 1365 1061 1429 horum,
1090 1367 1338 1439 inquam,
1405 1375 1826 1444 armigerorum,
1883 1376 2082 1446 quibus
2118 1379 2296 1434 ferrea
2344 1386 2474 1434 sunt
2515 1393 2668 1433 arma
2689 1419 2704 1444 ,
2742 1378 2839 1434 sed
2869 1391 3062 1431 eorum
3099 1373 3194 1444 qui
3229 1371 3480 1424 ﬂammeo
3509 1363 3696 1435 gladio

432 1454 628 1506 arma“
656 1463 785 1509 sum
816 1473 829 1510 ε
857 1472 1089 1526 quorum
1113 1463 1354 1530 Speciem
1383 1466 1538 1522 visus
1575 1467 1859 1522 hominum
1891 1485 1999 1525 non
2041 1473 2300 1537 sustinet,
2333 1472 2389 1526 in
2416 1472 2620 1542 quibus
2656 1473 2873 1526 arcanis
2893 1468 3048 1540 regni
3103 1473 3190 1521 est
3257 1456 3694 1533 magniﬁcentia,

435 1555 566 1600 tunc
599 1547 842 1616 videbis,
884 1567 1008 1607 cum
1042 1563 1096 1608 et
1125 1557 1243 1626 ipse
1271 1574 1300 1612 e
1331 1575 1568 1630 corpore
1600 1565 1848 1620 eminens
1878 1569 2226 1637 prospexeris
2253 1588 2266 1623 :
2295 1583 2403 1624 non
2427 1569 2576 1624 enim
2649 1568 2811 1624 aliter
2878 1567 3020 1620 intra
3067 1564 3230 1634 adyta
3297 1567 3466 1629 atque
3527 1567 3698 1625 pene-

433 1639 598 1694 tralia
623 1645 772 1712 regni
800 1649 1086 1713 pervenire
1104 1649 1252 1715 licet,
1280 1651 1384 1706 nisi
1406 1655 1592 1708 carnis
1618 1656 1740 1710 velo
1764 1656 2010 1714 diducto.

506 1731 588 1784 An
641 1735 1007 1800 praestabilius
1062 1750 1223 1806 putas
1275 1757 1372 1810 per
1425 1759 1650 1799 carnem
1694 1747 1807 1802 vita
1861 1747 2002 1802 frui?
2034 1756 2075 1811 Β

435 1823 678 1879 Proinde
714 1826 909 1882 doceat
940 1837 995 1885 te
1040 1831 1262 1888 divinus
1304 1833 1621 1904 Apostolus,
1653 1839 1745 1907 qui
1774 1853 2012 1894 arcano-

435 1930 558 1967 rum
601 1916 842 1984 paradisi
893 1921 1280 1989 mysteriorum
1327 1926 1606 1997 particeps
1658 1928 1821 1984 fuit“.
1867 1928 2013 1996 Quid

437 2007 576 2062 dicit
607 2009 675 2064 de
704 2009 810 2066 hac
844 2013 999 2066 vita?
1037 2012 1268 2070 forsitan
1303 2033 1370 2072 ex
1401 2023 1682 2076 communi
1728 2022 2012 2079 hominum

437 2099 672 2169 loquens
702 2105 976 2170 persona?
1005 2104 1172 2162 Miser
1202 2126 1294 2180 ego
1323 2111 1476 2164 homo
1497 2112 1519 2165 .'
1557 2114 1674 2182 quis
1711 2131 1791 2169 me
1829 2117 2015 2186 eripiet

438 2207 504 2244 ea:
533 2193 630 2246 hoc
664 2209 884 2262 corpore
927 2199 1089 2252 morti
1129 2201 1438 2256 obnoxio”?
1475 2204 1658 2270 Quare
1697 2205 1802 2261 hoc
1837 2207 2018 2263 dicit?

439 2284 715 2349 Quoniam
749 2289 974 2355 resolvi,
1005 2299 1061 2345 et
1090 2306 1214 2347 esse
1239 2308 1366 2347 cum
1386 2294 1613 2350 Christo
1633 2296 1795 2366 longe
1825 2299 2019 2355 melius

439 2392 565 2433 esse
587 2379 802 2435 dicit”.
830 2381 968 2449 Quid
997 2383 1126 2440 item
1149 2399 1382 2456 magnus
1407 2385 1497 2441 ille
1525 2385 1717 2454 David,
1745 2388 1837 2458 qui
1867 2397 2021 2444 tanto

440 2471 756 2543 principatu
795 2474 1048 2538 florebat,
1084 2477 1179 2547 qui
1229 2479 1440 2542 omnia,
1481 2495 1604 2550 qua:
1633 2481 1912 2551 pertinent
1952 2483 2019 2538 ad

439 2564 780 2634 voluptatem
823 2566 1135 2635 fruendam,
1188 2569 1408 2626 abunde
1451 2570 1731 2639 habebat?
1762 2571 1881 2628 Non
1919 2589 2020 2628 an-

442 2655 589 2725 gitur
625 2657 775 2711 vita?
829 2672 936 2712 non
978 2659 1286 2715 custodiam
1333 2661 1582 2716 nominat
1622 2663 1766 2719 hanc
1818 2665 2024 2720 vitam?

443 2746 528 2800 An
585 2761 696 2801 non
745 2747 949 2802 clamat
991 2747 1061 2803 ad
1108 2750 1394 2806 Dominum
1437 2768 1450 2804 :
1505 2751 1658 2806 Educ
1707 2769 1736 2808 e
1777 2754 2024 2809 custodia

445 2838 684 2892 animam
703 2855 870 2892 meam
887 2842 930 2872 “
948 2841 971 2896 ?
987 2843 1068 2896 An
1083 2857 1192 2898 non
1211 2836 1576 2914 productione
1594 2846 1718 2900 vitae
1738 2854 2022 2916 gravatur,

445 2935 504 2983 et
530 2929 870 2985 offenditur?
904 2931 1023 2986 Heu
1068 2935 1222 2999 mihi,
1266 2935 1482 3000 dicens,
1511 2937 1765 3007 quoniam
1807 2937 2024 3008 inquili-

447 3031 608 3078 natu:
663 3040 809 3079 meus
848 3025 1195 3096 prolongata:
1236 3030 1417 3084 est"!
1463 3030 1548 3084 An
1599 3045 1710 3086 non
1758 3038 2026 3086 noverant

2179 1748 2252 1802 ’Ἠ
2281 1749 2523 1820 κρεῖττον
2548 1747 2649 1800 οῐει
2682 1745 2741 1799 τὸ
2774 1744 2862 1799 διὰ
2892 1742 3093 1814 σαρκὸς
3128 1739 3378 1811 μετέχειν
3408 1736 3500 1792 τοῦ
3533 1737 3694 1808 βίους

2113 1840 2323 1896 Οὐκοῦν
2369 1840 2711 1894 παιδευσάτω
2756 1855 2817 1890 σε
2856 1837 2885 1889 6
2927 1836 3069 1899 θεῖος
3131 1831 3470 1895 Ἀπόστολος,
3521 1832 3550 1884 6
3584 1829 3699 1882 τῶν

2113 1932 2367 2003 ἀρρήτων
2400 1929 2493 1983 τοῦ
2523 1927 2848 2000 παραδείσου
2883 1922 3232 1996 μετεσχηκὼς
3270 1919 3599 1992 μυστηρίων.
3630 1918 3700 1971 Τί

2114 2024 2264 2093 λέγει
2291 2023 2417 2094 περὶ
2439 2023 2536 2094 τῆς
2552 2015 2656 2076 ὧδε
2680 2021 2827 2090 ζωῆς
2847 2061 2862 2084 ,
2883 2018 3024 2088 τάχα
3053 2019 3118 2070 ὲκ
3145 2015 3240 2068 τοῦ
3271 2012 3452 2068 κοινοῦ
3470 2011 3578 2064 τῶν
3597 2012 3700 2064 ἀν-

2117 2113 2350 2186 θρώπων
2379 2113 2778 2182 φθεγγόμενος;
2809 2110 3185 2178 Ταλαιπωρος
3205 2105 3320 2175 ἐγὼ
3349 2102 3703 2171 ἄνθρωποςί

2123 2209 2220 2272 Τίς
2259 2224 2336 2277 με
2365 2208 2618 2275 ῥύσεται
2665 2204 2782 2259 ἀπὸ
2830 2201 2938 2258 τοῦ
2981 2200 3256 2269 σώματος
3299 2197 3406 2252 τοῦ
3439 2194 3703 2251 θανάτου

2119 2299 2371 2363 τούτου;
2401 2296 2501 2351 Διὰ
2530 2296 2583 2349 τί
2620 2295 2776 2349 τοῦτο
2807 2294 2988 2363 λέγει;
3026 2292 3147 2345 Ὅτι
3189 2290 3252 2343 τὸ
3288 2286 3571 2348 ἀναλῦσαι,
3603 2284 3705 2337 καὶ

2123 2390 2221 2444 σὺν
2269 2387 2488 2458 Χριστῷ
2518 2382 2674 2453 εἶναι,
2729 2384 2909 2456 πολλῷ
2957 2382 3203 2454 κρεῖττόν
3249 2395 3435 2450 φησιν.
3486 2376 3551 2429 Τί
3583 2375 3643 2427 δὲ
3673 2375 3705 2427 6

2126 2480 2298 2552 μέγας
2335 2461 2519 2542 Δάὸὶδ,
2567 2479 2596 2531 6
2623 2476 2860 2548 τοσαύτῃ
2888 2472 3178 2542 δυναστείᾳ
3222 2468 3429 2540 κομῶν,
3463 2470 3491 2521 ὁ
3523 2466 3706 2520 πάντα

2123 2571 2261 2642 πρὸς
2293 2569 2484 2641 ἡδονὴν
2524 2569 2619 2622 καὶ
2659 2567 2779 2620 κατ’
2809 2564 3051 2632 ἐξουσίαν
3085 2563 3165 2624 εἰς
3203 2560 3502 2615 ἀπόλαυσιν
3527 2557 3703 2627 ἓχων;

2124 2663 2199 2717 Οὐ
2230 2663 2642 2732 στενοχωρεῖται
2673 2659 2751 2730 τῷ
2786 2657 2918 2727 βίῳ;
2949 2657 3024 2709 Οὐ
3055 2653 3298 2724 φυλακὴν
3323 2649 3578 2721 ὀνομάζει
3604 2647 3710 2720 τὴν

2124 2746 2228 2809 ὦδε
2261 2753 2442 2824 ζωήνς
2491 2753 2566 2806 υύ
2600 2751 2699 2822 βοᾷ
2733 2749 2866 2820 πρὸς
2911 2747 3001 2801 τὸν
3047 2746 3280 2816 Κύριον·
3324 2742 3602 2811 Ἐξάγαγε
3635 2740 3709 2794 ὲκ

2124 2844 2407 2917 φυλακῆς
2433 2843 2548 2913 τὴν
2571 2842 2784 2913 ψυχήν
2807 2858 2928 2910 μου
2957 2855 2976 2903 ,°
3002 2838 3074 2892 Οὐ
3109 2837 3244 2909 πρὸς
3269 2834 3368 2906 τὴν
3397 2833 3710 2904 παράτασιν

2125 2935 2224 3006 τῆς
2253 2933 2399 3005 ζωῆς
2429 2931 2768 3004 δυσχεραίνει
2788 2972 2803 2997 ,
2831 2925 3339 2999 Οἷμοι,λέγων,ὄτι
3358 2925 3396 2991 ἡ
3426 2921 3713 2991 παροιμία

2121 3045 2242 3097 μου
2269 3025 2605 3096 ἐμακρύνθη
2624 3024 2644 3078 .'
2677 3024 2748 3078 Ἦ
2793 3022 2894 3076 οὑκ
2926 3021 3142 3093 ᾔδεισαν
3167 3019 3438 3090 διακρῖναι
3475 3017 3525 3068 oi
3563 3015 3713 3083 ἅγιοι

449 3115 628 3170 sancti
660 3114 982 3172 discernere
1009 3117 1213 3173 bonum
1243 3136 1271 3174 a
1299 3122 1444 3178 malo
1466 3159 1482 3186 ,
1511 3129 1567 3177 et
1583 3122 1800 3189 idcirco
1827 3124 2026 3178 animae

2131 3120 2188 3172 τὸ
2226 3119 2387 3172 καλὸν
2423 3121 2488 3172 ὲκ
2521 3115 2616 3172 τοῦ
2649 3116 2924 3188 χείρονος,
2974 3114 3067 3167 καὶ
3108 3113 3195 3166 διὰ
3240 3110 3401 3164 τοῦτο
3447 3124 3714 3203 προτιμο-

449 3204 905 3276 praastabiliorem
949 3222 1075 3262 esse
1119 3209 1386 3278 putabant
1431 3210 1638 3265 exitum
1677 3227 1709 3266 e
1751 3213 2029 3283 corpore?

451 3295 534 3350 Tu
565 3311 717 3363 vero,
765 3297 897 3368 quid
934 3299 1087 3364 boni,
1124 3315 1332 3370 quaeso,
1367 3302 1422 3356 in
1467 3302 1578 3356 vita
1606 3302 1803 3358 vides?
1835 3304 2030 3360 Consi-

451 3391 589 3446 dera
623 3391 825 3461 quibus
855 3391 908 3446 in
946 3392 1110 3448 rebus
1145 3394 1255 3448 vita
1291 3402 1596 3464 spectetur.
1643 3395 1762 3450 Non
1810 3395 2030 3467 profero

451 3484 555 3539 tibi
575 3499 762 3539 vocem
787 3485 1067 3556 prephette
1089 3486 1327 3543 dicentis
1353 3505 1366 3541 :
1397 3487 1584 3543 Omnis
1608 3505 1732 3544 caro
1768 3490 1946 3560 fenum
1962 3491 2027 3544 ¹³.

453 3577 630 3632 Ornat
666 3579 812 3633 enim
854 3579 947 3634 ille
990 3588 1045 3635 et
1088 3581 1345 3636 honestat
1370 3583 1544 3652 magis
1574 3597 1638 3636 ea
1663 3582 2032 3638 similitudine

453 3670 736 3726 miseriam
767 3679 978 3727 natura:
1017 3691 1030 3727 :
1068 3670 1299 3729 forsitan
1331 3674 1477 3730 enim
1520 3675 1716 3730 melius
1747 3682 1899 3731 esset
1955 3673 2032 3730 fe-

456 3776 591 3815 num
626 3777 745 3816 eam
795 3777 918 3818 esse
970 3764 1154 3833 potius
1199 3781 1363 3834 quam
1408 3766 1461 3820 id
1499 3767 1643 3835 quod
1676 3775 1781 3822 est.
1815 3765 2034 3832 Quare?

455 3854 586 3924 quia
612 3855 821 3908 nullam
853 3870 884 3908 a
910 3864 1107 3909 natura
1129 3857 1592 3925 injucunditatem
1621 3858 1805 3913 fenqu
1833 3859 2029 3926 habet;

457 3959 591 3999 caro
619 3960 750 4000 vero
782 3954 970 4000 nostra
1002 3948 1128 4002 tetri
1154 3947 1347 4003 odoris
1382 3958 1462 4004 cst
1488 3950 1729 4014 ofﬁcina,
1766 3952 2032 4022 quidquid

458 4038 738 4106 acceperit
763 4039 1166 4108 corrumpendo
1199 4041 1395 4097 inutile
1422 4043 1678 4100 reddens.
1712 4043 1869 4110 Quod
1904 4060 2035 4099 vero

460 4128 798 4197 supplicium
839 4138 922 4185 est
955 4147 1112 4201 teque
1158 4148 1346 4203 grave,
1384 4143 1547 4204 atque
1593 4137 1740 4190 omni
1791 4146 2037 4206 tempore

459 4220 773 4276 ministerio
823 4223 1029 4278 ventris
1077 4225 1376 4281 obnoxium
1423 4229 1590 4284 esse?
1641 4228 1834 4285 Videte
1888 4230 2034 4284 enim

458 4314 610 4369 hunc
631 4323 956 4384 perpetuum
993 4315 1186 4370 tributi
1216 4329 1526 4374 exactorem
1549 4359 1562 4382 ,
1608 4331 1852 4375 ventrem
1884 4319 2033 4384 dico,

459 4416 720 4477 quantam
748 4407 995 4477 quotidie
1030 4411 1417 4465 necessitatem
1462 4411 1652 4465 aﬂ'erat
1694 4411 2039 4467 exactionis?

2135 3212 2296 3284 τέραν
2326 3209 2492 3283 ᾤοντο
2527 3211 2593 3281 τῇ
2633 3209 2778 3278 ψυχῇ
2811 3207 2911 3278 τὴν
2953 3206 3061 3261 ἀπὸ
3092 3204 3185 3259 τοῦ
3218 3203 3467 3274 σώματος
3497 3200 3712 3266 ἔξοδονς

2137 3301 2209 3354 Σὺ
2236 3300 2383 3365 δὲ,τί
2415 3299 2600 3362 καλὸν,
2626 3296 2749 3350 είπέ
2777 3312 2886 3366 μοι,
2907 3294 3060 3366 παρὰ
3081 3293 3171 3347 τὸν
3200 3291 3308 3362 βίον
3336 3291 3498 3360 ὁρᾷςς
3531 3289 3717 3340 Κατα-

2137 3392 2328 3462 νόησον
2377 3393 2434 3444 ὲν
2478 3390 2619 3443 τίσιν
2664 3391 2698 3459 ἡ
2759 3387 2872 3459 ζωὴ
2937 3387 3238 3457 θεωρεῖται.
3293 3383 3366 3435 Ού
3427 3380 3570 3448 λέγω
3632 3394 3719 3431 σοι

2137 3480 2234 3552 τὴν
2277 3479 2370 3534 τοῦ
2411 3479 2689 3551 προφήτου
2736 3465 2938 3547 φωνην,
2967 3476 3048 3529 ὅτι
3073 3473 3244 3528 Πᾶσα
3276 3469 3446 3539 σὰρξ
3478 3467 3716 3536 χόρτος.

2139 3575 2400 3646 Σεμνύνει
2424 3574 2529 3644 γάρ
2553 3575 2756 3636 ἐκεῖνος
2779 3570 2974 3642 μᾶλλον
3003 3569 3081 3639 τῷ
3111 3566 3463 3634 ὑποδείγματι
3496 3561 3592 3631 τὴν
3618 3562 3720 3630 τῆς

2141 3669 2355 3738 φύσεως
2402 3666 2710 3736 ἀθλιότητα,
2761 3664 2914 3734 Τάχα
2958 3662 3067 3733 γὰρ
3111 3662 3356 3731 κρεῖττον
3404 3652 3472 3726 ἦν
3524 3655 3720 3723 χόρτον

2140 3755 2279 3813 εἶναι
2310 3757 2528 3829 μᾶλλον,
2555 3757 2588 3828 ἢ
2617 3759 2751 3827 ὅπερ
2780 3755 2915 3808 ὲστί.
2948 3754 3046 3808 Διὰ
3089 3753 3175 3818 τί;
3228 3753 3352 3804 Ὅτι
3397 3747 3655 3817 οὐδεμίαν
3690 3744 3721 3796 6

2141 3852 2331 3923 χόρτος
2372 3852 2436 3903 ἐκ
2485 3848 2697 3917 φύσεως
2751 3847 2941 3917 ἀηδίαν
2988 3845 3130 3915 ἔχει·
3181 3844 3215 3914 ἡ
3245 3843 3303 3896 δὲ
3349 3841 3486 3912 σάρξ
3538 3837 3718 3909 ἡμῶν,

2141 3945 2317 4016 ὀσμῆς
2360 3945 2505 3995 ἐστιν
2543 3941 2922 4012 ἐργαστήριον,
2973 3938 3118 3991 ἅπαν
3155 3937 3215 3989 τὸ
3255 3934 3457 4006 ληφθὲν
3490 3933 3572 3994 εἰς
3602 3930 3722 3982 δια-

2143 4037 2347 4108 φθορὰν
2396 4033 2706 4106 ἀχρειοῦσα.
2743 4033 2817 4085 T6
2869 4032 2925 4084 δὲ
2969 4029 3060 4084 τὶν
3111 4029 3324 4082 ᾶπαντα
3367 4027 3557 4098 χρόνον
3589 4025 3722 4078 ὑπο-

2143 4129 2354 4184 κεῖσθαι
2387 4132 2452 4200 τῇ
2489 4127 2589 4195 τῆς
2618 4124 2852 4196 γαστρὸς
2879 4121 3206 4192 λειτουργίᾳ,
3254 4119 3410 4183 ποίας
3455 4116 3722 4188 τιμωρίας

2143 4221 2242 4274 οὐκ
2307 4219 2453 4273 ἐστιν
2505 4217 2903 4289 ἀνιαρώτερον;
2981 4215 3169 4286 Ὀρᾶτε
3225 4212 3332 4281 γὰρ
3389 4209 3574 4263 τοῦτον
3631 4208 3720 4260 τὸν

2143 4315 2364 4384 διηνεκῆ
2406 4313 2717 4384 φορολόγον,
2751 4311 2850 4382 τὴν
2893 4309 3136 4380 γαστέρα
3164 4308 3329 4376 λέγω,
3363 4307 3494 4376 ὅσην
3527 4304 3720 4369 ἐπάγει

2146 4407 2267 4463 καθ’
2304 4406 2518 4477 ἡμέραν
2545 4405 2644 4477 τὴν
2673 4402 2916 4472 ἀνάγκην
2945 4401 3042 4469 τῆς
3081 4400 3457 4469 ἀπαιτήσεως;
3505 4389 3575 4465 ᾯ
3622 4392 3719 4445 κᾶν

458 4500 560 4553 Cui
593 4499 814 4556 etiamsi
847 4493 1144 4572 aliquando
1194 4504 1430 4572 amplius
1472 4518 1636 4572 quam
1685 4512 1952 4558 statutum
1984 4515 2026 4560 el

2142 4517 2273 4555 ποτε
2316 4497 2475 4552 πλέον
2503 4495 2597 4550 τοῦ
2646 4494 2978 4564 τεταγμένου
3007 4490 3531 4563 προκαταϐάλωμεν,
3571 4485 3721 4538 οὐδὲν

458 4592 778 4647 ordinatum
823 4593 918 4661 sit,
966 4602 1095 4649 ante
1140 4595 1590 4664 dependerimus,
1625 4596 1762 4649 nihil
1804 4595 1872 4651 de
1900 4597 2046 4652 inse-

459 4685 653 4754 quenti
692 4684 880 4740 debito
919 4693 1046 4740 ante
1081 4686 1347 4741 solvendo
1384 4686 1752 4743 deduximus:
1781 4690 2044 4759 quemad-

461 4777 683 4832 modum
709 4777 971 4832 animalia
1007 4793 1132 4848 qute
1158 4779 1212 4833 in
1253 4779 1492 4849 pistrino
1519 4781 1705 4837 labore
1736 4781 2046 4837 coniiciun-

459 4875 575 4934 tur,
603 4869 766 4924 tectis
801 4870 983 4926 oculis
1027 4871 1154 4926 vitae
1203 4874 1407 4926 molam
1459 4873 1782 4937 circuimus,
1829 4887 2047 4944 semper

461 4976 561 5030 per
588 4961 789 5017 similia
821 4963 1262 5030 obambulantes,
1297 4973 1352 5018 et
1373 4963 1441 5018 ad
1460 4965 1648 5019 eadem
1678 4973 2038 5020 revertentes.

460 5053 654 5110 Dicam
708 5055 806 5110 tibi
849 5056 998 5112 hunc
1032 5057 1297 5111 ambitum
1345 5057 1674 5112 circularcm
1715 5077 1726 5113 :
1765 5059 2041 5129 appetitus

460 5155 572 5208 est,
605 5151 857 5217 satietas,
893 5165 1145 5217 somnus,
1181 5151 1388 5222 vigilia,
1419 5153 1729 5218 evacuatio,
1763 5152 1996 5222 repletio
2027 5167 2040 5203 :

462 5257 684 5311 semper
717 5243 785 5298 ab
811 5244 920 5299 illis
949 5244 1088 5310 haec,
1127 5252 1182 5300 et
1213 5244 1284 5298 ab
1317 5245 1405 5299 his
1438 5244 1552 5306 illa.
1589 5253 1645 5299 et
1683 5260 1881 5299 rursus
1907 5244 2040 5309 haec,

465 5351 532 5390 ac
557 5351 832 5407 nunquam
862 5336 915 5390 in
943 5337 1126 5392 orbem
1153 5337 1506 5392 obambulare
1527 5338 1849 5400 desinimus,
1871 5337 2047 5392 donec

467 5437 621 5482 extra
686 5429 1065 5484 molendinum
1118 5433 1479 5488 evaserimus.
1551 5430 1722 5486 Recte
1783 5430 2046 5484 Salomon

469 5517 674 5573 dolium
724 5523 1095 5590 perforatum,
1140 5530 1195 5577 et
1243 5522 1464 5578 domum
1509 5523 1742 5577 alienam
1797 5522 2051 5575 nominat

471 5610 615 5663 hanc
651 5612 837 5666 vitam.
877 5612 1011 5668 Vcrc
1044 5615 1189 5669 enim
1223 5616 1400 5669 aliena
1448 5613 1646 5670 domus
1685 5621 1798 5678 cst,
1848 5622 1901 5667 et
1941 5627 2049 5666 non

2141 4593 2235 4644 τοῦ
2278 4589 2474 4660 ἐφεξῆς
2521 4588 2712 4659 χρέους
2764 4585 3225 4656 προεξετίσαμεν·
3274 4580 3396 4635 καθ’
3430 4579 3723 4650 ὁμοιότητα

2141 4683 2249 4736 τῶν
2282 4684 2340 4734 ὲν
2379 4681 2457 4751 τῷ
2493 4680 2696 4750 μύλωνι
2744 4676 3231 4746 ταλαιπωρούντων
3265 4672 3420 4738 ζώων
3449 4671 3728 4739 κεκαλυμ-

2147 4775 2325 4846 μένοις
2349 4777 2462 4838 τοῖς
2495 4771 2812 4841 ὀφθαλμοῖς,
2846 4770 2945 4841 τὴν
2971 4769 3065 4822 τοῦ
3089 4767 3205 4838 βίου
3237 4766 3410 4837 μύλην
3443 4761 3728 4833 περιερχόο

2147 4866 2305 4938 μεθα,
2343 4867 2430 4918 ἀεὶ
2475 4864 2562 4918 διὰ
2611 4861 2719 4916 τῶν
2766 4861 2968 4931 ὁμοίων
2999 4857 3452 4931 περιχωροῦντες,
3496 4855 3593 4906 καὶ
3639 4852 3728 4904 ἐπὶ

2147 4959 2216 5012 τὰ
2274 4957 2412 5012 αὐτὰ
2462 4956 2911 5026 ἀναστρέφοντες.
2973 4951 3126 5005 Εἴπω
3179 4967 3260 5003 σοι
3315 4947 3412 5018 τὴν
3462 4943 3728 5014 κυκλικὴν

2149 5051 2352 5121 ταύτην
2393 5048 2658 5120 περίοδον,
2687 5044 2886 5117 ὄρεξις,
2935 5044 3115 5116 κόρος,
3149 5041 3338 5104 ὕπνος,
3379 5038 3727 5109 ἐγρήγορσις.

2151 5141 2396 5204 κένωσις,
2425 5141 2722 5210 πλήρωσις.
2769 5137 2880 5190 Ἀεὶ
2902 5136 2995 5189 ἀπ’
3027 5135 3249 5189 ἐκείνων
3282 5131 3474 5195 ταῦτα,
3507 5129 3602 5182 καὶ
3625 5125 3730 5180 ἀπὸ

2151 5232 2353 5285 τούτων
2387 5231 2568 5284 ἐκεῖνα
2586 5246 2600 5259 ’
2634 5229 2728 5282 καὶ
2751 5227 2910 5281 πάλιν
2931 5225 3122 5288 ταῦτα,
3152 5223 3247 5277 καὶ
3269 5221 3523 5275 οὐδέποτε
3549 5215 3729 5284 κύκλῳ

2152 5324 2454 5396 περιιόντες
2501 5321 2807 5392 παυόμεθα,
2839 5319 2944 5384 ἕως
2983 5319 3051 5373 ἂν
3095 5317 3198 5384 ἔξω
3243 5313 3335 5368 τοῦ
3370 5311 3614 5384 μύλωνος
3645 5325 3728 5376 γε·

2157 5418 2396 5489 νώμεθα.
2441 5416 2636 5478 Καλῶς
2680 5417 2710 5469 6
2757 5413 3008 5484 Σολομὼν
3053 5411 3207 5464 πίθον
3255 5409 3587 5481 τετρημένον
3642 5404 3730 5458 καὶ

2157 5505 2303 5564 οἷκον
2347 5507 2622 5576 ἀλλότριον
2655 5505 2911 5576 ὀνομάζει
2950 5503 3040 5556 τὸν
3065 5495 3164 5554 ὧδε
3203 5500 3339 5570 βίον.
3390 5501 3598 5561 Ὄντως
3626 5495 3729 5566 γὰρ

2159 5601 2437 5672 ἀλλότριος
2464 5592 2630 5662 οἶκος,
2659 5597 2753 5650 καὶ
2785 5595 2886 5665 οὐχ
2915 5593 3206 5664 ἡμέτερος,
3233 5591 3314 5643 ὅτι
3345 5590 3444 5643 οὐκ
3484 5589 3570 5658 ἐφ’
3600 5588 3730 5658 ημῖν

542 5721 564 5753 ⁸
679 5721 807 5778 Cor.
842 5739 937 5788 xu,
970 5727 1006 5778 2
1035 5741 1157 5796 sqq.
1239 5727 1258 5758 ⁹
1282 5726 1438 5781 Rom.
1466 5741 1561 5795 vu,
1585 5727 1674 5781 25.
1758 5726 1798 5758 ¹⁰
1849 5724 2082 5794 Philipp.
2126 5737 2164 5788 ι,
2224 5716 2314 5770 25.
2398 5714 2435 5746 ¹¹
2466 5710 2611 5770 Psal.
2651 5724 2793 5778 om,
2837 5707 2890 5763 8.
2971 5709 3012 5739 ¹²
3039 5705 3185 5763 Psal.
3222 5721 3374 5762 xxrx.
3403 5705 3459 5760 5.
3548 5704 3589 5734 "
3619 5699 3721 5756 lsa.

474 5807 564 5861 XL,
600 5794 654 5845 ϋ.
