4050 6164
360 407 469 464 889

1384 407 1642 467 ORATIO
1677 409 2028 469 FUNEBRIS
2066 410 2156 465 DE
2195 360 2556 468 PLACILLA.

3508 408 3619 466 890

360 526 568 598 ἐστινῆ
607 527 695 581 ὅτε
733 525 1115 599 βουλόμεθα,ἢ
1163 530 1249 598 ἐφ’
1299 530 1426 584 ὅσον
1472 531 1841 604 ἐπιποθοῦμεν
1884 534 1943 587 ἐν

2048 539 2238 586 nostra
2259 571 2274 595 ,
2320 531 2581 601 quoniam
2629 529 2684 584 in
2715 536 2903 585 nostra
2939 534 3211 601 potestate
3234 542 3346 582 non
3376 532 3494 591 est,
3525 528 3613 582 vel

360 617 515 689 αὐτῷ
552 612 691 672 εἶναι
716 633 731 647 ⁸
776 617 912 670 ἀλλὰ
954 618 1049 672 καὶ
1078 619 1412 691 είσαγόμεθα
1439 620 1515 685 ὡς
1558 624 1661 676 οὐκ
1698 624 1942 693 οἴδαμεν,

362 712 458 766 καὶ
495 709 870 779 ἐξοικιζὸμεθα
910 710 1000 765 ὅτε
1028 711 1130 764 οὐκ
1174 712 1413 782 οἴδαμεν.
1450 712 1524 767 Τὸ
1557 713 1614 767 δὲ
1642 713 1739 769 τοῦ
1784 715 1943 770 πίθου

361 801 593 870 αενιγμα
637 801 870 871 νοήσεις,
905 800 1000 855 ἐὰν
1033 803 1112 866 είς
1144 801 1205 856 τὸ
1241 803 1563 875 ἀπλήρωτον
1608 804 1717 860 τῶν
1751 806 1944 861 ἐπιθυ-

362 888 504 961 μιῶν
545 888 879 959 ἀποϐλέψῃς.
922 889 1084 960 Ὁρᾷς
1112 889 1233 953 πῶς
1269 889 1624 944 ἐπαντλοῦσιν
1651 893 1865 957 ἑαυτοῖς
1892 892 1942 945 οί

358 980 638 1053 ἄνθρωποι
660 979 760 1044 τὰς
792 981 978 1052 τιμάς,
1007 980 1108 1044 τὰς
1137 980 1475 1049 δυναστείας,
1512 982 1610 1046 τὰς
1638 983 1818 1051 δόξας,
1848 982 1945 1039 καὶ

361 1073 542 1127 πάντα
571 1071 640 1126 τά
667 1070 925 1138 τοιαῦτας
959 1070 1073 1125 ἀλλ’
1106 1072 1336 1143 ὑπορῤεϊ
1370 1071 1432 1126 τὸ
1473 1072 1818 1144 βαλλόμενον,
1850 1075 1945 1129 καὶ

358 1162 421 1215 ού
472 1160 779 1232 παραμένει
812 1160 893 1231 τῷ
929 1160 1104 1231 ἔχοντι
1124 1176 1137 1191 ⁸
1171 1163 1205 1232 ἠ
1240 1162 1338 1233 μὲν
1362 1161 1472 1236 γάρ
1501 1163 1630 1236 περὶ
1651 1163 1749 1235 τὴν
1761 1164 1942 1233 δόξαν,

360 1250 455 1304 καὶ
495 1251 596 1321 τὴν
649 1249 968 1304 δυναστείαν
1013 1249 1108 1303 καὶ
1150 1248 1251 1315 τὴν
1281 1250 1446 1322 τιμὴν
1478 1249 1681 1323 σπουδὴ
1714 1250 1942 1306 πάντοτε

359 1342 698 1411 ἐνεργεῖται·
746 1342 776 1393 ὁ
817 1339 875 1393 δὲ
922 1340 1019 1411 τῆς
1064 1339 1360 1410 ἐπιθυμίας
1394 1340 1553 1405 πίθος
1591 1341 1742 1412 μένει
1771 1342 1944 1414 ἀπλή-

359 1450 551 1506 ρωτος.
602 1432 669 1486 Τί
713 1432 771 1487 δὲ
810 1434 843 1504 ἡ
891 1432 1330 1504 φιλοχρηματίας
1379 1435 1480 1487 οὐκ
1529 1422 1755 1504 ἀληθῶς
1787 1434 1943 1500 πίθος

356 1523 686 1593 τετρημένος
732 1522 904 1587 ἐστὶν,
953 1522 1060 1593 ὅλῳ
1103 1522 1182 1593 τῷ
1225 1523 1460 1595 πυθμένι
1505 1524 1677 1597 ῥέων,
1754 1518 1799 1594 ᾧ
1837 1525 1943 1580 κᾶν

358 1616 539 1669 πᾶσαν
569 1613 912 1688 ἐπαντλήσῃς
937 1613 1035 1687 τὴν
1057 1614 1354 1681 θάλασσαν,
1395 1615 1749 1688 πληρωθῆναι
1777 1616 1942 1686 φύσιν

358 1706 461 1761 οὐκ
487 1706 636 1778 ἐχει;

428 1972 495 2026 Τί
529 1965 621 2027 οὖν
645 1972 909 2045 λυπηρὸν,
933 1976 983 2028 εί
1010 1975 1119 2030 τῶν
1150 1975 1246 2031 τοῦ
1279 1974 1394 2047 βίου
1422 1974 1665 2048 κακῶνή
1692 1975 1941 2048 μακαρία

355 2063 712 2136 κεχώρισται,
743 2067 838 2119 καὶ
865 2065 1056 2138 ὥσπερ
1087 2067 1208 2121 τινὰ
1232 2066 1417 2138 λήμην
1446 2065 1539 2120 τὸν
1568 2065 1663 2120 τοῦ
1691 2064 1943 2136 σώματος

359 2157 531 2229 ῥύπον
563 2157 934 2224 ἀποϐαλοῦσα,
974 2159 1193 2231 καθαρᾷ
1216 2149 1299 2231 τῇ
1321 2160 1468 2231 ψυχῇ
1500 2159 1638 2232 πρὸς
1668 2158 1766 2230 τὴν
1798 2158 1940 2230 ἀκή-

358 2265 522 2320 ρατον
558 2248 705 2322 ζωὴν
744 2250 1172 2321 μετανίσταται,
1211 2252 1269 2308 ἐν
1296 2245 1332 2325 ᾗ
1361 2250 1545 2321 ἀπάτη
1580 2251 1643 2305 ού
1662 2250 1942 2304 πολιτεύε-

356 2357 477 2408 ται,
504 2341 726 2416 διαὸολὴ
745 2344 806 2398 ού
828 2342 1178 2410 πιστεύεται,
1206 2343 1466 2399 κολακεία
1490 2343 1673 2415 χώραν
1689 2343 1789 2396 ούκ
1805 2342 1940 2414 ἔχει,

354 2431 553 2502 ψεῦδος
589 2434 653 2487 οὐ
676 2435 1084 2506 καταμίγνυται
1108 2474 1124 2499 ,
1178 2435 1342 2507 ἡδονή
1383 2452 1442 2489 τε
1489 2435 1584 2488 καὶ
1630 2434 1798 2506 λύπη,
1846 2433 1942 2488 καὶ

355 2524 522 2594 φόὸος
553 2525 646 2579 καὶ
673 2526 895 2598 θάρσος,
927 2528 1023 2581 καὶ
1042 2526 1203 2580 πενία
1229 2527 1324 2581 καὶ
1348 2525 1597 2593 πλοῦτος,
1616 2508 1711 2581 καλ
1729 2526 1942 2581 δουλεία

355 2618 452 2670 καὶ
477 2616 755 2689 κυριότης,
783 2618 879 2672 καὶ
909 2619 1059 2672 πᾶσα
1087 2620 1121 2689 ἠ
1154 2619 1376 2686 τοιαύτη
1402 2616 1494 2671 τοῦ
1526 2616 1642 2688 βίου
1659 2616 1944 2690 ἀνωμαλία

355 2708 433 2772 ὡς
461 2710 799 2780 πορρωτάτω
824 2709 924 2781 τῆς
953 2709 1098 2782 ζωῆς
1126 2709 1343 2783 ἐκείνης
1367 2708 1945 2782 ἐξώρισται;Ἀπέδρα

356 2798 591 2863 ἐκεῖθεν,
621 2799 805 2863 καθώς
828 2817 995 2871 φησιν
1021 2802 1050 2854 ὁ
1082 2802 1385 2872 προφήτης,
1430 2800 1616 2871 ὀδύνη,
1649 2800 1743 2854 καὶ
1774 2798 1942 2871 λύπη,

356 2889 455 2944 καὶ
481 2891 801 2962 στεναγμός.
851 2891 999 2945 Ἀντὶ
1038 2892 1096 2946 δὲ
1132 2891 1337 2946 τούτων
1369 2895 1463 2960 τί;
1516 2891 1800 2958 Ἀπάθεια,
1836 2910 1943 2963 μα-

358 2979 639 3051 καριότης,
686 2982 859 3035 κακοῦ
906 2981 1110 3046 παντὸς
1133 2980 1510 3055 ἀλλοτρίωσις,
1541 2982 1792 3052 ἀγγέλων
1820 2984 1945 3055 ὀμι-

356 3069 470 3136 λία,
495 3070 605 3126 τῶν
633 3073 881 3145 ἀοράτων
919 3073 1142 3146 θεωρία,
1165 3073 1300 3129 Θεοῦ
1330 3075 1610 3146 μετουσία,
1638 3073 1945 3147 εὐφροσύνη

2044 621 2270 693 quando
2298 622 2571 684 volumus,
2608 622 2696 677 vel
2741 620 2987 691 quandiu
3027 619 3427 683 desideramus,
3462 617 3519 671 in
3554 633 3618 671 ea

2044 730 2169 772 esse
2201 732 2216 771 :
2249 714 2384 786 quin
2414 716 2580 769 etiam
2606 714 2890 769 nescimus
2932 709 3394 783 quemadmodum
3441 707 3621 763 intro-

2044 805 2334 870 ducamur,
2376 820 2555 876 neque
2608 803 2866 860 novimus
2914 801 3134 873 quando
3164 790 3622 871 migrarejubea-

2043 915 2190 954 mur.
2225 897 2399 953 Porro
2430 896 2564 952 (lolii
2589 896 2823 967 aenigma
2854 902 3020 965 atque
3058 892 3405 947 involucrum
3454 889 3619 943 intel-

2043 992 2219 1064 liges,
2259 990 2306 1046 si
2340 990 2407 1045 ad
2439 988 2801 1059 inexplebiles
2820 994 2876 1043 et
2908 985 3259 1041 insatiabiles
3289 980 3622 1051 cupiditates

2044 1082 2376 1154 respexeris.
2411 1077 2593 1148 Vides,
2630 1087 2691 1134 ut
2719 1077 2971 1132 homines
3016 1076 3120 1131 sibi
3178 1088 3396 1144 semper
3438 1070 3623 1126 aliun-

2042 1176 2179 1233 dant
2212 1183 2268 1232 et
2302 1180 2561 1247 aggerant
2589 1172 2864 1234 honores,
2903 1175 3223 1240 potentatus
3244 1205 3262 1231 ,
3295 1164 3504 1236 glorias
3524 1202 3540 1228 ,
3567 1171 3624 1217 et

2041 1268 2228 1324 omnia
2263 1264 2582 1338 ejusmodi?
2623 1263 2694 1317 At
2737 1260 2884 1333 quod
2927 1260 3284 1324 immittitur,
3318 1255 3525 1320 ellluit,
3565 1260 3624 1310 et

2042 1375 2153 1415 non
2181 1367 2466 1430 permanet
2491 1358 2547 1413 in
2577 1372 2643 1413 eo
2664 1370 2774 1427 quo
2817 1353 3164 1419 continetur;
3214 1366 3341 1405 nam
3378 1348 3624 1406 studium

2042 1452 2261 1521 quidem
2292 1451 2501 1522 gloriae,
2533 1453 2846 1521 potentatus
2879 1453 2937 1501 et
2966 1444 3196 1499 honoris
3225 1456 3446 1511 semper
3469 1455 3628 1497 exer-

2042 1553 2197 1600 cetur
2247 1551 2302 1597 et
2330 1542 2514 1612 viget,
2558 1540 2654 1597 sed
2696 1537 3017 1610 cupiditatis
3046 1536 3258 1592 dolium
3293 1531 3627 1602 inexplebile

2040 1641 2248 1689 manet.
2291 1631 2434 1699 Quid
2474 1634 2601 1687 item
2630 1631 2879 1702 pecuniae
2924 1625 3210 1685 studium?
3244 1625 3328 1678 An
3360 1637 3468 1677 non
3497 1634 3627 1676 vere

2040 1723 2251 1780 dolium
2296 1723 2638 1795 perforatum
2684 1731 2791 1788 est,
2823 1729 2939 1774 toto
2979 1718 3150 1773 fundo
3180 1713 3501 1789 perﬂuens?
3535 1709 3626 1766 cui

2040 1818 2088 1874 si
2120 1818 2202 1872 vel
2235 1823 2412 1871 totum
2450 1830 2603 1870 mare
2633 1813 2885 1869 aﬂundas
2908 1851 2924 1878 ,
2960 1826 3025 1868 ea
3066 1799 3265 1867 natura
3296 1816 3414 1873 est,
3444 1813 3506 1861 ut
3531 1820 3628 1861 ex-

2041 1907 2179 1980 pleri
2209 1921 2320 1961 non
2357 1906 2558 1977 possit.

2110 2000 2255 2068 Quid
2284 2001 2451 2072 igitur
2479 1998 2772 2055 molestum
2807 2003 2862 2053 et
2902 1994 3165 2051 acerbum
3206 1998 3312 2058 est,
3348 1989 3394 2046 si
3436 2005 3467 2044 a
3504 1988 3630 2043 vitae

2041 2094 2203 2149 malis
2253 2093 2415 2148 beata
2471 2090 2579 2148 ista
2633 2096 2920 2160 segregata
2977 2095 3103 2150 est,
3157 2092 3214 2140 et
3268 2082 3434 2138 veluti
3485 2081 3628 2135 lenia

2041 2183 2300 2254 quadam,
2357 2181 2609 2254 corporis
2654 2179 2915 2236 sordibus
2961 2174 3225 2246 abjectis,
3275 2186 3412 2243 pura
3443 2172 3628 2224 anima

2042 2275 2111 2330 ad
2146 2274 2512 2330 immortalem
2553 2280 2610 2328 et
2654 2272 3030 2341 incorruptam
3079 2266 3247 2321 vitam
3298 2260 3532 2318 transit?
3569 2260 3627 2315 in

2040 2384 2150 2441 qua
2199 2368 2353 2424 fraus
2401 2382 2511 2423 non
2560 2372 2850 2422 exercetur
2892 2382 2906 2418 :
2949 2359 3242 2417 calumniae
3286 2371 3398 2412 non
3451 2352 3630 2409 credi-

2042 2469 2180 2514 tur:
2215 2458 2460 2515 adulatio
2506 2458 2687 2512 locum
2732 2470 2843 2511 non
2890 2452 3091 2519 habet;
3143 2447 3490 2505 mendacium
3516 2458 3630 2500 non

2042 2550 2422 2617 immisectur;
2469 2550 2722 2619 voluptas
2765 2548 2895 2603 item
2941 2554 2996 2601 et
3041 2541 3330 2614 aegritudo,
3364 2545 3544 2594 metus
3574 2542 3633 2593 et

2043 2643 2279 2711 ﬁducia,
2311 2652 2607 2714 paupertas
2641 2648 2697 2697 et
2738 2638 2981 2706 divitiae,
3022 2636 3262 2693 servitus
3291 2641 3347 2690 et
3379 2630 3634 2690 domina-

2041 2739 2162 2806 tio,
2211 2739 2502 2808 omnisque
2550 2735 2678 2791 talis
2726 2734 2854 2790 vitae
2911 2729 3258 2800 inaequalitas
3311 2740 3475 2798 quam
3508 2723 3632 2780 lon-

2044 2826 2269 2897 gissime
2306 2825 2376 2881 ab
2409 2824 2501 2879 illa
2530 2823 2642 2878 vita
2671 2829 2885 2877 remota
2935 2829 3041 2875 est.
3095 2815 3323 2886 Aufugit
3364 2813 3535 2875 illiue,
3572 2816 3632 2864 ut

2044 2917 2225 2986 inquit
2270 2912 2622 2986 propheta“,
2670 2910 2830 2965 dolor
2873 2915 2929 2964 et
2969 2906 3242 2969 molestia,
3280 2910 3333 2959 et
3375 2901 3628 2974 gemitus.

2045 3006 2152 3063 Pro
2181 3007 2268 3062 his
2306 3020 2436 3062 vero
2469 3003 2643 3075 quid?
2690 2998 3072 3072 lmpatibilitas
3116 3004 3171 3052 et
3211 2995 3481 3050 malorum
3539 2990 3633 3044 in-

2047 3099 2575 3169 eommodorumque
2599 3096 2871 3161 vacuitas,
2895 3089 3203 3157 beatitudo,
3228 3087 3298 3143 ab
3319 3083 3467 3143 omni
3487 3082 3632 3136 malo

356 3163 513 3268 τέλος
535 3164 638 3220 οὐκ
688 3163 903 3235 ἔχουσα.
939 3160 1050 3237 ’Δρ
1082 3162 1175 3221 οὖν
1201 3165 1489 3220 λυπεῖσθαι
1523 3167 1792 3238 προσήκει
1816 3166 1946 3241 περὶ

2048 3193 2342 3258 alienatio,
2412 3190 2732 3262 angelorum
2804 3183 3192 3250 consuetudo,
3270 3174 3631 3234 invisibilium

358 3255 462 3355 τῇς
476 3254 766 3355 βασιλίδος,
790 3258 1063 3328 μαθόντας
1082 3253 1169 3312 οἷα
1189 3257 1306 3313 ἀνθ’
1322 3259 1450 3312 οἴων
1473 3258 1768 3331 ἠλλάξατος
1792 3239 1943 3313 Κατ-

2048 3239 2303 3249 κ--ν---η-
2326 3239 2342 3258 τ
2413 3239 2730 3262 ηυγ---νην
2813 3239 2884 3242 η»
2917 3239 2935 3242 ν-
2996 3239 3001 3240 κ
3176 3239 3190 3250 .

2051 3283 2475 3355 contemplatio,
2508 3283 2750 3341 societas
2780 3295 2905 3336 cum
2932 3277 3065 3342 Deo,
3100 3273 3286 3331 laetitia
3322 3271 3483 3325 finem
3516 3280 3631 3321 non

358 3347 514 3403 έλιπε
543 3348 821 3419 βασιλείαν
845 3350 1062 3423 γηῖνην,
1082 3351 1218 3406 ἀλλά
1243 3351 1342 3423 τὴν
1362 3352 1613 3423 οὐράνιον
1628 3351 1942 3407 κατέλαϐεν·

2051 3354 2291 3433 habens.
2312 3372 2571 3444 Nunquid
2597 3372 2763 3443 igitur
2795 3383 3029 3426 moerere
3051 3361 3312 3420 convenit
3345 3358 3414 3413 de
3442 3354 3633 3426 regina

359 3440 600 3496 ἀπέθετο
632 3441 722 3496 τὸν
779 3444 844 3496 ἐκ
878 3440 1041 3496 λίθων
1067 3445 1349 3512 στέφανον,
1381 3442 1517 3496 ἀλλὰ
1544 3442 1636 3497 τὸν
1666 3444 1767 3516 τῆς
1792 3444 1946 3516 δόξης

2048 3470 2274 3527 edoctus
2306 3483 2430 3538 qua;
2458 3440 2689 3536 -quibus
2733 3455 3201 3517 commutaverit?
3254 3448 3496 3520 Reliquit
3545 3462 3633 3500 re—

361 3532 727 3605 περιεθήκατο
747 3549 763 3564 ⁶
801 3534 1108 3590 ἀπεδύσατο
1156 3535 1257 3607 τὴν
1286 3537 1614 3609 πορφυρίδα,
1649 3536 1786 3591 ἀλλὰ
1807 3538 1946 3609 Χρι-

2048 3578 2215 3634 gnum
2251 3565 2535 3620 terrestre,
2565 3570 2630 3610 ac
2658 3554 2882 3609 ctelcste
2921 3556 3177 3606 assecuta
3217 3550 3302 3599 est
3332 3557 3345 3593 :
3378 3537 3633 3608 deposuit

364 3626 490 3717 στὸν
540 3627 845 3717 ἐνεδύσατο.
895 3627 1065 3682 Τοῦτό
1098 3629 1214 3682 ἐστι
1255 3629 1317 3681 τὸ
1351 3628 1624 3699 βασιλικὸν
1657 3628 1825 3692 ὅντως
1852 3628 1946 3683 καὶ

2048 3626 2311 3710 coronam
2357 3645 2633 3717 lapidibus
2668 3653 2940 3704 ornatam,
2979 3646 3036 3692 at
3085 3635 3272 3706 gloriae
3317 3640 3523 3685 corona
3572 3640 3668 3680 se.

362 3716 544 3787 τίμιον
593 3716 818 3789 ἔνδυμα.
858 3718 969 3791 Τὴν
1030 3713 1134 3774 ὧδε
1187 3720 1474 3792 πορφύραν
1524 3722 1707 3776 ἀκούω
1752 3723 1946 3793 αἵματι

2048 3713 2447 3799 circumdedit}
2473 3734 2626 3791 exuit
2653 3739 2856 3787 vestem
2881 3739 3241 3800 purpuream,
3272 3731 3326 3776 at
3349 3719 3631 3775 Christum

362 3810 553 3880 κόχλου
580 3811 722 3873 τινὸς
741 3810 1039 3876 θαλασσίας
1064 3811 1579 3884 φοινίσσεσθαι·τὴν
1594 3813 1650 3865 δὲ
1676 3812 1789 3868 ἄνω
1814 3830 1946 3884 πορ-

2048 3806 2249 3888 induit.
2279 3827 2395 3882 Hoc
2417 3832 2503 3882 est
2529 3839 2657 3881 vere
2684 3821 2895 3892 regium
2922 3833 2986 3873 ac
3012 3815 3316 3888 pretiosum
3344 3809 3637 3865 indumen-

360 3905 563 3977 φύραν,
588 3907 650 3961 τὸ
666 3905 756 3960 τοῦ
774 3904 1014 3978 Χριστοῦ
1039 3902 1181 3979 αἷμα
1201 3906 1437 3978 λάμπειν
1456 3910 1618 3962 ποιεῖ.
1649 3904 1802 3972 Εἶδες
1824 3908 1946 3961 ὅσον

2048 3932 2184 3979 tum.
2241 3919 2395 3975 Hanc
2449 3926 2726 3973 terrenam
2786 3924 3090 3982 purpuram
3147 3906 3313 3960 audio
3363 3900 3635 3972 sanguine

360 3999 423 4054 ἐν
455 3998 533 4069 τῷ
548 3998 806 4070 ἐνδύματι
842 4000 903 4052 τὸ
933 4000 1207 4072 διάφορον.
1244 4001 1431 4055 Βούλει
1463 4001 1747 4072 πεισθῆναι
1775 4001 1858 4054 ὄτι
1890 4002 1946 4053 ὲν

2049 4014 2278 4072 conchae
2304 4011 2595 4082 cujusdam
2628 4006 2855 4062 marinae
2894 4003 3208 4058 rubescere.
3261 3998 3332 4050 At
3381 4007 3634 4064 supernae

361 4090 593 4154 ἐκείνοις
617 4092 798 4158 ἐστίν;
834 4092 1133 4161 Ἀνάγνωθι
1177 4092 1239 4146 τὸ
1275 4093 1627 4160 Εύαγγέλιονο
1674 4091 1873 4156 Δεῦτε,
1895 4093 1946 4144 oi

2048 4120 2308 4179 purpura:
2330 4101 2533 4157 Christi
2559 4099 2787 4169 sanguis
2808 4093 3155 4166 splendorem
3179 4097 3233 4141 et
3248 4087 3434 4141 florem
3457 4083 3630 4138 addit.

361 4183 756 4251 εὐλογημένοι
804 4182 911 4238 τοῦ
950 4185 1181 4252 Πατρός
1226 4202 1346 4252 μου
1383 4184 1568 4254 (φησὶν
1608 4182 1779 4236 ταῦτα
1814 4182 1946 4253 πρὸς

2052 4177 2251 4251 Vidisti
2284 4202 2487 4263 quanta
2539 4192 2612 4247 sit
2650 4190 2703 4243 in
2746 4186 3067 4241 indumento
3111 4177 3418 4235 differentia
3466 4184 3632 4243 atque

362 4272 489 4335 τοὺς
508 4272 713 4338 δεξιοὺς
735 4272 763 4325 ὁ
792 4272 1027 4344 κριτὴς),
1054 4269 1551 4341 κληρονομήσατε
1576 4271 1689 4339 τὴν
1711 4271 1951 4339 ἡτοιμα-

363 4363 601 4434 σμένην
640 4364 782 4433 ὑμῖν
821 4364 1148 4429 ,ϐασιλείαν
1169 4381 1182 4393 ·
1211 4363 1310 4435 τὴν
1342 4364 1493 4433 παρά
1548 4363 1691 4428 τίνος
1720 4365 1949 4434 ἡτοιμα-

366 4456 608 4528 σμένην,
663 4458 765 4510 Ἦν
789 4458 1020 4520 ἑαυτοῖς,
1043 4455 1200 4527 φησὶ,
1239 4455 1329 4509 διὰ
1357 4455 1464 4508 τῶν
1493 4454 1670 4528 ἔργων
1695 4471 1950 4525 προητοι-

2051 4285 2394 4359 praestantia.
2443 4280 2541 4337 Vis
2589 4280 2688 4336 tibi
2737 4278 2899 4333 tidem
2947 4275 3061 4330 ﬁeri
3114 4270 3260 4343 quod
3304 4269 3415 4323 illis
3464 4266 3631 4320 rebus

2051 4356 2305 4434 fruatur?
2346 4376 2488 4446 Lege
2536 4372 2931 4442 Evangelium:
2968 4367 3188 4431 Venite,
3228 4359 3487 4416 benedicti
3519 4356 3630 4409 Pa-

2052 4473 2149 4525 tris
2180 4470 2302 4533 mei,
2334 4469 2515 4537 inquit
2557 4466 2696 4537 (haec
2733 4464 2800 4517 ad
2832 4463 3090 4518 dexteros
3116 4454 3343 4521 Judex),
3370 4447 3631 4521 possidete

369 4548 601 4619 μάσατε.
646 4547 807 4615 Πῶς;
860 4549 1159 4611 Ἐπεινων,
1214 4546 1460 4616 ἐδίψων,
1533 4546 1706 4612 ξένος
1760 4545 1945 4614 ἤμην,

656 4640 868 4660 sum“.
964 4637 1283 4660 ,ωηηωητ
1320 4636 1946 4660 .n._.g_---l__--z___-

2052 4572 2305 4634 paratum
2344 4560 2490 4617 vobis
2540 4575 2756 4629 regnum
2784 4556 2849 4607 ¹⁵.
2895 4551 3050 4620 Quod
3101 4564 3132 4602 a
3180 4561 3291 4615 quo
3335 4541 3634 4613 paratum?

2061 4654 2090 4660 η
2196 4652 2208 4660 .
2320 4650 2368 4660 ..
2435 4650 2446 4660 .
2524 4649 2536 4660 .
2596 4650 2606 4660 .
2734 4648 2766 4660 ,.
2858 4657 2935 4660 ,__
2989 4652 3143 4660 ,μη
3197 4631 3604 4660 ,ηψηηηεοηρ

365 4639 617 4711 γυμνὸς,
644 4640 928 4707 ἀσθενὴς,
954 4640 1023 4694 ἐν
1036 4637 1301 4709 φυλακῇ.
1320 4639 1445 4707 Ἐφ’
1457 4637 1608 4692 ὅσον
1627 4636 1946 4704 ἐποιήσατε

2052 4628 2211 4719 Quod
2246 4650 2404 4706 vobis
2435 4649 2562 4718 ipsi,
2596 4628 2796 4717 inquit,
2841 4657 2937 4713 per
2982 4652 3148 4708 opera
3197 4631 3627 4704 pratparavistis.
3717 4628 3720 4631 λ

366 4730 461 4787 ἐνί
480 4732 707 4786 τούτων
724 4731 843 4785 τῶν
867 4732 1227 4799 ἐλαχίστων,
1248 4729 1377 4801 ἐμοὶ
1400 4727 1742 4795 ἐποιήσατε.
1772 4729 1834 4782 Εἰ
1857 4723 1946 4781 οὖν

2055 4740 2380 4807 Quomodo?
2420 4735 2770 4797 Esuricbam,
2806 4728 3082 4790 sitiebant,
3116 4723 3421 4794 peregrinus
3461 4733 3629 4782 eram,

365 4827 404 4897 ἡ
427 4826 557 4897 περὶ
576 4824 747 4879 ταῦτα
774 4824 977 4893 σπουδὴ
1001 4823 1275 4892 βασιλείας
1310 4823 1570 4893 πρόξενος
1590 4820 1817 4890 γίνεται,
1837 4821 1946 4891 ἀρι-

2057 4833 2254 4897 nudus,
2282 4832 2552 4900 inﬁrmus,
2600 4828 2655 4880 in
2696 4838 2927 4878 carcere.
2969 4819 3243 4886 Quatenus
3292 4811 3493 4883 fecistis
3539 4807 3633 4861 uni

316 4974 322 4982 ,
371 4915 640 4989 θμήσατε,
668 4918 825 4987 εἴπερ
852 4915 1073 4969 δυνατόν
1105 4917 1251 4970 ἐστιν
1273 4913 1776 4987 ἐξαριθμήσασθαι,
1798 4912 1946 4966 πόσοι

2057 4927 2123 4981 de
2155 4925 2236 4980 his
2292 4920 2552 4982 minimis,
2606 4917 2735 4972 mihi
2776 4914 3000 4985 fecistis.
3042 4909 3101 4965 Si
3151 4906 3317 4978 igitur
3365 4898 3633 4972 ejusmodi

370 5011 485 5074 τοῖς
522 5009 782 5079 ἐνδύμασι
834 5010 948 5073 τοῖς
991 5008 1120 5079 παρ’
1161 5009 1326 5079 αὐτῆς
1359 5006 1767 5073 ἐσκεπάθησανι
1795 5005 1946 5060 πόσοι

2060 5031 2249 5074 rerum
2285 5012 2533 5069 studium
2580 5007 2734 5079 regni
2771 5001 3101 5062 conciliandi
3139 5001 3246 5053 vim
3284 4995 3449 5050 habet
3481 5011 3495 5047 :
3530 5006 3635 5044 nuo

370 5104 442 5174 τῇ
502 5102 714 5176 μεγάλῃ
758 5102 940 5172 ἐκείνῃ
1002 5100 1152 5170 δεξιᾷ
1213 5101 1604 5172 διετράφησανί
1654 5100 1809 5153 πόσοι
1849 5098 1946 5152 τῶι

2057 5115 2287 5169 merate,
2326 5102 2373 5158 si
2403 5099 2568 5155 modo
2596 5094 2911 5155 enumerari
2939 5098 3192 5165 possunt,
3225 5094 3358 5156 quot
3383 5082 3635 5137 homines

372 5192 782 5248 κατακλείστων
806 5193 909 5247 ούκ
932 5190 1273 5260 ἐπισκέψεως
1309 5191 1486 5260 μόνον,
1516 5190 1652 5245 ἀλλά
1695 5191 1790 5244 καὶ
1819 5206 1960 5243 παν-

371 5285 564 5348 τελοῦς
617 5284 862 5354 ἀφέσεως
895 5282 1238 5354 ὴξιὼθησανί
1281 5283 1345 5336 El
1377 5283 1434 5336 δὲ
1474 5284 1535 5337 τδ
1564 5281 1962 5353 ἐπισκέψασθαι

370 5376 467 5434 τδν
484 5376 869 5431 κατάκλειστον
914 5374 1166 5447 προξενεῖ
1187 5373 1463 5445 βασιλείαν
1483 5391 1497 5403 ’
1519 5374 1581 5427 τὸ
1601 5373 1962 5446 ἐλευθερῶσαι

372 5467 476 5538 τῆς
506 5456 778 5536 τιμωρίας
800 5465 1001 5537 δηλαδὴ
1026 5464 1271 5528 πλείονος
1306 5463 1472 5533 τιμῆς
1507 5463 1680 5530 ἀξιον,
1716 5464 1875 5535 εἴπερ
1906 5480 1960 5516 τι

378 5559 659 5633 βασιλείας
714 5560 860 5612 ἐστὶν
911 5558 1202 5631 ἀνώτερον.
1251 5557 1391 5610 Ἀλλ’
1433 5556 1495 5610 ού
1552 5557 1714 5629 μέχρι
1751 5556 1959 5611 τούτων

377 5651 528 5708 ἐστὶν
554 5649 767 5719 ἐκείνης
785 5651 814 5704 ὁ
838 5649 1068 5717 ἔπαινος.
1088 5651 1432 5725 Παρέρχεται
1448 5648 1556 5721 γάρ
1571 5650 1665 5705 καὶ
1691 5648 1762 5703 τὰ
1789 5665 1959 5722 προσ-

454 5838 499 5871 ίδ
538 5832 644 5890 lsa.
680 5849 853 5898 xxxv,
894 5830 980 5887 l0.
1060 5832 1100 5864 ¹⁸
1141 5830 1333 5887 Matth.
1368 5844 1505 5899 xxv,
1538 5827 1608 5886 ’54
1647 5845 1770 5902 sqq.

2061 5192 2400 5252 indumentis
2430 5191 2499 5245 ab
2523 5190 2615 5245 illa
2649 5186 3012 5258 suppeditatis
3038 5179 3280 5250 cooperti
3312 5177 3425 5233 sint
3451 5189 3466 5239 ;
3503 5178 3636 5241 quot

2061 5301 2092 5341 a
2122 5300 2316 5354 magna
2354 5282 2447 5336 illa
2492 5281 2684 5336 dextra
2718 5279 2974 5332 alimenta
3017 5270 3365 5341 acceperint;
3409 5272 3545 5336 quot
3580 5262 3635 5316 in

2061 5390 2338 5434 carcerem
2367 5371 2615 5428 conclusi
2653 5385 2764 5424 non
2802 5365 2965 5421 modo
2999 5365 3069 5420 ab
3096 5378 3160 5418 ea
3184 5359 3412 5421 visitati,
3442 5367 3633 5410 verum

2067 5465 2232 5521 etiam
2283 5463 2507 5535 penitus
2552 5456 2930 5514 dimissionem
2978 5448 3217 5507 assecuti
3274 5444 3424 5502 sint!
3477 5437 3635 5508 Quod

2066 5557 2115 5614 si
2146 5556 2371 5612 visitare
2398 5553 2745 5617 conclusum,
2785 5559 3014 5617 regnum
3058 5538 3361 5597 conciliat:
3400 5534 3639 5589 liberare

2063 5664 2225 5722 pana
2247 5647 2505 5705 nimirum
2531 5641 2726 5718 majori
2754 5637 2980 5715 praemio
3011 5634 3235 5708 dignum
3266 5635 3376 5700 est,
3406 5627 3453 5683 si
3476 5623 3639 5680 modo
