4050 6164
519 429 616 488 891

1747 426 1804 482 S.
1830 423 2152 481 GREGORII
2191 423 2484 478 NYSSENI'

3659 420 3750 475 89‘!

517 544 718 616 aliquid
745 557 911 610 regno
930 542 1279 612 przestantius
1300 549 1353 596 et
1375 541 1731 599 excellentius
1747 550 1851 598 est.
1879 541 2061 597 Veruu

2182 542 2484 611 τεταγμένα
2515 543 2625 604 τοῖς
2647 537 3091 611 κατορθώμασιν.
3141 537 3302 592 Πόσοι
3325 536 3388 590 δι’
3428 535 3644 606 ἐκείνην
3663 534 3750 603 τὴν

516 650 624 687 non
653 632 741 685 hic
767 632 1023 686 consistit
1052 632 1198 687 illius
1233 633 1372 686 laus.
1397 631 1530 684 Nam
1560 633 1725 686 etiam
1762 634 1900 686 ultra
1928 650 2082 688 man-

512 723 640 776 data
675 733 820 776 recte
863 721 1019 776 factis
1063 722 1442 792 progreditur,
1488 732 1623 792 quot
1668 734 1889 792 propter
1932 724 2078 778 illam

509 814 936 867 resurrectionis
986 815 1215 884 gratiam
1270 815 1323 867 iu
1386 829 1508 868 sese
1560 814 1944 883 agnoverunt?
1983 813 2078 884 qui

508 903 722 972 legibus
775 905 1018 970 mortui,
1077 913 1130 956 et
1182 903 1375 972 capitis
1416 902 1700 966 damnati,
1747 919 1942 959 rursus
1983 919 2080 974 per

507 1005 627 1043 eam
672 991 737 1044 ad
793 993 960 1044 vitam
1012 993 1250 1044 revocati
1308 991 1474 1043 sunt?
1527 992 1582 1044 In
1635 992 1811 1058 oculis
1861 999 1946 1046 est
1993 991 2077 1044 di-

505 1088 718 1134 ctorum
755 1083 1149 1135 testimonium.
1181 1080 1378 1136 Vidisti
1409 1082 1561 1150 juxta
1588 1083 1776 1144 altare,
1805 1083 1896 1151 qui
1930 1082 2077 1135 salu-

504 1181 615 1226 tem
642 1175 1050 1243 desperaverat,
1087 1174 1578 1242 adolescentulum.
1609 1171 1813 1227 Vidisti
1851 1175 2082 1228 mulier-

504 1265 684 1319 eulam
730 1266 800 1317 ob
840 1265 1243 1318 damnationem
1299 1265 1482 1319 fratris
1523 1266 1926 1319 lamentantem.
1959 1265 2073 1318 Au-

503 1354 690 1408 divisti
720 1370 784 1406 ex
823 1369 908 1417 eo,
947 1355 1038 1423 qui
1085 1357 1223 1409 bona
1255 1355 1513 1410 Ecclesiae
1548 1355 1899 1424 praedicabat,
1927 1363 1985 1408 ut
2015 1355 2072 1409 in

499 1447 820 1500 memoriam
873 1449 1072 1516 regina:
1125 1448 1298 1502 tristis
1348 1449 1622 1501 sententia
1676 1448 1956 1501 mortifera
2014 1447 2070 1500 in

497 1537 664 1589 vitam
690 1537 932 1589 resoluta
970 1525 1064 1592 sit.
1097 1537 1178 1590 An
1211 1539 1374 1591 etiam
1407 1537 1519 1592 haec
1549 1538 1705 1593 sola?
1732 1536 1911 1590 Animi
1938 1551 2074 1590 vero

497 1625 888 1681 demissionem
936 1627 1026 1680 ubi
1089 1627 1520 1682 collocabimus?
1563 1626 1734 1692 Quam
1784 1626 2068 1694 Scriptura

496 1718 719 1789 praefert
737 1720 884 1773 omni
915 1720 1181 1789 praeclaro
1205 1729 1370 1790 atque
1396 1736 1521 1775 cum
1552 1721 1752 1774 virtute
1771 1720 2070 1788 conjuncto

496 1808 773 1862 facinori?
825 1808 958 1874 Quae
1011 1825 1135 1864 cum
1188 1817 1399 1864 tantum
1444 1810 1733 1880 imperium
1783 1825 1890 1863 una
1939 1825 2064 1865 cum

493 1916 694 1971 magno
721 1901 1051 1970 imperatore
1077 1902 1454 1956 moderaretur
1475 1944 1490 1968 ,
1521 1903 1669 1957 omni
1702 1911 1982 1974 potentatu
2009 1919 2070 1958 se

493 1993 890 2060 submittente,
937 2003 1016 2048 tot
1064 1997 1320 2064 gentibus
1364 1996 1600 2052 subditis
1639 2008 1693 2052 et
1740 1998 2067 2066 tributariis,

491 2100 618 2140 cum
648 2095 790 2138 terra
820 2087 1024 2154 pariter
1048 2102 1111 2139 ac
1142 2103 1290 2141 mare
1333 2087 1448 2144 suis
1499 2097 1730 2159 utraque
1763 2089 1940 2157 copiis
1972 2088 2070 2142 sti-

490 2185 685 2245 parent
714 2191 833 2229 eam
863 2185 1028 2246 atque
1060 2176 1308 2232 foverent
1342 2195 1354 2230 :
1388 2180 1661 2249 superbiae
1682 2179 1972 2234 adversum
2009 2194 2070 2235 se

490 2265 699 2320 aditum
732 2283 841 2320 non
861 2267 1032 2331 dedit,
1063 2284 1277 2338 semper
1305 2267 1373 2323 ad
1399 2272 1658 2339 seipsam,
1683 2285 1790 2324 non
1824 2269 1888 2323 ad
1921 2271 2064 2324 bona

2182 631 2281 701 τῆς
2309 631 2656 694 ἀναστάσεως
2676 631 2836 702 χάριν
2863 632 2946 700 ἐφ’
2986 628 3194 683 ἑαυτῶν
3221 627 3544 698 ἐγνώρισαν,
3573 627 3626 680 οἳ
3646 631 3750 690 τοῖς

2182 724 2365 793 νόμοις
2395 722 2776 786 ἀποθανόντες,
2805 723 2898 775 καὶ
2924 724 3023 793 τὴν
3051 723 3147 775 ἐπὶ
3163 721 3377 791 θανάτῳ
3403 720 3582 788 ψῆφον
3608 717 3757 782 δεξάο

2184 831 2352 884 μενοι,
2385 815 2545 868 πάλιν
2582 814 2647 866 δι’
2682 815 2852 884 αὐτῆς
2903 815 2983 877 είς
3015 813 3112 883 τὴν
3153 812 3297 882 ζωὴν
3334 810 3738 879 ἀνεκλήθησανί

2192 906 2278 958 Ἐν
2293 906 2611 977 ὀφθαλμοῖς,
2631 906 2737 958 τῶν
2755 905 3059 976 εἰρημένων
3077 907 3108 974 ἡ
3130 904 3420 976 μαρτυρία.
3441 899 3592 965 Εἶδες
3612 904 3748 970 παρά

2177 998 2237 1051 τὸ
2270 998 2653 1069 θυσιαστήριον
2686 998 2988 1065 ἀπογνόντα
3013 995 3109 1066 τὴν
3142 997 3413 1066 σωτηρίαν
3450 995 3744 1063 μειράκιον.

2177 1085 2328 1154 Εἶδες
2365 1090 2584 1158 γύναιον
2637 1089 2730 1142 ἐπὶ
2777 1088 3100 1155 κατακρίσει
3141 1087 3367 1154 ἀδελφοῦ
3412 1085 3742 1155 ὀδυρόμενον,

2175 1179 2269 1232 τοῦ
2299 1181 2365 1232 τὰ
2413 1181 2592 1249 ἀγαθὰ
2640 1183 2706 1250 τῇ
2749 1179 3048 1250 Ἐκκλησία
3094 1178 3477 1248 κηρύσσοντος,
3517 1177 3659 1237 ὅπως
3685 1179 3742 1244 τῇ

2177 1273 2363 1344 μνήμῃ
2389 1273 2483 1341 τῆς
2513 1272 2780 1342 βασιλίδος
2811 1273 2844 1342 η
2881 1269 3176 1340 σκυθρωπὴ
3205 1268 3296 1320 τοῦ
3325 1267 3553 1320 θανάτου
3578 1267 3745 1334 ψῆφος

2173 1365 2252 1424 είς
2300 1364 2444 1433 ζωὴν
2492 1363 2805 1416 ἀναλύεται.
2836 1358 2982 1432 *Αρα
3017 1362 3110 1413 καὶ
3145 1361 3303 1430 μόνον
3331 1357 3535 1422 ταύτας
3569 1358 3664 1425 τὴν
3692 1356 3746 1408 δὲ

2170 1455 2673 1527 ταπεινοφροσύνην
2716 1455 2819 1508 ποῦ
2849 1454 3086 1524 θήσομεν
3108 1497 3121 1518 ,
3172 1454 3237 1523 ἣν
3293 1451 3686 1521 προτιμοτέραν
3715 1451 3746 1518 ἡ

2171 1548 2359 1619 Γραφὴ
2394 1551 2626 1601 ποιεῖται
2656 1547 2855 1610 παντὸς
2879 1547 2972 1598 τοῦ
3018 1547 3138 1599 κατ’
3165 1543 3365 1615 ἀρετὴν
3397 1541 3746 1611 κατορθώμαο

2168 1655 2288 1704 τοςς
2345 1638 2504 1700 ’Ἦτις
2549 1635 2937 1707 συνηνιοχοῦσα
2988 1634 3066 1705 τῶ
3125 1634 3348 1703 μεγάλῳ
3391 1632 3602 1702 βασιλεῖ
3655 1631 3748 1700 τὴν

2167 1727 2434 1798 τοσαύτην
2476 1729 2670 1799 ἀρχὴν,
2715 1729 2894 1796 πάσης
2949 1726 3266 1786 δυναστείας
3314 1721 3747 1790 summo-3:13;,

2168 1819 2422 1871 τοιούτων
2453 1819 2622 1870 ἐθνῶν
2659 1816 3087 1877 ὑποτελούντων,
3121 1815 3227 1884 γῆς
3264 1831 3324 1866 τε
3361 1816 3454 1866 καὶ
3485 1812 3758 1881 θαλάττης.

2168 1910 2232 1961 ἐκ
2261 1908 2368 1961 τῶν
2396 1908 2610 1961 οἰκείων
2667 1907 2931 1977 ἑκατέρας
2990 1902 3417 1975 δορυφορούσης,
3452 1903 3551 1954 οὐκ
3587 1901 3747 1953 ἔδωκε

2167 1997 2289 2051 καθ’
2323 1997 2519 2067 ἑαυτῆς
2557 1995 2633 2065 τῷ
2682 1995 2835 2064 τύφῳ
2873 1995 2958 2046 ἀεὶ
3005 1993 3139 2060 πρὸς
3177 1991 3398 2059 ἑαυτὴν,
3440 1990 3539 2040 οὐκ
3575 1989 3652 2048 είς
3683 1989 3748 2038 τὰ

2165 2085 2269 2151 ἔξω
2303 2086 2500 2156 έαυτῆς
2531 2084 2932 2138 ἀποϐλέπουσα·
2973 2085 3062 2136 διὰ
3088 2081 3248 2135 τοῦτο
3279 2080 3372 2133 τοῦ
3403 2077 3748 2150 μακαρισμοῦ

2163 2178 2373 2245 γίνεται
2401 2176 2754 2247 κληρονόμος,
2784 2175 2870 2228 διὰ
2901 2176 3000 2246 τῆς
3027 2173 3365 2246 προσκαίρου
3393 2186 3751 2238 ταπεινοφρο-

2165 2271 2329 2340 σύνης
2351 2269 2410 2322 τὸ
2447 2267 2699 2339 ἀληθινὸν
2728 2268 2860 2336 ὕψος
2885 2265 3364 2338 ὲμπορευσαμένη.

487 2375 589 2416 sua
625 2371 850 2417 externa
887 2364 1209 2433 respiciens,
1240 2373 1526 2435 propterea
1568 2364 1922 2422 beatitudinis
1966 2366 2140 2422 haeres
2185 2366 2423 2432 exsistit,
2472 2379 2572 2434 pro
2620 2363 2952 2433 temporaria
2998 2362 3166 2415 animi
3215 2359 3549 2416 demissione
3588 2367 3750 2428 atque

485 2453 802 2511 humilitate
843 2473 970 2512 vera
1014 2459 1339 2514 celsitudine
1368 2460 1620 2530 quaesita.

560 2548 744 2604 Dicam
769 2553 930 2606 etiam
951 2553 1171 2622 aliquod
1199 2555 1470 2609 maritalis
1491 2554 1698 2609 amoris
1721 2554 1982 2610 indicium
2009 2563 2064 2609 et

485 2653 888 2712 argumentum.
933 2643 1232 2713 Oportebat
1273 2646 1519 2708 omnino,
1568 2646 1750 2700 soluto
1790 2646 2062 2715 corporali

483 2733 761 2804 conjugio,
801 2736 964 2789 etiam
1007 2737 1244 2806 pretiosa
1296 2737 1437 2791 bona
1487 2738 1689 2807 quibus
1727 2737 2062 2804 abundabat,

481 2825 672 2879 venire
701 2825 756 2878 in
778 2825 1121 2882 divisionem.
1151 2828 1437 2893 Quomodo
1463 2830 1628 2898 igitur
1656 2829 1783 2884 fecit
1807 2829 2065 2884 distribu-

482 2914 734 2968 tionem?
762 2914 896 2970 Cum
927 2924 1040 2973 tres
1067 2928 1251 2974 essent
1280 2919 1437 2974 liberi
1464 2921 1601 2990 (haec
1625 2920 1770 2974 enim
1797 2921 2064 2976 bonorum

481 3004 662 3073 capita
699 3007 849 3076 sunt)
895 3008 988 3078 qui
1029 3008 1204 3064 virilis
1239 3025 1407 3066 sexus
1437 3020 1642 3076 essent,
1684 3013 1827 3083 apud
1853 3023 2063 3083 patrem

481 3096 725 3168 reliquit,
767 3102 859 3167 qui
907 3116 1075 3170 regno
1110 3101 1232 3171 ejus
1271 3103 1526 3173 praesidio
1555 3114 1742 3162 essent
1771 3125 1785 3162 :
1811 3109 1878 3163 ad
1904 3125 2061 3164 suam

480 3202 611 3241 vero
663 3198 876 3258 partem
929 3192 1102 3246 solam
1152 3193 1316 3247 ﬁliam
1367 3194 1643 3263 pertinere
1699 3197 2056 3254 existimavit.

2233 2548 2387 2604 Εἴπω
2433 2567 2487 2603 τι
2542 2550 2639 2604 καὶ
2692 2549 2793 2619 τῆς
2841 2547 3156 2620 φιλανδρίας
3212 2549 3533 2619 τεκμήριον·
3603 2547 3760 2600 Ἔδει·

2163 2643 2412 2708 πάντως,
2452 2641 2821 2714 διαλυομένης·
2856 2641 2956 2711 τῆς
2983 2641 3301 2710 σωματικῆς
3331 2639 3613 2708 συζυγίας,
3659 2641 3757 2693 καῖ

2161 2733 2234 2786 τά
2271 2733 2433 2804 τίμια
2473 2733 2580 2787 τῶν
2621 2734 2934 2805 προσόντων
2983 2731 3156 2800 αὐτῆς
3197 2731 3413 2800 ἀγαθῶν
3457 2731 3632 2784 ἐλθεῖν
3671 2733 3752 2796 είς

2163 2823 2444 2896 διαίρεσιν.
2485 2823 2608 2888 Πῶς
2636 2819 2729 2878 οὖν
2775 2824 3069 2893 ἐποιήσατο
3105 2822 3204 2894 τὴν
3239 2823 3534 2894 διανομήνς
3571 2821 3752 2891 Τριῶν

2165 2914 2336 2968 ὄντων
2382 2915 2591 2968 τέκνων
2649 2915 2842 2986 (ταῦτα
2889 2914 2999 2986 γὰρ
3052 2914 3162 2968 τῶν
3199 2913 3419 2982 ἀγαθῶν
3466 2913 3535 2966 τά
3581 2916 3754 2982 κεφά-

2165 3005 2336 3077 λαια),
2377 3008 2504 3071 τοὺς
2538 3006 2773 3080 ἄρρενας
2801 3007 2878 3078 τῷ
2909 3007 3077 3080 πατρί⁸
3107 3006 3558 3080 προσκατέλιπεν,
3604 3005 3752 3060 ὥστε

2163 3095 2302 3152 εἶναι
2346 3097 2511 3153 αὑτοῦ
2555 3099 2660 3170 τῆς,
2700 3097 2979 3168 βασιλείας
3012 3098 3332 3169 ἐρείσματαο
3373 3095 3470 3167 τῆς
3510 3096 3569 3152 δὲ
3612 3097 3753 3159 ἰδίας

2165 3189 2381 3262 μερίδος
2435 3191 2604 3262 μόνην
2645 3189 2743 3261 τὴν
2790 3190 3062 3262 θυγατέρα
3108 3189 3533 3258 ἀποπεποίηται.
3585 3188 3752 3260 Ὁρᾷς

480 3273 648 3334 Vides
683 3289 890 3348 quanto
918 3283 1158 3339 candore
1187 3295 1350 3354 atque
1377 3285 1634 3356 aaquitate
1655 3289 1822 3342 animi
1848 3291 2058 3360 pariter

2162 3283 2279 3347 πῶς
2317 3282 2616 3354 εὐγνώμων
2661 3301 2720 3335 τε
2752 3282 2847 3335 καὶ
2889 3282 3262 3353 φιλόστοργος,
3297 3282 3356 3334 ὲν
3397 3283 3506 3344 τοῖς
3545 3281 3752 3350 τιμίοις

480 3383 545 3422 ac
573 3370 908 3442 indulgentia
939 3375 1009 3430 sit
1043 3390 1164 3442 usa,
1197 3390 1319 3446 quae
1351 3377 1404 3430 in
1451 3379 1617 3434 rebus
1646 3378 1906 3448 pretiosis
1939 3395 2056 3434 ma-

475 3461 648 3532 jorem
701 3471 909 3532 partem
967 3465 1088 3520 viro
1135 3467 1524 3522 concesserit?
1567 3467 1836 3524 Caeterum
1908 3469 2056 3540 quod

476 3552 714 3609 maxime
746 3570 774 3608 a
808 3554 971 3611 nobis
1004 3555 1114 3610 dici
1147 3565 1390 3627 oportet,
1450 3557 1542 3613 ubi
1595 3559 1876 3630 adjecero,
1933 3577 2055 3617 ser-

475 3647 622 3699 moni
656 3645 818 3700 ﬁnem
866 3649 1167 3718 imponam.
1202 3647 1635 3704 Simulacrorum
1671 3649 1859 3704 odium
1909 3665 2056 3705 com-

475 3749 640 3791 mune
692 3745 777 3792 est
824 3738 1068 3792 omnium
1129 3738 1224 3808 qui
1258 3738 1382 3794 ﬁdei
1418 3739 1712 3808 participes
1748 3746 1878 3796 sunt
1906 3758 1927 3795 τ·
1956 3739 2054 3796 sed

473 3825 596 3894 ejus
622 3828 956 3898 praecipuum
979 3867 993 3892 ,
1023 3828 1171 3898 quod
1202 3828 1464 3882 Arianam
1492 3829 1868 3886 inﬁdelitatem
1896 3831 2054 3885 simi-

474 3921 600 3975 liter
651 3930 816 3990 atque
863 3923 1286 3976 simulacrorum
1344 3923 1552 3977 cultum
1611 3923 2050 3979 abominabatur.

473 4011 608 4064 Nam
649 4027 786 4076 eos,
830 4015 920 4082 qui
973 4014 1025 4067 in
1079 4022 1330 4069 creatura
1379 4031 1583 4072 numen
1631 4016 1878 4071 divinum
1929 4032 2053 4073 esse

471 4104 874 4168 existimarent,
906 4106 1079 4160 nihilo
1114 4107 1325 4162 minora
1365 4108 1547 4164 colere
1581 4119 1744 4180 atque
1796 4112 2050 4167 venerari

471 4196 720 4265 putabat,
751 4212 913 4266 quam
945 4199 1038 4268 qui
1068 4216 1133 4253 ex
1165 4202 1393 4257 materia
1425 4201 1725 4258 simulacra
1763 4203 2047 4260 efﬁciunt:

468 4303 536 4342 ac
566 4295 712 4344 recte
739 4297 791 4344 et
819 4291 905 4359 pie
957 4291 1030 4344 ita
1057 4293 1360 4360 judicabat.
1413 4293 1546 4348 Nam
1590 4297 1684 4365 qui
1738 4305 2048 4352 creaturam

467 4379 683 4443 adorat,
719 4382 936 4436 etiamsi
975 4383 1027 4436 in
1055 4383 1274 4438 nomine
1298 4384 1500 4440 Christi
1528 4387 1580 4440 id
1626 4386 1776 4450 facit,
1823 4388 2049 4443 simula-

466 4487 690 4527 crorum
722 4475 902 4528 cultor
941 4483 1045 4539 est,
1081 4474 1280 4528 Christi
1317 4492 1514 4530 nomen
1545 4477 1844 4532 simulacro
1874 4478 2048 4548 impo-

466 4579 627 4618 nens.
661 4563 894 4628 Idcirco,
941 4582 1064 4620 cum
1109 4566 1398 4621 didicisset
1453 4567 1599 4637 quod
1633 4582 1742 4621 non
1775 4569 1847 4622 sit
1899 4568 2044 4624 Deus

2156 3375 2218 3427 τὸ
2255 3375 2418 3429 πλέον
2455 3375 2533 3446 τῷ
2577 3375 2733 3447 ἀνδρὶ
2781 3376 3230 3446 συγχωρήσασας
3277 3374 3415 3427 Ἀλλ’
3449 3373 3478 3426 δ
3509 3374 3750 3444 μάλιστα

2157 3466 2289 3538 παρ’
2321 3465 2478 3537 ἡμῶν
2509 3465 2760 3535 λέγεσθαι
2785 3466 2913 3537 χρὴ,
2935 3464 3096 3518 τοῦτο
3130 3465 3386 3536 προσθεὶς
3407 3465 3750 3520 καταπαύσω

2154 3558 2246 3612 τὸν
2271 3559 2428 3628 λόγον
2453 3575 2466 3588 ·
2488 3559 2561 3612 Τὸ
2598 3559 2705 3612 τῶν
2739 3558 2972 3612 εἰδώλων
3013 3561 3168 3628 μῖσος
3187 3557 3363 3611 κοινὸν
3386 3558 3602 3610 πάντων
3629 3557 3749 3610 ἐστὶ

2153 3651 2262 3706 τῶν
2307 3651 2641 3724 μετεχόντων
2683 3651 2782 3723 τῆς
2826 3652 3093 3714 πίστεως·
3135 3651 3250 3704 ἀλλ’
3291 3651 3507 3721 ἐκείνης
3535 3651 3752 3722 ἐξαίρε-

2153 3757 2264 3808 τον,
2314 3741 2376 3795 τὸ
2425 3742 2525 3812 τὴν
2583 3740 2867 3812 Ἀρειανὴν
2914 3741 3172 3794 ἀπιστίαν
3214 3742 3418 3811 ὁμοίως
3471 3744 3537 3812 τῇ
3589 3741 3751 3794 εἰδω-

2153 3832 2442 3906 λολατρείᾳ
2500 3832 2903 3904 βδελύττεσθαι.
2964 3832 3106 3896 Τοὺς
3139 3831 3245 3902 γὰρ
3288 3833 3346 3884 ὲν
3377 3834 3444 3902 τῇ
3475 3831 3651 3884 κτίσει
3682 3839 3748 3885 rb

2153 3927 2306 3982 Θεϊον
2359 3921 2497 3981 εἶναι
2535 3926 2880 3997 νομίζοντας,
2922 3925 3076 3979 οὐδὲν
3102 3923 3362 3978 ἐλάττονα
3401 3923 3579 3977 σέϐειν
3605 3924 3745 3996 ᾤετο
3782 3928 3793 3939 ⁹

2152 4020 2262 4073 τῶν
2312 4019 2796 4074 είδωλοποιούντων
2828 4019 2929 4082 τὰς
2975 4017 3128 4082 ὔλας,
3159 4016 3339 4080 καλῶς
3365 4017 3456 4070 καὶ
3500 4016 3741 4081 εὐσεϐῶς

2151 4113 2310 4166 τοῦτο
2333 4112 2608 4184 κρίνουσα.
2625 4112 2683 4166 '0
2720 4113 2827 4184 γὰρ
2857 4112 2918 4164 τὸ
2947 4112 3149 4180 κτίσμα
3169 4109 3508 4181 προσκυνῶν,
3528 4109 3632 4162 κᾶν
3652 4109 3739 4162 ἐπ’

2151 4205 2373 4274 ὀνόματι
2404 4205 2498 4258 τοῦ
2526 4204 2763 4275 Χριστοῦ
2793 4202 2952 4256 τοῦτο
2971 4204 3148 4265 ποιεῖ,
3180 4201 3572 4271 εἰδωλολάτρης
3599 4201 3730 4263 ἐστὶ,

2149 4297 2387 4368 Χριστοῦ
2399 4296 2656 4367 ὄνοματῷ
2676 4295 2876 4367 είδώλῳ
2904 4295 3148 4364 θέμενος.
3173 4295 3270 4347 Διά
3286 4293 3443 4346 τοῦτο
3468 4293 3730 4363 μαθοῦσα,

2149 4389 2230 4441 ὅτι
2247 4389 2346 4442 οὐκ
2359 4388 2473 4442 ἔστι
2489 4389 2622 4453 Θεὸς
2638 4390 2972 4460 πρόσφατος,
2997 4386 3124 4456 μίαν
3142 4387 3465 4455 προσεκύνει
3483 4385 3727 4453 θεότητα,

2146 4479 2245 4552 τὴν
2275 4482 2331 4534 έν
2361 4481 2535 4552 Πατρὶ
2571 4481 2664 4534 καὶ
2686 4480 2800 4552 Υἱῷ
2839 4481 2933 4533 καὶ
2963 4478 3240 4549 Πνεύματι
3271 4478 3411 4546 ἁγίῳ
3449 4475 3732 4546 δοξαζομέ-

2146 4587 2264 4642 νην.
2293 4570 2478 4643 Ταύτῃ
2519 4569 2790 4641 ὲνηυξήθη
2844 4572 2909 4639 τῇ
2968 4568 3169 4633 πίστει,
3207 4567 3380 4638 ταύτῃ
3429 4569 3724 4638 ὲνήκμασε,

464 4671 661 4711 recens
692 4665 746 4711 et
787 4673 983 4723 novus,
1015 4674 1179 4713 unam
1223 4659 1480 4714 deitatem
1516 4659 1802 4725 adorabat,
1835 4677 1958 4731 quae
1989 4665 2042 4716 in

2162 4662 2321 4734 ταύτῃ
2343 4664 2403 4715 τὸ
2433 4663 2648 4734 πνεῦμα
2675 4661 3090 4734 παρακατέθετο
3120 4679 3131 4691 °
3168 4661 3273 4714 ὑπὸ
3303 4659 3507 4730 ταύτης
3558 4675 3726 4729 προσ-

461 4745 650 4813 Patre,
682 4757 736 4804 et
786 4750 944 4814 Filio,
975 4759 1028 4804 et
1082 4751 1290 4821 Spiritu
1325 4762 1519 4808 sancto
1567 4753 1930 4824 gloriﬁcatur.
1984 4753 2042 4809 ln

461 4839 568 4896 hac
593 4841 699 4897 ﬁde
729 4844 925 4907 crevit,
964 4845 1018 4897 in
1056 4845 1161 4899 hac
1192 4846 1381 4915 viguit,
1421 4847 1564 4917 apud
1610 4847 1753 4901 hanc
1785 4849 2042 4916 spiritum

459 4933 718 5002 deposuit
750 4953 762 4989 :
792 4935 858 4988 ab
887 4935 988 4989 hac
1009 4935 1191 4990 oblata
1218 4947 1301 4990 est
1325 4936 1468 4991 sinui
1503 4937 1681 4992 Patris
1706 4937 1828 4993 ﬁdei
1865 4938 2041 4993 Abra-

460 5023 606 5078 hami
631 5024 787 5094 juxta
827 5025 1027 5080 fontem
1058 5026 1297 5095 paradisi
1325 5045 1338 5080 :
1382 5027 1543 5095 cujus
1568 5027 1765 5082 humor
1801 5036 1854 5082 et
1888 5037 2040 5100 gutta

455 5115 527 5170 ad
580 5117 832 5174 inﬁdeles
881 5134 989 5172 non
1037 5127 1276 5174 manat:
1333 5119 1437 5175 sub
1484 5122 1678 5175 umbra
1733 5122 1864 5192 ligni
1914 5125 2036 5178 vitae

453 5205 601 5274 quod
628 5205 930 5274 plantatum
963 5217 1045 5261 est
1068 5207 1223 5276 juxta
1260 5207 1528 5263 decursus
1567 5223 1860 5278 aquarum,
1907 5211 2033 5281 qui-

455 5295 560 5351 hus
584 5297 750 5351 rebus
779 5296 943 5353 etiam
974 5313 1071 5353 uos
1095 5294 1248 5370 digni
1273 5298 1594 5364 habeamur,
1629 5315 1725 5369 per
1751 5299 2032 5357 Christum

451 5385 638 5447 Jesum
663 5391 952 5448 Dominum
975 5402 1223 5448 nostrum
1253 5410 1266 5447 :
1293 5394 1378 5449 cui
1406 5393 1578 5466 gloria
1603 5394 1658 5448 in
1682 5395 1905 5451 sa:cula.
1929 5394 2126 5454 Amen.

2143 4755 2282 4827 ήχθη
2321 4754 2400 4826 τῷ
2448 4754 2633 4826 κόλπῳ
2675 4754 2769 4808 τοῦ
2798 4754 3000 4825 πατρὸς
3044 4755 3141 4824 τῆς
3196 4753 3432 4814 πίστεως
3481 4750 3729 4819 Ἀϐρααμ

2142 4844 2294 4917 παρὰ
2317 4845 2414 4916 τὴν
2431 4845 2522 4898 τοῦ
2549 4845 2872 4917 παραδείσου
2896 4846 3078 4916 πηγὴν
3109 4839 3211 4915 (ἦς
3241 4845 3272 4914 ὴ
3302 4841 3454 4914 ῥανὶς
3485 4842 3577 4894 ἐπὶ
3603 4843 3728 4902 τοὺς

2139 4935 2401 4998 ἀπίστους
2425 4935 2524 4989 οὐκ
2552 4934 2829 5006 ἔρχεται),
2862 4935 2967 4988 ὑπὸ
3006 4935 3105 5006 τὴν
3138 4935 3296 4987 σκιὰν
3320 4931 3408 4985 τοῦ
3443 4930 3602 4996 ξύλου
3629 4930 3726 4999 τῆς

2140 5027 2285 5098 ζωῆς
2310 5026 2403 5080 τοῦ
2436 5027 2842 5098 πεφυτευμένου
2872 5027 3022 5099 παρὰ
3042 5027 3139 5090 τὰς
3164 5025 3424 5090 διεξόδους
3456 5024 3565 5077 τῶν
3594 5024 3722 5078 ὑδά-

2139 5138 2268 5185 των,
2300 5113 2375 5174 ὧν
2407 5123 2498 5176 καὶ
2559 5123 2718 5193 ἡμεῖς
2767 5121 3130 5191 ἀξιωθείημεν
3181 5121 3239 5172 ὲν
3284 5117 3502 5187 Χριστῷ
3550 5113 3722 5186 Ἰησοῦ

2139 5212 2219 5283 τῷ
2284 5213 2472 5286 Κυρίῳ
2531 5215 2736 5287 ἡμῶν·
2813 5207 2858 5282 ᾧ
2913 5215 2946 5286 ἡ
2995 5213 3120 5280 δόξα
3181 5212 3261 5274 είς
3322 5211 3449 5273 τοὺς
3496 5207 3718 5271 αἰῶνας.

2153 5307 2207 5358 Ἀ
2219 5305 2345 5379 μὴν.

2048 5663 2130 5672 --.
