4050 6164
451 435 558 494 895

1415 442 1504 498 DE
1540 445 1698 500 VITA
1743 447 1800 503 S.
1834 446 2166 504 GBEGORII
2210 451 2745 510 THAUMATUliGl.

1973 604 2368 613 Ψ*-

3605 463 3709 520 εςι

2375 607 3474 617 -υφ-Ή-..α-..ᾜσ-

1748 761 1976 847 ΤΟΥ
2061 763 2437 849 ΑΥΤΟΥ

639 943 880 1060 ΕΙΣ
917 945 1234 1061 ΤΟΝ
1276 949 1649 1065 ΒΙΟΝ
1715 953 2017 1068 ΤΟΥ
2085 953 2550 1069 ΑΓΙΟΥ
2644 955 3510 1073 ΓΡΗΓΟΡΙΟΥ

1619 1167 1662 1219 Τ
1686 1168 1790 1221 ΟΥ
1847 1167 2552 1227 ΘΑΥΜΑΤΟΥΡΓΟΥ.

1829 1497 2377 1587 EJUSDEM

1082 1689 1259 1819 DE
1369 1707 1718 1824 VlTA
1852 1709 2282 1822 BEATI
2389 1711 3071 1826 GREGORII

1558 1968 1560 1970 τ
1647 1931 2167 1988 HIRACULORUM
2189 1930 2503 1989 OPIFICIS.

1822 2086 2006 2136 Eodem
2048 2085 2346 2149 interprete.

521 2392 583 2447 ’0
622 2395 720 2464 μὲν
744 2393 946 2458 σκοπὸς
974 2389 1056 2458 εἷς
1087 2395 1201 2447 ἐστι
1229 2391 1324 2446 τοῦ
1356 2410 1414 2446 τε
1444 2393 1713 2464 ἡμετέρου
1729 2392 1910 2462 λόγου,
1935 2395 2015 2447 ml

2202 2393 2268 2448 Et
2303 2392 2482 2448 oratio
2517 2391 2738 2462 quidem
2769 2401 2992 2458 nostra,
3033 2400 3089 2449 et
3131 2408 3375 2464 praesens
3405 2401 3709 2450 conventus

437 2482 533 2538 τοῦ
547 2485 810 2555 παρόντος
827 2485 984 2554 ἡμῶν
1006 2485 1289 2552 συλλόγου.
1308 2485 1346 2536 Γ
1354 2485 1604 2554 ρηγόριος
1629 2484 1738 2555 γὰρ
1753 2486 1782 2536 ό
1808 2486 2022 2553 Μέγας,

438 2577 569 2645 ὑμῖν
597 2595 657 2630 τε
683 2578 781 2647 τῆς
815 2578 1076 2648 crux/6800,.
1099 2578 1264 2648 κάμοὶ
1313 2578 1413 2647 τῆς
1453 2575 1738 2641 διαλέξεως
1771 2578 2025 2641 ὑπόθεσις

437 2669 747 2740 πρόκειται.
791 2669 932 2738 Ἐγὼ
969 2671 1026 2724 δὲ
1078 2671 1178 2739 τῆς
1212 2670 1390 2739 ἀὐτῆς
1451 2665 1605 2740 οἶμαι
1633 2671 1830 2740 χρῆναι
1861 2669 2022 2723 δυνά-

439 2777 608 2831 μεως,
661 2761 807 2833 ἔργῳ
865 2779 926 2814 τε
984 2761 1328 2833 κατορθῶσαι
1369 2761 1468 2832 τὴν
1498 2761 1719 2832 ἀρετὴν,
1760 2761 1854 2814 καὶ
1880 2760 2023 2830 λόγῳ

438 2853 561 2906 κατ’
585 2853 745 2917 ἀξίαν
770 2852 837 2906 τὰ
877 2853 1016 2906 καλά
1059 2853 1443 2924 διηγήσασθαι.
1473 2853 1634 2906 Ὥστε
1663 2851 1868 2922 ταύτην
1898 2852 2021 2906 ἐπι-

439 2942 668 3013 κλητέον
692 2942 758 2996 ἂν
786 2941 872 3014 εἴη
899 2941 998 3013 τὴν
1040 2941 1378 3012 συμμαχίαν,
1407 2941 1473 2994 δι’
1500 2936 1568 3011 ἦς
1604 2941 1662 2993 ἐν
1691 2939 1769 3010 τῷ
1799 2939 1899 3010 βίῳ
1921 2941 2022 3011 τὴν

434 3034 636 3105 ἀρετὴν
658 3036 861 3097 ἐκεῖνος
890 3033 1271 3104 κατώρθωσεν.
1310 3032 1466 3086 Ἐστι
1493 3032 1550 3085 δὲ
1587 3031 1749 3102 αὕτη,
1779 3031 1922 3084 κατά
1956 3047 2021 3098 γε

433 3126 526 3179 τὸν
588 3126 718 3196 ἐμὸν
760 3124 938 3193 λόγον,
969 3124 1118 3194 ήτοῦ
1161 3123 1473 3194 Πνεύματος
1498 3123 1676 3194 χάρις,
1699 3124 1734 3193 ἡ
1761 3122 1856 3176 καὶ
1885 3121 2020 3193 πρὸς

432 3217 526 3270 τὸν
554 3215 666 3286 βίον
691 3217 786 3270 καὶ
817 3215 952 3288 πρὸς
979 3217 1070 3269 τὸν
1100 3215 1256 3283 λόγον
1293 3216 1420 3279 τοὺς
1446 3216 1575 3287 περὶ
1605 3214 1862 3285 ἑκάτερον
1897 3213 2020 3267 τού-

433 3324 544 3360 των
595 3307 999 3370 ἐσπουδακότας
1025 3306 1091 3359 δι’
1122 3308 1322 3378 ἑαυτῆς
1350 3306 1693 3377 ὲνισχύουσα.
1741 3307 1894 3358 Ἐπεὶ
1925 3301 2018 3359 οὖν

434 3400 464 3452 ὁ
491 3398 741 3469 λαμπρὸς
767 3401 970 3460 ἐκεῖνος
1000 3400 1093 3452 καὶ
1147 3398 1509 3470 περίϐλεπτος
1538 3398 1652 3468 βίος
1676 3401 1743 3470 τῇ
1789 3398 2017 3469 δυνάμει

434 3488 770 3559 κατωρθώοη
799 3489 894 3550 τοῦ
922 3491 1265 3560 Πνεύματοςο
1294 3489 1458 3561 εὐχῆς
1483 3489 1642 3561 ἔργον
1668 3490 1805 3555 ἐστὶ,
1823 3490 2018 3544 τοσαύ-

432 3595 535 3648 την
559 3577 734 3632 ἐλθεῖν
769 3579 862 3631 ἐπὶ
889 3580 980 3633 τὸν
1012 3580 1169 3648 λόγον
1211 3579 1488 3650 βοήθειαν,
1510 3581 1608 3652 ὅση
1643 3581 1835 3651 γέγονε
1865 3581 2016 3653 παρά

430 3670 523 3725 τὸν
555 3670 667 3741 βίον
705 3671 918 3739 ἐκείνῳ,
947 3671 1022 3734 ὡς
1058 3671 1134 3742 μὴ
1160 3672 1389 3726 κατόπιν
1414 3673 1699 3744 εὑρεθῆναι
1721 3673 1823 3742 τῆς
1856 3674 2014 3740 ἀξίας

2131 2485 2196 2539 ad
2236 2502 2400 2539 unam
2448 2487 2807 2556 eamdemque
2848 2501 2962 2541 rem
3007 2495 3245 2556 spectat.
3289 2485 3518 2557 Magnus
3560 2487 3706 2541 enim

2131 2577 2221 2631 ille
2251 2575 2547 2647 Gregorius
2574 2593 2698 2630 cum
2747 2578 2901 2632 vobis
2948 2578 3309 2633 conveniendi
3359 2593 3526 2633 causa
3576 2578 3702 2640 fuit,

2130 2676 2244 2724 tum
2269 2669 2400 2722 mihi
2431 2669 2838 2723 sermocinandi
2865 2670 3094 2724 materia
3125 2678 3292 2740 atque
3319 2680 3705 2738 argumentum

2128 2760 2471 2829 propositum
2506 2767 2611 2814 est.
2669 2758 2782 2830 Ego
2832 2775 2962 2816 vero
3011 2760 3202 2816 eadem
3252 2761 3510 2815 facultate
3566 2777 3706 2834 opus

2126 2865 2250 2906 esse
2278 2857 2409 2920 puto
2433 2889 2449 2914 ,
2487 2850 2531 2905 si
2569 2857 2624 2904 et
2654 2853 2916 2906 virtutem
2965 2853 3194 2924 exsequi
3227 2854 3409 2918 factis,
3458 2867 3513 2910 et
3564 2873 3708 2926 pra:-

2126 2942 2292 2998 claris
2326 2942 2668 2998 facinoribus
2698 2943 2844 2998 dicta
2889 2960 3180 3015 exaequare
3211 2947 3366 3002 velis.
3399 2946 3588 3018 Itaque
3623 2951 3708 3003 in-

2126 3035 2433 3090 vocandum
2472 3035 2638 3091 fuerit
2664 3036 2956 3099 auxilium,
2994 3053 3105 3108 quo
3141 3038 3232 3092 ille
3281 3039 3336 3092 in
3387 3040 3498 3093 vita
3529 3041 3709 3095 virtu.

2125 3131 2232 3179 tem
2259 3131 2559 3179 exsecutus
2595 3131 2701 3179 est.
2736 3122 2831 3178 Est
2875 3133 3058 3179 autem
3119 3125 3274 3190 illud,
3329 3140 3448 3180 mea
3483 3126 3704 3195 quidem

2125 3215 2404 3284 opinione,
2435 3214 2614 3284 gratia
2647 3214 2894 3285 (sancti)
2936 3213 3222 3284 Spiritus:
3265 3231 3389 3285 quae
3429 3215 3497 3269 ad
3535 3217 3701 3270 vitam

2123 3311 2178 3359 et
2210 3303 2278 3358 ad
2308 3303 2616 3360 orationem
2655 3305 2851 3359 barum
2889 3321 3072 3362 rerum
3109 3307 3402 3377 utriusque
3432 3307 3704 3363 studiosis

2123 3413 2221 3466 per
2249 3412 2370 3454 sese
2397 3398 2547 3453 vires
2580 3397 2988 3453 subministrat.
3036 3397 3307 3464 Quoniam
3350 3400 3520 3469 igitur
3567 3414 3706 3468 prae-

2121 3491 2271 3545 clara
2303 3489 2419 3551 illa,
2453 3489 2776 3558 spectabilis
2811 3498 2868 3543 et
2903 3489 3138 3544 illustris
3165 3492 3275 3544 vita
3310 3492 3514 3545 virtute
3542 3499 3706 3560 atque
3799 3523 3806 3534 ι

2121 3583 2369 3652 potentia
2419 3579 2662 3649 Spiritus
2694 3588 2892 3634 exacta
2932 3578 3290 3650 perfectaque
3323 3589 3408 3636 est
3443 3600 3456 3636 :
3489 3582 3701 3650 precari

2119 3681 2175 3728 et
2200 3681 2396 3742 optare
2415 3679 2653 3740 oportet,
2686 3679 2746 3726 ut
2773 3681 2978 3742 quanta
3000 3687 3104 3742 0pc
3131 3673 3220 3727 ille
3254 3689 3347 3743 per
3374 3673 3540 3727 vitam
3569 3690 3702 3730 usus

431 3761 542 3814 τῶν
573 3761 1012 3834 κατορθωμάτων
1038 3763 1130 3816 τὸν
1171 3763 1410 3826 ἔπαινον,
1457 3763 1592 3817 ἀλλά
1632 3763 1872 3817 τοιοῦτον
1901 3766 2015 3817 ἐπι-

2120 3771 2224 3828 est,
2258 3771 2474 3817 tantum
2501 3762 2696 3817 auxilii
2733 3763 2960 3818 accedat
2983 3763 3244 3829 orationi,
3279 3779 3390 3833 quo
3441 3765 3700 3834 amplitu-

429 3852 704 3923 δειχθῆναι
749 3855 861 3916 τοῖς
908 3853 1143 3925 παροῦσι
1187 3853 1274 3906 διὰ
1321 3854 1420 3924 τῆς
1453 3855 1676 3924 μνήμης
1709 3853 1799 3907 τὸν
1827 3854 2016 3925 ἄνδρα,

431 3941 545 4008 οἶος
573 3939 642 4014 ἦν
695 3947 808 4008 τοῖς
867 3945 986 3998 κατ’
1021 3947 1228 3998 ἐκεῖνον
1260 3945 1350 3999 τὸν
1385 3947 1574 4017 χρόνον
1607 3945 1771 4008 αὐτὸς
1814 3947 2020 4010 ἐκεῖνος

431 4036 661 4091 ἐπὶτῶν
695 4037 871 4108 ἔργων
903 4035 1198 4108 ὁρώμενος.
1241 4038 1306 4092 Εἰ
1353 4039 1450 4107 μὲν
1483 4033 1576 4091 οὖν
1615 4038 1850 4108 ἀκερδὴς
1882 4033 1950 4108 ἦν
1980 4039 2014 4109 ἡ

434 4129 624 4198 μνήμη
667 4127 770 4180 τῶν
830 4128 949 4181 κατ’
999 4128 1198 4198 ἀρετὴν
1230 4129 1590 4200 προεχόντων,
1633 4129 1727 4183 καὶ
1776 4129 2018 4199 μηδεμία

429 4219 569 4290 πρὸς
625 4219 686 4272 τὸ
729 4219 893 4272 καλὸν
938 4219 1154 4287 ἐγένετο
1195 4220 1526 4290 συνεισφορὰ
1557 4223 1667 4283 τοῖς
1699 4221 2012 4286 ἀκούουσιν,

430 4312 684 4383 περιττὸν
705 4312 834 4375 ἴσως
853 4310 918 4364 ἂν
946 4307 1014 4382 ἦν
1036 4311 1128 4365 καὶ
1144 4311 1399 4380 ἀνόνητον
1433 4311 1525 4363 ἐπὶ
1547 4310 1736 4381 μηδενὶ
1761 4311 2015 4382 χρησίμῳ

431 4405 726 4476 προσάγειν
757 4407 837 4468 εἰς
853 4404 1128 4475 εὐφημίαν
1160 4403 1252 4457 τὸν
1280 4403 1456 4471 λόγον.
1477 4403 1640 4456 αὐτόν
1662 4420 1722 4456 τε
1748 4403 2014 4468 διεξιόντα

435 4495 636 4566 μάτην,
679 4496 776 4550 καὶ
825 4495 924 4567 τὴν
974 4497 1144 4566 ἀκοὴν
1191 4495 1374 4566 ἀργῶς
1424 4494 1825 4548 ἀποκναίονταο
1862 4497 2009 4547 ὲπειυ

429 4589 494 4660 δὴ
527 4589 584 4643 δὲ
627 4592 661 4660 ἡ
708 4588 932 4659 τοιαύτη
974 4588 1070 4642 τοῦ
1113 4588 1274 4657 λόγου
1317 4588 1499 4659 χάρις,
1535 4591 1585 4640 ει
1630 4587 2013 4658 προσηκόντως

427 4681 660 4750 γένοιτο,
695 4682 870 4736 κοινὸν
897 4681 1044 4734 ἔσται
1067 4681 1175 4734 τῶν
1201 4681 1504 4735 ἀκουόντων
1531 4680 1589 4733 τὸ
1620 4680 1828 4749 κέρδος.
1844 4679 2011 4733 καθά⁸

430 4792 538 4846 περ
571 4777 598 4828 ό
638 4774 847 4844 πυρσὸς
889 4777 1000 4837 τοῖς
1043 4777 1108 4826 ὲκ
1161 4774 1437 4845 θαλάσσης
1478 4772 1876 4843 προσπλέουσιν
1924 4774 2012 4841 ἐφ’

428 4864 621 4918 ἑαυτὸν
680 4863 914 4918 εὐθύνων
943 4867 1068 4928 τοὺς
1091 4867 1149 4917 ἐν
1173 4865 1248 4935 τῷ
1272 4865 1420 4934 ζόφῳ
1455 4864 1840 4934 πλανωμένους
1870 4865 2012 4919 κατά

427 4954 490 5007 τὸ
514 4954 783 5023 πέλαγοςο
819 4953 939 5024 ἴσης
970 4951 1122 5024 οἶμαι
1151 4955 1262 5008 δεῖν
1299 4956 1434 5024 πρὸς
1460 4953 1618 5008 τοῦτο
1650 4955 1748 5025 τῆς
1775 4956 2010 5026 σπουδῆς

427 5046 732 5117 ἑκατέροις,
770 5046 898 5114 ὑμῖν
923 5062 982 5098 τε
1010 5044 1146 5115 πρὸς
1175 5047 1274 5115 τὴν
1303 5048 1587 5116 ἀκρόασιν,
1619 5046 1713 5099 καὶ
1753 5047 1888 5118 πρὸς
1917 5047 2008 5101 τὸν
2033 5082 2077 5140 c

425 5138 585 5206 λόγον
644 5140 785 5211 ἐμοί.
823 5138 992 5208 Δῆλον
1045 5139 1174 5209 γὰρ,
1223 5141 1302 5193 ὄτι
1351 5138 1558 5211 πυρσοῦ
1592 5139 1748 5210 δίκην
1780 5139 1868 5193 διὰ
1907 5141 2006 5210 τῆς

429 5235 650 5302 μνήμης
698 5232 985 5303 ἐκλάμψας
1019 5233 1140 5291 ταῖς
1169 5231 1366 5300 ψυχαῖς
1395 5231 1554 5302 ἡμῶν
1581 5233 1610 5284 ὁ
1640 5232 1759 5285 κατ’
1803 5230 2005 5302 ἀρετὴν

425 5325 593 5378 αὑτοῦ
631 5325 763 5393 βίος,
794 5325 913 5388 ὁδὸς
949 5323 1086 5394 πρὸς
1129 5323 1191 5375 τὸ
1216 5323 1418 5392 ἀγαθὸν
1453 5325 1531 5394 τῷ
1557 5342 1616 5378 τε
1637 5324 1885 5390 διεξιόντι
1912 5323 2004 5376 καὶ

421 5421 537 5480 τοῖς
589 5418 843 5472 ἀκούουσι
893 5419 1123 5486 γίνεται.
1170 5417 1502 5489 Πεφύκαμεν
1531 5420 1638 5489 γάρ
1681 5435 1799 5480 πως
1831 5417 1880 5469 οί
1911 5417 2004 5469 άν-

424 5510 636 5579 θρωποι
664 5509 798 5580 πρὸς
823 5509 967 5563 ἅπαν
996 5509 1058 5562 τὺ
1075 5508 1357 5563 ἐπαινετόν
1388 5525 1447 5562 τε
1476 5509 1570 5563 καὶ
1591 5509 1772 5580 τίμιον
1787 5507 2004 5571 οἰκείως

425 5599 630 5652 ἐθέλειν
659 5599 822 5668 ἔχειν,
849 5601 946 5654 καὶ
974 5603 1030 5655 ὲν
1059 5601 1324 5671 ἐπιθυμίᾳ.
1358 5603 1456 5670 τῆς
1472 5601 1716 5671 κτήσεως
1735 5599 2003 5668 γίνεσθαι

437 5691 503 5744 Ἦ
541 5689 640 5761 μὲν
664 5686 757 5743 οὖν
808 5691 1061 5754 ὑπόθεσις
1091 5690 1202 5744 τῶν
1238 5691 1412 5760 λόγων
1446 5689 1680 5760 τοσαύτη
1708 5707 1722 5722 ’
1772 5689 1898 5760 ἐμοὶ
1948 5688 2006 5741 δὲ

426 5782 760 5853 πανταχόθεν
790 5782 1068 5836 ἀκίνδυνόν
1101 5785 1216 5837 ἐστι
1240 5781 1652 5852 κατατολμῶντι
1679 5783 1778 5852 τῆς
1817 5779 2006 5834 ὑποθέ-

2121 3855 2250 3910 dine
2281 3864 2426 3909 recte
2458 3852 2751 3918 factorum,
2781 3869 2892 3908 non
2922 3853 3153 3909 inferior
3198 3855 3321 3910 laus
3353 3870 3476 3910 esse
3519 3854 3704 3910 videa-

2120 3955 2210 4001 tur
2236 3965 2248 4000 :
2288 3945 2385 4000 sed
2414 3946 2542 4001 talis
2566 3946 2928 4016 praesentibus
2959 3946 3482 4001 commemoratione
3517 3961 3700 4000 rerum

2118 4039 2188 4094 ab
2216 4053 2282 4094 eo
2305 4047 2583 4108 gestarum
2625 4038 2710 4092 vir
2753 4053 2877 4093 esse
2911 4038 3344 4100 demonstretur,
3379 4037 3561 4108 qualis
3608 4040 3701 4093 ille

2119 4132 2238 4200 ipse
2271 4130 2436 4186 factis
2467 4131 2585 4186 suis
2617 4130 2686 4185 ab
2718 4131 2868 4186 illius
2894 4132 3073 4186 aetatis
3112 4131 3426 4186 hominibus
3475 4133 3698 4202 conspi-

2117 4221 2386 4276 ciebatur.
2421 4221 2712 4276 Enimvero
2747 4222 2793 4276 si
2837 4223 3044 4276 mentio
3092 4239 3306 4284 eorum,
3357 4223 3449 4293 qui
3497 4225 3700 4278 virtute

2115 4313 2538 4382 excelluerunt,
2597 4328 2722 4367 cum
2773 4313 2923 4368 nullo
2968 4314 3126 4368 lucro
3181 4315 3476 4384 conjuncta
3531 4322 3697 4377 esset,

2115 4405 2436 4473 nullumque
2466 4403 2820 4460 audientibus
2852 4405 2979 4460 inde
3026 4405 3097 4460 ad
3149 4406 3353 4459 bonum
3408 4404 3699 4460 aﬂ'erretur

2115 4495 2515 4564 adjumentum.
2563 4511 2971 4566 supervacuum
3035 4495 3312 4558 forsitan,
3374 4509 3440 4549 ac
3485 4497 3696 4550 nullum

2113 4601 2292 4657 operae
2333 4587 2570 4657 pretium
2611 4595 2786 4651 esset,
2821 4588 2975 4642 nulla
3023 4586 3307 4656 proposita
3342 4586 3603 4652 utilitate,
3643 4597 3697 4643 et

2112 4678 2360 4734 eamdem
2394 4695 2507 4734 rem
2538 4678 2743 4734 frustra
2769 4677 3272 4740 commemorando,
3300 4685 3355 4731 et
3402 4693 3567 4732 aures
3600 4695 3698 4734 ne-

2112 4773 2413 4842 quidquam
2454 4771 2809 4827 obtundendo
2863 4771 3126 4825 laudandi
3177 4786 3343 4826 causa
3384 4771 3692 4824 orationem

2114 4864 2168 4918 in
2201 4863 2440 4918 medium
2473 4862 2707 4927 efferre;
2743 4861 2838 4917 sed
2881 4861 3139 4930 quoniam
3171 4859 3440 4930 ejusmodi
3491 4876 3692 4915 munus

2111 4954 2400 5016 orationis,
2427 4952 2472 5008 si
2507 4959 2656 5008 recte
2679 4960 2734 5006 et
2753 4953 3038 5008 commode
3073 4952 3421 5013 adhibeatur,
3451 4967 3691 5005 commu-

2113 5059 2181 5098 ne
2208 5042 2546 5097 audientium
2598 5043 3030 5098 emolumentum
3065 5042 3191 5105 erit,
3225 5048 3486 5110 tanquam
3521 5040 3607 5094 fax
3659 5056 3690 5094 e

2114 5134 2248 5188 mari
2294 5134 2757 5204 adnavigantibus
2783 5135 2850 5190 ad
2881 5150 3002 5190 sese
3035 5135 3276 5206 dirigens
3321 5149 3440 5196 eos,
3485 5133 3576 5203 qui
3635 5132 3688 5186 in

2112 5225 2348 5294 caligine
2375 5241 2472 5294 per
2499 5227 2724 5296 pelagus
2750 5226 3040 5280 oberrant:
3077 5226 3191 5294 pari
3225 5223 3409 5278 studio
3440 5221 3690 5288 utrisque

2111 5327 2166 5372 et
2210 5316 2366 5371 vobis
2413 5317 2876 5378 auscultantibus,
2911 5323 2964 5369 et
2998 5315 3130 5368 mihi
3182 5313 3388 5368 dicenti
3427 5310 3492 5365 ad
3549 5311 3688 5363 hanc

2112 5425 2225 5464 rem
2246 5423 2388 5478 opus
2427 5423 2552 5462 esse
2589 5414 2741 5475 puto.
2795 5405 3150 5474 Perspicuum
3200 5411 3284 5458 cst
3321 5402 3490 5462 enim,
3541 5402 3685 5470 quod

2109 5503 2220 5554 vita
2255 5500 2376 5568 ejus
2411 5515 2506 5569 per
2534 5499 2784 5551 virtutem
2818 5505 3095 5550 transacta
3127 5495 3290 5550 veluti
3325 5493 3409 5547 fax
3441 5500 3685 5562 qna-dam

2111 5593 2310 5646 animis
2361 5592 2566 5646 nostris
2621 5603 2716 5659 per
2764 5587 3346 5642 commemorationem
3397 5584 3684 5652 all‘ulgeus,

2111 5686 2253 5740 viam
2290 5684 2355 5739 ad
2389 5685 2592 5740 bonum
2617 5693 2723 5736 tam
2756 5679 3234 5742 commemoranti,
3269 5693 3429 5747 quam
3460 5675 3688 5729 audien-

2113 5779 2260 5832 tibus
2314 5777 2595 5848 patefacit.
2634 5774 2842 5829 Natura
2885 5773 3031 5827 enim
3072 5773 3126 5827 id
3175 5771 3334 5826 nobis
3370 5765 3685 5822 hominibus

431 5893 604 5942 σεως,
637 5875 741 5929 δί’τε
775 5873 1176 5946 συνεπαρθῆναι
1197 5875 1273 5948 τῷ
1295 5875 1516 5946 μεγέθει
1540 5874 1647 5928 τῶν
1676 5872 2014 5944 πραγμάτιον

2124 5867 2529 5940 quodammodo
2582 5867 2808 5924 insitum
2843 5871 2963 5931 est,
2996 5874 3056 5922 ut
3104 5861 3370 5936 quidquid
3406 5854 3681 5913 laudabile
