4050 6164
408 419 514 479 895

1618 422 1677 479 δ’.
1709 423 2036 480 GREGORII
2069 421 2362 480 NYSSENI

3563 417 3674 476 ωδ

406 549 511 604 est,
547 548 598 592 et
632 538 685 592 in
719 537 892 607 pretio
922 537 1176 605 habetur,
1207 539 1274 594 ad
1321 538 1376 593 id
1410 549 1625 596 nosmet
1675 543 1970 612 adjungere

2077 544 2107 595 6
2134 542 2293 610 λόγος
2323 540 2612 612 ίσχύσειεν,
2656 541 2767 595 είτε
2794 541 2888 595 καὶ
2919 539 3016 612 μή.
3054 537 3196 602 Ἴσος
3229 536 3338 608 γὰρ
3363 535 3515 589 ἔσται
3545 537 3671 589 καθ’

405 641 461 682 et
485 630 904 684 accommodare
936 629 1188 694 velimus,
1225 630 1388 701 idque
1421 633 1708 701 acquirere
1753 633 1978 688 studea-

404 735 546 772 mus.
582 718 646 771 Et
703 728 1089 788 argumentum
1139 721 1360 790 quidem
1401 724 1670 777 orationis
1705 724 1812 778 tale
1859 733 1978 778 esti:

404 809 536 860 mihi
571 823 700 862 vero
734 821 1119 880 argumentum
1154 820 1392 866 tractare
1419 813 1640 868 conanti
1673 815 1883 868 nullum
1915 830 1978 869 ex

404 905 749 967 utrocunque
825 908 1024 952 eventu
1100 901 1404 970 periculum
1466 902 1750 971 impendet
1799 919 1814 956 :
1868 904 1984 959 sive

402 1003 528 1042 cum
563 989 936 1058 magnitudine
965 1008 1146 1046 rerum
1179 1008 1287 1046 una
1319 1009 1608 1064 assurgere
1641 995 1976 1049 sublimitate

399 1092 501 1132 sua
527 1080 702 1134 oratio
734 1080 989 1145 valuerit,
1033 1083 1150 1137 sive
1178 1083 1524 1138 non.Parem
1569 1085 1738 1147 enim.
1765 1097 1974 1141 utrum-

2077 635 2333 705 ἑκάτερον
2366 633 2443 704 τῷ
2477 633 2944 704 ἐγκωμιαζομένῳ
2999 633 3027 685 ὁ
3060 630 3301 693 ἔπαινος.
3334 630 3396 682 Εἰ
3436 628 3532 698 μὲν
3560 627 3672 697 γάρ

2077 725 2317 792 ἐφίκοιτο
2337 723 2445 777 τῶν
2466 723 2760 793 θαυμάτων
2793 725 2822 775 ὁ
2854 721 3033 790 λόγος,
3082 721 3344 790 ἐκπλήξει
3370 717 3469 788 τὴν
3495 717 3690 787 ἀκοὴν.

2077 817 2294 878 πάντως
2330 818 2445 879 τοῖς
2480 815 2897 886 κατορθώμασιν
2921 831 2936 845 ⁸
2977 814 3103 867 εἰδὲ
3130 812 3361 866 κατόπιν
3383 808 3477 863 τοῦ
3511 811 3675 878 μεγέ-

2080 907 2207 968 θους
2235 905 2400 967 ἔλθοι,
2445 907 2539 959 καὶ
2593 904 2767 970 οὕτως
2801 907 2834 976 ή
2880 904 3008 970 δόξα
3035 903 3147 957 τοῦ
3180 899 3671 971 ὲγκωμιαζομένου

2079 998 2481 1068 λαμπρύνεται.
2529 998 2751 1070 Ἀρίστη
2791 995 2900 1067 γὰρ
2924 995 3117 1066 ἀνδρὸς
3166 992 3434 1063 εὐφημία,
3455 991 3515 1042 τὸ
3547 992 3674 1043 ἐπι-

2081 1087 2358 1159 δειχθῆναι
2393 1091 2492 1159 τῆς
2514 1087 2797 1158 δυνάμεως
2833 1086 2942 1139 τῶν
2965 1083 3358 1154 εὐφημούντων
3384 1081 3670 1152 ἀμείνονα.

399 1184 617 1238 cunque
647 1170 844 1226 horum
876 1175 1140 1238 evenerit,
1174 1175 1387 1230 laudem
1426 1177 1473 1231 is
1500 1177 1593 1247 qui
1629 1179 1958 1241 celebratur,
1992 1188 2339 1248 assequetur.
2376 1179 2512 1235 Nam
2547 1181 2592 1235 si
2620 1186 2872 1236 assecuta
2913 1177 3131 1248 quidem
3161 1176 3337 1230 oratio
3401 1173 3672 1229 miracula

397 1264 586 1328 fuerit,
627 1282 811 1321 rerum
839 1270 1100 1337 prmelare
1131 1285 1408 1339 gesmrum
1470 1273 1996 1328 commemoratione
2035 1289 2268 1343 prorsus
2297 1274 2697 1346 obstupefaciet
2728 1273 3166 1371 auditoresglsin
3187 1279 3445 1371 .autema
3513 1278 3693 1371 tergo

398 1356 588 1409 relicta
621 1357 796 1410 oratio
833 1360 1263 1428 magnitudinem
1305 1377 1486 1416 rerum
1524 1365 1706 1420 minus
1739 1369 1958 1434 assequi
1997 1366 2260 1434 potuerit,
2321 1368 2485 1422 etiam
2525 1367 2630 1422 hac
2679 1367 2893 1419 ratione
2936 1363 3110 1434 gloria
3151 1362 3294 1430 ejus,
3357 1361 3516 1430 cujus
3550 1360 3678 1412 lau-

394 1445 492 1498 des
527 1446 926 1514 persequimur,
964 1448 1251 1502 clarescet.
1285 1449 1759 1507 Praistantissima
1785 1453 1932 1506 enim
1977 1454 2081 1508 viri
2123 1455 2382 1522 laus.est,
2415 1456 2460 1511 si
2496 1456 2617 1526 ejus
2655 1455 2839 1510 virtus
2871 1453 3049 1509 maior
3076 1467 3202 1507 esse
3233 1452 3690 1516 demonstretur,.

395 1552 560 1605 quam
625 1537 965 1592 laudantium
1018 1542 1251 1596 facultas
1307 1543 1542 1601 dicendo
1605 1548 1825 1616 assequi
1875 1558 2079 1618 potest.

460 1629 728 1685 Cmternm
757 1648 916 1686 nemo
944 1649 1008 1688 ex
1036 1636 1104 1689 iis
1122 1639 1212 1705 qui
1234 1637 1420 1693 divina
1442 1641 1709 1710 sapientia
1733 1643 1970 1698 instituti

2153 1645 2354 1715 Μηδεὶς
2381 1645 2440 1700 δὲ
2466 1645 2576 1699 τῶν
2613 1647 2680 1716 τῇ
2713 1645 2835 1716 θείᾳ
2863 1643 3028 1715 σοφίᾳ
3055 1639 3500 1711 πεπαιδευμένων
3528 1641 3695 1693 κατὰ·

396 1727 547 1786 sunt,
574 1735 726 1774 more
762 1729 1114 1776 externorum
1144 1732 1204 1778 et.
1235 1739 1263 1778 a
1294 1727 1397 1782 lide
1425 1737 1612 1784 nostra
1638 1732 1966 1797 alienorum,

2079 1737 2178 1808 τὴν
2215 1737 2324 1790 τῶν
2339 1737 2446 1802 ἔξω
2469 1735 2756 1807 συνήθειαν
2784 1737 2904 1799 ταῖς
2939 1735 3214 1805 τεχνικαῖς
3245 1732 3353 1786 τῶν
3378 1731 3686 1801 ἐγκωμίων.

395 1809 712 1864 artiﬁciosis
759 1811 1020 1866 laudativi
1071 1818 1288 1884 generis
1337 1819 1558 1874 dicendi
1613 1824 1969 1891 apparatibus

395 1899 607 1954 laudari
641 1900 916 1957 desideret
943 1919 1092 1970 eum,
1120 1909 1211 1976 qui
1241 1913 1466 1978 propter
1490 1912 1802 1980 spiritualia
1827 1917 1977 1971 bona-

393 1990 722 2046 celebratur.
757 1991 876 2047 Non
905 1996 1050 2050 enim
1085 1998 1254 2052 simili
1292 2003 1508 2058 ratione
1533 2020 1634 2060 nos
1670 2015 1833 2076 atque
1861 2023 1968 2062 caa-

393 2083 497 2136 teri
531 2082 598 2138 de
627 2085 774 2140 bono
806 2086 1168 2156 judicamus;
1218 2108 1394 2163 neque
1431 2097 1652 2152 easdem
1688 2099 1757 2154 de
1805 2101 1970 2156 rebus

393 2173 587 2228 iisdem
621 2180 860 2244 reperiat
908 2178 1113 2250 aliquis
1161 2183 1476 2252 opiniones,
1511 2193 1624 2239 tum
1675 2187 1817 2258 apud
1873 2203 1970 2244 eos

391 2262 488 2333 qui
535 2265 815 2320 mundano
867 2283 1020 2323 more
1068 2269 1292 2336 vivunt,
1349 2283 1463 2328 tum
1513 2276 1656 2346 apud
1703 2277 1825 2344 hos,
1876 2280 1967 2350 qui

393 2350 657 2406 mundum
692 2357 1040 2425 supergressi
1073 2367 1223 2414 sunt.
1257 2360 1376 2415 Illis
1410 2361 1564 2416 enim
1585 2377 1796 2434 magnae
1819 2380 1972 2436 quae-

391 2443 514 2496 dam
559 2445 854 2516 studioque
903 2448 1086 2518 dignae
1134 2458 1299 2520 atque
1345 2454 1665 2523 expetenda:
1701 2471 1793 2511 res
1847 2472 1971 2514 esse

389 2534 669 2601 videntur,
694 2537 921 2606 divitiae,
953 2556 1152 2610 genus,
1184 2545 1381 2615 gloria,
1416 2549 1677 2602 mundani
1718 2558 1972 2620 potenta-

389 2632 503 2690 tus,
534 2627 752 2692 labulaa,
776 2631 978 2700 quibus
1017 2648 1133 2687 sua;
1160 2636 1392 2706 quisque
1418 2640 1609 2707 patria:
1657 2640 1970 2697 conditores

390 2716 637 2772 celebrat
665 2737 680 2773 :
715 2721 844 2773 item
880 2721 1172 2791 fugiendze,
1211 2739 1346 2779 sana
1375 2728 1596 2796 quidem
1624 2741 1807 2786 mente
1830 2747 1972 2802 pra:-

389 2807 556 2872 ditis,
591 2812 941 2866 narrationes
969 2855 987 2880 ,
1017 2822 1256 2884 tropma,
1307 2819 1534 2887 prmlia,
1572 2821 1838 2877 bellorum
1887 2824 1972 2878 in-

389 2899 716 2954 commoda:
747 2913 936 2957 nostro
958 2920 1090 2958 vero
1123 2907 1337 2975 judicio
1368 2925 1476 2964 una
1523 2911 1577 2965 in
1609 2915 1784 2982 pretio
1829 2923 1885 2971 et
1915 2917 1968 2971 in

392 2989 604 3044 honore
648 2991 824 3059 patria
858 3001 965 3059 est,
1007 2997 1319 3064 paradisus,
1374 3001 1548 3069 prima
1593 3005 1810 3073 generis
1864 3007 1966 3061 hu-

392 3079 538 3132 mani
589 3080 770 3143 sedes,
818 3098 926 3136 una
975 3086 1196 3153 civitas,
1239 3089 1334 3142 illa
1377 3091 1656 3160 cuslestis,
1705 3111 1828 3165 quae
1875 3115 1970 3167 per

391 3169 641 3225 viventes
669 3171 879 3242 lapides
911 3177 1256 3232 construitur
1285 3187 1342 3234 et
1384 3191 1822 3252 coagmentatur,
1873 3204 1969 3243 cu-

388 3259 482 3328 jus
513 3260 710 3316 artifex
743 3271 796 3317 et
829 3265 1089 3321 conditor
1118 3275 1206 3323 est
1250 3269 1397 3326 Deus
1422 3272 1438 3302 ²
1465 3288 1480 3325 :
1510 3289 1656 3330 unus
1686 3279 1966 3348 splendor,

395 3365 501 3402 una
558 3354 779 3421 generis
827 3357 1156 3426 amplitudo,
1206 3363 1595 3432 propinquitas
1637 3381 1760 3421 cum
1811 3369 1966 3426 Deo:

392 3456 515 3510 quae
541 3459 650 3497 non
683 3460 814 3500 casu
850 3447 1082 3503 fortuito
1112 3465 1178 3504 ac
1209 3461 1412 3508 temere
1465 3457 1722 3525 cuiquam
1758 3462 1972 3516 contino

391 3533 489 3600 git,
557 3539 1017 3604 quemadmodum
1072 3542 1352 3598 mundana
1407 3549 1624 3616 generis
1675 3550 1967 3618 claritudo,

391 3638 514 3692 quae
548 3641 691 3696 saepe
737 3630 898 3684 etiam
947 3633 1015 3687 ad
1049 3634 1328 3705 improbos
1361 3646 1415 3692 et
1468 3641 1642 3696 malos
1687 3657 1784 3709 per
1830 3644 1971 3698 hanc

393 3714 673 3771 fortuitam
705 3720 1145 3780 vicissitudinem
1182 3743 1246 3781 ac
1281 3729 1477 3782 seriem
1504 3738 1708 3787 temere
1739 3749 1971 3790 manans

393 3806 658 3875 defertur,
679 3813 774 3866 sed
797 3831 917 3883 qua:
948 3833 1054 3870 non
1088 3820 1247 3873 aliter
1278 3829 1441 3889 atque
1467 3823 1651 3876 liberae
1672 3826 1970 3883 voluntatis

391 3901 661 3956 electione
690 3908 899 3974 acquiri
938 3917 1136 3975 potest.
1185 3912 1453 3982 Quotquot
1494 3917 1631 3968 enim
1667 3931 1970 3986 receperunt

391 4007 535 4055 cum,
569 3994 749 4062 inquit
791 3995 974 4050 divina
1027 4015 1152 4064 vox,
1208 4002 1352 4056 dedit
1421 4007 1497 4058 eis
1535 4017 1844 4076 potestatem
1901 4023 1968 4066 ut.

395 4082 498 4146 ﬁlii
531 4083 628 4136 Dei
659 4087 842 4152 ﬁerent
866 4089 905 4141 ί.
939 4088 1054 4154 Qua
1086 4093 1393 4160 nobilitate,
1430 4099 1558 4167 quid
1606 4101 1968 4170 splendidius,

391 4174 523 4240 quid
561 4175 864 4241 honestius,
896 4180 1025 4249 quid
1061 4187 1349 4253 augustius
1381 4203 1502 4244 esse
1544 4193 1753 4260 possit?
1787 4194 1970 4250 Patria

393 4278 520 4317 vero
551 4266 673 4320 aliis
699 4268 919 4336 quidem
952 4274 1208 4330 omnibus
1237 4276 1435 4334 fabulae
1468 4290 1630 4350 atque
1662 4296 1970 4343 commenta

391 4355 810 4429 dasmonumque
838 4359 1060 4418 fraudes
1089 4381 1153 4419 ac
1184 4368 1419 4425 ludibria
1452 4373 1718 4432 fabulosis
1771 4394 1970 4433 narra-

2077 1827 2285 1894 ἐφόδοις
2314 1827 2652 1882 ἐπαινεῖσθαι
2686 1826 2916 1897 ζητείτω
2953 1825 3045 1878 τὸν
3079 1821 3466 1894 πνευματικῶς
3505 1824 3670 1873 ἐπαιε

2074 1918 2355 1988 νούμενον.
2392 1919 2467 1972 Οὐ
2499 1918 2608 1989 γὰρ
2643 1918 2752 1972 ἀπὸ
2798 1916 2909 1970 τῶν
2955 1916 3158 1986 ὁμοίων
3191 1917 3324 1986 ἡμῖν
3348 1931 3406 1966 τε
3440 1913 3535 1968 καὶ
3558 1914 3674 1975 τοῖς

2072 2011 2252 2074 ἄλλοις
2278 2012 2311 2082 ή
2340 2010 2436 2064 τοῦ
2469 2010 2637 2065 κο.λοῦ
2661 2010 2842 2081 κρίσις
2870 2009 3050 2062 ἐστίν·
3082 2007 3206 2061 οὔτε
3227 2007 3326 2070 τὰς
3342 2005 3512 2068 αὑτάς
3539 2005 3670 2074 περὶ

2070 2102 2180 2156 τῶν
2209 2102 2387 2156 αὐτῶν
2420 2102 2718 2174 ὑπολήψεις
2751 2100 2902 2172 εὖροι
2929 2118 3012 2164 τις
3031 2100 3118 2166 ἂν,
3151 2103 3265 2164 τοῖς
3302 2117 3362 2153 τε
3395 2099 3536 2153 κατά
3575 2099 3696 2152 τὸνςο

2073 2195 2277 2265 κόσμον
2305 2194 2493 2263 ζῶσιν,
2525 2195 2618 2248 καὶ
2641 2195 2754 2256 τοῖς
2808 2192 3277 2264 ύπερανεστηκόσι
3310 2190 3402 2245 τοῦ
3436 2190 3668 2261 κόσμου.

2072 2286 2199 2349 Τοῖς
2230 2285 2330 2357 μὲν
2354 2286 2463 2354 γάρ
2496 2285 2644 2355 μέγα
2675 2301 2736 2338 τι
2759 2284 2910 2337 δοκεῖ
2946 2285 3041 2337 καὶ
3077 2283 3319 2353 σπουδῆς
3348 2282 3496 2346 ἄξιον
3524 2277 3670 2336 εἶναι

2072 2377 2322 2440 πλοῦτος,
2342 2377 2435 2430 καὶ
2457 2377 2632 2444 γένος,
2652 2374 2906 2439 καὶδόξα,
2928 2377 3022 2429 καὶ
3042 2375 3306 2445 κοσμικαὶ
3324 2373 3667 2437 δυναστεῖαι,

2070 2467 2164 2520 καὶ
2213 2465 2372 2537 μῦθοι
2403 2466 2502 2530 τὰς
2537 2466 2808 2538 πατρίδας
2845 2466 3144 2531 οἰκίζοντες
3166 2507 3182 2528 ,
3233 2467 3328 2519 καὶ
3353 2467 3423 2520 τά
3457 2464 3671 2534 φευκτὰ

2081 2560 2196 2621 τοῖς
2224 2573 2290 2626 γε
2318 2557 2443 2611 νοῦν
2471 2557 2655 2628 ἔχουσι
2695 2557 3032 2628 διηγήματα,
3057 2557 3314 2628 τρόπαια,
3350 2556 3454 2610 καὶ.
3473 2556 3667 2627 μάχαι,

2072 2651 2166 2704 καὶ
2199 2650 2266 2704 τὰ
2305 2653 2370 2704 ἐκ
2393 2649 2646 2720 πολέμων
2672 2650 2818 2704 κακά
2838 2667 2860 2680 α
2884 2649 2962 2720 τῷ
2991 2651 3046 2704 δὲ
3068 2649 3189 2703 καθ’
3221 2651 3368 2720 ἡμᾶς
3398 2649 3544 2718 λόγῳ
3570 2649 3671 2719 μία

2071 2743 2356 2812 τετίμηται
2389 2742 2608 2813 πατρὶς,
2637 2743 2665 2794 ὁ
2696 2741 3056 2812 παράδεισος,
3083 2743 3117 2811 ή
3142 2741 3334 2811 πρώτη
3360 2740 3455 2792 τοῦ
3474 2741 3672 2809 γένους

2069 2834 2178 2886 τῶν
2200 2832 2500 2903 ἀνθρώπων
2531 2833 2704 2886 ἐστία*
2737 2833 2836 2903 μία
2865 2833 3039 2896 πόλις,
3069 2834 3102 2902 ἡ
3135 2833 3478 2903 ἐπουράνιος,
3512 2833 3546 2901 ή
3578 2829 3672 2883 διά

2071 2923 2180 2974 τῶν
2207 2920 2422 2986 ζώντων
2450 2921 2612 2976 λίθων
2634 2921 3034 2992 συνῳκισμένη,
3059 2917 3128 2994 ἧς
3159 2920 3407 2991 τεχνίτης
3446 2920 3542 2973 καὶ
3573 2920 3671 2989 δη·

2076 3012 2332 3084 μιουργὸς
2354 3014 2384 3065 6
2404 3013 2531 3076 Θεός
2554 3030 2567 3044 ·
2593 3014 2692 3085 μία
2710 3015 2903 3084 γένους
2928 3029 2988 3065 σε
2997 3013 3262 3083 μνότης,ή
3282 3011 3419 3082 πρὸς
3431 3011 3521 3065 τὸν
3533 3011 3670 3064 Θεὸν

1997 3087 2040 3143 C
2079 3103 2402 3174 ἀγχιστείαο
2453 3103 2514 3156 οὐ
2560 3105 2702 3157 κατά
2747 3105 2809 3158 τὸ
2875 3104 3180 3175 αὐτόματόν
3230 3120 3335 3156 τινι
3381 3102 3665 3172 γινομένη,

2077 3197 2219 3251 κατά
2247 3196 2344 3268 τὴν
2379 3197 2448 3250 ἐν-
2481 3193 2559 3265 τῷ
2615 3195 2807 3266 κόσμῳ
2853 3195 3153 3264 εὐγένειαν,
3204 3195 3240 3265 ἢ
3284 3195 3378 3248 καὶ
3406 3194 3498 3246 ἐτῄ⁵
3538 3193 3669 3258 τοὺς

2077 3289 2313 3360 φαύλους
2343 3288 2602 3351 πολλάκις
2627 3288 2714 3341 διὰ
2741 3288 2842 3358 τῆς
2871 3287 3181 3358 αὐτομάτου
3205 3287 3413 3358 ταύτης
3439 3286 3670 3340 ἀκολου-

2077 3381 2199 3446 θίας
2235 3380 2432 3452 ῥέουσα
2483 3381 2732 3451 φέρεται,
2777 3380 2892 3433 ἀλλ’
2922 3381 2989 3451 ἢν
3024 3379 3123 3434 ούκ
3145 3380 3291 3433 ἐστιν
3313 3379 3504 3442 ἄλλως,
3537 3379 3571 3449 ἢ
3600 3379 3670 3431 ἐκ

2077 3474 2450 3546 προαιρέσεως
2481 3473 2802 3543 κτήσασθαι.
2840 3473 3016 3526 ’Ὅσοι
3058 3474 3166 3542 γὰρ
3198 3472 3418 3525 ἔλαϐον
3454 3469 3666 3533 αὑτὸν,

2077 3563 2240 3633 φησὶν
2269 3563 2302 3632 ἠ
2336 3560 2456 3614 θεία
2475 3559 2664 3631 φωνὴ,
2693 3559 2914 3613 ἔδωκεν
2931 3558 3136 3624 αὐτοῖς
3159 3557 3450 3621 ἐξουσίαν
3483 3555 3670 3609 τέκνα

2080 3651 2230 3706 Θεοῦ
2279 3650 2579 3720 γενέσθαι.
2633 3650 2746 3719 Τῆς
2793 3649 2850 3702 δὲ
2890 3647 3149 3716 τοιαύτης
3198 3645 3475 3714 εὐγενείας
3509 3645 3561 3698 τί
3598 3643 3670 3698 ἂν

2079 3743 2402 3815 σεμνότερον
2425 3743 2632 3811 γένοιτο
2651 3759 2666 3807 ;
2698 3742 2910 3812 Πάτρια
2929 3741 2984 3793 δὲ
3010 3742 3120 3803 τοῖς
3152 3739 3248 3808 μὲν
3271 3738 3451 3802 ἄλλοις
3471 3736 3665 3802 ἅπασι,

2081 3835 2240 3907 μῦθοι
2268 3836 2363 3888 καὶ
2400 3834 2718 3903 πλάσματα,
2741 3833 2838 3886 καὶ
2879 3831 3148 3902 δαιμόνων
3178 3831 3386 3884 ἀπάται
3434 3846 3662 3882 συνανα-

2081 3928 2413 3998 μεμιγμέναι
2434 3928 2544 3988 τοῖς
2573 3925 2818 3996 μυθικοῖς
2849 3923 3182 3993 διηγήμασιν
3203 3939 3216 3952 ·
3242 3922 3309 3974 τά
3338 3921 3396 3974 δὲ
3422 3919 3666 3990 ἡμέτερα

2077 4023 2302 4092 πάτρια,
2331 4020 2439 4072 τῶν
2466 4018 2840 4088 διηγουμένων
2857 4017 2957 4068 οὐκ
2990 4014 3284 4067 ἐπιδέεται.
3316 4014 3412 4075 Είς
3435 4012 3544 4082 γὰρ
3572 4011 3665 4063 τὸν

2077 4112 2304 4182 οὐρανόν
2331 4128 2414 4173 τις
2458 4108 2600 4171 ἰδὼν,
2633 4110 2726 4162 καὶ
2763 4110 2831 4161 τά
2864 4109 2921 4160 ἐν
2950 4105 3098 4176 αὐτῷ
3131 4106 3300 4176 κάλλη
3322 4145 3336 4166 ,
3363 4104 3458 4158 καὶ
3484 4104 3666 4156 πᾶσαν

2077 4203 2176 4273 τὴν
2197 4203 2373 4255 κτίσιν
2398 4201 2474 4273 τῷ
2506 4201 2606 4270 τῆς
2634 4201 2810 4271 ψυχῆς
2853 4197 3112 4268 ὀφθαλμῷ
3148 4199 3510 4266 κατανοήσας,
3536 4196 3664 4247 ὅσα-

2077 4311 2184 4364 περ
2203 4293 2281 4346 ἃν-
2327 4294 2385 4344 ἐν
2427 4293 2637 4354 τούτοις
2688 4291 2941 4361 θαύματα
3002 4290 3331 4343 καταλαϐεῖν
3379 4287 3662 4358 ὲξισχύσῃ,

2077 4386 2251 4439 ταῦτα
2280 4386 2380 4455 τῆς
2407 4385 2678 4456 ἡμετέρας
2705 4383 2958 4454 πατρίδος
2974 4384 3198 4452 εὑρήσει
3222 4381 3292 4434 τά
3319 4381 3628 4450 διηγήματα
3647 4395 3662 4408 ο

395 4447 644 4503 tionibus
703 4452 868 4506 simul
893 4456 1190 4524 permista:
1230 4468 1423 4515 nostra
1453 4474 1633 4520 autem
1667 4469 1843 4536 patria
1875 4486 1970 4524 ex-

2079 4477 2278 4546 μᾶλλον
2310 4443 2493 4528 sicin}
2531 4443 2701 4544 αύτῆς
2757 4443 2857 4543 τῆις
2909 4443 3188 4543 πατρίδος,
3221 4471 3358 4525 ἀλλά
3508 4473 3663 4524 ἀποι-

392 4541 731 4608 positoribus
763 4552 817 4597 et
874 4551 1256 4605 narratoribus
1295 4568 1431 4622 opus
1465 4572 1574 4610 non
1612 4559 1796 4615 habet.
1834 4561 1966 4616 Nam

391 4631 436 4683 si
462 4632 588 4700 quis
618 4634 818 4686 cwlum
866 4641 1207 4708 suspexerit,
1256 4659 1429 4714 eaque
1484 4663 1607 4716 quite
1664 4650 1799 4704 inibi
1840 4661 1969 4706 sunt

390 4735 734 4787 ornamenta,
761 4735 816 4781 et
850 4744 1066 4785 omnem
1099 4743 1409 4791 creaturam
1443 4740 1609 4794 animi
1647 4744 1806 4797 oculo
1835 4759 1968 4799 con-

391 4817 734 4883 sideraverit,
758 4837 1099 4893 quaecunque
1118 4827 1173 4880 in
1197 4827 1279 4881 his
1317 4830 1578 4885 miracula
1605 4837 1967 4904 comprehen-

389 4906 520 4961 dere
548 4913 805 4977 poluerit,
840 4913 937 4968 has
969 4925 1172 4970 nostrae
1222 4921 1413 4987 patriae
1430 4925 1666 4992 reperiet
1695 4929 1968 4982 narratio-

390 5012 489 5049 ncs
507 5016 519 5050 :
539 4998 646 5050 imo
664 5015 793 5053 vero
810 5017 917 5056 non
941 5003 1113 5072 ipsius
1138 5011 1347 5074 patriae,
1366 5010 1459 5062 sed
1481 5012 1731 5078 coloniae,
1751 5032 1914 5085 quam
1936 5033 1967 5072 a

390 5087 709 5144 sublimiore
722 5092 830 5145 vita
849 5093 1033 5162 rejecti
1053 5103 1108 5149 et
1127 5098 1346 5167 relegati
1367 5103 1627 5154 mundum
1643 5116 1966 5172 prwseiitein

390 5180 651 5233 nimirum
677 5187 914 5238 assecuti
939 5203 1152 5242 sumus.
1182 5187 1336 5254 Quod
1370 5191 1417 5245 si
1451 5193 1579 5248 talis
1609 5204 1694 5248 est
1727 5199 1965 5264 colonia,

391 5271 706 5327 existimare
742 5284 974 5346 oportet,
1004 5279 1185 5348 qualis
1221 5281 1292 5334 sit
1316 5297 1379 5336 ea
1409 5285 1557 5349 urbs,
1589 5287 1732 5341 unde
1755 5291 1968 5344 colonia

394 5361 624 5417 deducta
661 5375 768 5428 est,
809 5385 930 5436 qua:
959 5371 1030 5423 sit
1062 5372 1115 5424 in
1148 5387 1210 5426 ea
1242 5376 1611 5442 pulchritudo,
1642 5395 1764 5448 quae
1797 5383 1868 5435 sit
1914 5384 1966 5436 in

393 5466 454 5502 ea
486 5454 652 5523 regia,
677 5472 798 5524 quae
832 5459 1061 5516 beatitas
1090 5475 1282 5516 eorum
1325 5466 1525 5534 quibus
1556 5469 1644 5522 illa
1702 5470 1968 5527 habitatio

393 5546 636 5600 obvenit.
669 5548 802 5604 Nam
829 5553 873 5606 si
911 5568 995 5621 ea,
1031 5571 1152 5624 qua:
1187 5557 1240 5611 in
1268 5560 1430 5616 rebus
1467 5564 1667 5618 creatis
1703 5579 1969 5635 apparent

390 5634 663 5703 ejusmodi
693 5650 840 5707 sunt,
887 5653 945 5697 ut
991 5648 1140 5701 nulla
1183 5651 1434 5707 oratione
1483 5634 1789 5724 explicari,
1819 5661 1970 5716 nulla

473 5817 485 5846 ’
519 5813 683 5870 llcbr.
719 5832 766 5869 xl
794 5857 806 5881 ,
853 5819 932 5876 lO.
1013 5825 1028 5853 '
1059 5821 1215 5879 Joan.
1254 5843 1290 5889 ι,
1331 5829 1410 5882 l2.

2075 4569 2222 4633 κίας,
2261 4570 2326 4640 ἢν
2353 4568 2462 4621 ἀπὸ
2486 4569 2584 4636 τῆς
2608 4567 2943 4638 ὑψηλοτέρας
2977 4567 3118 4634 ζωῆς
3145 4565 3551 4626 ἀποικισθέντες
3570 4563 3661 4616 τὸν

2071 4663 2317 4732 παρόντα
2337 4659 2739 4730 κατειλήφαμεν
2760 4659 2983 4728 κόσμον.
3012 4659 3073 4709 Ei
3094 4657 3150 4709 δὲ
3175 4659 3208 4727 ὴ
3235 4657 3462 4709 ἀποικία
3480 4654 3662 4708 τοιαύ-

2068 4767 2135 4820 τη
2157 4791 2170 4812 ,
2211 4748 2528 4817 λογίσασθαι
2557 4749 2662 4817 χρὴ
2687 4748 2770 4807 τίς
2797 4748 2829 4816 ἡ
2865 4747 2967 4816 τῆς
3003 4747 3262 4809 ἀποικίας
3303 4745 3657 4815 μητρόπολις,

2066 4842 2122 4894 τί
2153 4839 2215 4892 τὸ
2246 4841 2304 4892 ἐν
2326 4839 2507 4911 ἐκείνῃ
2548 4839 2762 4901 κάλλος,
2785 4833 2872 4891 οἷα
2909 4840 2966 4890 ἐν
3006 4839 3142 4908 αὐτῇ
3178 4839 3248 4890 τὰ
3279 4837 3541 4907 βασίλεια,
3574 4835 3661 4898 τίς

2075 4931 2110 5000 ή
2153 4929 2492 5000 μακαριότης
2534 4929 2643 4982 τῶν
2695 4928 2915 4998 ἐκείνην
2943 4928 3241 4998 εἰληφότων
3277 4927 3377 4998 τὴν
3422 4926 3658 4992 οίῖκησιν.

2076 5024 2141 5076 El
2163 5021 2273 5093 γὰρ
2299 5023 2368 5074 τὰ
2395 5021 2695 5092 φαινόμενα
2738 5021 2880 5074 κατά
2923 5020 3022 5090 τὴν
3069 5021 3247 5073 κτίσιν
3297 5017 3539 5080 τοιαῦτα,
3583 5017 3660 5079 ὡς

2079 5115 2218 5185 ὑπὲρ
2234 5113 2452 5166 ἔπαινον
2483 5109 2722 5166 εἶναιίτί
2751 5113 2855 5183 χρὴ
2878 5113 2940 5166 τὸ
2968 5114 3108 5185 ὑπὲρ
3129 5113 3300 5165 τοῦτο.
3319 5110 3657 5178 λογίσασθαι,

2076 5205 2106 5258 ὃ
2135 5205 2272 5276 μήτε
2297 5203 2559 5274 ὀφθαλμῷ
2591 5203 2775 5256 λαϐεῖν
2803 5203 3026 5256 δυνατόν
3065 5206 3200 5266 ἐστι,
3234 5204 3370 5273 μήτε
3411 5201 3659 5272 χωρῆσαι

2077 5299 2143 5366 τῇ
2174 5298 2333 5367 ἀκοῇ,
2369 5298 2504 5366 μήτε
2529 5296 2736 5366 διανοίᾳ
2769 5296 3132 5367 στοχάσασθαι
3155 5296 3291 5362 ;Διά
3327 5295 3530 5363 ταύτης
3559 5293 3658 5358 τῆς

2078 5390 2452 5458 πνευματικῆς
2509 5387 2782 5459 εὐφημίας
2843 5389 2952 5440 τῶν
2995 5385 3492 5458 ἐγκωμιαζομένων
3528 5385 3660 5437 ἀπο-

2077 5480 2250 5550 κρίνει
2281 5482 2406 5542 τοὺς
2434 5480 2584 5534 κάτω
2604 5481 2804 5552 λήρους
2827 5484 2855 5534 ὸ
2885 5481 3024 5543 θεῖος
3052 5479 3160 5531 τῶν
3194 5480 3483 5548 ἐγκωμίων
3506 5476 3657 5529 ἔπαι-

2077 5589 2186 5636 νος,
2231 5573 2454 5644 αἰσχρὸν
2503 5568 2641 5626 εἶναι
2665 5573 2864 5645 κρίνων
2921 5575 3045 5635 τοὺς
3100 5572 3210 5626 ἀπὸ
3250 5569 3359 5623 τῶν
3404 5566 3655 5620 τοιούτων

2079 5664 2454 5736 ἐγνωσμένους
2486 5664 2575 5720 διὰ
2620 5665 2727 5719 τῶν
2755 5665 2896 5720 κατά
2925 5666 3021 5733 τὴν
3045 5663 3145 5735 γῆν
3173 5662 3370 5734 τιμίων
3408 5657 3657 5730 σεμνύνε-
