4050 6164
419 185 524 244 εςιι

1403 185 1497 243 DE
1523 187 1690 246 VITA
1723 190 1782 248 S.
1823 191 2152 249 GBEGORII
2199 192 2722 253 THAUMATURGI.

3567 200 3674 256 89d

423 305 571 360 σθαι.
618 300 896 374 Κοσμικὸς
950 301 1050 372 μὲν
1068 301 1186 374 γάρ
1216 319 1299 366 τις
1341 304 1483 375 ἀνὴρ
1512 306 1650 374 πρὸς
1685 307 1783 377 τὴν
1813 307 2001 377 ὑλικὴν

2108 309 2319 364 ratione
2353 309 2744 380 comprehendi
2791 310 3038 380 possint:
3083 309 3211 380 quid
3250 311 3321 366 de
3360 312 3427 367 iis
3485 315 3676 369 existi-

423 394 769 467 εὐδαιμονίαν
805 393 1147 456 ἀποϐλέπων,
1175 392 1356 446 ἐκτῶν
1379 393 1634 448 τοιούτων
1663 398 1776 457 τοῖς
1801 395 2003 464 ἀνθρώ-

424 507 547 552 ποις
580 484 879 557 ἐρανιζὲτω
932 485 1023 537 τὸν
1065 484 1304 548 ἔπαινον,
1352 486 1401 537 εί
1435 485 1632 556 πατρίς
1653 502 1758 538 τινι
1783 486 2003 554 γέγονεν

422 579 650 650 εὔφορος
685 575 1064 646 βοσκημάτων,
1084 577 1131 628 εί
1157 575 1440 643 γειτνιῶσα
1466 576 1708 630 θάλασσα
1721 577 2003 642 πλεονάζει

421 671 488 724 δι’
519 670 714 740 ἑαυτῆς
737 671 850 729 τοῖς
872 666 1242 738 λαιμαργοῦσι
1269 666 1364 730 τὰς
1397 665 1548 730 ὔλας,
1575 667 1622 719 εί
1647 666 1810 720 λίθων
1837 667 2004 720 ἐπάλο

421 762 570 832 ληλοι
587 761 762 822 Θέσεις
783 757 1234 821 τάς-κατασκευὰς
1253 757 1702 822 καλλωπίζουσιν.
1721 759 1777 810 '0
1790 756 1846 810 δὲ
1867 757 2004 828 πρὸς

419 851 510 906 τὸν
527 851 638 905 ἄνω
673 849 788 920 βίον
823 849 1057 919 βλέπων,
1101 837 1145 916 ᾧ
1187 847 1381 912 κάλλος
1413 848 1510 918 μέν
1545 849 1691 901 ἐστιν
1721 848 1876 919 ήτῆς
1900 847 2002 917 ψυ-

419 941 524 1012 χῆς
552 939 862 1010 καθαρότης
885 954 899 968 ·
933 939 1158 1001 πλοῦτος
1186 938 1263 1003 δὲ,
1301 939 1334 1005 ἡ
1381 938 1734 1009 ἀκτημοσύνη
1759 955 1772 969 ·
1803 939 2002 1010 πατρὶς

419 1033 497 1099 δὲ,
529 1036 562 1106 ἡ
597 1035 763 1105 ἀρετή
790 1050 802 1062 ο
826 1031 978 1094 πόλις
1015 1031 1094 1096 δὲ,
1123 1031 1262 1084 αὐτὰ
1309 1029 1403 1083 τοῦ
1431 1030 1565 1084 Θεοῦ
1611 1031 1680 1084 τὰ
1713 1031 1960 1102 βασίλεια
1985 1049 2000 1064 ο

421 1125 624 1188 ὄνειδος
668 1123 765 1195 τὴν
811 1124 867 1175 ἐν
917 1125 1029 1186 τοῖς
1084 1122 1292 1192 γηῒνοις
1345 1120 1652 1192 φιλοτιμίαν
1697 1124 1998 1192 ποιήσεται.

423 1213 636 1272 Οὐκοῦν
687 1215 1018 1276 ἀποστάντες
1055 1213 1148 1265 καὶ
1189 1214 1347 1282 ἡμεῖς
1389 1211 1498 1264 τῶν
1538 1211 1794 1266 τοιούτων
1841 1214 2002 1266 ἐπαί-

423 1325 550 1374 νων,
606 1307 728 1361 ούτε
772 1307 870 1377 τὴν
917 1305 1154 1376 πατρίδα
1205 1306 1316 1366 τοῖς
1341 1304 1582 1367 ἐπαίνοις
1621 1303 1714 1357 τοῦ
1747 1305 1999 1373 Μεγάλου

422 1399 723 1471 Γρηγορίου
747 1396 1150 1469 προσθήσομεν,
1197 1394 1320 1448 οὔτε
1359 1395 1656 1465 προγόνους
1681 1397 1760 1460 είς
1790 1412 2001 1465 συμμα-

421 1491 544 1562 χίαν
565 1492 677 1544 τῶν
706 1489 995 1559 ἐγκωμίων
1018 1486 1470 1559 παραληψόμεθα,
1493 1485 1691 1549 εἰδότες
1723 1487 1803 1540 ὅτι
1827 1489 2002 1550 οὐδεὶς

421 1583 626 1654 ἀληθής
669 1584 816 1635 ἐστιν
874 1582 1111 1644 ἔπαινος,
1158 1580 1216 1642 ὃς
1247 1572 1424 1648 ἀν’μὴ
1453 1577 1560 1630 τῶν
1594 1579 1999 1648 ἐπαινουμένων

2105 401 2360 454 mandum
2397 412 2500 464 est,
2522 416 2644 470 quae
2667 415 2832 471 supra
2871 400 2986 455 haec
3017 409 3165 468 sunt,
3198 417 3318 472 qua:
3339 417 3514 472 neque
3544 419 3678 459 oeu-

2103 489 2155 543 lo
2186 491 2578 560 comprehendi
2635 499 2885 561 possunt,
2940 507 3117 562 neque
3160 493 3386 548 auribus
3442 495 3676 565 percipi,

2103 595 2281 649 neque
2327 581 2526 636 mentis
2575 589 2631 635 et
2674 581 3045 652 intelligentiae
3092 583 3444 652 conjecturis,
3489 586 3676 654 qualia

2103 669 2236 735 sint,
2273 670 2514 738 judicari
2550 682 2603 726 et
2631 673 2936 727 existimari
2963 681 3140 740 potest
3168 675 3192 729 Ἰ
3254 675 3354 730 Per
3379 675 3520 730 hanc
3563 679 3677 746 spi-

2102 760 2355 814 ritualem
2380 761 2616 827 laudem,
2649 762 2717 816 ab
2743 763 2811 817 iis
2837 763 2932 832 qui
2963 764 3438 832 commendantur,
3493 767 3677 822 divina

2103 850 2482 905 laudationum
2518 852 2600 906 lex
2643 853 2888 910 infernas
2920 854 3018 909 has
3065 871 3236 926 nugas
3279 867 3441 927 atque
3476 859 3678 914 delira-

2103 949 2287 996 menta
2316 943 2557 997 secernit
2583 955 2639 998 et
2658 944 2928 1010 excludit,
2969 956 3128 1016 turpe
3163 955 3326 1017 atque
3355 950 3676 1005 indecorum

2101 1049 2228 1088 esse
2280 1033 2544 1104 judicans
2607 1051 2733 1099 eos,
2803 1038 2896 1106 qui
2947 1048 3166 1107 propter
3215 1040 3484 1109 ejusmodi
3535 1041 3677 1096 bona

2103 1125 2218 1178 noti
2259 1133 2409 1190 sunt,
2445 1141 2540 1194 per
2569 1141 2662 1181 eas
2696 1142 2783 1182 res
2842 1143 2962 1196 quae
3018 1129 3072 1182 in
3109 1137 3256 1183 terra
3318 1131 3676 1194 habenturin

2103 1217 2295 1283 pretio,
2325 1217 2589 1271 celebrari
2615 1225 2778 1286 atque
2812 1219 3115 1272 honestari.
3165 1219 3298 1272 Nam
3356 1222 3401 1275 si
3455 1222 3674 1292 quidem

2102 1307 2304 1376 aliquis
2330 1315 2414 1361 est
2436 1309 2598 1362 homo
2622 1307 2952 1372 mundanus,
2977 1309 3068 1378 qui
3098 1313 3432 1366 materialem
3467 1320 3678 1382 spectat

2102 1395 2443 1462 felicitatem,
2485 1399 2533 1452 is
2567 1414 2632 1454 ex
2663 1397 2974 1467 huiusmodi
3004 1399 3169 1452 rebus
3200 1399 3414 1453 laudem
3440 1401 3679 1455 homini-

2101 1489 2204 1543 bus
2235 1499 2506 1559 cor-roget,
2546 1491 2590 1544 si
2623 1491 2710 1544 cui
2750 1491 2925 1560 patria
2956 1505 3214 1560 pecorum
3250 1489 3398 1545 ferax
3431 1493 3680 1563 contige-

2106 1579 2198 1640 rit,
2234 1579 2280 1634 si
2319 1594 2470 1633 mare
2503 1579 2738 1633 vicinum
2777 1580 2914 1648 gula:
2950 1579 3147 1635 deditis
3182 1596 3277 1650 per
3310 1595 3430 1634 sese
3462 1580 3681 1637 abunde

425 1676 554 1737 ῐδιος
665 1676 823 1728 ἰδιον
843 1675 900 1728 δέ
928 1690 1137 1744 φαμεν,
1163 1672 1191 1725 ὃ
1218 1671 1458 1742 διαμένει
1489 1671 1704 1734 πάντως
1739 1671 1819 1734 είς
1842 1673 1900 1724 τὸ
1923 1671 1998 1724 δι-

2104 1685 2190 1724 res
2219 1677 2374 1738 aptas
2409 1669 2474 1724 ad
2505 1670 2834 1726 vescendum
2880 1671 3207 1740 suppeditat,
3249 1672 3295 1726 si
3337 1671 3545 1740 lapides
3584 1672 3677 1725 alii

421 1769 616 1837 ηνεκές
635 1767 1014 1836 ἀναφαίρετον.

2104 1761 2230 1816 aliis
2270 1759 2677 1830 superimpositi
2722 1761 2951 1816 aediﬁcia
2993 1770 3281 1818 exornent.
3327 1762 3397 1815 At
3444 1762 3538 1832 qui
3583 1777 3681 1818 su-

422 1875 610 1930 peram
657 1858 886 1929 suspicit
932 1857 1114 1920 vitam,
1161 1854 1252 1909 cui
1296 1850 1642 1922 pulchritudo
1687 1860 1850 1922 atque
1895 1861 2274 1908 ornamentum
2312 1854 2480 1908 animi
2516 1853 2725 1924 puritas
2755 1862 2878 1920 est;
2931 1854 3022 1908 cui
3053 1854 3275 1920 divitiae,
3317 1856 3544 1925 inepia;
3587 1857 3678 1911 cui

427 1953 619 2022 patria,
646 1950 854 2014 virtus;
883 1949 969 2002 cui
995 1947 1211 2010 civitas,
1237 1946 1368 2000 item
1415 1945 1534 2013 ipsa
1583 1959 1746 2014 regna
1784 1944 1899 2011 Dei,
1937 1946 1990 2000 in
2039 1947 2203 2001 rebus
2237 1945 2475 2002 terrenis
2521 1944 2978 2016 magniﬁcentiam
3014 1955 3068 2000 et
3109 1948 3531 2004 ostentationem
3571 1949 3678 2005 sibi

423 2049 626 2119 probro
656 2053 819 2114 atque
847 2043 1099 2099 dedecori
1129 2057 1252 2098 esse
1283 2042 1466 2096 ducet.
1499 2038 1864 2106 Quamobrem
1895 2043 2059 2097 etiam
2104 2057 2205 2097 nos
2243 2042 2467 2098 omissis
2498 2041 2771 2111 ejusmodi
2792 2041 3054 2119 laudibus
3087 2057 3263 2113 neque
3293 2046 3524 2113 patriam
3553 2047 3678 2100 lau-

421 2135 582 2190 dibus
619 2134 798 2204 Magni
838 2133 1084 2203 Gregorii
1130 2131 1478 2200 adjiciemus,
1511 2145 1690 2200 neque
1726 2131 1965 2200 majores
2011 2133 2066 2186 in
2102 2132 2411 2188 subsidium
2445 2132 2820 2186 laudationum
2853 2148 3221 2199 assumemus,
3256 2135 3492 2191 scientes
3529 2137 3680 2206 quod

418 2231 571 2283 nulla
598 2245 724 2284 vera
750 2228 822 2281 sit
853 2227 972 2282 laus
1009 2240 1129 2294 quae
1156 2240 1368 2290 eorum,
1403 2223 1494 2293 qui
1534 2223 1846 2289 laudantur,
1892 2225 2113 2293 propria
2161 2241 2272 2280 non
2305 2225 2399 2278 sit.
2431 2222 2722 2302 Proprium
2760 2231 2941 2278 autem
2977 2223 3234 2294 dicimus,
3267 2225 3413 2296 quod
3446 2243 3680 2297 prorsus

417 2329 740 2390 perpetuum
775 2319 850 2372 ita
881 2319 1183 2387 permanet,
1213 2327 1268 2371 ut
1295 2315 1462 2370 adimi
1495 2315 1767 2370 auferrive
1795 2330 1900 2369 non
1931 2317 2128 2385 possit.

506 2412 662 2466 Ἐπεὶ
694 2406 787 2464 οὖν
817 2410 1034 2463 πάντων
1063 2407 1443 2479 χωριζόμενοι,
1474 2406 1727 2471 πλούτου,
1762 2423 1998 2477 περιφα-

421 2504 588 2568 νείας,
619 2503 797 2573 δόξης,
820 2501 1008 2570 τιμῆς,
1041 2498 1274 2568 τρυφῆς,
1298 2497 1672 2562 ἀπολαύσεως,
1700 2496 1998 2566 συγγενῶν,

417 2596 622 2667 φίλων,
659 2593 827 2665 μόνης
859 2592 954 2661 τῆς
985 2591 1129 2645 κατά
1174 2589 1370 2644 κακίαν
1403 2589 1437 2661 ἢ
1471 2589 1672 2660 ἀρετὴν
1709 2588 1997 2652 διαθέσεως

410 2687 714 2759 ἀχώριστοι
747 2683 979 2754 μένομεν
1003 2696 1016 2709 ⁸
1062 2680 1222 2752 μόνον
1251 2681 1509 2750 κρίνομεν
1541 2677 1877 2750 μακαριστὸν
1908 2678 1999 2731 τὸν

413 2778 698 2848 ἐνάρετον.
747 2773 857 2827 Καί
907 2789 974 2844 με
1035 2770 1227 2842 μηδεὶς
1273 2770 1470 2823 οἰέσθω
1516 2770 1594 2841 τῷ
1643 2771 1807 2841 μηδὲν
1856 2771 2002 2841 ἔχειν

413 2869 621 2940 σεμνὸν
647 2867 775 2938 περὶ
808 2866 906 2936 τῆς
940 2863 1194 2933 πατρίδος
1213 2900 1228 2926 ,
1261 2861 1293 2932 ἢ
1327 2859 1436 2914 τῶν
1469 2863 1750 2932 προγόνων
1779 2861 1872 2915 τοῦ
1905 2864 2002 2916 ἀν-

419 2960 545 3032 δρδς
579 2955 973 3028 διηγήσασθαι,
1020 2955 1077 3007 ἐν
1123 2953 1360 3024 σχήματι
1391 2953 1486 3005 τοῦ
1519 2952 1694 3007 δοκεῖν
1741 2956 2002 3025 περιορᾷν

421 3050 531 3105 τῶν
558 3049 812 3103 τοιούτων
846 3045 1241 3100 ὑπεκκλέπτειν
1272 3044 1334 3097 τὸ
1366 3044 1586 3108 όνειδος.
1638 3043 1734 3107 Τίς
1761 3044 1870 3115 γάρ
1901 3046 2003 3098 οὐκ

2175 2407 2446 2473 Quoniam
2479 2406 2647 2477 igitur
2673 2422 2799 2460 cum
2829 2408 3013 2462 omnia
3045 2407 3203 2462 nobis
3239 2409 3565 2480 eripiantur,
3601 2413 3683 2468 di-

2104 2499 2268 2565 vitias,
2303 2499 2598 2564 claritudo,
2641 2497 2836 2569 gloria,
2870 2500 3066 2565 honor,
3110 2501 3335 2570 deliciae,
3379 2511 3542 2572 atque
3587 2505 3678 2559 lu-

2105 2606 2226 2654 xus,
2261 2591 2511 2659 voluptas
2535 2596 2589 2645 et
2614 2591 2932 2656 oblectatio,
2983 2593 3224 2661 cognati,
3271 2594 3433 2648 amici
3455 2599 3492 2663 ,'
3525 2597 3679 2655 solus

2107 2679 2197 2735 ille
2232 2681 2452 2737 habitus
2484 2689 2539 2736 et
2573 2680 2822 2745 aﬂ‘eetus,
2845 2697 2956 2752 quo
2983 2683 3064 2738 vel
3097 2699 3223 2738 cum
3259 2687 3391 2741 vitio
3415 2688 3497 2743 vel
3549 2704 3677 2744 eum

2107 2771 2310 2826 virtute
2343 2771 2622 2842 conjuncti
2654 2785 2867 2834 sumus,
2901 2772 2975 2826 ita
3017 2774 3175 2828 nobis
3210 2774 3456 2843 inhaeret,
3496 2789 3553 2832 ut
3588 2795 3680 2834 se-

2107 2863 2286 2930 parari
2323 2869 2378 2917 et
2403 2861 2606 2916 auferri
2648 2877 2754 2918 non
2786 2864 2960 2931 possit
2989 2880 3004 2918 :
3033 2864 3208 2919 solum
3234 2865 3450 2921 beatum
3483 2867 3659 2923 haben

2105 2952 2235 3007 dum
2267 2967 2391 3008 esse
2419 2952 2736 3023 judicamus
2766 2969 2912 3022 cum,
2937 2955 3030 3025 qui
3058 2957 3255 3012 virtute
3286 2959 3550 3027 praeditus
3583 2962 3677 3018 sit.

2061 3066 2071 3074 υ
2106 3043 2186 3098 Ac
2213 3059 2373 3100 nemo
2401 3051 2553 3115 putet
2585 3060 2670 3098 me
2699 3044 2838 3099 nihil
2866 3047 3106 3115 amplum
3133 3056 3296 3118 atque
3326 3052 3675 3121 magniﬁcum

411 3137 530 3197 υοῖδε
576 3141 675 3214 τὴν
716 3138 1030 3209 ἐπωνυμίαν
1071 3136 1164 3190 τοῦ
1216 3137 1412 3190 πόντου
1446 3136 1545 3207 τὴν
1583 3135 1735 3206 παρὰ
1777 3136 1994 3190 πάντων

2106 3137 2174 3191 de
2210 3137 2385 3208 patria
2443 3137 2817 3207 majoribusve
2865 3137 2968 3191 viri
3007 3153 3169 3209 posse
3228 3120 3678 3208 commemorare,

411 3231 726 3304 ἀνθρώπων
757 3229 879 3283 κατ’
909 3227 1186 3298 ἐξαίρετον
1219 3225 1570 3280 ἀνατεθεῖσαν
1601 3225 1680 3296 τῷ
1717 3225 1859 3280 ἔθνει
1881 3265 1896 3291 ,
1936 3226 2000 3280 δι’

417 3317 490 3396 ἧς
515 3323 623 3376 τῶν
649 3321 708 3387 ἐξ
740 3319 916 3390 ἀρχῆς
945 3317 1236 3388 εἰληχότων
1272 3317 1364 3370 τὸν
1394 3317 1570 3388 χῶρον
1594 3320 1626 3387 ἠ
1655 3317 1824 3388 ἀρετὴ
1859 3334 2001 3389 μαρ-

420 3417 703 3487 τυρεῖταις
737 3412 915 3474 Μόνος
938 3411 1046 3482 γάρ
1064 3412 1124 3475 ἐξ
1146 3411 1362 3480 ἀπάσης
1383 3410 1486 3480 γῆς
1515 3426 1572 3463 τε
1600 3410 1694 3463 καὶ⁹
1722 3409 2001 3481 θαλάσσης

415 3503 631 3571 οὗτοςό
660 3504 851 3568 πόντος
889 3501 1140 3569 Εὔξεινος
1178 3501 1538 3571 ὀνομάζεται,
1578 3501 1689 3554 εἴτε
1722 3500 1822 3572 τὴν
1867 3502 2003 3573 πρὸς

422 3598 550 3660 τοὺς
579 3593 982 3664 ἐπιδημοῦντας
1019 3590 1129 3645 τῶν
1161 3590 1328 3658 ξένων
1364 3590 1761 3663 φιλοφροσύνην
1795 3609 2004 3663 μαρτυ-

420 3688 648 3764 ροῦντος
688 3687 872 3748 αὐτοῖς
901 3683 995 3737 τοῦ
1031 3683 1294 3752 ὀνόματος
1316 3721 1332 3747 ,
1377 3681 1487 3734 εἴτε
1519 3681 1613 3734 καὶ
1640 3682 1724 3734 ὅτι
1763 3681 2004 3745 τοιοῦτος

419 3784 454 3837 ὁ
496 3780 672 3853 χῶρός
720 3778 889 3839 ἐστιν,
918 3775 994 3838 ὼς
1027 3773 1101 3845 μὴ
1138 3773 1298 3843 μόνον
1343 3775 1456 3835 τοῖς
1497 3771 1784 3843 ἐγχωρίοις
1824 3789 1882 3825 τε
1911 3773 2005 3826 καὶ

421 3873 761 3943 αὐτόχθοσιν,
811 3867 948 3924 ἀλλά
990 3866 1086 3919 καὶ
1125 3868 1238 3928 τοῖς
1286 3865 1656 3935 ἁπανταχόθεν
1711 3866 1790 3927 είς
1843 3864 2004 3918 αὐτὸν

427 3962 710 4034 φοιτῶσιν,
745 3958 844 4024 τὰς
870 3956 1008 4028 πρὸς
1034 3955 1094 4008 τὸ
1121 3955 1216 4025 ζῇν
1251 3954 1603 4026 παρασκευάς
1632 3952 1878 4022 ἀφθόνως
1908 3971 2006 4024 χα-

426 4054 695 4127 ρίζεσθαι.
724 4049 957 4120 Τοιαύτη
992 4046 1102 4117 γὰρ
1135 4051 1168 4118 ἡ
1193 4047 1354 4115 φύσις
1387 4046 1485 4116 τῆς
1522 4044 1706 4114 χώρας
1725 4084 1740 4109 ,
1768 4043 1843 4108 ὡς
1871 4044 2005 4099 πάν-

423 4164 533 4202 των
564 4146 674 4200 τῶν
703 4145 836 4216 πρὸς
865 4144 963 4212 τὴν
992 4140 1136 4212 ζωὴν
1158 4140 1474 4208 ἀναγκαίων
1509 4139 1799 4210 πάμφορος
1827 4135 1965 4194 εἶναι
1985 4181 2001 4204 ,

424 4238 523 4294 καὶ
543 4235 756 4310 μηδέΜ
773 4237 880 4290 τῶν
902 4234 1032 4306 παρ’
1051 4234 1257 4302 ἑτέροις
1283 4230 1502 4299 ἀγαθῶν
1524 4231 1794 4302 ἀμοιρεῖν,
1811 4234 1887 4295 ὡς
1908 4234 2003 4288 καὶ

422 4331 526 4403 τῆς
565 4329 836 4399 θαλάσσης
869 4328 1050 4389 αὐτοῖς
1099 4325 1204 4378 ῖδια
1235 4323 1303 4376 τὰ
1343 4322 1678 4392 πανταχόθεν
1719 4324 1997 4394 ποιούσης.

2106 3227 2202 3283 sed
2233 3228 2338 3284 sub
2364 3227 2546 3299 specie
2573 3236 2739 3299 atque
2772 3236 3040 3299 praetextu
3070 3232 3496 3301 contemptionis
3534 3234 3682 3304 ejus-

2104 3319 2252 3373 modi
2280 3335 2460 3374 rerum
2492 3317 2730 3374 dedecus
2753 3327 2917 3390 atque
2942 3320 3334 3390 turpitudinem
3363 3326 3520 3393 quasi
3553 3328 3678 3383 sub-

2103 3411 2306 3467 ducere
2355 3419 2518 3482 atque
2548 3411 2828 3470 suffurari.
2874 3411 3010 3478 Quis
3057 3413 3201 3468 enim
3232 3414 3446 3484 ignorat
3476 3433 3680 3488 cogno-

2105 3522 2229 3562 men
2261 3506 2445 3571 Ponti,
2474 3506 2619 3576 quod
2651 3506 2720 3560 ab
2757 3505 3016 3561 omnibus
3063 3507 3378 3563 hominibus
3417 3516 3676 3580 tanquam

2103 3598 2439 3668 praecipuum
2469 3596 2732 3667 quiddam
2761 3611 2826 3650 ac
2858 3597 3136 3667 peculiare
3159 3599 3305 3667 genti
3357 3598 3675 3668 impositum

2104 3697 2269 3758 atque
2302 3689 2566 3743 tributum
2605 3695 2711 3754 est,
2744 3702 2840 3756 per
2861 3687 3006 3757 quod
3033 3703 3246 3754 eorum,
3276 3689 3478 3758 quibus
3523 3692 3680 3749 locus

2105 3780 2174 3834 ab
2199 3780 2354 3834 initio
2382 3779 2625 3846 obvenit,
2663 3779 2836 3834 virtus
2865 3781 3308 3840 demonstratur?
3336 3781 3497 3838 Solus
3529 3785 3679 3840 enim

2103 3885 2168 3924 ex
2225 3870 2372 3924 omni
2413 3877 2558 3923 terra
2610 3868 2858 3939 marique
2885 3869 2971 3922 hic
3019 3867 3250 3936 Pontus,
3303 3869 3564 3938 εῠξεινος,
3622 3874 3678 3930 id

2103 3969 2222 4022 est,
2285 3960 2604 4028 hospitalis,
2673 3959 2984 4028 hospitibus
3046 3967 3098 4016 et
3168 3963 3471 4033 peregrinis
3522 3979 3677 4020 com-

2104 4049 2300 4106 modus
2350 4057 2404 4105 et
2453 4049 2629 4103 bonus
2677 4048 3027 4114 nominatur,
3081 4049 3195 4104 sive
3256 4053 3570 4109 comitatem
3625 4066 3680 4111 ct

2104 4138 2497 4194 humanitatem
2565 4138 2684 4207 ejus
2755 4153 2882 4207 erga
2943 4138 3180 4194 advenas
3238 4149 3291 4196 et
3358 4148 3676 4215 peregrinos

2105 4227 2236 4280 inibi
2270 4236 2549 4282 versantes
2587 4235 2883 4282 attestante
2917 4229 3184 4282 vocabulo
3216 4248 3230 4296 ;
3287 4233 3401 4287 sive
3449 4235 3676 4300 idcirco,

2103 4319 2248 4388 quod
2285 4320 2437 4373 locus
2470 4318 2736 4388 ejusmodi
2773 4326 2878 4383 cst,
2917 4329 2975 4371 ut
3013 4335 3122 4373 non
3158 4321 3319 4375 modo
3383 4322 3577 4378 incolis
3621 4336 3678 4382 ct

426 4420 683 4476 Τοιούτου
712 4419 768 4472 δὲ
797 4419 947 4482 δντος
972 4415 1066 4470 τοῦ
1093 4415 1279 4478 ἔθνους
1318 4413 1538 4478 παντὸς,
1566 4413 1642 4476 ὡς
1665 4413 1802 4484 ὅπερ
1825 4414 1891 4468 ἄν
1917 4433 2001 4479 τις

2108 4407 2399 4476 indigenis,
2433 4423 2620 4462 verum
2647 4408 2810 4462 etiam
2847 4409 2972 4473 illis,
3003 4410 3095 4478 qui
3128 4425 3192 4462 ex
3225 4411 3480 4465 omnibus
3509 4417 3677 4482 parti-

425 4511 592 4568 αύτοῦ
639 4513 800 4582 μέρος
839 4510 924 4579 ἐφ’
965 4505 1156 4564 ἑαυτοῦ
1199 4504 1644 4575 κατασκέψηται,
1675 4504 1783 4557 τῶν
1829 4505 2004 4559 ἄλλων

424 4603 778 4676 προτερεύειν
804 4601 1011 4655 οἴεσθαι
1039 4618 1051 4631 ·
1084 4599 1236 4652 οὐδὲν
1269 4597 1326 4650 δὲ
1353 4591 1516 4668 ἦττον
1544 4598 1609 4666 τῇ
1643 4598 1792 4668 κοινῇ
1825 4597 2004 4667 κρίσει

423 4693 521 4748 τοῦ
552 4693 758 4758 ἔθνους,
797 4687 906 4744 οἷόν
955 4708 1038 4753 τις
1073 4687 1282 4760 κορυφὴ
1327 4687 1507 4754 πάσης
1545 4686 1643 4754 τῆς
1676 4686 2004 4756 περιοικίδος

423 4787 532 4840 τῶν
562 4785 760 4848 ἄλλων,
789 4785 823 4853 ἡ
846 4782 940 4835 τοῦ
971 4781 1204 4852 μεγάλου
1230 4778 1528 4850 Γρηγορίου
1563 4777 1718 4839 πόλις
1743 4777 1908 4838 ἐστὶν,
1936 4777 2002 4846 ἢν

426 4876 678 4948 βασιλεύς
708 4890 790 4936 τις
820 4873 1086 4942 ἐπίσημος
1107 4871 1216 4922 τῶν
1245 4871 1342 4939 τὴν
1369 4868 1543 4941 ἀρχὴν
1572 4871 1683 4930 τοῖς
1712 4868 2000 4937 Ῥωμαίοις

425 4965 878 5040 κρατυνομένων,
931 4964 1148 5032 Καῖσαρ
1190 4960 1250 5013 τὸ
1287 4960 1490 5029 ὄνομα,
1528 4959 1690 5030 ἐρωτι
1723 4958 1818 5010 καὶ
1853 4957 2001 5028 πόθῳ

423 5064 527 5134 τῆς
557 5062 740 5134 χώρας
787 5059 970 5121 ἁλοὺς,
1024 5057 1116 5109 ἐπὶ
1155 5055 1233 5125 τῷ
1269 5056 1382 5126 ίδίῳ
1419 5055 1642 5124 ὀνόματι
1691 5052 1999 5106 Νεοκαισά-

430 5172 580 5228 ρειαν
609 5151 886 5206 καλεῖσθαι
919 5149 1016 5219 τὴν
1038 5148 1190 5200 πόλιν
1210 5147 1459 5216 ἠξίωσεν.
1493 5145 1636 5198 Ἀλλ”
1656 5145 1805 5197 οὐδὲν
1828 5139 2000 5198 ταῦτα

425 5244 565 5316 πρὸς
611 5243 700 5296 τὸν
748 5239 949 5294 σκοπὸν
997 5237 1087 5291 τὸν
1129 5235 1414 5306 ἡμέτερον,
1470 5233 1611 5287 ὥστε
1661 5234 1749 5288 διὰ
1793 5232 1998 5286 τούτων

425 5334 635 5390 οἴεσθαι
665 5332 986 5402 σεμνότερον
1015 5325 1386 5383 ἀποδεικνύειν
1410 5325 1501 5379 τὸν
1530 5326 1702 5396 μέγαν
1734 5327 1790 5377 ἐν
1825 5323 1999 5392 ἁγίοις

425 5429 658 5487 ἐκεῖνον,
690 5424 738 5475 εί
771 5424 1002 5493 καρποῖς
1033 5417 1207 5491 βρίθει
1238 5418 1271 5486 ἡ
1298 5415 1469 5486 χώρα,
1499 5418 1545 5468 εί
1573 5418 1605 5486 ή
1640 5416 1793 5478 πόλις
1833 5432 2000 5468 κατα-

429 5516 657 5575 σκευαῖς
705 5512 1143 5566 κεκαλλώπισται
1171 5547 1185 5572 ,
1222 5509 1269 5560 εί
1303 5510 1368 5578 τῇ
1407 5507 1609 5573 γείτονι
1649 5508 1884 5578 θαλάττῃ
1929 5507 1998 5558 τὰ

427 5605 768 5677 πανταχόθεν
799 5605 932 5674 πρὸς
958 5603 1018 5657 τὸ
1047 5601 1235 5655 δοκοῦν
1264 5602 1382 5654 κατ’
1415 5599 1660 5665 ἐξουσίαν
1696 5601 1995 5669 εἰσάγεται.

2111 4497 2212 4552 bus
2242 4511 2308 4551 eo
2339 4497 2605 4552 accedunt
2632 4506 2686 4552 et
2719 4495 3023 4561 conﬂuunt,
3066 4506 3133 4551 ad
3169 4498 3457 4552 vivendum
3492 4505 3676 4558 Subsi-

2103 4588 2191 4642 dia
2255 4597 2419 4658 atque
2469 4597 2805 4644 commeatus
2859 4589 3072 4642 abunde
3142 4589 3450 4657 suppeditet
3515 4603 3677 4663 atque

2104 4680 2504 4736 subministret.
2541 4679 2824 4747 Ejusmodi
2849 4679 2996 4733 enim
3035 4689 3229 4733 natura
3255 4681 3534 4750 religionis
3568 4698 3671 4755 est,

2106 4779 2164 4825 ut
2202 4779 2256 4826 et
2286 4772 2531 4824 omnium
2568 4784 2772 4827 rerum.
2816 4784 2936 4838 quae
2966 4769 3031 4821 ad
3057 4769 3221 4822 vitam
3254 4775 3672 4833 sustentandam

2108 4860 2431 4917 necessaria:
2467 4868 2616 4921 sunt,
2649 4873 2862 4913 summe
2900 4858 3116 4923 fertilis,
3153 4869 3207 4914 et
3257 4864 3671 4932 peregrinorum

2105 4955 2325 5024 quidem
2363 4952 2630 5005 bonorum
2673 4950 2876 5004 nullius
2907 4965 3102 5019 expers
3134 4952 3223 5014 sit,
3249 4967 3371 5005 eum
3425 4969 3574 5011 mare
3622 4960 3670 5013 ei

2107 5044 2327 5115 propria
2368 5041 2533 5094 faciat
2562 5055 2645 5106 ea,
2673 5056 2792 5110 quae
2819 5058 2884 5096 ex
2916 5041 3171 5098 omnibus
3207 5045 3518 5114 regionibus
3544 5049 3671 5104 illnc

2107 5138 2486 5207 itnportantur.
2523 5131 2658 5187 Cum
2703 5141 2881 5186 autem
2917 5132 3335 5199 ejusmodi'tota
3383 5139 3533 5193 natio
3567 5141 3669 5204 sit,

2107 5237 2165 5282 ιιι
2191 5239 2572 5296 quamcunque
2603 5225 2730 5294 quis
2762 5223 2882 5293 ejus
2931 5232 3140 5293 partem
3181 5243 3274 5296 per
3323 5243 3444 5283 sese
3502 5231 3670 5284 solam

2106 5320 2558 5384 consideraverit,
2581 5318 2793 5372 caeteris
2822 5325 3082 5386 prtestare
3107 5334 3225 5372 eam
3258 5321 3672 5378 existimaturus

2105 5411 2412 5470 sitznihilu
2455 5410 2636 5463 minus
2691 5408 2969 5462 communi
3021 5409 3234 5476 judicio
3282 5413 3459 5480 gentis
3505 5415 3671 5472 veluti

2105 5514 2270 5575 caput
2298 5501 2569 5573 quoddam
2609 5498 2850 5552 omnium
2884 5498 3113 5552 aliarum
3165 5501 3517 5558 ﬁnitimarum
3556 5505 3670 5559 Ma-

2106 5597 2194 5665 gni
2238 5592 2483 5664 Gregorii
2532 5590 2727 5645 civitas
2774 5597 2878 5650 est,
2930 5604 3092 5655 quam
3151 5593 3339 5647 urbem
3374 5595 3667 5667 imperatur
