4050 6164
453 190 556 245 899

1706 185 1764 244 S.
1801 183 2131 244 GBEGORII
2172 184 2466 242 NYSSENI

3604 182 3710 239 300

453 311 675 382 quidam
727 308 962 379 insignis
1028 322 1094 362 ex
1144 307 1212 362 iis
1257 307 1350 377 qui
1412 305 1679 362 Romanis
1735 308 2024 376 imperium

2146 309 2279 362 Ἀλλ’
2318 309 2439 363 οὐδὲ
2473 307 2582 362 τῶν
2618 309 2898 380 προγόνων
2924 306 3110 372 αὐτοῦ,
3143 306 3254 360 τῶν
3283 306 3712 378 προκαθηγήσα-

453 402 942 468 conilrmaverunt,
976 401 1163 457 Caesar
1200 402 1446 465 nomine,
1488 417 1676 458 amore
1715 417 1780 457 ac
1813 402 2031 457 deside-

453 496 538 550 rio
569 495 672 548 loci
705 504 898 564 captus
949 508 1050 548 suo
1099 493 1320 548 nomine
1355 491 1764 548 Neocaesaream
1797 494 2032 564 insigni-

453 589 551 642 vit.
585 585 784 642 Verum
814 587 930 639 haec
960 585 1096 639 nihil
1131 587 1407 656 pertinent
1441 585 1508 639 ad
1541 593 1792 640 nostrum
1832 600 2033 654 propo-

455 681 622 735 situm
653 689 704 733 et
734 678 1071 740 institutum,
1105 687 1164 732 ut
1198 661 1300 748 per
1334 679 1449 732 haec
1475 679 1801 748 ampliorem
1849 687 1904 732 et
1932 694 2032 731 au-

343 809 347 813 .
454 770 756 841 gustiorem
799 769 1182 823 existimemus
1232 783 1333 824 nos
1381 769 1855 823 demonstraturos
1907 783 2032 822 esse

455 875 712 929 magnum
747 860 897 914 illum
937 860 1114 914 virum
1147 861 1289 914 inter
1317 869 1560 922 sanctos,
1595 860 1640 913 si
1675 860 1824 930 regio
1857 858 2031 929 frugi-

456 951 560 1004 bus
593 949 866 1014 abundet,
899 950 944 1004 si
979 950 1110 1003 urbs
1144 950 1404 1019 operibus
1440 958 1494 1004 et
1535 949 1785 1004 aedificiis
1835 957 2029 1003 ornata

456 1042 550 1106 sit,
579 1042 624 1096 si
655 1056 754 1111 per
779 1056 940 1096 mare
972 1042 1211 1095 vicinum
1243 1041 1312 1095 ad
1336 1043 1618 1096 arbitrium
1671 1057 1760 1097 res
1790 1041 2032 1112 undique

457 1148 654 1202 magna
691 1133 850 1201 copia
889 1133 1275 1202 importentur.
1309 1133 1377 1186 At
1405 1148 1505 1188 nec
1558 1141 1849 1204 parentum
1903 1133 2029 1204 qui-

457 1223 579 1278 dem
634 1221 779 1292 ejus,
837 1223 931 1290 qui
995 1221 1299 1275 nativitatis
1349 1220 1470 1290 ejus
1538 1222 1780 1277 carnalis
1838 1229 2027 1276 aucto-

457 1327 546 1366 res
577 1311 820 1374 fuerunt,
856 1311 911 1364 in
953 1311 1206 1380 praesenti
1249 1312 1500 1365 oratione
1556 1310 1752 1364 faciam
1798 1312 2030 1366 mentio.

457 1417 607 1466 nern,
649 1403 890 1466 divitias,
922 1402 1354 1472 magnilicentias
1397 1411 1452 1456 et
1505 1400 1824 1471 splendores
1874 1417 2033 1455 mun-

2130 401 2306 471 μένων
2335 401 2438 470 τῆς
2471 399 2614 454 κατὰ
2663 400 2844 470 σάρκα
2884 399 3185 468 γενέσεως,
3222 401 3442 470 μνήμην
3488 401 3583 453 ἐπὶ
3614 399 3712 453 τοῦ

2128 492 2286 560 λόγου
2323 493 2658 564 ποιήσομαι,
2701 491 2928 544 πλοῦτον
2981 490 3076 544 καὶ
3117 490 3430 561 φιλοτιμίας
3473 491 3567 543 καὶ
3611 491 3713 553 τὰς

2129 585 2396 654 κοσμικὰς
2441 583 2798 654 περιφανείας
2844 582 3023 636 αὐτῶν
3064 582 3438 653 διηγούμενος.
3489 582 3556 634 Τί
3601 583 3714 654 γὰρ

2128 676 2300 728 ταῦτα
2336 675 2671 729 συντελέσειε
2701 674 2834 744 πρὸς
2861 674 3102 741 ἔπαινον,
3132 675 3313 744 τάφοι,
3349 674 3445 727 καὶ
3476 674 3709 744 στῆλαι,

2132 768 2224 820 καὶ⁹
2257 767 2676 837 ἐπιγράμματα,
2706 766 2799 820 καὶ
2829 753 2898 819 τὰ
2922 766 3091 836 νεκρὰ
3115 765 3428 836 διηγήματα
3452 766 3589 836 πρὸς
3615 765 3713 818 τὸν

2129 855 2224 909 τοῦ
2273 857 2481 926 κόσμου
2520 857 2721 920 παντὸς
2763 857 2954 911 ἑαυτὸν
3004 857 3388 928 ὐπεράραντας
3433 856 3609 920 ἄλλως
3649 855 3712 909 δὲ

2128 945 2250 1000 οὐτε
2280 945 2502 1000 δυνατόν
2530 949 2678 1000 ἐστιν
2713 949 2794 1011 είς
2831 949 3114 1002 κοινωνίαν
3143 949 3242 1020 τῆς
3270 949 3544 1021 εὐφημίας
3566 949 3713 1002 ὲκεί-

2128 1055 2252 1101 νους
2277 1038 2452 1106 ἄγειν,
2479 1032 2556 1093 ὧν
2583 1038 2684 1110 τὴν
2717 1040 3038 1108 συγγένειαν
3067 1031 3221 1103 οὗτος
3248 1040 3346 1110 τῆς
3367 1040 3507 1094 κατὰ
3531 1038 3711 1108 ψυχὴν

2127 1129 2444 1198 ἀγχιστείας
2472 1131 2778 1200 ήρνήσατο;
2829 1131 2892 1184 Oi
2927 1129 3025 1200 μὲν
3067 1130 3175 1200 γάρ
3205 1130 3263 1182 ὲν
3289 1131 3356 1200 τῇ
3393 1129 3570 1202 πλάνῃ
3601 1129 3714 1182 τῶν

2133 1218 2368 1273 εἰδώλων
2393 1219 2816 1291 ἐματαιώθησαν
2833 1239 2846 1251 ο
2873 1224 2901 1274 ὁ
2921 1221 3000 1288 δὲ,
3025 1221 3162 1293 πρὸς
3180 1221 3278 1292 τὴν
3302 1220 3560 1292 ἀλήθειαν
3581 1221 3714 1274 ἀνα-

2137 1311 2359 1381 ϐλέψας,
2398 1314 2465 1382 τῇ
2497 1312 2610 1366 ἄνω
2651 1312 2938 1382 συγγενείᾳ
2974 1311 3062 1366 διὰ
3098 1312 3196 1382 τῆς
3240 1311 3474 1375 πίστεως
3519 1311 3714 1364 ἑαυτὸν

2140 1401 2505 1473 εἰσεποίησεν.

458 1497 632 1552 danos
657 1512 846 1552 eorum
889 1512 1188 1566 exponens.
1225 1496 1366 1562 Quid
1402 1497 1546 1550 enim
1589 1498 1703 1550 haec
1743 1495 2034 1551 conferunt
2073 1497 2138 1552 ad
2167 1498 2714 1568 laudem?sepulcra,
2740 1504 2952 1561 stature,
2978 1496 3367 1569 inscriptiones
3417 1503 3472 1550 et
3541 1494 3711 1558 tituli,

458 1597 687 1644 mortuae
751 1596 805 1645 et
870 1590 1063 1646 inanes
1117 1591 1463 1645 narrationes
1515 1589 1580 1644 ad
1625 1605 1775 1655 eum,
1825 1592 1918 1659 qui
1976 1606 2100 1646 sese
2137 1607 2301 1663 supra
2341 1607 2559 1647 omnem
2593 1592 2859 1647 mundum
2891 1592 3164 1646 extulerat
3192 1601 3246 1646 et
3268 1597 3541 1652 evexerat,
3575 1602 3717 1658 prae-

459 1683 650 1737 sertim
687 1698 810 1736 cum
841 1697 910 1736 ne
943 1682 1059 1737 fieri
1093 1683 1314 1753 quidem
1359 1683 1554 1754 possit,
1587 1691 1646 1737 ut
1685 1683 1743 1737 in
1789 1683 2107 1739 societatem
2141 1685 2318 1740 laudis
2352 1686 2426 1739 illi
2474 1694 2850 1749 assumantur,
2925 1699 3158 1755 quorum
3234 1688 3359 1750 iste,
3431 1680 3578 1752 quod
3643 1677 3714 1734 ad

461 1775 655 1829 animae
680 1775 1140 1846 propinquitatem
1163 1774 1374 1842 attinet,
1394 1776 1777 1846 cognationem
1815 1777 2026 1846 reSpuit
2063 1785 2117 1832 et
2140 1786 2468 1846 aspernatur
2493 1778 2516 1832 ί
2543 1777 2677 1832 Nam
2708 1778 2786 1833 illi
2818 1777 3037 1848 quidem
3079 1793 3177 1848 per
3239 1791 3484 1832 errorem
3549 1775 3714 1830 simu-

460 1865 734 1922 lacrorum
797 1867 926 1922 vani
985 1878 1040 1923 et
1089 1867 1258 1936 inepti
1319 1866 1562 1931 fuerunt,
1595 1868 1685 1924 hic
1728 1877 1910 1924 autem
1944 1867 2012 1924 ad
2045 1869 2328 1925 veritatem
2359 1870 2536 1926 oculis
2570 1870 2802 1926 sublatis
2846 1885 3058 1941 superae
3095 1869 3410 1940 cognationi
3458 1883 3581 1924 sese
3620 1883 3718 1938 per

464 1959 624 2015 ﬁdem
648 1960 899 2026 inservit,
939 1967 994 2014 et
1035 1961 1195 2031 quasi
1225 1961 1280 2016 in
1321 1961 1672 2031 adeptionem
1705 1961 1876 2017 dedit.

531 2051 719 2122 Itaque
769 2052 1044 2122 quomodo
1095 2051 1340 2123 quidem,
1393 2053 1663 2123 quibusve
1714 2053 2036 2123 parentibus
2067 2064 2110 2120 Β

461 2153 627 2200 natus
660 2143 752 2208 sit,
780 2151 874 2198 aut
900 2158 1065 2214 quam
1094 2143 1162 2198 ab
1191 2143 1348 2198 initio
1372 2145 1560 2199 urbem
1602 2143 1916 2210 incoluerit,
1975 2153 2039 2199 ut

461 2250 583 2306 qua:
613 2233 750 2288 nihil
780 2232 986 2288 faciant
1011 2233 1078 2288 ad
1106 2235 1448 2306 propositam
1481 2235 1877 2300 narrationem,
1897 2250 2040 2305 prae-

462 2325 865 2392 termittemus;
907 2324 1123 2378 initium
1151 2332 1334 2380 autem
1370 2324 1551 2380 laudis
1576 2326 1708 2380 hinc
1739 2341 2040 2395 sumemus,

461 2417 610 2472 unde
636 2416 726 2471 ille
777 2415 944 2470 vitam
993 2430 1118 2470 cum
1153 2416 1356 2470 virtute
1401 2417 1755 2486 conjunctam
1809 2432 2042 2474 exorsus

463 2517 568 2564 est.
613 2507 752 2563 Cum
789 2507 935 2562 enim
962 2520 1194 2577 corpore
1232 2507 1768 2578 admodumjuvenili
1805 2510 2043 2564 naturali

462 2599 818 2670 cogitationis
848 2613 1003 2665 cura,
1031 2599 1354 2668 parentibus
1397 2600 1512 2654 vita
1543 2599 1840 2665 defunctis,
1870 2601 2044 2656 desti-

463 2699 623 2746 tutus
665 2697 845 2746 esset:
878 2690 1098 2761 quando
1161 2691 1437 2761 plerisque
1499 2699 1660 2746 mtate
1725 2691 2044 2762 imperfecta

464 2799 624 2839 mens
658 2782 790 2853 quid
825 2782 1140 2838 sitbonum
1185 2781 1490 2853 diiudicare
1526 2783 1704 2838 nescit
1735 2803 1748 2838 :
1791 2785 2046 2853 protinus

465 2876 536 2931 ab
569 2875 728 2928 initio
761 2873 1004 2928 ostendit
1041 2873 1220 2943 qualis
1253 2875 1308 2928 in
1355 2882 1514 2929 aetate
1542 2873 1782 2944 perfecta
1828 2872 2045 2932 futurus

465 2973 638 3023 esset.
669 2966 744 3019 Ac
771 2963 1232 3035 quemadmodum
1297 2967 1544 3036 germina
1602 2981 1891 3037 generosa,
1919 2982 2045 3024 cum

467 3074 498 3113 a
528 3059 707 3130 primo
740 3057 1078 3112 incremento
1107 3055 1162 3110 in
1189 3056 1427 3114 directos
1476 3072 1658 3114 ramos
1694 3070 2044 3127 excrescunt,

467 3165 566 3219 per
597 3156 921 3219 praesentem
963 3145 1433 3216 pulchritudinem
1485 3149 1742 3220 agricolis
1799 3150 2047 3206 futurum

467 3238 721 3292 decorem
755 3244 1176 3306 pramonstrant
1216 3255 1230 3292 :
1265 3237 1457 3292 eodem
1508 3239 1670 3294 modo
1714 3241 1880 3296 etiam
1931 3241 2045 3306 ille,

468 3331 704 3400 quando‘
736 3329 950 3383 caeteris
982 3336 1202 3399 propter
1253 3329 1617 3400 ignorantiam
1649 3334 1932 3390 erroribus
1991 3342 2048 3390 et

2223 2051 2362 2106 Ἀλλ’
2385 2053 2534 2115 ὅπως
2573 2050 2692 2122 μὲν,
2733 2050 2768 2123 ἢ
2812 2050 2920 2104 ἀπὸ
2951 2050 3114 2104 τίνων
3157 2051 3374 2119 ἐγένετο
3395 2093 3411 2118 ,
3441 2053 3475 2124 ἢ
3507 2054 3628 2106 τίνα
3653 2054 3716 2107 τὸ

2139 2145 2261 2199 κατ’
2291 2144 2466 2217 ἀρχὰς
2487 2143 2672 2217 ᾦκησε
2698 2143 2873 2209 πόλιν,
2903 2144 2980 2208 ώς
3010 2143 3161 2197 οὐδὲν
3193 2145 3324 2214 ἡμῖν
3355 2146 3713 2202 συντελοῦντα

2141 2234 2278 2307 πρὸς
2310 2235 2412 2306 τὴν
2452 2231 2826 2306 προκειμένην
2854 2229 3112 2302 σπουδὴν,
3141 2230 3552 2303 παραλείπομεν
3574 2249 3589 2264 ’
3615 2234 3718 2305 ἀρα

2138 2327 2242 2399 χὴν
2286 2327 2346 2381 δὲ
2391 2325 2595 2398 ταύτην
2621 2327 2720 2397 τῆς
2748 2324 3024 2396 εὐφημίας
3052 2322 3337 2394 ληψόμεθα
3357 2363 3371 2387 ,
3411 2325 3480 2394 ήν
3507 2325 3719 2390 ἐκεῖνος

2140 2421 2236 2475 τοῦ
2283 2422 2406 2475 κατ’
2453 2417 2656 2490 ἀρετὴν
2708 2416 2824 2486 βίου
2877 2414 3192 2485 πεποίηται.
3239 2414 3456 2486 Ἐπειδὴ
3506 2415 3617 2488 γὰρ
3660 2417 3720 2469 ὲν

2140 2507 2338 2580 κομιδῇ
2372 2505 2477 2577 νέῳ
2503 2505 2580 2576 τῷ
2609 2504 2821 2574 σώματι
2847 2504 2945 2575 τῆς
2983 2505 3215 2574 φυσικῆς
3243 2503 3561 2574 κηδεμονίας
3586 2504 3720 2576 ἐρη-

2147 2619 2246 2673 μος
2277 2598 2376 2673 ἦν,
2409 2598 2520 2652 τῶν
2558 2597 2760 2668 γονέων
2801 2595 3266 2666 τετελευτηκότων
3305 2594 3396 2649 τὸν
3447 2594 3584 2664 βίον,
3629 2597 3721 2649 ὅτε

2144 2691 2339 2761 ἀτελὴς
2370 2690 2459 2759 ὑφ’
2501 2688 2718 2761 ἡλικίας
2748 2683 2882 2741 οὖσα
2921 2687 3036 2750 τοῖς
3083 2686 3295 2751 πολλοῖς
3321 2689 3355 2759 ή
3381 2687 3592 2742 διάνοια
3623 2689 3724 2760 τῆς

2143 2780 2238 2834 τοῦ
2281 2779 2448 2835 καλοῦ
2484 2781 2720 2852 κρίσεως
2757 2779 3096 2850 ἁμαρτάνει,
3143 2778 3343 2843 ἔδειξεν
3377 2779 3540 2843 εὐθὺς
3569 2781 3725 2852 παρὰ

2144 2876 2244 2946 τὴν
2281 2872 2536 2945 πρώτην,
2589 2865 2701 2936 οἷος
2738 2872 2798 2924 ἐν
2840 2871 2920 2942 τῷ
2962 2870 3154 2943 τελείῳ
3183 2874 3282 2944 τῆς
3317 2871 3537 2942 ἡλικίας
3568 2875 3727 2945 γενή-

2149 2982 2322 3020 σεται.
2369 2964 2480 3017 Καὶ
2521 2962 2772 3031 καθάπερ
2799 2963 2870 3016 τὰ
2897 2963 3093 3034 εὐγενῆ
3137 2962 3247 3017 τῶν
3299 2963 3724 3034 βλαστημάτων,

2146 3057 2274 3111 ὅταν
2307 3056 2372 3110 ὲκ
2417 3057 2642 3128 πρώτης
2667 3055 2948 3128 αὐξήσεως
2974 3056 3055 3119 είς
3085 3054 3392 3124 εὐθυγενεῖς
3433 3055 3727 3128 άναδράμῃ

2145 3151 2272 3214 τοὺς
2312 3149 2564 3221 ὅρπηκας
2587 3189 2604 3214 ,
2654 3147 2998 3219 προδείκνυσι
3041 3149 3155 3212 τοῖς
3193 3148 3453 3218 γηπόνοις
3488 3148 3576 3203 διὰ
3625 3147 3729 3218 τῆς

2149 3238 2435 3310 παρούσης
2485 3239 2635 3310 ὥρας
2677 3241 2738 3293 τὸ
2787 3239 2868 3302 είς
2901 3238 3126 3307 ὕστερον
3172 3237 3398 3302 κάλλοςο
3444 3239 3536 3293 τὸν
3565 3239 3729 3294 αὐτὸν

2148 3334 2348 3404 τρόπον
2381 3334 2630 3396 κάκεῖνος
2655 3373 2670 3397 ,
2700 3333 2790 3386 ὅτε
2823 3333 2937 3394 τοῖς
2965 3329 3145 3394 ἄλλοις
3183 3331 3276 3384 ὑπ’
3313 3329 3537 3400 ἀγνοίας
3566 3326 3728 3401 περί-

468 3421 742 3476 obnoxius
772 3429 827 3474 et
860 3421 1105 3475 lubricus
1133 3429 1218 3476 est
1267 3423 1504 3488 animus,
1537 3423 1602 3478 ad
1634 3438 1725 3479 res
1775 3441 1948 3481 vanas
1997 3434 2047 3480 et

2155 3423 2363 3494 σφαλής
2385 3425 2533 3477 ἐστιν
2559 3425 2592 3495 ἡ
2619 3423 2786 3494 ψυχὴ,
2813 3422 2948 3494 πρὸς
2967 3421 3036 3476 τὰ
3061 3423 3266 3494 μάταιά
3290 3439 3348 3475 τε
3375 3423 3468 3475 καὶ
3494 3421 3732 3493 ἀνόνητα

388 3552 390 3554 τ
467 3513 698 3568 inutiles
733 3513 1030 3582 juventute
1083 3511 1245 3568 facile
1324 3513 1648 3586 plerumque
1691 3516 2044 3585 prolabente:

468 3615 599 3661 tunc
624 3620 720 3670 per
754 3607 986 3676 primam
1022 3605 1146 3661 vita:
1176 3605 1414 3662 instituti
1439 3608 1764 3664 electionem
1812 3609 2051 3665 ostendit

466 3697 525 3752 in
553 3713 675 3753 sese
695 3713 883 3752 verum
910 3712 1034 3752 esse
1069 3697 1200 3753 illud
1249 3697 1476 3754 verbum
1508 3697 1731 3755 Davidis
1777 3699 2045 3756 dicentis:

465 3787 657 3844 Justus
693 3798 748 3842 ut
773 3789 952 3856 palma
977 3788 1244 3857 ﬂorebit'.
1288 3789 1416 3846 Sola
1453 3790 1598 3846 enim
1641 3792 1898 3847 nimirum
1935 3793 2050 3848 hac

469 3882 636 3936 arbor
665 3881 911 3951 perfecta
943 3881 1317 3937 crassitudine
1343 3883 1650 3940 cacuminis
1682 3899 1712 3938 a
1746 3893 1893 3940 terra
1927 3899 2050 3940 sur-

469 3973 548 4043 git
572 3981 628 4027 et
656 3973 950 4036 excrescit,
983 3988 1217 4043 cumque
1239 3975 1590 4043 proceritatis
1648 3976 2050 4032 incrementum

469 4062 871 4134 progrediatur,
904 4063 1110 4117 nullam
1134 4065 1189 4119 in
1214 4065 1558 4122 latitudinem
1587 4081 1616 4120 a
1641 4077 1884 4138 tempore
1905 4067 2053 4124 acci-

470 4151 966 4221 pitaccessionem.
1027 4151 1116 4206 Sic
1157 4153 1322 4208 etiam
1378 4154 1468 4210 ille
1497 4169 1529 4209 a
1577 4157 1757 4226 primo
1806 4157 2052 4229 germine

469 4243 678 4308 floruit,
703 4243 972 4298 electione
999 4244 1123 4298 vita)
1147 4243 1384 4300 instituti
1419 4248 1668 4317 protinus
1701 4248 1976 4318 Perfectus
1999 4257 2052 4303 et

470 4335 835 4388 eminentibus
891 4334 1178 4390 frondibus
1219 4352 1559 4409 consurgens
1605 4348 1660 4394 et
1695 4353 2048 4395 excrescens.

471 4426 743 4482 Omnibus
813 4426 957 4480 enim
1040 4429 1283 4493 omissis,
1359 4446 1590 4500 quarum
1638 4446 1820 4484 rerum
1868 4429 2052 4485 studio

469 4517 730 4586 juvenilis
760 4527 893 4572 mtas
931 4526 1166 4583 tenetur,
1199 4521 1556 4590 equitatione,
1592 4522 1908 4585 venatione,
1935 4522 2052 4576 cul-

474 4618 530 4660 tu
563 4609 884 4674 ammniore,
921 4610 1278 4678 indumentis,
1311 4612 1604 4680 aleatioue,
1636 4613 1872 4677 deliciis,
1928 4622 2048 4669 sta-

473 4701 569 4752 tim
599 4708 744 4755 totus
783 4702 1135 4771 acquirendis
1167 4704 1852 4769 virtutibnsincumbebat,
1901 4704 2052 4760 dein-

472 4805 603 4858 ceps
625 4791 836 4861 eligens
849 4808 911 4847 ac
935 4809 1271 4866 persequens
1284 4796 1544 4866 quidquid
1570 4797 1820 4866 praesenti
1837 4812 2052 4866 semper
2083 4779 2126 4834 Ῐ)

473 4885 621 4937 αξιοιί
654 4899 765 4938 sum
787 4886 1120 4942 conveniens
1144 4897 1195 4941 et
1219 4891 1690 4944 accommodatum
1720 4898 1888 4945 esset.
1942 4890 2054 4944 lni-

475 4978 614 5030 tinm
646 4985 826 5031 autem
867 4979 1329 5048 acquirendarum
1370 4982 1634 5034 virtutum
1670 4997 1700 5034 a
1738 4982 1919 5037 Studio
1965 4995 2057 5036 sa-

477 5069 697 5138 pientiae
725 5067 870 5135 fecit,
906 5078 1069 5139 atque
1100 5070 1239 5125 hanc
1270 5071 1439 5125 veluti
1464 5073 1645 5142 pullus
1674 5072 1896 5142 quidam
1923 5087 2058 5126 con-

473 5165 703 5232 junctus
734 5177 843 5216 una
889 5164 1220 5233 sequebatur
1271 5165 1577 5221 sobrietas:
1616 5167 1834 5236 utrique
1873 5174 2054 5220 autem

474 5253 810 5309 continentia
839 5255 1092 5323 praesidio
1119 5265 1276 5310 erat:
1315 5258 1481 5312 animi
1512 5271 1643 5312 vero
1688 5257 2052 5311 humilitatem

475 5354 529 5398 et
555 5345 987 5399 moderationem
1023 5362 1128 5400 una
1163 5363 1288 5402 cum
1343 5349 1749 5419 contemptione
1801 5349 2056 5418 pecunia.

477 5447 596 5486 rum
629 5441 917 5489 assecutus
945 5443 1051 5490 est.
1092 5434 1211 5492 Non
1238 5437 1381 5494 enim
1405 5438 1622 5494 aliunde
1651 5437 1830 5496 fastus
1859 5445 1913 5494 et
1962 5452 2058 5493 su-

549 5609 570 5641 ³
607 5608 748 5665 Psal.
787 5623 892 5674 xei,
922 5610 1007 5664 15.

2157 3511 2669 3584 κατολισθαινούσης
2699 3511 3008 3583 προχείρως
3031 3511 3108 3574 ὡς
3128 3510 3197 3564 τὰ
3232 3511 3401 3564 πολλὰ
3424 3511 3524 3583 τῆς
3543 3512 3732 3582 νεότη-

2153 3621 2245 3670 τος
2263 3622 2278 3636 ⁵
2305 3605 2424 3658 τότε
2447 3605 2534 3659 διὰ
2565 3605 2664 3676 τῆς
2694 3603 2918 3675 πρώτης
2936 3602 3030 3658 τοῦ
3065 3603 3180 3674 βίου
3211 3605 3496 3675 αἱρέσεως,
3526 3602 3733 3669 ἔδειξεν

2155 3697 2240 3766 ἐφ’
2273 3695 2469 3751 ἑαυτοῦ
2514 3695 2604 3750 τὸν
2648 3694 2812 3748 Δαϐὶδ
2851 3694 3201 3766 ἀληθεύοντα,
3247 3696 3328 3748 ὅτι
3380 3695 3616 3760 Δίκαιος
3648 3697 3734 3760 ὠς

2155 3787 2358 3859 φοῖνιξ
2390 3786 2732 3854 ἐξω-θήσει.
2763 3786 2939 3842 Μόνον
2967 3786 3075 3858 γὰρ
3097 3785 3162 3858 δὴ
3185 3785 3340 3840 τοῦτο
3367 3785 3476 3840 τῶν
3497 3786 3733 3858 δένδρων

2155 3880 2346 3951 τελείῳ
2372 3880 2450 3950 τῷ
2483 3879 2648 3949 πάχει
2685 3878 2786 3949 τῆς
2818 3877 3065 3949 κορυφῆς
3095 3877 3204 3932 άπὸ
3231 3878 3329 3950 τῆς
3359 3878 3465 3949 γῆς
3492 3879 3733 3948 ἀναφύε-

2155 3986 2280 4026 ται·
2313 3971 2408 4024 καὶ
2435 3970 2536 4041 τῆς
2565 3970 2704 4024 κατὰ
2740 3970 2800 4024 τὸ
2837 3972 3012 4042 μῆκος
3045 3972 3386 4042 ὲπιδιδούσης
3410 3973 3690 4045 αὐξήσεως
3709 4014 3728 4041 ,

2156 4061 2413 4133 οὐδεμίαν
2458 4063 2552 4115 ἐπὶ
2593 4063 2655 4115 τὸ
2686 4061 2887 4126 πλάτος
2915 4062 3233 4136 προσθήκην
3262 4063 3372 4117 ἀπὸ
3416 4065 3509 4117 τοῦ
3535 4065 3730 4135 χρόνω

2155 4154 2388 4225 δέχεται.
2434 4155 2589 4208 Οὕτω
2650 4156 2901 4218 κάκεῖνος
2949 4155 3058 4209 ἀπὸ
3101 4156 3200 4226 τῆς
3264 4154 3483 4226 πρώτης
3526 4157 3729 4227 ήνθησε

2159 4247 2415 4318 βλάστης,
2458 4247 2618 4311 εὐθὺς
2647 4249 2714 4318 τῇ
2745 4247 2953 4320 αἱρέσει
2983 4245 3077 4300 τοῦ
3106 4247 3222 4316 βίου
3249 4248 3450 4311 τέλειος
3478 4246 3729 4317 ἀνασχὼν

2157 4341 2253 4393 καὶ
2277 4338 2560 4409 ὑψίκομος.
2597 4339 2820 4393 Πάντων
2849 4339 2958 4409 γὰρ
2986 4337 3249 4400 ἀποστὰς,
3291 4340 3420 4409 περὶ
3457 4338 3493 4391 ἃ
3519 4337 3579 4392 τὸ
3612 4337 3730 4391 νέον

2156 4430 2256 4502 τῆς
2294 4431 2506 4501 ἡλικίας
2550 4429 2848 4500 ἐπτόηται,
2897 4430 3160 4499 ἱππικῆς,
3198 4429 3570 4500 κυνηγεσίων,
3604 4429 3732 4482 καλ-

2155 4523 2542 4594 λωπισμάτων,
2570 4522 2688 4575 ὲνδυ
2697 4523 2898 4592 μάτων,
2922 4521 3167 4585 κυϐείας,
3189 4523 3420 4592 τρυφῆς·
3437 4521 3596 4584 εὐθὺς
3613 4521 3731 4583 ὅλος

2155 4615 2256 4684 τῆς
2288 4614 2395 4667 τῶν
2428 4613 2639 4685 ἀρετῶν
2669 4614 2912 4684 κτήσεως
2943 4609 3040 4684 ἦν,
3070 4612 3132 4666 τὸ
3177 4613 3488 4684 πρόσφορον
3517 4613 3606 4668 ἀεὶ
3635 4613 3732 4682 τῆς

2157 4706 2438 4776 παρούσης
2466 4706 2613 4776 αὐτῷ
2638 4705 2855 4777 ἡλικίας
2885 4705 3121 4776 καθεξῆς
3163 4705 3612 4776 προαιρούμενος.
3646 4705 3734 4758 Γί-

2156 4817 2302 4854 νεται
2350 4799 2406 4852 δὲ
2451 4797 2598 4867 αὐτῷ
2644 4797 2834 4869 πρώτη
2867 4797 2970 4868 τῆς
3007 4799 3250 4869 κτήσεως
3289 4796 3398 4849 τῶν
3430 4796 3662 4867 ἀρετῶν,
3697 4796 3732 4864 ὴ

2156 4888 2286 4959 περὶ
2312 4888 2409 4959 τὴν
2442 4888 2632 4957 σοφίαν
2678 4881 2906 4958 σπουδή.
2942 4886 3124 4957 Ταύτῃ
3167 4887 3223 4939 δὲ
3258 4887 3540 4939 συνείπετο
3566 4885 3733 4939 καθά-

2157 4997 2263 5048 περ
2313 4997 2398 5042 τις
2443 4979 2621 5041 πῶλος
2668 4978 3068 5049 συνεζευγμένη
3107 4981 3140 5048 ή
3191 4976 3550 5047 σωφροσύνη’
3597 4977 3734 5047 πρὸς

2158 5071 2444 5143 ἀμφότερα
2474 5071 2530 5123 δὲ
2567 5071 2853 5141 σύμμαχος
2894 5067 2961 5142 ἦν
2996 5073 3030 5142 ἡ
3060 5071 3353 5141 ἐγκράτεια
3378 5087 3390 5099 ·
3427 5067 3488 5122 τό
3511 5068 3569 5122 δὲ
3608 5070 3736 5124 ἄτυ-

2156 5177 2258 5231 φον
2286 5161 2434 5230 αὐτῷ
2464 5161 2558 5213 καὶ
2591 5161 2877 5233 ἀόργητον,
2904 5164 2970 5232 τῇ
3005 5162 3113 5214 τῶν
3138 5161 3435 5231 χρημάτων
3466 5159 3736 5230 ὑπεροψία

2166 5251 2635 5324 συγκατωρθώθη.
2688 5253 2764 5307 Οὐ
2817 5251 2927 5324 γὰρ
2968 5252 3113 5305 ἔστιν
3155 5252 3288 5323 ἄλλη
3322 5250 3495 5319 τύφου
3533 5268 3593 5304 τε
3644 5249 3737 5302 καὶ

2164 5346 2541 5416 ὑπερηφανίας
2571 5345 2785 5414 γένεσις
2808 5385 2822 5409 ,
2868 5345 2942 5416 μὴ
2976 5348 3077 5416 τῆς
3115 5343 3428 5408 πλεονεξίας
3469 5345 3633 5414 ἑαυτῇ
3663 5341 3735 5395 τὰ

2164 5436 2388 5492 τοιαῦτα
2420 5436 2564 5508 πάθη
2607 5436 3048 5507 συνεισαγούσης.
3084 5434 3350 5507 Καθάπερ
3385 5435 3443 5488 δὲ
3496 5435 3589 5489 τὸν
3631 5451 3736 5489 πα-
