4050 6164
375 227 472 282 9m

1332 220 1426 275 DE
1459 217 1622 275 VITA
1663 219 1722 279 8.
1768 215 2094 278 GREGOBII
2146 218 2675 278 TIIAUMATURGI.

3520 221 3626 279 902

375 340 644 413 τριὰρχην
681 334 935 406 Ἀϐραὰμ
964 335 992 388 6
1023 333 1178 402 λόγος
1224 335 1477 405 κατέχει,
1511 338 1614 407 τῆς
1644 337 1950 407 Χαλδαῖκῆς

2056 335 2236 404 perbia
2259 335 2495 399 exsistit,
2529 334 2634 390 nisi
2667 330 2915 400 avaritia,
2941 346 3167 404 remque
3197 347 3351 388 suam
3381 335 3626 406 qualibet

379 430 698 501 φιλοσοφίας
723 429 780 480 ἐν
810 429 1088 498 ἐπιστήμῃ
1117 427 1424 496 γενόμενον,
1459 428 1555 480 καὶ
1587 428 1685 498 τὴν
1719 428 1950 498 ἐναρμό-

379 524 493 576 νιόν
535 538 593 574 τε
629 520 722 574 καὶ
765 517 1106 587 τεταγμένην
1148 517 1256 570 τῶν
1297 516 1511 586 ἄστρων
1540 519 1950 588 κατανοήσαντα

381 615 528 668 θέσιν
585 611 678 663 καὶ
733 609 977 677 κίνησιν,
1019 606 1304 678 ὑποϐάθρᾳ
1350 607 1657 679 χρήσασθαι
1705 612 1771 678 τῇ
1822 610 1951 680 περὶ

380 705 549 759 ταῦτα
574 699 771 769 γνώσει
799 699 933 769 πρὸς
955 697 1050 768 τὴν
1069 697 1163 750 τοῦ
1185 698 1580 768 ὑπερκειμένου
1601 698 1804 766 ἀγαθοῦ
1827 698 1952 752 θεω-

382 795 518 865 ρίαν,
542 789 919 858 λογισάμενον,
938 787 1012 850 ὡς
1024 788 1074 839 εἰ
1087 789 1154 839 τὰ
1173 788 1238 856 τῆ
1252 787 1499 859 αἰσθήσει
1515 788 1692 860 ληπτά
1704 789 1948 856 τοιαῦτα,

378 883 430 937 τί
457 881 522 934 ἂν
561 880 647 949 εἴη
680 878 750 930 τά
794 877 935 947 ὑπὲρ
964 877 1255 947 αῖσθησινς
1287 878 1381 930 καὶ
1425 877 1598 941 οὕτως
1639 878 1732 932 τοῦ
1762 879 1952 950 ζητου-

382 975 547 1046 μένου
596 973 800 1041 τυχεῖν,
848 966 958 1022 οἷον
1004 969 1269 1022 ἐπιϐάντα
1313 969 1414 1040 τῆς
1445 969 1549 1034 ἔξω
1590 970 1780 1040 σοφίας
1807 1012 1822 1036 ,
1858 972 1954 1026 καὶ

378 1065 669 1136 γενόμενον
702 1063 768 1114 δι’
802 1061 972 1129 αὐτῆς
1018 1060 1364 1132 ὑψηλότερον,
1415 1061 1555 1114 ὥστε
1596 1063 1953 1132 προσεγγίσαι

378 1157 579 1227 τρόπον
627 1152 750 1206 τινα
797 1151 862 1204 δι’
900 1151 1069 1220 αὐτῆς
1108 1155 1220 1214 τοῖς
1261 1150 1554 1221 ἀλήπτοις·
1603 1151 1744 1204 οὕτω
1791 1153 1886 1205 καὶ
1925 1155 1955 1205 ὁ

377 1247 568 1314 Μέγας
598 1237 783 1306 οὗτος,
815 1246 880 1312 τῇ
915 1242 1018 1307 ἔξω
1055 1243 1344 1313 φιλοσοφίᾳ
1381 1242 1446 1295 δι’
1478 1243 1794 1313 ἐπιμελείας
1829 1245 1954 1298 καθ-

376 1337 662 1408 ομιλήσας,
676 1335 739 1388 δι’
761 1328 834 1387 ὧν
851 1336 877 1384 ὁ
892 1334 1247 1403 Ἑλληνισμὸς
1267 1337 1378 1396 τοῖς
1394 1333 1606 1397 πολλοῖς
1623 1333 1952 1402 βεϐαιοῦται,

375 1430 466 1484 διὰ
503 1429 708 1481 τούτων
749 1426 1005 1497 ὼδηγήθη
1050 1426 1188 1497 πρὸς
1231 1426 1330 1497 τὴν
1373 1424 1468 1480 τοῦ
1521 1425 1952 1498 Χριστιανισμοῢ

377 1520 726 1588 κατανόησιν,
758 1518 851 1569 καὶ
886 1516 1201 1569 καταλιπὼν
1236 1516 1332 1587 τὴν
1377 1517 1802 1588 πεπλανημένην
1845 1517 1955 1569 τῶν

376 1613 628 1684 πατέρων
651 1610 967 1680 θρησκείαν,
997 1608 1182 1679 ἐζήτει
1209 1610 1308 1680 τὴν
1341 1609 1450 1662 τῶν
1477 1609 1647 1663 ὄντων
1676 1609 1952 1678 ἀλήθειαν,

2051 425 2264 480 ratione
2296 425 2526 495 augendi
2557 423 2795 478 studium
2833 423 3101 491 ejusmodi
3135 423 3267 478 vitia
3299 439 3404 478 una
3435 440 3624 480 secum

2051 515 2296 569 inducat.
2323 513 2787 580 Quemadmodum
2829 523 3008 568 autem
3036 514 3175 568 fama
3209 522 3356 568 tenet
3387 516 3624 585 patriar-

2051 606 2208 661 cham
2235 606 2609 660 Abrahamum
2641 605 2950 660 Chaldaicze
2984 606 3338 676 phil030phiae
3397 608 3626 663 scientia

2051 697 2362 768 praeditum,
2394 711 2519 753 cum
2569 699 2923 761 concinnum,
2986 706 3194 768 aptum,
3250 705 3449 762 ratum,
3499 713 3629 752 cou-

2052 796 2313 853 stantem,
2368 797 2599 856 certum,
2649 789 3068 859 ordinatumque
3103 789 3265 844 situm
3303 803 3367 843 ac
3419 799 3626 843 motum

2053 883 2294 940 siderum
2327 884 2825 949 animadvertisset,
2857 886 3048 938 harum
3077 900 3259 939 rerum
3314 885 3629 954 cognitione

2053 982 2311 1043 tanquam
2345 975 2492 1030 scala
2544 985 2707 1046 atque
2763 975 3095 1030 adminiculo
3129 991 3287 1030 usum
3343 974 3514 1030 fuisse
3559 976 3627 1030 ad

2054 1069 2237 1138 superi
2270 1068 2397 1123 boni
2433 1069 2973 1138 contemplationem,
3009 1083 3129 1122 cum
3160 1076 3458 1138 reputaret,
3480 1068 3627 1138 quod

2055 1160 2098 1213 si
2137 1174 2199 1213 ea
2233 1175 2355 1229 qu:e
2406 1174 2571 1215 sensu
2629 1159 3185 1229 comprehenduntur,
3241 1161 3368 1214 talia
3417 1167 3624 1224 essent,

2053 1253 2216 1318 quale
2249 1267 2371 1308 esse
2402 1260 2585 1322 posset
2614 1251 2690 1318 id,
2731 1251 2873 1322 quod
2903 1265 3123 1307 sensum
3160 1259 3383 1321 superat
3419 1271 3432 1306 ;
3466 1261 3630 1322 atque

2053 1343 2130 1397 ita
2160 1353 2474 1400 assecutum
2526 1361 2650 1401 esse
2673 1343 2751 1406 id.
2800 1343 2943 1414 quod
3002 1343 3300 1412 quaerebat,
3353 1359 3475 1396 cum
3528 1358 3626 1397 ex-

2055 1443 2266 1491 ternam
2299 1436 2621 1505 sapientiam
2647 1435 2803 1504 quasi
2831 1432 3260 1494 conscendisset,
3285 1446 3347 1485 ac
3377 1446 3473 1499 per
3503 1446 3624 1485 eam

2056 1527 2347 1583 sublimior
2372 1527 2658 1587 evasisset,
2694 1534 2752 1578 ut
2779 1527 2945 1580 rebus
2977 1523 3626 1595 incontprehcnsibilibus

2055 1628 2110 1672 et
2140 1629 2357 1689 captum
2391 1619 2774 1689 eﬁugientibus
2809 1634 2905 1688 per
2938 1618 3083 1671 illam
3114 1614 3516 1687 quodammodo
3535 1629 3630 1683 ap-

376 1704 438 1769 ἐξ
461 1701 643 1757 αὐτῶν
680 1700 788 1754 τῶν
815 1699 1207 1769 πεπονημένων
1233 1703 1346 1764 τοῖς
1367 1698 1566 1764 ἔξωθεν
1597 1698 1865 1768 διδαχθεὶς
1889 1701 1951 1753 τὸ

2056 1711 2445 1780 propinquaret
2483 1729 2496 1764 :
2541 1711 2613 1764 ita
2647 1711 2809 1764 etiam
2842 1709 3070 1779 Magnus
3117 1710 3240 1771 iste,
3271 1722 3395 1760 cum
3431 1705 3486 1759 in
3530 1721 3630 1760 ex-

376 1793 487 1846 τῶν
531 1791 854 1860 ’ίίῖλληνικῶν
891 1790 1177 1859 δογμάτων
1213 1790 1538 1843 ἀσύστατον.
1587 1789 1804 1859 Ἐπειδὴ
1841 1790 1952 1862 γάρ

2056 1811 2222 1858 ιρι-ηας
2275 1803 2558 1873 sapientiae
2610 1803 2793 1858 studio
2827 1801 3115 1871 diligenter
3173 1807 3428 1854 versatus
3461 1805 3647 1867 esset,

381 1882 516 1938 εἶδεν
538 1882 674 1954 πρὸς
693 1882 978 1952 διαφόρους
1001 1879 1296 1950 ὑπολήψεις
1317 1883 1374 1934 ἐν
1393 1884 1512 1944 ταῖς
1533 1881 1661 1951 περὶ
1684 1879 1776 1934 τοῦ
1795 1881 1952 1937 Θείου

2056 1907 2149 1961 per
2180 1907 2318 1962 quas
2347 1907 2434 1946 res
2460 1891 2706 1961 plerique
2737 1906 2954 1946 errores
2979 1888 3292 1944 Graecorum
3322 1888 3633 1958 gentilium-

379 1976 557 2041 δόξαις
585 1973 911 2045 σχιζομένην
939 1973 1039 2044 τὴν
1066 1973 1384 2044 Ἑλληνικὴν
1416 1976 1511 2027 καὶ
1550 1975 1648 2046 τὴν
1680 1974 1954 2047 βάρϐαρον

2056 1998 2160 2054 que
2187 1983 2474 2038 stabiliunt
2501 1990 2664 2052 atque
2715 1980 3064 2045 conﬁrmant,
3131 1980 3198 2036 iis
3246 1980 3410 2035 rebus
3471 1979 3630 2048 quasi

377 2067 575 2137 ὁμοίως
599 2065 934 2135 φιλοσοφίαν,
958 2065 1051 2116 καὶ
1074 2065 1200 2127 τοὺς
1231 2063 1340 2118 τῶν
1364 2063 1652 2133 δογμάτων
1681 2083 1953 2137 προεστη-

2056 2074 2288 2129 ducibus
2308 2083 2362 2128 et
2389 2073 2663 2129 indicibus
2695 2088 2827 2129 usus
2855 2079 2939 2128 est
2967 2073 3033 2127 ad
3055 2070 3379 2128 Christiana:
3408 2071 3632 2142 religio-

377 2158 562 2220 κότας,
589 2155 712 2210 οὔτε
735 2157 869 2228 πρὸς
892 2155 1154 2225 ἀλλήλους
1181 2156 1594 2226 συμϐαίνοντας,
1636 2158 1812 2212 καὶτὸ
1831 2158 1953 2212 καθ’

2056 2165 2140 2219 nis
2167 2162 2554 2234 cognitionem,
2587 2176 2649 2217 ac
2682 2161 2870 2216 relicta
2899 2161 3036 2216 falsa
3067 2169 3351 2231 parentum
3387 2175 3450 2215 ac
3509 2176 3630 2215 ma-

375 2250 570 2304 ἑαυτὸν
614 2250 840 2302 ἕκαστον
874 2248 1162 2321 κρατύνειν
1202 2250 1270 2319 τῇ
1318 2251 1571 2321 περινοίᾳ
1612 2250 1724 2304 τῶν
1773 2250 1951 2319 λόγων

2056 2253 2234 2324 iorum
2266 2253 2549 2324 religione,
2586 2267 2768 2307 rerum
2804 2252 3088 2306 veritatem
3113 2251 3494 2321 quaerebat,ex
3520 2249 3631 2306 illis

377 2341 845 2408 φιλονεικοῦντας·
878 2340 1102 2403 τούτους
1138 2341 1237 2410 μὲν
1271 2340 1462 2412 ὥσπερ
1493 2345 1552 2395 ἐν
1584 2342 1832 2415 ἐμφυλίῳ
1858 2361 1956 2396 πο-

377 2431 436 2484 λέ
445 2449 548 2502 μῳ,
575 2432 666 2483 ὐπ’
685 2430 928 2501 ἀλλήλων
952 2430 1420 2501 ἀνατρεπομένους
1440 2432 1733 2486 κατέλιπεν
1752 2448 1766 2462 ·
1795 2449 1957 2486 κατα-

377 2523 645 2594 λαμϐάνει
674 2523 732 2575 δέ
764 2522 856 2575 τὸν
888 2521 1100 2575 έστῶτα
1127 2522 1284 2590 λόγον
1305 2522 1404 2591 τῆς
1435 2523 1672 2586 πίστεως
1689 2563 1705 2588 ,
1749 2523 1843 2577 τὸν
1865 2524 1955 2577 ού-

376 2614 540 2684 δεμιᾷ
571 2614 762 2684 λογικῇ
793 2630 898 2665 τινι
931 2612 1223 2683 περιεργίᾳ
1271 2613 1367 2666 καὶ
1407 2615 1682 2683 τεχνικαῖς
1729 2614 1956 2678 πλοκαῖς

377 2704 800 2774 κρατυνόμενον,
825 2702 962 2756 ἀλλά
981 2702 1047 2756 δι’
1066 2702 1368 2773 ἁπλότητος
1395 2703 1657 2775 ῥημάτων
1678 2706 1956 2776 ὁμοτίμως

377 2798 514 2850 πᾶσι
551 2795 1054 2866 καταγγελλόμενον
1082 2813 1094 2826 ’
1119 2795 1180 2858 ὃς
1201 2797 1261 2848 ὲν
1286 2795 1434 2866 αὐτῷ
1461 2797 1537 2867 τῷ
1563 2797 1705 2869 ὑπὲρ
1727 2797 1828 2870 τὴν
1867 2799 1958 2852 πίο

378 2906 496 2944 στιν
532 2885 704 2951 εἶναι,
727 2888 788 2941 τὸ
812 2888 1002 2941 πιστὸν
1035 2887 1167 2957 ἔχει.
1198 2888 1259 2941 Εἰ
1282 2887 1391 2960 γὰρ
1419 2888 1656 2943 τοιοῦτον
1679 2885 1748 2962 ἦν
1776 2891 1836 2944 τὸ
1869 2891 1958 2945 λε-

377 2980 627 3051 γόμενον,
673 2977 750 3041 ὡς
785 2979 854 3048 τῇ
883 2976 993 3030 τῶν
1027 2977 1384 3048 ἀνθρωπίνων
1423 2977 1700 3049 λογισμῶν
1727 2979 1952 3051 δυνάμει

378 3067 918 3140 καταλαμϐάνεσθαι,
963 3067 1112 3120 οὐδὲν
1155 3066 1222 3120 ἂν
1268 3067 1366 3138 τῆς
1409 3068 1731 3139 Ἑλληνικῆς
1762 3072 1952 3142 σοφίας

373 3161 625 3233 διήνεγκε
663 3159 943 3229 (κάκεῖνοι
971 3157 1100 3228 γὰρ,
1131 3157 1266 3228 ὅπερ
1293 3156 1360 3212 ἂν
1392 3159 1716 3214 καταλαϐεῖν
1743 3161 1955 3232 ἐξισχύο

375 3269 567 3320 σωσιν,
603 3253 781 3304 ἐκεῖνο
813 3251 908 3304 καὶ
935 3244 1074 3303 εῖναι
1103 3249 1485 3319 δοξάζουσιν),
1521 3250 1643 3304 ἐπεὶ
1669 3251 1728 3304 δέ
1765 3253 1957 3306 ἀνεπί-

377 3346 541 3410 ϐατός
571 3346 686 3399 ἐστι
721 3343 1001 3412 λογισμοῖς
1026 3341 1392 3412 ἀνθρωπίνοις
1419 3341 1517 3412 τῆς
1557 3342 1957 3414 ὑπερκειμένης

378 3437 595 3507 φύσεως
619 3438 652 3507 ή
683 3433 1008 3504 κατάληψις,
1039 3431 1228 3486 τούτου
1257 3431 1417 3504 χάριν
1446 3434 1479 3504 ή
1501 3433 1684 3497 πίστις
1709 3435 1832 3488 ἀντὶ⁵
1849 3434 1956 3489 τῶν

383 3526 656 3596 λογισμῶν
685 3525 915 3594 γίνεται,
938 3525 1050 3585 τοῖς
1082 3521 1220 3594 ὑπὲρ
1252 3521 1406 3590 λόγον
1437 3538 1498 3575 τε
1527 3522 1621 3575 καὶ
1652 3522 1956 3593 κατάληψιν

379 3619 580 3690 ἑαυτὴν
618 3617 1025 3670 ἐπεκτείνουσα.
1069 3613 1168 3668 Διά
1214 3613 1423 3677 ταῦτα,
1468 3615 1650 3678 καθὼς
1698 3617 1826 3687 περὶ
1861 3614 1955 3668 τοῦ

376 3711 657 3772 Μωῦσέως
681 3709 843 3778 φησὶν
881 3709 913 3779 ή
942 3707 1153 3777 Γραφὴ,
1186 3707 1268 3759 ὅτι
1303 3706 1593 3776 ἐπαιδεύθη
1622 3707 1768 3777 πάσῃ
1795 3706 1956 3776 σοφίᾳ

374 3801 486 3856 τῶν
516 3800 828 3869 Αἰγυπτίων
847 3815 860 3826 ·
886 3797 1058 3860 οὕτως
1084 3795 1177 3850 καὶ
1203 3798 1232 3848 6
1255 3795 1437 3864 Μέγας
1459 3791 1634 3859 οὗτος,
1665 3796 1752 3850 διὰ
1777 3797 1958 3866 πάσης

377 3893 549 3948 ἐλθὼν
577 3895 676 3961 τῆς
712 3889 822 3944 τῶν
857 3888 1126 3959 Ἑλλήνων
1167 3886 1522 3952 παιδεύσεως,
1566 3888 1660 3941 καὶ
1700 3888 1862 3956 γνοὺς
1887 3891 1955 3959 τῇ

379 3985 550 4055 πείρᾳ
583 3982 693 4036 τῶν
741 3981 871 4052 παρ’
926 3980 1109 4040 αὐτοῖς
1151 3978 1438 4049 δογμάτων
1482 3979 1543 4032 τὸ
1593 3979 1815 4043 ἀσθενὲς
1863 3981 1957 4034 καὶ

380 4074 705 4137 ἀσύστατον,
737 4070 983 4142 μαθητὴς
1006 4068 1101 4122 τοῦ
1124 4069 1455 4138 Εύαγγελίου
1479 4069 1802 4122 καθίσταται
1820 4087 1834 4102 ·
1863 4070 1957 4123 καὶ

380 4165 513 4236 πρὶν
546 4163 778 4234 ἀχθῆναι
817 4161 907 4216 διὰ
945 4161 1043 4232 τῆς
1098 4159 1368 4231 μυστικῆς
1411 4177 1472 4212 τε
1522 4160 1617 4213 καὶ
1663 4161 1956 4231 ἀσωμάτου

380 4256 721 4325 γεννήσεως,
779 4251 952 4314 οὕτως
998 4249 1284 4320 κατώρθου
1315 4247 1406 4302 τὸν
1455 4248 1590 4319 βίον,
1636 4250 1712 4312 ὡς
1755 4250 1957 4321 μηδένα

2055 2341 2189 2410 ipsis
2212 2357 2336 2412 qua:
2379 2341 2449 2396 ab
2496 2340 2740 2397 externis
2777 2340 3119 2410 philosOphis
3162 2341 3438 2396 elaborata
3477 2347 3628 2404 sunt,

2055 2432 2508 2501 edoctus,'quam
2552 2445 2662 2486 non
2711 2431 3015 2487 consistere
3068 2430 3314 2500 possint,
3356 2443 3631 2499 quamque

2056 2537 2249 2592 parum
2308 2521 2414 2577 sibi
2466 2527 2722 2576 constent
2783 2519 3067 2576 sententiae
3123 2526 3288 2589 atque
3335 2517 3630 2588 opiniones

2055 2612 2388 2667 Graecanica;
2437 2612 2722 2667 doctrinae.
2761 2608 3120 2680 Posteaquam
3175 2611 3322 2666 enim
3379 2607 3629 2662 animad-

2055 2701 2546 2758 vertitGmcorum
2577 2702 2740 2757 simul
2759 2715 2824 2755 ac
2846 2701 3204 2755 barbarorum
3230 2700 3630 2771 philosophiam

2058 2797 2112 2851 in
2163 2797 2232 2852 iis
2279 2795 2590 2858 sententiis.
2637 2794 2840 2863 quibus
2889 2794 2958 2850 de
3013 2795 3239 2848 numine
3287 2793 3471 2848 divino
3499 2793 3630 2863 quid

2058 2887 2407 2944 sentiendum
2438 2887 2509 2944 sit
2535 2894 2800 2950 statuunt,
2844 2885 2898 2939 in
2925 2884 3171 2940 diversas
3207 2885 3383 2940 scindi
3415 2885 3632 2956 opinio-

2057 2994 2157 3035 nes
2181 2996 2196 3038 :
2224 2992 2526 3047 earumque
2564 2974 2956 3032 sententiarum
2989 2974 3462 3046 prmsidesmeque
3490 2976 3633 3030 inter

2056 3085 2180 3126 sese
2209 3084 2512 3141 congruere
2544 3077 2708 3138 atque
2735 3067 3094 3130 concordare,
3129 3075 3183 3121 et
3223 3067 3408 3122 solerti
3439 3068 3630 3138 exqui-

2055 3161 2270 3232 sitaque
2322 3160 2613 3216 verborum
2639 3167 2695 3213 et.
2725 3165 3171 3230 argumentorum
3231 3160 3633 3228 excogitatione

2054 3268 2210 3309 suam
2267 3265 2718 3322 unumquemque
2781 3247 3107 3304 sententiam
3157 3248 3407 3303 stabilire
3466 3257 3633 3318 atque

2053 3345 2382 3419 conﬁrmare
2402 3343 2624 3409 conari;
2645 3343 2746 3397 hos
2777 3341 3017 3410 quidem,
3045 3348 3300 3409 tanquam
3329 3339 3633 3398 do:nes:ic0

2054 3437 2200 3493 bello
2227 3451 2286 3492 se
2323 3436 2558 3490 invicem
2591 3439 2900 3489 evertentes
2920 3441 2974 3487 et
3005 3431 3357 3487 conﬁcientes
3387 3432 3628 3504 reliquit.

2054 3527 2417 3596 Consequitur
2445 3536 2624 3580 autem
2655 3529 2710 3579 et
2736 3521 3081 3592 amplectitur
3108 3522 3498 3578 consistentem
3517 3531 3634 3577 sta-

2055 3619 2327 3688 bilemque
2357 3631 2421 3669 ac
2449 3616 2662 3670 ﬁrmum
2684 3613 2808 3668 ﬁdei
2835 3625 3164 3676 sermonem,
3189 3612 3280 3682 qui
3301 3628 3408 3666 non
3435 3612 3632 3682 exqui-

2055 3711 2158 3766 sita
2189 3708 2426 3778 quadam
2481 3715 2644 3776 atque
2676 3704 3004 3760 redundanti
3047 3704 3340 3759 verborum
3395 3707 3632 3761 curiosi-

2054 3808 2188 3864 tate,
2227 3808 2284 3856 ct
2320 3798 2637 3854 artiﬁciosis
2687 3797 2918 3852 nexibus
2951 3804 3397 3865 argumentorum
3431 3797 3634 3852 conﬁr-

2055 3901 2260 3957 matur,
2287 3890 2384 3947 sed
2409 3905 2506 3960 per
2531 3887 2939 3958 simplicitatem
2963 3887 3252 3942 verborum
3281 3887 3538 3942 omnibus
3563 3903 3633 3944 ex

2055 3998 2215 4053 aequo
2253 3982 2608 4036 ammntiatur
2637 3997 2650 4034 :
2683 3977 2777 4048 qui
2831 3977 2886 4031 in
2933 3977 3039 4032 hoc
3092 3977 3237 4047 ipso,
3274 3978 3420 4048 quod
3465 3995 3632 4049 supra

2057 4074 2216 4129 ﬁdem
2239 4083 2344 4137 est,
2379 4072 2483 4126 vim
2517 4069 2640 4124 ﬁdei
2675 4069 2941 4124 faciendae
2974 4069 3137 4123 habet
3168 4086 3183 4134 ;
3217 4084 3343 4123 nam
3376 4069 3422 4124 si
3453 4069 3529 4133 id,
3564 4069 3634 4126 de

2058 4183 2166 4238 quo
2203 4181 2385 4222 sermo
2412 4165 2662 4227 habetur,
2681 4162 2948 4232 ejusmodi
2987 4169 3152 4224 esset,
3179 4170 3237 4216 ut
3268 4164 3630 4218 humanarum

2060 4261 2110 4314 vi
2152 4258 2422 4311 rationum
2446 4263 2499 4310 et
2533 4255 3058 4324 argumentationum
3093 4255 3480 4325 comprehendi
3505 4271 3632 4324 pos-

381 4344 552 4418 ρύπον
581 4345 676 4415 τῆς
708 4342 982 4414 ἁμαρτίας
1025 4341 1118 4394 ἐπὶ
1149 4341 1209 4393 τὸ
1249 4339 1474 4411 λουτρὸν
1519 4341 1953 4410 εἰσενέγκασθαι.

2062 4360 2163 4414 set,
2192 4349 2332 4404 nihil
2377 4364 2408 4402 a
2455 4347 2769 4402 Gra-canica
2800 4347 3065 4415 sapientia
3116 4347 3357 4401 diﬁerret
3394 4348 3538 4416 (nam
3575 4355 3631 4402 et

381 4434 564 4505 Οὔσης
593 4435 650 4488 δὲ
686 4434 833 4504 αὐτῷ
869 4434 967 4503 τῆς
994 4432 1268 4502 διαγωγῆς
1301 4433 1358 4485 ἐν
1393 4431 1651 4502 Αἰγύπτῳ
1685 4433 1826 4486 κατὰ
1862 4434 1959 4505 τὴν

384 4529 627 4602 μεγάλην
657 4525 751 4581 τοῦ
793 4527 1142 4596 Ἀλεξάνδρου
1170 4525 1345 4590 πόλιν,
1371 4527 1451 4589 εἰς
1480 4527 1544 4598 ἢν
1573 4527 1667 4579 καὶ
1699 4529 1730 4597 ἡ
1757 4544 1960 4580 παντα-

380 4621 538 4694 χόθεν
581 4619 826 4690 συνέρρει
863 4618 1054 4688 νεότης
1096 4617 1204 4671 τῶν
1245 4617 1375 4688 περὶ
1417 4616 1734 4687 φιλοσοφίαν
1764 4635 1823 4670 τε
1867 4619 1960 4672 καὶ

384 4712 634 4784 ἰατρικὴν
684 4711 1132 4763 ἐσπουδακότων·
1197 4710 1434 4779 χαλεπὸν
1476 4705 1544 4781 ἦν
1589 4713 1700 4772 τοῖς
1743 4711 1960 4781 ὁμήλιξι

381 4806 596 4875 θέαμα,
645 4804 763 4864 νέος
806 4801 947 4871 ὑπὲρ
991 4801 1088 4872 τὴν
1136 4801 1350 4872 ήλικίαν
1388 4804 1454 4872 τῇ
1501 4801 1825 4874 σωφροσύνῃ
1869 4819 1960 4855 κο-

385 4896 714 4968 σμούμενος.
757 4893 814 4944 '0
846 4893 956 4960 γὰρ
999 4892 1093 4944 τοῦ
1126 4893 1520 4960 καθαρεύοντος
1563 4892 1783 4956 ἔπαινος
1805 4934 1820 4956 ,
1851 4893 1959 4946 τῶν

388 4985 766 5059 μολυνομένων
816 4981 1017 5045 δνειδος
1049 4977 1138 5052 ἦν.
1197 4983 1281 5045 Ὡς
1319 4983 1384 5037 ἂν
1436 4979 1527 5036 οὖν
1577 4983 1840 5052 ἀπολογία
1874 5001 1959 5046 τις

383 5079 470 5148 εἴη
495 5080 606 5140 τοῖς
636 5074 975 5136 ἀκολάστοις,
1003 5072 1065 5125 τὸ
1089 5071 1162 5142 μὴ
1197 5074 1388 5143 μόνους
1407 5075 1601 5137 αὐτοὺς
1625 5070 1763 5126 εἶναι
1784 5073 1960 5128 δοκεῖν

383 5169 680 5233 τοιούτους,
711 5166 926 5219 ἐπίνοιά
951 5182 1034 5228 τις
1074 5163 1134 5228 ἐξ
1174 5166 1462 5237 ἐπιϐουλῆς
1498 5167 1626 5238 παρ’
1657 5167 1833 5222 αὐτῶν
1861 5169 1959 5220 ἐπ-

384 5262 708 5331 εσκευάσθη,
733 5259 825 5312 τοῦ
847 5257 1036 5328 μῶμόν
1063 5275 1182 5310 τινα
1205 5257 1280 5328 τῷ
1303 5257 1402 5328 βίῳ
1421 5259 1513 5312 τοῦ
1532 5259 1784 5327 Μεγάλου
1800 5276 1966 5330 προσ·-

384 5350 698 5421 τρίψασθαι,
741 5349 847 5400 Καὶ
883 5345 1240 5417 προϐάλλεται
1274 5348 1404 5417 παρ’
1432 5348 1632 5412 αὐτῶν,
1668 5350 1747 5411 εἰς
1783 5349 1963 5402 διαϐο-

385 5441 485 5511 λὴν
530 5439 737 5492 ἐκείνου
763 5477 778 5502 ,
830 5437 1051 5507 γύναιον
1095 5437 1407 5509 ἑταιρικὸν,
1447 5436 1508 5504 ἐξ
1546 5441 1840 5511 οἰκήματος
1873 5441 1958 5493 ἐπ’

493 5617 512 5648 ⁸
537 5619 661 5673 Act.
691 5629 783 5679 vn,
805 5612 896 5669 Ἡ.

2062 4443 2140 4498 illi
2194 4443 2563 4512 quodcunque
2618 4437 3081 4508 comprehendere
3137 4437 3435 4502 valuerint,
3494 4437 3628 4492 illud

2061 4535 2224 4591 etiam
2275 4547 2397 4588 esse
2431 4528 2707 4596 censent),
2758 4528 2853 4583 sed
2886 4528 3143 4597 quoniam
3188 4541 3306 4580 eam
3351 4534 3627 4591 naturam,

2059 4642 2176 4696 quae
2211 4625 2266 4678 in
2305 4623 2519 4694 superis
2574 4620 2797 4675 sedibus
2829 4619 2988 4673 rebus
3043 4617 3296 4686 praesidet
3335 4617 3626 4682 universis,

2060 4718 2421 4788 cogitationes
2474 4720 2527 4768 et
2566 4713 2802 4765 rationes
2850 4709 3100 4761 lnnnanze
3131 4708 3348 4776 assequi
3393 4715 3445 4761 et
3479 4723 3628 4761 com-

2063 4807 2405 4880 prehendere
2446 4819 2555 4858 non
2605 4808 2865 4870 possunt;
2901 4799 3106 4854 idcirco
3155 4799 3290 4853 ﬁdes
3336 4799 3388 4852 in
3447 4801 3628 4853 locum

2059 4901 2333 4953 rationum
2385 4893 2665 4955 succedit,
2698 4893 2764 4946 ad
2794 4907 2878 4954 ea,
2901 4907 3020 4961 qua:
3053 4899 3312 4960 superant
3361 4893 3627 4946 rationem

2058 4999 2113 5044 et
2142 4985 2685 5057 comprehensionem
2711 5023 2726 5047 ,
2754 4985 2988 5039 enitens.
3036 4983 3323 5054 Propterea
3372 4987 3631 5054 quemad-

2059 5078 2280 5132 modum
2314 5077 2380 5130 de
2430 5074 2613 5146 Moyse
2641 5075 2773 5129 dicit
2818 5075 3101 5143 Scriptura
3129 5075 3168 5140 δ,
3201 5075 3345 5145 quod
3380 5075 3629 5130 eruditus

2063 5176 2210 5222 esset
2262 5164 2411 5219 omni
2457 5166 2723 5236 sapientia
2755 5163 3130 5235 Egyptiorum
3161 5185 3174 5220 :
3212 5167 3284 5219 ita
3314 5166 3476 5219 etiam
3513 5181 3622 5218 ma-

2064 5275 2204 5330 gnus
2235 5260 2336 5314 iste
2365 5259 2468 5324 vir,
2504 5275 2626 5313 cum
2675 5273 2890 5313 omnem
2922 5256 3231 5313 Grrccorum
3266 5259 3628 5314 eruditionem

2062 5363 2127 5403 ac
2147 5349 2491 5419 disciplinam
2522 5355 2897 5419 perscrutatus
2923 5357 3088 5415 esset,
3111 5349 3358 5420 factoque
3383 5350 3632 5420 periculo

2061 5439 2364 5509 didicisset,
2397 5454 2559 5511 quam
2596 5439 2825 5494 inﬁrma:
2876 5454 3066 5496 eorum
3120 5442 3406 5512 opiniones
3465 5448 3630 5528 atque
