4050 6164
418 215 526 271 903
1656 201 1716 257 s.
1754 198 2019 270 cuneos

2123 197 2166 253 Ν
2177 195 2417 254 ῐΞδΕΝι
3574 187 3688 245 θοι

427 321 712 382 sententiae
739 323 872 391 sint,
905 337 1180 394 quamque
1211 333 1404 392 parum
1440 317 1542 373 sibi
1592 321 1868 384 Coustent,
1913 317 1999 371 di-

2122 315 2298 386 ὶτιμία
2331 312 2801 384 κατεγνωσμένον.
2825 309 2931 364 Τοῦ
2957 309 3036 374 δὲ,
3057 307 3199 364 κατά
3215 307 3277 362 τδ
3299 307 3550 379 σύνηθες,
3573 313 3688 374 τοῖς

428 420 676 490 seipulus
704 416 976 486 Evangelii
1003 417 1060 470 fit
1098 435 1111 470 :
1149 429 1214 469 ac
1244 413 1563 485 priusquam
1589 426 1686 481 per
1711 411 2001 482 mysticam

2122 409 2298 477 λογάσι
2329 407 2439 461 τῶν
2463 405 2674 478 ἀνδρῶν
2711 407 2770 458 ὲν
2801 403 2983 474 σεμνῷ
3006 401 3086 472 τῷ
3114 399 3354 473 σχήματι
3381 403 3508 472 περί
3538 419 3690 466 τινος

428 517 484 566 et
523 513 898 581 incorpoream
956 507 1297 561 nativitatem
1357 503 1645 558 institutus
1665 511 1830 563 esset,
1867 503 2004 557 adeo

2122 495 2215 550 ιῶν
2243 495 2386 549 κατά
2422 494 2740 564 φιλοσοφίαν
2763 492 3226 562 διασκοπουμένου
3256 491 3350 545 καὶ
3384 508 3691 546 συνασκου-

428 613 576 657 recte
613 609 776 670 atque
814 600 1077 669 prarclare
1136 613 1262 652 sese
1298 597 1352 650 in
1385 596 1495 649 vita
1531 595 1772 665 gerebat,
1808 603 1866 648 ut
1889 593 2006 646 nul-

429 693 510 748 las
531 693 737 761 peccati
765 689 960 746 sordes
992 688 1061 743 ad
1094 689 1371 742 lavacrum
1393 685 1629 740 aberret.
1657 685 1792 738 Cum
1819 694 2002 738 autem

428 784 646 853 degeret
686 783 742 836 in
783 781 1019 851 Egypto
1055 781 1109 834 in
1159 793 1355 849 magna
1392 778 1684 832 Alexandri
1741 777 1912 838 urbe,
1950 776 2005 829 in

429 887 588 940 quam
611 887 679 926 ex
705 872 960 925 omnibus
977 869 1224 940 partibus
1255 868 1614 938 philosophiae
1650 876 1704 921 et
1727 865 2008 920 medicinae

426 963 675 1020 studiosa
711 963 973 1032 juventus
1004 959 1312 1014 confluebat
1343 976 1357 1013 :
1391 959 1678 1012 molestum
1721 965 2008 1026 spectacu-

428 1055 539 1112 lum
606 1055 910 1124 aaqualibus
941 1062 1057 1107 erat
1089 1051 1412 1106 adolescens
1467 1064 1631 1118 super
1677 1057 1890 1103 aetatem
1926 1062 2009 1102 so-

429 1145 660 1200 brietate
705 1142 1178 1213 temperantiaque
1219 1149 1470 1193 ornatus.
1519 1138 1654 1208 Ejus
1705 1139 1850 1193 enim
1881 1137 2010 1190 vita:

430 1235 683 1305 puritatis
721 1241 777 1286 et
816 1229 1149 1298 integritatis
1198 1229 1316 1282 laus
1371 1228 1708 1296 impurorum
1745 1226 2007 1296 probrum

431 1343 496 1382 ac
529 1328 766 1382 dedecus
821 1333 958 1378 erat.
993 1322 1065 1377 Ut
1124 1321 1290 1391 igitur
1323 1320 1558 1390 aliquam
1598 1321 2008 1374 excusationem

431 1419 860 1488 intemperantes
892 1429 955 1468 ac
999 1413 1276 1468 libidinosi
1327 1413 1612 1470 haberent,
1640 1412 1685 1466 si
1741 1411 1842 1480 ipsi
1897 1424 2009 1463 non

431 1511 531 1566 soli
563 1511 698 1564 tales
727 1523 846 1563 esse
875 1507 1130 1560 videntur
1170 1524 1184 1558 :
1217 1503 1446 1559 insidias
1489 1503 2008 1564 comminiscuntur,

431 1610 487 1657 et
517 1599 726 1653 vafrum
759 1597 1032 1668 quoddam
1087 1597 1380 1650 consilium
1437 1595 1773 1663 excogitant,
1803 1603 1861 1646 ut
1911 1591 2010 1644 ali-

2109 587 2293 658 μένου,
2325 587 2576 658 πρόσεισι
2597 586 2658 638 τὸ
2684 585 2904 653 γύναιον
2942 581 3304 652 ἀκκιζόμενόν
3343 599 3402 634 τε
3433 583 3527 636 καὶ
3552 583 3689 653 θρυο

2107 680 2374 750 πτόμενον
2390 719 2406 742 ,
2431 679 2523 732 καὶ
2544 677 2633 731 διὰ
2662 677 2881 730 πάντων
2902 675 2961 728 τὸ
2986 670 3125 728 εῖναι
3149 675 3281 745 πρὸς
3311 674 3472 727 αὐτὸν
3495 675 3552 726 ὲν
3572 690 3694 726 συν·

2107 769 2286 841 ηθείᾳ,
2301 771 2370 824 δι’
2386 765 2460 824 ὧν
2479 767 2774 838 ὲφθέγγετό
2791 784 2850 820 τε
2872 767 2965 820 καὶ
2981 766 3176 832 ἐποίει,
3195 783 3294 835 σχη
3304 764 3690 835 ματιςόμενονο

2107 861 2226 918 εἶτα
2245 862 2400 932 ἔλεγε
2419 862 2526 915 τῶν
2547 859 2913 931 μισθωμάτων
2925 857 3363 928 ἀποστερεῖσθαι,
3384 858 3692 928 προστιθεί-

2110 966 2179 1004 σα
2196 951 2289 1004 καὶ
2308 950 2408 1013 τὰς
2424 949 2677 1020 ἀφορμάς
2690 950 2782 1002 ὑπ’
2801 947 3095 1011 ἀναιδείας,
3121 947 3260 1016 ὑπὲρ
3279 940 3353 1000 ὧν
3375 949 3564 1018 ῂτιᾶτο
3586 947 3689 1018 τὴν

2107 1044 2217 1098 τῶν
2239 1042 2446 1115 μισθῶν
2465 1042 2851 1112 ἀποστέρησιν.
2877 1040 2997 1094 Τῶν
3023 1040 3080 1093 δὲ
3107 1039 3520 1107 συνεγνωκότων
3539 1039 3690 1110 αὐτῷ

2107 1135 2198 1189 τὸν
2222 1134 2465 1204 ,καθαρὸν
2497 1133 2638 1203 βίον,
2673 1130 3128 1199 ἀγανακτούντων
3157 1145 3217 1181 τε
3245 1129 3340 1182 καὶ
3370 1131 3504 1199 ὀργῇ
3545 1130 3689 1184 κατὰ

2109 1227 2203 1281 τοῦ
2245 1226 2464 1295 γυναίου
2500 1224 2957 1294 συγκινουμένων,
2998 1221 3122 1276 οὔτε
3169 1222 3545 1292 συνεταράχθη
3573 1224 3688 1284 τοῖς

2111 1319 2250 1390 ὑπὲρ
2289 1317 2454 1370 αὑτοῦ
2495 1317 2945 1387 χαλεπαίνουσιν,
2991 1314 3116 1369 οὒτε
3160 1333 3214 1369 τι
3258 1314 3497 1368 τοιοῦτον
3530 1308 3687 1365 εἶπεν

2113 1408 2638 1480 συκοφαντούμενος,
2663 1403 2774 1461 οἷον
2797 1408 2943 1470 εἰκὸς
2970 1409 3062 1461 τὸν
3093 1408 3409 1479 ἀχθόμενον·
3450 1408 3512 1459 ού
3543 1407 3689 1476 μάρ-

2110 1519 2280 1573 τυρας
2306 1502 2401 1554 τοῦ
2429 1500 2542 1570 βίου
2577 1500 3049 1570 προσεκαλέσατο,
3079 1501 3178 1570 οὐχ
3205 1500 3352 1569 ὅρκῳ
3373 1500 3462 1552 τὸν
3497 1498 3690 1568 μῶμον

2112 1591 2398 1658 ἀπώσατο,
2426 1593 2487 1644 ού
2521 1591 2620 1662 τὴν
2660 1591 2858 1644 κακίαν
2892 1591 3000 1643 τῶν
3035 1591 3206 1644 ταῦτα
3248 1591 3367 1644 κατ’
3399 1590 3564 1643 αὑτοῦ
3594 1607 3691 1642 συ-

433 1709 598 1765 quam
665 1700 845 1746 notam
893 1699 951 1744 et
997 1689 1267 1743 maculam
1334 1685 1514 1756 magni
1570 1685 1718 1738 illius
1751 1683 1853 1736 viri
1887 1683 2010 1738 vitae

2122 1684 2538 1754 σκευασαμένων
2587 1681 2893 1753 διήλεγξεν·
2947 1682 3064 1736 ἀλλ’
3111 1685 3168 1735 ὲν
3216 1683 3460 1754 ἠρεμαίᾳ
3494 1699 3553 1736 τε
3592 1683 3690 1736 καὶ

434 1789 736 1842 inurerent.
794 1783 873 1836 Ac
925 1780 1247 1851 producitur
1304 1779 1377 1848 ab.
1415 1778 1497 1832 eis
1542 1792 1664 1846 quae
1715 1775 1867 1830 illum
1924 1791 2015 1830 ca-

436 1875 798 1930 lumniaretur
823 1870 1142 1924 muliercula
1164 1868 1440 1930 meretrix,
1463 1881 1585 1936 quae
1613 1879 1845 1934 corpore
1869 1879 2016 1934 quae-

437 1977 582 2024 stum
616 1967 840 2028 faceret,
861 1961 1085 2017 infamia
1118 1962 1356 2031 irrogata
1389 1975 1456 2015 ex
1498 1973 1722 2013 carcere
1752 1957 2013 2013 dimissa:

436 2073 676 2127 cumque
723 2056 812 2110 ille
868 2068 967 2124 pro
1023 2050 1424 2106 consuetudine
1475 2064 1605 2104 cum
1657 2048 1793 2104 viris
1836 2049 2015 2104 doctis

437 2159 602 2221 atque
633 2147 859 2204 delectis
886 2148 940 2199 in
965 2145 1152 2198 habitu
1181 2143 1330 2213 gravi
1354 2150 1410 2198 et
1438 2141 1668 2196 honesto
1691 2139 1758 2195 de
1779 2138 2014 2209 quadam

438 2243 740 2313 quaestione
782 2236 1161 2307 philosOphica
1190 2234 1507 2304 dispiceret,
1546 2247 1766 2301 unaque
1801 2245 1860 2286 se
1887 2244 2013 2284 eun'

441 2335 549 2388 illis
580 2339 880 2392 exerceret,
924 2327 1244 2382 muliercula
1287 2324 1502 2378 accedit
1537 2322 1738 2393 ineptis
1769 2321 2018 2392 gestibus

439 2425 676 2479 formam
712 2428 1021 2485 ostentans,
1054 2425 1109 2472 et
1143 2415 1425 2470 mollitiem
1468 2415 1768 2484 luxumque
1805 2427 1917 2482 pra:
1957 2427 2019 2468 se

441 2515 646 2578 ferens,
675 2521 730 2567 et
788 2527 885 2583 per
919 2508 1102 2564 omnia
1135 2521 1257 2577 qua:
1285 2514 1338 2561 et
1376 2505 1596 2561 dicebat
1639 2512 1693 2559 et
1749 2503 2016 2571 faciebat,

443 2621 566 2662 sese
595 2617 962 2659 consuescere
979 2614 1106 2654 cum
1129 2613 1194 2654 eo
1221 2597 1524 2654 simulans:
1551 2595 1772 2650 tandem
1800 2595 2020 2650 dicebat

439 2711 501 2754 se
557 2693 904 2750 mercedibus
955 2691 1259 2745 fraudatam
1313 2703 1479 2753 esse,
1524 2687 1798 2757 adjiciens
1851 2687 2019 2742 etiam

439 2803 642 2845 causas
694 2801 805 2858 pra:
852 2782 1211 2852 impudentia.
1245 2795 1344 2850 pro
1370 2779 1571 2850 quibus
1597 2781 1931 2850 querebatur
1959 2793 2021 2834 se

442 2880 790 2937 mercedibus
812 2891 934 2932 esse
954 2873 1357 2928 fraudatam.At
1374 2887 1500 2926 cum
1524 2871 1625 2938 illi,
1645 2871 1740 2942 qui
1756 2872 1876 2942 ejus
1898 2872 2022 2927 vitae

443 2971 736 3044 puritatem
780 2976 834 3023 et
879 2965 1273 3022 continentiam
1327 2979 1437 3018 non
1481 2963 1833 3034 ignorabant,
1879 2963 2026 3018 indi-

2115 1775 2436 1846 καθεστώσῃ
2475 1778 2626 1846 φωνῇ
2670 1775 2805 1845 πρός
2841 1791 2962 1828 τινα
2989 1773 3100 1827 τῶν
3141 1775 3388 1844 συνήθων
3421 1775 3694 1845 ἀποστρα-

2116 1868 2236 1936 φεὶς
2258 1906 2274 1930 ,
2311 1885 2330 1918 ε
2369 1863 2440 1918 Ὦ
2472 1859 2646 1929 οὗτος,
2682 1886 2700 1918 ι
2731 1865 2833 1937 ἔφη
2855 1905 2870 1930 ,
2903 1885 2922 1918 ι
2959 1865 3210 1919 διάλυσον
3244 1866 3382 1936 αὐτῇ
3416 1865 3484 1918 τὸ
3516 1867 3691 1938 ἀργύ-

2118 1976 2254 2029 ριον,
2282 1959 2358 2022 ὡς
2387 1959 2452 2012 ἂν
2481 1959 2557 2030 μὴ
2590 1957 2676 2011 διά
2723 1957 2905 2012 πλεῖον
2929 1957 3214 2028 διοχλοῦσα
3233 1997 3248 2022 ,
3269 1957 3366 2030 τὴν
3398 1959 3703 2028 προκειμέ-

2117 2065 2213 2118 νην
2241 2049 2334 2101 τοῦ
2371 2048 2530 2116 λόγου
2571 2047 2805 2118 σπουδὴν
2836 2048 3214 2118 ὲπιταράσσοι.
3258 2065 3278 2099 ι
3320 2048 3471 2101 Ἐπεὶ
3498 2047 3556 2100 δὲ
3585 2064 3696 2117 μα-

2119 2138 2229 2193 θὼν
2264 2139 2416 2212 παρὰ
2451 2139 2550 2209 τῆς
2595 2139 2861 2210 ὲταιρίδος
2898 2142 2927 2192 ὁ
2978 2137 3137 2192 τοῦτο
3174 2139 3692 2209 προστεταγμένος,

2117 2231 2241 2284 ὅσον
2285 2230 2404 2301 ᾔτει
2456 2231 2590 2302 παρ’
2633 2229 2798 2284 αὐτοῦ
2838 2230 2901 2283 τὸ
2942 2229 3228 2301 ἀργύριον,
3277 2230 3510 2300 ἑτοίμως
3547 2232 3696 2284 άπαν

2119 2321 2582 2392 άπηριθμήσατο,
2615 2321 2710 2374 καὶ
2736 2321 2909 2392 πέρας
2942 2315 3088 2391 εῖχεν
3123 2321 3264 2374 κατά
3289 2321 3386 2374 τοῦ
3418 2320 3699 2392 σώφρονος

2117 2415 2151 2484 ὴ
2187 2413 2449 2481 ἐπιϐουλὴ
2489 2415 2603 2476 τοῖς
2639 2412 2978 2477 ἀκολάστοις,
3014 2413 3108 2467 καὶ
3151 2409 3220 2484 ἦν
3251 2416 3310 2467 ὲν
3359 2417 3480 2476 ταῖς
3506 2414 3698 2486 χερσὶν

2118 2505 2220 2576 ἢδη
2257 2505 2355 2575 τῆς
2399 2505 2596 2575 ἀτίμου
2641 2506 2700 2559 τὸ
2734 2505 2926 2576 κέρδος
2948 2521 2962 2535 ο
2996 2505 3120 2558 τότε
3155 2505 3220 2577 δὴ
3255 2505 3465 2573 γίνεται
3508 2505 3700 2558 θεόθεν

2119 2595 2155 2666 ἥ
2195 2613 2255 2649 τε
2296 2595 2573 2668 μαρτυρία
2611 2597 2713 2668 τῆς
2759 2596 3116 2668 σωφροσύνης
3151 2595 3249 2649 τοῦ
3293 2597 3439 2661 νέου,
3469 2595 3567 2649 καὶ
3595 2595 3705 2665 τῆς

2108 2687 2229 2741 ’τῶν
2253 2687 2532 2758 ὁμηλίκων
2570 2686 2930 2756 συκοφαντίας
2953 2688 2983 2739 ό
3008 2686 3248 2756 ἔλεγχος.
3297 2685 3461 2756 Ὀμοῦ
3485 2685 3596 2757 γάρ
3622 2685 3706 2756 τῷ

2122 2779 2485 2844 ὑποδέξασθαι
2511 2781 2576 2850 τῇ
2611 2781 2755 2850 χειρὶ
2783 2779 2844 2833 τὸ
2871 2777 3169 2850 ἀργύριον,
3198 2777 3470 2849 πνεύματι
3505 2777 3706 2850 δαιμο-

2122 2873 2220 2943 νίῳ
2245 2872 2665 2944 στρεϐλωθεῖσα,
2689 2871 2784 2924 καὶ
2815 2870 3116 2942 βρυχηομῷ
3142 2869 3397 2941 θηριώδει
3419 2875 3574 2943 παρά
3602 2871 3712 2945 τὴν

2123 2963 2472 3034 ἀνθρωπίνην
2498 2961 2678 3032 φωνὴν
2704 2961 3078 3030 ἀνοιμώξασα,
3109 2962 3301 3016 πίπτει
3327 2964 3539 3034 πρηνὴς
3562 2965 3709 3018 κατά

445 3067 825 3135 gnarentur,et
843 3063 917 3114 ita
937 3058 1201 3112 adversus
1221 3055 1598 3110 mulierculam
1615 3068 2019 3110 commoveren-

2127 3057 2189 3110 τὸ
2225 3057 2388 3127 μέσον
2421 3055 2530 3110 τῶν
2555 3055 3018 3125 συνειλεγμένων
3053 3057 3235 3128 θέαμα
3271 3059 3497 3129 φρικτόν
3525 3075 3585 3114 τε
3609 3060 3709 3112 καὶ

443 3163 556 3220 tur,
586 3168 762 3223 neque
791 3166 898 3205 una
928 3149 1280 3220 perturbatus
1309 3155 1393 3202 est
1427 3161 1554 3200 cum
1585 3146 1656 3202 iis
1678 3187 1694 3212 ,
1723 3147 1814 3216 qui
1844 3145 2019 3216 ipsius

444 3245 668 3300 nomine
695 3239 1200 3304 stomachabantur,
1225 3251 1400 3306 neque
1416 3235 1717 3306 quidquam
1743 3234 2020 3304 ejusmodi

445 3337 623 3402 dixit,
659 3350 785 3390 eum
831 3330 1124 3388 calumniis
1163 3335 1540 3400 premeretur,
1569 3329 1727 3398 quale
1772 3344 2024 3402 pronunf

445 3430 585 3485 tiare
627 3441 727 3498 par
773 3433 919 3481 esset
950 3437 1097 3484 eum,
1126 3422 1220 3492 qui
1264 3421 1505 3492 graviter
1535 3412 1877 3489 molesteque
1907 3436 2024 3475 rem

447 3521 649 3583 ferret,
686 3533 792 3573 non
819 3525 986 3572 testes
1020 3514 1144 3569 vita:
1181 3512 1496 3576 advocavit,
1528 3526 1638 3566 non
1663 3509 2026 3581 jurejurando

449 3612 711 3684 probrum
748 3609 817 3663 ab
855 3623 917 3664 se
957 3607 1179 3676 rejecit,
1223 3620 1332 3660 non
1370 3604 1631 3659 malitiam
1663 3618 1853 3658 eorum
1877 3643 1892 3667 ,
1929 3602 2025 3673 qui

448 3704 566 3759 haec
591 3704 857 3757 adversus
896 3715 1020 3756 eum
1068 3698 1368 3754 machinati
1401 3704 1593 3760 erant,
1622 3695 1897 3760 convicit,
1925 3693 2023 3750 sed

2125 3147 2353 3220 φοϐερὸν
2378 3148 2496 3210 τοῖς
2523 3147 2790 3219 παροῦσιν
2818 3149 3030 3219 ἀθρόως
3050 3151 3412 3222 γεγενημένη,
3449 3150 3561 3205 τῶν
3589 3169 3713 3223 τρι-

2125 3241 2237 3313 χῶν
2270 3257 2330 3293 τε
2365 3239 2797 3312 διερριμμένων,
2827 3241 2922 3294 καὶ
2940 3243 3062 3304 ταῖς
3090 3241 3250 3306 ἰδίαις
3277 3243 3433 3314 χερσὶ
3463 3259 3710 3315 σπαρασ-

2129 3330 2394 3400 σομένων,
2418 3330 2513 3382 καὶ
2535 3329 2644 3383 τῶν
2666 3329 2960 3401 ὀφθαλμῶν
2980 3331 3474 3403 άπεστραμμένων,
3501 3335 3712 3388 καὶτοῦ

2131 3422 2400 3492 στόματος
2429 3421 2520 3474 τὸν
2541 3421 2716 3494 ἀφρὸν
2754 3421 3194 3493 παραπτύοντοςέ
3224 3425 3335 3478 Καὶ
3357 3426 3417 3477 ού
3443 3427 3716 3496 πρότερον

2130 3513 2334 3582 ἀνῆκεν
2359 3515 2692 3582 καταπνῐγον
2723 3515 2894 3586 αὐτὴν
2930 3514 2994 3568 τὸ
3025 3515 3323 3585 δαιμόνιον,
3367 3516 3497 3588 πρὶν
3543 3517 3578 3587 ἢ
3619 3517 3714 3570 τὸν

2129 3604 2322 3672 Μέγαν
2356 3605 2564 3659 ἐκεῖνον
2603 3605 3031 3662 ἐπικαλέσασθαι
3080 3607 3175 3661 τὸν
3225 3607 3389 3677 Θεὸν,
3437 3607 3534 3661 καὶ
3571 3608 3716 3680 ὑπὲρ

2130 3693 2302 3763 αὐτῆς
2334 3694 2683 3750 ίλεώσασθαι.

449 3792 728 3851 submissa
757 3797 922 3859 atque
949 3786 1137 3843 sedata
1163 3800 1296 3840 voce
1317 3799 1621 3840 conversus
1645 3785 1714 3839 ad
1745 3783 2040 3854 quemdam
2083 3783 2438 3851 familiarem,
2465 3805 2483 3839 ι
2518 3785 2667 3844 Heus
2700 3794 2784 3856 tu,
2813 3807 2832 3842 ι
2863 3789 3064 3860 inquit,
3105 3809 3124 3842 ι
3158 3805 3386 3846 numera
3453 3791 3502 3846 ei
3544 3807 3718 3862 pecu-

448 3888 621 3950 niam,
647 3903 717 3942 ne
742 3885 946 3940 diutius
970 3883 1387 3951 importunitate
1431 3895 1530 3936 sua
1593 3883 1890 3952 propositae
1948 3884 2272 3953 quaestionis
2313 3893 2611 3942 tractatum
2656 3889 2968 3944 conturbet.
3008 3908 3028 3942 ι
3071 3887 3208 3944 Cum
3258 3901 3441 3948 autem
3487 3891 3556 3958 is,
3627 3891 3717 3947 cui

451 3979 556 4035 hoc
581 3976 992 4046 injungebatur,
1030 3987 1060 4025 a
1103 3973 1452 4027 meretricula
1491 3973 1808 4030 sciscitatus
1830 3984 2090 4043 quantam
2125 3979 2414 4046 pecuniam
2454 3978 2524 4033 ab
2596 3977 2690 4033 illo
2731 3989 3008 4050 posceret,
3077 3983 3197 4038 sine
3269 3998 3421 4038 mora
3494 4000 3714 4041 omnem

453 4071 870 4126 adnumerasset
911 4083 925 4118 :
967 4073 1131 4135 atque
1191 4066 1260 4119 ab
1331 4065 1556 4121 lascivis
1623 4074 1679 4120 et
1739 4068 2013 4137 protervis
2078 4069 2345 4126 adversus
2387 4071 2632 4127 sobrium
2691 4081 2745 4127 et
2795 4074 3164 4130 continentem
3216 4075 3428 4130 insidiae
3483 4086 3717 4147 peractae

451 4173 638 4222 essent
668 4183 680 4218 :
713 4170 766 4218 et
812 4161 923 4231 jam
967 4162 1020 4214 in
1096 4161 1352 4215 manibus
1403 4160 1551 4216 illius
1625 4159 1849 4218 infamis
1896 4163 2112 4218 lucrum
2153 4172 2330 4232 esset,
2391 4173 2523 4220 tunc
2551 4166 2818 4222 divinitus
2865 4175 2918 4222 et
2966 4169 3306 4224 continentia
3351 4169 3716 4226 adolescentis

453 4261 738 4335 probatur,
763 4267 816 4313 et
839 4257 1112 4313 calumnia
1135 4257 1426 4327 aequalium
1453 4256 1661 4327 patefit.
1683 4255 1858 4313 Simul
1877 4259 2023 4313 enim
2064 4269 2231 4328 atque
2253 4277 2417 4316 manu
2443 4262 2731 4334 pecuniam
2759 4261 2992 4332 accepit,
3021 4263 3220 4332 spiritu
3286 4265 3490 4320 infelici
3557 4273 3716 4333 atque

453 4352 694 4422 maligno
724 4359 974 4420 correpta
1003 4349 1331 4416 fremituque
1360 4350 1582 4404 immani
1621 4358 1785 4419 atque
1831 4349 2009 4414 ferali,
2087 4352 2306 4409 diverso
2351 4369 2380 4408 a
2450 4369 2583 4408 voce
2657 4354 2894 4407 hmnana
2933 4368 3072 4408 sono
3120 4354 3503 4424 ingemiscens,
3546 4357 3714 4410 colla‘

453 4445 603 4501 bitur
630 4457 800 4514 prona
839 4442 891 4494 in
961 4437 1142 4493 medio
1216 4448 1360 4491 cmtu
1429 4445 1888 4507 eongregatorum
1959 4442 2335 4508 spectaculum
2403 4441 2744 4497 horrendum
2811 4449 2977 4510 atque
3037 4443 3285 4498 terribile
3354 4446 3713 4514 praesentibus

454 4548 678 4609 repente
704 4537 870 4598 facta,
895 4549 1019 4590 cum
1049 4542 1105 4588 et
1139 4531 1397 4602 capillus,
1466 4546 1628 4600 quem
1667 4530 1784 4585 suis
1850 4531 2107 4588 manibus
2148 4535 2376 4590 vellebat
2403 4578 2418 4602 ,
2461 4535 2798 4590 dilaceratus
2833 4545 2998 4604 atque
3031 4535 3330 4605 disjectus,
3369 4545 3423 4592 et
3449 4538 3595 4592 oeuli
3630 4539 3711 4592 in-

453 4633 599 4690 versi
629 4639 836 4696 essent,
860 4637 915 4683 et
940 4643 1003 4684 os
1028 4641 1278 4696 spumam
1301 4622 1596 4679 emitteret.
1631 4622 1709 4677 Ac
1733 4639 1840 4678 non
1869 4625 2023 4694 prius
2061 4642 2094 4682 a
2123 4625 2394 4684 daemonio
2414 4628 2672 4686 suffocari
2697 4629 2882 4696 desiit,
2915 4644 3081 4699 quam
3113 4645 3346 4702 magnus
3403 4633 3495 4690 ille
3551 4633 3712 4688 Deum

455 4742 558 4798 pro
587 4741 652 4782 ea
683 4725 998 4779 invocasset
1027 4731 1190 4790 atque
1222 4718 1516 4788 placasset.

525 4817 679 4870 Talia
717 4815 784 4870 de
824 4813 1194 4868 adolescentia
1240 4809 1420 4879 magni
1459 4808 1604 4864 illius
1639 4808 1741 4862 viri
1800 4824 2019 4863 narran.

2207 4811 2444 4865 Τοιαῦτα
2476 4813 2576 4882 τῆς
2603 4810 2855 4881 νεότητος
2881 4810 2974 4864 τοῦ
3008 4811 3244 4881 μεγάλου
3287 4812 3356 4865 τὰ
3383 4814 3715 4884 διηγήματα,

455 4919 566 4974 tur,
613 4908 776 4978 digna
812 4901 1058 4974 profecto
1106 4900 1450 4969 insequentis
1501 4898 1624 4967 eius
1663 4899 1788 4953 vita
1832 4899 2038 4968 princi-

455 5001 567 5072 pia.
610 4997 676 5052 Et
707 4996 926 5066 quidem
953 4991 1280 5047 miraculum
1317 4999 1527 5044 tantum
1563 4997 1669 5054 est,
1703 4999 1784 5056 ut,
1821 4990 2038 5045 etiamsi

455 5093 668 5148 nullum
720 5087 866 5141 aliud
901 5093 1162 5153 praeterea
1205 5079 1452 5151 proferre
1486 5079 1637 5143 licet.
1676 5079 1746 5134 ob
1791 5079 1895 5134 hoc
1943 5095 2038 5135 so-

458 5185 572 5237 lum
625 5196 654 5234 a
692 5177 911 5234 nemine
959 5189 1172 5238 eorum,
1228 5172 1323 5241 qui
1379 5170 1583 5224 virtute
1635 5170 2035 5235 excelluerunt,

457 5270 731 5327 secundas
772 5265 1005 5320 laudum
1058 5269 1243 5332 partes
1289 5260 1485 5314 debeat
1533 5259 1807 5324 obtinere,
1859 5261 2034 5323 dives,

459 5363 808 5423 adolescens,
844 5370 1072 5426 peregre
1099 5361 1254 5409 extra
1287 5352 1475 5422 patria:
1505 5353 1641 5407 lines
1674 5353 1727 5406 in
1768 5353 2038 5423 populosa

463 5457 596 5507 urbe
633 5454 890 5506 habitans
927 5469 940 5504 :
972 5451 1024 5503 in
1071 5463 1178 5518 qua
1220 5454 1510 5516 propterea
1539 5444 1684 5514 quod
1723 5445 2038 5500 adolescen-

459 5557 546 5601 tes
582 5544 648 5596 ad
693 5542 987 5596 arbitrium
1019 5548 1074 5595 et
1123 5539 1336 5593 libitum
1370 5538 1746 5608 voluptatibus
1789 5537 2042 5608 indulge-

463 5643 604 5704 rent,
637 5636 758 5689 vita:
804 5637 1017 5703 paritas
1063 5631 1318 5688 dedecori
1357 5630 1656 5685 haberetur
1687 5629 1757 5685 ab
1803 5629 1895 5695 iis,
1941 5630 2037 5700 qui

2139 4901 2267 4968 ἀξια
2308 4902 2384 4965 ὡς
2429 4900 2643 4972 ἀληθῶς
2671 4901 2781 4953 τῶν
2826 4903 2963 4972 μετὰ
2995 4901 3166 4955 ταῦτα
3200 4902 3543 4972 βεϐιωμένων
3573 4905 3719 4975 αύτῷ

2137 4993 2207 5046 τὰ
2236 4994 2519 5065 προοίμια.
2560 4991 2754 5046 Καίτοι
2783 5010 2845 5060 γε
2882 4994 2942 5046 τὸ
2966 4993 3150 5064 θαῦμα
3174 4994 3422 5049 τοσοῦτόν
3450 4998 3622 5060 ἐστιν,
3649 4999 3721 5061 ὡς

2140 5083 2188 5134 εί
2217 5081 2311 5133 καὶ
2344 5081 2510 5151 μηδὲν
2537 5076 2604 5150 ἦν
2643 5080 2829 5151 ἕτερον
2878 5082 2970 5134 ἐπὶ
3001 5081 3212 5145 τούτοις
3241 5084 3410 5136 εἰπεῖν
3432 5123 3447 5146 ,
3497 5085 3721 5155 μηδενὸς

2140 5171 2304 5223 αὑτὸν
2327 5170 2435 5223 τῶν
2461 5169 2545 5222 ἐπ’
2579 5171 2748 5242 ἀρετῇ
2780 5171 3167 5239 διενεγκόντων
3188 5213 3202 5237 ,
3233 5175 3297 5227 ὲκ
3333 5175 3524 5228 τούτου
3564 5176 3720 5246 μόνου

2144 5261 2214 5314 τὰ
2262 5261 2541 5332 δευτερεῖα
2576 5262 2685 5314 τῶν
2718 5263 2957 5317 ἐπαίνων
2992 5264 3138 5334 ἔχειν
3168 5280 3182 5295 ο
3239 5263 3530 5330 πλούσιος,
3571 5267 3718 5330 νέος,

2146 5355 2204 5406 ὲν
2251 5353 2559 5424 ὑπερορίοις
2596 5353 2796 5420 διάγων
2822 5394 2837 5418 ,
2891 5355 2950 5406 ὲν
3003 5354 3406 5427 πολυανδρούσῃ
3442 5358 3593 5410 πόλει
3626 5358 3721 5425 τὴν

2145 5441 2419 5512 διαγωγὴν
2462 5441 2628 5510 ἔχων,
2658 5443 2715 5495 ὲν
2825 5441 2912 5494 διὰ
2945 5441 3006 5494 τὸ
3035 5445 3154 5494 κατ’
3185 5441 3432 5508 ἐξουσίαν
3463 5447 3581 5506 ταῖς
3608 5444 3717 5513 ἠδο-

2146 5537 2264 5598 ναῖς
2303 5533 2468 5604 συζῇν
2497 5534 2623 5597 τοὺς
2658 5533 2813 5596 νέους
2833 5573 2848 5598 ,
2894 5531 3094 5595 ὄνειδος
3115 5527 3182 5603 ἦν
3212 5535 3245 5602 ἡ
3280 5533 3587 5603 καθαρότης
3618 5531 3720 5583 τῶν

2149 5625 2565 5698 σωφρονούντων
2629 5628 2740 5689 τοῖς
2810 5625 3039 5696 ἄφροσιν
3067 5640 3083 5657 ·
3153 5625 3216 5678 ού
3293 5627 3498 5697 μητρὸς
3563 5622 3718 5678 πολύ·
