4050 6164
342 298 452 359 903

1330 292 1418 349 DE
1452 293 1610 349 VITA
1643 293 1704 350 S.
1745 291 2074 352 GREGORII
2123 292 2653 352 TIIAUMATURGI.

3483 284 3586 342 906

347 413 771 489 πραγμονούσης
812 411 904 466 τὸν
939 412 1053 482 βίον
1074 451 1087 476 ,
1118 412 1180 464 οὐ
1217 411 1423 483 πατρὸς
1447 411 1916 481 παιδαγωγοῦντος

2023 412 2195 468 sobrii
2227 427 2471 482 saneque
2503 418 2686 469 mente
2713 407 2927 481 praediti
2957 421 3066 464 non
3099 414 3304 469 essent,
3335 419 3461 460 cum
3485 421 3587 461 nec

345 509 449 582 τὴν
474 508 595 563 καθ’
625 506 837 576 ἡμέραν
867 504 1013 575 ζωήν
1038 520 1052 534 ’
1094 504 1174 566 είς
1203 503 1454 557 τοσοῦτον
1498 505 1702 574 ἐπῆρεν
1732 503 1919 556 ἑαυτὸν

346 598 415 652 δι’
443 593 708 656 ἀπαθείας
730 592 867 663 πρὸς
893 591 1114 664 ἀρετὴν,
1145 591 1221 654 ὡς
1242 591 1333 645 τὸν
1355 589 1449 645 τοῦ
1476 593 1677 655 παντδς
1702 591 1917 664 ἔφορον,

352 688 602 760 μάρτυρα
636 683 748 736 τῶν
792 681 1135 753 βεϐιωμένων
1181 682 1536 752 ποιήσασθαι,
1575 683 1666 737 τὸν
1708 686 1775 755 τῇ
1824 701 1920 738 πο-

348 768 489 850 νηρᾷ
516 768 693 846 πληγῇ
730 766 829 845 τὴν
860 772 1225 842 συκοφαντίαν
1255 774 1355 845 τῆς
1386 773 1645 842 γυναικὸς
1685 774 1918 844 ἀπελέγ-

347 866 533 936 ξαντα.
562 862 674 921 Καὶ
703 865 756 919 τί
779 861 843 921 ἂν
869 883 953 930 τις
977 857 1288 937 ’ἐπινοῆσειε
1315 857 1496 937 μεῖξον
1521 868 1602 930 εἰς
1630 867 1918 938 ἐγκωμίων

347 956 637 1022 ὐπόθεσιν;
678 956 795 1020 πῶς
831 957 876 1010 δ’
914 956 979 1011 ἄν
1021 974 1105 1020 τις
1148 956 1270 1011 κατ’
1318 957 1475 1023 ἀξίαν
1518 958 1678 1011 αὐτὸν
1708 958 1919 1030 θαυμά-

348 1065 523 1113 σειεν;
555 1050 652 1112 ὐς
683 1047 761 1118 τῷ
812 1047 955 1118 λόγῳ
1005 1049 1417 1112 καταπαλαίσας
1465 1048 1563 1120 τὴν
1614 1049 1774 1119 φύσιν
1825 1050 1919 1104 καὶ

347 1137 604 1209 καθάπερ
630 1153 684 1190 τι
719 1136 826 1190 τῶν
850 1137 1176 1209 ὑποχειρίων
1206 1136 1357 1203 ζώων
1392 1137 1693 1202 ὑποζεύξας
1719 1127 1798 1209 τῷ
1831 1138 1920 1193 λο-

347 1230 535 1302 γισμῷ
570 1229 667 1300 τὴν
692 1230 955 1301 νεότητα,
1000 1231 1094 1284 καὶ
1137 1230 1355 1285 πάντων
1401 1231 1510 1283 τῶν
1543 1231 1786 1301 φυσικῶν
1823 1233 1919 1286 ἐπ-

347 1320 710 1393 εγειρομένων
731 1320 1068 1392 παθημάτων
1094 1322 1357 1392 κρείττων
1381 1316 1689 1393 γενόμενος,
1709 1321 1803 1374 καὶ
1827 1321 1919 1375 τὸν

346 1413 482 1465 πᾶσι
523 1415 636 1476 τοῖς
683 1411 870 1476 καλοῖς
922 1413 1283 1484 ἐπιφυόμενον
1323 1410 1516 1482 φθόνον
1562 1413 1687 1467 καθ’
1723 1406 1917 1467 ἐαυτοῦ

343 1503 571 1573 κινήσας
592 1543 607 1565 ,
639 1503 735 1556 καὶ
775 1501 963 1557 τούτου
1016 1502 1279 1574 κρείττων
1321 1494 1566 1574 ἐγένετο,
1600 1505 1737 1575 μήτε
1781 1505 1918 1575 πρὸς

341 1592 442 1664 τὴν
480 1593 771 1665 ἐπιϐουλὴν
793 1592 903 1648 τῶν
927 1595 1159 1666 ἑταίρων
1188 1594 1377 1650 ἐαυτὸν
1399 1595 1761 1666 διαναστήσας
1783 1595 1919 1667 πρὸς

297 1676 305 1688 ’
344 1686 577 1755 ἄμυναν,
608 1685 702 1739 καὶ
738 1685 835 1755 τ’ὴν
874 1678 1364 1758 ὑπηρετησαμένην
1402 1685 1631 1749 ἐκείνοις
1662 1686 1799 1757 πρὸς
1826 1678 1917 1739 τδν

343 1864 766 1938 διὰ.προσευχῆς
803 1867 1137 1938 ἐξελόμενος.
1169 1867 1421 1922 Τοιοῦτον
1441 1866 1684 1939 ἔγνωμεν
1706 1867 1794 1921 διὰ
1817 1868 1920 1939 τῆς

347 1958 587 2028 ἱστορίας
617 1958 706 2012 τὸν
743 1958 941 2028 Ἰωσὴφ
962 1996 978 2021 ,
1008 1951 1052 2025 ᾧ
1076 1956 1363 2029 προῦκειτο
1394 1959 1492 2029 μὲν
1522 1960 1642 2013 κατ’
1673 1959 1919 2024 ἐξουσίαν

341 2048 379 2120 ἡ
409 2047 541 2119 περὶ
562 2047 659 2118 τὴν
684 2050 916 2117 γυναῖκα
951 2046 1046 2101 τοῦ
1087 2046 1347 2102 δεσπότου
1377 2050 1688 2121 παρανομία
1707 2088 1722 2113 ,
1750 2050 1919 2121 αὐτῆς

342 2139 560 2209 ἐκείνης
599 2141 958 2210 ἐπιμανείσης
995 2142 1059 2211 τῇ
1090 2139 1210 2212 ὥρᾳ
1238 2136 1333 2193 τοῦ
1384 2141 1540 2195 νέου’
1570 2140 1663 2195 καὶ
1710 2140 1919 2212 μάρτυς

339 2230 452 2285 τῶν
478 2231 842 2301 τολμωμένων
869 2228 939 2303 ἦν
963 2230 1265 2305 ἀνθρώπων
1307 2232 1482 2297 οὐδείς
1502 2247 1518 2264 ⁶
1559 2233 1695 2288 ἀλλὰ
1731 2235 1918 2287 κάκεῖ-

339 2337 432 2386 νος
458 2322 595 2393 πρὸς
625 2321 714 2375 τὸν
735 2323 877 2377 θεῖον
906 2323 1185 2394 ὀφθαλμὸν
1219 2323 1450 2394 βλέπων,
1482 2323 1544 2378 τὸ
1579 2325 1724 2403 δόξαι
1750 2318 1918 2391 κακδς

338 2413 450 2484 πρὸ
462 2413 556 2468 τοῦ
582 2415 835 2482 γενέσθαι
874 2416 1177 2487 προείλετο,
1206 2417 1275 2471 τὰ
1301 2417 1411 2471 τῶν
1438 2414 1759 2488 κακούργων
1783 2418 1916 2472 ὐπο-

341 2504 476 2570 στὰς
522 2505 722 2576 μᾶλλον
751 2544 767 2570 ,
796 2506 829 2577 ἢ
864 2507 1168 2579 κακοῦργος
1199 2509 1505 2580 γενόμενος.
1547 2504 1684 2562 Ἀλλ’
1709 2509 1825 2563 ἐστι
1856 2527 1909 2564 τι

336 2593 481 2667 τάχα
510 2594 703 2665 τούτῳ,
735 2595 830 2649 καὶ
862 2596 1021 2651 πλέον
1043 2599 1143 2667 τῆς
1166 2598 1405 2670 ίστορίας
1429 2597 1828 2669 καυχήσασθαιο
1851 2597 1913 2653 οὐ

336 2687 452 2762 γάρ
479 2688 591 2745 ίσον
625 2691 771 2745 ἐστὶν
805 2692 884 2756 είς
915 2693 1229 2765 ἀποτροπὴν
1267 2690 1363 2747 τοῦ
1406 2693 1730 2765 μιάσματος,
1768 2694 1830 2748 τό
1857 2712 1917 2748 τε

336 2785 441 2855 τῆς
476 2785 721 2855 μοιχείας
754 2786 885 2854 ἄγος
906 2824 922 2851 ,
944 2785 1122 2839 καὶτὸ
1144 2784 1335 2840 δοκοῦν
1366 2786 1425 2839 ὲν
1462 2786 1706 2840 ἐλάττονι
1738 2786 1917 2857 πλημ-

341 2871 620 2943 μελήματι
649 2875 739 2926 τὸν
767 2872 956 2944 μῶμον
1001 2873 1167 2944 ἔχειν.
1206 2873 1264 2927 Ὀ
1289 2874 1465 2927 τοίνυν
1493 2877 1551 2928 ἐν
1676 2874 1918 2938 κίνδυνός

337 2977 426 3026 τις
453 2965 515 3016 ἐκ
543 2962 651 3016 τῶν
683 2964 860 3034 νόμων
902 2965 1002 3018 οὐκ
1048 2960 1120 3035 ἦν
1165 2962 1543 3036 φοϐερωτέραν
1588 2955 1787 3036 μᾶλλον
1816 2958 1917 3037 τῆς

338 3052 609 3125 τιμωρίας
652 3053 820 3124 αὐτὴν
849 3053 908 3118 ἐξ
942 3055 1213 3125 ἁμαρτίας
1250 3050 1439 3127 ἡδονὴν
1469 3054 1588 3109 καθ’
1613 3057 1810 3126 ἑαυτὴν
1839 3056 1916 3109 εἷο
1940 3084 1984 3142 C

238 3222 249 3231 .
340 3162 429 3199 ναι
462 3146 651 3217 κρίνας
673 3186 689 3210 ,
732 3147 765 3218 ἢ
801 3148 1081 3218 παρήλασε
1117 3148 1208 3201 τὸν
1253 3149 1451 3221 Ἰωσὴφ
1483 3152 1548 3221 τῇ
1584 3144 1918 3223 μεγαλοφυῖᾳ

339 3236 438 3290 τοῦ
461 3236 736 3308 οαύματος
758 3278 772 3304 ,
801 3239 837 3310 ἢ
887 3239 1102 3302 πάντως
1143 3239 1243 3293 οὐκ
1275 3240 1332 3293 ἐν
1358 3234 1631 3312 δευτέροις
1665 3242 1918 3314 κριθήσε-

343 3338 457 3382 ται.
496 3328 657 3382 Ἀλλὰ
682 3329 742 3383 τὸ
778 3330 878 3400 μὲν
912 3331 1197 3401 προοίμιον
1231 3329 1325 3384 τοῦ
1357 3330 1494 3402 βίου,
1524 3333 1782 3388 τοιοῦτον.
1810 3333 1918 3387 Αὐ-

339 3418 435 3482 τὸς
471 3418 529 3472 δὲ
554 3423 582 3472 ὁ
615 3420 727 3490 βίος
749 3420 831 3483 τίς
856 3438 872 3488 ;
916 3421 1132 3494 Ἐπειδὴ
1161 3424 1340 3477 πᾶσαν
1379 3423 1655 3478 παίδευσιν
1685 3416 1786 3496 τῆς
1811 3403 1916 3490 ἔξω

342 3510 537 3580 σοφίας
567 3510 898 3582 ἐπιδραμὼν,
936 3512 1152 3583 ἐνέτυχε
1191 3513 1525 3586 Φιρμιλιανῷ
1551 3533 1656 3570 τινι
1680 3515 1790 3571 τῶν
1821 3519 1911 3572 εὐ-

340 3600 618 3672 πατριδῶν
669 3603 1009 3676 Καππαδόκῃ
1032 3643 1048 3666 ,
1097 3605 1435 3677 όμοιοτρόπῳ
1486 3606 1627 3660 κατὰ
1670 3607 1731 3660 τὸ
1760 3594 1910 3679 ἦθος,

338 3691 418 3757 ὡς
440 3693 636 3760 ἔδειξεν
671 3696 875 3758 ἐκεῖνος
921 3694 999 3766 τῷ
1034 3696 1171 3766 μετὰ
1203 3697 1375 3750 ταῦτα
1407 3697 1506 3768 βίῳ
1526 3737 1541 3762 ,
1569 3698 1772 3768 κόσμος
1817 3700 1916 3770 τῆς

354 3782 680 3855 Ἐκκλησίας
720 3787 830 3839 τῶν
862 3782 1185 3858 Καισαρέων
1230 3784 1555 3860 γενόμενος,
1601 3790 1695 3843 καὶ
1725 3789 1814 3843 τόν
1853 3807 1914 3843 τε

341 3874 544 3927 σκοπὸν
589 3874 682 3928 τοῦ
724 3878 1071 3947 φρονήματος
1103 3878 1197 3931 καὶ
1247 3879 1378 3933 ἰδίου
1423 3879 1538 3950 βίου
1586 3880 1816 3952 φανερὸν
1835 3879 1914 3951 τῷ

340 3965 482 4036 φίλῳ
516 3967 803 4037 ἐποίησεν,
832 3968 907 4032 ὡς
937 3967 1023 4039 εἴη
1062 3968 1198 4042 πρὸς
1229 3962 1318 4024 τὸν
1359 3972 1490 4025 Θεὸν
1530 3972 1740 4043 βλέπων
1764 4014 1779 4039 ,
1820 3974 1915 4027 καὶ

338 4048 442 4127 τὴν
473 4056 680 4110 ἐκείνου
712 4059 946 4129 σπουδὴν
968 4059 1108 4128 ἔγνω
1140 4062 1268 4132 περὶ
1297 4061 1395 4133 τὴν
1423 4063 1593 4133 αὐτὴν
1620 4064 1913 4135 ἐπιθυμίαν

342 4148 747 4217 συμϐαίνουσαν
769 4191 784 4215 ,
827 4148 1141 4205 καταλιπὼν
1173 4153 1353 4206 πᾶσαν
1389 4152 1488 4223 τὴν
1520 4155 1647 4224 περὶ
1673 4155 1770 4225 τῆς
1808 4154 1914 4222 ἔξω

287 4308 297 4317 1
339 4236 943 4311 φιλοσοφίαςσπουδὴν,
968 4242 1272 4313 προσφοιτᾷ
1299 4242 1413 4312 μετ’
1443 4244 1648 4298 ἐκείνου
1669 4245 1746 4315 τῷ
1771 4245 1914 4301 κατὰ

335 4328 432 4383 τὸν
462 4329 651 4401 χρόνον
699 4333 901 4387 ἐκεῖνον
934 4333 1033 4402 τῆς
1061 4331 1168 4386 τῶν
1214 4334 1553 4406 Χριστιανῶν
1597 4336 1913 4406 φιλοσοφίας

2020 513 2197 559 mater
2226 504 2295 560 de
2329 506 2439 559 vita
2478 505 2701 559 curiose
2733 503 3061 572 inquireret,
3094 513 3198 554 nec
3226 506 3382 568 pater
3415 496 3585 550 vitam

2018 595 2398 666 quotidianam
2443 596 2851 659 moderaretur,
2895 595 2951 648 in
3000 602 3228 657 tantam,
3276 607 3401 647 sese
3442 606 3473 645 a
3505 593 3591 646 vi-
3681 613 3695 631 ο

2021 686 2115 742 tiis
2144 695 2195 742 et
2232 685 2523 741 affectibus
2555 685 2915 756 sejungeudo,
2953 684 3208 739 virtutem
3248 684 3440 739 enisus
3480 690 3587 746 est,

2021 784 2083 831 ut
2114 775 2406 846 praesidem
2441 790 2623 831 rerum
2668 773 3073 836 universarum,
3107 771 3199 841 qui
3231 786 3329 841 per
3367 786 3584 841 gravem

2019 866 2234 936 plagam
2257 865 2593 920 calumniam
2627 864 2879 919 mulieris
2909 862 3119 918 detexit
3140 870 3303 932 atque
3326 862 3584 925 convicit,

2020 961 2213 1010 testem
2249 955 2373 1009 vitae
2406 969 2520 1010 suae
2546 954 2773 1008 faceret.
2803 951 3029 1023 Ecquod
3064 953 3241 1023 majus
3280 953 3480 1022 aliquis
3518 953 3585 1005 ad

2018 1045 2355 1099 laudandum
2413 1052 2797 1116 argumentum
2855 1046 3168 1116 excogitare
3217 1045 3436 1116 possit?
3492 1047 3584 1115 qui

2020 1138 2198 1208 possit
2243 1136 2392 1192 hunc
2449 1138 2629 1207 ipsum
2679 1132 2879 1207 aliquis
2924 1135 3090 1207 digne
3137 1150 3201 1191 ac
3238 1152 3338 1205 pro
3391 1138 3590 1191 merito

2021 1228 2306 1294 admirari,
2333 1230 2426 1301 qui
2463 1245 2590 1285 cum
2638 1229 2854 1284 ratione
2892 1236 3145 1283 naturam
3171 1228 3486 1291 devicisset,
3524 1245 3593 1283 ac

2018 1321 2188 1376 veluti
2244 1330 2591 1378 mansuetum
2642 1320 2917 1392 quoddam
2977 1320 3202 1383 animal,
3247 1320 3587 1390 iuventutem

2022 1412 2125 1467 sub
2147 1410 2339 1482 jugum
2379 1413 2614 1468 rationis
2665 1411 2934 1477 misisset,
2982 1411 3350 1480 omnibusque
3382 1411 3591 1466 allecti-

2019 1502 2125 1558 bus
2182 1503 2529 1558 naturalibus
2583 1504 2997 1573 insurgentibus
3045 1504 3298 1574 superior
3354 1502 3588 1569 fuisset,

2019 1604 2074 1652 et
2110 1594 2375 1650 invidiam
2420 1610 2543 1667 quas
2574 1610 2766 1653 omnes
2811 1611 2900 1651 res
2925 1597 3157 1652 eximias
3190 1596 3454 1653 invadere
3498 1611 3592 1652 so-

2020 1686 2116 1751 let,
2175 1687 2443 1742 adversus
2487 1700 2547 1741 se
2600 1687 2915 1750 excitasset,
2972 1687 3137 1743 etiam
3188 1688 3292 1744 hac
3336 1691 3590 1760 superior

350 1749 542 1847 μῶμον
563 1749 1119 1847 -εὐεργετήσαςξτοῦ,
1150 1749 1293 1829 κατὰ
1318 1749 1411 1829 τὸν
1439 1776 1668 1847 δαίμονα
1706 1749 1916 1841 ’πάθους

2021 1749 2145 1845 fuit,
2168 1777 2372 1848 quippe
2411 1791 2589 1848 neque
2631 1778 2701 1832 ad
2731 1749 3107 1834 ulciscendum
3150 1779 3379 1837 insidias
3406 1749 3590 1836 soda-

2020 1869 2151 1924 lium
2190 1877 2521 1934 commotus,
2555 1873 2611 1923 et
2639 1880 2780 1931 eam,
2823 1882 2945 1938 quae
2989 1868 3100 1923 illis
3129 1870 3185 1923 in
3232 1870 3590 1927 subornando

2018 1957 2224 2027 probro
2252 1970 2472 2026 operam
2522 1964 2840 2019 navaverat,
2869 1972 2967 2027 per
2999 1958 3303 2015 orationem
3341 1961 3411 2017 ab
3449 1962 3591 2017 allii-

2016 2051 2201 2104 Ctione
2257 2049 2524 2105 dmmonis
2584 2050 2873 2105 liberatam
2934 2051 3199 2107 beneﬁcio
3263 2064 3589 2123 prosecutus

2017 2145 2104 2195 est
2127 2138 2186 2191 ’ἲ
2216 2136 2402 2194 Talem
2444 2153 2544 2209 per
2581 2138 2866 2193 historiam
2904 2141 3268 2211 cognovimus
3298 2143 3460 2198 etiam
3495 2142 3590 2200 Joo

2017 2229 2250 2301 sephum
2279 2230 2472 2296 fuisse,
2497 2229 2586 2284 cui
2617 2228 2685 2284 ad
2704 2230 2994 2285 arbitrium
3021 2231 3243 2301 quidem
3268 2247 3392 2287 cum
3417 2250 3590 2291 uxore

2016 2319 2223 2376 domini
2247 2321 2431 2377 scelus
2464 2328 2783 2392 perpetrare
2810 2330 3123 2392 promptum
3151 2330 3292 2388 erat,
3325 2339 3451 2380 cum
3492 2326 3587 2381 illa

2017 2408 2136 2480 ipsa
2189 2407 2376 2464 decori
2423 2408 2794 2466 adolescentis
2845 2410 3041 2467 insano
3098 2426 3303 2471 amore.
3335 2424 3587 2486 correpta

2016 2508 2165 2556 esset
2197 2515 2211 2551 :
2238 2514 2343 2555 nec
2387 2499 2681 2571 quisquam
2732 2501 3015 2557 hominum
3045 2519 3259 2570 eorum,
3299 2522 3421 2576 qua:
3466 2510 3586 2564 ausi

2017 2591 2282 2659 fuissent,
2320 2593 2482 2649 testis
2507 2599 2563 2648 et
2589 2592 2795 2649 arbiter
2841 2593 3065 2652 futurus
3099 2608 3218 2652 erat
3248 2616 3262 2653 :
3293 2599 3388 2654 sed
3419 2599 3583 2656 etiam

1987 2672 2132 2752 'ille,
2165 2697 2292 2740 cum
2326 2698 2386 2740 se
2415 2682 2662 2738 divinum
2691 2685 2915 2740 oculum
2960 2687 3330 2758 inspectorem
3369 2705 3584 2752 eorum,

2016 2790 2140 2846 quae
2190 2775 2695 2842 committerentur,
2743 2777 2946 2833 habere
3002 2778 3366 2850 intelligeret,
3408 2781 3586 2836 malus

2016 2882 2139 2924 esse
2190 2867 2385 2936 videri,
2429 2882 2592 2939 quam
2651 2868 2767 2925 ﬁeri
2816 2870 3159 2939 praeoptavit,
3209 2872 3584 2927 maleﬁcorum

2016 2957 2202 3027 potius
2250 2970 2442 3027 pmnas
2493 2965 2660 3028 atque
2713 2959 3060 3014 incommoda
3117 2960 3362 3025 subiens,
3416 2977 3586 3032 quam

2017 3048 2298 3105 maleﬁcus
2331 3049 2592 3106 evadens.
2639 3048 2744 3105 Sed
2795 3051 3210 3120 licetiorsitan
3246 3053 3374 3109 huic
3417 3056 3585 3110 etiam

2018 3139 2303 3210 aliquanto
2353 3140 2611 3211 amplius,
2659 3156 2833 3223 quam
2885 3143 2978 3197 illa
3027 3144 3268 3200 continet
3326 3145 3583 3212 historia,

2014 3229 2273 3301 gloriari;
2320 3246 2432 3286 non
2469 3232 2613 3288 enim
2644 3247 2800 3303 aeque
2846 3248 3107 3305 magnum
3145 3234 3301 3291 aﬂert
3333 3251 3585 3297 momen-

2015 3328 2129 3376 tum
2159 3322 2226 3378 ad
2258 3324 2658 3381 aversationem
2693 3326 2917 3395 piaculi,
2951 3333 3067 3381 tum
3096 3327 3350 3383 adulterii
3378 3330 3583 3394 scelus,

2016 3422 2130 3472 tum
2158 3415 2211 3471 id
2237 3416 2382 3486 quod
2416 3418 2470 3472 iu
2520 3417 2725 3472 minori
2759 3417 2961 3473 delicto
2991 3418 3447 3488 vituperationem
3481 3420 3583 3474 ha-

2012 3506 2143 3562 bere
2168 3507 2403 3563 videtur.
2442 3505 2632 3576 Itaque
2652 3507 2747 3576 qui
2776 3507 2866 3562 ubi
2904 3509 3209 3576 periculum
3237 3516 3293 3565 et
3334 3517 3513 3567 metus
3550 3527 3583 3565 a

2013 3598 2228 3669 legibus
2276 3613 2385 3653 non
2442 3598 2810 3667 impendebat,
2866 3599 3043 3670 ipsam
3096 3601 3426 3671 voluptatem
3485 3618 3585 3673 per

2013 3697 2303 3758 peccatum
2330 3688 2758 3752 conciliandam,
2791 3703 2890 3758 per
2917 3703 3040 3744 sese
3071 3689 3228 3760 longe
3261 3690 3584 3747 formidabi-

2014 3779 2205 3834 liorcm
2241 3794 2402 3848 quam
2427 3794 2646 3850 pmnam
2683 3794 2808 3837 esse
2840 3780 3145 3851 judicabat,
3181 3790 3277 3837 aut
3302 3786 3585 3853 praecessit

2012 3879 2069 3925 et
2098 3872 2377 3941 superavit
2401 3870 2700 3942 Josephum
2733 3873 3096 3944 amplitudine
3129 3882 3186 3930 et
3224 3877 3584 3947 magniﬁcen-

2014 3962 2090 4016 tia
2131 3962 2404 4026 miraculi,
2439 3970 2533 4033 aut
2566 3978 2798 4033 prorsus
2828 3980 2939 4020 non
2985 3965 3278 4022 habebitur
3310 3968 3454 4023 inter
3494 3985 3585 4026 se-

2012 4053 2246 4110 cundos.
2277 4054 2356 4110 Ac
2392 4056 2723 4127 principium
2753 4058 2974 4128 quidem
3002 4059 3127 4115 vitae
3156 4060 3265 4118 tale
3302 4069 3408 4118 est.
3459 4062 3582 4134 Ipsa

2011 4158 2146 4201 vero
2185 4145 2299 4199 vita
2349 4146 2514 4216 quas?
2555 4146 2917 4218 Posteaquam
2965 4150 3222 4207 omnibus
3274 4151 3583 4224 disciplinis
3620 4160 3651 4216 ί

2012 4242 2254 4290 externa:
2288 4236 2575 4306 sapientiae
2620 4239 2901 4307 percursis
2934 4238 3231 4307 incidisset
3274 4243 3332 4299 in
3378 4243 3583 4300 Firmi-
3675 4267 3682 4275 -

2014 4325 2222 4380 lianum
2255 4328 2547 4397 quemdam
2580 4329 2872 4398 patricium
2899 4329 3307 4401 Cappadocem,
3345 4334 3582 4391 similem

337 4419 734 4493 καθηγουμένφ
765 4422 783 4494 (
813 4423 1092 4495 Ὠριγὲνης
1117 4423 1173 4478 δὲ
1201 4414 1355 4490 οὗτος
1386 4419 1456 4497 ἦν
1480 4465 1496 4490 ,
1532 4421 1609 4504 οὗ,
1630 4428 1796 4493 πολὺς
1823 4430 1915 4483 ἐπὶ

2020 4419 2264 4476 moribus
2297 4428 2353 4474 et
2381 4418 2620 4490 ingenio,
2661 4428 2725 4476 ut
2751 4422 2848 4477 ille
2866 4422 2938 4507 .iu
2970 4414 3222 4494 sequenti
3251 4425 3363 4480 vita
3393 4432 3582 4481 osten-

337 4512 880 4585 τοϊς-συγγράμμασι
919 4515 1136 4588 λόγος),
1169 4518 1385 4582 δεικνὺς
1431 4517 1526 4573 καὶ
1570 4500 1658 4572 διὰ
1701 4516 1913 4585 τούτου,

337 4603 403 4656 οὐ
448 4603 609 4673 μόνον
651 4606 711 4658 τὸ
751 4605 1044 4677 φιλομαθὲς
1091 4609 1184 4664 καὶ
1217 4608 1502 4678 φιλόπονον
1521 4650 1536 4677 ,
1565 4610 1701 4666 ἀλλὰ
1732 4613 1826 4666 καὶ
1854 4613 1917 4668 τὸ

338 4694 772 4765 κατεσταλμένον
794 4699 850 4749 έν
870 4696 946 4768 τῷ
973 4699 1091 4770 ἤθει
1114 4700 1208 4754 καὶ
1234 4701 1455 4774 μέτριον
1471 4719 1486 4733 ·
1513 4702 1782 4776 τοσαύτης
1804 4704 1912 4777 γὰρ

340 4783 535 4852 σοφίας
586 4786 850 4851 άνάπλεος
899 4788 974 4841 ὣν
1024 4790 1195 4862 ἑτέρῳ
1250 4793 1558 4865 χρήσασθαι
1607 4794 1911 4868 διδασκάλῳ

340 4873 478 4945 πρὸς
506 4873 574 4928 τὰ
603 4873 723 4929 θεῖα
754 4876 862 4929 τῶν
899 4879 1232 4949 μαθημάτων
1254 4921 1269 4946 ,
1299 4885 1400 4937 οὐκ
1427 4885 1737 4956 ἀπηξίωσεν
1756 4927 1772 4953 ,
1813 4889 1907 4943 καὶ

334 4964 612 5031 διαγαγὼν
645 4965 796 5037 παρὰ
817 4965 895 5037 τῷ
925 4967 1225 5042 διδασκάλῳ
1266 4975 1458 5045 χρόνον
1483 4980 1596 5042 τοῖς
1623 4979 1906 5051 μαθήμασι

338 5053 680 5125 σύμμετρον,
735 5054 944 5109 πολλῶν
964 5056 1131 5111 ὄντων
1165 5060 1274 5114 τῶν
1305 5066 1763 5134 παρακαλούντων
1811 5070 1907 5124 καὶ

337 5145 677 5216 κατεχόντων
705 5147 865 5201 αὐτὸν
899 5148 1005 5223 ἐπὶ,
1026 5150 1122 5220 τῆς
1157 5151 1486 5227 ἀλλοδαπῆς,
1518 5160 1611 5212 καὶ
1642 5161 1772 5230 παρ’
1810 5162 1908 5217 αὑ-

334 5234 453 5296 τοῖς
493 5232 781 5297 ἀξιούντων
841 5234 1021 5305 μένειν
1044 5274 1058 5301 ,
1105 5236 1321 5293 πάντων
1374 5244 1771 5317 προτιμοτέραν
1807 5247 1907 5317 τὴν

335 5325 666 5394 ἐνεγκοῦσαν
721 5326 882 5381 αὐτὸν
939 5328 1301 5399 ποιησάμενος
1322 5371 1338 5396 ,
1394 5333 1487 5386 ἐπὶ
1539 5334 1638 5406 τὴν
1675 5337 1908 5408 πατρίδα

336 5416 505 5471 πάλιν
535 5417 827 5481 ἐπάνεισιν,
855 5420 945 5473 τὸν
971 5420 1308 5475 παντοδαπὸν
1337 5422 1563 5478 πλοῦτον
1584 5426 1686 5496 τῆς
1715 5428 1907 5497 σοφίας

331 5526 396 5561 τε
423 5508 518 5563 καὶ
545 5506 645 5577 τῆς
666 5507 913 5576 γνώσεως
942 5512 1276 5583 ἐπαγόμενος
1299 5553 1313 5579 ,
1338 5513 1397 5571 δν
1422 5513 1670 5590 καθάπερ
1698 5536 1781 5584 τις
1806 5518 1905 5592 ἔμε

407 5686 431 5718 ⁸
462 5684 602 5743 Gen.
632 5660 815 5751 xxxix,
852 5686 884 5738 7
910 5703 1027 5761 sqq.

541 5776 808 5838 Parnm.
861 5778 979 5839 Gn.
1022 5781 1240 5841 XLVI.

2012 4510 2115 4576 dit,
2159 4527 2284 4566 cum
2327 4512 2753 4570 Caesariensium
2802 4514 3066 4571 Ecclesiae
3087 4523 3417 4572 ornamento
3454 4515 3580 4577 fuit.

2010 4611 2068 4659 et
2099 4604 2265 4660 animi
2299 4605 2387 4661 sui
2416 4606 2711 4662 consilium
2744 4621 2810 4662 ac
2855 4608 2983 4662 vita:
3021 4606 3365 4676 propositum
3404 4609 3583 4663 amico

2010 4694 2385 4765 patefecisset,
2427 4697 2576 4767 quod
2631 4698 2698 4751 ad
2741 4696 2909 4752 Deum
2960 4696 3213 4753 videlicet
3263 4706 3580 4768 spectaret;

2007 4795 2062 4841 et
2099 4787 2248 4844 illius
2280 4787 2525 4843 studium
2560 4787 2705 4842 circa
2732 4784 2876 4841 idem
2906 4785 3239 4843 desiderium
3284 4788 3583 4843 convenire

2007 4877 2399 4943 intellexisset,
2435 4877 2629 4933 relicto
2672 4878 2822 4932 omni
2859 4876 3044 4933 studio
3074 4885 3315 4933 externae
3344 4879 3584 4949 philoso-

2007 4971 2170 5041 phiae,
2199 4970 2410 5026 accedit
2440 4984 2550 5025 una
2573 4984 2699 5025 cum
2734 4970 2829 5025 illo
2863 4970 2932 5026 ad
2957 4985 3105 5034 eum,
3137 4970 3232 5039 qui
3265 4970 3321 5024 in
3350 4987 3417 5028 eo
3441 4979 3582 5027 tem-

2009 5079 2141 5134 pore
2188 5063 2630 5119 Christianorum
2698 5062 3067 5134 philosophiae
3128 5063 3390 5134 princeps
3456 5074 3579 5119 erat

2010 5155 2083 5225 (is
2124 5161 2308 5210 autem
2350 5164 2467 5208 erat
2520 5152 2807 5225 Origenes,
2862 5156 3023 5224 cujus
3069 5161 3296 5224 propter
3346 5155 3575 5226 scripta,

2010 5246 2153 5301 fama
2191 5243 2426 5301 celebris
2465 5244 2595 5316 est),
2632 5245 2801 5301 etiam
2841 5259 2940 5314 per
2986 5245 3102 5300 haec
3132 5245 3427 5319 ostendens
3467 5258 3577 5299 non

2014 5336 2179 5392 modo
2227 5332 2473 5391 studium
2511 5334 2759 5391 discendi
2798 5345 2961 5405 atque
2994 5334 3352 5403 industriam,
3390 5351 3580 5392 verum

2012 5428 2175 5484 etiam
2221 5425 2469 5483 sedatum
2501 5424 2781 5495 ingenium
2819 5434 2874 5481 et
2914 5427 3082 5482 animi
3120 5426 3576 5483 moderationem.

2015 5519 2154 5577 Cum
2194 5519 2343 5576 enim
2398 5524 2550 5579 tanta
2601 5518 2869 5591 sapientia
2904 5520 3100 5592 plenus
3144 5527 3316 5583 esset.
3361 5521 3470 5578 alio
3522 5521 3579 5578 iu

3102 5792 3178 5854 29
