4050 6164
457 307 560 364 997

1701 293 1758 347 S.
1790 283 2115 346 GREGORII
2143 279 2433 337 NYSSENI

3593 275 3716 331 τοο

455 425 632 483 sacris
663 422 966 492 disciplinis
1004 419 1081 472 uti
1116 415 1381 487 magistro
1406 392 1513 466 non
1539 410 1869 480 dedignatus
1895 411 1978 459 est
2005 422 2016 456 :
2054 450 2058 459 .

2161 415 2290 470 rapo;
2318 400 2375 451 ὲν
2410 400 2529 460 ταῖς
2558 395 2661 460 ἔξω
2691 395 2945 458 σπουδαῖς
2971 395 3104 448 πᾶσι
3134 390 3443 464 καθομιλῶν
3480 397 3590 455 τοῖς
3615 393 3708 444 εὐ-

455 530 690 584 cumque
738 513 882 582 apud
924 508 1244 579 magistrum
1281 505 1435 574 justo
1481 511 1723 570 tempore
1777 499 1830 551 in
1861 495 2028 550 disci-

2137 491 2378 562 δοκίμοις
2417 487 2828 558 ὲνεπορεύσατο.

353 624 368 642 ·
456 575 623 673 plinis
666 575 1094 672 perseverasset,
1141 595 1329 649 multis
1375 589 1754 648 detinentibus
1796 600 1921 640 eum
1973 583 2026 637 in
2069 583 2190 636 solo
2256 581 2571 651 peregrino,
2621 577 3088 649 hortantibusque
3129 591 3193 632 ac
3264 575 3611 648 rogantibus,
3655 580 3716 626 ut

457 696 598 766 apud
638 695 790 764 ipsos
830 698 1098 756 maneret,
1151 689 1380 758 reliquis
1430 686 1687 740 omnibus
1742 678 2140 753 praeferendam
2193 685 2346 731 ratus
2388 690 2507 730 eam
2557 683 2781 740 terram,
2843 689 2963 744 quae
3035 675 3215 744 ipsum
3268 674 3484 727 tulisset
3551 677 3604 723 et
3660 669 3716 721 in

454 790 632 841 lucem
674 783 961 845 edidisset,
1008 781 1063 836 in
1097 780 1332 849 patriam
1372 778 1555 833 denuo
1619 774 1938 834 revertitur,
2001 768 2185 823 varias
2232 767 2516 837 sapientiae
2564 773 2728 835 atque
2775 765 3016 820 scientiae
3064 764 3308 830 divitias,
3383 778 3524 832 quas
3591 770 3711 814 tan-

455 891 618 946 quam
662 883 932 928 mercator
954 871 1174 940 quidam
1210 884 1334 924 cum
1368 869 1625 922 omnibus
1657 866 1825 920 claris
1861 871 2028 932 atque
2107 858 2357 929 probatis
2443 858 2499 912 in
2552 857 2755 912 studiis
2796 864 3037 912 externae
3081 855 3347 910 doctrina:
3395 853 3533 909 viris
3579 867 3721 907 cou-.

454 983 681 1025 versans
728 967 1130 1037 acquisiverat,
1185 965 1449 1020 invehens
1502 970 1666 1032 atque
1715 961 2041 1032 importans.
2142 967 2144 970 '

526 1066 606 1118 Ac
634 1061 881 1133 profecto
928 1061 976 1117 si
1008 1061 1133 1130 quis
1163 1075 1290 1114 vere
1333 1060 1592 1129 justeque
1630 1071 1720 1111 res
1769 1055 2027 1116 aestimet,

458 1173 528 1212 ne
550 1157 656 1210 hoc
683 1155 904 1226 quidem
935 1167 1166 1222 prorsus
1197 1150 1264 1206 ad
1295 1149 1826 1205 commendationem
1853 1143 2032 1198 nomi-

459 1250 547 1304 nis
580 1262 774 1318 parnm
806 1244 1070 1300 momenti
1103 1243 1304 1298 habere
1335 1241 1628 1303 videbitur,
1680 1237 1828 1309 quod
1867 1244 2034 1289 tautae

458 1341 612 1398 urbis
645 1338 920 1395 communi
953 1351 1228 1392 consensu
1267 1333 1545 1389 adhibitas
1594 1345 1785 1402 preces
1813 1343 2031 1383 aversa-

461 1440 552 1484 tus
582 1436 690 1494 est,
729 1440 832 1481 nec
874 1425 1117 1479 omnium
1146 1421 1476 1493 sapientium
1505 1419 1951 1487 delectorumque
1979 1416 2035 1470 in

460 1535 526 1576 ea
547 1519 814 1582 virorum,
841 1522 901 1570 ut
929 1521 1176 1569 maneret
1206 1524 1427 1583 operam
1459 1510 1732 1574 dantium,
1772 1506 2034 1569 studium,

466 1625 569 1667 nec
591 1610 902 1681 principum
930 1607 1173 1661 virorum
1222 1605 1358 1659 inibi
1383 1601 1719 1658 versantium
1746 1605 1800 1654 et
1839 1604 1899 1652 ut
1935 1597 2040 1651 hoc

463 1704 644 1772 ipsum
712 1699 866 1754 ﬁeret
921 1696 1300 1766 cupientium,
1369 1690 1644 1762 egregiam
1703 1688 2038 1743 voluntatem

466 1790 647 1862 magni
679 1789 832 1853 fecit,
868 1791 962 1856 qui
989 1800 1182 1840 omnes
1227 1783 1282 1837 id
1320 1796 1488 1836 unum
1526 1778 1780 1848 agebant,
1826 1784 1885 1829 ut
1927 1790 2041 1829 ma-

2208 1051 2403 1104 Καίτοι
2441 1067 2504 1118 γε
2531 1049 2610 1121 τῷ
2657 1048 2879 1112 δικαίως
2914 1047 2983 1101 τὰ
3010 1049 3312 1118 πράγματα
3338 1046 3576 1118 κρίνοντι
3591 1045 3718 1098 οὐδὲ

2138 1141 2297 1196 τοῦτο
2326 1143 2519 1213 μικρὸν
2553 1141 2769 1204 πάντως
2798 1141 2878 1204 εἰς
2905 1139 3178 1210 εὐφημίαν
3207 1138 3368 1204 δόξει,
3401 1139 3462 1190 τὸ
3513 1138 3719 1198 πόλεως

2140 1235 2408 1306 τοσαύτην
2459 1233 2740 1305 ἱκετηρίαν
2777 1235 2841 1286 ὲκ
2877 1231 3056 1286 κοινοῦ
3093 1231 3391 1302 γενομένην
3422 1229 3718 1300 ὑπεριδεῖν,

2143 1328 2236 1381 καὶ
2261 1328 2477 1381 πάντων
2499 1325 2607 1379 τῶν
2631 1327 2687 1379 ἐν
2715 1325 2849 1395 αὐτῇ
2875 1324 3118 1393 λογάδων
3142 1323 3237 1394 τὴν
3269 1323 3405 1393 ὑπὲρ
3428 1320 3524 1374 τοῦ
3551 1338 3723 1372 κατα-

2145 1419 2326 1488 μεῖναι
2376 1418 2466 1471 τὸν
2507 1417 2676 1489 ἄνδρα
2730 1415 2963 1487 σπουδὴν
2985 1456 2999 1481 ,
3049 1415 3157 1469 τῶν
3209 1433 3268 1468 τε
3317 1413 3725 1483 ἐπιδημούντων

2143 1510 2325 1576 αὐτοῖς
2353 1510 2628 1581 ἀρχόντων
2657 1510 2752 1580 τὴν
2773 1510 2852 1572 εἰς
2877 1508 3009 1563 αὐτὸ
3025 1504 3184 1559 τοῦτο
3206 1504 3515 1576 προθυμίαν
3545 1519 3724 1573 παρα-

2130 1601 2427 1668 -δέξασθαιο
2463 1598 2544 1664 οἷς
2583 1603 2715 1654 πᾶσι
2767 1599 2967 1662 σκοπὸς
3011 1594 3102 1667 ἦν,
3161 1599 3340 1667 μεῖναι
3379 1596 3508 1666 παρ’
3542 1593 3724 1656 αὐτοῖς
3769 1615 3772 1618 ~

2140 1693 2233 1746 τὺν
2281 1692 2451 1764 μέγαν
2506 1693 2747 1756 ἐκεῖνον,
2780 1690 3028 1760 καθάπερ
3077 1687 3320 1756 οἰκιστὴν
3365 1686 3596 1758 ἀρετῆς,
3633 1685 3725 1737 καὶ

2146 1784 2262 1855 βίον
2297 1783 2588 1855 νομοθέτην
2621 1783 2908 1853 ἐσόμενον·
2964 1778 3102 1833 ἀλλά
3148 1777 3363 1847 φεύγων
3393 1775 3727 1844 πανταχόθεν

465 1899 610 1956 gnus
646 1883 738 1937 ille
765 1887 1008 1937 maneret
1036 1877 1180 1948 apud
1217 1891 1330 1940 eos,
1369 1884 1625 1942 tanquam
1651 1870 1902 1924 conditor
1931 1867 2041 1922 vir-

2161 1878 2242 1941 τάς
2297 1877 2432 1949 πρὸς
2482 1877 2572 1929 τὸν
2605 1875 2772 1944 τύφον
2810 1873 2940 1938 ὕλας
2966 1915 2980 1940 ,
3031 1871 3188 1934 εἰδὼς
3239 1869 3477 1941 ἀρχηγὸν
3530 1868 3604 1930 ὡς
3658 1868 3724 1920 τὰ

467 1975 602 2030 tutis
627 1981 683 2029 et
719 1974 839 2026 vita:
875 1969 1206 2040 legumlator
1248 1966 1469 2020 futurus
1495 1981 1509 2029 ;
1540 1961 1634 2018 sed
1666 1961 1760 2015 ille
1789 1958 2044 2014 omnibus

467 2065 644 2121 modis
670 2063 942 2134 superbiae
966 2059 1248 2114 materiam
1281 2055 1516 2124 fugiens,
1542 2053 1688 2122 quod
1715 2050 1858 2104 haud
1890 2050 2046 2120 igno-

467 2163 615 2211 raret
644 2155 836 2209 vitium
871 2149 1141 2221 superbia:
1191 2144 1452 2216 improb-.2
1492 2143 1884 2210 scelerataeque
1920 2138 2046 2192 vita:

464 2247 788 2316 plerumque
834 2254 1056 2296 causam
1103 2246 1156 2292 et
1183 2235 1530 2291 occasionem
1569 2229 1815 2301 praebere
1845 2228 2044 2292 solere,

466 2337 634 2392 veluti
665 2342 882 2405 portum
915 2329 1233 2402 quemdam,
1291 2325 1534 2396 quietam
1580 2322 1635 2375 in
1669 2319 1845 2390 patria
1878 2318 2047 2371 vitam

468 2428 795 2499 ingreditur.
833 2425 970 2480 Cum
997 2432 1178 2477 autem
1219 2419 1474 2474 universa
1525 2414 1675 2469 natio
1705 2427 1827 2467 eum
1866 2413 2046 2464 intue-

466 2532 642 2586 retur,
675 2521 934 2577 otnnibus
963 2513 1432 2586 exspectantibus,
1466 2519 1544 2574 ut,
1578 2507 1632 2561 in
1652 2504 1887 2576 publicis
1915 2518 2050 2557 con-

468 2615 728 2672 ventibus
759 2611 1040 2679 divulgata
1065 2621 1165 2664 sua
1193 2603 1522 2668 eruditione,
1546 2599 1782 2668 aliquem
1808 2595 2050 2650 fructum
2086 2644 2107 2666 ,

469 2708 854 2763 diuturnorum
906 2701 1155 2755 laborum
1191 2701 1432 2766 caperet,
1473 2708 1540 2747 ex
1583 2691 1670 2746 his
1701 2695 1914 2760 partam
1948 2700 2051 2740 no-

471 2799 634 2855 minis
667 2793 1054 2851 claritudinem
1087 2800 1250 2858 atque
1276 2785 1688 2843 celebritatem:
1727 2781 1874 2836 haud
1901 2780 2056 2850 igno-

471 2904 605 2945 rans
630 2887 722 2943 ille
746 2899 1000 2954 magnus,
1031 2881 1231 2951 quibus
1256 2879 1422 2934 rebus
1443 2890 1628 2931 veram
1646 2870 2055 2946 philosophiam

473 2997 505 3036 a
533 2979 680 3036 veris
716 2991 780 3031 ac
809 2973 1068 3046 perfectis
1103 2971 1192 3026 sui
1229 2969 1540 3024 cultoribus
1574 2965 1843 3038 publicari
1893 2970 2058 3034 atque

474 3069 744 3141 divulgari
769 3063 1084 3127 conveniat,
1121 3076 1190 3114 ne
1215 3058 1438 3130 quando
1469 3058 1689 3112 animus
1721 3055 1843 3125 ejus
1872 3053 2057 3123 aliqua

2146 1969 2315 2022 πολλὰ
2364 1967 2460 2021 τοῦ
2497 1967 2639 2021 κατά
2686 1967 2882 2020 κακίαν
2923 1965 3038 2036 βίου
3090 1965 3150 2016 τὸ
3197 1964 3318 2017 καθ’
3353 1962 3728 2033 ὑπερηφανίαν

2147 2059 2315 2121 πάθος
2352 2059 2634 2128 γινόμενον
2661 2099 2674 2123 ,
2704 2057 2899 2128 ’ὥσπερ
2942 2056 3062 2110 τινὰ
3093 2056 3287 2126 λιμένα
3313 2096 3327 2122 ,
3370 2054 3459 2107 τὸν
3502 2053 3729 2124 ἡσύχιον

2147 2153 2239 2204 ἐπὶ
2267 2153 2363 2221 τῆς
2401 2151 2656 2222 πατρίδος
2691 2151 2896 2221 μέτεισι
2936 2149 3068 2219 βίον.
3097 2148 3302 2211 Παντὸς
3335 2147 3392 2200 δὲ
3428 2145 3519 2200 τοῦ
3545 2145 3736 2209 ἔθνους

2149 2243 2283 2314 πρὸς
2321 2242 2410 2295 τὸν
2442 2242 2606 2314 ἄνδρα
2641 2242 2925 2312 βλέποντος
2949 2280 2966 2307 ,
2995 2242 3088 2293 καὶ
3118 2239 3333 2294 πάντων
3365 2237 3734 2308 προσδεχομέ-

2149 2351 2255 2389 νων
2297 2333 2640 2404 δημοσιεύειν
2671 2333 2833 2386 αύτὺν
2860 2335 2916 2386 ὲν
2948 2335 3147 2395 κοινοῖς
3179 2330 3454 2398 συλλόγοις
3480 2328 3577 2401 τὴν
3603 2327 3735 2380 παί-

2149 2425 2347 2487 δευσιν,
2388 2423 2463 2486 ὡς
2495 2424 2559 2478 ἄν
2584 2441 2704 2476 τινα
2733 2423 2945 2494 καρπὸν
2977 2421 3132 2493 σχοίη
3165 2421 3272 2473 τῶν
3305 2419 3530 2491 μακρῶν
3555 2419 3737 2472 πόνων

2151 2517 2249 2589 τὴν
2303 2518 2388 2569 ἐπ’
2417 2516 2597 2578 αὐτοῖς
2635 2514 3018 2584 εὐδοκίμησιν·
3051 2513 3206 2576 εἰδὼς
3236 2513 3263 2564 ὁ
3305 2511 3478 2582 μέγας
3527 2512 3737 2573 ἐκεῖνος

2152 2607 2276 2661 ὅθεν
2303 2607 2572 2678 προσήκει
2591 2603 2688 2675 τὴν
2715 2604 2890 2676 ἀληθῆ
2922 2603 3238 2673 φιλοσοφίαν
3264 2601 3415 2673 παρὰ
3438 2600 3546 2655 τῶν
3573 2601 3738 2670 ἀκρι-

2154 2698 2264 2761 ϐῶς
2309 2698 2598 2769 μετιόντων
2630 2693 3050 2767 δημοσιεύεσθαι
3076 2737 3090 2760 ,
3125 2694 3200 2758 ὡς
3233 2693 3299 2747 ἂν
3329 2694 3539 2764 μήποτε
3582 2691 3739 2760 φιλο-

2153 2789 2312 2861 τιμίᾳ
2344 2789 2450 2841 τινὶ
2476 2788 2573 2858 τὴν
2597 2786 2776 2858 ψυχὴν
2815 2785 3050 2858 τρωθείη
3091 2785 3110 2856 (
3138 2785 3308 2848 δεινὸς
3329 2785 3438 2855 γάρ
3482 2785 3600 2836 ἐστι
3630 2780 3742 2834 τῶν

2155 2878 2458 2934 ἀκουόντων
2502 2881 2529 2932 ὁ
2556 2878 2794 2940 ἔπαινος,
2846 2876 2999 2948 τύφῳ
3040 2877 3147 2930 τινὶ
3185 2875 3279 2928 καὶ
3323 2873 3593 2943 φιλοδοξίᾳ.
3639 2871 3742 2941 τῆς

2155 2971 2333 3041 ψυχῆς
2364 2969 2745 3039 ύποχαυνῶσαι
2773 2966 2834 3021 τὸ
2864 2967 3172 3038 σύντονον),
3211 2967 3398 3020 τούτου
3426 2963 3585 3036 χάριν
3616 2962 3742 3015 ὲπί-

2157 3064 2321 3129 δειξιν
2347 3064 2578 3116 ποιεῖται
2613 3061 2709 3132 τὴν
2737 3060 2945 3130 σιωπὴν
2969 3101 2984 3126 ,
3010 3059 3158 3130 ἔργῳ
3194 3058 3404 3121 δεικνὺς
3428 3057 3518 3110 τὸν
3554 3053 3743 3124 ἔγκει-

476 3163 776 3218 ambitione
808 3157 1197 3213 vulneraretur
1229 3150 1380 3222 (laus
1413 3149 1558 3204 enim
1591 3146 1902 3202 auditorum
1936 3158 2054 3198 ma-

2164 3171 2321 3227 μενον
2350 3152 2622 3224 θησαυρὸν
2649 3193 2662 3217 ,
2697 3150 2816 3220 οὐχὶ
2845 3151 3056 3221 ῥήμασι
3082 3191 3096 3215 ,
3133 3149 3224 3202 καὶ
3251 3147 3358 3201 τῶν
3387 3148 3505 3200 κατ’
3533 3144 3746 3216 ἀγορὰν

477 3267 639 3321 gnam
668 3251 776 3304 vim
810 3248 990 3310 habet,
1029 3245 1273 3315 vigorem
1323 3256 1388 3296 ac
1435 3237 1823 3294 ﬁrmitudinem
1885 3235 2053 3290 animi

477 3343 624 3400 fastu
661 3339 897 3412 quodam
943 3352 1008 3392 ac
1042 3337 1231 3408 gloria:
1263 3333 1444 3390 studio
1475 3329 1702 3386 inﬂandi
1747 3337 1910 3398 atque
1941 3328 2056 3383 sol-

479 3437 698 3508 vendi),
731 3433 938 3490 idcirco
968 3429 1190 3486 silentio
1217 3427 1387 3482 utitur
1416 3441 1514 3497 pro
1537 3423 1867 3478 documento
1897 3427 2060 3489 atque

481 3527 846 3586 ostentatione
900 3537 1014 3578 suae
1055 3517 1404 3582 eruditionis,
1460 3530 1519 3571 re
1562 3514 1706 3585 ipsa,
1737 3527 1848 3566 non
1884 3510 2062 3566 verbis

480 3618 778 3675 ostendens
810 3612 1153 3670 reconditum
1197 3608 1254 3662 in
1293 3607 1480 3661 animo
1508 3603 1851 3666 thesaurum,
1902 3614 2062 3654 cum-

483 3726 590 3783 que
643 3723 765 3766 sese
799 3721 830 3761 a
879 3704 1058 3760 turbis
1090 3699 1426 3766 forensibus,
1480 3704 1535 3752 et
1586 3697 1655 3751 ab
1710 3695 1919 3749 urbana
1951 3691 2062 3744 vita

484 3802 706 3875 penitus
748 3797 1104 3868 sejunxisset,
1140 3795 1196 3849 in
1251 3790 1548 3849 solitudine
1589 3786 1823 3858 quadam
1874 3798 2061 3840 secum

485 3874 656 3962 solus,
693 3908 756 3947 ac
805 3907 902 3962 per
950 3903 1073 3945 sese
1107 3901 1236 3940 cum
1266 3883 1377 3939 Deo
1424 3879 1771 3943 versabatur,
1820 3874 2064 3930 universi

488 3986 677 4042 mundi
709 3994 1004 4049 rerumque
1035 3975 1436 4030 mundanarum
1481 3983 1704 4041 parram
1729 3981 1918 4022 curam
1970 3981 2065 4036 ge-

488 4092 640 4143 rens,
674 4089 783 4129 non
810 4073 878 4127 de
900 4068 1121 4140 regibus
1151 4065 1369 4119 curiose
1411 4061 1718 4132 inquirens,
1752 4074 1861 4114 non
1891 4056 2064 4127 magi-

492 4177 700 4224 stratus
751 4160 1052 4223 excutiens,
1112 4169 1222 4210 non
1269 4167 1334 4209 ex
1386 4151 1570 4221 aliquo
1607 4149 2068 4204 commemorante

495 4258 749 4319 audiens,
796 4259 856 4305 ut
892 4265 980 4305 res
1008 4260 1250 4318 quaequae
1283 4243 1500 4314 publica
1545 4237 2065 4301 administraretur;

493 4351 588 4410 sed
615 4359 674 4404 ut
703 4347 921 4402 animus
941 4342 1144 4397 virtute
1169 4336 1446 4410 perfectus
1471 4330 1746 4397 evaderet,
1773 4327 2065 4390 sollicitus,

493 4443 561 4496 ad
601 4441 704 4494 hoc
743 4435 891 4491 omni
938 4430 1120 4490 studio
1151 4443 1250 4498 per
1300 4434 1466 4479 totam
1499 4423 1668 4478 vitam
1703 4416 2069 4474 contendebat

2161 3245 2424 3317 θορύϐων,
2458 3244 2551 3297 καὶ
2579 3241 2804 3296 καθόλου
2848 3242 2948 3312 τῆς
2981 3241 3038 3293 ὲν
3067 3238 3217 3293 ἄστει
3245 3237 3521 3306 διαγωγῆς
3552 3234 3747 3288 ἑαυτὸν

2158 3337 2396 3408 χωρίσας
2423 3375 2436 3398 ,
2461 3337 2520 3386 ὲν
2571 3332 2798 3403 ἐσχατιᾷ
2836 3347 2940 3384 τινι
2985 3329 3164 3400 ἑαυτῷ
3206 3329 3352 3400 μόνῳ
3405 3325 3572 3396 συνῆν
3597 3366 3614 3389 ,
3651 3325 3749 3378 καὶ

2157 3425 2223 3480 δι’
2263 3422 2456 3477 ἑαυτοῦ
2486 3421 2564 3494 τῷ
2593 3421 2751 3494 Θεῷ,
2791 3420 2987 3492 μικρὸν
3044 3420 3241 3482 παντὸς
3287 3416 3381 3470 τοῦ
3413 3417 3618 3488 κόσμου
3653 3416 3751 3468 καὶ

2159 3518 2266 3573 τῶν
2293 3519 2352 3572 ὲν
2391 3515 2540 3586 αύτῷ
2573 3514 2728 3584 λόγον
2760 3511 3100 3583 ποιούμενος,
3132 3513 3192 3565 οὗ
3245 3509 3522 3580 βασιλείας
3569 3509 3746 3562 πολυ-

2163 3606 2520 3680 πραγμονῶν,
2548 3605 2648 3658 οὐκ
2677 3603 2851 3675 ἀρχὰς
2883 3601 3147 3666 ἐξετάζων
3165 3641 3184 3665 ,
3225 3602 3284 3654 οὺ
3325 3601 3442 3665 πῶς
3463 3598 3752 3653 διοικεῖται

2163 3719 2215 3754 τι
2259 3699 2366 3756 τῶν
2417 3697 2612 3753 κοινῶν
2657 3694 2943 3761 διεξιόντος
2991 3694 3242 3748 ἀκούων·
3291 3693 3404 3748 ἀλλ’
3436 3693 3582 3754 ὅπως
3613 3691 3680 3745 ἂν
3713 3693 3753 3762 ἡ

2163 3792 2306 3863 ψυχὴ
2333 3791 2398 3845 δι’
2429 3789 2631 3860 ἀρετῆς
2667 3785 2976 3858 τελειωθείη
3008 3823 3024 3849 ,
3064 3785 3163 3857 τὴν
3194 3783 3451 3856 φροντίδα
3498 3782 3770 3851 ποιούμε-

2166 3899 2285 3946 νος,
2311 3879 2446 3952 πρὸς
2475 3878 2634 3932 τοῦτο
2659 3881 2724 3948 τῇ
2751 3877 2953 3947 σπουδῇ
2988 3877 3258 3930 συνέτεινε
3279 3875 3370 3928 τὸν
3401 3875 3581 3927 πάντα
3609 3873 3750 3944 βίον,

2167 3974 2261 4027 καὶ
2297 3973 2366 4025 τὰ
2394 3972 2451 4024 ἐν
2485 3969 2634 4040 αὑτῷ
2667 3969 2970 4040 πράγματα
3016 3967 3226 4039 χαίρειν
3257 3967 3451 4031 ἐάσας,
3481 3966 3640 4030 ἄλλος
3666 3982 3751 4028 τις

2171 4059 2327 4126 οὗτος
2381 4063 2438 4114 ὲν
2480 4063 2592 4125 τοῖς
2635 4060 2754 4113 καθ’
2803 4062 2947 4132 ἡμᾶς
2982 4059 3194 4131 χρόνοις
3223 4057 3462 4128 Μωδσῆς
3511 4056 3751 4126 ἀτεχνῶς

2172 4155 2308 4228 πρὸς
2338 4156 2406 4208 τὰ
2439 4153 2650 4207 ἐκείνου
2680 4152 2935 4223 θαύματα
2966 4151 3061 4222 τὴν
3091 4149 3321 4220 ἅμιλλαν
3360 4149 3517 4219 ἔχων.
3563 4146 3752 4218 Ἐξῆλ-

2171 4248 2262 4302 θον
2288 4247 2588 4317 ἀμφότεροι
2621 4245 2716 4299 τοῦ
2759 4244 3105 4316 ταραχώδους
3129 4243 3321 4296 τούτου
3365 4242 3458 4295 καὶ
3487 4259 3751 4312 περιηχη-

2172 4339 2335 4410 μένου
2377 4337 2490 4408 βίου
2519 4380 2533 4402 ,
2566 4339 2806 4408 Μωῦσῆς
2836 4337 2928 4389 καὶ
2956 4335 3253 4406 Γρηγόριος
3273 4377 3287 4401 ,
3324 4333 3464 4387 κατά
3498 4335 3590 4387 τὸν
3623 4334 3752 4385 ἴδιον

2171 4431 2430 4501 ἑκάτερος
2464 4429 2652 4500 χρόνον
2701 4428 2784 4497 ἐφ’
2825 4427 3016 4480 ἑαυτὸν
3053 4427 3383 4488 ίδιάσαντες,
3425 4425 3528 4488 ἕως
3576 4426 3751 4493 ἐμφα-

495 4542 659 4601 atque
689 4528 1037 4584 enitebatur:
1076 4518 1388 4586 saeculoque
1421 4513 1567 4569 omni
1605 4525 1669 4565 ac
1703 4509 1868 4564 rebus
1893 4522 2058 4563 saecu-

2174 4521 2264 4585 νὲς
2293 4519 2622 4591 ἀμφοτέροις
2657 4520 2720 4570 ὲκ
2768 4517 3085 4585 θεοφανείας
3112 4516 3327 4584 ἐγένετο
3374 4516 3469 4567 τοῦ
3514 4511 3753 4582 καθαροῦ

494 4599 702 4680 laribus
750 4618 1081 4682 valcdicens,
1136 4611 1276 4668 alter
1333 4608 1423 4662 hic
1475 4602 1685 4660 nostris
1733 4599 2071 4670 temporibus

496 4719 655 4790 plane
677 4713 892 4782 Moyses
918 4709 1040 4770 fuit,
1067 4706 1158 4776 qui
1187 4718 1312 4758 cum
1338 4700 1485 4755 illius
1511 4694 1793 4751 miraculis
1814 4697 2068 4746 certaret.

497 4785 799 4864 Esivcrunt
837 4811 1070 4869 uterque
1097 4813 1164 4853 ex
1193 4794 1513 4850 turbulento
1552 4785 1986 4858 strepitibusque
2018 4788 2074 4835 et

496 4899 834 4956 clamoribus
878 4889 1315 4948 circumsonanti
1365 4886 1470 4940 hoc
1503 4881 1725 4947 saeculo,
1782 4878 1994 4950 Moyses
2021 4885 2076 4932 et

495 4987 816 5060 Gregorius,
870 4998 972 5040 suo
1015 4991 1247 5050 uterque
1292 4984 1540 5045 tempore
1583 4987 1679 5042 per
1713 4985 1773 5026 se
1818 4967 2072 5040 privatim

495 5086 662 5139 vitam
713 5081 993 5149 degentes,
1048 5069 1229 5143 quoad
1263 5065 1601 5123 revelatione
1645 5071 1700 5119 et
1731 5059 2075 5132 apparitione

499 5175 684 5230 divina
715 5171 962 5240 utrisque
992 5179 1144 5236 pura:
1175 5163 1296 5218 vitae
1335 5160 1548 5215 lucrum
1584 5153 2031 5210 manifestaretur
2057 5168 2069 5203 :

501 5268 595 5324 sed
647 5264 869 5334 Moysen
924 5256 1144 5329 quidem
1199 5267 1306 5308 una
1342 5266 1468 5306 cum
1516 5247 1866 5320 philosophia
1907 5245 2070 5300 etiam

501 5373 638 5412 uxor
675 5353 1043 5424 sequebatur;
1094 5344 1391 5416 Gregorius
1423 5349 1604 5396 autem
1639 5338 1927 5408 coniugem
1970 5335 2074 5391 sibi

501 5455 674 5510 solam
699 5453 956 5507 virtutem
986 5444 1256 5516 adjunxit.
1291 5439 1430 5496 Cum
1457 5439 1622 5509 igitur
1647 5435 1723 5500 id,
1750 5433 1894 5506 quod
1927 5440 2075 5487 uter-

501 5563 607 5617 que
632 5545 842 5615 agebat,
897 5540 1088 5596 eodem
1132 5535 1428 5607 pertineret
1460 5532 1479 5602 (
1491 5544 1656 5586 causa
1686 5529 1830 5583 enim
1877 5525 2074 5588 ﬁnalis,

505 5640 571 5692 ad
605 5650 767 5704 quam
803 5641 1032 5702 uterque
1071 5646 1100 5683 a
1129 5628 1290 5696 vulgo
1324 5623 1588 5679 secedens
1620 5619 1924 5690 spectabat,
1963 5618 2077 5671 haec

508 5725 760 5786 videlicet
801 5729 938 5790 erat,
993 5730 1049 5776 ut
1083 5732 1220 5789 puro
1253 5715 1421 5769 animi
1467 5712 1625 5769 oculo
1666 5711 1855 5766 liceret
1883 5709 1963 5763 eis
1995 5707 2078 5762 di-

2176 4613 2292 4684 βίου
2335 4613 2396 4664 τὸ
2425 4611 2613 4681 κέρδος
2635 4627 2647 4640 ·
2679 4609 2814 4663 ἀλλὰ
2847 4609 3072 4662 Μωῦσεῖ
3114 4607 3211 4678 μὲν
3251 4607 3388 4660 κατά
3413 4606 3510 4672 τῆς
3542 4605 3755 4674 φιλοσο-

2178 4703 2304 4774 φίας
2333 4705 2427 4756 καὶ
2451 4701 2664 4772 γαμετὴ
2699 4700 3070 4768 συνεφείπετο·
3095 4699 3393 4769 Γρηγόριος
3418 4697 3475 4751 δὲ
3511 4698 3757 4750 σύνοικον

2179 4793 2357 4863 ἑαυτῷ
2385 4793 2550 4863 μόνην
2578 4791 2676 4861 τὴν
2703 4790 2903 4862 ἀρετὴν
2937 4791 3248 4860 ἐποιήσατο.
3277 4788 3383 4841 Τοῦ
3414 4788 3594 4841 τοίνυν
3638 4804 3757 4839 σκο-

2181 4886 2284 4941 ποῦ
2312 4886 2374 4940 τὸ
2404 4885 2516 4938 ἴσον
2551 4884 2764 4954 ἔχοντος
2804 4883 2861 4936 ἐν
2894 4882 3221 4954 ἀμφοτέροις
3270 4884 3288 4951 (
3317 4881 3486 4951 πέρας
3512 4877 3623 4949 γὰρ
3653 4877 3759 4931 τῶν

2180 4978 2503 5050 ἀμφοτέρων
2540 4977 2637 5047 τῆς
2678 4975 2785 5029 τῶν
2831 4973 3040 5028 πολλῶν
3090 4975 3489 5045 ἀναχωρήσεως
3538 4967 3608 5042 ἦν
3633 5011 3649 5034 ,
3683 4969 3760 5038 τῷ

2182 5064 2406 5136 καθαρῷ
2425 5065 2524 5134 τῆς
2550 5063 2726 5134 ψυχῆς
2758 5062 3019 5134 ὀφθαλμῷ
3047 5063 3382 5133 κατανοῆσαι
3411 5061 3478 5114 τὰ
3509 5059 3634 5112 θεῖα
3664 5077 3762 5130 μυ-

2183 5157 2454 5228 στήρια),
2507 5155 2711 5226 κρίνειν
2767 5153 2942 5217 ἔξεστι
2994 5152 3073 5224 τῷ
3133 5152 3270 5224 πρὸς
3321 5151 3522 5220 ἀρετὴν
3579 5148 3761 5205 καλῶς

2182 5248 2396 5319 βλέπειν
2421 5247 2767 5318 ἐπισταμένῳ
2789 5287 2804 5314 ,
2839 5244 3083 5316 ὁποτέρῳ
3115 5244 3316 5298 τούτων
3359 5242 3558 5313 μᾶλλον
3595 5243 3624 5294 ό
3650 5240 3761 5310 βίος

2181 5342 2248 5394 δι’
2274 5339 2540 5402 ἀπαθείας
2573 5339 2763 5407 γέγονε
2782 5379 2796 5403 ,
2826 5335 2902 5408 τῷ
2937 5336 3072 5408 πρὸς
3103 5334 3198 5406 τὴν
3233 5335 3462 5405 νόμιμον
3491 5334 3586 5388 καὶ
3638 5349 3760 5398 συγ-

2185 5427 2574 5498 κεχωρημένην
2628 5425 2923 5479 καταϐάντι
2967 5423 3074 5477 τῶν
3129 5423 3329 5494 ἡδονῶν
3371 5419 3757 5494 μετουσίαν,ἦ

2183 5521 2260 5591 τῷ
2290 5520 2404 5573 κατ’
2434 5519 2604 5586 αὐτῆς
2634 5517 2991 5590 ὑπεραρθέντι
3017 5558 3032 5581 ,
3061 5516 3154 5569 καὶ
3197 5516 3468 5586 μηδεμίαν
3509 5513 3760 5568 δεδωκότι

2186 5612 2306 5666 καθ’
2334 5610 2525 5665 ἑαυτοῦ
2557 5610 2788 5680 πάροδον
2815 5611 2879 5680 τῇ
2921 5608 3074 5679 ὑλικῇ
3105 5607 3469 5678 προσπαθείᾳ.
3499 5605 3756 5673 Φαιδίμου

2186 5704 2240 5757 δὲ
2263 5703 2405 5756 κατά
2428 5702 2517 5756 τὸν
2536 5703 2722 5774 χρόνον
2746 5702 2948 5755 ἐκεῖνον
2963 5698 3064 5767 τῆς
3095 5698 3149 5750 Ἀ
3161 5697 3409 5768 μασαίων
3439 5696 3758 5768 Ἐκκλησίας
