4050 6164
375 324 484 381 909

1326 318 1416 374 DE
1453 316 1619 372 VITA
1649 315 1712 374 'S.
1747 313 2077 370 GREGORII
2117 309 2648 370 THAUMATURGI.

3517 310 3618 371 ειο
3695 386 3711 399 ,

377 440 787 515 καθηγουμένου
803 457 815 472 ·
836 433 880 508 ᾧ
910 439 1094 493 θεόθεν
1115 439 1174 503 ἐξ
1191 437 1347 507 ἀγίου
1375 438 1687 508 Πνεύματος
1712 453 1950 507 προγνω-

2054 435 2177 489 vina
2221 433 2480 504 mysteria
2513 429 2945 486 animadvertere
2997 439 3157 499 atque
3204 430 3618 501 considerare),

381 537 538 604 στική
573 550 657 595 τις
686 531 913 601 δύναμις
943 527 1010 600 ἦν
1029 546 1042 559 ·
1085 529 1178 582 καὶ
1207 529 1386 583 πᾶσαν
1420 527 1740 598 ποιουμένου
1774 543 1944 579 σπου-

2054 523 2293 594 iudicare
2312 519 2439 578 licet
2458 523 2717 577 virtutem
2743 533 2893 575 recte
2920 528 3168 588 spectare
3198 520 3415 585 scienti,
3440 523 3621 576 utrius
3648 556 3659 568 ι

377 625 498 696 δὴν,
533 624 681 684 ὅπως
729 621 1038 691 ὑποχείριον
1069 618 1246 672 λαϐὼν
1279 619 1370 672 τὸν
1419 619 1589 689 μέγαν
1628 616 1944 688 Γρηγόριον,

377 715 459 778 είς
481 712 801 781 Ἐκκλησίας
828 711 1002 782 ἀρχὴν
1023 711 1240 778 ἀγάγοι,
1265 711 1340 773 ὼς
1361 711 1426 770 ἂν
1455 710 1529 780 μὴ
1545 708 1798 762 τοσοῦτον
1815 710 1948 776 ἀγα-

378 805 469 858 θὸν
525 802 694 871 ἀργόν
733 818 792 854 τε
843 801 936 854 καὶ
976 802 1230 871 ἀνόνητον
1279 799 1630 871 παραδράμοι
1658 800 1749 853 τὸν
1794 798 1907 869 βίον
1930 815 1944 831 ο

375 895 475 964 τῆς
499 893 679 964 ὁρμῆς
708 887 862 955 οὗτος
900 890 992 944 τοῦ
1031 892 1230 960 ’ἱερέως
1275 891 1628 962 αἰσθόμενος,
1665 890 1948 945 λανθάνειν

375 983 707 1054 ἐμηχανᾶτο,
744 980 871 1035 ἄλλο
898 997 958 1033 τε
991 980 1128 1051 πρὸς
1161 981 1325 1049 ἄλλην
1363 981 1596 1052 ἐρημίαν
1628 980 1949 1050 μετανιστά-

381 1089 559 1143 μενος.
592 1070 744 1124 Ἐπεὶ
769 1070 825 1123 δὲ
859 1071 1041 1124 πᾶσαν
1072 1069 1284 1133 καθιεὶς
1323 1074 1518 1142 πεῖραν
1547 1074 1575 1124 ὀ
1604 1070 1771 1134 πολὺς
1805 1072 1947 1123 ἐκεῖ·

379 1181 469 1226 νος
496 1162 776 1232 Φαίδιμος,
811 1161 907 1214 καὶ
937 1161 1086 1233 πάσῃ
1119 1165 1332 1233 μηχανῇ
1361 1179 1418 1214 τε
1446 1163 1540 1215 καὶ
1569 1163 1783 1233 ἐπινοίᾳ
1805 1160 1948 1232 χρώ-

378 1271 566 1324 μενος,
600 1254 696 1323 οὐχ
728 1247 838 1314 οἷός
867 1267 927 1305 τε
957 1247 1024 1322 ἦν
1057 1256 1426 1322 προσαγαγεῖν
1462 1255 1528 1323 τῇ
1565 1253 1832 1325 ἱερωσύνῃ
1856 1253 1948 1306 τὸν

365 1346 575 1415 ἄνδρα,
607 1344 818 1416 μυρίοις
857 1345 1070 1415 ὄμμασι
1102 1345 1165 1398 τὺ
1201 1345 1274 1417 μὴ
1314 1345 1514 1398 ἁλῶναί
1547 1362 1677 1398 ποτε
1707 1347 1774 1415 τῇ
1805 1345 1948 1415 χειρὶ

373 1437 467 1489 τοῦ
523 1436 714 1507 ίερέως
762 1437 1276 1508 προφυλασσὸμενον
1303 1478 1318 1502 ,
1385 1438 1476 1490 καὶ
1533 1433 1602 1509 ἦν
1649 1437 1948 1506 ἐφάμιλλος

375 1527 580 1592 σπουδὴ
621 1527 988 1598 ἀμφοτέροις·
1034 1527 1129 1580 τοῦ
1186 1529 1283 1598 μὲν
1323 1528 1472 1581 ἐλεῖν
1531 1528 1945 1599 ἐπιθυμοῦντος,

367 1615 466 1668 τοῦ
499 1615 556 1669 δὲ
585 1615 886 1683 ἀποφυγεῖν
917 1615 1010 1668 τὸν
1047 1615 1309 1670 διώκοντα
1335 1616 1352 1687 (
1376 1618 1404 1669 ὁ
1435 1618 1531 1686 μέν
1577 1616 1685 1688 γὰρ
1718 1617 1834 1687 ¹ᾔδει
1868 1616 1946 1686 τῷ

363 1705 490 1775 Θεῷ
529 1707 818 1776 προσάξειν
845 1705 990 1776 ἱερὸν
1015 1706 1291 1777 ἀνάθημα,
1327 1709 1354 1760 δ
1377 1707 1432 1760 δὲ
1457 1708 1711 1759 ἐδεδοίκει
1731 1746 1746 1770 ,
1792 1708 1864 1778 μή
1892 1722 1945 1758 τι

2048 616 2244 669 horum
2273 612 2385 666 vita
2431 626 2529 682 per
2559 611 2887 666 vacuitatem
2922 610 3283 664 humanorum
3327 609 3622 665 aﬁ‘ectuum

2046 705 2223 776 magis
2258 711 2534 758 transacta
2564 703 2673 758 sit:
2706 701 2946 766 illiusne,
2975 701 3068 770 qui
3103 701 3169 755 ad
3206 701 3504 771 legitimum
3539 711 3621 755 at-

2049 812 2156 867 que
2183 811 2506 870 concessum
2544 795 2883 864 voluptatum
2921 809 3081 850 usum
3116 793 3476 850 descenderat
3503 835 3518 858 ,
3552 810 3620 850 an

2050 889 2214 959 hujus
2251 889 2345 960 qui
2396 896 2451 944 et
2499 888 2837 958 voluptatem
2892 887 3188 958 superavit,
3243 894 3297 941 et
3354 888 3620 942 materi;:li

2049 999 2359 1053 crasszeque
2415 982 2687 1038 aﬁ‘ectioni
2741 983 2951 1036 nullum
3006 980 3265 1036 adversus
3309 997 3368 1036 se
3416 980 3621 1034 aditum

2050 1075 2217 1130 dedit.
2269 1075 2538 1129 Caeterum
2591 1089 2716 1128 eum
2763 1073 3092 1138 Phaedimus,
3147 1071 3238 1127 cui
3290 1071 3552 1128 divinitus
3591 1089 3622 1124 a

2050 1164 2258 1236 Spiritu
2312 1174 2504 1220 sancto
2550 1166 2778 1235 prmscia
2821 1163 3196 1236 (futurorum)
3243 1163 3324 1219 vis
3374 1164 3619 1233 quaedam

2052 1256 2250 1323 inerat,
2287 1256 2340 1310 in
2382 1257 2474 1310 illo
2515 1264 2756 1325 tempore
2791 1255 3174 1310 Amascnsium
3215 1251 3473 1310 Ecclesiae
3525 1269 3622 1308 an-

2050 1346 2206 1401 tistes
2239 1351 2406 1410 esset,
2443 1352 2497 1400 et
2533 1345 2681 1398 omni
2714 1343 2894 1399 studio
2939 1343 3235 1407 laboraret,
3275 1353 3334 1397 ut
3362 1359 3621 1415 magnum

2050 1433 2370 1504 Gregorium
2408 1434 2462 1487 in
2506 1441 2831 1503 potestatem
2877 1433 3182 1497 redactum,
3220 1431 3476 1487 Ecclesia:
3523 1433 3620 1486 atl-

2050 1527 2440 1581 ministrationi
2475 1527 2796 1597 praeﬁceret,
2827 1544 2894 1583 ne
2917 1535 3129 1581 tantum
3157 1528 3360 1581 bonum
3386 1527 3620 1581 otiosum

2050 1626 2104 1673 et
2124 1618 2506 1688 infrugil‘erum
2523 1621 2690 1672 vitam
2716 1620 3070 1689 transigeret:
3096 1630 3150 1673 ut
3172 1619 3260 1671 hic
3285 1617 3622 1672 sacerdotem

2051 1710 2106 1764 id
2134 1710 2339 1780 agitare
2373 1720 2539 1780 atque
2567 1712 2755 1764 conari
2785 1711 2976 1776 sensit,
3021 1712 3261 1778 cogitare
3292 1709 3478 1780 coepit,
3511 1725 3617 1778 qua

375 1797 598 1866 γένηται
649 1796 800 1865 αὐτῷ
855 1796 992 1866 πρὸς
1043 1796 1360 1864 φιλοσοφίας
1425 1797 1682 1866 ἐμπόδιον
1740 1793 1850 1849 οἷόν
1895 1814 1950 1849 τι

2056 1801 2266 1855 ratione
2310 1801 2479 1855 latere
2513 1807 2723 1870 posset,
2784 1801 2918 1854 alias
2965 1800 3031 1853 ad
3062 1799 3223 1852 aliam
3269 1798 3623 1853 solitudinem

368 1885 594 1956 ,φορτίον
618 1887 649 1956 ή
677 1886 773 1956 τῆς
796 1886 1091 1957 ἱερωσύνης
1123 1887 1340 1958 φροντὶς
1373 1887 1669 1956 ἐπαχθεῖσα
1694 1885 1770 1954 τῷ
1803 1886 1946 1957 βίῳ)’

369 1975 566 2028 τούτου
602 1976 762 2046 χάριν
805 1977 948 2047 ὁρμῇ
991 1995 1097 2031 τινι
1143 1977 1390 2049 θειοτέρα
1423 1978 1553 2048 περὶ
1591 1978 1694 2049 τὴν
1725 1994 1948 2049 προκει-

379 2066 546 2136 μένην
584 2067 816 2137 σπουδὴν
861 2068 1122 2140 ἐπαρθεὶς
1150 2072 1178 2122 ὁ
1198 2069 1453 2140 Φαίδιμος
1471 2108 1486 2132 ,
1516 2069 1666 2123 οὐδὲν
1698 2069 1950 2140 προσχὼν

371 2158 453 2228 ,τῷ
492 2158 692 2229 μεταξὺ
737 2160 1098 2230 διαστήματι,
1152 2155 1305 2231 ᾧπερ
1360 2161 1469 2214 ἀπὸ
1520 2160 1614 2213 τοῦ
1649 2162 1948 2232 Γρηγορίου

373 2249 642 2320 διείργετο
695 2250 902 2320 (τριῶν
933 2250 1155 2322 ἡμερῶν
1197 2251 1315 2304 ὁδὸν
1349 2250 1558 2304 ἐκείνου
1594 2250 1948 2320 ἀπέχοντος),

375 2339 511 2392 ἀλλὰ
549 2340 685 2411 πρὸς
711 2340 802 2393 τὸν
846 2340 977 2394 Θεὸν
1015 2340 1326 2409 ἀναϐλέψας
1353 2379 1366 2402 ,
1415 2342 1512 2394 καὶ
1545 2338 1712 2394 εἰπὼν
1750 2340 1952 2408 ὁμοίως

376 2431 566 2484 ἐαυτόν
595 2448 656 2484 τε
707 2431 957 2485 κάκεῖνον
1007 2433 1099 2485 ἐπὶ
1145 2432 1241 2502 τῆς
1275 2433 1424 2502 ὥρας
1453 2432 1666 2502 ἐκείνης
1705 2430 1810 2483 ὑπὸ
1854 2430 1950 2484 τοῦ

375 2520 512 2574 Θεοῦ
540 2520 880 2594 καθορᾶσθαι
901 2563 916 2588 ,
954 2523 1075 2576 ἀντὶ
1118 2523 1297 2594 χειρδς
1324 2522 1522 2591 ἐπάγει
1553 2521 1632 2592 τῷ
1662 2521 1951 2593 Γρηγορίῳ

367 2611 468 2666 ’τὸν
509 2611 701 2680 λόγον,
739 2613 1054 2684 ἀφιερώσας
1096 2613 1174 2684 τῷ
1211 2613 1331 2684 Θεῷ
1376 2614 1467 2667 τὸν
1513 2613 1840 2684 σωματικῶς
1889 2615 1951 2667 ού

377 2705 643 2776 παρόντα,
683 2706 776 2758 καὶ
807 2705 1204 2777 ἀποκληρώσας
1232 2703 1382 2775 αὐτῷ
1406 2704 1504 2776 τὴν
1532 2705 1687 2758 πόλιν
1715 2705 1952 2774 ἐκείνην,
1996 2703 2007 2713 ’

378 2796 446 2867 ἣν
497 2795 699 2867 συνέϐη
757 2795 918 2867 μέχρι
950 2795 1058 2850 τῶν
1094 2797 1214 2849 τότε
1258 2796 1464 2866 χρόνων
1493 2795 1634 2849 οῦτω
1668 2797 1735 2867 τῇ
1775 2795 1954 2868 πλάνῃ

369 2885 488 2941 ’τῶν
516 2887 748 2942 εἰδώλων
767 2887 1100 2958 κατέχεσθαι
1127 2927 1143 2952 ,
1177 2887 1316 2940 ὥστε
1363 2887 1605 2958 ἀπείρων
1641 2888 1808 2941 ὄντων
1843 2887 1955 2942 τῶν

372 2977 671 3034 ὀἰκούντων
696 2980 866 3050 αὐτήν
892 2997 949 3034 τε
974 2978 1071 3050 τὴν
1091 2979 1267 3044 πόλιν,
1299 2979 1394 3033 καὶ
1421 2977 1518 3050 τὴν
1546 2978 1844 3050 περίοικον,
1877 2976 1954 3049 μὴ

381 3071 598 3135 πλείους
649 3071 938 3142 εὑρεθῆναι
975 3070 1082 3124 τῶν
1127 3069 1494 3124 ἑπτακαίδεκα.
1535 3071 1663 3134 τοὺς
1717 3069 1953 3141 παραδε-

367 3161 675 3233 τδεγμένους
693 3163 786 3217 τὸν
819 3163 976 3232 λόγον
1002 3163 1100 3234 τῆς
1130 3161 1386 3226 πίστεως.

2051 1893 2346 1947 transiens.
2387 1891 2492 1946 Sed
2551 1900 2902 1962 posteaquam
2957 1893 3091 1946 nihil
3133 1907 3242 1945 non
3297 1893 3621 1947 intentatum

2050 1983 2391 2052 relinquens,
2455 1984 2546 2038 ille
2591 1985 2675 2036 vir
2722 1999 2952 2052 magnus
3000 1981 3331 2049 Phaedimus,
3385 1993 3436 2036 et
3475 1983 3623 2036 omni

2053 2076 2460 2130 machinatione
2488 2084 2651 2144 atque
2693 2077 2914 2129 solertia
2958 2082 3116 2130 utens
3156 2091 3262 2129 non
3302 2085 3514 2143 poterat
3544 2077 3626 2130 vi-

2052 2180 2172 2218 rum
2223 2165 2287 2218 ad
2339 2165 2708 2219 sacerdotium
2766 2163 3035 2219 adducere
3093 2165 3396 2219 innumeris
3451 2167 3625 2220 oculis

2053 2260 2470 2322 praecaventcm,
2509 2268 2578 2306 ne
2616 2253 2836 2322 quando
2863 2268 3024 2306 manu
3072 2254 3373 2310 sacerdotis
3400 2270 3626 2325 capere-

2053 2353 2159 2406 tur,
2178 2351 2233 2397 et
2260 2358 2385 2396 cum
2419 2351 2646 2413 uterque
2679 2343 2819 2398 inter
2841 2358 2963 2398 sese
2994 2344 3176 2398 studio
3206 2353 3500 2409 certarent,
3533 2346 3624 2399 illo

2052 2434 2272 2506 quidem
2307 2449 2527 2504 capere,
2574 2435 2678 2491 hoc
2706 2450 2836 2490 vero
2863 2436 3243 2505 persequentis
3269 2450 3462 2489 manus
3493 2435 3626 2492 cliu-

2051 2541 2180 2596 gere
2217 2526 2468 2594 cupiente
2501 2524 2518 2584 t
2534 2538 2657 2578 nam
2690 2525 2780 2579 ille
2806 2524 3009 2580 sciebat
3042 2540 3100 2580 se
3137 2540 3354 2580 sacrum
3389 2524 3496 2579 Deo
3525 2525 3626 2579 do-

2053 2615 2268 2670 narium
2301 2614 2612 2668 oblaturum
2646 2630 2803 2675 esse,
2848 2614 2939 2670 hic
2980 2624 3158 2669 autem
3201 2615 3511 2681 verebatur,
3557 2631 3627 2670 ne

2053 2719 2164 2776 quo
2188 2705 2348 2759 modo
2381 2705 2484 2760 sibi
2511 2705 2810 2760 sacerdotii
2837 2720 2970 2760 cura
2998 2713 3256 2776 tanquam
3285 2722 3424 2762 onus
3453 2707 3628 2776 quod-

2054 2795 2178 2850 dam
2212 2797 2336 2852 vita:
2365 2797 2643 2866 imposita,
2688 2797 2754 2852 ad
2791 2797 3192 2868 philosophiam
3240 2797 3627 2868 impedimento

2054 2891 2256 2958 esset),
2290 2889 2498 2944 idcirco
2523 2890 2723 2959 impetu
2748 2889 2983 2960 quodam
3015 2891 3198 2944 divino
3228 2889 3536 2946 Phaedimus
3560 2893 3626 2946 ad

2053 2980 2393 3051 propositum
2421 2981 2661 3037 studium
2693 2989 3007 3050 provectus,
3059 2981 3195 3036 nihil
3229 2996 3430 3037 curans
3461 2983 3630 3038 inter-

2052 3074 2260 3142 jectum
2318 3074 2590 3143 spatium,
2653 3088 2765 3144 quo
2821 3073 2892 3129 ab
2947 3073 3213 3145 Gregorio
3269 3075 3631 3131 dirimebatur

1978 3148 2022 3206 C
2054 3163 2290 3233 (quippe
2341 3163 2434 3218 ille
2482 3163 2672 3219 aberat
2723 3163 2919 3219 itinere
2961 3163 3184 3234 tridui),
3225 3162 3320 3219 sed
3359 3165 3426 3220 ad
3460 3163 3628 3220 Deum

382 3254 710 3324 suspiciens,
745 3261 1108 3324 precatusque
1136 3260 1194 3307 ut
1219 3260 1274 3308 et
1309 3254 1427 3322 ipse
1455 3259 1510 3307 et
1538 3251 1629 3307 ille
1653 3251 1858 3322 pariter
1889 3252 1948 3307 in
1987 3252 2079 3306 illa
2108 3252 2243 3308 hora
2301 3253 2372 3308 ab
2436 3253 2549 3309 Deo
2575 3255 2998 3324 respicerentur,
3031 3255 3154 3309 loco
3177 3269 3372 3311 manus
3407 3255 3633 3326 imposi-

369 3345 552 3401 ;tionis
573 3343 838 3414 Gregorio
869 3345 1093 3400 adhibet
1123 3359 1453 3410 sermonem,
1489 3341 1602 3399 Deo
1626 3357 1958 3400 consecrans
1993 3358 2141 3411 eum,
2184 3345 2278 3416 qui
2309 3360 2540 3417 corpore
2565 3359 2754 3401 coram
2793 3361 2905 3402 non
2941 3345 3202 3414 adesset,
3244 3353 3300 3401 et
3365 3346 3512 3402 illam
3579 3348 3631 3403 ei

380 3438 661 3492 civitatem
691 3436 976 3493 destinans
1004 3449 1168 3508 atque
1196 3437 1522 3500 attribuens,
1575 3450 1739 3507 quam
1757 3436 2069 3507 contigerat
2099 3436 2166 3490 ad
2192 3437 2284 3491 illa
2340 3437 2461 3508 ipsa
2521 3452 2695 3507 usque
2740 3445 2989 3502 tempora
3054 3437 3189 3490 adeo
3211 3436 3630 3492 simulacrorum

381 3531 562 3587 errori
613 3531 850 3587 deditam
901 3546 1046 3598 esse,
1108 3539 1169 3587 ut
1196 3547 1320 3589 cum
1359 3532 1557 3588 inﬁniti
1605 3539 1811 3596 essent,
1867 3533 1961 3603 qui
1995 3532 2170 3602 ipsam
2240 3533 2431 3587 urbem
2498 3539 2552 3585 et
2599 3531 2875 3601 regionem
2914 3529 3395 3600 circumjacentem
3426 3531 3630 3586 incole-

375 3632 526 3694 rent,
556 3639 666 3680 non
690 3625 882 3697 plures
911 3641 1076 3698 quam
1127 3626 1514 3698 septemdecim
1551 3626 1950 3689 invenirentur,
1988 3626 2414 3696 quisermonem
2448 3621 2572 3677 ﬁdei
2603 3623 2958 3680 recenisscnt.

457 3806 615 3861 υῦτω
664 3808 838 3864 τοίνυν
884 3810 1128 3865 ὑπελθὼν
1174 3811 1266 3864 τὸν
1311 3809 1473 3878 ζυγὸν
1517 3810 1636 3864 κατ’
1688 3809 1953 3878 ἀνάγκην,

384 3899 606 3952 πάντων
636 3900 774 3970 μετὰ
799 3901 970 3956 ταῦτα
989 3902 1098 3956 τῶν
1117 3902 1362 3972 νομίμων
1390 3901 1476 3954 ἐπ’
1505 3900 1654 3972 αὐτῷ
1675 3900 1954 3954 τελεσθέν-

383 4007 512 4054 των,
547 3992 640 4045 καὶ
673 3991 876 4064 βραχὺν
905 3993 1096 4066 χρόνον
1128 3994 1491 4064 αἰτησάμενος
1519 3979 1672 4064 παρὰ
1715 3992 1810 4046 τοῦ
1856 3992 1955 4060 τὴν

387 4081 686 4154 ἱερωσύνην
713 4084 1160 4156 ἐπικηρύξαντος,
1183 4085 1318 4156 πρὸς
1346 4085 1673 4154 κατανόησιν
1695 4083 1794 4153 τῆς
1816 4080 1957 4136 κατά

383 4171 447 4226 τὸ
509 4177 804 4247 μυστήριον
856 4175 1161 4248 ἀκριϐείας,
1215 4176 1418 4240 οὐκέτι,
1475 4174 1659 4238 καθώς
1713 4191 1876 4244 φησιν
1927 4175 1956 4227 ὁ

399 4264 737 4333 Ἀπόστολος,
769 4269 931 4338 σαρκὶ
953 4267 1046 4320 καὶ
1069 4267 1262 4336 αἵματι
1290 4266 1646 4338 προσανέχειν
1666 4265 1800 4337 ᾤετο
1826 4265 1957 4328 δεῖν,

388 4354 527 4407 ἀλλά
570 4355 750 4410 θεόθεν
783 4358 902 4429 ᾔτει
949 4359 1200 4427 γενέσθαι
1248 4357 1395 4428 αὐτῷ
1433 4357 1532 4428 τὴν
1563 4356 1672 4410 τῶν
1715 4356 1960 4428 κρυφίων

389 4445 696 4516 φανέρωσιν
716 4467 729 4480 ·
768 4449 862 4503 καὶ
891 4451 951 4504 ού
984 4451 1246 4522 πρότερον
1273 4449 1615 4521 ἐπεθάρσησε
1645 4447 1720 4519 τῷ
1751 4446 1846 4500 τοῦ
1871 4446 1962 4499 λό-

388 4554 486 4605 γου
532 4538 863 4609 κηρύγματι,
909 4542 1036 4612 πρὶν
1075 4541 1164 4596 διά
1209 4558 1353 4604 τινος
1394 4540 1693 4611 ἐμφανείας
1731 4537 1962 4591 ἐκκαλυ-

2132 3806 2224 3862 Sic
2247 3806 2414 3875 igitur
2440 3805 2630 3875 jugum
2683 3805 2868 3860 subire
2899 3811 3146 3871 coactus,
3188 3805 3445 3861 omnibus
3473 3817 3628 3876 post-

2062 3901 2198 3962 haec,
2239 3913 2359 3968 qua:
2392 3897 2508 3952 ﬁeri
2559 3897 2756 3959 solent,
2795 3895 3134 3951 solemnibus
3185 3897 3240 3950 in
3269 3911 3334 3950 eo
3368 3897 3629 3966 peractis,

2061 4005 2185 4045 cum
2236 3989 2493 4059 exiguum
2529 3994 2746 4056 tempus
2797 3985 2864 4040 ad
2902 3986 3222 4057 mysterium
3257 3987 3505 4043 exactius
3538 4002 3632 4043 co-

2059 4081 2435 4152 gnoscendum
2471 4078 2541 4133 ab
2586 4092 2672 4142 eo,
2726 4077 2818 4146 qui
2851 4077 3219 4132 sacerdotium
3250 4079 3354 4149 ipsi
3385 4078 3634 4149 assigna-

2061 4178 2231 4231 verat.
2257 4168 2526 4238 petiisset,
2574 4181 2683 4220 non
2708 4166 2962 4235 amplius,
2990 4175 3051 4220 ut
3071 4167 3249 4236 inquit
3271 4169 3565 4237 Apostolus
3590 4170 3631 4234 “,

2059 4261 2214 4316 carni
2244 4266 2299 4315 et
2331 4257 2584 4329 sanguini
2612 4256 2998 4311 adhaerendum
3039 4272 3159 4312 esse
3190 4267 3244 4312 et
3275 4259 3634 4328 acquiescen-

2060 4352 2190 4406 dum
2244 4350 2492 4421 putabat,
2541 4348 2634 4402 sed
2679 4363 2708 4402 a
2741 4346 2852 4403 Deo
2897 4348 2999 4403 sibi
3033 4349 3248 4403 occulta
3294 4349 3635 4403 manifestari

2063 4445 2315 4514 petebat;
2349 4458 2412 4497 ac
2441 4457 2551 4496 non
2586 4441 2740 4512 prius
2770 4438 3216 4510 prtedicationem
3244 4439 3513 4492 sermonis
3542 4453 3637 4507 ag-

2063 4534 2215 4605 gredi
2250 4532 2531 4596 sustinuit,
2570 4545 2732 4600 quam
2770 4544 2864 4598 per
2907 4527 3200 4598 quamdam
3233 4527 3633 4596 apparitionem

392 4627 593 4698 φθῆναι
638 4631 786 4700 αύτῷ
819 4632 912 4702 τὴν
955 4633 1228 4703 ἀλήθειαν.
1279 4631 1642 4702 Σκοπουμένῳ
1674 4630 1782 4701 γὰρ
1816 4627 1955 4698 αὑτῷ

2065 4627 2115 4680 ei
2146 4625 2349 4680 veritas
2379 4623 2737 4678 revelaretur.
2763 4619 2900 4675 Cum
2929 4619 3074 4672 enim
3097 4632 3193 4686 per
3222 4624 3390 4670 totam
3417 4625 3631 4671 noctem

393 4733 524 4771 ποτε
549 4720 790 4790 ἐννύχιον
826 4723 953 4792 περὶ⁵
976 4722 1068 4776 τοῦ
1100 4722 1257 4793 λόγου
1284 4725 1382 4794 τῆς
1411 4724 1664 4785 πίστεως,
1709 4721 1802 4774 καὶ
1830 4736 1966 4773 παν-

391 4810 568 4875 τοίους
594 4811 933 4866 ἀνακινοῦντι
958 4813 1278 4884 λογισμούςο
1319 4811 1458 4885 ἦσαν
1481 4815 1589 4885 γὰρ
1628 4813 1692 4884 δὴ
1725 4812 1816 4864 καὶ
1844 4811 1964 4864 τότε

393 4902 569 4969 τινὲς,
605 4905 653 4956 οἱ
691 4903 790 4973 τὴν
833 4904 1027 4975 εὐσεϐῆ
1061 4905 1403 4959 διδασκαλίαν
1433 4903 1963 4976 παραχαράττοντες,

394 4994 484 5048 διὰ
512 4996 611 5067 τῆς
643 4994 997 5064 πιθανότητος
1027 4995 1135 5049 τῶν
1167 4997 1604 5066 ἐπιχειρημάτων
1624 5037 1638 5060 ,
1670 4993 1968 5064 ἀμφίϐολον

399 5083 679 5148 ποιοῦντες
721 5083 980 5147 πολλάκις
1019 5084 1110 5136 καὶ
1137 5087 1248 5147 τοῖς
1279 5088 1514 5148 συνετοῖς
1547 5084 1644 5155 τὴν
1675 5081 1960 5153 ἀλήθειαν

399 5175 540 5245 ὑπὲρ
585 5169 650 5246 ἦς
679 5175 800 5230 τότε
838 5173 1252 5245 διαγρυπνοῦντι
1299 5174 1445 5244 αὐτῷ
1491 5177 1586 5228 καὶ
1632 5175 1967 5246 φροντίζοντι

398 5267 648 5334 φαίνεταί
684 5285 767 5331 τις
794 5267 914 5321 καθ’
950 5266 1098 5337 ὕπαρ
1124 5267 1181 5318 ἐν
1224 5266 1546 5337 ἀνθρωπίνῳ
1586 5267 1664 5336 τῷ
1707 5269 1965 5337 σχήματι,

397 5357 666 5429 γηραλέος
695 5361 751 5412 τὸ
781 5357 917 5424 εἶδος
939 5400 954 5422 ,
989 5357 1315 5430 ἱεροπρεπὴς
1338 5360 1402 5429 τῇ
1434 5358 1737 5430 καταστολῇ
1764 5357 1857 5411 τοῦ
1888 5361 1969 5411 ἐνσ

395 5448 654 5520 δύματος,
685 5450 881 5523 πολλὴν
908 5450 1278 5522 ἐπισημαίνων
1305 5449 1402 5521 τὴν
1430 5449 1629 5520 ἀρετὴν
1659 5453 1723 5521 τῇ
1759 5449 1886 5520 περὶ
1910 5449 1970 5503 τὸ

515 5692 536 5724 ⁶
575 5692 754 5745 Galat.
795 5710 848 5750 ι.
886 5693 971 5748 16.

2063 4713 2360 4784 aliquando
2389 4713 2460 4768 de
2479 4711 2692 4764 ratione
2725 4715 2890 4777 atque
2918 4720 3173 4761 sermone
3199 4705 3320 4759 ﬁdei
3345 4705 3637 4774 dispiceret

2063 4815 2119 4861 et
2155 4803 2558 4874 specularetur,
2596 4806 2651 4853 et
2684 4797 2866 4852 varias
2913 4797 3099 4850 animo
3128 4795 3490 4864 cogitationes
3523 4796 3636 4864 agi-

2065 4905 2207 4952 taret
2233 4916 2246 4952 :
2270 4901 2429 4951 erant
2448 4892 2591 4947 enim
2614 4888 2872 4944 nimirum
2896 4888 3059 4942 etiam
3088 4894 3218 4941 tunc
3241 4887 3511 4952 nonnulli,
3539 4888 3632 4956 qui

2067 4991 2210 5060 piam
2230 4997 2284 5043 et
2312 4987 2581 5041 sinceram
2605 4980 2886 5052 religionis
2908 4979 3212 5035 doctrinam
3240 4979 3633 5039 adulterarent,

2067 5096 2133 5135 ac
2198 5094 2296 5149 per
2345 5075 2657 5147 probabiles
2703 5071 3203 5144 argumentationes
3264 5084 3638 5141 smpenumero

2062 5173 2233 5228 etiam
2263 5168 2441 5223 doctis
2465 5174 2517 5221 et
2550 5165 2912 5236 prudentibus
2946 5162 3227 5217 veritatem
3261 5161 3501 5216 facerent
3529 5175 3637 5213 am-

2071 5263 2287 5334 biguam
2335 5275 2349 5311 :
2393 5275 2491 5329 pro
2522 5275 2628 5329 qua
2676 5266 2808 5313 tunc
2844 5258 2893 5312 ei
2935 5254 3246 5326 pervigilem
3294 5254 3442 5309 curis
3473 5259 3638 5321 atque

2072 5351 2438 5410 sollicitudine
2483 5360 2695 5406 noctem
2729 5348 2929 5420 agenti,
2979 5345 3199 5416 quidam
3243 5347 3294 5400 in
3333 5345 3500 5415 ﬁgura
3532 5343 3637 5398 hu-

2074 5459 2255 5514 mana,
2282 5443 2420 5501 facie
2451 5458 2515 5499 ac
2563 5443 2738 5498 forma
2771 5439 2928 5497 senili
2961 5438 3241 5495 evidenter
3282 5443 3525 5504 sonaret,
3551 5449 3640 5490 or-
