4050 6164
476 271 572 328 9η

1677 268 1733 323 S.
1766 263 2094 324 GREGORII
2134 263 2442 322 NYSSENI‘

3580 254 3731 322 ’912

476 393 607 440 natu
680 394 841 454 atque
915 383 1312 453 compositione
1378 383 1680 438 indumenti
1753 393 2043 456 augustum

2150 387 2439 456 πρόσωπον
2471 383 2675 455 χάριτι,
2707 385 2801 437 καὶ
2830 385 2895 454 τῇ
2933 381 3263 436 καταστάσει
3293 379 3385 435 τοῦ
3420 381 3727 452 σχήματος.

476 474 787 544 quemdam,
838 489 1054 528 sacrum
1105 489 1167 526 ac
1197 472 1440 528 divinum
1471 473 1716 531 referens
1765 477 2040 545 decorem,

403 565 412 573 ⁸
474 579 726 635 magnam
779 565 952 634 gratia
1007 565 1185 622 vultus
1235 574 1401 636 atque
1447 567 1810 637 dispositione
1853 567 2042 638 ﬁgura:

473 671 587 725 pra:
616 671 674 710 se
703 653 886 710 ferens
916 655 1193 710 virtutem.
1239 655 1338 711 Hic
1383 672 1512 711 vero
1545 659 1665 712 visu
1699 659 2040 727 perterritus,

471 754 524 799 et
554 758 778 814 surgere
812 759 840 798 e
877 745 1036 807 lecto,
1069 751 1124 798 et
1158 745 1281 814 quis
1303 754 1470 810 esset,
1503 745 1730 816 cujusve
1759 748 1836 801 rei
1870 748 2043 818 gratia

467 835 730 899 venisset,
751 835 1045 890 sciscitari.
1076 835 1212 890 Cum
1243 844 1423 892 autem
1459 838 1549 892 ille
1577 839 2043 908 perturbationem

468 927 667 982 mentis
692 927 812 996 ejus
856 926 1129 983 submissa
1161 943 1294 984 voce
1323 929 1570 985 sedasset
1606 944 1669 984 ac
1695 930 1947 995 dixisset,
1985 944 2044 985 se

464 1019 624 1088 jussu
685 1019 871 1076 divino
919 1020 1241 1092 apparuisse
1292 1021 1341 1075 ei
1392 1029 1611 1090 propter
1640 1037 1733 1076 eas
1777 1023 2040 1084 rationes,

469 1127 590 1182 qua)
611 1113 751 1183 apud
785 1114 961 1183 ipsum
986 1123 1354 1167 controversae
1375 1119 1427 1166 et
1458 1113 1722 1184 ambiguae
1749 1122 1952 1177 essent,
1987 1117 2045 1166 ut

464 1207 568 1277 piae
615 1206 738 1262 ﬁdei
773 1207 975 1262 veritas
1025 1207 1403 1262 revelaretur:
1440 1215 1494 1261 et
1527 1207 1671 1261 bono
1701 1207 1885 1260 animo
1924 1221 2046 1261 esse

466 1297 658 1353 audito
687 1313 961 1363 sermone,
998 1305 1050 1352 et
1077 1313 1199 1352 cum
1232 1298 1469 1368 quodam
1503 1298 1702 1368 gaudio
1733 1307 1896 1368 atque
1922 1313 2047 1353 con-

466 1390 808 1444 sternatione
842 1389 993 1441 illum
1026 1390 1272 1442 contueri
1305 1405 1319 1454 ;
1349 1389 1543 1443 deinde
1573 1403 1693 1442 cum
1727 1389 1815 1443 ille
1840 1388 2046 1444 directo

467 1495 692 1534 manum
719 1479 1106 1548 protendisset,
1135 1486 1190 1533 et
1219 1480 1377 1548 quasi
1407 1478 1721 1534 ostenderet
1753 1479 1801 1534 ei
1835 1494 1930 1548 per
1959 1477 2046 1532 di-

464 1573 700 1642 gitorum
729 1571 994 1626 directam
1029 1572 1435 1640 protensionem
1481 1570 1538 1624 id
1575 1570 1722 1641 quod
1753 1587 1817 1625 ex
1865 1578 2047 1624 trans-

469 1680 627 1720 verso
675 1664 1004 1734 apparebat:
1055 1663 1142 1717 hic
1187 1671 1240 1718 et
1283 1680 1388 1718 una
1437 1679 1562 1718 cum
1613 1664 1820 1718 directa
1852 1678 2046 1718 manus

2145 478 2247 530 Τὸν
2274 479 2330 531 δὲ
2366 475 2781 544 καταπλαγέντα
2809 478 2875 546 τῇ
2916 475 3060 544 ὕψει,
3093 474 3444 545 διαναστῆναι
3487 474 3585 542 μὲν
3624 475 3727 544 τῆς

2144 568 2307 638 εὐνῆς
2340 567 2436 620 καὶ
2464 568 2610 630 ὅστις
2651 565 2735 636 εἴη
2785 566 2974 636 μαθεῖν
3019 565 3209 630 ἐδεῖτο,
3260 565 3353 616 καὶ
3401 564 3543 634 ὑπὲρ
3577 564 3731 629 τίνος

2142 657 2287 728 ἥκοι.
2343 657 2581 710 Ἐκείνου
2620 656 2677 709 δὲ
2725 655 3175 718 καταστείλαντος
3218 652 3384 707 αὐτοῦ
3417 653 3514 724 τὴν
3555 673 3731 727 ταρα-

2145 748 2243 819 χὴν
2292 749 2390 819 τῆς
2446 747 2682 810 διανοίας
2733 749 2792 800 ἐν
2829 747 3072 818 ἠρεμαίᾳ
3124 748 3296 816 φωνῇ,
3345 745 3438 798 καὶ
3476 747 3731 810 εἰπόντος

2146 839 2274 909 θείῳ
2301 839 2678 909 προστάγματι
2704 838 3006 907 πεφηνέναι
3039 837 3185 907 αὐτῷ
3216 837 3322 888 τῶν
3351 835 3730 906 ἀμφισϐητου-

2149 929 2324 1000 μένων
2355 929 2482 1000 παρ’
2515 929 2679 983 αὐτοῦ
2711 930 2891 1000 χάριν,
2923 930 2996 992 ὡς
3030 929 3096 982 ἂν
3123 926 3488 996 ὲκκαλυφθείη
3516 927 3614 997 τῆς
3642 928 3726 980 εὗ-

2149 1017 2339 1082 σεὸοὖς
2369 1019 2601 1081 πίστεως
2626 1021 2658 1089 ἡ
2687 1019 2914 1088 ἀλήθεια
2933 1034 2947 1045 ·
2976 1016 3245 1088 θαρσῆσαί
3267 1033 3326 1069 τε
3354 1016 3489 1087 πρὸς
3518 1016 3607 1068 τὸν
3632 1016 3724 1068 λό-

2146 1126 2262 1178 γον,
2295 1109 2388 1163 καὶ
2429 1109 2618 1180 βλέψαι
2656 1110 2789 1180 πρὸς
2841 1110 3003 1162 αὐτὸν
3041 1110 3178 1180 μετά
3226 1125 3368 1170 τινος
3415 1108 3589 1176 χαρᾶς
3629 1107 3726 1158 καὶ

2146 1201 2480 1272 ἐκπλήξεως.
2537 1197 2670 1255 Εἶτα
2705 1201 2914 1254 ἐκείνου
2949 1201 3068 1254 κατ’
3108 1199 3235 1252 εὐθὺ
3269 1199 3367 1269 τὴν
3398 1200 3554 1268 χεῖρα
3584 1211 3723 1266 προσ-

2146 1294 2438 1358 τείναντος,
2471 1293 2565 1347 καὶ
2599 1287 2710 1346 οἷον
2741 1291 3149 1354 ὑποδεικνύντος
3176 1289 3324 1360 αὐτῷ
3363 1289 3449 1342 διὰ
3485 1289 3584 1357 τῆς
3611 1285 3724 1338 τῶν

2147 1383 2425 1438 δακτύλων
2469 1383 2685 1446 εὐθείας
2723 1381 2784 1435 τὸ
2828 1382 2895 1436 ἐκ
2932 1381 3161 1448 πλαγίου
3210 1380 3550 1450 φαινόμενον,
3587 1395 3727 1448 συμο

2150 1475 2508 1544 περιαγαγεῖν
2555 1471 2743 1526 τοῦτον
2781 1473 2847 1542 τῇ
2891 1471 3077 1541 εὐθείᾳ
3118 1473 3217 1540 τῆς
3252 1467 3432 1539 χειρὸς
3485 1467 3547 1519 τὸ
3592 1465 3726 1518 ἴδιον

2148 1564 2402 1636 βλέμμα,
2435 1564 2530 1618 καὶ
2566 1564 2691 1618 ίδεῖν
2738 1563 3150 1634 ἀντιπρόσωπον
3192 1563 3380 1632 ἕτερον
3424 1557 3599 1627 θάμα
3645 1556 3727 1627 τῷ

2149 1658 2384 1726 ὀφθέντι,
2414 1659 2472 1710 ἐν
2500 1658 2794 1728 γυναικείῳ
2830 1657 2907 1727 τῷ
2935 1657 3190 1726 σχήματι,
3233 1654 3480 1724 κρεῖττον
3513 1652 3545 1722 ἦ
3583 1648 3726 1703 κατά

467 1753 816 1823 protensione
845 1752 1219 1822 circumagere
1251 1767 1412 1807 suum
1459 1751 1732 1816 obtutum,
1770 1759 1824 1806 et
1857 1751 2044 1807 videre

2148 1721 2460 1820 ἄνθρωπον
2503 1721 2664 1801 πάλιν
2711 1721 3234 1814 δὲ’κατατέλαγὲντα,
3272 1721 3623 1812 ὼγκλιθῆναί
3663 1755 3726 1792 τε

468 1845 614 1899 aliud
647 1853 922 1916 spectrum
968 1843 1261 1899 adversum
1295 1844 1368 1909 ei,
1397 1844 1544 1914 quod
1580 1845 1736 1914 prius
1766 1860 2042 1916 apparue-

464 1945 570 2001 rat,
605 1937 660 1990 in
689 1937 861 2007 ﬁgura
893 1937 1144 1991 muliebri
1175 1936 1534 1992 excellentius
1567 1937 1826 2008 quiddam
1854 1946 1909 1994 ct
1944 1953 2040 1992 au-

466 2027 700 2098 gustius,
753 2042 915 2096 quam
978 2041 1079 2096 pro
1136 2026 1376 2081 humana
1435 2028 1789 2084 conditione:
1849 2043 2042 2083 rursus

466 2129 645 2174 autem
675 2119 995 2189 perterritus
1024 2129 1076 2172 et
1107 2117 1246 2174 facie
1269 2135 1464 2175 aversa
1493 2121 1704 2175 vultum
1731 2121 2039 2186 demittere,

467 2223 531 2262 ac
560 2209 851 2279 perplexus
900 2215 956 2262 et
981 2207 1393 2266 dubitabundus
1433 2209 1685 2265 haesitare
1723 2210 1789 2265 de
1830 2219 2042 2281 specta-

465 2301 611 2366 culo,
662 2317 784 2355 cum
831 2302 1006 2356 oculis
1044 2303 1440 2372 apparitionem
1485 2301 1630 2358 terre
1686 2316 1797 2356 non
1856 2310 2044 2372 posset

465 2393 703 2463 (ctenim
729 2393 1054 2448 miraculum
1081 2393 1311 2449 visionis
1351 2392 1608 2448 nimirum
1647 2391 1700 2446 in
1736 2393 1841 2446 hoc
1867 2393 2042 2462 potis-

465 2486 660 2540 simum
689 2494 822 2548 erat,
859 2484 1004 2555 quod
1045 2501 1170 2539 cum
1213 2499 1322 2538 nox
1354 2493 1500 2540 esset
1549 2485 1806 2550 obscura,
1860 2485 2041 2540 lumen

464 2591 571 2631 una
601 2591 725 2631 cum
759 2577 848 2640 iis,
889 2579 980 2647 qui
1015 2585 1404 2647 apparuerant,
1447 2578 1498 2633 ei
1549 2577 1852 2642 aﬁluxerat,
1881 2577 2041 2648 quasi

466 2669 646 2738 aliqua
702 2667 883 2722 lucida
941 2669 1076 2723 treda
1133 2671 1431 2740 accensa);
1487 2684 1609 2726 cum
1657 2669 1823 2740 igitur
1866 2670 2043 2724 oculis

467 2757 609 2810 ferre
659 2757 1054 2826 apparitionem
1107 2774 1215 2813 non
1271 2768 1474 2828 posset,
1525 2773 1736 2826 eorum,
1791 2761 1884 2829 qui
1936 2759 2042 2812 sibi

467 2854 858 2914 apparuerant,
896 2847 1038 2902 inter
1073 2863 1194 2903 sese
1235 2851 1498 2904 rationem
1531 2849 1652 2919 ejus
1691 2851 1791 2915 rei,
1841 2849 1907 2903 de
1935 2865 2042 2919 qua

465 2936 865 3006 antbigebatur,
914 2940 1303 3007 exponentium
1336 2941 1848 2995 sermocinationem
1887 2941 2045 2994 audi-

2149 1843 2287 1912 πρὸς
2322 1841 2512 1895 ἐαυτὸν
2552 1839 2629 1910 τῷ
2661 1838 2968 1911 προσώπῳ,
3010 1837 3104 1890 καὶ
3138 1837 3438 1907 ἀμηχανεῖν
3479 1832 3556 1904 τῷ
3598 1831 3729 1886 θεάο

2149 1951 2315 2006 ματι,
2369 1933 2445 2004 μὴ
2505 1933 2738 2002 φέροντα
2782 1934 2896 1994 τοῖς
2943 1929 3241 2000 ὀφθαλμοῖς
3287 1927 3387 1999 τὴν
3425 1927 3727 1997 ἐμφάνειαν

2145 2028 2162 2097 (
2184 2027 2279 2080 καὶ
2321 2026 2432 2096 γὰρ
2475 2026 2539 2098 δὴ
2578 2025 2639 2078 τὸ
2675 2023 2975 2094 παράδοξον
3016 2024 3114 2093 τῆς
3152 2020 3417 2082 ὀπτασίας
3455 2021 3510 2070 ἐν
3549 2017 3727 2088 τούτῳ

2147 2117 2382 2188 μάλιστα
2430 2109 2519 2189 ἦν.
2573 2117 2655 2170 ὃτι
2705 2115 2897 2178 νυκτὸς
2947 2112 3113 2184 οὐσης
3156 2111 3395 2184 βαθείας,
3450 2110 3563 2180 φῶς
3613 2110 3726 2172 τοῖς

2141 2209 2384 2278 ὀφθεῖσιν
2413 2207 2560 2279 αὐτῷ
2595 2205 2994 2277 συνεξέλαμψεν
3018 2246 3031 2269 ,
3065 2204 3254 2274 ὥσπερ
3288 2201 3432 2265 τινὸς
3463 2201 3729 2272 λαμπρᾶς

2143 2301 2517 2372 ἐξαπτομένης
2561 2298 2905 2370 λαμπάδος).
2953 2296 3106 2350 Ἐπεὶ
3138 2290 3229 2348 οὖν
3263 2294 3362 2365 οὐχ
3398 2287 3509 2355 οἶός
3548 2308 3606 2344 τε
3655 2285 3727 2361 ἦν

2145 2393 2334 2464 φέρειν
2376 2395 2490 2455 τοῖς
2533 2389 2830 2461 ὀφθαλμοῖς
2873 2387 2970 2460 τὴν
3015 2387 3350 2458 ἐμφάνειαν,
3403 2385 3602 2456 ἢκουσε
3638 2382 3729 2435 διὰ

2143 2486 2302 2554 λόγου
2334 2484 2478 2548 τινὸς
2501 2483 2609 2538 τῶν
2639 2483 2912 2552 ὀφθέντων
2956 2479 3127 2550 αὐτῷ,
3161 2479 3296 2550 πρὸς
3333 2475 3598 2546 ἀλλήλους
3635 2472 3728 2527 τὸν

2145 2579 2273 2649 περὶ
2301 2576 2397 2630 τοῦ
2430 2576 2762 2647 ζητουμένου
2791 2573 2949 2643 λόγον
2977 2573 3280 2639 διεξιόντων
3299 2588 3312 2602 ·
3343 2569 3408 2622 δι’
3431 2563 3506 2624 ὧν
3534 2569 3596 2622 οὐ
3633 2567 3730 2638 μό-

2143 2686 2233 2723 νον
2262 2667 2556 2738 ἐπαιδεύθη
2590 2667 2688 2738 τὴν
2723 2665 2898 2735 ἀληθῆ
2926 2663 3128 2733 γνῶσιν
3166 2663 3265 2732 τῆς
3294 2661 3551 2725 πίστεως,
3589 2658 3730 2712 ἀλλά

2143 2759 2238 2813 καὶ
2265 2759 2351 2812 διὰ
2378 2759 2487 2812 τῶν
2522 2758 2799 2828 ὀνομάτων
2827 2757 2954 2818 τοὺς
2989 2754 3356 2822 ἐπιφανέντας
3403 2752 3727 2824 ἐγνώρισεν,

2143 2851 2406 2922 ἐκατέρου
2445 2849 2622 2902 αὐτῶν
2648 2848 2735 2902 διὰ
2759 2848 2860 2917 τῆς
2892 2847 3097 2910 οἰκείας
3126 2845 3498 2917 προσηγορίας
3523 2845 3731 2896 ἀνακα-

2144 2943 2362 3006 λοῦντος
2389 2941 2480 2995 τὸν
2508 2941 2716 3012 ἕτερον.
2763 2938 3021 2993 Ἀκοῦσαι
3054 2939 3162 3009 γὰρ
3200 2937 3414 3005 λέγεται
3451 2935 3601 3006 παρά
3627 2935 3732 3004 τῆς

466 3027 562 3091 vit,
599 3041 696 3096 per
735 3041 896 3097 quam
945 3043 1053 3081 non
1098 3030 1272 3083 solum
1306 3032 1514 3098 accepit
1545 3047 1727 3085 veram
1776 3033 2041 3102 cognitio-

2148 3038 2204 3089 ἐν
2230 3033 2522 3103 γυναικείῳ
2553 3032 2810 3104 φανείσης
2834 3031 2910 3103 τῷ
2933 3032 3171 3102 σχήματι
3193 3028 3618 3100 παρακαλούσης
3640 3027 3732 3082 τὸν

467 3133 591 3172 nem
617 3117 762 3183 ﬁdei,
787 3133 971 3171 verum
995 3123 1158 3172 etiam
1182 3119 1500 3173 nominatim
1523 3135 1638 3186 eos,
1665 3122 1758 3191 qui
1781 3137 2044 3192 apparue-

466 3217 614 3274 rant,
645 3211 921 3280 cognovit,
956 3216 1187 3280 utroque
1207 3226 1394 3265 eorum
1427 3214 1646 3282 propria
1677 3216 2041 3284 appellatione

469 3299 700 3352 alterum
737 3298 1065 3368 alloquente.
1101 3299 1392 3355 Audivisse
1436 3301 1579 3355 enim
1617 3301 1820 3356 dicitur
1851 3319 1916 3358 ex
1953 3320 2041 3369 ea,

467 3405 590 3460 quae
621 3390 673 3443 in
709 3391 958 3445 muliebri
1007 3391 1194 3445 habitu
1230 3391 1344 3447 visa
1381 3403 1518 3457 erat,
1571 3409 1694 3446 cum
1731 3394 2046 3450 hortaretur

466 3482 856 3554 evangelistam
895 3480 1182 3549 Joannem,
1230 3491 1288 3537 ut
1340 3484 1671 3540 adolescenti
1721 3489 2042 3557 mysterium

467 3587 608 3628 vera:
643 3572 860 3642 pietatis
911 3574 1150 3643 aperiret
1197 3589 1262 3628 ac
1312 3573 1650 3642 declararet;
1685 3584 1850 3647 atque
1890 3578 2041 3632 illum

387 3673 395 3680 ‘
467 3665 693 3730 dixisse,
735 3681 795 3721 se
846 3664 1093 3735 paratum
1132 3681 1254 3720 esse
1292 3667 1454 3721 etiam
1506 3667 1561 3721 in
1594 3667 1697 3722 hoc
1729 3669 1888 3724 matri
1939 3669 2046 3724 Do-

469 3755 601 3810 mini
636 3755 949 3827 gratiﬁcari,
983 3757 1240 3826 quoniam
1271 3757 1373 3812 hoc
1401 3757 1450 3812 ei
1484 3758 1636 3812 cordi
1662 3767 1845 3815 esset:
1880 3768 2044 3831 atque

471 3849 565 3914 ita,
605 3849 849 3918 exposito
887 3861 1162 3909 sermone,
1220 3847 1314 3916 qui
1353 3854 1406 3900 et
1442 3848 1523 3901 rei
1559 3851 1798 3917 quaesitae
1845 3865 2046 3906 convc-

471 3941 632 4004 niret,
672 3947 725 3993 et
753 3939 1045 3993 admodum
1102 3939 1239 3992 bene
1290 3937 1549 3994 deﬁnitus
1589 3947 1642 3994 et
1693 3940 2043 3996 circumscri-

471 4039 598 4100 ptus
627 4038 792 4094 esset,
825 4044 1016 4084 rursus
1044 4046 1107 4085 ex
1133 4029 1306 4084 oculis
1335 4029 1678 4098 discessisse,
1701 4042 1864 4102 atque
1897 4033 2042 4088 hunc

472 4129 742 4200 extemplo
776 4129 1014 4184 divinam
1069 4131 1214 4185 illam
1261 4130 1659 4186 institutionem
1706 4148 1770 4187 ac
1799 4133 2047 4205 discipli-

472 4235 598 4276 nam
628 4219 824 4274 litteris
871 4219 1179 4285 mandasse,
1229 4228 1284 4275 et
1319 4219 1620 4275 secundum
1672 4221 1819 4275 illam
1855 4234 2042 4293 postea

2147 3125 2539 3196 εὐαγγελιστὴν
2600 3125 2873 3196 Ἰωάννην,
2916 3123 3228 3194 φανερῶσαι
3262 3121 3339 3192 τῷ
3381 3121 3486 3192 νέῳ
3527 3120 3586 3173 τὸ
3631 3120 3734 3190 τῆς

2146 3215 2427 3278 εὐσεὸείας
2488 3215 2820 3286 μυστήριον·
2870 3215 3078 3268 ἐκεῖνον
3127 3214 3183 3267 δὲ
3228 3196 3434 3275 εἰπεῖν,
3496 3211 3734 3280 ἑτοίμως

2145 3305 2290 3376 ἐχειν
2331 3305 2428 3358 καὶ
2466 3304 2624 3358 τοῦτο
2662 3308 2728 3376 τῇ
2777 3305 2943 3375 μητρὶ
2985 3302 3080 3357 τοῦ
3123 3304 3322 3374 Κυρίου
3375 3301 3730 3374 χαρίσασθαι,

2147 3396 2336 3470 ἐπειδὴ
2374 3396 2533 3450 τοῦτο
2561 3395 2711 3465 φίλον
2739 3397 2878 3466 αὐτῇ
2901 3412 2914 3426 ·
2948 3397 3042 3450 καὶ
3073 3395 3245 3459 οὕτως
3270 3396 3489 3448 εἰπόντα
3523 3395 3613 3446 τὸν
3640 3392 3733 3445 λό-

2145 3507 2243 3558 γον
2286 3488 2598 3561 σύμμετρόν
2643 3505 2705 3540 τε
2743 3488 2837 3541 καὶ¹
2876 3487 3350 3560 εὐπερίγραπτον,
3390 3486 3550 3540 πάλιν
3602 3503 3732 3556 μετ-

2146 3581 2442 3652 ἀναστῆναι
2471 3577 2580 3632 τῶν
2617 3577 2814 3648 ὄψεων.
2844 3580 2948 3633 Τὸν
2976 3579 3033 3632 δὲ
3063 3579 3405 3651 παραχρῆμα
3439 3577 3539 3648 τὴν
3579 3577 3734 3629 θείαν

2147 3673 2361 3743 ἐκείνην
2395 3673 2786 3744 μυσταγωγίαν
2818 3672 3141 3743 γράμμασιν
3177 3671 3604 3742 ἐνσημήνασθαι,
3638 3671 3732 3723 καὶ

2147 3765 2267 3817 κατ’
2312 3764 2526 3836 ἐκείνην
2568 3764 2706 3836 μετά
2733 3763 2903 3818 ταῦτα
2935 3763 3232 3834 κηρύσσειν
3267 3763 3326 3814 ἐν
3354 3765 3422 3833 τῇ
3468 3762 3733 3832 ἐκκλησίᾳ

2147 3855 2238 3908 τὸν
2265 3856 2443 3924 λόγον,
2485 3857 2580 3910 καὶ
2613 3857 2726 3918 τοῖς
2753 3855 2949 3924 ἐφεξῆς
2968 3897 2981 3921 ,
3025 3855 3214 3925 ὥσπερ
3243 3854 3362 3907 τινὰ
3401 3853 3603 3924 κλῆρον
3631 3853 3733 3920 τὴν

2151 3947 2428 4002 θεόσδοτον
2483 3934 2696 4020 ἐκείνην
2743 3948 3092 4003 διδασκαλίαν
3149 3947 3499 4002 καταλιπεῖνο
3553 3946 3621 3998 δι’
3664 3941 3732 4015 ἦς

2155 4040 2594 4111 μυσταγωγεῖται
2624 4040 2785 4111 μέχρι
2810 4039 2902 4094 τοῦ
2934 4041 3028 4094 νῦν
3061 4042 3089 4094 ὀ
3121 4040 3335 4108 ἐκείνης
3371 4039 3518 4100 λαὸς,
3551 4039 3731 4107 πάσης

2151 4129 2436 4201 αἱρετικῆς
2481 4128 2677 4192 κακίας
2728 4129 3009 4198 διαμείνας
3055 4127 3371 4198 ἀπείρατος.
3412 4125 3494 4178 Τὰ
3533 4124 3590 4177 δὲ
3634 4125 3730 4192 τῆς

2157 4220 2544 4294 μυσταγωγίας
2573 4222 2811 4293 ῥήματα,
2844 4221 3018 4276 ταῦτά
3049 4222 3215 4273 ἐστιν·

472 4317 528 4370 in
561 4313 795 4371 ecclesia
825 4327 1132 4368 sermonem
1171 4313 1522 4382 praedicasse,
1574 4329 1638 4368 ac
1670 4315 1903 4383 posteris
1941 4325 2200 4388 tanquam
2268 4314 2658 4384 patrimonium
2695 4312 2970 4384 quoddam
3034 4322 3088 4368 et
3154 4313 3410 4384 legatum,
3467 4309 3730 4365 divinitus

474 4411 657 4464 datam
687 4407 834 4460 illam
867 4405 1174 4460 doctrinam
1203 4406 1510 4474 reliquisse,
1552 4421 1648 4476 per
1681 4418 1847 4475 quam
1876 4424 2051 4480 usque
2089 4410 2143 4464 in
2182 4415 2505 4479 praesentem
2536 4407 2678 4461 diem
2711 4406 3018 4461 instituitur
3046 4405 3193 4462 illius
3248 4404 3485 4461 civitatis
3554 4403 3725 4480 plebs,

473 4519 596 4574 quae
626 4503 694 4558 ab
726 4501 875 4557 omni
916 4499 1168 4555 haeretica
1222 4499 1428 4554 malitia
1473 4499 1674 4554 intacta
1721 4505 2038 4569 permansit.
2082 4504 2252 4558 Porro
2287 4500 2533 4572 mystica:
2569 4499 2714 4556 illius
2744 4499 3052 4572 disciplinae
3072 4499 3240 4554 verba
3270 4498 3385 4552 haec
3413 4506 3574 4553 sunt:

551 4685 696 4741 Unus
724 4693 802 4740 est
831 4684 966 4738 Deus
991 4683 1153 4740 Pater
1185 4683 1340 4741 Verbi
1363 4688 1599 4754 viventis,
1628 4689 1901 4758 sapientia:
1923 4691 2044 4745 sub-

2220 4688 2322 4759 Εἶς
2348 4693 2490 4760 Θεὸς
2511 4690 2714 4758 Πατὴρ
2741 4691 2935 4758 Λόγου
2961 4686 3192 4754 ζῶντος,
3217 4687 3438 4755 σοφίας
3465 4683 3731 4752 ὑφεστώ-

475 4783 710 4836 sistentis
762 4789 812 4834 et
855 4779 1120 4847 potentiw,
1178 4789 1226 4834 et
1267 4780 1454 4850 ﬁgura:
1497 4790 1729 4844 wternie,
1788 4782 2047 4850 perfectus

472 4875 692 4944 perfecti
719 4875 963 4945 genitor:
999 4877 1167 4928 Pater
1202 4873 1334 4928 Filii
1368 4876 1646 4945 unigeniti.
1697 4873 1842 4928 Unus
1869 4874 2051 4928 Domi-

475 4984 598 5028 nus,
627 4965 770 5020 solus
804 4980 868 5019 ea:
922 4964 1057 5029 solo,
1107 4963 1248 5018 Deus
1276 4964 1340 5018 de
1382 4963 1514 5027 Deo.
1563 4965 1740 5035 ﬁgura
1786 4974 1834 5018 et
1875 4967 2048 5032 imago

475 5059 714 5120 diritatis,
769 5056 988 5111 Verbum
1016 5056 1218 5126 efﬁcax,
1247 5055 1510 5122 sapientia
1536 5057 1930 5110 constitutionis
1967 5072 2050 5110 re-

478 5168 597 5204 rum
631 5150 996 5203 universarum
1031 5147 1475 5217 comprehensiva,
1516 5157 1566 5200 et
1605 5149 1841 5216 potentia
1893 5149 2050 5202 totius

479 5251 738 5294 creatura:
771 5239 1028 5308 effectrix,
1069 5237 1246 5293 Filius
1293 5254 1442 5293 verus
1493 5238 1600 5291 veri
1640 5237 1844 5302 Patris,
1881 5239 2050 5292 visum

478 5332 730 5401 effugiens
762 5332 928 5384 visum
965 5330 1283 5400 e/fugientis,
1313 5339 1360 5384 et
1388 5331 1716 5399 corruptioni
1754 5347 1858 5384 non
1889 5330 2052 5385 obno-

480 5425 599 5475 xius
631 5439 732 5475 non
763 5421 976 5476 obnoxii
1009 5421 1360 5488 rorruptioni,
1392 5430 1442 5475 et
1471 5423 1628 5474 morti
1661 5437 1764 5475 non
1794 5423 2052 5476 obnoxius

483 5511 640 5565 morti
676 5498 1036 5577 non-obnoxii,
1068 5521 1116 5566 et
1143 5523 1370 5566 (alemus
1397 5514 1598 5566 (τίει-ηε.
1643 5511 1786 5566 Unus
1821 5513 2051 5582 Spiritus

482 5613 719 5667 sanctus,
747 5620 810 5657 ετ
842 5603 946 5658 Deo
979 5614 1154 5658 ortum
1192 5615 1240 5658 et
1275 5605 1639 5659 exsistentiam
1670 5605 1903 5660 habens:
1933 5608 2051 5676 qui—

484 5712 582 5767 que
613 5711 700 5755 per
723 5692 923 5749 Filium
957 5697 1222 5765 apparuit,
1257 5696 1492 5752 videlicet
1524 5697 1845 5762 hominibus,
1879 5699 2052 5768 imago

2154 4801 2272 4854 σης
2315 4783 2778 4852 καὶδυνάμεως,
2815 4781 2916 4836 καί
2963 4778 3335 4851 χαρακτῆρος
3367 4777 3586 4842 ἀϊδίου,
3638 4776 3728 4829 τέ-

2154 4882 2348 4942 λειος,
2395 4876 2628 4931 τελείου
2669 4872 3003 4945 γεννήτωρ·
3046 4871 3250 4940 Πατὴρ
3309 4870 3446 4926 Υίοῦ
3478 4884 3731 4937 μονογε-

2154 4971 2319 5037 νοῦς.
2349 4965 2454 5035 Εἷς
2478 4969 2712 5036 Κύριος,
2737 4967 2925 5036 μόνος
2955 4966 3023 5019 ἐτι
3051 4965 3264 5034 μόνου,
3297 4963 3438 5028 Θεὸς
3467 4961 3535 5014 ἐκ
3561 4960 3729 5022 Θεοῦ,

2156 5061 2461 5132 χαρακτὴρ
2482 5059 2579 5113 καί
2606 5058 2783 5112 εἰκὼν
2800 5056 2910 5126 τῆς
2933 5057 3232 5125 θεότητος,
3257 5056 3446 5124 Λόγος
3469 5052 3728 5121 ἐνεργός,

2157 5156 2342 5224 σοφία
2369 5153 2479 5221 τῆς
2512 5151 2629 5205 τῶν
2664 5151 2821 5204 ὅλων
2849 5149 3206 5214 συστάσεως
3235 5145 3596 5216 περιεκτικὴ,
3636 5142 3728 5196 καί

2157 5245 2406 5313 δύναμις
2431 5241 2542 5310 τῆς
2564 5240 2711 5309 ὅλης
2740 5240 2990 5303 κτίσεως
3019 5237 3319 5305 ποιητικὴ,
3359 5235 3492 5300 Υἱὸς
3525 5235 3728 5301 ἀληθι-

2157 5337 2265 5403 νὸς
2321 5334 2607 5403 ἀληθινοῦ
2669 5332 2917 5399 Πατρός,
2979 5332 3230 5400 ἀόρατος
3289 5327 3582 5395 ἀοράτου,
3637 5323 3730 5378 καὶ

2159 5429 2458 5496 ἄφθαρτος
2482 5424 2807 5494 ἀφθάρτου,
2831 5423 2927 5476 καὶ
2947 5421 3239 5485 ἀθάνατος
3263 5417 3567 5474 ἀθανάτου
3585 5457 3598 5480 ,
3637 5415 3729 5468 καί

2160 5519 2350 5584 ἀΐδιος
2379 5517 2596 5571 ἀϊδίου.
2626 5515 2738 5570 Καὶ
2765 5514 2836 5568 ἐν
2859 5513 3099 5582 Πνεῦμα
3118 5513 3306 5581 ἅγιον,
3340 5512 3408 5564 ἐκ
3442 5509 3589 5564 Θεοῦ
3619 5507 3731 5574 τὴν

2160 5607 2420 5674 ὕπαρξιν
2448 5606 2612 5674 ἔχονο
2638 5605 2733 5658 καὶ
2759 5603 2833 5657 δι’
2883 5603 3020 5657 Υίοῦ
3043 5600 3332 5670 πεφηνὸς,
3356 5598 3591 5668 δηλαδὴ
3613 5595 3731 5659 τοῖς

2161 5696 2510 5766 ἀνθρώποις,
2535 5695 2710 5754 εἰκὼν
2739 5694 2846 5750 τοῦ
2888 5694 3024 5750 Υίοῦ
3072 5693 3304 5751 τελείου
3349 5693 3582 5762 τελεία,
3622 5686 3727 5755 ζωὴ
