4050 6164
427 358 533 415 913

1383 355 1469 411 DE
1512 355 1670 411 VlTA
1711 355 1770 410 S.
1821 353 2148 413 GREGORII
2210 355 2740 414 TIIAUMATURGI.

3559 355 3664 408 9ιέ

423 475 842 538 ζώντωνιιιτιίτ,
875 473 1036 542 πηγὴ
1068 473 1223 542 ἀνία,
1264 475 1502 542 ἀγιότης
1538 472 1835 542 ἁγιασμοῦ
1869 490 1995 547 χορ-

2108 470 2232 525 Filii
2277 473 2492 541 perfecti
2523 472 2773 542 perfecta,
2826 471 2933 523 vita
2982 483 3256 523 viventium
3305 484 3491 534 causa,
3544 468 3665 536 [om

422 569 598 636 ηγός·
649 566 718 618 ἐν
771 558 820 630 ᾧ
875 565 1231 633 φανεροῦται
1285 564 1428 630 Θεὸς
1467 569 1498 618 ὀ
1553 564 1774 631 Πατὴρ,
1816 567 1846 617 ὀ
1898 565 1996 616 ἐπὶ

425 657 665 710 πάντων
697 657 792 708 καὶ
822 657 891 708 ἐν
911 655 1060 708 πᾶσι
1085 671 1098 685 ·
1131 656 1227 708 καὶ
1253 655 1395 720 Θεὸς
1429 659 1462 709 ό
1499 657 1627 721 Υἱὸς
1645 696 1658 718 ,
1681 659 1713 709 ὁ
1738 654 1838 708 διὰ
1856 655 1997 708 πάν.

424 767 559 803 tm"
594 749 759 816 Τριὰς
794 749 1020 812 τελεία,
1056 747 1204 814 δόξῃ
1241 747 1338 800 καὶ
1370 747 1652 814 ἁΐδιότητι
1681 748 1776 800 καὶ
1823 747 1998 810 βασι-

419 843 551 909 λείᾳ
581 841 666 910 μὴ
695 840 1063 910 μεριζομένη,
1093 841 1243 910 μηδὲ
1280 840 1862 910 ἀπαλλοτριουμένη.

493 1025 631 1078 Οὓτε
674 1020 764 1078 οὖν
794 1022 1008 1076 κτιστόν
1046 1039 1120 1086 τι,
1161 1022 1194 1092 ἥ
1236 1021 1419 1074 δοῦλον
1448 1023 1504 1074 ὲν
1533 1024 1598 1092 τῇ
1629 1021 1837 1090 Τριάδι.
1870 1021 1995 1075 οὔτε

421 1117 745 1171 ἐπείσακτον
774 1134 854 1180 τι,
881 1115 954 1178 ὡς
979 1117 1240 1186 πρότερον
1278 1115 1375 1184 μὲν
1416 1115 1512 1183 οὐχ
1542 1113 1802 1184 ὑπάρχον,
1840 1113 1998 1166 ὓστε-

426 1226 516 1280 ρον
546 1209 602 1261 δὲ
636 1205 964 1260 ἐπεισελθόν.
1008 1204 1144 1258 Οὔτε
1176 1200 1268 1258 οὖν
1313 1204 1524 1257 ὲνέλιπέ
1559 1219 1688 1257 ποτε
1720 1204 1845 1268 Υἱὸς
1879 1206 1994 1257 Πα-

421 1302 532 1370 τρὶ,
581 1299 704 1352 οὒτε
745 1297 858 1368 Υίῷ
897 1296 1156 1368 Πνεῦμα·
1213 1296 1327 1350 ἀλλ’
1378 1297 1645 1368 ἄτρεπτος
1700 1296 1793 1349 καὶ
1843 1295 1998 1348 ἀναλ-

420 1390 642 1453 λοίωτος
667 1392 699 1460 ἡ
727 1390 862 1460 αὑτὴ
885 1389 1052 1459 Τριάς
1074 1388 1180 1442 ἀεί.
1216 1389 1364 1458 Ὅτῳ
1392 1388 1447 1440 δὲ
1474 1388 1624 1456 φίλον
1650 1387 1776 1458 περὶ
1803 1386 1995 1439 τούτου

422 1479 731 1549 πεισθῆναι,
767 1480 1010 1532 ἀκουέτω
1039 1478 1140 1547 τῆς
1183 1476 1532 1548 Ἐκκλησίας,
1575 1472 1688 1550 ὲνῇ
1723 1477 1812 1530 τὸν
1841 1477 1996 1544 λόγον

423 1569 747 1638 ἐκήρυττεν,
777 1569 906 1640 παρ’
947 1566 1028 1631 οἷς
1059 1568 1199 1621 αύτά
1230 1567 1298 1620 τὰ
1331 1567 1661 1639 χαράγματα
1689 1567 1786 1637 τῆς
1823 1582 1998 1636 μακα-

424 1657 548 1729 ρίας
575 1658 790 1728 ἐκείνης
813 1658 993 1728 χειρὸς
1015 1660 1095 1721 είς
1119 1657 1198 1712 ἐτι
1228 1659 1321 1712 καὶ
1343 1658 1436 1711 νῦν
1460 1657 1800 1722 διασώζεται.
1832 1657 1995 1709 Ταῦτ’

423 1747 544 1817 οὐχὶ
573 1751 708 1816 πρὸς
735 1751 831 1810 τὰς
858 1748 1204 1813 θεοτεύκτους
1230 1749 1445 1812 ὲκείνας
1469 1749 1681 1810 πλάκας
1703 1748 1997 1818 ἁμιλλᾶται

423 1844 490 1912 τῇ
535 1842 870 1911 μεγαλοφυῒᾳ
913 1843 1012 1911 τῆς
1055 1843 1308 1913 χάριτος;
1351 1842 1566 1905 ἐκείνας
1607 1842 1667 1894 δὲ
1713 1842 1856 1910 λέγω
1896 1840 1995 1904 τὰς

424 1933 635 1996 πλάκας
657 1974 672 1996 ,
713 1936 770 1986 ἐν
801 1927 888 1997 αἶς
924 1937 957 2003 ὴ
995 1933 1087 1986 τοῦ
1133 1933 1276 1987 θείου
1310 1935 1645 2004 βουλήματος
1686 1933 1996 2005 ὲνετυπώθη

424 2024 732 2094 νομοθεσία.
777 2025 864 2087 Ὠς
899 2024 1008 2095 γὰρ
1034 2024 1126 2079 τὸν
1157 2025 1397 2079 Μωῠσέα
1430 2025 1595 2096 φησιν
1632 2028 1660 2079 ὁ
1690 2025 1867 2093 λόγος,
1896 2024 2000 2091 ἔξω

421 2113 518 2167 τοῦ
560 2114 882 2183 φαινομένου
928 2113 1216 2183 γενόμενον
1238 2154 1252 2178 ,
1283 2115 1379 2168 καὶ
1425 2115 1576 2178 ὲντὸς
1612 2113 1720 2168 τῶν
1752 2115 2001 2188 ἀοράτων

421 2206 633 2261 ἀδύτων
675 2209 740 2278 τῇ
780 2207 922 2277 ψυχῇ
963 2206 1308 2260 καταστάντα
1342 2195 1534 2278 (τοῦτο
1585 2206 1694 2278 γάρ
1727 2209 1756 2260 ὁ
1804 2209 2001 2276 γνόφος

420 2297 792 2367 αἰνίττεται),
838 2298 1028 2367 μαθεῖν
1068 2315 1128 2350 τε
1171 2299 1240 2352 τά
1287 2295 1408 2351 θεῖα
1457 2300 1760 2369 μυστήρια,
1797 2301 1891 2356 καὶ
1933 2299 1998 2352 δι’

422 2386 617 2440 ἑαυτοῦ
649 2389 745 2458 τῆς
780 2388 1107 2456 θεογνωσίας
1148 2389 1350 2453 παντὸς
1385 2388 1479 2442 τοῦ
1523 2390 1651 2444 λαοῦ
1680 2390 2000 2463 καθηγήσα·

423 2479 584 2534 σθαι·
619 2479 716 2551 τὴν
760 2479 928 2552 αὐτὴν
973 2480 1088 2533 ἔστι
1121 2480 1214 2534 καὶ
1255 2481 1348 2534 ἐπὶ
1390 2479 1483 2534 τοῦ
1533 2482 1770 2551 μεγάλου
1812 2483 1998 2537 τούτου

427 2571 664 2624 κατιδεῖν
692 2572 1021 2643 οἰκονομίαν⁹
1052 2566 1095 2640 ᾧ
1123 2572 1244 2642 ὅρος
1278 2573 1376 2643 μὲν
1404 2567 1494 2643 ἦν,
1533 2574 1632 2627 οὐκ
1653 2575 1908 2644 αἰσθητόν
1947 2592 2000 2628 τι

426 2663 461 2734 ἢ
492 2663 792 2732 γεώλοφον,
823 2664 958 2718 ἀλλά
983 2664 1044 2717 τὺ
1077 2664 1210 2734 ὕψος
1240 2669 1342 2738 τῆς
1369 2667 1476 2720 τῶν
1504 2665 1773 2737 ἀληθινῶν
1799 2667 2002 2737 δογμά-

426 2771 538 2806 των
567 2754 895 2824 ἐπιθυμίαςο
927 2757 1123 2824 γνόφος
1159 2756 1214 2809 δὲ
1255 2758 1315 2810 τὸ
1356 2760 1468 2821 τοῖς
1499 2759 1678 2822 ἄλλοις
1718 2758 2001 2829 ἀχώρητον

429 2844 610 2914 θέαμα
628 2861 641 2872 ’
665 2844 846 2908 δέλτος
867 2845 922 2898 δὲ
962 2848 996 2916 ή
1024 2847 1189 2918 ψυχή·
1213 2848 1281 2901 τά
1314 2847 1370 2900 δὲ
1395 2850 1453 2901 ὲν
1485 2852 1604 2913 ταῖς
1634 2848 1795 2914 πλαξὶ
1822 2849 2001 2920 γράμ-

432 2953 600 3006 ματα,
629 2938 660 3006 ἡ
689 2935 783 2988 τοῦ
821 2935 1076 3005 ὀφθέντος
1120 2940 1303 3011 φωνή⁶
1339 2939 1404 2992 δι’
1453 2932 1528 2994 ὧν
1557 2939 2002 3024 ἁπάντωνταὺτῷ

428 3045 490 3080 τε
519 3029 613 3081 καὶ
647 3032 759 3093 τοῖς
797 3033 924 3101 παρ’
963 3032 1168 3085 ἐκείνου
1212 3035 1760 3105 μυσταγωγουμένοις
1789 3037 2004 3104 ἐγένετο

2099 574 2337 627 sanctus,
2405 565 2660 616 sanctitas
2732 561 3168 631 sanctificationis
3235 559 3664 630 suppeditatrix:

2097 671 2188 724 per
2216 671 2364 721 quem
2416 654 2791 722 manifestatur
2835 653 2973 707 Deus
3018 653 3203 719 Pater,
3253 653 3343 721 qui
3383 661 3460 706 est
3511 666 3668 720 super

2099 749 2276 802 omnia
2301 756 2348 800 et
2382 748 2435 799 in
2468 745 2707 799 omnibus
2735 762 2752 798 :
2780 756 2826 798 et
2859 745 2997 798 Deus
3028 743 3226 809 Filius,
3253 744 3342 813 qui
3366 758 3456 812 per
3485 742 3668 796 omnia

2098 848 2372 909 permanat
2405 855 2422 891 :
2457 838 2690 891 Trinitas
2713 837 2966 907 perfecta,
2998 853 3114 905 quin
3137 835 3306 906 gloria
3334 844 3488 904 atque
3515 842 3670 888 teter-

2099 930 2263 982 nitate
2290 937 2339 982 et
2375 945 2530 996 regno
2556 945 2656 981 non
2687 929 2939 982 dividitur
2964 943 3123 996 neque
3153 925 3504 980 abalienatur.

2170 1019 2312 1089 Ergo
2352 1036 2527 1090 neque
2564 1029 2807 1076 creatum
2853 1019 3152 1089 quidquam
3214 1027 3304 1071 aut
3344 1030 3561 1072 servum
3614 999 3698 1070 in-

2099 1109 2364 1168 Trinitate
2402 1111 2552 1183 (est),
2584 1127 2760 1182 neque
2803 1111 3101 1165 ascititium
3148 1111 3445 1180 quidquam
3473 1116 3528 1163 et
3567 1106 3668 1161 ad-

2099 1204 2410 1267 ventitium,
2437 1212 2495 1258 ut
2518 1203 2662 1274 quod
2690 1207 2841 1271 prius
2867 1202 3088 1272 quidem
3119 1217 3228 1255 non
3247 1209 3394 1255 esset
3415 1215 3517 1255 nec
3539 1213 3673 1268 sup-
3762 1223 3771 1228 -

2099 1304 2330 1364 peteret,
2369 1296 2641 1364 posterius
2677 1304 2858 1348 autem
2897 1291 3273 1346 introductum
3323 1291 3393 1345 sit
3434 1309 3446 1344 :
3493 1305 3672 1360 neque

2100 1404 2232 1444 vero
2253 1389 2408 1444 deest
2440 1404 2678 1459 unquam
2712 1387 2883 1442 Filius
2915 1387 2970 1441 in
2998 1385 3161 1440 Patre
3198 1403 3211 1440 :
3238 1399 3413 1454 neque
3442 1384 3498 1436 in
3530 1380 3671 1435 Filio

2103 1479 2343 1550 Spiritus
2386 1499 2398 1534 :
2433 1483 2527 1534 sed
2573 1478 2932 1534 immutabilis
2981 1487 3035 1532 et
3078 1475 3441 1531 iualterabilis
3481 1474 3670 1528 eadem

2101 1587 2316 1642 semper
2363 1570 2606 1626 Trinitas
2651 1582 2752 1626 est.
2795 1570 2951 1636 Quod
3003 1570 3049 1625 si
3086 1569 3211 1639 quis
3251 1568 3354 1623 sibi
3398 1567 3555 1622 [idem
3603 1567 3674 1620 de

2100 1663 2205 1717 hac
2234 1678 2295 1717 re
2325 1661 2440 1717 ﬁeri
2495 1663 2668 1730 cupit,
2713 1662 2900 1716 audiat
2952 1659 3280 1722 Ecclesiam,
3329 1658 3385 1712 in
3412 1671 3520 1726 qua
3551 1671 3673 1712 ser-

2101 1769 2319 1810 monem
2362 1753 2717 1824 praedicabat,
2763 1752 2910 1822 apud
2949 1767 3113 1822 quam
3148 1751 3242 1804 illa
3281 1751 3400 1821 ipsa
3439 1748 3604 1804 verba
3640 1761 3674 1802 a

2101 1847 2259 1903 beata
2284 1847 2375 1900 illa
2403 1861 2568 1900 manu
2608 1853 2832 1901 exarata
2858 1845 3038 1900 adhuc
3067 1845 3230 1898 etiam
3263 1857 3412 1897 nunc
3445 1857 3674 1896 conser-

2099 1947 2322 1995 vantur.
2378 1937 2578 1992 Annon
2613 1937 2731 1991 haec
2765 1951 2890 1991 cum
2950 1934 3153 1990 divinis
3183 1933 3290 1988 illis
3321 1932 3526 1988 tabulis
3557 1947 3674 1986 ma-

2106 2030 2396 2101 gnitudine
2434 2029 2623 2100 gratia:
2655 2027 3049 2082 certant?illas
3081 2026 3203 2080 dico
3233 2025 3445 2080 tabulas
3480 2025 3533 2078 in
3551 2023 3674 2094 qui-

2099 2121 2204 2176 bus
2265 2119 2463 2176 divinas
2515 2119 2813 2175 voluntatis
2883 2116 3205 2173 constitutio
3277 2116 3553 2185 insculpta
3621 2103 3676 2168 et

2101 2221 2325 2270 exarata
2384 2219 2488 2268 est.
2540 2209 3014 2279 Quemadmodum
3064 2209 3211 2264 enim
3267 2206 3493 2278 Moysen
3539 2205 3676 2260 dicit

2103 2306 2415 2376 Scriptura,
2457 2320 2583 2360 cum
2627 2313 2787 2360 extra
2833 2303 2884 2358 id
2929 2302 3076 2373 quod
3110 2307 3352 2372 apparet,
3384 2299 3672 2365 evasisset,

2101 2408 2156 2454 et
2195 2400 2340 2453 inter
2368 2395 2671 2451 invisibilia
2717 2395 2880 2466 adyta
2923 2393 3107 2448 animo
3150 2391 3483 2446 constitutus
3528 2395 3676 2444 esset

2104 2491 2231 2559 (hoc
2254 2491 2400 2545 enim
2434 2490 2671 2544 obscure
2713 2503 2810 2560 per
2850 2487 3140 2558 caliginem
3187 2482 3570 2556 signiﬁcatur),
3618 2489 3674 2536 et

2102 2582 2367 2639 didicisse
2399 2581 2585 2636 divina
2614 2583 2899 2655 mysteria,
2923 2587 2977 2635 et
3015 2594 3114 2648 per
3149 2593 3266 2633 sese
3292 2576 3441 2631 oumi
3475 2574 3674 2644 populo

2104 2667 2386 2731 auctorem
2432 2683 2487 2730 et
2523 2674 2896 2729 institutorem
2953 2671 3048 2726 Dei
3081 2669 3411 2741 cognitionis
3456 2667 3670 2722 fuisse:

2101 2767 2351 2826 eamdem
2393 2768 2520 2823 licet
2569 2767 2731 2821 etiam
2787 2764 2843 2819 in
2892 2763 2997 2818 hoc
3031 2777 3228 2833 Iuague
3274 2761 3390 2815 viro
3425 2758 3676 2813 animad-

2106 2867 2319 2916 vertere
2371 2857 2814 2928 dispositionem,
2878 2854 2968 2908 cui
3030 2853 3152 2907 loco
3209 2851 3412 2906 montis
3455 2850 3676 2918 quidem

2104 2960 2248 3016 erat,
2302 2967 2416 3007 non
2460 2951 2563 3005 sub
2612 2963 2832 3005 sensum
2875 2946 3080 3002 cadens
3124 2945 3323 3014 aliquis
3361 2943 3540 3006 collis,
3582 2942 3677 2997 sed

2106 3043 2340 3099 altitudo
2372 3041 2637 3097 desiderii
2666 3054 2919 3094 verarum
2955 3037 3353 3094 sententiarum
3386 3034 3678 3105 etopinio-

429 3119 465 3188 ἡ
494 3117 602 3172 τῶν
632 3120 944 3190 μυστηρίων
976 3123 1301 3192 φανέρωσις.
1347 3126 1562 3196 Ἐπειδὴ
1590 3126 1770 3180 τοίνυν
1797 3130 2005 3200 παρρη-

2108 3152 2235 3191 num
2277 3155 2289 3190 :
2334 3133 2585 3205 caliginis
2634 3141 2818 3188 autem
2866 3131 3006 3196 vice,
3062 3129 3464 3200 spectaculum,
3517 3127 3680 3197 cujus

432 3209 552 3273 σίας
589 3211 733 3274 τινὸς
766 3213 860 3265 καὶ
897 3213 1128 3283 θάρσους
1171 3215 1257 3268 διὰ
1289 3217 1388 3286 τῆς
1415 3216 1588 3286 ὄψεως
1617 3219 1833 3290 ἐκείνης
1867 3219 2007 3290 πλή-

434 3318 537 3372 ρης
576 3303 813 3371 ἐγένετο,
852 3305 1101 3378 καθάπερ
1144 3324 1228 3372 τις
1275 3307 1512 3380 ἀθλητὴς
1556 3309 1830 3381 ἀρκοῦσαν
1870 3313 2008 3381 πρὸς

430 3397 559 3458 τοὺς
601 3396 794 3460 ἄθλους
828 3398 1118 3470 ἐμπειρίαν
1150 3417 1208 3452 τε
1244 3402 1338 3454 καὶ
1370 3401 1598 3471 δύναμιν
1629 3404 1694 3457 ὲκ
1732 3404 2008 3476 παιδοτρί-

432 3485 531 3540 6ου
563 3489 924 3559 κτησάμενος,
956 3491 1168 3562 θαρσῶν
1196 3493 1486 3548 ἀποδύεται
1517 3495 1653 3566 πρὸς
1682 3497 1743 3548 τὸ
1772 3497 2006 3562 στάδιον,

435 3579 534 3632 καὶ
581 3580 718 3650 πρὸς
760 3582 892 3646 ,τοὺς
941 3583 1268 3648 ἀντιπάλους
1314 3585 1657 3654 ἀγωνίζεται,
1701 3587 1795 3643 τὸν
1847 3589 2009 3642 αὑτὸν

435 3671 637 3742 τρόπον
668 3675 942 3738 κάκεῖνος,
973 3678 1038 3747 τῇ
1077 3693 1138 3729 τε
1171 3677 1290 3730 καθ’
1329 3679 1518 3730 ἑαυτὸν
1565 3679 1760 3750 μελέτῃ
1803 3680 1898 3732 καὶ
1940 3681 2009 3752 τῇ

438 3765 727 3835 συμμαχίᾳ
774 3766 874 3834 τῆς
931 3768 1285 3840 ἐπιφανείσης
1326 3769 1476 3840 αύτῷ
1507 3770 1759 3841 χάριτος,
1809 3771 2011 3835 ἱκανῶς

435 3856 533 3926 τὴν
565 3856 744 3927 ψυχὴν
788 3859 1166 3930 ἀλειψάμενος,
1202 3861 1374 3926 οὕτως
1416 3863 1873 3933 ἀντιλαμϐάνεται
1901 3863 2010 3918 τῶν

436 3947 684 4015 ἀγώνων.
720 3950 792 4003 Οὐ
833 3952 942 4019 γὰρ
973 3951 1101 4006 ἄλλο
1130 3968 1185 4005 τι
1218 3953 1320 4024 χρὴ
1355 3954 1559 4020 καλεῖν,
1603 3955 1636 4026 ἢ
1669 3955 1884 4022 ἀγῶνας
1916 3954 2012 4007 καὶ

437 4036 653 4102 ἄθλους,
689 4040 866 4093 πάντα
895 4042 986 4095 τὸν
1019 4041 1140 4096 καθ’
1172 4042 1468 4114 ἱερωσύνην
1508 4044 1672 4100 αὐτοῦ
1709 4044 1842 4114 βίον,
1885 4046 1941 4098 ὲν
1967 4036 2012 4112 ᾧ

440 4132 622 4184 πᾶσαν
669 4131 756 4185 διὰ
803 4119 902 4203 τ’ῆς
932 4135 1168 4198 πίστεως
1199 4135 1297 4206 τὴν
1329 4135 1424 4188 τοῦ
1461 4139 1836 4208 ἀντικειμένου
1877 4155 2012 4191 κατ-

439 4225 747 4295 ηγωνίσατο
763 4225 1012 4297 δύναμιν.
1033 4227 1209 4291 Εὐθὺς
1225 4228 1333 4299 γὰρ
1361 4229 1466 4282 ἀπὸ
1492 4231 1589 4300 τῆς
1610 4231 1865 4301 ἐσχατιᾶς
1888 4232 2014 4284 ἑαυ-

438 4317 533 4370 τὸν
567 4319 899 4390 ἀναστήσας,
938 4323 1033 4376 καὶ
1068 4322 1204 4392 πρὸς
1225 4322 1324 4392 τὴν
1354 4322 1507 4376 πόλιν
1530 4323 1626 4395 τὴν
1654 4323 1829 4394 ὁρμὴν
1852 4323 2009 4394 ἔχων,

441 4412 502 4464 ὲν
636 4411 743 4465 ἔδει
797 4414 876 4485 τῷ
917 4413 1037 4486 Θεῷ
1081 4413 1180 4485 τὴν
1238 4413 1560 4484 Ἐκκλησίαν
1607 4413 2010 4484 συστήσασθαι·

441 4505 630 4577 ἐπειδὴ
659 4507 797 4576 έγνω
817 4508 994 4562 πάντα
1013 4507 1102 4560 τὸν
1125 4506 1301 4578 χῶρον
1321 4509 1387 4578 τῇ
1408 4504 1516 4560 τῶν
1539 4505 1809 4574 δαιμόνων
1831 4507 2014 4577 ἀπάτῃ

441 4598 952 4669 κατακρατούμενον
973 4640 987 4666 ,
1032 4599 1127 4653 καὶ
1155 4596 1249 4651 τοῦ
1289 4599 1386 4668 μὲν
1417 4598 1667 4669 ἀληθινοῦ
1716 4598 1851 4651 Θεοῦ
1888 4598 2015 4653 ναὸν

440 4689 678 4762 οὐδαμοῦ
706 4692 1209 4761 κατεσκευασμένον
1228 4731 1242 4757 ,
1273 4689 1708 4760 πεπληρωμένην
1743 4689 1800 4743 δὲ
1835 4690 2015 4744 πᾶσαν

442 4783 540 4855 τὴν
571 4783 726 4836 πόλιν
773 4783 868 4835 καὶ
911 4782 1009 4853 τὴν
1057 4782 1328 4854 περίοικον
1375 4781 1573 4852 βωμῶν
1610 4798 1669 4834 τε
1717 4780 1876 4852 ἱερῶν
1920 4781 2017 4834 καὶ

443 4874 835 4947 ἀφιδρυμάτων
853 4889 868 4906 ο
894 4873 1092 4936 παντὸς
1119 4872 1212 4925 τοῦ
1241 4872 1425 4936 ἔθνους
1452 4871 1654 4943 ταύτην
1676 4871 1888 4942 ἔχοντος
1919 4872 2016 4945 τὴν

447 4966 704 5038 σπουδὴν,
747 4966 894 5027 ὅπως
932 4963 996 5016 ἂν
1033 4965 1102 5016 τὰ
1141 4963 1337 5036 τεμένη
1375 4964 1484 5018 τῶν
1529 4962 1760 5017 εἰδώλων
1806 4965 1901 5016 καὶ
1948 4963 2017 5018 τά

448 5060 572 5132 ἱερά
617 5056 1040 5121 καλλωπίςοιτο,
1078 5057 1170 5109 καὶ
1209 5056 1512 5127 παραμένοι
1558 5059 1669 5119 τοῖς
1714 5054 2019 5127 ἀνθρώποις

449 5151 484 5220 ἡ
526 5146 882 5220 εἰδωλομανία
903 5185 918 5210 ,
966 5147 1208 5216 πομπαῖς
1250 5162 1307 5198 τε
1352 5147 1446 5200 καὶ
1486 5146 1726 5208 τελεταῖς
1769 5147 1863 5199 καὶ
1905 5148 2017 5209 τοῖς

450 5241 771 5310 ὲπιὸωμίοις
834 5238 1103 5310 μιάσμασι
1168 5235 1568 5307 κρατυνομένηο
1628 5235 1878 5307 καθάπερ
1933 5253 2019 5298 τις

451 5333 790 5406 στρατιώτης
821 5333 1064 5400 γενναῖος
1095 5327 1173 5398 τῷ
1207 5325 1493 5396 κρατοῦντι
1531 5327 1632 5397 τῆς
1664 5325 2020 5399 παρατάξεως
2042 5360 2055 5371 ο

451 5423 816 5494 συμπλακεὶς,
847 5421 915 5474 δι’
946 5419 1156 5474 ἐκείνου
1182 5417 1243 5470 τὸ
1269 5415 1575 5486 ὑποχείριον
1604 5418 1862 5489 τρέπεται
1881 5435 1895 5449 ο
1925 5416 2018 5470 οὖ-

449 5533 559 5579 τως
588 5515 680 5569 καὶ
706 5516 735 5568 ὁ
769 5515 938 5585 μέγας
973 5508 1126 5576 οὗτος
1156 5512 1250 5566 ἀπ’
1283 5509 1460 5564 αὐτῶν
1494 5509 1603 5564 τῶν
1631 5511 1896 5582 δαιμόνων
1922 5511 2022 5580 τῆς

453 5608 732 5682 ἀριστείας
752 5608 994 5677 ἄρχεται.
1023 5604 1118 5667 Τίς
1146 5602 1201 5657 δὲ
1225 5602 1253 5654 ὁ
1277 5601 1504 5671 τρόποςς
1533 5602 1887 5672 Διερχόμενος
1913 5601 2022 5672 γὰρ

453 5701 555 5769 τὴν
586 5699 693 5755 ἀπὸ
723 5699 824 5768 τῆς
869 5698 1120 5768 ἐσχατιᾶς
1162 5695 1256 5749 ἐπὶ
1288 5693 1384 5766 τὴν
1419 5693 1572 5747 πόλιν
1603 5694 1752 5762 ὁδὸν,
1787 5695 2022 5766 ἑσπέρας

456 5787 895 5861 καταλαϐούσης,
947 5789 1040 5844 καὶ
1087 5787 1290 5860 ὄμϐρου
1340 5785 1638 5857 βιαιοτέρου
1681 5779 2018 5858 συνέχοντος,

2108 3228 2390 3299 spectandi
2432 3227 2522 3281 alii
2569 3240 2799 3296 capaces
2836 3241 2943 3279 non
2977 3234 3104 3280 sunt
3143 3241 3157 3278 ι
3203 3222 3514 3276 tabularum
3550 3235 3681 3276 vero

2107 3324 2247 3388 loco,
2279 3321 2497 3375 animus
2535 3320 2696 3374 :loco
2740 3320 3042 3374 litterarum
3085 3319 3139 3370 in
3188 3316 3387 3370 tabulis
3429 3324 3684 3369 exarata-

2107 3430 2250 3479 rum,
2286 3413 2407 3483 ejus
2437 3428 2558 3482 quae
2596 3412 2644 3466 ei
2669 3411 2921 3480 apparuit
2954 3425 3082 3476 vox,
3116 3409 3318 3478 quibus
3345 3396 3600 3462 omnibus
3628 3414 3683 3460 et

2108 3509 2238 3578 ipsi,
2271 3514 2326 3562 et
2361 3506 2428 3560 iis
2452 3505 2544 3573 qui
2571 3505 2640 3558 ab
2663 3503 2756 3556 illo
2779 3503 2833 3555 in
2860 3503 3038 3556 sacris
3063 3501 3510 3562 instituebantur,
3549 3513 3682 3552 con-

2109 3598 2230 3667 tigit
2276 3593 2646 3649 manifestatio
2699 3601 2860 3661 atque
2919 3591 3216 3646 declaratio
3274 3590 3679 3660 mysteriorum.

2108 3689 2406 3757 Postquam
2447 3686 2613 3756 igitur
2657 3685 2825 3738 animi
2862 3683 3147 3737 alacritate
3183 3683 3446 3752 quadam,
3486 3681 3683 3736 ﬁducia

2110 3789 2274 3850 atque
2322 3779 2571 3833 libertate
2623 3791 2720 3847 per
2768 3776 2916 3830 illam
2965 3774 3233 3829 visionem
3287 3773 3532 3842 repletus
3575 3779 3681 3835 est,

2111 3870 2570 3943 quemadmodum
2619 3869 2819 3923 athleta
2879 3866 3102 3938 quidam
3161 3864 3494 3920 sulﬁcieutes
3540 3861 3685 3932 apud

2111 3963 2469 4035 ptrdotribam
2529 3962 2674 4016 vires
2733 3970 2896 4030 atque
2953 3956 3208 4029 peritiam
3267 3955 3334 4009 ad
3383 3955 3685 4010 certamina

2113 4057 2364 4126 adeptus,
2425 4055 2682 4126 praesenti
2734 4053 2918 4105 animo
2970 4059 3132 4120 atque
3181 4049 3392 4103 ﬁducia:
3430 4048 3588 4117 pleno
3630 4047 3686 4100 in

2111 4135 2293 4218 stadio
2331 4163 2390 4202 se
2415 4145 2566 4200 exuit
2598 4152 2651 4200 et
2690 4142 2931 4213 expedit,
2971 4150 3026 4196 et
3059 4157 3184 4194 cum
3209 4140 3542 4194 adversariis
3585 4137 3686 4192 de-

2114 4244 2289 4294 certat
2323 4252 2335 4288 :
2393 4235 2583 4290 eodem
2630 4233 2794 4287 modo
2837 4231 3002 4287 etiam
3049 4231 3141 4286 ille
3180 4245 3328 4297 cum,
3364 4229 3525 4284 sicuti
3565 4227 3686 4281 oleo

2114 4345 2314 4399 corpus
2361 4334 2630 4397 uugentes
2682 4325 2900 4382 athleta-'3
2937 4326 3084 4380 vires
3129 4323 3457 4378 conﬁrmare
3487 4318 3686 4380 solent,

2116 4430 2232 4477 tum
2278 4421 2364 4476 sui
2419 4419 2836 4487 exercitatione,
2894 4425 3008 4471 tum
3066 4415 3270 4470 auxilio
3312 4411 3522 4482 gratiae,
3567 4424 3688 4478 quae

2050 4493 2090 4547 ί)
2119 4513 2224 4568 sibi
2281 4517 2630 4583 apparuerat,
2669 4511 2911 4565 animum
2960 4509 3094 4563 satis
3149 4503 3552 4566 conﬁrmasset,
3611 4501 3689 4555 ita

2116 4606 2334 4659 demum
2378 4604 2444 4657 ad
2481 4603 2786 4658 certamina
2820 4599 3155 4671 aggreditur.
3196 4593 3383 4664 Neque
3411 4593 3554 4648 enim
3588 4591 3689 4646 ali-

2117 4703 2199 4752 ter
2228 4704 2391 4766 atque
2423 4695 2636 4751 labores
2662 4701 2717 4749 et
2744 4693 3046 4748 certamina
3076 4687 3262 4745 vocari
3288 4693 3503 4757 oportet
3525 4698 3689 4740 omne

2117 4795 2332 4860 tempus
2357 4786 2501 4852 vitae,
2529 4785 2675 4856 quod
2701 4782 3138 4838 administrando
3170 4777 3479 4836 sacerdotio
3508 4783 3689 4830 trans-

2116 4880 2256 4949 egit,
2302 4879 2358 4934 in
2395 4893 2506 4949 quo
2556 4891 2652 4947 per
2706 4875 2868 4931 ﬁdem
2906 4889 3099 4930 omnes
3144 4871 3446 4928 adversarii
3493 4868 3683 4938 copias

2121 4971 2283 5042 fregit
2344 4978 2510 5040 atque
2547 4968 2771 5025 devicit.
2826 4966 2963 5022 Nam
3006 4981 3130 5022 cum
3170 4965 3362 5020 relicta
3394 4959 3692 5018 solitudine

2117 5061 2369 5130 protinus
2423 5059 2614 5114 urbem
2691 5064 2920 5129 peteret,
2966 5056 3020 5110 in
3077 5070 3183 5125 qua
3224 5052 3512 5123 oportebat
3563 5063 3691 5103 eum

2119 5151 2419 5206 Ecclesiam
2469 5150 2579 5205 Deo
2619 5137 2958 5206 constituere
3007 5167 3020 5203 :
3057 5147 3149 5202 ubi
3178 5144 3438 5216 cognovit
3471 5155 3691 5198 omnem

2096 5232 2396 5315 'rcgionem
2431 5241 2610 5296 fraudi
2639 5242 2949 5297 daemonum
2976 5239 3268 5294 obnoxiam
3307 5251 3452 5299 esse,
3492 5248 3555 5288 ac
3576 5231 3693 5286 veri

2120 5335 2339 5408 quidem
2371 5336 2460 5390 lIei
2489 5336 2749 5404 templum
2793 5345 3062 5408 nusquam
3102 5336 3461 5393 exstructum,
3500 5325 3691 5380 urbem

2121 5445 2250 5487 vero
2282 5437 2453 5483 totam
2502 5434 2667 5497 atque
2721 5407 2911 5496 agrum
2945 5423 3186 5478 vicinum
3227 5423 3360 5488 aris,
3389 5418 3606 5476 sacellis
3640 5428 3695 5472 et

2122 5523 2318 5579 statuis
2348 5523 2614 5592 repletum
2644 5534 2787 5583 esse,
2817 5533 2942 5572 cum
2967 5524 3081 5570 tota
3112 5515 3264 5570 natio
3299 5513 3352 5568 id
3376 5513 3481 5569 sibi
3507 5510 3694 5568 studio

2124 5613 2375 5678 haberet,
2425 5619 2483 5666 ut
2533 5611 2758 5666 delubra
2805 5608 3228 5665 simulacrorum
3277 5613 3442 5674 atque
3493 5602 3695 5660 sacella

2123 5712 2542 5769 exornarentur,
2580 5713 2634 5759 et
2668 5703 2917 5760 homines
2957 5701 3012 5755 in
3038 5700 3235 5758 insano
3273 5700 3694 5756 simulacrorum

2125 5797 2294 5866 cultu,
2327 5795 2421 5871 qui
2465 5794 2699 5867 pompis,
2744 5791 3084 5853 eteremoniis
3121 5802 3283 5865 atque
3329 5786 3695 5846 immunditiis
