4068 6154
442 275 548 336 915

1682 292 1739 348 S.
1768 291 2097 351 GREGORII
2129 297 2419 355 NYbSENI

3597 303 3724 360 9Ιῦ

438 397 509 453 ad
528 413 652 482 aras
670 397 784 456 ﬁeri
813 401 1094 458 consuetis
1112 403 1560 476 conﬁrmaretur,
1588 422 1972 480 permanerent
1993 432 2005 468 :

2133 416 2264 480 εντὺς
2300 416 2448 490 ίεροῦ
2478 435 2622 482 τινος
2647 417 2876 488 γίνεται,
2911 417 3054 489 μετά
3082 418 3189 472 τῶν
3222 420 3502 490 ἑπομένων
3527 417 3707 489 αὐτῷ.

437 478 894 558 quemadmodum
948 499 1208 548 strenuus
1251 495 1472 565 quidam
1513 478 1669 554 miles
1709 515 1833 555 eum
1871 501 2012 558 duce

437 578 741 648 c0piarum,
765 579 922 648 cujus
946 581 1145 638 robore
1173 587 1521 654 potissimum
1545 604 1608 644 ac
1636 591 1841 647 virtute
1864 595 2010 650 acies

438 669 877 724 adversariorum
921 680 1048 738 stet,
1087 690 1444 749 congressus,
1483 680 1576 736 illo
1617 683 1859 751 devicto,
1903 686 2009 739 im-

435 760 587 830 perio
615 761 735 833 ejus
773 774 1028 832 parentes
1063 767 1117 822 in
1151 769 1335 840 fugam
1372 772 1537 827 vertit
1572 793 1585 828 :
1617 773 1807 830 eodem
1850 776 2013 831 modo

2118 509 2192 562 Τὺ
2233 509 2292 563 δέ
2325 509 2468 581 ἱερὸν
2508 511 2686 564 ἐκεῖνο
2719 509 2826 566 τῶν
2852 511 3138 582 ἐπισήμων
3178 507 3265 582 ἦν,
3307 504 3352 580 ᾧ
3384 527 3468 574 τις
3492 510 3713 582 φανερὰ

2119 599 2228 651 τῶν
2256 597 2708 672 θεραπευομένων
2741 601 3009 672 δαιμόνων
3047 603 3388 673 ἐπιφοίτησις
3415 605 3528 666 τοῖς
3565 620 3714 656 νεω-

2121 687 2302 759 κόροις
2334 689 2560 758 ἐγίνετο.
2600 689 2868 761 μαντικῆς
2902 709 3043 756 τινος
3065 692 3416 764 χρησμῳδίας
3441 691 3573 763 παρ’
3603 692 3712 745 αὑο

2120 777 2230 831 τῶν
2263 779 2683 853 ἐνεργουμένης.

435 852 594 914 etiam
646 877 876 934 magnus
919 865 1024 922 iste
1067 865 1153 919 vir
1196 867 1265 922 ab
1309 867 1444 938 ipsis
1492 869 1830 929 daemonibus
1877 888 1991 928 rem
2031 873 2168 928 bene
2205 887 2395 943 gerere
2445 877 2660 933 orditur
2685 857 2712 931 ’τ
2768 880 2863 935 sed
2917 895 3024 951 qua
3072 878 3324 934 ratione?
3373 878 3511 933 Cum
3561 891 3704 949 pra:-

437 964 740 1014 tercuntem
788 971 819 1011 a
867 959 1163 1015 solitudine
1208 959 1276 1014 ad
1324 963 1516 1034 urbem
1579 979 1772 1019 versus
1829 980 2024 1036 vesper
2061 966 2454 1038 oppressisset,
2493 979 2548 1026 et
2582 971 2763 1028 imber
2793 973 3089 1030 violentior
3122 980 3360 1044 urgeret,
3412 988 3521 1028 una
3572 989 3702 1030 cum

436 1049 733 1105 comitibus
788 1052 1052 1122 templum
1115 1052 1394 1122 quoddam
1457 1053 1646 1112 intrat.
1719 1054 2008 1128 Templum
2059 1067 2242 1114 autem
2315 1060 2452 1116 illud
2506 1061 2722 1118 celebre
2763 1071 2884 1119 erat
2928 1081 2942 1118 :
2989 1063 3045 1118 in
3092 1079 3204 1134 quo
3239 1064 3335 1134 qui
3379 1063 3706 1118 colebantur

439 1146 716 1202 daemones
754 1146 1047 1203 manifesto
1085 1163 1147 1204 se
1191 1147 1392 1207 oﬂ'errc
1433 1158 1487 1206 et
1532 1152 1802 1208 accedere
1861 1153 1932 1208 ad
1975 1155 2256 1213 antistites
2290 1157 2482 1229 templi
2511 1167 2565 1214 et
2596 1158 2829 1215 aedituos
2867 1159 3118 1216 solebant
3150 1177 3164 1214 :
3195 1157 3400 1230 quippe
3433 1157 3706 1214 divinatio

438 1239 687 1310 quaedam
727 1241 796 1296 ab
831 1241 911 1297 eis
947 1243 1326 1310 exercebatur,
1366 1251 1422 1301 et
1451 1247 1733 1301 oraculum
1758 1247 2043 1303 edebatur.

513 1330 648 1387 Cum
681 1348 741 1388 se
769 1333 1067 1404 recepisset
1102 1335 1273 1406 igitur
1305 1351 1430 1392 cum
1463 1338 1757 1394 comitibus
1793 1339 1848 1392 in
1878 1339 2015 1396 illud

2193 1341 2474 1397 Ὑπελθὼν
2500 1343 2558 1397 δὲ
2589 1343 2650 1398 τὸ
2685 1342 2829 1416 ἱερὸν
2863 1343 3000 1415 μετὰ
3033 1342 3141 1396 τῶν
3177 1342 3274 1396 σὺν
3307 1340 3476 1413 αὐτῷ,
3499 1340 3568 1396 τά
3604 1341 3708 1412 μὲν

440 1424 727 1495 templum,
800 1426 1074 1484 dzemones
1135 1428 1355 1499 quidem
1408 1431 1594 1485 statim
1667 1430 2016 1487 invocatione

2133 1433 2370 1505 Ξαιμόνια
2409 1433 2750 1506 παραχρῆμα
2777 1436 2846 1506 τῇ
2891 1435 3174 1504 ἐπικλήσει
3201 1431 3296 1487 τοῦ
3323 1433 3583 1504 ὀνόματος
3608 1427 3706 1485 τοῦ

438 1517 682 1573 nominis
707 1517 913 1574 Christi
942 1519 1322 1590 perterreieeit
1351 1538 1364 1576 :
1405 1521 1577 1593 ﬁgura
1612 1530 1798 1578 autem
1833 1523 2022 1580 erucis

2133 1526 2359 1597 Χριστοῦ
2386 1527 2779 1599 κατεπτόησεν·
2811 1525 2892 1596 τῷ
2927 1525 2985 1580 δέ
3025 1525 3181 1597 τύπῳ
3214 1523 3310 1579 τοῦ
3346 1524 3580 1595 σταυροῦ
3612 1525 3709 1577 τὸν

439 1609 730 1666 nidoribus
779 1611 1124 1680 inquinatum
1171 1627 1304 1669 aera
1353 1628 1480 1668 cum
1527 1615 1804 1686 expiasset
1854 1621 2020 1686 atque

2133 1616 2534 1689 μεμολυσμένον
2584 1620 2706 1682 ταῖς
2751 1619 3002 1682 κνίσσαις
3050 1617 3190 1689 ἀέρα
3231 1614 3591 1684 καθαγνίσας,
3626 1615 3708 1668 δι-

440 1702 758 1769 lustrasset,
789 1705 934 1775 quod
965 1706 1148 1762 facere
1191 1705 1391 1762 solitus
1423 1715 1563 1773 erat,
1598 1715 1816 1762 noctem
1845 1715 2015 1763 totam

2133 1707 2351 1779 ήγαγεν,
2383 1707 2526 1761 κατά
2560 1707 2622 1762 τδ
2663 1707 2893 1780 σύνηθες
2920 1706 3095 1778 αὐτῷ,
3116 1706 3216 1775 τὴν
3243 1704 3414 1759 νύκτα
3443 1705 3624 1758 πᾶσαν
3649 1706 3710 1758 ἐν

441 1794 786 1850 orationibus
825 1802 879 1850 et
922 1795 1145 1851 laudum
1177 1795 1660 1853 decantationibus
1696 1798 2016 1868 pervigilem

440 1887 736 1958 transegit,
767 1886 904 1941 adeo
935 1895 993 1941 ut
1016 1887 1072 1940 in
1104 1885 1325 1943 domum
1353 1889 1630 1945 orationis
1660 1889 2020 1944 transforma-

441 1985 598 2035 rctur
641 1979 785 2035 ardes
820 1979 934 2045 illa,
987 1995 1108 2050 qua:
1152 1987 1206 2035 et
1247 1981 1500 2036 altarium
1532 1963 1796 2038 sordibus
1827 1991 1882 2038 et
1919 1983 2021 2038 im-

443 2070 714 2126 munditia
744 2079 1137 2142 conspurcata,
1163 2081 1216 2128 et
1242 2076 1441 2130 statuis
1470 2074 1660 2131 odiosa
1693 2082 1856 2146 atque
1886 2076 2021 2131 abo-

442 2163 726 2220 minabilis
782 2173 922 2221 erat.
985 2163 1102 2220 Hoc
1147 2165 1331 2238 itaque
1389 2165 1553 2221 modo
1615 2174 1776 2222 nocte
1835 2165 1906 2221 ab
1955 2181 2023 2223 eo

441 2260 750 2320 transacta,
790 2253 940 2310 circa
965 2254 1270 2312 diluculum
1301 2270 1496 2312 rursus
1520 2255 1627 2312 iter
1659 2270 1821 2312 suum
1854 2270 2023 2328 porro

441 2343 629 2402 facere
671 2346 951 2418 pergebat.
990 2348 1126 2404 Cum
1179 2357 1364 2405 autem
1399 2350 1632 2407 antistes
1676 2365 1841 2406 mane
1885 2364 2024 2406 con-

443 2443 605 2493 sueto
634 2435 812 2492 officio
855 2436 1136 2496 daemones
1169 2439 1397 2505 coleret,
1439 2439 1622 2496 oblata
1663 2440 1711 2495 ei
1755 2439 2026 2496 daemonia

445 2525 655 2583 dixisse
681 2525 969 2594 feruntur,
1001 2544 1110 2585 non
1145 2529 1251 2586 sibi
1280 2539 1467 2602 patere
1503 2531 1734 2602 posthac
1788 2532 2024 2602 amplius

447 2620 656 2699 aditum
683 2619 751 2675 ad
783 2621 1067 2692 templum,
1095 2629 1323 2694 propter
1354 2639 1503 2688 eum,
1535 2625 1627 2696 qui
1658 2624 1714 2679 in
1743 2640 1810 2680 eo
1847 2625 2025 2680 diver-

447 2720 604 2769 satus
635 2720 782 2770 esset
825 2731 839 2769 :
872 2721 1036 2784 atque
1064 2714 1154 2781 ille
1179 2715 1516 2772 lustratoriis
1541 2717 2024 2787 piacularibusque

447 2804 742 2861 sacriﬁciis
764 2813 818 2860 et
848 2805 1051 2864 hostiis
1071 2813 1232 2862 utens
1257 2822 1353 2877 per
1370 2807 1486 2862 haec
1507 2807 1573 2862 ad
1603 2807 2024 2878 immigrandum

447 2911 648 2953 rursus
682 2897 740 2952 in
774 2898 1034 2968 templum
1064 2898 1332 2954 daemonia
1361 2899 1562 2955 dicitur
1597 2901 1831 2956 invitare
1861 2915 2028 2955 cona-

452 3000 542 3044 tus
593 3003 718 3044 esse
753 3005 768 3043 :
812 2995 871 3042 ut
918 2996 1100 3044 autem
1153 2989 1291 3044 nihil
1331 3005 1441 3045 non
1479 2992 1742 3046 tentantis
1779 2991 2024 3047 studium

2127 1801 2456 1872 προσευχαῖς
2486 1817 2546 1854 τε
2587 1799 2683 1853 καὶ
2725 1798 3019 1871 ὑμνῳδίαις
3064 1797 3515 1869 διαγρυπνήσας,
3563 1795 3710 1848 ὥστε

2129 1890 2643 1961 μετασκευασθῆναι
2678 1893 2758 1954 είς
2805 1890 3117 1962 προσευχῆς
3150 1885 3325 1955 οἷκον,
3357 1888 3447 1940 τὸν
3488 1885 3709 1940 ἐϐδελυ-

2124 1971 2326 2051 γμένον
2360 1980 2437 2051 τῷ
2483 1998 2541 2035 τε
2585 1980 2870 2052 ἐπιϐωμίῳ
2906 1979 3088 2051 λύθρῳ
3119 1980 3213 2034 καὶ
3253 1979 3366 2042 τοῖς
3398 1976 3712 2047 ἀφιδρύμαμ

2129 2085 2232 2122 σιν.
2278 2068 2478 2125 Τοῦτον
2516 2070 2573 2124 δέ
2613 2071 2704 2126 τὸν
2741 2071 2942 2142 τρόπον
2979 2071 3078 2142 τῆς
3115 2070 3308 2133 νυκτὸς
3347 2068 3496 2138 αὑτῷ
3524 2068 3711 2122 διανυ-

2129 2159 2371 2234 σθείσης,
2419 2163 2597 2232 εῐχετο
2641 2161 2802 2217 πάλιν
2839 2161 2981 2217 κατά
3009 2162 3101 2216 τὸν
3145 2161 3341 2234 όρθρον
3382 2162 3481 2232 τῆς
3519 2160 3613 2213 ἐπὶ
3647 2157 3718 2212 τὸ

2129 2254 2318 2325 πρόσω
2355 2255 2598 2327 πορείας.
2631 2256 2740 2310 Τοῦ
2788 2255 2845 2310 δέ
2889 2257 3162 2328 νεωκόρου
3209 2256 3352 2310 κατὰ
3393 2254 3484 2308 τὸν
3511 2254 3716 2325 ὄρθρον

2128 2344 2228 2417 τὴν
2251 2345 2454 2418 συνήθη
2483 2347 2850 2417 προσάγοντος
2877 2347 3173 2420 θεραπείαν
3201 2349 3314 2411 τοῖς
3338 2343 3606 2414 δαίμοσιν,
3640 2345 3719 2396 εί-

2130 2438 2605 2508 πεῖν-ἐπιφανέντα
2633 2440 2797 2510 φασὶν
2823 2438 2974 2510 αὑτῷ
2999 2439 3072 2493 τὰ
3091 2439 3361 2508 δαιμόνια,
3389 2435 3588 2491 ἄϐατον
3613 2435 3713 2489 αὑο

2129 2530 2242 2594 τοῖς
2269 2529 2331 2583 τὸ
2364 2530 2509 2602 ἱερὸν
2537 2527 2678 2586 εἶναι
2697 2572 2712 2598 ,
2741 2531 2828 2586 διὰ
2866 2530 2958 2585 τὸν
2991 2533 3052 2607 ἐν
3066 2529 3246 2603 ηςαὺτῷ
3279 2527 3710 2600 καταμείναντα·

2130 2622 2225 2677 τὸν
2253 2622 2310 2676 δέ
2341 2623 2657 2696 καθαρσίοις
2692 2623 2802 2678 τισὶ
2827 2623 2921 2678 καὶ
2955 2622 3166 2687 θυσίαις
3198 2622 3477 2694 χρώμενον
3501 2621 3718 2691 ἐπιχει-

2132 2715 2247 2784 ρεῖν
2268 2713 2358 2767 διὰ
2385 2713 2588 2770 τούτων
2610 2715 2772 2769 πάλιν
2799 2714 3088 2768 είσοικίσαι
3108 2713 3184 2784 τῷ
3209 2711 3322 2782 ναῷ
3345 2711 3414 2765 τὰ
3437 2712 3716 2782 δαιμόνιαο

2132 2801 2208 2866 ὡς
2249 2803 2305 2855 δὲ
2353 2805 2535 2857 πᾶσαν
2569 2803 2733 2858 αὑτοῦ
2774 2806 2969 2874 πεῖραν
3004 2802 3368 2874 προσάγοντος
3388 2841 3402 2866 ,
3432 2798 3714 2868 ἄπρακτος

2132 2892 2200 2969 ῆν
2236 2899 2537 2993 ήνσπουδὴ,
2574 2897 2813 2969 οὐδαμοῦ
2853 2896 2995 2950 κατὰ
3041 2896 3102 2950 τὺ
3144 2894 3370 2993 σύνηθες
3412 2892 3721 2993 ὑπακρυόνῑ

2133 3003 2240 3040 των
2274 2980 2440 3040 ἆὺτοῦ
2479 2987 2592 3042 τῶν
2627 2988 2902 3059 δαιμόνων
2926 2989 2992 3058 τῇ
3029 2985 3344 3058 ἐπικλήσει·
3387 2983 3510 3038 τότε
3555 2980 3725 3053 θυμῷ

452 3079 669 3136 irritum
711 3087 765 3136 et
809 3078 1055 3134 ineliicax
1089 3088 1230 3145 erat,
1266 3081 1608 3138 daemonibus
1655 3083 1806 3137 nullo
1840 3082 2024 3147 modo,

2135 3083 2229 3136 καὶ
2273 3083 2410 3154 ὀργῇ
2455 3083 2746 3148 διαναστὰς
2787 3082 3194 3154 καταλαμϐάνει
3227 3079 3318 3134 τὸν
3359 3080 3532 3151 μέγαν
3571 3079 3718 3132 ἐκεῖ·

456 3172 623 3227 sicuti
656 3177 1076 3235 consueverant,
1113 3170 1233 3242 ejus
1272 3171 1604 3226 invocationi
1643 3171 2030 3242 obtemperan-

456 3264 606 3318 tibus
639 3281 652 3318 :
687 3273 816 3318 tunc
847 3263 924 3317 ira
953 3271 1118 3335 atque
1144 3263 1521 3336 indignatione
1552 3264 1882 3320 furibundus
1905 3279 2030 3319 cum

455 3368 578 3410 sese
607 3353 971 3423 proripuisset
1019 3354 1271 3418 antistes,
1338 3369 1594 3424 magnum
1644 3355 1796 3408 illum
1853 3356 2031 3410 virum

456 3448 787 3517 assequitur,
824 3447 1186 3518 gravissimas
1209 3457 1263 3502 et
1303 3448 1540 3502 maxime
1568 3447 1840 3502 terribiles
1865 3463 2034 3517 quas-

457 3554 564 3608 que
597 3540 775 3594 minas
807 3537 1110 3603 intentans,
1153 3537 1303 3608 quod
1336 3545 1390 3592 et
1423 3537 1488 3591 ad
1530 3538 1887 3607 magistratus
1908 3553 2031 3591 eum

454 3630 762 3693 delaturus,
799 3637 852 3685 et
888 3645 1049 3684 manu
1071 3629 1337 3684 adversus
1365 3643 1488 3682 eum
1523 3643 1750 3693 usurus,
1781 3639 1832 3683 ct
1866 3629 2035 3698 impc-

455 3723 626 3776 ratori
651 3722 936 3777 audaciam
985 3722 1334 3777 indicaturus
1377 3729 1546 3784 esset,
1581 3721 1727 3791 quod
1773 3722 2032 3775 nimirum

456 3816 805 3870 Christianus
826 3823 880 3870 ct
917 3815 1027 3870 diis
1050 3816 1305 3870 inimicus
1331 3815 1592 3884 templum
1621 3813 1831 3883 ingredi
1865 3829 2034 3868 ausus

458 3914 604 3961 esset
642 3924 656 3961 :
688 3908 848 3975 cujus
883 3906 1166 3959 introitum
1207 3913 1458 3960 aversata
1506 3913 1652 3960 esset
1685 3917 1771 3970 ea,
1815 3919 1937 3973 qua;
1980 3903 2034 3957 in

460 3997 635 4051 sacris
676 4002 999 4064 operaretur
1025 3998 1128 4057 vis,
1169 4010 1268 4050 nec
1313 3995 1549 4065 amplius
1594 4001 1654 4049 ut
1685 4003 2033 4058 consuesset,

460 4086 515 4138 in
551 4085 618 4141 iis
647 4086 784 4140 locis
806 4085 1136 4140 vaticinandi
1175 4087 1482 4140 daemonum
1525 4085 1766 4142 efﬁcacia
1786 4103 2037 4143 versare-

459 4186 574 4232 tur.
644 4177 779 4230 Cum
842 4185 1018 4238 autem
1080 4177 1170 4233 illc
1233 4177 1554 4233 elTrenatam
1615 4186 1668 4232 et
1727 4179 2034 4249 imperitam

461 4269 724 4324 antistitis
746 4267 1258 4324 excandescentiam
1280 4269 1463 4323 animo
1477 4271 1696 4324 excelso
1711 4271 2034 4340 sprevisset,

458 4373 514 4418 et
545 4371 741 4418 contra
769 4375 961 4416 omnes
993 4359 1171 4414 minas
1195 4361 1305 4416 veri
1339 4359 1430 4415 Dei
1454 4361 1718 4414 auxilium
1745 4361 2033 4429 objiceret,

2132 3193 2222 3231 vov
2253 3177 2282 3230 ό
2323 3177 2611 3249 νεωκόρος,
2653 3179 2832 3233 πάντα
2875 3176 3112 3231 ἀπειλῶν
3158 3175 3229 3229 τὰ
3263 3175 3575 3237 δεινότατα,
3620 3175 3715 3227 καὶ

2131 3271 2243 3332 τοῖς
2279 3269 2538 3340 ἄρχουσιν
2582 3270 2984 3340 εἰσαγγέλλειν,
3037 3269 3132 3323 καὶ
3185 3269 3330 3340 χειρὶ
3377 3269 3498 3322 κατ’
3547 3265 3721 3320 αὑτοῦ

2133 3361 2457 3433 κεχρῆσθαι,
2491 3361 2703 3432 βασιλεῖ
2732 3362 3102 3432 καταμηνύειν
3143 3362 3240 3435 τὴν
3267 3362 3491 3432 τόλμαν,
3533 3363 3615 3414 ὅτι
3650 3361 3714 3432 δὴ

2132 3451 2455 3521 Χριστιανὸς
2479 3451 2556 3504 ὢν
2578 3453 2673 3505 καὶ
2700 3453 2840 3516 θεοῖς
2867 3453 3079 3525 ἐχθρὸς,
3107 3453 3406 3524 ἐτόλμησεν
3435 3452 3585 3515 ἐντὸς
3605 3451 3716 3504 τῶν

2135 3544 2450 3615 ἀνακτόρων
2491 3544 2779 3612 γενέσθαι’
2823 3539 2885 3600 οὗ
2936 3545 3033 3617 τὴν
3078 3545 3282 3600 εἴσοδον
3332 3545 3717 3616 ἀπεστράφθαι

2132 3636 2232 3706 τὴν
2271 3638 2327 3690 ἐν
2370 3641 2484 3701 τοῖς
2527 3639 2693 3711 ἱεροῖς
2734 3641 3061 3710 ἐνεργοῦσαν
3096 3639 3348 3709 δύναμιν,
3388 3639 3480 3692 καὶ
3518 3638 3716 3708 μηκέτι

2135 3726 2522 3799 ἐπιχωριάζειν
2558 3733 2670 3794 τοῖς
2705 3731 2891 3795 τόποις
2925 3733 3068 3786 κατὰ
3098 3731 3159 3784 τὸ
3191 3730 3420 3801 σύνηθες
3452 3729 3552 3800 τὴν
3583 3747 3718 3799 μανι

2134 3819 2294 3890 τικὴν
2327 3820 2434 3874 τῶν
2473 3821 2742 3893 δαιμόνων
2772 3824 3072 3894 ἐνέργειαν.
3115 3823 3220 3876 Τοῦ
3250 3823 3306 3876 δὲ
3347 3823 3438 3876 τὸν
3470 3821 3714 3892 προπετῆ

2136 3913 2232 3966 καὶ
2273 3912 2596 3966 ἀπαίδευτον
2634 3914 2728 3968 τοῦ
2763 3916 3032 3988 νεωκόρου
3080 3915 3248 3986 θυμὸν
3295 3917 3354 3969 ἐν
3399 3915 3718 3984 ὑπερέχοντι

2139 4004 2448 4076 φρονήματι
2484 4005 2934 4072 καταϐάλλοντος,
2990 4007 3089 4060 καὶ
3133 4007 3227 4059 τοῦ
3277 4006 3534 4077 ἀληθινοῦ
3582 4003 3716 4057 Θεοῦ

2136 4093 2236 4164 τὴν
2276 4095 2593 4165 συμμαχίαν
2625 4097 2827 4162 πάσαις
2859 4098 3390 4170 ἁντιπροϐαλομένου
3415 4101 3534 4162 ταῖς
3563 4099 3720 4150 ἀπει-

2137 4182 2280 4249 λαῖς,
2313 4185 2410 4238 καὶ
2445 4185 2696 4252 λέγοντος
2726 4187 2980 4241 τοσοῦτον
3020 4189 3339 4242 πεποιθέναι
3383 4191 3450 4259 τῇ
3493 4187 3718 4256 δυνάμει

2137 4275 2230 4328 τοῦ
2277 4277 2725 4350 ὑπερμαχοῦντος
2752 4279 2939 4347 αὑτοῦ,
2970 4281 3112 4334 ὥστε
3152 4283 3270 4335 κατ’
3303 4282 3551 4348 ἐξουσίαν
3578 4283 3718 4350 ἔχειν

2140 4364 2466 4420 ἀπελαύνειν
2491 4386 2552 4420 τε
2584 4370 2802 4434 αὑτοὺς,
2829 4369 2949 4423 ὅθεν
2980 4371 3046 4424 ἂν
3081 4371 3362 4441 βούληται,
3391 4371 3483 4424 καὶ
3507 4370 3720 4423 εἰσοικί-

459 4467 524 4504 ac
551 4450 775 4512 diceret,
816 4447 962 4518 quod
997 4455 1209 4502 tantum
1246 4448 1454 4503 ﬁduciae
1491 4449 1717 4503 haberet
1749 4451 1800 4502 in
1834 4450 2029 4504 virtute

2137 4460 2249 4524 ζειν
2299 4454 2380 4524 οἷς
2432 4462 2498 4516 ἂν
2538 4463 2693 4534 ἐθέλῃ
2745 4463 2959 4530 τόποις,
3007 4465 3101 4518 καὶ
3152 4465 3250 4528 τὰς
3299 4463 3603 4530 ἀποδείξεις
3646 4457 3718 4516 ὧν

460 4549 626 4610 atque
669 4539 915 4610 potentia
953 4538 1037 4597 sui
1077 4539 1522 4609 propugnatoris,
1549 4548 1608 4592 ut
1643 4554 1740 4608 pro
1765 4539 2034 4593 arbitratu

459 4647 557 4687 eos
601 4639 658 4686 et
688 4632 906 4702 abigere
939 4640 1126 4702 posset
1156 4631 1526 4702 undecunque
1564 4630 1746 4694 vellet,
1777 4640 1832 4687 et
1867 4630 2037 4687 intro-

461 4725 668 4780 ducere
713 4724 770 4778 in
813 4738 1159 4794 qumcunque
1191 4723 1312 4778 loca
1347 4721 1451 4778 sibi
1487 4722 1785 4790 videretur,
1819 4738 2040 4778 earum-

461 4833 570 4887 que
592 4831 798 4880 rerum,
821 4831 942 4886 qua:
962 4815 1194 4878 diceret,
1223 4814 1724 4871 demonstrationes
1748 4830 1808 4872 se
1828 4822 2038 4871 extenf-

460 4910 553 4980 plo
594 4908 708 4979 jam
743 4908 1104 4979 praebiturum
1155 4921 1280 4962 esse
1324 4906 1681 4977 polliceretur
1715 4925 1732 4963 :
1774 4908 2038 4978 obstupe-

461 5000 644 5056 factus
689 5000 921 5056 antistes
957 5008 1010 5054 ct
1049 4998 1354 5056 admiratus
1404 4999 1839 5070 magnitudinem
1883 5008 2040 5071 potco

463 5093 648 5159 statis,
693 5093 1006 5162 postulasse
1035 5092 1258 5156 dicitur,
1295 5100 1355 5146 ut
1386 5093 1455 5147 ab
1489 5092 1574 5146 his
1612 5092 2036 5163 ipsis'virtutem

2139 4552 2324 4620 ἔλεγεν
2375 4555 2474 4626 ήδη
2531 4555 2789 4626 παρέξειν
2843 4557 3311 4627 ὑπισχνουμένου,
3365 4557 3720 4626 θαυμάσαντα

2138 4643 2232 4697 τὸν
2286 4645 2584 4716 νεωκόρον,
2636 4645 2731 4698 καὶ
2785 4647 3204 4714 καταπλαγέντα
3255 4647 3316 4700 τὸ
3361 4648 3593 4719 μέγεθος
3624 4648 3723 4717 τῆς

2142 4727 2406 4794 ἐξουσίας,
2421 4731 2707 4787 ἀπἀὐτῶν
2733 4734 2934 4790 τούτων
2961 4735 3130 4802 δεῖξαι
3157 4738 3255 4808 τὴν
3279 4738 3527 4808 δύναμιν,
3557 4756 3723 4807 προσ-

2142 4821 2506 4889 καλέσασθαι,
2555 4827 2651 4879 καὶ
2697 4827 2859 4881 πάλιν
2890 4829 3040 4892 ἐντὸς
3072 4831 3296 4900 ποιῆσαι
3345 4830 3440 4884 τοῦ
3481 4829 3628 4899 ίεροῦ
3659 4831 3723 4883 τὰ

2144 4913 2416 4984 δαιμόνια.
2468 4919 2800 4974 Ἀκοὺσαντα
2839 4921 2895 4975 δὲ
2928 4922 3088 4977 τοῦτο
3126 4923 3217 4977 τὸν
3249 4924 3452 4994 μέγαν,
3482 4923 3724 4993 ἀττορρῆ-

2149 5004 2236 5070 ξαί
2261 5025 2316 5060 τι
2341 5009 2432 5063 τοῦ
2468 5009 2673 5080 βιϐλίου
2697 5015 2891 5084 τμῆμα
2919 5014 3116 5086 βραχὺ,
3146 5017 3236 5070 καὶ
3256 5015 3436 5070 δοῦναι
3465 5017 3624 5070 τοῦτο
3651 5016 3724 5086 τῷ

2145 5100 2431 5174 νεωκόρῳ,
2485 5108 2892 5177 προστακτικήν
2929 5124 3050 5162 τινα
3082 5109 3264 5178 φωνὴν
3304 5107 3442 5161 κατά
3472 5107 3580 5159 τῶν
3613 5107 3723 5160 δαι-

461 5184 784 5242 ostendendi
850 5185 1064 5239 initium
1108 5183 1333 5245 faceret,
1373 5183 1703 5239 etinvitaret
1755 5201 1949 5242 rursus
1984 5194 2029 5242 et

2148 5193 2326 5263 μόνων
2350 5196 2661 5264 χαράξαντα
2678 5215 2690 5228 ·
2715 5194 2783 5269 ἦν
2807 5199 2864 5252 δέ
2895 5199 2962 5252 τὰ
2985 5200 3289 5270 γράμματα
3320 5203 3406 5254 ἐπ’
3431 5200 3605 5269 αὐτῆς
3630 5201 3723 5268 τῆς

463 5276 844 5335 introduceret
869 5278 924 5332 in
948 5279 1210 5346 templum
1253 5277 1523 5332 dmmonia
1553 5295 1566 5330 :
1592 5276 1795 5346 quibus
1831 5279 2036 5335 auditis

2143 5284 2338 5350 λέξεως
2357 5287 2549 5340 ταῦτα’
2566 5289 2941 5344 ΓΡΗΓΟΡΙΟΣ
2955 5291 3064 5343 ἸῺι
3081 5292 3398 5350 ΣΑΤΑΝΑι,
3416 5290 3720 5346 ΕΙΣΕΛΘΕ.

463 5383 696 5440 magnus
736 5367 826 5423 ille
884 5368 970 5422 vir
1010 5367 1314 5423 abscidisse
1361 5366 1616 5438 exiguum
1659 5367 1933 5436 quoddam
1997 5368 2234 5428 frustum
2281 5375 2350 5432 de
2401 5378 2591 5434 codice
2674 5379 2900 5445 dicitur,
2946 5381 3109 5451 idque
3137 5397 3262 5434 cum
3313 5382 3367 5436 in
3413 5397 3481 5436 eo
3538 5396 3721 5436 vocem

462 5460 758 5530 quamdam
784 5461 1186 5532 imperatricem
1215 5460 1481 5516 adversus
1555 5460 1829 5515 daemones
1895 5474 2202 5535 exarasset,
2271 5472 2507 5528 antistiti
2559 5474 2782 5532 dedisse

465 5556 777 5610 litterarum
809 5555 926 5609 hac
971 5573 984 5608 :
1013 5552 1415 5608 GREGORIUS
1447 5551 1766 5617 SATANAS,
1805 5554 2044 5611 INTRA.

539 5648 718 5716 Atque
742 5646 885 5701 hanc
916 5645 1232 5702 scliedulam
1259 5655 1542 5717 acceptam
1563 5647 1768 5702 dicitur
1805 5648 2038 5703 antistes

471 5740 802 5813 imposuisse
829 5737 1010 5805 altari,
1031 5736 1230 5794 deinde
1255 5753 1378 5794 cum
1399 5747 1693 5796 consuetos
1713 5739 1792 5797 eis
1817 5739 2038 5797 nidorcs

2831 5495 2845 5530 :
2898 5483 3058 5530 erant
3107 5483 3290 5528 autem
3354 5475 3474 5544 ipsa
3559 5474 3722 5530 verba

2218 5640 2464 5695 Λαϐόντα
2499 5641 2557 5695 δέ
2601 5642 2693 5697 τὸν
2729 5641 2994 5715 νεωκόρον
3040 5639 3316 5693 ἀναθεῖναι
3348 5639 3427 5711 τῷ
3468 5638 3635 5710 βωμῷ
3666 5637 3724 5692 τὺ

2154 5734 2390 5805 βιϐλίον,
2441 5731 2558 5790 εἶτα
2625 5735 3039 5808 προσαγαγόντα
3091 5733 3187 5800 τὰς
3247 5733 3496 5804 συνήθεις
3547 5733 3722 5798 αὐτοῖς
