4068 6154
411 285 527 342 917'

1389 280 1476 335 DE
1509 281 1670 336 VITA
1707 279 1764 338 S.
1804 281 2131 338 GREGORH
2171 279 2698 340 TIIAUMATURGI'.

3559 283 3662 338 918

414 399 640 461 κνίσσας
671 389 856 451 καὶτὰ
886 395 1171 465 μιάσματα
1191 430 1204 456 ,
1235 391 1394 445 πάλιν
1426 393 1550 445 ἰδεῖν
1576 393 1719 463 άπερ
1753 391 1900 462 ἑώρα
1929 392 1987 444 τὸ

2092 402 2148 447 et
2179 393 2530 462 impiamenta
2565 385 2873 454 obtulisset,
2930 388 3149 454 vidisse,
3189 404 3310 460 qua:
3345 388 3501 460 prius
3533 407 3661 444 con-

415 488 702 560 πρότερον,
733 484 861 555 πρὶν
895 481 1258 551 ἐξοικισθῆναι
1293 481 1384 534 τοῦ
1412 481 1682 535 είδωλείου
1712 483 1840 546 τοὺς
1877 481 1992 536 δαί-

419 595 606 649 μονας.
653 573 870 628 Τούτων
902 574 958 626 δὲ
986 571 1287 642 γεγονότων
1307 615 1322 638 ,
1360 571 1566 627 ἔννοιαν
1608 572 1770 626 αὐτὸν
1811 573 1992 627 λαϐεῖν

415 669 509 723 τοῦ
569 667 718 720 θείαν
755 661 893 718 εἷναί
925 682 1045 719 τινα
1086 664 1239 736 παρὰ
1269 663 1346 735 τῷ
1385 665 1670 737 Γρηγορίῳ
1699 664 1797 736 τὴν
1830 664 1993 719 δύνα-

417 778 530 832 μιν,
580 758 649 812 δι’
702 752 771 829 ἦς
825 757 1001 826 ἐφάνη
1041 756 1148 810 τῶν
1198 756 1467 827 δαιμῇνων
1514 757 1990 829 ἐπικρατέστεροςο

412 849 789 905 καταλαϐόντα
820 848 877 902 δὲ
909 846 1052 902 κατά
1080 847 1314 918 σπουδὴν
1341 847 1500 902 πάλιν
1531 849 1723 915 αὐτὸν,
1767 850 1896 920 πρὶν
1933 851 1992 907 ἐν

410 945 480 1012 τῇ
533 941 688 996 πόλει
738 938 1026 1008 γενέσθαι,
1065 938 1256 1010 μαθεῖν
1300 939 1499 1010 ἠξίωσε
1545 939 1676 1010 παρ’
1719 941 1885 994 αύτοῦ
1931 942 1993 996 τὸ

414 1034 736 1104 μυστήριον,
776 1031 872 1086 καὶ
907 1030 990 1094 τίς
1025 1033 1052 1084 6
1081 1031 1212 1094 Θεὸς
1242 1031 1446 1094 ἐκεῖνος
1478 1032 1507 1085 6
1532 1030 1632 1102 τὴν
1660 1031 1769 1084 τῶν
1798 1031 1992 1100 δαιμόν

416 1143 526 1180 νων
560 1125 720 1195 φύσιν
754 1122 1066 1194 ὐποχειρίαν
1099 1121 1259 1193 ἔχων.
1295 1122 1555 1186 Εἰπόντος
1596 1122 1653 1176 δὲ
1695 1122 1763 1176 δι’
1796 1122 1992 1192 ὀλίγων

415 1216 512 1270 τοῦ
545 1215 780 1287 μεγάλου
821 1213 883 1266 τὸ
912 1213 1010 1284 τῆς
1038 1212 1317 1276 εὐσεϐείας
1353 1214 1680 1283 μυστήριον,
1716 1213 1909 1268 παθεῖν
1937 1232 1991 1268 τι

411 1309 506 1361 τὸν
537 1307 803 1378 νεωκόρον
828 1300 940 1369 οἷον
966 1305 1114 1371 είκός
1137 1304 1230 1360 τὸν
1259 1304 1367 1358 τῶν
1401 1305 1560 1360 θείων
1589 1305 1834 1377 ἀμύητον
1855 1321 1869 1337 ·
1897 1307 1992 1361 καὶ

414 1399 739 1471 μικρότερον
780 1397 1032 1468 οἰηθῆναι
1068 1397 1167 1468 τῆς
1205 1398 1334 1469 περὶ
1363 1395 1498 1450 Θεοῦ
1539 1396 1895 1468 ὑπολήψεως,
1929 1399 1991 1451 τὸ

410 1487 700 1560 πεισθῆναι
738 1487 826 1541 διὰ
859 1485 1063 1558 σαρκὸς
1104 1485 1402 1556 πεφηνέναι
1442 1487 1554 1550 τοῖς
1586 1485 1896 1558 ἀνθρώποις
1929 1485 1990 1539 τὸ

409 1578 598 1633 Θεῖον·
644 1577 738 1631 τοῦ
773 1577 830 1632 δὲ
872 1577 949 1648 μὴ
997 1576 1177 1646 λόγοις
1212 1577 1456 1641 εἰπόντος
1494 1576 1592 1648 τὴν
1641 1578 1769 1650 περὶ
1798 1577 1988 1632 τούτου

412 1671 596 1726 πίστιν
623 1669 1006 1742 κρατύνεσθαι,
1038 1671 1150 1734 τοῖς
1174 1667 1232 1722 δέ
1261 1669 1370 1722 τῶν
1410 1669 1708 1739 γινομένων
1745 1669 1986 1740 θαύμασι

2094 481 2309 551 Spicere
2362 481 2585 545 soleret,
2648 487 2942 548 antequam
3006 477 3283 534 daemones
3326 493 3394 533 ex
3435 477 3663 533 delubro

2094 571 2252 642 ejecti
2280 579 2488 628 essent.
2525 569 2737 635 Quibus
2773 570 2938 625 rebus
2979 568 3240 638 peractis,
3268 583 3392 623 eum
3426 567 3664 639 cmpisse

2094 663 2358 735 cogitare,
2425 662 2571 733 quod
2615 661 2802 716 divina
2869 658 3119 730 quaedam
3161 661 3336 716 virtus
3396 658 3662 730 Gregorio

2094 752 2334 818 adesset,
2367 768 2462 823 per
2495 766 2657 823 quam
2688 750 3030 806 daemonibus
3064 749 3295 804 validior
3322 748 3477 804 visus
3496 759 3658 804 esset.

2093 843 2230 900 Cum
2281 854 2462 899 autem
2535 857 2727 898 rursus
2793 856 2916 897 eum
2972 839 3280 896 festinando
3329 848 3661 896 consecutus

2093 933 2264 1001 eSset,
2305 933 2624 1004 priusquam
2678 931 3019 1002 pervenisset
3077 931 3131 984 in
3189 929 3406 993 urbem,
3453 929 3663 1000 rogavit

2092 1041 2218 1083 eum
2271 1035 2332 1081 ut
2378 1026 2480 1082 sibi
2519 1026 2840 1097 mysterium
2871 1025 2939 1079 ab
2968 1023 3084 1093 ipso
3114 1021 3327 1077 discere
3365 1021 3573 1085 liceret,
3607 1030 3663 1075 et

2091 1117 2346 1187 quisnam
2393 1123 2540 1172 esset
2582 1116 2674 1171 ille
2718 1114 2885 1180 Deus,
2928 1113 3022 1184 qui
3057 1121 3306 1167 naturam
3352 1111 3659 1166 daemonum

2091 1209 2383 1264 obnoxiam
2444 1207 2686 1264 haberet.
2734 1206 2872 1263 Cum
2930 1213 3111 1260 autem
3172 1220 3403 1276 magnus
3449 1205 3542 1260 ille
3579 1203 3662 1258 vir

2091 1301 2286 1371 paucis
2343 1299 2665 1371 mysterium
2718 1297 2943 1369 pietatis
2977 1296 3350 1368 exposuisset,
3394 1297 3662 1354 accidisse

2090 1392 2351 1463 quiddam
2405 1391 2607 1446 dicitur
2661 1390 2893 1446 antistiti
2938 1389 3098 1460 quale
3128 1402 3228 1460 par
3262 1396 3382 1444 erat
3413 1389 3662 1444 accidere

2090 1483 2165 1548 ei,
2211 1485 2306 1554 qui
2347 1482 2401 1538 in
2444 1482 2612 1540 rebus
2671 1481 2874 1538 divinis
2909 1497 3018 1537 non
3071 1489 3219 1538 esset
3266 1480 3558 1536 initiatus:
3598 1495 3662 1536 ac

2088 1574 2254 1631 vilius
2281 1590 2405 1631 esse
2424 1583 2664 1645 putasse,
2695 1589 2860 1646 quam
2891 1573 2960 1630 de
2983 1572 3093 1628 Deo
3126 1572 3428 1630 existimari
3459 1587 3660 1628 convc-

2090 1664 2264 1732 niret,
2307 1665 2532 1721 credere
2581 1665 2727 1736 quod
2771 1679 2974 1720 numen
3023 1663 3269 1718 divinum
3307 1677 3405 1733 per
3440 1676 3662 1717 carnem

413 1762 476 1816 τὸ
513 1739 703 1816 πιστόν
734 1761 898 1832 ἔχειν,
927 1759 1160 1832 ζητῆσαι
1201 1759 1282 1813 ἐτι
1311 1761 1439 1830 παρ’
1469 1759 1632 1813 αὐτοῦ
1672 1739 1863 1832 θαῦμα
1894 1761 1986 1815 τὸν

2091 1756 2407 1815 hominibus
2429 1757 2809 1828 apparuisset;
2833 1769 3068 1826 cumque
3089 1755 3179 1810 ille
3199 1763 3389 1810 contra
3408 1751 3660 1817 dixisset,

415 1855 680 1926 νεωκόρον
710 1853 856 1916 ίδείν,
883 1851 961 1916 ὡς
988 1848 1091 1906 εἷθ’
1131 1851 1305 1916 οὕτως
1349 1851 1723 1922 προσαχθῆναι
1766 1852 1855 1907 διὰ
1892 1853 1986 1908 τοῦ

411 1943 697 2016 γινομένου
719 1943 858 2014 πρὸς
881 1942 979 2014 τὴν
997 1941 1096 2013 τῆς
1120 1940 1351 2005 πίστεως
1375 1939 1788 2011 συγκατάθεσιν.
1821 1942 1988 1997 Ἔνθα

407 2036 476 2109 δὴ
518 2037 580 2092 τὸ
611 2036 828 2092 πάντων
868 2034 1226 2090 ἀπιστότατον
1273 2033 1490 2103 λέγεται
1535 2034 1894 2104 πεποιηκέναι
1926 2035 1989 2088 τὺ

414 2124 560 2196 μέγα
601 2123 788 2196 θαῦμα
822 2124 914 2178 τὸν
960 2123 1133 2196 μέγαν
1167 2124 1392 2179 ἐκεῖνον.
1435 2121 1851 2193 Ἐπιζητοῦντος
1881 2124 1989 2194 γὰρ

409 2215 508 2268 τοῦ
555 2215 826 2286 νεωκόρου
873 2213 1020 2268 λίθον
1057 2213 1180 2269 τινά
1213 2213 1325 2268 τῶν
1369 2212 1682 2284 εύμεγεθῶν
1721 2212 1831 2268 τῶν
1868 2215 1988 2268 κατ’

407 2306 723 2376 ὄφθαλμοὺς
750 2303 898 2377 αύτῷ
925 2303 1396 2377 προφαινομένων,
1423 2303 1546 2375 δίχα
1571 2304 1752 2376 χειρὸς
1779 2305 1876 2359 ἀνθ
1887 2322 1990 2376 ρω-

412 2397 574 2469 πίνης
607 2396 913 2469 κινηθῆναι,
941 2397 1029 2452 διὰ
1055 2397 1112 2451 δέ
1147 2396 1314 2469 μόνης
1345 2397 1446 2468 τῆς
1492 2396 1632 2452 κατά
1665 2397 1763 2469 τὴν
1807 2398 1989 2452 πίστιν

396 2489 712 2561 δυνάμεως,
750 2490 1133 2562 προστάγματι
1172 2489 1267 2543 τοῦ
1300 2489 1602 2561 Γρηγορίου
1633 2489 1770 2561 πρὸς
1799 2489 1988 2560 ἕτερον

412 2580 774 2653 μετατεθῆναι
800 2580 975 2652 χῶρον
995 2597 1008 2611 ο
1046 2580 1210 2651 μηδὲν
1239 2578 1671 2650 ἀναϐαλλόμενον
1696 2579 1786 2634 τὸν
1816 2580 1988 2650 μέγαν

409 2673 636 2738 ἐκεῖνον,
676 2671 838 2734 εὐθὺς
866 2669 1168 2743 προστάξαι
1209 2669 1461 2740 καθάπερ
1493 2668 1724 2741 ἐμψύχῳ
1756 2669 1832 2740 τῷ
1858 2669 1988 2742 λίθῳ

414 2763 711 2835 μεταϐῆναι
754 2762 892 2832 πρός
921 2763 1126 2817 ἐκεῖνον
1171 2761 1262 2816 τὸν
1306 2761 1496 2827 τόπον,
1549 2761 1608 2814 ὃν
1655 2764 1684 2818 ό
1722 2762 1988 2832 νεωκόρος

411 2853 709 2919 ὑπέδειξεν.
739 2852 942 2906 Τούτου
969 2853 1025 2906 δὲ
1058 2853 1372 2924 γενομένου,
1403 2853 1744 2925 παραχρῆμα
1773 2852 1988 2907 πιστεῦ-

412 2962 504 2998 σαι
540 2943 619 3016 τῷ
661 2943 805 3016 λόγῳ
855 2944 947 2998 τὸν
993 2943 1194 3016 ἄνδρα·
1245 2945 1340 2999 καὶ
1384 2945 1562 2999 πάντα
1601 2945 1985 3012 καταλιπόντα,

2091 1847 2240 1920 quod
2275 1863 2383 1902 non
2414 1847 2601 1904 verbis
2635 1862 2700 1903 ac
2722 1847 3031 1902 rationibus
3057 1843 3223 1915 hujus
3259 1843 3336 1900 rei
3368 1843 3502 1899 ﬁdes
3537 1857 3663 1898 con-

2088 1938 2422 2003 ﬁrmaretur,
2447 1937 2542 1995 sed
2580 1953 2648 1994 ex
2679 1938 2844 1995 rebus
2881 1938 3249 2004 mirabilibus,
3292 1952 3415 2008 quae
3443 1937 3656 2002 tierent,

2087 2032 2197 2088 vim
2219 2031 2344 2088 ﬁdei
2368 2029 2629 2088 faciendae
2659 2030 2983 2100 mysterium
3011 2030 3237 2086 haberet
3275 2048 3288 2086 :
3329 2029 3558 2085 antistes
3591 2029 3662 2085 ab

2088 2137 2155 2181 eo
2189 2123 2416 2194 petiisse
2464 2121 2658 2190 fertur,
2710 2128 2772 2178 ut
2817 2121 2922 2178 sibi
2971 2121 3164 2178 liceret
3207 2121 3430 2192 aliquod
3484 2122 3553 2178 ab
3594 2137 3662 2178 eo

2089 2213 2418 2269 miraculum
2446 2214 2653 2278 videre,
2685 2220 2747 2269 ut
2778 2227 2840 2270 re
2864 2214 2985 2286 ipsa
3013 2228 3136 2284 quae
3165 2212 3340 2278 ﬁeret,
3369 2213 3434 2268 ad
3471 2228 3661 2270 assen-

2089 2305 2300 2362 sionem
2351 2314 2404 2362 et
2447 2304 2900 2377 approbationem
2949 2304 3073 2361 ﬁdei
3142 2303 3529 2362 adduceretur.
3580 2305 3661 2362 lbi

2089 2408 2220 2450 vero
2259 2395 2335 2460 id,
2370 2395 2514 2466 quod
2560 2397 2804 2458 omnium
2846 2395 3085 2451 maxime
3129 2395 3276 2452 dictu
3339 2395 3662 2452 incredibile

2086 2492 2193 2549 est,
2225 2499 2479 2557 magnum
2518 2485 2652 2541 illud
2685 2486 2882 2544 fecisse
2921 2501 3155 2558 magnus
3198 2487 3290 2543 ille
3317 2487 3521 2543 dicitur
3558 2489 3662 2542 mi-

2086 2577 2360 2632 raculum.
2396 2579 2532 2633 Cum
2571 2577 2715 2634 enim
2742 2579 3046 2650 postularet
3085 2579 3341 2644 antistes,
3375 2587 3432 2634 ut
3463 2594 3656 2637 saxum

2087 2669 2360 2740 quoddam
2407 2671 2624 2742 ingens,
2673 2669 2821 2741 quod
2885 2670 3061 2727 oculis
3111 2685 3300 2727 eorum
3350 2670 3660 2741 subjectum

2087 2762 2513 2832 prospiceretur,
2563 2768 2618 2817 et
2667 2776 2779 2817 non
2831 2771 3163 2829 moveretur,
3228 2763 3437 2834 absque
3494 2776 3659 2818 manu

2088 2852 2329 2907 humana
2370 2857 2707 2917 moveretur,
2759 2866 2825 2908 ac
2877 2868 2974 2924 per
2997 2855 3170 2910 solam
3210 2853 3331 2910 ﬁdei
3374 2854 3657 2919 virtutem,

2083 2942 2240 3016 jussu
2297 2943 2546 3016 Gregorii
2602 2945 2670 2998 ad
2714 2944 2945 3001 alterum
2999 2945 3177 3000 locum
3225 2943 3657 3002 transferretur:

409 3035 584 3104 γένος,
630 3037 827 3102 οἰκίαν,
858 3035 1103 3108 γαμετὴν
1125 3077 1140 3103 ,
1175 3037 1393 3102 παῖδας,
1428 3036 1633 3106 φίλους,
1665 3037 1982 3109 ἱερωσύνην,

2090 3037 2238 3094 nulla
2289 3038 2576 3108 interjecta
2638 3053 2790 3094 mora
2845 3053 3078 3110 magnus
3127 3038 3217 3093 ille
3261 3038 3447 3095 statim
3487 3039 3660 3110 impe-

411 3129 617 3198 ἐστίαν,
653 3130 930 3201 κτήματα,
963 3129 1084 3184 ἀντὶ
1117 3129 1333 3184 πάντων
1363 3129 1470 3183 τῶν
1498 3129 1806 3200 προσόντων
1837 3129 1986 3201 αὐτῷ

411 3221 775 3293 ποιήσασθαι,
804 3221 899 3276 τοῦ
931 3224 1165 3276 συνεῖναι
1201 3220 1278 3292 τῷ
1324 3221 1575 3293 μεγάλῳ,
1608 3222 1702 3275 καὶ
1746 3239 1986 3293 συμμετ-

411 3311 557 3383 έχειν
580 3311 686 3365 τῶν
718 3313 896 3367 πόνων
929 3311 1076 3382 αύτῷ
1114 3312 1332 3382 καὶτῆς
1359 3311 1507 3376 θείας
1539 3313 1754 3384 ἐκείνης
1778 3313 1987 3383 φιλοσο-

413 3404 544 3472 φίας
585 3421 644 3457 τε
675 3404 768 3457 καὶ
805 3403 1158 3468 παιδεύσεως.
1201 3403 1413 3473 Σιγάτω
1453 3403 1589 3475 πρὸς
1627 3403 1800 3458 ταῦτα
1837 3405 1985 3458 πᾶσα

411 3493 636 3568 τεχνικὴ
674 3494 780 3549 τῶν
822 3494 1175 3564 λογογράφων
1226 3494 1476 3565 περίνοια
1516 3495 1614 3556 τὰς
1658 3495 1986 3566 ἐπαυξήσεις

413 3585 522 3640 τῶν
569 3584 858 3658 θαυμάτων
907 3585 995 3639 διά
1044 3603 1188 3648 τινος
1236 3585 1521 3657 ῥητορείας
1569 3586 1662 3638 ἐπὶ
1698 3585 1758 3638 τὸ
1805 3585 1986 3656 μεῖζον

413 3676 726 3748 έξαίρουσα.
755 3677 828 3731 Ού
857 3677 965 3748 γὰρ
993 3676 1236 3740 ξτοιοῦτόν
1270 3678 1416 3730 ἐστιν
1444 3678 1500 3729 ἐν
1531 3679 1643 3740 τοῖς
1676 3677 1984 3746 εἰρημένοις

413 3767 476 3820 τὸ
518 3766 723 3840 θαῦμα,
757 3767 832 3832 ὡς
865 3771 931 3839 τῇ
967 3767 1190 3837 δυνάμει
1233 3766 1326 3820 τοῦ
1357 3767 1606 3836 λέγοντος
1655 3767 1874 3822 ἔλαττον
1919 3767 1986 3823 ἂν

413 3858 450 3930 ἢ
481 3861 664 3930 μεῖζον
691 3858 884 3912 ἐαυτοῦ
909 3858 1180 3928 γενέσθαι.
1206 3859 1272 3913 Τί
1297 3859 1404 3930 γάρ
1433 3876 1516 3922 τις
1540 3860 1708 3912 εἰπὼν
1741 3859 1889 3931 παρὰ
1917 3860 1988 3914 τὰ

415 3952 702 4024 είρημένα,
729 3951 1048 4024 προσθήκην
1079 3949 1343 4023 δώσειτῷ
1376 3950 1647 4021 θαύματι;
1680 3950 1805 4015 Πῶς
1843 3951 1888 4004 δ’
1920 3952 1986 4007 ἄν

413 4057 499 4103 τις
534 4040 852 4094 ἐλαττώσειε
883 4043 996 4104 τοῖς
1029 4040 1317 4094 ἀκούουσιν
1357 4040 1450 4093 ἐπὶ
1488 4039 1565 4109 τῷ
1603 4041 1847 4110 γεγονότι
1887 4041 1986 4113 τὴν

414 4127 706 4200 έκπληξιν;
734 4129 894 4194 Δίθος
918 4130 1174 4201 ἀφίστησι
1198 4130 1306 4183 τῶν
1325 4129 1487 4183 λίθων
1508 4131 1632 4195 τοὺς
1656 4129 1986 4200 δεδουλωμέ-

416 4237 541 4283 νους
566 4223 679 4284 τοῖς
707 4220 896 4284 λίθοις,
927 4220 1072 4283 λίθος
1100 4218 1276 4293 κῆρυξ
1301 4220 1398 4290 τῆς
1431 4220 1580 4284 θείας
1609 4221 1862 4287 πίστεως,
1891 4220 1986 4274 καὶ

416 4310 608 4380 όδηγδς
636 4314 747 4376 τοῖς
779 4312 1031 4376 ἀπίστοις
1066 4313 1145 4375 είς
1175 4312 1446 4383 σωτηρίαν
1472 4312 1697 4381 γίνεται,
1729 4313 1789 4367 ού
1833 4315 1982 4384 φωνῇ

2089 3144 2245 3186 rasse
2283 3129 2490 3185 dicitur
2535 3145 2667 3186 saxo
2723 3139 2979 3200 tanquam
3011 3130 3272 3199 animato,
3317 3138 3377 3186 ιιι
3402 3132 3660 3188 transiret

2087 3220 2156 3275 ad
2217 3221 2372 3275 illum
2417 3222 2623 3287 locum,
2685 3238 2844 3293 qnein
2901 3221 3264 3293 designasset,
3330 3237 3440 3293 quo
3493 3222 3657 3288 facto,

2086 3311 2361 3382 extemplo
2396 3312 2698 3369 credidisse
2738 3313 2978 3368 sermoni
3034 3313 3243 3369 dicitur
3287 3313 3550 3379 antistes,
3595 3329 3660 3369 ac

2087 3403 2296 3459 relictis
2334 3403 2614 3468 omnibus,
2651 3405 2996 3475 cognatione,
3034 3405 3260 3473 familia,
3297 3421 3489 3474 uxore,
3524 3407 3660 3462 libe-

2087 3494 2191 3558 ris,
2222 3493 2438 3557 amicis,
2476 3493 2804 3561 sacerdotio,
2843 3495 2992 3560 sede,
3025 3497 3500 3565 possessionibus,
3533 3497 3659 3552 loco

2087 3584 2331 3640 omnium
2359 3587 2649 3650 bonorum,
2691 3588 2891 3657 quibus
2940 3589 3272 3654 abundaret,
3316 3589 3563 3657 duxisse,
3610 3590 3659 3646 si

2087 3675 2268 3746 magni
2301 3675 2446 3731 illius
2478 3677 2876 3732 consuetudine
2910 3675 3041 3743 frui,
3077 3685 3131 3732 et
3164 3678 3412 3732 laborum
3441 3677 3660 3732 divinae-

2086 3781 2193 3835 que
2222 3765 2372 3822 illius
2409 3767 2772 3838 pliilOSOphiae
2803 3775 2968 3839 atque
3010 3769 3336 3824 eruditionis
3377 3783 3484 3824 una
3531 3785 3655 3824 eum

2087 3856 2180 3910 illo
2211 3859 2465 3930 participi
2499 3859 2604 3914 sibi
2634 3874 2756 3915 esse
2787 3859 2995 3915 liceret.
3035 3858 3206 3915 Sileat
3238 3859 3306 3914 ad
3339 3863 3453 3915 haec
3477 3861 3657 3916 omnis

2086 3947 2381 4004 artiﬁciosa
2431 3947 2762 4019 scriptorum
2808 3948 3071 4014 inventio,
3110 3964 3200 4005 res
3247 3949 3456 4020 amplas
3496 3956 3658 4018 atque

2087 4041 2380 4109 praeclaras
2426 4048 2544 4096 arte
2583 4041 2818 4111 quadam
2868 4040 3084 4097 dicendi
3122 4041 3392 4111 augendo,
3436 4039 3659 4110 ampliﬁ-

2086 4129 2266 4184 cando
2291 4139 2454 4200 atque
2496 4132 2877 4201 exaggerando
2913 4132 2969 4186 in
3005 4132 3185 4202 majus
3214 4133 3506 4189 extollens.
3538 4130 3658 4188 Non

2086 4219 2230 4276 enim
2263 4220 2533 4291 ejusmodi
2573 4222 2902 4277 miraculum
2945 4231 3029 4278 est
3053 4223 3110 4277 in
3150 4223 3240 4292 iis,
3263 4238 3386 4294 quae
3416 4237 3660 4278 comme—

2086 4321 2295 4368 morata
2317 4323 2466 4380 sunt,
2497 4313 2642 4384 quod
2666 4314 2715 4368 vi
2736 4329 2799 4370 ac
2828 4314 3085 4371 facultate
3108 4315 3341 4372 dicentis
3371 4314 3457 4369 vel
3479 4314 3658 4383 majus

412 4419 521 4455 τινι
549 4404 642 4457 καὶ
667 4402 808 4474 λόγῳ
841 4403 937 4476 τὴν
973 4403 1120 4458 θείαν
1162 4403 1389 4474 δύναμιν
1423 4404 1834 4476 ἁνακηρύσσων,
1867 4405 1982 4458 ἀλλ’

2088 4403 2170 4458 vel
2206 4403 2388 4457 minus
2417 4402 2534 4458 ﬁeri
2568 4403 2766 4474 possit,
2790 4419 2952 4475 quam
2978 4421 3036 4460 re
3063 4405 3179 4473 ipsa
3210 4414 3312 4460 est.
3342 4402 3482 4469 Quid
3512 4404 3657 4457 enim

413 4487 496 4558 οἷς
527 4493 700 4547 ἐποίει
731 4493 943 4558 δεικνὺς
971 4494 1061 4548 τὸν
1101 4493 1233 4548 Θεὸν
1271 4494 1375 4547 ὑπὸ
1400 4493 1493 4548 τοῦ
1529 4494 1828 4566 Γρηγορίου
1858 4513 1986 4549 κατ-

413 4584 809 4657 αγγελλόμενον
827 4604 839 4617 ·
869 4578 914 4655 ᾧ
941 4587 1091 4640 πᾶσα
1118 4585 1260 4640 κατά
1287 4585 1348 4639 τὸ
1382 4585 1641 4658 ὁμότιμον
1680 4586 1987 4658 ὑποχείριος

412 4677 660 4732 πείθεται
695 4677 892 4742 κτίσις,
925 4679 1024 4748 οὐχ
1053 4679 1176 4733 ὅσον
1203 4677 1517 4748 αἰσθητικὸν
1560 4678 1717 4748 μόνον
1758 4677 1853 4731 καὶ
1888 4677 1986 4749 ἔμ-

414 4785 602 4835 πνουν,
632 4768 726 4821 καὶ
748 4767 1007 4838 ἔμψυχον,
1027 4766 1142 4821 ἀλλ’
1162 4767 1216 4820 εί
1231 4785 1283 4821 τι
1305 4766 1617 4821 καὶτούτων
1640 4767 1786 4819 ἐστὶν
1808 4767 1983 4835 ἐκτὸς,

411 4859 555 4914 οὕτω
581 4859 795 4928 δέχεται
825 4859 887 4912 τὸ
927 4860 1022 4912 τοῦ
1053 4859 1380 4930 θεράποντος
1420 4859 1728 4928 ἐπίταγμα,
1771 4858 1848 4922 ὡς
1886 4858 1986 4912 ούκ

411 4947 749 5020 ἀμοιροῦντα
793 4949 892 5019 τῆς
928 4948 1248 5019 αἰσθήσεως.
1282 4951 1418 5003 Ποία
1455 4949 1562 5020 γὰρ
1611 4949 1748 5019 ἀκοὴ
1776 4947 1868 5001 τοῦ
1910 4948 1988 5001 λί-

414 5040 540 5108 θους
569 5039 703 5094 Ποία
726 5039 824 5110 τῆς
851 5035 946 5091 τοῦ
975 5037 1284 5103 κελεύοντος
1309 5039 1556 5104 ἐξουσίας
1577 5038 1862 5110 αἵσθησις;
1891 5039 1986 5103 Τίς

412 5130 640 5202 δύναμις
684 5130 740 5185 ἐν
789 5128 938 5200 αὐτῷ
983 5128 1352 5200 μεταϐατική;
1397 5131 1530 5183 Ποία
1571 5128 1747 5201 μελῶν
1795 5147 1855 5182 τε
1893 5130 1987 5184 καὶ

415 5220 633 5292 ἄρθρων
655 5220 945 5289 διασκευή;
979 5216 1140 5270 Ἀλλά
1161 5217 1337 5271 πάντα
1357 5218 1527 5272 ταῦτα
1547 5219 1642 5273 καὶ
1669 5217 1739 5272 τὰ
1763 5219 1986 5273 τοιαῦτα

412 5312 549 5383 λίθῳ
597 5313 631 5384 ἡ
679 5313 773 5366 τοῦ
821 5309 1135 5374 κελεύοντος
1175 5307 1406 5380 δύναμις
1439 5309 1683 5378 γίνεται,
1737 5309 1874 5382 πρὸς
1919 5311 1988 5382 ἢν

417 5404 541 5458 ἰδὼν
571 5405 601 5458 6
632 5405 899 5476 νεωκόρος
935 5404 1176 5464 ἐκεῖνος,
1217 5400 1376 5465 εὐθὺς
1415 5401 1514 5472 τὴν
1560 5401 1851 5474 γινομένην
1895 5403 1988 5456 ἐπὶ

413 5495 596 5566 πλάνῃ
622 5495 720 5566 τῆς
742 5493 1087 5568 ἀνθρωπίνης
1115 5491 1328 5562 φύσεως
1353 5493 1568 5565 ἀπάτην
1587 5494 1697 5547 τῶν
1718 5493 1988 5564 δαιμόνων

423 5581 615 5653 ἐνόησέ
655 5599 716 5636 τε
765 5584 859 5637 καὶ
909 5581 1246 5649 ἐϐδελύξατο,
1291 5581 1384 5635 καὶ
1427 5582 1565 5654 πρὸς
1602 5583 1694 5638 τὸν
1738 5583 1988 5655 ἀληθινὸν

422 5673 556 5732 Θεὸν
595 5674 942 5747 μετετάξατο,
974 5673 1062 5730 διὰ
1095 5674 1203 5731 τῶν
1234 5673 1384 5744 παρὰ
1420 5673 1514 5729 τοῦ
1551 5674 1736 5730 δούλου
1765 5693 1990 5748 γεγενηγ

2089 4492 2252 4550 dictis
2328 4493 2525 4564 aliquis
2588 4493 2852 4564 adjiciens
2916 4495 3238 4550 miraculum
3304 4492 3658 4562 ampliﬁcabit

2087 4591 2142 4640 et
2173 4585 2566 4656 exaggerabit?
2601 4601 2708 4657 qua
2743 4587 2961 4642 ratione
2997 4600 3128 4641 vero
3155 4585 3278 4655 quis
3306 4585 3657 4645 audientibus

2087 4671 2508 4730 admirationem
2537 4675 2616 4730 rei
2634 4687 2799 4746 gesta:
2827 4672 3126 4730 minuerit?
3155 4675 3357 4730 Saxum
3389 4675 3658 4732 abstrahit

2087 4777 2118 4817 a
2155 4765 2304 4820 saxis
2335 4779 2452 4830 eos,
2471 4764 2564 4834 qui
2582 4766 2730 4821 saxis
2756 4774 2810 4821 et
2832 4766 3106 4838 lapidibus
3121 4765 3417 4836 mancipati
3446 4756 3658 4821 servie-

2085 4855 2221 4911 bant
2253 4874 2267 4910 :
2298 4855 2437 4924 lapis
2473 4869 2652 4924 praeco
2689 4855 2889 4911 divinze
2928 4857 3055 4912 ﬁdei
3096 4865 3152 4913 et
3198 4861 3303 4913 dux
3347 4857 3658 4912 inlldelibns

2087 4948 2156 5002 ad
2177 4948 2406 5003 salutem
2425 4946 2786 5013 exsistit,non
2813 4962 2947 5003 voce
2966 4950 3200 5018 quadam
3217 4958 3380 5020 atque
3408 4965 3658 5006 sermone

2088 5040 2334 5095 divinam
2364 5039 2663 5109 potentiam
2704 5039 2989 5095 celebrans
3023 5048 3187 5110 atque
3220 5042 3530 5114 divulgans,
3562 5042 3657 5099 sed

2089 5146 2190 5188 suo
2229 5131 2376 5185 facto
2428 5129 2619 5197 Deum,
2660 5129 2754 5201 qui
2804 5129 2874 5184 ab
2915 5129 3181 5201 Gregorio
3214 5133 3655 5198 annuntiaretur,

2088 5221 2426 5280 ostendens:
2463 5224 2554 5278 cui
2593 5223 2772 5279 omnis
2818 5238 2883 5278 ex
2924 5237 3081 5293 aequo
3133 5223 3368 5279 obnoxia
3403 5233 3658 5281 creatura

2089 5315 2448 5386 obtemperat,
2481 5330 2591 5370 non
2628 5315 2803 5372 solum
2834 5329 3178 5386 quaecunque
3219 5331 3385 5371 sensu
3409 5318 3657 5386 praedita,

2089 5407 2265 5478 spirat
2284 5413 2337 5462 et
2369 5405 2610 5460 animata
2636 5413 2740 5470 est,
2767 5420 2954 5462 verum
2977 5405 3143 5460 etiam
3173 5405 3217 5461 si
3247 5420 3353 5476 qua
3381 5408 3660 5465 extrahas

2090 5505 2196 5564 est,
2240 5497 2314 5552 ita
2354 5495 2510 5566 jussa
2541 5494 2732 5551 famuli
2778 5497 3080 5567 accipiunt,
3125 5497 3282 5566 quasi
3328 5511 3526 5555 sensus
3558 5515 3656 5554 ex-

2092 5598 2272 5660 pertes
2308 5603 2414 5643 non
2438 5597 2642 5644 essent.
2679 5587 2814 5656 Quis
2846 5587 2991 5643 enim
3027 5589 3223 5658 lapidis
3246 5589 3505 5645 auditus?
3536 5591 3660 5661 quis

2091 5681 2336 5752 jubentis
2381 5681 2668 5752 potestatis
2721 5681 2954 5739 sensus?
3001 5697 3121 5753 qua:
3181 5695 3309 5738 vero
3367 5684 3446 5740 vis
3487 5683 3541 5738 in
3590 5697 3658 5736 eo
