4068 6154
436 316 540 372 019

1700 305 1759 360 S.
1799 302 2126 360 GREGORII
2161 301 2457 361 NYSSENI

3581 285 3694 342 θεο

436 427 794 482 transeundi?
820 440 940 496 quae
966 423 1338 478 membrorum
1366 427 1422 475 et
1456 427 1676 473 artuum
1693 419 2006 475 fabricatio!

2120 420 2318 492 μένων,
2356 417 2416 469 τὸ
2447 415 2720 489 ἄφραστον
2749 411 2848 480 τῆς
2873 407 2968 462 τοῦ
2998 405 3268 461 Δεσπότου
3297 402 3578 496 δυνάμεως
3599 400 3694 496 lo-

440 521 544 575 Sed
585 521 767 574 omnia
794 519 908 572 haec
938 523 988 570 et
1019 513 1290 586 ejusmodi
1319 511 1485 582 lapidi
1515 519 1736 582 przestat
1759 512 2006 583 jubentis

434 613 612 665 "virtus
654 619 817 678 atque
839 613 1102 676 potestas,
1138 617 1306 674 quam
1338 609 1593 674 spectans
1617 603 1846 658 antistes
1890 603 2002 669 ille,

439 699 621 753 statim
673 693 917 749 fraudem
960 692 1304 756 daemonum,
1348 705 1470 759 quae
1513 689 1581 744 ad
1631 689 2005 745 seducendum

438 791 731 843 humanam
763 795 1014 840 naturam
1047 783 1422 844 adhiberetur,
1453 789 1508 836 et
1543 779 1927 836 animadvertit
1950 788 2006 837 et

437 877 782 932 abominatus
818 883 924 940 est,
951 880 1005 929 et
1041 871 1109 926 ad
1145 874 1312 928 Deum
1365 886 1552 926 verum
1599 872 1884 927 traductus
1925 879 2008 926 at-

435 987 543 1040 que
578 983 875 1024 conversus
902 975 1008 1030 est,
1046 967 1245 1037 quippe
1271 966 1362 1036 qui
1393 977 1488 1034 per
1518 980 1600 1029 ea,
1633 980 1755 1037 quae
1787 979 1817 1018 a
1847 977 2006 1018 servo

437 1069 590 1131 gesta
628 1070 809 1119 erant.
851 1059 1180 1114 ineffabilem
1212 1069 1266 1114 et
1306 1058 1743 1130 inexplicabilem
1788 1056 2005 1111 Domini

436 1153 735 1222 potentiam
758 1167 881 1206 esse
911 1151 1254 1219 conjecisset.
1294 1149 1432 1204 Nam
1468 1151 1514 1206 si
1547 1157 1697 1204 tanta
1729 1149 1871 1206 servi
1910 1163 2008 1219 p0-

438 1243 608 1295 tentia
637 1239 988 1309 (inquiebat),
1025 1245 1086 1293 ut
1111 1238 1278 1292 verbo
1309 1245 1526 1293 moveat
1555 1253 1644 1293 res
1671 1237 2004 1304 immobiles,

435 1340 491 1385 et
514 1331 744 1400 imperio
787 1338 975 1384 utatur
1019 1329 1284 1384 adversus
1322 1345 1408 1385 res
1442 1344 1608 1384 sensu
1648 1337 1919 1393 carentes,
1952 1337 2007 1384 et

437 1423 686 1476 hortetur
722 1435 811 1479 res
851 1421 1181 1474 inanimatae
1216 1439 1228 1474 :
1261 1429 1521 1489 quantam
1565 1419 1776 1488 copiam
1815 1428 2007 1494 poten-

435 1516 527 1568 tia:
573 1512 804 1566 Domino
838 1526 1023 1566 rerum
1072 1511 1454 1566 universarum
1518 1510 1710 1565 adesse
1766 1511 2006 1578 cogitare

435 1615 600 1676 atque
623 1604 892 1672 conjicere
916 1619 1012 1672 par
1039 1604 1315 1673 est,cuj‘us
1349 1603 1604 1659 voluntas
1639 1601 1806 1656 veluti
1837 1610 2006 1656 mate-

435 1699 518 1752 ria
546 1696 793 1764 quaedam
832 1695 936 1749 fuit
983 1702 1037 1750 et
1082 1693 1394 1760 fabricatio,
1445 1702 1499 1748 et
1538 1694 1621 1748 vis
1673 1701 1786 1746 tum
1828 1691 2004 1762 ipsius

2113 491 2516 584 ¹γισάμενος.-Εί
2541 504 2649 576 γὰρ
2674 502 2912 571 τοσαύτη
2935 499 3030 552 τοῦ
3064 497 3249 551 δούλου
3277 496 3311 555 ὴ
3339 493 3589 564 δύναμις,

2113 582 2315 670 ῥήματι
2357 598 2524 649 κινεῖν
2552 593 2621 647 τά
2654 591 2884 662 ἀκίνητα
2905 628 2919 653 ,
2953 589 3047 642 ml
3076 584 3456 658 προστάγματι
3496 582 3693 654 κεχρῆ-

2114 691 2237 745 σθαι
2276 688 2417 743 κατά
2459 685 2568 740 τῶν
2599 683 2972 755 ἀναισθήτων,
3021 679 3118 734 καὶ
3158 679 3270 740 τοῖς
3311 674 3539 746 ἀψύχοις
3570 674 3691 726 δια-

2112 779 2461 836 κελεύεσθαι⁹
2503 777 2677 848 πόσην
2711 775 2856 837 εἰκός
2893 774 3008 826 ἐστι
3059 767 3371 841 περιουσίαν
3408 765 3692 836 δυνάμεως

2112 875 2170 927 ἐν
2198 873 2278 944 τῷ
2325 871 2573 942 Δεσπότῃ
2617 866 2710 924 τοῦ
2762 865 2962 928 παντὸς
2996 861 3364 931 κατανοῆσαι,
3407 853 3468 917 οὗ
3507 857 3569 910 τὸ
3600 856 3694 909 θέ-

2111 968 2283 1039 λημα,
2315 960 2426 1019 οἷόν
2453 981 2537 1026 τις
2566 960 2688 1032 ὕλη,
2715 960 2808 1013 ml
2837 953 3154 1023 κατασκευὴ
3175 993 3190 1017 ,
3217 951 3312 1005 ml
3335 949 3564 1018 δύναμις
3592 949 3693 1039 ap-

2111 1037 2205 1111 τοῦ
2231 1072 2289 1109 τε
2315 1052 2408 1107 τοῦ
2433 1053 2661 1123 κόσμου,
2687 1050 2779 1103 ml.
2805 1046 2913 1100 τῶν
2938 1049 2994 1100 ἐν
3019 1042 3167 1114 αὐτῷ
3194 1042 3432 1104 πάντων,
3464 1042 3558 1092 καὶ
3580 1037 3689 1091 τῶν

2113 1147 2254 1218 ὑπὲρ
2274 1146 2457 1200 τοῦτον
2473 1144 2662 1207 όντων,
2678 1140 2891 1209 ἐγένετο
2907 1140 2921 1192 ι
2950 1134 3228 1191 Ἐντεῦθεν
3245 1136 3274 1187 ὁ
3293 1132 3464 1203 μέγας
3487 1131 3691 1194 ἐκεῖνος

2111 1241 2210 1310 τῆς
2241 1238 2383 1294 κατά
2413 1237 2523 1290 τῶν
2567 1234 2838 1304 δαιμόνων
2875 1229 3155 1302 ἀριστείας
3200 1226 3539 1298 ἀρξάμενος,
3593 1224 3691 1276 καὶ

2111 1329 2222 1386 οἷόν
2265 1349 2318 1384 τι
2351 1329 2610 1401 τρόπαιον
2639 1324 2781 1378 κατὰ
2809 1322 2917 1376 τῶν
2948 1319 3277 1392 νικηθέντων
3305 1317 3396 1370 τὸν
3419 1315 3690 1386 νεωκόρον

2112 1419 2530 1490 περιαγόμενος,
2557 1413 3020 1488 προκαταπλήξας
3047 1427 3109 1463 τε
3139 1413 3207 1481 τῇ
3242 1409 3314 1480 φή
3325 1425 3398 1480 μῃ
3427 1407 3488 1461 τὸ
3513 1405 3686 1469 ἔθνος,

2109 1511 2280 1575 οὕτως
2311 1509 2409 1581 ἤδη
2447 1509 2583 1578 μετὰ
2617 1503 2995 1576 πεποιθήσεως
3031 1519 3094 1556 τε
3126 1501 3221 1555 καὶ¹
3256 1498 3570 1571 παρρησίας
3605 1498 3688 1559 είς

2109 1601 2208 1672 τὴν
2240 1601 2392 1656 πόλιν
2432 1599 2744 1670 είσήλαυνεν
2767 1639 2782 1662 ,
2825 1597 2923 1668 οὐχ
2955 1595 3162 1666 ἅρμασι
3203 1592 3298 1646 καὶ
3335 1591 3553 1656 ἵπποις,
3593 1588 3690 1642 καὶ

2109 1692 2355 1765 ἡμιόνοις
2376 1731 2390 1755 ,
2426 1691 2521 1746 ml
2555 1690 2632 1761 τῷ
2664 1688 2852 1760 πλήθει
2885 1687 2998 1741 τῶν
3023 1685 3422 1757 παρεπομένων
3453 1685 3688 1754 ἐπικομ-

434 1789 648 1853 mundi,
693 1801 984 1857 rerumque
1042 1787 1307 1852 omnium,
1352 1800 1473 1856 quze
1515 1786 1571 1839 in
1608 1800 1674 1840 eo
1703 1791 1852 1849 sunt,
1888 1790 2002 1837 tum

2110 1784 2315 1849 πάςων,
2340 1784 2475 1838 ἀλλά
2499 1785 2618 1846 ταῖς
2644 1782 2864 1853 ἀρεταῖς
2889 1781 2949 1835 ἐν
2983 1779 3168 1850 κύκλῳ
3193 1775 3687 1848 δορυφορούμενος,

434 1894 624 1934 earum
658 1893 860 1950 rerum,
897 1893 1018 1948 qua:
1045 1891 1210 1950 supra
1237 1891 1326 1931 res
1356 1874 1661 1929 mundanas
1683 1874 1843 1928 sunt!
1868 1871 2006 1926 Hinc

435 1985 667 2039 magnus
704 1949 794 2024 ille
837 1984 950 2024 rem
989 1969 1128 2024 bene
1164 1981 1352 2039 gerere
1419 1965 1683 2022 adversus
1728 1965 2005 2020 daemonas

436 2079 703 2128 exorsus,
752 2078 814 2116 ac
873 2063 1041 2118 veluti
1085 2070 1350 2131 tropaeum
1405 2060 1679 2132 quoddam
1743 2060 2005 2115 adversus

434 2157 679 2210 devictos
719 2155 1018 2210 antistitem
1082 2154 1522 2220 circumducens,
1578 2168 1702 2209 cum
1759 2160 1812 2206 et
1862 2151 2006 2206 fama

435 2245 520 2299 sui
561 2255 775 2315 gentem
819 2252 945 2299 ante
987 2245 1313 2315 perculisset
1349 2251 1404 2299 et
1425 2241 1902 2313 obstupefecisset,
1932 2241 2006 2294 ita

433 2335 653 2389 demum
693 2350 817 2389 cum
856 2334 1053 2388 ﬁducia
1094 2337 1384 2404 animoque
1414 2335 1580 2389 alacri
1622 2341 1785 2402 atque
1814 2329 2010 2386 conﬁr-

435 2435 583 2480 malo
614 2427 804 2481 urbem
832 2426 1210 2492 invehebatur,
1253 2441 1364 2480 non
1392 2426 1649 2480 curribus
1684 2432 1738 2478 et
1759 2422 1934 2493 equis,
1953 2428 2007 2477 et

434 2519 620 2581 mulis,
655 2527 710 2572 et
748 2517 1099 2572 multitudine
1142 2517 1404 2571 comitum
1447 2514 1838 2570 assectantium
1885 2525 2007 2568 sese

433 2616 737 2673 ostentans,
779 2610 872 2664 sed
909 2607 1203 2663 virtutibus
1247 2606 1489 2676 undique
1529 2605 1785 2675 stipatus,
1829 2603 2007 2658 omni-

432 2699 537 2754 bus
563 2707 744 2753 autem
783 2699 934 2754 urbis
969 2698 1164 2753 incolis
1198 2698 1538 2768 pepulariter
1583 2711 1646 2751 ac
1679 2696 1840 2764 vulgo
1881 2709 2002 2749 cum

433 2790 760 2859 conjugibus
815 2799 868 2844 et
919 2789 1107 2844 liberis
1163 2788 1311 2842 velut
1355 2786 1420 2842 ad
1475 2803 1675 2842 novum
1733 2787 2004 2857 quoddam

433 2883 808 2948 spectaculum
848 2881 1130 2936 visendum
1173 2880 1384 2934 obviam
1420 2880 1631 2946 effusis,
1668 2890 1720 2935 et
1756 2879 2009 2937 omnibus

2107 1875 2376 1946 πανδημεὶ
2402 1874 2458 1927 δὲ
2490 1873 2704 1927 πάντων
2742 1870 3114 1942 προχεθέντων
3136 1868 3243 1923 τῶν
3272 1865 3572 1937 οἰκητόρων
3592 1863 3688 1918 τοῦ

2107 1963 2319 2029 ἄστεος,
2359 1963 2434 2025 ὡς
2466 1962 2556 2015 ἐπί
2598 1978 2724 2016 τινα
2762 1959 2951 2015 καινοῦ
2981 1959 3256 2030 θεάματος
3296 1956 3567 2028 ἱστορίαν,
3595 1955 3690 2009 ml

2107 2057 2327 2111 πάντων
2373 2055 2499 2108 ἰδεῖν
2543 2051 3043 2125 προθυμουμένων,
3076 2050 3160 2114 τίς
3206 2050 3413 2112 ἐκεῐνός
3461 2049 3608 2100 ἐστιν
3661 2048 3693 2099 ό

2106 2147 2407 2220 Γρηγόριος
2431 2189 2443 2213 ,
2479 2147 2538 2211 ὃς
2575 2148 2862 2220 ἄνθρωπος
2901 2145 2977 2200 ὢν
3010 2143 3119 2197 τῶν
3156 2141 3524 2213 νομιζομένων
3559 2139 3692 2210 παρ’

2109 2241 2292 2304 αὐτοῖς
2317 2233 2473 2293 ἐἶναι
2507 2238 2674 2304 θεῶν,
2725 2237 2977 2308 καθάπερ
3023 2253 3107 2300 τις
3148 2233 3401 2306 βασιλεὺς
3441 2231 3690 2298 ἐξουσίαν

2109 2333 2255 2405 ἔχει,
2295 2332 2676 2402 προστάγματι
2723 2329 2904 2401 φέρων
2954 2329 3049 2382 καὶ
3095 2328 3279 2396 ἄγων,
3331 2326 3573 2393 ὅπουπερ
3622 2322 3692 2375 ἂν

2109 2424 2282 2479 ἐθέλοι
2305 2425 2373 2477 τά
2399 2422 2672 2493 δαιμόνια,
2704 2421 2798 2474 ml
2819 2419 2940 2473 ὅθεν
2964 2417 3030 2473 ἀν
3063 2417 3336 2488 βούληται,
3359 2415 3496 2486 πρὸς
3514 2415 3576 2467 τὸ
3600 2414 3691 2466 δο-

2106 2514 2238 2570 κοῦν
2265 2513 2546 2582 ἐξοικίζων
2584 2530 2644 2566 τε
2681 2513 2777 2566 καὶ
2815 2511 3128 2575 ἐνοικίζων,
3166 2507 3355 2580 ὥσπερ
3379 2507 3448 2559 τὰ
3491 2503 3694 2576 ἀνδρά-

2111 2606 2270 2673 ποδα,
2303 2607 2398 2659 ml
2433 2605 2522 2659 τὸν
2554 2604 2896 2676 θεραπευτὴν
2925 2604 3130 2656 ἐκεῖνον
3158 2599 3335 2670 φέρει,
3357 2597 3608 2666 καθάπερ
3634 2598 3693 2649 ἐν

2112 2697 2330 2768 ἐξουσίᾳ
2351 2699 2460 2752 τινὶ
2479 2696 2905 2767 δουλωσάμενος,
2937 2693 3261 2766 ὑπεριδόντα
3283 2691 3383 2763 μὲν
3400 2691 3503 2760 τῆς
3521 2688 3693 2760 τιμῆς

2111 2792 2170 2844 ἐν
2261 2790 2322 2844 τὸ
2362 2791 2622 2862 πρότερον
2654 2784 2743 2859 ἦν,
2773 2787 2882 2842 τῶν
2913 2787 2970 2840 δὲ
2999 2786 3310 2857 προσόντων
3351 2783 3569 2838 πάντων
3593 2782 3694 2853 τὴν

2123 2883 2238 2955 μετ’
2266 2883 2430 2936 αὑτοῦ
2461 2883 2734 2954 διαγωγὴν
2773 2879 3162 2951 ἀλλαξάμενον.

431 2973 620 3028 videre
665 2972 1030 3042 cupientibus,
1075 2973 1198 3043 quis
1243 2981 1388 3027 esset
1419 2972 1509 3028 ille
1551 2971 1867 3044 Gregorius,
1907 2974 1999 3044 qui
2040 2974 2204 3030 homo
2245 2975 2372 3030 licet
2444 2983 2609 3040 esset,
2682 2990 2778 3030 eos
2825 2983 3033 3040 tamen,
3090 2972 3183 3043 qui
3219 2970 3361 3042 apud
3400 2969 3553 3039 ipsos
3593 2983 3695 3043 pro

433 3070 540 3125 diis
581 3068 935 3129 haberentur,
1011 3076 1268 3136 tanquam
1327 3083 1422 3121 rex
1468 3067 1690 3137 quidam
1717 3068 1772 3124 in
1807 3077 2076 3140 potestate
2114 3071 2359 3136 haberet,
2406 3087 2505 3142 pro
2550 3071 2778 3142 imperio
2815 3069 2995 3126 ferens
3029 3079 3083 3125 et
3132 3085 3302 3140 agens
3357 3081 3696 3139 quocunque

433 3164 615 3226 vellet,
667 3170 721 3216 et
765 3159 1129 3229 undecunque
1187 3158 1367 3227 vellet,
1411 3144 1574 3230 prout
1617 3162 1794 3216 visum
1835 3173 2002 3228 esset,
2046 3163 2324 3219 daemonas
2370 3163 2533 3220 sicuti
2573 3163 2845 3232 mancipia
2873 3161 3124 3231 ejiciens,
3192 3170 3246 3217 et
3317 3161 3542 3216 eosdem
3570 3172 3696 3212 rur-

432 3273 552 3322 sus,
607 3257 653 3311 si
726 3254 1026 3317 videretur,
1070 3254 1429 3319 introducens
1478 3274 1491 3310 :
1571 3257 1772 3327 quique
1811 3259 2076 3314 cultorem
2117 3260 2336 3315 illorum
2375 3260 2669 3315 adduceret
2707 3270 2968 3330 tanquam
2998 3258 3124 3328 jure
3161 3273 3225 3314 ac
3256 3265 3525 3329 potestate
3557 3271 3698 3326 qua-

433 3352 558 3406 dam
613 3351 719 3406 sibi
776 3351 1147 3420 mancipatum
1199 3351 1432 3420 habens,
1484 3354 1875 3424 despicientem
1948 3364 2002 3411 et
2040 3356 2328 3422 honorem,
2370 3373 2479 3427 quo
2513 3365 2639 3413 ante
2673 3357 2934 3428 praeditus
2971 3363 3140 3423 esset,
3214 3366 3269 3412 et
3343 3355 3510 3424 hujus
3555 3368 3692 3409 con-

434 3446 784 3502 suetudinem
810 3459 934 3499 cum
975 3445 1254 3511 omnibus,
1282 3462 1404 3517 qua:
1446 3447 1754 3514 habuisset,
1794 3446 2150 3517 facultatibus
2177 3461 2230 3505 et
2263 3451 2438 3520 copiis
2473 3459 2933 3508 commutantem.

505 3542 625 3596 Tali
682 3541 944 3600 nimirum
997 3541 1177 3596 animo
1244 3549 1407 3612 atque
1445 3542 1703 3613 opinione
1750 3543 2005 3600 omnibus

2179 3545 2412 3617 Τοιαύτη
2455 3545 2512 3599 δὲ
2552 3545 2742 3618 γνώμη
2785 3545 3002 3601 πάντων
3045 3546 3488 3620 προσδεχομένων
3530 3544 3696 3611 αὑτὸν

432 3650 555 3691 eum
588 3641 712 3693 ante
749 3633 938 3689 urbem
986 3633 1450 3702 exspectantibus,
1485 3633 1577 3688 ubi
1609 3633 1678 3688 ad
1728 3649 1827 3690 eos
1875 3650 2006 3705 per-

433 3727 601 3792 venit,
629 3725 889 3782 omnibus
927 3739 1052 3779 eum
1085 3725 1312 3781 intentis
1345 3725 1520 3781 oculis
1565 3726 1954 3782 contuentibus
1987 3765 2002 3792 ,

433 3828 691 3889 tanquam
719 3817 910 3874 silvam
942 3815 1235 3886 quamdam
1269 3815 1567 3876 inanimam
1596 3816 1845 3872 homines
1877 3831 2010 3888 praep

434 3917 740 3978 tergressus
769 3947 784 3972 ,
834 3906 901 3960 ad
934 3907 1206 3961 neminem
1253 3921 1444 3961 eorum
1465 3944 1480 3968 ,
1511 3907 1606 3976 qui
1663 3908 1878 3962 obviam
1915 3923 2010 3963 ve-

433 4001 617 4054 nirent
673 4015 794 4054 sese
832 4006 1199 4064 convertens,
1243 3998 1342 4054 sed
1393 4006 1543 4054 recta
1589 3999 1657 4064 ad
1690 4000 1878 4056 urbem
1915 4015 2009 4055 va-

433 4091 569 4144 dens
599 4087 772 4141 multo
827 4087 998 4158 magis
1056 4103 1152 4142 eos
1187 4087 1240 4140 in
1273 4093 1550 4158 stuporem
1585 4095 1638 4143 et
1684 4088 2008 4145 admiratio-

435 4195 558 4236 nem
589 4179 813 4233 deduxit
845 4217 861 4242 ,
897 4175 1096 4234 famam
1140 4193 1404 4250 superare
1457 4180 1798 4238 intuentibus
1841 4197 2010 4254 appa-

434 4288 584 4328 rens.
633 4270 790 4338 Quod
828 4270 973 4325 enim
1001 4286 1257 4342 magnam
1293 4271 1480 4327 urbem
1516 4273 1752 4343 primum
1784 4274 2009 4330 invehe-

433 4373 608 4428 retur,
643 4378 768 4418 cum
807 4363 946 4417 nihil
990 4364 1039 4419 ei
1068 4364 1176 4418 tale
1211 4371 1539 4422 consuetum
1586 4378 1746 4422 antea
1788 4367 2005 4432 fuisset,

431 4457 631 4522 deinde
660 4473 785 4512 cum
817 4464 1039 4525 stupore
1068 4470 1180 4518 non
1207 4455 1569 4511 admiraretur
1601 4465 1814 4512 tantum
1846 4473 2010 4528 prop-

433 4562 514 4606 ter
548 4534 606 4605 se
641 4551 898 4620 pepulum
927 4555 1316 4620 congregatum
1352 4564 1474 4606 esse
1497 4587 1514 4614 ,
1545 4549 1640 4604 sed
1702 4550 1875 4608 veluti
1914 4566 2009 4621 per

431 4641 784 4698 solitudinem
818 4643 921 4697 iter
951 4640 1166 4697 faciens
1210 4642 1452 4712 seipsum
1484 4641 1750 4698 duntaxat
1780 4651 1834 4698 et
1863 4643 2008 4697 viam

431 4739 702 4800 spectaret
731 4771 744 4793 ,
783 4729 850 4783 ad
880 4730 1149 4784 neminem
1179 4744 1394 4794 eorum,
1430 4730 1524 4800 qui
1555 4731 1769 4785 circum
1806 4746 1867 4786 se
1896 4731 2010 4790 col.-

430 4823 554 4876 lecti
583 4828 789 4885 essent,
846 4837 967 4877 sese
997 4831 1356 4878 convertens:
1387 4823 1488 4877 hoc
1524 4823 1784 4884 nimirum
1840 4839 2006 4894 supra

2109 3636 2214 3708 πρὸ
2235 3636 2327 3690 τοῦ
2347 3636 2554 3700 ἄστεος,
2577 3635 2762 3706 ἐπειδὴ
2787 3637 2906 3689 κατ’
2921 3635 3117 3698 αὐτοὺς
3131 3637 3362 3704 ἐγένετο,
3380 3635 3591 3688 πάντων
3611 3633 3695 3697 εις

2109 3729 2312 3782 ἐκεῖνον
2349 3728 2552 3792 ἀτενῶς
2581 3727 3026 3792 ἁποὸλεπόντων“,
3057 3727 3307 3799 καθάπερ
3335 3727 3467 3796 ὓλην
3489 3725 3695 3795 ἄψυχον

2110 3820 2324 3891 παριὼν
2349 3821 2473 3884 τοὺς
2507 3819 2846 3891 ἀνθρώπους,
2879 3820 3015 3892 πρὸς
3047 3821 3235 3874 οὐδένα
3278 3820 3387 3874 τῶν
3429 3822 3696 3890 ἐντυγχα-

2110 3911 2306 3965 νόντων
2337 3912 2720 3982 στρεφόμενος,
2750 3912 2843 3966 καὶ¹
2872 3914 2991 3966 κατ’
3023 3912 3235 3966 εύθεῖαν
3275 3913 3368 3965 ἐπὶ
3405 3913 3502 3984 τὴν
3539 3912 3694 3966 πόλιν

2112 3998 2364 4069 βαδίζων,
2403 3998 2534 4052 πολὺ
2583 3999 2781 4070 μᾶλλον
2813 4000 3010 4064 αὐτοὺς
3048 4001 3128 4064 είς
3171 3999 3428 4071 ἔκπληξιν
3464 4001 3690 4071 ἤγαγεν,

2111 4094 2391 4168 ὺπέρμτὴν,
2411 4095 2599 4165 φήμην
2622 4096 2733 4157 τοῖς
2762 4093 2942 4166 ὁρῶσι,
2959 4093 3299 4165 φαινόμενος.
3328 4093 3401 4146 Τὸ
3421 4097 3530 4163 γὰρ
3554 4092 3695 4164 πρώ-

2109 4165 2618 4247 τωςῇσελαύνοντα
2661 4165 2819 4237 πόλειΓ
2849 4183 3077 4256 μεγάλη,
3110 4184 3377 4254 μηδεμιᾶς
3408 4183 3694 4254 συνηθείας

2111 4273 2375 4344 τοσαύτης
2431 4273 2888 4346 προῦπαρχούσης
2941 4274 3108 4344 αὐτῷ,
3151 4273 3340 4328 ἔπειτα
3393 4273 3466 4346 μὴ
3524 4292 3692 4328 κατα-

2111 4364 2380 4435 πλαγῆναι
2412 4365 2579 4434 δῆμον
2605 4363 2854 4417 τοσοῦτον
2889 4365 2972 4417 ἐπ’
3009 4365 3199 4434 ἐκείνῳ
3249 4365 3688 4439 συνειλεγμένον,

2109 4456 2224 4510 ἀλλ’
2262 4451 2371 4509 οἷον
2406 4456 2474 4508 δι’
2516 4457 2720 4527 ἐρήμου
2769 4454 3082 4525 βαδίζοντα,
3117 4454 3253 4527 πρὸς
3291 4455 3479 4510 ἑαυτὸν
3533 4456 3690 4527 μόνον

2111 4552 2205 4605 ml.
2249 4551 2384 4622 πρὸς
2430 4549 2528 4620 τὴν
2581 4550 2696 4603 ὁδὸν
2748 4549 3109 4615 ἀποϐλέπειν,
3163 4548 3299 4618 πρὸς
3345 4549 3535 4603 οὐδένα
3584 4549 3690 4602 τῶν

2111 4644 2236 4714 περὶ
2262 4643 2421 4696 αὑτὸν
2453 4642 2906 4713 ἐπιστρεφόμενον
2932 4640 3301 4712 ἠθροισμένων
3320 4682 3334 4706 ,
3351 4640 3508 4695 τοῦτο
3552 4641 3690 4712 ὑπὲρ

2108 4735 2206 4805 τὴν
2232 4735 2290 4788 ἐν
2321 4734 2398 4804 τῷ
2428 4733 2559 4805 λίθῳ
2591 4733 3016 4803 θαυματοπολιίαν
3037 4736 3147 4795 τοῖς
3169 4732 3474 4804 ἀνθρώποις
3493 4732 3685 4790 ἐδόκει.

2110 4826 2311 4886 Τούτου
2329 4825 2816 4899 χάρινιόλιγοστῶν
2830 4825 3018 4890 όντων,
3032 4825 3212 4889 καθὼς
3228 4828 3284 4879 ἐν
3302 4827 3413 4890 τοῖς
3426 4826 3690 4894 φθάσασιν

431 4914 778 4978 miraculum,
812 4915 959 4986 quod
1007 4915 1063 4968 in
1095 4930 1228 4970 saxo
1285 4917 1551 4974 translato
1596 4916 1802 4971 editum
1838 4923 1957 4971 erat
1991 4958 2006 4982 ,

2113 4919 2350 4990 εἴρηται,
2387 4918 2493 4971 τῶν
2527 4916 2632 4987 πρὸ
2656 4917 2754 4988 τῆς
2787 4915 3106 4981 ἐπιστασίας
3132 4917 3296 4970 αὑτοῦ
3323 4916 3690 4988 καταδεξαμέ-

432 5005 747 5060 liomiuibus
792 5021 915 5061 esse
974 5005 1280 5060 videbatur.
1314 5003 1522 5062 Idcirco
1553 5022 1676 5061 cum
1715 5006 2005 5062 admodum

431 5095 588 5164 pauci
627 5103 833 5158 essent,
871 5105 928 5150 ut
980 5111 1154 5166 supra.
1204 5106 1694 5156 commemoratum
1733 5105 1856 5162 est,
1913 5097 2008 5168 qui

431 5189 559 5242 ante
616 5179 1148 5243 adminisirationem
1198 5188 1320 5257 ejus
1375 5187 1543 5243 fidem.
1596 5191 2006 5260 suscepissent,

430 5280 590 5346 quasi
629 5287 740 5333 tota
775 5279 969 5336 civitas
1013 5281 1276 5336 honorem
1325 5280 1632 5336 sacerdotio
1679 5282 1802 5350 ejus
1841 5282 2009 5338 habe-

430 5376 536 5433 ret,
577 5371 652 5424 ita
691 5371 747 5425 in
804 5370 996 5426 urbem
1062 5372 1472 5440 ingrediebatur
1503 5414 1517 5438 ,
1557 5375 2006 5443 prosequentium

431 5461 590 5514 turba
622 5462 862 5532 undique
901 5462 1173 5533 frequenti
1218 5465 1473 5534 stipatus.
1511 5465 1778 5532 Quoniam
1827 5474 2005 5523 autem

2113 5025 2218 5062 νων
2261 5009 2360 5078 τὴν
2400 5007 2601 5070 πίστιν,
2646 5005 2720 5070 ὡς
2757 5007 2940 5078 πάσης
2984 5008 3082 5078 τῆς
3128 5007 3334 5072 πόλεως
3377 5007 3537 5062 αὐτοῦ
3587 5009 3688 5080 ,τὴν

2113 5100 2412 5172 ἱερωσύνην
2464 5099 2734 5170 τιμώσης,
2776 5097 2946 5162 οὕτως
2984 5099 3165 5170 εἰσῄειέ
3192 5100 3687 5171 στενοχωρούμενος

2111 5193 2477 5262 ἁπανταχόθεν
2518 5192 2628 5254 τοῖς
2664 5192 3142 5262 παραπέμπουσιν.
3187 5192 3339 5245 Ἐπεὶ
3374 5192 3428 5244 δὲ
3475 5193 3687 5245 πάντων

2111 5283 2244 5354 ὁμοῦ
2263 5283 2424 5346 εὐθὺς
2441 5323 2454 5347 ,
2474 5284 2562 5336 ὅτε
2588 5282 2685 5352 τῆς
2711 5281 3027 5349 φιλοσοφίας
3046 5282 3264 5351 ἥπτετο,
3283 5281 3534 5352 καθάπερ
3548 5281 3687 5343 τινὸς

2113 5376 2312 5447 ἄχθους
2343 5376 2533 5429 ἐαυτὸν
2565 5374 2927 5447 ἠλευθέρωσε,
2946 5375 3148 5449 καίπερ
3166 5370 3233 5446 ἦν
3262 5373 3408 5445 αύτῷ
3422 5374 3530 5427 τῶν
3556 5373 3684 5444 πρὸς

2103 5469 2200 5540 τὴν
2223 5468 2367 5538 ζωὴν
2397 5466 2707 5534 ἀναγκαίων
2742 5466 2914 5532 οὐδὲν,
2937 5467 3036 5520 οὐκ
3064 5467 3252 5537 ἀγρὸς,
3277 5467 3337 5520 ού
3372 5467 3557 5530 τόπος,
3589 5468 3684 5519 οὐκ

434 5552 685 5624 protinus
719 5561 779 5607 ut
813 5554 991 5625 attigit
1021 5556 1420 5624 philosophiam
1461 5558 1716 5612 omnibus
1751 5557 1916 5614 rebus
1946 5573 2006 5612 se

2110 5558 2278 5622 οίκία,
2325 5557 2458 5610 ἀλλά
2503 5557 2678 5610 πάντα
2734 5551 2800 5626 ἦν
2852 5558 3010 5620 αὐτὸς
3067 5556 3243 5626 ἐαυτῷ
3287 5557 3511 5627 (μᾶλλον
3550 5557 3606 5609 δὲ
3651 5559 3682 5625 ἡ

431 5641 598 5694 veluti
639 5656 807 5697 onere
863 5645 1099 5713 quodam
1132 5646 1438 5716 levaverat,
1481 5665 1582 5704 nec
1606 5649 1901 5719 quidquam
1952 5651 2002 5705 ei

2110 5649 2269 5720 Ξιρετὴ
2301 5650 2393 5701 καὶ
2417 5652 2450 5720 ἡ
2479 5649 2680 5713 πίστις,
2719 5651 2916 5722 πατρὶς
2957 5648 3102 5720 αύτῷ
3127 5645 3215 5722 ἦν,
3251 5650 3347 5704 καὶ
3379 5651 3555 5715 ἐστία,
3593 5651 3682 5706 καὶ

433 5746 618 5794 rerum
642 5729 711 5787 ad
744 5731 889 5792 hanc
913 5734 1079 5792 vitam
1101 5739 1537 5797 necessariarum
1561 5751 1866 5811 supererat,
1891 5757 1999 5800 nou

2110 5741 2368 5824 πλοῦτος)·
2397 5742 2472 5807 ὡς
2513 5738 2605 5808 οὖν
2637 5743 2736 5814 τῆς
2769 5743 2867 5814 μὲν
2907 5743 3108 5808 πόλεως
3137 5742 3287 5808 ἐντὸς
3322 5738 3411 5814 ἦν,
3442 5741 3586 5808 οἶκος
