4068 6154
371 313 469 372 921

1381 322 1470 377 DE
1510 318 1666 375 VJTA
1693 317 1752 375 8'.
1794 318 2124 376 GREGOR'II
2155 320 2684 380 TllAUMATURGI.

3529 324 3635 380 9‘22

369 430 518 502 αύτῷ
556 431 692 504 πρὸς
733 433 1036 488 ἀνάπαυσιν
1072 434 1328 506 οὐδαμοῦ,
1362 438 1423 490 ού
1470 439 1572 509 τῆς
1609 437 1951 509 Ἐκκλησίας,

2065 455 2188 511 ager
2209 482 2224 506 ,
2273 455 2384 494 non
2414 440 2588 506 locus,
2622 454 2730 494 non
2771 438 3003 494 domus:
3035 437 3129 494 sed
3169 436 3355 493 omnia
3383 437 3499 509 ipse
3529 439 3634 496 sibi

370 524 472 578 οὐκ
501 523 664 588 ἴδιος,
697 525 1106 595 θορυϐουμένων
1151 526 1259 580 τῶν
1294 528 1422 600 περὶ¹
1463 529 1644 594 αὐτὸν,
1680 529 1774 601 καὶ
1806 529 1954 591 ὅπως

373 616 441 668 ἂν
482 614 779 685 καταχθείη
819 616 914 668 καὶ
959 617 1110 688 παρὰ
1141 618 1248 671 τίνι
1290 620 1388 690 τὴν
1427 619 1634 691 σκέπην
1665 619 1815 690 εὖροι
1843 620 1956 673 δια-

371 705 680 777 πορούντων
699 719 713 735 ⁸
752 707 814 760 Τί
843 708 1049 773 ταῦτα,
1079 710 1212 781 φησι
1246 710 1382 782 πρὸς
1413 711 1608 775 αὐτοὺς
1643 713 1671 764 ὁ
1703 711 1958 765 διδάσκαο

369 796 480 860 λος,
502 796 706 865 ὥσπερ
742 797 858 863 ἔξω
886 799 996 868 τῆς
1027 801 1132 856 τοῦ
1173 803 1321 857 Θεοῦ
1355 804 1588 872 σκέπης
1613 803 1803 870 ὄντες,
1833 803 1958 857 δια-

368 887 621 956 πορεῖτε,
657 890 811 944 ὅπου
836 891 952 962 χρὴ
999 891 1403 948 διαναπαῦσαι
1451 895 1522 949 τὰ
1553 894 1832 965 σώματα;
1863 912 1957 965 μι-

369 978 514 1046 κρὸς
543 979 688 1049 ὑμῖν
707 977 871 1048 οἶκος
899 983 1050 1037 εἷναι
1075 987 1108 1038 ὁ
1141 985 1283 1052 Θεὸς
1314 977 1493 1052 δοκεῖ,
1516 987 1682 1056 εἴπερ
1701 987 1772 1041 ἐν
1797 986 1959 1052 αὐτῷ

371 1068 560 1140 ζῶμεν
599 1072 699 1126 καὶ
731 1076 1050 1144 κινούμεθα
1083 1076 1179 1129 καὶ
1217 1076 1436 1146 eam;
1471 1079 1543 1132 "H
1575 1079 1959 1149 στενοχωρεῖ-

371 1164 483 1216 σθε
511 1162 586 1233 τῇ
623 1165 876 1232 οὐρανίῳ
920 1165 1137 1236 σκέπῃ,
1187 1169 1285 1222 καὶ
1333 1165 1550 1236 ζητεῖτε
1581 1170 1742 1238 παρὰ
1781 1171 1957 1225 τοῦτο

371 1254 738 1325 καταγώγιον
791 1257 944 1311 ἄλλο
963 1274 989 1322 ;.
1043 1256 1146 1325 Εἷς
1207 1256 1374 1327 οἶκος
1435 1262 1575 1331 ὑμῖν
1645 1262 1800 1316 ἔστω
1861 1264 1960 1318 διὰ

371 1350 651 1418 σπουδῆς
679 1354 712 1405 ὁ
752 1350 1013 1406 ἑκάστου
1047 1352 1217 1418 ἴδιος,
1266 1356 1299 1406 ὁ
1339 1353 1435 1408 διὰ
1473 1353 1591 1408 τῶν
1617 1354 1843 1422 ἀρετῶν
1873 1358 1958 1410 ol—

371 1440 830 1510 κοδομούμενος,
857 1441 956 1496 καὶ
983 1444 1069 1508 είς
1090 1443 1246 1512 ὕψος
1271 1445 1747 1514 ἀνατεινόμενος.
1778 1445 1960 1500 Τοῦτο

369 1532 632 1586 λυπείτω
658 1533 874 1601 μόνον,
911 1533 997 1602 μὴ
1040 1533 1105 1586 τὸ
1137 1535 1408 1589 τοιοῦτον
1440 1537 1584 1605 ἡμῖν
1619 1537 1962 1606 οἰκητήριον

371 1623 799 1691 ἀπαράσκευον
833 1619 875 1696 ᾗ
890 1641 902 1653 ·
935 1627 995 1679 αἱ
1027 1625 1137 1695 γὰρ
1165 1625 1284 1680 τῶν
1307 1628 1529 1695 γηΐνων
1554 1629 1770 1698 τοίχων
1799 1644 1961 1698 περι-

373 1715 543 1770 ϐολαὶ
602 1714 728 1781 τοῖς
769 1716 839 1769 ἐν
884 1715 1068 1784 ἀρετῇ
1121 1716 1259 1776 ζῶσι
1308 1718 1517 1787 κέρδος
1569 1721 1642 1772 οὺ
1685 1719 1958 1789 φέρουσι.

2055 539 2175 586 erat
2203 531 2346 602 (imo
2375 547 2502 586 vero
2533 531 2708 586 virtus
2736 541 2788 587 et
2815 530 2949 587 ﬁdes
2977 530 3028 586 ei
3057 531 3233 600 patria
3254 542 3370 586 erat
3397 540 3450 586 et
3476 532 3636 589 sedes

2055 631 2109 676 et
2135 621 2405 690 divitiae),
2441 630 2500 675 ut
2529 621 2694 692 igitur
2719 622 2904 676 urbem
2941 623 3190 692 ingresso
3228 621 3423 677 domus
3461 624 3526 677 ad
3551 639 3637 678 re-

2057 711 2451 784 quiescendum
2486 711 2536 766 ei
2581 727 2850 782 nusquam
2901 711 2988 766 vel
3018 709 3276 766 Ecclesiae
3330 711 3412 764 vel
3462 713 3638 781 ipsius

2056 802 2280 872 propria
2307 810 2464 868 erat,
2516 800 2811 857 comitibus
2865 800 2986 871 ejus
3027 801 3427 872 trepidantibus
3474 811 3637 870 atque

2058 894 2314 950 sollicitis
2345 895 2622 963 quomodo
2656 894 3046 959 diversaretur,
3079 901 3131 948 et
3165 909 3194 947 a
3225 893 3427 962 quibus
3489 900 3636 948 tecto

2057 987 2434 1057 reciperetur,
2485 988 2717 1043 anxiis:
2783 987 2926 1054 Quid
2960 987 3090 1052 ha’c,
3151 986 3326 1056 inquit
3379 985 3638 1056 magister

2057 1079 2126 1134 ad
2155 1093 2272 1144 eos,
2309 1080 2464 1149 quasi
2490 1090 2641 1133 extra
2672 1081 3050 1148 protectionem
3085 1077 3181 1130 Dei
3213 1078 3507 1140 constituti,
3539 1094 3638 1131 an-

2056 1173 2136 1226 xii
2161 1180 2315 1242 atque
2341 1171 2559 1227 solliciti
2583 1172 2875 1241 inquii-itis,
2900 1170 2990 1224 ubi
3023 1185 3247 1238 corpora
3291 1171 3500 1238 reﬁcere
3560 1180 3639 1223 at-

2057 1279 2155 1332 que
2193 1280 2384 1317 curare
2428 1266 2716 1332 oporteat?
2753 1279 2818 1316 an
2867 1279 3032 1331 parva
3067 1263 3211 1316 vobis
3268 1263 3456 1315 domus
3495 1261 3636 1316 Deus

2060 1371 2172 1410 esse
2210 1355 2436 1420 videtur,
2483 1354 2740 1424 siquidem
2792 1369 2885 1422 per
2928 1369 3046 1406 eum
3097 1353 3315 1406 vivimus
3363 1361 3411 1405 et
3462 1368 3636 1406 move-

2060 1461 2181 1499 mur
2219 1456 2268 1501 et
2329 1463 2512 1499 sumus
2546 1447 2570 1497 ?
2609 1446 2692 1498 An
2745 1455 2954 1498 arcium
2987 1454 3037 1498 et
3091 1453 3383 1513 angustum
3435 1443 3639 1498 cceleste

2063 1547 2253 1592 tectum
2275 1538 2417 1592 vobis
2447 1537 2672 1602 videtur,
2703 1547 2751 1592 et
2776 1549 2972 1607 praeter
2997 1537 3092 1590 hoc
3119 1536 3270 1590 aliud
3289 1536 3638 1589 diversorium

2060 1630 2300 1700 quwritis
2333 1632 2357 1684 ?
2384 1645 2492 1682 una
2516 1629 2657 1682 vobis
2695 1630 2884 1683 domus
2942 1629 3117 1683 studio
3163 1645 3404 1698 curaeque
3432 1630 3539 1694 sit,
3574 1645 3639 1682 ea

2060 1720 2319 1784 videlicet,
2351 1737 2465 1789 qua:
2499 1720 2755 1790 cujusque
2806 1721 3025 1790 propria
3051 1730 3150 1784 est,
3183 1735 3300 1789 qua:
3344 1736 3435 1787 per
3474 1722 3642 1774 virtu-

373 1804 625 1860 Μᾶλλον
654 1804 705 1858 δ’
738 1805 814 1860 ἂν
839 1807 1081 1872 εἰκότως
1103 1807 1225 1862 ὑπὸ
1257 1806 1377 1860 τῶν
1402 1808 1471 1861 ἐν
1499 1809 1677 1876 κακίᾳ
1698 1813 1955 1878 μολυνο·

2065 1820 2129 1866 res
2166 1813 2467 1880 a’diﬁcatur
2508 1822 2556 1865 et
2595 1811 2808 1864 tollitur
2848 1812 2901 1864 in
2929 1812 3118 1864 altum.
3150 1809 3264 1863 Hoc
3294 1810 3466 1864 solum
3495 1809 3638 1863 vobis

372 1897 572 1967 μένων
616 1899 655 1965 ἡ
697 1897 816 1950 τῶν
864 1899 1080 1965 τοίχων
1119 1899 1288 1968 χρεία
1332 1900 1758 1961 σπουδάζετον
1810 1900 1960 1957 διότι

373 1988 771 2059 προκάλυμμα
795 1989 1092 2057 πολλάκις
1108 1990 1225 2045 τῶν
1240 1991 1515 2060 κρυπτῶν
1539 1993 1649 2062 τῆς
1661 1995 1960 2062 αἰσχύνης

371 2084 405 2135 ὁ
446 2078 612 2148 οἷκος
639 2081 885 2152 γίνεται.
921 2078 1020 2149 Οἷς
1053 2082 1122 2136 δὲ
1149 2083 1224 2138 δι’
1255 2084 1474 2155 ἀρετῆς
1503 2089 1536 2140 ὁ
1564 2086 1707 2151 ,βίος
1743 2086 1962 2140 ἐσπούο

371 2173 614 2235 διισται,
639 2174 749 2226 οὐκ
766 2174 1017 2242 ἔχουσιν
1032 2177 1087 2229 οι
1099 2175 1309 2244 τοῖχοι,
1327 2176 1362 2229 ὅ
1375 2193 1428 2230 τι
1443 2178 1956 2247 περικαλύψωσιν.

369 2263 562 2318 Ταῦτα
592 2264 650 2318 δὲ
684 2265 820 2336 πρὸς
852 2267 976 2350 τοὺς
1009 2266 1263 2333 συνέντας
1288 2268 1596 2334 διεξιόντος,
1621 2269 1849 2332 ἐπιστάς
1876 2284 1962 2332 τις

369 2356 481 2409 τῶν
510 2357 797 2426 ἐπισήμων
826 2357 986 2430 ἀνὴρ,
1017 2359 1163 2427 γένει
1199 2363 1289 2413 καὶ
1314 2361 1548 2432 πλούτῳ,
1579 2362 1673 2416 καὶ
1707 2365 1772 2434 τῇ
1797 2362 1958 2433 λοιπῇ

370 2447 656 2518 δυναστείᾳ
705 2449 816 2512 τοῖς
869 2449 1104 2520 πρώτοις
1145 2452 1456 2523 ἐναρίθμιος
1493 2454 1595 2507 ών-
1646 2452 1960 2518 Μουσώνιος

371 2540 542 2610 δνομα
587 2538 668 2609 τῷ
713 2539 900 2621 ἀνδρί·
949 2541 1025 2605 ὡς
1063 2538 1200 2596 εἷδεν
1234 2543 1461 2608 πολλοὺς
1503 2547 1626 2615 περὶ
1661 2546 1759 2616 τὴν
1794 2546 1961 2618 αὐτὴν

375 2631 612 2700 σπουδὴν
645 2630 1147 2702 προθυμουμένους,
1181 2634 1328 2697 ὅπως
1368 2633 1434 2688 ἂν
1460 2637 1574 2697 τοῖς
1611 2635 1758 2701 ἰδίοις
1794 2637 1961 2700 οῐκοις

370 2725 464 2776 τὸν
496 2723 662 2794 ἄνδρα
698 2725 949 2792 δέξοιντο,
984 2725 1194 2794 φθάσας
1235 2728 1360 2791 τοὺς
1404 2728 1614 2792 ἄλλους,
1650 2729 1961 2802 ύφαρπάζει

371 2817 473 2887 τὴν
505 2818 685 2888 χάριν,
718 2817 897 2888 ἑαυτῷ
931 2819 1260 2890 παρακαλῶν
1305 2821 1693 2894 ἐπιξενωθῆναι
1736 2825 1830 2878 τὸν
1869 2825 1963 2897 μέ-

371 2923 499 2976 γαν,
526 2909 620 2960 καὶ
648 2909 874 2978 τιμῆσαι
899 2910 964 2979 τῇ
995 2908 1183 2980 εἰσόδῳ
1220 2909 1310 2962 τὸν
1357 2909 1536 2965 οἷκον·
1568 2913 1642 2976 ώς
1668 2913 1734 2967 ἂν
1764 2915 1960 2986 σεμνό-

372 2997 532 3068 τερός
565 3014 624 3050 τε
670 2999 764 3050 καὶ
806 2997 1043 3068 ἀοίδιμος
1091 2999 1168 3068 τῷ
1218 3002 1356 3072 μετὰ
1394 3001 1570 3055 ταῦτα
1599 3003 1808 3072 γένοιτο
1839 3005 1959 3077 βίῳ,

374 3086 471 3140 τοῦ
505 3088 696 3157 χρόνου
732 3088 826 3141 καὶ
855 3089 968 3150 τοῖς
1000 3088 1197 3160 ἐφεξῆς
1234 3091 1334 3162 τὴν
1377 3092 1597 3164 μνήμην
1639 3095 1738 3164 τῆς
1780 3095 1964 3149 τοιαύ-

375 3193 477 3247 της
507 3175 674 3246 τιμῆς
707 3175 1186 3248 παραπέμποντος.

2063 1921 2208 1960 σαι-ιε
2238 1915 2392 1974 atque
2411 1904 2762 1959 sollicitudini
2786 1905 2887 1966 sit,
2917 1921 2980 1958 ne
3006 1903 3269 1972 ejusmodi
3300 1902 3443 1956 vobis
3487 1901 3641 1954 habi-

2065 1997 2300 2051 taculum
2323 2013 2426 2051 non
2450 2004 2702 2065 paratum
2728 2011 2819 2050 nec
2852 1996 3169 2049 instructum
3193 1995 3287 2058 sit;
3318 2011 3439 2047 nam
3472 2003 3641 2048 terra.

2063 2091 2118 2143 ni
2138 2091 2364 2160 parietes
2392 2090 2481 2150 iis,
2513 2089 2603 2158 qui
2626 2105 2743 2141 cum
2761 2088 2951 2141 virtute
2976 2087 3140 2140 vitam
3178 2087 3498 2154 transigunt,
3535 2087 3640 2138 cir-

2062 2177 2299 2231 cumdati
2321 2176 2456 2230 nihil
2489 2175 2752 2230 commodi
2800 2175 3062 2243 afferunt.
3104 2174 3353 2240 Quinimo
3387 2190 3487 2242 par
3520 2191 3642 2228 con-

2062 2280 2468 2340 sentaneumque
2513 2270 2674 2339 fuerit
2707 2271 2772 2323 ab
2813 2270 2902 2336 iis,
2936 2269 3026 2340 qui
3083 2268 3224 2322 vitiis
3274 2279 3429 2337 atque
3459 2268 3640 2337 nequi-

2063 2364 2140 2416 tia
2165 2362 2592 2432 coinquinantur,
2616 2361 2882 2431 parietum
2915 2375 3070 2414 usum
3099 2358 3333 2413 studiose
3351 2367 3637 2426 atquecum

2065 2468 2196 2507 cura
2240 2453 2449 2506 institui
2494 2461 2648 2521 atque
2679 2452 2866 2520 parari
2913 2459 3189 2520 propterea
3250 2448 3386 2518 quod
3448 2449 3637 2502 domus

2063 2540 2392 2595 occultarum
2460 2539 2760 2610 plerumque
2825 2539 3211 2608 turpitudinum
3286 2539 3638 2592 velamentum

2063 2633 2296 2688 exsistit.
2344 2633 2415 2685 At
2456 2648 2680 2700 quorum
2724 2632 2835 2686 vita
2887 2648 3003 2685 cum
3044 2633 3236 2685 virtute
3289 2631 3638 2699 transigitur,

2064 2727 2121 2779 in
2183 2724 2265 2778 his
2313 2723 2444 2777 nihil
2481 2733 2596 2788 est,
2641 2725 2782 2793 quod
2824 2725 3054 2792 parietes
3103 2723 3344 2794 ablegant
3388 2732 3437 2776 et
3489 2720 3641 2776 obve-

2065 2818 2190 2872 lent.
2223 2815 2400 2886 Atque
2430 2815 2546 2870 haec
2570 2829 2636 2870 eo
2679 2815 2748 2870 ad
2774 2813 3072 2870 familiares
3101 2814 3338 2877 dicente,
3372 2813 3641 2868 assistens

2062 2911 2148 2966 vir
2180 2907 2404 2980 quidam
2434 2907 2695 2978 insignis,
2733 2908 2828 2978 qui
2869 2922 3098 2977 genere,
3130 2906 3338 2961 divitiis
3385 2904 3641 2974 reliquis-

2063 3015 2170 3072 que
2199 2999 2395 3070 opibus
2424 2999 2567 3054 inter
2599 2999 2807 3068 primos
2844 3005 3226 3054 numeraretur
3248 2995 3568 3065 (Musonius
3588 2993 3640 3048 ei

2061 3106 2262 3147 nomen
2288 3091 2467 3165 erat),
2490 3097 2551 3146 ut
2580 3090 2718 3146 vidit
2751 3091 2952 3146 multos
2976 3089 3118 3145 idem
3150 3088 3384 3144 ofﬁcium
3426 3086 3642 3142 deferre

1981 3177 2025 3238 C
2056 3189 2298 3253 paratos,
2328 3188 2384 3236 et
2413 3181 2468 3236 id
2498 3188 2722 3252 agentes
2749 3221 2764 3247 ,
2804 3189 2866 3236 ut
2911 3181 2966 3235 in
3001 3195 3132 3236 suas
3168 3181 3313 3235 aedes
3339 3179 3517 3233 virum
3552 3191 3642 3232 re-

374 3269 621 3338 ciperent
642 3307 657 3330 ,
678 3283 800 3324 cum
835 3275 1062 3325 caeteros
1093 3269 1474 3330 antevertissct
1499 3309 1515 3336 ,
1538 3270 1770 3342 gratiam
1838 3270 2082 3342 praeripit
2125 3285 2325 3341 rogans
2354 3286 2612 3343 magnum
2673 3271 2827 3326 illum
2873 3271 3053 3326 virum
3087 3310 3103 3336 ,
3146 3279 3207 3326 ut
3269 3285 3370 3326 suo
3401 3269 3642 3340 hospitio

376 3371 646 3427 uteretur,
681 3374 732 3419 et
769 3364 998 3419 introitu
1030 3363 1252 3419 domum
1282 3365 1618 3435 honestaret,
1651 3381 1762 3438 quo
1793 3373 1847 3422 et
1875 3368 2164 3439 augustior
2200 3378 2255 3423 et
2288 3368 2343 3422 in
2384 3368 2638 3438 sequenti
2697 3372 2898 3422 saeculo
2974 3367 3207 3422 celebris
3268 3373 3323 3422 et
3373 3381 3644 3422 memora-

374 3461 506 3518 bilis
535 3477 600 3516 ea
629 3462 914 3526 evaderet,
944 3471 1186 3531 tempore
1222 3461 1388 3518 etiam
1423 3463 1492 3518 ad
1546 3475 1798 3534 posteros
1827 3465 2150 3520 memoriam
2183 3462 2458 3533 ejusmodi
2516 3462 2744 3518 honoris
2784 3461 3219 3517 transmittente.

463 3559 615 3612 Ἐπεὶ
652 3558 708 3611 δὲ
734 3559 828 3612 καὶ
861 3559 1006 3614 ἄλλοι
1051 3561 1236 3615 πολλοὶ
1280 3561 1676 3632 συνδραμόντες
1703 3561 1830 3630 περὶ
1858 3559 1966 3614 τῶν

376 3651 580 3722 ὁμοίων
629 3651 868 3706 ἱκέτευον
892 3689 908 3714 ,
958 3651 1160 3708 δίκαιον
1211 3649 1348 3706 εἶναι
1395 3652 1586 3723 κρίνας
1638 3652 1816 3705 δοῦναι
1867 3653 1968 3722 τὴν

379 3744 541 3814 χάριν
583 3741 660 3812 τῷ
707 3742 1160 3814 προκατάρξαντι,
1192 3743 1317 3805 τοὺς
1358 3743 1549 3804 ἄλλους
1600 3741 1688 3795 διὰ
1723 3741 1821 3812 τῆς
1860 3741 1968 3802 τῶν

378 3833 552 3900 Λόγων
594 3830 992 3902 φιλοφροσύνης
1039 3831 1477 3902 διασπασάμενός
1520 3848 1580 3883 τε
1623 3832 1717 3884 καὶ
1766 3831 1970 3885 ἀντιτι-

379 3923 584 3993 μήσας,
619 3921 771 3993 παρὰ
810 3919 888 3990 τῷ
940 3920 1262 3993 προλαόόντι
1318 3922 1636 3990 κατάγεται.
1689 3919 1749 3974 Ei
1796 3920 1852 3975 δὲ
1898 3922 1974 3975 δι-

383 4015 704 4086 ηγηματική
732 4014 815 4076 τίς
846 4015 960 4066 ἐστι
1004 4013 1098 4067 καὶ
1145 4014 1518 4077 ἀκατάσκευος
1549 4015 1660 4068 τῶν
1707 4015 1833 4084 περὶ
1873 4015 1971 4068 αὑ-

378 4105 482 4162 τοῦ
525 4105 699 4173 λόγων
754 4106 788 4176 ἡ
841 4105 1068 4176 ἱστορία,
1117 4104 1216 4169 τὰς
1270 4106 1336 4158 ὲκ
1379 4105 1657 4176 περινοίας
1695 4106 1837 4169 τινὸς
1881 4107 1974 4176 ἐφ-

380 4200 780 4271 ευρισκομένας
821 4201 934 4263 τοῖς
975 4199 1295 4270 πράγμασιν
1335 4199 1663 4272 ἑπαυξήσεις
1711 4202 1971 4265 ἑκουσίως

378 4292 479 4347 τοῦ
528 4292 798 4364 ἡμετέρου
833 4291 1233 4362 παραλιπόντος
1277 4291 1459 4360 λόγου·
1513 4293 1721 4361 γένοιτο
1765 4293 1831 4347 ἂν
1876 4295 1970 4347 καὶ

380 4385 524 4455 αὑτὴ
555 4387 667 4448 τοῖς
708 4382 881 4456 ὀρθῶς
931 4383 999 4436 τὰ
1045 4383 1343 4454 πράγματα
1389 4384 1662 4455 κρίνουσιν
1695 4386 1757 4437 οὐ
1797 4386 1970 4456 μικρὰ

2132 3558 2269 3615 Cum
2297 3565 2482 3612 autem
2537 3555 2696 3610 multi
2751 3555 2916 3610 etiam
2952 3554 3046 3608 alii
3104 3561 3524 3616 concurrerent,
3588 3561 3644 3608 et

2062 3649 2254 3706 eadem
2285 3654 2562 3719 rogarent,
2601 3661 2822 3716 aequum
2871 3660 2994 3700 esse
3033 3644 3291 3714 judicans
3345 3643 3642 3715 gratiﬁcari

2063 3741 2136 3806 ei,
2165 3739 2259 3810 qui
2287 3746 2532 3810 tempore
2568 3736 2719 3806 prior
2753 3735 2807 3790 in
2861 3733 3156 3789 deferendo
3193 3731 3368 3788 oliicio
3423 3731 3642 3797 fuisset,

2066 3846 2193 3887 cum
2229 3839 2457 3886 caeteros
2481 3829 2719 3900 benigne
2766 3829 3036 3884 salutatos
3087 3825 3268 3880 verbis
3321 3822 3644 3879 honoriﬁcis

2068 3923 2303 3978 invicem
2337 3932 2667 3992 prosecutus
2687 3919 3012 3986 dimisisset,
3038 3917 3105 3972 ad
3137 3917 3372 3986 priorem
3398 3914 3643 3970 divertit.

2071 4011 2231 4079 Quod
2260 4012 2307 4066 si
2341 4010 2574 4066 historia
2611 4025 2796 4065 rerum
2825 4009 2893 4063 ab
2922 4023 2988 4064 eo
3024 4013 3300 4076 gestarum
3333 4003 3467 4058 nihil
3513 4017 3649 4073 prse-

2069 4111 2154 4159 ter
2202 4117 2387 4158 rerum
2422 4101 2799 4156 narrationem
2841 4100 3088 4154 continet
3115 4105 3170 4152 et
3218 4096 3498 4152 incondita
3537 4102 3645 4164 est,

2071 4194 2219 4266 quod
2281 4209 2465 4250 sermo
2523 4201 2714 4248 noster
2763 4192 3020 4246 consulto
3071 4189 3479 4258 praetermiserit
3527 4203 3645 4253 eas,

2074 4303 2196 4356 quae
2229 4286 2418 4342 solerti
2455 4285 2690 4356 quadam
2739 4283 3145 4352 excogitatione
3184 4281 3430 4335 adhiberi
3481 4280 3647 4334 rebus

2076 4378 2276 4442 solent,
2327 4374 2784 4445 ampliﬁcationes
2834 4378 2889 4426 et
2939 4370 3421 4441 exaggerationes:
3483 4366 3649 4420 fuerit

388 4477 687 4551 μαρτυρία,
731 4454 824 4530 τοῦ
883 4476 1047 4547 μηδὲν
1095 4476 1162 4529 δι’
1220 4454 1465 4539 ἐπινοίας
1513 4475 1842 4540 ὲπαύξεσθαι

2074 4469 2238 4523 etiam
2271 4466 2376 4520 hoc
2412 4479 2522 4518 non
2558 4462 2662 4518 levi
2691 4461 2834 4531 apud
2869 4476 2966 4516 eos
2998 4461 3092 4529 qui
3134 4465 3284 4513 recto
3313 4454 3524 4525 judicio
3557 4469 3648 4509 res

391 4567 851 4639 μνημονευομένῳ
891 4567 960 4620 τὰ
1010 4566 1283 4637 θαύματα,
1319 4567 1432 4620 ἀλλ’
1477 4568 1665 4637 ἀρκεῖν
1703 4567 1802 4639 τὴν
1841 4570 1976 4640 μνή-

391 4674 502 4728 μην
542 4656 650 4710 τῶν
693 4657 813 4708 κατ’
851 4653 1012 4708 αὐτὸν
1070 4655 1406 4725 πραγμάτων
1445 4652 1596 4724 θηρὸς
1645 4653 1973 4706 τελειότατον

387 4748 644 4802 ἔπαινον·
704 4741 815 4799 οἷόν
853 4763 906 4799 τι
958 4745 1150 4808 κάλλος
1205 4746 1470 4813 αὐτοφυὲς
1522 4744 1614 4797 ἐπὶ
1661 4742 1972 4814 προσώπου,

377 4840 618 4910 «οὐδεμιᾷ
655 4837 947 4908 περιεργίᾳ
988 4839 1344 4906 κομμωτικῆς
1380 4836 1575 4906 τέχνης
1614 4833 1975 4904 ὲπανθιζὸμε-

401 4947 503 4986 ων.
538 4931 745 4984 Ὄντων
787 4928 844 4980 δὲ
875 4927 982 4980 τῶν
1031 4943 1374 4998 προκατηχου
1383 4927 1556 4997 μένων
1594 4926 1687 4980 τὸν
1726 4925 1884 4995 λόγον
1916 4927 1975 4980 ὲν

390 5020 560 5091 ὀλίγῳ
605 5019 683 5090 τῷ
729 5017 968 5089 ἀριθμῷ,
998 5019 1125 5086 πρὶν
1172 5017 1458 5087 παρελθεῖν
1488 5018 1586 5088 τὴν
1614 5018 1847 5090 ἡμέραν,
1879 5018 1976 5072 καὶ

393 5114 454 5165 ὲν
483 5111 710 5180 δυσμαῖς
745 5108 997 5178 γενέσθαι
1045 5107 1136 5161 τὸν
1180 5107 1349 5177 ἥλιον,
1387 5108 1627 5162 τοσοῦτοι
1679 5109 1830 5183 παρὰ
1877 5110 1976 5179 τὴν

396 5204 685 5274 συντυχίαν
718 5200 1063 5275 προσέθεντο,
1098 5199 1234 5252 ὥστε
1277 5199 1412 5270 πρὸς
1453 5199 1703 5271 σύστημα
1741 5199 1870 5254 λαοῦ
1917 5200 1978 5253 τὸ

397 5293 604 5364 πλῆθος
652 5294 760 5347 τῶν
806 5291 1244 5347 πεπιστευκότων
1289 5290 1486 5354 ἱκανῶς
1525 5291 1686 5362 ἔχειν.
1723 5291 1972 5364 ’ορορος,

398 5386 495 5438 καὶ
522 5384 684 5437 πάλιν
714 5385 805 5436 ἐπὶ
842 5384 1032 5454 θύραις
1061 5385 1089 5436 ὁ
1118 5382 1306 5453 δῆμος,
1341 5383 1490 5434 αὐτοί
1517 5399 1575 5435 τε
1604 5385 1697 5436 καὶ
1724 5387 1977 5452 γυναῖκες

398 5476 490 5529 καὶ
528 5476 733 5538 παῖδες,
766 5476 858 5528 καὶ
888 5477 946 5528 τὸ
971 5474 1198 5546 γηραιὸν
1221 5474 1320 5543 τῆς
1347 5473 1576 5544 ἡλικίας,
1604 5476 1696 5528 καὶ
1725 5474 1805 5539 οἷς
1837 5493 1977 5531 τισιν

398 5561 469 5633 ἦν
502 5567 566 5617 ἐκ
602 5565 892 5633 δαιμόνων,
921 5565 954 5634 ἢ
991 5566 1048 5631 ἐξ
1073 5565 1238 5636 ἄλλης
1265 5565 1412 5626 τινὸς
1458 5565 1738 5634 ἐπηρείας,
1769 5567 1802 5634 ἡ
1841 5583 1978 5634 συμ-

401 5655 546 5724 φορὰ
578 5656 707 5726 περὶ
741 5655 801 5708 τί,
834 5655 1017 5725 σῶμα·
1066 5657 1159 5710 καὶ⁵
1191 5658 1249 5709 ἐν
1283 5655 1463 5725 μέσοις
1491 5656 1690 5718 ἐκεῖνος
1717 5656 1853 5725 πρὸς
1881 5654 1978 5725 τὴν

399 5749 636 5817 ἑκάστου
695 5748 803 5803 τῶν
864 5747 1286 5820 συνειλεγμένων
1350 5748 1538 5820 χρείαν
1589 5747 1859 5818 ἁρμοδίως
1912 5749 1978 5819 τῇ

2074 4559 2367 4622 aestimant,
2398 4554 2714 4610 testimonio
2744 4559 2909 4622 atque
2939 4555 3284 4621 argumento,
3307 4546 3454 4616 quod
3498 4545 3650 4599 nullo

2075 4649 2238 4705 modo
2265 4649 2333 4704 de
2362 4641 2636 4703 induStria
2672 4646 2940 4699 miracula
2971 4643 3074 4696 viri
3114 4640 3276 4707 cujus
3327 4638 3648 4693 memoriam

2075 4740 2438 4801 celebramus,
2469 4743 2893 4805 exaggerentur,
2937 4732 3032 4786 sed
3067 4746 3250 4785 rerum
3295 4728 3417 4798 ejus
3444 4742 3648 4781 memo-

2077 4832 2158 4885 ria
2202 4829 2435 4886 sulliciat
2476 4828 2542 4881 ad
2588 4824 3043 4896 perfectissimam
3077 4822 3333 4877 laudem:
3388 4827 3648 4888 tanquam

2076 4924 2260 4978 nativa
2301 4921 2546 4991 quaedam
2585 4918 2956 4990 pulchritudo,
2989 4931 3110 4986 quae
3150 4915 3356 4969 nullius
3393 4911 3650 4967 lenocinii
3730 4967 3737 4974 _

2076 5026 2416 5082 supervacua
2441 5009 2684 5064 adhibita
2713 5023 2844 5064 cura
2873 5009 2928 5061 in
2960 5007 3098 5061 facie
3141 5002 3453 5060 eﬂlorcscit.
3512 5000 3650 5055 Cum

2077 5113 2259 5158 autem
2289 5103 2488 5172 exiguo
2521 5117 2752 5156 numero
2781 5107 2989 5165 essent,
3044 5098 3138 5166 qui
3175 5108 3484 5151 sermonem
3524 5099 3652 5146 ante

2077 5193 2438 5255 audivissent,
2467 5192 2788 5262 priusquam
2819 5188 2938 5243 dies
2967 5186 3342 5258 prmteriisset,
3366 5195 3418 5238 et
3447 5183 3528 5238 sol
3556 5198 3653 5235 oc-

2077 5286 2324 5348 cidisset,
2361 5283 2498 5338 adeo
2534 5283 2689 5338 multi
2739 5282 2916 5351 primo
2962 5293 3235 5334 concursu
3276 5281 3651 5338 accesserunt,

2080 5386 2138 5432 ut
2163 5377 2232 5430 ad
2273 5375 2723 5431 constituendum
2782 5371 3041 5442 pepulum
3090 5369 3380 5424 multitudo
3429 5381 3652 5432 eorum,

2080 5472 2172 5540 qui
2201 5468 2570 5530 crediderant,
2601 5465 2738 5520 satis
2779 5477 2972 5532 magna
3015 5469 3185 5515 esset.
3236 5458 3506 5513 Postridie
3533 5457 3655 5526 ejus

2079 5563 2188 5618 diei
2225 5561 2388 5617 simul
2413 5569 2576 5629 atque
2601 5556 2912 5616 diluxisset,
2934 5567 3128 5606 rursus
3158 5552 3437 5606 hominum
3474 5551 3658 5606 multi-

2082 5657 2216 5709 tudo
2248 5655 2504 5724 frequens
2540 5669 2660 5708 cum
2696 5649 2960 5704 uxoribus
2987 5654 3041 5700 et
3066 5645 3273 5707 liberis,
3301 5644 3426 5698 item
3465 5645 3654 5698 senilis

2081 5755 2236 5814 actas,
2271 5755 2324 5802 et
2350 5746 2772 5817 quibuscunque
2798 5757 2865 5798 cx
2902 5739 3211 5795 daemonum
3245 5735 3448 5807 injuria
3481 5735 3654 5791 aliave
