  <div class='ocr_page' id='page_1' title='image "/cluster/home/n/w/nwhite01/storage/ocr_20150623/46/mdp.39015011915447/469.png"; bbox 0 0 4068 6154; ppageno 0'>
   <div class='ocr_carea' id='block_1_1' title="bbox 512 314 619 378">
    <p class='ocr_par' dir='ltr' id='par_1_1' title="bbox 512 314 619 378">
     <span class='ocr_line' id='line_1_1' title="bbox 512 314 619 378; baseline 0 -8"><span class='ocrx_word' id='word_1_1' title='bbox 512 314 619 378; x_wconf 67' lang='lat'><strong>923</strong></span> 
     </span>
    </p>
   </div>
   <div class='ocr_carea' id='block_1_2' title="bbox 1679 290 3750 364">
    <p class='ocr_par' dir='ltr' id='par_1_2' title="bbox 1679 290 3750 364">
     <span class='ocr_line' id='line_1_2' title="bbox 1679 290 3750 364; baseline -0 -2"><span class='ocrx_word' id='word_1_2' title='bbox 1679 306 1736 362; x_wconf 92' lang='lat' dir='ltr'><strong>s.</strong></span> <span class='ocrx_word' id='word_1_3' title='bbox 1779 305 2104 364; x_wconf 66' lang='lat' dir='ltr'><strong>caecos&quot;</strong></span> <span class='ocrx_word' id='word_1_4' title='bbox 2146 290 2443 363; x_wconf 77' lang='lat' dir='ltr'><strong>NYSSENI</strong></span> <span class='ocrx_word' id='word_1_5' title='bbox 3655 307 3750 362; x_wconf 65' lang='grc' dir='ltr'>ρει</span> 
     </span>
    </p>
   </div>
   <div class='ocr_carea' id='block_1_3' title="bbox 513 415 2076 493">
    <p class='ocr_par' dir='ltr' id='par_1_3' title="bbox 513 415 2076 493">
     <span class='ocr_line' id='line_1_3' title="bbox 513 415 2076 493; baseline 0 -16"><span class='ocrx_word' id='word_1_6' title='bbox 513 423 698 493; x_wconf 88' lang='lat' dir='ltr'><strong>aliqua</strong></span> <span class='ocrx_word' id='word_1_7' title='bbox 736 419 789 476; x_wconf 99' lang='lat' dir='ltr'><strong>vi</strong></span> <span class='ocrx_word' id='word_1_8' title='bbox 815 418 1098 476; x_wconf 74' lang='lat' dir='ltr'><strong>calamitas</strong></span> <span class='ocrx_word' id='word_1_9' title='bbox 1131 417 1380 488; x_wconf 77' lang='lat' dir='ltr'><strong>corporis</strong></span> <span class='ocrx_word' id='word_1_10' title='bbox 1413 415 1708 485; x_wconf 75' lang='lat' dir='ltr'><strong>acciderat,</strong></span> <span class='ocrx_word' id='word_1_11' title='bbox 1743 433 1844 490; x_wconf 90' lang='lat' dir='ltr'><strong>pro</strong></span> <span class='ocrx_word' id='word_1_12' title='bbox 1868 419 2076 477; x_wconf 81' lang='lat' dir='ltr'><strong>foribus</strong></span> 
     </span>
    </p>
   </div>
   <div class='ocr_carea' id='block_1_4' title="bbox 2176 415 3752 493">
    <p class='ocr_par' dir='ltr' id='par_1_4' title="bbox 2181 417 3752 493">
     <span class='ocr_line' id='line_1_4' title="bbox 2181 417 3752 493; baseline -0.001 -17"><span class='ocrx_word' id='word_1_13' title='bbox 2181 423 2420 493; x_wconf 80' lang='grc' dir='ltr'>δυνάμει</span> <span class='ocrx_word' id='word_1_14' title='bbox 2438 418 2530 475; x_wconf 82' lang='grc' dir='ltr'><strong>τοῦ</strong></span> <span class='ocrx_word' id='word_1_15' title='bbox 2559 419 2872 490; x_wconf 81' lang='grc' dir='ltr'>Πνεῦματος</span> <span class='ocrx_word' id='word_1_16' title='bbox 2906 418 3280 490; x_wconf 75' lang='grc' dir='ltr'><strong>μεριζόμενος,</strong></span> <span class='ocrx_word' id='word_1_17' title='bbox 3306 417 3618 490; x_wconf 77' lang='grc' dir='ltr'><strong>κηρύσσων,</strong></span> <span class='ocrx_word' id='word_1_18' title='bbox 3650 438 3752 475; x_wconf 84' lang='grc' dir='ltr'>συν-</span> 
     </span>
    </p>
   </div>
   <div class='ocr_carea' id='block_1_5' title="bbox 512 509 2082 584">
    <p class='ocr_par' dir='ltr' id='par_1_5' title="bbox 512 509 2082 584">
     <span class='ocr_line' id='line_1_5' title="bbox 512 509 2082 584; baseline -0.001 -15"><span class='ocrx_word' id='word_1_19' title='bbox 512 523 714 584; x_wconf 72' lang='grc' dir='ltr'>ρταιειο</span> <span class='ocrx_word' id='word_1_20' title='bbox 738 521 916 574; x_wconf 90' lang='lat' dir='ltr'><strong>erant,</strong></span> <span class='ocrx_word' id='word_1_21' title='bbox 956 520 1012 566; x_wconf 87' lang='lat' dir='ltr'><strong>et</strong></span> <span class='ocrx_word' id='word_1_22' title='bbox 1056 510 1148 565; x_wconf 93' lang='lat' dir='ltr'><strong>ille</strong></span> <span class='ocrx_word' id='word_1_23' title='bbox 1177 510 1232 564; x_wconf 91' lang='lat' dir='ltr'><strong>in</strong></span> <span class='ocrx_word' id='word_1_24' title='bbox 1273 509 1454 565; x_wconf 90' lang='lat' dir='ltr'><strong>medio</strong></span> <span class='ocrx_word' id='word_1_25' title='bbox 1501 524 1690 565; x_wconf 92' lang='lat' dir='ltr'><strong>eorum</strong></span> <span class='ocrx_word' id='word_1_26' title='bbox 1720 512 1788 566; x_wconf 89' lang='lat' dir='ltr'><strong>ad</strong></span> <span class='ocrx_word' id='word_1_27' title='bbox 1835 511 1889 567; x_wconf 92' lang='lat' dir='ltr'><strong>id</strong></span> <span class='ocrx_word' id='word_1_28' title='bbox 1933 512 2082 583; x_wconf 89' lang='lat' dir='ltr'><strong>quod</strong></span> 
     </span>
    </p>
   </div>
   <div class='ocr_carea' id='block_1_6' title="bbox 513 602 2084 674">
    <p class='ocr_par' dir='ltr' id='par_1_6' title="bbox 513 602 2084 674">
     <span class='ocr_line' id='line_1_6' title="bbox 513 602 2084 674; baseline 0.001 -15"><span class='ocrx_word' id='word_1_29' title='bbox 513 605 711 674; x_wconf 85' lang='lat' dir='ltr'><strong>cuique</strong></span> <span class='ocrx_word' id='word_1_30' title='bbox 740 616 954 667; x_wconf 82' lang='lat' dir='ltr'><strong>eorum,</strong></span> <span class='ocrx_word' id='word_1_31' title='bbox 994 602 1089 672; x_wconf 88' lang='lat' dir='ltr'><strong>qui</strong></span> <span class='ocrx_word' id='word_1_32' title='bbox 1130 609 1532 666; x_wconf 91' lang='lat' dir='ltr'><strong>convenerant,</strong></span> <span class='ocrx_word' id='word_1_33' title='bbox 1581 617 1721 672; x_wconf 88' lang='lat' dir='ltr'><strong>opus</strong></span> <span class='ocrx_word' id='word_1_34' title='bbox 1766 611 1907 668; x_wconf 91' lang='lat' dir='ltr'><strong>erat,</strong></span> <span class='ocrx_word' id='word_1_35' title='bbox 1960 619 2084 660; x_wconf 89' lang='lat' dir='ltr'><strong>sese</strong></span> 
     </span>
    </p>
   </div>
   <div class='ocr_carea' id='block_1_7' title="bbox 513 691 2084 764">
    <p class='ocr_par' dir='ltr' id='par_1_7' title="bbox 513 691 2084 764">
     <span class='ocr_line' id='line_1_7' title="bbox 513 691 2084 764; baseline 0.001 -16"><span class='ocrx_word' id='word_1_36' title='bbox 513 693 723 748; x_wconf 79' lang='lat' dir='ltr'><strong>virtute</strong></span> <span class='ocrx_word' id='word_1_37' title='bbox 755 691 998 762; x_wconf 77' lang='lat' dir='ltr'><strong>Spiritus</strong></span> <span class='ocrx_word' id='word_1_38' title='bbox 1033 692 1370 762; x_wconf 80' lang='lat' dir='ltr'><strong>impertiens,</strong></span> <span class='ocrx_word' id='word_1_39' title='bbox 1399 693 1721 763; x_wconf 67' lang='lat' dir='ltr'><strong>praedicans,</strong></span> <span class='ocrx_word' id='word_1_40' title='bbox 1754 710 1866 749; x_wconf 87' lang='lat' dir='ltr'><strong>una</strong></span> <span class='ocrx_word' id='word_1_41' title='bbox 1895 695 2084 764; x_wconf 90' lang='lat' dir='ltr'><strong>dispu-</strong></span> 
     </span>
    </p>
   </div>
   <div class='ocr_carea' id='block_1_8' title="bbox 511 784 2083 852">
    <p class='ocr_par' dir='ltr' id='par_1_8' title="bbox 511 784 2083 852">
     <span class='ocr_line' id='line_1_8' title="bbox 511 784 2083 852; baseline 0.003 -14"><span class='ocrx_word' id='word_1_42' title='bbox 511 793 640 840; x_wconf 82' lang='lat' dir='ltr'><strong>tans</strong></span> <span class='ocrx_word' id='word_1_43' title='bbox 658 793 710 839; x_wconf 92' lang='lat' dir='ltr'><strong>et</strong></span> <span class='ocrx_word' id='word_1_44' title='bbox 739 785 1082 847; x_wconf 81' lang='lat' dir='ltr'><strong>examinans,</strong></span> <span class='ocrx_word' id='word_1_45' title='bbox 1110 784 1433 849; x_wconf 88' lang='lat' dir='ltr'><strong>admonens,</strong></span> <span class='ocrx_word' id='word_1_46' title='bbox 1453 787 1679 852; x_wconf 83' lang='lat' dir='ltr'><strong>docens,</strong></span> <span class='ocrx_word' id='word_1_47' title='bbox 1707 803 1932 843; x_wconf 55' lang='lat' dir='ltr'><strong>sanans».</strong></span> <span class='ocrx_word' id='word_1_48' title='bbox 1968 786 2083 843; x_wconf 84' lang='lat' dir='ltr'><strong>Hac</strong></span> 
     </span>
    </p>
   </div>
   <div class='ocr_carea' id='block_1_9' title="bbox 510 876 2084 950">
    <p class='ocr_par' dir='ltr' id='par_1_9' title="bbox 510 876 2084 950">
     <span class='ocr_line' id='line_1_9' title="bbox 510 876 2084 950; baseline 0.001 -19"><span class='ocrx_word' id='word_1_49' title='bbox 510 876 657 931; x_wconf 84' lang='lat' dir='ltr'><strong>enim</strong></span> <span class='ocrx_word' id='word_1_50' title='bbox 696 877 886 946; x_wconf 89' lang='lat' dir='ltr'><strong>utique</strong></span> <span class='ocrx_word' id='word_1_51' title='bbox 921 891 983 931; x_wconf 90' lang='lat' dir='ltr'><strong>re</strong></span> <span class='ocrx_word' id='word_1_52' title='bbox 1012 877 1356 947; x_wconf 82' lang='lat' dir='ltr'><strong>potissimum</strong></span> <span class='ocrx_word' id='word_1_53' title='bbox 1399 877 1600 933; x_wconf 88' lang='lat' dir='ltr'><strong>multos</strong></span> <span class='ocrx_word' id='word_1_54' title='bbox 1636 878 1704 932; x_wconf 90' lang='lat' dir='ltr'><strong>ad</strong></span> <span class='ocrx_word' id='word_1_55' title='bbox 1736 878 2084 950; x_wconf 62' lang='lat' dir='ltr'><strong>pradicatio-</strong></span> 
     </span>
    </p>
   </div>
   <div class='ocr_carea' id='block_1_10' title="bbox 511 966 2083 1038">
    <p class='ocr_par' dir='ltr' id='par_1_10' title="bbox 511 966 2083 1038">
     <span class='ocr_line' id='line_1_10' title="bbox 511 966 2083 1038; baseline 0.003 -17"><span class='ocrx_word' id='word_1_56' title='bbox 511 982 636 1022; x_wconf 86' lang='lat' dir='ltr'><strong>nem</strong></span> <span class='ocrx_word' id='word_1_57' title='bbox 677 967 1005 1030; x_wconf 88' lang='lat' dir='ltr'><strong>adducebat,</strong></span> <span class='ocrx_word' id='word_1_58' title='bbox 1052 966 1198 1037; x_wconf 90' lang='lat' dir='ltr'><strong>quod</strong></span> <span class='ocrx_word' id='word_1_59' title='bbox 1243 981 1308 1022; x_wconf 90' lang='lat' dir='ltr'><strong>ea</strong></span> <span class='ocrx_word' id='word_1_60' title='bbox 1335 982 1456 1038; x_wconf 81' lang='lat' dir='ltr'><strong>quae</strong></span> <span class='ocrx_word' id='word_1_61' title='bbox 1502 968 1827 1025; x_wconf 82' lang='lat' dir='ltr'><strong>videbantur</strong></span> <span class='ocrx_word' id='word_1_62' title='bbox 1854 986 1977 1026; x_wconf 86' lang='lat' dir='ltr'><strong>cum</strong></span> <span class='ocrx_word' id='word_1_63' title='bbox 2013 972 2083 1027; x_wconf 90' lang='lat' dir='ltr'><strong>iis</strong></span> 
     </span>
    </p>
   </div>
   <div class='ocr_carea' id='block_1_11' title="bbox 509 1059 2082 1131">
    <p class='ocr_par' dir='ltr' id='par_1_11' title="bbox 509 1059 2082 1131">
     <span class='ocr_line' id='line_1_11' title="bbox 509 1059 2082 1131; baseline 0.005 -20"><span class='ocrx_word' id='word_1_64' title='bbox 509 1075 632 1130; x_wconf 69' lang='lat' dir='ltr'><strong>quae</strong></span> <span class='ocrx_word' id='word_1_65' title='bbox 673 1059 1036 1114; x_wconf 86' lang='lat' dir='ltr'><strong>audiebantur</strong></span> <span class='ocrx_word' id='word_1_66' title='bbox 1089 1061 1462 1127; x_wconf 85' lang='lat' dir='ltr'><strong>congruebant</strong></span> <span class='ocrx_word' id='word_1_67' title='bbox 1531 1072 1584 1118; x_wconf 84' lang='lat' dir='ltr'><strong>et</strong></span> <span class='ocrx_word' id='word_1_68' title='bbox 1643 1064 2082 1131; x_wconf 86' lang='lat' dir='ltr'><strong>conveniebant,</strong></span> 
     </span>
    </p>
   </div>
   <div class='ocr_carea' id='block_1_12' title="bbox 511 1150 2084 1227">
    <p class='ocr_par' dir='ltr' id='par_1_12' title="bbox 511 1150 2084 1227">
     <span class='ocr_line' id='line_1_12' title="bbox 511 1150 2084 1227; baseline 0.006 -24"><span class='ocrx_word' id='word_1_69' title='bbox 511 1160 676 1220; x_wconf 88' lang='lat' dir='ltr'><strong>atque</strong></span> <span class='ocrx_word' id='word_1_70' title='bbox 712 1167 807 1222; x_wconf 89' lang='lat' dir='ltr'><strong>per</strong></span> <span class='ocrx_word' id='word_1_71' title='bbox 836 1159 1067 1222; x_wconf 88' lang='lat' dir='ltr'><strong>utraque</strong></span> <span class='ocrx_word' id='word_1_72' title='bbox 1098 1150 1293 1206; x_wconf 65' lang='lat' dir='ltr'><strong>divinae</strong></span> <span class='ocrx_word' id='word_1_73' title='bbox 1317 1152 1532 1209; x_wconf 89' lang='lat' dir='ltr'><strong>virtutis</strong></span> <span class='ocrx_word' id='word_1_74' title='bbox 1568 1154 1622 1209; x_wconf 92' lang='lat' dir='ltr'><strong>in</strong></span> <span class='ocrx_word' id='word_1_75' title='bbox 1656 1170 1722 1210; x_wconf 91' lang='lat' dir='ltr'><strong>eo</strong></span> <span class='ocrx_word' id='word_1_76' title='bbox 1756 1164 1898 1211; x_wconf 76' lang='lat' dir='ltr'><strong>notae</strong></span> <span class='ocrx_word' id='word_1_77' title='bbox 1921 1164 2084 1227; x_wconf 91' lang='lat' dir='ltr'><strong>atque</strong></span> 
     </span>
    </p>
   </div>
   <div class='ocr_carea' id='block_1_13' title="bbox 514 1242 2082 1317">
    <p class='ocr_par' dir='ltr' id='par_1_13' title="bbox 514 1242 2082 1317">
     <span class='ocr_line' id='line_1_13' title="bbox 514 1242 2082 1317; baseline 0.004 -18"><span class='ocrx_word' id='word_1_78' title='bbox 514 1245 723 1300; x_wconf 89' lang='lat' dir='ltr'><strong>indicia</strong></span> <span class='ocrx_word' id='word_1_79' title='bbox 783 1245 1110 1299; x_wconf 85' lang='lat' dir='ltr'><strong>relucebant.</strong></span> <span class='ocrx_word' id='word_1_80' title='bbox 1175 1242 1309 1298; x_wconf 85' lang='lat' dir='ltr'><strong>Nam</strong></span> <span class='ocrx_word' id='word_1_81' title='bbox 1363 1261 1524 1301; x_wconf 90' lang='lat' dir='ltr'><strong>aures</strong></span> <span class='ocrx_word' id='word_1_82' title='bbox 1588 1246 1807 1317; x_wconf 85' lang='lat' dir='ltr'><strong>quidem</strong></span> <span class='ocrx_word' id='word_1_83' title='bbox 1869 1264 2082 1317; x_wconf 84' lang='lat' dir='ltr'><strong>sermo,</strong></span> 
     </span>
    </p>
   </div>
   <div class='ocr_carea' id='block_1_14' title="bbox 511 1336 2086 1406">
    <p class='ocr_par' dir='ltr' id='par_1_14' title="bbox 511 1336 2086 1406">
     <span class='ocr_line' id='line_1_14' title="bbox 511 1336 2086 1406; baseline 0.003 -15"><span class='ocrx_word' id='word_1_84' title='bbox 511 1336 706 1392; x_wconf 89' lang='lat' dir='ltr'><strong>oculos</strong></span> <span class='ocrx_word' id='word_1_85' title='bbox 733 1350 863 1390; x_wconf 91' lang='lat' dir='ltr'><strong>vero</strong></span> <span class='ocrx_word' id='word_1_86' title='bbox 903 1350 968 1391; x_wconf 87' lang='lat' dir='ltr'><strong>ea</strong></span> <span class='ocrx_word' id='word_1_87' title='bbox 1002 1350 1123 1406; x_wconf 85' lang='lat' dir='ltr'><strong>quae</strong></span> <span class='ocrx_word' id='word_1_88' title='bbox 1151 1336 1296 1390; x_wconf 84' lang='lat' dir='ltr'><strong>circa</strong></span> <span class='ocrx_word' id='word_1_89' title='bbox 1325 1337 1573 1394; x_wconf 90' lang='lat' dir='ltr'><strong>infirmos</strong></span> <span class='ocrx_word' id='word_1_90' title='bbox 1599 1339 1902 1395; x_wconf 85' lang='lat' dir='ltr'><strong>edebantur</strong></span> <span class='ocrx_word' id='word_1_91' title='bbox 1929 1341 2086 1395; x_wconf 87' lang='lat' dir='ltr'><strong>mira-</strong></span> 
     </span>
    </p>
   </div>
   <div class='ocr_carea' id='block_1_15' title="bbox 509 1426 2084 1497">
    <p class='ocr_par' dir='ltr' id='par_1_15' title="bbox 509 1426 2084 1497">
     <span class='ocr_line' id='line_1_15' title="bbox 509 1426 2084 1497; baseline 0.002 -15"><span class='ocrx_word' id='word_1_92' title='bbox 509 1427 637 1482; x_wconf 88' lang='lat' dir='ltr'><strong>cula</strong></span> <span class='ocrx_word' id='word_1_93' title='bbox 673 1433 902 1496; x_wconf 89' lang='lat' dir='ltr'><strong>stupore</strong></span> <span class='ocrx_word' id='word_1_94' title='bbox 947 1434 1003 1482; x_wconf 90' lang='lat' dir='ltr'><strong>et</strong></span> <span class='ocrx_word' id='word_1_95' title='bbox 1052 1426 1414 1482; x_wconf 86' lang='lat' dir='ltr'><strong>admiratione</strong></span> <span class='ocrx_word' id='word_1_96' title='bbox 1470 1435 1662 1497; x_wconf 88' lang='lat' dir='ltr'><strong>captos</strong></span> <span class='ocrx_word' id='word_1_97' title='bbox 1699 1432 1980 1485; x_wconf 89' lang='lat' dir='ltr'><strong>tenebant.</strong></span> <span class='ocrx_word' id='word_1_98' title='bbox 2025 1429 2084 1486; x_wconf 90' lang='lat' dir='ltr'><strong>Si</strong></span> 
     </span>
    </p>
   </div>
   <div class='ocr_carea' id='block_1_16' title="bbox 509 1518 2084 1593">
    <p class='ocr_par' dir='ltr' id='par_1_16' title="bbox 509 1518 2084 1593">
     <span class='ocr_line' id='line_1_16' title="bbox 509 1518 2084 1593; baseline 0.003 -20"><span class='ocrx_word' id='word_1_99' title='bbox 509 1518 637 1589; x_wconf 87' lang='lat' dir='ltr'><strong>quis</strong></span> <span class='ocrx_word' id='word_1_100' title='bbox 686 1518 917 1588; x_wconf 76' lang='lat' dir='ltr'><strong>lugeret,</strong></span> <span class='ocrx_word' id='word_1_101' title='bbox 969 1519 1400 1576; x_wconf 88' lang='lat' dir='ltr'><strong>consolationem</strong></span> <span class='ocrx_word' id='word_1_102' title='bbox 1455 1521 1799 1590; x_wconf 88' lang='lat' dir='ltr'><strong>accipiebat:</strong></span> <span class='ocrx_word' id='word_1_103' title='bbox 1863 1522 2084 1593; x_wconf 89' lang='lat' dir='ltr'><strong>juvenis</strong></span> 
     </span>
    </p>
   </div>
   <div class='ocr_carea' id='block_1_17' title="bbox 509 1610 2084 1681">
    <p class='ocr_par' dir='ltr' id='par_1_17' title="bbox 509 1610 2084 1681">
     <span class='ocr_line' id='line_1_17' title="bbox 509 1610 2084 1681; baseline 0.004 -16"><span class='ocrx_word' id='word_1_104' title='bbox 509 1620 567 1665; x_wconf 90' lang='lat' dir='ltr'><strong>et</strong></span> <span class='ocrx_word' id='word_1_105' title='bbox 599 1610 919 1666; x_wconf 86' lang='lat' dir='ltr'><strong>adolescens</strong></span> <span class='ocrx_word' id='word_1_106' title='bbox 947 1610 1316 1681; x_wconf 82' lang='lat' dir='ltr'><strong>castigabatur</strong></span> <span class='ocrx_word' id='word_1_107' title='bbox 1355 1621 1411 1668; x_wconf 86' lang='lat' dir='ltr'><strong>et</strong></span> <span class='ocrx_word' id='word_1_108' title='bbox 1455 1615 1848 1670; x_wconf 88' lang='lat' dir='ltr'><strong>emendabatur</strong></span> <span class='ocrx_word' id='word_1_109' title='bbox 1895 1615 2084 1673; x_wconf 82' lang='lat' dir='ltr'><strong>mode-</strong></span> 
     </span>
    </p>
   </div>
   <div class='ocr_carea' id='block_1_18' title="bbox 509 1700 2084 1770">
    <p class='ocr_par' dir='ltr' id='par_1_18' title="bbox 509 1700 2084 1770">
     <span class='ocr_line' id='line_1_18' title="bbox 509 1700 2084 1770; baseline 0.003 -13"><span class='ocrx_word' id='word_1_110' title='bbox 509 1702 782 1770; x_wconf 85' lang='lat' dir='ltr'><strong>stiamque</strong></span> <span class='ocrx_word' id='word_1_111' title='bbox 809 1700 1055 1757; x_wconf 79' lang='lat' dir='ltr'><strong>discebat</strong></span> <span class='ocrx_word' id='word_1_112' title='bbox 1078 1718 1091 1768; x_wconf 93' lang='lat'><strong>;</strong></span> <span class='ocrx_word' id='word_1_113' title='bbox 1113 1717 1286 1758; x_wconf 70' lang='lat' dir='ltr'><strong>senex-</strong></span> <span class='ocrx_word' id='word_1_114' title='bbox 1307 1705 1763 1762; x_wconf 85' lang='lat' dir='ltr'><strong>convenientibus</strong></span> <span class='ocrx_word' id='word_1_115' title='bbox 1794 1707 1940 1762; x_wconf 79' lang='lat' dir='ltr'><strong>aetati</strong></span> <span class='ocrx_word' id='word_1_116' title='bbox 1967 1723 2084 1764; x_wconf 69' lang='lat' dir='ltr'><strong>ser-</strong></span> 
     </span>
    </p>
   </div>
   <div class='ocr_carea' id='block_1_19' title="bbox 508 1793 2080 1868">
    <p class='ocr_par' dir='ltr' id='par_1_19' title="bbox 508 1793 2080 1868">
     <span class='ocr_line' id='line_1_19' title="bbox 508 1793 2080 1868; baseline 0.006 -21"><span class='ocrx_word' id='word_1_117' title='bbox 508 1793 764 1849; x_wconf 89' lang='lat' dir='ltr'><strong>monibus</strong></span> <span class='ocrx_word' id='word_1_118' title='bbox 787 1793 1100 1848; x_wconf 87' lang='lat' dir='ltr'><strong>curabatur.</strong></span> <span class='ocrx_word' id='word_1_119' title='bbox 1134 1795 1309 1861; x_wconf 59' lang='lat' dir='ltr'><strong>Servi;</strong></span> <span class='ocrx_word' id='word_1_120' title='bbox 1341 1803 1398 1850; x_wconf 90' lang='lat' dir='ltr'><strong>ut</strong></span> <span class='ocrx_word' id='word_1_121' title='bbox 1431 1811 1559 1868; x_wconf 83' lang='lat' dir='ltr'><strong>erga</strong></span> <span class='ocrx_word' id='word_1_122' title='bbox 1599 1796 1850 1854; x_wconf 87' lang='lat' dir='ltr'><strong>dominos</strong></span> <span class='ocrx_word' id='word_1_123' title='bbox 1894 1799 2080 1856; x_wconf 82' lang='lat' dir='ltr'><strong>ﬁdeles</strong></span> 
     </span>
    </p>
   </div>
   <div class='ocr_carea' id='block_1_20' title="bbox 507 1885 2080 1963">
    <p class='ocr_par' dir='ltr' id='par_1_20' title="bbox 507 1885 2080 1963">
     <span class='ocr_line' id='line_1_20' title="bbox 507 1885 2080 1963; baseline 0.004 -23"><span class='ocrx_word' id='word_1_124' title='bbox 507 1894 730 1940; x_wconf 87' lang='lat' dir='ltr'><strong>essent:</strong></span> <span class='ocrx_word' id='word_1_125' title='bbox 767 1885 858 1954; x_wconf 92' lang='lat' dir='ltr'><strong>qui</strong></span> <span class='ocrx_word' id='word_1_126' title='bbox 887 1892 1210 1954; x_wconf 90' lang='lat' dir='ltr'><strong>potestatem</strong></span> <span class='ocrx_word' id='word_1_127' title='bbox 1243 1886 1299 1941; x_wconf 91' lang='lat' dir='ltr'><strong>in</strong></span> <span class='ocrx_word' id='word_1_128' title='bbox 1348 1886 1485 1943; x_wconf 89' lang='lat' dir='ltr'><strong>alios</strong></span> <span class='ocrx_word' id='word_1_129' title='bbox 1529 1886 1815 1956; x_wconf 88' lang='lat' dir='ltr'><strong>baberent,</strong></span> <span class='ocrx_word' id='word_1_130' title='bbox 1865 1897 1924 1944; x_wconf 91' lang='lat' dir='ltr'><strong>ut</strong></span> <span class='ocrx_word' id='word_1_131' title='bbox 1953 1906 2080 1963; x_wconf 86' lang='lat' dir='ltr'><strong>erga</strong></span> 
     </span>
    </p>
   </div>
   <div class='ocr_carea' id='block_1_21' title="bbox 507 1975 2077 2049">
    <p class='ocr_par' dir='ltr' id='par_1_21' title="bbox 507 1975 2077 2049">
     <span class='ocr_line' id='line_1_21' title="bbox 507 1975 2077 2049; baseline 0.005 -18"><span class='ocrx_word' id='word_1_132' title='bbox 507 1975 760 2032; x_wconf 82' lang='lat' dir='ltr'><strong>subditos</strong></span> <span class='ocrx_word' id='word_1_133' title='bbox 789 1975 1180 2033; x_wconf 85' lang='lat' dir='ltr'><strong>humanitatem</strong></span> <span class='ocrx_word' id='word_1_134' title='bbox 1225 1986 1582 2049; x_wconf 72' lang='lat' dir='ltr'><strong>praestarent,</strong></span> <span class='ocrx_word' id='word_1_135' title='bbox 1620 1981 2077 2039; x_wconf 84' lang='lat' dir='ltr'><strong>admonebantur.</strong></span> 
     </span>
    </p>
   </div>
   <div class='ocr_carea' id='block_1_22' title="bbox 505 2067 2079 2141">
    <p class='ocr_par' dir='ltr' id='par_1_22' title="bbox 505 2067 2079 2141">
     <span class='ocr_line' id='line_1_22' title="bbox 505 2067 2079 2141; baseline 0.004 -17"><span class='ocrx_word' id='word_1_136' title='bbox 505 2067 722 2139; x_wconf 85' lang='lat' dir='ltr'><strong>Pauper</strong></span> <span class='ocrx_word' id='word_1_137' title='bbox 767 2083 909 2125; x_wconf 87' lang='lat' dir='ltr'><strong>unas</strong></span> <span class='ocrx_word' id='word_1_138' title='bbox 955 2068 1188 2126; x_wconf 16' lang='lat' dir='ltr'><strong>divitias.</strong></span> <span class='ocrx_word' id='word_1_139' title='bbox 1241 2086 1367 2127; x_wconf 89' lang='lat' dir='ltr'><strong>esse</strong></span> <span class='ocrx_word' id='word_1_140' title='bbox 1419 2071 1680 2128; x_wconf 82' lang='lat' dir='ltr'><strong>virtutem</strong></span> <span class='ocrx_word' id='word_1_141' title='bbox 1736 2075 2079 2141; x_wconf 88' lang='lat' dir='ltr'><strong>docebatur,</strong></span> 
     </span>
    </p>
   </div>
   <div class='ocr_carea' id='block_1_23' title="bbox 503 2159 2081 2236">
    <p class='ocr_par' dir='ltr' id='par_1_23' title="bbox 503 2159 2081 2236">
     <span class='ocr_line' id='line_1_23' title="bbox 503 2159 2081 2236; baseline 0.008 -25"><span class='ocrx_word' id='word_1_142' title='bbox 503 2172 668 2229; x_wconf 89' lang='lat' dir='ltr'><strong>quam</strong></span> <span class='ocrx_word' id='word_1_143' title='bbox 696 2159 951 2215; x_wconf 89' lang='lat' dir='ltr'><strong>omnibus</strong></span> <span class='ocrx_word' id='word_1_144' title='bbox 1001 2159 1217 2217; x_wconf 87' lang='lat' dir='ltr'><strong>abunde</strong></span> <span class='ocrx_word' id='word_1_145' title='bbox 1267 2162 1555 2232; x_wconf 88' lang='lat' dir='ltr'><strong>acquirere</strong></span> <span class='ocrx_word' id='word_1_146' title='bbox 1600 2163 1827 2220; x_wconf 88' lang='lat' dir='ltr'><strong>liceret:</strong></span> <span class='ocrx_word' id='word_1_147' title='bbox 1877 2166 1925 2222; x_wconf 93' lang='lat' dir='ltr'><strong>si</strong></span> <span class='ocrx_word' id='word_1_148' title='bbox 1956 2167 2081 2236; x_wconf 89' lang='lat' dir='ltr'><strong>quis</strong></span> 
     </span>
    </p>
   </div>
   <div class='ocr_carea' id='block_1_24' title="bbox 504 2248 2079 2323">
    <p class='ocr_par' dir='ltr' id='par_1_24' title="bbox 504 2248 2079 2323">
     <span class='ocr_line' id='line_1_24' title="bbox 504 2248 2079 2323; baseline 0.006 -19"><span class='ocrx_word' id='word_1_149' title='bbox 504 2248 716 2306; x_wconf 83' lang='lat' dir='ltr'><strong>divitiis</strong></span> <span class='ocrx_word' id='word_1_150' title='bbox 744 2249 987 2316; x_wconf 89' lang='lat' dir='ltr'><strong>floreret,</strong></span> <span class='ocrx_word' id='word_1_151' title='bbox 1015 2251 1112 2317; x_wconf 90' lang='lat' dir='ltr'><strong>ita,</strong></span> <span class='ocrx_word' id='word_1_152' title='bbox 1145 2259 1206 2308; x_wconf 95' lang='lat' dir='ltr'><strong>ut</strong></span> <span class='ocrx_word' id='word_1_153' title='bbox 1229 2268 1329 2323; x_wconf 88' lang='lat' dir='ltr'><strong>par</strong></span> <span class='ocrx_word' id='word_1_154' title='bbox 1347 2262 1484 2319; x_wconf 88' lang='lat' dir='ltr'><strong>erat,</strong></span> <span class='ocrx_word' id='word_1_155' title='bbox 1510 2253 1930 2322; x_wconf 75' lang='lat' dir='ltr'><strong>admonebatur,</strong></span> <span class='ocrx_word' id='word_1_156' title='bbox 1955 2273 2079 2313; x_wconf 90' lang='lat' dir='ltr'><strong>cum</strong></span> 
     </span>
    </p>
   </div>
   <div class='ocr_carea' id='block_1_25' title="bbox 503 2340 2082 2415">
    <p class='ocr_par' dir='ltr' id='par_1_25' title="bbox 503 2340 2082 2415">
     <span class='ocr_line' id='line_1_25' title="bbox 503 2340 2082 2415; baseline 0.007 -20"><span class='ocrx_word' id='word_1_157' title='bbox 503 2340 917 2399; x_wconf 85' lang='lat' dir='ltr'><strong>administrator</strong></span> <span class='ocrx_word' id='word_1_158' title='bbox 969 2359 1034 2400; x_wconf 89' lang='lat' dir='ltr'><strong>ac</strong></span> <span class='ocrx_word' id='word_1_159' title='bbox 1069 2344 1434 2415; x_wconf 86' lang='lat' dir='ltr'><strong>dispensator,</strong></span> <span class='ocrx_word' id='word_1_160' title='bbox 1481 2361 1591 2400; x_wconf 89' lang='lat' dir='ltr'><strong>non</strong></span> <span class='ocrx_word' id='word_1_161' title='bbox 1653 2345 1910 2403; x_wconf 87' lang='lat' dir='ltr'><strong>dominus</strong></span> <span class='ocrx_word' id='word_1_162' title='bbox 1959 2364 2082 2405; x_wconf 82' lang='lat' dir='ltr'><strong>esse</strong></span> 
     </span>
    </p>
   </div>
   <div class='ocr_carea' id='block_1_26' title="bbox 504 2432 2080 2497">
    <p class='ocr_par' dir='ltr' id='par_1_26' title="bbox 504 2432 2080 2497">
     <span class='ocr_line' id='line_1_26' title="bbox 504 2432 2080 2497; baseline 0.004 -7"><span class='ocrx_word' id='word_1_163' title='bbox 504 2432 828 2491; x_wconf 76' lang='lat' dir='ltr'><strong>facultatum</strong></span> <span class='ocrx_word' id='word_1_164' title='bbox 863 2437 1176 2494; x_wconf 88' lang='lat' dir='ltr'><strong>doceretur.</strong></span> <span class='ocrx_word' id='word_1_165' title='bbox 1208 2436 1530 2492; x_wconf 89' lang='lat' dir='ltr'><strong>Mulieribus</strong></span> <span class='ocrx_word' id='word_1_166' title='bbox 1577 2441 1962 2496; x_wconf 77' lang='lat' dir='ltr'><strong>convenientia</strong></span> <span class='ocrx_word' id='word_1_167' title='bbox 1993 2450 2080 2497; x_wconf 89' lang='lat' dir='ltr'><strong>at-</strong></span> 
     </span>
    </p>
   </div>
   <div class='ocr_carea' id='block_1_27' title="bbox 503 2529 2075 2604">
    <p class='ocr_par' dir='ltr' id='par_1_27' title="bbox 503 2529 2075 2604">
     <span class='ocr_line' id='line_1_27' title="bbox 503 2529 2075 2604; baseline 0.004 -22"><span class='ocrx_word' id='word_1_168' title='bbox 503 2543 611 2598; x_wconf 87' lang='lat' dir='ltr'><strong>que</strong></span> <span class='ocrx_word' id='word_1_169' title='bbox 635 2529 1071 2596; x_wconf 87' lang='lat' dir='ltr'><strong>accommodata,</strong></span> <span class='ocrx_word' id='word_1_170' title='bbox 1097 2531 1282 2600; x_wconf 86' lang='lat' dir='ltr'><strong>pueris</strong></span> <span class='ocrx_word' id='word_1_171' title='bbox 1313 2533 1679 2604; x_wconf 89' lang='lat' dir='ltr'><strong>competentia</strong></span> <span class='ocrx_word' id='word_1_172' title='bbox 1706 2545 1870 2604; x_wconf 83' lang='lat' dir='ltr'><strong>atque</strong></span> <span class='ocrx_word' id='word_1_173' title='bbox 1901 2535 2075 2599; x_wconf 88' lang='lat' dir='ltr'><strong>utilia,</strong></span> 
     </span>
    </p>
   </div>
   <div class='ocr_carea' id='block_1_28' title="bbox 503 2619 2078 2694">
    <p class='ocr_par' dir='ltr' id='par_1_28' title="bbox 503 2619 2078 2694">
     <span class='ocr_line' id='line_1_28' title="bbox 503 2619 2078 2694; baseline 0.007 -22"><span class='ocrx_word' id='word_1_174' title='bbox 503 2619 754 2690; x_wconf 87' lang='lat' dir='ltr'><strong>patribus</strong></span> <span class='ocrx_word' id='word_1_175' title='bbox 794 2621 943 2691; x_wconf 86' lang='lat' dir='ltr'><strong>ipsos</strong></span> <span class='ocrx_word' id='word_1_176' title='bbox 974 2622 1221 2677; x_wconf 88' lang='lat' dir='ltr'><strong>decent-ia</strong></span> <span class='ocrx_word' id='word_1_177' title='bbox 1260 2639 1385 2680; x_wconf 88' lang='lat' dir='ltr'><strong>eum</strong></span> <span class='ocrx_word' id='word_1_178' title='bbox 1416 2626 1702 2694; x_wconf 85' lang='lat' dir='ltr'><strong>tribueret,</strong></span> <span class='ocrx_word' id='word_1_179' title='bbox 1737 2634 1791 2682; x_wconf 83' lang='lat' dir='ltr'><strong>et</strong></span> <span class='ocrx_word' id='word_1_180' title='bbox 1824 2628 2078 2683; x_wconf 90' lang='lat' dir='ltr'><strong>omnibus</strong></span> 
     </span>
    </p>
   </div>
   <div class='ocr_carea' id='block_1_29' title="bbox 501 2711 2076 2786">
    <p class='ocr_par' dir='ltr' id='par_1_29' title="bbox 501 2711 2076 2786">
     <span class='ocr_line' id='line_1_29' title="bbox 501 2711 2076 2786; baseline 0.006 -22"><span class='ocrx_word' id='word_1_181' title='bbox 501 2711 688 2764; x_wconf 90' lang='lat' dir='ltr'><strong>omnia</strong></span> <span class='ocrx_word' id='word_1_182' title='bbox 721 2712 889 2776; x_wconf 78' lang='lat' dir='ltr'><strong>fieret,</strong></span> <span class='ocrx_word' id='word_1_183' title='bbox 931 2721 986 2768; x_wconf 88' lang='lat' dir='ltr'><strong>et</strong></span> <span class='ocrx_word' id='word_1_184' title='bbox 1008 2714 1251 2768; x_wconf 89' lang='lat' dir='ltr'><strong>omnium</strong></span> <span class='ocrx_word' id='word_1_185' title='bbox 1304 2715 1478 2770; x_wconf 82' lang='lat' dir='ltr'><strong>vicem</strong></span> <span class='ocrx_word' id='word_1_186' title='bbox 1526 2725 1829 2786; x_wconf 66' lang='lat' dir='ltr'><strong>praestaret,</strong></span> <span class='ocrx_word' id='word_1_187' title='bbox 1865 2727 2076 2772; x_wconf 89' lang='lat' dir='ltr'><strong>tantum</strong></span> 
     </span>
    </p>
   </div>
   <div class='ocr_carea' id='block_1_30' title="bbox 503 2798 2078 2878">
    <p class='ocr_par' dir='ltr' id='par_1_30' title="bbox 503 2798 2078 2878">
     <span class='ocr_line' id='line_1_30' title="bbox 503 2798 2078 2878; baseline 0.007 -26"><span class='ocrx_word' id='word_1_188' title='bbox 503 2798 607 2852; x_wconf 88' lang='lat' dir='ltr'><strong>sibi</strong></span> <span class='ocrx_word' id='word_1_189' title='bbox 643 2801 848 2855; x_wconf 79' lang='lat' dir='ltr'><strong>auxilio</strong></span> <span class='ocrx_word' id='word_1_190' title='bbox 889 2803 1136 2872; x_wconf 74' lang='lat' dir='ltr'><strong>Spiritus</strong></span> <span class='ocrx_word' id='word_1_191' title='bbox 1163 2813 1386 2874; x_wconf 88' lang='lat' dir='ltr'><strong>repente</strong></span> <span class='ocrx_word' id='word_1_192' title='bbox 1417 2807 1680 2877; x_wconf 87' lang='lat' dir='ltr'><strong>populum</strong></span> <span class='ocrx_word' id='word_1_193' title='bbox 1713 2808 1984 2878; x_wconf 85' lang='lat' dir='ltr'><strong>adjunxit,</strong></span> <span class='ocrx_word' id='word_1_194' title='bbox 2017 2816 2078 2864; x_wconf 89' lang='grc' dir='ltr'><strong>ιιι</strong></span> 
     </span>
    </p>
   </div>
   <div class='ocr_carea' id='block_1_31' title="bbox 504 2887 2075 2968">
    <p class='ocr_par' dir='ltr' id='par_1_31' title="bbox 504 2887 2075 2968">
     <span class='ocr_line' id='line_1_31' title="bbox 504 2887 2075 2968; baseline 0.008 -27"><span class='ocrx_word' id='word_1_195' title='bbox 504 2887 573 2942; x_wconf 90' lang='lat' dir='ltr'><strong>ad</strong></span> <span class='ocrx_word' id='word_1_196' title='bbox 612 2892 796 2958; x_wconf 87' lang='lat' dir='ltr'><strong>templi</strong></span> <span class='ocrx_word' id='word_1_197' title='bbox 851 2891 1266 2950; x_wconf 78' lang='lat' dir='ltr'><strong>fabricationem</strong></span> <span class='ocrx_word' id='word_1_198' title='bbox 1311 2897 1556 2952; x_wconf 90' lang='lat' dir='ltr'><strong>animum</strong></span> <span class='ocrx_word' id='word_1_199' title='bbox 1610 2897 1906 2968; x_wconf 90' lang='lat' dir='ltr'><strong>adjiceret,</strong></span> <span class='ocrx_word' id='word_1_200' title='bbox 1950 2913 2075 2954; x_wconf 89' lang='lat' dir='ltr'><strong>cum</strong></span> 
     </span>
    </p>
   </div>
   <div class='ocr_carea' id='block_1_32' title="bbox 503 2981 2061 3058">
    <p class='ocr_par' dir='ltr' id='par_1_32' title="bbox 503 2981 2061 3058">
     <span class='ocr_line' id='line_1_32' title="bbox 503 2981 2061 3058; baseline 0.009 -27"><span class='ocrx_word' id='word_1_201' title='bbox 503 2994 695 3035; x_wconf 91' lang='lat' dir='ltr'><strong>omnes</strong></span> <span class='ocrx_word' id='word_1_202' title='bbox 729 2981 1010 3037; x_wconf 74' lang='lat' dir='ltr'><strong>offerendo</strong></span> <span class='ocrx_word' id='word_1_203' title='bbox 1042 2992 1152 3038; x_wconf 88' lang='lat' dir='ltr'><strong>tam</strong></span> <span class='ocrx_word' id='word_1_204' title='bbox 1182 2986 1464 3052; x_wconf 82' lang='lat' dir='ltr'><strong>pecunias,</strong></span> <span class='ocrx_word' id='word_1_205' title='bbox 1491 3003 1654 3058; x_wconf 87' lang='lat' dir='ltr'><strong>quam</strong></span> <span class='ocrx_word' id='word_1_206' title='bbox 1685 3003 1882 3058; x_wconf 84' lang='lat' dir='ltr'><strong>operas</strong></span> <span class='ocrx_word' id='word_1_207' title='bbox 1911 3005 2061 3056; x_wconf 84' lang='lat' dir='ltr'><strong>suas,</strong></span> 
     </span>
    </p>
   </div>
   <div class='ocr_carea' id='block_1_33' title="bbox 2181 511 3748 584">
    <p class='ocr_par' dir='ltr' id='par_1_33' title="bbox 2181 511 3748 584">
     <span class='ocr_line' id='line_1_33' title="bbox 2181 511 3748 584; baseline -0.001 -17"><span class='ocrx_word' id='word_1_208' title='bbox 2181 513 2468 579; x_wconf 78' lang='grc' dir='ltr'>εξετάζων,</span> <span class='ocrx_word' id='word_1_209' title='bbox 2496 511 2784 576; x_wconf 82' lang='grc' dir='ltr'><strong>νουθετῶν,</strong></span> <span class='ocrx_word' id='word_1_210' title='bbox 2813 511 3099 576; x_wconf 83' lang='grc' dir='ltr'><strong>διδάσκων,</strong></span> <span class='ocrx_word' id='word_1_211' title='bbox 3141 511 3387 582; x_wconf 81' lang='grc' dir='ltr'>ἰώμενος.</span> <span class='ocrx_word' id='word_1_212' title='bbox 3425 511 3615 583; x_wconf 86' lang='grc' dir='ltr'>Τούτῳ</span> <span class='ocrx_word' id='word_1_213' title='bbox 3657 514 3748 584; x_wconf 77' lang='grc' dir='ltr'>γὰρ</span> 
     </span>
    </p>
   </div>
   <div class='ocr_carea' id='block_1_34' title="bbox 2181 603 3750 676">
    <p class='ocr_par' dir='ltr' id='par_1_34' title="bbox 2181 603 3750 676">
     <span class='ocr_line' id='line_1_34' title="bbox 2181 603 3750 676; baseline 0.001 -19"><span class='ocrx_word' id='word_1_214' title='bbox 2181 604 2246 674; x_wconf 86' lang='grc' dir='ltr'>δὴ</span> <span class='ocrx_word' id='word_1_215' title='bbox 2273 605 2504 676; x_wconf 89' lang='grc' dir='ltr'>μάλιστα</span> <span class='ocrx_word' id='word_1_216' title='bbox 2535 605 2842 675; x_wconf 81' lang='grc' dir='ltr'><strong>προσήγετο</strong></span> <span class='ocrx_word' id='word_1_217' title='bbox 2884 605 3011 667; x_wconf 82' lang='grc' dir='ltr'>τοὺς</span> <span class='ocrx_word' id='word_1_218' title='bbox 3051 603 3277 666; x_wconf 81' lang='grc' dir='ltr'>πολλοὺς</span> <span class='ocrx_word' id='word_1_219' title='bbox 3308 603 3386 675; x_wconf 84' lang='grc' dir='ltr'>τῷ</span> <span class='ocrx_word' id='word_1_220' title='bbox 3430 603 3750 674; x_wconf 78' lang='grc' dir='ltr'><strong>κηρύγματι,</strong></span> 
     </span>
    </p>
   </div>
   <div class='ocr_carea' id='block_1_35' title="bbox 2182 695 3754 768">
    <p class='ocr_par' dir='ltr' id='par_1_35' title="bbox 2182 695 3754 768">
     <span class='ocr_line' id='line_1_35' title="bbox 2182 695 3754 768; baseline 0 -18"><span class='ocrx_word' id='word_1_221' title='bbox 2182 698 2264 751; x_wconf 83' lang='grc' dir='ltr'><strong>ὅτι</strong></span> <span class='ocrx_word' id='word_1_222' title='bbox 2287 695 2597 751; x_wconf 89' lang='grc' dir='ltr'>συνέϐαινεν</span> <span class='ocrx_word' id='word_1_223' title='bbox 2627 698 2660 768; x_wconf 80' lang='grc' dir='ltr'><strong>ἡ</strong></span> <span class='ocrx_word' id='word_1_224' title='bbox 2686 695 2807 766; x_wconf 76' lang='grc' dir='ltr'>ὄψις</span> <span class='ocrx_word' id='word_1_225' title='bbox 2833 696 2899 766; x_wconf 83' lang='grc' dir='ltr'>τῇ</span> <span class='ocrx_word' id='word_1_226' title='bbox 2921 697 3082 767; x_wconf 78' lang='grc' dir='ltr'>ἀκοῇ,</span> <span class='ocrx_word' id='word_1_227' title='bbox 3116 695 3207 749; x_wconf 89' lang='grc' dir='ltr'><strong>καί</strong></span> <span class='ocrx_word' id='word_1_228' title='bbox 3228 695 3295 748; x_wconf 83' lang='grc' dir='ltr'>δι’</span> <span class='ocrx_word' id='word_1_229' title='bbox 3319 695 3644 766; x_wconf 72' lang='grc' dir='ltr'><strong>ἀμφοτέρων</strong></span> <span class='ocrx_word' id='word_1_230' title='bbox 3666 697 3754 765; x_wconf 82' lang='grc' dir='ltr'><strong>τῆς</strong></span> 
     </span>
    </p>
   </div>
   <div class='ocr_carea' id='block_1_36' title="bbox 2183 785 3750 858">
    <p class='ocr_par' dir='ltr' id='par_1_36' title="bbox 2183 785 3750 858">
     <span class='ocr_line' id='line_1_36' title="bbox 2183 785 3750 858; baseline 0 -18"><span class='ocrx_word' id='word_1_231' title='bbox 2183 785 2331 850; x_wconf 90' lang='grc' dir='ltr'>θείας</span> <span class='ocrx_word' id='word_1_232' title='bbox 2379 786 2661 858; x_wconf 88' lang='grc' dir='ltr'>δυνάμεως</span> <span class='ocrx_word' id='word_1_233' title='bbox 2702 785 3016 857; x_wconf 85' lang='grc' dir='ltr'>ἐπέλαμπεν</span> <span class='ocrx_word' id='word_1_234' title='bbox 3063 785 3213 856; x_wconf 84' lang='grc' dir='ltr'>αύτῷ</span> <span class='ocrx_word' id='word_1_235' title='bbox 3269 786 3339 839; x_wconf 73' lang='grc' dir='ltr'>τὰ</span> <span class='ocrx_word' id='word_1_236' title='bbox 3385 786 3750 856; x_wconf 84' lang='grc' dir='ltr'>γνωρίσματα.</span> 
     </span>
    </p>
   </div>
   <div class='ocr_carea' id='block_1_37' title="bbox 2168 878 3758 952">
    <p class='ocr_par' dir='ltr' id='par_1_37' title="bbox 2168 878 3758 952">
     <span class='ocr_line' id='line_1_37' title="bbox 2168 878 3758 952; baseline -0.001 -18"><span class='ocrx_word' id='word_1_237' title='bbox 2168 879 2294 950; x_wconf 79' lang='grc' dir='ltr'><strong>Τὴν</strong></span> <span class='ocrx_word' id='word_1_238' title='bbox 2329 879 2429 952; x_wconf 84' lang='grc' dir='ltr'>μὲν</span> <span class='ocrx_word' id='word_1_239' title='bbox 2469 879 2577 950; x_wconf 85' lang='grc' dir='ltr'>γὰρ</span> <span class='ocrx_word' id='word_1_240' title='bbox 2607 878 2776 951; x_wconf 81' lang='grc' dir='ltr'>ἀκοήν</span> <span class='ocrx_word' id='word_1_241' title='bbox 2813 881 2843 934; x_wconf 99' lang='lat'><strong>6</strong></span> <span class='ocrx_word' id='word_1_242' title='bbox 2880 879 3036 948; x_wconf 85' lang='grc' dir='ltr'>λόγος</span> <span class='ocrx_word' id='word_1_243' title='bbox 3057 917 3090 944; x_wconf 85' lang='grc'>,-</span> <span class='ocrx_word' id='word_1_244' title='bbox 3123 879 3222 942; x_wconf 76' lang='grc' dir='ltr'>τὰς</span> <span class='ocrx_word' id='word_1_245' title='bbox 3255 879 3312 932; x_wconf 86' lang='grc' dir='ltr'><strong>δέ</strong></span> <span class='ocrx_word' id='word_1_246' title='bbox 3353 879 3504 948; x_wconf 74' lang='grc' dir='ltr'>ὄψεις</span> <span class='ocrx_word' id='word_1_247' title='bbox 3537 880 3608 933; x_wconf 80' lang='grc' dir='ltr'>τὰ</span> <span class='ocrx_word' id='word_1_248' title='bbox 3640 880 3758 950; x_wconf 71' lang='grc' dir='ltr'>περὶ</span> 
     </span>
    </p>
   </div>
   <div class='ocr_carea' id='block_1_38' title="bbox 2179 969 3756 1042">
    <p class='ocr_par' dir='ltr' id='par_1_38' title="bbox 2179 969 3756 1042">
     <span class='ocr_line' id='line_1_38' title="bbox 2179 969 3756 1042; baseline 0.001 -19"><span class='ocrx_word' id='word_1_249' title='bbox 2179 970 2307 1034; x_wconf 83' lang='grc' dir='ltr'>τοὺς</span> <span class='ocrx_word' id='word_1_250' title='bbox 2379 969 2739 1033; x_wconf 75' lang='grc' dir='ltr'>ἀσθενοῦντας</span> <span class='ocrx_word' id='word_1_251' title='bbox 2785 970 3078 1042; x_wconf 77' lang='grc' dir='ltr'><strong>ἐξέπληττε</strong></span> <span class='ocrx_word' id='word_1_252' title='bbox 3117 969 3394 1040; x_wconf 86' lang='grc' dir='ltr'>θαύματα.</span> <span class='ocrx_word' id='word_1_253' title='bbox 3441 971 3501 1024; x_wconf 89' lang='lat'><strong>&#39;0</strong></span> <span class='ocrx_word' id='word_1_254' title='bbox 3559 971 3756 1025; x_wconf 81' lang='grc' dir='ltr'>πενθῶν</span> 
     </span>
    </p>
   </div>
   <div class='ocr_carea' id='block_1_39' title="bbox 2182 1059 3758 1132">
    <p class='ocr_par' dir='ltr' id='par_1_39' title="bbox 2182 1059 3758 1132">
     <span class='ocr_line' id='line_1_39' title="bbox 2182 1059 3758 1132; baseline 0.002 -21"><span class='ocrx_word' id='word_1_255' title='bbox 2182 1059 2546 1132; x_wconf 85' lang='grc' dir='ltr'>παρεκαλεῖτο</span> <span class='ocrx_word' id='word_1_256' title='bbox 2569 1076 2583 1091; x_wconf 78' lang='grc' dir='ltr'><strong>ο</strong></span> <span class='ocrx_word' id='word_1_257' title='bbox 2631 1060 2661 1112; x_wconf 87' lang='lat'><strong>6</strong></span> <span class='ocrx_word' id='word_1_258' title='bbox 2705 1060 2825 1124; x_wconf 90' lang='grc' dir='ltr'>νέος</span> <span class='ocrx_word' id='word_1_259' title='bbox 2868 1059 3264 1131; x_wconf 76' lang='grc' dir='ltr'>ὲσωφρονίζετο</span> <span class='ocrx_word' id='word_1_260' title='bbox 3287 1077 3300 1090; x_wconf 91' lang='grc'><strong>·</strong></span> <span class='ocrx_word' id='word_1_261' title='bbox 3334 1062 3377 1114; x_wconf 70' lang='grc' dir='ltr'><strong>ὁ⁴</strong></span> <span class='ocrx_word' id='word_1_262' title='bbox 3399 1061 3626 1131; x_wconf 82' lang='grc' dir='ltr'>γηραιὸς</span> <span class='ocrx_word' id='word_1_263' title='bbox 3656 1064 3758 1124; x_wconf 78' lang='grc' dir='ltr'>τοῖς</span> 
     </span>
    </p>
   </div>
   <div class='ocr_carea' id='block_1_40' title="bbox 2182 1148 3759 1221">
    <p class='ocr_par' dir='ltr' id='par_1_40' title="bbox 2182 1148 3759 1221">
     <span class='ocr_line' id='line_1_40' title="bbox 2182 1148 3759 1221; baseline -0.001 -19"><span class='ocrx_word' id='word_1_264' title='bbox 2182 1148 2480 1218; x_wconf 82' lang='grc' dir='ltr'>καθήκουσι</span> <span class='ocrx_word' id='word_1_265' title='bbox 2519 1149 2698 1218; x_wconf 81' lang='grc' dir='ltr'>λόγοις</span> <span class='ocrx_word' id='word_1_266' title='bbox 2741 1149 3127 1221; x_wconf 83' lang='grc' dir='ltr'>ἐθεραπεύετο.</span> <span class='ocrx_word' id='word_1_267' title='bbox 3177 1148 3363 1202; x_wconf 81' lang='grc' dir='ltr'>Δοῦλοι</span> <span class='ocrx_word' id='word_1_268' title='bbox 3407 1150 3542 1220; x_wconf 82' lang='grc' dir='ltr'>πρὸς</span> <span class='ocrx_word' id='word_1_269' title='bbox 3579 1149 3759 1203; x_wconf 80' lang='grc' dir='ltr'>δεσπόο</span> 
     </span>
    </p>
   </div>
   <div class='ocr_carea' id='block_1_41' title="bbox 2180 1237 3758 1310">
    <p class='ocr_par' dir='ltr' id='par_1_41' title="bbox 2180 1237 3758 1310">
     <span class='ocr_line' id='line_1_41' title="bbox 2180 1237 3758 1310; baseline 0 -20"><span class='ocrx_word' id='word_1_270' title='bbox 2180 1255 2281 1301; x_wconf 85' lang='grc' dir='ltr'><strong>τας</strong></span> <span class='ocrx_word' id='word_1_271' title='bbox 2326 1237 2540 1300; x_wconf 82' lang='grc' dir='ltr'>οἰκείως</span> <span class='ocrx_word' id='word_1_272' title='bbox 2581 1237 2760 1308; x_wconf 76' lang='grc' dir='ltr'>ἔχειν,</span> <span class='ocrx_word' id='word_1_273' title='bbox 2804 1239 2856 1292; x_wconf 91' lang='grc' dir='ltr'><strong>οἰ</strong></span> <span class='ocrx_word' id='word_1_274' title='bbox 2904 1237 3232 1310; x_wconf 83' lang='grc' dir='ltr'>κρατοῦντες</span> <span class='ocrx_word' id='word_1_275' title='bbox 3279 1241 3392 1302; x_wconf 83' lang='grc' dir='ltr'>τοῖς</span> <span class='ocrx_word' id='word_1_276' title='bbox 3444 1239 3758 1309; x_wconf 83' lang='grc' dir='ltr'>ὑποχειρίοις</span> 
     </span>
    </p>
   </div>
   <div class='ocr_carea' id='block_1_42' title="bbox 2184 1325 3759 1403">
    <p class='ocr_par' dir='ltr' id='par_1_42' title="bbox 2184 1325 3759 1403">
     <span class='ocr_line' id='line_1_42' title="bbox 2184 1325 3759 1403; baseline 0.001 -21"><span class='ocrx_word' id='word_1_277' title='bbox 2184 1329 2743 1401; x_wconf 81' lang='grc' dir='ltr'>φιλανθρωπεύεσθαι,</span> <span class='ocrx_word' id='word_1_278' title='bbox 2787 1333 2816 1385; x_wconf 91' lang='lat'><strong>6</strong></span> <span class='ocrx_word' id='word_1_279' title='bbox 2871 1331 3168 1403; x_wconf 82' lang='grc' dir='ltr'>πενόμενος</span> <span class='ocrx_word' id='word_1_280' title='bbox 3221 1331 3316 1384; x_wconf 75' lang='grc' dir='ltr'><strong>ἕνα</strong></span> <span class='ocrx_word' id='word_1_281' title='bbox 3363 1330 3591 1384; x_wconf 87' lang='grc' dir='ltr'>πλοῦτον</span> <span class='ocrx_word' id='word_1_282' title='bbox 3631 1325 3759 1384; x_wconf 85' lang='grc' dir='ltr'>εἶναι</span> 
     </span>
    </p>
   </div>
   <div class='ocr_carea' id='block_1_43' title="bbox 2182 1421 3761 1494">
    <p class='ocr_par' dir='ltr' id='par_1_43' title="bbox 2182 1421 3761 1494">
     <span class='ocr_line' id='line_1_43' title="bbox 2182 1421 3761 1494; baseline 0.001 -21"><span class='ocrx_word' id='word_1_283' title='bbox 2182 1421 2280 1493; x_wconf 81' lang='grc' dir='ltr'>τὴν</span> <span class='ocrx_word' id='word_1_284' title='bbox 2327 1422 2526 1494; x_wconf 82' lang='grc' dir='ltr'>ἀρετὴν</span> <span class='ocrx_word' id='word_1_285' title='bbox 2569 1421 2910 1490; x_wconf 88' lang='grc' dir='ltr'>ἐδιδάσκετο,</span> <span class='ocrx_word' id='word_1_286' title='bbox 2956 1423 3079 1493; x_wconf 81' lang='grc' dir='ltr'>ἦτις</span> <span class='ocrx_word' id='word_1_287' title='bbox 3141 1425 3277 1476; x_wconf 86' lang='grc' dir='ltr'>πᾶσι</span> <span class='ocrx_word' id='word_1_288' title='bbox 3321 1423 3603 1492; x_wconf 84' lang='grc' dir='ltr'>πρόκειται</span> <span class='ocrx_word' id='word_1_289' title='bbox 3649 1425 3761 1475; x_wconf 83' lang='grc' dir='ltr'>κατ’</span> 
     </span>
    </p>
   </div>
   <div class='ocr_carea' id='block_1_44' title="bbox 2183 1513 3762 1586">
    <p class='ocr_par' dir='ltr' id='par_1_44' title="bbox 2183 1513 3762 1586">
     <span class='ocr_line' id='line_1_44' title="bbox 2183 1513 3762 1586; baseline 0.001 -20"><span class='ocrx_word' id='word_1_290' title='bbox 2183 1513 2430 1579; x_wconf 82' lang='grc' dir='ltr'>ἐξουσίαν</span> <span class='ocrx_word' id='word_1_291' title='bbox 2463 1515 2497 1585; x_wconf 82' lang='grc' dir='ltr'>ἡ</span> <span class='ocrx_word' id='word_1_292' title='bbox 2525 1514 2746 1586; x_wconf 82' lang='grc' dir='ltr'>κτῆσις,</span> <span class='ocrx_word' id='word_1_293' title='bbox 2779 1516 2807 1569; x_wconf 89' lang='grc' dir='ltr'><strong>ὁ</strong></span> <span class='ocrx_word' id='word_1_294' title='bbox 2833 1515 2911 1586; x_wconf 86' lang='grc' dir='ltr'>τῷ</span> <span class='ocrx_word' id='word_1_295' title='bbox 2953 1514 3169 1586; x_wconf 81' lang='grc' dir='ltr'>πλούτῳ</span> <span class='ocrx_word' id='word_1_296' title='bbox 3201 1515 3387 1586; x_wconf 82' lang='grc' dir='ltr'>κομῶν</span> <span class='ocrx_word' id='word_1_297' title='bbox 3426 1515 3762 1585; x_wconf 80' lang='grc' dir='ltr'>καταλλήλως</span> 
     </span>
    </p>
   </div>
   <div class='ocr_carea' id='block_1_45' title="bbox 2183 1601 3765 1678">
    <p class='ocr_par' dir='ltr' id='par_1_45' title="bbox 2183 1601 3765 1678">
     <span class='ocr_line' id='line_1_45' title="bbox 2183 1601 3765 1678; baseline 0.001 -19"><span class='ocrx_word' id='word_1_298' title='bbox 2183 1605 2537 1673; x_wconf 83' lang='grc' dir='ltr'>ἐνουθετεῖτο,</span> <span class='ocrx_word' id='word_1_299' title='bbox 2577 1606 2860 1678; x_wconf 81' lang='grc' dir='ltr'>οἰκονόμος</span> <span class='ocrx_word' id='word_1_300' title='bbox 2892 1601 3031 1660; x_wconf 76' lang='grc' dir='ltr'>εἶναι</span> <span class='ocrx_word' id='word_1_301' title='bbox 3069 1607 3178 1661; x_wconf 88' lang='grc' dir='ltr'><strong>τῶν</strong></span> <span class='ocrx_word' id='word_1_302' title='bbox 3221 1607 3550 1678; x_wconf 83' lang='grc' dir='ltr'>προσόντων,</span> <span class='ocrx_word' id='word_1_303' title='bbox 3580 1607 3639 1660; x_wconf 86' lang='grc' dir='ltr'><strong>ού</strong></span> <span class='ocrx_word' id='word_1_304' title='bbox 3675 1607 3765 1660; x_wconf 88' lang='grc' dir='ltr'>κύ-</span> 
     </span>
    </p>
   </div>
   <div class='ocr_carea' id='block_1_46' title="bbox 2188 1697 3767 1770">
    <p class='ocr_par' dir='ltr' id='par_1_46' title="bbox 2188 1697 3767 1770">
     <span class='ocr_line' id='line_1_46' title="bbox 2188 1697 3767 1770; baseline 0 -20"><span class='ocrx_word' id='word_1_305' title='bbox 2188 1715 2301 1769; x_wconf 87' lang='grc' dir='ltr'>ριος</span> <span class='ocrx_word' id='word_1_306' title='bbox 2332 1697 2732 1768; x_wconf 84' lang='grc' dir='ltr'>διδασκόμενος.</span> <span class='ocrx_word' id='word_1_307' title='bbox 2781 1699 2821 1750; x_wconf 92' lang='grc' dir='ltr'><strong>Γ</strong></span> <span class='ocrx_word' id='word_1_308' title='bbox 2825 1697 3002 1764; x_wconf 80' lang='grc' dir='ltr'>υναιξί</span> <span class='ocrx_word' id='word_1_309' title='bbox 3044 1697 3118 1752; x_wconf 82' lang='grc' dir='ltr'>τὰ</span> <span class='ocrx_word' id='word_1_310' title='bbox 3164 1698 3484 1770; x_wconf 82' lang='grc' dir='ltr'>πρόσφορα,</span> <span class='ocrx_word' id='word_1_311' title='bbox 3517 1698 3672 1752; x_wconf 79' lang='grc' dir='ltr'>παισὶ</span> <span class='ocrx_word' id='word_1_312' title='bbox 3701 1698 3767 1751; x_wconf 73' lang='grc' dir='ltr'>τὰ</span> 
     </span>
    </p>
   </div>
   <div class='ocr_carea' id='block_1_47' title="bbox 2187 1788 3762 1861">
    <p class='ocr_par' dir='ltr' id='par_1_47' title="bbox 2187 1788 3762 1861">
     <span class='ocr_line' id='line_1_47' title="bbox 2187 1788 3762 1861; baseline 0 -19"><span class='ocrx_word' id='word_1_313' title='bbox 2187 1788 2494 1859; x_wconf 82' lang='grc' dir='ltr'>σύμμετρα,</span> <span class='ocrx_word' id='word_1_314' title='bbox 2535 1789 2772 1861; x_wconf 87' lang='grc' dir='ltr'>πατράσι</span> <span class='ocrx_word' id='word_1_315' title='bbox 2809 1789 2876 1843; x_wconf 74' lang='grc' dir='ltr'>τὰ</span> <span class='ocrx_word' id='word_1_316' title='bbox 2930 1789 3206 1860; x_wconf 80' lang='grc' dir='ltr'>πρέποντα</span> <span class='ocrx_word' id='word_1_317' title='bbox 3228 1788 3430 1860; x_wconf 80' lang='grc' dir='ltr'>νέμων,</span> <span class='ocrx_word' id='word_1_318' title='bbox 3468 1791 3562 1842; x_wconf 71' lang='grc' dir='ltr'>καὶ</span> <span class='ocrx_word' id='word_1_319' title='bbox 3594 1790 3762 1843; x_wconf 82' lang='grc' dir='ltr'>πάντα</span> 
     </span>
    </p>
   </div>
   <div class='ocr_carea' id='block_1_48' title="bbox 2183 1879 3762 1952">
    <p class='ocr_par' dir='ltr' id='par_1_48' title="bbox 2183 1879 3762 1952">
     <span class='ocr_line' id='line_1_48' title="bbox 2183 1879 3762 1952; baseline 0.002 -19"><span class='ocrx_word' id='word_1_320' title='bbox 2183 1883 2317 1934; x_wconf 82' lang='grc' dir='ltr'>πᾶσι</span> <span class='ocrx_word' id='word_1_321' title='bbox 2369 1881 2657 1952; x_wconf 85' lang='grc' dir='ltr'>γενόμενος</span> <span class='ocrx_word' id='word_1_322' title='bbox 2678 1919 2692 1945; x_wconf 90' lang='grc'><strong>,</strong></span> <span class='ocrx_word' id='word_1_323' title='bbox 2738 1881 3003 1934; x_wconf 71' lang='grc' dir='ltr'><strong>’τοσοῦτον⁸</strong></span> <span class='ocrx_word' id='word_1_324' title='bbox 3041 1879 3219 1951; x_wconf 70' lang='grc' dir='ltr'>ἐαυτῷ</span> <span class='ocrx_word' id='word_1_325' title='bbox 3269 1880 3396 1935; x_wconf 81' lang='grc' dir='ltr'>λαὸν</span> <span class='ocrx_word' id='word_1_326' title='bbox 3443 1880 3653 1952; x_wconf 83' lang='grc' dir='ltr'>ἀθρόως</span> <span class='ocrx_word' id='word_1_327' title='bbox 3698 1884 3762 1952; x_wconf 83' lang='grc' dir='ltr'>τῇ</span> 
     </span>
    </p>
   </div>
   <div class='ocr_carea' id='block_1_49' title="bbox 2184 1973 3763 2046">
    <p class='ocr_par' dir='ltr' id='par_1_49' title="bbox 2184 1973 3763 2046">
     <span class='ocr_line' id='line_1_49' title="bbox 2184 1973 3763 2046; baseline -0.002 -17"><span class='ocrx_word' id='word_1_328' title='bbox 2184 1974 2440 2046; x_wconf 70' lang='grc' dir='ltr'>συνεργίᾳ</span> <span class='ocrx_word' id='word_1_329' title='bbox 2483 1973 2578 2028; x_wconf 80' lang='grc' dir='ltr'><strong>τοῦ</strong></span> <span class='ocrx_word' id='word_1_330' title='bbox 2622 1973 2939 2045; x_wconf 89' lang='grc' dir='ltr'>Πνεύματος</span> <span class='ocrx_word' id='word_1_331' title='bbox 2981 1975 3397 2046; x_wconf 84' lang='grc' dir='ltr'>παρεστήσατο,</span> <span class='ocrx_word' id='word_1_332' title='bbox 3449 1973 3591 2029; x_wconf 82' lang='grc' dir='ltr'>ὥστε</span> <span class='ocrx_word' id='word_1_333' title='bbox 3633 1974 3763 2046; x_wconf 82' lang='grc' dir='ltr'>πρὸς</span> 
     </span>
    </p>
   </div>
   <div class='ocr_carea' id='block_1_50' title="bbox 2181 2065 3771 2138">
    <p class='ocr_par' dir='ltr' id='par_1_50' title="bbox 2181 2065 3771 2138">
     <span class='ocr_line' id='line_1_50' title="bbox 2181 2065 3771 2138; baseline -0.001 -17"><span class='ocrx_word' id='word_1_334' title='bbox 2181 2067 2308 2122; x_wconf 84' lang='grc' dir='ltr'>ναοῦ</span> <span class='ocrx_word' id='word_1_335' title='bbox 2341 2065 2686 2136; x_wconf 78' lang='grc' dir='ltr'>κατασκευὴν</span> <span class='ocrx_word' id='word_1_336' title='bbox 2735 2065 2998 2137; x_wconf 80' lang='grc' dir='ltr'>ὁρμῆσαι,</span> <span class='ocrx_word' id='word_1_337' title='bbox 3039 2065 3259 2120; x_wconf 82' lang='grc' dir='ltr'>πάντων</span> <span class='ocrx_word' id='word_1_338' title='bbox 3299 2066 3544 2138; x_wconf 84' lang='grc' dir='ltr'>χρήμασί</span> <span class='ocrx_word' id='word_1_339' title='bbox 3587 2083 3647 2119; x_wconf 88' lang='grc' dir='ltr'><strong>τε</strong></span> <span class='ocrx_word' id='word_1_340' title='bbox 3679 2067 3771 2120; x_wconf 72' lang='grc' dir='ltr'><strong>καί</strong></span> 
     </span>
    </p>
   </div>
   <div class='ocr_carea' id='block_1_51' title="bbox 2182 2150 3787 2229">
    <p class='ocr_par' dir='ltr' id='par_1_51' title="bbox 2182 2150 3787 2229">
     <span class='ocr_line' id='line_1_51' title="bbox 2182 2150 3787 2229; baseline 0 -19"><span class='ocrx_word' id='word_1_341' title='bbox 2182 2155 2398 2227; x_wconf 85' lang='grc' dir='ltr'>σώμασι</span> <span class='ocrx_word' id='word_1_342' title='bbox 2427 2155 2564 2227; x_wconf 85' lang='grc' dir='ltr'>πρὸς</span> <span class='ocrx_word' id='word_1_343' title='bbox 2584 2155 2682 2227; x_wconf 84' lang='grc' dir='ltr'><strong>τήν</strong></span> <span class='ocrx_word' id='word_1_344' title='bbox 2705 2156 2941 2229; x_wconf 79' lang='grc' dir='ltr'>σπουδὴν</span> <span class='ocrx_word' id='word_1_345' title='bbox 2968 2156 3404 2228; x_wconf 83' lang='grc' dir='ltr'>ὑπουργούντων.</span> <span class='ocrx_word' id='word_1_346' title='bbox 3429 2150 3598 2221; x_wconf 76' lang='grc' dir='ltr'>Οὗτός</span> <span class='ocrx_word' id='word_1_347' title='bbox 3623 2160 3787 2211; x_wconf 70' lang='grc' dir='ltr'>ἐστινι</span> 
     </span>
    </p>
   </div>
   <div class='ocr_carea' id='block_1_52' title="bbox 2181 2242 3782 2320">
    <p class='ocr_par' dir='ltr' id='par_1_52' title="bbox 2181 2242 3782 2320">
     <span class='ocr_line' id='line_1_52' title="bbox 2181 2242 3782 2320; baseline -0.001 -18"><span class='ocrx_word' id='word_1_348' title='bbox 2181 2249 2210 2302; x_wconf 86' lang='grc' dir='ltr'>ὁ</span> <span class='ocrx_word' id='word_1_349' title='bbox 2241 2248 2389 2313; x_wconf 84' lang='grc' dir='ltr'>ναὸς,</span> <span class='ocrx_word' id='word_1_350' title='bbox 2424 2242 2485 2302; x_wconf 82' lang='grc' dir='ltr'><strong>οῦ</strong></span> <span class='ocrx_word' id='word_1_351' title='bbox 2524 2247 2623 2312; x_wconf 80' lang='grc' dir='ltr'>τὰς</span> <span class='ocrx_word' id='word_1_352' title='bbox 2658 2247 2833 2319; x_wconf 84' lang='grc' dir='ltr'>ἀρχὰς</span> <span class='ocrx_word' id='word_1_353' title='bbox 2876 2250 3081 2313; x_wconf 83' lang='grc' dir='ltr'>ἐκεῖνος</span> <span class='ocrx_word' id='word_1_354' title='bbox 3117 2249 3216 2320; x_wconf 82' lang='grc' dir='ltr'>τῆς</span> <span class='ocrx_word' id='word_1_355' title='bbox 3263 2249 3604 2320; x_wconf 77' lang='grc' dir='ltr'>κατασκευῆς</span> <span class='ocrx_word' id='word_1_356' title='bbox 3645 2266 3782 2302; x_wconf 59' lang='grc' dir='ltr'>κατε</span> 
     </span>
    </p>
   </div>
   <div class='ocr_carea' id='block_1_53' title="bbox 2179 2339 3774 2411">
    <p class='ocr_par' dir='ltr' id='par_1_53' title="bbox 2179 2339 3774 2411">
     <span class='ocr_line' id='line_1_53' title="bbox 2179 2339 3774 2411; baseline 0 -18"><span class='ocrx_word' id='word_1_357' title='bbox 2179 2339 2430 2393; x_wconf 88' lang='grc' dir='ltr'>εϐάλετο·</span> <span class='ocrx_word' id='word_1_358' title='bbox 2488 2339 2902 2395; x_wconf 81' lang='grc' dir='ltr'>ὲπεκαλλώπισε</span> <span class='ocrx_word' id='word_1_359' title='bbox 2948 2340 3007 2394; x_wconf 88' lang='grc' dir='ltr'><strong>δέ</strong></span> <span class='ocrx_word' id='word_1_360' title='bbox 3061 2358 3147 2404; x_wconf 88' lang='grc' dir='ltr'><strong>τις</strong></span> <span class='ocrx_word' id='word_1_361' title='bbox 3197 2339 3307 2394; x_wconf 86' lang='grc' dir='ltr'><strong>τῶν</strong></span> <span class='ocrx_word' id='word_1_362' title='bbox 3373 2340 3488 2411; x_wconf 83' lang='grc' dir='ltr'>μετ’</span> <span class='ocrx_word' id='word_1_363' title='bbox 3533 2340 3774 2404; x_wconf 80' lang='grc' dir='ltr'>ἐκεῖνον,</span> 
     </span>
    </p>
   </div>
   <div class='ocr_carea' id='block_1_54' title="bbox 2180 2415 3774 2504">
    <p class='ocr_par' dir='ltr' id='par_1_54' title="bbox 2180 2415 3774 2504">
     <span class='ocr_line' id='line_1_54' title="bbox 2180 2415 3774 2504; baseline 0.001 -19"><span class='ocrx_word' id='word_1_364' title='bbox 2180 2432 2389 2486; x_wconf 84' lang='grc' dir='ltr'>ἐκείνου</span> <span class='ocrx_word' id='word_1_365' title='bbox 2415 2431 2577 2497; x_wconf 79' lang='grc' dir='ltr'>ἀξίως</span> <span class='ocrx_word' id='word_1_366' title='bbox 2598 2448 2612 2462; x_wconf 79' lang='grc' dir='ltr'><strong>ο</strong></span> <span class='ocrx_word' id='word_1_367' title='bbox 2639 2433 2668 2485; x_wconf 90' lang='lat'><strong>6</strong></span> <span class='ocrx_word' id='word_1_368' title='bbox 2697 2415 2860 2504; x_wconf 81' lang='grc' dir='ltr'>μέχρι</span> <span class='ocrx_word' id='word_1_369' title='bbox 2888 2431 2980 2486; x_wconf 90' lang='grc' dir='ltr'><strong>τοῦ</strong></span> <span class='ocrx_word' id='word_1_370' title='bbox 3025 2433 3293 2503; x_wconf 88' lang='grc' dir='ltr'>παρόντος</span> <span class='ocrx_word' id='word_1_371' title='bbox 3317 2432 3684 2504; x_wconf 81' lang='grc' dir='ltr'>δεικνύμενος,</span> <span class='ocrx_word' id='word_1_372' title='bbox 3715 2434 3774 2487; x_wconf 81' lang='grc' dir='ltr'><strong>δν</strong></span> 
     </span>
    </p>
   </div>
   <div class='ocr_carea' id='block_1_55' title="bbox 2179 2520 3774 2596">
    <p class='ocr_par' dir='ltr' id='par_1_55' title="bbox 2179 2520 3774 2596">
     <span class='ocr_line' id='line_1_55' title="bbox 2179 2520 3774 2596; baseline -0.001 -17"><span class='ocrx_word' id='word_1_373' title='bbox 2179 2527 2209 2579; x_wconf 92' lang='lat'><strong>6</strong></span> <span class='ocrx_word' id='word_1_374' title='bbox 2253 2525 2427 2596; x_wconf 84' lang='grc' dir='ltr'>μέγας</span> <span class='ocrx_word' id='word_1_375' title='bbox 2471 2526 2678 2590; x_wconf 86' lang='grc' dir='ltr'>ἐκεῖνος</span> <span class='ocrx_word' id='word_1_376' title='bbox 2717 2525 2880 2589; x_wconf 85' lang='grc' dir='ltr'>εὐθὺς</span> <span class='ocrx_word' id='word_1_377' title='bbox 2918 2525 3166 2589; x_wconf 83' lang='grc' dir='ltr'>ἐπιστάς,</span> <span class='ocrx_word' id='word_1_378' title='bbox 3209 2520 3319 2579; x_wconf 77' lang='grc' dir='ltr'>οἷόν</span> <span class='ocrx_word' id='word_1_379' title='bbox 3359 2543 3481 2580; x_wconf 87' lang='grc' dir='ltr'>τινα</span> <span class='ocrx_word' id='word_1_380' title='bbox 3523 2525 3774 2596; x_wconf 77' lang='grc' dir='ltr'>θεμέλιον</span> 
     </span>
    </p>
   </div>
   <div class='ocr_carea' id='block_1_56' title="bbox 2179 2616 3776 2689">
    <p class='ocr_par' dir='ltr' id='par_1_56' title="bbox 2179 2616 3776 2689">
     <span class='ocr_line' id='line_1_56' title="bbox 2179 2616 3776 2689; baseline -0.001 -17"><span class='ocrx_word' id='word_1_381' title='bbox 2179 2617 2274 2672; x_wconf 76' lang='grc' dir='ltr'><strong>καὶ</strong></span> <span class='ocrx_word' id='word_1_382' title='bbox 2297 2618 2533 2689; x_wconf 87' lang='grc' dir='ltr'>κρηπῖδα</span> <span class='ocrx_word' id='word_1_383' title='bbox 2567 2616 2667 2687; x_wconf 80' lang='grc' dir='ltr'>τῆς</span> <span class='ocrx_word' id='word_1_384' title='bbox 2702 2616 2836 2681; x_wconf 85' lang='grc' dir='ltr'>ἰδίας</span> <span class='ocrx_word' id='word_1_385' title='bbox 2876 2616 3179 2689; x_wconf 85' lang='grc' dir='ltr'>ἰερωσύνης</span> <span class='ocrx_word' id='word_1_386' title='bbox 3210 2616 3290 2687; x_wconf 84' lang='grc' dir='ltr'>τῷ</span> <span class='ocrx_word' id='word_1_387' title='bbox 3317 2616 3776 2688; x_wconf 70' lang='grc' dir='ltr'>περιφανεστάτω</span> 
     </span>
    </p>
   </div>
   <div class='ocr_carea' id='block_1_57' title="bbox 2177 2706 3772 2779">
    <p class='ocr_par' dir='ltr' id='par_1_57' title="bbox 2177 2706 3772 2779">
     <span class='ocr_line' id='line_1_57' title="bbox 2177 2706 3772 2779; baseline 0 -17"><span class='ocrx_word' id='word_1_388' title='bbox 2177 2709 2272 2779; x_wconf 82' lang='grc' dir='ltr'>τῆς</span> <span class='ocrx_word' id='word_1_389' title='bbox 2311 2708 2518 2773; x_wconf 84' lang='grc' dir='ltr'>πόλεως</span> <span class='ocrx_word' id='word_1_390' title='bbox 2555 2707 2864 2772; x_wconf 77' lang='grc' dir='ltr'>ἐναπέθετο,</span> <span class='ocrx_word' id='word_1_391' title='bbox 2905 2706 3026 2778; x_wconf 73' lang='grc' dir='ltr'>θεία</span> <span class='ocrx_word' id='word_1_392' title='bbox 3061 2708 3168 2761; x_wconf 76' lang='grc' dir='ltr'>τινὶ</span> <span class='ocrx_word' id='word_1_393' title='bbox 3211 2707 3438 2777; x_wconf 82' lang='grc' dir='ltr'>δυνάμει</span> <span class='ocrx_word' id='word_1_394' title='bbox 3476 2707 3772 2771; x_wconf 83' lang='grc' dir='ltr'>τελειώσας</span> 
     </span>
    </p>
   </div>
   <div class='ocr_carea' id='block_1_58' title="bbox 2175 2798 3762 2871">
    <p class='ocr_par' dir='ltr' id='par_1_58' title="bbox 2175 2798 3762 2871">
     <span class='ocr_line' id='line_1_58' title="bbox 2175 2798 3762 2871; baseline -0.003 -17"><span class='ocrx_word' id='word_1_395' title='bbox 2175 2801 2237 2854; x_wconf 82' lang='grc' dir='ltr'><strong>τὸ</strong></span> <span class='ocrx_word' id='word_1_396' title='bbox 2279 2800 2461 2871; x_wconf 73' lang='grc' dir='ltr'>ἔργον,</span> <span class='ocrx_word' id='word_1_397' title='bbox 2503 2799 2580 2863; x_wconf 86' lang='grc' dir='ltr'>ὡς</span> <span class='ocrx_word' id='word_1_398' title='bbox 2626 2798 2705 2869; x_wconf 85' lang='grc' dir='ltr'>τῷ</span> <span class='ocrx_word' id='word_1_399' title='bbox 2749 2799 2886 2868; x_wconf 88' lang='grc' dir='ltr'><strong>μετά</strong></span> <span class='ocrx_word' id='word_1_400' title='bbox 2939 2798 3110 2851; x_wconf 90' lang='grc' dir='ltr'>ταῦτα</span> <span class='ocrx_word' id='word_1_401' title='bbox 3169 2801 3525 2869; x_wconf 86' lang='grc' dir='ltr'>μαρτυρεῖται</span> <span class='ocrx_word' id='word_1_402' title='bbox 3563 2799 3762 2870; x_wconf 51' lang='grc' dir='ltr'>χρόνῳ</span> 
     </span>
    </p>
   </div>
   <div class='ocr_carea' id='block_1_59' title="bbox 2162 2892 3796 2964">
    <p class='ocr_par' dir='ltr' id='par_1_59' title="bbox 2162 2892 3796 2964">
     <span class='ocr_line' id='line_1_59' title="bbox 2162 2892 3796 2964; baseline 0.001 -19"><span class='ocrx_word' id='word_1_403' title='bbox 2162 2892 2404 2964; x_wconf 30' lang='grc' dir='ltr'>»Σεισμοῦ</span> <span class='ocrx_word' id='word_1_404' title='bbox 2438 2893 2547 2962; x_wconf 93' lang='grc' dir='ltr'><strong>γάρ</strong></span> <span class='ocrx_word' id='word_1_405' title='bbox 2574 2909 2704 2946; x_wconf 88' lang='grc' dir='ltr'>ποτε</span> <span class='ocrx_word' id='word_1_406' title='bbox 2734 2892 3036 2964; x_wconf 81' lang='grc' dir='ltr'>βαρυτάτου</span> <span class='ocrx_word' id='word_1_407' title='bbox 3077 2896 3144 2963; x_wconf 80' lang='grc' dir='ltr'>τῇ</span> <span class='ocrx_word' id='word_1_408' title='bbox 3194 2893 3347 2946; x_wconf 79' lang='grc' dir='ltr'>πόλει</span> <span class='ocrx_word' id='word_1_409' title='bbox 3396 2893 3455 2944; x_wconf 90' lang='grc' dir='ltr'><strong>ἐν</strong></span> <span class='ocrx_word' id='word_1_410' title='bbox 3497 2895 3610 2956; x_wconf 86' lang='grc' dir='ltr'>τοῖς</span> <span class='ocrx_word' id='word_1_411' title='bbox 3655 2894 3796 2947; x_wconf 62' lang='grc' dir='ltr'>καθ’</span> 
     </span>
    </p>
   </div>
   <div class='ocr_carea' id='block_1_60' title="bbox 2177 2981 3780 3056">
    <p class='ocr_par' dir='ltr' id='par_1_60' title="bbox 2177 2981 3780 3056">
     <span class='ocr_line' id='line_1_60' title="bbox 2177 2981 3780 3056; baseline -0.012 -3"><span class='ocrx_word' id='word_1_412' title='bbox 2177 2985 2323 3056; x_wconf 77' lang='grc' dir='ltr'>ἡμᾶς</span> <span class='ocrx_word' id='word_1_413' title='bbox 2368 2983 2579 3054; x_wconf 78' lang='grc' dir='ltr'><strong>χρόνοις</strong></span> <span class='ocrx_word' id='word_1_414' title='bbox 2624 2982 3018 3053; x_wconf 81' lang='grc' dir='ltr'>γεγενημένου,</span> <span class='ocrx_word' id='word_1_415' title='bbox 3042 2984 3136 3035; x_wconf 74' lang='grc' dir='ltr'><strong>καὶ</strong></span> <span class='ocrx_word' id='word_1_416' title='bbox 3173 2983 3390 3036; x_wconf 89' lang='grc' dir='ltr'>πάντων</span> <span class='ocrx_word' id='word_1_417' title='bbox 3435 2981 3636 3052; x_wconf 83' lang='grc' dir='ltr'>μικροῦ</span> <span class='ocrx_word' id='word_1_418' title='bbox 3666 2983 3780 3036; x_wconf 82' lang='grc' dir='ltr'>δεῖν</span> 
     </span>
    </p>
   </div>
   <div class='ocr_carea' id='block_1_61' title="bbox 501 3071 2076 3173">
    <p class='ocr_par' dir='ltr' id='par_1_61' title="bbox 501 3071 2070 3150">
     <span class='ocr_line' id='line_1_61' title="bbox 501 3071 2070 3150; baseline 0.006 -24"><span class='ocrx_word' id='word_1_419' title='bbox 501 3071 742 3126; x_wconf 81' lang='lat' dir='ltr'><strong>studium</strong></span> <span class='ocrx_word' id='word_1_420' title='bbox 771 3073 890 3142; x_wconf 90' lang='lat' dir='ltr'><strong>ejus</strong></span> <span class='ocrx_word' id='word_1_421' title='bbox 919 3074 1263 3143; x_wconf 87' lang='lat' dir='ltr'><strong>adjuvarent.</strong></span> <span class='ocrx_word' id='word_1_422' title='bbox 1297 3076 1414 3132; x_wconf 78' lang='lat' dir='ltr'><strong>Hoc</strong></span> <span class='ocrx_word' id='word_1_423' title='bbox 1458 3087 1544 3134; x_wconf 88' lang='lat' dir='ltr'><strong>est</strong></span> <span class='ocrx_word' id='word_1_424' title='bbox 1601 3080 1887 3150; x_wconf 90' lang='lat' dir='ltr'><strong>templum,</strong></span> <span class='ocrx_word' id='word_1_425' title='bbox 1923 3079 2070 3150; x_wconf 91' lang='lat' dir='ltr'><strong>quod</strong></span> 
     </span>
    </p>
   </div>
   <div class='ocr_carea' id='block_1_62' title="bbox 2176 3071 3782 3173">
    <p class='ocr_par' dir='ltr' id='par_1_62' title="bbox 2176 3074 3782 3147">
     <span class='ocr_line' id='line_1_62' title="bbox 2176 3074 3782 3147; baseline -0.002 -16"><span class='ocrx_word' id='word_1_426' title='bbox 2176 3077 2343 3147; x_wconf 79' lang='grc' dir='ltr'>ἄρδην</span> <span class='ocrx_word' id='word_1_427' title='bbox 2371 3075 2744 3142; x_wconf 78' lang='grc' dir='ltr'>ἀπολωλότων,</span> <span class='ocrx_word' id='word_1_428' title='bbox 2769 3075 2876 3130; x_wconf 86' lang='grc' dir='ltr'><strong>τῶν</strong></span> <span class='ocrx_word' id='word_1_429' title='bbox 2920 3091 2979 3129; x_wconf 86' lang='grc' dir='ltr'><strong>τε</strong></span> <span class='ocrx_word' id='word_1_430' title='bbox 3011 3075 3284 3146; x_wconf 86' lang='grc' dir='ltr'>δημοσίων</span> <span class='ocrx_word' id='word_1_431' title='bbox 3315 3074 3410 3128; x_wconf 77' lang='grc' dir='ltr'>καὶ</span> <span class='ocrx_word' id='word_1_432' title='bbox 3441 3074 3549 3127; x_wconf 85' lang='grc' dir='ltr'><strong>τῶν</strong></span> <span class='ocrx_word' id='word_1_433' title='bbox 3580 3075 3782 3128; x_wconf 84' lang='grc' dir='ltr'>ἰδιωτι-</span> 
     </span>
    </p>
   </div>
   <div class='ocr_carea' id='block_1_63' title="bbox 503 3164 2076 3240">
    <p class='ocr_par' dir='ltr' id='par_1_63' title="bbox 503 3164 2074 3240">
     <span class='ocr_line' id='line_1_63' title="bbox 503 3164 2074 3240; baseline 0.005 -23"><span class='ocrx_word' id='word_1_434' title='bbox 503 3179 679 3232; x_wconf 82' lang='lat' dir='ltr'><strong>usque</strong></span> <span class='ocrx_word' id='word_1_435' title='bbox 727 3164 906 3220; x_wconf 88' lang='lat' dir='ltr'><strong>adhuc</strong></span> <span class='ocrx_word' id='word_1_436' title='bbox 955 3168 1306 3224; x_wconf 85' lang='lat' dir='ltr'><strong>ostenditur:</strong></span> <span class='ocrx_word' id='word_1_437' title='bbox 1359 3169 1508 3240; x_wconf 91' lang='lat' dir='ltr'><strong>quod</strong></span> <span class='ocrx_word' id='word_1_438' title='bbox 1565 3185 1797 3239; x_wconf 85' lang='lat' dir='ltr'><strong>magnus</strong></span> <span class='ocrx_word' id='word_1_439' title='bbox 1848 3171 1942 3227; x_wconf 86' lang='lat' dir='ltr'><strong>ille</strong></span> <span class='ocrx_word' id='word_1_440' title='bbox 1991 3171 2074 3227; x_wconf 92' lang='lat' dir='ltr'><strong>vir</strong></span> 
     </span>
    </p>
   </div>
   <div class='ocr_carea' id='block_1_64' title="bbox 2176 3164 3786 3240">
    <p class='ocr_par' dir='ltr' id='par_1_64' title="bbox 2179 3165 3786 3239">
     <span class='ocr_line' id='line_1_64' title="bbox 2179 3165 3786 3239; baseline -0.003 -16"><span class='ocrx_word' id='word_1_441' title='bbox 2179 3168 2289 3225; x_wconf 85' lang='grc' dir='ltr'><strong>κῶν</strong></span> <span class='ocrx_word' id='word_1_442' title='bbox 2315 3168 2760 3239; x_wconf 77' lang='grc' dir='ltr'>οἰκοδομημάτων</span> <span class='ocrx_word' id='word_1_443' title='bbox 2790 3168 3047 3222; x_wconf 85' lang='grc' dir='ltr'>ἁπάντων</span> <span class='ocrx_word' id='word_1_444' title='bbox 3069 3165 3496 3238; x_wconf 83' lang='grc' dir='ltr'>ἐρειπιωθέντων</span> <span class='ocrx_word' id='word_1_445' title='bbox 3529 3167 3627 3219; x_wconf 81' lang='grc' dir='ltr'><strong>καὶ</strong></span> <span class='ocrx_word' id='word_1_446' title='bbox 3653 3169 3786 3238; x_wconf 81' lang='grc' dir='ltr'>ὲρη-</span> 
     </span>
    </p>
   </div>
   <div class='ocr_carea' id='block_1_65' title="bbox 501 3255 2076 3334">
    <p class='ocr_par' dir='ltr' id='par_1_65' title="bbox 501 3255 2072 3334">
     <span class='ocr_line' id='line_1_65' title="bbox 501 3255 2072 3334; baseline 0.005 -25"><span class='ocrx_word' id='word_1_447' title='bbox 501 3255 687 3309; x_wconf 89' lang='lat' dir='ltr'><strong>statim</strong></span> <span class='ocrx_word' id='word_1_448' title='bbox 743 3272 1038 3327; x_wconf 80' lang='lat' dir='ltr'><strong>aggressus</strong></span> <span class='ocrx_word' id='word_1_449' title='bbox 1093 3261 1261 3316; x_wconf 81' lang='lat' dir='ltr'><strong>veluti</strong></span> <span class='ocrx_word' id='word_1_450' title='bbox 1329 3260 1746 3317; x_wconf 83' lang='lat' dir='ltr'><strong>fundamentum</strong></span> <span class='ocrx_word' id='word_1_451' title='bbox 1797 3264 2072 3334; x_wconf 77' lang='lat' dir='ltr'><strong>quoddam</strong></span> 
     </span>
    </p>
   </div>
   <div class='ocr_carea' id='block_1_66' title="bbox 2176 3255 3783 3334">
    <p class='ocr_par' dir='ltr' id='par_1_66' title="bbox 2180 3258 3783 3331">
     <span class='ocr_line' id='line_1_66' title="bbox 2180 3258 3783 3331; baseline -0.003 -17"><span class='ocrx_word' id='word_1_452' title='bbox 2180 3260 2483 3331; x_wconf 87' lang='grc' dir='ltr'>μωθέντων,</span> <span class='ocrx_word' id='word_1_453' title='bbox 2527 3259 2685 3330; x_wconf 88' lang='grc' dir='ltr'>μόνος</span> <span class='ocrx_word' id='word_1_454' title='bbox 2713 3258 2928 3328; x_wconf 74' lang='grc' dir='ltr'>ἔμεινεν</span> <span class='ocrx_word' id='word_1_455' title='bbox 2969 3260 2998 3313; x_wconf 87' lang='lat'><strong>6</strong></span> <span class='ocrx_word' id='word_1_456' title='bbox 3042 3258 3169 3322; x_wconf 83' lang='grc' dir='ltr'>ναὸς</span> <span class='ocrx_word' id='word_1_457' title='bbox 3196 3259 3402 3321; x_wconf 85' lang='grc' dir='ltr'>ἐκεῖνος</span> <span class='ocrx_word' id='word_1_458' title='bbox 3438 3259 3695 3329; x_wconf 76' lang='grc' dir='ltr'>ἀρραγὴς</span> <span class='ocrx_word' id='word_1_459' title='bbox 3719 3273 3783 3309; x_wconf 89' lang='grc' dir='ltr'><strong>τε</strong></span> 
     </span>
    </p>
   </div>
   <div class='ocr_carea' id='block_1_67' title="bbox 500 3346 2076 3420">
    <p class='ocr_par' dir='ltr' id='par_1_67' title="bbox 500 3349 2076 3418">
     <span class='ocr_line' id='line_1_67' title="bbox 500 3349 2076 3418; baseline 0.006 -18"><span class='ocrx_word' id='word_1_460' title='bbox 500 3353 669 3417; x_wconf 87' lang='lat' dir='ltr'><strong>atque</strong></span> <span class='ocrx_word' id='word_1_461' title='bbox 693 3349 1028 3418; x_wconf 87' lang='lat' dir='ltr'><strong>crepidinem</strong></span> <span class='ocrx_word' id='word_1_462' title='bbox 1061 3353 1144 3407; x_wconf 91' lang='lat' dir='ltr'><strong>sui</strong></span> <span class='ocrx_word' id='word_1_463' title='bbox 1194 3354 1488 3409; x_wconf 87' lang='lat' dir='ltr'><strong>sacerdotii</strong></span> <span class='ocrx_word' id='word_1_464' title='bbox 1520 3355 1679 3409; x_wconf 84' lang='lat' dir='ltr'><strong>initio</strong></span> <span class='ocrx_word' id='word_1_465' title='bbox 1713 3355 1958 3410; x_wconf 90' lang='lat' dir='ltr'><strong>instituit</strong></span> <span class='ocrx_word' id='word_1_466' title='bbox 1991 3363 2076 3409; x_wconf 89' lang='lat' dir='ltr'><strong>at-</strong></span> 
     </span>
    </p>
   </div>
   <div class='ocr_carea' id='block_1_68' title="bbox 2176 3346 3783 3420">
    <p class='ocr_par' dir='ltr' id='par_1_68' title="bbox 2176 3346 3783 3420">
     <span class='ocr_line' id='line_1_68' title="bbox 2176 3346 3783 3420; baseline -0.001 -15"><span class='ocrx_word' id='word_1_467' title='bbox 2176 3353 2271 3405; x_wconf 75' lang='grc' dir='ltr'><strong>καί</strong></span> <span class='ocrx_word' id='word_1_468' title='bbox 2298 3351 2564 3414; x_wconf 77' lang='grc' dir='ltr'>ἄσειστος,</span> <span class='ocrx_word' id='word_1_469' title='bbox 2606 3351 2682 3414; x_wconf 85' lang='grc' dir='ltr'>ὡς</span> <span class='ocrx_word' id='word_1_470' title='bbox 2715 3351 2808 3404; x_wconf 81' lang='grc' dir='ltr'><strong>καὶ</strong></span> <span class='ocrx_word' id='word_1_471' title='bbox 2838 3349 2926 3403; x_wconf 82' lang='grc' dir='ltr'>διὰ</span> <span class='ocrx_word' id='word_1_472' title='bbox 2955 3349 3144 3403; x_wconf 88' lang='grc' dir='ltr'>τούτου</span> <span class='ocrx_word' id='word_1_473' title='bbox 3187 3350 3421 3420; x_wconf 80' lang='grc' dir='ltr'>φανερὸν</span> <span class='ocrx_word' id='word_1_474' title='bbox 3467 3346 3633 3412; x_wconf 74' lang='grc' dir='ltr'>εἶναι,</span> <span class='ocrx_word' id='word_1_475' title='bbox 3685 3353 3783 3404; x_wconf 82' lang='grc' dir='ltr'><strong>καί</strong></span> 
     </span>
    </p>
   </div>
   <div class='ocr_carea' id='block_1_69' title="bbox 501 3442 2076 3516">
    <p class='ocr_par' dir='ltr' id='par_1_69' title="bbox 501 3442 2076 3516">
     <span class='ocr_line' id='line_1_69' title="bbox 501 3442 2076 3516; baseline 0.006 -23"><span class='ocrx_word' id='word_1_476' title='bbox 501 3455 607 3510; x_wconf 87' lang='lat' dir='ltr'><strong>quc</strong></span> <span class='ocrx_word' id='word_1_477' title='bbox 641 3442 864 3498; x_wconf 84' lang='lat' dir='ltr'><strong>molitus</strong></span> <span class='ocrx_word' id='word_1_478' title='bbox 893 3451 996 3509; x_wconf 89' lang='lat' dir='ltr'><strong>est,</strong></span> <span class='ocrx_word' id='word_1_479' title='bbox 1047 3444 1234 3501; x_wconf 88' lang='lat' dir='ltr'><strong>divino</strong></span> <span class='ocrx_word' id='word_1_480' title='bbox 1273 3446 1516 3516; x_wconf 81' lang='lat' dir='ltr'><strong>quodam</strong></span> <span class='ocrx_word' id='word_1_481' title='bbox 1555 3455 1753 3502; x_wconf 89' lang='lat' dir='ltr'><strong>conatu</strong></span> <span class='ocrx_word' id='word_1_482' title='bbox 1789 3454 1842 3502; x_wconf 87' lang='lat' dir='ltr'><strong>et</strong></span> <span class='ocrx_word' id='word_1_483' title='bbox 1871 3446 2076 3503; x_wconf 85' lang='lat' dir='ltr'><strong>auxilio</strong></span> 
     </span>
    </p>
   </div>
   <div class='ocr_carea' id='block_1_70' title="bbox 2176 3442 3790 3516">
    <p class='ocr_par' dir='ltr' id='par_1_70' title="bbox 2183 3442 3790 3515">
     <span class='ocr_line' id='line_1_70' title="bbox 2183 3442 3790 3515; baseline -0.002 -18"><span class='ocrx_word' id='word_1_484' title='bbox 2183 3444 2298 3515; x_wconf 80' lang='grc' dir='ltr'>μεθ’</span> <span class='ocrx_word' id='word_1_485' title='bbox 2329 3444 2446 3507; x_wconf 77' lang='grc' dir='ltr'>οἵας</span> <span class='ocrx_word' id='word_1_486' title='bbox 2478 3443 2760 3513; x_wconf 85' lang='grc' dir='ltr'>δυνάμεως</span> <span class='ocrx_word' id='word_1_487' title='bbox 2796 3444 2825 3495; x_wconf 91' lang='lat'><strong>6</strong></span> <span class='ocrx_word' id='word_1_488' title='bbox 2855 3443 3028 3513; x_wconf 82' lang='grc' dir='ltr'>μέγας</span> <span class='ocrx_word' id='word_1_489' title='bbox 3060 3443 3266 3506; x_wconf 87' lang='grc' dir='ltr'>ἐκεῖνος</span> <span class='ocrx_word' id='word_1_490' title='bbox 3305 3442 3412 3496; x_wconf 87' lang='grc' dir='ltr'><strong>τῶν</strong></span> <span class='ocrx_word' id='word_1_491' title='bbox 3455 3444 3574 3496; x_wconf 81' lang='grc' dir='ltr'>κατ’</span> <span class='ocrx_word' id='word_1_492' title='bbox 3617 3443 3790 3497; x_wconf 74' lang='grc' dir='ltr'>αὐτὸν</span> 
     </span>
    </p>
   </div>
   <div class='ocr_carea' id='block_1_71' title="bbox 499 3533 2076 3608">
    <p class='ocr_par' dir='ltr' id='par_1_71' title="bbox 499 3533 2074 3608">
     <span class='ocr_line' id='line_1_71' title="bbox 499 3533 2074 3608; baseline 0.005 -24"><span class='ocrx_word' id='word_1_493' title='bbox 499 3544 700 3600; x_wconf 86' lang='lat' dir='ltr'><strong>supero</strong></span> <span class='ocrx_word' id='word_1_494' title='bbox 733 3545 870 3601; x_wconf 92' lang='lat' dir='ltr'><strong>opus</strong></span> <span class='ocrx_word' id='word_1_495' title='bbox 903 3533 1214 3601; x_wconf 85' lang='lat' dir='ltr'><strong>absolvens,</strong></span> <span class='ocrx_word' id='word_1_496' title='bbox 1240 3536 1706 3606; x_wconf 87' lang='lat' dir='ltr'><strong>quemadmodum</strong></span> <span class='ocrx_word' id='word_1_497' title='bbox 1727 3537 2074 3608; x_wconf 88' lang='lat' dir='ltr'><strong>insequentis</strong></span> 
     </span>
    </p>
   </div>
   <div class='ocr_carea' id='block_1_72' title="bbox 2176 3533 3003 3608">
    <p class='ocr_par' dir='ltr' id='par_1_72' title="bbox 2180 3533 3003 3607">
     <span class='ocr_line' id='line_1_72' title="bbox 2180 3533 3003 3607; baseline 0 -19"><span class='ocrx_word' id='word_1_498' title='bbox 2180 3536 2517 3607; x_wconf 88' lang='grc' dir='ltr'>πραγμάτων</span> <span class='ocrx_word' id='word_1_499' title='bbox 2547 3533 3003 3605; x_wconf 87' lang='grc' dir='ltr'>ἀντελαμϐάνετο.</span> 
     </span>
    </p>
   </div>
   <div class='ocr_carea' id='block_1_73' title="bbox 497 3625 3783 3701">
    <p class='ocr_par' dir='ltr' id='par_1_73' title="bbox 497 3625 3783 3701">
     <span class='ocr_line' id='line_1_73' title="bbox 497 3625 3783 3701; baseline 0.002 -23"><span class='ocrx_word' id='word_1_500' title='bbox 497 3625 758 3693; x_wconf 89' lang='lat' dir='ltr'><strong>temporis</strong></span> <span class='ocrx_word' id='word_1_501' title='bbox 800 3629 1115 3683; x_wconf 78' lang='lat' dir='ltr'><strong>testimonio</strong></span> <span class='ocrx_word' id='word_1_502' title='bbox 1151 3631 1563 3699; x_wconf 89' lang='lat' dir='ltr'><strong>comprobatum</strong></span> <span class='ocrx_word' id='word_1_503' title='bbox 1619 3637 1718 3686; x_wconf 90' lang='lat' dir='ltr'><strong>est.</strong></span> <span class='ocrx_word' id='word_1_504' title='bbox 1759 3630 1898 3686; x_wconf 85' lang='lat' dir='ltr'><strong>Cum</strong></span> <span class='ocrx_word' id='word_1_505' title='bbox 1965 3631 2109 3686; x_wconf 88' lang='lat' dir='ltr'><strong>enim</strong></span> <span class='ocrx_word' id='word_1_506' title='bbox 2146 3631 2510 3701; x_wconf 80' lang='lat' dir='ltr'><strong>gravissimus</strong></span> <span class='ocrx_word' id='word_1_507' title='bbox 2573 3629 2870 3701; x_wconf 90' lang='lat' dir='ltr'><strong>aliquando</strong></span> <span class='ocrx_word' id='word_1_508' title='bbox 2933 3627 3142 3683; x_wconf 84' lang='lat' dir='ltr'><strong>civitati</strong></span> <span class='ocrx_word' id='word_1_509' title='bbox 3190 3627 3398 3682; x_wconf 90' lang='lat' dir='ltr'><strong>nostris</strong></span> <span class='ocrx_word' id='word_1_510' title='bbox 3437 3628 3783 3698; x_wconf 84' lang='lat' dir='ltr'><strong>temporibus</strong></span> 
     </span>
    </p>
   </div>
   <div class='ocr_carea' id='block_1_74' title="bbox 500 3719 3782 3796">
    <p class='ocr_par' dir='ltr' id='par_1_74' title="bbox 500 3719 3782 3796">
     <span class='ocr_line' id='line_1_74' title="bbox 500 3719 3782 3796; baseline 0 -25"><span class='ocrx_word' id='word_1_511' title='bbox 500 3722 658 3771; x_wconf 76' lang='lat' dir='ltr'><strong>terra:</strong></span> <span class='ocrx_word' id='word_1_512' title='bbox 687 3728 866 3775; x_wconf 90' lang='lat' dir='ltr'><strong>motus</strong></span> <span class='ocrx_word' id='word_1_513' title='bbox 896 3723 1212 3789; x_wconf 89' lang='lat' dir='ltr'><strong>accidisset,</strong></span> <span class='ocrx_word' id='word_1_514' title='bbox 1251 3732 1417 3795; x_wconf 88' lang='lat' dir='ltr'><strong>atque</strong></span> <span class='ocrx_word' id='word_1_515' title='bbox 1477 3741 1671 3780; x_wconf 90' lang='lat' dir='ltr'><strong>omnes</strong></span> <span class='ocrx_word' id='word_1_516' title='bbox 1716 3723 2111 3796; x_wconf 89' lang='lat' dir='ltr'><strong>propemodum</strong></span> <span class='ocrx_word' id='word_1_517' title='bbox 2152 3723 2403 3780; x_wconf 87' lang='lat' dir='ltr'><strong>funditus</strong></span> <span class='ocrx_word' id='word_1_518' title='bbox 2475 3724 2807 3794; x_wconf 89' lang='lat' dir='ltr'><strong>periissent,</strong></span> <span class='ocrx_word' id='word_1_519' title='bbox 2835 3721 3092 3776; x_wconf 89' lang='lat' dir='ltr'><strong>omnibus</strong></span> <span class='ocrx_word' id='word_1_520' title='bbox 3141 3729 3253 3775; x_wconf 82' lang='lat' dir='ltr'><strong>tam</strong></span> <span class='ocrx_word' id='word_1_521' title='bbox 3299 3719 3560 3789; x_wconf 81' lang='lat' dir='ltr'><strong>publicis,</strong></span> <span class='ocrx_word' id='word_1_522' title='bbox 3613 3733 3782 3790; x_wconf 87' lang='lat' dir='ltr'><strong>quam</strong></span> 
     </span>
    </p>
   </div>
   <div class='ocr_carea' id='block_1_75' title="bbox 496 3806 3786 3884">
    <p class='ocr_par' dir='ltr' id='par_1_75' title="bbox 496 3806 3786 3884">
     <span class='ocr_line' id='line_1_75' title="bbox 496 3806 3786 3884; baseline 0.002 -27"><span class='ocrx_word' id='word_1_523' title='bbox 496 3806 727 3872; x_wconf 83' lang='lat' dir='ltr'><strong>privatis</strong></span> <span class='ocrx_word' id='word_1_524' title='bbox 769 3809 1016 3866; x_wconf 68' lang='lat' dir='ltr'><strong>aulificiis</strong></span> <span class='ocrx_word' id='word_1_525' title='bbox 1046 3813 1326 3881; x_wconf 87' lang='lat' dir='ltr'><strong>collapsis,</strong></span> <span class='ocrx_word' id='word_1_526' title='bbox 1378 3813 1627 3883; x_wconf 83' lang='lat' dir='ltr'><strong>disjectis</strong></span> <span class='ocrx_word' id='word_1_527' title='bbox 1672 3829 1736 3868; x_wconf 90' lang='lat' dir='ltr'><strong>ac</strong></span> <span class='ocrx_word' id='word_1_528' title='bbox 1780 3814 2060 3875; x_wconf 87' lang='lat' dir='ltr'><strong>desolatis,</strong></span> <span class='ocrx_word' id='word_1_529' title='bbox 2107 3814 2284 3869; x_wconf 89' lang='lat' dir='ltr'><strong>solum</strong></span> <span class='ocrx_word' id='word_1_530' title='bbox 2325 3814 2457 3869; x_wconf 91' lang='lat' dir='ltr'><strong>illud</strong></span> <span class='ocrx_word' id='word_1_531' title='bbox 2493 3814 2754 3884; x_wconf 88' lang='lat' dir='ltr'><strong>templum</strong></span> <span class='ocrx_word' id='word_1_532' title='bbox 2794 3813 3026 3867; x_wconf 62' lang='lat' dir='ltr'><strong>illwsum</strong></span> <span class='ocrx_word' id='word_1_533' title='bbox 3069 3821 3123 3865; x_wconf 90' lang='lat' dir='ltr'><strong>et</strong></span> <span class='ocrx_word' id='word_1_534' title='bbox 3181 3811 3570 3876; x_wconf 80' lang='lat' dir='ltr'><strong>inconcussum</strong></span> <span class='ocrx_word' id='word_1_535' title='bbox 3620 3828 3786 3867; x_wconf 80' lang='lat' dir='ltr'><strong>man-</strong></span> 
     </span>
    </p>
   </div>
   <div class='ocr_carea' id='block_1_76' title="bbox 497 3896 3772 3978">
    <p class='ocr_par' dir='ltr' id='par_1_76' title="bbox 497 3896 3772 3978">
     <span class='ocr_line' id='line_1_76' title="bbox 497 3896 3772 3978; baseline 0.002 -26"><span class='ocrx_word' id='word_1_536' title='bbox 497 3896 592 3962; x_wconf 90' lang='lat' dir='ltr'><strong>sit,</strong></span> <span class='ocrx_word' id='word_1_537' title='bbox 628 3907 688 3952; x_wconf 91' lang='lat' dir='ltr'><strong>ut</strong></span> <span class='ocrx_word' id='word_1_538' title='bbox 719 3899 802 3954; x_wconf 92' lang='lat' dir='ltr'><strong>vel</strong></span> <span class='ocrx_word' id='word_1_539' title='bbox 831 3916 928 3970; x_wconf 89' lang='lat' dir='ltr'><strong>per</strong></span> <span class='ocrx_word' id='word_1_540' title='bbox 950 3902 1054 3958; x_wconf 85' lang='lat' dir='ltr'><strong>hoc</strong></span> <span class='ocrx_word' id='word_1_541' title='bbox 1081 3911 1282 3973; x_wconf 87' lang='lat' dir='ltr'><strong>pateat,</strong></span> <span class='ocrx_word' id='word_1_542' title='bbox 1313 3919 1436 3958; x_wconf 93' lang='lat' dir='ltr'><strong>cum</strong></span> <span class='ocrx_word' id='word_1_543' title='bbox 1463 3921 1570 3976; x_wconf 89' lang='lat' dir='ltr'><strong>qua</strong></span> <span class='ocrx_word' id='word_1_544' title='bbox 1598 3907 1649 3961; x_wconf 91' lang='lat' dir='ltr'><strong>vi</strong></span> <span class='ocrx_word' id='word_1_545' title='bbox 1681 3914 1844 3978; x_wconf 85' lang='lat' dir='ltr'><strong>atque</strong></span> <span class='ocrx_word' id='word_1_546' title='bbox 1867 3907 2068 3962; x_wconf 90' lang='lat' dir='ltr'><strong>virtute</strong></span> <span class='ocrx_word' id='word_1_547' title='bbox 2099 3921 2331 3977; x_wconf 85' lang='lat' dir='ltr'><strong>magnus</strong></span> <span class='ocrx_word' id='word_1_548' title='bbox 2379 3907 2469 3962; x_wconf 91' lang='lat' dir='ltr'><strong>ille</strong></span> <span class='ocrx_word' id='word_1_549' title='bbox 2505 3907 2588 3961; x_wconf 79' lang='lat' dir='ltr'><strong>vir</strong></span> <span class='ocrx_word' id='word_1_550' title='bbox 2618 3922 2707 3962; x_wconf 90' lang='lat' dir='ltr'><strong>res</strong></span> <span class='ocrx_word' id='word_1_551' title='bbox 2736 3920 2864 3963; x_wconf 89' lang='lat' dir='ltr'><strong>suas</strong></span> <span class='ocrx_word' id='word_1_552' title='bbox 2914 3911 3229 3975; x_wconf 87' lang='lat' dir='ltr'><strong>capesseret</strong></span> <span class='ocrx_word' id='word_1_553' title='bbox 3263 3911 3318 3959; x_wconf 89' lang='lat' dir='ltr'><strong>et</strong></span> <span class='ocrx_word' id='word_1_554' title='bbox 3345 3902 3772 3976; x_wconf 78' lang='lat' dir='ltr'><strong>aggrederetur.</strong></span> 
     </span>
    </p>
   </div>
   <div class='ocr_carea' id='block_1_77' title="bbox 565 4079 2076 4164">
    <p class='ocr_par' dir='ltr' id='par_1_77' title="bbox 565 4079 2069 4164">
     <span class='ocr_line' id='line_1_77' title="bbox 565 4079 2069 4164; baseline 0.01 -30"><span class='ocrx_word' id='word_1_555' title='bbox 565 4079 770 4137; x_wconf 73' lang='lat' dir='ltr'><strong>Verum</strong></span> <span class='ocrx_word' id='word_1_556' title='bbox 801 4082 913 4138; x_wconf 73' lang='lat' dir='ltr'><strong>lucc</strong></span> <span class='ocrx_word' id='word_1_557' title='bbox 946 4085 1162 4154; x_wconf 87' lang='lat' dir='ltr'><strong>quidem</strong></span> <span class='ocrx_word' id='word_1_558' title='bbox 1230 4088 1420 4144; x_wconf 88' lang='lat' dir='ltr'><strong>multis</strong></span> <span class='ocrx_word' id='word_1_559' title='bbox 1465 4092 1810 4161; x_wconf 87' lang='lat' dir='ltr'><strong>temporibus</strong></span> <span class='ocrx_word' id='word_1_560' title='bbox 1845 4100 1969 4164; x_wconf 89' lang='lat' dir='ltr'><strong>post</strong></span> <span class='ocrx_word' id='word_1_561' title='bbox 2012 4093 2069 4148; x_wconf 90' lang='lat' dir='ltr'><strong>in</strong></span> 
     </span>
    </p>
   </div>
   <div class='ocr_carea' id='block_1_78' title="bbox 2176 4079 3784 4164">
    <p class='ocr_par' dir='ltr' id='par_1_78' title="bbox 2261 4089 3784 4164">
     <span class='ocr_line' id='line_1_78' title="bbox 2261 4089 3784 4164; baseline 0.001 -20"><span class='ocrx_word' id='word_1_562' title='bbox 2261 4091 2420 4145; x_wconf 86' lang='grc' dir='ltr'>Ἀλλά</span> <span class='ocrx_word' id='word_1_563' title='bbox 2443 4089 2614 4145; x_wconf 88' lang='grc' dir='ltr'>ταῦτα</span> <span class='ocrx_word' id='word_1_564' title='bbox 2649 4092 2746 4163; x_wconf 85' lang='grc' dir='ltr'><strong>μὲν</strong></span> <span class='ocrx_word' id='word_1_565' title='bbox 2768 4091 2980 4157; x_wconf 82' lang='grc' dir='ltr'>πολλοῖς</span> <span class='ocrx_word' id='word_1_566' title='bbox 3012 4091 3239 4164; x_wconf 77' lang='grc' dir='ltr'>ὕστερον</span> <span class='ocrx_word' id='word_1_567' title='bbox 3266 4092 3480 4164; x_wconf 83' lang='grc' dir='ltr'>χρόνοις</span> <span class='ocrx_word' id='word_1_568' title='bbox 3511 4093 3592 4156; x_wconf 83' lang='grc' dir='ltr'><strong>είς</strong></span> <span class='ocrx_word' id='word_1_569' title='bbox 3631 4111 3784 4164; x_wconf 86' lang='grc' dir='ltr'>μαρ-</span> 
     </span>
    </p>
   </div>
   <div class='ocr_carea' id='block_1_79' title="bbox 497 4173 2076 4256">
    <p class='ocr_par' dir='ltr' id='par_1_79' title="bbox 497 4173 2069 4256">
     <span class='ocr_line' id='line_1_79' title="bbox 497 4173 2069 4256; baseline 0.01 -30"><span class='ocrx_word' id='word_1_570' title='bbox 497 4173 887 4229; x_wconf 87' lang='lat' dir='ltr'><strong>testimonium</strong></span> <span class='ocrx_word' id='word_1_571' title='bbox 921 4176 1043 4232; x_wconf 89' lang='lat' dir='ltr'><strong>fidei</strong></span> <span class='ocrx_word' id='word_1_572' title='bbox 1077 4181 1256 4251; x_wconf 79' lang='lat' dir='ltr'><strong>magni</strong></span> <span class='ocrx_word' id='word_1_573' title='bbox 1279 4182 1441 4240; x_wconf 89' lang='lat' dir='ltr'><strong>istius</strong></span> <span class='ocrx_word' id='word_1_574' title='bbox 1473 4183 1576 4239; x_wconf 92' lang='lat' dir='ltr'><strong>viri</strong></span> <span class='ocrx_word' id='word_1_575' title='bbox 1605 4199 1634 4239; x_wconf 92' lang='lat' dir='ltr'><strong>a</strong></span> <span class='ocrx_word' id='word_1_576' title='bbox 1664 4185 1849 4241; x_wconf 89' lang='lat' dir='ltr'><strong>divina</strong></span> <span class='ocrx_word' id='word_1_577' title='bbox 1872 4194 2069 4256; x_wconf 89' lang='lat' dir='ltr'><strong>poten-</strong></span> 
     </span>
    </p>
   </div>
   <div class='ocr_carea' id='block_1_80' title="bbox 2176 4173 3782 4256">
    <p class='ocr_par' dir='ltr' id='par_1_80' title="bbox 2176 4183 3782 4255">
     <span class='ocr_line' id='line_1_80' title="bbox 2176 4183 3782 4255; baseline 0.001 -18"><span class='ocrx_word' id='word_1_578' title='bbox 2176 4183 2367 4254; x_wconf 88' lang='grc' dir='ltr'>τυρίαν</span> <span class='ocrx_word' id='word_1_579' title='bbox 2415 4186 2513 4255; x_wconf 79' lang='grc' dir='ltr'><strong>τῆς</strong></span> <span class='ocrx_word' id='word_1_580' title='bbox 2560 4183 2656 4236; x_wconf 88' lang='grc' dir='ltr'><strong>τοῦ</strong></span> <span class='ocrx_word' id='word_1_581' title='bbox 2713 4184 2948 4255; x_wconf 85' lang='grc' dir='ltr'>μεγάλου</span> <span class='ocrx_word' id='word_1_582' title='bbox 3000 4183 3234 4247; x_wconf 88' lang='grc' dir='ltr'>πίστεως</span> <span class='ocrx_word' id='word_1_583' title='bbox 3279 4184 3432 4254; x_wconf 87' lang='grc' dir='ltr'><strong>παρά</strong></span> <span class='ocrx_word' id='word_1_584' title='bbox 3475 4185 3575 4255; x_wconf 80' lang='grc' dir='ltr'>τῆς</span> <span class='ocrx_word' id='word_1_585' title='bbox 3623 4184 3782 4248; x_wconf 81' lang='grc' dir='ltr'>θείας</span> 
     </span>
    </p>
   </div>
   <div class='ocr_carea' id='block_1_81' title="bbox 497 4266 2076 4347">
    <p class='ocr_par' dir='ltr' id='par_1_81' title="bbox 497 4266 2069 4338">
     <span class='ocr_line' id='line_1_81' title="bbox 497 4266 2069 4338; baseline 0.008 -18"><span class='ocrx_word' id='word_1_586' title='bbox 497 4267 574 4321; x_wconf 90' lang='lat' dir='ltr'><strong>tia</strong></span> <span class='ocrx_word' id='word_1_587' title='bbox 617 4266 901 4338; x_wconf 80' lang='lat' dir='ltr'><strong>designata</strong></span> <span class='ocrx_word' id='word_1_588' title='bbox 951 4277 1098 4324; x_wconf 84' lang='lat' dir='ltr'><strong>sunt.</strong></span> <span class='ocrx_word' id='word_1_589' title='bbox 1148 4271 1302 4328; x_wconf 89' lang='lat' dir='ltr'><strong>Tunc</strong></span> <span class='ocrx_word' id='word_1_590' title='bbox 1339 4284 1522 4330; x_wconf 89' lang='lat' dir='ltr'><strong>autem</strong></span> <span class='ocrx_word' id='word_1_591' title='bbox 1562 4293 1686 4333; x_wconf 91' lang='lat' dir='ltr'><strong>cum</strong></span> <span class='ocrx_word' id='word_1_592' title='bbox 1733 4293 1924 4335; x_wconf 89' lang='lat' dir='ltr'><strong>omnes</strong></span> <span class='ocrx_word' id='word_1_593' title='bbox 1960 4289 2069 4333; x_wconf 89' lang='lat' dir='ltr'><strong>tam</strong></span> 
     </span>
    </p>
   </div>
   <div class='ocr_carea' id='block_1_82' title="bbox 2176 4266 3781 4347">
    <p class='ocr_par' dir='ltr' id='par_1_82' title="bbox 2176 4275 3781 4347">
     <span class='ocr_line' id='line_1_82' title="bbox 2176 4275 3781 4347; baseline 0 -17"><span class='ocrx_word' id='word_1_594' title='bbox 2176 4275 2469 4347; x_wconf 86' lang='grc' dir='ltr'>ἀπεδείχθη</span> <span class='ocrx_word' id='word_1_595' title='bbox 2504 4275 2802 4346; x_wconf 86' lang='grc' dir='ltr'>δυνάμεως.</span> <span class='ocrx_word' id='word_1_596' title='bbox 2838 4276 2970 4330; x_wconf 89' lang='grc' dir='ltr'>Τότε</span> <span class='ocrx_word' id='word_1_597' title='bbox 2999 4275 3057 4330; x_wconf 83' lang='grc' dir='ltr'>δὲ</span> <span class='ocrx_word' id='word_1_598' title='bbox 3086 4279 3199 4338; x_wconf 84' lang='grc' dir='ltr'>τοῖς</span> <span class='ocrx_word' id='word_1_599' title='bbox 3227 4276 3606 4339; x_wconf 83' lang='grc' dir='ltr'>ἀποστολικοίς</span> <span class='ocrx_word' id='word_1_600' title='bbox 3638 4276 3781 4330; x_wconf 80' lang='grc' dir='ltr'>θαύ-</span> 
     </span>
    </p>
   </div>
   <div class='ocr_carea' id='block_1_83' title="bbox 495 4358 2076 4438">
    <p class='ocr_par' dir='ltr' id='par_1_83' title="bbox 495 4358 2070 4437">
     <span class='ocr_line' id='line_1_83' title="bbox 495 4358 2070 4437; baseline 0.006 -22"><span class='ocrx_word' id='word_1_601' title='bbox 495 4358 646 4415; x_wconf 90' lang='lat' dir='ltr'><strong>illius</strong></span> <span class='ocrx_word' id='word_1_602' title='bbox 678 4359 828 4416; x_wconf 88' lang='lat' dir='ltr'><strong>urbis</strong></span> <span class='ocrx_word' id='word_1_603' title='bbox 864 4360 1089 4428; x_wconf 68' lang='lat' dir='ltr'><strong>incolae,</strong></span> <span class='ocrx_word' id='word_1_604' title='bbox 1135 4378 1302 4434; x_wconf 88' lang='lat' dir='ltr'><strong>quam</strong></span> <span class='ocrx_word' id='word_1_605' title='bbox 1340 4365 1508 4420; x_wconf 91' lang='lat' dir='ltr'><strong>vieini</strong></span> <span class='ocrx_word' id='word_1_606' title='bbox 1549 4369 1868 4437; x_wconf 91' lang='lat' dir='ltr'><strong>apostolicis</strong></span> <span class='ocrx_word' id='word_1_607' title='bbox 1902 4369 2070 4424; x_wconf 91' lang='lat' dir='ltr'><strong>mira-</strong></span> 
     </span>
    </p>
   </div>
   <div class='ocr_carea' id='block_1_84' title="bbox 2176 4358 3782 4438">
    <p class='ocr_par' dir='ltr' id='par_1_84' title="bbox 2180 4366 3782 4438">
     <span class='ocr_line' id='line_1_84' title="bbox 2180 4366 3782 4438; baseline -0.001 -18"><span class='ocrx_word' id='word_1_608' title='bbox 2180 4383 2314 4438; x_wconf 90' lang='grc' dir='ltr'>μασι</span> <span class='ocrx_word' id='word_1_609' title='bbox 2341 4367 2449 4419; x_wconf 88' lang='grc' dir='ltr'><strong>τῶν</strong></span> <span class='ocrx_word' id='word_1_610' title='bbox 2475 4383 2535 4420; x_wconf 87' lang='grc' dir='ltr'><strong>τε</strong></span> <span class='ocrx_word' id='word_1_611' title='bbox 2565 4367 2705 4420; x_wconf 86' lang='grc' dir='ltr'><strong>κατά</strong></span> <span class='ocrx_word' id='word_1_612' title='bbox 2735 4367 2834 4438; x_wconf 81' lang='grc' dir='ltr'>τὴν</span> <span class='ocrx_word' id='word_1_613' title='bbox 2864 4366 3019 4420; x_wconf 89' lang='grc' dir='ltr'>πόλιν</span> <span class='ocrx_word' id='word_1_614' title='bbox 3043 4366 3136 4420; x_wconf 80' lang='grc' dir='ltr'>καὶ</span> <span class='ocrx_word' id='word_1_615' title='bbox 3164 4367 3264 4436; x_wconf 84' lang='grc' dir='ltr'><strong>τὴν</strong></span> <span class='ocrx_word' id='word_1_616' title='bbox 3294 4368 3574 4438; x_wconf 85' lang='grc' dir='ltr'>περίοικον</span> <span class='ocrx_word' id='word_1_617' title='bbox 3599 4368 3782 4422; x_wconf 82' lang='grc' dir='ltr'>ἀπάν-</span> 
     </span>
    </p>
   </div>
   <div class='ocr_carea' id='block_1_85' title="bbox 498 4456 2076 4532">
    <p class='ocr_par' dir='ltr' id='par_1_85' title="bbox 498 4456 2069 4532">
     <span class='ocr_line' id='line_1_85' title="bbox 498 4456 2069 4532; baseline 0.004 -21"><span class='ocrx_word' id='word_1_618' title='bbox 498 4457 642 4513; x_wconf 91' lang='lat' dir='ltr'><strong>culis</strong></span> <span class='ocrx_word' id='word_1_619' title='bbox 679 4456 1042 4528; x_wconf 81' lang='lat' dir='ltr'><strong>obstupefacti</strong></span> <span class='ocrx_word' id='word_1_620' title='bbox 1091 4466 1311 4524; x_wconf 87' lang='lat' dir='ltr'><strong>essent,</strong></span> <span class='ocrx_word' id='word_1_621' title='bbox 1343 4470 1398 4514; x_wconf 88' lang='lat' dir='ltr'><strong>et</strong></span> <span class='ocrx_word' id='word_1_622' title='bbox 1447 4461 1714 4532; x_wconf 88' lang='lat' dir='ltr'><strong>quidquid</strong></span> <span class='ocrx_word' id='word_1_623' title='bbox 1755 4463 1824 4518; x_wconf 90' lang='lat' dir='ltr'><strong>ab</strong></span> <span class='ocrx_word' id='word_1_624' title='bbox 1874 4478 1940 4519; x_wconf 92' lang='lat' dir='ltr'><strong>eo</strong></span> <span class='ocrx_word' id='word_1_625' title='bbox 1985 4465 2069 4518; x_wconf 88' lang='lat' dir='ltr'><strong>vel</strong></span> 
     </span>
    </p>
   </div>
   <div class='ocr_carea' id='block_1_86' title="bbox 2176 4456 3780 4532">
    <p class='ocr_par' dir='ltr' id='par_1_86' title="bbox 2176 4456 3780 4528">
     <span class='ocr_line' id='line_1_86' title="bbox 2176 4456 3780 4528; baseline 0.002 -20"><span class='ocrx_word' id='word_1_626' title='bbox 2176 4472 2280 4510; x_wconf 84' lang='grc' dir='ltr'><strong>των</strong></span> <span class='ocrx_word' id='word_1_627' title='bbox 2320 4456 2804 4527; x_wconf 79' lang='grc' dir='ltr'>ἐκπεπληγμένων,</span> <span class='ocrx_word' id='word_1_628' title='bbox 2853 4457 2948 4510; x_wconf 76' lang='grc' dir='ltr'><strong>καί</strong></span> <span class='ocrx_word' id='word_1_629' title='bbox 2998 4458 3106 4513; x_wconf 77' lang='grc' dir='ltr'>πᾶν</span> <span class='ocrx_word' id='word_1_630' title='bbox 3139 4457 3198 4509; x_wconf 86' lang='grc' dir='ltr'><strong>τὸ</strong></span> <span class='ocrx_word' id='word_1_631' title='bbox 3253 4457 3382 4528; x_wconf 79' lang='grc' dir='ltr'>παρ’</span> <span class='ocrx_word' id='word_1_632' title='bbox 3414 4458 3580 4512; x_wconf 83' lang='grc' dir='ltr'>αὑτοῦ</span> <span class='ocrx_word' id='word_1_633' title='bbox 3615 4459 3780 4527; x_wconf 82' lang='grc' dir='ltr'>λεγό-</span> 
     </span>
    </p>
   </div>
   <div class='ocr_carea' id='block_1_87' title="bbox 493 4547 2076 4626">
    <p class='ocr_par' dir='ltr' id='par_1_87' title="bbox 493 4550 2072 4626">
     <span class='ocr_line' id='line_1_87' title="bbox 493 4550 2072 4626; baseline 0.002 -19"><span class='ocrx_word' id='word_1_634' title='bbox 493 4551 770 4607; x_wconf 89' lang='lat' dir='ltr'><strong>diceretur</strong></span> <span class='ocrx_word' id='word_1_635' title='bbox 819 4552 903 4606; x_wconf 90' lang='lat' dir='ltr'><strong>vel</strong></span> <span class='ocrx_word' id='word_1_636' title='bbox 939 4551 1111 4617; x_wconf 90' lang='lat' dir='ltr'><strong>fieret,</strong></span> <span class='ocrx_word' id='word_1_637' title='bbox 1166 4550 1358 4607; x_wconf 88' lang='lat' dir='ltr'><strong>divina</strong></span> <span class='ocrx_word' id='word_1_638' title='bbox 1389 4552 1594 4608; x_wconf 89' lang='lat' dir='ltr'><strong>virtute</strong></span> <span class='ocrx_word' id='word_1_639' title='bbox 1652 4561 1707 4610; x_wconf 87' lang='lat' dir='ltr'><strong>et</strong></span> <span class='ocrx_word' id='word_1_640' title='bbox 1748 4556 1832 4626; x_wconf 82' lang='lat' dir='ltr'><strong>agi</strong></span> <span class='ocrx_word' id='word_1_641' title='bbox 1876 4563 1930 4612; x_wconf 88' lang='lat' dir='ltr'><strong>et</strong></span> <span class='ocrx_word' id='word_1_642' title='bbox 1962 4555 2072 4612; x_wconf 90' lang='lat' dir='ltr'><strong>diei</strong></span> 
     </span>
    </p>
   </div>
   <div class='ocr_carea' id='block_1_88' title="bbox 2176 4547 3780 4626">
    <p class='ocr_par' dir='ltr' id='par_1_88' title="bbox 2177 4547 3780 4620">
     <span class='ocr_line' id='line_1_88' title="bbox 2177 4547 3780 4620; baseline 0.002 -21"><span class='ocrx_word' id='word_1_643' title='bbox 2177 4547 2335 4618; x_wconf 87' lang='grc' dir='ltr'>μενόν</span> <span class='ocrx_word' id='word_1_644' title='bbox 2388 4564 2447 4600; x_wconf 86' lang='grc' dir='ltr'><strong>τε</strong></span> <span class='ocrx_word' id='word_1_645' title='bbox 2503 4549 2600 4602; x_wconf 76' lang='grc' dir='ltr'>καὶ</span> <span class='ocrx_word' id='word_1_646' title='bbox 2650 4549 2950 4619; x_wconf 88' lang='grc' dir='ltr'>γινόμενον,</span> <span class='ocrx_word' id='word_1_647' title='bbox 2996 4547 3117 4620; x_wconf 84' lang='grc' dir='ltr'>θείᾳ</span> <span class='ocrx_word' id='word_1_648' title='bbox 3162 4547 3390 4619; x_wconf 87' lang='grc' dir='ltr'>δυνάμει</span> <span class='ocrx_word' id='word_1_649' title='bbox 3431 4548 3780 4620; x_wconf 81' lang='grc' dir='ltr'>πράττεσθαί</span> 
     </span>
    </p>
   </div>
   <div class='ocr_carea' id='block_1_89' title="bbox 493 4641 2076 4717">
    <p class='ocr_par' dir='ltr' id='par_1_89' title="bbox 493 4642 2070 4717">
     <span class='ocr_line' id='line_1_89' title="bbox 493 4642 2070 4717; baseline 0.003 -18"><span class='ocrx_word' id='word_1_650' title='bbox 493 4642 894 4699; x_wconf 88' lang='lat' dir='ltr'><strong>credidissent:</strong></span> <span class='ocrx_word' id='word_1_651' title='bbox 943 4660 1012 4701; x_wconf 89' lang='lat' dir='ltr'><strong>ne</strong></span> <span class='ocrx_word' id='word_1_652' title='bbox 1049 4644 1395 4701; x_wconf 64' lang='lat' dir='ltr'><strong>saecularium</strong></span> <span class='ocrx_word' id='word_1_653' title='bbox 1430 4645 1652 4716; x_wconf 88' lang='lat' dir='ltr'><strong>quidem</strong></span> <span class='ocrx_word' id='word_1_654' title='bbox 1687 4661 1752 4702; x_wconf 91' lang='lat' dir='ltr'><strong>ac</strong></span> <span class='ocrx_word' id='word_1_655' title='bbox 1789 4655 2070 4717; x_wconf 88' lang='lat' dir='ltr'><strong>tempora-</strong></span> 
     </span>
    </p>
   </div>
   <div class='ocr_carea' id='block_1_90' title="bbox 2176 4641 3780 4717">
    <p class='ocr_par' dir='ltr' id='par_1_90' title="bbox 2176 4641 3780 4712">
     <span class='ocr_line' id='line_1_90' title="bbox 2176 4641 3780 4712; baseline 0.001 -18"><span class='ocrx_word' id='word_1_656' title='bbox 2176 4659 2232 4694; x_wconf 85' lang='grc' dir='ltr'><strong>τε</strong></span> <span class='ocrx_word' id='word_1_657' title='bbox 2260 4642 2354 4695; x_wconf 73' lang='grc' dir='ltr'>καὶ</span> <span class='ocrx_word' id='word_1_658' title='bbox 2391 4641 2669 4710; x_wconf 84' lang='grc' dir='ltr'><strong>λέγεσθαι⁸</strong></span> <span class='ocrx_word' id='word_1_659' title='bbox 2683 4641 3147 4704; x_wconf 85' lang='grc' dir='ltr'>πεπιστευκότων,</span> <span class='ocrx_word' id='word_1_660' title='bbox 3193 4641 3314 4694; x_wconf 82' lang='grc' dir='ltr'>οὐδὲ</span> <span class='ocrx_word' id='word_1_661' title='bbox 3357 4641 3467 4694; x_wconf 88' lang='grc' dir='ltr'><strong>τῶν</strong></span> <span class='ocrx_word' id='word_1_662' title='bbox 3499 4643 3780 4712; x_wconf 78' lang='grc' dir='ltr'>βιωτικῶν</span> 
     </span>
    </p>
   </div>
   <div class='ocr_carea' id='block_1_91' title="bbox 493 4731 2076 4808">
    <p class='ocr_par' dir='ltr' id='par_1_91' title="bbox 493 4735 2068 4808">
     <span class='ocr_line' id='line_1_91' title="bbox 493 4735 2068 4808; baseline 0.003 -16"><span class='ocrx_word' id='word_1_663' title='bbox 493 4735 627 4792; x_wconf 86' lang='lat' dir='ltr'><strong>lium</strong></span> <span class='ocrx_word' id='word_1_664' title='bbox 675 4737 1183 4791; x_wconf 87' lang='lat' dir='ltr'><strong>controversiarum</strong></span> <span class='ocrx_word' id='word_1_665' title='bbox 1242 4737 1393 4792; x_wconf 91' lang='lat' dir='ltr'><strong>aliud</strong></span> <span class='ocrx_word' id='word_1_666' title='bbox 1437 4737 1607 4792; x_wconf 92' lang='lat' dir='ltr'><strong>ullum</strong></span> <span class='ocrx_word' id='word_1_667' title='bbox 1650 4736 1918 4808; x_wconf 89' lang='lat' dir='ltr'><strong>judicium</strong></span> <span class='ocrx_word' id='word_1_668' title='bbox 1966 4740 2068 4796; x_wconf 90' lang='lat' dir='ltr'><strong>sibi</strong></span> 
     </span>
    </p>
   </div>
   <div class='ocr_carea' id='block_1_92' title="bbox 2176 4731 3779 4808">
    <p class='ocr_par' dir='ltr' id='par_1_92' title="bbox 2176 4731 3779 4805">
     <span class='ocr_line' id='line_1_92' title="bbox 2176 4731 3779 4805; baseline 0 -18"><span class='ocrx_word' id='word_1_669' title='bbox 2176 4733 2702 4805; x_wconf 84' lang='grc' dir='ltr'>ἀμφισϐητημάτων,</span> <span class='ocrx_word' id='word_1_670' title='bbox 2749 4731 2878 4786; x_wconf 81' lang='grc' dir='ltr'>ἄλλο</span> <span class='ocrx_word' id='word_1_671' title='bbox 2920 4750 2972 4786; x_wconf 91' lang='grc' dir='ltr'><strong>τι</strong></span> <span class='ocrx_word' id='word_1_672' title='bbox 3023 4732 3370 4804; x_wconf 87' lang='grc' dir='ltr'>δικαστήριον</span> <span class='ocrx_word' id='word_1_673' title='bbox 3410 4732 3581 4804; x_wconf 77' lang='grc' dir='ltr'>ᾤοντο</span> <span class='ocrx_word' id='word_1_674' title='bbox 3628 4731 3779 4788; x_wconf 78' lang='grc' dir='ltr'>εἶναι</span> 
     </span>
    </p>
   </div>
   <div class='ocr_carea' id='block_1_93' title="bbox 490 4823 2076 4900">
    <p class='ocr_par' dir='ltr' id='par_1_93' title="bbox 490 4826 2070 4900">
     <span class='ocr_line' id='line_1_93' title="bbox 490 4826 2070 4900; baseline 0.004 -19"><span class='ocrx_word' id='word_1_675' title='bbox 490 4826 668 4897; x_wconf 83' lang='lat' dir='ltr'><strong>magis</strong></span> <span class='ocrx_word' id='word_1_676' title='bbox 704 4834 884 4882; x_wconf 88' lang='lat' dir='ltr'><strong>ratum</strong></span> <span class='ocrx_word' id='word_1_677' title='bbox 938 4841 1004 4882; x_wconf 90' lang='lat' dir='ltr'><strong>ac</strong></span> <span class='ocrx_word' id='word_1_678' title='bbox 1060 4827 1315 4898; x_wconf 90' lang='lat' dir='ltr'><strong>firmum,</strong></span> <span class='ocrx_word' id='word_1_679' title='bbox 1373 4829 1669 4900; x_wconf 87' lang='lat' dir='ltr'><strong>majorisve</strong></span> <span class='ocrx_word' id='word_1_680' title='bbox 1721 4833 2070 4889; x_wconf 88' lang='lat' dir='ltr'><strong>auctoritatis</strong></span> 
     </span>
    </p>
   </div>
   <div class='ocr_carea' id='block_1_94' title="bbox 2176 4823 3784 4900">
    <p class='ocr_par' dir='ltr' id='par_1_94' title="bbox 2176 4823 3784 4896">
     <span class='ocr_line' id='line_1_94' title="bbox 2176 4823 3784 4896; baseline 0 -18"><span class='ocrx_word' id='word_1_681' title='bbox 2176 4825 2354 4890; x_wconf 83' lang='grc' dir='ltr'>αὐτοῖς</span> <span class='ocrx_word' id='word_1_682' title='bbox 2406 4825 2766 4896; x_wconf 84' lang='grc' dir='ltr'>κυριώτερον,</span> <span class='ocrx_word' id='word_1_683' title='bbox 2823 4823 2961 4878; x_wconf 86' lang='grc' dir='ltr'>ἀλλὰ</span> <span class='ocrx_word' id='word_1_684' title='bbox 3021 4827 3172 4878; x_wconf 84' lang='grc' dir='ltr'>πᾶσα</span> <span class='ocrx_word' id='word_1_685' title='bbox 3227 4825 3406 4896; x_wconf 85' lang='grc' dir='ltr'>κρίσις</span> <span class='ocrx_word' id='word_1_686' title='bbox 3464 4825 3560 4876; x_wconf 77' lang='grc' dir='ltr'><strong>καὶ</strong></span> <span class='ocrx_word' id='word_1_687' title='bbox 3618 4827 3784 4878; x_wconf 75' lang='grc' dir='ltr'>πᾶσα.</span> 
     </span>
    </p>
   </div>
   <div class='ocr_carea' id='block_1_95' title="bbox 489 4918 2071 4994">
    <p class='ocr_par' dir='ltr' id='par_1_95' title="bbox 489 4918 2071 4994">
     <span class='ocr_line' id='line_1_95' title="bbox 489 4918 2071 4994; baseline 0.004 -21"><span class='ocrx_word' id='word_1_688' title='bbox 489 4932 615 4973; x_wconf 82' lang='lat' dir='ltr'><strong>esse</strong></span> <span class='ocrx_word' id='word_1_689' title='bbox 635 4919 916 4987; x_wconf 89' lang='lat' dir='ltr'><strong>putabant,</strong></span> <span class='ocrx_word' id='word_1_690' title='bbox 948 4918 1044 4975; x_wconf 91' lang='lat' dir='ltr'><strong>sed</strong></span> <span class='ocrx_word' id='word_1_691' title='bbox 1079 4921 1510 4993; x_wconf 69' lang='lat' dir='ltr'><strong>omnisqumstio</strong></span> <span class='ocrx_word' id='word_1_692' title='bbox 1543 4923 1987 4994; x_wconf 86' lang='lat' dir='ltr'><strong>disceptatioque</strong></span> <span class='ocrx_word' id='word_1_693' title='bbox 2017 4933 2071 4979; x_wconf 72' lang='lat' dir='ltr'><strong>et</strong></span> 
     </span>
    </p>
   </div>
   <div class='ocr_carea' id='block_1_96' title="bbox 489 5010 2064 5088">
    <p class='ocr_par' dir='ltr' id='par_1_96' title="bbox 489 5010 2064 5088">
     <span class='ocr_line' id='line_1_96' title="bbox 489 5010 2064 5088; baseline 0.006 -25"><span class='ocrx_word' id='word_1_694' title='bbox 489 5010 674 5066; x_wconf 89' lang='lat' dir='ltr'><strong>omnis</strong></span> <span class='ocrx_word' id='word_1_695' title='bbox 704 5011 995 5068; x_wconf 85' lang='lat' dir='ltr'><strong>intricatus</strong></span> <span class='ocrx_word' id='word_1_696' title='bbox 1035 5023 1090 5069; x_wconf 92' lang='lat' dir='ltr'><strong>et</strong></span> <span class='ocrx_word' id='word_1_697' title='bbox 1136 5014 1413 5083; x_wconf 78' lang='lat' dir='ltr'><strong>explicatu</strong></span> <span class='ocrx_word' id='word_1_698' title='bbox 1440 5013 1682 5073; x_wconf 89' lang='lat' dir='ltr'><strong>difficilis</strong></span> <span class='ocrx_word' id='word_1_699' title='bbox 1718 5017 2064 5088; x_wconf 83' lang='lat' dir='ltr'><strong>negotiorum</strong></span> 
     </span>
    </p>
   </div>
   <div class='ocr_carea' id='block_1_97' title="bbox 489 5103 2069 5164">
    <p class='ocr_par' dir='ltr' id='par_1_97' title="bbox 489 5103 2069 5164">
     <span class='ocr_line' id='line_1_97' title="bbox 489 5103 2069 5164; baseline 0.005 -8"><span class='ocrx_word' id='word_1_700' title='bbox 489 5117 666 5158; x_wconf 79' lang='lat' dir='ltr'><strong>nexus</strong></span> <span class='ocrx_word' id='word_1_701' title='bbox 714 5103 858 5160; x_wconf 78' lang='lat' dir='ltr'><strong>illius</strong></span> <span class='ocrx_word' id='word_1_702' title='bbox 911 5105 1157 5161; x_wconf 89' lang='lat' dir='ltr'><strong>consiliis</strong></span> <span class='ocrx_word' id='word_1_703' title='bbox 1189 5112 1244 5160; x_wconf 91' lang='lat' dir='ltr'><strong>et</strong></span> <span class='ocrx_word' id='word_1_704' title='bbox 1298 5105 1768 5163; x_wconf 90' lang='lat' dir='ltr'><strong>admonitionibus</strong></span> <span class='ocrx_word' id='word_1_705' title='bbox 1825 5109 2069 5164; x_wconf 86' lang='lat' dir='ltr'><strong>resolve-</strong></span> 
     </span>
    </p>
   </div>
   <div class='ocr_carea' id='block_1_98' title="bbox 488 5195 2062 5258">
    <p class='ocr_par' dir='ltr' id='par_1_98' title="bbox 488 5195 2062 5258">
     <span class='ocr_line' id='line_1_98' title="bbox 488 5195 2062 5258; baseline 0.003 -7"><span class='ocrx_word' id='word_1_706' title='bbox 488 5195 653 5251; x_wconf 86' lang='lat' dir='ltr'><strong>batur</strong></span> <span class='ocrx_word' id='word_1_707' title='bbox 673 5203 728 5252; x_wconf 92' lang='lat' dir='ltr'><strong>et</strong></span> <span class='ocrx_word' id='word_1_708' title='bbox 757 5198 1139 5254; x_wconf 85' lang='lat' dir='ltr'><strong>dirimebatur.</strong></span> <span class='ocrx_word' id='word_1_709' title='bbox 1192 5197 1352 5254; x_wconf 90' lang='lat' dir='ltr'><strong>Unde</strong></span> <span class='ocrx_word' id='word_1_710' title='bbox 1377 5214 1502 5255; x_wconf 91' lang='lat' dir='ltr'><strong>cum</strong></span> <span class='ocrx_word' id='word_1_711' title='bbox 1526 5201 1895 5258; x_wconf 90' lang='lat' dir='ltr'><strong>communiter</strong></span> <span class='ocrx_word' id='word_1_712' title='bbox 1937 5202 2062 5257; x_wconf 88' lang='lat' dir='ltr'><strong>uni-</strong></span> 
     </span>
    </p>
   </div>
   <div class='ocr_carea' id='block_1_99' title="bbox 487 5289 2066 5364">
    <p class='ocr_par' dir='ltr' id='par_1_99' title="bbox 487 5289 2066 5364">
     <span class='ocr_line' id='line_1_99' title="bbox 487 5289 2066 5364; baseline 0.003 -21"><span class='ocrx_word' id='word_1_713' title='bbox 487 5289 687 5356; x_wconf 88' lang='lat' dir='ltr'><strong>versis,</strong></span> <span class='ocrx_word' id='word_1_714' title='bbox 733 5299 846 5346; x_wconf 90' lang='lat' dir='ltr'><strong>tum</strong></span> <span class='ocrx_word' id='word_1_715' title='bbox 888 5291 1118 5363; x_wconf 77' lang='lat' dir='ltr'><strong>singulis</strong></span> <span class='ocrx_word' id='word_1_716' title='bbox 1161 5292 1309 5348; x_wconf 90' lang='lat' dir='ltr'><strong>illius</strong></span> <span class='ocrx_word' id='word_1_717' title='bbox 1355 5292 1623 5348; x_wconf 88' lang='lat' dir='ltr'><strong>beneficio</strong></span> <span class='ocrx_word' id='word_1_718' title='bbox 1663 5300 1775 5348; x_wconf 89' lang='lat' dir='ltr'><strong>tam</strong></span> <span class='ocrx_word' id='word_1_719' title='bbox 1835 5293 2066 5364; x_wconf 61' lang='lat' dir='ltr'><strong>aequitas</strong></span> 
     </span>
    </p>
   </div>
   <div class='ocr_carea' id='block_1_100' title="bbox 487 5380 2063 5453">
    <p class='ocr_par' dir='ltr' id='par_1_100' title="bbox 487 5380 2063 5453">
     <span class='ocr_line' id='line_1_100' title="bbox 487 5380 2063 5453; baseline 0.002 -19"><span class='ocrx_word' id='word_1_720' title='bbox 487 5387 748 5450; x_wconf 88' lang='lat' dir='ltr'><strong>rectaque</strong></span> <span class='ocrx_word' id='word_1_721' title='bbox 797 5380 940 5451; x_wconf 87' lang='lat' dir='ltr'><strong>juris</strong></span> <span class='ocrx_word' id='word_1_722' title='bbox 994 5382 1334 5449; x_wconf 89' lang='lat' dir='ltr'><strong>constitutio,</strong></span> <span class='ocrx_word' id='word_1_723' title='bbox 1369 5397 1534 5453; x_wconf 89' lang='lat' dir='ltr'><strong>quam</strong></span> <span class='ocrx_word' id='word_1_724' title='bbox 1582 5399 1689 5453; x_wconf 83' lang='lat' dir='ltr'><strong>pax</strong></span> <span class='ocrx_word' id='word_1_725' title='bbox 1744 5392 1900 5440; x_wconf 88' lang='lat' dir='ltr'><strong>erat:</strong></span> <span class='ocrx_word' id='word_1_726' title='bbox 1948 5398 2063 5437; x_wconf 83' lang='lat' dir='ltr'><strong>ma-</strong></span> 
     </span>
    </p>
   </div>
   <div class='ocr_carea' id='block_1_101' title="bbox 487 5473 2066 5545">
    <p class='ocr_par' dir='ltr' id='par_1_101' title="bbox 487 5473 2066 5545">
     <span class='ocr_line' id='line_1_101' title="bbox 487 5473 2066 5545; baseline 0.004 -23"><span class='ocrx_word' id='word_1_727' title='bbox 487 5484 765 5540; x_wconf 80' lang='lat' dir='ltr'><strong>gnumque</strong></span> <span class='ocrx_word' id='word_1_728' title='bbox 803 5473 1072 5528; x_wconf 86' lang='lat' dir='ltr'><strong>bonorum</strong></span> <span class='ocrx_word' id='word_1_729' title='bbox 1110 5482 1224 5529; x_wconf 89' lang='lat' dir='ltr'><strong>tum</strong></span> <span class='ocrx_word' id='word_1_730' title='bbox 1257 5474 1476 5545; x_wconf 89' lang='lat' dir='ltr'><strong>publice</strong></span> <span class='ocrx_word' id='word_1_731' title='bbox 1509 5481 1626 5528; x_wconf 91' lang='lat' dir='ltr'><strong>tum</strong></span> <span class='ocrx_word' id='word_1_732' title='bbox 1672 5475 1926 5545; x_wconf 91' lang='lat' dir='ltr'><strong>privatim</strong></span> <span class='ocrx_word' id='word_1_733' title='bbox 1981 5475 2066 5529; x_wconf 86' lang='lat' dir='ltr'><strong>in-</strong></span> 
     </span>
    </p>
   </div>
   <div class='ocr_carea' id='block_1_102' title="bbox 488 5563 2060 5629">
    <p class='ocr_par' dir='ltr' id='par_1_102' title="bbox 488 5563 2060 5629">
     <span class='ocr_line' id='line_1_102' title="bbox 488 5563 2060 5629; baseline 0.006 -17"><span class='ocrx_word' id='word_1_734' title='bbox 488 5569 850 5629; x_wconf 91' lang='lat' dir='ltr'><strong>crementum,</strong></span> <span class='ocrx_word' id='word_1_735' title='bbox 889 5563 1040 5619; x_wconf 88' lang='lat' dir='ltr'><strong>nulla</strong></span> <span class='ocrx_word' id='word_1_736' title='bbox 1075 5565 1286 5620; x_wconf 88' lang='lat' dir='ltr'><strong>malitia</strong></span> <span class='ocrx_word' id='word_1_737' title='bbox 1331 5567 1550 5621; x_wconf 90' lang='lat' dir='ltr'><strong>nullave</strong></span> <span class='ocrx_word' id='word_1_738' title='bbox 1583 5565 1774 5622; x_wconf 86' lang='lat' dir='ltr'><strong>fraude</strong></span> <span class='ocrx_word' id='word_1_739' title='bbox 1814 5575 2060 5622; x_wconf 86' lang='lat' dir='ltr'><strong>mutuam</strong></span> 
     </span>
    </p>
   </div>
   <div class='ocr_carea' id='block_1_103' title="bbox 487 5651 2062 5716">
    <p class='ocr_par' dir='ltr' id='par_1_103' title="bbox 487 5651 2062 5716">
     <span class='ocr_line' id='line_1_103' title="bbox 487 5651 2062 5716; baseline 0.007 -13"><span class='ocrx_word' id='word_1_740' title='bbox 487 5651 836 5706; x_wconf 86' lang='lat' dir='ltr'><strong>concordiam</strong></span> <span class='ocrx_word' id='word_1_741' title='bbox 888 5655 1267 5713; x_wconf 90' lang='lat' dir='ltr'><strong>imminuenle.</strong></span> <span class='ocrx_word' id='word_1_742' title='bbox 1311 5657 1567 5714; x_wconf 83' lang='lat' dir='ltr'><strong>Forsitan</strong></span> <span class='ocrx_word' id='word_1_743' title='bbox 1589 5660 1792 5715; x_wconf 84' lang='lat' dir='ltr'><strong>&#39;autcnt</strong></span> <span class='ocrx_word' id='word_1_744' title='bbox 1827 5675 1937 5716; x_wconf 86' lang='lat' dir='ltr'><strong>non</strong></span> <span class='ocrx_word' id='word_1_745' title='bbox 1981 5659 2062 5714; x_wconf 87' lang='lat' dir='ltr'><strong>in-</strong></span> 
     </span>
    </p>
   </div>
   <div class='ocr_carea' id='block_1_104' title="bbox 479 5741 2061 5826">
    <p class='ocr_par' dir='ltr' id='par_1_104' title="bbox 479 5741 2061 5826">
     <span class='ocr_line' id='line_1_104' title="bbox 479 5741 2061 5826; baseline 0.008 -27"><span class='ocrx_word' id='word_1_746' title='bbox 479 5741 886 5826; x_wconf 71' lang='lat' dir='ltr'><strong>tempestivum</strong></span> <span class='ocrx_word' id='word_1_747' title='bbox 931 5746 1097 5805; x_wconf 88' lang='lat' dir='ltr'><strong>fuerit</strong></span> <span class='ocrx_word' id='word_1_748' title='bbox 1158 5766 1324 5809; x_wconf 87' lang='lat' dir='ltr'><strong>unum</strong></span> <span class='ocrx_word' id='word_1_749' title='bbox 1379 5751 1500 5823; x_wconf 89' lang='lat' dir='ltr'><strong>ejus</strong></span> <span class='ocrx_word' id='word_1_750' title='bbox 1559 5751 1838 5811; x_wconf 81' lang='lat' dir='ltr'><strong>decretum</strong></span> <span class='ocrx_word' id='word_1_751' title='bbox 1895 5760 2061 5825; x_wconf 82' lang='lat' dir='ltr'><strong>atque</strong></span> 
     </span>
    </p>
   </div>
   <div class='ocr_carea' id='block_1_105' title="bbox 2169 5008 3780 5081">
    <p class='ocr_par' dir='ltr' id='par_1_105' title="bbox 2169 5008 3780 5081">
     <span class='ocr_line' id='line_1_105' title="bbox 2169 5008 3780 5081; baseline -0.004 -17"><span class='ocrx_word' id='word_1_752' title='bbox 2169 5011 2410 5076; x_wconf 89' lang='grc' dir='ltr'>ϐουλίαις</span> <span class='ocrx_word' id='word_1_753' title='bbox 2437 5009 2691 5065; x_wconf 86' lang='grc' dir='ltr'>διελύετο.</span> <span class='ocrx_word' id='word_1_754' title='bbox 2730 5010 2892 5065; x_wconf 87' lang='grc' dir='ltr'>Ὅθεν</span> <span class='ocrx_word' id='word_1_755' title='bbox 2920 5010 3146 5081; x_wconf 81' lang='grc' dir='ltr'>εὐνομία</span> <span class='ocrx_word' id='word_1_756' title='bbox 3175 5028 3235 5064; x_wconf 90' lang='grc' dir='ltr'><strong>τε</strong></span> <span class='ocrx_word' id='word_1_757' title='bbox 3269 5011 3362 5064; x_wconf 78' lang='grc' dir='ltr'><strong>καὶ</strong></span> <span class='ocrx_word' id='word_1_758' title='bbox 3387 5009 3586 5080; x_wconf 83' lang='grc' dir='ltr'>εἰρήνη</span> <span class='ocrx_word' id='word_1_759' title='bbox 3615 5008 3780 5075; x_wconf 78' lang='grc' dir='ltr'>κοινῇ</span> 
     </span>
    </p>
   </div>
   <div class='ocr_carea' id='block_1_106' title="bbox 2168 5097 3780 5169">
    <p class='ocr_par' dir='ltr' id='par_1_106' title="bbox 2168 5097 3780 5169">
     <span class='ocr_line' id='line_1_106' title="bbox 2168 5097 3780 5169; baseline -0.006 -13"><span class='ocrx_word' id='word_1_760' title='bbox 2168 5119 2228 5156; x_wconf 84' lang='grc' dir='ltr'><strong>τε</strong></span> <span class='ocrx_word' id='word_1_761' title='bbox 2271 5102 2363 5156; x_wconf 78' lang='grc' dir='ltr'>καὶ</span> <span class='ocrx_word' id='word_1_762' title='bbox 2404 5103 2537 5156; x_wconf 79' lang='grc' dir='ltr'>πᾶσι</span> <span class='ocrx_word' id='word_1_763' title='bbox 2571 5102 2666 5156; x_wconf 77' lang='grc' dir='ltr'><strong>καὶ</strong></span> <span class='ocrx_word' id='word_1_764' title='bbox 2707 5103 2820 5165; x_wconf 85' lang='grc' dir='ltr'>τοῖς</span> <span class='ocrx_word' id='word_1_765' title='bbox 2860 5101 2983 5155; x_wconf 84' lang='grc' dir='ltr'>καθ’</span> <span class='ocrx_word' id='word_1_766' title='bbox 3009 5100 3238 5155; x_wconf 72' lang='grc' dir='ltr'>ἕκαστον</span> <span class='ocrx_word' id='word_1_767' title='bbox 3285 5099 3374 5152; x_wconf 81' lang='grc' dir='ltr'>διὰ</span> <span class='ocrx_word' id='word_1_768' title='bbox 3413 5099 3514 5169; x_wconf 84' lang='grc' dir='ltr'><strong>τῆς</strong></span> <span class='ocrx_word' id='word_1_769' title='bbox 3554 5097 3780 5152; x_wconf 82' lang='grc' dir='ltr'>ἐκείνου</span> 
     </span>
    </p>
   </div>
   <div class='ocr_carea' id='block_1_107' title="bbox 2167 5190 3778 5268">
    <p class='ocr_par' dir='ltr' id='par_1_107' title="bbox 2167 5190 3778 5268">
     <span class='ocr_line' id='line_1_107' title="bbox 2167 5190 3778 5268; baseline -0.004 -19"><span class='ocrx_word' id='word_1_770' title='bbox 2167 5196 2388 5268; x_wconf 88' lang='grc' dir='ltr'>χαρίτος</span> <span class='ocrx_word' id='word_1_771' title='bbox 2419 5190 2509 5266; x_wconf 80' lang='grc' dir='ltr'>ἦν,</span> <span class='ocrx_word' id='word_1_772' title='bbox 2548 5195 2644 5249; x_wconf 75' lang='grc' dir='ltr'><strong>καὶ</strong></span> <span class='ocrx_word' id='word_1_773' title='bbox 2685 5193 2854 5266; x_wconf 87' lang='grc' dir='ltr'>πολλὴ</span> <span class='ocrx_word' id='word_1_774' title='bbox 2898 5194 3007 5248; x_wconf 89' lang='grc' dir='ltr'><strong>τῶν</strong></span> <span class='ocrx_word' id='word_1_775' title='bbox 3044 5193 3263 5261; x_wconf 88' lang='grc' dir='ltr'>ἀγαθῶν</span> <span class='ocrx_word' id='word_1_776' title='bbox 3291 5196 3324 5264; x_wconf 82' lang='grc' dir='ltr'>ἡ</span> <span class='ocrx_word' id='word_1_777' title='bbox 3360 5191 3626 5256; x_wconf 81' lang='grc' dir='ltr'>ἐπίδοσις,</span> <span class='ocrx_word' id='word_1_778' title='bbox 3657 5191 3778 5261; x_wconf 70' lang='grc' dir='ltr'>ἰδίᾳ</span> 
     </span>
    </p>
   </div>
   <div class='ocr_carea' id='block_1_108' title="bbox 2166 5283 3780 5360">
    <p class='ocr_par' dir='ltr' id='par_1_108' title="bbox 2166 5283 3780 5360">
     <span class='ocr_line' id='line_1_108' title="bbox 2166 5283 3780 5360; baseline -0.006 -16"><span class='ocrx_word' id='word_1_779' title='bbox 2166 5307 2227 5344; x_wconf 85' lang='grc' dir='ltr'><strong>τε</strong></span> <span class='ocrx_word' id='word_1_780' title='bbox 2271 5287 2567 5358; x_wconf 77' lang='grc' dir='ltr'>καὶκοινῇ,</span> <span class='ocrx_word' id='word_1_781' title='bbox 2618 5287 2886 5360; x_wconf 80' lang='grc' dir='ltr'>μηδεμιᾶς</span> <span class='ocrx_word' id='word_1_782' title='bbox 2927 5287 3128 5350; x_wconf 88' lang='grc' dir='ltr'>κακίας</span> <span class='ocrx_word' id='word_1_783' title='bbox 3180 5286 3278 5356; x_wconf 80' lang='grc' dir='ltr'>τὴν</span> <span class='ocrx_word' id='word_1_784' title='bbox 3316 5285 3455 5355; x_wconf 67' lang='grc' dir='ltr'>πρὸς</span> <span class='ocrx_word' id='word_1_785' title='bbox 3497 5283 3780 5353; x_wconf 64' lang='grc' dir='ltr'>ἀλλήλους</span> 
     </span>
    </p>
   </div>
   <div class='ocr_carea' id='block_1_109' title="bbox 2165 5377 3775 5453">
    <p class='ocr_par' dir='ltr' id='par_1_109' title="bbox 2165 5377 3775 5453">
     <span class='ocr_line' id='line_1_109' title="bbox 2165 5377 3775 5453; baseline -0.006 -17"><span class='ocrx_word' id='word_1_786' title='bbox 2165 5382 2420 5453; x_wconf 83' lang='grc' dir='ltr'>ὁμόνοιαν</span> <span class='ocrx_word' id='word_1_787' title='bbox 2450 5381 2868 5452; x_wconf 86' lang='grc' dir='ltr'>ἐπικοπτούσης.</span> <span class='ocrx_word' id='word_1_788' title='bbox 2900 5379 3014 5434; x_wconf 89' lang='grc' dir='ltr'>Ούκ</span> <span class='ocrx_word' id='word_1_789' title='bbox 3038 5379 3266 5450; x_wconf 78' lang='grc' dir='ltr'>ἄκαιρον</span> <span class='ocrx_word' id='word_1_790' title='bbox 3302 5378 3348 5431; x_wconf 74' lang='grc' dir='ltr'>δ’</span> <span class='ocrx_word' id='word_1_791' title='bbox 3376 5377 3443 5431; x_wconf 84' lang='grc' dir='ltr'><strong>ἂν</strong></span> <span class='ocrx_word' id='word_1_792' title='bbox 3479 5377 3610 5440; x_wconf 78' lang='grc' dir='ltr'>ἴσως</span> <span class='ocrx_word' id='word_1_793' title='bbox 3652 5377 3775 5443; x_wconf 79' lang='grc' dir='ltr'>εἴη.</span> 
     </span>
    </p>
   </div>
   <div class='ocr_carea' id='block_1_110' title="bbox 2170 5467 3782 5546">
    <p class='ocr_par' dir='ltr' id='par_1_110' title="bbox 2170 5467 3782 5546">
     <span class='ocr_line' id='line_1_110' title="bbox 2170 5467 3782 5546; baseline -0.006 -18"><span class='ocrx_word' id='word_1_794' title='bbox 2170 5476 2298 5546; x_wconf 85' lang='grc' dir='ltr'>μιᾶς</span> <span class='ocrx_word' id='word_1_795' title='bbox 2321 5470 2486 5527; x_wconf 87' lang='grc' dir='ltr'>αὐτοῦ</span> <span class='ocrx_word' id='word_1_796' title='bbox 2517 5473 2746 5545; x_wconf 86' lang='grc' dir='ltr'>κρίσεως</span> <span class='ocrx_word' id='word_1_797' title='bbox 2772 5473 2990 5544; x_wconf 91' lang='grc' dir='ltr'>μνήμην</span> <span class='ocrx_word' id='word_1_798' title='bbox 3020 5469 3370 5541; x_wconf 87' lang='grc' dir='ltr'>ποιήσασθαι·</span> <span class='ocrx_word' id='word_1_799' title='bbox 3401 5469 3478 5531; x_wconf 85' lang='grc' dir='ltr'>ὡς</span> <span class='ocrx_word' id='word_1_800' title='bbox 3503 5468 3591 5532; x_wconf 78' lang='grc' dir='ltr'><strong>ἀν,</strong></span> <span class='ocrx_word' id='word_1_801' title='bbox 3619 5467 3782 5520; x_wconf 67' lang='grc' dir='ltr'>κατὰ</span> 
     </span>
    </p>
   </div>
   <div class='ocr_carea' id='block_1_111' title="bbox 2165 5556 3779 5638">
    <p class='ocr_par' dir='ltr' id='par_1_111' title="bbox 2165 5556 3779 5638">
     <span class='ocr_line' id='line_1_111' title="bbox 2165 5556 3779 5638; baseline -0.007 -19"><span class='ocrx_word' id='word_1_802' title='bbox 2165 5565 2265 5638; x_wconf 84' lang='grc' dir='ltr'>τὴν</span> <span class='ocrx_word' id='word_1_803' title='bbox 2298 5564 2615 5636; x_wconf 89' lang='grc' dir='ltr'>παροιμίαν,</span> <span class='ocrx_word' id='word_1_804' title='bbox 2649 5565 2768 5618; x_wconf 84' lang='grc' dir='ltr'>ὅλον</span> <span class='ocrx_word' id='word_1_805' title='bbox 2812 5566 2942 5636; x_wconf 81' lang='grc' dir='ltr'>ἡμῖν</span> <span class='ocrx_word' id='word_1_806' title='bbox 2973 5564 3195 5632; x_wconf 87' lang='grc' dir='ltr'>γένηται</span> <span class='ocrx_word' id='word_1_807' title='bbox 3230 5560 3540 5629; x_wconf 75' lang='grc' dir='ltr'>καταφανὲς</span> <span class='ocrx_word' id='word_1_808' title='bbox 3568 5561 3635 5610; x_wconf 83' lang='grc' dir='ltr'>ὲκ</span> <span class='ocrx_word' id='word_1_809' title='bbox 3673 5556 3779 5610; x_wconf 80' lang='grc' dir='ltr'><strong>τοῦ</strong></span> 
     </span>
    </p>
   </div>
   <div class='ocr_carea' id='block_1_112' title="bbox 2165 5647 3778 5729">
    <p class='ocr_par' dir='ltr' id='par_1_112' title="bbox 2165 5647 3778 5729">
     <span class='ocr_line' id='line_1_112' title="bbox 2165 5647 3778 5729; baseline -0.007 -18"><span class='ocrx_word' id='word_1_810' title='bbox 2165 5657 2473 5729; x_wconf 84' lang='grc' dir='ltr'>κρασπέδου</span> <span class='ocrx_word' id='word_1_811' title='bbox 2503 5657 2565 5710; x_wconf 86' lang='grc' dir='ltr'><strong>τὸ</strong></span> <span class='ocrx_word' id='word_1_812' title='bbox 2593 5655 2838 5728; x_wconf 74' lang='grc' dir='ltr'>ὕφασμα.</span> <span class='ocrx_word' id='word_1_813' title='bbox 2871 5655 2979 5708; x_wconf 71' lang='grc' dir='ltr'>Καὶ</span> <span class='ocrx_word' id='word_1_814' title='bbox 3011 5653 3122 5725; x_wconf 80' lang='grc' dir='ltr'>γὰρ</span> <span class='ocrx_word' id='word_1_815' title='bbox 3152 5656 3187 5725; x_wconf 82' lang='grc' dir='ltr'>ἡ</span> <span class='ocrx_word' id='word_1_816' title='bbox 3228 5653 3346 5706; x_wconf 86' lang='grc' dir='ltr'>θεία</span> <span class='ocrx_word' id='word_1_817' title='bbox 3385 5651 3596 5722; x_wconf 63' lang='grc' dir='ltr'>Γραφὴ,</span> <span class='ocrx_word' id='word_1_818' title='bbox 3623 5647 3778 5700; x_wconf 72' lang='grc' dir='ltr'>πολ-</span> 
     </span>
    </p>
   </div>
   <div class='ocr_carea' id='block_1_113' title="bbox 2165 5740 3778 5823">
    <p class='ocr_par' dir='ltr' id='par_1_113' title="bbox 2165 5740 3778 5823">
     <span class='ocr_line' id='line_1_113' title="bbox 2165 5740 3778 5823; baseline -0.006 -21"><span class='ocrx_word' id='word_1_819' title='bbox 2165 5749 2261 5815; x_wconf 77' lang='grc' dir='ltr'>λὰς</span> <span class='ocrx_word' id='word_1_820' title='bbox 2305 5750 2396 5805; x_wconf 82' lang='grc' dir='ltr'><strong>τοῦ</strong></span> <span class='ocrx_word' id='word_1_821' title='bbox 2434 5749 2774 5823; x_wconf 83' lang='grc' dir='ltr'>Σολομῶντος</span> <span class='ocrx_word' id='word_1_822' title='bbox 2809 5747 3012 5820; x_wconf 85' lang='grc' dir='ltr'>κρίσεις</span> <span class='ocrx_word' id='word_1_823' title='bbox 3055 5749 3166 5811; x_wconf 84' lang='grc' dir='ltr'>τοῖς</span> <span class='ocrx_word' id='word_1_824' title='bbox 3214 5743 3474 5816; x_wconf 75' lang='grc' dir='ltr'>ὑπηκόοις</span> <span class='ocrx_word' id='word_1_825' title='bbox 3506 5740 3778 5796; x_wconf 77' lang='grc' dir='ltr'>δικάσαν-</span> 
     </span>
    </p>
   </div>
   <div class='ocr_carea' id='block_1_114' title="bbox 2169 4911 3888 4990">
    <p class='ocr_par' dir='ltr' id='par_1_114' title="bbox 2169 4911 3888 4990">
     <span class='ocr_line' id='line_1_114' title="bbox 2169 4911 3888 4990; baseline -0.003 -17"><span class='ocrx_word' id='word_1_826' title='bbox 2169 4919 2596 4986; x_wconf 83' lang='grc' dir='ltr'>δυσδιεξόδευτος</span> <span class='ocrx_word' id='word_1_827' title='bbox 2619 4917 2963 4990; x_wconf 85' lang='grc' dir='ltr'>πραγμάτων</span> <span class='ocrx_word' id='word_1_828' title='bbox 3006 4918 3181 4990; x_wconf 80' lang='grc' dir='ltr'>πλοκὴ</span> <span class='ocrx_word' id='word_1_829' title='bbox 3217 4922 3338 4981; x_wconf 85' lang='grc' dir='ltr'>ταῖς</span> <span class='ocrx_word' id='word_1_830' title='bbox 3374 4916 3588 4969; x_wconf 81' lang='grc' dir='ltr'>ἐκείνου</span> <span class='ocrx_word' id='word_1_831' title='bbox 3637 4934 3784 4987; x_wconf 88' lang='grc' dir='ltr'>συμ-</span> <span class='ocrx_word' id='word_1_832' title='bbox 3879 4911 3888 4924; x_wconf 93' lang='grc'><em>’</em></span> 
     </span>
    </p>
   </div>
  </div>
