4068 6154
335 343 440 404 925

1279 341 1367 396 DE
1400 340 1562 398 VITA
1602 339 1660 399 S.
1699 339 2031 405 GREGORII
2065 343 2600 406 THAUMATURGI.

3478 346 3598 403 926--

331 483 446 530 τος,
475 461 718 536 ἠρκέσθη
747 461 834 516 8ιά
886 462 1015 534 μιᾶς
1050 461 1227 518 πᾶσαν
1266 461 1360 516 τοῦ
1402 463 1590 536 ἀνδρὸς
1644 465 1908 536 παραστῆ-

2024 469 2349 523 sententiam
2387 482 2851 534 commemorare,
2899 474 2978 532 ut,
3009 465 3162 538 juxta
3196 463 3589 535 proverbium,

336 572 427 609 σαι
469 554 570 626 τὴν
618 551 850 606 σύνεσιν.
881 551 1007 604 Ὅτε
1057 552 1178 614 ταῖς
1230 549 1324 602 δύο
1374 551 1608 622 μητράσι
1661 550 1916 615 δικάζων,

333 645 521 716 ἐπειδὴ
567 643 948 709 ἀνεξέλεγκτον
982 636 1049 711 ἦν
1094 641 1155 704 τὸ
1197 640 1440 713 ἀδίκημα
1463 683 1478 709 ,
1529 643 1671 695 κατά
1707 642 1768 694 τὸ
1803 643 1918 696 ἴσον

334 737 598 805 ἑκατέρας
630 732 832 795 αὐτῶν,
863 731 924 785 τὸ
963 731 1064 802 μὲν
1105 731 1362 802 τεθνηκὸς
1404 732 1613 787 παιδίον
1655 733 1717 787 οὑ
1752 749 1918 805 προσ-

338 828 574 899 ιεμένης,
626 823 719 878 τοῦ
771 823 827 877 δὲ
879 825 1160 895 περιόντος
1215 825 1596 896 ἀντεχομένης,
1653 824 1795 894 ἑγνω
1847 825 1916 879 δι’

332 919 574 980 ἐπινοίας
641 914 952 988 ἀνιχνεῦσαι
1016 915 1114 988 τὴν
1182 918 1574 989 κεκρυμμένην
1637 916 1913 988 ἀλήθειαν.

345 1011 564 1082 Ἐπειδὴ
591 1010 702 1082 γὰρ
731 1009 1044 1081 ἀμάρτυρον
1075 1005 1144 1081 ἦν
1171 1009 1233 1062 τὸ
1279 1009 1540 1081 ἀδίκημα,
1569 1009 1663 1063 καὶ
1705 1010 1916 1064 ἰσοστά-

335 1117 448 1163 σιος
490 1100 575 1169 ἐφ’
614 1099 886 1170 ἑκατέρων
926 1098 961 1170 ἥ
991 1116 1048 1152 τε
1079 1098 1172 1152 τοῦ
1204 1098 1428 1169 ψεύδους
1468 1101 1562 1154 καὶ
1591 1101 1623 1171 ἡ
1655 1099 1756 1171 τῆς
1781 1101 1915 1171 ἀλη-

333 1189 485 1252 θείας
523 1190 766 1254 ὑπόνοια,
819 1187 918 1259 τὴν
965 1187 1125 1257 φύσιν
1167 1188 1248 1251 είς
1304 1188 1603 1260 μαρτυρίαν
1649 1187 1750 1259 τῆς
1790 1187 1916 1259 ἀλη-

334 1279 482 1343 θείας
532 1279 710 1349 ἑαυτῷ
753 1279 1169 1350 παρεστήσατο,
1230 1278 1317 1332 διὰ
1367 1278 1468 1349 τῆς
1521 1279 1914 1350 σεσοφισμένης

331 1370 561 1440 ἀπειλῆς
611 1370 703 1424 τὸν
761 1369 962 1423 σκοπὸν
1015 1369 1117 1438 τῆς
1166 1368 1400 1434 διανοίας
1450 1369 1910 1442 ἐπικρυψάμενος.

331 1458 651 1532 Προστάξας
674 1460 783 1532 γὰρ
810 1460 970 1532 δῆθεν
1015 1459 1110 1514 τοῦ
1139 1477 1198 1513 τε
1241 1459 1521 1532 περιόντος
1557 1461 1652 1516 καὶ
1683 1461 1778 1514 τοῦ
1821 1478 1909 1514 τε-

331 1551 590 1624 θνηκότος
622 1551 682 1606 τὸ
722 1551 880 1622 σῶμα
911 1551 1056 1605 κατά
1080 1551 1142 1605 τὸ
1183 1551 1298 1605 ἴσον
1331 1552 1474 1622 ξίφει
1508 1551 1911 1623 διατμηθέντων

329 1643 663 1716 ἀμφοτέραις
695 1643 1139 1715 προσνεμηθῆναι
1179 1645 1248 1697 τὰ
1280 1643 1389 1696 τῶν
1420 1643 1622 1697 τέκνων
1650 1643 1906 1714 ἡμίτομα,

328 1736 614 1806 παρέδωκε
662 1739 728 1808 τῇ
775 1734 933 1806 φύσει
985 1735 1086 1806 τῆς
1138 1734 1395 1807 ἀληθείας
1428 1735 1526 1806 τὴν
1580 1735 1757 1806 κρίσιν
1812 1733 1906 1788 τοῦ

330 1829 673 1900 πράγματος.
713 1828 800 1892 Ὧς
836 1828 945 1899 γάρ
993 1829 1026 1898 ἡ
1069 1827 1169 1898 μὲν
1217 1827 1466 1897 ἀσμένως
1508 1827 1571 1882 τὸ
1614 1844 1912 1900 προστετα-

330 1920 530 1991 γμένον
561 1919 798 1987 ἐδέξατο,
842 1920 938 1973 καὶ
971 1919 1064 1973 τὸν
1093 1920 1284 1993 δήμιον
1314 1921 1538 1992 ήπειγεν
1557 1935 1573 1950 ο
1602 1921 1638 1991 ἡ
1680 1919 1739 1973 δὲ
1779 1937 1911 1990 συγ-

330 2011 612 2082 κινηθεϊσα
661 2013 772 2074 τοῖς
818 2009 1092 2082 μητρῴοις
1149 2010 1497 2081 σπλάγχνοις,
1541 2009 1804 2081 ἡττῆσθαι
1834 2010 1912 2064 δι-

326 2101 626 2172 ωμολόγει,
679 2102 971 2173 φείσασθαι
1003 2100 1099 2156 τοῦ
1137 2101 1330 2156 τέκνου
1373 2099 1762 2172 παρακαλοῦσα
1793 2100 1912 2172 (χάο
1951 2165 1954 2168 ,

329 2212 415 2266 ριν
445 2195 556 2266 γάρ
584 2191 750 2266 εἶχεν,
780 2196 828 2250 εί
859 2193 1105 2250 ὁπωσοῦν
1141 2194 1202 2248 τὸ
1231 2195 1424 2266 νήπιον
1453 2193 1730 2264 σώζοιτο),
1753 2192 1916 2248 τοῦτο

325 2287 612 2359 κριτήριον
640 2288 740 2358 τῆς
783 2287 1037 2359 ἀληθείας
1079 2288 1108 2340 6
1154 2285 1402 2356 βασιλεὺς
1434 2285 1818 2356 ποιησάμενος,
1842 2287 1910 2358 τῇ

322 2376 469 2432 κατά
497 2377 558 2432 τὸ
603 2377 844 2432 ἑκούσιον
884 2379 984 2449 τὴν
1027 2377 1263 2432 νικῶσαν
1291 2376 1467 2448 ψῆφον
1495 2375 1795 2449 χαρίζεται,
1829 2375 1910 2430 λο-

321 2469 618 2539 γισάμενος
653 2471 736 2523 ὅτι
773 2470 807 2539 ή
844 2468 1137 2538 ἀφειδοῦσα
1181 2469 1280 2538 τῆς
1322 2468 1412 2521 τοῦ
1459 2469 1650 2522 τέκνου
1694 2469 1909 2538 σφαγῆς

324 2561 710 2630 κατηγορεῖται
741 2558 892 2630 παρά
936 2561 1036 2627 τῆς
1080 2557 1315 2627 φύσεως.
1367 2557 1461 2612 καὶ
1509 2557 1584 2621 ὡς
1629 2558 1730 2612 οὑκ
1771 2553 1908 2611 οὖσα

326 2652 510 2722 μήτηρ
537 2650 770 2715 ἑκείνου,
797 2644 858 2704 οὗ
886 2649 1199 2718 κατεπείγει
1227 2649 1316 2702 τὸν
1348 2648 1594 2703 θάνατον.
1630 2648 1764 2704 Τίνα
1796 2651 1908 2704 τοί-

321 2759 420 2796 νυν
452 2743 543 2796 καὶ
571 2743 732 2813 ἡμεῖς
758 2741 938 2812 κρίσιν
973 2740 1066 2793 τοῦ
1109 2740 1342 2811 μεγάλου
1374 2739 1674 2811 Γρηγορίου
1719 2741 1908 2813 διηγη-

323 2832 566 2903 σόμεθα;
601 2831 706 2890 Δὺο
738 2831 882 2896 τινες
929 2831 1166 2902 ἀδελφοὶ,
1212 2831 1322 2884 νέοι
1357 2830 1456 2902 τὴν
1498 2831 1733 2900 ἡλικίαν,
1782 2831 1906 2903 ἄρτι

319 2924 414 2978 τὸν
461 2923 713 2995 πατρῷον
757 2924 815 2977 ἐν
865 2924 1077 2986 ἑαυτοῖς
1126 2922 1418 2992 διελόμενοι
1462 2921 1681 2993 κλῆρον,
1713 2921 1906 2994 λίμνης

322 3015 702 3069 ἀντεποιοῦντο
749 3013 895 3083 μιᾶς,
949 3014 1128 3066 πᾶσαν
1154 3011 1295 3082 ἔχειν
1326 3011 1750 3080 φιλονεικοῦντες
1779 3011 1906 3066 ἑκά-

321 3124 500 3178 τερος,
563 3105 654 3158 καὶ
701 3105 761 3158 οὑ
811 3105 1245 3176 παραδεχόμενος
1291 3106 1383 3157 τὸν
1444 3105 1602 3158 ἄλλον
1643 3108 1672 3159 6
1721 3105 1904 3175 ἑτερος

320 3199 403 3260 εἰς
449 3197 733 3250 κοινωνίαν
767 3196 869 3266 τῆς
908 3196 1169 3265 κτήσεως.
1221 3195 1432 3249 Γίνεται
1481 3191 1573 3249 οὖν
1614 3197 1716 3266 τῆς
1751 3196 1904 3266 δίκης

320 3291 511 3362 κύριος
542 3293 569 3344 6
597 3288 929 3352 διδάσκαλος.
961 3289 1072 3342 Ka‘t
1101 3288 1241 3341 κατά
1282 3288 1371 3341 τὸν
1409 3288 1572 3342 τόπον
1598 3288 1906 3358 γενόμενος,

317 3383 436 3445 τοῖς
471 3381 618 3443 ἰδίοις
649 3380 810 3433 αὑτοῦ
857 3379 1041 3450 νόμοις
1085 3380 1348 3451 ἐκέχρητο
1387 3379 1520 3451 πρὸς
1546 3378 1643 3451 τὴν
1677 3379 1904 3444 δίαιταν,

321 3473 407 3535 εἰς
440 3471 782 3540 καταλλαγὰς
819 3472 987 3540 ἄγων,
1017 3471 1108 3524 καὶ
1139 3472 1409 3542 συμϐῆναι
1463 3470 1790 3542 παρακαλῶν
1822 3470 1909 3524 διὰ

321 3561 506 3630 φιλίας
548 3561 672 3624 τοὺς
709 3561 880 3626 νέους,
924 3562 1016 3613 κοιλ⁸
1061 3561 1121 3613 τὸ
1153 3561 1252 3630 τῆς
1301 3562 1522 3632 εἰρήνης
1561 3561 1749 3630 κέρδος
1778 3579 1908 3633 προ-

318 3652 602 3723 τιμότερον
656 3652 764 3706 τῶν
821 3654 885 3705 ὲκ
928 3654 1026 3722 τῆς
1079 3652 1340 3724 προσόδου
1391 3653 1739 3723 ποιήσασθαι.
1794 3653 1905 3724 Τὴν

323 3742 424 3814 μὲν
449 3743 557 3814 γὰρ
586 3745 668 3807 είς
699 3744 784 3797 ἀεὶ
835 3744 1170 3814 παραμένειν
1217 3744 1307 3796 καὶ⁵
1341 3742 1472 3807 ζῶσι
1516 3744 1609 3796 καὶ
1655 3741 1906 3816 τελευτή-

320 3850 507 3889 σασιν·
547 3834 656 3888 τῶν
692 3835 749 3888 δὲ
782 3835 1112 3906 πρόσκαιρον
1147 3835 1244 3905 μὲν
1282 3835 1382 3906 τὴν
1419 3835 1737 3900 ἀπόλαυσιν,
1766 3837 1903 3890 αίω-

316 3927 437 3982 νίαν
465 3927 522 3982 δὲ
551 3929 614 3998 τῇ
661 3927 752 3980 ἐπὶ
787 3926 885 3998 τὴν
922 3926 1103 3998 ἀδικίᾳ
1135 3926 1454 3998 κατάκρισιν
1497 3927 1629 3998 ἔχει,
1670 3928 1763 3981 καὶ
1803 3929 1902 3982 ὅσα

315 4018 468 4082 εἰκὸς
489 4014 556 4088 ἦν
585 4019 790 4072 ἐκεῖνον
820 4017 1018 4087 λέγειν,
1059 4017 1486 4072 καταστέλλοντα
1527 4018 1588 4071 τὸ
1631 4018 1898 4075 ἀτακτοῦν

312 4113 420 4180 τῆς
453 4111 721 4183 νεότητος.

2023 565 2172 613 totus
2201 573 2419 627 pannus
2449 574 2514 614 ac
2541 560 2651 614 tela
2676 574 2707 613 a
2740 559 2902 614 nobis
2926 573 2995 614 ex
3029 555 3243 611 ﬁmbria
3282 569 3584 626 cognosca-

2019 657 2129 703 tur.
2159 646 2372 703 Etenim
2405 664 2529 703 cum
2571 649 2770 704 multas
2800 648 3145 704 subditorum
3176 645 3584 700 controversias

2020 739 2282 796 Solomon
2335 741 2573 796 decretis
2623 741 2740 796 suis
2791 748 2845 796 et
2907 738 3194 794 sententiis
3244 737 3584 808 interpositis

2019 834 2354 898 diremisset,
2380 849 2477 904 per
2510 848 2678 887 unum
2704 832 2971 887 duntaxat
2999 830 3120 901 ejus
3144 829 3421 885 decretum
3445 829 3584 884 satis

2016 925 2209 979 habuit
2240 939 2460 980 onmem
2510 923 2612 979 viri
2667 922 3012 994 prudentiam
3071 921 3362 977 ostendere
3398 920 3584 974 divina

2018 1015 2328 1086 Scriptura.
2385 1015 2524 1071 Cum
2575 1015 2718 1070 inter
2779 1014 2920 1069 duas
2978 1022 3184 1067 matres
3222 1011 3316 1082 jus
3367 1011 3581 1075 dicens,

2013 1106 2459 1178 quandoquidem
2516 1108 2718 1176 injuria
2767 1114 2930 1176 atque
2987 1104 3308 1174 improbitas
3363 1103 3583 1173 probari

2013 1205 2182 1269 atque
2204 1197 2456 1253 convinci
2479 1211 2590 1252 non
2618 1203 2851 1266 poterat,
2882 1202 3114 1263 utraque
3161 1206 3349 1246 earum
3381 1192 3584 1261 pariter

2012 1301 2293 1348 mortuum
2319 1290 2542 1362 quidem
2563 1286 2828 1344 infantem
2882 1289 3196 1348 aversante,
3232 1282 3582 1352 superstitem

2012 1399 2142 1439 vero
2173 1381 2527 1449 vindicante;
2551 1378 2774 1436 solertia
2801 1375 3035 1447 quadam
3055 1389 3118 1428 ac
3149 1371 3301 1427 vafro
3329 1371 3588 1432 consilio,

2010 1476 2274 1530 latentem
2314 1473 2602 1528 veritatem
2660 1471 2852 1526 statuit
2900 1466 3254 1536 investigare.
3313 1462 3596 1530 Quoniam.

2010 1566 2158 1621 enim
2207 1566 2439 1623 testibus
2475 1563 2804 1634 improbitas
2846 1568 2900 1616 et
2939 1558 3184 1628 nequitia
3224 1555 3468 1619 carebat,
3518 1568 3596 1607 ac-

2011 1671 2111 1728 par
2133 1658 2391 1727 utrinque
2410 1664 2523 1709 tam
2553 1653 2846 1717 mendacii,
2873 1665 3038 1722 quam
3063 1648 3313 1704 veritatis
3340 1642 3591 1714 suspicio

2011 1755 2172 1805 erat:
2207 1755 2462 1803 naturam
2492 1747 2596 1801 sibi
2642 1745 2697 1799 in
2732 1742 3108 1798 testimonium
3138 1739 3387 1796 veritatis
3427 1736 3582 1791 adhi-

2014 1837 2153 1902 buit,
2185 1851 2284 1906 per
2321 1834 2612 1890 simulatas
2641 1841 2697 1889 et
2741 1831 2900 1889 ﬁctas
2933 1831 3111 1884 minas
3137 1827 3269 1900 quid
3311 1835 3495 1898 ageret
3529 1832 3583 1880 et

2013 1927 2069 1982 in
2095 1926 2278 1980 animo
2308 1925 2534 1981 haberet
2560 1924 2872 1979 occultans.
2905 1921 3043 1976 Cum
3078 1919 3224 1975 enim
3261 1917 3420 1988 quasi
3457 1916 3582 1986 jus-

2012 2020 2200 2084 sisset,
2257 2024 2320 2073 ut
2378 2026 2489 2072 tam
2541 2014 2878 2086 superstitis,
2937 2025 3102 2084 quam
3167 2008 3367 2064 mortui
3399 2006 3582 2079 gladio

2011 2109 2298 2180 aequaliter
2329 2103 2964 2174 dissectorum;utrique
2993 2102 3255 2157 darentur
3287 2098 3583 2154 dimidiata:

2012 2201 2248 2257 ﬁliorum
2277 2209 2482 2270 partes,
2513 2197 2591 2253 rei
2622 2195 2870 2251 veritatis
2894 2193 3167 2265 judicium
3205 2200 3415 2246 natura;
3458 2205 3582 2260 per-

2010 2290 2181 2346 misit.
2205 2288 2279 2345 Ut
2305 2290 2452 2346 enim
2484 2305 2592 2345 una
2630 2288 2851 2360 quidem
2887 2288 3119 2343 libenter
3153 2287 3207 2342 id
3235 2285 3379 2355 quod
3413 2284 3583 2353 impe-

2010 2390 2191 2436 ratum
2211 2381 2762 2450 erat,accipiebat,et
2789 2378 3102 2436 carniﬁcem
3131 2377 3382 2448 urgebat,
3411 2376 3582 2430 altera
3626 2381 3628 2383 ’

2007 2487 2139 2530 vero
2152 2473 2411 2530 maternis
2423 2471 2726 2530 visceribus
2744 2480 3014 2528 commota
3033 2486 3093 2526 se
3105 2469 3305 2525 victam
3323 2482 3443 2523 esse
3455 2479 3582 2520 con-

2008 2563 2260 2627 cedebat,
2293 2577 2496 2634 rogans
2524 2571 2584 2618 ut
2612 2562 2724 2617 ﬁlio
2746 2569 3066 2631 parceretur
3093 2561 3111 2629 (
3137 2559 3366 2630 gratiam
3430 2557 3578 2612 enim

2007 2671 2133 2714 sese
2161 2653 2473 2710 habituram
2523 2667 2646 2708 esse
2668 2651 2868 2716 aiebat,
2897 2651 2945 2705 si
2983 2649 3180 2720 quovis
3209 2647 3372 2702 modo
3397 2644 3580 2701 infans

2009 2744 2343 2816 servaretur)
2371 2756 2387 2799 :
2411 2743 2517 2798 hoc
2546 2742 2836 2798 arbitrium
2873 2741 3122 2797 veritatis
3152 2755 3246 2795 rex
3272 2754 3394 2794 esse
3424 2754 3581 2810 repu-

2006 2847 2133 2894 tans
2162 2836 2234 2902 ei,
2275 2851 2400 2908 qua:
2445 2841 2644 2905 Sponte
2691 2847 2790 2890 sua
2831 2831 3217 2888 succumberet
3248 2837 3304 2886 et
3341 2829 3486 2884 vinci
3519 2843 3580 2884 se

2006 2936 2314 3000 pateretur,
2363 2925 2693 2982 sententiam
2743 2923 3030 2979 victricem
3083 2922 3336 2992 largitur,
3381 2920 3576 2976 existi-

2006 3035 2166 3075 mans
2194 3018 2341 3088 quod
2378 3033 2465 3082 ea,
2502 3031 2626 3088 quae
2655 3030 2766 3071 non
2817 3023 3037 3070 curaret
3074 3011 3247 3067 ﬁlium
3289 3010 3577 3075 trucidari,

2007 3126 2038 3166 a
2090 3117 2286 3165 natura
2321 3116 2668 3179 argueretur,
2705 3105 2852 3178 quod
2893 3119 3003 3159 non
3033 3111 3178 3159 esset
3227 3110 3404 3156 mater
3433 3100 3578 3170 ejus,

2011 3201 2178 3271 cujus
2222 3215 2413 3255 necem
2472 3199 2722 3270 urgebat.
2781 3196 2956 3263 Quam
3008 3196 3178 3266 igitur
3229 3209 3330 3248 nos
3383 3200 3578 3267 contra

2003 3292 2189 3362 magni
2219 3291 2467 3362 Gregorii
2491 3305 2674 3344 causae
2701 3289 3070 3358 cognitionem
3104 3293 3268 3355 atque
3297 3284 3586 3339 decretum.

2004 3383 2396 3440 narrabimus?
2440 3382 2558 3436 Duo
2607 3381 2828 3452 quidam
2889 3380 3086 3435 fratres
3122 3386 3279 3433 mtate
3322 3378 3582 3447 juvenes,

2005 3476 2097 3546 qui
2133 3486 2420 3545 paternam
2453 3473 2826 3528 lnereditatem
2876 3486 3053 3539 nuper
3100 3469 3243 3523 inter
3275 3483 3400 3522 sese
3436 3467 3578 3522 divi—

2003 3553 2236 3633 sissent,
2273 3567 2454 3620 lacum
2497 3577 2667 3617 unum
2704 3561 3094 3621 vindicabant,
3126 3567 3300 3612 totum
3350 3566 3578 3626 uterque

2009 3658 2214 3713 habere
2239 3653 2678 3710 contendentes:
2713 3661 2768 3707 et
2800 3661 2995 3706 neuter
3041 3651 3270 3704 alterum
3303 3651 3356 3702 in
3395 3648 3576 3703 socie-

2005 3757 2172 3805 tatem
2218 3746 2592 3819 possessionis
2640 3745 2984 3800 admittebat.
3028 3741 3372 3796 Permittitur
3409 3740 3576 3808 igitur

2005 3841 2272 3909 magistro
2299 3838 2446 3892 litem
2483 3835 2778 3891 dirimendi
2809 3834 2982 3888 libera
3007 3840 3275 3902 potestas.
3311 3829 3414 3895 Qui
3447 3843 3573 3882 cum

2005 3933 2072 3987 ad
2141 3932 2322 3986 locum
2380 3928 2469 4002 (de
2519 3943 2630 3999 quo
2681 3926 3057 3982 controversia
3111 3922 3248 3994 erat)
3297 3922 3573 3984 venisset,

2005 4023 2124 4082 suis
2194 4023 2370 4092 ipsius
2432 4020 2646 4091 legibus
2668 4019 2919 4074 utebatur
2967 4017 3033 4072 ad
3071 4015 3381 4076 arbitrium,
3428 4010 3575 4081 quod

2003 4122 2310 4186 receperat,
2366 4111 2813 4183 disceptandum,
2880 4108 3385 4178 reconciliationem
3449 4119 3575 4160 sua-

316 4203 477 4267 dens,
509 4211 566 4257 et
599 4210 660 4257 ut
689 4202 866 4258 amice
907 4202 1051 4258 inter
1081 4216 1141 4256 se
1175 4201 1599 4266 concordarent,
1635 4210 1690 4257 et
1730 4205 1886 4275 pacis
1928 4208 2141 4265 lucrum
2181 4206 2380 4276 pluris,
2415 4219 2580 4275 quam
2621 4203 2676 4258 id
2720 4203 2866 4274 quod
2935 4218 2999 4257 ex
3075 4199 3435 4271 proventibus
3483 4210 3576 4248 ca-

317 4303 535 4365 perent,
570 4296 933 4364 aestimarent,
982 4295 1364 4351 adolescentes
1416 4297 1734 4353 adhortans.
1761 4298 1896 4355 Nam
1935 4318 2126 4374 pacem
2156 4302 2375 4373 quidem
2436 4301 2489 4354 in
2551 4309 2874 4370 perpetuum
2904 4305 2958 4354 et
2991 4296 3304 4351 viventibus
3333 4300 3388 4345 et
3430 4306 3578 4344 mor-

317 4389 432 4444 tuis
465 4404 823 4457 permanere;
858 4390 1134 4446 redituum
1172 4407 1306 4448 vero
1335 4394 1735 4463 temporarium
1803 4397 2024 4466 quidem
2091 4413 2218 4454 esse
2262 4396 2634 4458 usuin-uelum,
2710 4401 2968 4448 aeternam
3008 4405 3135 4445 vero
3199 4388 3269 4442 ob
3319 4383 3572 4453 injuriam

315 4478 854 4547 condemnationem,
884 4490 938 4538 et
971 4498 1314 4554 quascunque
1341 4499 1440 4555 par
1510 4493 1630 4540 erat
1690 4487 1846 4542 illum
1913 4489 2100 4548 dicere
2149 4492 2536 4562 reprimeutcm
2585 4496 2642 4544 et
2721 4485 3069 4542 cohibentem
3121 4459 3471 4536 insolentiam
3521 4477 3579 4525 et

316 4571 730 4627 immoderatam
771 4573 1127 4643 cupiditatem
1153 4576 1486 4646 juventutis.

399 4745 552 4798 Ἐπεὶ
582 4743 640 4798 δὲ
675 4745 954 4816 ἄπρακτος
979 4742 1046 4819 ἦν
1075 4749 1108 4819 ἡ
1144 4749 1505 4821 παράκλησις,
1536 4752 1684 4822 καὶὴ
1712 4750 1900 4822 νεότης

2078 4751 2186 4808 Sed
2232 4760 2593 4823 posteaquam
2651 4745 2963 4802 adhortatio
3005 4742 3254 4799 ineﬂicax
3312 4748 3471 4804 erat,
3521 4747 3574 4793 et

315 4837 710 4907 ἐφλέγμαινεν,
760 4837 854 4889 καὶ
906 4841 985 4902 είς
1037 4839 1206 4909 θυμὸν
1262 4839 1535 4904 ἐξεκαίετο
1582 4840 1784 4894 πλείονι
1837 4845 1900 4914 τῇ

313 4927 492 4983 ἑλπίδι
515 4925 613 4980 τοῦ·
642 4925 866 4997 κέρδους
907 4929 1359 5000 περιοιδαίνουσα,
1385 4932 1479 4986 καὶ
1520 4933 1745 5003 στρατὸς
1773 4933 1904 4986 ἑκα-

312 5018 553 5091 τέρωθεν
579 5021 643 5072 ἑκ
677 5016 786 5071 τῶν
816 5018 1139 5092 ὑποχειρίων
1171 5023 1630 5093 παρεσκευάζετο,
1660 5023 1903 5094 πολυχει-

319 5110 410 5182 ρία
443 5110 658 5179 φονῶσα
683 5109 839 5182 Θυμῷ
884 5112 979 5164 καὶ
1017 5113 1229 5185 νεότητι
1289 5115 1757 5186 στρατηγουμένη,
1809 5117 1901 5169 καὶ

314 5203 517 5274 ὥριστο
547 5203 646 5274 τῆς
675 5203 991 5274 συμπλοκῆς
1029 5205 1058 5256 6
1089 5204 1276 5274 καιρός
1295 5221 1311 5237 ο
1351 5205 1647 5276 μελλούσης
1676 5206 1732 5259 δὲ
1760 5206 1900 5260 κατὰ

314 5297 416 5367 τὴν
457 5297 745 5366 ὑστεραίαν
775 5297 876 5368 τῆς
929 5295 1108 5368 μάχης
1162 5296 1222 5360 ἐξ
1263 5297 1538 5368 ἑκατέρων
1593 5299 1898 5370 συρρήγνυ-

321 5387 464 5450 σθαι,
498 5389 838 5459 παραμείνας
865 5392 986 5453 ταῖς
1023 5387 1208 5459 ὄχθαις
1234 5388 1334 5458 τῆς
1364 5388 1557 5459 λίμνης
1587 5389 1615 5440 6
1641 5389 1732 5444 τοῦ
1761 5389 1895 5444 Θεοῦ

316 5479 623 5551 ἄνθρωπος,
663 5483 756 5535 καὶ
802 5483 1236 5555 διακαρτερήσας
1278 5483 1335 5536 ἑν
1371 5483 1644 5556 ἀγρυπνίᾳ
1684 5485 1783 5555 τὴν
1813 5485 1898 5539 νὺ-

318 5588 440 5636 κτα,
489 5572 786 5643 Μωσαῖκήν
833 5592 950 5628 τινα
981 5574 1422 5645 θαυματουργίαν
1456 5576 1548 5629 ἐπὶ
1577 5576 1671 5630 τοῦ
1705 5575 1895 5640 ὓδατος

317 5661 544 5728 ἔδειξεν⁸
589 5662 650 5716 οὑ
703 5663 881 5735 πληγῇ
932 5666 1128 5735 ῥάϐδου
1159 5667 1296 5739 πρὸς
1347 5666 1441 5720 δύο
1493 5669 1756 5738 τμήματα
1805 5668 1896 5722 τὸν

323 5750 484 5823 βυθὸν
511 5753 809 5826 διασχίσας,
837 5755 950 5808 ἀλλ’
973 5758 1112 5830 εὐχῇ,
1129 5760 1308 5814 πᾶσαν
1337 5758 1506 5830 αὐτὴν
1537 5758 1746 5829 ἁθρόως
1774 5760 1901 5813 ἀπο-

1999 4845 2268 4916 juventus
2297 4843 2566 4898 aestuabat
2589 4846 2642 4894 et
2677 4836 3148 4903 inﬂammabatur,
3179 4849 3243 4888 ac
3293 4847 3390 4904 Spe
3433 4830 3570 4885 lucri

2001 4936 2380 4992 intumescens
2432 4929 2630 5000 majori
2690 4928 2975 4984 iracundia
3047 4924 3462 4985 cxardescebat,
3519 4931 3582 4975 et.

2003 5027 2280 5083 exercitus
2308 5023 2567 5093 utrinque
2589 5037 2652 5077 ex
2689 5019 2928 5077 subditis
2951 5017 3263 5088 parabatur,
3285 5022 3343 5071 et
3378 5028 3585 5068 manus.

2003 5119 2168 5174 caedis
2197 5115 2356 5170 avida
2387 5115 2572 5170 furore
2610 5121 2776 5184 atque
2802 5112 3098 5182 juventute
3129 5108 3364 5163 ducibus
3411 5112 3583 5158 utens.

2001 5205 2408 5270 instruebatur,
2477 5213 2802 5275 tempusque
2855 5200 3150 5257 conﬂictus
3203 5197 3578 5268 praestitutum.

2001 5308 2120 5356 erat
2144 5316 2158 5352 :
2185 5297 2364 5368 pridie
2390 5297 2510 5367 ejus
2546 5296 2678 5360 diei,
2707 5311 2816 5366 quo
2839 5293 3092 5365 prmlium
3124 5291 3378 5360 utrinque
3420 5300 3576 5340 com-.

2002 5391 2328 5446 mittendum
2368 5387 2571 5455 fuerat,
2611 5403 2738 5443 cum
2770 5388 2935 5442 homo
2970 5385 3063 5439 Dei
3110 5384 3174 5439 ad
3205 5383 3351 5451 ripas
3392 5378 3576 5449 stagni

2001 5482 2423 5554 permansisset,
2455 5486 2786 5550 noctemque
2811 5476 3214 5549 pervigilasset,
3242 5472 3569 5527 miraculum

2001 5575 2277 5646 quoddam
2326 5574 2626 5629 Mosaicum
2677 5570 2847 5626 edidit
2897 5569 2950 5624 in
2992 5582 3154 5638 aqua,
3201 5580 3309 5620 non
3344 5577 3568 5635 percus-

2002 5667 2158 5724 sione
2189 5667 2356 5738 virgae
2389 5667 2442 5721 in
2494 5665 2634 5721 duas
2681 5674 2861 5735 partes
2898 5658 3230 5732 profundum
3279 5657 3570 5722 diducens,

2002 5760 2100 5819 sed
2156 5775 2370 5817 omnem
2413 5775 2537 5816 eum
2587 5757 2766 5814 lacum
2813 5756 2866 5810 in
2935 5751 3194 5808 incultam
3245 5757 3301 5806 ct
3357 5755 3581 5807 vastatus
