4068 6154
526 294 710 372 σει-ι’

1803 309 1862 365 S.
1893 303 2225 365 GREGORII‘
2255 303 2545 362 NYSSENI

3675 293 3788 352 9‘28

531 437 738 483 terram
768 422 1020 494 redigens
1044 420 1419 478 continentem
1456 421 1698 478 diluculo
1727 423 1992 487 ostendit,
2044 429 2098 478 et

2210 419 2504 493 χερσώσας,
2554 420 2777 491 ἤπειρον
2828 415 3026 482 ἔδειξεν
3074 414 3150 485 τῷ
3190 412 3371 486 ὄρθρῳ
3416 411 3512 483 τὴν
3563 411 3786 483 λίμνην,

530 518 743 574 aridum
777 523 831 571 et
863 515 1111 570 humoris
1150 523 1448 586 expertem,
1499 516 1634 571 adeo
1678 524 1736 570 ut
1767 532 1838 571 ne
1873 517 1926 570 in
1963 531 2098 570 con»

531 607 683 662 cavis
706 606 927 675 quidem
955 606 1090 660 locis
1120 607 1333 677 aliquas
1363 607 1625 677 reliquias
1661 623 1814 677 aqua:
1849 607 2095 672 haberet,

530 697 785 766 quiante
818 711 1010 766 preces
1042 697 1195 752 fusas
1223 699 1397 768 pelagi
1447 699 1624 754 instar
1649 702 1968 757 exundarel.
2002 699 2101 752 At-

529 805 638 860 que
670 790 762 843 ille
790 788 1012 859 quidem
1044 789 1229 844 divina
1250 790 1302 843 vi
1332 791 1437 844 hoc
1483 791 1808 860 interposito
1855 791 2097 855 decreto,

531 897 728 936 rursus
762 895 820 935 se
853 879 1075 934 domum
1108 881 1426 949 recipiebat.
1476 881 1936 937 Adolescentibus
1971 898 2100 937 vero

530 971 695 1024 rebus
728 969 864 1038 ipsis
895 970 1043 1024 edita
1079 972 1347 1025 sententia
1397 974 1828 1029 controversiam
1859 974 2097 1028 diremit.

531 1059 665 1114 Cum
701 1061 849 1114 enim
901 1076 1010 1115 non
1042 1070 1210 1127 esset,
1262 1063 1421 1130 cujus
1465 1065 1686 1118 nomine
1729 1064 1927 1118 bellum
1964 1065 2103 1120 alter

533 1151 800 1206 adversus
833 1153 1062 1206 alterum
1098 1155 1382 1222 parabant,
1419 1171 1523 1224 pax
1567 1154 1808 1210 furorem
1862 1157 2099 1225 excepit,

535 1257 599 1296 ac
629 1257 828 1297 rursus
861 1255 1055 1296 natura
1084 1260 1203 1298 sese
1234 1245 1288 1298 in
1323 1244 1586 1300 fratribus
1619 1247 1879 1302 ostendit.
1926 1249 2103 1319 Atque

531 1335 695 1389 etiam
750 1350 896 1389 nunc
947 1334 1133 1390 videre
1183 1335 1312 1390 licet
1364 1337 1563 1392 divina:
1611 1338 1760 1394 illius
1817 1341 2103 1396 sententiae

533 1422 808 1478 evidentia
845 1424 1020 1493 signa.
1056 1421 1187 1476 Nam
1225 1424 1464 1495 undique
1486 1428 1692 1483 circum
1717 1429 1868 1482 illum
1901 1431 2099 1494 locum,

533 1514 628 1584 qui
665 1514 940 1583 quondam
987 1514 1138 1568 lacus
1193 1525 1331 1579 erat,
1393 1518 1621 1589 vestigia
1656 1520 1905 1590 quaedam
1951 1537 2103 1591 aqua:

534 1606 830 1661 alluvionis
855 1613 908 1660 et
938 1608 1317 1663 inundatiouis
1331 1609 1679 1666 adhuce’tiam
1701 1630 1846 1668 nunc
1864 1623 2099 1670 exstant.

533 1697 809 1767 Quidquid
845 1707 1024 1753 autem
1059 1707 1190 1754 tunc
1221 1701 1568 1757 submersum
1612 1713 1729 1759 crat
1763 1713 1817 1760 et
1848 1707 1900 1760 in
1937 1707 2104 1762 fundo

533 1805 709 1859 aqua},
755 1798 923 1843 totum
959 1790 1240 1845 redactum
1273 1802 1357 1847 est
1413 1795 1467 1848 in
1500 1810 1744 1862 nemora,
1793 1797 1911 1852 loca
1949 1799 2104 1854 habi-

533 1889 667 1943 tata,
716 1891 871 1950 prata
909 1890 963 1936 et
1011 1896 1164 1935 arva.
1214 1883 1329 1937 Hoc
1373 1884 1666 1953 judicium,
1717 1891 1847 1958 quin
1897 1890 2104 1958 primas

533 1977 737 2034 teneat,
776 1986 844 2024 ne
869 1971 1076 2025 clarum
1109 1972 1326 2042 quidem
1357 1975 1508 2028 illum
1543 1977 1721 2046 ipsum
1755 1978 2103 2034 Solomoncm

533 2059 734 2127 Opinor
780 2061 1214 2115 controversiam
1268 2078 1390 2118 esse
1430 2064 1722 2120 facturum.
1784 2068 1922 2134 Quid
1957 2070 2103 2124 enim

531 2157 742 2203 tantum
773 2150 839 2203 ad
886 2151 1143 2205 virtutem
1196 2151 1359 2207 habet
1413 2159 1693 2222 momenti,
1748 2174 2106 2215 conservasse

532 2256 701 2294 nnum
739 2240 1002 2296 infantem
1031 2242 1096 2296 ad
1145 2243 1311 2297 ubera
1344 2244 1576 2300 duarum
1624 2249 1934 2316 mulierum,
1967 2265 2105 2319 qua-

533 2342 654 2381 rum
688 2339 914 2398 utraque
955 2345 1014 2384 se
1056 2343 1281 2386 matrem
1321 2349 1445 2388 esse
1491 2337 1864 2402 contenderet,
1925 2340 2106 2395 adhuc

532 2417 824 2474 lactentem
844 2459 858 2482 ,
881 2423 968 2474 cui
1004 2421 1072 2475 ad
1097 2423 1330 2476 salutem
1367 2440 1595 2493 prorsus
1627 2428 1762 2481 nihil
1793 2429 2100 2495 interesset,

533 2517 716 2564 utrum
743 2527 770 2562 a
812 2522 1005 2576 matre,
1044 2527 1113 2567 an
1145 2515 1213 2568 ab
1247 2513 1416 2569 altera
1452 2517 1555 2570 sibi
1606 2519 1864 2574 alimenta
1910 2537 2106 2591 procu-

532 2611 792 2656 rarentur
812 2621 825 2656 :
849 2611 1112 2672 quantum
1137 2605 1351 2660 duobus
1374 2606 1814 2666 adolescentibus
1848 2613 2107 2669 tribuisse

533 2691 814 2758 salutem,
864 2695 956 2762 qui
1007 2710 1152 2749 nunc
1191 2696 1506 2769 (primum)
1557 2700 1623 2753 ad
1668 2703 1884 2771 uegmia
1919 2704 2105 2758 saeculi

533 2785 831 2852 progressi,
864 2787 916 2838 in
951 2787 1463 2857 vigorejuventutis
1509 2791 1656 2846 circa
1703 2794 1881 2862 ipsum
1930 2797 2106 2851 aetatis

535 2874 748 2939 ﬂorem,
780 2876 859 2928 ira
893 2877 1212 2933 stimulante
1245 2895 1340 2934 eos
1369 2881 1434 2935 ad
1459 2891 1700 2937 mutuam
1734 2883 1953 2948 caadem,
1981 2901 2104 2939 cum

537 2966 677 3021 alter
734 2967 789 3019 in
845 2967 1074 3024 alterius
1133 2971 1431 3038 perniciem
1507 2989 1702 3030 manus
1765 2986 2104 3044 armassent,

2201 513 2372 585 ξηράν
2409 530 2468 564 τε
2503 513 2595 565 καὶ
2625 511 2885 582 ἄνικμον,
2919 508 2994 573 ὡς
3026 507 3159 579 μηδὲ
3188 509 3244 560 ὲν
3267 507 3380 569 τοῖς
3411 505 3609 568 κοίλοις
3640 503 3791 574 ἔχειν

2199 621 2252 656 τι
2283 601 2374 656 τοῦ
2408 602 2596 665 ὓδατος
2629 601 2897 670 λείψανον,
2939 598 3038 670 τὴν
3084 597 3188 668 πρὸ
3227 597 3328 666 τῆς
3359 595 3523 664 εὐχῆς
3569 593 3793 661 πελαγί-

2201 694 2418 760 ζουσαν.
2458 693 2567 746 Καὶ
2607 694 2635 746 ό
2673 693 2771 762 μὲν
2808 673 2987 745 ’ταῦτα
3023 692 3089 761 τῇ
3133 688 3253 759 θείᾳ.
3277 687 3500 758 δυνάμει
3531 685 3788 748 δικάσας,

2202 785 2363 839 πάλιν
2392 784 2526 855 πρὸς
2555 783 2746 837 ἑαυτὸν
2778 781 3072 853 ἀνεχώρει·
3104 782 3216 843 τοῖς
3245 779 3302 833 δὲ
3333 779 3472 842 νέοις
3515 780 3549 848 ἡ
3579 779 3642 830 ἐκ
3677 776 3792 830 τῶν

2200 877 2376 948 ἔργων
2411 877 2686 944 ἀπόφασις
2733 875 2831 945 τὴν
2876 873 3201 944 φιλονεικίαν
3243 871 3498 924 διέλυσεν.
3535 869 3626 941 Μὴ
3674 870 3792 939 γὰρ

2200 969 2470 1033 ὄντοςτοῦ
2505 968 2647 1039 ὑπὲρ
2666 963 2726 1022 οὗ
2762 969 2870 1022 τῶν
2911 967 3031 1020 κατ’
3061 964 3300 1035 ἀλλήλων
3339 964 3595 1034 ἐξήρτυον
3636 962 3792 1015 πόλε-

2205 1077 2325 1129 μον,
2354 1060 2540 1131 εἰρήνη
2570 1059 2662 1112 τὸν
2702 1057 2872 1128 θυμὸν
2919 1056 3206 1120 διεδέξατο,
3253 1055 3346 1108 καὶ
3393 1055 3553 1108 πάλιν
3587 1052 3789 1122 ἑαυτὴν

2202 1154 2259 1206 ἐν
2287 1155 2400 1216 τοῖς
2442 1152 2686 1222 ἀδελφοῖς
2733 1152 2766 1222 ἡ
2815 1149 2976 1218 φύσις
3023 1147 3306 1218 ἐγνώρισε.
3363 1147 3473 1200 Καὶ
3509 1146 3603 1198 νῦν
3637 1147 3788 1199 ἐστιν

2205 1247 2331 1299 ἰδεῖν
2388 1248 2484 1316 τῆς
2528 1243 2676 1306 θείας
2723 1241 2938 1312 ἐκείνης
2980 1240 3302 1308 ἀποφάσεως
3339 1238 3542 1309 ἐναργῆ
3587 1237 3653 1290 τὰ
3691 1255 3790 1308 σηο-

2207 1340 2350 1407 μεῖα.
2383 1336 2583 1405 Κύκλῳ
2607 1335 2715 1405 γάρ
2745 1334 2843 1404 τῆς
2875 1349 3003 1385 ποτε
3032 1331 3227 1402 λίμνης
3267 1330 3386 1400 ῐχνη
3413 1329 3535 1380 τινὰ
3565 1329 3667 1397 τῆς
3691 1330 3786 1381 τοῦ

2205 1429 2392 1492 ὓδατος
2431 1426 2766 1488 ἐπικλύσεως
2814 1427 2894 1488 εἰς
2940 1424 3021 1477 ἔτι
3073 1424 3167 1475 καὶ
3204 1422 3297 1475 νῦν
3337 1420 3677 1484 διασώζεται.
3712 1419 3790 1471 Τδ

2203 1521 2248 1574 δ’
2275 1522 2395 1573 ὅσον
2424 1519 2605 1590 βύθιον
2649 1514 2717 1589 ἦν
2749 1518 2869 1570 τότε
2903 1517 2996 1568 καὶ
3035 1518 3094 1569 ἐν
3139 1514 3217 1585 τῷ
3268 1513 3503 1584 πυθμένι
3539 1511 3634 1563 τοῦ
3669 1511 3792 1563 i361-

2202 1630 2314 1678 τος,
2355 1612 2500 1666 ἆπαν
2540 1608 2943 1682 μετεσκευάσθη
2977 1609 3056 1672 εἰς
3106 1607 3262 1674 ἄλση,
3306 1606 3399 1659 καὶ
3439 1602 3650 1672 οἴκησιν
3692 1619 3792 1655 και

2207 1703 2474 1773 λειμῶνας
2493 1743 2508 1766 ,
2539 1703 2634 1755 καὶ
2664 1700 2868 1771 ἄροσιν.
2903 1697 3118 1768 Ταύτης
3161 1693 3311 1767 οἶμαι
3351 1696 3451 1759 τῆς
3481 1694 3636 1764 δίκης
3667 1694 3792 1763 μηδ’

2212 1796 2277 1849 ἂν
2334 1795 2492 1848 αὐτὸν
2546 1796 2749 1847 ἐκεῖνον
2793 1791 2882 1845 τὸν
2929 1789 3227 1860 ὀνομαστὸν
3276 1787 3627 1857 Σολομῶντα,
3679 1786 3790 1840 τῶν

2205 1886 2484 1957 πρωτείων
2518 1883 2947 1955 ἀμφισϐητῆσαι.
2995 1882 3060 1934 Τί
3101 1880 3208 1950 γάρ
3250 1879 3498 1932 τοσοῦτον
3532 1880 3611 1942 εἰς
3657 1880 3790 1949 ἀρε-

2203 1975 2321 2046 τὴν,
2358 1973 2637 2027 ἀποσῶσαι
2682 1974 2744 2026 τὺ
2785 1973 2894 2026 τῶν
2926 1971 3192 2044 μητρῴων
3225 1969 3318 2023 δύο
3363 1967 3549 2040 μαζῶν
3591 1968 3790 2039 βρέφος

2205 2064 2595 2135 ἐνυπομάζιον,
2639 2057 2684 2132 ᾧ
2733 2065 2791 2118 τὸ
2843 2064 2955 2116 ἴσον
3003 2059 3069 2134 ἦν
3117 2063 3332 2123 πάντως
3375 2063 3452 2124 εἰς
3491 2060 3788 2130 σωτηρίαν,

2205 2158 2312 2210 εἴτε
2339 2157 2490 2227 παρά
2524 2156 2621 2226 τῆς
2645 2153 3071 2226 γεννησαμένης,
3104 2153 3211 2206 εἴτε
3244 2153 3335 2205 καὶ
3369 2151 3517 2219 παρὰ
3546 2149 3644 2219 τῆς
3681 2149 3794 2201 ἐτέ-

2207 2266 2307 2321 ρας
2359 2247 2535 2317 ἐαυτῷ
2591 2245 2658 2300 τὰ
2712 2247 2812 2316 τῆς
2853 2244 3160 2314 ἀνατροφῆς
3205 2240 3642 2310 ἐσπουδάζετο,ῆ
3697 2239 3792 2292 δύο

2204 2338 2419 2402 νεανίας
2462 2335 2756 2408 βραϐεῦσαι
2793 2334 2890 2406 τὴν
2936 2332 3242 2404 σωτηρίανς
3271 2331 3319 2384 οἳ
3349 2330 3444 2383 νῦν
3487 2330 3578 2382 ἐπὶ
3602 2328 3673 2381 τά
3697 2327 3791 2381 τοῦ

2207 2427 2321 2499 βίου
2352 2427 2649 2498 πράγματα
2684 2425 3059 2497 παρελθόντες,
3094 2425 3152 2476 ἐν
3197 2424 3348 2493 ἀκμῇ
3381 2423 3480 2492 τῆς
3515 2421 3790 2490 νεότητος,

2205 2521 2322 2573 κατ’
2360 2519 2488 2572 αὐτὸ
2529 2519 2626 2588 τῆς
2660 2516 2873 2587 ἡλικίας
2911 2516 2970 2568 τὸ
3014 2514 3172 2577 ἄνθος
3203 2513 3295 2566 τοῦ
3339 2510 3508 2583 θυμοῦ
3537 2511 3676 2582 πρὸς
3703 2510 3794 2563 τὸν

2206 2612 2326 2666 κατ’
2354 2611 2594 2682 ἀλλήλων
2637 2611 2793 2678 φόνον
2844 2607 3022 2670 αὐτοῖς
3078 2605 3602 2676 παροιστρήσαντος,
3633 2601 3795 2672 ἐμελ-

2205 2704 2294 2757 λον
2339 2703 2516 2774 θέαμα
2565 2701 2760 2772 πικρὸν
2808 2702 2919 2763 τοῖς
2955 2699 3076 2752 τότε
3125 2697 3244 2768 μετ’
3270 2696 3449 2763 ὀλίγον
3482 2693 3794 2789 ἐπιδειχθήῖ

2209 2795 2434 2859 σεσθαι,
2482 2794 2600 2848 κατ’
2648 2793 2891 2862 ἀλλήλων
2936 2790 3034 2854 τάς
3078 2793 3263 2860 χεῖρας
3313 2787 3654 2849 ὁπλίσαντες,
3706 2787 3773 2854 ἐφ

2207 2885 2280 2942 ὧν
2311 2888 2465 2950 ἐλπὶς
2516 2882 2606 2956 ἦν,
2648 2884 2681 2955 ἢ
2727 2882 3066 2954 ἀμφοτέρους
3107 2881 3200 2933 ὑπ’
3231 2878 3471 2948 ἀλλήλων
3513 2877 3796 2948 φθαρήσε-

2211 2980 2352 3045 σθαι,
2382 2979 2415 3050 ἢ
2444 2979 2534 3032 τὸν
2576 2978 2671 3030 ἕνα
2715 2974 2967 3044 γενέσθαι
2995 2973 3209 3035 πάντως
3239 2974 3295 3025 ἐν
3330 2971 3409 3041 τῷ
3436 2970 3536 3040 τῆς
3571 2970 3794 3039 ἀδελφο-

538 3061 796 3115 acerbum
829 3058 1142 3114 hominibus
1177 3061 1324 3118 illius
1347 3065 1524 3119 aetatis
1549 3068 1921 3135 spectaculum
1948 3070 2108 3140 paulo

2211 3070 2426 3135 κτονίας
2457 3070 2721 3141 μιάσματι
2747 3086 2762 3136 ;
2793 3068 2879 3120 ἵνα
2913 3065 3175 3137 παρῶμαι
3207 3063 3332 3126 τοὺς
3359 3061 3644 3133 ἑκατέροις
3671 3061 3794 3114 τού-

540 3159 668 3221 post
699 3152 902 3206 edituri
937 3160 1137 3219 erant,
1173 3153 1226 3206 in
1264 3155 1466 3224 quibus
1505 3157 1807 3226 periculum
1845 3171 1984 3227 erat,
2042 3177 2112 3217 ne

539 3243 625 3296 vel
658 3243 819 3298 ambo
855 3244 1062 3298 mutuis
1115 3244 1354 3300 caedibus
1391 3247 1813 3316 conﬁcerentur,
1845 3252 1927 3305 vel
1975 3252 2112 3307 alter

541 3334 764 3387 omnino
784 3348 843 3389 se
875 3331 1114 3389 fraterna
1140 3336 1286 3392 carde
1321 3340 1726 3394 contaminaret
1750 3357 1764 3405 ;
1800 3348 1858 3394 ut
1886 3350 2111 3411 prater-

541 3426 752 3478 mittam
780 3440 875 3480 eos
900 3426 992 3496 qui
1023 3442 1128 3481 una
1155 3441 1278 3482 cum
1303 3440 1538 3498 utroque
1562 3431 1755 3485 horum
1782 3434 1898 3502 pari
1928 3432 2113 3490 furore

544 3517 598 3570 in
649 3517 768 3570 acie
815 3525 1046 3583 starent,
1091 3534 1324 3589 quorum
1375 3521 1610 3575 aliorum
1662 3523 1930 3580 adversus
1977 3525 2113 3581 alios

542 3615 778 3662 conatus
832 3607 900 3662 ad
951 3609 1005 3663 id
1052 3625 1218 3664 unum
1271 3612 1591 3680 spectabat,
1643 3620 1703 3667 ut
1768 3613 2113 3670 adversarios

544 3707 720 3752 morte
759 3698 1034 3755 alliceret?
1066 3699 1170 3766 Qui
1202 3701 1369 3771 igitur
1412 3703 1526 3773 jam
1579 3705 1856 3759 decretam
1905 3721 1935 3759 a
1984 3707 2114 3760 mali

542 3791 992 3858 illius-praetoris
1047 3793 1288 3845 concilio
1343 3792 1607 3849 adversus
1641 3810 1736 3850 eos
1776 3796 2111 3851 mortiferam

544 3881 873 3932 sententiam
903 3895 1001 3948 per
1025 3895 1216 3949 preces
1249 3882 1498 3946 rescidit,
1535 3891 1590 3937 et
1626 3894 1873 3939 naturam
1921 3903 2114 3944 rursus

546 3982 732 4020 secum
771 3970 1170 4034 reconciliavit,
1193 3976 1248 4026 et
1282 3971 1448 4027 caedis
1473 3973 1714 4028 studium
1748 3976 1802 4030 in
1833 3977 2114 4047 paciﬂcam

546 4059 792 4112 laetitiam
824 4063 1132 4119 convertit:
1161 4073 1370 4135 quanto
1401 4068 1576 4139 magis
1617 4068 1664 4124 is
1705 4069 1831 4140 jure
1875 4072 2115 4126 admira-

544 4151 698 4206 tione
725 4152 922 4222 dignus
951 4157 1172 4213 nomine
1207 4159 1540 4228 cognitionis
1597 4168 1653 4216 et
1681 4161 1886 4217 decreti
1940 4163 2114 4218 videri

545 4240 730 4305 debet,
756 4258 922 4312 quam
975 4245 1044 4310 is,
1079 4248 1171 4316 qui
1217 4251 1581 4305 meretriculae
1634 4251 1884 4306 fraudem
1931 4253 2115 4324 ἀέρι-θα

545 4331 782 4388 bendit?
809 4332 944 4389 Nam
979 4337 1127 4406 quod
1162 4339 1217 4393 in
1254 4353 1396 4409 aqua
1422 4341 1626 4396 editum
1657 4345 2109 4410 estmiraculum,

2211 3180 2318 3217 των
2355 3159 2982 3233 συμπαρατασσομένους
3019 3158 3075 3210 ἐν
3120 3148 3200 3225 τῷ
3243 3153 3344 3224 ίσῳ
3385 3153 3560 3224 θυμῷ,
3599 3147 3683 3217 οἷς
3713 3149 3794 3216 εἷς

2211 3256 2334 3325 ὄρος
2351 3253 2452 3324 τῆς
2475 3255 2596 3308 κατ’
2621 3250 2862 3322 ἀλλήλων
2891 3248 3086 3320 ὁρμῆς,
3131 3248 3159 3300 ό
3188 3245 3292 3299 τῶν
3331 3246 3795 3316 ἀντιτεταγμένων

2213 3343 2440 3405 θάνατος
2464 3338 2552 3413 ἦν.
2593 3343 2652 3395 '0
2687 3341 2868 3395 τοίνυν
2913 3338 3013 3409 ἤδη
3065 3339 3187 3391 κατ’
3233 3337 3411 3390 αὐτῶν
3456 3335 3795 3406 κυρωθεῖσαν

2213 3433 2318 3490 ὑπὸ
2360 3434 2460 3504 τῆς
2499 3433 2592 3486 τοῦ
2637 3431 2870 3502 πονηροῦ
2918 3429 3251 3502 στρατηγίας
3294 3429 3392 3499 τὴν
3425 3427 3520 3482 τοῦ
3563 3427 3794 3481 θανάτου

2211 3524 2391 3594 ψῆφον
2417 3524 2504 3577 διά
2544 3525 2643 3594 τῆς
2671 3514 2835 3594 εύχῆς
2874 3521 3166 3586 ἀναλύσας,
3193 3520 3288 3574 καὶ
3315 3521 3412 3591 τὴν
3441 3519 3605 3590 φύσιν
3639 3520 3796 3573 πάλιν

2155 3667 2166 3675 ,
2214 3617 2350 3687 πρὸς
2379 3617 2572 3686 ἑαυτὴν
2598 3613 2953 3679 καταλλάξας,
2984 3615 3079 3668 καὶ
3128 3613 3441 3684 μεταϐαλὼν
3487 3614 3567 3675 εἰς
3595 3614 3800 3682 εἰρηνι-

2214 3707 2315 3771 κάς
2337 3706 2670 3778 εὐφροσύνας
2696 3707 2795 3777 τὴν
2824 3708 2952 3777 περὶ
2981 3708 3106 3770 τοὺς
3135 3707 3325 3775 φόνους
3354 3704 3588 3774 σπουδήν
3611 3720 3625 3733 ·
3650 3705 3797 3774 πόσῳ

2219 3800 2413 3870 μᾶλλον
2444 3800 2664 3863 εἰκότως
2695 3799 2786 3852 ἐπὶ
2819 3801 2883 3870 τῇ
2915 3799 3094 3870 κρίσει
3137 3798 3472 3868 θαυμάζοιτο
3519 3795 3672 3867 παρά
3708 3795 3797 3849 τὸν

2213 3893 2311 3964 τὴν
2362 3892 2694 3962 κακουργίαν
2741 3893 2841 3963 τῆς
2879 3892 3145 3963 ἑταιρίδος
3182 3891 3547 3962 φωράσαντα;
3586 3889 3662 3942 Τὸ
3690 3889 3797 3960 γὰρ

2213 3983 2307 4036 ἐπὶ
2335 3983 2412 4052 τῷ
2455 3982 2606 4035 ὖδατι
2637 3982 2856 4053 θαῦμα,
2906 3984 3022 4048 πῶς
3062 3982 3274 4055 ἀθρόως
3312 3983 3391 4044 εἰς
3437 3981 3633 4052 χέρσον
3675 3997 3798 4050 μετ-

2214 4074 2514 4144 εσκευάσθη
2545 4074 2608 4127 τὸ
2638 4073 2901 4145 πλώῖμον,
2942 4075 3036 4129 καὶ
3073 4075 3252 4128 πεδίον
3281 4073 3513 4142 ἐγένετο,
3547 4073 3644 4126 καὶ
3687 4074 3796 4125 κοῖ-

2212 4162 2302 4216 λον
2351 4163 2383 4234 ἡ
2428 4163 2590 4233 λίμνη
2617 4203 2630 4228 ,
2668 4165 2764 4217 καὶ
2811 4164 2928 4228 πῶς
2975 4167 3008 4235 ἡ
3053 4164 3174 4218 ἀντὶ
3229 4161 3502 4232 θαλάσσης
3547 4158 3683 4215 οὖσα
3721 4161 3795 4231 τῷ

2212 4252 2363 4323 τόπῳ
2398 4254 2458 4306 τὸ
2490 4254 2769 4325 πρότερον,
2804 4253 2898 4307 νῦν
2933 4255 3066 4326 πρὸς
3108 4255 3335 4324 καρπῶν
3381 4253 3554 4306 ἄνεισι
3592 4252 3791 4322 φορὰν,

2213 4345 2370 4399 τοῦτο
2394 4348 2550 4416 σιγᾷν
2574 4343 2724 4418 οἶμαι
2753 4345 2932 4408 καλῶς
2958 4345 3098 4415 ἔχειν
3127 4345 3346 4415 μᾶλλον,
3375 4344 3408 4415 ἢ
3441 4343 3694 4409 διεξιέναι
3721 4342 3792 4411 τῷ

543 4439 654 4494 qua
688 4426 904 4482 ratione
939 4439 1164 4499 repente
1212 4431 1269 4485 in
1312 4439 1514 4487 terram
1569 4435 1832 4489 incultam
1880 4451 1946 4492 ea
1992 4453 2109 4508 qua:

2216 4437 2379 4509 λόγῳ,
2440 4438 2514 4510 μὴ
2569 4438 2848 4509 δυναμένῳ
2897 4437 3018 4491 κατ’
3061 4435 3217 4501 ἀξίαν
3264 4434 3666 4507 συνεπαρθῆναι
3718 4432 3793 4503 τῷ

543 4515 870 4586 navigabilis
913 4530 1062 4576 esset
1104 4530 1504 4591 transmutata,
1551 4526 1704 4581 lacus
1757 4527 1815 4581 in
1863 4543 2115 4599 campum

2221 4530 2380 4601 διηγή
2391 4547 2540 4600 ματι.

543 4605 864 4675 depressum
917 4612 1174 4668 redactus
1205 4615 1280 4669 sit
1315 4633 1331 4672 :
1370 4615 1497 4670 item
1547 4631 1657 4686 quo
1700 4627 1862 4687 pacto
1911 4619 1966 4673 id
2015 4619 2160 4690 quod
2200 4635 2302 4690 pro
2334 4622 2471 4675 mari
2509 4621 2587 4675 illi
2649 4621 2772 4676 loco
2807 4621 2961 4692 prius
3006 4627 3174 4682 esset,
3213 4633 3363 4674 nunc
3406 4633 3471 4674 eo
3519 4617 3792 4672 redactum

543 4695 638 4760 sit,
675 4703 734 4749 ut
769 4697 982 4755 fructus
1016 4701 1325 4770 producat,
1387 4703 1446 4757 id
1497 4711 1682 4760 tacere
1721 4713 1886 4775 atque
1929 4707 2151 4763 silentio
2190 4709 2470 4778 praeterire
2525 4709 2835 4764 consultius
2898 4724 3023 4765 esse
3070 4718 3242 4779 puto,
3324 4724 3488 4779 quam
3542 4707 3795 4779 persequi

545 4789 820 4854 oratione,
860 4805 981 4861 quae
1010 4808 1071 4848 se
1098 4809 1205 4848 una
1228 4811 1351 4850 cum
1383 4795 1648 4866 dignitate
1675 4805 1729 4851 et
1758 4798 2110 4868 amplitudine
2152 4799 2232 4853 rei
2259 4815 2381 4870 quae
2413 4805 2692 4864 narretur,
2721 4799 2933 4870 erigere
2953 4814 3063 4853 non
3101 4800 3292 4868 possit.

619 4880 761 4945 Quid
786 4884 934 4936 enim
974 4884 1249 4954 ejusmodi
1281 4886 1578 4944 didicimus
1616 4889 1673 4944 in
1702 4889 1772 4946 iis
1810 4891 2121 4956 miraculis,

547 4989 671 5044 qua
699 4975 896 5033 litteris
934 4980 1192 5034 mandata
1248 4987 1411 5051 atque
1446 4983 1749 5052 perscripta
1782 4992 1929 5049 sunt,
1977 4983 2124 5053 quod

548 5066 680 5121 huic
707 5071 1075 5139 comparando
1118 5086 1218 5143 par
1249 5072 1368 5126 ﬁeri
1421 5075 1635 5142 possit?
1671 5075 1916 5129 lnhibuit
1960 5073 2124 5132 Jesus

551 5159 699 5215 ﬁlius
732 5161 882 5216 Nave
913 5178 1138 5219 cursum
1165 5163 1406 5220 ﬂuminis
1437 5162 1718 5229 Jordanis,
1749 5166 1845 5221 sed
1878 5167 2123 5236 quandiu

552 5265 681 5305 arca
706 5259 824 5306 crat
865 5253 920 5307 in
949 5269 1112 5325 aqua.
1145 5255 1525 5327 Transgresso
1559 5263 1739 5311 autem
1784 5256 2010 5327 populo,
2041 5265 2123 5311 at-

551 5358 658 5413 que
701 5358 826 5398 arca
874 5347 1144 5412 traducta,
1176 5349 1415 5403 reddidit
1460 5363 1658 5403 rursus
1700 5347 1848 5401 amni
1899 5339 2128 5403 cursum.

554 5443 900 5490 consuetum.
935 5438 1089 5506 Aqua
1133 5440 1371 5495 nudatur
1416 5443 1472 5496 in
1534 5445 1656 5497 sinu
1720 5439 1906 5494 Rubro
1944 5441 2123 5495 solum

557 5526 829 5594 profundo
862 5528 1186 5598 subjectum,
1218 5533 1287 5587 ad
1320 5541 1615 5604 utrumque
1667 5534 1810 5587 latus
1844 5547 1875 5586 a
1927 5532 2124 5602 spiritu

562 5615 703 5668 mari
729 5618 982 5672 submoto
1011 5637 1027 5687 ;
1065 5622 1162 5676 sed
1193 5623 1518 5677 miraculum
1571 5623 1839 5693 tantisper
1865 5623 2122 5689 durabat,

565 5705 696 5763 dum
731 5708 1026 5777 exercitus,
1073 5713 1168 5782 qui
1208 5715 1261 5769 in
1294 5712 1567 5782 profundo
1614 5730 1708 5785 per
1739 5714 1947 5770 aridam
1992 5715 2124 5784 ibat,

2295 4892 2362 4944 Τί
2394 4890 2502 4962 γὰρ
2530 4890 2768 4945 τοιοῦτον
2801 4892 2860 4945 ἐν
2897 4894 3012 4954 τοῖς
3038 4891 3408 4961 ἀναγράπτοις
3431 4889 3677 4960 θαύμασι
3707 4907 3799 4961 με·

2229 4980 2572 5050 μαθήκαμεν,
2615 4981 2691 5042 ὡς
2715 4979 2973 5034 δύνασθαι
3007 4981 3089 5043 εἰς
3133 4980 3246 5034 ῐσον
3295 4979 3465 5032 ἐλθεῖν
3496 4979 3676 5050 τούτῳ
3717 4979 3798 5032 διὰ

2228 5071 2568 5142 συγκρίσεως
2585 5087 2599 5135 ;
2619 5069 2884 5140 Ἕστησεν
2906 5072 2934 5123 ό
2959 5070 3055 5124 τοῦ
3074 5069 3227 5140 Navi)
3242 5068 3449 5140 Ἰησοῦς
3466 5070 3531 5122 τὸ
3556 5070 3654 5124 τοῦ
3673 5070 3799 5141 Ἰορ-

2225 5161 2383 5215 δάνου
2431 5160 2643 5233 ῥεῖθρον
2667 5177 2680 5190 ·
2725 5161 2840 5214 ἀλλ’
2873 5160 2978 5226 ἕως
3013 5166 3042 5226 ἡ
3076 5164 3306 5226 κιϐωτὸς
3329 5158 3398 5233 ἦν
3426 5165 3484 5216 ἐν
3515 5161 3595 5233 τῷ
3625 5161 3797 5216 ὕδατι.

2231 5250 2630 5322 Περαιωθέντος
2653 5251 2709 5305 δὲ
2730 5252 2824 5305 τοῦ
2840 5252 2969 5306 λαοῦ
2989 5255 3193 5324 καὶτῆς
3215 5251 3449 5306 κιϐωτοῦ
3465 5251 3798 5321 διελθούσης,

2229 5344 2476 5397 ἀπέδωκε
2525 5343 2686 5397 πάλιν
2725 5343 2802 5414 τῷ
2849 5345 3050 5417 ῥείθρῳ
3097 5345 3158 5398 τὸ
3199 5344 3449 5416 σύνηθες.
3497 5342 3800 5413 Γυμνοῦται

2231 5436 2324 5490 τοῦ
2355 5435 2545 5500 ὓδατος
2593 5439 2650 5490 ἐν
2691 5436 2768 5507 τῷ
2812 5437 3115 5511 Ἐρυθραίῳ
3147 5437 3373 5506 πελάγει
3415 5437 3477 5490 τὸ
3509 5436 3604 5489 τοῦ
3641 5433 3799 5505 βυθοῦ

2234 5527 2610 5597 ὑποκείμενον,
2637 5527 2982 5599 ἀπωσθείσης
3016 5529 3120 5581 ὑπὸ
3149 5529 3244 5582 τοῦ
3275 5528 3585 5598 πνεύματος
3620 5526 3711 5580 ἐπὶ
3735 5524 3801 5576 τὰ

2237 5619 2440 5686 πλάγια
2459 5618 2559 5688 τῆς
2581 5619 2874 5690 θαλάσσης
2897 5619 3031 5673 ἀλλά
3061 5623 3089 5673 ό
3118 5620 3307 5691 χρόνος
3326 5619 3418 5672 τοῦ
3441 5619 3717 5689 θαύματος
3736 5611 3803 5689 ἦν

2239 5712 2274 5780 ἡ
2301 5709 2395 5764 τοῦ
2424 5709 2653 5781 στρατοῦ
2681 5710 2940 5782 πάροδος,
2998 5712 3031 5781 ἡ
3075 5710 3162 5764 διὰ
3208 5709 3303 5764 τοῦ
3345 5708 3511 5781 ξηροῦ
3541 5705 3678 5760 κατά
3712 5703 3804 5758 τὸν
