4068 6154
312 219 469 287 .929

1344 211 1436 271 DE
1477 212 1640 271 vrrA
1668 210 1730 270 s.
1764 210 2095 271 esseom!
2135 186 2685 277 rnauua'runcr.

3525 228 3627 288 939

364 335 527 412 βυθὸν
549 304 839 407 γενομένη.
862 330 1020 388 Μετὰ
1048 329 1282 385 τοῦτοᾶ
1309 330 1474 386 πάλιν
1503 331 1602 401 μία
1628 330 1723 385 τοῦ
1755 330 1907 385 ὕδατι

2009 363 2021 395 ι
2049 335 2477 405 traduceretur;
2507 347 2696 408 postea
2723 350 2853 395 vero
2881 351 3080 395 rursus
3112 353 3221 394 una
3257 354 3413 412 aquae
3459 340 3629 403 facies

362 427 398 499 ἡ
438 425 728 495 ἐπιφάνεια
752 423 999 492 γίνεται·
1052 422 1146 475 ml
1193 419 1255 473 τὸ
1289 420 1426 491 πρὸς
1459 420 1638 489 ὀλίγον
1674 418 1940 492 διαιρεθὲν

364 515 721 586 συνεκλύσθη.
760 511 1027 567 Ἐνταῦθα
1060 512 1116 565 δὲ
1146 510 1206 564 τὸ
1232 509 1381 576 ἅπαξ
1408 511 1698 582 γενόμενον
1727 509 1940 581 ἔμεινεν

359 602 472 661 οἷον
499 605 732 674 ἐγένετο,
757 603 833 666 ὡς
865 603 940 674 μὴ
966 598 1308 656 ἀπιστεῖσθαι
1336 600 1413 672 τῷ
1439 601 1616 671 χρόνῳ
1643 601 1702 654 τὸ
1731 599 1934 671 θαῦμα,

356 698 448 753 διὰ
467 697 574 749 τῶν
612 694 953 765 φαινομένων
993 694 1074 756 είς
1103 691 1163 745 τὸ
1187 692 1436 762 διηνεκὲς
1467 690 1934 763 μαρτυρούμενον.

357 790 439 842 Τὰ
479 788 577 858 μὲν
606 787 671 857 δὴ
704 787 843 840 κατὰ
871 786 971 856 τὴν
994 784 1188 856 λίμνην
1214 783 1486 856 λεγόμενά
1513 801 1572 837 τε
1598 784 1692 838 ml
1723 784 1936 838 δεικνύ-

359 897 498 951 μενα
532 878 722 932 τοῦτον
753 877 865 950 ἔχει
895 878 986 931 τὸν
1010 878 1231 949 τρόπον.
1261 877 1485 948 Ἕτερον
1511 875 1569 930 δὲ
1612 875 1749 947 μετὰ
1777 875 1936 928 τοῦτο

356 968 541 1039 θαῦμα
567 967 806 1021 τοιοῦτον
840 966 969 1037 παρ’
998 964 1165 1021 αὑτοῦ
1209 964 1482 1020 δείκνυταί
1514 981 1572 1017 τε
1599 965 1693 1019 καὶ
1725 981 1936 1035 μνημο-

355 1059 591 1112 νεύεται.
622 1058 869 1128 Ποταμός
896 1074 980 1120 τις
1004 1055 1136 1128 παρ’
1166 1057 1349 1121 αὐτοῖς
1378 1057 1590 1128 διαρρεῖ
1615 1054 1705 1108 τὸν
1732 1054 1930 1127 χῶρον,

354 1151 505 1221 αὑτῷ
539 1149 615 1221 τῷ
647 1150 868 1220 ὀνόματι
899 1149 961 1201 τὺ
988 1149 1162 1219 τραχὺ
1204 1149 1299 1202 καὶ
1322 1149 1598 1219 ἀνήμερον
1633 1145 1933 1218 ὲπισημαίυ

352 1259 459 1295 νων
477 1240 571 1294 τοῦ
591 1240 857 1312 ῥεύματος
883 1254 896 1267 ·
921 1238 1096 1303 Λύκος
1114 1238 1243 1311 γὰρ,
1263 1238 1351 1293 διὰ
1371 1239 1432 1292 τὸ
1450 1238 1742 1310 βλαπτικὸν
1767 1233 1926 1300 εἶναι,

351 1331 505 1401 παρὰ
522 1331 627 1383 τῶν
648 1329 1085 1402 προσοικούντων
1109 1329 1524 1401 ἐπονομάζεται.
1556 1329 1743 1392 Οὕτως
1762 1329 1930 1393 πολὺς

346 1423 452 1493 μὲν
490 1423 583 1476 ml
609 1424 674 1475 ὲκ
703 1422 812 1475 τῶν
841 1422 1032 1493 πηγῶν
1066 1423 1434 1493 καταφέρεται
1470 1423 1571 1493 τῆς
1614 1422 1924 1493 Ἀρμενίας,

347 1513 447 1584 τῆς
471 1513 653 1585 χώρας
679 1513 829 1585 αὑτῷ
855 1513 941 1567 διὰ
962 1512 1071 1566 τῶν
1098 1513 1509 1586 ὑπερκειμένων
1536 1513 1678 1584 ὀρῶν
1707 1513 1925 1582 δαψιλὲς

349 1601 785 1674 ὲπιχορηγούσης
815 1602 876 1655 τὸ
906 1601 1138 1673 ῥεῖθρον.
1200 1601 1390 1663 Κοῖλος
1425 1601 1483 1656 δὲ
1512 1601 1786 1671 πανταχοῦ
1826 1602 1926 1666 τὰς

2048 426 2322 495 apparuit,
2354 437 2521 498 atque
2544 442 2609 483 ea
2638 445 2764 499 quae
2786 424 2855 484 ad
2877 430 3145 502 exiguum
3162 438 3378 503 tempus
3403 433 3628 492 diducta

2046 516 2252 584 fuerat,
2301 531 2499 574 rursus
2546 528 2834 576 contracta
2889 529 3054 593 atque
3099 525 3329 579 confusa
3377 533 3481 580 est.
3526 525 3629 582 Hic

2046 621 2177 663 vero
2206 610 2352 678 quod
2386 611 2557 667 semel
2587 612 2887 678 acciderat,
2927 615 3093 671 sicuti
3127 613 3335 670 factum
3382 626 3519 680 erat,
3548 600 3634 675 ita.

2044 700 2270 766 mansit,
2307 702 2445 758 adeo
2493 712 2555 757 ut
2582 719 2650 759 ne
2688 704 2824 761 ﬁdes
2868 707 3091 776 quidem
3132 712 3418 780 miraculo,
3477 716 3625 784 quod

2044 794 2225 848 sancti
2261 790 2411 851 illius
2444 811 2671 866 precum
2703 794 2943 852 eﬂicacia
2970 798 3175 855 editum
3210 811 3316 869 est,
3344 804 3624 859 diuturni-

2040 889 2155 938 tate
2186 885 2452 955 temporis
2480 886 2734 958 abrogari
2768 891 2981 959 possit:
3013 893 3216 962 quippe
3249 896 3402 964 signa
3432 878 3623 966 'appa-

2041 975 2221 1030 rentia
2254 991 2370 1032 rem
2402 970 2709 1048 gestam‘in
2740 990 3069 1050 perpetuum
3114 993 3409 1040 testantur.
3444 987 3623 1058 Atque

2038 1083 2103 1124 ea
2132 1083 2257 1138 quae
2287 1068 2356 1126 de
2388 1071 2507 1125 lacu
2534 1070 2754 1141 quidem
2785 1079 2841 1128 et
2866 1073 3131 1128 dicuntur
3155 1085 3208 1130 et
3229 1078 3617 1146 ostenduntur,

2037 1158 2111 1214 ita
2152 1174 2212 1215 se
2246 1159 2476 1216 habent.
2507 1161 2754 1216 Alterum
2785 1177 2915 1217 vero
2956 1166 3258 1221 secundum
3317 1168 3423 1225 hoc
3455 1171 3613 1226 mira-

2036 1251 2220 1307 culum
2252 1251 2527 1322 ejusmodi
2553 1254 2625 1308 ab
2650 1268 2717 1309 eo
2749 1253 2958 1309 factum
2994 1263 3049 1312 et
3085 1259 3395 1315 ostenditur
3422 1272 3476 1317 et
3504 1279 3617 1318 me-

2034 1352 2306 1400 moratur.
2338 1346 2528 1402 Amnis
2553 1345 2776 1416 quidam
2799 1363 2897 1418 per
2918 1350 3200 1420 regionem
3231 1352 3449 1408 illorum
3474 1356 3612 1421 ﬂuit,

2036 1433 2158 1504 ipso
2191 1436 2414 1490 nomine
2451 1437 2810 1507 asperitatem
2848 1447 2904 1495 et
2938 1440 3345 1497 inclementiam
3373 1443 3614 1502 ﬂuminis

1988 1534 1993 1541 ‘
2033 1539 2143 1594 prae
2174 1541 2234 1580 se
2274 1525 2486 1592 ferens;
2516 1528 2694 1593 Λύκος
2720 1530 2886 1596 enim,
2920 1531 2973 1586 id
3007 1541 3111 1597 est,
3155 1536 3336 1602 lupus,
3372 1550 3437 1591 eo
3468 1539 3615 1606 quod

2032 1616 2234 1672 noxius
2274 1632 2397 1673 esse
2435 1619 2634 1685 soleat,
2670 1620 2739 1674 ab
2769 1622 2977 1678 accolis
3016 1627 3461 1694 cognominatur.
3513 1627 3613 1684 Hic

349 1690 626 1764 ὑπωρείας
651 1689 761 1745 τῶν
792 1691 1054 1763 κρημνῶν
1083 1691 1367 1763 ὑπορρέων
1400 1691 1537 1745 πολὺ
1575 1691 1775 1762 μᾶλλον
1802 1695 1907 1755 ταῖς

2030 1708 2292 1777 copiosus
2321 1709 2543 1778 quidem
2589 1718 2644 1765 et
2674 1712 2973 1769 vehemens
3024 1689 3189 1770 etiam
3242 1734 3306 1774 ex
3363 1720 3609 1779 fontibus

347 1780 652 1853 χειμερίαις
677 1782 978 1853 χαράδραις
1002 1781 1456 1853 ἀποτραχύνεται,
1487 1781 1667 1846 πάσας
1691 1785 1771 1846 είς
1792 1783 1922 1835 ἑαυ-

345 1870 439 1925 τὸν
464 1869 561 1934 τὰς
591 1874 656 1925 ὲκ
678 1870 786 1924 τῶν
815 1870 958 1943 ὀρῶν
988 1872 1247 1943 συρροίας
1276 1870 1692 1943 ὑπολαμϐάνων.
1754 1871 1842 1924 Ἐν
1865 1871 1924 1926 δὲ

344 1961 423 2032 τῷ
466 1961 642 2033 ὑπτίῳ
680 1963 780 2033 τῆς
802 1961 1028 2034 χώρας,
1067 1963 1133 2015 δι’
1173 1958 1242 2035 ἦς
1268 1962 1634 2034 διεξέρχεται,
1666 1963 1921 2029 πολλάκις

324 2057 461 2118 ,ταῖς
495 2052 833 2124 ἑκατέρωθεν
861 2056 1090 2125 κρηπῖσι
1131 2053 1664 2126 στενοχωρούμενος,
1698 2054 1841 2109 κατά
1867 2072 1921 2109 τι

344 2146 512 2218 μέρος
540 2147 853 2217 ὑπερχείται
881 2147 980 2216 τῆς
1015 2143 1199 2215 ὄχθης,
1227 2144 1367 2197 κατὰ
1395 2144 1456 2197 τὸ
1481 2144 1731 2214 πλάγιον,
1772 2144 1920 2197 ἅπαν

340 2235 651 2300 ἑπικλύζων
678 2234 754 2306 τῷ
784 2233 985 2306 ῥείθρῳ
1030 2234 1091 2288 τὸ
1123 2234 1519 2306 ὑπερκείμενον
1540 2253 1554 2268 ·
1610 2233 1752 2288 ὥστε
1790 2250 1920 2289 συν·

338 2327 484 2397 εχεῖς
505 2323 645 2379 κατὰ
668 2326 729 2379 τὸ
756 2324 1162 2396 ἀπροσδόκητον
1189 2327 1302 2389 τοῖς
1325 2322 1646 2397 παροικοῦσι
1669 2323 1745 2395 τῷ
1768 2324 1919 2395 τόπῳ

336 2417 465 2479 τοὺς
487 2415 764 2480 κινδύνους
798 2415 1137 2485 ἐπάγεσθαι,
1181 2416 1323 2486 ἀωρὶ
1350 2416 1459 2470 τῶν
1495 2415 1705 2469 νυκτῶν
1748 2416 1781 2485 ἢ
1822 2415 1917 2470 καὶ

341 2505 461 2577 μεθ’
491 2506 703 2577 ἡμέραν
744 2505 1005 2569 πολλάκις
1029 2504 1122 2559 τοῦ
1167 2505 1414 2576 ποταμοῦ
1455 2508 1567 2569 τοῖς
1608 2507 1798 2576 ἀγροῖς
1818 2506 1916 2556 έπ-

337 2596 710 2667 εμὸαίνοντος.
761 2597 924 2650 Ὅθεν
965 2596 1026 2649 οὑ
1077 2596 1220 2666 φυτὰ
1273 2597 1433 2668 μόνον
1479 2597 1573 2650 ml
1624 2596 1915 2667 σπέρματα

336 2688 434 2742 καὶ
487 2687 808 2760 βοσκήματα
850 2690 918 2761 τῇ
959 2687 1067 2742 τῶν
1110 2688 1318 2742 ὑδάτων
1368 2687 1508 2759 φορᾷ
1557 2686 1912 2758 διεφθείρετο,

334 2778 471 2833 ἀλλὰ
499 2780 596 2832 καὶ
643 2779 823 2832 αὑτῶν
854 2779 1060 2850 ἥπτετο
1095 2778 1203 2832 τῶν
1235 2778 1535 2850 οἰκητόρων
1571 2780 1599 2831 ὁ
1645 2778 1910 2845 κίνδυνος,

335 2870 659 2941 ἀπροόπτως
684 2871 742 2923 ὲν
766 2873 832 2941 τῇ
862 2869 1143 2923 ἐπικλύσει
1165 2868 1258 2923 τοῦ
1281 2868 1472 2933 ὓδατος
1492 2870 1550 2924 ὲν
1568 2871 1690 2934 ταῖς
1712 2869 1910 2933 οίκίαις

331 2963 731 3031 ναυαγούντων.
767 2962 887 3017 Τῶν
913 2962 1092 3018 τοίνυν
1120 2961 1680 3034 προκατορθωθέντων
1709 2960 1788 3032 τῷ
1812 2978 1911 3032 με-

333 3056 485 3128 γάλῳ
512 3056 804 3127 θαυμάτων
833 3056 915 3119 είς
949 3056 1094 3109 ἅπαν
1130 3054 1627 3125 διαπεφοιτηκότων
1649 3053 1711 3106 τὸ
1736 3052 1907 3119 ἔθνος,

331 3148 663 3211 ἀναστάντες
688 3148 738 3200 oi
763 3144 905 3200 κατὰ
928 3145 991 3199 τὸ
1022 3146 1186 3217 μέρος
1209 3146 1385 3199 ἐκεῖνο
1404 3144 1482 3216 τῷ
1500 3144 1727 3215 ποταμῷ
1750 3161 1912 3215 προσ-

328 3237 627 3301 οικοῦντες,
658 3236 851 3307 ἄνδρες
888 3236 983 3290 ml
1007 3235 1263 3303 γυναῖκες
1297 3233 1391 3287 ml
1424 3234 1611 3297 παῖδες
1642 3233 1909 3305 πανδημεὶ

327 3330 532 3394 πάντες
567 3329 737 3383 ἱκέται
770 3325 864 3380 τοῦ
902 3325 1138 3395 μεγάλου
1170 3324 1409 3393 γίνονται
1428 3366 1444 3392 ,
1476 3324 1716 3395 δεόμενοι
1753 3323 1907 3377 λύσιν

325 3421 517 3485 αὐτοῖς
547 3437 667 3475 τινα
711 3418 820 3472 τῶν
867 3417 1055 3472 κακῶν
1089 3417 1149 3482 ἐξ
1189 3416 1526 3470 ἀνελπίστων
1555 3416 1903 3488 πορίσασθαι.

330 3514 581 3568 ’Λπαντα
606 3510 716 3582 γὰρ
747 3512 806 3564 ὲν
849 3509 997 3581 αὑτῷ
1033 3508 1124 3563 τὸν
1154 3508 1286 3563 Θεὸν
1321 3509 1474 3578 ἔλεγε
1498 3507 1777 3573 δύνασθαι,
1803 3509 1904 3562 ὅσα

324 3606 445 3667 ταῖς
478 3602 844 3674 ἀνθρωπίναις
875 3602 1141 3665 ἐπινοίαις
1186 3602 1281 3655 καὶ
1307 3601 1568 3665 διανοίαις
1588 3601 1734 3654 ἐστὶν
1759 3601 1904 3672 ἀμή-

322 3714 487 3770 χανα.
518 3695 700 3767 Μηδὲν
727 3695 834 3767 γὰρ
859 3694 967 3749 τῶν
995 3696 1076 3758 εἰς
1107 3693 1303 3764 βουλήν
1337 3709 1396 3746 τε
1426 3693 1521 3745 ml
1550 3691 1777 3763 δύναμιν
1807 3692 1903 3759 ἀντ

321 3788 603 3860 θρωπίνην
644 3787 885 3858 ἡκόντων
927 3785 1057 3856 παρ’
1097 3784 1279 3839 αὐτῶν
1308 3783 1689 3856 ἐλλειφθῆναι,
1734 3783 1902 3848 λίθοις

318 3878 416 3934 καὶ
443 3879 682 3950 χώμασι,
714 3878 808 3931 ml
829 3876 881 3930 εί
906 3893 958 3929 τι
983 3874 1110 3929 ἄλλο
1143 3874 1280 3945 πρὸς
1308 3875 1375 3928 τὰ
1410 3873 1633 3929 τοιαῦτα
1658 3873 1769 3927 τῶν
1798 3890 1900 3926 κα·-

317 3969 433 4025 κῶν
466 3968 656 4023 εἴωθεν
698 3965 1059 4030 ἐπινοεῖσθαι,
1111 3966 1290 4020 πάντα
1340 3965 1751 4034 πεποιηκότων,
1802 3964 1898 4017 ml

316 4065 592 4134 ἀντισχεῖν
621 4062 758 4134 πρὸς
784 4060 881 4132 τὴν
903 4058 995 4113 τοῦ
1024 4058 1195 4112 κακοῦ
1228 4056 1303 4128 μὴ
1331 4056 1666 4126 δυνηθέντων
1698 4055 1893 4127 φοράν.

314 4157 429 4215 Καὶ
447 4157 522 4220 ὼς
545 4156 610 4211 ἂν
641 4155 873 4226 μάλιστα
905 4152 1034 4224 παρ’
1069 4150 1245 4205 αὐτῶν
1276 4148 1527 4221 ἐναχθείη
1558 4150 1693 4221 πρὸς
1723 4149 1889 4214 ἔλεον,

314 4249 590 4319 αὐτόπτην
622 4246 807 4317 ὴξίουν
831 4243 1082 4315 γενέσθαι
1105 4241 1207 4311 τῆς
1237 4242 1541 4312 συμφορᾶς,
1576 4242 1672 4295 καὶ
1701 4241 1892 4312 μαθεῖν

2025 1800 2322 1867 delabitur,
2360 1802 2620 1857 Armenia
2661 1819 2760 1874 per
2808 1805 3194 1876 impendentes
3244 1823 3461 1869 montes
3497 1816 3608 1869 lar-

2024 1905 2150 1961 gum
2208 1890 2259 1945 ei
2308 1889 2509 1946 ﬂumen
2563 1892 2975 1963 suppeditante.
3035 1896 3359 1957 Profundns
3420 1913 3605 1962 autem

2023 1979 2228 2050 ubique
2259 1989 2313 2035 ct
2346 1980 2503 2036 alveo
2538 1982 2804 2052 depresso
2828 1987 3047 2054 rupium
3079 2003 3144 2043 ac
3173 1993 3603 2063 praecipitiorum

2023 2078 2427 2140 praeruptorum
2464 2086 2728 2127 saxorum
2766 2073 2983 2131 radices
3010 2079 3400 2147 subterﬂuens,
3432 2086 3604 2140 multo

2020 2159 2197 2227 magis
2220 2160 2576 2230 voraginibus
2618 2161 2871 2218 hibernis
2899 2177 3290 2235 exasperatur,
3322 2188 3513 2229 omnes
3535 2191 3604 2231 ex

2021 2250 2302 2305 montibus
2331 2250 2672 2307 conﬂuentes
2707 2267 2881 2323 aquas
2909 2253 2962 2308 in
2993 2272 3052 2310 se
3079 2259 3376 2328 recipiens.
3409 2261 3514 2318 Sed
3543 2265 3602 2320 in

2019 2338 2215 2408 supina
2248 2338 2564 2408 patentique
2589 2355 2652 2394 ac
2684 2342 2843 2411 plana
2879 2344 3107 2412 regione
3129 2386 3143 2410 ,
3174 2362 3273 2416 per
3308 2365 3471 2417 quam
3505 2368 3603 2407 ex-

2018 2430 2213 2493 currit,
2248 2430 2379 2483 dum
2414 2430 2791 2500 crepidinibus
2826 2443 2880 2488 et
2911 2437 3150 2493 molibus
3196 2439 3364 2510 jactis
3412 2445 3599 2499 utrin-

2017 2538 2123 2594 que
2153 2521 2467 2592 irequenter
2490 2533 2892 2593 coarctaretur,
2936 2528 2988 2582 in
3032 2539 3189 2599 parte
3230 2534 3465 2603 quadam
3503 2553 3600 2592 su-

2015 2626 2115 2682 per
2165 2612 2316 2682 ripas
2367 2612 2789 2679 eﬂ‘undebatur,
2852 2632 3016 2673 omne
3064 2620 3370 2690 subjectum
3417 2626 3595 2680 solum

2015 2704 2181 2759 undis
2213 2720 2279 2759 ex
2305 2713 2623 2760 transverso
2648 2706 2961 2773 involvens,
3005 2710 3144 2765 adeo
3174 2720 3233 2767 ut
3268 2716 3461 2770 crebra
3496 2733 3597 2773 nec

2013 2796 2370 2865 opinantibus
2419 2797 2626 2852 accolis
2699 2799 2801 2853 loci
2864 2801 3111 2871 pericula
3174 2804 3593 2877 inveherentur,

2013 2897 2179 2944 nocte
2218 2904 2362 2960 saepe
2391 2889 2741 2959 intempesta,
2770 2899 2863 2945 aut
2896 2893 3060 2947 etiam
3096 2896 3337 2952 interdiu
3371 2899 3594 2958 ﬂumine

2014 2995 2177 3051 agros
2211 2980 2526 3035 invadente.
2573 2979 2730 3036 Unde
2768 2998 2877 3037 non
2923 2984 3128 3052 plantae
3177 2988 3340 3042 modo
3397 2999 3452 3045 et
3500 3008 3591 3046 se-

2013 3077 2164 3141 getes
2204 3078 2259 3126 et
2295 3086 2498 3142 pecora
2530 3087 2799 3143 aquarum
2842 3074 3044 3145 impetu
3089 3078 3363 3149 peribant,
3396 3098 3588 3139 verum

2009 3162 2174 3216 etiam
2209 3161 2276 3216 ad
2315 3163 2465 3233 ipsos
2505 3162 2850 3220 habitatores
2877 3168 3180 3234 periculum
3212 3172 3585 3240 perveniebat,

2008 3253 2213 3323 quippe
2263 3269 2331 3308 ex
2377 3256 2686 3325 improviso
2729 3257 2891 3327 aquis
2948 3258 3347 3318 inundantibus
3413 3265 3585 3322 veluti

2008 3344 2299 3416 naufragio
2328 3346 2567 3415 quodam
2596 3347 2652 3402 in
2686 3348 2927 3417 propriis
2957 3350 3169 3406 aedibus
3197 3354 3587 3422 opprimeban-

2006 3444 2118 3491 tur.
2147 3437 2282 3491 Cum
2319 3437 2490 3507 igitur
2521 3437 2667 3491 fama
2715 3440 3111 3494 miraculorum
3147 3454 3272 3497 aute
3301 3459 3330 3497 a
3385 3461 3584 3516 magno

2004 3527 2114 3582 isto
2142 3528 2264 3583 viro
2291 3528 2567 3583 editorum
2606 3543 2703 3599 per
2736 3530 3054 3585 universam
3091 3533 3366 3589 nationem
3405 3536 3583 3591 incre-

2003 3617 2216 3673 buisset
2258 3632 2320 3672 ac
2356 3619 2635 3690 divulgata
2674 3629 2861 3677 esset:
2897 3624 2991 3691 qui
3039 3625 3185 3678 illam
3218 3634 3426 3695 partem
3478 3627 3582 3682 ﬂu-

2002 3708 2166 3763 minis
2197 3708 2544 3771 accolebant,
2610 3710 2772 3780 vulgo
2825 3712 2991 3766 domo
3046 3713 3275 3783 profecti
3334 3718 3577 3773 universi

2000 3800 2104 3855 viri
2137 3800 2300 3854 simul
2339 3815 2465 3855 cum
2499 3801 2774 3857 uxoribus
2808 3811 2864 3858 et
2904 3804 3095 3859 liberis
3151 3805 3425 3876 supplices
3455 3824 3576 3862 ma-

1999 3906 2107 3961 gno
2134 3892 2211 3947 illi
2243 3892 2363 3947 viro
2393 3883 2553 3959 ﬂu‘nt,
2609 3904 2868 3965 rogantes
2916 3905 2975 3951 ut
3010 3896 3229 3968 aliquOd
3263 3901 3343 3954 eis
3382 3917 3445 3955 ex
3487 3902 3575 3955 in-

1998 3993 2221 4056 sperato
2252 3987 2524 4041 malorum
2551 3982 2855 4044 remedium
2892 3999 3164 4060 quaereret
3196 4000 3250 4047 et
3286 3995 3572 4063 excogita-

1996 4084 2101 4132 ret.
2146 4075 2341 4132 Omnia
2389 4080 2535 4133 euim
2578 4079 2636 4134 in
2675 4096 2741 4135 eo
2788 4081 2960 4137 Deum
3009 4098 3190 4153 posse,
3228 4099 3573 4155 quaecunque

1995 4168 2432 4238 cogitationibus
2499 4180 2665 4241 atque
2699 4172 3011 4229 rationibus
3080 4174 3333 4231 humanis
3369 4175 3566 4230 conﬂci

1991 4266 2047 4315 et
2084 4259 2347 4329 explicari
2389 4270 2775 4332 nonpossent.
2823 4262 2973 4318 Nihil
3006 4265 3152 4320 enim
3191 4266 3259 4320 ab
3294 4282 3416 4322 sese
3473 4281 3568 4323 eo-

311 4338 391 4404 ὡς
421 4337 543 4392 οὑτε
581 4336 822 4400 δυνατῶς
850 4332 994 4406 εἶχον
1042 4332 1352 4405 μεταθεῖναι
1381 4332 1479 4404 τὴν
1512 4334 1723 4404 οἴκησιν
1742 4374 1756 4399 ,
1791 4334 1886 4388 καὶ

2009 4367 2114 4407 ὐῐη
2148 4367 2272 4423 quae
2300 4352 2580 4423 pertinent
2612 4354 2680 4409 ad
2711 4354 3001 4411 consilium
3035 4364 3090 4412 et
3114 4356 3262 4412 vires
3293 4358 3565 4413 humanas

310 4429 396 4484 ὅτι
429 4428 660 4481 πάντοτε
690 4428 869 4490 αὐτοῖς
895 4429 923 4480 ό
951 4425 1178 4488 θάνατος
1204 4425 1296 4478 ἐπὶ
1320 4427 1386 4496 τῇ
1419 4424 1561 4495 ὁρμῇ
1595 4426 1769 4479 κεῖται
1791 4424 1884 4478 τοῦ

309 4522 524 4584 ὓδατος.
550 4518 843 4590 Γενόμενος
873 4519 1052 4573 τοίνυν
1083 4516 1224 4572 κατὰ
1250 4514 1341 4569 τὸν
1367 4517 1529 4569 τόπον
1566 4515 1761 4587 (οὐδεὶς
1778 4516 1886 4587 γὰρ

304 4613 464 4677 δκνος
487 4611 637 4683 αὑτῷ
661 4610 759 4682 τὴν
800 4609 935 4680 πρὸς
958 4609 1020 4662 τὸ
1045 4609 1246 4679 ἀγαθὸν
1275 4608 1510 4678 σπουδὴν
1546 4607 1882 4678 διεκώλυεν)·

305 4706 430 4761 οὔτε
469 4706 763 4776 ὀχήματος,
807 4703 931 4756 οὕτε
983 4704 1200 4769 ἵππων,
1240 4700 1364 4755 οὑτε
1408 4699 1565 4756 ἄλλου
1603 4699 1746 4763 τινὸς
1774 4699 1885 4751 τῶν

301 4798 584 4867 διαγαγεῖν
618 4795 778 4848 αὑτὸν
811 4781 1121 4865 δυναμένων
1173 4792 1561 4866 προσδεηθεὶς,
1610 4790 1745 4845 ἀλλὰ
1785 4790 1883 4861 βα‹⁸

302 4892 501 4962 κτηρίᾳ
547 4889 655 4943 τινὶ
687 4886 1100 4958 στηριζόμενος,
1144 4888 1323 4941 πᾶσαν
1366 4886 1581 4956 διήνυσε
1614 4884 1712 4955 τὴν
1741 4881 1878 4948 ὁδὸν,

302 4987 399 5039 καὶ
441 4985 558 5056 ἅμα
591 4979 1041 5055 προσφιλοσοφῶν
1078 4982 1190 5043 τοῖς
1234 4982 1333 5051 τῆς
1383 4978 1501 5034 ὁδοῦ
1535 4978 1880 5032 κοινωνοῦσιν

301 5075 533 5145 αὑτῷπε
543 5076 595 5148 pl
610 5076 710 5146 τῆς
740 5070 1078 5142 ὑψηλοτέρας
1100 5070 1337 5139 ἐλπίδος,
1361 5072 1419 5127 ὲν
1445 5066 1526 5136 οἷς
1552 5071 1638 5125 ἀεὶ
1662 5068 1803 5123 κατὰ
1818 5068 1879 5122 τὸ

301 5165 715 5238 προηγούμενον
739 5161 1051 5232 διατρίϐων,
1071 5159 1142 5214 τὰ
1166 5160 1300 5215 ἄλλα
1326 5163 1580 5235 πάρεργα
1618 5165 1718 5233 τῆς
1744 5178 1871 5234 προσ

299 5256 590 5328 τιμοτέρας
612 5258 847 5310 ἐποιεῖτο
872 5252 1110 5324 σπουδῆς
1129 5270 1143 5284 ο
1180 5253 1255 5316 ὡς
1282 5249 1375 5307 οὖν
1406 5254 1694 5326 ὑπεδείχθη
1726 5252 1879 5325 παρά

297 5366 361 5403 τε
409 5349 518 5401 τῶν
582 5345 1158 5418 προκαθηγησαμένων
1204 5346 1238 5416 ἡ
1286 5344 1382 5399 τοῦ
1431 5346 1648 5418 ῥείθρου
1698 5364 1876 5419 παρα-

297 5439 498 5512 τροπὴ,
523 5440 618 5493 ml
642 5440 773 5493 αὐτὸ
804 5439 865 5493 τὸ
893 5439 1213 5510 φαινόμενον
1235 5437 1337 5509 τὴν
1370 5438 1656 5509 συμφορὰν
1682 5439 1874 5512 διεμή-

298 5549 446 5599 νυεν,
482 5532 563 5595 εἰς
591 5529 810 5602 βαθεῖαν
833 5529 1273 5603 χαραδρωθέντος
1302 5528 1396 5583 τοῦ
1421 5528 1584 5584 τόπου
1611 5533 1873 5603 φαράγγα

196 5636 203 5641 '
299 5621 386 5679 διὰ
396 5623 496 5695 τῆς
509 5621 619 5680 τῶν
636 5622 841 5678 ὑδάτων
855 5622 1186 5695 ὲμπτώσεως
1204 5641 1218 5655 ο
1237 5623 1413 5679 ταῦτά
1433 5642 1565 5695 φησι
1589 5625 1723 5698 πρὸς
1745 5627 1868 5689 τοὺς

1988 4445 2421 4516 praetermissum
2450 4461 2596 4513 esse,
2633 4463 2896 4504 saxorum
2926 4449 3162 4503 molibus
3190 4455 3245 4502 et
3267 4448 3564 4518 aggeribus

1988 4534 2340 4604 objiciendis,
2389 4540 2445 4590 et
2488 4536 2536 4591 si
2570 4536 2703 4608 quid
2762 4537 2912 4592 aliud
2975 4536 3239 4593 adversus
3284 4536 3561 4607 ejusmodi

1985 4626 2132 4681 mala
2160 4627 2462 4699 excogitari
2485 4629 2648 4695 solet,
2677 4629 2862 4684 omnia
2897 4635 3152 4699 expertos
3195 4644 3340 4694 esse,
3374 4637 3429 4683 et
3463 4630 3560 4683 ad-

1985 4732 2180 4775 versus
2222 4719 2486 4788 impetum
2533 4720 2660 4773 mali
2709 4720 2966 4774 resistere
3000 4736 3109 4774 non
3161 4721 3429 4790 potuisse.
3480 4719 3559 4774 Ac

1982 4825 2093 4881 quo
2118 4814 2356 4865 maxime
2387 4811 2454 4865 ad
2492 4810 2933 4865 misericordiam
2963 4812 3034 4866 ab
3071 4812 3141 4867 iis
3167 4810 3552 4879 adduceretur,

1982 4900 2276 4970 rogabant,
2304 4899 2517 4970 utipse
2551 4902 2831 4971 inspector
2861 4901 3195 4957 calamitatis
3228 4917 3351 4957 esse
3387 4903 3555 4958 vellet

1980 4997 2146 5061 atque
2180 5004 2542 5061 cognoscere,
2578 4991 2726 5062 quod
2768 4992 2884 5046 ﬂeri
2927 5008 3038 5047 non
3077 5001 3262 5062 posset
3309 5000 3369 5047 ut
3398 4992 3554 5048 habi-

1978 5085 2246 5139 tationem
2299 5082 2711 5152 transferrent,
2773 5085 3035 5156 quodque
3089 5086 3240 5141 omni
3307 5095 3555 5156 tempore

1978 5189 2132 5230 mors
2162 5174 2244 5229 eis
2278 5173 2348 5229 ab
2376 5174 2581 5245 impetu
2622 5174 2865 5231 ﬂuminis
2895 5176 3226 5232 immineret.
3262 5175 3398 5230 Cum
3450 5175 3552 5245 igi-

1976 5274 2069 5320 tur
2092 5265 2158 5320 ad
2190 5265 2370 5319 locum
2417 5267 2660 5322 venisset
2708 5265 2897 5336 (nulla
2934 5267 3080 5321 enim
3118 5267 3167 5322 ei
3213 5265 3433 5337 pigritia
3463 5272 3549 5320 at-

1977 5373 2083 5429 que
2127 5356 2337 5413 desidia
2387 5357 2457 5413 ad
2506 5358 2745 5413 studium
2772 5358 2901 5412 boni
2938 5358 3329 5429 impedimento
3361 5363 3482 5412 erat
3502 5356 3545 5428 ),

1976 5465 2154 5522 neque
2191 5451 2443 5508 vehiculo
2474 5459 2760 5522 praeterea,
2788 5463 2889 5505 nec
2929 5451 3108 5520 equis,
3134 5466 3314 5520 neque
3349 5449 3455 5503 alia
3486 5465 3547 5506 re

1974 5541 2253 5612 quapiam,
2282 5558 2392 5614 qua
2428 5538 2799 5612 (commode)
2841 5541 3124 5596 transvelii
3164 5548 3372 5611 posset,
3408 5552 3547 5597 usus

1970 5618 2157 5701 Esset,
2210 5635 2305 5692 sed
2358 5634 2556 5693 baculo
2601 5633 2837 5708 quodam
2887 5632 3164 5699 innitens,
3222 5638 3396 5689 totum
3432 5631 3535 5688 iter
