4068 6154
477 234 580 292 931
1661 229 1734 283 ’5.
1759 225 2064 284 'CR’EGORI

2166 224 2435 281 WSSEN]
3623 217 3741 277 ιτς

484 351 743 422 confecit,
771 351 936 408 simul
963 351 1128 407 etiam
1167 364 1290 405 cum
1322 347 1622 406 comitibus
1659 350 1778 406 suis
1811 359 1866 406 ct
1891 351 2056 406 sociis

2166 348 2624 419 συνειλεγμένους·
2645 347 2767 401 Οὐκ
2795 345 2968 400 ἐστιν
2996 343 3344 411 ἀνθρώπων,
3373 340 3647 411 ἀδελφοί,
3672 343 3740 397 τὸ

486 448 702 503 itineris
754 447 823 500 de
868 445 1090 501 sublimi
1145 458 1244 514 spe
1299 442 1475 499 serios
1531 450 1586 498 et
1644 443 2053 514 philosophicas

2166 437 2584 508 διαλαμϐάνειν
2644 438 2806 505 ὅροις
2856 434 2972 504 τὴν
3027 434 3133 489 τοῦ
3178 433 3398 499 ὕδατος
3448 434 3739 501 κίνησινο

466 539 782 596 «.conferens
821 551 1128 593 sermones.
1165 533 1229 590 In
1258 535 1462 606 quibus
1503 551 1561 590 se
1592 537 1863 606 prmcipue
1912 551 2060 591 sem-

487 645 585 698 per
609 642 892 690 exercens,
919 635 971 682 et
1000 627 1054 681 in
1081 627 1274 697 primis
1306 626 1576 681 rationem
1609 642 1799 682 eorum
1824 627 2059 692 habens,

487 730 680 773 caetera
716 719 1028 774 acccssoria
1069 718 1302 788 potioris
1354 717 1522 772 studii
1581 733 1691 771 non
1726 731 2058 788 magnopere

484 809 728 864 curanda
766 825 889 865 esse
923 809 1297 866 exiStimabat.
1341 811 1412 867 Ut
1460 813 1628 884 igitur
1675 817 1728 865 ct
1757 810 1824 864 ab
1863 811 1931 864 iis
1961 814 2056 880 qui

485 900 652 954 etiam
686 907 814 954 ante
839 900 1008 956 duces
1037 901 1254 958 itineris
1291 900 1534 965 fuerant,
1570 910 1827 956 ostensus
1854 909 1938 957 εει
1974 900 2056 953 lo-

485 1007 605 1057 cus,
643 991 732 1047 ubi
762 990 961 1046 ﬂumen
1001 993 1180 1062 ruptis
1222 993 1515 1063 aggeribus
1551 1007 1581 1046 a
1626 1007 1726 1048 suo
1765 1007 1930 1046 cursu
1962 989 2058 1045 de-

485 1083 730 1148 ﬂexerat,
760 1092 814 1138 et
855 1083 907 1137 id
939 1085 1118 1154 ipsum
1160 1084 1308 1154 quod
1349 1084 1669 1154 apparebat,
1705 1083 1917 1138 cladem
1963 1080 2058 1136 de-

485 1174 731 1228 clarabat
759 1191 772 1226 :
809 1176 1012 1244 quippe
1036 1176 1331 1245 eruptione
1362 1184 1526 1244 atque
1550 1175 1755 1242 impetu
1788 1185 2056 1242 aquarum

2156 531 2347 602 μόνης
2362 529 2473 599 τῆς
2489 529 2651 595 θείας
2669 528 2978 598 δυνάμεως
2994 526 3172 597 ἔργον
3184 526 3249 580 τὸ
3266 525 3538 580 τοιοῦτόν
3547 527 3740 589 ἐστιν,

2157 621 2330 689 ἐντὸς
2368 621 2524 692 ὅρων
2555 621 2937 676 κατακλείειν
2967 620 3083 687 τὴν
3114 617 3234 672 τῶν
3259 617 3496 673 ὑδάτων
3523 618 3738 688 φοράν.

2155 713 2351 778 Οὕτως
2401 713 2512 783 γάρ
2554 727 2706 782 φησι
2754 712 2904 781 πρὸς
2950 709 3056 764 τὸν
3095 709 3244 764 Θεὸν
3296 713 3330 764 ό
3372 709 3694 778 Προφήτης
3721 725 3737 740 ·

2161 803 2249 857 ὅτι
2278 824 2296 856 ι
2325 805 2518 872 Ὅριον
2541 806 2704 870 ἔθου,
2739 804 2771 859 ὃ
2807 807 2880 859 οὐ
2914 803 3368 872 παρελεύσεται.
3405 821 3424 853 ι
3457 802 3631 865 Μόνῳ
3662 799 3743 865 τῷ

2161 896 2434 966 Δεσπότῃ
2472 895 2584 965 τῆς
2628 896 2882 961 κτίσεως
2911 894 3143 965 Χριστῷ
3191 896 3230 963 ἡ
3267 891 3387 946 τῶν
3427 893 3742 960 στοιχείων

2161 988 2348 1058 φύσις
2369 988 2542 1042 ἐστὶν
2565 988 2927 1057 ὐποχεῲιος,
2947 987 3017 1041 ἐν
3044 981 3135 1052 οἷς
3157 985 3234 1040 ἂν
3284 983 3476 1052 ταχθῇ
3512 984 3738 1048 τόποις,

2162 1081 2249 1145 εις
2299 1079 2365 1133 τὸ
2393 1078 2666 1147 διηνεκὲς
2691 1078 3145 1148 παραμένουσα.
3209 1075 3447 1144 Ἐπειδὴ
3474 1077 3682 1130 τοίνυν
3709 1077 3740 1129 ὁ

2165 1173 2309 1238 Θεός
2349 1172 2520 1226 ἐστιν
2562 1172 2958 1241 όννομοθετῶν
2988 1171 3132 1238 τοὺς
3178 1170 3357 1239 ὅρους
3389 1168 3512 1234 τοῖς
3538 1169 3740 1231 ὕδασι,

483 1265 540 1318 in
577 1263 906 1334 profundam
933 1265 1247 1336 voraginem
1278 1266 1433 1321 locus
1454 1271 1754 1320 excavatus
1780 1269 1935 1316 erat:
1969 1261 2054 1318 his

2166 1263 2348 1330 μόνος
2386 1261 2464 1316 ἂν
2489 1262 2720 1329 ἐκεῖνος
2750 1261 2824 1331 τῇ
2857 1261 2976 1329 ἰδίᾳ
3012 1259 3262 1330 δυνάμει
3292 1259 3388 1314 καὶ
3416 1259 3519 1313 τοῦ
3565 1273 3743 1311 ποτα⁹

484 1355 666 1409 verbis
701 1370 836 1410 usus
871 1361 956 1409 est
984 1355 1050 1408 ad
1075 1370 1192 1416 eos,
1235 1355 1329 1424 qui
1359 1359 1739 1409 convenerant
1767 1370 1780 1406 ε
1825 1351 1948 1405 Non
1975 1359 2053 1405 est

2166 1354 2275 1422 μοῦ
2298 1355 2512 1408 τούτου
2544 1354 2659 1424 τὴν
2686 1354 2938 1419 ἀταξίαν
2973 1352 3317 1420 πεδὴσειεν.

487 1449 782 1515 hominum,
813 1451 1032 1518 fratres,
1062 1450 1266 1520 inquit,
1309 1466 1487 1520 regere
1563 1449 1807 1503 terminis
1875 1457 2031 1518 atque
2072 1448 2400 1520 distinguere
2465 1460 2668 1505 metunt
2723 1467 2874 1516 aqua:
2906 1471 2918 1506 :
2948 1451 3119 1505 solius
3160 1449 3354 1504 divina:
3397 1448 3646 1517 potentia
3689 1447 3745 1500 id

486 1561 617 1614 opus
643 1552 739 1609 est,
780 1545 926 1597 intra
973 1546 1224 1600 terminos
1273 1544 1584 1600 concludere
1624 1554 1779 1612 atque
1819 1559 2068 1598 «coercere
2103 1561 2318 1600 cursum
2349 1563 2634 1617 aquarum.
2705 1544 2796 1600 Ita
2847 1547 2986 1600 enim
3021 1547 3098 1599 ait
3129 1544 3198 1598 ad
3230 1545 3402 1598 Deum
3442 1540 3745 1609 Propheta:

491 1653 510 1686 ι
554 1634 792 1689 Posuisti
830 1637 1110 1690 terminum
1145 1653 1295 1706 quem
1345 1653 1450 1691 non
1481 1637 1730 1689 transibit
1769 1635 1811 1687 ⁸.
1857 1653 1876 1686 ι
1912 1633 2028 1689 Soli
2070 1636 2301 1692 Domino
2341 1647 2602 1693 creatura:
2643 1637 2856 1694 Christo
2887 1639 3262 1692 elementorum
3301 1647 3495 1689 natura
3533 1632 3746 1686 subdita

486 1735 640 1796 atque
670 1726 898 1780 obnoxia
935 1737 1037 1790 est,
1077 1729 1132 1780 in
1171 1727 1568 1799 quibuscunque
1614 1727 1744 1781 locis
1799 1729 2060 1783 collocata
2097 1728 2277 1798 fuerit,
2370 1731 2424 1783 in
2466 1729 2548 1784 his
2613 1731 2668 1785 in
2715 1739 3020 1799 perpetuum
3076 1745 3406 1798 permanens.
3480 1726 3746 1794 Quoniam

486 1821 652 1890 igitur
681 1821 819 1874 Deus
847 1831 923 1875 est
967 1823 1058 1891 qui
1089 1824 1339 1877 terminos
1388 1823 1539 1892 aquis
1586 1824 1882 1890 constituit,
1917 1823 2065 1878 solus
2104 1824 2196 1878 ille
2218 1840 2318 1878 sua
2347 1825 2583 1893 potentia
2613 1826 2774 1880 etiam
2830 1823 2987 1890 huius
3031 1824 3267 1894 ﬂuminis
3311 1821 3623 1877 insolentem
3698 1827 3748 1873 et

485 1912 847 1967 inordinatum
881 1929 1092 1966 cursum
1129 1930 1364 1966 coercere
1388 1922 1435 1966 et
1465 1913 1719 1980 impedire
1745 1914 1934 1982 possit.

556 2006 722 2070 Dixit,
755 2021 818 2060 ac
848 2014 1106 2077 tanquam
1142 2006 1328 2060 amatu
1364 2006 1550 2060 divino
1586 2007 1769 2060 animo
1809 2013 2061 2062 conster-

2235 1997 2422 2066 Εἶπεν,
2463 2002 2558 2056 καὶ
2590 1996 2700 2056 οἷον
2724 2001 2912 2065 ἔνθους
2941 2003 3000 2066 ἐξ
3025 2002 3266 2064 ἐπινοίας
3289 2001 3566 2072 θειοτέρας
3594 2001 3750 2069 γενό-

484 2106 667 2164 natus,
705 2113 766 2151 ac
794 2113 989 2168 magna
1020 2114 1151 2153 voce
1177 2098 1483 2165 Christum,
1520 2106 1578 2152 ut
1618 2099 1723 2152 sibi
1767 2099 1834 2153 ad
1859 2114 2062 2170 propo-

2166 2113 2343 2167 μενος,
2379 2096 2470 2149 καὶ
2517 2097 2728 2166 μεγάλῃ
2767 2098 2834 2166 τῇ
2866 2097 3014 2166 φωνῇ
3051 2095 3141 2149 τὸν
3168 2093 3401 2165 Χριστὸν
3427 2093 3579 2165 ἀὐτῷ
3608 2094 3748 2165 σύμ-

485 2178 654 2245 situm
687 2203 824 2258 Opus
862 2188 1112 2243 subsidio
1155 2188 1388 2251 veniret,
1441 2195 1719 2257 precatus,
1757 2189 2062 2258 scipionem

2166 2204 2334 2258 μαχον
2388 2186 2524 2257 πρὸς
2566 2187 2626 2239 τὸ
2675 2187 3032 2258 προκείμενον
3096 2186 3271 2239 ἐλθεῖν
3343 2184 3746 2256 ἐπευξάμενος,

485 2296 651 2351 quem
682 2295 850 2334 manu
885 2279 1130 2346 tenebat,
1162 2279 1216 2332 in
1248 2285 1512 2347 corrupto
1540 2279 1672 2348 ripae
1702 2279 1824 2334 loco
1851 2279 2059 2349 deﬁgit.

2166 2280 2546 2349 καταπήγνυσι
2589 2278 2686 2348 τὴν
2733 2277 3055 2349 βακτηρίαν,
3110 2277 3175 2348 ἢν
3202 2276 3290 2330 διὰ
3317 2277 3495 2348 χειρὸς
3525 2277 3746 2348 ἔφερεν,

478 2372 624 2427 Cum
647 2380 827 2424 autem
859 2370 1008 2425 circa
1029 2371 1177 2424 illam
1203 2377 1410 2440 partem
1441 2379 1587 2424 terra
1613 2371 1851 2436 madida,
1883 2373 2064 2428 mollis

2166 2370 2305 2424 κατὰ
2331 2370 2424 2424 τὸν
2450 2369 2768 2442 διεφθορότα
2783 2370 2946 2424 τόπον
2976 2368 3073 2440 τῆς
3121 2367 3307 2438 ὄχθης.
3357 2367 3655 2439 Διάόροχος
3688 2367 3750 2421 ἃ

483 2478 553 2518 ac
588 2463 711 2517 laxa
751 2470 927 2525 esset,
962 2470 1016 2516 et
1063 2461 1291 2532 ponderi
1344 2461 1526 2516 baculi
1569 2461 1738 2517 simul
1777 2472 1833 2516 et
1876 2462 2064 2517 manui

487 2553 706 2624 ﬁgentis
731 2552 935 2608 cedens
964 2591 981 2618 ,
1024 2551 1184 2606 facile
1228 2551 1479 2607 subsedit
1520 2549 1587 2604 ad
1631 2550 1820 2605 imum.
1859 2549 2064 2606 Deinde

483 2653 768 2717 precatus,
803 2653 862 2698 ut
898 2645 1002 2699 hoc
1032 2643 1198 2699 veluti
1213 2644 1530 2700 claustrum
1569 2643 1845 2713 quoddam
1871 2651 1926 2698 et
1957 2645 2064 2698 im-

486 2737 859 2806 pedimentum
901 2733 1196 2788 insolentis
1241 2740 1297 2788 et
1335 2733 1636 2788 inordinati
1669 2747 1868 2787 cursus
1903 2747 2066 2803 aqua-

487 2844 611 2883 rum
665 2834 849 2891 esset,
897 2834 1044 2881 retro
1099 2827 1325 2881 domum
1380 2840 1638 2882 reversus
1701 2833 1820 2892 est,
1884 2826 2064 2897 reipsa

488 2920 897 2983 demonstrans,
929 2917 1078 2988 quod
1122 2917 1393 2987 quidquid
1441 2919 1511 2973 ab
1558 2932 1682 2974 sese
1716 2918 1891 2982 ﬁeret,
1923 2935 1954 2974 a
1985 2917 2068 2974 di-

484 3014 618 3066 vina
653 3012 897 3082 potentia
921 3009 1431 3065 administraretur.
1465 3007 1729 3066 Protinus
1750 3011 1896 3067 enim
1921 3011 2066 3067 haud

490 3103 664 3158 multo
698 3117 943 3172 tempore
981 3110 1106 3172 post
1146 3100 1378 3155 baculus
1418 3101 1664 3172 quidem,
1695 3102 1975 3160 radicibus
2009 3105 2064 3158 in

487 3196 612 3265 ripa
641 3195 803 3257 actis,
845 3193 1008 3248 arbor
1051 3193 1245 3249 evasit.
1291 3190 1535 3246 Flumini
1563 3208 1694 3249 vero
1735 3193 1848 3250 haec
1879 3195 2067 3266 planta

492 3301 589 3355 pro
630 3284 868 3340 termino
901 3286 1006 3339 lixa
1038 3292 1123 3341 est
1147 3322 1162 3348 ,
1204 3298 1379 3354 eaque
1414 3284 1483 3339 ad
1511 3284 1623 3340 hoc
1652 3301 1827 3356 usque
1854 3295 2065 3357 tempus

489 3378 688 3434 incolis
728 3378 836 3433 loci
882 3392 1008 3432 cum
1053 3375 1372 3448 spectaculo
1425 3385 1529 3444 est,
1568 3388 1684 3433 tum
1724 3355 2063 3435 narrationis
2090 3355 2134 3412 δ

484 3481 544 3528 et
586 3470 1129 3527 commemorationis
1185 3479 1570 3544 argumentum
1641 3472 1868 3542 praebet.
1926 3470 2064 3526 Cum

486 3562 633 3617 enim
671 3560 884 3616 crebris
921 3561 1198 3618 imbribus
1239 3571 1405 3632 atque
1437 3560 1776 3618 torrentibus
1807 3560 2064 3632 (amnis)

487 3653 584 3708 ille
616 3651 805 3725 Lycus
834 3653 1116 3710 inundans
1157 3669 1227 3710 ex
1267 3653 1673 3712 consuetudine
1701 3661 1761 3710 et
1794 3669 1959 3725 asper
1982 3670 2068 3710 ra-

485 3741 759 3812 pidusque
776 3743 1049 3797 undarum
1085 3757 1150 3798 ac
1170 3743 1436 3800 [luctuum
1463 3760 1523 3801 se
1546 3744 1781 3799 invicem
1801 3744 2066 3800 colliden-

483 3833 627 3887 tium
664 3834 900 3904 strepitu
935 3835 1195 3890 terribilis
1247 3835 1441 3901 fertur,
1481 3843 1614 3891 tunc
1644 3837 1877 3892 summis
1908 3837 2065 3907 aquis

491 3924 630 3977 imas
661 3924 877 3978 arboris
919 3924 1136 3978 radices
1177 3923 1391 3982 alluens
1413 3966 1428 3990 ,
1465 3940 1662 3982 rursus
1692 3926 2064 3984 intumescens

493 4014 549 4066 in
593 4013 832 4067 medium
870 4013 1082 4068 alveum
1125 4015 1403 4070 contrahit
1431 4015 1625 4082 undas,
1665 4031 1729 4071 ac
1752 4017 1908 4088 quasi
1949 4033 2064 4074 me-

492 4109 655 4154 tuens
699 4100 884 4155 arbori
922 4102 1375 4173 appmpinquare
1403 4119 1574 4159 curvo
1617 4103 1844 4160 ﬂumine
1880 4105 2064 4160 locum

492 4190 647 4244 illum
690 4192 1115 4261 praeterlabitur.
1156 4192 1307 4250 Talis
1355 4194 1540 4266 magni
1581 4194 1836 4266 Gregorii
1889 4198 2064 4253 virtus

488 4279 618 4344 fuit,
655 4281 764 4335 imo
794 4297 924 4336 vero
955 4283 1072 4349 Dei,
1099 4285 1192 4353 qui
1218 4285 1484 4340 miracula
1517 4301 1614 4357 per
1651 4285 1807 4341 illum
1845 4287 2060 4343 edebat.

490 4370 626 4425 Nam
665 4373 891 4442 perinde
921 4389 985 4430 ac
1023 4375 1069 4430 si
1097 4375 1435 4446 mancipium
1467 4377 1745 4447 quoddam
1780 4387 1929 4434 esset
1953 4379 2064 4435 ele-

492 4470 800 4518 mentorum
831 4473 1048 4530 natura,
1076 4468 1142 4522 ad
1175 4469 1464 4523 arbitrium
1493 4469 1740 4538 jubentis
1778 4470 2064 4527 immutari

490 4554 809 4620 videbatur,
857 4566 916 4612 ut
959 4567 1013 4614 et
1047 4560 1203 4615 lacus
1249 4560 1304 4614 in
1340 4558 1664 4630 frugiferum
1696 4577 1886 4633 agrum
1933 4578 2066 4620 con-

490 4653 800 4702 verteretur
823 4687 838 4712 ,
870 4657 926 4705 et
959 4652 1252 4724 voragines
1291 4653 1609 4724 eluviesque
1638 4654 1882 4710 ﬂuminis
1902 4697 1916 4720 ,
1949 4655 2063 4712 sci-

2162 2456 2298 2514 οὖσα
2325 2462 2448 2514 κατ’
2471 2461 2650 2514 ἐκεῖνο
2690 2461 2724 2531 ἡ
2762 2459 2835 2531 γῆ
2868 2460 2960 2514 καὶ
2980 2458 3295 2530 σομφὼδης,
3320 2458 3518 2530 ῥᾳδίως
3543 2458 3746 2511 ὑπενό-

2167 2569 2331 2624 στησε
2377 2552 2519 2606 κατὰ
2563 2552 2625 2605 τὸ
2664 2551 2846 2622 βάθος,
2896 2551 2974 2623 τῷ
3022 2568 3084 2604 τε
3131 2550 3286 2621 βάρει
3316 2550 3415 2620 τῆς
3445 2549 3750 2620 βακτηρίας

2165 2640 2282 2710 ἅμα
2325 2640 2420 2694 καὶ
2465 2642 2531 2712 τῇ
2583 2641 2726 2712 χειρὶ
2769 2639 2863 2693 τοῦ
2911 2639 3216 2711 πηγνύντος
3265 2638 3552 2703 ύπείξασα.
3613 2634 3751 2693 Εἶτα

2163 2732 2322 2795 τοῦτο
2352 2732 2604 2805 καθάπερ
2634 2751 2686 2786 τι
2713 2733 2958 2805 κλεῖθρον
2985 2733 3238 2802 γενέσθαι
3267 2732 3363 2786 καὶ
3385 2730 3614 2802 κώλυμα
3644 2734 3750 2803 τῆς

2164 2822 2272 2876 τῶν
2317 2824 2522 2878 ὑδάτων
2567 2825 2794 2890 ἀταξίας
2835 2825 2915 2897 τῷ
2957 2825 3078 2894 Θεῷ
3128 2824 3532 2896 ἐπευξάμενος,
3581 2823 3749 2878 πάλιν

2165 2917 2538 2988 ὑπέστρεφεν,
2590 2917 2736 2990 ἔργῳ
2766 2916 2944 2983 δείξας
2977 2918 3059 2971 ὃτι
3107 2919 3216 2971 πᾶν
3262 2917 3323 2970 τὸ
3367 2918 3496 2988 παρ’
3532 2916 3748 2971 ἐκείνου

2165 3008 2449 3080 γινόμενον
2484 3010 2590 3064 ὑπὸ
2618 3009 2767 3074 Θείας
2801 3013 3083 3082 ἐνηργεῖτο
3105 3011 3407 3083 δυνάμεως.
3438 3011 3616 3075 Εὐθὺς
3638 3011 3752 3082 γὰρ

2162 3102 2224 3156 οὐ
2261 3100 2402 3172 μετὰ
2436 3101 2605 3156 πολὺν
2636 3103 2828 3175 χρόνον
2873 3106 2908 3174 ἡ
2940 3103 3038 3174 μέν
3070 3101 3371 3174 βακτηρία,
3411 3106 3531 3168 ταῖς
3558 3103 3753 3174 ὄχθαις

2161 3191 2550 3265 ἐρῤιζωθεῖσα,
2570 3193 2786 3266 δένδρον
2805 3195 3039 3264 ἐγένετο.
3073 3196 3163 3267 Τῷ
3184 3195 3240 3248 δέ
3268 3195 3466 3266 ῥείθρῳ
3495 3194 3558 3248 τὸ
3581 3195 3753 3265 φυτὸν

2165 3282 2290 3354 ὅρος
2317 3283 2520 3356 ἐπάγη,
2541 3285 2637 3338 καὶ
2662 3285 2823 3357 μέχρι
2847 3285 2941 3340 τοῦ
2964 3285 3060 3341 νῦν
3088 3288 3200 3350 τοῖς
3225 3286 3543 3358 ἐπιχωρίοις
3565 3287 3754 3358 θέαμα

2168 3374 2378 3443 γίνεται
2398 3375 2458 3428 τὸ
2474 3376 2636 3444 φυτὸν
2658 3377 2750 3430 καὶ
2772 3378 3036 3450 διήγημα.
3054 3378 3224 3432 Ὅταν
3244 3378 3350 3450 γὰρ
3369 3378 3431 3443 ἐξ
3444 3378 3753 3450 ἐπομϐρίας

2171 3481 2231 3519 τε
2269 3463 2362 3517 καὶ
2386 3467 2709 3540 ,χειμάρρων
2734 3470 2762 3522 ὁ
2793 3468 2970 3534 Λύκος
2999 3472 3204 3535 ἐκεῖνος
3233 3470 3581 3543 πλημμυρῶν
3609 3471 3753 3525 κατὰ

2171 3553 2232 3608 τὸ
2259 3553 2486 3627 σύνηθες
2524 3557 2617 3610 καὶ
2651 3559 3049 3630 τραχυνόμενος
3076 3561 3330 3634 φέρηται,
3376 3561 3606 3634 φοϐερὸς
3629 3564 3755 3616 ἐπι·

2172 3647 2460 3717 καχλάζων
2491 3649 2570 3720 τῷ
2603 3649 2875 3721 ῥεύματι,
2925 3651 3047 3705 τότε
3076 3652 3205 3724 περὶ
3249 3653 3340 3707 τὸν
3375 3653 3628 3724 πυθμένα
3655 3653 3752 3706 τοῦ

2170 3737 2386 3811 δένδρου
2421 3740 2559 3794 κατὰ
2590 3741 2650 3794 τὸ
2692 3741 2860 3815 ἄκρον
2901 3742 3207 3812 ἐπιφαύσας
3252 3743 3332 3814 τῷ
3375 3743 3549 3810 ὕδατι,
3587 3744 3755 3798 πάλιν

2171 3831 2436 3900 ὁγκωθεὶς
2481 3832 2621 3885 κατὰ
2657 3833 2719 3885 τὸ
2747 3833 2911 3904 μέσον
2954 3834 3227 3888 συστέλλει
3266 3835 3326 3888 τὸ
3365 3835 3602 3906 ῥεῖθρον,
3654 3836 3754 3889 καὶ

2170 3917 2280 3976 οἷον
2311 3921 2642 3993 φοϐούμενος
2676 3924 2983 3995 ἐμπελάσαι
3009 3925 3085 3996 τῷ
3109 3925 3532 3998 δένδρῳ,.κυρτῷ
3555 3925 3634 3997 τῷ
3659 3925 3755 3980 κύ-

2175 4031 2300 4084 ματι
2319 4032 2467 4086 παρα
2475 4015 2650 4086 μείὸει
2670 4017 2758 4070 τὸν
2774 4017 2971 4088 χῶρον.
2996 4017 3232 4089 Τοιαύτη
3244 4018 3339 4072 τοῦ
3355 4018 3594 4090 μεγάλου
3616 4019 3657 4072 Γ
3660 4037 3753 4091 ρη-

2169 4106 2354 4178 γορίου
2384 4109 2416 4178 ὴ
2439 4107 2682 4177 δύναμις,
2709 4109 2907 4178 μᾶλλον
2927 4109 2982 4162 δὲ
3007 4109 3101 4162 τοῦ
3125 4109 3259 4163 Θεοῦ
3283 4109 3376 4163 τοῦ
3398 4111 3752 4182 ἐνεργοῦντος

2171 4198 2230 4250 ὲν
2261 4197 2451 4268 ἐκείνῳ
2483 4198 2550 4251 τὰ
2579 4197 2852 4268 θαύματα.
2901 4198 3168 4271 Καθάπερ
3198 4199 3306 4271 γὰρ
3336 4201 3630 4272 ὑποχειρία
3663 4218 3750 4265 τις

2169 4283 2304 4342 οὖσα
2323 4289 2430 4343 τῶν
2455 4290 2733 4360 στοιχείων
2766 4293 2800 4362 ἡ
2833 4290 2993 4359 φύσις
3022 4290 3297 4344 ἐδείκνυτο
3327 4292 3461 4361 πρὸς
3481 4293 3543 4345 τὸ
3559 4293 3750 4346 δοκοῦν

2171 4380 2548 4451 άλλασσομένη
2571 4385 2682 4444 τοῖς
2711 4381 3098 4452 ἐπιτάγμασιν,
3131 4381 3270 4436 ὥστε
3311 4382 3506 4455 λίμνην
3543 4385 3641 4454 μὲν
3667 4385 3752 4447 εἰς

2173 4469 2482 4541 πυροφόρον
2507 4471 2688 4542 χώραν
2717 4472 3096 4543 μετατεθῆναι,
3129 4473 3228 4536 τὰς
3260 4473 3316 4526 δέ
3346 4474 3621 4545 χαράδρας
3652 4473 3748 4527 τοῦ

2171 4560 2365 4624 ὓδατος
2412 4561 2736 4632 οἰκισθῆναι,
2794 4563 2892 4634 τῆς
2947 4564 3248 4636 βακτηρίας
3294 4565 3649 4637 ᾠκειωμένης
3688 4566 3752 4618 τὸ

2171 4651 2411 4722 ἀσφαλές
2447 4655 2560 4716 τοῖς
2593 4654 2927 4724 οἰκήτορσιν.
2982 4657 3192 4727 Ὀνομα
3233 4656 3290 4710 δὲ
3335 4658 3498 4730 μέχρι
3527 4658 3623 4712 τοῦ
3653 4659 3751 4713 νῦν

487 4734 658 4804 pione
731 4738 1085 4795 securitatem
1155 4741 1395 4798 futuram
1464 4743 1665 4799 accolis
1734 4745 2062 4814 spondente,

2172 4708 2284 4795 ἐστι
2303 4708 2624 4814 τῷνδένδρῳ,
2648 4743 2686 4810 ἠ
2705 4708 3035 4813 ἰϐάκτηρία,

489 4826 896 4883 babitarentur.
939 4829 1149 4887 Nomen
1188 4840 1369 4889 autem
1417 4835 1601 4890 arbori
1643 4851 1819 4906 usque
1853 4836 1920 4890 ad
1961 4836 2066 4892 hoc

487 4927 708 4990 tempus
743 4929 826 4977 est
856 4923 1019 4992 scipio
1054 4941 1073 4978 :
1106 4924 1254 4994 quod
1287 4941 1387 4996 pro
1420 4936 1776 4984 monumento
1818 4927 2063 5000 Gregorii

485 5009 744 5066 beneﬁcii
793 5020 956 5084 atque
1003 5015 1222 5072 virtutis
1275 5016 1343 5071 ab
1400 5019 1598 5076 incolis
1649 5019 1756 5074 loci
1802 5021 1859 5075 in
1911 5021 2064 5075 omni

484 5109 740 5179 tempore
782 5115 1054 5162 servatur.
1101 5107 1244 5174 Quid
1284 5126 1350 5166 ex
1397 5113 1735 5183 praplteticis
1777 5115 2062 5171 miraculis

487 5191 579 5248 bis
634 5192 800 5250 rebus
861 5212 925 5252 ex
977 5197 1209 5256 adverso
1253 5203 1630 5271 comparando
1683 5205 1884 5275 opponi
1939 5205 2061 5260 vis?

484 5279 677 5337 Dicam
697 5282 951 5344 Iordanis
974 5290 1297 5358 sectionem,
1332 5309 1493 5363 quam
1517 5296 1876 5365 percussione
1900 5297 2060 5367 pellis

483 5373 667 5458 ovilla:
702 5387 827 5432 ante
861 5383 1237 5439 ascensionem
1283 5384 1411 5442 fecit
1449 5385 1620 5454 Elias,
1666 5395 1719 5442 et
1747 5399 1869 5458 post
1903 5389 2059 5444 illum

487 5455 708 5517 ‘Eliscus
742 5463 917 5523 bar-res
935 5477 988 5524 et
1012 5470 1171 5540 pellis
1191 5481 1241 5529 et
1265 5474 1492 5546 spiritus
1522 5477 1709 5535 illius?
1728 5455 1796 5534 Ᾱι
1816 5486 2060 5552 tempore

563 5632 584 5664 '
621 5635 762 5688 Psal.
787 5651 877 5706 cu,
913 5642 965 5695 9.

2173 4833 2289 4903 ρίου
2321 4835 2543 4905 χάριτος
2586 4835 2679 4888 καὶ
2720 4834 3001 4908 δυνάμεως
3048 4841 3159 4902 τοῖς
3190 4840 3472 4911 ἐγχωρίοις
3504 4842 3562 4893 ἐν
3587 4842 3752 4895 παντὶ

2168 4926 2245 4996 τῷ
2268 4927 2442 4998 χρόνῳ
2461 4926 2782 4997 σωζόμενον.
2813 4929 2876 4981 Τί
2902 4929 3080 5000 βούλει
3106 4932 3315 4996 τούτοις
3339 4933 3445 4986 τῶν
3474 4951 3750 5005 προφητι-

2169 5018 2282 5070 κῶν
2328 5018 2621 5090 θαυμάτων
2667 5022 3164 5094 ἀντιπαρατεθῆναι
3221 5024 3311 5077 διὰ
3368 5025 3748 5097 συγκρίσεωςς

2169 5110 2320 5164 Εἴπω
2335 5112 2433 5180 τὴν
2444 5110 2533 5164 τοῦ
2547 5112 2810 5184 Ἰορδάνου
2823 5115 3011 5186 τομὴν,
3027 5116 3093 5184 ἢν
3106 5119 3168 5186 τῇ
3187 5115 3366 5186 πληγῇ
3379 5117 3478 5186 τῆς
3492 5118 3751 5187 μηλωτῆς

2166 5201 2196 5252 ὁ
2226 5202 2411 5266 Ἠλίας
2440 5203 2544 5274 πρὸ
2570 5205 2671 5274 τῆς
2717 5205 2903 5259 άνόδου
2932 5207 3262 5278 πεποίηται,
3299 5209 3392 5262 καὶ
3428 5212 3548 5279 μετ’
3583 5211 3749 5264 αὐτὸν

2180 5293 2478 5354 Ἐλισσαῖος
2506 5296 2534 5347 ό
2563 5295 2896 5369 κληρονόμος
2916 5299 3014 5369 τῆς
3052 5301 3305 5372 μηλωτῆς
3337 5303 3432 5355 καὶ
3461 5301 3554 5355 τοῦ
3587 5301 3750 5354 πνεύ-

2170 5404 2336 5456 ματος
2361 5403 2376 5453 ;
2417 5387 2554 5442 Ἀλλ’
2582 5390 2674 5443 ἐπὶ
2702 5389 2923 5458 τούτων,
2961 5392 3139 5462 μόνοις
3170 5395 3280 5456 τοῖς
3321 5395 3624 5466 προφήταις
3654 5393 3749 5446 ἐπὶ

2167 5478 2262 5533 τοῦ
2292 5479 2486 5554 καιροῦ
2510 5482 2610 5554 τῆς
2632 5483 2820 5554 χρείας
2850 5483 3157 5555 σχισθέντος
3185 5485 3277 5538 τοῦ
3303 5483 3512 5554 ὓδατος,
3546 5485 3634 5541 διὰ
3653 5482 3750 5539 τοῦ
