4068 6154
333 280 458 340 ⁷935

1323 280 1426 335 ‘DE
1460 281 1623 338 VlTA
1653 284 1725 338 ‘S.
1767 280 2096 338 CREGORII
2128 281 2653 354 TIIAUMATURCI.

3502 277 3606 333 934

354 395 629 466 ῥεύματος
673 394 926 458 διαϐατὸς
979 395 1007 446 ό
1061 393 1329 466 Ἰορδάνης
1371 395 1617 462 ἐγένετο,
1683 393 1932 447 τοσοῦτον

2043 395 2231 450 borum
2255 397 2671 465 prophetarum,
2699 408 2822 449 eum
2850 408 2953 448 usu
2978 398 3240 462 poscente
3270 403 3409 460 aqua
3433 393 3610 447 scissa

351 484 592 555 διασχὼν
623 486 682 538 ἐν
729 483 907 555 ἐαυτῷ
933 485 994 538 τὸ
1027 484 1259 554 ῥεῖθρον,
1289 484 1411 537 ὅσον
1440 486 1553 547 τοῖς
1595 484 1722 537 ποσὶ
1751 502 1930 554 παρα-

355 577 505 645 σχεῖν
531 576 640 628 τῶν
697 576 993 646 προφητῶν
1024 575 1112 628 διὰ
1152 573 1316 644 ξηροῦ
1340 575 1432 628 τοῦ
1460 574 1732 645 πυθμένος
1768 575 1933 629 ἐνδιο-

350 667 560 733 δεῦσαι,
587 668 665 738 τῷ
695 668 752 720 δέ
779 669 974 738 ἐφεξῆς
1000 668 1176 739 χρόνῳ
1203 669 1296 722 καὶ¹
1331 670 1442 732 τοῖς
1466 668 1674 732 λοιποῖς
1702 668 1812 722 τῶν
1839 669 1941 721 ἀν-

353 759 587 828 θρώπων
635 759 874 823 τοιοῦτος
918 756 1022 830 ἦν,
1067 756 1178 824 οἷος
1212 760 1306 814 καὶ
1353 759 1588 826 πρόσθεν
1628 755 1718 830 ἢν.
1755 759 1932 823 Λύκος

352 850 558 912 ἐκεῖνος
594 848 740 913 ἅπαξ
774 849 1047 913 ἀπωσθεὶς
1077 851 1178 920 τῆς
1226 850 1460 904 ἀτάκτου
1511 851 1702 922 φορᾶς,
1750 851 1830 913 είς
1872 849 1932 902 τὸ

352 936 438 988 ἀεὶ
465 937 527 989 τὸ
557 936 745 1008 θαῦμα
783 938 876 991 τοῦ
906 939 1204 1010 Γρηγορίου
1237 941 1401 1002 ποιεῖ,
1441 939 1605 992 παντὶ
1635 938 1713 1009 τῷ
1736 937 1932 1009 ἐφεξῆς

352 1029 530 1101 χρόνῳ
557 1032 796 1093 τοιοῦτος
827 1031 1022 1101 μένων,
1063 1026 1174 1084 οἷον
1206 1032 1366 1085 αὑτὸν
1391 1034 1425 1103 ἡ
1451 1031 1545 1084 τοῦ
1586 1031 1822 1102 μεγάλου
1846 1031 1933 1084 πί-

357 1136 474 1183 στις
517 1121 574 1174 ἐν
617 1122 695 1191 τῷ
735 1121 908 1193 καιρῷ
934 1122 1035 1193 τῆς
1064 1124 1506 1195 θαυματουργίας
1552 1124 1830 1194 ἐποίησεν.
1871 1123 1932 1176 Ὀ

342 1211 560 1274 οσκοπδς
596 1212 653 1264 δὲ
696 1213 804 1264 τῶν
851 1213 1154 1284 γινομένων
1191 1214 1314 1284 οὐχὶ
1345 1217 1378 1285 ή
1420 1214 1528 1267 τῶν
1562 1213 1812 1285 ὁρώντων
1837 1212 1931 1266 ἔκ-

342 1304 552 1374 ·πληξις
592 1300 661 1375 ἦν
686 1347 701 1370 ,
734 1305 916 1378 ἀλλ’ή
959 1307 1068 1359 τῶν
1097 1306 1531 1378 προσοικούντων
1578 1306 1656 1377 τῷ
1703 1304 1932 1376 ποταμῷ

344 1395 620 1466 θσωτηρία.
673 1396 838 1449 Ὥστε
879 1396 974 1449 τοῦ
1005 1396 1282 1468 θαύματος
1301 1397 1366 1449 τὸ
1391 1398 1505 1451 ἴσον
1535 1397 1750 1468 ἔχοντος
1780 1395 1933 1466 (ὑπο-

356 1490 526 1558 χωρεῖ
560 1487 668 1558 γὰρ
720 1488 814 1541 καὶ
860 1491 974 1552 τοῖς
1009 1491 1315 1561 προφήταις
1346 1489 1440 1542 καὶ
1465 1488 1540 1559 τῷ
1577 1490 1787 1559 μιμητῇ
1825 1486 1932 1540 τῶν

347 1580 654 1650 προφητῶν
693 1579 836 1633 κατὰ
863 1581 923 1634 τὸ
959 1579 1130 1652 ἵσονή
1166 1581 1261 1634 τοῦ
1303 1580 1493 1644 ὓδατος
1527 1580 1728 1650 φύσις),
1754 1581 1800 1632 εἰ
1826 1578 1932 1650 χρὴ

361 1671 499 1742 μετὰ
529 1672 842 1744 παρρησίας
875 1674 1070 1738 εἰπεῖν,
1109 1674 1421 1726 πλεονεκτεῖ
1449 1671 1526 1743 τῷ
1567 1670 1931 1742 φιλανθρώπῳ

2034 498 2217 551 esset,
2264 488 2498 553 accidit,
2541 498 2600 543 ut
2635 487 2740 557 ipsi
2784 486 2885 542 soli
2943 487 3218 556 prophetae
3264 500 3362 554 per
3404 482 3611 539 ﬂumen

2031 576 2290 632 Jordanis
2327 577 2564 631 transire
2593 583 2858 646 possent,
2908 591 3033 630 cum
3076 575 3268 629 tandiu
3303 574 3484 629 amnis
3521 573 3612 628 ille

2036 671 2092 724 in
2124 684 2249 724 sese
2284 667 2488 723 ﬂumen
2519 667 2842 732 diduxisset,
2887 668 3014 722 dum
3051 667 3218 722 siccis
3258 665 3488 736 pedibus
3518 681 3614 736 per

2039 761 2256 815 aridum
2310 762 2523 814 alveum
2589 759 2866 829 prophetae
2914 758 3236 812 transirent.
3298 755 3614 827 Insequenti

2034 870 2164 910 vero
2195 864 2436 924 tempore
2467 852 2693 923 reliquis
2735 867 2953 921 quoque
2986 851 3298 904 hominibus
3320 849 3448 903 talis
3469 857 3612 911 erat,

2033 947 2213 1016 qualis
2244 945 2404 1001 etiam
2430 954 2555 999 ante
2589 943 2880 997 transitum
2910 941 3130 995 illorum
3166 960 3178 995 :
3215 940 3394 1010 Lycus
3427 947 3611 992 autem

2034 1038 2125 1092 ille
2154 1036 2323 1092 semel
2368 1036 2437 1090 ab
2470 1035 2727 1090 insolenti
2768 1041 2934 1102 atque
2976 1031 3292 1085 inordinato
3323 1045 3492 1084 cursu
3528 1044 3616 1084 re-

2033 1130 2250 1200 pulsus,
2293 1143 2488 1183 recens
2533 1127 2587 1180 in
2625 1134 2947 1196 perpetuum
2993 1122 3244 1193 Gregorii
3282 1120 3614 1175 miraculum

2034 1219 2187 1286 facit,
2229 1219 2380 1272 omni
2414 1224 2716 1272 consecuto
2753 1225 2999 1284 tempore
3035 1214 3160 1268 talis
3188 1228 3440 1279 manens,
3473 1227 3615 1282 qua-

2032 1309 2139 1363 lem
2168 1323 2292 1363 eum
2317 1307 2498 1378 magni
2522 1308 2672 1361 illius
2699 1305 2856 1369 ﬁdes,
2885 1319 2993 1374 quo
3019 1311 3261 1374 tempore
3287 1302 3614 1355 miraculum

2034 1400 2340 1464 edebatur,
2399 1399 2601 1454 elIecit.
2649 1396 2785 1451 Nam
2832 1396 3176 1467 propositum
3239 1393 3321 1449 rei
3365 1392 3617 1463 gerendae

2034 1505 2145 1544 non
2192 1504 2258 1545 eo
2295 1491 2597 1559 spectabat,
2630 1496 2688 1544 ut
2717 1489 2810 1560 qui
2843 1488 3094 1542 viderent
3131 1487 3613 1553 obstupescerent,

2028 1581 2130 1638 sed
2157 1590 2214 1635 ut
2237 1581 2438 1635 accola:
2463 1579 2706 1635 ﬂuminis
2739 1589 3110 1634 servarenlur.
3147 1576 3336 1647 Itaque
3359 1589 3482 1629 cum
3518 1590 3620 1643 par

2037 1675 2108 1729 sit
2135 1673 2463 1727 miraculum
2503 1671 2684 1742 (cadit
2732 1673 2875 1726 enim
2917 1686 2983 1725 ex
3018 1685 3176 1740 azquo
3215 1677 3413 1722 natura
3460 1682 3618 1738 aquae

356 1763 418 1815 τὸ
450 1763 600 1832 παρά
623 1763 813 1816 τούτου
840 1764 1128 1833 γενόμενον
1146 1805 1158 1828 ,
1183 1763 1250 1815 δι’
1277 1757 1338 1815 οὗ
1365 1761 1472 1815 τῶν
1499 1761 1931 1833 προσοικούντων

2043 1773 2149 1819 tam
2187 1765 2494 1835 prophetis,
2530 1779 2692 1834 quam
2739 1763 3005 1817 imitatori
3051 1759 3514 1831 prophetarum),
3567 1758 3617 1814 si

354 1851 393 1918 ἠ
439 1849 680 1919 σωτηρία
727 1850 1164 1920 κατησφαλίσθη,
1217 1851 1308 1903 τοῦ
1361 1849 1554 1914 ὓδατος
1608 1849 1931 1922 πεδηθέντος

357 1939 506 2004 ἅπαξ
531 1941 649 1992 κατ’
688 1943 866 1993 ἐκεῖνο
902 1940 994 1994 τοῦ
1046 1940 1336 2012 ῥεύματος,
1379 1943 1474 1994 καὶ
1499 1943 1754 2011 ἀκινήτου
1798 1939 1932 2010 πρὸς

355 2029 418 2082 τὸ
441 2030 634 2100 ἐφεξῆς
662 2030 1027 2100 διαμένοντος.
1053 2029 1292 2100 Ἐπειδὴ,
1319 2028 1595 2098 πανταχοῦ
1627 2029 1726 2097 τῆς
1749 2027 1934 2100 χώρας

355 2120 465 2173 τῶν
498 2121 755 2174 τοιούτων
802 2121 1094 2191 θαυμάτων
1136 2119 1566 2188 διαφοιτώντων,
1609 2122 1674 2189 τῇ
1707 2118 1933 2188 δυνάμει

355 2216 456 2280 τῆς
474 2214 554 2276 εἰς
589 2213 821 2284 Χριστὸν
850 2213 1084 2276 πίστεως
1106 2212 1441 2283 ἐνεργεῖσθαι
1466 2211 1931 2279 πεπιστευμένων,

355 2305 453 2357 καὶ
483 2305 682 2368 πάντες
713 2305 955 2375 μετέχειν
985 2305 1292 2375 ἐπεθύμουν
1327 2303 1541 2372 ἐκείνης
1571 2305 1670 2372 τῆς
1701 2301 1934 2362 πίστεως

356 2394 458 2464 τῆς
506 2395 610 2448 ὑπὸ
652 2396 760 2449 τῶν
802 2395 1058 2449 τοιούτων
1111 2394 1565 2468 μαρτυρουμένης
1614 2392 1932 2462 θαυμάτων,

355 2487 451 2539 καὶ
473 2486 746 2555 πανταχοῦ
783 2486 978 2558 προῄει
1006 2487 1065 2540 τὸ
1091 2489 1372 2558 κήρυγμα,
1405 2486 1499 2538 καὶ
1529 2484 1749 2553 ἐνεργὸν
1778 2478 1844 2553 ἦν
1869 2481 1932 2534 τὸ

359 2578 659 2648 μυστήριον
700 2579 794 2631 καὶ
821 2580 854 2649 ή
883 2576 1084 2648 σπουδὴ
1121 2579 1258 2647 πρὸς
1287 2577 1348 2629 τὸ
1377 2575 1582 2644 ἀγαθὸν
1609 2573 1934 2639 ἐπετείνετο,

354 2667 454 2737 τῆς
490 2667 792 2738 ἱερωσύνης
826 2668 976 2738 παρά
1012 2668 1147 2720 πᾶσι
1188 2663 1618 2735 καθισταμένης,
1651 2663 1726 2726 ὡς
1755 2661 1821 2716 ἂν
1849 2659 1938 2714 διὰ

357 2758 578 2811 πάντων
605 2761 641 2830 ή
672 2759 853 2821 πίστις
880 2757 1163 2822 πλεονάζοι
1191 2757 1286 2811 καὶ
1315 2756 1560 2824 αύξοιτο·
1604 2756 1812 2823 γίνεται
1843 2747 1936 2806 οὖν

357 2849 623 2920 πρεσϐεία
651 2851 786 2922 πρὸς
829 2850 994 2904 αὐτὸν
1026 2851 1090 2903 ἐκ
1125 2848 1333 2912 πόλεώς
1369 2865 1514 2910 τινος
1539 2845 1934 2914 ἀστυγείτονος,

356 2943 530 2996 ἐλθεῖν
564 2943 700 3015 πρὸς
733 2945 947 3008 αὐτοὺς,
981 2945 1076 2996 καὶ
1118 2944 1217 3014 τὴν
1266 2944 1394 3014 παρ’
1425 2944 1609 3006 αὐτοῖς
1643 2939 1937 3012 ἐκκλησίαν

355 3035 444 3089 διὰ
467 3036 566 3108 τῆς
589 3035 889 3108 ἱερωσύνης
911 3037 1303 3107 συστήσασθαι.
1348 3036 1593 3108 Κώμανα
1614 3036 1669 3089 δὲ
1694 3037 1760 3106 τῇ
1785 3034 1936 3088 πόλει

2037 1859 2270 1928 ingenue
2299 1858 2484 1912 dicere
2509 1855 2598 1924 (id
2631 1855 2776 1924 quod
2809 1871 2896 1909 res
2927 1852 3046 1923 est)
3079 1860 3329 1921 oportet:
3357 1852 3534 1922 major
3560 1851 3617 1905 in

2037 1951 2220 2017 hujus,
2257 1963 2421 2018 quam
2463 1948 2518 2001 in
2556 1947 2773 2001 illorum
2814 1945 2964 1999 facto
3011 1944 3328 1998 humanitas
3365 1951 3471 2007 est,
3519 1958 3617 2012 per

2035 2040 2185 2110 quod
2217 2041 2369 2095 salus
2400 2039 2602 2094 accolis
2627 2039 2681 2092 in
2719 2045 2841 2090 tuto
2875 2037 3140 2090 collocata
3169 2043 3272 2101 est,
3319 2051 3444 2090 cum
3475 2048 3618 2106 aqua

2036 2131 2184 2185 circa
2235 2131 2380 2183 illam
2428 2136 2634 2199 partem
2683 2127 2924 2182 ﬂuminis
2962 2127 3130 2183 semel
3172 2128 3411 2182 coercita
3453 2135 3618 2196 atque

2035 2233 2288 2288 repressa
2333 2219 2587 2274 etiamin
2639 2226 2917 2288 posterum
2964 2219 3329 2288 permanserit
3361 2217 3614 2270 immota.

2035 2309 2395 2378 Posteaquam
2451 2317 2635 2363 autem
2690 2308 2958 2379 ejusmodi
3015 2309 3442 2372 miraculorum,
3491 2320 3618 2377 qua:

2037 2403 2240 2456 virtute
2269 2401 2393 2456 ﬁdei
2423 2401 2477 2456 in
2507 2401 2786 2456 Christum
2814 2401 2941 2476 \lieri
2964 2401 3350 2463 credebantur,
3379 2400 3523 2454 fama
3559 2400 3619 2454 in

2036 2508 2228 2548 omnes
2279 2500 2468 2563 partes
2525 2493 2772 2564 regionis
2824 2492 3177 2570 dimanante,
3231 2507 3425 2548 omnes
3471 2492 3620 2547 illius

2041 2585 2188 2650 ﬁdei,
2216 2601 2338 2656 quae
2371 2586 2562 2639 talium
2599 2585 2993 2640 miraculorum
3021 2585 3336 2640 testimonio
3366 2599 3622 2656 compro-

2038 2677 2289 2741 baretur,
2331 2676 2625 2747 participes
2656 2691 2781 2733 esse
2807 2677 3122 2747 cupiebant,
3160 2683 3215 2731 et
3249 2674 3451 2746 ubique
3478 2692 3620 2747 prae-

2040 2770 2247 2825 dicatio
2288 2769 2643 2839 procedebat.
2685 2769 3009 2840 mysterium
3044 2770 3064 2838 (
3089 2769 3355 2838 strenue)
3390 2784 3620 2826 exerce-

2038 2859 2238 2923 batur,
2284 2859 2530 2914 studium
2581 2858 2710 2913 boni
2763 2857 3193 2912 intendebatur:
3227 2857 3430 2928 quippe
3478 2859 3622 2928 apud

2041 2965 2233 3006 omnes
2268 2950 2641 3006 sacerdotium
2690 2951 3167 3016 constituebatur,
3200 2959 3258 3005 ut
3291 2966 3389 3020 per
3431 2951 3624 3006 omnia

2044 3040 2178 3096 ﬁdes
2222 3049 2497 3096 cresceret
2537 3048 2592 3096 et
2635 3047 2974 3110 augeretur:
3007 3041 3216 3096 idcirco
3281 3057 3348 3096 ex
3388 3041 3624 3097 linitima

357 3107 614 3198 τοῦνομα,
648 3121 682 3202 ᾖ
717 3107 1109 3198 ἐπιξενωθῆναι
1137 3127 1227 3182 τὸν
1252 3128 1425 3200 μέγαν
1453 3128 1637 3199 ἠξίουν
1668 3125 1940 3197 πανδημεὶ

2046 3133 2283 3203 quadam
2309 3133 2535 3188 civitate
2560 3107 2797 3188 mittitur
2819 3133 2886 3188 ad
2913 3148 3038 3188 eum
3075 3133 3296 3204 legatio,
3330 3145 3391 3188 ut
3411 3134 3627 3190 veniret

366 3220 568 3284 πάντες
605 3220 706 3291 τὴν
729 3221 892 3291 χάριν
916 3221 1247 3291 αἰτούμενοι.

2049 3223 2119 3278 ad
2152 3223 2324 3293 ipsos,
2348 3233 2403 3278 et
2435 3224 2761 3288 Ecclesiam,
2788 3238 2912 3295 quae
2943 3232 3091 3279 esset
3120 3224 3263 3292 apud
3293 3239 3410 3288 eos,
3444 3239 3627 3281 sacer-

359 3319 488 3370 dote
522 3314 813 3386 designato
853 3317 1237 3372 constitueret.
1279 3313 1523 3370 Comana
1559 3321 1741 3370 autem
1790 3315 2006 3372 civitati
2037 3333 2238 3374 nomen
2307 3325 2425 3374 erat
2459 3336 2474 3372 :
2545 3318 2707 3390 cujus
2728 3321 2808 3391 Lut
2870 3318 3074 3390 hospes
3137 3334 3372 3390 magnus
3408 3319 3512 3376 iste
3543 3320 3629 3376 vir

361 3427 488 3468 esse
527 3411 728 3474 vellet,
770 3412 934 3482 vulgo
985 3425 1178 3466 omnes
1234 3411 1380 3466 hanc
1414 3411 1627 3466 veniam
1673 3411 1783 3468 sibi
1821 3411 1943 3468 dari
1981 3422 2230 3484 petentes
2259 3413 2513 3470 orabant.

434 3502 728 3572 Γενόμενος
773 3502 950 3555 τοίνυν
1009 3502 1140 3576 παρ’
1189 3502 1375 3566 αὐτοῖς
1414 3501 1510 3556 καλ⁸
1573 3502 1950 3573 συνδιαγαγὼν

363 3594 584 3666 ἡμέρας
613 3593 785 3657 τινὰς,
817 3592 913 3645 καὶ
946 3592 1144 3663 μᾶλλον
1168 3592 1350 3656 αὐτοῖς
1373 3593 1470 3663 τὴν
1493 3591 1622 3663 περὶ
1652 3592 1714 3646 τὸ
1746 3592 1952 3664 μυστή-

367 3704 480 3758 ριον
521 3685 814 3756 ἐπιθυμίαν
846 3684 1049 3754 ἐξάψας
1086 3679 1168 3749 οἷς
1201 3685 1376 3738 ἐποίει
1397 3701 1457 3737 τε
1491 3685 1584 3738 καὶ
1617 3684 1947 3753 ἐφθέγγετο·

364 3776 550 3849 ἐπειδὴ
579 3776 767 3849 καιρὸς
791 3772 859 3848 ἦν
887 3777 982 3830 καὶ
1009 3777 1110 3847 τὴν
1139 3775 1438 3850 πρεσϐείαν
1467 3776 1646 3831 αὐτῶν
1667 3778 1748 3841 εἰς
1776 3775 1950 3846 πέρας

364 3864 560 3928 ἐλθεῖν,
585 3867 678 3919 καὶ
703 3865 1086 3936 ἀναδειχθῆναι
1108 3882 1229 3918 τινα
1253 3865 1351 3937 τῆς
1371 3865 1501 3938 παρ’
1523 3865 1708 3928 αὐτοῖς
1721 3863 1944 3936 Ἐκκληο

369 3955 491 4019 σίας
509 3954 772 4026 ἀρχιερέα
792 3971 806 3985 ο
832 3954 952 4007 τότε
979 3953 1087 4008 τῶν
1114 3954 1210 4025 μέν
1232 3956 1289 4008 ἐν
1309 3954 1452 4008 τέλει
1481 3955 1699 4009 πάντων
1726 3956 1780 4009 αῖ
1803 3953 1944 4024 γνῶ-

371 4047 608 4118 μαιτοὺς
633 4045 885 4116 προέχειν
909 4045 1201 4110 δοκοῦντας
1217 4046 1358 4118 λόγῳ
1378 4065 1438 4100 τε
1461 4048 1557 4100 καὶ
1582 4048 1749 4115 γένει,
1764 4047 1856 4100 καὶ
1873 4047 1940 4117 τῇ

370 4137 528 4208 λοιπῇ
559 4138 884 4208 περιφάνεια
905 4137 1368 4209 περιειργάζοντο.
1391 4139 1578 4210 ᾪοντο
1603 4137 1730 4208 γὰρ,
1757 4137 1943 4208 ἐπειδὴ

372 4227 661 4282 καὶταῦτα
685 4245 751 4280 πε
759 4229 812 4302 pl
835 4229 928 4282 τὸν
961 4227 1134 4298 μέγαν
1150 4228 1445 4300 Γρηγόριον
1467 4224 1555 4300 ἦν,
1583 4229 1715 4300 μηδέ
1738 4229 1945 4281 τούτων

372 4321 494 4384 δεῖν,
515 4320 742 4392 ἄμοιρον
773 4317 945 4389 εἶναι,
977 4322 1068 4376 τὸν
1113 4322 1206 4375 ἐπὶ
1246 4320 1344 4392 τὴν
1377 4321 1535 4392 χάριν
1563 4322 1766 4392 ταύτην
1793 4319 1946 4392 ἐρχό-

2119 3506 2258 3561 Cum
2303 3505 2550 3561 venisset
2595 3519 2727 3574 ergo
2756 3504 2826 3560 ad
2856 3519 2986 3573 eos,
3031 3511 3087 3559 et
3131 3504 3341 3575 aliquot
3368 3505 3488 3563 dies
3517 3521 3627 3562 una

2047 3603 2410 3652 conversatus
2443 3601 2559 3648 tum
2595 3593 2794 3661 dictis,
2827 3601 2942 3648 tum
2977 3593 3139 3648 factis
3169 3595 3285 3650 suis
3317 3595 3494 3666 magis
3528 3610 3628 3652 eo-

2046 3704 2169 3743 rum
2199 3688 2440 3743 studium
2463 3703 2592 3758 erga
2619 3687 2938 3760 mysterium
2971 3687 3329 3754 incendisset,
3359 3703 3488 3743 cum
3509 3688 3624 3758 jam

2049 3787 2264 3849 tempus
2310 3784 2460 3834 esset
2513 3777 2682 3833 etiam
2737 3776 2790 3832 id
2848 3776 3164 3848 negotium,
3216 3785 3440 3847 propter
3473 3778 3624 3848 quod

2049 3869 2211 3942 legati
2255 3867 2324 3923 ad
2362 3883 2486 3924 eum
2533 3867 2688 3924 missi
2732 3874 2912 3934 erant,
2953 3867 3021 3922 ad
3050 3869 3260 3922 exitum
3293 3867 3624 3934 deducendi,

2047 3977 2112 4016 ac
2143 3959 2471 4032 designandi
2506 3958 2743 4029 aliquem
2788 3973 2978 4014 eorum
3013 3957 3272 4014 Ecclesiae
3302 3959 3625 4030 primarium

2047 4052 2389 4108 sacerdotem
2427 4065 2441 4101 :
2479 4057 2610 4104 tunc
2645 4048 2956 4120 principum
2996 4048 3222 4120 quidem
3256 4058 3311 4105 et
3335 4051 3628 4122 magistra-

2048 4154 2201 4198 tuum
2229 4142 2472 4198 civitatis
2508 4141 2755 4197 omnium
2791 4143 3076 4198 sententiae
3114 4143 3171 4199 in
3202 4143 3308 4200 hoc
3348 4155 3629 4216 occupata

2049 4243 2226 4301 erant,
2259 4244 2320 4288 ut
2357 4232 2520 4289 anxie
2560 4244 2726 4304 atque
2759 4234 2980 4290 curiose
3016 4234 3363 4306 inquirerent
3391 4251 3457 4292 ac
3489 4236 3630 4291 scis-

2052 4327 2378 4392 citarentur,
2413 4326 2506 4396 qui
2534 4325 2872 4396 eloquentia,
2897 4326 2992 4397 qui
3031 4342 3258 4398 genere,
3301 4329 3630 4396 reliquoque

377 4428 558 4483 μενον.
589 4413 835 4485 Πολλαχῆ
862 4414 917 4467 δὲ
942 4417 1062 4478 ταῖς
1089 4413 1290 4486 ψήφοις
1319 4413 1712 4486 μεριζομένων,
1745 4414 1838 4466 καὶ
1868 4412 1940 4467 ἄλ·

2055 4419 2181 4473 vitae
2210 4417 2506 4489 splendore
2540 4426 2771 4473 caeteros
2796 4417 3104 4488 praecedere
3131 4418 3430 4473 videretur.
3461 4415 3632 4472 Puta-

374 4505 482 4558 λων
511 4505 668 4559 ἄλλον
695 4508 1162 4580 προαιρουμένων,
1194 4507 1456 4577 ἀνέμενεν
1498 4509 1526 4559 ὁ
1567 4505 1741 4576 μέγας
1767 4504 1950 4559 θεόθεν

376 4595 526 4668 αὐτῷ
558 4597 810 4665 γενέσθαι
830 4598 952 4651 τινὰ
978 4599 1113 4670 πρὸς
1147 4598 1209 4652 τὸ
1238 4597 1595 4669 προκείμενον
1619 4595 1948 4668 συμϐουλήν.

375 4689 487 4742 Καὶ
500 4687 683 4753 καθὼς
697 4691 724 4742 ὁ
740 4689 991 4760 Σαμουὴλ
1006 4689 1423 4760 μνημονεύεται,
1447 4689 1521 4760 μὴ
1534 4687 1951 4758 καταπλαγῆναι

377 4783 572 4848 κάλλος
608 4785 876 4853 σωμάτων
913 4783 1009 4836 καὶ
1051 4783 1275 4852 μέγεθος
1319 4785 1376 4837 ἐν
1417 4785 1482 4854 τῇ
1527 4782 1629 4852 τῆς
1678 4781 1953 4852 βασιλείας

377 4875 578 4948 κρίσει,
605 4875 741 4929 ἀλλά
765 4873 940 4944 ψυχὴν
959 4872 1232 4944 ἐπιζητεῖν
1252 4873 1552 4945 βασιλικήν,
1573 4874 1675 4928 κᾶν
1705 4875 1763 4928 ἐν
1785 4891 1954 4928 καταε-

377 4967 730 5039 φρονουμένῳ
764 4963 974 5036 σώματι
999 4963 1168 5036 τύχη·
1215 4964 1305 5017 τὸν
1352 4965 1511 5019 αὐτὸν
1540 4965 1739 5036 τρόπον
1765 4965 1952 5019 κάκεῖ-

378 5079 497 5127 νος,
553 5060 652 5124 τὰς
698 5056 826 5129 περὶ
873 5055 1103 5109 ἑκάστου
1141 5053 1250 5108 τῶν
1290 5055 1674 5127 ἐψηφισμένων
1720 5057 1953 5122 σπουδὰς

380 5151 783 5223 παραϐλέπων,
834 5146 969 5220 πρὸς
1002 5145 1061 5199 ἐν
1108 5145 1334 5216 ἀφεώρα
1379 5147 1572 5218 μόνον,
1631 5149 1684 5201 et
1725 5166 1806 5213 τις
1859 5149 1954 5202 καὶ

381 5243 490 5314 πρὸ
519 5243 616 5312 τῆς
641 5238 1031 5312 ἀνακηρύξεως
1051 5277 1066 5303 ,
1114 5237 1182 5290 δι’
1215 5238 1530 5309 ἐπιμελείας
1558 5239 1673 5310 βίου
1703 5240 1795 5293 καὶ
1827 5240 1955 5312 ἀρε-

379 5336 502 5406 τῆς,
525 5337 582 5388 ἐν
613 5334 692 5405 τῷ
712 5336 897 5408 τρόπῳ
924 5332 1020 5402 τὴν
1051 5329 1349 5402 ἱερωσύνην
1370 5330 1546 5402 φέροι.
1588 5333 1676 5396 Ὠς
1699 5332 1752 5387 δὲ
1773 5332 1823 5385 οἱ
1857 5332 1954 5403 μὲν

380 5427 632 5500 παρῆγον
664 5428 788 5490 τοὺς
817 5423 1296 5496 ύπεψηφισμένους
1343 5424 1456 5492 μετ’
1488 5424 1799 5495 ἐγκωμίων,
1821 5423 1956 5476 ἔκα-

385 5538 508 5584 στος
538 5521 629 5572 τὸν
661 5522 790 5590 παρ’
837 5516 1002 5572 αὐτοῦ
1043 5513 1507 5588 προϐαλλόμενος,
1557 5515 1584 5567 ὁ
1612 5516 1666 5568 δὲ
1693 5516 1786 5568 καὶ
1819 5516 1956 5586 πρὸς

383 5613 510 5674 τοὺς
539 5608 950 5680 εὐτελεστέρους
978 5605 1120 5660 κατὰ
1152 5603 1212 5657 τὸ
1233 5602 1326 5656 τοῦ
1364 5601 1478 5673 βίου
1513 5603 1698 5673 σχῆμα
1739 5601 1956 5673 βλέπειν

384 5698 668 5756 ἐκελεύετο
715 5697 962 5767 (δυνατὸν
1011 5694 1118 5765 γὰρ
1147 5688 1285 5747 εἶναι
1330 5691 1424 5744 καὶ
1454 5693 1510 5746 ἐν
1552 5693 1662 5754 τοῖς
1697 5694 1954 5755 τοιούτοις

2053 4507 2184 4562 bant
2221 4507 2392 4571 enim,
2428 4507 2686 4578 quoniam
2723 4508 2888 4562 etiam
2916 4506 3003 4561 bis
3037 4506 3197 4561 bonis
3225 4520 3457 4576 magnus
3490 4505 3630 4561 Gre-

2052 4601 2241 4671 gorius
2285 4598 2600 4655 cumulatus
2644 4605 2793 4663 erat,
2835 4612 2938 4652 nee
2965 4610 3155 4651 earum
3194 4594 3414 4666 quidem
3442 4611 3628 4650 rerum

2053 4695 2310 4759 oportere
2339 4699 2616 4758 expertem
2651 4702 2795 4748 esse,
2831 4687 2923 4755 qui
2951 4684 3020 4739 ad
3053 4685 3159 4739 hoc
3185 4699 3386 4740 munus
3419 4684 3630 4755 delige-

2053 4790 2227 4834 retur.
2257 4778 2392 4834 Cum
2418 4786 2600 4832 autem
2635 4777 2690 4830 in
2717 4776 2918 4832 multas
2950 4783 3136 4847 partes
3167 4774 3446 4848 suﬂ'ragiis
3480 4777 3630 4832 scin-

2055 4869 2337 4934 derentur,
2359 4879 2410 4924 et
2429 4869 2519 4922 alii
2540 4867 2706 4922 alium
2723 4874 3091 4938 praeoptarent
3105 4874 3268 4938 atque
3282 4868 3627 4938 praeferrent,

2053 4962 2408 5031 exspectabat
2441 4960 2532 5016 ille
2561 4959 2645 5014 vir
2677 4975 2910 5030 magnus
2955 4956 3222 5014 divinitus
3266 4958 3488 5030 aliquod
3521 4959 3628 5016 sibi

2056 5054 2351 5110 consilium
2382 5052 2452 5106 ad
2477 5053 2821 5124 propositum
2852 5050 3130 5122 negotium
3159 5051 3517 5120 suppeditari.
3548 5051 3630 5106 Ac

2055 5143 2518 5216 quemadmodum
2552 5143 2772 5199 Samuel
2802 5145 2856 5198 in
2882 5142 3133 5213 eligendo
3159 5158 3287 5213 rege
3317 5142 3490 5198 fertur
3517 5158 3628 5197 non

2055 5234 2464 5306 pulchritudine
2517 5251 2616 5290 nec
2667 5234 3046 5305 magnitudine
3096 5247 3389 5304 corporum
3444 5242 3631 5288 motus

2057 5341 2201 5389 esse,
2247 5322 2341 5378 sed
2385 5323 2630 5377 animum
2668 5325 2876 5395 regium
2909 5322 3292 5393 requisivisse,
3325 5323 3541 5379 etiamsi
3574 5324 3631 5380 in

2059 5420 2373 5483 contempto
2406 5411 2547 5466 forte
2578 5426 2810 5482 corpore
2845 5413 3179 5482 reperiretur
3209 5432 3224 5467 :
3255 5413 3445 5468 eodem
3471 5415 3633 5468 modo

2059 5506 2224 5561 etiam
2269 5503 2380 5566 ille,
2418 5501 2618 5558 studiis
2661 5515 2789 5571 erga
2815 5515 3259 5571 unumquemque
3283 5515 3496 5566 eorum,
3533 5500 3629 5570 qui

2059 5598 2507 5663 destinabantur,
2554 5595 2817 5668 neglectis
2838 5635 2854 5663 ,
2884 5594 2936 5648 id
2965 5609 3134 5649 unum
3170 5593 3435 5648 duntaxat
3470 5608 3628 5664 spec-

2059 5689 2246 5755 tabat,
2288 5703 2356 5743 an
2394 5684 2593 5758 aliquis
2634 5685 2798 5742 etiam
2841 5691 2969 5742 ante
3005 5683 3432 5742 declarationem
3464 5683 3618 5738 indu-
