4068 6154
460 219 562 278 935

1689 217 1754 272 's.
1797 211 2118 270 anGonu
2147 169 2446 267 ‘NYSSENI

3593 201 3701 262 933

457 333 594 390 atria
634 333 758 389 vitm
808 340 971 404 atque
1020 331 1223 387 virtute
1253 330 1308 384 in
1356 329 1603 387 moribus
1655 306 2021 386 sacerdotium

2138 326 2417 399 εὑρεθῆναί
2453 341 2574 378 τινα
2623 324 2731 377 τῶν
2772 321 3244 393 περιφανεστέρων
3287 317 3365 389 τῷ
3413 315 3512 388 βίῳ
3561 314 3703 369 κατά

457 432 717 497 gestaret.
755 424 890 478 Cum
940 431 1122 477 autem
1165 420 1244 476 illi
1290 421 1510 490 quidem
1540 421 1904 491 producerent
1933 435 2028 476 eos

458 516 528 572 de
551 516 750 586 quibus
784 513 1106 585 suffragium
1149 511 1405 578 ferretur,
1445 527 1608 582 quem
1641 511 1876 582 quisque
1902 527 2030 580 pro-

459 616 702 662 moveret
751 605 872 674 ejus
930 603 1288 658 honorificam
1345 605 1681 659 mentionem
1735 603 2027 666 facientes,

460 707 622 766 atque
647 696 756 760 hic,
782 705 843 748 ut
875 697 1038 749 etiam
1068 695 1322 748 viliorum
1352 693 1520 764 (quod
1551 694 1618 748 ad
1648 694 1768 746 vita:
1795 693 2030 762 speciem

460 786 676 857 attinet)
723 788 988 841 rationem
1037 786 1305 840 haberent
1345 800 1442 840 eos
1485 786 1799 839 hortaretur
1850 788 2034 853 (posse

460 876 607 932 enim
653 877 816 931 etiam
864 879 917 930 in
955 877 1155 931 talibus
1185 877 1413 946 reperiri
1445 876 1702 946 aliquem,
1743 876 1835 945 qui
1867 877 2032 930 animi

461 969 622 1022 bonis
648 984 811 1038 super
844 985 940 1024 eos
973 970 1258 1033 emineret,
1285 970 1377 1038 qui
1409 969 1535 1022 vitae
1565 968 1860 1037 splendore
1894 981 2035 1036 prae-

463 1062 748 1123 starent):
794 1060 1014 1119 quidam
1051 1075 1121 1115 ex
1162 1061 1261 1123 iis,
1312 1060 1402 1128 qui
1442 1070 1708 1128 praeerant
1763 1056 2036 1126 suffragiis

464 1147 735 1212 ferendis,
777 1162 895 1202 eam
944 1149 1125 1216 magni
1177 1147 1323 1202 illius
1355 1145 1678 1201 sententiam
1713 1159 1812 1214 pro
1841 1151 2034 1199 contu-

463 1239 626 1292 melia
651 1247 815 1307 atque
840 1239 1113 1293 derisione
1141 1237 1368 1306 aecepit,
1395 1237 1464 1302 si,
1491 1251 1614 1290 cum
1645 1234 1828 1290 nullus
1846 1247 2035 1289 eorum

465 1331 561 1399 qui
605 1339 659 1384 et
695 1329 1008 1399 eloquentia
1057 1340 1113 1384 et
1149 1329 1416 1400 dignitate
1447 1335 1499 1382 et
1532 1325 1822 1381 manifesto
1861 1325 2038 1380 facul-

467 1427 638 1470 tatum
681 1417 805 1470 vitae.
846 1414 1134 1486 splendore
1178 1413 1394 1471 caeteris
1440 1415 1651 1486 przela'ti
1708 1421 1921 1477 essent,
1970 1413 2038 1469 ad

467 1507 833 1563 sacerdotium
869 1507 1268 1572 admitteretur,
1298 1523 1363 1562 ex
1395 1504 1686 1575 opificibus
1717 1504 2038 1568 sellulariis,

2126 417 2219 470 τὸν
2241 417 2468 470 πλοῦτον
2495 416 2595 486 τῆς
2616 415 2792 487 ψυχῆς
2824 414 3196 485 ὑψηλότερον),
3233 411 3392 482 ὓϐριν
3429 407 3584 480 ᾠήθη
3615 425 3702 472 τις

2127 507 2236 560 τῶν
2287 507 2702 578 προεστηκότων
2747 507 2848 577 τῆς
2887 506 3066 576 ψήφου
3107 504 3204 558 καὶ
3255 501 3559 573 χλευασμὸν
3603 499 3704 572 τὴν

2109 596 2382 667 ’τοιαύτην
2424 594 2517 650 τοῦ
2561 597 2796 667 μεγάλου
2840 596 3048 664 κρίσιν,
3083 597 3152 660 εἰ,
3198 593 3276 664 τῷ
3300 592 3442 662 λόγῳ
3486 591 3581 644 καὶ
3624 589 3703 659 τῷ

2131 685 2398 757 ἀξιώματι
2439 687 2534 740 καὶ
2575 690 2640 758 τῇ
2679 687 2976 757 φαινομένῃ
3010 684 3104 738 τοῦ
3153 684 3282 754 βίου-
3301 681 3575 754 μαρτυρίᾳ
3613 698 3705 735 ze-

2133 775 2405 845 κριμένων
2455 774 2563 827 τῶν
2611 775 2817 838 ἄλλων,
2872 773 3099 844 μηδενὸς
3145 773 3238 824 ἐπὶ
3272 771 3370 841 τὴν
3406 767 3704 841 ἱερωσύνην

2133 867 2582 936 παραδεχθέντος,
2601 867 2666 918 ἐκ
2686 866 2795 918 τῶν
2811 865 2982 935 βαναύ
2992 883 3097 918 σων
3117 864 3250 935 πρὸς
3269 862 3524 932 τοιαύτην
3544 863 3705 932 χάριν

2133 957 2436 1029 νομίζοιντό
2452 975 2596 1021 τινες
2616 957 2917 1028 ἀξιώτεροι·
2937 956 3032 1009 καὶ
3053 957 3168 1023 ἅμα
3183 953 3705 1021 κατειρωνευόμενος

2134 1048 2445 1120 προσελθὼν
2477 1048 2614 1120 πρὸς
2653 1047 2813 1102 αὑτὸν
2839 1088 2853 1113 ,
2898 1049 2968 1102 Ei
3003 1046 3188 1100 ταῦτα
3225 1047 3511 1110 κελεύεις,
3552 1044 3702 1114 φησὶ,

2134 1143 2384 1207 τούτους
2416 1141 2534 1210 μὲν
2566 1141 2874 1206 τοιούτους
2921 1139 3100 1204 ὄντας
3137 1136 3528 1206 περιοφθῆναι
3566 1135 3706 1199 τοὺς

2136 1231 2339 1299 πάσης
2361 1231 2812 1300 ἐξειλεγμένους
2835 1228 2944 1297 τῆς
2965 1230 3216 1294 πόλεως,
3235 1229 3306 1281 ἐκ
3325 1226 3391 1279 δὲ
3419 1226 3540 1279 τῶν
3564 1242 3708 1292 συρ-

2137 1320 2331 1392 φετῶν
2353 1325 2440 1389 είς
2460 1323 2838 1391 προστασίαν
2866 1322 2976 1391 τῆς
3014 1320 3342 1390 ἱερωσύνης
3369 1315 3709 1386 ἀναληφθῆ-

2137 1413 2239 1466 mi
2257 1429 2419 1477 τινα,
2459 1411 2581 1481 ὥρα
2610 1427 2709 1466 σοι
2753 1412 2971 1466 λοιπὸν
3009 1410 3119 1464 τὸν
3162 1409 3460 1478 ἀνθρακέα
3503 1405 3709 1460 καλεῖν

2139 1503 2239 1556 ἐπὶ
2273 1503 2388 1571 τὴν
2430 1505 2767 1573 ἱερωσύνην
2803 1501 3192 1570 Ἀλέξανδρον
3213 1515 3229 1530 °
3291 1498 3710 1568 καὶμεταϐἁνά

427 1658 435 1667 ι
468 1595 673 1665 quique
712 1595 899 1649 labore
929 1611 1189 1650 manuum
1221 1596 1390 1650 vitam
1423 1596 1754 1662 tolerarent,
1795 1595 1864 1649 ad
1888 1595 2037 1663 ejus-

2139 1609 2238 1659 τες
2285 1594 2382 1646 ἐπὶ
2425 1594 2674 1658 τοῦτον,
2704 1596 2755 1647 εί
2792 1591 2985 1671 δρκεῒ,
3032 1589 3532 1662 συμφωνήσωμεν
3562 1587 3712 1655 πρὸς

467 1685 618 1740 modi
641 1700 841 1739 munus
872 1685 1042 1754 aliqui
1081 1686 1256 1755 magis
1287 1685 1398 1755 apti
1438 1692 1492 1740 et
1530 1685 1710 1740 idonei
1753 1685 2037 1740 existima-

2139 1685 2450 1751 ἀλλήλους
2477 1684 2605 1750 ταῖς
2636 1683 2862 1754 ψήφοις
2887 1685 2925 1753 η
2957 1684 3132 1749 πόλις
3155 1681 3342 1737 πᾶσα.
3407 1680 3467 1734 '0
3495 1679 3592 1750 μέν
3619 1674 3710 1731 οὖν

467 1783 695 1841 rentur,
728 1785 783 1830 et
827 1777 992 1831 simul
1030 1777 1296 1830 cavillans
1339 1791 1465 1830 cum
1499 1773 1734 1846 quadam
1780 1776 2041 1832 irrisione

469 1866 538 1919 ad
567 1883 690 1920 eum
716 1905 732 1930 ,
776 1865 834 1921 Si
863 1866 994 1929 haec,
1029 1866 1227 1936 inquit,
1253 1865 1430 1935 jubes,
1463 1878 1520 1920 ut
1555 1867 1608 1919 hi
1645 1867 1856 1937 quidem
1883 1868 2037 1932 tales,

467 1957 559 2026 qui
587 1970 652 2008 ea:
694 1957 838 2010 omni
871 1957 1061 2010 civium
1102 1973 1318 2010 numero
1357 1957 1510 2010 electi
1551 1966 1694 2020 sunt,
1725 1967 2041 2026 prwterean-

471 2056 578 2113 tur,
617 2058 774 2119 atque
805 2064 872 2102 ea:
906 2048 1207 2118 quisquiliis
1237 2056 1289 2101 et
1320 2048 1506 2117 inﬁma
1531 2048 1674 2117 plebe
1706 2067 2040 2104 assumamus

386 2195 395 2204 ,
469 2139 696 2210 aliquem
742 2139 811 2192 ad
862 2138 1382 2193 administrationem
1434 2139 1749 2204 sacerdotii,
1801 2143 1892 2210 qui
1946 2141 2043 2196 tali

469 2229 676 2283 civitati
704 2231 908 2296 praesit,
941 2241 1141 2300 tempus
1177 2230 1272 2284 tibi
1312 2230 1554 2300 deinceps
1591 2230 1750 2299 fuerit
1784 2233 2042 2288 carbona-

468 2321 612 2374 rium
647 2321 1008 2374 Alexandrum
1061 2321 1129 2375 ad
1183 2323 1540 2376 sacerdotium
1594 2323 1852 2390 vocandi,
1887 2334 2043 2395 atque

469 2412 541 2466 ad
564 2413 702 2465 [tunc
734 2413 1052 2466 transitione
1079 2413 1249 2482 facta,
1277 2414 1325 2466 si
1354 2415 1584 2480 videtur,
1608 2414 1880 2484 suffragiis
1907 2417 2043 2470 inter

467 2519 565 2558 nos
600 2505 830 2557 universi
874 2505 1008 2558 cives
1041 2505 1448 2558 consentiemus.
1489 2504 1669 2576 Atque
1701 2505 1792 2561 ille
1820 2506 2042 2577 quidem

470 2591 586 2647 haec
618 2592 964 2662 loquebatur,
1012 2593 1296 2647 sententiae
1337 2592 1460 2662 ejus
1489 2592 1828 2659 obtrectans,
1854 2609 1919 2649 ac
1945 2609 2044 2664 per

468 2682 573 2737 hoc
622 2686 937 2739 simulatum
987 2693 1043 2738 et
1089 2684 1492 2739 cavillatorium
1530 2684 1848 2755 suffragium
1891 2702 2043 2743 sum-

468 2788 618 2827 mam
649 2781 704 2828 et
741 2783 987 2829 exactam
1031 2776 1368 2847 diligentiam
1405 2777 1459 2830 in
1491 2779 1867 2846 superioribus
1899 2778 2042 2834 vitu-

469 2879 674 2934 perans
710 2880 774 2921 ac
813 2867 1244 2936 reprehendens.
1285 2867 1392 2922 Sed
1433 2885 1630 2940 magno
1671 2870 1750 2925 illi
1794 2887 1888 2942 per
1927 2871 2042 2928 inec

469 2956 618 3009 dicta
649 2955 798 3011 subit
827 2957 1069 3010 animum
1115 2959 1410 3028 cogitatio,
1450 2961 1594 3029 quod
1637 2977 1746 3016 non
1788 2963 1907 3018 sine
1938 2979 2038 3018 nu-

475 3045 620 3102 mine
647 3045 835 3101 divino
862 3047 1161 3102 Alexandri
1194 3064 1223 3102 a
1255 3049 1686 3106 deliberantibus
1715 3053 1856 3108 inter
1883 3062 2042 3110 caete-

469 3151 564 3193 ros
608 3138 811 3192 mentio
853 3137 998 3192 taeta
1048 3148 1212 3194 esset.
1267 3139 1333 3193 Et
1368 3143 1518 3212 quis,
1569 3143 1780 3214 inquit,
1812 3155 1890 3200 est
1919 3147 2038 3202 Ale-

471 3230 710 3294 xander,
767 3231 920 3298 cujus
990 3233 1302 3286 mentionem
1357 3232 1604 3302 fecistis?
1661 3236 1865 3292 Deinde
1916 3255 2042 3294 cum

470 3318 694 3389 quidam
725 3335 791 3374 ex
814 3321 900 3382 iis,
929 3320 1022 3389 qui
1055 3334 1161 3374 una
1194 3322 1515 3390 intererant,
1542 3340 1665 3379 cum
1695 3326 1810 3381 risu
1839 3343 2043 3383 memo-

471 3413 651 3461 ratum
698 3409 751 3462 in
792 3409 1028 3463 medium
1072 3411 1459 3478 produxisset,
1508 3416 1708 3483 pannis
1744 3414 1946 3473 vilibus
1977 3434 2042 3476 ac

469 3497 708 3554 sordidis
735 3515 802 3552 ne
830 3507 945 3554 toto
972 3500 1192 3568 quidem
1222 3517 1453 3572 corpore
1485 3506 1769 3571 amictum,
1801 3518 1854 3563 et
1876 3510 2040 3565 simul

467 3591 864 3661 apparentibus
893 3593 1080 3658 rebus,
1111 3594 1370 3649 manibus
1401 3597 1606 3665 pariter
1639 3605 1694 3653 et
1723 3597 1881 3665 facie,
1913 3602 2042 3656 reli-

467 3697 693 3752 quoque
743 3699 978 3754 corpore
1027 3685 1362 3740 carbonibus
1407 3686 1612 3742 infecto
1649 3702 1712 3742 ac
1762 3689 2040 3747 sordidato

467 3775 742 3846 opiﬁcium
766 3784 819 3830 ct
842 3785 1110 3845 quaestum
1139 3778 1517 3832 ostendentem
1545 3797 1560 3845 ;
1585 3781 1794 3835 caeteris
1819 3780 2040 3850 quidem

465 3869 615 3924 risus
649 3868 878 3921 materia
910 3875 1028 3921 erat
1055 3867 1181 3921 talis
1222 3868 1277 3919 in
1313 3867 1491 3921 medio
1520 3875 1675 3923 stans
1707 3870 2036 3926 Alexander.

467 3959 536 4013 At
567 3959 936 4027 perspicacem
967 3958 1119 4010 illum
1159 3958 1377 4011 oculum
1413 3957 1569 4013 valde
1588 3959 1640 4014 id
1669 3965 2036 4030 spectaculum

468 4046 935 4116 obstupefaciebat
979 4047 1112 4100 :vir
1169 4047 1221 4100 in
1278 4056 1524 4102 extrema
1572 4059 1928 4120 paupertate,
1976 4069 2040 4109 ac

467 4139 718 4207 neglecto
748 4151 978 4206 corpore
1001 4138 1241 4207 seipsum
1269 4139 1446 4194 solum
1479 4149 1756 4209 spectans,
1784 4158 1846 4198 ac
1872 4143 2038 4200 veluti

467 4229 571 4285 sibi
625 4228 847 4298 placens
891 4239 944 4283 et
993 4230 1235 4299 gaudens
1289 4245 1354 4284 eo
1407 4231 1630 4297 habitu,
1675 4235 1768 4302 qui
1812 4235 2037 4292 habitus

2140 1775 2312 1829 ταῦτα
2352 1776 2646 1846 ἐφθέγγετο
2681 1776 2770 1848 τὴν
2803 1775 3028 1846 γνώμην
3057 1773 3357 1828 διαϐάλλων
3391 1771 3577 1836 αὑτοῦ,
3618 1769 3713 1824 καὶ

2140 1868 2229 1922 διὰ
2260 1869 2361 1938 τῆς
2401 1870 2689 1940 είρωνικῆς
2729 1869 2933 1939 ταύτης
2965 1867 3147 1938 ψήφου
3184 1865 3281 1937 τὴν
3313 1865 3404 1918 ἐπὶ
3440 1867 3550 1926 τοῖς
3578 1879 3712 1933 atpo-

2142 1959 2396 2012 λαϐοῦσιν
2425 1960 2712 2032 ἀκρίϐειαν
2741 1960 3257 2031 καταμεμφόμενος.
3285 1957 3375 2027 Τῷ
3401 1956 3460 2010 δέ
3487 1955 3711 2026 μεγάλῳ

2141 2049 2350 2116 γίνεται
2378 2048 2464 2102 διὰ
2500 2049 2608 2102 τῶν
2641 2049 2944 2119 εἰρημένων
2991 2047 3265 2116 ἐνθύμιον,
3313 2045 3390 2116 μὴ
3435 2045 3583 2098 ἀθεεὶ
3619 2044 3711 2097 τὸν

2155 2139 2497 2210 Ἀλέξανδρον
2523 2141 2580 2194 ἐν
2613 2141 2800 2212 μνήμῃ
2818 2139 2925 2192 τῶν
2958 2137 3343 2209 ψηφιζομένων
3367 2137 3461 2189 καὶ
3483 2136 3603 2206 εἰρη
3612 2135 3710 2205 μέ-

2142 2246 2247 2283 νων
2259 2229 2526 2298 γενέσθαι.
2542 2229 2650 2284 Καὶ
2664 2230 2754 2294 τίς
2765 2225 2964 2296 οὗτος,
2979 2228 3164 2298 φησὶν,
3177 2231 3209 2282 ὁ
3225 2225 3624 2294 Ἀλέξανδρος,
3637 2218 3712 2280 οὗ

2142 2320 2256 2392 τὴν
2276 2322 2525 2392 μνήμην
2542 2325 2872 2392 πεποίησθε
2892 2339 2911 2387 ;
2933 2318 3064 2376 Εἶτά
3084 2338 3227 2383 τινος
3256 2319 3364 2373 τῶν
3395 2317 3716 2390 συμπαρόν-

2141 2429 2249 2467 των
2272 2415 2330 2466 ἐν
2357 2413 2552 2482 γέλωτι
2583 2415 2996 2485 παραγαγόντος
3019 2414 3100 2476 είς
3117 2413 3280 2484 μέσον
3293 2411 3382 2465 τὸν
3405 2426 3715 2481 μνημόνευε-

2143 2505 2325 2570 θέντα,
2357 2506 2568 2576 ῥακίοις
2613 2508 2859 2577 πιναροῖς
2904 2504 3276 2576 ἠμφιεσμένον
3296 2543 3312 2568 ,
3347 2502 3466 2555 οὐδὲ
3497 2501 3604 2571 ὅλῳ
3635 2500 3716 2568 τῷ

2145 2595 2357 2666 σώματι
2381 2635 2396 2662 ,
2471 2597 2566 2650 καὶ
2624 2596 2740 2666 ἅμα
2797 2595 3080 2649 δεικνύντα
3131 2593 3208 2664 τῷ
3267 2591 3572 2662 φαινομένῳ
3617 2590 3718 2656 τὴν

2143 2687 2404 2757 ἐργασίαν
2451 2687 2711 2758 χερσί¹τε
2759 2687 2852 2738 καὶ
2908 2684 3221 2756 προσώπῳ,
3276 2682 3370 2735 καὶ
3419 2680 3496 2751 τῷ
3543 2678 3718 2748 λοιπῷ

2144 2775 2356 2846 σώματι
2395 2775 2888 2848 κατερρυπωμένον
2907 2778 2972 2846 τῇ
2997 2775 3230 2846 ἐργασίᾳ
3265 2773 3373 2826 τῶν
3401 2771 3716 2842 ἀνθράκων,

2142 2869 2255 2930 τοῖς
2321 2868 2417 2938 μὲν
2481 2870 2688 2930 λοιποῖς
2742 2869 2975 2936 γέλωτος
3040 2863 3108 2938 ἦν
3179 2864 3464 2928 ὑπόθεσις,
3517 2863 3574 2916 ἐν
3619 2862 3720 2932 μὲ-

2145 2975 2258 3022 σοις
2301 2957 2538 3022 τοιοῦτος
2588 2957 2757 3021 ἑστὼς
2811 2961 2838 3012 ὁ
2882 2957 3249 3027 Ἀλέξανδρος,
3302 2954 3381 3025 τῷ
3431 2953 3488 3007 δὲ
3534 2953 3721 3020 διοραδ

2141 3049 2278 3121 τικῷ
2312 3051 2504 3120 ἐκείνῳ
2530 3049 2792 3122 ὀφθαλμῷ
2833 3049 3032 3120 πολλὴν
3074 3051 3332 3121 παρεῖχεν
3369 3044 3628 3116 ἔκπληξιν
3655 3045 3721 3097 τὸ

2139 3141 2422 3212 γινόμενόν
2459 3159 2517 3195 τε
2547 3142 2640 3195 κα)⁵
2686 3141 2963 3212 ὁρώμενον
2985 3156 2999 3170 ·
3045 3140 3182 3212 ἀνὴρ
3206 3141 3264 3194 ἐν
3295 3139 3498 3210 ἐσχάτῃ
3527 3137 3715 3208 πενίᾳ,

2142 3234 2236 3286 καὶ
2280 3233 2686 3304 ἀπημελημένῳ
2718 3232 2794 3303 τῷ
2833 3233 3044 3304 σώματι
3073 3234 3208 3302 πρὸς
3259 3232 3448 3286 ἐαυτὸν
3477 3231 3719 3302 βλέπων,

2140 3321 2235 3377 καὶ
2278 3319 2388 3376 οἷον
2429 3324 2864 3394 ἐπαγαλλόμενος
2905 3323 3078 3394 τούτῳ
3114 3321 3190 3393 τῷ
3234 3324 3505 3393 σχήματι,
3550 3321 3578 3374 ὃ
3603 3324 3720 3385 τοῖς

2140 3411 2485 3478 ἀπαιδεύτοις
2531 3415 2827 3486 ὀφθαλμοῖς
2874 3410 2942 3485 ἦν
3001 3414 3370 3481 ἐπιγέλαστον.
3445 3413 3555 3466 Kal
3606 3413 3720 3484 γὰρ

2139 3499 2318 3564 οὕτως’
2355 3499 2488 3570 ἔχει.
2543 3499 2654 3553 Kal
2706 3502 2805 3555 οὐκ
2839 3502 3054 3574 ἀνάγκῃ
3099 3503 3286 3565 πενίας
3334 3501 3426 3555 ἐπὶ
3465 3501 3556 3555 τὸν
3605 3519 3719 3554 τοι-

2139 3592 2293 3646 οὖτον
2326 3589 2572 3664 ἐληλύθει
2609 3594 2719 3663 βίον
2743 3635 2757 3660 ,
2810 3595 2945 3649 ἀλλά
2988 3597 3083 3649 καὶ
3121 3595 3408 3666 φιλόσοφός
3441 3614 3524 3659 τις
3572 3592 3644 3666 ἦν
3688 3595 3720 3649 ό

2140 3685 2299 3756 ἀνὴρ,
2341 3686 2415 3750 ώς
2445 3688 2472 3739 ὁ
2509 3687 2646 3758 μετὰ
2676 3685 2848 3760 ταῦτα
2883 3687 2995 3756 βίος
3033 3687 3316 3760 ἐγνώρισε,
3352 3689 3444 3742 καὶ
3474 3687 3581 3741 τῶν
3608 3687 3722 3740 λοι-

2141 3756 2642 3848 πῶνῦψηλότερος,
2689 3771 2764 3840 ὡς
2802 3756 2896 3831 καὶ
2932 3777 3093 3850 μέχρι
3136 3756 3436 3850 μαρτυρίου
3487 3779 3718 3848 φθάσαι,

2140 3866 2227 3919 διά
2249 3867 2420 3938 πυρὸς
2456 3865 2750 3932 τελειώσας
2773 3869 2864 3921 τὸν
2891 3869 3107 3940 δρόμον.
3134 3869 3206 3922 Τὸ
3234 3870 3289 3922 δὲ
3314 3870 3595 3926 λανθάνειν
3617 3873 3717 3924 ἐπ·-

2140 3958 2441 4030 εχείρησεν,
2482 3959 2514 4031 ἢ
2551 3960 2750 4030 μᾶλλον
2785 3961 3127 4030 ἐπετήδευσε,
3157 3962 3421 4032 κρείττων
3452 3963 3714 4034 ὑπάρχων

2139 4050 2242 4120 τῆς
2289 4051 2734 4122 ἐσπουδασμένης
2788 4047 2936 4124 παρά
2986 4051 3094 4105 τῶν
3143 4053 3352 4107 πολλῶν
3393 4055 3707 4127 εὐκληρίας,

2142 4144 2236 4196 καὶ
2270 4143 2383 4196 ἀντ’
2406 4145 2620 4209 οὐδενὸς
2643 4147 2732 4199 τὸν
2763 4147 2874 4216 βίον
2897 4146 3232 4216 ποιούμενος,
3257 4149 3353 4218 τῆς
3377 4149 3712 4219 ὑψηλοτέρας

2139 4251 2198 4286 τε
2228 4235 2322 4287 καὶ
2357 4221 2753 4307 ἀληθοῦςζωῆς
2782 4238 2877 4308 τὴν
2904 4239 3195 4308 ἐπιθυμίαν
3223 4239 3380 4310 ἔχων.
3409 4241 3520 4293 Kal
3542 4242 3617 4304 ὡς
3643 4240 3710 4294 ἂν

464 4317 641 4373 oculis
695 4317 962 4387 imperitis
1011 4317 1282 4373 ridiculus
1316 4326 1452 4372 erat.
1500 4319 1711 4375 Etenim
1746 4323 1817 4376 ita
1852 4340 1910 4378 se
1944 4341 2030 4381 res

2142 4323 2372 4394 μάλιστα
2407 4327 2498 4380 τὸν
2529 4327 2664 4397 πρὸς
2693 4329 2892 4398 ἀρετὴν
2940 4331 3138 4382 σκοπὸν
3165 4329 3552 4401 κατορθώσειε,
3587 4331 3710 4384 λανσ-

465 4410 722 4466 habebat.
751 4407 868 4464 Non
900 4417 1128 4479 urgente
1166 4417 1488 4478 paupertate
1510 4411 1576 4465 ad
1617 4412 1884 4480 ejusmodi
1917 4417 2037 4469 vitae

2138 4411 2315 4465 θάνειν
2345 4416 2657 4484 ἐμηχανᾶτο
2715 4417 2954 4479 τοιοῦτος
2987 4419 3089 4484 ὣν,
3129 4420 3208 4489 τῷ
3253 4419 3560 4493 ἁτιμοτέρῳ
3601 4420 3708 4473 τῶν

461 4517 636 4573 genus
661 4501 975 4565 devenerat,
1012 4500 1106 4554 sed
1143 4500 1502 4570 philosophus
1539 4503 1757 4572 quidam
1791 4505 1872 4558 vir
1894 4513 2036 4572 erat,

2138 4503 2582 4574 ἐπιτηδευμάτων
2611 4502 2721 4560 οἷον
2751 4509 2980 4578 εἰδεχθεῖ
3007 4511 3335 4581 προσωπείῳ
3367 4511 3710 4583 ὑποκρύπτό-

463 4593 920 4663 quemadmodum
983 4593 1234 4646 insecuta
1286 4593 1394 4646 vita
1459 4593 1759 4658 indicavit,
1813 4597 1947 4652 adeo
1979 4605 2037 4651 ut

2139 4610 2316 4663 μενος.
2356 4594 2563 4661 ’Λλλως
2589 4599 2665 4660 δὲ,
2701 4602 2794 4652 καὶ
2824 4601 3142 4672 ὑπερανθῶν
3173 4606 3240 4673 τῇ
3275 4605 3515 4674 νεότητι,
3568 4621 3706 4671 σφα·

461 4686 625 4739 etiam
657 4683 720 4738 ad
759 4684 1078 4754 martyrium
1129 4698 1306 4752 usque
1349 4686 1690 4753 pervenerit,
1727 4701 1822 4756 per
1855 4687 2034 4757 ignem

2138 4684 2288 4754 λερδν
2318 4687 2501 4756 ἠγεῖτο
2531 4689 2606 4758 τῷ
2660 4694 2760 4761 τῆς
2805 4694 3157 4762 σωφροσύνης
3204 4695 3418 4764 σκοπῷ,
3478 4694 3710 4764 φανερὸν

461 4800 629 4840 cursu
653 4783 931 4839 confecto.
957 4784 1156 4838 Latere
1185 4790 1366 4836 autem
1394 4781 1575 4836 dedita
1603 4789 1766 4848 opera
1793 4780 2028 4842 volebat,

461 4877 641 4931 altiori
692 4877 876 4931 animo
905 4875 1164 4946 praeditus
1193 4915 1208 4940 ,
1239 4890 1403 4944 quam
1435 4883 1494 4926 ut
1519 4887 1637 4927 eam
1665 4913 1679 4937 ,
1719 4886 1838 4940 quze
1870 4871 2030 4940 vulgo

459 4970 750 5041 expetitur,
783 4969 1094 5023 felicitatem
1142 4976 1380 5028 curaret,
1427 4980 1489 5019 ac
1525 4979 1621 5034 pro
1654 4963 1824 5016 nihilo
1855 4978 2029 5017 saecu-

2137 4779 2309 4828 ποιεῖν
2345 4778 2405 4831 τὸ
2460 4781 2650 4845 κάλλος
2697 4783 2792 4835 τοῦ
2845 4784 3093 4854 σώματος
3128 4785 3324 4849 αὐτοῦ,
3372 4786 3556 4855 ὥσπερ
3603 4787 3708 4854 ἐμ-

2139 4871 2435 4942 πομπεύων
2463 4875 2529 4944 τῇ
2560 4873 2825 4946 εὐκληρίᾳ
2855 4875 2954 4944 τῆς
2985 4875 3197 4944 φύσεως
3225 4891 3236 4904 ·
3270 4876 3382 4946 ᾔδει
3408 4877 3514 4946 γάρ
3542 4875 3708 4946 χαλε-

2137 4964 2254 5018 πῶν
2288 4966 2740 5036 καταπτωμάτων
2768 4969 3022 5040 ἀφορμὴν
3047 4971 3160 5032 τοῖς
3202 4969 3413 5032 πολλοῖς
3438 4968 3497 5020 τὸ
3532 4967 3708 5020 70:05-

462 5063 570 5116 lum
615 5061 884 5126 ducebat,
930 5075 996 5116 eo
1049 5059 1192 5128 quod
1241 5067 1295 5112 et
1341 5056 1590 5112 sublimis
1635 5063 1689 5109 et
1736 5070 1877 5109 verae
1906 5055 2030 5108 vitae

2138 5074 2225 5110 τον
2255 5057 2555 5128 γινόμενον.

459 5159 639 5212 studio
673 5165 967 5212 teneretur.
998 5156 1065 5211 Et
1099 5162 1159 5208 ut
1199 5154 1436 5207 maxime
1475 5152 1734 5206 virtutem
1768 5152 1836 5206 ad
1905 5165 2072 5222 quam
2112 5154 2427 5222 aspirabat,
2483 5167 2902 5225 assequerctur,
2946 5175 3164 5232 operam
3220 5160 3417 5224 dabat,
3476 5166 3537 5211 ut
3579 5156 3707 5210 talis

460 5263 580 5303 esse
608 5249 976 5320 ignoraretur,
1013 5245 1411 5314 contemptiore
1455 5257 1651 5312 genere
1691 5243 1816 5295 vita:
1857 5241 2026 5296 veluti
2102 5243 2244 5313 turpi
2313 5245 2545 5314 quadam
2579 5261 2813 5315 persona
2845 5264 2965 5304 sese
3009 5251 3310 5305 occultans.
3349 5251 3545 5317 Atque.
3569 5247 3707 5300 alio-

457 5340 588 5408 quin
636 5340 830 5403 etiam,
859 5336 1003 5407 quod
1029 5337 1227 5391 eximio
1265 5333 1398 5388 ﬂore
1422 5333 1728 5403 iuventutis
1757 5333 2020 5402 praeditus
2057 5340 2240 5400 esset,
2279 5336 2650 5404 periculosum
2683 5355 2805 5394 esse
2831 5341 3066 5394 ducebat
3129 5341 3212 5405 ei,
3282 5341 3374 5409 qui
3414 5339 3707 5394 continen-

459 5428 589 5481 tiam
642 5428 744 5482 sibi
795 5429 1109 5483 sectandam
1162 5426 1578 5497 proposuisset,
1660 5424 1910 5494 corporis
1971 5425 2062 5478 sui
2135 5426 2596 5493 pulchritudinem
2636 5431 2978 5500 patefacere,
3034 5433 3292 5488 felicitate
3339 5441 3548 5487 natura:
3582 5440 3707 5486 tan-

464 5533 622 5588 quam
665 5519 716 5571 in
765 5534 959 5589 pompa
1005 5533 1129 5574 sese
1169 5525 1535 5573 ostentantem
1566 5534 1581 5571 :
1610 5524 1838 5573 noverat
1877 5515 2021 5572 enim
2061 5515 2332 5586 ejusmodi
2372 5535 2485 5576 rem
2520 5524 2766 5594 gravium
2835 5523 3193 5581 offensionum
3235 5541 3300 5581 ac
3377 5525 3703 5581 delictorum

459 5609 806 5663 occasionem
838 5610 1109 5682 plerisque
1136 5611 1381 5684 praebere
1412 5610 1614 5666 solere.
2799 5595 2814 5601 ’
