4068 6154
363 242 464 299 957

1292 246 1381 302 ΒΕ
1424 245 1580 301 VlTA
1624 247 1682 299 S.
1716 240 2045 299 GREGORII
2081 237 2606 297 THAUMA'TURGI.

3500 229 3603 289 ass

447 357 533 421 Ὡς
566 358 632 414 ἂν
668 358 761 414 οὖν
801 362 939 433 μήτε
983 362 1144 417 πάθοι
1191 381 1243 416 τι
1279 362 1388 415 τῶν
1426 361 1760 433 ἀϐουλήτων,
1794 361 1927 431 μήτε

2101 353 2179 412 Ne
2232 356 2400 427 igitur
2441 356 2527 412 vel
2573 354 2792 425 sibiipsi
2840 352 3050 423 aliquid
3084 352 3361 408 accideret
3390 349 3602 419 impru-

364 450 574 516 πάθους
618 451 872 516 ὑπόθεσις
916 453 1215 527 ἀλλοτρίοις
1264 454 1560 525 ὀφθαλμοῖς
1606 451 1930 521 κατασταίη,

363 541 455 595 διὰ
497 542 656 595 τοῦτο
697 541 947 615 καθάπερ
982 561 1035 596 τι
1068 546 1405 614 προσωπεῖον
1437 541 1670 613 εἰδεχθὲς
1698 539 1794 611 τὴν
1838 542 1933 592 ἀν-

365 631 718 702 θρακοποιίαν
763 632 1023 696 ἑκουσίως
1070 633 1246 704 ἑαυτῷ
1288 631 1619 704 περιτίθησι,
1663 630 1731 683 δι’
1760 623 1829 701 ἧς
1873 629 1934 681 τὸ

367 722 527 792 σῶμα
571 723 684 785 τοῖς
723 722 908 788 πόνοις
941 722 1077 794 πρὸς
1124 723 1322 797 ἀρετὴν
1352 722 1708 794 ἐγυμνάζετο,
1752 721 1849 775 καὶ
1875 721 1936 773 τὸ

366 813 559 875 κάλλος
599 812 678 885 τῷ
711 812 868 885 ῥύπῳ
914 815 1023 869 τῶν
1065 813 1349 887 ἀνθράκων
1387 813 1811 879 ὲπεκαλύπτετο,
1846 814 1936 865 κα)⁸

366 904 484 975 ἅμα
512 900 574 957 τὸ
603 905 669 957 ἐκ
700 905 809 958 τῶν
845 905 1020 959 πόνων
1050 904 1198 976 αὐτῷ
1226 905 1644 976 προσγινόμενον
1674 906 1752 968 είς
1792 906 1938 958 ὲντο-

366 992 474 1050 λῶν
505 997 808 1068 ὑπηρεσίαν
837 996 1171 1068 ᾡκονόμητο.
1208 995 1427 1069 Ἐπειδὴ
1461 995 1639 1051 τοίνυν
1670 997 1938 1067 μεταστή-

369 1106 468 1152 σας
518 1087 680 1143 αύτὸν
709 1087 801 1141 τοῦ
850 1088 1144 1160 συνεδρίου,
1179 1088 1273 1141 καὶ
1304 1090 1480 1141 πάντα
1513 1086 1584 1141 τὰ
1630 1086 1750 1141 κατ’
1778 1086 1938 1140 αὑτὸν

372 1180 511 1252 μετὰ
543 1179 823 1251 ἀκριϐείας
866 1179 1116 1245 ἐπύθετο,
1159 1179 1249 1234 τὸν
1302 1180 1400 1250 μὲν
1432 1179 1616 1233 δίδωσι
1659 1181 1771 1242 τοῖς
1812 1179 1941 1248 περὶ

369 1273 530 1325 αὑτὸν
553 1270 921 1340 ἐντειλάμενος
943 1271 978 1324 ἀ
1013 1270 1271 1343 πράττειν
1291 1271 1455 1342 ἐχρῆν
1476 1289 1490 1302 ο
1516 1271 1674 1335 αὐτὸς
1698 1269 1754 1323 δὲ
1780 1270 1940 1324 πάλιν

370 1360 689 1414 καταλαϐὼν
716 1361 776 1412 τὸ
806 1361 1102 1432 συνέδριον,
1128 1361 1192 1413 ὲκ
1217 1360 1325 1414 τῶν
1356 1361 1413 1413 ἐν
1440 1360 1595 1432 χερσὶ
1617 1360 1742 1423 τοὺς
1774 1376 1943 1412 συνει-

369 1447 666 1520 λεγμένους
704 1449 981 1515 ἐπαίδευε,
1018 1452 1144 1514 τοὺς
1203 1451 1332 1521 περὶ
1366 1451 1463 1519 τῆς
1515 1450 1810 1522 ἱερωσύνης
1840 1450 1938 1502 αύ-

367 1542 478 1603 τοῖς
503 1536 693 1606 λόγους
732 1539 1181 1611 παρατιθέμενος,
1220 1542 1314 1594 καὶ
1346 1539 1436 1594 διὰ
1470 1541 1672 1594 τούτων
1703 1541 1792 1593 τὸν
1822 1542 1939 1594 κατ’

370 1629 568 1701 ἀρετὴν
598 1630 931 1699 ὑπογράφων
955 1630 1090 1701 βίον.
1125 1631 1234 1684 Καὶ
1260 1631 1444 1702 διῆγεν
1468 1633 1526 1684 ὲν
1548 1634 1659 1694 τοῖς
1682 1631 1940 1695 τοιούτοις

2033 446 2219 511 denti,
2264 447 2411 517 quod
2462 446 2668 501 factum
2710 447 3011 512 doluisset,
3052 447 3139 501 vel
3186 446 3382 502 alienis
3424 445 3603 500 oculis

2034 550 2201 591 casus
2231 542 2286 590 et
2315 535 2638 591 oﬂ‘ensionis
2667 537 2951 591 materiam
2978 535 3246 606 praberet
3265 576 3280 600 ,
3315 535 3523 591 idcirco
3545 550 3604 590 se

2034 625 2365 679 carbonario
2394 624 2615 695 opiﬁcio
2644 626 2811 679 veluti
2842 640 3075 695 persona
3100 630 3338 696 quadam
3368 624 3604 681 deformi

2035 715 2293 771 consulto
2319 714 2667 781 circumdat,
2705 730 2815 785 quo
2842 723 2957 769 tam
2987 731 3190 786 corpus
3223 716 3504 772 laboribus
3536 717 3605 772 ad

2036 808 2300 864 virtutem
2336 816 2713 875 exerceretur,
2749 823 2915 879 quam
2953 808 3314 879 pulchritudo
3350 809 3606 866 sordibus

2037 901 2338 956 carbonum
2380 900 2585 956 infecta
2625 901 3008 971 obtegeretur,
3052 909 3108 954 et
3147 901 3311 958 simul
3350 901 3606 972 pecunia,

2038 1007 2202 1063 quam
2236 1006 2298 1047 ex
2340 992 2623 1048 laboribus
2659 993 2971 1063 quaerebat,
3003 992 3070 1046 ad
3097 988 3478 1047 mandatorum
3513 1006 3609 1046 ex-

2040 1082 2385 1137 secutionem
2418 1082 2856 1152 dispensaretur.
2890 1076 3258 1151 Posteaquam
3286 1081 3452 1153 igitur
3483 1097 3607 1137 eum

2038 1190 2104 1228 ex
2138 1174 2373 1229 concilio
2405 1174 2667 1237 abduxit,
2697 1189 2761 1229 ac
2794 1174 2862 1229 de
2891 1181 3038 1230 statu
3066 1174 3188 1244 ejus
3225 1183 3392 1244 atque
3420 1174 3612 1230 condi-

2039 1265 2194 1320 tione
2221 1267 2405 1321 omnia
2427 1267 2719 1338 diligenter
2743 1273 3023 1321 scrutatus
3064 1276 3118 1321 et
3145 1267 3460 1324 sciscitatus
3488 1277 3609 1333 est,

2040 1356 2196 1410 illum
2227 1355 2448 1426 quidem
2478 1357 2847 1412 familiaribus
2873 1357 2992 1413 suis
3016 1356 3184 1412 tradit
3209 1397 3223 1422 ,
3248 1358 3614 1428 exsequijus-

2043 1447 2121 1502 sis
2160 1463 2281 1517 quae
2309 1463 2398 1504 res
2427 1449 2740 1519 postulabat
2766 1465 2779 1503 :
2814 1450 2930 1519 ipse
2957 1464 3086 1504 vero
3114 1450 3168 1503 in
3196 1449 3494 1504 concilium
3520 1467 3611 1505 re—

2040 1556 2235 1595 versus
2261 1555 2327 1595 ex
2348 1542 2606 1610 praesenti
2635 1541 3028 1597 deliberatione
3049 1550 3266 1612 sumpto
3289 1553 3614 1612 argumento

2042 1640 2402 1703 congregatos
2428 1632 2783 1698 instituebat,
2820 1633 2886 1688 de
2931 1634 3230 1688 sacerdotii
3273 1633 3452 1690 cilicio
3494 1649 3612 1691 ser—

370 1720 549 1789 λόγοις
580 1720 975 1792 παρακατέχων
1009 1722 1097 1775 τὸν
1125 1722 1399 1791 σύλλογον,
1425 1721 1529 1786 ἕως
1554 1722 1943 1794 ἐκπληρώσαν-

2049 1737 2234 1777 mones
2256 1723 2336 1777 eis
2361 1737 2673 1793 proponens
2693 1762 2707 1786 ,
2735 1738 2798 1777 ac
2820 1739 2918 1793 per
2944 1721 3045 1779 bos
3066 1723 3234 1778 vitam
3262 1739 3388 1779 cum
3414 1724 3617 1780 virtute

371 1829 462 1876 τες
512 1814 560 1865 oi
600 1811 997 1883 ὑπηρετοῦντες
1040 1812 1188 1883 αὐτῷ
1234 1814 1295 1866 τὸ
1337 1813 1804 1885 προστεταγμένον
1847 1816 1944 1866 ἐπ-

372 1904 625 1975 έστησαν,
649 1905 860 1975 ἔχοντες
886 1905 1002 1975 μεθ’
1026 1905 1231 1959 ἑαυτῶν
1250 1906 1339 1959 τὸν
1356 1905 1718 1977 Ἀλέξανδρον,
1736 1906 1944 1978 λουτρῷ

371 2011 432 2048 τε
459 1995 557 2064 τὴν
586 1994 650 2049 ὲκ
692 1996 800 2049 τῶν
841 1996 1082 2050 ἀσϐόλων
1128 1996 1321 2069 ἀηδίαν
1354 1998 1818 2068 ἀποκλυσάμενον,
1852 2000 1945 2052 καὶ

372 2089 484 2150 τοῖς
511 2085 603 2139 τοῦ
650 2088 886 2158 μεγάλου
918 2090 1149 2161 ἱματίοις
1196 2090 1591 2162 ἐστολισμένον.
1631 2091 1812 2146 Ταῦτα
1838 2092 1944 2163 γὰρ

371 2173 440 2246 ἦν
479 2178 662 2242 αὐτοῖς
689 2180 1061 2251 ἐντειλάμενος
1084 2183 1323 2253 ποιῆσαι.
1357 2183 1580 2236 Πάντων
1604 2183 1659 2236 δὲ
1692 2184 1827 2254 πρὸς
1856 2185 1945 2237 τὸν

385 2264 733 2339 Ἀλέξανδρον
769 2271 1228 2341 ὲπιατραφέντων,
1270 2271 1362 2324 καὶ
1391 2271 1773 2340 θαυμαστικῶς
1812 2273 1945 2343 πρὸς

372 2357 434 2409 τὸ
468 2359 791 2429 φαινόμενον
840 2361 1220 2433 διακειμένων,
1254 2361 1444 2417 Οὐδὲν
1475 2363 1684 2417 καινὸν
1725 2366 1947 2418 πεπόν-

374 2451 537 2514 θατε,
584 2452 717 2520 φησὶ
763 2450 897 2523 πρὸς
930 2453 1128 2517 αὐτοὺς
1168 2454 1197 2506 ὁ
1235 2453 1574 2520 διδάσκαλος,
1618 2455 1945 2524 ὀφθαλμοῖς

374 2536 800 2605 ἀπατηθέντες,
848 2540 946 2594 καὶ
978 2539 1052 2611 τῇ
1080 2542 1361 2612 αἰσθήσει
1407 2546 1557 2614 μόνῃ
1586 2545 1700 2614 τὴν
1746 2545 1949 2614 κρίσιν

375 2626 483 2681 τοῦ
508 2627 775 2695 κάλλους
793 2631 1238 2701 ἐπιτρέψαντες.
1269 2637 1580 2705 Σφαλερὸν
1604 2637 1713 2709 γὰρ
1744 2638 1948 2708 κριτή-

374 2734 507 2780 ριον
521 2718 632 2786 τῆς
658 2719 778 2773 τῶν
795 2721 985 2774 ὄντων
999 2724 1283 2793 ἀληθείας
1302 2726 1340 2794 ἢ
1357 2727 1660 2796 αἴσθησις,
1673 2727 1786 2798 τὴν
1798 2730 1949 2799 πρὸς

375 2809 445 2862 τὸ
467 2808 659 2875 ,ϐάθος
694 2811 805 2880 τῆς
836 2812 1103 2880 διανοίας
1155 2813 1398 2871 εἴσοδον
1430 2817 1503 2872 δι’
1547 2819 1768 2889 ἑαυτῆς
1803 2822 1948 2876 ἀπο-

377 2903 689 2957 κλείουσα.
721 2904 867 2974 Ἅμα
916 2903 985 2960 δὲ
1029 2907 1125 2961 καὶ
1156 2907 1316 2974 αὐτῷ
1359 2909 1441 2976 τῷ
1485 2906 1597 2979 τῆς
1640 2914 1949 2979 εὐσεϐείας

376 2990 567 3062 ἐχθρῷ
607 2994 840 3064 δαίμονι
880 2996 1056 3054 τοῦτο
1097 3000 1280 3068 φίλον
1307 2998 1386 3072 ἦν
1423 3003 1659 3070 πάντως
1687 3004 1948 3074 ἀργῆσαι

376 3086 441 3139 τὸ
473 3084 583 3154 τῆς
605 3086 859 3157 ἐκλογῆς
886 3090 1107 3156 σκεῦος
1128 3089 1200 3159 τῇ
1221 3092 1434 3162 ἀγνοίᾳ
1457 3097 1948 3164 συγκαλυπτόμε-

375 3192 508 3243 νον,
523 3177 682 3247 μηδὲ
701 3179 1020 3248 παρελθεῖν
1037 3184 1122 3247 είς
1142 3180 1335 3250 μέσον
1353 3183 1559 3252 ἄνδρα,
1583 3184 1693 3253 τεῆς
1714 3186 1948 3239 ἐκείνου

377 3263 741 3334 δυναστείας
788 3270 1144 3339 καθαιρέτην
1193 3271 1505 3341 ἐσόμενον.
1547 3274 1731 3328 Ταῦτα
1781 3276 1950 3330 εἰπὼν

379 3358 647 3428 προσάγει
675 3359 753 3431 τῷ
790 3360 909 3431 Θεῷ
937 3362 1024 3416 διὰ
1045 3361 1146 3433 τῆς
1182 3364 1479 3435 ἱερωσύνης
1506 3365 1596 3417 τόν
1621 3365 1787 3437 ἄνδρα
1810 3368 1950 3422 κατά

378 3450 470 3503 τὸν
503 3452 885 3523 νενομισμένον
912 3455 1110 3524 τρόπον
1142 3456 1433 3521 τελειώσας
1474 3460 1539 3530 τῇ
1573 3460 1772 3531 χάριτι.
1804 3461 1949 3514 Πάν-

377 3559 489 3596 των
513 3542 570 3596 δὲ
611 3544 745 3614 πρὸς
771 3544 861 3599 τὸν
889 3546 1007 3600 νέον
1052 3549 1200 3619 ἱερέα
1234 3549 1667 3615 ἀποϐλεπόντων,
1709 3570 1951 3624 προτρα-

381 3633 504 3696 πείς
546 3651 665 3688 τινα
712 3637 846 3707 πρὸς
889 3637 989 3709 τὴν
1038 3637 1332 3709 ἐκκλησίαν
1386 3639 1542 3708 λόγον
1592 3642 1949 3711 ποιήσασθαι,

380 3720 581 3786 ἔδειξεν
619 3723 779 3788 εὐθὺς
808 3726 865 3779 ὲν
894 3727 1198 3797 προοιμίοις
1219 3727 1318 3797 τῆς
1342 3728 1518 3800 ἀρχῆς
1549 3730 1577 3782 ὁ
1613 3729 1953 3803 Ἀλέξανδρος

378 3812 648 3882 ἄψευστον
686 3816 772 3867 ἐπ’
815 3815 962 3885 αὐτῷ
989 3817 1083 3869 τοῦ
1117 3818 1352 3887 μεγάλου
1382 3820 1680 3891 Γρηγορίου
1710 3821 1806 3894 τὴν
1836 3820 1955 3893 κρί-

379 3920 487 3959 σιν.
514 3900 622 3957 Ἦν
652 3906 759 3978 γὰρ
806 3906 953 3978 αὐτῷ
998 3907 1210 3979 πλήρης
1250 3910 1486 3974 διανοίας
1528 3913 1555 3964 ὁ
1586 3913 1762 3982 λόγος,
1796 3909 1953 3986 ἦττον

378 3993 459 4064 τῷ
507 3995 656 4050 ἄνθει
698 3998 1209 4072 κεκαλλωπισμένος
1258 4003 1358 4071 τῆς
1411 4002 1627 4069 λέξεως.
1665 4004 1827 4058 Ὅθεν
1872 4022 1954 4068 τις

380 4086 490 4140 τῶν
527 4087 660 4140 νέων
691 4089 970 4160 ἀγέρωχος
1014 4095 1078 4145 ἐκ
1109 4093 1210 4163 τῆς
1253 4093 1489 4157 ’Λτθίδος
1529 4095 1711 4157 αὐτοῖς
1753 4096 1952 4166 ἐπιχω-

383 4178 606 4250 ριάζων,
638 4178 699 4232 τὸ
742 4181 973 4245 ἀκαλλὲς
1001 4183 1100 4252 τῆς
1130 4183 1326 4250 λέξεως
1362 4185 1717 4254 ύπεγέλασεν,
1748 4187 1829 4239 ὅτι
1881 4182 1954 4258 μὴ

380 4271 451 4339 τῇ
486 4269 773 4341 περιεργίᾳ
801 4274 867 4341 τῇ
908 4271 1128 4343 Ἀττικῇ
1159 4269 1565 4326 κεκαλλὼπιστο
1584 4291 1598 4306 ο
1620 4275 1678 4328 ὃν
1709 4292 1871 4343 φασιν
1892 4276 1956 4327 ἐκ

2046 1808 2406 1889 conjunctam
2454 1810 2839 1884 prmscribens.
2898 1808 3295 1871 Perseverabat
3334 1825 3517 1872 autem
3557 1818 3617 1872 in

2045 1899 2316 1971 ejusmodi
2359 1903 2706 1958 sermonibus
2736 1912 3071 1960 conventum
3107 1906 3395 1975 detinens,
3434 1908 3617 1981 quoad

2045 1994 2293 2047 exsecuti
2324 1993 2612 2057 mandata,
2650 1993 2743 2065 qui
2791 2009 3011 2064 operam
3062 1997 3110 2050 ei
3154 1999 3474 2065 navabant,
3522 2014 3618 2056 su-

2048 2092 2452 2155 pervenerunt,
2491 2101 2677 2141 secum
2709 2084 3045 2143 adducentes
3078 2087 3448 2145 Alexandrum
3471 2130 3487 2157 ,
3520 2093 3617 2162 qui

2048 2185 2104 2232 et
2165 2179 2390 2231 lavacro
2447 2176 2696 2248 fuliginis
2736 2177 3196 2247 injucunditatem
3234 2180 3615 2247 absterserat,

2047 2279 2101 2324 et
2143 2270 2324 2339 magni
2366 2269 2527 2325 istius
2566 2269 2810 2326 vestibus
2850 2270 3080 2327 indutus
3113 2279 3169 2326 et
3207 2281 3437 2329 ornatus
3475 2283 3614 2331 erat.

2049 2358 2175 2414 llaec
2212 2360 2358 2415 enim
2397 2374 2594 2415 curare
2624 2360 2768 2429 jussi
2807 2369 2985 2416 erant.
3029 2360 3295 2419 Omnibus
3334 2371 3518 2421 autem
3560 2367 3618 2422 in

2047 2449 2419 2505 Alexandrum
2455 2450 2738 2506 conversis
2760 2489 2774 2514 ,
2809 2457 2864 2504 et
2897 2451 2961 2504 ad
2998 2468 3194 2507 novam
3222 2469 3343 2508 eam
3378 2456 3616 2526 speciem

2049 2537 2414 2595 admiratione
2449 2537 2665 2606 deﬁxis,
2703 2537 2860 2592 Nihil
2888 2540 3006 2595 novi
3024 2581 3039 2607 ,
3073 2540 3251 2610 inquit
3275 2543 3343 2597 ad
3375 2557 3471 2600 eos
3498 2558 3619 2598 ma-

2050 2630 2243 2701 gister,
2273 2625 2466 2685 accidit
2496 2631 2636 2686 vobis
2663 2672 2677 2697 ,
2710 2632 2757 2685 si
2787 2631 2953 2686 oculis
2979 2632 3179 2703 decepti
3211 2636 3340 2690 estis
3363 2675 3376 2698 ,
3414 2645 3463 2690 et
3497 2653 3619 2691 sen-

2049 2723 2135 2776 sui
2166 2722 2269 2777 soli
2290 2712 2556 2792 judicium
2603 2723 3012 2793 pulchritudinis
3042 2726 3380 2795 permisistis.
3416 2725 3621 2783 Fallat

2049 2815 2187 2868 enim
2230 2825 2279 2869 et
2329 2815 2587 2870 incertum
2636 2832 2810 2869 rerum
2851 2817 3089 2871 veritatis
3118 2816 3384 2888 judicium
3436 2835 3619 2874 sensus

2049 2917 2161 2968 est,
2195 2903 2399 2958 aditum
2423 2920 2512 2973 per
2543 2921 2598 2958 se
2627 2901 2696 2958 ad
2719 2905 3136 2974 profunditatem
3165 2907 3357 2962 mentis
3384 2916 3434 2961 et
3464 2907 3623 2968 intele

2052 2996 2276 3067 ligentite
2301 2994 2855 3065 prwrludens.'Simul
2882 3006 3056 3051 autem
3085 2998 3244 3050 etiam
3273 2996 3487 3068 pictatis
3515 2999 3622 3055 ini-

2050 3088 2186 3140 mico
2209 3085 2437 3140 da'moni
2459 3102 2677 3153 prorsus
2704 3085 2759 3139 id
2785 3085 2961 3141 studio
2982 3096 3096 3141 erat
3116 3130 3131 3154 ,
3161 3099 3217 3142 ut
3243 3106 3329 3144 ras
3352 3090 3620 3146 electionis

2049 3179 2383 3247 ignoratione
2438 3186 2763 3241 contectum,
2818 3178 3046 3232 otiosum
3092 3187 3141 3233 et
3199 3180 3390 3235 inutile
3443 3192 3618 3244 esset.

2050 3283 2149 3321 neu
2179 3267 2417 3335 prodiret
2448 3268 2499 3320 in
2528 3266 2756 3322 medium
2787 3268 2886 3332 vir,
2918 3270 3008 3336 qui
3050 3264 3219 3339 ipsius
3261 3272 3620 3342 principatum

2049 3374 2324 3413 eversurus
2356 3369 2511 3414 esset.
2548 3359 2673 3414 Haec
2703 3360 2922 3415 locutus
2943 3403 2956 3421 .
2993 3374 3116 3414 cum
3148 3377 3271 3416 eum
3298 3362 3457 3431 juxta
3487 3379 3621 3419 con-

2051 3457 2267 3504 suetum
2301 3465 2513 3503 morem
2560 3451 2812 3518 ritusque
2845 3447 3123 3505 solemnes
3181 3449 3248 3504 ad
3286 3451 3390 3506 boc
3424 3469 3623 3508 munus

2052 3541 2309 3597 idoneum
2342 3538 2649 3602 elfecisset,
2680 3556 2777 3611 per
2805 3539 3173 3597 sacerdotium
3202 3541 3315 3597 Deo
3340 3545 3518 3597 virum
3547 3545 3625 3600 di-

2053 3641 2162 3686 cat.
2203 3632 2472 3687 Omnibus
2510 3640 2691 3688 autem
2728 3648 2932 3687 novum
2974 3631 3319 3690 sacerdotem
3359 3635 3624 3691 intuenti-

2054 3724 2193 3787 bus,
2258 3730 2486 3795 rogatns
2540 3733 2599 3778 ut
2650 3725 2889 3795 aliquam
2946 3724 3013 3780 ad
3060 3725 3350 3780 ecclesiam
3399 3727 3625 3784 haberet

2056 3814 2398 3879 orationem,
2438 3815 2624 3869 statim
2674 3815 2729 3869 in
2777 3814 2939 3869 initio
2981 3831 3093 3871 sua:
3133 3816 3625 3873 administrationis

2056 3907 2369 3962 Alexander
2402 3906 2681 3970 ostendit,
2719 3905 2865 3961 haud
2897 3905 3098 3961 falsum
3136 3907 3190 3960 in
3228 3923 3349 3962 sese
3374 3907 3623 3979 Gregorii

2050 3999 2321 4069 judicium
2364 3997 2552 4053 fuisse.
2604 3997 2732 4052 Erat
2763 3998 2907 4053 enim
2949 3999 3125 4053 oratio
3159 3998 3279 4067 ejus
3314 3998 3623 4072 intelligen-

2055 4091 2148 4144 tiae
2188 4089 2700 4158 sententiarumque
2752 4089 2947 4159 plena,
3004 4089 3226 4145 dicendi
3256 4090 3484 4148 ﬂoribus
3519 4093 3624 4148 mi-

2058 4199 2162 4237 nus
2219 4192 2505 4238 exornata.
2570 4178 2725 4236 Unde
2757 4182 3012 4250 petulans
3064 4183 3287 4252 quidam
3337 4199 3405 4240 ex
3446 4184 3625 4241 Attica

2058 4273 2383 4327 adolescens
2421 4271 2566 4341 apud
2598 4269 2722 4325 illos
2750 4286 2917 4341 agens
2949 4272 3285 4343 incomptam
3320 4275 3621 4330 dictionem

382 4358 660 4430 θειοτέρας
698 4359 869 4428 ὅψεως
914 4361 1363 4432 σωφρονισθῆναι,
1399 4362 1570 4415 ἰδόντα
1613 4363 1947 4434 περιστερῶν

2060 4362 2292 4425 derisit,
2326 4363 2469 4432 quod
2501 4377 2613 4416 non
2642 4376 2705 4416 ea
2727 4402 2743 4428 ,
2777 4378 2941 4432 quam
2975 4364 3141 4419 Attici
3173 4366 3226 4418 in
3258 4366 3491 4419 dicendo
3532 4367 3627 4420 ad-

382 4451 584 4521 άγέλην
609 4453 873 4524 ἀμηχάνῳ
901 4455 1007 4507 τινὶ
1025 4454 1432 4525 διαλάμπουσαν
1459 4454 1660 4518 κάλλει,
1697 4456 1788 4508 καί
1809 4472 1952 4518 τινος

382 4544 681 4615 ἀκηκοέναι
731 4544 997 4614 λέγοντος,
1069 4545 1414 4616 Ἀλεξάνδρου
1472 4546 1568 4609 τὰς
1624 4547 1951 4617 περιστερὰς
1983 4533 1999 4545 ⁸

381 4630 523 4693 εἶναι
548 4635 768 4698 ταύτας,
792 4634 858 4698 ἃς
885 4637 940 4688 ὲν
968 4636 1160 4704 γέλωτι
1194 4639 1397 4699 ἐκεῖνος
1428 4636 1734 4707 πεποίηται.
1756 4637 1820 4688 Τί
1838 4636 1955 4689 τοὺ-

384 4745 491 4781 των
519 4727 585 4782 ἄν
620 4744 704 4791 τις
736 4727 843 4797 πρὸ
889 4728 979 4780 τοῦ
1020 4729 1205 4799 ἐτέρου
1250 4729 1580 4799 θαυμάσειε;
1623 4729 1683 4781 τὸ
1719 4728 1792 4800 μὴ
1831 4729 1953 4781 δυσ-

388 4818 673 4889 ωπηθῆναι
717 4818 817 4870 τὸν·
858 4817 1026 4888 ἄνδρα
1073 4819 1182 4871 τῶν
1242 4820 1565 4890 ἀξιωμάτων
1611 4821 1710 4891 τὴν
1755 4820 1951 4891 ψῆφον,

386 4910 477 4961 καὶ
538 4909 611 4978 μὴ
670 4908 1108 4978 συναρπασθῆναι
1173 4909 1306 4979 πρὸς
1347 4911 1445 4973 τὰς
1494 4910 1798 4980 μαρτυρίας
1846 4911 1954 4962 τῶν

389 5001 729 5073 προεχόντων
754 5015 767 5030 ·
802 4999 835 5069 ἢ
871 4998 1068 5069 μᾶλλον
1093 4998 1154 5052 τὸ
1190 4998 1463 5070 θαυμάσαι
1517 5000 1605 5053 τὸν
1642 5003 1952 5072 ἐγκεκρυμ-

392 5090 549 5160 μένον
572 5092 691 5153 ,τοῖς
713 5087 939 5159 ἄνθραξι
965 5089 1210 5154 πλοῦτον,
1243 5084 1287 5157 ᾧ
1318 5092 1655 5163 παραχρῆμα
1688 5110 1760 5145 πα
1771 5093 1837 5163 ρὰ
1860 5093 1954 5145 τοῦ

390 5182 523 5236 θεοῦ
566 5184 600 5253 ἡ
648 5182 751 5253 τῆς
791 5180 958 5253 ὀρθῆς
1002 5180 1234 5252 κρίσεως
1285 5182 1554 5252 μαρτυρία
1593 5182 1680 5236 διὰ
1721 5183 1819 5253 τῆς
1862 5183 1955 5236 τοῦ

389 5276 618 5345 ῥήτορος
658 5272 1092 5344 ἐπηκολούθησεν
1124 5269 1331 5339 ὅψεως
1377 5272 1529 5342 Ἐμοὶ
1572 5273 1671 5344 μὲν
1718 5274 1827 5346 γὰρ
1871 5274 1955 5341 ἐφ,

388 5366 582 5420 ἑαυτοῦ
603 5364 805 5418 τούτων
831 5363 1090 5435 ἑκάτερον
1115 5360 1350 5415 τοιοῦτον
1376 5357 1510 5415 εἶναι
1534 5363 1697 5427 δοκεῖ,
1727 5363 1802 5427 ὡς
1823 5363 1959 5434 πρὸς

387 5457 594 5527 ἄλληλα
642 5456 739 5527 μὲν
776 5456 921 5528 ἔχειν
967 5454 1066 5526 τὴν
1104 5452 1364 5526 ἃμιλλαν’
1417 5454 1632 5508 πάντων
1675 5455 1733 5508 δὲ
1761 5454 1956 5526 μικροῦ

389 5549 501 5602 δεῖν
541 5546 653 5601 τῶν
689 5547 781 5599 ἐπὶ
830 5546 1067 5618 θαύματι
1108 5543 1595 5617 μνημονευομένων
1636 5543 1954 5615 πρωτεύειν.

391 5642 466 5697 Τό
494 5658 553 5696 τε
586 5638 696 5712 γὰρ
729 5639 1009 5710 ἀντιϐῆναι
1039 5641 1105 5710 τῇ
1145 5637 1254 5691 τῶν
1283 5636 1620 5707 προεχόντων
1667 5637 1834 5706 ὁρμῇ,
1863 5636 1959 5707 τῆς

709 5734 976 5793 Pyram"
1025 5735 1139 5793 (in.
1190 5731 1406 5791 XLVI.
1852 5723 1857 5729 ⁴

2054 4455 2337 4517 biberent,
2363 4461 2554 4507 exacta
2580 4461 2744 4523 atque
2770 4469 3176 4524 supervacanea
3204 4468 3334 4507 cura
3362 4463 3625 4507 exornata

2053 4554 2230 4609 esset,
2259 4561 2418 4616 quem
2455 4547 2607 4599 aiunt
2635 4544 2819 4598 divina
2851 4545 3087 4614 quadam
3120 4545 3327 4599 visione
3368 4546 3627 4599 emenda-

2056 4649 2169 4692 tum
2221 4653 2374 4700 esse,
2426 4654 2549 4691 eum
2606 4637 2987 4691 columbarum
3041 4650 3258 4705 gregem
3318 4635 3626 4691 incredibili

2054 4731 2291 4797 quadam
2325 4728 2741 4799 pulchritudine
2776 4729 3041 4781 nitentem
3071 4726 3423 4796 conspicatus
3449 4739 3629 4788 esset.

2055 4831 2104 4874 et
2138 4821 2427 4891 quemdam
2456 4819 2794 4880 audivisset,
2837 4818 2928 4887 qui
2965 4817 3207 4880 diceret,
3251 4818 3349 4872 bas
3380 4832 3503 4873 esse
3538 4836 3626 4873 eos

2058 4914 2270 4966 lumbas
2303 4911 2634 4973 Alexandri,
2660 4926 2798 4979 quas
2830 4910 2921 4964 ille
2954 4910 3264 4966 derisisset.
3305 4908 3496 4964 Utrum
3531 4911 3627 4964 ho-

2058 5019 2177 5056 rum
2229 5001 2401 5070 magis
2445 5000 2646 5070 aliquis
2690 5000 3032 5054 admiretur?
3066 5001 3210 5069 quod
3255 5001 3339 5054 vir
3382 5002 3470 5056 ille
3519 5019 3627 5056 nua

2058 5102 2239 5146 motus
2271 5100 2354 5145 est
2403 5090 2663 5162 suffragio
2704 5107 2932 5155 eorum,
2970 5091 3060 5161 qui
3108 5091 3373 5163 dignitate
3402 5102 3627 5164 praesta-

2058 5185 2220 5243 bant,
2270 5197 2444 5251 neque
2493 5182 2655 5237 simul
2703 5182 2769 5235 ad
2817 5182 3129 5236 testimonia
3177 5183 3503 5252 optimatum
3566 5200 3628 5239 ac

2059 5272 2366 5343 principum
2421 5271 2666 5327 virorum
2722 5282 2910 5342 raptus
2951 5272 3082 5328 est?
3118 5288 3185 5327 an
3226 5273 3402 5344 magis
3454 5275 3629 5329 admi-

2059 5364 2170 5418 rari
2207 5364 2467 5418 convenit
2507 5365 2559 5417 in
2599 5363 2942 5419 carbonibus
2981 5364 3336 5420 absconditas
3370 5365 3627 5427 divitias.

2059 5469 2197 5525 quas
2235 5454 2423 5509 statim
2473 5469 2504 5508 a
2547 5452 2659 5508 Deo
2705 5453 2913 5509 editum
2955 5455 3094 5510 recti
3138 5455 3333 5525 judieii
3382 5459 3628 5512 testimo-

2062 5545 2212 5598 nium
2245 5559 2346 5613 per
2377 5543 2643 5599 visionem
2681 5545 2920 5600 oratoris
2953 5557 3314 5601 consecutum
3343 5547 3469 5601 est?
3496 5546 3630 5601 Nam

2063 5636 2194 5691 mibi
2231 5635 2451 5707 quidem
2506 5637 2701 5693 horum
2735 5648 3029 5709 utrumque
3084 5638 3138 5693 in
3187 5652 3311 5693 sese
3361 5637 3631 5705 ejusmodi

3322 5730 3398 5788 30
