4068 6154
429 278 535 333 9'59

1676 269 1732 323 S.
1777 263 2102 323 CliEGORil
2141 262 2436 324 NYSSEM

3578 273 3689 328 ί).ὶο

429 410 555 452 esse
594 393 827 454 videtur,
862 398 921 445 ut
960 392 1104 445 inter
1145 405 1205 446 se
1251 388 1472 458 quidem
1522 392 1677 459 paria
1729 392 1881 455 sint,
1940 407 2003 445 ac

2117 392 2373 461 Ξιτρέπτου
2407 392 2501 444 καὶ
2532 388 2741 462 ὑψηλῆς
2772 392 3012 455 διανοίας
3045 391 3444 464 ἐναργέστατον
3477 393 3686 462 ἐγίνετο

436 487 595 559 quasi
650 486 716 540 de
757 482 1069 553 principatu
1105 489 1384 537 certamen
1439 483 1643 538 habere
1690 483 2004 549 videantur,

434 582 576 634 inter
605 577 785 632 omnia
824 584 1004 629 autem
1040 588 1132 640 ea,
1168 590 1288 645 qua:
1323 574 1546 629 nomine
1579 575 1830 629 miraculi
1866 577 2009 631 cele-

434 673 686 733 brantur,
726 668 932 737 primas
970 668 1365 738 propemodum
1401 675 1644 723 teneant.
1685 667 1820 722 Nam
1860 669 2007 738 quod

434 760 782 832 optimatium
836 758 1041 815 studiis
1099 759 1425 816 adversatus
1483 767 1599 823 est,
1658 760 2007 825 constantis,

433 854 567 911 recti
612 862 776 922 atque
822 851 1023 906 excelsi
1071 851 1241 906 animi
1297 849 1814 907 manifestissimum
1860 852 2008 906 indi-

438 947 575 1000 iium
611 953 767 999 erat:
804 957 833 995 a
868 957 978 1012 quo
1005 943 1221 1008 omnia,
1259 959 1378 1013 qua:
1417 959 1514 1013 per
1544 945 1809 998 mundum
1847 959 2013 1015 appa-

434 1044 593 1097 rent,
641 1050 706 1090 ex
750 1049 909 1104 atque
952 1034 1428 1103 despiciebantur,
1479 1036 1596 1090 sive
1645 1038 1711 1091 ad
1759 1036 2011 1107 magnili-

434 1128 667 1183 centiam
704 1133 869 1195 atque
906 1124 1252 1194 Splendorem
1276 1166 1291 1190 ,
1333 1126 1450 1180 sive
1489 1127 1653 1181 etiam
1689 1127 1754 1181 ad
1791 1127 2013 1181 humili-

435 1229 602 1274 tatem
631 1226 688 1273 et
725 1216 1124 1272 obscuritatem
1157 1216 1422 1271 accedere
1460 1217 1818 1272 viderentur:
1854 1234 2011 1272 eum-

439 1327 547 1383 que
606 1311 710 1367 soli
767 1309 961 1363 virtuti
1021 1308 1227 1378 primas
1289 1309 1595 1375 tribueret,
1655 1319 1710 1362 et
1758 1309 2010 1363 vitiosam

437 1407 606 1460 vitam
639 1403 812 1459 solam
841 1401 1198 1472 rejieiendam
1232 1417 1353 1458 esse
1375 1401 1682 1471 judicaret,
1715 1418 1815 1472 pro
1841 1403 2014 1456 nihilo

445 1498 772 1554 intuebatur
815 1498 1034 1562 omnia,
1083 1511 1427 1567 quaecunque
1465 1511 1562 1565 per
1606 1496 1710 1551 hoc
1750 1497 2012 1550 saeculum

437 1590 522 1644 vel
555 1589 739 1657 aliquo
769 1586 953 1643 studio
974 1626 987 1652 ,
1020 1587 1106 1641 vel
1140 1587 1547 1656 contemptione
1575 1586 1737 1658 digna
1761 1587 2015 1656 judican-

439 1690 551 1734 tur.
591 1677 745 1744 Quod
778 1677 1037 1731 nimirum
1069 1676 1235 1730 etiam
1272 1685 1401 1729 tunc
1438 1674 1639 1732 fecisse
1671 1677 2017 1732 demonstra-

2108 482 2427 555 γνώρισμαο
2461 476 2507 552 ᾧ
2550 485 2727 537 πάντα
2754 485 2823 538 τὰ
2856 483 2997 538 κατὰ
3029 484 3119 536 τὸν
3148 483 3350 554 κόσμον
3389 485 3687 554 φαινόμενα

2108 577 2166 628 ἐν
2194 576 2272 646 τῷ
2299 575 2467 645 ὁμοίῳ
2498 573 2831 645 καθεωρᾶτο,
2863 575 2972 627 εἴτε
3017 575 3152 646 πρὸς
3182 575 3244 628 τὸ
3281 574 3469 646 μεῖζόν
3491 593 3552 628 τε
3590 578 3685 630 καὶ

2109 667 2592 738 περιφανέστερον,
2634 667 2742 719 εἴτε
2788 667 2881 719 καί¹
2924 668 3060 737 πρὸς
3086 669 3146 720 τὸ
3182 666 3437 720 ταπεινόν
3480 686 3540 720 τε
3594 669 3687 721 καὶ

2109 759 2313 827 ἀφανὲς
2343 758 2557 821 οἰκείως
2618 753 2731 829 εἶχε
2754 774 2766 787 ·
2804 761 2940 831 μόνῃ
2985 759 3040 811 δὲ
3069 759 3248 830 νέμων
3278 763 3342 831 τῇ
3390 761 3556 831 ἀρετῇ
3589 762 3687 832 τὴν

2112 850 2461 920 προτίμησιν,
2511 850 2605 903 καί¹
2653 851 2820 920 μόνην
2869 850 2964 920 τὴν
3018 852 3076 903 ἐν
3110 852 3274 922 κακίᾳ
3313 852 3458 923 ζωὴν
3488 852 3688 925 κρίνων

2112 940 2437 1012 ἀπόϐλητον,
2464 942 2583 996 ἀντ’
2612 942 2822 1005 οὐδενὸς
2855 942 2997 1013 ἐώρα
3041 942 3110 996 τὰ
3157 944 3355 1008 πάντα,
3405 945 3505 998 ὅσα
3549 945 3687 999 κατὰ

2111 1032 2203 1084 τὸν
2237 1031 2348 1102 βίον
2377 1032 2410 1102 ἢ
2459 1033 2694 1103 σπουδῆς
2725 1049 2888 1097 τινος,
2932 1034 2964 1104 ἢ
2996 1035 3217 1105 ἀτιμίας
3256 1035 3382 1100 ἄξια
3420 1037 3680 1107 κρίνεται.

2118 1126 2184 1178 Ὃ
2208 1124 2270 1195 δὴ
2304 1124 2399 1177 καὶ
2429 1124 2548 1178 τότε
2581 1123 2898 1195 πεποιηκὼς
2931 1127 3316 1180 ἐπιδείκνυται.
3369 1127 3556 1196 Ζητῶν
3579 1127 3685 1198 γὰρ

2111 1215 2201 1268 τὸν
2225 1216 2301 1284 τῷ
2327 1215 2443 1284 Θεῷ
2476 1216 2868 1286 κεχαρισμένον
2896 1217 2990 1269 καὶ
3023 1216 3170 1280 ἄξιον
3193 1217 3393 1286 εὑρεῖν,
3425 1216 3524 1269 οὐκ
3547 1216 3687 1287 ἁξιὸο

2114 1322 2303 1358 πιστον
2335 1307 2415 1368 είς
2449 1306 2755 1377 μαρτυρίαν
2792 1307 2942 1377 ᾠήθη
2979 1306 3204 1359 πλοῦτον
3234 1306 3564 1377 παραλαϐεῖν
3596 1290 3687 1359 mit

2113 1400 2349 1470 ἀξίωμα,
2376 1403 2469 1453 καὶ
2492 1399 2589 1463 τὰς
2614 1399 2754 1452 κατὰ
2774 1399 2864 1452 τὸν
2886 1400 3087 1470 κόσμον
3107 1399 3293 1451 τοῦτον
3311 1400 3686 1469 περιφανείας,

2115 1483 2189 1542 ὧν
2228 1490 2380 1542 οὐδὲν
2428 1492 2485 1543 ἐν
2529 1492 2640 1554 τοῖς
2686 1489 2794 1542 τῶν
2846 1488 3064 1556 ἀγαθῶν
3104 1488 3423 1557 καταλόγοις
3467 1488 3496 1539 ὁ
3549 1487 3687 1549 θεῖος

2115 1582 2538 1653 ἁπηριθμήσατο
2579 1581 2754 1649 λόγος.
2807 1583 2882 1635 Οὐ
2923 1582 3079 1635 τοῦτο
3127 1582 3285 1653 μόνον
3330 1582 3509 1635 τοίνυν
3545 1583 3687 1635 ἐστὶν

2118 1675 2336 1728 ἐπαίνου
2362 1691 2419 1727 τε
2450 1675 2543 1728 κα)⁸
2585 1674 2862 1745 θαὺματος
2895 1674 3062 1739 ἄξιον,
3098 1675 3159 1727 τὸ
3194 1675 3267 1746 μὴ
3303 1674 3564 1745 προέσθαι
3592 1674 3690 1737 τὰς

438 1781 548 1826 tur.
578 1770 715 1824 Cum
752 1769 899 1824 enim
936 1769 1095 1823 daret
1136 1783 1359 1836 operam
1382 1810 1398 1835 ,
1433 1776 1493 1822 ut
1538 1767 1649 1824 Deo
1690 1780 1907 1839 gratum
1951 1784 2015 1824 ac

2117 1767 2222 1820 τῶν
2265 1766 2698 1820 δυναστευόντων
2747 1767 3009 1830 σπουδάς’
3055 1766 3191 1819 ἀλλὰ
3222 1766 3316 1819 καὶ
3344 1766 3430 1819 διὰ
3460 1766 3566 1819 τῶν
3593 1768 3687 1833 ἐφ-

438 1864 661 1934 dignum
690 1863 995 1925 inveniret,
1027 1875 1135 1914 non
1181 1860 1442 1928 divitias,
1490 1876 1601 1915 non
1649 1860 2014 1932 dignitatem.

441 1969 548 2009 non
582 1953 748 2022 hujus
776 1951 966 2006 mundi
1005 1950 1364 2021 splendores,
1400 1964 1634 2020 quarum
1671 1966 1852 2006 rerum
1882 1952 2019 2005 nihil

439 2046 495 2098 in
521 2043 847 2101 recensione
869 2030 1139 2097 bonorum
1160 2057 1188 2095 a
1212 2041 1395 2097 divina
1422 2040 1706 2112 Scriptura
1728 2058 2017 2097 enumera-

440 2146 549 2202 tur,
572 2150 664 2191 res
687 2134 913 2188 idoneas
938 2133 1165 2204 putabat
1186 2148 1323 2203 quas
1346 2132 1414 2187 ad
1437 2133 1810 2188 testimonium
1830 2134 2021 2188 admit-

384 2264 393 2271 -
439 2237 597 2283 teret.
621 2225 739 2281 Non
769 2226 936 2296 igitur
958 2225 1064 2278 hoc
1086 2225 1264 2280 solum
1286 2231 1391 2287 est,
1412 2224 1557 2294 quod
1582 2232 1636 2279 et
1664 2225 1822 2279 laude
1845 2233 1897 2279 et
1918 2224 2019 2278 ad-

444 2320 746 2375 miratione
782 2317 1005 2388 dignum
1043 2316 1144 2381 sit,
1187 2314 1331 2386 quod
1366 2317 1576 2384 respuit
1609 2316 1790 2372 studia
1816 2316 2021 2387 princi-

443 2426 569 2480 pmn
593 2422 809 2465 :verum
834 2408 995 2461 etiam
1019 2405 1165 2475 quod
1190 2420 1285 2475 per
1304 2419 1388 2470 ea,
1411 2419 1533 2473 quae
1555 2412 1850 2459 consecuta
1868 2413 2018 2467 sunt,

443 2505 621 2572 seipse
643 2502 939 2570 superavit.
961 2495 1095 2550 Nam
1113 2497 1205 2566 qui
1227 2496 1464 2566 ineptam
1484 2510 1546 2549 ac
1564 2495 1746 2550 minus
1768 2495 2017 2549 idoneam

443 2594 773 2649 sententiam
803 2590 1070 2645 duntaxat
1097 2586 1310 2658 rejicit,
1335 2601 1515 2656 neque
1561 2585 1751 2656 adjicit
1782 2585 1834 2640 id
1866 2585 2011 2656 quod

447 2701 535 2741 res
558 2684 757 2753 poscit,
774 2682 976 2737 malum
1001 2678 1218 2750 quidem
1235 2677 1720 2748 probibet,bonum
1747 2692 1878 2732 vero
1903 2694 2013 2733 non

445 2776 687 2831 coniicit.
709 2776 776 2829 At
799 2775 891 2844 qui
919 2782 1283 2842 praeterquam
1307 2769 1452 2839 quod
1476 2784 1587 2823 non
1610 2769 1890 2823 consentit
1912 2768 2008 2823 de-

2114 1859 2241 1930 εξῆς
2279 1858 2440 1921 αὐτὸς
2492 1857 2682 1911 ἑαυτὸν
2740 1856 3114 1928 ὑπερϐάλλειν.
3146 1859 3202 1911 '0
3244 1858 3350 1928 γὰρ
3400 1858 3560 1928 μόνον
3595 1857 3689 1927 τὴν

2116 1951 2340 2015 ἀναξίαν
2374 1951 2733 2021 ἀπωσάμενος
2753 1949 2952 2021 ψῆφον,
2984 1949 3057 2021 μὴ
3086 1950 3341 2021 προσθεὶς
3361 1949 3416 2002 δὲ
3444 1953 3509 2020 τῇ
3536 1950 3688 2021 χρείᾳ

2115 2042 2174 2095 τὸ
2198 2042 2402 2106 λεῖπον,
2434 2042 2495 2093 τὸ
2536 2041 2633 2111 μέν
2691 2041 2861 2095 κακὸν
2894 2040 3153 2105 ἐκώλυσε,
3179 2042 3241 2094 τὸ
3271 2041 3326 2095 δὲ
3366 2042 3566 2110 ἀγαθὸν
3594 2043 3691 2094 οὐκ

2117 2134 2398 2204 ἐποίησεν.’
2447 2133 2507 2185 Ὀ
2544 2133 2601 2186 δὲ
2637 2133 2773 2204 πρὸς
2818 2133 2896 2203 τῷ
2939 2131 3012 2205 μὴ
3052 2133 3340 2187 συνθέσθαι
3368 2133 3447 2204 τῷ
3490 2134 3691 2205 χείρονι

2115 2227 2210 2279 καὶ
2242 2226 2302 2279 τὸ
2335 2226 2497 2279 καλδν
2550 2224 2808 2296 ἐξευρὼν,
2851 2225 2919 2278 δι’
2947 2226 3272 2297 ἀμφοτέρων
3317 2225 3595 2280 ἐτελείωσε
3634 2227 3693 2280 τὸ

2115 2317 2339 2387 ἀγαθὸν,
2366 2316 2490 2370 οὔτε
2520 2315 2596 2387 τῷ
2621 2314 2776 2388 κακῷ
2804 2311 3170 2389 συγχωρήσας
3191 2316 3289 2389 τὴν
3321 2318 3573 2389 πάροδον,
3599 2319 3695 2372 καὶ

2115 2409 2176 2461 τὸ
2203 2409 2367 2463 καλὸν
2415 2408 2784 2477 προσαγαγὼν
2832 2411 2910 2474 είς
2954 2410 3235 2481 ἐνέργειαν
3260 2426 3274 2441 ⁸
3307 2410 3381 2474 ὡς
3413 2411 3554 2464 κατὰ
3583 2413 3694 2482 άμ-

2118 2498 2321 2569 φότερα
2354 2497 2606 2566 γενέσθαι
2647 2498 2745 2569 τὴν
2784 2500 3104 2572 εὐεργεσίαν
3132 2499 3224 2554 τοῦ
3269 2501 3506 2572 μεγάλου
3554 2502 3697 2573 Γρηαι

2119 2588 2301 2660 γορίου
2337 2591 2394 2641 ἐν
2436 2591 2500 2660 τῇ
2546 2589 2719 2653 πόλει,
2755 2590 2816 2643 τό
2844 2608 2901 2643 τε
2933 2591 3073 2644 κατὰ
3111 2592 3334 2660 ἄγνοιαν
3369 2594 3499 2663 παρ’
3519 2591 3698 2645 αὐτῶν

2120 2679 2604 2751 πλημμελούμενον
2636 2681 3080 2751 ἐπιστρέψαντος,
3113 2682 3208 2735 καὶ
3226 2682 3288 2735 τὸ
3316 2682 3701 2754 κεκρυμμένον

2116 2774 2247 2842 παρ’
2281 2772 2464 2834 αὐτοῖς
2494 2771 2697 2842 ἀγαθὸν
2728 2772 2796 2825 δι’
2818 2772 3015 2826 ἑαυτοῦ
3050 2772 3517 2844 φανερώσαντος.-

444 2867 655 2929 teriori,
699 2865 864 2919 etiam
903 2864 1112 2917 bonum
1158 2861 1398 2925 invenit,
1445 2874 1543 2929 per
1582 2867 1820 2930 utraque
1854 2859 2058 2914 bonum
2100 2862 2349 2930 perlicit,
2394 2862 2523 2917 dum
2567 2878 2747 2932 neque
2790 2865 2933 2918 malo
2977 2862 3185 2918 aditum
3217 2866 3345 2930 dat,
3395 2874 3451 2920 et
3493 2868 3700 2923 bonum

443 2957 511 3011 ad
552 2955 809 3011 eﬂ'ectum
841 2952 1092 3023 producit
1126 2968 1140 3005 :
1184 2954 1321 3006 adeo
1365 2959 1424 3005 ut
1468 2957 1699 3019 utraque
1748 2949 1962 3004 ratione
2006 2950 2329 3006 beneﬁcium
2383 2955 2565 3023 magni
2607 2952 2855 3019 Gregorii
2894 2954 3106 3009 civitati
3160 2956 3483 3027 contigerit,
3514 2957 3607 3028 qui
3644 2966 3703 3013 et

442 3050 499 3106 id
545 3047 690 3120 quod
744 3062 841 3118 per
890 3044 1268 3116 ignorantiam.
1303 3043 1374 3099 ab
1415 3043 1485 3098 iis
1528 3043 1967 3112 delinquebatur,
2008 3046 2286 3109 averterit,
2332 3055 2397 3101 ct'
2427 3047 2630 3102 bonum
2680 3047 2824 3118 apud
2874 3063 2971 3104 eos
3014 3048 3398 3104 absconditum
3439 3066 3537 3121 per
3578 3065 3705 3106 sese

445 3143 781 3216 patefecerit.

515 3240 650 3295 Cum
683 3243 865 3292 autem
900 3232 1083 3288 omnia
1111 3245 1308 3303 magno
1340 3230 1419 3285 illi
1444 3231 1562 3286 viro
1594 3232 1802 3287 auxilio
1830 3234 2009 3288 sancti

2183 3237 2406 3291 Πάντων
2440 3237 2494 3290 δέ
2530 3236 2671 3291 κατὰ
2722 3235 2949 3308 γνώμην
2996 3233 3091 3289 τοῦ
3129 3234 3367 3306 μεγάλου
3416 3251 3706 3307 προκεχω-

447 3331 689 3402 Spiritus
719 3344 785 3383 ex
828 3325 1103 3382 sententia
1151 3323 1551 3387 successerint,
1602 3340 1711 3378 non
1754 3324 2021 3395 intempe-

446 3425 647 3479 stivmn
668 3420 854 3483 fuerit,
878 3419 1043 3474 etiam
1074 3415 1442 3472 accesserium
1476 3431 1616 3486 opus
1640 3416 1851 3473 itineris
1874 3432 2022 3471 com-

445 3528 774 3577 memorare,
814 3525 927 3582 quo
966 3525 1064 3580 per
1114 3509 1301 3564 omnia
1342 3507 1542 3578 gratia,
1590 3523 1711 3577 quae
1748 3508 1866 3561 viro
1916 3524 2019 3562 una

447 3604 662 3669 aderat,
697 3602 1046 3678 ostendatur.
1078 3598 1345 3667 Quoniam
1385 3598 1531 3653 enim
1562 3599 1818 3654 omnibus
1842 3599 2019 3668 palam

445 3704 586 3759 erat,
627 3692 778 3765 quod
812 3694 916 3748 hoc
946 3700 1075 3747 ante
1114 3691 1301 3745 omnia
1342 3690 1446 3745 sibi
1474 3690 1660 3745 studio
1686 3689 1931 3752 haberet,
1965 3699 2023 3743 ut

443 3791 504 3847 in
532 3788 790 3845 omnibus
820 3785 986 3839 rebus
1018 3782 1084 3836 ad
1104 3784 1383 3852 egentium
1408 3780 1849 3836 consolationem
1882 3796 2024 3850 pra:-

445 3887 536 3938 sto
576 3887 725 3935 esset
758 3896 771 3932 :
807 3877 918 3930 duo
951 3874 1172 3945 quidam
1215 3871 1453 3937 Hebraei,
1484 3872 1600 3927 sive
1636 3873 1850 3926 lucrum
1893 3886 2020 3941 spe-

447 3978 685 4033 ctantes,
730 3967 847 4022 sive
892 3963 1355 4032 vituperationem
1410 3960 1704 4031 quamdam
1759 3960 2021 4016 adversus

445 4062 649 4125 virum,
694 4065 754 4110 ut
801 4056 895 4125 qui
951 4051 1130 4107 fraudi
1184 4067 1249 4107 ac
1307 4050 1616 4122 deeeptioni
1676 4060 2021 4122 opportunus

447 4157 617 4212 esset,
659 4155 969 4217 quaerentes
1023 4144 1147 4215 ejus
1188 4143 1426 4199 reditum
1473 4143 1791 4199 observant.
1842 4144 2022 4213 Atque

446 4240 643 4299 borum
694 4250 838 4290 unus
886 4235 1131 4304 quidem,
1180 4234 1275 4306 qui
1326 4241 1579 4289 mortuus
1631 4249 1752 4290 esse
1797 4234 2022 4290 videba-

447 4341 558 4392 tur,
586 4328 785 4398 supino
820 4327 1007 4381 habitu
1048 4334 1307 4381 extensus
1339 4341 1435 4395 per
1467 4335 1837 4381 transversam
1874 4325 2019 4379 viam

448 4420 722 4492 publicam
759 4418 1040 4488 projectus
1068 4425 1228 4483 erat;
1273 4417 1410 4472 alter
1434 4432 1565 4473 vero
1596 4416 1872 4487 jacentem
1911 4416 2019 4472 sci-

445 4514 571 4567 licet
621 4510 938 4581 deplorans,
990 4508 1412 4561 lamentantium
1458 4523 1623 4563 voces
1670 4508 2016 4576 imitabatur,

2123 3328 2367 3400 ρηκότων
2384 3329 2446 3397 τῇ
2476 3327 2758 3398 συμμαχίᾳ
2772 3325 2871 3381 τοῦ
2892 3327 3047 3395 ἁγίου
3072 3326 3210 3379 Πνεύ
3219 3344 3403 3396 ματος,
3428 3327 3525 3379 οὐκ
3540 3327 3706 3381 ἄκαι-

2126 3436 2216 3488 ρον
2262 3418 2327 3473 ἂν
2365 3418 2473 3489 εἴη,
2505 3418 2597 3471 καὶ
2630 3418 2691 3471 τὸ
2715 3420 2814 3489 τῆς
2856 3417 2975 3471 ὁδοῦ
3010 3418 3290 3491 πάρεργον
3314 3418 3701 3489 διηγήσασθαι,

2123 3510 2198 3573 ὡς
2245 3509 2310 3563 ἂν
2359 3510 2445 3563 διὰ
2490 3510 2706 3564 πάντων
2744 3512 2777 3581 ἡ
2825 3510 3187 3581 συμπαροῦσα
3219 3509 3295 3581 τῷ
3342 3511 3499 3583 ἀνδρὶ
3540 3511 3703 3582 χάρις

2123 3601 2485 3656 ἐπεδείκνυτο.
2535 3600 2751 3673 Ἐπειδὴ
2803 3602 2913 3672 γὰρ
2965 3600 3137 3654 ἆπασι
3178 3601 3444 3673 πρόδηλον
3484 3598 3574 3673 ἦν,
3615 3603 3702 3656 ὅτι

2122 3691 2278 3745 τοῦτο
2304 3692 2408 3763 πρὸ
2430 3694 2644 3748 πάντων
2666 3692 2741 3764 τῷ
2762 3693 2914 3763 ἀνδρὶ
2938 3692 3269 3773 ὲσπορδαστο
3291 3693 3350 3747 τὸ
3365 3693 3541 3747 πάντα
3563 3694 3706 3764 πρὸς

2121 3782 2221 3854 τὴν
2247 3784 2355 3838 τῶν
2403 3785 2671 3856 δεομένων
2722 3785 3073 3856 παραμυθίαν
3122 3785 3374 3855 βλέπειν·
3409 3787 3518 3840 εἴτε
3562 3787 3702 3857 πρὸς

2122 3877 2309 3948 κέρδος
2332 3877 2565 3950 ὁρῶντες
2597 3878 2662 3930 ἐκ
2685 3877 2795 3930 τῶν
2829 3877 3094 3950 Ἐϐραίων
3123 3878 3217 3932 δύο
3245 3879 3407 3945 τινὲς,
3436 3880 3545 3933 εῖτε
3578 3880 3704 3932 τινὰ

2124 3967 2312 4040 μῶμον
2333 3967 2475 4022 κατὰ
2489 3967 2582 4021 τοῦ
2605 3969 2797 4041 ἀνδρὸς
2821 3969 3179 4035 ἐπινοοῦντες,
3205 3970 3280 4033 ὡς
3304 3969 3539 4032 εὐκόλως
3565 3971 3703 4040 πρὸς

2120 4059 2182 4112 τὸ
2208 4058 2580 4123 ἐξαπατᾶσθαι
2606 4060 2970 4130 διακειμένου,
2996 4061 3515 4133 παραφυλάσσουσιν
3533 4059 3698 4114 αὑτοῦ

2119 4148 2220 4220 τὴν
2251 4150 2527 4205 ἐπάνοδον.
2566 4151 2677 4204 Καὶ
2708 4151 2912 4205 τούτων
2943 4154 2971 4206 ὁ
3002 4154 3121 4223 μὲν,
3150 4154 3404 4207 τεθνάναι
3430 4152 3607 4219 δόξας,
3639 4155 3699 4206 ἐν

2120 4238 2296 4309 ὑπτίῳ
2330 4239 2624 4310 τεταμένος
2653 4240 2731 4311 τῷ
2777 4242 3037 4313 σχήματι,
3068 4242 3209 4296 κατὰ
3235 4241 3296 4295 τὸ
3344 4242 3574 4311 πλάγιον
3598 4242 3697 4310 τῆς

2119 4329 2393 4402 λεωφόρου
2437 4330 2724 4402 προέκειτο
2744 4349 2757 4361 ·
2797 4333 2826 4384 ὁ
2859 4331 2915 4386 δὲ
2946 4332 3132 4404 ἕτερος
3178 4332 3504 4387 ἐπικωκύων
3538 4331 3697 4403 δῆθεν

2119 4420 2197 4492 τῷ
2228 4421 2465 4493 κειμένῳ
2489 4422 2585 4487 τὰς
2616 4422 2724 4490 τῶν
2751 4421 3091 4494 θρηνούντων
3126 4424 3311 4494 φωνὰς
3344 4424 3693 4496 ὑπεκρίνατο,

2121 4511 2215 4562 καὶ
2261 4511 2522 4582 παριόντα
2571 4512 2661 4565 τὸν
2697 4514 2869 4585 μέγαν
2915 4514 3197 4581 ἐπεϐοᾶτο,
3243 4515 3438 4583 λέγων,
3487 4515 3699 4587 ἀθρόως

444 4618 508 4656 ac
541 4610 958 4673 prwtereuntcm
992 4615 1247 4670 maguum
1291 4598 1442 4653 illum
1468 4598 1648 4652 virum
1689 4597 2015 4654 inclamabat

2124 4603 2449 4673 συσχεθέντα
2488 4605 2701 4676 θανάτῳ
2729 4606 2819 4659 τὸν
2851 4594 3083 4661 δείλαιον
3109 4607 3317 4670 τοῦτον,
3356 4608 3559 4679 γυμνὸν
3584 4610 3699 4661 κεῖ*

444 4696 638 4751 dicens
669 4713 680 4748 :
716 4694 961 4765 Repente
997 4700 1174 4747 morte
1201 4699 1493 4762 correptus
1519 4690 1609 4745 bie
1638 4690 1808 4746 miser
1838 4691 2018 4745 nudus

438 4788 606 4857 jacet,
657 4786 819 4857 eique
853 4784 1007 4840 deest
1038 4793 1336 4854 apparatus
1385 4782 1454 4837 ad
1499 4783 1863 4853 sepulturam.
1905 4781 2017 4837 Ro-

441 4879 605 4949 gahat
645 4877 813 4947 igitur
862 4889 1119 4945 magnum
1170 4874 1337 4929 istum
1370 4874 1573 4937 virum,
1609 4887 1679 4928 ne
1722 4872 2020 4944 negligeret

438 4974 494 5028 in
525 4970 763 5041 eojusta
803 4975 1171 5030 mortuorum,
1205 4967 1301 5021 sed
1344 4967 1601 5021 misertus
1633 4966 1820 5036 aliquo
1856 4967 2017 5021 modo

438 5063 801 5134 paupertatis,
843 5062 1111 5132 praeberet
1154 5076 1221 5114 ex
1275 5059 1343 5114 iis
1392 5060 1559 5114 rebus
1596 5074 1718 5129 qua:
1753 5069 2013 5129 suppete-

438 5164 581 5218 rent,
633 5168 742 5223 quo
789 5161 1064 5207 extremus
1114 5157 1342 5204 ornatus
1401 5149 1617 5219 corpori
1674 5149 2009 5218 injiceretur.

439 5247 533 5302 Ille
564 5245 782 5317 quidem
828 5244 945 5301 hate
986 5252 1040 5298 et
1086 5242 1215 5296 talia
1249 5242 1439 5297 dicens
1493 5241 1876 5312 supplicabat;
1925 5241 2013 5296 hic

441 5353 566 5391 vero
621 5338 756 5391 nihil
806 5342 1100 5391 cunctatus
1142 5350 1309 5404 super
1349 5333 1623 5403 jacentem
1679 5334 1884 5402 injecta
1930 5333 2015 5387 di-

441 5429 640 5499 ploidc,
692 5442 801 5498 qua
860 5426 1233 5481 circumdatus
1281 5434 1418 5492 erat,
1468 5426 1572 5480 iter
1631 5441 1789 5479 suum
1851 5440 2014 5494 porro

443 5521 894 5590 prosequebatur.
936 5518 1043 5575 Sed
1076 5528 1433 5588 posteaquam
1465 5516 1716 5587 digresso
1750 5517 1866 5582 illo,
1912 5517 2015 5572 soli

437 5619 596 5668 erant
627 5628 657 5665 a
706 5612 909 5682 quibus
942 5612 1017 5664 ita
1055 5610 1279 5665 delusus
1320 5616 1458 5674 erat,
1507 5616 1713 5661 mutata
1756 5607 1811 5660 in
1844 5608 2014 5663 risum

437 5705 699 5763 simulata
751 5701 1136 5758 lamentatione
1186 5702 1450 5771 impostor
1500 5700 1590 5755 ille
1631 5698 1904 5769 jacentem
1953 5708 2013 5754 ut

2119 4693 2240 4747 σθαι
2274 4693 2366 4747 καὶ
2422 4695 2561 4767 πρὸς
2603 4697 2780 4766 ταφὴν
2822 4698 3225 4768 ἀπαράσκευον.
3274 4699 3477 4752 Ἐδεῖτο
3518 4700 3698 4752 τοίνυν

2113 4785 2209 4837 τοῦ
2240 4785 2476 4855 μεγάλου
2510 4788 2585 4859 μὴ
2615 4788 2874 4860 περιιδεῖν
2907 4790 2994 4842 ἐπ’
3017 4789 3163 4861 αὑτῷ
3193 4790 3292 4862 τὴν
3317 4791 3471 4845 ὁσίαν
3497 4791 3698 4863 ψυχὴν.

2115 4877 2229 4930 ἀλλ’
2257 4873 2435 4932 οἶκτόν
2474 4896 2594 4932 τινα
2639 4880 2739 4950 τῆς
2786 4881 2978 4944 πενίας
3020 4882 3252 4936 λαϐόντα
3297 4886 3601 4955 παρασχεῖν
3633 4886 3698 4937 ὲκ

2113 4967 2222 5021 τῶν
2251 4969 2477 5022 ἐνόντων
2505 4968 2597 5024 τὸν
2626 4970 2853 5042 ἔσχατον
2879 4972 3084 5044 κόσμον
3110 4973 3467 5045 ἐπιϐληθῆναι
3492 4973 3572 5045 τῷ
3596 4974 3701 5027 σὼ-

2127 5075 2273 5129 ματι.
2291 5056 2351 5113 Ὀ
2377 5058 2474 5129 μὲν
2510 5059 2683 5114 ταῦτα
2712 5061 2807 5115 καὶ
2838 5062 2907 5116 τά
2937 5062 3160 5116 τοιαῦτα
3183 5062 3376 5133 λέγων.
3414 5064 3657 5118 ἱκέτευεν
3684 5081 3700 5094 ⁸

2121 5152 2149 5204 ὁ
2173 5150 2229 5204 δὲ
2263 5152 2533 5222 μελλήσας
2554 5152 2727 5219 οὐδὲν,
2750 5154 2850 5225 τὴν
2872 5156 3263 5228 περικειμένην
3284 5154 3430 5226 αὑτῴ
3454 5156 3701 5210 διπλοΐδα

2122 5242 2396 5296 ἐπιϐαλὼν
2438 5243 2516 5315 τῷ
2564 5244 2822 5316 κειμένῳ,
2858 5246 2950 5300 τοῦ
3008 5247 3198 5318 πρόσω
3245 5249 3345 5319 τῆς
3392 5247 3702 5318 ὁδοιπορίας

2122 5336 2314 5407 εἴχετο.
2356 5338 2508 5391 Ἐπεὶ
2532 5337 2588 5390 δὲ
2622 5338 2904 5403 διαϐάντος
2931 5340 3159 5406 ἐκείνου,
3194 5341 3281 5409 ἐφ’
3314 5336 3701 5411 ἐαυτῶνρῆσαν

2120 5429 2168 5479 οἱ
2208 5426 2380 5480 ταῦτα
2433 5429 2551 5483 κατ’
2585 5430 2749 5482 αὑτοῦ
2789 5430 3100 5495 παίξαντες,
3137 5431 3458 5502 μεταϐαλὼν
3489 5433 3518 5485 ὁ
3558 5433 3706 5486 ἀπα-

2116 5516 2253 5571 τεὼν
2276 5520 2480 5583 ἐκεῖνος
2507 5519 2599 5573 τὸν
2630 5522 3097 5593 ἐσχηματισμένον
3128 5522 3324 5595 θρῆνον
3356 5525 3436 5588 είς
3465 5525 3700 5593 γέλωτα,

2116 5609 2485 5665 διανίστασθαι
2519 5611 2597 5683 τῷ
2640 5615 2876 5684 κειμένῳ
2918 5614 3339 5684 παρεκελεύετο,
3383 5617 3476 5687 ὑφ’
3508 5618 3705 5689 ἡδονῆς

2112 5701 2191 5772 τῷ
2215 5703 2277 5755 ἐκ
2307 5702 2404 5772 τῆς
2435 5704 2651 5776 ἀπάτης
2689 5706 2871 5772 αὐτοῖς
2910 5709 3331 5780 προσγενομένῳ
3368 5709 3547 5779 κέρδει
3581 5713 3701 5763 ἐπι-
