  <div class='ocr_page' id='page_1' title='image "/cluster/home/n/w/nwhite01/storage/ocr_20150623/46/mdp.39015011915447/478.png"; bbox 0 0 4068 6154; ppageno 0'>
   <div class='ocr_carea' id='block_1_1' title="bbox 395 311 491 368">
    <p class='ocr_par' dir='ltr' id='par_1_1' title="bbox 395 311 491 368">
     <span class='ocr_line' id='line_1_1' title="bbox 395 311 491 368; baseline -0.042 0"><span class='ocrx_word' id='word_1_1' title='bbox 395 311 491 368; x_wconf 69' lang='lat' dir='ltr'><strong>9M</strong></span> 
     </span>
    </p>
   </div>
   <div class='ocr_carea' id='block_1_2' title="bbox 1329 303 2658 364">
    <p class='ocr_par' dir='ltr' id='par_1_2' title="bbox 1329 303 2658 364">
     <span class='ocr_line' id='line_1_2' title="bbox 1329 303 2658 364; baseline 0.005 -8"><span class='ocrx_word' id='word_1_2' title='bbox 1329 304 1417 357; x_wconf 71' lang='lat' dir='ltr'><strong>DE</strong></span> <span class='ocrx_word' id='word_1_3' title='bbox 1453 303 1615 358; x_wconf 79' lang='lat' dir='ltr'><strong>VlTA</strong></span> <span class='ocrx_word' id='word_1_4' title='bbox 1658 303 1716 359; x_wconf 86' lang='lat' dir='ltr'><strong>S.</strong></span> <span class='ocrx_word' id='word_1_5' title='bbox 1759 303 2090 361; x_wconf 74' lang='lat' dir='ltr'><strong>GREGORH</strong></span> <span class='ocrx_word' id='word_1_6' title='bbox 2125 305 2658 364; x_wconf 68' lang='lat' dir='ltr'><strong>TIIAUMATURGI.</strong></span> 
     </span>
    </p>
   </div>
   <div class='ocr_carea' id='block_1_3' title="bbox 3548 313 3654 370">
    <p class='ocr_par' dir='ltr' id='par_1_3' title="bbox 3548 313 3654 370">
     <span class='ocr_line' id='line_1_3' title="bbox 3548 313 3654 370; baseline 0.019 -2"><span class='ocrx_word' id='word_1_7' title='bbox 3548 313 3654 370; x_wconf 68' lang='grc' dir='ltr'><strong>9όέ</strong></span> 
     </span>
    </p>
   </div>
   <div class='ocr_carea' id='block_1_4' title="bbox 396 405 1974 492">
    <p class='ocr_par' dir='ltr' id='par_1_4' title="bbox 396 409 1974 492">
     <span class='ocr_line' id='line_1_4' title="bbox 396 409 1974 492; baseline -0.006 -15"><span class='ocrx_word' id='word_1_8' title='bbox 396 420 712 492; x_wconf 80' lang='grc' dir='ltr'><strong>καγχάζων.</strong></span> <span class='ocrx_word' id='word_1_9' title='bbox 755 417 814 471; x_wconf 87' lang='lat'><strong>&#39;0</strong></span> <span class='ocrx_word' id='word_1_10' title='bbox 843 415 900 469; x_wconf 84' lang='grc' dir='ltr'>δὲ</span> <span class='ocrx_word' id='word_1_11' title='bbox 939 409 1007 486; x_wconf 78' lang='grc' dir='ltr'>ἦν</span> <span class='ocrx_word' id='word_1_12' title='bbox 1042 415 1099 467; x_wconf 87' lang='grc' dir='ltr'><strong>ἐν</strong></span> <span class='ocrx_word' id='word_1_13' title='bbox 1137 412 1309 484; x_wconf 82' lang='grc' dir='ltr'>ὁμοίῳ</span> <span class='ocrx_word' id='word_1_14' title='bbox 1353 412 1432 483; x_wconf 82' lang='grc' dir='ltr'>τῷ</span> <span class='ocrx_word' id='word_1_15' title='bbox 1477 414 1715 484; x_wconf 83' lang='grc' dir='ltr'>σχήματι</span> <span class='ocrx_word' id='word_1_16' title='bbox 1753 415 1974 486; x_wconf 83' lang='grc' dir='ltr'>μηδενὸς</span> 
     </span>
    </p>
   </div>
   <div class='ocr_carea' id='block_1_5' title="bbox 2077 405 3653 492">
    <p class='ocr_par' dir='ltr' id='par_1_5' title="bbox 2082 405 3653 488">
     <span class='ocr_line' id='line_1_5' title="bbox 2082 405 3653 488; baseline 0.006 -17"><span class='ocrx_word' id='word_1_17' title='bbox 2082 428 2351 486; x_wconf 74' lang='lat' dir='ltr'><strong>surgeret,</strong></span> <span class='ocrx_word' id='word_1_18' title='bbox 2381 405 2730 483; x_wconf 87' lang='lat' dir='ltr'><strong>hortabatur,</strong></span> <span class='ocrx_word' id='word_1_19' title='bbox 2755 432 2867 488; x_wconf 74' lang='lat' dir='ltr'><strong>pra:</strong></span> <span class='ocrx_word' id='word_1_20' title='bbox 2887 417 3088 488; x_wconf 81' lang='lat' dir='ltr'><strong>gaudio</strong></span> <span class='ocrx_word' id='word_1_21' title='bbox 3116 419 3190 475; x_wconf 91' lang='lat' dir='ltr'><strong>ob</strong></span> <span class='ocrx_word' id='word_1_22' title='bbox 3212 421 3428 477; x_wconf 89' lang='lat' dir='ltr'><strong>lucrum</strong></span> <span class='ocrx_word' id='word_1_23' title='bbox 3461 420 3653 481; x_wconf 80' lang='lat' dir='ltr'><strong>fraude</strong></span> 
     </span>
    </p>
   </div>
   <div class='ocr_carea' id='block_1_6' title="bbox 396 504 1974 579">
    <p class='ocr_par' dir='ltr' id='par_1_6' title="bbox 396 504 1974 579">
     <span class='ocr_line' id='line_1_6' title="bbox 396 504 1974 579; baseline -0.007 -8"><span class='ocrx_word' id='word_1_24' title='bbox 396 515 612 572; x_wconf 85' lang='grc' dir='ltr'>ἀκούων</span> <span class='ocrx_word' id='word_1_25' title='bbox 637 510 747 566; x_wconf 87' lang='grc' dir='ltr'><strong>τῶν</strong></span> <span class='ocrx_word' id='word_1_26' title='bbox 772 508 1099 579; x_wconf 87' lang='grc' dir='ltr'>λεγομένων.</span> <span class='ocrx_word' id='word_1_27' title='bbox 1128 504 1235 559; x_wconf 82' lang='grc' dir='ltr'><strong>Τοῦ</strong></span> <span class='ocrx_word' id='word_1_28' title='bbox 1264 505 1321 558; x_wconf 83' lang='grc' dir='ltr'>δὲ</span> <span class='ocrx_word' id='word_1_29' title='bbox 1353 507 1700 578; x_wconf 75' lang='grc' dir='ltr'><strong>γεγωνοτέρᾳ</strong></span> <span class='ocrx_word' id='word_1_30' title='bbox 1727 508 1794 578; x_wconf 80' lang='grc' dir='ltr'>τῇ</span> <span class='ocrx_word' id='word_1_31' title='bbox 1823 510 1974 579; x_wconf 82' lang='grc' dir='ltr'>φωνῇ</span> 
     </span>
    </p>
   </div>
   <div class='ocr_carea' id='block_1_7' title="bbox 397 596 1979 679">
    <p class='ocr_par' dir='ltr' id='par_1_7' title="bbox 397 596 1979 679">
     <span class='ocr_line' id='line_1_7' title="bbox 397 596 1979 679; baseline -0.002 -24"><span class='ocrx_word' id='word_1_32' title='bbox 397 603 763 679; x_wconf 80' lang='grc' dir='ltr'><strong>κεχρημένου,</strong></span> <span class='ocrx_word' id='word_1_33' title='bbox 788 601 882 655; x_wconf 77' lang='grc' dir='ltr'>καὶ</span> <span class='ocrx_word' id='word_1_34' title='bbox 903 598 1020 666; x_wconf 76' lang='grc' dir='ltr'><strong>ἅμα</strong></span> <span class='ocrx_word' id='word_1_35' title='bbox 1040 596 1118 668; x_wconf 81' lang='grc' dir='ltr'><strong>τῷ</strong></span> <span class='ocrx_word' id='word_1_36' title='bbox 1140 596 1264 650; x_wconf 73' lang='grc' dir='ltr'>ποδὶ</span> <span class='ocrx_word' id='word_1_37' title='bbox 1277 597 1655 668; x_wconf 79' lang='grc' dir='ltr'><strong>διεγείροντος,</strong></span> <span class='ocrx_word' id='word_1_38' title='bbox 1677 597 1828 652; x_wconf 83' lang='grc' dir='ltr'>οὐδὲν</span> <span class='ocrx_word' id='word_1_39' title='bbox 1847 597 1979 669; x_wconf 82' lang='grc' dir='ltr'><strong>μᾶλ-</strong></span> 
     </span>
    </p>
   </div>
   <div class='ocr_carea' id='block_1_8' title="bbox 397 687 1977 762">
    <p class='ocr_par' dir='ltr' id='par_1_8' title="bbox 397 687 1977 762">
     <span class='ocr_line' id='line_1_8' title="bbox 397 687 1977 762; baseline -0.008 -11"><span class='ocrx_word' id='word_1_40' title='bbox 397 697 486 751; x_wconf 91' lang='grc' dir='ltr'><strong>λον</strong></span> <span class='ocrx_word' id='word_1_41' title='bbox 524 697 552 747; x_wconf 87' lang='grc' dir='ltr'>ὁ</span> <span class='ocrx_word' id='word_1_42' title='bbox 589 693 861 762; x_wconf 82' lang='grc' dir='ltr'>κείμενος,</span> <span class='ocrx_word' id='word_1_43' title='bbox 889 687 1013 741; x_wconf 78' lang='grc' dir='ltr'>οὕτε</span> <span class='ocrx_word' id='word_1_44' title='bbox 1039 688 1139 758; x_wconf 82' lang='grc' dir='ltr'>τῆς</span> <span class='ocrx_word' id='word_1_45' title='bbox 1179 690 1362 759; x_wconf 82' lang='grc' dir='ltr'>φωνῆς</span> <span class='ocrx_word' id='word_1_46' title='bbox 1389 690 1678 758; x_wconf 83' lang='grc' dir='ltr'>ἐπήκουεν,</span> <span class='ocrx_word' id='word_1_47' title='bbox 1717 688 1841 742; x_wconf 73' lang='grc' dir='ltr'>οὔτε</span> <span class='ocrx_word' id='word_1_48' title='bbox 1879 690 1977 760; x_wconf 87' lang='grc' dir='ltr'>τῆς</span> 
     </span>
    </p>
   </div>
   <div class='ocr_carea' id='block_1_9' title="bbox 396 775 1978 855">
    <p class='ocr_par' dir='ltr' id='par_1_9' title="bbox 396 775 1978 855">
     <span class='ocr_line' id='line_1_9' title="bbox 396 775 1978 855; baseline -0.003 -16"><span class='ocrx_word' id='word_1_49' title='bbox 396 785 612 854; x_wconf 81' lang='grc' dir='ltr'><strong>πληγῆς</strong></span> <span class='ocrx_word' id='word_1_50' title='bbox 636 780 975 855; x_wconf 82' lang='grc' dir='ltr'>ἐπῃσθάνετο</span> <span class='ocrx_word' id='word_1_51' title='bbox 993 797 1007 810; x_wconf 91' lang='grc'><strong>·</strong></span> <span class='ocrx_word' id='word_1_52' title='bbox 1036 780 1151 834; x_wconf 85' lang='grc' dir='ltr'>ἀλλ’</span> <span class='ocrx_word' id='word_1_53' title='bbox 1178 775 1246 851; x_wconf 80' lang='grc' dir='ltr'>ἦν</span> <span class='ocrx_word' id='word_1_54' title='bbox 1278 778 1478 850; x_wconf 88' lang='grc' dir='ltr'>ὁμοίως</span> <span class='ocrx_word' id='word_1_55' title='bbox 1511 780 1870 852; x_wconf 86' lang='grc' dir='ltr'>ἐκτεταμένος</span> <span class='ocrx_word' id='word_1_56' title='bbox 1898 781 1978 852; x_wconf 87' lang='grc' dir='ltr'>τῷ</span> 
     </span>
    </p>
   </div>
   <div class='ocr_carea' id='block_1_10' title="bbox 398 867 1978 949">
    <p class='ocr_par' dir='ltr' id='par_1_10' title="bbox 398 867 1978 949">
     <span class='ocr_line' id='line_1_10' title="bbox 398 867 1978 949; baseline -0.001 -21"><span class='ocrx_word' id='word_1_57' title='bbox 398 878 660 949; x_wconf 82' lang='grc' dir='ltr'>σχήματι.</span> <span class='ocrx_word' id='word_1_58' title='bbox 691 874 905 946; x_wconf 84' lang='grc' dir='ltr'>Νεκρὸς</span> <span class='ocrx_word' id='word_1_59' title='bbox 946 872 1055 945; x_wconf 84' lang='grc' dir='ltr'>γὰρ</span> <span class='ocrx_word' id='word_1_60' title='bbox 1078 867 1147 944; x_wconf 79' lang='grc' dir='ltr'>ἦν</span> <span class='ocrx_word' id='word_1_61' title='bbox 1172 871 1308 943; x_wconf 84' lang='grc' dir='ltr'>όμοῦ</span> <span class='ocrx_word' id='word_1_62' title='bbox 1340 874 1406 943; x_wconf 82' lang='grc' dir='ltr'>τῇ</span> <span class='ocrx_word' id='word_1_63' title='bbox 1454 871 1677 944; x_wconf 75' lang='grc' dir='ltr'>ἐπιϐολῇ</span> <span class='ocrx_word' id='word_1_64' title='bbox 1709 872 1804 927; x_wconf 81' lang='grc' dir='ltr'>τοῦ</span> <span class='ocrx_word' id='word_1_65' title='bbox 1847 875 1978 945; x_wconf 88' lang='grc' dir='ltr'>ἱμα-</span> 
     </span>
    </p>
   </div>
   <div class='ocr_carea' id='block_1_11' title="bbox 395 963 1979 1037">
    <p class='ocr_par' dir='ltr' id='par_1_11' title="bbox 395 963 1979 1037">
     <span class='ocr_line' id='line_1_11' title="bbox 395 963 1979 1037; baseline -0.002 -16"><span class='ocrx_word' id='word_1_66' title='bbox 395 969 534 1035; x_wconf 88' lang='grc' dir='ltr'>τίου,</span> <span class='ocrx_word' id='word_1_67' title='bbox 571 965 715 1020; x_wconf 88' lang='grc' dir='ltr'><strong>κατά</strong></span> <span class='ocrx_word' id='word_1_68' title='bbox 739 964 994 1037; x_wconf 80' lang='grc' dir='ltr'>ἀλήθειαν</span> <span class='ocrx_word' id='word_1_69' title='bbox 1022 966 1080 1017; x_wconf 89' lang='grc' dir='ltr'><strong>ἐν</strong></span> <span class='ocrx_word' id='word_1_70' title='bbox 1105 964 1182 1036; x_wconf 81' lang='grc' dir='ltr'><strong>τῷ</strong></span> <span class='ocrx_word' id='word_1_71' title='bbox 1208 963 1425 1035; x_wconf 81' lang='grc' dir='ltr'>θανάτῳ</span> <span class='ocrx_word' id='word_1_72' title='bbox 1457 964 1769 1035; x_wconf 86' lang='grc' dir='ltr'>γενόμενος,</span> <span class='ocrx_word' id='word_1_73' title='bbox 1794 964 1853 1018; x_wconf 83' lang='grc' dir='ltr'>ὃν</span> <span class='ocrx_word' id='word_1_74' title='bbox 1882 963 1979 1018; x_wconf 76' lang='grc' dir='ltr'><strong>ἐπὶ</strong></span> 
     </span>
    </p>
   </div>
   <div class='ocr_carea' id='block_1_12' title="bbox 395 1056 1977 1132">
    <p class='ocr_par' dir='ltr' id='par_1_12' title="bbox 395 1056 1977 1132">
     <span class='ocr_line' id='line_1_12' title="bbox 395 1056 1977 1132; baseline -0.002 -19"><span class='ocrx_word' id='word_1_75' title='bbox 395 1063 462 1132; x_wconf 82' lang='grc' dir='ltr'>τῇ</span> <span class='ocrx_word' id='word_1_76' title='bbox 514 1059 700 1132; x_wconf 82' lang='grc' dir='ltr'><strong>ἀπάτῃ</strong></span> <span class='ocrx_word' id='word_1_77' title='bbox 755 1057 850 1112; x_wconf 81' lang='grc' dir='ltr'>τοῦ</span> <span class='ocrx_word' id='word_1_78' title='bbox 906 1056 1146 1128; x_wconf 79' lang='grc' dir='ltr'>μεγάλου</span> <span class='ocrx_word' id='word_1_79' title='bbox 1194 1056 1665 1127; x_wconf 86' lang='grc' dir='ltr'>καθυπεκρίνετο·</span> <span class='ocrx_word' id='word_1_80' title='bbox 1712 1057 1851 1111; x_wconf 80' lang='grc' dir='ltr'>ὥστε</span> <span class='ocrx_word' id='word_1_81' title='bbox 1901 1057 1977 1127; x_wconf 82' lang='grc' dir='ltr'>μὴ</span> 
     </span>
    </p>
   </div>
   <div class='ocr_carea' id='block_1_13' title="bbox 396 1141 1979 1222">
    <p class='ocr_par' dir='ltr' id='par_1_13' title="bbox 396 1141 1979 1222">
     <span class='ocr_line' id='line_1_13' title="bbox 396 1141 1979 1222; baseline -0.004 -17"><span class='ocrx_word' id='word_1_82' title='bbox 396 1151 699 1222; x_wconf 77' lang='grc' dir='ltr'>ψευσθῆναι</span> <span class='ocrx_word' id='word_1_83' title='bbox 748 1149 839 1202; x_wconf 81' lang='grc' dir='ltr'><strong>τὸν</strong></span> <span class='ocrx_word' id='word_1_84' title='bbox 880 1148 976 1201; x_wconf 79' lang='grc' dir='ltr'><strong>τοῦ</strong></span> <span class='ocrx_word' id='word_1_85' title='bbox 1028 1147 1163 1201; x_wconf 81' lang='grc' dir='ltr'>Θεοῦ</span> <span class='ocrx_word' id='word_1_86' title='bbox 1206 1148 1513 1219; x_wconf 78' lang='grc' dir='ltr'>ἄνθρωπον,</span> <span class='ocrx_word' id='word_1_87' title='bbox 1547 1146 1660 1200; x_wconf 85' lang='grc' dir='ltr'>ἀλλ’</span> <span class='ocrx_word' id='word_1_88' title='bbox 1702 1141 1764 1201; x_wconf 74' lang='grc' dir='ltr'>οὗ</span> <span class='ocrx_word' id='word_1_89' title='bbox 1819 1147 1979 1219; x_wconf 82' lang='grc' dir='ltr'>χάριν</span> 
     </span>
    </p>
   </div>
   <div class='ocr_carea' id='block_1_14' title="bbox 397 1236 1978 1311">
    <p class='ocr_par' dir='ltr' id='par_1_14' title="bbox 397 1236 1978 1311">
     <span class='ocr_line' id='line_1_14' title="bbox 397 1236 1978 1311; baseline -0.003 -16"><span class='ocrx_word' id='word_1_90' title='bbox 397 1241 552 1311; x_wconf 82' lang='grc' dir='ltr'>ἐδόθη</span> <span class='ocrx_word' id='word_1_91' title='bbox 590 1241 719 1306; x_wconf 87' lang='grc' dir='ltr'>παρ’</span> <span class='ocrx_word' id='word_1_92' title='bbox 749 1236 914 1291; x_wconf 77' lang='grc' dir='ltr'>αὑτοῦ</span> <span class='ocrx_word' id='word_1_93' title='bbox 951 1238 1012 1290; x_wconf 86' lang='grc' dir='ltr'><strong>τὸ</strong></span> <span class='ocrx_word' id='word_1_94' title='bbox 1057 1237 1291 1308; x_wconf 84' lang='grc' dir='ltr'>ἱμάτιον,</span> <span class='ocrx_word' id='word_1_95' title='bbox 1335 1238 1393 1290; x_wconf 86' lang='grc' dir='ltr'><strong>ἐν</strong></span> <span class='ocrx_word' id='word_1_96' title='bbox 1421 1236 1598 1307; x_wconf 82' lang='grc' dir='ltr'>τούτῳ</span> <span class='ocrx_word' id='word_1_97' title='bbox 1621 1239 1735 1301; x_wconf 79' lang='grc' dir='ltr'>τοῖς</span> <span class='ocrx_word' id='word_1_98' title='bbox 1756 1237 1978 1290; x_wconf 79' lang='grc' dir='ltr'>λαϐοῦσι</span> 
     </span>
    </p>
   </div>
   <div class='ocr_carea' id='block_1_15' title="bbox 396 1325 1979 1403">
    <p class='ocr_par' dir='ltr' id='par_1_15' title="bbox 396 1325 1979 1403">
     <span class='ocr_line' id='line_1_15' title="bbox 396 1325 1979 1403; baseline -0.003 -16"><span class='ocrx_word' id='word_1_99' title='bbox 396 1331 649 1403; x_wconf 85' lang='grc' dir='ltr'>γενέσθαι</span> <span class='ocrx_word' id='word_1_100' title='bbox 692 1331 986 1401; x_wconf 85' lang='grc' dir='ltr'>χρήσιμον.</span> <span class='ocrx_word' id='word_1_101' title='bbox 1018 1330 1083 1382; x_wconf 80' lang='grc' dir='ltr'><strong>Εἰ</strong></span> <span class='ocrx_word' id='word_1_102' title='bbox 1123 1328 1179 1382; x_wconf 86' lang='grc' dir='ltr'><strong>δέ</strong></span> <span class='ocrx_word' id='word_1_103' title='bbox 1209 1328 1533 1401; x_wconf 82' lang='grc' dir='ltr'>σκυθρωπὸν</span> <span class='ocrx_word' id='word_1_104' title='bbox 1561 1325 1701 1382; x_wconf 74' lang='grc' dir='ltr'>εἶναι</span> <span class='ocrx_word' id='word_1_105' title='bbox 1745 1329 1890 1383; x_wconf 85' lang='grc' dir='ltr'>δοκεῖ</span> <span class='ocrx_word' id='word_1_106' title='bbox 1917 1329 1979 1383; x_wconf 82' lang='grc' dir='ltr'><strong>τὸ</strong></span> 
     </span>
    </p>
   </div>
   <div class='ocr_carea' id='block_1_16' title="bbox 395 1420 1981 1495">
    <p class='ocr_par' dir='ltr' id='par_1_16' title="bbox 395 1420 1981 1495">
     <span class='ocr_line' id='line_1_16' title="bbox 395 1420 1981 1495; baseline -0.001 -16"><span class='ocrx_word' id='word_1_107' title='bbox 395 1423 634 1479; x_wconf 78' lang='grc' dir='ltr'>τοιοῦτον</span> <span class='ocrx_word' id='word_1_108' title='bbox 660 1422 821 1495; x_wconf 82' lang='grc' dir='ltr'>ἔργον</span> <span class='ocrx_word' id='word_1_109' title='bbox 846 1422 943 1493; x_wconf 86' lang='grc' dir='ltr'>τῆς</span> <span class='ocrx_word' id='word_1_110' title='bbox 966 1421 1060 1475; x_wconf 80' lang='grc' dir='ltr'>τοῦ</span> <span class='ocrx_word' id='word_1_111' title='bbox 1097 1421 1331 1492; x_wconf 83' lang='grc' dir='ltr'>μεγάλου</span> <span class='ocrx_word' id='word_1_112' title='bbox 1365 1420 1602 1485; x_wconf 83' lang='grc' dir='ltr'>πίστεώς</span> <span class='ocrx_word' id='word_1_113' title='bbox 1630 1439 1691 1475; x_wconf 89' lang='grc' dir='ltr'><strong>τε</strong></span> <span class='ocrx_word' id='word_1_114' title='bbox 1716 1423 1810 1475; x_wconf 80' lang='grc' dir='ltr'><strong>καὶ</strong></span> <span class='ocrx_word' id='word_1_115' title='bbox 1830 1423 1981 1477; x_wconf 74' lang='grc' dir='ltr'>δυνάο</span> 
     </span>
    </p>
   </div>
   <div class='ocr_carea' id='block_1_17' title="bbox 396 1511 1975 1585">
    <p class='ocr_par' dir='ltr' id='par_1_17' title="bbox 396 1511 1975 1585">
     <span class='ocr_line' id='line_1_17' title="bbox 396 1511 1975 1585; baseline -0.001 -17"><span class='ocrx_word' id='word_1_116' title='bbox 396 1532 563 1585; x_wconf 83' lang='grc' dir='ltr'>μεως,</span> <span class='ocrx_word' id='word_1_117' title='bbox 584 1512 874 1579; x_wconf 80' lang='grc' dir='ltr'>ξενιζέσθω</span> <span class='ocrx_word' id='word_1_118' title='bbox 888 1513 1099 1583; x_wconf 72' lang='grc' dir='ltr'>μηδεὶς,</span> <span class='ocrx_word' id='word_1_119' title='bbox 1123 1512 1261 1581; x_wconf 80' lang='grc' dir='ltr'>πρὸς</span> <span class='ocrx_word' id='word_1_120' title='bbox 1284 1512 1374 1566; x_wconf 84' lang='grc' dir='ltr'><strong>τὸν</strong></span> <span class='ocrx_word' id='word_1_121' title='bbox 1401 1511 1573 1583; x_wconf 90' lang='grc' dir='ltr'>μέγαν</span> <span class='ocrx_word' id='word_1_122' title='bbox 1590 1513 1795 1584; x_wconf 75' lang='grc' dir='ltr'>Πέτρον</span> <span class='ocrx_word' id='word_1_123' title='bbox 1814 1514 1975 1584; x_wconf 85' lang='grc' dir='ltr'>ὀρῶν.</span> 
     </span>
    </p>
   </div>
   <div class='ocr_carea' id='block_1_18' title="bbox 395 1596 1981 1676">
    <p class='ocr_par' dir='ltr' id='par_1_18' title="bbox 395 1596 1981 1676">
     <span class='ocr_line' id='line_1_18' title="bbox 395 1596 1981 1676; baseline -0.001 -18"><span class='ocrx_word' id='word_1_124' title='bbox 395 1605 506 1658; x_wconf 80' lang='lat' dir='ltr'><strong>Kal</strong></span> <span class='ocrx_word' id='word_1_125' title='bbox 535 1604 644 1676; x_wconf 84' lang='grc' dir='ltr'><strong>γάρ</strong></span> <span class='ocrx_word' id='word_1_126' title='bbox 660 1600 889 1669; x_wconf 76' lang='grc' dir='ltr'>ἐκεῖνος,</span> <span class='ocrx_word' id='word_1_127' title='bbox 912 1604 973 1656; x_wconf 86' lang='grc' dir='ltr'><strong>οὐ</strong></span> <span class='ocrx_word' id='word_1_128' title='bbox 995 1602 1063 1656; x_wconf 88' lang='grc' dir='ltr'>δι’</span> <span class='ocrx_word' id='word_1_129' title='bbox 1091 1596 1166 1657; x_wconf 85' lang='grc' dir='ltr'>ὦν</span> <span class='ocrx_word' id='word_1_130' title='bbox 1195 1602 1482 1674; x_wconf 81' lang='grc' dir='ltr'>εὐηργέτει</span> <span class='ocrx_word' id='word_1_131' title='bbox 1515 1603 1674 1673; x_wconf 86' lang='grc' dir='ltr'>μόνον</span> <span class='ocrx_word' id='word_1_132' title='bbox 1686 1603 1785 1675; x_wconf 84' lang='grc' dir='ltr'><strong>τὴν</strong></span> <span class='ocrx_word' id='word_1_133' title='bbox 1812 1620 1981 1675; x_wconf 87' lang='grc' dir='ltr'>προσ-</span> 
     </span>
    </p>
   </div>
   <div class='ocr_carea' id='block_1_19' title="bbox 397 1694 1978 1767">
    <p class='ocr_par' dir='ltr' id='par_1_19' title="bbox 397 1694 1978 1767">
     <span class='ocr_line' id='line_1_19' title="bbox 397 1694 1978 1767; baseline -0.001 -16"><span class='ocrx_word' id='word_1_134' title='bbox 397 1696 564 1751; x_wconf 79' lang='grc' dir='ltr'>οῦσαν</span> <span class='ocrx_word' id='word_1_135' title='bbox 621 1696 968 1750; x_wconf 84' lang='grc' dir='ltr'>ἐπεδείκνυτο</span> <span class='ocrx_word' id='word_1_136' title='bbox 999 1696 1251 1766; x_wconf 90' lang='grc' dir='ltr'>δύναμιν,</span> <span class='ocrx_word' id='word_1_137' title='bbox 1287 1694 1378 1749; x_wconf 88' lang='grc' dir='ltr'><strong>τὸν</strong></span> <span class='ocrx_word' id='word_1_138' title='bbox 1423 1697 1489 1748; x_wconf 88' lang='grc' dir='ltr'><strong>ἐκ</strong></span> <span class='ocrx_word' id='word_1_139' title='bbox 1520 1696 1782 1767; x_wconf 82' lang='grc' dir='ltr'>γεννητῆς</span> <span class='ocrx_word' id='word_1_140' title='bbox 1807 1694 1978 1767; x_wconf 83' lang='grc' dir='ltr'>χωλὸν</span> 
     </span>
    </p>
   </div>
   <div class='ocr_carea' id='block_1_20' title="bbox 2081 507 3654 579">
    <p class='ocr_par' dir='ltr' id='par_1_20' title="bbox 2081 507 3654 579">
     <span class='ocr_line' id='line_1_20' title="bbox 2081 507 3654 579; baseline 0.004 -18"><span class='ocrx_word' id='word_1_141' title='bbox 2081 507 2372 579; x_wconf 87' lang='lat' dir='ltr'><strong>quaesitum</strong></span> <span class='ocrx_word' id='word_1_142' title='bbox 2425 507 2789 563; x_wconf 82' lang='lat' dir='ltr'><strong>cachinnans.</strong></span> <span class='ocrx_word' id='word_1_143' title='bbox 2852 507 2923 561; x_wconf 84' lang='lat' dir='ltr'><strong>At</strong></span> <span class='ocrx_word' id='word_1_144' title='bbox 2974 508 3114 564; x_wconf 89' lang='lat' dir='ltr'><strong>alter</strong></span> <span class='ocrx_word' id='word_1_145' title='bbox 3177 517 3296 564; x_wconf 90' lang='lat' dir='ltr'><strong>erat</strong></span> <span class='ocrx_word' id='word_1_146' title='bbox 3345 509 3402 564; x_wconf 92' lang='lat' dir='ltr'><strong>in</strong></span> <span class='ocrx_word' id='word_1_147' title='bbox 3462 511 3654 567; x_wconf 88' lang='lat' dir='ltr'><strong>eodem</strong></span> 
     </span>
    </p>
   </div>
   <div class='ocr_carea' id='block_1_21' title="bbox 2078 597 3653 670">
    <p class='ocr_par' dir='ltr' id='par_1_21' title="bbox 2078 597 3653 670">
     <span class='ocr_line' id='line_1_21' title="bbox 2078 597 3653 670; baseline 0.003 -20"><span class='ocrx_word' id='word_1_148' title='bbox 2078 598 2293 662; x_wconf 86' lang='lat' dir='ltr'><strong>habitu,</strong></span> <span class='ocrx_word' id='word_1_149' title='bbox 2343 597 2480 652; x_wconf 83' lang='lat' dir='ltr'><strong>nihil</strong></span> <span class='ocrx_word' id='word_1_150' title='bbox 2547 599 2850 654; x_wconf 80' lang='lat' dir='ltr'><strong>exaudiens</strong></span> <span class='ocrx_word' id='word_1_151' title='bbox 2891 614 3082 654; x_wconf 90' lang='lat' dir='ltr'><strong>eorum</strong></span> <span class='ocrx_word' id='word_1_152' title='bbox 3137 615 3260 670; x_wconf 75' lang='lat' dir='ltr'><strong>quae</strong></span> <span class='ocrx_word' id='word_1_153' title='bbox 3305 600 3653 657; x_wconf 90' lang='lat' dir='ltr'><strong>dicebantur.</strong></span> 
     </span>
    </p>
   </div>
   <div class='ocr_carea' id='block_1_22' title="bbox 2079 686 3656 756">
    <p class='ocr_par' dir='ltr' id='par_1_22' title="bbox 2079 686 3656 756">
     <span class='ocr_line' id='line_1_22' title="bbox 2079 686 3656 756; baseline 0.003 -14"><span class='ocrx_word' id='word_1_154' title='bbox 2079 686 2219 742; x_wconf 88' lang='lat' dir='ltr'><strong>Cum</strong></span> <span class='ocrx_word' id='word_1_155' title='bbox 2265 696 2447 741; x_wconf 87' lang='lat' dir='ltr'><strong>autem</strong></span> <span class='ocrx_word' id='word_1_156' title='bbox 2492 687 2585 743; x_wconf 90' lang='lat' dir='ltr'><strong>ille</strong></span> <span class='ocrx_word' id='word_1_157' title='bbox 2633 687 2869 742; x_wconf 85' lang='lat' dir='ltr'><strong>clariore</strong></span> <span class='ocrx_word' id='word_1_158' title='bbox 2914 705 3047 744; x_wconf 86' lang='lat' dir='ltr'><strong>voce</strong></span> <span class='ocrx_word' id='word_1_159' title='bbox 3079 697 3346 756; x_wconf 90' lang='lat' dir='ltr'><strong>uteretur,</strong></span> <span class='ocrx_word' id='word_1_160' title='bbox 3399 705 3463 746; x_wconf 92' lang='lat' dir='ltr'><strong>ac</strong></span> <span class='ocrx_word' id='word_1_161' title='bbox 3492 692 3656 747; x_wconf 89' lang='lat' dir='ltr'><strong>simul</strong></span> 
     </span>
    </p>
   </div>
   <div class='ocr_carea' id='block_1_23' title="bbox 2079 777 3659 856">
    <p class='ocr_par' dir='ltr' id='par_1_23' title="bbox 2079 777 3659 856">
     <span class='ocr_line' id='line_1_23' title="bbox 2079 777 3659 856; baseline 0.004 -24"><span class='ocrx_word' id='word_1_162' title='bbox 2079 778 2217 848; x_wconf 86' lang='lat' dir='ltr'><strong>pede</strong></span> <span class='ocrx_word' id='word_1_163' title='bbox 2250 777 2476 833; x_wconf 91' lang='lat' dir='ltr'><strong>trudens</strong></span> <span class='ocrx_word' id='word_1_164' title='bbox 2510 793 2636 833; x_wconf 88' lang='lat' dir='ltr'><strong>eum</strong></span> <span class='ocrx_word' id='word_1_165' title='bbox 2667 779 2910 835; x_wconf 80' lang='lat' dir='ltr'><strong>excitare</strong></span> <span class='ocrx_word' id='word_1_166' title='bbox 2941 782 3231 846; x_wconf 79' lang='lat' dir='ltr'><strong>niteretur,</strong></span> <span class='ocrx_word' id='word_1_167' title='bbox 3281 782 3454 836; x_wconf 83' lang='lat' dir='ltr'><strong>nihilo</strong></span> <span class='ocrx_word' id='word_1_168' title='bbox 3483 783 3659 856; x_wconf 89' lang='lat' dir='ltr'><strong>magis</strong></span> 
     </span>
    </p>
   </div>
   <div class='ocr_carea' id='block_1_24' title="bbox 2078 869 3658 940">
    <p class='ocr_par' dir='ltr' id='par_1_24' title="bbox 2078 869 3658 940">
     <span class='ocr_line' id='line_1_24' title="bbox 2078 869 3658 940; baseline 0.006 -16"><span class='ocrx_word' id='word_1_169' title='bbox 2078 871 2173 940; x_wconf 94' lang='lat' dir='ltr'><strong>qui</strong></span> <span class='ocrx_word' id='word_1_170' title='bbox 2208 869 2427 939; x_wconf 86' lang='lat' dir='ltr'><strong>jacebat</strong></span> <span class='ocrx_word' id='word_1_171' title='bbox 2448 869 2531 924; x_wconf 86' lang='lat' dir='ltr'><strong>vel</strong></span> <span class='ocrx_word' id='word_1_172' title='bbox 2567 884 2755 924; x_wconf 90' lang='lat' dir='ltr'><strong>vocem</strong></span> <span class='ocrx_word' id='word_1_173' title='bbox 2808 871 3156 938; x_wconf 84' lang='lat' dir='ltr'><strong>exaudiebat,</strong></span> <span class='ocrx_word' id='word_1_174' title='bbox 3188 874 3275 927; x_wconf 86' lang='lat' dir='ltr'><strong>vel</strong></span> <span class='ocrx_word' id='word_1_175' title='bbox 3320 873 3491 929; x_wconf 90' lang='lat' dir='ltr'><strong>ictum</strong></span> <span class='ocrx_word' id='word_1_176' title='bbox 3528 891 3658 932; x_wconf 82' lang='lat' dir='ltr'><strong>sen-</strong></span> 
     </span>
    </p>
   </div>
   <div class='ocr_carea' id='block_1_25' title="bbox 2079 962 3656 1027">
    <p class='ocr_par' dir='ltr' id='par_1_25' title="bbox 2079 962 3656 1027">
     <span class='ocr_line' id='line_1_25' title="bbox 2079 962 3656 1027; baseline 0.006 -12"><span class='ocrx_word' id='word_1_177' title='bbox 2079 963 2279 1027; x_wconf 82' lang='lat' dir='ltr'><strong>tiehat,</strong></span> <span class='ocrx_word' id='word_1_178' title='bbox 2327 962 2422 1017; x_wconf 89' lang='lat' dir='ltr'><strong>sed</strong></span> <span class='ocrx_word' id='word_1_179' title='bbox 2461 962 2518 1016; x_wconf 90' lang='lat' dir='ltr'><strong>in</strong></span> <span class='ocrx_word' id='word_1_180' title='bbox 2561 962 2755 1018; x_wconf 87' lang='lat' dir='ltr'><strong>eodem</strong></span> <span class='ocrx_word' id='word_1_181' title='bbox 2802 962 2991 1017; x_wconf 85' lang='lat' dir='ltr'><strong>habitu</strong></span> <span class='ocrx_word' id='word_1_182' title='bbox 3022 971 3286 1022; x_wconf 77' lang='lat' dir='ltr'><strong>extensus</strong></span> <span class='ocrx_word' id='word_1_183' title='bbox 3326 975 3464 1020; x_wconf 84' lang='lat' dir='ltr'><strong>erat.</strong></span> <span class='ocrx_word' id='word_1_184' title='bbox 3509 967 3656 1025; x_wconf 82' lang='lat' dir='ltr'><strong>Mor-</strong></span> 
     </span>
    </p>
   </div>
   <div class='ocr_carea' id='block_1_26' title="bbox 2080 1051 3658 1129">
    <p class='ocr_par' dir='ltr' id='par_1_26' title="bbox 2080 1051 3658 1129">
     <span class='ocr_line' id='line_1_26' title="bbox 2080 1051 3658 1129; baseline 0.004 -22"><span class='ocrx_word' id='word_1_185' title='bbox 2080 1063 2207 1108; x_wconf 87' lang='lat' dir='ltr'><strong>tuus</strong></span> <span class='ocrx_word' id='word_1_186' title='bbox 2254 1052 2402 1107; x_wconf 89' lang='lat' dir='ltr'><strong>cnim</strong></span> <span class='ocrx_word' id='word_1_187' title='bbox 2448 1063 2601 1115; x_wconf 88' lang='lat' dir='ltr'><strong>erat,</strong></span> <span class='ocrx_word' id='word_1_188' title='bbox 2643 1066 2793 1118; x_wconf 90' lang='lat' dir='ltr'><strong>cum,</strong></span> <span class='ocrx_word' id='word_1_189' title='bbox 2828 1051 2993 1106; x_wconf 88' lang='lat' dir='ltr'><strong>simul</strong></span> <span class='ocrx_word' id='word_1_190' title='bbox 3020 1065 3184 1123; x_wconf 89' lang='lat' dir='ltr'><strong>atque</strong></span> <span class='ocrx_word' id='word_1_191' title='bbox 3219 1056 3445 1126; x_wconf 86' lang='lat' dir='ltr'><strong>pallium</strong></span> <span class='ocrx_word' id='word_1_192' title='bbox 3491 1074 3658 1129; x_wconf 87' lang='lat' dir='ltr'><strong>super</strong></span> 
     </span>
    </p>
   </div>
   <div class='ocr_carea' id='block_1_27' title="bbox 2079 1144 3656 1220">
    <p class='ocr_par' dir='ltr' id='par_1_27' title="bbox 2079 1144 3656 1220">
     <span class='ocr_line' id='line_1_27' title="bbox 2079 1144 3656 1220; baseline 0.003 -20"><span class='ocrx_word' id='word_1_193' title='bbox 2079 1159 2203 1200; x_wconf 91' lang='lat' dir='ltr'><strong>eum</strong></span> <span class='ocrx_word' id='word_1_194' title='bbox 2245 1144 2506 1214; x_wconf 84' lang='lat' dir='ltr'><strong>injectum</strong></span> <span class='ocrx_word' id='word_1_195' title='bbox 2552 1153 2695 1210; x_wconf 89' lang='lat' dir='ltr'><strong>erat,</strong></span> <span class='ocrx_word' id='word_1_196' title='bbox 2747 1160 2874 1200; x_wconf 74' lang='lat' dir='ltr'><strong>vera</strong></span> <span class='ocrx_word' id='word_1_197' title='bbox 2910 1153 3110 1212; x_wconf 89' lang='lat' dir='ltr'><strong>morte,</strong></span> <span class='ocrx_word' id='word_1_198' title='bbox 3147 1162 3312 1217; x_wconf 87' lang='lat' dir='ltr'><strong>quam</strong></span> <span class='ocrx_word' id='word_1_199' title='bbox 3351 1148 3656 1220; x_wconf 87' lang='lat' dir='ltr'><strong>decipiendi</strong></span> 
     </span>
    </p>
   </div>
   <div class='ocr_carea' id='block_1_28' title="bbox 2079 1237 3667 1312">
    <p class='ocr_par' dir='ltr' id='par_1_28' title="bbox 2079 1237 3667 1312">
     <span class='ocr_line' id='line_1_28' title="bbox 2079 1237 3667 1312; baseline 0.002 -22"><span class='ocrx_word' id='word_1_200' title='bbox 2079 1237 2263 1309; x_wconf 82' lang='lat' dir='ltr'><strong>magni</strong></span> <span class='ocrx_word' id='word_1_201' title='bbox 2293 1237 2442 1294; x_wconf 86' lang='lat' dir='ltr'><strong>illius</strong></span> <span class='ocrx_word' id='word_1_202' title='bbox 2471 1252 2641 1294; x_wconf 87' lang='lat' dir='ltr'><strong>causa</strong></span> <span class='ocrx_word' id='word_1_203' title='bbox 2659 1239 3036 1303; x_wconf 82' lang='lat' dir='ltr'><strong>simulaverat,</strong></span> <span class='ocrx_word' id='word_1_204' title='bbox 3058 1248 3348 1309; x_wconf 87' lang='lat' dir='ltr'><strong>correptus</strong></span> <span class='ocrx_word' id='word_1_205' title='bbox 3379 1243 3667 1312; x_wconf 73' lang='lat' dir='ltr'><strong>exspiras-.</strong></span> 
     </span>
    </p>
   </div>
   <div class='ocr_carea' id='block_1_29' title="bbox 2080 1331 3659 1405">
    <p class='ocr_par' dir='ltr' id='par_1_29' title="bbox 2080 1331 3659 1405">
     <span class='ocr_line' id='line_1_29' title="bbox 2080 1331 3659 1405; baseline 0.003 -17"><span class='ocrx_word' id='word_1_206' title='bbox 2080 1343 2184 1397; x_wconf 90' lang='lat' dir='ltr'><strong>set,</strong></span> <span class='ocrx_word' id='word_1_207' title='bbox 2217 1331 2353 1387; x_wconf 88' lang='lat' dir='ltr'><strong>adeo</strong></span> <span class='ocrx_word' id='word_1_208' title='bbox 2397 1340 2456 1386; x_wconf 89' lang='lat' dir='ltr'><strong>ut</strong></span> <span class='ocrx_word' id='word_1_209' title='bbox 2502 1333 2667 1387; x_wconf 89' lang='lat' dir='ltr'><strong>homo</strong></span> <span class='ocrx_word' id='word_1_210' title='bbox 2719 1332 2813 1387; x_wconf 91' lang='lat' dir='ltr'><strong>ille</strong></span> <span class='ocrx_word' id='word_1_211' title='bbox 2866 1331 3087 1388; x_wconf 87' lang='lat' dir='ltr'><strong>divinus</strong></span> <span class='ocrx_word' id='word_1_212' title='bbox 3141 1332 3290 1389; x_wconf 87' lang='lat' dir='ltr'><strong>haud</strong></span> <span class='ocrx_word' id='word_1_213' title='bbox 3335 1333 3511 1392; x_wconf 83' lang='lat' dir='ltr'><strong>falsus</strong></span> <span class='ocrx_word' id='word_1_214' title='bbox 3561 1338 3659 1405; x_wconf 89' lang='lat' dir='ltr'><strong>sit,</strong></span> 
     </span>
    </p>
   </div>
   <div class='ocr_carea' id='block_1_30' title="bbox 2079 1424 3697 1496">
    <p class='ocr_par' dir='ltr' id='par_1_30' title="bbox 2079 1424 3697 1496">
     <span class='ocr_line' id='line_1_30' title="bbox 2079 1424 3697 1496; baseline 0.001 -16"><span class='ocrx_word' id='word_1_215' title='bbox 2079 1425 2177 1480; x_wconf 87' lang='lat' dir='ltr'><strong>sed</strong></span> <span class='ocrx_word' id='word_1_216' title='bbox 2219 1424 2382 1494; x_wconf 87' lang='lat' dir='ltr'><strong>cujus</strong></span> <span class='ocrx_word' id='word_1_217' title='bbox 2434 1425 2514 1481; x_wconf 86' lang='lat' dir='ltr'><strong>rei</strong></span> <span class='ocrx_word' id='word_1_218' title='bbox 2564 1425 2739 1496; x_wconf 88' lang='lat' dir='ltr'><strong>gratia</strong></span> <span class='ocrx_word' id='word_1_219' title='bbox 2775 1424 3000 1494; x_wconf 87' lang='lat' dir='ltr'><strong>pallium</strong></span> <span class='ocrx_word' id='word_1_220' title='bbox 3062 1425 3133 1480; x_wconf 83' lang='lat' dir='ltr'><strong>ab</strong></span> <span class='ocrx_word' id='word_1_221' title='bbox 3179 1439 3247 1480; x_wconf 92' lang='lat' dir='ltr'><strong>eo</strong></span> <span class='ocrx_word' id='word_1_222' title='bbox 3283 1425 3472 1481; x_wconf 88' lang='lat' dir='ltr'><strong>datum</strong></span> <span class='ocrx_word' id='word_1_223' title='bbox 3514 1438 3655 1493; x_wconf 88' lang='lat' dir='ltr'><strong>erat,</strong></span> <span class='ocrx_word' id='word_1_224' title='bbox 3692 1454 3697 1457; x_wconf 84' lang='lat'><strong><em>-</em></strong></span> 
     </span>
    </p>
   </div>
   <div class='ocr_carea' id='block_1_31' title="bbox 2079 1517 3655 1589">
    <p class='ocr_par' dir='ltr' id='par_1_31' title="bbox 2079 1517 3655 1589">
     <span class='ocr_line' id='line_1_31' title="bbox 2079 1517 3655 1589; baseline 0.002 -17"><span class='ocrx_word' id='word_1_225' title='bbox 2079 1518 2147 1574; x_wconf 87' lang='lat' dir='ltr'><strong>ad</strong></span> <span class='ocrx_word' id='word_1_226' title='bbox 2194 1518 2336 1573; x_wconf 86' lang='lat' dir='ltr'><strong>hanc</strong></span> <span class='ocrx_word' id='word_1_227' title='bbox 2368 1533 2482 1573; x_wconf 90' lang='lat' dir='ltr'><strong>rem</strong></span> <span class='ocrx_word' id='word_1_228' title='bbox 2530 1518 2583 1573; x_wconf 90' lang='lat' dir='ltr'><strong>ei</strong></span> <span class='ocrx_word' id='word_1_229' title='bbox 2626 1518 2721 1589; x_wconf 88' lang='lat' dir='ltr'><strong>qui</strong></span> <span class='ocrx_word' id='word_1_230' title='bbox 2767 1517 3092 1588; x_wconf 83' lang='lat' dir='ltr'><strong>accepisset,</strong></span> <span class='ocrx_word' id='word_1_231' title='bbox 3128 1520 3254 1574; x_wconf 88' lang='lat' dir='ltr'><strong>usui</strong></span> <span class='ocrx_word' id='word_1_232' title='bbox 3299 1527 3465 1574; x_wconf 87' lang='lat' dir='ltr'><strong>esset.</strong></span> <span class='ocrx_word' id='word_1_233' title='bbox 3501 1518 3655 1585; x_wconf 84' lang='lat' dir='ltr'><strong>Quod</strong></span> 
     </span>
    </p>
   </div>
   <div class='ocr_carea' id='block_1_32' title="bbox 2082 1608 3660 1682">
    <p class='ocr_par' dir='ltr' id='par_1_32' title="bbox 2082 1608 3660 1682">
     <span class='ocr_line' id='line_1_32' title="bbox 2082 1608 3660 1682; baseline 0.002 -18"><span class='ocrx_word' id='word_1_234' title='bbox 2082 1610 2128 1664; x_wconf 89' lang='lat' dir='ltr'><strong>si</strong></span> <span class='ocrx_word' id='word_1_235' title='bbox 2151 1608 2411 1664; x_wconf 85' lang='lat' dir='ltr'><strong>acerbum</strong></span> <span class='ocrx_word' id='word_1_236' title='bbox 2439 1617 2494 1665; x_wconf 90' lang='lat' dir='ltr'><strong>et</strong></span> <span class='ocrx_word' id='word_1_237' title='bbox 2519 1619 2679 1664; x_wconf 76' lang='lat' dir='ltr'><strong>atrox</strong></span> <span class='ocrx_word' id='word_1_238' title='bbox 2711 1609 2984 1681; x_wconf 85' lang='lat' dir='ltr'><strong>ejusmodi</strong></span> <span class='ocrx_word' id='word_1_239' title='bbox 3016 1610 3233 1666; x_wconf 77' lang='lat' dir='ltr'><strong>facinus</strong></span> <span class='ocrx_word' id='word_1_240' title='bbox 3264 1625 3476 1682; x_wconf 78' lang='lat' dir='ltr'><strong>magna:</strong></span> <span class='ocrx_word' id='word_1_241' title='bbox 3510 1612 3660 1667; x_wconf 89' lang='lat' dir='ltr'><strong>illius</strong></span> 
     </span>
    </p>
   </div>
   <div class='ocr_carea' id='block_1_33' title="bbox 2079 1700 3660 1775">
    <p class='ocr_par' dir='ltr' id='par_1_33' title="bbox 2079 1700 3660 1775">
     <span class='ocr_line' id='line_1_33' title="bbox 2079 1700 3660 1775; baseline 0.001 -20"><span class='ocrx_word' id='word_1_242' title='bbox 2079 1709 2134 1755; x_wconf 88' lang='lat' dir='ltr'><strong>et</strong></span> <span class='ocrx_word' id='word_1_243' title='bbox 2160 1700 2286 1756; x_wconf 84' lang='lat' dir='ltr'><strong>tidei</strong></span> <span class='ocrx_word' id='word_1_244' title='bbox 2322 1710 2378 1756; x_wconf 90' lang='lat' dir='ltr'><strong>et</strong></span> <span class='ocrx_word' id='word_1_245' title='bbox 2406 1702 2667 1771; x_wconf 83' lang='lat' dir='ltr'><strong>potentiae</strong></span> <span class='ocrx_word' id='word_1_246' title='bbox 2708 1716 2833 1757; x_wconf 91' lang='lat' dir='ltr'><strong>esse</strong></span> <span class='ocrx_word' id='word_1_247' title='bbox 2872 1702 3109 1768; x_wconf 83' lang='lat' dir='ltr'><strong>videtur,</strong></span> <span class='ocrx_word' id='word_1_248' title='bbox 3150 1717 3314 1757; x_wconf 88' lang='lat' dir='ltr'><strong>nemo</strong></span> <span class='ocrx_word' id='word_1_249' title='bbox 3341 1703 3501 1775; x_wconf 83' lang='lat' dir='ltr'><strong>quasi</strong></span> <span class='ocrx_word' id='word_1_250' title='bbox 3544 1719 3660 1760; x_wconf 88' lang='lat' dir='ltr'><strong>rem</strong></span> 
     </span>
    </p>
   </div>
   <div class='ocr_carea' id='block_1_34' title="bbox 393 1786 1974 1864">
    <p class='ocr_par' dir='ltr' id='par_1_34' title="bbox 393 1789 1973 1864">
     <span class='ocr_line' id='line_1_34' title="bbox 393 1789 1973 1864; baseline 0 -19"><span class='ocrx_word' id='word_1_251' title='bbox 393 1792 653 1864; x_wconf 76' lang='grc' dir='ltr'>τρέχοντα</span> <span class='ocrx_word' id='word_1_252' title='bbox 690 1789 768 1861; x_wconf 84' lang='grc' dir='ltr'>τῷ</span> <span class='ocrx_word' id='word_1_253' title='bbox 815 1789 931 1860; x_wconf 83' lang='grc' dir='ltr'>λαῷ</span> <span class='ocrx_word' id='word_1_254' title='bbox 975 1790 1233 1844; x_wconf 81' lang='grc' dir='ltr'>δεικνύων</span> <span class='ocrx_word' id='word_1_255' title='bbox 1288 1790 1382 1844; x_wconf 75' lang='grc' dir='ltr'><strong>καὶ</strong></span> <span class='ocrx_word' id='word_1_256' title='bbox 1428 1790 1793 1862; x_wconf 85' lang='grc' dir='ltr'>διαλλόμενον,</span> <span class='ocrx_word' id='word_1_257' title='bbox 1839 1792 1873 1862; x_wconf 84' lang='grc' dir='ltr'><strong>ἢ</strong></span> <span class='ocrx_word' id='word_1_258' title='bbox 1906 1794 1973 1863; x_wconf 79' lang='grc' dir='ltr'>τῇ</span> 
     </span>
    </p>
   </div>
   <div class='ocr_carea' id='block_1_35' title="bbox 2077 1786 3662 1864">
    <p class='ocr_par' dir='ltr' id='par_1_35' title="bbox 2080 1791 3662 1864">
     <span class='ocr_line' id='line_1_35' title="bbox 2080 1791 3662 1864; baseline 0.004 -19"><span class='ocrx_word' id='word_1_259' title='bbox 2080 1807 2275 1847; x_wconf 86' lang='lat' dir='ltr'><strong>novam</strong></span> <span class='ocrx_word' id='word_1_260' title='bbox 2309 1792 2561 1857; x_wconf 88' lang='lat' dir='ltr'><strong>miretur,</strong></span> <span class='ocrx_word' id='word_1_261' title='bbox 2596 1791 2693 1847; x_wconf 91' lang='lat' dir='ltr'><strong>sed</strong></span> <span class='ocrx_word' id='word_1_262' title='bbox 2732 1793 2801 1847; x_wconf 91' lang='lat' dir='ltr'><strong>ad</strong></span> <span class='ocrx_word' id='word_1_263' title='bbox 2830 1807 3089 1864; x_wconf 85' lang='lat' dir='ltr'><strong>magnum</strong></span> <span class='ocrx_word' id='word_1_264' title='bbox 3130 1794 3281 1848; x_wconf 89' lang='lat' dir='ltr'><strong>illum</strong></span> <span class='ocrx_word' id='word_1_265' title='bbox 3312 1793 3539 1850; x_wconf 88' lang='lat' dir='ltr'><strong>Petrum</strong></span> <span class='ocrx_word' id='word_1_266' title='bbox 3575 1812 3662 1851; x_wconf 88' lang='lat' dir='ltr'><strong>re-</strong></span> 
     </span>
    </p>
   </div>
   <div class='ocr_carea' id='block_1_36' title="bbox 396 1880 1979 1955">
    <p class='ocr_par' dir='ltr' id='par_1_36' title="bbox 396 1880 1979 1955">
     <span class='ocr_line' id='line_1_36' title="bbox 396 1880 1979 1955; baseline -0.001 -18"><span class='ocrx_word' id='word_1_267' title='bbox 396 1886 526 1955; x_wconf 76' lang='grc' dir='ltr'>σκιᾷ</span> <span class='ocrx_word' id='word_1_268' title='bbox 554 1883 649 1936; x_wconf 79' lang='grc' dir='ltr'>τοῦ</span> <span class='ocrx_word' id='word_1_269' title='bbox 681 1881 809 1936; x_wconf 79' lang='grc' dir='ltr'>ἰδίου</span> <span class='ocrx_word' id='word_1_270' title='bbox 839 1880 1091 1952; x_wconf 84' lang='grc' dir='ltr'>σώματος</span> <span class='ocrx_word' id='word_1_271' title='bbox 1123 1880 1390 1953; x_wconf 79' lang='grc' dir='ltr'>ἰατρεύων</span> <span class='ocrx_word' id='word_1_272' title='bbox 1410 1881 1521 1934; x_wconf 91' lang='grc' dir='ltr'><strong>τῶν</strong></span> <span class='ocrx_word' id='word_1_273' title='bbox 1551 1880 1979 1953; x_wconf 80' lang='grc' dir='ltr'>ἀρρωστούντων</span> 
     </span>
    </p>
   </div>
   <div class='ocr_carea' id='block_1_37' title="bbox 393 1969 1978 2044">
    <p class='ocr_par' dir='ltr' id='par_1_37' title="bbox 393 1969 1978 2044">
     <span class='ocr_line' id='line_1_37' title="bbox 393 1969 1978 2044; baseline -0.003 -16"><span class='ocrx_word' id='word_1_274' title='bbox 393 1974 464 2028; x_wconf 74' lang='grc' dir='ltr'><strong>τά</strong></span> <span class='ocrx_word' id='word_1_275' title='bbox 497 1974 665 2044; x_wconf 88' lang='grc' dir='ltr'>πάθη,</span> <span class='ocrx_word' id='word_1_276' title='bbox 731 1969 813 2038; x_wconf 74' lang='grc' dir='ltr'>οἷς</span> <span class='ocrx_word' id='word_1_277' title='bbox 857 1973 924 2027; x_wconf 81' lang='grc' dir='ltr'>ἂν</span> <span class='ocrx_word' id='word_1_278' title='bbox 969 1973 1217 2042; x_wconf 79' lang='grc' dir='ltr'>ἐπήγαγε</span> <span class='ocrx_word' id='word_1_279' title='bbox 1270 1972 1412 2027; x_wconf 88' lang='grc' dir='ltr'><strong>κατά</strong></span> <span class='ocrx_word' id='word_1_280' title='bbox 1459 1973 1559 2044; x_wconf 80' lang='grc' dir='ltr'><strong>τὴν</strong></span> <span class='ocrx_word' id='word_1_281' title='bbox 1603 1971 1837 2042; x_wconf 88' lang='grc' dir='ltr'>πάροδον</span> <span class='ocrx_word' id='word_1_282' title='bbox 1885 1970 1978 2024; x_wconf 80' lang='grc' dir='ltr'>τοῦ</span> 
     </span>
    </p>
   </div>
   <div class='ocr_carea' id='block_1_38' title="bbox 393 2062 1980 2136">
    <p class='ocr_par' dir='ltr' id='par_1_38' title="bbox 393 2062 1980 2136">
     <span class='ocr_line' id='line_1_38' title="bbox 393 2062 1980 2136; baseline -0.003 -14"><span class='ocrx_word' id='word_1_283' title='bbox 393 2068 688 2122; x_wconf 81' lang='grc' dir='ltr'>ἀποστόλου</span> <span class='ocrx_word' id='word_1_284' title='bbox 736 2066 825 2120; x_wconf 84' lang='grc' dir='ltr'>διὰ</span> <span class='ocrx_word' id='word_1_285' title='bbox 882 2065 1110 2134; x_wconf 81' lang='grc' dir='ltr'>πλαγίου</span> <span class='ocrx_word' id='word_1_286' title='bbox 1161 2064 1240 2136; x_wconf 82' lang='grc' dir='ltr'>τῷ</span> <span class='ocrx_word' id='word_1_287' title='bbox 1292 2062 1505 2136; x_wconf 80' lang='grc' dir='ltr'>σώματι</span> <span class='ocrx_word' id='word_1_288' title='bbox 1559 2062 1914 2135; x_wconf 86' lang='grc' dir='ltr'>προσϐάλλων</span> <span class='ocrx_word' id='word_1_289' title='bbox 1951 2065 1980 2117; x_wconf 86' lang='grc' dir='ltr'><strong>ὁ</strong></span> 
     </span>
    </p>
   </div>
   <div class='ocr_carea' id='block_1_39' title="bbox 391 2153 1980 2230">
    <p class='ocr_par' dir='ltr' id='par_1_39' title="bbox 391 2153 1980 2230">
     <span class='ocr_line' id='line_1_39' title="bbox 391 2153 1980 2230; baseline -0.005 -15"><span class='ocrx_word' id='word_1_290' title='bbox 391 2160 578 2230; x_wconf 78' lang='grc' dir='ltr'>ἥλιοςο</span> <span class='ocrx_word' id='word_1_291' title='bbox 607 2157 743 2213; x_wconf 82' lang='grc' dir='ltr'>ἀλλὰ</span> <span class='ocrx_word' id='word_1_292' title='bbox 787 2159 883 2213; x_wconf 79' lang='grc' dir='ltr'><strong>καὶ</strong></span> <span class='ocrx_word' id='word_1_293' title='bbox 925 2157 1021 2211; x_wconf 80' lang='grc' dir='ltr'><strong>τοῦ</strong></span> <span class='ocrx_word' id='word_1_294' title='bbox 1064 2157 1306 2211; x_wconf 80' lang='grc' dir='ltr'>Ἀνανίου</span> <span class='ocrx_word' id='word_1_295' title='bbox 1340 2156 1477 2228; x_wconf 85' lang='grc' dir='ltr'>πρὸς</span> <span class='ocrx_word' id='word_1_296' title='bbox 1529 2154 1627 2227; x_wconf 83' lang='grc' dir='ltr'>τὴν</span> <span class='ocrx_word' id='word_1_297' title='bbox 1665 2153 1980 2208; x_wconf 78' lang='grc' dir='ltr'>ἐνοικοῦσαν</span> 
     </span>
    </p>
   </div>
   <div class='ocr_carea' id='block_1_40' title="bbox 392 2245 1980 2321">
    <p class='ocr_par' dir='ltr' id='par_1_40' title="bbox 392 2245 1980 2321">
     <span class='ocr_line' id='line_1_40' title="bbox 392 2245 1980 2321; baseline -0.003 -18"><span class='ocrx_word' id='word_1_298' title='bbox 392 2250 471 2321; x_wconf 85' lang='grc' dir='ltr'><strong>τῷ</strong></span> <span class='ocrx_word' id='word_1_299' title='bbox 521 2248 804 2321; x_wconf 80' lang='grc' dir='ltr'>ἀποστόλῳ</span> <span class='ocrx_word' id='word_1_300' title='bbox 851 2248 1081 2320; x_wconf 87' lang='grc' dir='ltr'>δύναμιν</span> <span class='ocrx_word' id='word_1_301' title='bbox 1124 2246 1609 2319; x_wconf 74' lang='grc' dir='ltr'>καταφρονητικῶς</span> <span class='ocrx_word' id='word_1_302' title='bbox 1647 2245 1980 2310; x_wconf 86' lang='grc' dir='ltr'>διατεθέντος</span> 
     </span>
    </p>
   </div>
   <div class='ocr_carea' id='block_1_41' title="bbox 391 2336 1980 2410">
    <p class='ocr_par' dir='ltr' id='par_1_41' title="bbox 391 2336 1980 2410">
     <span class='ocr_line' id='line_1_41' title="bbox 391 2336 1980 2410; baseline -0.004 -11"><span class='ocrx_word' id='word_1_303' title='bbox 391 2342 742 2407; x_wconf 76' lang='grc' dir='ltr'>καταδικάζει</span> <span class='ocrx_word' id='word_1_304' title='bbox 767 2343 860 2396; x_wconf 86' lang='grc' dir='ltr'><strong>τὸν</strong></span> <span class='ocrx_word' id='word_1_305' title='bbox 886 2341 1113 2397; x_wconf 88' lang='grc' dir='ltr'>θάνατον</span> <span class='ocrx_word' id='word_1_306' title='bbox 1132 2360 1145 2375; x_wconf 91' lang='grc'><strong>·</strong></span> <span class='ocrx_word' id='word_1_307' title='bbox 1169 2341 1245 2404; x_wconf 83' lang='grc' dir='ltr'>ὡς</span> <span class='ocrx_word' id='word_1_308' title='bbox 1272 2340 1357 2406; x_wconf 83' lang='grc' dir='ltr'><strong>ἂν,</strong></span> <span class='ocrx_word' id='word_1_309' title='bbox 1389 2336 1564 2410; x_wconf 83' lang='grc' dir='ltr'>οἶμαι,</span> <span class='ocrx_word' id='word_1_310' title='bbox 1588 2338 1671 2408; x_wconf 81' lang='grc' dir='ltr'><strong>τῷ</strong></span> <span class='ocrx_word' id='word_1_311' title='bbox 1692 2340 1813 2393; x_wconf 86' lang='grc' dir='ltr'>κατ’</span> <span class='ocrx_word' id='word_1_312' title='bbox 1841 2340 1980 2392; x_wconf 79' lang='grc' dir='ltr'>ἐκεῖ·</span> 
     </span>
    </p>
   </div>
   <div class='ocr_carea' id='block_1_42' title="bbox 388 2430 1978 2506">
    <p class='ocr_par' dir='ltr' id='par_1_42' title="bbox 388 2430 1978 2506">
     <span class='ocr_line' id='line_1_42' title="bbox 388 2430 1978 2506; baseline -0.004 -15"><span class='ocrx_word' id='word_1_313' title='bbox 388 2453 482 2491; x_wconf 91' lang='grc' dir='ltr'><strong>νον</strong></span> <span class='ocrx_word' id='word_1_314' title='bbox 520 2435 670 2506; x_wconf 82' lang='grc' dir='ltr'>φόϐῳ</span> <span class='ocrx_word' id='word_1_315' title='bbox 703 2436 812 2488; x_wconf 79' lang='grc' dir='ltr'>πᾶν</span> <span class='ocrx_word' id='word_1_316' title='bbox 840 2439 902 2487; x_wconf 83' lang='grc' dir='ltr'><strong>τὸ</strong></span> <span class='ocrx_word' id='word_1_317' title='bbox 931 2432 1308 2504; x_wconf 79' lang='grc' dir='ltr'>καταφρονοῦν</span> <span class='ocrx_word' id='word_1_318' title='bbox 1336 2434 1395 2485; x_wconf 84' lang='grc' dir='ltr'><strong>ἐν</strong></span> <span class='ocrx_word' id='word_1_319' title='bbox 1437 2431 1517 2503; x_wconf 80' lang='grc' dir='ltr'><strong>τῷ</strong></span> <span class='ocrx_word' id='word_1_320' title='bbox 1553 2430 1670 2503; x_wconf 85' lang='grc' dir='ltr'>λαῷ</span> <span class='ocrx_word' id='word_1_321' title='bbox 1703 2430 1978 2501; x_wconf 83' lang='grc' dir='ltr'>σωφρονέ-</span> 
     </span>
    </p>
   </div>
   <div class='ocr_carea' id='block_1_43' title="bbox 393 2523 1978 2601">
    <p class='ocr_par' dir='ltr' id='par_1_43' title="bbox 393 2523 1978 2601">
     <span class='ocr_line' id='line_1_43' title="bbox 393 2523 1978 2601; baseline -0.004 -18"><span class='ocrx_word' id='word_1_322' title='bbox 393 2545 584 2601; x_wconf 88' lang='grc' dir='ltr'>στερον</span> <span class='ocrx_word' id='word_1_323' title='bbox 612 2527 837 2597; x_wconf 87' lang='grc' dir='ltr'>γένηται</span> <span class='ocrx_word' id='word_1_324' title='bbox 869 2526 947 2596; x_wconf 83' lang='grc' dir='ltr'>τῷ</span> <span class='ocrx_word' id='word_1_325' title='bbox 978 2524 1194 2597; x_wconf 78' lang='grc' dir='ltr'>φοϐερῷ</span> <span class='ocrx_word' id='word_1_326' title='bbox 1224 2523 1604 2595; x_wconf 80' lang='grc' dir='ltr'>ὑποδείγματι,</span> <span class='ocrx_word' id='word_1_327' title='bbox 1637 2524 1776 2594; x_wconf 82' lang='grc' dir='ltr'>πρὸς</span> <span class='ocrx_word' id='word_1_328' title='bbox 1812 2523 1875 2576; x_wconf 81' lang='grc' dir='ltr'><strong>τὸ</strong></span> <span class='ocrx_word' id='word_1_329' title='bbox 1903 2524 1978 2595; x_wconf 84' lang='grc' dir='ltr'>μὴ</span> 
     </span>
    </p>
   </div>
   <div class='ocr_carea' id='block_1_44' title="bbox 390 2613 1979 2687">
    <p class='ocr_par' dir='ltr' id='par_1_44' title="bbox 390 2613 1979 2687">
     <span class='ocr_line' id='line_1_44' title="bbox 390 2613 1979 2687; baseline -0.005 -13"><span class='ocrx_word' id='word_1_330' title='bbox 390 2622 504 2684; x_wconf 85' lang='grc' dir='ltr'>τοῖς</span> <span class='ocrx_word' id='word_1_331' title='bbox 556 2620 742 2682; x_wconf 82' lang='grc' dir='ltr'>αὐτοῖς</span> <span class='ocrx_word' id='word_1_332' title='bbox 784 2617 1105 2687; x_wconf 78' lang='grc' dir='ltr'>ἐγγενέσθαι</span> <span class='ocrx_word' id='word_1_333' title='bbox 1157 2614 1699 2686; x_wconf 84' lang='grc' dir='ltr'>παιδαγωγούμενον.</span> <span class='ocrx_word' id='word_1_334' title='bbox 1737 2613 1979 2677; x_wconf 84' lang='grc' dir='ltr'>Είκότως</span> 
     </span>
    </p>
   </div>
   <div class='ocr_carea' id='block_1_45' title="bbox 390 2703 1979 2783">
    <p class='ocr_par' dir='ltr' id='par_1_45' title="bbox 390 2703 1979 2783">
     <span class='ocr_line' id='line_1_45' title="bbox 390 2703 1979 2783; baseline -0.006 -16"><span class='ocrx_word' id='word_1_335' title='bbox 390 2713 568 2767; x_wconf 78' lang='grc' dir='ltr'>τοίνυν</span> <span class='ocrx_word' id='word_1_336' title='bbox 607 2714 636 2766; x_wconf 83' lang='grc' dir='ltr'><strong>ὁ</strong></span> <span class='ocrx_word' id='word_1_337' title='bbox 672 2712 916 2783; x_wconf 82' lang='grc' dir='ltr'>μιμητὴς</span> <span class='ocrx_word' id='word_1_338' title='bbox 949 2709 1042 2763; x_wconf 77' lang='grc' dir='ltr'><strong>τοῦ</strong></span> <span class='ocrx_word' id='word_1_339' title='bbox 1083 2709 1292 2781; x_wconf 81' lang='grc' dir='ltr'>Πέτρου</span> <span class='ocrx_word' id='word_1_340' title='bbox 1338 2707 1428 2761; x_wconf 83' lang='grc' dir='ltr'>διὰ</span> <span class='ocrx_word' id='word_1_341' title='bbox 1454 2706 1665 2761; x_wconf 85' lang='grc' dir='ltr'>πολλῶν</span> <span class='ocrx_word' id='word_1_342' title='bbox 1696 2705 1804 2759; x_wconf 91' lang='grc' dir='ltr'><strong>τῶν</strong></span> <span class='ocrx_word' id='word_1_343' title='bbox 1838 2703 1979 2758; x_wconf 84' lang='grc' dir='ltr'>κατὰ</span> 
     </span>
    </p>
   </div>
   <div class='ocr_carea' id='block_1_46' title="bbox 391 2798 1978 2876">
    <p class='ocr_par' dir='ltr' id='par_1_46' title="bbox 391 2798 1978 2876">
     <span class='ocr_line' id='line_1_46' title="bbox 391 2798 1978 2876; baseline -0.004 -18"><span class='ocrx_word' id='word_1_344' title='bbox 391 2805 488 2869; x_wconf 81' lang='grc' dir='ltr'>τὰς</span> <span class='ocrx_word' id='word_1_345' title='bbox 529 2804 852 2876; x_wconf 83' lang='grc' dir='ltr'>εὐεργεσίας</span> <span class='ocrx_word' id='word_1_346' title='bbox 901 2801 1197 2874; x_wconf 83' lang='grc' dir='ltr'>θαυμάτων</span> <span class='ocrx_word' id='word_1_347' title='bbox 1237 2800 1418 2865; x_wconf 82' lang='grc' dir='ltr'>δείξας</span> <span class='ocrx_word' id='word_1_348' title='bbox 1456 2800 1517 2854; x_wconf 85' lang='grc' dir='ltr'>τὸ</span> <span class='ocrx_word' id='word_1_349' title='bbox 1567 2799 1669 2870; x_wconf 77' lang='grc' dir='ltr'>τῆς</span> <span class='ocrx_word' id='word_1_350' title='bbox 1696 2798 1978 2870; x_wconf 84' lang='grc' dir='ltr'>δυνάμεως</span> 
     </span>
    </p>
   </div>
   <div class='ocr_carea' id='block_1_47' title="bbox 395 2890 1975 2966">
    <p class='ocr_par' dir='ltr' id='par_1_47' title="bbox 395 2890 1975 2966">
     <span class='ocr_line' id='line_1_47' title="bbox 395 2890 1975 2966; baseline -0.005 -15"><span class='ocrx_word' id='word_1_351' title='bbox 395 2896 644 2966; x_wconf 86' lang='grc' dir='ltr'>μέγεθος,</span> <span class='ocrx_word' id='word_1_352' title='bbox 681 2897 775 2950; x_wconf 78' lang='grc' dir='ltr'>καὶ</span> <span class='ocrx_word' id='word_1_353' title='bbox 805 2895 895 2949; x_wconf 83' lang='grc' dir='ltr'><strong>τὸν</strong></span> <span class='ocrx_word' id='word_1_354' title='bbox 927 2894 1070 2950; x_wconf 79' lang='grc' dir='ltr'>κατὰ</span> <span class='ocrx_word' id='word_1_355' title='bbox 1100 2893 1194 2948; x_wconf 80' lang='grc' dir='ltr'>τοῦ</span> <span class='ocrx_word' id='word_1_356' title='bbox 1228 2892 1544 2964; x_wconf 86' lang='grc' dir='ltr'>Πνεύματος</span> <span class='ocrx_word' id='word_1_357' title='bbox 1570 2890 1880 2964; x_wconf 86' lang='grc' dir='ltr'>χρήσασθαι</span> <span class='ocrx_word' id='word_1_358' title='bbox 1908 2892 1975 2961; x_wconf 81' lang='grc' dir='ltr'>τῇ</span> 
     </span>
    </p>
   </div>
   <div class='ocr_carea' id='block_1_48' title="bbox 389 2984 1978 3061">
    <p class='ocr_par' dir='ltr' id='par_1_48' title="bbox 389 2984 1978 3061">
     <span class='ocr_line' id='line_1_48' title="bbox 389 2984 1978 3061; baseline -0.004 -18"><span class='ocrx_word' id='word_1_359' title='bbox 389 2989 579 3061; x_wconf 81' lang='grc' dir='ltr'>ἀπάτῃ</span> <span class='ocrx_word' id='word_1_360' title='bbox 619 2990 1047 3061; x_wconf 82' lang='grc' dir='ltr'>ἐπιχειρήσαντα</span> <span class='ocrx_word' id='word_1_361' title='bbox 1092 2987 1389 3057; x_wconf 82' lang='grc' dir='ltr'>ἀληθεῦσαι</span> <span class='ocrx_word' id='word_1_362' title='bbox 1433 2985 1564 3058; x_wconf 66' lang='grc' dir='ltr'><strong>περὶ¹</strong></span> <span class='ocrx_word' id='word_1_363' title='bbox 1609 2984 1775 3039; x_wconf 83' lang='grc' dir='ltr'>αὐτοῦ</span> <span class='ocrx_word' id='word_1_364' title='bbox 1836 3000 1978 3055; x_wconf 86' lang='grc' dir='ltr'>παρ-</span> 
     </span>
    </p>
   </div>
   <div class='ocr_carea' id='block_1_49' title="bbox 390 3076 1976 3153">
    <p class='ocr_par' dir='ltr' id='par_1_49' title="bbox 390 3076 1976 3153">
     <span class='ocr_line' id='line_1_49' title="bbox 390 3076 1976 3153; baseline -0.004 -17"><span class='ocrx_word' id='word_1_365' title='bbox 390 3083 865 3138; x_wconf 87' lang='grc' dir='ltr'>εσκεύασεν.Ἔδει</span> <span class='ocrx_word' id='word_1_366' title='bbox 887 3083 1019 3153; x_wconf 82' lang='grc' dir='ltr'>γὰρ,</span> <span class='ocrx_word' id='word_1_367' title='bbox 1044 3079 1217 3153; x_wconf 79' lang='grc' dir='ltr'>οἶμαι,</span> <span class='ocrx_word' id='word_1_368' title='bbox 1251 3081 1344 3135; x_wconf 85' lang='grc' dir='ltr'><strong>τὸν</strong></span> <span class='ocrx_word' id='word_1_369' title='bbox 1363 3080 1697 3151; x_wconf 88' lang='grc' dir='ltr'>καθαιρέτην</span> <span class='ocrx_word' id='word_1_370' title='bbox 1726 3077 1820 3132; x_wconf 83' lang='grc' dir='ltr'><strong>τοῦ</strong></span> <span class='ocrx_word' id='word_1_371' title='bbox 1844 3076 1976 3147; x_wconf 74' lang='grc' dir='ltr'>ψεύ-</span> 
     </span>
    </p>
   </div>
   <div class='ocr_carea' id='block_1_50' title="bbox 2081 1883 3663 1955">
    <p class='ocr_par' dir='ltr' id='par_1_50' title="bbox 2081 1883 3663 1955">
     <span class='ocr_line' id='line_1_50' title="bbox 2081 1883 3663 1955; baseline 0.002 -15"><span class='ocrx_word' id='word_1_372' title='bbox 2081 1885 2302 1955; x_wconf 87' lang='lat' dir='ltr'><strong>spiciat.</strong></span> <span class='ocrx_word' id='word_1_373' title='bbox 2359 1883 2497 1939; x_wconf 86' lang='lat' dir='ltr'><strong>Nam</strong></span> <span class='ocrx_word' id='word_1_374' title='bbox 2546 1894 2602 1941; x_wconf 92' lang='lat' dir='ltr'><strong>et</strong></span> <span class='ocrx_word' id='word_1_375' title='bbox 2657 1887 2750 1942; x_wconf 89' lang='lat' dir='ltr'><strong>ille</strong></span> <span class='ocrx_word' id='word_1_376' title='bbox 2810 1901 2921 1941; x_wconf 88' lang='lat' dir='ltr'><strong>non</strong></span> <span class='ocrx_word' id='word_1_377' title='bbox 2960 1886 3354 1945; x_wconf 83' lang='lat' dir='ltr'><strong>benefaciendo</strong></span> <span class='ocrx_word' id='word_1_378' title='bbox 3397 1889 3663 1944; x_wconf 81' lang='lat' dir='ltr'><strong>duntaxat</strong></span> 
     </span>
    </p>
   </div>
   <div class='ocr_carea' id='block_1_51' title="bbox 2080 1974 3663 2044">
    <p class='ocr_par' dir='ltr' id='par_1_51' title="bbox 2080 1974 3663 2044">
     <span class='ocr_line' id='line_1_51' title="bbox 2080 1974 3663 2044; baseline 0.003 -16"><span class='ocrx_word' id='word_1_379' title='bbox 2080 1974 2361 2040; x_wconf 90' lang='lat' dir='ltr'><strong>virtutem,</strong></span> <span class='ocrx_word' id='word_1_380' title='bbox 2381 1988 2488 2044; x_wconf 91' lang='lat' dir='ltr'><strong>qua</strong></span> <span class='ocrx_word' id='word_1_381' title='bbox 2512 1974 2780 2044; x_wconf 61' lang='lat' dir='ltr'><strong>praeditus</strong></span> <span class='ocrx_word' id='word_1_382' title='bbox 2814 1982 2953 2040; x_wconf 84' lang='lat' dir='ltr'><strong>erat,</strong></span> <span class='ocrx_word' id='word_1_383' title='bbox 2989 1977 3422 2043; x_wconf 82' lang='lat' dir='ltr'><strong>demonstrabat,</strong></span> <span class='ocrx_word' id='word_1_384' title='bbox 3453 1992 3576 2033; x_wconf 89' lang='lat' dir='ltr'><strong>cum</strong></span> <span class='ocrx_word' id='word_1_385' title='bbox 3607 1989 3663 2033; x_wconf 89' lang='lat' dir='ltr'><strong>et</strong></span> 
     </span>
    </p>
   </div>
   <div class='ocr_carea' id='block_1_52' title="bbox 2078 2067 3662 2142">
    <p class='ocr_par' dir='ltr' id='par_1_52' title="bbox 2078 2067 3662 2142">
     <span class='ocr_line' id='line_1_52' title="bbox 2078 2067 3662 2142; baseline 0.003 -20"><span class='ocrx_word' id='word_1_386' title='bbox 2078 2082 2227 2133; x_wconf 89' lang='lat' dir='ltr'><strong>eum,</strong></span> <span class='ocrx_word' id='word_1_387' title='bbox 2285 2067 2380 2137; x_wconf 90' lang='lat' dir='ltr'><strong>qui</strong></span> <span class='ocrx_word' id='word_1_388' title='bbox 2430 2067 2661 2123; x_wconf 89' lang='lat' dir='ltr'><strong>claudus</strong></span> <span class='ocrx_word' id='word_1_389' title='bbox 2716 2075 2882 2123; x_wconf 90' lang='lat' dir='ltr'><strong>natus</strong></span> <span class='ocrx_word' id='word_1_390' title='bbox 2933 2077 3072 2134; x_wconf 89' lang='lat' dir='ltr'><strong>erat,</strong></span> <span class='ocrx_word' id='word_1_391' title='bbox 3124 2079 3438 2126; x_wconf 89' lang='lat' dir='ltr'><strong>currentem</strong></span> <span class='ocrx_word' id='word_1_392' title='bbox 3497 2078 3662 2142; x_wconf 87' lang='lat' dir='ltr'><strong>atque</strong></span> 
     </span>
    </p>
   </div>
   <div class='ocr_carea' id='block_1_53' title="bbox 2081 2160 3660 2232">
    <p class='ocr_par' dir='ltr' id='par_1_53' title="bbox 2081 2160 3660 2232">
     <span class='ocr_line' id='line_1_53' title="bbox 2081 2160 3660 2232; baseline 0.001 -17"><span class='ocrx_word' id='word_1_393' title='bbox 2081 2160 2374 2215; x_wconf 86' lang='lat' dir='ltr'><strong>saltantem</strong></span> <span class='ocrx_word' id='word_1_394' title='bbox 2418 2160 2623 2231; x_wconf 90' lang='lat' dir='ltr'><strong>populo</strong></span> <span class='ocrx_word' id='word_1_395' title='bbox 2654 2160 2993 2227; x_wconf 67' lang='lat' dir='ltr'><strong>oswnderet,</strong></span> <span class='ocrx_word' id='word_1_396' title='bbox 3032 2169 3088 2217; x_wconf 88' lang='lat' dir='ltr'><strong>et</strong></span> <span class='ocrx_word' id='word_1_397' title='bbox 3133 2161 3219 2218; x_wconf 90' lang='lat' dir='ltr'><strong>sui</strong></span> <span class='ocrx_word' id='word_1_398' title='bbox 3254 2162 3507 2232; x_wconf 88' lang='lat' dir='ltr'><strong>corporis</strong></span> <span class='ocrx_word' id='word_1_399' title='bbox 3537 2179 3660 2217; x_wconf 86' lang='lat' dir='ltr'><strong>um-</strong></span> 
     </span>
    </p>
   </div>
   <div class='ocr_carea' id='block_1_54' title="bbox 2079 2252 3656 2325">
    <p class='ocr_par' dir='ltr' id='par_1_54' title="bbox 2079 2252 3656 2325">
     <span class='ocr_line' id='line_1_54' title="bbox 2079 2252 3656 2325; baseline 0.003 -18"><span class='ocrx_word' id='word_1_400' title='bbox 2079 2252 2178 2307; x_wconf 89' lang='lat' dir='ltr'><strong>bra</strong></span> <span class='ocrx_word' id='word_1_401' title='bbox 2225 2252 2293 2307; x_wconf 92' lang='lat' dir='ltr'><strong>ad</strong></span> <span class='ocrx_word' id='word_1_402' title='bbox 2326 2269 2691 2324; x_wconf 88' lang='lat' dir='ltr'><strong>quoscunque</strong></span> <span class='ocrx_word' id='word_1_403' title='bbox 2735 2268 2856 2309; x_wconf 89' lang='lat' dir='ltr'><strong>eam</strong></span> <span class='ocrx_word' id='word_1_404' title='bbox 2888 2254 2993 2318; x_wconf 89' lang='lat' dir='ltr'><strong>sol,</strong></span> <span class='ocrx_word' id='word_1_405' title='bbox 3026 2262 3350 2309; x_wconf 87' lang='lat' dir='ltr'><strong>transeunte</strong></span> <span class='ocrx_word' id='word_1_406' title='bbox 3383 2256 3656 2325; x_wconf 87' lang='lat' dir='ltr'><strong>apostolo,</strong></span> 
     </span>
    </p>
   </div>
   <div class='ocr_carea' id='block_1_55' title="bbox 2079 2343 3655 2417">
    <p class='ocr_par' dir='ltr' id='par_1_55' title="bbox 2079 2343 3655 2417">
     <span class='ocr_line' id='line_1_55' title="bbox 2079 2343 3655 2417; baseline 0.003 -21"><span class='ocrx_word' id='word_1_407' title='bbox 2079 2356 2146 2396; x_wconf 82' lang='lat' dir='ltr'><strong>ex</strong></span> <span class='ocrx_word' id='word_1_408' title='bbox 2199 2352 2514 2399; x_wconf 88' lang='lat' dir='ltr'><strong>transverso</strong></span> <span class='ocrx_word' id='word_1_409' title='bbox 2559 2343 2777 2414; x_wconf 88' lang='lat' dir='ltr'><strong>corpori</strong></span> <span class='ocrx_word' id='word_1_410' title='bbox 2812 2343 3139 2401; x_wconf 88' lang='lat' dir='ltr'><strong>incumbens</strong></span> <span class='ocrx_word' id='word_1_411' title='bbox 3170 2344 3434 2416; x_wconf 79' lang='lat' dir='ltr'><strong>adigeret,</strong></span> <span class='ocrx_word' id='word_1_412' title='bbox 3473 2360 3655 2417; x_wconf 78' lang='lat' dir='ltr'><strong>aegro-</strong></span> 
     </span>
    </p>
   </div>
   <div class='ocr_carea' id='block_1_56' title="bbox 2079 2433 3656 2502">
    <p class='ocr_par' dir='ltr' id='par_1_56' title="bbox 2079 2433 3656 2502">
     <span class='ocr_line' id='line_1_56' title="bbox 2079 2433 3656 2502; baseline 0.003 -16"><span class='ocrx_word' id='word_1_413' title='bbox 2079 2433 2314 2487; x_wconf 89' lang='lat' dir='ltr'><strong>tantium</strong></span> <span class='ocrx_word' id='word_1_414' title='bbox 2360 2434 2587 2491; x_wconf 89' lang='lat' dir='ltr'><strong>morbos</strong></span> <span class='ocrx_word' id='word_1_415' title='bbox 2641 2445 2865 2492; x_wconf 88' lang='lat' dir='ltr'><strong>sanaret</strong></span> <span class='ocrx_word' id='word_1_416' title='bbox 2896 2454 2909 2490; x_wconf 90' lang='lat'><strong>:</strong></span> <span class='ocrx_word' id='word_1_417' title='bbox 2944 2452 3133 2491; x_wconf 83' lang='lat' dir='ltr'><strong>verum</strong></span> <span class='ocrx_word' id='word_1_418' title='bbox 3167 2437 3332 2493; x_wconf 90' lang='lat' dir='ltr'><strong>etiam</strong></span> <span class='ocrx_word' id='word_1_419' title='bbox 3365 2439 3656 2502; x_wconf 84' lang='lat' dir='ltr'><strong>Ananiam,</strong></span> 
     </span>
    </p>
   </div>
   <div class='ocr_carea' id='block_1_57' title="bbox 2079 2523 3660 2595">
    <p class='ocr_par' dir='ltr' id='par_1_57' title="bbox 2079 2523 3660 2595">
     <span class='ocr_line' id='line_1_57' title="bbox 2079 2523 3660 2595; baseline 0.005 -18"><span class='ocrx_word' id='word_1_420' title='bbox 2079 2524 2173 2595; x_wconf 93' lang='lat' dir='ltr'><strong>qui</strong></span> <span class='ocrx_word' id='word_1_421' title='bbox 2214 2523 2446 2579; x_wconf 88' lang='lat' dir='ltr'><strong>insitam</strong></span> <span class='ocrx_word' id='word_1_422' title='bbox 2469 2526 2722 2595; x_wconf 87' lang='lat' dir='ltr'><strong>apostolo</strong></span> <span class='ocrx_word' id='word_1_423' title='bbox 2751 2527 3008 2583; x_wconf 88' lang='lat' dir='ltr'><strong>virtutem</strong></span> <span class='ocrx_word' id='word_1_424' title='bbox 3043 2529 3451 2593; x_wconf 87' lang='lat' dir='ltr'><strong>contemnebat,</strong></span> <span class='ocrx_word' id='word_1_425' title='bbox 3482 2540 3660 2585; x_wconf 85' lang='lat' dir='ltr'><strong>morte</strong></span> 
     </span>
    </p>
   </div>
   <div class='ocr_carea' id='block_1_58' title="bbox 2078 2616 3655 2692">
    <p class='ocr_par' dir='ltr' id='par_1_58' title="bbox 2078 2616 3655 2692">
     <span class='ocr_line' id='line_1_58' title="bbox 2078 2616 3655 2692; baseline 0.002 -21"><span class='ocrx_word' id='word_1_426' title='bbox 2078 2616 2431 2684; x_wconf 87' lang='lat' dir='ltr'><strong>condemnat,</strong></span> <span class='ocrx_word' id='word_1_427' title='bbox 2485 2626 2545 2672; x_wconf 92' lang='lat' dir='ltr'><strong>ut</strong></span> <span class='ocrx_word' id='word_1_428' title='bbox 2590 2618 2762 2686; x_wconf 91' lang='lat' dir='ltr'><strong>illius,</strong></span> <span class='ocrx_word' id='word_1_429' title='bbox 2813 2619 3034 2690; x_wconf 89' lang='lat' dir='ltr'><strong>opinor,</strong></span> <span class='ocrx_word' id='word_1_430' title='bbox 3089 2635 3251 2691; x_wconf 68' lang='lat' dir='ltr'><strong>poena</strong></span> <span class='ocrx_word' id='word_1_431' title='bbox 3291 2622 3551 2692; x_wconf 88' lang='lat' dir='ltr'><strong>quisquis</strong></span> <span class='ocrx_word' id='word_1_432' title='bbox 3601 2623 3655 2676; x_wconf 89' lang='lat' dir='ltr'><strong>iu</strong></span> 
     </span>
    </p>
   </div>
   <div class='ocr_carea' id='block_1_59' title="bbox 2077 2707 3656 2779">
    <p class='ocr_par' dir='ltr' id='par_1_59' title="bbox 2077 2707 3656 2779">
     <span class='ocr_line' id='line_1_59' title="bbox 2077 2707 3656 2779; baseline 0.004 -18"><span class='ocrx_word' id='word_1_433' title='bbox 2077 2707 2284 2779; x_wconf 92' lang='lat' dir='ltr'><strong>populo</strong></span> <span class='ocrx_word' id='word_1_434' title='bbox 2331 2708 2525 2764; x_wconf 88' lang='lat' dir='ltr'><strong>eodem</strong></span> <span class='ocrx_word' id='word_1_435' title='bbox 2568 2709 2997 2779; x_wconf 89' lang='lat' dir='ltr'><strong>contemptionis</strong></span> <span class='ocrx_word' id='word_1_436' title='bbox 3032 2711 3227 2766; x_wconf 89' lang='lat' dir='ltr'><strong>morbo</strong></span> <span class='ocrx_word' id='word_1_437' title='bbox 3256 2711 3554 2779; x_wconf 83' lang='lat' dir='ltr'><strong>laboraret,</strong></span> <span class='ocrx_word' id='word_1_438' title='bbox 3589 2715 3656 2767; x_wconf 86' lang='lat' dir='ltr'><strong>ad</strong></span> 
     </span>
    </p>
   </div>
   <div class='ocr_carea' id='block_1_60' title="bbox 2078 2800 3660 2876">
    <p class='ocr_par' dir='ltr' id='par_1_60' title="bbox 2078 2800 3660 2876">
     <span class='ocr_line' id='line_1_60' title="bbox 2078 2800 3660 2876; baseline 0.001 -21"><span class='ocrx_word' id='word_1_439' title='bbox 2078 2800 2357 2855; x_wconf 86' lang='lat' dir='ltr'><strong>saniorem</strong></span> <span class='ocrx_word' id='word_1_440' title='bbox 2411 2800 2726 2871; x_wconf 87' lang='lat' dir='ltr'><strong>opinionem</strong></span> <span class='ocrx_word' id='word_1_441' title='bbox 2784 2809 3176 2868; x_wconf 80' lang='lat' dir='ltr'><strong>revocaretur,</strong></span> <span class='ocrx_word' id='word_1_442' title='bbox 3238 2818 3362 2858; x_wconf 91' lang='lat' dir='ltr'><strong>eum</strong></span> <span class='ocrx_word' id='word_1_443' title='bbox 3410 2806 3660 2876; x_wconf 81' lang='lat' dir='ltr'><strong>exemplo</strong></span> 
     </span>
    </p>
   </div>
   <div class='ocr_carea' id='block_1_61' title="bbox 2078 2892 3658 2965">
    <p class='ocr_par' dir='ltr' id='par_1_61' title="bbox 2078 2892 3658 2965">
     <span class='ocr_line' id='line_1_61' title="bbox 2078 2892 3658 2965; baseline 0.002 -18"><span class='ocrx_word' id='word_1_444' title='bbox 2078 2892 2360 2949; x_wconf 91' lang='lat' dir='ltr'><strong>horrendo</strong></span> <span class='ocrx_word' id='word_1_445' title='bbox 2407 2902 2780 2960; x_wconf 89' lang='lat' dir='ltr'><strong>coerceretur,</strong></span> <span class='ocrx_word' id='word_1_446' title='bbox 2815 2910 2885 2950; x_wconf 91' lang='lat' dir='ltr'><strong>ne</strong></span> <span class='ocrx_word' id='word_1_447' title='bbox 2935 2903 2990 2950; x_wconf 88' lang='lat' dir='ltr'><strong>et</strong></span> <span class='ocrx_word' id='word_1_448' title='bbox 3020 2894 3140 2965; x_wconf 89' lang='lat' dir='ltr'><strong>ipse</strong></span> <span class='ocrx_word' id='word_1_449' title='bbox 3181 2895 3552 2953; x_wconf 90' lang='lat' dir='ltr'><strong>committeret</strong></span> <span class='ocrx_word' id='word_1_450' title='bbox 3597 2907 3658 2953; x_wconf 92' lang='lat' dir='ltr'><strong>ut</strong></span> 
     </span>
    </p>
   </div>
   <div class='ocr_carea' id='block_1_62' title="bbox 2078 2984 3660 3059">
    <p class='ocr_par' dir='ltr' id='par_1_62' title="bbox 2078 2984 3660 3059">
     <span class='ocr_line' id='line_1_62' title="bbox 2078 2984 3660 3059; baseline 0.004 -22"><span class='ocrx_word' id='word_1_451' title='bbox 2078 2984 2273 3041; x_wconf 80' lang='lat' dir='ltr'><strong>iisdem</strong></span> <span class='ocrx_word' id='word_1_452' title='bbox 2305 2987 2488 3057; x_wconf 68' lang='lat' dir='ltr'><strong>poenis</strong></span> <span class='ocrx_word' id='word_1_453' title='bbox 2534 2986 2927 3056; x_wconf 88' lang='lat' dir='ltr'><strong>subjiceretur.</strong></span> <span class='ocrx_word' id='word_1_454' title='bbox 2981 2986 3176 3042; x_wconf 80' lang='lat' dir='ltr'><strong>Merito</strong></span> <span class='ocrx_word' id='word_1_455' title='bbox 3210 2986 3380 3059; x_wconf 88' lang='lat' dir='ltr'><strong>igitur</strong></span> <span class='ocrx_word' id='word_1_456' title='bbox 3414 2989 3660 3044; x_wconf 87' lang='lat' dir='ltr'><strong>imitator</strong></span> 
     </span>
    </p>
   </div>
   <div class='ocr_carea' id='block_1_63' title="bbox 2079 3073 3659 3152">
    <p class='ocr_par' dir='ltr' id='par_1_63' title="bbox 2079 3073 3659 3152">
     <span class='ocr_line' id='line_1_63' title="bbox 2079 3073 3659 3152; baseline 0.004 -23"><span class='ocrx_word' id='word_1_457' title='bbox 2079 3073 2251 3141; x_wconf 86' lang='lat' dir='ltr'><strong>Petri,</strong></span> <span class='ocrx_word' id='word_1_458' title='bbox 2280 3092 2406 3132; x_wconf 91' lang='lat' dir='ltr'><strong>cum</strong></span> <span class='ocrx_word' id='word_1_459' title='bbox 2441 3093 2542 3148; x_wconf 89' lang='lat' dir='ltr'><strong>per</strong></span> <span class='ocrx_word' id='word_1_460' title='bbox 2568 3079 2736 3132; x_wconf 90' lang='lat' dir='ltr'><strong>multa</strong></span> <span class='ocrx_word' id='word_1_461' title='bbox 2770 3078 3018 3134; x_wconf 79' lang='lat' dir='ltr'><strong>beneﬁca</strong></span> <span class='ocrx_word' id='word_1_462' title='bbox 3065 3080 3334 3134; x_wconf 87' lang='lat' dir='ltr'><strong>miracula</strong></span> <span class='ocrx_word' id='word_1_463' title='bbox 3383 3083 3659 3152; x_wconf 83' lang='lat' dir='ltr'><strong>magnitu-</strong></span> 
     </span>
    </p>
   </div>
   <div class='ocr_carea' id='block_1_64' title="bbox 388 3139 1974 3245">
    <p class='ocr_par' dir='ltr' id='par_1_64' title="bbox 388 3139 1972 3245">
     <span class='ocr_line' id='line_1_64' title="bbox 388 3139 1972 3245; baseline -0.005 -15"><span class='ocrx_word' id='word_1_464' title='bbox 388 3175 535 3240; x_wconf 85' lang='grc' dir='ltr'>δους,</span> <span class='ocrx_word' id='word_1_465' title='bbox 558 3175 652 3229; x_wconf 77' lang='grc' dir='ltr'><strong>καὶ</strong></span> <span class='ocrx_word' id='word_1_466' title='bbox 686 3176 743 3227; x_wconf 85' lang='grc' dir='ltr'><strong>ἐν</strong></span> <span class='ocrx_word' id='word_1_467' title='bbox 776 3173 855 3245; x_wconf 78' lang='grc' dir='ltr'>τῷ</span> <span class='ocrx_word' id='word_1_468' title='bbox 879 3139 1156 3228; x_wconf 65' lang='grc' dir='ltr'>άπάτεῶνι</span> <span class='ocrx_word' id='word_1_469' title='bbox 1178 3139 1239 3226; x_wconf 74' lang='grc' dir='ltr'>τὸ</span> <span class='ocrx_word' id='word_1_470' title='bbox 1265 3172 1458 3244; x_wconf 82' lang='grc' dir='ltr'>ψεῦδος</span> <span class='ocrx_word' id='word_1_471' title='bbox 1482 3139 1866 3244; x_wconf 73' lang='grc' dir='ltr'>μεταλλάττειν</span> <span class='ocrx_word' id='word_1_472' title='bbox 1892 3172 1972 3234; x_wconf 86' lang='grc' dir='ltr'><strong>είς</strong></span> 
     </span>
    </p>
   </div>
   <div class='ocr_carea' id='block_1_65' title="bbox 2077 3139 3659 3245">
    <p class='ocr_par' dir='ltr' id='par_1_65' title="bbox 2082 3139 3659 3243">
     <span class='ocr_line' id='line_1_65' title="bbox 2082 3139 3659 3243; baseline 0.004 -22"><span class='ocrx_word' id='word_1_473' title='bbox 2082 3167 2270 3222; x_wconf 88' lang='lat' dir='ltr'><strong>dinem</strong></span> <span class='ocrx_word' id='word_1_474' title='bbox 2306 3170 2566 3239; x_wconf 79' lang='lat' dir='ltr'><strong>potentia:</strong></span> <span class='ocrx_word' id='word_1_475' title='bbox 2615 3170 2970 3233; x_wconf 87' lang='lat' dir='ltr'><strong>ostendisset.</strong></span> <span class='ocrx_word' id='word_1_476' title='bbox 3016 3170 3184 3226; x_wconf 90' lang='lat' dir='ltr'><strong>etiam</strong></span> <span class='ocrx_word' id='word_1_477' title='bbox 3218 3186 3367 3237; x_wconf 88' lang='lat' dir='ltr'><strong>cum,</strong></span> <span class='ocrx_word' id='word_1_478' title='bbox 3417 3139 3513 3243; x_wconf 67' lang='lat' dir='ltr'><strong>qni</strong></span> <span class='ocrx_word' id='word_1_479' title='bbox 3561 3173 3659 3227; x_wconf 85' lang='lat' dir='ltr'><strong>ad-</strong></span> 
     </span>
    </p>
   </div>
   <div class='ocr_carea' id='block_1_66' title="bbox 388 3260 1971 3336">
    <p class='ocr_par' dir='ltr' id='par_1_66' title="bbox 388 3260 1971 3336">
     <span class='ocr_line' id='line_1_66' title="bbox 388 3260 1971 3336; baseline -0.002 -18"><span class='ocrx_word' id='word_1_480' title='bbox 388 3264 669 3336; x_wconf 82' lang='grc' dir='ltr'>άλήθειαν,</span> <span class='ocrx_word' id='word_1_481' title='bbox 712 3263 789 3327; x_wconf 84' lang='grc' dir='ltr'>ὡς</span> <span class='ocrx_word' id='word_1_482' title='bbox 812 3262 881 3317; x_wconf 81' lang='grc' dir='ltr'>ἂν</span> <span class='ocrx_word' id='word_1_483' title='bbox 908 3263 1079 3317; x_wconf 81' lang='grc' dir='ltr'>ἀπασι</span> <span class='ocrx_word' id='word_1_484' title='bbox 1116 3262 1206 3315; x_wconf 83' lang='grc' dir='ltr'><strong>διὰ</strong></span> <span class='ocrx_word' id='word_1_485' title='bbox 1243 3260 1403 3316; x_wconf 82' lang='grc' dir='ltr'>τοῦτο</span> <span class='ocrx_word' id='word_1_486' title='bbox 1436 3262 1648 3331; x_wconf 88' lang='grc' dir='ltr'>γένοιτο</span> <span class='ocrx_word' id='word_1_487' title='bbox 1683 3261 1861 3332; x_wconf 84' lang='grc' dir='ltr'>δῆλον,</span> <span class='ocrx_word' id='word_1_488' title='bbox 1890 3262 1971 3315; x_wconf 83' lang='grc' dir='ltr'><strong>ὅτι</strong></span> 
     </span>
    </p>
   </div>
   <div class='ocr_carea' id='block_1_67' title="bbox 388 3352 1971 3429">
    <p class='ocr_par' dir='ltr' id='par_1_67' title="bbox 388 3352 1971 3429">
     <span class='ocr_line' id='line_1_67' title="bbox 388 3352 1971 3429; baseline -0.002 -18"><span class='ocrx_word' id='word_1_489' title='bbox 388 3358 485 3412; x_wconf 74' lang='grc' dir='ltr'><strong>καὶ</strong></span> <span class='ocrx_word' id='word_1_490' title='bbox 511 3359 621 3410; x_wconf 85' lang='grc' dir='ltr'>πᾶν</span> <span class='ocrx_word' id='word_1_491' title='bbox 641 3357 703 3410; x_wconf 84' lang='grc' dir='ltr'>τὺ</span> <span class='ocrx_word' id='word_1_492' title='bbox 737 3357 888 3429; x_wconf 79' lang='grc' dir='ltr'>παρὰ</span> <span class='ocrx_word' id='word_1_493' title='bbox 922 3355 1018 3410; x_wconf 82' lang='grc' dir='ltr'>τοῦ</span> <span class='ocrx_word' id='word_1_494' title='bbox 1049 3356 1285 3426; x_wconf 84' lang='grc' dir='ltr'>μεγάλου</span> <span class='ocrx_word' id='word_1_495' title='bbox 1321 3356 1614 3426; x_wconf 88' lang='grc' dir='ltr'>λεγόμενον</span> <span class='ocrx_word' id='word_1_496' title='bbox 1642 3354 1841 3427; x_wconf 84' lang='grc' dir='ltr'>ἀληθὲς</span> <span class='ocrx_word' id='word_1_497' title='bbox 1873 3352 1971 3426; x_wconf 80' lang='grc' dir='ltr'>ἦν,</span> 
     </span>
    </p>
   </div>
   <div class='ocr_carea' id='block_1_68' title="bbox 388 3443 1968 3520">
    <p class='ocr_par' dir='ltr' id='par_1_68' title="bbox 388 3443 1968 3520">
     <span class='ocr_line' id='line_1_68' title="bbox 388 3443 1968 3520; baseline 0.001 -18"><span class='ocrx_word' id='word_1_498' title='bbox 388 3450 485 3503; x_wconf 78' lang='grc' dir='ltr'>καὶ</span> <span class='ocrx_word' id='word_1_499' title='bbox 506 3450 643 3520; x_wconf 83' lang='grc' dir='ltr'>ὅπερ</span> <span class='ocrx_word' id='word_1_500' title='bbox 667 3449 733 3503; x_wconf 85' lang='grc' dir='ltr'><strong>ἂν</strong></span> <span class='ocrx_word' id='word_1_501' title='bbox 775 3448 853 3512; x_wconf 82' lang='grc' dir='ltr'><strong>ὡς</strong></span> <span class='ocrx_word' id='word_1_502' title='bbox 886 3447 1084 3520; x_wconf 83' lang='grc' dir='ltr'>ἀληθὲς</span> <span class='ocrx_word' id='word_1_503' title='bbox 1130 3448 1486 3516; x_wconf 83' lang='grc' dir='ltr'>παρεδέξατο,</span> <span class='ocrx_word' id='word_1_504' title='bbox 1517 3447 1712 3519; x_wconf 71' lang='grc' dir='ltr'>ψεῦδος</span> <span class='ocrx_word' id='word_1_505' title='bbox 1749 3448 1852 3502; x_wconf 87' lang='grc' dir='ltr'><strong>οὐκ</strong></span> <span class='ocrx_word' id='word_1_506' title='bbox 1880 3443 1968 3518; x_wconf 84' lang='grc' dir='ltr'><strong>ἦν.</strong></span> 
     </span>
    </p>
   </div>
   <div class='ocr_carea' id='block_1_69' title="bbox 388 3535 1974 3612">
    <p class='ocr_par' dir='ltr' id='par_1_69' title="bbox 388 3535 1974 3612">
     <span class='ocr_line' id='line_1_69' title="bbox 388 3535 1974 3612; baseline 0 -19"><span class='ocrx_word' id='word_1_507' title='bbox 388 3540 452 3593; x_wconf 83' lang='grc' dir='ltr'>Οί</span> <span class='ocrx_word' id='word_1_508' title='bbox 488 3542 587 3611; x_wconf 82' lang='grc' dir='ltr'><strong>μὲν</strong></span> <span class='ocrx_word' id='word_1_509' title='bbox 626 3535 720 3594; x_wconf 79' lang='grc' dir='ltr'><strong>οὖν</strong></span> <span class='ocrx_word' id='word_1_510' title='bbox 765 3539 1010 3594; x_wconf 80' lang='grc' dir='ltr'>Ἰουδαῖοι</span> <span class='ocrx_word' id='word_1_511' title='bbox 1046 3540 1187 3594; x_wconf 82' lang='grc' dir='ltr'><strong>κατά</strong></span> <span class='ocrx_word' id='word_1_512' title='bbox 1224 3540 1315 3596; x_wconf 80' lang='grc' dir='ltr'><strong>τὸν</strong></span> <span class='ocrx_word' id='word_1_513' title='bbox 1362 3541 1598 3612; x_wconf 83' lang='grc' dir='ltr'>ρηθέντα</span> <span class='ocrx_word' id='word_1_514' title='bbox 1626 3541 1829 3612; x_wconf 82' lang='grc' dir='ltr'>τρόπον</span> <span class='ocrx_word' id='word_1_515' title='bbox 1874 3542 1974 3611; x_wconf 78' lang='grc' dir='ltr'>τῆς</span> 
     </span>
    </p>
   </div>
   <div class='ocr_carea' id='block_1_70' title="bbox 385 3632 1968 3704">
    <p class='ocr_par' dir='ltr' id='par_1_70' title="bbox 385 3632 1968 3704">
     <span class='ocr_line' id='line_1_70' title="bbox 385 3632 1968 3704; baseline -0.002 -18"><span class='ocrx_word' id='word_1_516' title='bbox 385 3632 481 3686; x_wconf 74' lang='grc' dir='ltr'>τοῦ</span> <span class='ocrx_word' id='word_1_517' title='bbox 509 3632 746 3704; x_wconf 84' lang='grc' dir='ltr'>μεγάλου</span> <span class='ocrx_word' id='word_1_518' title='bbox 774 3632 1076 3704; x_wconf 86' lang='grc' dir='ltr'>δυνάμεως,</span> <span class='ocrx_word' id='word_1_519' title='bbox 1104 3633 1180 3697; x_wconf 83' lang='grc' dir='ltr'><strong>ὡς</strong></span> <span class='ocrx_word' id='word_1_520' title='bbox 1202 3633 1480 3704; x_wconf 86' lang='grc' dir='ltr'>ἐνόμισαν,</span> <span class='ocrx_word' id='word_1_521' title='bbox 1510 3632 1968 3697; x_wconf 81' lang='grc' dir='ltr'>καταπαίξαντες,</span> 
     </span>
    </p>
   </div>
   <div class='ocr_carea' id='block_1_71' title="bbox 389 3723 1968 3795">
    <p class='ocr_par' dir='ltr' id='par_1_71' title="bbox 389 3723 1968 3795">
     <span class='ocr_line' id='line_1_71' title="bbox 389 3723 1968 3795; baseline -0.003 -16"><span class='ocrx_word' id='word_1_522' title='bbox 389 3723 664 3795; x_wconf 85' lang='grc' dir='ltr'>παίδευμα</span> <span class='ocrx_word' id='word_1_523' title='bbox 699 3727 813 3787; x_wconf 84' lang='grc' dir='ltr'>τοῖς</span> <span class='ocrx_word' id='word_1_524' title='bbox 852 3724 1031 3790; x_wconf 77' lang='grc' dir='ltr'>ἄλλοις</span> <span class='ocrx_word' id='word_1_525' title='bbox 1065 3725 1333 3792; x_wconf 85' lang='grc' dir='ltr'>ἐγένοντο,</span> <span class='ocrx_word' id='word_1_526' title='bbox 1371 3726 1444 3795; x_wconf 81' lang='grc' dir='ltr'>μὴ</span> <span class='ocrx_word' id='word_1_527' title='bbox 1494 3725 1837 3795; x_wconf 82' lang='grc' dir='ltr'>κατατολμᾷν</span> <span class='ocrx_word' id='word_1_528' title='bbox 1868 3723 1968 3793; x_wconf 81' lang='grc' dir='ltr'>τῆς</span> 
     </span>
    </p>
   </div>
   <div class='ocr_carea' id='block_1_72' title="bbox 389 3807 1969 3886">
    <p class='ocr_par' dir='ltr' id='par_1_72' title="bbox 389 3807 1969 3886">
     <span class='ocr_line' id='line_1_72' title="bbox 389 3807 1969 3886; baseline 0 -19"><span class='ocrx_word' id='word_1_529' title='bbox 389 3814 627 3886; x_wconf 84' lang='grc' dir='ltr'>ἀπάτης,</span> <span class='ocrx_word' id='word_1_530' title='bbox 647 3815 732 3884; x_wconf 79' lang='grc' dir='ltr'>ἐφ’</span> <span class='ocrx_word' id='word_1_531' title='bbox 756 3807 831 3867; x_wconf 84' lang='grc' dir='ltr'>ὧν</span> <span class='ocrx_word' id='word_1_532' title='bbox 855 3816 883 3868; x_wconf 84' lang='grc' dir='ltr'>ὁ</span> <span class='ocrx_word' id='word_1_533' title='bbox 911 3814 1043 3879; x_wconf 82' lang='grc' dir='ltr'>Θεὸς</span> <span class='ocrx_word' id='word_1_534' title='bbox 1059 3814 1267 3882; x_wconf 89' lang='grc' dir='ltr'>γίνεται</span> <span class='ocrx_word' id='word_1_535' title='bbox 1296 3816 1406 3869; x_wconf 88' lang='grc' dir='ltr'><strong>τῶν</strong></span> <span class='ocrx_word' id='word_1_536' title='bbox 1431 3814 1810 3886; x_wconf 86' lang='grc' dir='ltr'>τολμηθέντων</span> <span class='ocrx_word' id='word_1_537' title='bbox 1836 3832 1969 3867; x_wconf 85' lang='grc' dir='ltr'>κατ-</span> 
     </span>
    </p>
   </div>
   <div class='ocr_carea' id='block_1_73' title="bbox 389 3909 611 3979">
    <p class='ocr_par' dir='ltr' id='par_1_73' title="bbox 389 3909 611 3979">
     <span class='ocr_line' id='line_1_73' title="bbox 389 3909 611 3979; baseline 0.005 -1"><span class='ocrx_word' id='word_1_538' title='bbox 389 3909 611 3979; x_wconf 80' lang='grc' dir='ltr'>ήγορος-</span> 
     </span>
    </p>
   </div>
   <div class='ocr_carea' id='block_1_74' title="bbox 2080 3258 3622 3331">
    <p class='ocr_par' dir='ltr' id='par_1_74' title="bbox 2080 3258 3622 3331">
     <span class='ocr_line' id='line_1_74' title="bbox 2080 3258 3622 3331; baseline 0.005 -19"><span class='ocrx_word' id='word_1_539' title='bbox 2080 3273 2276 3314; x_wconf 87' lang='lat' dir='ltr'><strong>versus</strong></span> <span class='ocrx_word' id='word_1_540' title='bbox 2329 3258 2595 3331; x_wconf 87' lang='lat' dir='ltr'><strong>Spiritum</strong></span> <span class='ocrx_word' id='word_1_541' title='bbox 2651 3261 2898 3317; x_wconf 82' lang='lat' dir='ltr'><strong>fraudem</strong></span> <span class='ocrx_word' id='word_1_542' title='bbox 2952 3261 3136 3317; x_wconf 80' lang='lat' dir='ltr'><strong>facere</strong></span> <span class='ocrx_word' id='word_1_543' title='bbox 3193 3273 3426 3320; x_wconf 86' lang='lat' dir='ltr'><strong>conatus</strong></span> <span class='ocrx_word' id='word_1_544' title='bbox 3479 3274 3622 3319; x_wconf 82' lang='lat' dir='ltr'><strong>esset</strong></span> 
     </span>
    </p>
   </div>
   <div class='ocr_carea' id='block_1_75' title="bbox 2076 3350 3646 3427">
    <p class='ocr_par' dir='ltr' id='par_1_75' title="bbox 2076 3350 3646 3427">
     <span class='ocr_line' id='line_1_75' title="bbox 2076 3350 3646 3427; baseline 0.004 -25"><span class='ocrx_word' id='word_1_545' title='bbox 2076 3363 2330 3405; x_wconf 84' lang='lat' dir='ltr'><strong>veracem</strong></span> <span class='ocrx_word' id='word_1_546' title='bbox 2363 3350 2628 3427; x_wconf 85' lang='lat' dir='ltr'><strong>adversus</strong></span> <span class='ocrx_word' id='word_1_547' title='bbox 2656 3352 2898 3423; x_wconf 88' lang='lat' dir='ltr'><strong>seipsum</strong></span> <span class='ocrx_word' id='word_1_548' title='bbox 2926 3351 3130 3408; x_wconf 84' lang='lat' dir='ltr'><strong>eﬂ&#39;ecit.</strong></span> <span class='ocrx_word' id='word_1_549' title='bbox 3165 3351 3467 3424; x_wconf 83' lang='lat' dir='ltr'><strong>Oportebat</strong></span> <span class='ocrx_word' id='word_1_550' title='bbox 3487 3356 3646 3420; x_wconf 62' lang='lat' dir='ltr'><strong>enim</strong></span> 
     </span>
    </p>
   </div>
   <div class='ocr_carea' id='block_1_76' title="bbox 2075 3443 3656 3516">
    <p class='ocr_par' dir='ltr' id='par_1_76' title="bbox 2075 3443 3656 3516">
     <span class='ocr_line' id='line_1_76' title="bbox 2075 3443 3656 3516; baseline 0.004 -19"><span class='ocrx_word' id='word_1_551' title='bbox 2075 3443 2296 3513; x_wconf 88' lang='lat' dir='ltr'><strong>opinor,</strong></span> <span class='ocrx_word' id='word_1_552' title='bbox 2329 3443 2603 3499; x_wconf 89' lang='lat' dir='ltr'><strong>meudacii</strong></span> <span class='ocrx_word' id='word_1_553' title='bbox 2623 3458 2937 3499; x_wconf 89' lang='lat' dir='ltr'><strong>eversorem</strong></span> <span class='ocrx_word' id='word_1_554' title='bbox 2962 3445 3130 3499; x_wconf 90' lang='lat' dir='ltr'><strong>etiam</strong></span> <span class='ocrx_word' id='word_1_555' title='bbox 3155 3445 3464 3516; x_wconf 89' lang='lat' dir='ltr'><strong>deceptoris</strong></span> <span class='ocrx_word' id='word_1_556' title='bbox 3498 3461 3656 3503; x_wconf 90' lang='lat' dir='ltr'><strong>men—</strong></span> 
     </span>
    </p>
   </div>
   <div class='ocr_carea' id='block_1_77' title="bbox 2076 3534 3660 3610">
    <p class='ocr_par' dir='ltr' id='par_1_77' title="bbox 2076 3534 3660 3610">
     <span class='ocr_line' id='line_1_77' title="bbox 2076 3534 3660 3610; baseline 0.002 -21"><span class='ocrx_word' id='word_1_557' title='bbox 2076 3534 2296 3590; x_wconf 88' lang='lat' dir='ltr'><strong>dacium</strong></span> <span class='ocrx_word' id='word_1_558' title='bbox 2332 3543 2658 3591; x_wconf 85' lang='lat' dir='ltr'><strong>convertere</strong></span> <span class='ocrx_word' id='word_1_559' title='bbox 2706 3536 2763 3590; x_wconf 89' lang='lat' dir='ltr'><strong>in</strong></span> <span class='ocrx_word' id='word_1_560' title='bbox 2811 3536 3123 3600; x_wconf 88' lang='lat' dir='ltr'><strong>veritatem,</strong></span> <span class='ocrx_word' id='word_1_561' title='bbox 3166 3545 3227 3591; x_wconf 89' lang='lat' dir='ltr'><strong>ut</strong></span> <span class='ocrx_word' id='word_1_562' title='bbox 3265 3537 3521 3595; x_wconf 87' lang='lat' dir='ltr'><strong>omnibus</strong></span> <span class='ocrx_word' id='word_1_563' title='bbox 3561 3554 3660 3610; x_wconf 87' lang='lat' dir='ltr'><strong>per</strong></span> 
     </span>
    </p>
   </div>
   <div class='ocr_carea' id='block_1_78' title="bbox 2078 3627 3658 3701">
    <p class='ocr_par' dir='ltr' id='par_1_78' title="bbox 2078 3627 3658 3701">
     <span class='ocr_line' id='line_1_78' title="bbox 2078 3627 3658 3701; baseline 0.002 -19"><span class='ocrx_word' id='word_1_564' title='bbox 2078 3628 2184 3684; x_wconf 87' lang='lat' dir='ltr'><strong>hoc</strong></span> <span class='ocrx_word' id='word_1_565' title='bbox 2218 3628 2401 3699; x_wconf 84' lang='lat' dir='ltr'><strong>palam</strong></span> <span class='ocrx_word' id='word_1_566' title='bbox 2434 3627 2612 3693; x_wconf 86' lang='lat' dir='ltr'><strong>ﬁeret,</strong></span> <span class='ocrx_word' id='word_1_567' title='bbox 2657 3627 2802 3699; x_wconf 89' lang='lat' dir='ltr'><strong>quod</strong></span> <span class='ocrx_word' id='word_1_568' title='bbox 2851 3634 2905 3682; x_wconf 86' lang='lat' dir='ltr'><strong>et</strong></span> <span class='ocrx_word' id='word_1_569' title='bbox 2943 3627 3212 3698; x_wconf 88' lang='lat' dir='ltr'><strong>quidquid</strong></span> <span class='ocrx_word' id='word_1_570' title='bbox 3263 3643 3294 3683; x_wconf 90' lang='lat' dir='ltr'><strong>a</strong></span> <span class='ocrx_word' id='word_1_571' title='bbox 3336 3643 3534 3701; x_wconf 79' lang='lat' dir='ltr'><strong>magno</strong></span> <span class='ocrx_word' id='word_1_572' title='bbox 3563 3631 3658 3685; x_wconf 81' lang='lat' dir='ltr'><strong>illo</strong></span> 
     </span>
    </p>
   </div>
   <div class='ocr_carea' id='block_1_79' title="bbox 2079 3720 3658 3794">
    <p class='ocr_par' dir='ltr' id='par_1_79' title="bbox 2079 3720 3658 3794">
     <span class='ocr_line' id='line_1_79' title="bbox 2079 3720 3658 3794; baseline 0.003 -21"><span class='ocrx_word' id='word_1_573' title='bbox 2079 3728 2195 3774; x_wconf 90' lang='lat' dir='ltr'><strong>tum</strong></span> <span class='ocrx_word' id='word_1_574' title='bbox 2240 3720 2541 3784; x_wconf 85' lang='lat' dir='ltr'><strong>diceretur,</strong></span> <span class='ocrx_word' id='word_1_575' title='bbox 2574 3728 2694 3774; x_wconf 89' lang='lat' dir='ltr'><strong>tum</strong></span> <span class='ocrx_word' id='word_1_576' title='bbox 2744 3720 2916 3788; x_wconf 87' lang='lat' dir='ltr'><strong>tieret,</strong></span> <span class='ocrx_word' id='word_1_577' title='bbox 2956 3735 3150 3776; x_wconf 90' lang='lat' dir='ltr'><strong>verum</strong></span> <span class='ocrx_word' id='word_1_578' title='bbox 3195 3728 3364 3784; x_wconf 87' lang='lat' dir='ltr'><strong>esset,</strong></span> <span class='ocrx_word' id='word_1_579' title='bbox 3395 3729 3449 3777; x_wconf 89' lang='lat' dir='ltr'><strong>et</strong></span> <span class='ocrx_word' id='word_1_580' title='bbox 3489 3723 3658 3794; x_wconf 89' lang='lat' dir='ltr'><strong>quod-</strong></span> 
     </span>
    </p>
   </div>
   <div class='ocr_carea' id='block_1_80' title="bbox 2078 3813 3653 3885">
    <p class='ocr_par' dir='ltr' id='par_1_80' title="bbox 2078 3813 3653 3885">
     <span class='ocr_line' id='line_1_80' title="bbox 2078 3813 3653 3885; baseline 0.003 -18"><span class='ocrx_word' id='word_1_581' title='bbox 2078 3824 2297 3882; x_wconf 84' lang='lat' dir='ltr'><strong>cunque</strong></span> <span class='ocrx_word' id='word_1_582' title='bbox 2335 3826 2434 3882; x_wconf 91' lang='lat' dir='ltr'><strong>pro</strong></span> <span class='ocrx_word' id='word_1_583' title='bbox 2477 3827 2606 3868; x_wconf 87' lang='lat' dir='ltr'><strong>vero</strong></span> <span class='ocrx_word' id='word_1_584' title='bbox 2650 3813 2975 3883; x_wconf 85' lang='lat' dir='ltr'><strong>accepisset,</strong></span> <span class='ocrx_word' id='word_1_585' title='bbox 3012 3814 3360 3885; x_wconf 86' lang='lat' dir='ltr'><strong>mendacium</strong></span> <span class='ocrx_word' id='word_1_586' title='bbox 3410 3831 3518 3871; x_wconf 91' lang='lat' dir='ltr'><strong>non</strong></span> <span class='ocrx_word' id='word_1_587' title='bbox 3562 3833 3653 3872; x_wconf 80' lang='lat' dir='ltr'><strong>es-</strong></span> 
     </span>
    </p>
   </div>
   <div class='ocr_carea' id='block_1_81' title="bbox 2082 3904 3652 3977">
    <p class='ocr_par' dir='ltr' id='par_1_81' title="bbox 2082 3904 3652 3977">
     <span class='ocr_line' id='line_1_81' title="bbox 2082 3904 3652 3977; baseline 0.001 -16"><span class='ocrx_word' id='word_1_588' title='bbox 2082 3917 2185 3961; x_wconf 87' lang='lat' dir='ltr'><strong>set.</strong></span> <span class='ocrx_word' id='word_1_589' title='bbox 2214 3906 2293 3960; x_wconf 87' lang='lat' dir='ltr'><strong>Ac</strong></span> <span class='ocrx_word' id='word_1_590' title='bbox 2318 3904 2491 3961; x_wconf 82' lang='lat' dir='ltr'><strong>Judaei</strong></span> <span class='ocrx_word' id='word_1_591' title='bbox 2527 3905 2773 3977; x_wconf 91' lang='lat' dir='ltr'><strong>quidem,</strong></span> <span class='ocrx_word' id='word_1_592' title='bbox 2804 3905 3263 3976; x_wconf 88' lang='lat' dir='ltr'><strong>quemadmodum</strong></span> <span class='ocrx_word' id='word_1_593' title='bbox 3293 3907 3497 3963; x_wconf 90' lang='lat' dir='ltr'><strong>dictum</strong></span> <span class='ocrx_word' id='word_1_594' title='bbox 3547 3917 3652 3973; x_wconf 89' lang='lat' dir='ltr'><strong>est,</strong></span> 
     </span>
    </p>
   </div>
   <div class='ocr_carea' id='block_1_82' title="bbox 389 3992 3657 4072">
    <p class='ocr_par' dir='ltr' id='par_1_82' title="bbox 389 3992 3657 4072">
     <span class='ocr_line' id='line_1_82' title="bbox 389 3992 3657 4072; baseline -0.001 -16"><span class='ocrx_word' id='word_1_595' title='bbox 389 4001 577 4072; x_wconf 83' lang='lat' dir='ltr'><strong>magni</strong></span> <span class='ocrx_word' id='word_1_596' title='bbox 636 4000 785 4057; x_wconf 89' lang='lat' dir='ltr'><strong>illius</strong></span> <span class='ocrx_word' id='word_1_597' title='bbox 822 4001 1146 4071; x_wconf 88' lang='lat' dir='ltr'><strong>potentiam,</strong></span> <span class='ocrx_word' id='word_1_598' title='bbox 1214 4005 1272 4052; x_wconf 90' lang='lat' dir='ltr'><strong>ut</strong></span> <span class='ocrx_word' id='word_1_599' title='bbox 1339 3996 1622 4062; x_wconf 88' lang='lat' dir='ltr'><strong>rebantur,</strong></span> <span class='ocrx_word' id='word_1_600' title='bbox 1678 3994 1961 4057; x_wconf 79' lang='lat' dir='ltr'><strong>ludiﬁcati,</strong></span> <span class='ocrx_word' id='word_1_601' title='bbox 2002 3995 2333 4050; x_wconf 87' lang='lat' dir='ltr'><strong>documento</strong></span> <span class='ocrx_word' id='word_1_602' title='bbox 2395 3994 2612 4049; x_wconf 67' lang='lat' dir='ltr'><strong>caeteris</strong></span> <span class='ocrx_word' id='word_1_603' title='bbox 2670 3992 2896 4050; x_wconf 85' lang='lat' dir='ltr'><strong>fuerunt</strong></span> <span class='ocrx_word' id='word_1_604' title='bbox 2939 4013 2954 4048; x_wconf 91' lang='lat'><strong>:</strong></span> <span class='ocrx_word' id='word_1_605' title='bbox 2991 4009 3105 4049; x_wconf 92' lang='lat' dir='ltr'><strong>non</strong></span> <span class='ocrx_word' id='word_1_606' title='bbox 3163 3995 3480 4051; x_wconf 81' lang='lat' dir='ltr'><strong>tentandam</strong></span> <span class='ocrx_word' id='word_1_607' title='bbox 3533 4013 3657 4056; x_wconf 86' lang='lat' dir='ltr'><strong>esse</strong></span> 
     </span>
    </p>
   </div>
   <div class='ocr_carea' id='block_1_83' title="bbox 390 4084 2556 4159">
    <p class='ocr_par' dir='ltr' id='par_1_83' title="bbox 390 4084 2556 4159">
     <span class='ocr_line' id='line_1_83' title="bbox 390 4084 2556 4159; baseline -0.002 -15"><span class='ocrx_word' id='word_1_608' title='bbox 390 4088 660 4155; x_wconf 79' lang='lat' dir='ltr'><strong>fraudem,</strong></span> <span class='ocrx_word' id='word_1_609' title='bbox 709 4089 765 4143; x_wconf 89' lang='lat' dir='ltr'><strong>in</strong></span> <span class='ocrx_word' id='word_1_610' title='bbox 798 4089 1000 4159; x_wconf 88' lang='lat' dir='ltr'><strong>quibus</strong></span> <span class='ocrx_word' id='word_1_611' title='bbox 1032 4088 1176 4143; x_wconf 86' lang='lat' dir='ltr'><strong>Deus</strong></span> <span class='ocrx_word' id='word_1_612' title='bbox 1222 4102 1436 4153; x_wconf 86' lang='lat' dir='ltr'><strong>eorum,</strong></span> <span class='ocrx_word' id='word_1_613' title='bbox 1470 4100 1592 4156; x_wconf 74' lang='lat' dir='ltr'><strong>quae</strong></span> <span class='ocrx_word' id='word_1_614' title='bbox 1634 4084 1955 4147; x_wconf 86' lang='lat' dir='ltr'><strong>tentaveris,</strong></span> <span class='ocrx_word' id='word_1_615' title='bbox 1990 4092 2285 4138; x_wconf 85' lang='lat' dir='ltr'><strong>accusator</strong></span> <span class='ocrx_word' id='word_1_616' title='bbox 2316 4084 2556 4140; x_wconf 81' lang='lat' dir='ltr'><strong>exsistit.</strong></span> 
     </span>
    </p>
   </div>
   <div class='ocr_carea' id='block_1_84' title="bbox 457 4179 1966 4252">
    <p class='ocr_par' dir='ltr' id='par_1_84' title="bbox 457 4179 1966 4252">
     <span class='ocr_line' id='line_1_84' title="bbox 457 4179 1966 4252; baseline -0.003 -15"><span class='ocrx_word' id='word_1_617' title='bbox 457 4182 615 4237; x_wconf 84' lang='grc' dir='ltr'>Μετά</span> <span class='ocrx_word' id='word_1_618' title='bbox 658 4181 832 4238; x_wconf 82' lang='grc' dir='ltr'>ταῦτα</span> <span class='ocrx_word' id='word_1_619' title='bbox 861 4183 919 4236; x_wconf 80' lang='grc' dir='ltr'>δὲ</span> <span class='ocrx_word' id='word_1_620' title='bbox 947 4182 1203 4251; x_wconf 86' lang='grc' dir='ltr'>συλλόγου</span> <span class='ocrx_word' id='word_1_621' title='bbox 1232 4181 1378 4245; x_wconf 73' lang='grc' dir='ltr'>τινὸς</span> <span class='ocrx_word' id='word_1_622' title='bbox 1417 4180 1560 4235; x_wconf 85' lang='grc' dir='ltr'>κατὰ</span> <span class='ocrx_word' id='word_1_623' title='bbox 1601 4179 1663 4233; x_wconf 80' lang='grc' dir='ltr'><strong>τὸ</strong></span> <span class='ocrx_word' id='word_1_624' title='bbox 1703 4179 1966 4252; x_wconf 78' lang='grc' dir='ltr'>ὕπαιθρον</span> 
     </span>
    </p>
   </div>
   <div class='ocr_carea' id='block_1_85' title="bbox 385 4271 1962 4347">
    <p class='ocr_par' dir='ltr' id='par_1_85' title="bbox 385 4271 1962 4347">
     <span class='ocr_line' id='line_1_85' title="bbox 385 4271 1962 4347; baseline -0.002 -20"><span class='ocrx_word' id='word_1_625' title='bbox 385 4273 444 4327; x_wconf 78' lang='grc' dir='ltr'><strong>έν</strong></span> <span class='ocrx_word' id='word_1_626' title='bbox 471 4292 578 4329; x_wconf 89' lang='grc' dir='ltr'>τινι</span> <span class='ocrx_word' id='word_1_627' title='bbox 602 4275 710 4328; x_wconf 85' lang='grc' dir='ltr'><strong>τῶν</strong></span> <span class='ocrx_word' id='word_1_628' title='bbox 740 4275 882 4330; x_wconf 86' lang='grc' dir='ltr'>κατὰ</span> <span class='ocrx_word' id='word_1_629' title='bbox 910 4274 1009 4347; x_wconf 80' lang='grc' dir='ltr'><strong>τὴν</strong></span> <span class='ocrx_word' id='word_1_630' title='bbox 1031 4273 1216 4346; x_wconf 86' lang='grc' dir='ltr'>χώραν</span> <span class='ocrx_word' id='word_1_631' title='bbox 1234 4273 1413 4327; x_wconf 88' lang='grc' dir='ltr'>τόπων</span> <span class='ocrx_word' id='word_1_632' title='bbox 1428 4271 1796 4345; x_wconf 81' lang='grc' dir='ltr'>γεγενημένου</span> <span class='ocrx_word' id='word_1_633' title='bbox 1815 4273 1962 4336; x_wconf 85' lang='grc' dir='ltr'>ποτέ,</span> 
     </span>
    </p>
   </div>
   <div class='ocr_carea' id='block_1_86' title="bbox 385 4364 1965 4439">
    <p class='ocr_par' dir='ltr' id='par_1_86' title="bbox 385 4364 1965 4439">
     <span class='ocr_line' id='line_1_86' title="bbox 385 4364 1965 4439; baseline -0.001 -19"><span class='ocrx_word' id='word_1_634' title='bbox 385 4366 482 4421; x_wconf 73' lang='grc' dir='ltr'><strong>καὶ</strong></span> <span class='ocrx_word' id='word_1_635' title='bbox 530 4366 751 4421; x_wconf 86' lang='grc' dir='ltr'>πάντων</span> <span class='ocrx_word' id='word_1_636' title='bbox 797 4366 1186 4439; x_wconf 82' lang='grc' dir='ltr'>θαυμαστικῶς</span> <span class='ocrx_word' id='word_1_637' title='bbox 1212 4366 1571 4437; x_wconf 81' lang='grc' dir='ltr'>διακειμένων</span> <span class='ocrx_word' id='word_1_638' title='bbox 1611 4365 1749 4432; x_wconf 84' lang='grc' dir='ltr'>πρὸς</span> <span class='ocrx_word' id='word_1_639' title='bbox 1788 4364 1857 4418; x_wconf 81' lang='grc' dir='ltr'>τὰ</span> <span class='ocrx_word' id='word_1_640' title='bbox 1884 4364 1965 4418; x_wconf 86' lang='grc' dir='ltr'>δι-</span> 
     </span>
    </p>
   </div>
   <div class='ocr_carea' id='block_1_87' title="bbox 2147 4178 3655 4258">
    <p class='ocr_par' dir='ltr' id='par_1_87' title="bbox 2147 4178 3655 4258">
     <span class='ocr_line' id='line_1_87' title="bbox 2147 4178 3655 4258; baseline 0.008 -27"><span class='ocrx_word' id='word_1_641' title='bbox 2147 4178 2279 4233; x_wconf 88' lang='lat' dir='ltr'><strong>Post</strong></span> <span class='ocrx_word' id='word_1_642' title='bbox 2306 4179 2424 4233; x_wconf 64' lang='lat' dir='ltr'><strong>haec</strong></span> <span class='ocrx_word' id='word_1_643' title='bbox 2472 4194 2597 4233; x_wconf 91' lang='lat' dir='ltr'><strong>cum</strong></span> <span class='ocrx_word' id='word_1_644' title='bbox 2632 4179 2856 4250; x_wconf 88' lang='lat' dir='ltr'><strong>quidam</strong></span> <span class='ocrx_word' id='word_1_645' title='bbox 2900 4191 3205 4240; x_wconf 89' lang='lat' dir='ltr'><strong>conventus</strong></span> <span class='ocrx_word' id='word_1_646' title='bbox 3245 4184 3349 4241; x_wconf 92' lang='lat' dir='ltr'><strong>sub</strong></span> <span class='ocrx_word' id='word_1_647' title='bbox 3385 4184 3478 4241; x_wconf 84' lang='lat' dir='ltr'><strong>dio</strong></span> <span class='ocrx_word' id='word_1_648' title='bbox 3518 4202 3655 4258; x_wconf 83' lang='lat' dir='ltr'><strong>quo-</strong></span> 
     </span>
    </p>
   </div>
   <div class='ocr_carea' id='block_1_88' title="bbox 2075 4270 3654 4347">
    <p class='ocr_par' dir='ltr' id='par_1_88' title="bbox 2075 4270 3654 4347">
     <span class='ocr_line' id='line_1_88' title="bbox 2075 4270 3654 4347; baseline 0.005 -23"><span class='ocrx_word' id='word_1_649' title='bbox 2075 4270 2201 4324; x_wconf 90' lang='lat' dir='ltr'><strong>dam</strong></span> <span class='ocrx_word' id='word_1_650' title='bbox 2233 4270 2289 4325; x_wconf 91' lang='lat' dir='ltr'><strong>in</strong></span> <span class='ocrx_word' id='word_1_651' title='bbox 2324 4270 2447 4325; x_wconf 87' lang='lat' dir='ltr'><strong>loco</strong></span> <span class='ocrx_word' id='word_1_652' title='bbox 2473 4270 2716 4341; x_wconf 86' lang='lat' dir='ltr'><strong>regionis</strong></span> <span class='ocrx_word' id='word_1_653' title='bbox 2750 4271 3044 4343; x_wconf 90' lang='lat' dir='ltr'><strong>aliquando</strong></span> <span class='ocrx_word' id='word_1_654' title='bbox 3076 4271 3296 4341; x_wconf 81' lang='lat' dir='ltr'><strong>fuisset,</strong></span> <span class='ocrx_word' id='word_1_655' title='bbox 3331 4283 3496 4347; x_wconf 81' lang='lat' dir='ltr'><strong>atque</strong></span> <span class='ocrx_word' id='word_1_656' title='bbox 3535 4294 3654 4333; x_wconf 90' lang='lat' dir='ltr'><strong>om-</strong></span> 
     </span>
    </p>
   </div>
   <div class='ocr_carea' id='block_1_89' title="bbox 2074 4362 3654 4430">
    <p class='ocr_par' dir='ltr' id='par_1_89' title="bbox 2074 4362 3654 4430">
     <span class='ocr_line' id='line_1_89' title="bbox 2074 4362 3654 4430; baseline 0.003 -12"><span class='ocrx_word' id='word_1_657' title='bbox 2074 4378 2174 4418; x_wconf 86' lang='lat' dir='ltr'><strong>nes</strong></span> <span class='ocrx_word' id='word_1_658' title='bbox 2207 4362 2569 4418; x_wconf 79' lang='lat' dir='ltr'><strong>admiratione</strong></span> <span class='ocrx_word' id='word_1_659' title='bbox 2599 4362 2863 4418; x_wconf 73' lang='lat' dir='ltr'><strong>doctrina:</strong></span> <span class='ocrx_word' id='word_1_660' title='bbox 2898 4372 3241 4430; x_wconf 84' lang='lat' dir='ltr'><strong>tenerentur,</strong></span> <span class='ocrx_word' id='word_1_661' title='bbox 3271 4367 3654 4422; x_wconf 86' lang='lat' dir='ltr'><strong>adolescentu-</strong></span> 
     </span>
    </p>
   </div>
   <div class='ocr_carea' id='block_1_90' title="bbox 384 4455 1974 4551">
    <p class='ocr_par' dir='ltr' id='par_1_90' title="bbox 384 4458 1963 4531">
     <span class='ocr_line' id='line_1_90' title="bbox 384 4458 1963 4531; baseline 0.001 -21"><span class='ocrx_word' id='word_1_662' title='bbox 384 4458 659 4529; x_wconf 88' lang='grc' dir='ltr'>δάγματα,</span> <span class='ocrx_word' id='word_1_663' title='bbox 699 4461 985 4531; x_wconf 84' lang='grc' dir='ltr'>μειράκιόν</span> <span class='ocrx_word' id='word_1_664' title='bbox 1014 4477 1067 4513; x_wconf 88' lang='grc' dir='ltr'><strong>τι</strong></span> <span class='ocrx_word' id='word_1_665' title='bbox 1100 4459 1238 4531; x_wconf 68' lang='grc' dir='ltr'>πρὸς</span> <span class='ocrx_word' id='word_1_666' title='bbox 1285 4459 1410 4522; x_wconf 80' lang='grc' dir='ltr'>τοὺς</span> <span class='ocrx_word' id='word_1_667' title='bbox 1442 4458 1782 4522; x_wconf 85' lang='grc' dir='ltr'>συνεστῶτας</span> <span class='ocrx_word' id='word_1_668' title='bbox 1816 4458 1963 4522; x_wconf 87' lang='grc' dir='ltr'>ἐϐόα,</span> 
     </span>
    </p>
   </div>
   <div class='ocr_carea' id='block_1_91' title="bbox 2077 4455 3655 4551">
    <p class='ocr_par' dir='ltr' id='par_1_91' title="bbox 2077 4455 3655 4529">
     <span class='ocr_line' id='line_1_91' title="bbox 2077 4455 3655 4529; baseline 0.003 -20"><span class='ocrx_word' id='word_1_669' title='bbox 2077 4456 2164 4511; x_wconf 92' lang='lat' dir='ltr'><strong>lus</strong></span> <span class='ocrx_word' id='word_1_670' title='bbox 2197 4455 2422 4526; x_wconf 86' lang='lat' dir='ltr'><strong>quidam</strong></span> <span class='ocrx_word' id='word_1_671' title='bbox 2453 4455 2521 4511; x_wconf 89' lang='lat' dir='ltr'><strong>ad</strong></span> <span class='ocrx_word' id='word_1_672' title='bbox 2548 4465 2914 4527; x_wconf 82' lang='lat' dir='ltr'><strong>congregatos</strong></span> <span class='ocrx_word' id='word_1_673' title='bbox 2952 4458 3246 4520; x_wconf 87' lang='lat' dir='ltr'><strong>clamabat,</strong></span> <span class='ocrx_word' id='word_1_674' title='bbox 3269 4473 3381 4512; x_wconf 89' lang='lat' dir='ltr'><strong>non</strong></span> <span class='ocrx_word' id='word_1_675' title='bbox 3409 4473 3438 4511; x_wconf 87' lang='lat' dir='ltr'><strong>a</strong></span> <span class='ocrx_word' id='word_1_676' title='bbox 3471 4459 3655 4529; x_wconf 90' lang='lat' dir='ltr'><strong>seipso</strong></span> 
     </span>
    </p>
   </div>
   <div class='ocr_carea' id='block_1_92' title="bbox 390 4549 1972 4621">
    <p class='ocr_par' dir='ltr' id='par_1_92' title="bbox 390 4549 1972 4621">
     <span class='ocr_line' id='line_1_92' title="bbox 390 4549 1972 4621; baseline -0.002 -16"><span class='ocrx_word' id='word_1_677' title='bbox 390 4549 466 4621; x_wconf 79' lang='grc' dir='ltr'>μὴ</span> <span class='ocrx_word' id='word_1_678' title='bbox 497 4550 628 4621; x_wconf 84' lang='grc' dir='ltr'>παρ’</span> <span class='ocrx_word' id='word_1_679' title='bbox 644 4551 811 4604; x_wconf 77' lang='grc' dir='ltr'>αὑτοῦ</span> <span class='ocrx_word' id='word_1_680' title='bbox 837 4551 1010 4606; x_wconf 81' lang='grc' dir='ltr'>ταῦτα</span> <span class='ocrx_word' id='word_1_681' title='bbox 1036 4552 1128 4605; x_wconf 82' lang='grc' dir='ltr'><strong>τὸν</strong></span> <span class='ocrx_word' id='word_1_682' title='bbox 1147 4550 1466 4606; x_wconf 76' lang='grc' dir='ltr'>διδάσκαλον</span> <span class='ocrx_word' id='word_1_683' title='bbox 1497 4550 1697 4619; x_wconf 84' lang='grc' dir='ltr'>λέγειν,</span> <span class='ocrx_word' id='word_1_684' title='bbox 1718 4550 1833 4605; x_wconf 80' lang='grc' dir='ltr'>ἀλλ’</span> <span class='ocrx_word' id='word_1_685' title='bbox 1855 4550 1972 4603; x_wconf 80' lang='grc' dir='ltr'>ἐτε-</span> 
     </span>
    </p>
   </div>
   <div class='ocr_carea' id='block_1_93' title="bbox 391 4640 1971 4714">
    <p class='ocr_par' dir='ltr' id='par_1_93' title="bbox 391 4640 1971 4714">
     <span class='ocr_line' id='line_1_93' title="bbox 391 4640 1971 4714; baseline 0.003 -22"><span class='ocrx_word' id='word_1_686' title='bbox 391 4657 482 4712; x_wconf 90' lang='grc' dir='ltr'><strong>ρον</strong></span> <span class='ocrx_word' id='word_1_687' title='bbox 520 4640 667 4711; x_wconf 84' lang='grc' dir='ltr'>αὐτῷ</span> <span class='ocrx_word' id='word_1_688' title='bbox 702 4642 1028 4714; x_wconf 84' lang='grc' dir='ltr'>παρεστῶτα</span> <span class='ocrx_word' id='word_1_689' title='bbox 1068 4643 1317 4711; x_wconf 83' lang='grc' dir='ltr'>διεξιέναι</span> <span class='ocrx_word' id='word_1_690' title='bbox 1349 4644 1475 4706; x_wconf 83' lang='grc' dir='ltr'>τοὺς</span> <span class='ocrx_word' id='word_1_691' title='bbox 1529 4642 1740 4711; x_wconf 84' lang='grc' dir='ltr'>λόγους.</span> <span class='ocrx_word' id='word_1_692' title='bbox 1795 4644 1971 4714; x_wconf 84' lang='grc' dir='ltr'>Προσ-</span> 
     </span>
    </p>
   </div>
   <div class='ocr_carea' id='block_1_94' title="bbox 386 4733 1970 4806">
    <p class='ocr_par' dir='ltr' id='par_1_94' title="bbox 386 4733 1970 4806">
     <span class='ocr_line' id='line_1_94' title="bbox 386 4733 1970 4806; baseline 0.002 -21"><span class='ocrx_word' id='word_1_693' title='bbox 386 4733 646 4804; x_wconf 85' lang='grc' dir='ltr'>αχθέντος</span> <span class='ocrx_word' id='word_1_694' title='bbox 669 4733 728 4787; x_wconf 83' lang='grc' dir='ltr'>δὲ</span> <span class='ocrx_word' id='word_1_695' title='bbox 746 4735 840 4787; x_wconf 80' lang='grc' dir='ltr'><strong>τοῦ</strong></span> <span class='ocrx_word' id='word_1_696' title='bbox 862 4736 1051 4799; x_wconf 83' lang='grc' dir='ltr'>παιδὸς</span> <span class='ocrx_word' id='word_1_697' title='bbox 1077 4736 1217 4806; x_wconf 87' lang='grc' dir='ltr'><strong>μετά</strong></span> <span class='ocrx_word' id='word_1_698' title='bbox 1235 4736 1297 4789; x_wconf 87' lang='grc' dir='ltr'><strong>τὸ</strong></span> <span class='ocrx_word' id='word_1_699' title='bbox 1322 4734 1633 4805; x_wconf 79' lang='grc' dir='ltr'>διαλυθῆναι</span> <span class='ocrx_word' id='word_1_700' title='bbox 1661 4735 1752 4789; x_wconf 83' lang='grc' dir='ltr'><strong>τὸν</strong></span> <span class='ocrx_word' id='word_1_701' title='bbox 1780 4734 1970 4788; x_wconf 88' lang='grc' dir='ltr'>σύλλο-</span> 
     </span>
    </p>
   </div>
   <div class='ocr_carea' id='block_1_95' title="bbox 387 4824 1965 4899">
    <p class='ocr_par' dir='ltr' id='par_1_95' title="bbox 387 4824 1965 4899">
     <span class='ocr_line' id='line_1_95' title="bbox 387 4824 1965 4899; baseline 0.002 -21"><span class='ocrx_word' id='word_1_702' title='bbox 387 4840 506 4893; x_wconf 84' lang='grc' dir='ltr'>γον,</span> <span class='ocrx_word' id='word_1_703' title='bbox 540 4826 715 4877; x_wconf 79' lang='grc' dir='ltr'>εἰπεῖν</span> <span class='ocrx_word' id='word_1_704' title='bbox 751 4824 969 4894; x_wconf 89' lang='grc' dir='ltr'>λέγεται</span> <span class='ocrx_word' id='word_1_705' title='bbox 1008 4828 1145 4897; x_wconf 79' lang='grc' dir='ltr'>πρὸς</span> <span class='ocrx_word' id='word_1_706' title='bbox 1179 4829 1306 4892; x_wconf 81' lang='grc' dir='ltr'>τοὺς</span> <span class='ocrx_word' id='word_1_707' title='bbox 1350 4828 1626 4899; x_wconf 87' lang='grc' dir='ltr'>παρόντας</span> <span class='ocrx_word' id='word_1_708' title='bbox 1651 4828 1743 4881; x_wconf 84' lang='grc' dir='ltr'><strong>τὸν</strong></span> <span class='ocrx_word' id='word_1_709' title='bbox 1773 4828 1965 4899; x_wconf 87' lang='grc' dir='ltr'>μέγαν,</span> 
     </span>
    </p>
   </div>
   <div class='ocr_carea' id='block_1_96' title="bbox 392 4920 1971 4995">
    <p class='ocr_par' dir='ltr' id='par_1_96' title="bbox 392 4920 1971 4995">
     <span class='ocr_line' id='line_1_96' title="bbox 392 4920 1971 4995; baseline 0.002 -20"><span class='ocrx_word' id='word_1_710' title='bbox 392 4920 467 4994; x_wconf 81' lang='grc' dir='ltr'>μὴ</span> <span class='ocrx_word' id='word_1_711' title='bbox 516 4920 844 4991; x_wconf 83' lang='grc' dir='ltr'>καθαρεύειν</span> <span class='ocrx_word' id='word_1_712' title='bbox 869 4924 935 4975; x_wconf 82' lang='grc' dir='ltr'><strong>ἐκ</strong></span> <span class='ocrx_word' id='word_1_713' title='bbox 966 4922 1218 4993; x_wconf 81' lang='grc' dir='ltr'>δαίμονος</span> <span class='ocrx_word' id='word_1_714' title='bbox 1253 4925 1315 4976; x_wconf 85' lang='grc' dir='ltr'><strong>τὸ</strong></span> <span class='ocrx_word' id='word_1_715' title='bbox 1364 4925 1679 4995; x_wconf 69' lang='grc' dir='ltr'>μειράκιον*</span> <span class='ocrx_word' id='word_1_716' title='bbox 1728 4923 1822 4978; x_wconf 72' lang='grc' dir='ltr'><strong>καὶ</strong></span> <span class='ocrx_word' id='word_1_717' title='bbox 1853 4924 1971 4995; x_wconf 71' lang='grc' dir='ltr'><strong>ἅμα</strong></span> 
     </span>
    </p>
   </div>
   <div class='ocr_carea' id='block_1_97' title="bbox 390 5010 1970 5087">
    <p class='ocr_par' dir='ltr' id='par_1_97' title="bbox 390 5010 1970 5087">
     <span class='ocr_line' id='line_1_97' title="bbox 390 5010 1970 5087; baseline 0.004 -23"><span class='ocrx_word' id='word_1_718' title='bbox 390 5011 775 5083; x_wconf 84' lang='grc' dir='ltr'>περιελόμενον</span> <span class='ocrx_word' id='word_1_719' title='bbox 820 5012 1013 5065; x_wconf 82' lang='grc' dir='ltr'>ἐαυτοῦ</span> <span class='ocrx_word' id='word_1_720' title='bbox 1046 5012 1108 5066; x_wconf 81' lang='grc' dir='ltr'>τὸ</span> <span class='ocrx_word' id='word_1_721' title='bbox 1153 5014 1245 5067; x_wconf 73' lang='grc' dir='ltr'>ἐπὶ</span> <span class='ocrx_word' id='word_1_722' title='bbox 1291 5016 1381 5069; x_wconf 86' lang='grc' dir='ltr'><strong>τὸν</strong></span> <span class='ocrx_word' id='word_1_723' title='bbox 1409 5010 1560 5087; x_wconf 82' lang='grc' dir='ltr'>ὦμον</span> <span class='ocrx_word' id='word_1_724' title='bbox 1603 5016 1830 5081; x_wconf 81' lang='grc' dir='ltr'>όθόνιον,</span> <span class='ocrx_word' id='word_1_725' title='bbox 1875 5018 1970 5071; x_wconf 76' lang='grc' dir='ltr'><strong>καὶ</strong></span> 
     </span>
    </p>
   </div>
   <div class='ocr_carea' id='block_1_98' title="bbox 356 5102 1969 5181">
    <p class='ocr_par' dir='ltr' id='par_1_98' title="bbox 356 5102 1969 5181">
     <span class='ocr_line' id='line_1_98' title="bbox 356 5102 1969 5181; baseline 0.005 -26"><span class='ocrx_word' id='word_1_726' title='bbox 356 5103 708 5181; x_wconf 75' lang='grc' dir='ltr'><strong>ἱπαραθέντα</strong></span> <span class='ocrx_word' id='word_1_727' title='bbox 752 5102 832 5174; x_wconf 82' lang='grc' dir='ltr'>τῷ</span> <span class='ocrx_word' id='word_1_728' title='bbox 868 5102 1107 5174; x_wconf 84' lang='grc' dir='ltr'>ἄσθματι</span> <span class='ocrx_word' id='word_1_729' title='bbox 1138 5104 1232 5158; x_wconf 84' lang='grc' dir='ltr'>τοῦ</span> <span class='ocrx_word' id='word_1_730' title='bbox 1281 5106 1411 5161; x_wconf 82' lang='grc' dir='ltr'>ἰδίου</span> <span class='ocrx_word' id='word_1_731' title='bbox 1463 5109 1751 5179; x_wconf 87' lang='grc' dir='ltr'>στόματος,</span> <span class='ocrx_word' id='word_1_732' title='bbox 1799 5109 1969 5174; x_wconf 79' lang='grc' dir='ltr'>οὕτως</span> 
     </span>
    </p>
   </div>
   <div class='ocr_carea' id='block_1_99' title="bbox 386 5195 1969 5273">
    <p class='ocr_par' dir='ltr' id='par_1_99' title="bbox 386 5195 1969 5273">
     <span class='ocr_line' id='line_1_99' title="bbox 386 5195 1969 5273; baseline 0.005 -26"><span class='ocrx_word' id='word_1_733' title='bbox 386 5195 677 5268; x_wconf 77' lang='grc' dir='ltr'>ἐπιρρίψαι</span> <span class='ocrx_word' id='word_1_734' title='bbox 702 5195 781 5268; x_wconf 78' lang='grc' dir='ltr'><strong>τῷ</strong></span> <span class='ocrx_word' id='word_1_735' title='bbox 808 5197 933 5267; x_wconf 86' lang='grc' dir='ltr'>νέῳ.</span> <span class='ocrx_word' id='word_1_736' title='bbox 960 5196 1256 5269; x_wconf 83' lang='grc' dir='ltr'>Γενομένου</span> <span class='ocrx_word' id='word_1_737' title='bbox 1284 5198 1340 5252; x_wconf 82' lang='grc' dir='ltr'>δὲ</span> <span class='ocrx_word' id='word_1_738' title='bbox 1362 5200 1573 5267; x_wconf 89' lang='grc' dir='ltr'>τούτου,</span> <span class='ocrx_word' id='word_1_739' title='bbox 1599 5202 1969 5273; x_wconf 79' lang='grc' dir='ltr'>ταράσσεσθαι</span> 
     </span>
    </p>
   </div>
   <div class='ocr_carea' id='block_1_100' title="bbox 388 5286 1969 5362">
    <p class='ocr_par' dir='ltr' id='par_1_100' title="bbox 388 5286 1969 5362">
     <span class='ocr_line' id='line_1_100' title="bbox 388 5286 1969 5362; baseline 0.006 -22"><span class='ocrx_word' id='word_1_740' title='bbox 388 5286 594 5358; x_wconf 76' lang='grc' dir='ltr'>ἠρξατο</span> <span class='ocrx_word' id='word_1_741' title='bbox 633 5290 727 5343; x_wconf 77' lang='grc' dir='ltr'><strong>καὶ</strong></span> <span class='ocrx_word' id='word_1_742' title='bbox 779 5290 1016 5361; x_wconf 77' lang='grc' dir='ltr'>ἀναϐοᾷν</span> <span class='ocrx_word' id='word_1_743' title='bbox 1044 5290 1105 5343; x_wconf 87' lang='grc' dir='ltr'>τὸ</span> <span class='ocrx_word' id='word_1_744' title='bbox 1139 5292 1443 5362; x_wconf 86' lang='grc' dir='ltr'>μειράκιον,</span> <span class='ocrx_word' id='word_1_745' title='bbox 1478 5295 1573 5348; x_wconf 74' lang='grc' dir='ltr'><strong>καὶ</strong></span> <span class='ocrx_word' id='word_1_746' title='bbox 1606 5297 1969 5349; x_wconf 83' lang='grc' dir='ltr'>καταπίπτειν</span> 
     </span>
    </p>
   </div>
   <div class='ocr_carea' id='block_1_101' title="bbox 390 5381 1971 5459">
    <p class='ocr_par' dir='ltr' id='par_1_101' title="bbox 390 5381 1971 5459">
     <span class='ocr_line' id='line_1_101' title="bbox 390 5381 1971 5459; baseline 0.004 -26"><span class='ocrx_word' id='word_1_747' title='bbox 390 5381 486 5434; x_wconf 71' lang='grc' dir='ltr'><strong>καὶ</strong></span> <span class='ocrx_word' id='word_1_748' title='bbox 512 5381 969 5454; x_wconf 75' lang='grc' dir='ltr'>διαρῤιπτεῖσθαι,</span> <span class='ocrx_word' id='word_1_749' title='bbox 1003 5384 1098 5438; x_wconf 79' lang='grc' dir='ltr'><strong>καὶ</strong></span> <span class='ocrx_word' id='word_1_750' title='bbox 1136 5384 1316 5438; x_wconf 84' lang='grc' dir='ltr'>πάντα</span> <span class='ocrx_word' id='word_1_751' title='bbox 1341 5387 1570 5457; x_wconf 84' lang='grc' dir='ltr'>πάσχειν</span> <span class='ocrx_word' id='word_1_752' title='bbox 1595 5388 1663 5441; x_wconf 78' lang='grc' dir='ltr'>τὰ</span> <span class='ocrx_word' id='word_1_753' title='bbox 1693 5390 1757 5441; x_wconf 84' lang='grc' dir='ltr'><strong>ἐκ</strong></span> <span class='ocrx_word' id='word_1_754' title='bbox 1786 5388 1971 5459; x_wconf 87' lang='grc' dir='ltr'>δαιμό-</span> 
     </span>
    </p>
   </div>
   <div class='ocr_carea' id='block_1_102' title="bbox 392 5470 1968 5551">
    <p class='ocr_par' dir='ltr' id='par_1_102' title="bbox 392 5470 1968 5551">
     <span class='ocr_line' id='line_1_102' title="bbox 392 5470 1968 5551; baseline 0.006 -27"><span class='ocrx_word' id='word_1_755' title='bbox 392 5488 499 5526; x_wconf 87' lang='grc' dir='ltr'><strong>νων</strong></span> <span class='ocrx_word' id='word_1_756' title='bbox 531 5472 700 5543; x_wconf 85' lang='grc' dir='ltr'>πάθη.</span> <span class='ocrx_word' id='word_1_757' title='bbox 736 5470 871 5530; x_wconf 83' lang='grc' dir='ltr'>Εἶτα</span> <span class='ocrx_word' id='word_1_758' title='bbox 922 5476 1272 5540; x_wconf 86' lang='grc' dir='ltr'>ἐπιϐαλόντος</span> <span class='ocrx_word' id='word_1_759' title='bbox 1313 5477 1407 5531; x_wconf 83' lang='grc' dir='ltr'>τοῦ</span> <span class='ocrx_word' id='word_1_760' title='bbox 1455 5478 1611 5548; x_wconf 89' lang='grc' dir='ltr'>ἀγίου</span> <span class='ocrx_word' id='word_1_761' title='bbox 1646 5479 1746 5551; x_wconf 83' lang='grc' dir='ltr'>τὴν</span> <span class='ocrx_word' id='word_1_762' title='bbox 1790 5484 1968 5551; x_wconf 89' lang='grc' dir='ltr'>χεῖρα,</span> 
     </span>
    </p>
   </div>
   <div class='ocr_carea' id='block_1_103' title="bbox 390 5563 1972 5643">
    <p class='ocr_par' dir='ltr' id='par_1_103' title="bbox 390 5563 1972 5643">
     <span class='ocr_line' id='line_1_103' title="bbox 390 5563 1972 5643; baseline 0.005 -27"><span class='ocrx_word' id='word_1_763' title='bbox 390 5567 487 5617; x_wconf 75' lang='grc' dir='ltr'><strong>καὶ</strong></span> <span class='ocrx_word' id='word_1_764' title='bbox 512 5563 613 5635; x_wconf 80' lang='grc' dir='ltr'>τὴν</span> <span class='ocrx_word' id='word_1_765' title='bbox 637 5567 880 5638; x_wconf 83' lang='grc' dir='ltr'>ταραχὴν</span> <span class='ocrx_word' id='word_1_766' title='bbox 908 5569 1364 5635; x_wconf 86' lang='grc' dir='ltr'>κατευνάσαντος,</span> <span class='ocrx_word' id='word_1_767' title='bbox 1396 5571 1703 5642; x_wconf 85' lang='grc' dir='ltr'>ἀποπτῆναι</span> <span class='ocrx_word' id='word_1_768' title='bbox 1741 5573 1840 5643; x_wconf 85' lang='grc' dir='ltr'>μὲν</span> <span class='ocrx_word' id='word_1_769' title='bbox 1873 5573 1972 5625; x_wconf 88' lang='grc' dir='ltr'>αὑ-</span> 
     </span>
    </p>
   </div>
   <div class='ocr_carea' id='block_1_104' title="bbox 390 5655 1971 5731">
    <p class='ocr_par' dir='ltr' id='par_1_104' title="bbox 390 5655 1971 5731">
     <span class='ocr_line' id='line_1_104' title="bbox 390 5655 1971 5731; baseline 0.006 -24"><span class='ocrx_word' id='word_1_770' title='bbox 390 5655 487 5708; x_wconf 83' lang='grc' dir='ltr'><strong>τοῦ</strong></span> <span class='ocrx_word' id='word_1_771' title='bbox 518 5656 578 5708; x_wconf 80' lang='grc' dir='ltr'><strong>τὸ</strong></span> <span class='ocrx_word' id='word_1_772' title='bbox 625 5655 918 5727; x_wconf 84' lang='grc' dir='ltr'>δαιμόνιον,</span> <span class='ocrx_word' id='word_1_773' title='bbox 948 5659 1040 5713; x_wconf 82' lang='grc' dir='ltr'><strong>τὸν</strong></span> <span class='ocrx_word' id='word_1_774' title='bbox 1061 5660 1119 5714; x_wconf 87' lang='grc' dir='ltr'>δὲ</span> <span class='ocrx_word' id='word_1_775' title='bbox 1155 5661 1316 5715; x_wconf 86' lang='grc' dir='ltr'>πάλιν</span> <span class='ocrx_word' id='word_1_776' title='bbox 1349 5662 1406 5714; x_wconf 78' lang='grc' dir='ltr'><strong>ἐν</strong></span> <span class='ocrx_word' id='word_1_777' title='bbox 1444 5663 1775 5717; x_wconf 83' lang='grc' dir='ltr'>καταστάσει</span> <span class='ocrx_word' id='word_1_778' title='bbox 1818 5664 1971 5731; x_wconf 85' lang='grc' dir='ltr'>γενό-</span> 
     </span>
    </p>
   </div>
   <div class='ocr_carea' id='block_1_105' title="bbox 392 5748 1969 5826">
    <p class='ocr_par' dir='ltr' id='par_1_105' title="bbox 392 5748 1969 5826">
     <span class='ocr_line' id='line_1_105' title="bbox 392 5748 1969 5826; baseline 0.004 -25"><span class='ocrx_word' id='word_1_779' title='bbox 392 5762 573 5818; x_wconf 82' lang='grc' dir='ltr'>μενον,</span> <span class='ocrx_word' id='word_1_780' title='bbox 604 5748 798 5820; x_wconf 78' lang='grc' dir='ltr'>μηκέτι</span> <span class='ocrx_word' id='word_1_781' title='bbox 825 5749 1004 5818; x_wconf 84' lang='grc' dir='ltr'>λέγειν</span> <span class='ocrx_word' id='word_1_782' title='bbox 1029 5753 1158 5823; x_wconf 79' lang='grc' dir='ltr'>ὸρᾷν</span> <span class='ocrx_word' id='word_1_783' title='bbox 1174 5751 1266 5806; x_wconf 73' lang='grc' dir='ltr'><strong>ἐπὶ</strong></span> <span class='ocrx_word' id='word_1_784' title='bbox 1285 5751 1382 5806; x_wconf 82' lang='grc' dir='ltr'>τοῦ</span> <span class='ocrx_word' id='word_1_785' title='bbox 1398 5752 1556 5821; x_wconf 79' lang='grc' dir='ltr'>ἁγίου</span> <span class='ocrx_word' id='word_1_786' title='bbox 1578 5753 1670 5809; x_wconf 83' lang='grc' dir='ltr'><strong>τὸν</strong></span> <span class='ocrx_word' id='word_1_787' title='bbox 1688 5754 1969 5826; x_wconf 85' lang='grc' dir='ltr'>συμφθεγ-</span> 
     </span>
    </p>
   </div>
   <div class='ocr_carea' id='block_1_106' title="bbox 2076 4548 3653 4619">
    <p class='ocr_par' dir='ltr' id='par_1_106' title="bbox 2076 4548 3653 4619">
     <span class='ocr_line' id='line_1_106' title="bbox 2076 4548 3653 4619; baseline 0.001 -16"><span class='ocrx_word' id='word_1_788' title='bbox 2076 4549 2400 4619; x_wconf 79' lang='lat' dir='ltr'><strong>magistrum</strong></span> <span class='ocrx_word' id='word_1_789' title='bbox 2446 4564 2510 4604; x_wconf 88' lang='lat' dir='ltr'><strong>ea</strong></span> <span class='ocrx_word' id='word_1_790' title='bbox 2538 4548 2743 4614; x_wconf 89' lang='lat' dir='ltr'><strong>dicere,</strong></span> <span class='ocrx_word' id='word_1_791' title='bbox 2785 4550 2882 4606; x_wconf 89' lang='lat' dir='ltr'><strong>sed</strong></span> <span class='ocrx_word' id='word_1_792' title='bbox 2937 4550 3170 4605; x_wconf 84' lang='lat' dir='ltr'><strong>alterum</strong></span> <span class='ocrx_word' id='word_1_793' title='bbox 3206 4549 3257 4604; x_wconf 89' lang='lat' dir='ltr'><strong>ei</strong></span> <span class='ocrx_word' id='word_1_794' title='bbox 3303 4549 3653 4606; x_wconf 81' lang='lat' dir='ltr'><strong>assistentem</strong></span> 
     </span>
    </p>
   </div>
   <div class='ocr_carea' id='block_1_107' title="bbox 2075 4640 3655 4713">
    <p class='ocr_par' dir='ltr' id='par_1_107' title="bbox 2075 4640 3655 4713">
     <span class='ocr_line' id='line_1_107' title="bbox 2075 4640 3655 4713; baseline 0.001 -18"><span class='ocrx_word' id='word_1_795' title='bbox 2075 4642 2241 4697; x_wconf 85' lang='lat' dir='ltr'><strong>verba</strong></span> <span class='ocrx_word' id='word_1_796' title='bbox 2269 4640 2539 4712; x_wconf 81' lang='lat' dir='ltr'><strong>proferre.</strong></span> <span class='ocrx_word' id='word_1_797' title='bbox 2571 4643 2709 4697; x_wconf 71' lang='lat' dir='ltr'><strong>Cum</strong></span> <span class='ocrx_word' id='word_1_798' title='bbox 2736 4652 2919 4696; x_wconf 89' lang='lat' dir='ltr'><strong>autem</strong></span> <span class='ocrx_word' id='word_1_799' title='bbox 2949 4642 3178 4697; x_wconf 87' lang='lat' dir='ltr'><strong>dimisso</strong></span> <span class='ocrx_word' id='word_1_800' title='bbox 3206 4651 3478 4697; x_wconf 83' lang='lat' dir='ltr'><strong>conventu</strong></span> <span class='ocrx_word' id='word_1_801' title='bbox 3517 4658 3655 4713; x_wconf 89' lang='lat' dir='ltr'><strong>puer</strong></span> 
     </span>
    </p>
   </div>
   <div class='ocr_carea' id='block_1_108' title="bbox 2074 4734 3656 4804">
    <p class='ocr_par' dir='ltr' id='par_1_108' title="bbox 2074 4734 3656 4804">
     <span class='ocr_line' id='line_1_108' title="bbox 2074 4734 3656 4804; baseline 0.001 -17"><span class='ocrx_word' id='word_1_802' title='bbox 2074 4734 2142 4787; x_wconf 87' lang='lat' dir='ltr'><strong>ad</strong></span> <span class='ocrx_word' id='word_1_803' title='bbox 2176 4750 2299 4790; x_wconf 90' lang='lat' dir='ltr'><strong>eum</strong></span> <span class='ocrx_word' id='word_1_804' title='bbox 2340 4736 2614 4789; x_wconf 85' lang='lat' dir='ltr'><strong>adductus</strong></span> <span class='ocrx_word' id='word_1_805' title='bbox 2639 4742 2805 4800; x_wconf 83' lang='lat' dir='ltr'><strong>esset,</strong></span> <span class='ocrx_word' id='word_1_806' title='bbox 2835 4734 3044 4790; x_wconf 81' lang='lat' dir='ltr'><strong>dixisse</strong></span> <span class='ocrx_word' id='word_1_807' title='bbox 3077 4749 3311 4804; x_wconf 79' lang='lat' dir='ltr'><strong>magnus</strong></span> <span class='ocrx_word' id='word_1_808' title='bbox 3339 4734 3444 4791; x_wconf 88' lang='lat' dir='ltr'><strong>iste</strong></span> <span class='ocrx_word' id='word_1_809' title='bbox 3476 4734 3656 4790; x_wconf 82' lang='lat' dir='ltr'><strong>fertur</strong></span> 
     </span>
    </p>
   </div>
   <div class='ocr_carea' id='block_1_109' title="bbox 2072 4826 3654 4896">
    <p class='ocr_par' dir='ltr' id='par_1_109' title="bbox 2072 4826 3654 4896">
     <span class='ocr_line' id='line_1_109' title="bbox 2072 4826 3654 4896; baseline 0.002 -18"><span class='ocrx_word' id='word_1_810' title='bbox 2072 4826 2137 4881; x_wconf 85' lang='lat' dir='ltr'><strong>ad</strong></span> <span class='ocrx_word' id='word_1_811' title='bbox 2177 4842 2297 4889; x_wconf 89' lang='lat' dir='ltr'><strong>eos,</strong></span> <span class='ocrx_word' id='word_1_812' title='bbox 2342 4827 2434 4896; x_wconf 88' lang='lat' dir='ltr'><strong>qui</strong></span> <span class='ocrx_word' id='word_1_813' title='bbox 2491 4828 2747 4889; x_wconf 83' lang='lat' dir='ltr'><strong>aderant,</strong></span> <span class='ocrx_word' id='word_1_814' title='bbox 2799 4826 3276 4882; x_wconf 86' lang='lat' dir='ltr'><strong>adolescentulum</strong></span> <span class='ocrx_word' id='word_1_815' title='bbox 3323 4841 3355 4881; x_wconf 87' lang='lat' dir='ltr'><strong>a</strong></span> <span class='ocrx_word' id='word_1_816' title='bbox 3407 4827 3654 4883; x_wconf 71' lang='lat' dir='ltr'><strong>daemone</strong></span> 
     </span>
    </p>
   </div>
   <div class='ocr_carea' id='block_1_110' title="bbox 2074 4917 3652 4988">
    <p class='ocr_par' dir='ltr' id='par_1_110' title="bbox 2074 4917 3652 4988">
     <span class='ocr_line' id='line_1_110' title="bbox 2074 4917 3652 4988; baseline 0.001 -18"><span class='ocrx_word' id='word_1_817' title='bbox 2074 4918 2348 4988; x_wconf 79' lang='lat' dir='ltr'><strong>integrum</strong></span> <span class='ocrx_word' id='word_1_818' title='bbox 2393 4930 2503 4970; x_wconf 87' lang='lat' dir='ltr'><strong>non</strong></span> <span class='ocrx_word' id='word_1_819' title='bbox 2549 4930 2676 4970; x_wconf 89' lang='lat' dir='ltr'><strong>esse</strong></span> <span class='ocrx_word' id='word_1_820' title='bbox 2706 4935 2718 4970; x_wconf 89' lang='lat'><strong>:</strong></span> <span class='ocrx_word' id='word_1_821' title='bbox 2747 4930 2811 4971; x_wconf 88' lang='lat' dir='ltr'><strong>ac</strong></span> <span class='ocrx_word' id='word_1_822' title='bbox 2850 4917 3018 4971; x_wconf 89' lang='lat' dir='ltr'><strong>simul</strong></span> <span class='ocrx_word' id='word_1_823' title='bbox 3053 4917 3357 4973; x_wconf 89' lang='lat' dir='ltr'><strong>detractum</strong></span> <span class='ocrx_word' id='word_1_824' title='bbox 3407 4918 3512 4973; x_wconf 90' lang='lat' dir='ltr'><strong>sibi</strong></span> <span class='ocrx_word' id='word_1_825' title='bbox 3544 4917 3652 4972; x_wconf 91' lang='lat' dir='ltr'><strong>lin-</strong></span> 
     </span>
    </p>
   </div>
   <div class='ocr_carea' id='block_1_111' title="bbox 2073 5006 3651 5079">
    <p class='ocr_par' dir='ltr' id='par_1_111' title="bbox 2073 5006 3651 5079">
     <span class='ocr_line' id='line_1_111' title="bbox 2073 5006 3651 5079; baseline 0.001 -17"><span class='ocrx_word' id='word_1_826' title='bbox 2073 5010 2303 5073; x_wconf 89' lang='lat' dir='ltr'><strong>teolum,</strong></span> <span class='ocrx_word' id='word_1_827' title='bbox 2364 5006 2511 5076; x_wconf 91' lang='lat' dir='ltr'><strong>quod</strong></span> <span class='ocrx_word' id='word_1_828' title='bbox 2564 5007 2619 5061; x_wconf 91' lang='lat' dir='ltr'><strong>in</strong></span> <span class='ocrx_word' id='word_1_829' title='bbox 2668 5007 2916 5063; x_wconf 83' lang='lat' dir='ltr'><strong>humeris</strong></span> <span class='ocrx_word' id='word_1_830' title='bbox 2963 5009 3244 5079; x_wconf 85' lang='lat' dir='ltr'><strong>gestabat,</strong></span> <span class='ocrx_word' id='word_1_831' title='bbox 3297 5018 3353 5064; x_wconf 91' lang='lat' dir='ltr'><strong>et</strong></span> <span class='ocrx_word' id='word_1_832' title='bbox 3402 5010 3517 5065; x_wconf 89' lang='lat' dir='ltr'><strong>oris</strong></span> <span class='ocrx_word' id='word_1_833' title='bbox 3566 5011 3651 5066; x_wconf 89' lang='lat' dir='ltr'><strong>sui</strong></span> 
     </span>
    </p>
   </div>
   <div class='ocr_carea' id='block_1_112' title="bbox 2074 5098 3649 5173">
    <p class='ocr_par' dir='ltr' id='par_1_112' title="bbox 2074 5098 3649 5173">
     <span class='ocr_line' id='line_1_112' title="bbox 2074 5098 3649 5173; baseline 0.001 -18"><span class='ocrx_word' id='word_1_834' title='bbox 2074 5101 2272 5156; x_wconf 88' lang='lat' dir='ltr'><strong>animae</strong></span> <span class='ocrx_word' id='word_1_835' title='bbox 2313 5098 2621 5165; x_wconf 86' lang='lat' dir='ltr'><strong>admotum,</strong></span> <span class='ocrx_word' id='word_1_836' title='bbox 2662 5101 2737 5155; x_wconf 90' lang='lat' dir='ltr'><strong>ita</strong></span> <span class='ocrx_word' id='word_1_837' title='bbox 2775 5100 3037 5172; x_wconf 80' lang='lat' dir='ltr'><strong>iniecisse</strong></span> <span class='ocrx_word' id='word_1_838' title='bbox 3075 5101 3285 5173; x_wconf 83' lang='lat' dir='ltr'><strong>juveni.</strong></span> <span class='ocrx_word' id='word_1_839' title='bbox 3319 5101 3440 5168; x_wconf 84' lang='lat' dir='ltr'><strong>Quo</strong></span> <span class='ocrx_word' id='word_1_840' title='bbox 3482 5101 3649 5167; x_wconf 81' lang='lat' dir='ltr'><strong>facto,</strong></span> 
     </span>
    </p>
   </div>
   <div class='ocr_carea' id='block_1_113' title="bbox 2072 5194 3653 5265">
    <p class='ocr_par' dir='ltr' id='par_1_113' title="bbox 2072 5194 3653 5265">
     <span class='ocr_line' id='line_1_113' title="bbox 2072 5194 3653 5265; baseline 0 -15"><span class='ocrx_word' id='word_1_841' title='bbox 2072 5196 2286 5252; x_wconf 89' lang='lat' dir='ltr'><strong>turbari</strong></span> <span class='ocrx_word' id='word_1_842' title='bbox 2341 5194 2509 5265; x_wconf 73' lang='lat' dir='ltr'><strong>cmpit</strong></span> <span class='ocrx_word' id='word_1_843' title='bbox 2570 5204 2626 5252; x_wconf 87' lang='lat' dir='ltr'><strong>et</strong></span> <span class='ocrx_word' id='word_1_844' title='bbox 2691 5195 3005 5251; x_wconf 81' lang='lat' dir='ltr'><strong>exclamare</strong></span> <span class='ocrx_word' id='word_1_845' title='bbox 3062 5195 3542 5261; x_wconf 88' lang='lat' dir='ltr'><strong>adolescentulus,</strong></span> <span class='ocrx_word' id='word_1_846' title='bbox 3599 5205 3653 5251; x_wconf 90' lang='lat' dir='ltr'><strong>et</strong></span> 
     </span>
    </p>
   </div>
   <div class='ocr_carea' id='block_1_114' title="bbox 2073 5285 3651 5358">
    <p class='ocr_par' dir='ltr' id='par_1_114' title="bbox 2073 5285 3651 5358">
     <span class='ocr_line' id='line_1_114' title="bbox 2073 5285 3651 5358; baseline -0.001 -16"><span class='ocrx_word' id='word_1_847' title='bbox 2073 5288 2227 5342; x_wconf 90' lang='lat' dir='ltr'><strong>humi</strong></span> <span class='ocrx_word' id='word_1_848' title='bbox 2272 5288 2552 5358; x_wconf 88' lang='lat' dir='ltr'><strong>prosterni</strong></span> <span class='ocrx_word' id='word_1_849' title='bbox 2604 5295 2659 5342; x_wconf 89' lang='lat' dir='ltr'><strong>et</strong></span> <span class='ocrx_word' id='word_1_850' title='bbox 2708 5287 2817 5341; x_wconf 84' lang='lat' dir='ltr'><strong>huc</strong></span> <span class='ocrx_word' id='word_1_851' title='bbox 2861 5287 2993 5341; x_wconf 89' lang='lat' dir='ltr'><strong>illuc</strong></span> <span class='ocrx_word' id='word_1_852' title='bbox 3022 5286 3243 5357; x_wconf 83' lang='lat' dir='ltr'><strong>jactari,</strong></span> <span class='ocrx_word' id='word_1_853' title='bbox 3290 5297 3343 5342; x_wconf 93' lang='lat' dir='ltr'><strong>et</strong></span> <span class='ocrx_word' id='word_1_854' title='bbox 3391 5285 3651 5341; x_wconf 85' lang='lat' dir='ltr'><strong>omnibus</strong></span> 
     </span>
    </p>
   </div>
   <div class='ocr_carea' id='block_1_115' title="bbox 2073 5378 3655 5449">
    <p class='ocr_par' dir='ltr' id='par_1_115' title="bbox 2073 5378 3655 5449">
     <span class='ocr_line' id='line_1_115' title="bbox 2073 5378 3655 5449; baseline -0.001 -15"><span class='ocrx_word' id='word_1_855' title='bbox 2073 5381 2212 5435; x_wconf 85' lang='lat' dir='ltr'><strong>allici</strong></span> <span class='ocrx_word' id='word_1_856' title='bbox 2274 5380 2659 5444; x_wconf 89' lang='lat' dir='ltr'><strong>incommodis,</strong></span> <span class='ocrx_word' id='word_1_857' title='bbox 2716 5394 2838 5449; x_wconf 80' lang='lat' dir='ltr'><strong>qua:</strong></span> <span class='ocrx_word' id='word_1_858' title='bbox 2892 5395 2922 5433; x_wconf 91' lang='lat' dir='ltr'><strong>a</strong></span> <span class='ocrx_word' id='word_1_859' title='bbox 2971 5378 3312 5435; x_wconf 62' lang='lat' dir='ltr'><strong>daemonibus</strong></span> <span class='ocrx_word' id='word_1_860' title='bbox 3365 5378 3655 5449; x_wconf 81' lang='lat' dir='ltr'><strong>provenire</strong></span> 
     </span>
    </p>
   </div>
   <div class='ocr_carea' id='block_1_116' title="bbox 2073 5473 3650 5543">
    <p class='ocr_par' dir='ltr' id='par_1_116' title="bbox 2073 5473 3650 5543">
     <span class='ocr_line' id='line_1_116' title="bbox 2073 5473 3650 5543; baseline -0.002 -14"><span class='ocrx_word' id='word_1_861' title='bbox 2073 5475 2272 5529; x_wconf 89' lang='lat' dir='ltr'><strong>solent.</strong></span> <span class='ocrx_word' id='word_1_862' title='bbox 2306 5473 2514 5529; x_wconf 87' lang='lat' dir='ltr'><strong>Deinde</strong></span> <span class='ocrx_word' id='word_1_863' title='bbox 2547 5487 2672 5527; x_wconf 92' lang='lat' dir='ltr'><strong>cum</strong></span> <span class='ocrx_word' id='word_1_864' title='bbox 2703 5480 2931 5528; x_wconf 89' lang='lat' dir='ltr'><strong>sanctus</strong></span> <span class='ocrx_word' id='word_1_865' title='bbox 2967 5473 3057 5529; x_wconf 88' lang='lat' dir='ltr'><strong>ille</strong></span> <span class='ocrx_word' id='word_1_866' title='bbox 3093 5488 3317 5527; x_wconf 91' lang='lat' dir='ltr'><strong>manum</strong></span> <span class='ocrx_word' id='word_1_867' title='bbox 3350 5473 3650 5543; x_wconf 88' lang='lat' dir='ltr'><strong>injecissct,</strong></span> 
     </span>
    </p>
   </div>
   <div class='ocr_carea' id='block_1_117' title="bbox 2071 5564 3655 5636">
    <p class='ocr_par' dir='ltr' id='par_1_117' title="bbox 2071 5564 3655 5636">
     <span class='ocr_line' id='line_1_117' title="bbox 2071 5564 3655 5636; baseline -0.003 -13"><span class='ocrx_word' id='word_1_868' title='bbox 2071 5577 2127 5623; x_wconf 91' lang='lat' dir='ltr'><strong>et</strong></span> <span class='ocrx_word' id='word_1_869' title='bbox 2157 5568 2529 5624; x_wconf 83' lang='lat' dir='ltr'><strong>turbationem</strong></span> <span class='ocrx_word' id='word_1_870' title='bbox 2567 5565 2837 5631; x_wconf 88' lang='lat' dir='ltr'><strong>sedasset,</strong></span> <span class='ocrx_word' id='word_1_871' title='bbox 2872 5565 3201 5621; x_wconf 84' lang='lat' dir='ltr'><strong>daemonium</strong></span> <span class='ocrx_word' id='word_1_872' title='bbox 3237 5566 3457 5636; x_wconf 88' lang='lat' dir='ltr'><strong>quidem</strong></span> <span class='ocrx_word' id='word_1_873' title='bbox 3491 5564 3563 5621; x_wconf 89' lang='lat' dir='ltr'><strong>ab</strong></span> <span class='ocrx_word' id='word_1_874' title='bbox 3586 5579 3655 5620; x_wconf 93' lang='lat' dir='ltr'><strong>co</strong></span> 
     </span>
    </p>
   </div>
   <div class='ocr_carea' id='block_1_118' title="bbox 2072 5660 3657 5732">
    <p class='ocr_par' dir='ltr' id='par_1_118' title="bbox 2072 5660 3657 5732">
     <span class='ocr_line' id='line_1_118' title="bbox 2072 5660 3657 5732; baseline -0.003 -16"><span class='ocrx_word' id='word_1_875' title='bbox 2072 5663 2345 5730; x_wconf 84' lang='lat' dir='ltr'><strong>avnlasse,</strong></span> <span class='ocrx_word' id='word_1_876' title='bbox 2388 5662 2507 5732; x_wconf 88' lang='lat' dir='ltr'><strong>ipse</strong></span> <span class='ocrx_word' id='word_1_877' title='bbox 2535 5676 2668 5716; x_wconf 87' lang='lat' dir='ltr'><strong>vero</strong></span> <span class='ocrx_word' id='word_1_878' title='bbox 2704 5674 2899 5715; x_wconf 89' lang='lat' dir='ltr'><strong>rursus</strong></span> <span class='ocrx_word' id='word_1_879' title='bbox 2939 5660 3008 5714; x_wconf 88' lang='lat' dir='ltr'><strong>ad</strong></span> <span class='ocrx_word' id='word_1_880' title='bbox 3056 5661 3298 5731; x_wconf 88' lang='lat' dir='ltr'><strong>priorem</strong></span> <span class='ocrx_word' id='word_1_881' title='bbox 3336 5670 3542 5716; x_wconf 87' lang='lat' dir='ltr'><strong>statum</strong></span> <span class='ocrx_word' id='word_1_882' title='bbox 3578 5666 3657 5713; x_wconf 77' lang='lat' dir='ltr'><strong>at—</strong></span> 
     </span>
    </p>
   </div>
   <div class='ocr_carea' id='block_1_119' title="bbox 2072 5753 3653 5828">
    <p class='ocr_par' dir='ltr' id='par_1_119' title="bbox 2072 5753 3653 5828">
     <span class='ocr_line' id='line_1_119' title="bbox 2072 5753 3653 5828; baseline -0.004 -17"><span class='ocrx_word' id='word_1_883' title='bbox 2072 5772 2181 5828; x_wconf 89' lang='lat' dir='ltr'><strong>que</strong></span> <span class='ocrx_word' id='word_1_884' title='bbox 2215 5756 2669 5827; x_wconf 83' lang='lat' dir='ltr'><strong>tranquillitatem</strong></span> <span class='ocrx_word' id='word_1_885' title='bbox 2704 5753 2986 5822; x_wconf 87' lang='lat' dir='ltr'><strong>redactus,</strong></span> <span class='ocrx_word' id='word_1_886' title='bbox 3032 5770 3143 5811; x_wconf 90' lang='lat' dir='ltr'><strong>non</strong></span> <span class='ocrx_word' id='word_1_887' title='bbox 3174 5755 3408 5825; x_wconf 85' lang='lat' dir='ltr'><strong>amplius</strong></span> <span class='ocrx_word' id='word_1_888' title='bbox 3446 5755 3653 5809; x_wconf 75' lang='lat' dir='ltr'><strong>dixisse</strong></span> 
     </span>
    </p>
   </div>
  </div>
