4068 6154
402 260 508 329 σιτ»

1613 246 1669 300 S.
1712 240 2040 300 GRECORH
2076 238 2367 295 NYSSENI

3467 264 3471 268 ~
3547 233 3652 288 9H

407 392 600 450 fertur,
643 383 786 455 quod
819 380 1024 434 videret
1073 380 1264 430 saneto
1311 368 1661 424 assistcutcm
1707 366 1799 434 qui
1862 377 1969 417 una

2101 361 2328 431 ’όμενον.
2360 358 2470 412 Καὶ
2494 356 2599 429 γὰρ
2626 356 2689 428 δὴ
2719 357 2812 410 καὶ
2841 354 2998 409 τοῦτο
3030 355 3137 408 τῶν
3172 352 3421 427 μεγάηλων
3443 353 3651 406 ἐκείνου

408 485 742 551 loqueretur.
789 470 1001 526 Etenim
1038 467 1202 521 etiam
1234 465 1336 516 hoc
1381 460 1636 514 nimirum
1671 455 1739 509 ad
1779 468 1974 523 magna

409 549 644 643 pertinet
686 568 807 635 ejus
851 559 1136 620 miracula,
1174 557 1318 627 quod
1368 554 1518 607 nulla
1563 549 1880 605 curiositate
1924 555 1977 599 et

408 641 676 732 exquisita
734 658 965 726 quadam
1038 654 1247 706 ratione
1307 645 1571 702 miracula
1631 641 1974 696 sanationum

408 728 662 813 emrcrct,
698 748 791 803 sed
837 753 891 801 et
933 743 998 798 ad
1028 742 1304 797 daemones
1342 735 1613 805 fugandos
1649 739 1703 787 et
1749 728 1815 784 ad
1849 742 1975 783 cor-

409 846 557 916 poris
618 842 838 896 morbos
910 833 1277 908 proﬂigandos
1351 829 1625 887 sullicerct
1685 825 1800 879 oris
1857 822 1978 891 ejus

407 914 703 997 anhelitus,
753 931 845 1000 qui
883 944 979 998 per
1031 928 1260 980 linteum
1322 921 1591 975 laboranti
1642 917 1842 986 cuique
1889 914 1980 971 ad-

410 1020 752 1075 movebatur.
797 1016 1071 1070 Creterum
1117 1010 1303 1064 omnia
1332 1009 1551 1079 quidem
1608 1005 1753 1060 edita
1809 1004 1877 1057 ab
1913 1017 1978 1056 eo

409 1108 669 1162 miracula
714 1104 974 1172 deinceps
1015 1098 1208 1154 ordine
1238 1095 1516 1169 persequi.
1550 1093 1780 1163 prolixae
1834 1089 1979 1143 seri-

412 1209 584 1270 pturae
631 1213 719 1252 res
761 1195 929 1249 fuerit
990 1199 1045 1246 et
1087 1190 1361 1245 sermonis
1402 1187 1495 1256 qui
1537 1197 1776 1254 prazsens
1806 1182 1977 1234 otium

411 1297 697 1358 superaret
723 1303 737 1338 :
769 1283 934 1338 unius
967 1288 1146 1334 autem
1171 1286 1429 1348 praeterea
1461 1274 1755 1327 alteriusve
1789 1280 1978 1324 eorum

374 1396 379 1401 ·
411 1394 533 1449 qum
571 1377 639 1430 de
676 1389 743 1428 eo
775 1373 1028 1427 feruntur
1074 1366 1463 1422 miraculorum
1499 1362 1774 1418 mentione
1816 1367 1981 1427 atque

412 1446 934 1519 commemoratione
967 1457 1133 1519 facta,
1179 1454 1267 1508 his
1295 1466 1601 1508 sermonem
1636 1446 1983 1503 circumscri-

413 1559 559 1612 bam.
596 1553 730 1607 Nam
771 1550 1031 1619 cumjam
1077 1548 1133 1602 iu
1177 1560 1367 1601 omnes
1393 1551 1574 1614 partes
1618 1540 1786 1594 divini
1829 1537 1981 1592 verbi

414 1644 734 1717 praedicatio
774 1641 1055 1710 divulgata
1100 1643 1268 1694 esset,
1298 1641 1355 1688 et
1395 1646 1586 1686 omnes
1622 1638 1731 1682 tam
1762 1628 1853 1697 qui
1891 1641 1983 1678 ur-

2083 452 2376 522 θαυμάτων
2402 450 2539 510 ἐστὶ,
2582 449 2643 502 τὸ
2680 448 2918 519 μηδεμιᾷ
2960 464 3063 500 τινι
3091 445 3380 517 περιεργία
3416 444 3484 496 τὰ
3514 446 3655 496 κατὰ

2082 543 2179 607 τὰς
2213 544 2385 605 ἰάσεις
2429 541 2695 594 ἐπιτελεῖν
2721 540 3005 610 θαύματαο
3047 538 3161 591 ἀλλ’
3189 538 3377 608 ἀρκεῖν
3421 540 3558 608 πρός
3593 554 3653 589 τε

2082 634 2179 705 τὴν
2220 633 2325 686 τῶν
2358 632 2627 703 δαιμόνων
2660 631 2997 701 ἀπαλλαγὴν,
3044 628 3138 683 καὶ
3184 630 3321 697 πρὸς
3365 630 3465 701 τὴν
3511 628 3656 681 ἴασιν

2084 725 2191 780 τῶν
2224 724 2674 797 ἀρρωστημάτων
2702 723 2797 778 τοῦ
2830 722 3081 793 σώματος
3127 723 3186 775 τὸ
3218 725 3282 774 ὲκ
3321 721 3414 773 τοῦ
3451 720 3657 791 στόμα·

2084 836 2173 883 τος
2204 818 2368 871 αὐτοῦ
2408 814 2593 887 ἆσθμα
2615 815 2700 869 διὰ
2733 816 2833 884 τῆς
2862 814 3051 883 ὀθόνης
3077 812 3156 883 τῷ
3192 813 3452 883 κάμνοντι
3487 829 3654 882 προσ-

2084 910 2369 981 αγόμενον.
2433 907 2592 960 Ἀλλά
2640 907 2701 958 τὸ
2734 907 2845 977 ,μὲν
2888 907 3061 959 πᾶσιν
3114 904 3315 974 ἐφεξῆς
3357 906 3470 966 τοῖς
3522 904 3653 974 παρ’

2085 1002 2294 1055 ἐκείνου
2322 1001 2594 1070 θαύμασιν
2618 998 2913 1061 ἐπεξιέναι,
2947 999 3165 1068 μακρᾶς
3196 995 3283 1065 εἴη
3312 994 3650 1065 συγγραφῆς,

2087 1093 2179 1146 καὶ
2231 1092 2390 1160 λόγου
2446 1090 2544 1162 τὴν
2621 1089 2896 1160 παροῦσαν
2950 1088 3143 1159 σχολὴν
3198 1086 3652 1157 ὑπερϐαίνοντος·

2087 1186 2205 1250 ἑνὸς
2232 1185 2289 1238 δὲ
2318 1185 2350 1253 ἢ
2382 1184 2525 1236 δυοῖν
2561 1183 2639 1235 ἔτι
2686 1182 2797 1234 τῶν
2831 1181 2957 1251 περὶ
2990 1179 3153 1234 αὑτοῦ
3187 1179 3493 1248 λεγομένων
3538 1179 3650 1229 ἐπι-

2092 1275 2368 1345 μνησθεὶς,
2412 1274 2469 1327 ἐν
2510 1273 2720 1336 τούτοις
2751 1269 3072 1341 περιγράψω
3100 1269 3190 1321 τὸν
3229 1268 3406 1335 λόγον.
3453 1268 3657 1319 Παντα-

2088 1366 2183 1436 χοῦ
2205 1365 2312 1435 γὰρ
2346 1364 2447 1436 ἤδη
2477 1362 2956 1432 διαπεφοιτηκότος
2983 1362 3076 1414 τοῦ
3112 1360 3252 1413 θείου
3285 1358 3654 1431 κὴρόγματος,

2089 1458 2183 1510 καὶ
2212 1457 2427 1510 πάντων
2455 1456 2597 1508 κατά
2640 1471 2698 1506 τε
2736 1453 2834 1524 τὴν
2883 1453 3056 1516 πόλιν,
3093 1451 3187 1505 καὶ
3216 1451 3314 1520 τὴν
3361 1450 3659 1520 περίοικον,

2092 1546 2226 1617 πρὸς
2250 1546 2348 1615 τὴν
2376 1545 2576 1614 εὐσεϐῆ
2611 1543 2703 1596 τοῦ
2734 1544 2998 1615 δόγματος
3025 1543 3207 1595 πίστιν
3240 1541 3655 1612 μετατεθέντων,

2092 1638 2291 1709 βωμῶν
2333 1654 2393 1689 τε
2422 1638 2514 1690 καὶ
2560 1637 2721 1708 ἱερῶν
2758 1637 2850 1688 καὶ
2895 1634 3128 1688 εἰδώλων
3171 1637 3227 1686 ὲν
3260 1634 3442 1696 αὐτοῖς
3471 1636 3660 1686 ἀνατεο

414 1742 538 1792 hem
577 1735 914 1796 habitarent,
945 1743 1109 1800 quam
1141 1726 1231 1797 qui
1273 1740 1463 1795 agrum
1495 1723 1734 1777 vicinum
1773 1719 1979 1773 incolc-

2101 1729 2437 1801 τραμμένων,
2493 1726 2859 1798 καθαρθείσης
2906 1726 2964 1778 δὲ
3011 1725 3108 1796 ἤδη
3156 1725 3256 1794 τῆς
3315 1724 3661 1794 ἀνθρωπίνης

416 1837 560 1891 rent,
613 1827 679 1881 ad
740 1827 884 1895 piam
946 1820 1210 1875 doctrina:
1264 1815 1422 1870 ﬁdem
1480 1811 1717 1867 traducti
1778 1816 1984 1869 essent,

418 1923 683 1976 altaribus
744 1926 911 1987 atque
956 1913 1238 1975 delubris,
1289 1922 1517 1979 quaeque
1574 1904 1708 1958 inihi
1772 1903 1990 1957 inerant

417 2012 729 2069 simulacris
761 2008 989 2070 eversis,
1038 2012 1203 2072 atque
1240 2003 1479 2056 humana
1515 1997 1625 2051 vita
1653 1995 1766 2063 jam
1810 1993 1878 2048 ab
1914 1993 1991 2046 iu-

418 2102 789 2176 quiuamcntis
820 2098 1239 2155 simulacrorum
1287 2099 1607 2161 expurgata,
1640 2088 1853 2155 impuro
1888 2085 1988 2138 ho-

420 2200 650 2252 stiarum
699 2192 895 2246 nidore
937 2188 1209 2243 exstincto
1245 2203 1257 2238 :
1288 2182 1544 2237 altarium
1593 2177 1859 2248 spurcitia
1910 2182 1994 2227 at-

420 2303 529 2357 que
555 2301 620 2340 ex
652 2281 982 2337 mactatione
1011 2286 1067 2332 et
1104 2274 1475 2330 immolatione
1505 2270 1821 2323 animalium
1860 2280 1993 2320 con-

423 2356 612 2431 tractis
659 2369 1096 2443 inquinamentis
1148 2364 1434 2427 abstersis,
1473 2361 1728 2415 omnibus
1764 2359 1890 2413 item
1937 2356 1992 2409 in

423 2470 570 2522 omni
610 2468 730 2520 loco
759 2461 959 2531 templa
997 2459 1061 2512 ad
1090 2455 1361 2511 orandum
1395 2455 1498 2509 sub
1536 2451 1757 2505 nomine
1787 2447 1991 2504 Christi

425 2560 669 2615 studiose
720 2552 1132 2610 exstruentibus
1165 2567 1178 2601 :
1217 2549 1369 2601 furor
1399 2545 1620 2615 quidam
1661 2550 1825 2612 atque
1862 2539 1996 2594 invi-

425 2655 513 2705 dia
550 2649 746 2707 invasit
783 2662 930 2706 eum,
960 2643 1053 2715 qui
1093 2651 1225 2696 tunc
1258 2648 1491 2710 praeerat
1538 2635 1769 2703 imperio
1796 2631 1995 2685 Roma-

425 2759 646 2801 norum.
694 2755 760 2796 eo
790 2738 934 2809 quod
962 2735 1121 2805 patrii
1158 2732 1375 2803 quidem
1414 2728 1537 2782 falsi
1567 2727 1747 2781 cultus
1782 2731 1834 2779 et
1868 2722 1996 2778 reli-

427 2837 617 2905 giones
659 2832 1090 2900 negligerentur,
1127 2828 1400 2879 cresceret
1447 2828 1628 2874 autem
1674 2815 1995 2887 mysterium

429 2922 889 2981 Christimtorum,
922 2928 974 2971 et
1014 2917 1069 2969 in
1111 2913 1461 2968 multitudine
1498 2910 1700 2977 ubique
1728 2918 1996 2961 terrarum

431 3021 832 3085 propagaretur
864 3008 1107 3065 Ecclesia
1142 3020 1234 3075 per
1258 3020 1373 3066 eos,
1402 3002 1493 3072 qui
1526 3014 1738 3068 semper
1758 2995 1995 3053 sermoni

432 3106 886 3175 adiungerentur,
944 3099 997 3152 in
1054 3094 1483 3164 magnitudinem
1539 3105 1865 3146 excreseens
1898 3106 1909 3139 :
1945 3096 1999 3141 ct

433 3197 740 3250 arbitratus
778 3192 892 3247 ﬁeri
946 3203 1130 3260 posse,
1182 3194 1241 3241 ut
1283 3200 1379 3241 sua
1414 3183 1623 3239 smvitia
1663 3181 1861 3234 divinae
1904 3192 2000 3248 po-

439 3290 621 3343 tentiaa
676 3286 983 3347 resisteret,
1025 3289 1079 3336 et
1126 3278 1371 3350 mysterii
1396 3275 1615 3346 quidem
1663 3273 2001 3343 praedicatio-

435 3395 559 3435 nem
595 3356 887 3437 inhiberet,
936 3381 991 3429 et
1034 3372 1362 3426 constitutas
1399 3366 1672 3422 Ecclesias
1714 3371 2000 3423 everteret,

437 3471 751 3524 traduceret
779 3475 956 3521 autem
996 3479 1192 3520 rursus
1220 3476 1338 3526 eos,
1369 3460 1462 3529 qui
1493 3457 1729 3513 sermoni
1762 3454 2001 3523 adiuncti

437 3571 645 3623 essent,
678 3560 744 3612 ad
773 3558 1067 3614 simulacra
1105 3574 1118 3610 :
1152 3554 1239 3609 his
1271 3553 1338 3607 de
1375 3551 1560 3606 causis
1608 3549 1771 3603 mittit
1817 3546 1881 3600 ad
1918 3560 2005 3600 re-

437 3660 619 3705 rtot‘cs
663 3648 907 3718 gentium
947 3646 1294 3713 edicta,quze
1339 3641 1672 3696 terribilium
1721 3649 2004 3709 prenarum

439 3745 492 3795 in
525 3756 620 3795 eos
650 3738 1068 3795 statuendarum
1102 3737 1281 3789 minas
1313 3733 1687 3794 continebant,
1721 3730 1826 3783 nisi
1856 3727 2005 3782 omni

396 3830 403 3837 ”
440 3849 635 3906 genere
680 3841 1079 3887 tormentorum
1134 3836 1297 3897 atque
1324 3824 1712 3892 suppliciorum
1749 3820 2007 3873 mulctas-

443 3932 564 3977 sent
610 3938 727 3985 eos,
761 3923 852 3990 qui
887 3917 1091 3973 Christi
1122 3929 1319 3969 nomen
1364 3913 1685 3966 invocarent
1715 3919 1768 3964 et
1811 3910 2008 3963 adora-

446 4020 591 4077 rent,
642 4017 899 4077 metuque
949 4022 1012 4061 ac
1050 4011 1448 4059 tormentorum
1482 4002 1533 4054 vi
1577 4016 1771 4055 rursus
1818 4015 1915 4055 eos
1943 3999 2009 4054 ad

445 4102 682 4171 patrium
714 4100 1019 4153 dmmonum
1050 4097 1256 4151 cultum
1294 4093 1673 4148 adduxissent.
1726 4090 1794 4146 Ut
1830 4100 2009 4145 autem

448 4195 553 4246 hoc
593 4189 834 4246 terribile
856 4195 1019 4258 atque
1053 4188 1278 4257 impium
1312 4186 1553 4241 edictum
1601 4184 2013 4256 magistratibus

445 4282 751 4339 exhibitum
789 4289 922 4337 est;
972 4280 1175 4350 quippe
1223 4279 1276 4332 in
1330 4293 1521 4334 omnes
1560 4276 1776 4347 imperii
1828 4283 2014 4345 partes

2090 1822 2234 1891 ζωῆς
2257 1820 2363 1873 τῶν
2409 1819 2535 1890 περὶ
2566 1817 2633 1870 τὰ
2671 1817 2862 1869 εἴδωλα
2900 1815 3244 1886 μιασμάτων,
3280 1813 3499 1883 καὶτῆς
3533 1830 3662 1883 μια-

2096 1915 2192 1982 ρᾶς
2224 1911 2332 1963 τῶν
2356 1909 2560 1977 ¹θυσιῶν
2588 1908 2815 1977 κνίσσης
2835 1906 3285 1976 ἀποσϐεσθείσης,
3311 1906 3404 1959 καὶ
3429 1903 3522 1958 τοῦ
3543 1906 3661 1957 ἐπι-

2091 2001 2299 2071 ϐωμίου
2329 2001 2525 2072 λύθρου
2559 2000 2652 2054 καὶ
2690 1999 2795 2052 τῶν
2827 2000 2892 2050 ἐκ
2917 1998 3019 2068 τῆς
3054 1997 3357 2061 ζωοθυσίας
3392 1996 3662 2067 μολυσμά-

2090 2108 2198 2144 των
2246 2090 2724 2144 ἀποκλυσθὲντων·
2753 2090 2967 2143 πάντων
3005 2089 3062 2141 δὲ
3109 2089 3252 2142 κατά
3290 2089 3454 2142 τόπον
3487 2089 3662 2143 πάντα

2093 2183 2413 2255 εὐκτηρίους
2444 2183 2535 2235 ἐπὶ
2564 2183 2642 2252 τῷ
2679 2183 2903 2252 ὀνόματι
2924 2181 3016 2235 τοῦ
3052 2180 3292 2251 Χριστοῦ
3324 2181 3465 2235 κατὰ
3496 2198 3661 2234 σπου-

2092 2277 2188 2348 δὴν
2215 2278 2374 2340 ναοὺς
2415 2277 2824 2346 ἀνεγειρόντων,
2862 2274 3031 2345 θυμὸς
3076 2275 3170 2327 καὶ
3203 2273 3394 2342 φθόνος
3430 2272 3664 2343 εἰσέρχε-

2092 2366 2281 2438 ταιτῷ
2311 2366 2621 2437 τηνικαῦτα
2640 2366 2739 2435 τῆς
2778 2366 2953 2437 ἀρχῆς
2981 2365 3088 2418 τῶν
3132 2364 3419 2433 Ῥωμαίων
3442 2364 3667 2417 ἐπιστα-

2094 2456 2293 2519 τοῦντι,
2343 2459 2425 2524 ἐφ’
2456 2451 2537 2520 οἷς
2581 2456 2836 2527 ἡμελεῖτο
2886 2456 2984 2526 μὲν
3017 2454 3180 2508 αὑτοῦ
3222 2455 3292 2509 τὰ
3329 2457 3531 2525 πάτρια
3570 2454 3668 2524 τῆς

2097 2551 2311 2619 ἀπάτης
2358 2548 2695 2618 σεϐάσματα,
2727 2547 2942 2618 ηὐξεῖτο
2992 2548 3048 2601 δὲ
3077 2549 3185 2601 τῶν
3231 2547 3570 2617 Χριστιανῶν
3609 2546 3671 2600 τὸ

2101 2642 2417 2711 μυστήριον,
2471 2640 2564 2692 καὶ
2615 2643 2694 2703 εἰς
2736 2638 2939 2708 πλῆθος
2976 2639 3220 2692 ἐπεδίδου
3272 2638 3551 2709 πανταχοῦ
3574 2640 3671 2709 τῆς

2097 2731 2420 2801 οἰκουμένης
2447 2734 2496 2800 ἡ.
2513 2731 2827 2801 Ἐκκλησία,
2852 2730 2940 2783 διὰ
2966 2731 3074 2783 τῶν
3107 2731 3193 2783 ἀεὶ
3233 2730 3670 2801 προστιθεμένων

2098 2826 2175 2897 τῷ
2206 2826 2366 2894 λόγῳ,
2401 2826 2537 2896 πρὸς
2567 2824 2794 2894 μέγεθος
2835 2822 3070 2889 αὔξουσα
3091 2840 3103 2854 ·
3143 2824 3237 2876 καὶ
3262 2823 3489 2894 νομίσας
3516 2822 3672 2876 δυνα-

2098 2920 2189 2973 τὸν
2231 2916 2371 2972 εἶναι
2400 2921 2464 2989 τῇ
2497 2917 2616 2987 θεία
2659 2917 2882 2987 δυνάμει
2926 2917 3023 2987 τὴν
3054 2915 3188 2969 ἰδίαν
3216 2917 3533 2986 ἀντιστῆσαι
3579 2933 3672 2967 πι-

2102 3010 2282 3081 κρίαν,
2314 3009 2405 3061 καὶ
2439 3010 2686 3078 ἐπισχεῖν
2713 3009 2810 3077 μὲν
2843 3007 2936 3060 τοῦ
2972 2997 3270 3079 μυστηρίου
3304 3006 3364 3059 τό
3391 3008 3672 3078 κήρυγμα,

2104 3101 2404 3155 καταλῦσαι
2437 3100 2493 3153 δὲ
2522 3100 2629 3152 τῶν
2673 3098 3008 3168 Ἐκκλησιῶν
3036 3099 3103 3152 τὰ
3146 3101 3484 3170 συστήματα,
3514 3118 3678 3169 μετα-

2106 3194 2301 3263 στῆσαι
2320 3193 2375 3246 δὲ
2404 3193 2563 3246 πάλιν
2591 3192 2683 3245 ἐπὶ
2706 3190 2775 3244 τὰ
2812 3190 3004 3244 εἴδωλα
3032 3193 3156 3254 τοὺς
3184 3192 3678 3263 προκεχωρηκότας

2104 3283 2180 3352 τῷ
2208 3283 2352 3352 λόγῳ
2370 3299 2381 3312 ”
2404 3283 2616 3357 ’πέμπει
2640 3283 2815 3336 τοίνυν
2841 3282 2977 3354 πρὸς
3016 3283 3140 3346 τοὺς
3168 3283 3276 3336 τῶν
3304 3282 3471 3335 ἐθνῶν
3502 3283 3677 3352 καθη-

2107 3375 2404 3445 γουμένους
2455 3374 2806 3444 πρόσταγμα,
2868 3374 3104 3445 φοϐερὰν
3162 3376 3282 3428 κατ’
3337 3374 3517 3428 αὐτῶν
3578 3375 3679 3444 τὴν

2107 3464 2336 3533 ἀπειλὴν
2369 3464 2467 3534 τῆς
2517 3465 2788 3535 τιμωρίας
2819 3465 3039 3536 ὁρίζων,
3075 3468 3124 3519 εἰ
3179 3466 3251 3536 μὴ
3282 3466 3554 3529 παντοίοις
3595 3467 3681 3517 αξ-

2109 3557 2324 3625 κισμοῖς
2357 3555 2417 3606 τὸ
2443 3554 2612 3625 ὄνομα
2644 3553 2733 3607 τοῦ
2762 3554 3000 3625 Χριστοῦ
3033 3555 3468 3627 προσκυνοῦντας
3494 3554 3685 3607 διαλω-

2109 3648 2377 3717 6ήσοιντο,
2414 3646 2507 3698 καὶ
2540 3646 2939 3715 προσαγάγοιεν
2985 3646 3144 3698 πάλιν
3199 3646 3394 3707 αὐτοὺς
3438 3645 3586 3715 φόϐῳ
3619 3661 3681 3697 τε

2109 3740 2204 3793 καὶ
2241 3741 2308 3809 τῇ
2346 3738 2456 3791 τῶν
2489 3738 2762 3808 αἰκισμῶν
2800 3738 3013 3810 ἀνάγκῃ
3055 3741 3119 3808 τῇ
3160 3738 3388 3808 πατρῴᾳ
3417 3738 3525 3789 τῶν
3569 3737 3684 3789 δαι-

2114 3834 2288 3903 μόνων
2326 3831 2571 3901 λατρεία.
2625 3831 2710 3894 Ὠς
2736 3830 2792 3883 δὲ
2823 3829 3193 3900 περιηγγὲλθη
3220 3833 3333 3892 τοῖς
3374 3829 3598 3899 ἄρχουσι
3624 3827 3682 3880 τὸ

2112 3923 2340 3992 φοϐερὸν
2378 3921 2536 3975 τοῦτο
2581 3923 2673 3975 καί
2724 3921 2882 3975 ἄθεον
2929 3923 3209 3991 κήρυγμα,
3261 3919 3535 3990 πανταχοῦ
3584 3920 3684 3987 τῆς

2112 4015 2288 4087 ἀρχῆς
2324 4015 2818 4084 διαπεφοιτηκότων
2837 4012 2943 4067 τῶν
2968 4015 3048 4076 είς
3076 4014 3205 4067 αὐτὸ
3229 4012 3380 4066 τοῦτο
3415 4012 3562 4083 παρά
3588 4012 3682 4080 τῆς

2114 4105 2440 4177 τυραννικῆς
2471 4105 2819 4175 τεταγμένων
2861 4104 3170 4175 ὠμότητος·
3204 4104 3298 4156 καί
3334 4120 3420 4165 τις
3451 4103 3684 4173 ἐπεκρά-

2113 4214 2195 4249 τει
2232 4195 2326 4249 τοῦ
2371 4195 2510 4249 κατὰ
2544 4197 2633 4248 τὸν
2665 4195 2827 4249 τόπον
2876 4196 3061 4260 ἔθνους
3093 4193 3356 4260 τοιοῦτος,
3406 4195 3482 4258 ὡς
3524 4195 3685 4265 μηδὲν

2114 4285 2216 4353 τῆς
2243 4284 2645 4355 ὑπερκειμένης
2677 4285 2924 4351 ἐξουσίας
2950 4285 3086 4356 πρὸς
3112 4285 3211 4356 τὴν
3240 4285 3483 4355 πονηρὰν
3513 4282 3684 4354 ὁρμὴν

445 4387 608 4448 atque
639 4374 950 4446 provincias
984 4379 1368 4442 pervenerant,
1400 4371 1492 4441 qui
1528 4370 1595 4424 ad
1642 4371 1746 4424 hoc
1776 4370 1952 4440 ipsum
1984 4382 1997 4421 ι

2118 4375 2390 4447 δεηθῆναι,
2426 4375 2636 4428 οἴκοθεν
2682 4375 2819 4445 ἔχων
2858 4377 2921 4429 ἐκ
2953 4374 3167 4445 φύσεως
3208 4375 3311 4446 τὴν
3343 4374 3600 4445 ὠμότητά
3629 4389 3683 4424 τε

450 4468 737 4541 tyrannica
784 4464 1111 4521 crudelitate
1153 4462 1410 4518 destinati
1449 4470 1504 4515 et
1549 4460 1784 4515 ordinati
1816 4467 2008 4514 erant:

447 4576 511 4615 ac
546 4559 673 4613 talis
707 4557 926 4628 quidem
976 4554 1121 4626 genti
1158 4554 1306 4608 illius
1359 4553 1462 4606 loci
1510 4556 1758 4620 praeerat,
1800 4550 1893 4618 qui
1948 4549 2015 4603 ad

446 4663 674 4721 pravum
724 4646 963 4702 studium
1019 4653 1182 4714 atque
1234 4651 1493 4697 conatum
1535 4640 1669 4695 nihil
1715 4639 2017 4710 superioris

448 4739 736 4813 potestatis
801 4738 1092 4807 indigeret,
1150 4751 1275 4791 cum
1338 4741 1534 4805 suopte
1580 4733 1801 4803 ingenio
1855 4742 2018 4804 atque

447 4840 643 4887 natura
686 4844 884 4891 saevus,
918 4836 973 4882 et
1027 4828 1095 4882 iis
1125 4828 1216 4897 qui
1260 4826 1502 4880 sermoni
1535 4824 1905 4881 credidissent
1942 4827 2020 4880 in-

448 4922 639 4978 fensus
670 4927 816 4976 esset
849 4937 863 4972 :
894 4918 1109 4989 publice
1148 4918 1445 4988 propositis
1477 4917 1677 4971 edictis
1724 4918 1792 4972 ab
1823 4933 1890 4973 eo
1932 4918 2020 4972 de-

447 5011 753 5075 nuntiatur,
794 5008 941 5079 quod
974 5008 1060 5062 vel
1105 5007 1266 5061 ﬁdem
1313 5006 1586 5076 abjurarc,
1639 5008 1721 5062 vel
1751 5006 1897 5062 omni
1925 5023 2017 5078 ge-

447 5118 582 5159 nere
654 5101 1051 5171 suppliciorum
1125 5113 1191 5153 ac
1248 5105 1429 5153 morte
1480 5097 1665 5168 puniri
1720 5107 2018 5169 oporteret.

447 5190 718 5261 Nullaque
754 5205 841 5245 res
882 5189 987 5243 alia
1035 5188 1121 5243 vel
1156 5187 1378 5259 publica
1420 5188 1507 5243 vel
1542 5190 1753 5258 privata
1792 5200 1923 5245 tunc
1953 5192 2022 5247 ab

2117 4466 2214 4521 καὶ
2240 4466 2564 4538 πικρότητα,
2592 4467 2686 4519 καὶ
2711 4467 2813 4538 τὴν
2849 4467 2983 4536 πρὸς
3007 4467 3133 4531 τοὺς
3163 4466 3594 4528 πεπιστευκότας
3612 4463 3686 4533 τῷ

2119 4558 2262 4630 λόγῳ
2298 4558 2649 4629 δυσμένειαν·
2699 4561 2791 4612 καὶ
2824 4560 3032 4626 γίνεται
3066 4559 3194 4629 παρ’
3238 4557 3402 4612 αὐτοῦ
3462 4557 3689 4628 φοϐερὸν

2119 4649 2176 4701 ὲν
2205 4648 2480 4719 δημοσίοις
2509 4649 2858 4720 διατάγμασι,
2889 4650 2950 4703 τὸ
2983 4651 3092 4704 δεῖν
3126 4649 3449 4721 ἐξόμνυσθαι
3480 4651 3577 4720 τὴν
3605 4649 3692 4701 πί-

2124 4757 2261 4808 στιν,
2297 4740 2329 4812 ἢ
2369 4741 2660 4812 τιμωρίαις
2701 4742 3066 4806 παντοδαπαῖς
3106 4742 3200 4797 καὶ
3249 4740 3497 4804 θανάτοις
3529 4741 3690 4795 κολάο

2122 4829 2329 4895 ζεσθαι.
2372 4830 2481 4883 Καὶ
2509 4831 2661 4884 οὐδὲν
2698 4827 2765 4901 ἦν
2801 4831 2987 4903 ἓτερον
3016 4831 3318 4902 τηνικαῦτα
3347 4831 3602 4905 δημόσιόν
3634 4849 3692 4884 τε

2122 4920 2214 4972 καὶ
2245 4919 2371 4973 ἴδιον
2401 4920 2552 4990 παρά
2583 4919 2689 4972 τῶν
2721 4920 2787 4972 τὰ
2816 4921 2967 4975 κοινά
2996 4921 3085 4975 διὰ
3121 4923 3302 4993 χειρὸς
3350 4923 3581 4993 ἐχόντων
3612 4940 3696 4991 γι-

2123 5011 2347 5082 νόμενόν
2380 5029 2440 5064 τε
2476 5013 2571 5066 καὶ
2607 5012 3058 5083 σπουδαζόμενον,
3097 5016 3234 5087 πλὴν
3267 5014 3359 5069 τοῦ
3393 5015 3698 5086 πολιορκεῖν

2122 5122 2181 5158 τε
2236 5105 2330 5158 καὶ
2392 5105 2750 5177 τιμωρεῖσθαι
2810 5108 2935 5170 τοὺς
2996 5109 3391 5180 ἀντεχομένους
3447 5111 3547 5179 τῆς
3607 5108 3700 5161 πί-

2128 5215 2316 5261 στεως.

450 5285 540 5349 iiS,
576 5284 667 5354 qui
705 5283 923 5354 publica
967 5282 1183 5353 negotia
1234 5281 1567 5350 tractabant,
1620 5284 1911 5353 gerebatur
1953 5302 2016 5344 ac
2057 5292 2379 5360 curabatur,
2412 5291 2518 5347 nisi
2552 5299 2612 5346 ut
2647 5301 3029 5363 oppugnarent
3076 5303 3241 5364 atque
3289 5295 3552 5366 punirent
3582 5308 3693 5359 eos,

452 5373 543 5442 qui
577 5371 735 5426 ﬁdem
771 5372 1252 5442 amplecterentur.

524 5463 689 5516 Erant
751 5474 930 5518 autem
987 5477 1096 5517 non
1128 5463 1183 5517 in
1216 5464 1507 5520 verborum
1560 5465 1827 5521 duntaxat
1856 5467 2021 5523 minis

453 5559 718 5611 terrores.
756 5552 849 5607 sed
881 5568 986 5606 una
1019 5567 1143 5607 cum
1164 5553 1250 5608 his
1273 5556 1457 5610 varius
1492 5555 1938 5612 carniﬁcinarum
1967 5567 2021 5614 et

456 5650 850 5698 tormentorum
875 5651 1168 5715 apparatus
1195 5661 1407 5702 omnem
1428 5645 1685 5703 afferebat
1702 5650 2020 5707 concussio-

2197 5468 2305 5526 Ἦν
2336 5473 2392 5525 δὲ
2424 5472 2523 5526 οὐκ
2557 5474 2614 5527 ἐν
2645 5474 2765 5538 ταῖς
2789 5474 2897 5528 τῶν
2928 5474 3233 5546 λεγομένων
3267 5477 3521 5542 ἀπειλαῖς
3543 5478 3704 5549 μόνον

2126 5565 2191 5617 τὰ
2227 5565 2492 5636 φόϐητρα,
2524 5565 2657 5619 ἀλλά
2685 5567 2818 5637 μετὰ
2859 5567 3061 5621 τούτων
3087 5567 3120 5638 ἡ
3162 5568 3378 5639 ποικίλη
3407 5568 3517 5623 τῶν
3548 5570 3705 5623 κολαο

2130 5656 2364 5727 στηρίων
2409 5658 2720 5728 κατασκευὴ
2770 5660 2943 5712 πᾶσαν
2989 5660 3161 5730 ἐπῆγε
3213 5659 3571 5732 κατάπληξιν,
3613 5661 3706 5715 καὶ
