4068 6154
402 325 510 386 943

1326 314 1413 369 DE
1446 314 1609 370 Vl'l'A
1648 312 1706 368 S.
1731 310 2064 369 GREGORH
2099 305 2624 366 THAUMATURGI.

3553 262 3660 358 me

406 435 512 506 πρὸ
537 432 634 502 τῆς
657 430 860 503 πείρας
888 425 1190 499 ἐμποιοῦσα
1206 429 1319 491 τοῖς
1338 426 1645 499 ἀνθρώποις
1671 428 1763 480 τὸν
1792 426 1976 497 φόϐον.

2085 439 2229 487 nem,
2258 423 2419 478 etiam
2447 428 2575 476 ante
2613 418 2919 490 periculum
2950 415 3266 472 hominibus
3306 412 3655 469 formidinem

402 525 542 595 Ξίφη
569 540 628 576 τε
660 523 755 575 καὶ
779 520 912 591 πῦρ,
949 520 1041 573 καὶ
1077 517 1259 590 θηρία,
1290 520 1385 572 καὶ
1406 518 1589 589 βόθροι
1628 519 1721 571 καὶ
1742 518 1810 571 τὰ
1834 533 1982 588 στρε-

403 610 642 664 ϐλωτικὰ
674 607 780 660 τῶν
820 606 998 677 μελῶν
1028 607 1237 677 ὄργανα
1262 624 1275 637 ·
1318 609 1413 660 καὶ⁸
1445 608 1660 679 σιδηραῖ
1704 606 1846 661 κατά
1876 623 1981 659 πυ-

403 703 493 772 ρὸς
538 699 819 772 καθέδραι.
850 700 947 753 καὶ
994 698 1127 764 ξύλα
1161 700 1339 770 ὄρθια,
1376 696 1458 763 οἷς
1502 700 1846 771 ἐντεινόμενα
1871 698 1981 752 τῶν

402 791 772 863 ἐνισταμένων
810 791 881 846 τὰ
918 792 1146 863 σώματα
1183 794 1305 856 ταῖς
1343 791 1451 844 τῶν
1486 790 1732 862 φοϐερῶν
1777 790 1982 860 ὀνύχων

400 880 731 952 προσϐολαῖς
776 880 1154 945 κατεξαίνετο,
1190 881 1297 957 καὶ.
1321 880 1455 933 ἀλλα
1507 880 1676 951 μυρία
1711 879 1847 951 πρὸς
1883 879 1982 938 τὰς

406 969 707 1035 πολυειδεῖς
738 971 1003 1041 βασάνους
1031 971 1141 1025 τῶν
1166 973 1433 1043 σωμάτων
1480 972 1823 1042 ἐξευρημένα
1849 971 1980 1042 παρ’

407 1063 593 1126 αὐτοῖς
618 1065 891 1116 ἐπενοεῖτο
910 1081 924 1095 ·
953 1063 1050 1117 καὶ
1077 1063 1279 1134 σπουδὴ
1300 1065 1413 1127 τοῖς
1444 1063 1553 1117 τῶν
1578 1063 1835 1129 ἐξουσιῶν
1859 1062 1984 1116 τούς

407 1169 515 1206 των
545 1153 965 1223 ἐπειλημμένοις
993 1148 1063 1224 ἦν
1096 1153 1215 1223 μία,
1252 1154 1315 1207 τὸ
1347 1153 1549 1223 μηδένα
1576 1152 1669 1205 τοῦ
1711 1153 1896 1223 ἐτέρου
1924 1154 1982 1206 ἐν

408 1242 680 1313 ὑπερϐολῇ
722 1243 950 1313 πικρίας
992 1243 1363 1314 ἐπιδειχθῆναι
1408 1244 1728 1316 πραότερον.
1781 1245 1890 1298 Καὶ
1930 1247 1980 1298 οἱ

410 1335 508 1406 μὲν
538 1334 915 1405 εἰσήγγελλον·
942 1335 992 1387 οἰ
1031 1335 1089 1388 δὲ
1134 1334 1513 1389 ἐπεδείκνυον·
1547 1337 1598 1387 οἰ
1639 1336 1696 1390 δέ
1739 1338 1982 1407 ἠρεύνων

405 1430 532 1491 τοὺς
582 1428 1016 1499 κεκρυμμένους.
1070 1428 1258 1481 Ἀλλοι
1300 1430 1414 1492 τοῖς
1468 1429 1760 1498 φεύγουσιν
1801 1430 1982 1483 ἐπετίο

406 1519 588 1573 θεντο·
614 1519 763 1574 ἄλλοι
793 1520 849 1573 δὲ
882 1519 1020 1590 πρὸς
1047 1520 1149 1583 τὰς
1184 1523 1405 1591 κτήσεις
1425 1519 1536 1574 τῶν
1566 1520 1776 1574 πιστῶν
1813 1521 1984 1591 ὁρῶν-

405 1623 516 1676 τες,
549 1611 625 1675 ὡς
660 1610 728 1664 ἂν
755 1612 1042 1683 ἐγκρατεῖς
1069 1611 1308 1679 γένοιντο
1349 1611 1457 1665 τῶν
1499 1613 1856 1683 πραγμάτων,
1891 1612 1983 1665 ἐπὶ

405 1703 485 1775 τῷ
536 1704 891 1775 προσχήματι
932 1706 1035 1773 τῆς
1072 1704 1359 1766 εὐσεϐείας
1409 1704 1640 1774 ἡλαυνον
1687 1706 1814 1767 τοὺς
1856 1705 1975 1757 ἀντ-

409 1766 826 1865 εχομένουςντίῆς
856 1766 1112 1859 πίστεως.
1161 1766 1516 1865 Σύγχυσιςυδὲ
1554 1790 1623 1866 ἦν
1661 1766 1810 1849 πάσα
1842 1792 1984 1848 κατά
2013 1766 2054 1821 B

404 1885 468 1937 τὸ
493 1885 643 1948 ἔθνος
680 1886 773 1938 καὶ
812 1885 1096 1956 ἀμηχανία
1140 1884 1331 1956 πολλὴ,
1369 1884 1588 1940 πάντων
1629 1884 1879 1956 ἀλλήλοις
1914 1886 1983 1939 δι’

405 1976 645 2047 ὑποψίας
693 1976 881 2041 ὄντων,
918 1977 979 2031 ού
1029 1975 1268 2046 πατράσι
1300 1978 1400 2049 τῆς
1447 1976 1599 2049 παρὰ
1627 1976 1736 2030 τῶν
1779 1979 1983 2030 τέκνων

406 2068 620 2131 εὐνοίας
659 2070 717 2121 ἐν
746 2072 859 2132 τοῖς
886 2068 1137 2139 φοϐεροῖς
1170 2068 1613 2141 παραμενούσης,
1645 2069 1706 2121 οὐ
1739 2068 1895 2122 παισί¹
1921 2067 1984 2121 τὸ

407 2157 603 2213 πιστὸν
646 2158 745 2229 τῆς
794 2158 1068 2230 πατρικῆς
1115 2159 1438 2230 κηδεμονίας
1491 2159 1843 2230 ἐγγυωμένης
1882 2159 1984 2229 τῆς

404 2249 641 2318 φύσεως.
690 2250 1003 2320 Ἐμερίζετο
1033 2250 1092 2304 δέ
1135 2252 1255 2305 κατ’
1297 2250 1543 2322 ἀλλήλων
1577 2251 1645 2305 τὰ
1680 2252 1811 2322 γένη
1848 2253 1984 2324 πρὸς

404 2340 504 2404 τὰς
535 2340 829 2411 θρησκείας
868 2341 1179 2413 σχιζόμενα.
1212 2343 1322 2396 Καὶ
1365 2346 1495 2407 παῖς
1527 2342 1850 2414 Ἐλληνίζων
1890 2361 1978 2397 πι-

408 2428 549 2481 στῶν
575 2429 779 2496 γονέων
811 2429 1075 2500 προδότης
1103 2429 1330 2497 ἐγίνετοο
1370 2429 1465 2484 καὶ
1499 2428 1642 2483 κατὰ
1671 2428 1859 2492 παιδὸς
1887 2445 1986 2481 πε-

408 2519 761 2583 πιστευκότος
806 2521 864 2574 ἐν
900 2520 1127 2589 ἀπιστίᾳ
1172 2521 1348 2591 μένων
1385 2522 1415 2574 ὁ
1462 2520 1643 2591 πατὴρ
1682 2521 1985 2590 κατήγορος

401 2606 490 2679 ἦν.
541 2608 649 2663 Καὶ
703 2612 928 2680 ἀδελφὸς
968 2616 1033 2666 ἐκ
1073 2612 1175 2681 τῆς
1216 2614 1386 2684 αὑτῆς
1418 2613 1598 2676 αἰτίας
1640 2613 1893 2683 ἐπολέμει
1918 2615 1983 2683 τῇ

405 2699 587 2768 φύσει,
631 2701 778 2754 ὅσιον
827 2701 1027 2771 κρίνων
1057 2702 1149 2756 τὸν
1184 2703 1420 2774 ὁμογενῆ
1463 2702 1902 2774 τιμωρήσασθαι,
1935 2705 1985 2756 εἰ

403 2789 506 2859 τῆς
534 2790 816 2854 εὐσεϐείας
840 2792 1133 2863 ἀντέχοιτο.
1152 2792 1429 2846 Ἐντεῦθεν
1469 2791 1697 2865 πλήρεις
1725 2793 1824 2864 μὲν
1845 2788 1985 2865 ἦσαν

403 2880 463 2933 αἰ
496 2880 719 2952 ἐρημίαι
742 2880 847 2935 τῶν
876 2882 1246 2952 ἐλαυνομένων
1262 2923 1278 2949 ,
1302 2884 1457 2936 κεναὶ
1473 2883 1531 2936 δὲ
1555 2882 1663 2936 τῶν
1684 2883 1987 2955 οἰκητόρων

402 2972 463 3025 αἰ
489 2973 678 3026 οἰκίαι.
712 2973 889 3027 Πολλά
919 2973 977 3027 δὲ
1003 2973 1110 3028 τῶν
1159 2974 1434 3044 δημοσίων
1478 2974 1814 3045 οἰκημάτων,
1863 2977 1985 3039 ταῖς

403 3062 515 3116 τῶν
538 3062 1015 3136 καθειργνυμένων
1046 3064 1382 3119 ἀπετέτακτο
1416 3067 1642 3136 χρείαις.
1685 3067 1760 3120 Οὑ
1788 3062 1984 3138 γὰρῆν
2010 3098 2053 3156 c

408 3156 572 3209 ἰκανὰ
608 3156 674 3211 τὰ
700 3158 1049 3229 δεσμωτήρια
1077 3161 1274 3230 χωρεῖν
1307 3161 1364 3212 ἐν
1395 3162 1609 3223 ἑαυτοῖς
1640 3160 1748 3214 τῶν
1776 3161 1867 3219 διὰ
1886 3161 1984 3232 τὴν

405 3247 593 3302 πίστιν
632 3249 1060 3319 τιμωρουμένων
1100 3250 1163 3302 τὸ
1203 3250 1428 3320 πλῆθος.
1463 3252 1683 3323 ’Δγοραί
1722 3269 1784 3305 τε
1816 3254 1987 3307 πᾶσαι

404 3338 505 3392 καὶ
533 3336 805 3406 σύλλογοι,
834 3339 1003 3393 κοινοί
1036 3357 1095 3395 τε
1122 3342 1215 3395 καὶ
1239 3341 1554 3407 ἰδιάζοντες,
1585 3342 1706 3397 ἀντὶ
1735 3344 1835 3415 τῆς
1864 3360 1988 3398 συν-

407 3429 573 3498 ήθους
615 3430 987 3501 φαιδρότητος,
1012 3432 1112 3497 τὰς
1147 3434 1399 3498 τοιαύτας
1424 3434 1829 3505 μετελάμϐανον
1850 3453 1991 3507 συμ-

406 3517 581 3590 φοράς
599 3559 612 3583 ,
639 3517 748 3573 τῶν
777 3522 875 3591 μὲν
912 3524 1308 3594 ἐφελκομένων,
1351 3525 1457 3580 τῶν
1482 3526 1540 3579 δὲ
1586 3525 1949 3597 ἀπαγομένων
1971 3544 1985 3556 ·

404 3609 583 3664 ἄλλων
607 3611 701 3663 ἐπὶ
722 3614 834 3675 τοῖς
862 3614 1168 3685 γινομένοις
1193 3615 1225 3685 ἢ
1257 3615 1540 3685 γελώντων
1562 3616 1596 3687 ἢ
1623 3615 1983 3687 δακρυόντων

408 3703 472 3757 οὐ
500 3702 709 3771 νηπίων
736 3699 804 3774 ἦν
834 3704 1000 3770 ἕλεος,
1029 3706 1091 3759 οὐ
1130 3709 1262 3777 τιμὴ
1303 3708 1516 3771 πολιᾶς,
1548 3708 1648 3761 οὐκ
1678 3707 1877 3777 ἀρετῆς
1902 3710 1988 3761 αἰ-

408 3791 515 3857 δὼς
542 3793 714 3864 εἰσῄει
746 3797 857 3859 τοῖς
883 3796 1206 3867 δυσμενέσιν
1229 3813 1242 3826 ·
1266 3798 1379 3850 ἀλλ’
1413 3798 1489 3862 ὡς
1527 3801 1584 3850 ἐν
1616 3797 1985 3869 αἰχμαλωσίᾳ,

410 3885 562 3938 πᾶσα
595 3884 783 3955 ἡλικία
813 3889 928 3950 τοῖς
964 3887 1244 3959 πολεμίοις
1267 3889 1366 3960 τῆς
1391 3888 1626 3954 πίστεως
1651 3890 1864 3954 ἔκδοτος
1896 3887 1984 3962 ἦν.

410 3975 544 4029 Οὐδὲ
566 3978 685 4039 ταῖς
716 3977 963 4045 γυναιξὶν
995 3978 1220 4050 ὲδίδουή
1250 3981 1454 4051 φυσικὴ
1477 3978 1573 4033 τοῦ
1607 3981 1798 4050 γένους
1829 3980 1990 4034 ἀσθέ-

412 4084 550 4133 νεια,
580 4069 688 4123 τῶν
726 4068 981 4124 τοιούτων
1017 4071 1271 4139 ἀναγκῶν
1310 4072 1467 4135 ἐκτὸς
1515 4073 1696 4143 μένειν
1717 4089 1730 4103 ·
1765 4072 1878 4126 ἀλλ’
1908 4068 1988 4137 εἷς

408 4154 477 4231 ἦν
498 4160 637 4214 κατὰ
660 4160 874 4215 πάντων
900 4163 928 4214 ὁ
946 4162 1044 4234 τῆς
1073 4162 1353 4233 ὠμότητος
1378 4164 1560 4234 νόμος,
1585 4163 1683 4235 ἰσῳ
1703 4164 1781 4236 τῷ
1804 4165 1988 4237 μέτρῳ

407 4250 509 4319 τῆς
536 4251 802 4322 τιμωρίας
828 4251 936 4305 τῶν
972 4254 1267 4324 γινομένων
1298 4254 1524 4323 ὑπάγων
1556 4255 1645 4309 τὸν
1686 4256 1796 4310 τῶν
1835 4257 1988 4311 εἰδώ-

408 4343 514 4397 λων
541 4344 1008 4416 άλλοτριούμενον,
1054 4346 1129 4416 μὴ
1179 4346 1469 4417 διακρίνων
1501 4347 1600 4418 τὴν
1641 4347 1820 4418 φύσιν.
1853 4349 1986 4403 Τότε

2083 516 2356 585 injiciens.
2405 512 2601 577 Enses,
2634 512 2796 583 ignis,
2830 509 3040 576 bestiae,
3087 508 3310 565 scrobes
3346 513 3401 560 et
3451 504 3654 571 fovere,

2083 609 2210 663 item
2240 608 2629 671 instrumenta,
2657 603 2858 673 quibus
2881 601 3122 657 membra
3151 599 3658 668 constringerentur

2080 705 2137 753 et
2163 702 2572 766 torquerentur,
2613 700 2729 746 tum
2756 692 2945 746 ferreae
2975 691 3123 746 sella:
3165 689 3381 760 ignitae,
3422 695 3538 741 tum
3589 686 3657 740 li-

2082 803 2189 858 gna
2217 794 2423 853 erecta,
2460 786 2514 840 in
2542 784 2745 854 quibus
2780 784 3043 838 stantium
3072 794 3303 850 corpora
3326 779 3455 833 dum
3482 779 3659 834 inten-

2082 880 2363 941 derentur,
2397 877 2725 931 terribilium
2778 874 3071 945 unguium-
3095 872 3351 927 violentis
3393 870 3660 925 admotio-

2082 971 2251 1026 nibus
2303 969 2698 1029 lacerarentur,
2735 975 2895 1036 atque
2941 965 3046 1019 alia
3095 964 3223 1019 item
3267 964 3557 1018 innumera
3591 962 3656 1015 ad

2085 1062 2234 1116 varia
2282 1072 2575 1129 corporum
2628 1065 2900 1112 tormenta
2940 1055 3213 1125 exquisita
3243 1055 3312 1110 ab
3344 1055 3411 1110 iis
3441 1053 3661 1123 excogi-

2085 1159 2342 1207 tabantur
2378 1168 2390 1204 :
2416 1166 2481 1206 ac
2509 1149 2750 1206 studium
2782 1148 2986 1218 iis,qui
3011 1162 3105 1203 eas
3145 1154 3446 1217 potestates
3470 1159 3662 1201 susce—

2084 1252 2297 1316 perant,
2329 1259 2501 1298 unum
2532 1250 2690 1305 erat,
2728 1256 2796 1296 ne
2847 1239 3139 1310 quisquam
3181 1237 3338 1292 alteri
3383 1236 3661 1293 secundus

2083 1334 2472 1407 exsuperantia
2526 1332 2747 1388 saevitiae
2806 1330 2993 1385 mitior
3050 1328 3352 1384 videretur.
3388 1325 3525 1381 Nam
3568 1327 3661 1381 alii

2082 1427 2302 1497 quidem
2335 1423 2685 1490 deferebant,
2719 1422 2814 1476 alii
2853 1436 2984 1476 vero
3018 1418 3494 1481 demonstrabant,
3518 1431 3662 1471 non-

2084 1518 2221 1573 nulli
2265 1510 2391 1572 item
2428 1515 2634 1571 celatos
2664 1522 2719 1568 et
2743 1513 3047 1568 occultatos
3080 1508 3490 1571 scrutabantur,
3534 1522 3663 1577 pars

2085 1605 2418 1675 fugientibus
2443 1604 2742 1664 instabant,
2769 1600 3022 1655 nonnulli
3048 1599 3179 1654 item
3213 1596 3664 1668 possessionibus

2086 1696 2326 1751 ﬁdelium
2364 1693 2641 1749 inhiantes
2687 1706 2798 1759 quo
2831 1690 3142 1760 potirentur
3164 1702 3376 1754 earum,
3402 1686 3506 1741 sub
3528 1701 3665 1757 prae-

2084 1798 2234 1843 textu
2265 1785 2489 1856 pietatis
2524 1783 2797 1839 vexabant
2834 1790 2890 1837 et
2934 1780 3286 1851 exagitabant
3317 1794 3434 1845 eos,
3472 1778 3565 1848 qui
3602 1778 3665 1831 ﬁ-

2083 1879 2206 1932 dem
2239 1877 2722 1946 amplecterentur.
2766 1874 2847 1929 Ac
2866 1886 3083 1929 summa
3115 1880 3236 1926 erat
3267 1871 3323 1925 in
3347 1877 3507 1942 gente
3528 1884 3665 1924 con-

2085 1969 2229 2025 fusio
2271 1984 2574 2040 magnaque
2625 1966 2939 2038 trepidatio,
2981 1963 3238 2037 omnibus
3272 1962 3414 2018 inter
3460 1978 3520 2017 se
3561 1978 3661 2017 su-

2084 2060 2306 2129 spectis,
2340 2074 2449 2113 non
2477 2057 2727 2128 patribus
2768 2056 3004 2111 ﬁliorum
3043 2053 3422 2111 benevolentia
3462 2054 3518 2107 in
3547 2052 3664 2109 dis-

2084 2150 2414 2206 criminibus
2462 2159 2626 2219 atque
2677 2148 2935 2218 periculis
2967 2155 3338 2216 permanente,
3380 2160 3491 2199 non
3532 2144 3663 2199 ﬁliis

2084 2242 2247 2298 ﬁdam
2276 2250 2559 2312 paternam
2588 2240 2930 2296 curationem
2977 2238 3282 2309 spondente
3310 2247 3529 2292 natura.
3555 2236 3663 2294 Sed

2086 2335 2304 2389 familize
2325 2341 2491 2404 atque
2530 2332 2887 2403 cognationes
2911 2331 3032 2386 aliae
3083 2332 3154 2387 ab
3197 2331 3322 2386 aliis
3355 2330 3412 2384 in
3439 2329 3661 2400 religio-

2084 2442 2214 2481 num
2246 2433 2429 2481 sectas
2470 2425 2710 2480 diductae
2741 2423 3104 2480 dissidebant.
3137 2422 3216 2478 Ac
3262 2422 3410 2477 ﬁlius
3444 2422 3665 2478 Graeco-

2086 2533 2208 2572 rum
2245 2532 2464 2573 errores
2498 2516 3118 2587 amplectens,ﬁdelium
3141 2523 3439 2586 parentum
3479 2514 3667 2585 prodi-

2086 2617 2194 2674 tor,
2229 2609 2326 2663 ﬁlii
2356 2608 2514 2664 ﬁdem
2548 2609 2783 2679 amplexi
2807 2617 2963 2679 pater
2992 2609 3048 2663 in
3082 2608 3406 2663 inﬁdelitate
3436 2622 3665 2663 manens

2086 2708 2377 2756 accusator
2405 2709 2543 2755 erat.
2569 2699 2762 2756 Frater
2809 2701 2938 2755 item
2968 2700 3159 2756 eadem
3184 2699 3254 2755 de
3297 2714 3468 2755 causa
3499 2706 3659 2754 natu-

2086 2809 2205 2848 ram
2235 2793 2609 2864 oppugnabat,
2638 2792 2721 2847 fas
2754 2807 2878 2848 esse
2912 2792 3167 2862 judicans
3193 2807 3227 2846 a
3256 2793 3664 2863 consanguineo

2085 2899 2277 2956 pmnas
2322 2894 2594 2954 expetere,
2646 2884 2691 2937 si
2728 2884 2982 2953 pietatem
3030 2883 3476 2954 amplecteretur.
3526 2881 3665 2938 liinc

2088 2977 2257 3045 plenae
2271 2976 2494 3047 quidem
2516 2975 2840 3030 solitudines
2872 2981 3030 3029 erant
3054 2989 3267 3041 eorum,
3285 2974 3380 3044 qui
3398 2974 3664 3044 (suspecti

2086 3069 2419 3145 accusative)
2455 3067 2863 3139 profugissem:
2895 3082 3066 3123 vacua
3089 3083 3219 3122 vero
3253 3074 3416 3137 atque
3448 3066 3665 3123 deserta

2088 3163 2158 3216 ab
2189 3160 2593 3216 habitatoribus
2624 3159 2901 3213 domicilia
2931 3166 3092 3214 erant
3121 3160 3333 3213 :multa
3366 3158 3495 3212 item
3527 3158 3664 3212 mdi-

2088 3254 2211 3309 ﬁcia
2260 3269 2451 3310 eorum
2518 3252 2612 3322 qui
2666 3252 2902 3307 vinculis
2961 3260 3349 3307 coercerentur
3380 3291 3394 3316 ,
3427 3249 3665 3320 publicis

2090 3346 2282 3402 usibus
2332 3345 2610 3401 destinata
2651 3352 2830 3399 erant.
2863 3344 3128 3399 Carceres
3181 3344 3330 3398 enim
3360 3356 3556 3412 capere
3608 3340 3664 3395 in

2087 3452 2209 3492 sese
2239 3451 2347 3492 non
2384 3442 2638 3505 poterant
2672 3448 2864 3489 eorum
2926 3433 3353 3498 multitudinem,
3390 3434 3486 3503 qui
3534 3446 3663 3501 pro-

2086 3536 2207 3598 pter
2265 3527 2424 3582 ﬁdem
2461 3527 2805 3596 punirentur,
2834 3527 3129 3594 omniaque
3160 3522 3280 3578 fora
3318 3530 3485 3593 atque
3526 3538 3665 3577 con-

2087 3625 2285 3674 ventus
2318 3626 2427 3671 tam
2486 3617 2686 3687 publici
2725 3633 2890 3688 quam
2947 3616 3185 3687 privati,
3246 3630 3348 3685 pro
3390 3621 3664 3670 consueta

2089 3711 2364 3765 hilaritate
2386 3717 2553 3780 atque
2584 3710 2770 3764 laetitia
2804 3706 3076 3778 ejusmodi
3123 3706 3356 3762 invicem
3383 3721 3547 3761 casus
3581 3715 3667 3760 at—

2087 3818 2194 3873 que
2226 3800 2567 3856 calamitates
2592 3800 2957 3870 accipiebant,
2986 3812 3113 3853 cum
3147 3797 3239 3853 alii
3268 3796 3486 3869 quidem
3528 3798 3667 3853 arri-

2087 3902 2351 3965 perentur
2373 3933 2387 3958 ,
2438 3893 2531 3947 alii
2588 3907 2719 3947 vero
2770 3890 3210 3956 abducerentur,
3241 3889 3426 3944 caeteri
3458 3890 3541 3945 ob~
3577 3905 3663 3950 ea.

2087 4002 2210 4057 qua:
2264 3987 2475 4051 ﬁerent,
2517 3985 2603 4040 vel
2641 3984 2887 4040 riderent
2915 3985 2996 4039 vel
3048 3984 3483 4055 lacrymarentur
3514 4001 3527 4036 :
3555 3997 3665 4037 non

2087 4078 2462 4133 misericordia
2495 4076 2810 4142 infantium,
2859 4090 2968 4131 non
3021 4075 3199 4132 honor
3243 4074 3465 4131 canitiei
3498 4115 3513 4140 ,
3551 4091 3663 4129 non

2087 4167 2308 4222 virtutis
2354 4166 2685 4222 verecundia
2735 4167 2792 4221 in
2836 4175 3078 4223 mentem
3113 4167 3368 4222 veniebat
3412 4165 3664 4228 infensis,

2088 4260 2185 4316 sed
2229 4267 2493 4330 tanquam
2540 4260 2598 4314 in
2640 4258 2777 4314 urbe
2804 4268 2966 4331 capta
3011 4259 3195 4317 omnis
3224 4268 3358 4315 aetas
3412 4259 3666 4314 hostibus

2088 4351 2214 4408 ﬁdei
2246 4352 2404 4421 quasi
2441 4351 2688 4407 dedititia
2717 4358 2881 4422 atque
2914 4352 3148 4406 obnoxia
3176 4360 3313 4407 erat.
3345 4348 3423 4402 Ne
3469 4350 3665 4403 mulie-

408 4429 501 4488 οὖν
533 4435 657 4490 ἰδὼν
682 4437 709 4488 ὁ
741 4439 913 4507 μέγας
938 4438 1141 4501 ἐκεῖνος
1162 4439 1259 4509 τῆς
1280 4438 1626 4509 ἀνθρωπίνης
1650 4438 1865 4509 φύσεως
1883 4441 1986 4513 τὴν

2088 4459 2209 4500 rum
2248 4444 2466 4514 quidem
2515 4445 2753 4499 naturali
2798 4460 2964 4501 sexus
2992 4443 3297 4499 inﬁrmitati
3341 4439 3653 4510 indulgeba-

407 4526 710 4590 ἀσθένειαν,
751 4528 826 4591 ὡς
856 4529 916 4582 οὐ
947 4530 1259 4601 δυναμένων
1291 4530 1400 4583 τῶν
1442 4530 1654 4585 πολλῶν
1697 4532 1860 4604 μέχρι
1888 4532 1983 4588 τοῦ

410 4618 642 4673 θανάτου
686 4621 787 4690 τῆς
822 4621 1105 4685 εὐσεϐείας
1150 4622 1650 4693 προαγωνίσασθαι,
1685 4623 1986 4695 σύμϐουλος

316 4794 317 4797 η
407 4711 617 4779 γίνεται
644 4713 712 4782 τῇ
756 4711 1050 4782 Ἐκκλησία
1078 4715 1271 4784 μικρὸν
1301 4714 1655 4784 ὑποχωρῆσαι
1678 4717 1744 4787 τῇ
1780 4716 1986 4787 φοϐερᾷ

408 4803 706 4875 προσϐολῇ,
751 4805 995 4872 κρεῖττον
1041 4799 1178 4859 εἶναι
1210 4805 1511 4875 ἡγούμενος
1543 4805 1631 4859 διὰ
1675 4808 1851 4878 φυγῆς
1886 4807 1984 4870 τὰς

407 4896 584 4967 ψυχὰς
610 4895 791 4949 αὐτῶν
836 4894 1266 4966 περισώσασθαι,
1294 4898 1325 4968 ἢ
1356 4898 1597 4959 ἑστῶτας
1625 4898 1717 4952 ἐπὶ
1752 4901 1850 4970 τῆς
1876 4899 1985 4954 τῶν

407 4985 636 5056 ἀγώνων
681 4985 1059 5055 παρατάξεως,
1101 4985 1457 5051 λιποτάκτους
1482 4989 1735 5057 γενέσθαι
1769 4992 1866 5060 τῆς
1894 4991 1985 5044 πί-

409 5093 614 5141 στεως·
665 5077 761 5129 καὶ
791 5074 866 5138 ὡς
893 5074 959 5128 ἂν
1013 5075 1244 5145 μάλιστα
1291 5078 1557 5133 πεισθεῖεν
1587 5080 1637 5135 οἱ
1684 5080 1980 5153 ἂνθρωποι,

412 5169 615 5237 μηδένα
646 5169 893 5223 κίνδυνον
920 5167 1106 5239 φέρειν
1147 5170 1213 5239 τῇ
1248 5168 1415 5240 ψυχῇ,
1453 5171 1513 5224 τὸ
1549 5171 1647 5243 τὴν
1674 5172 1855 5227 πίστιν
1896 5174 1985 5227 διὰ

410 5262 587 5331 φυγῆς
641 5258 1069 5332 περισώσασθαι,
1098 5259 1177 5327 τῷ
1211 5259 1332 5312 καθ’
1368 5260 1558 5315 ἑαυτὸν
1604 5262 1979 5334 ὑποδείγματι,

411 5351 710 5423 σύμϐουλος
730 5352 829 5422 τῆς
862 5352 1262 5423 ἀναχωρήσεως
1282 5352 1527 5422 γίνεται·
1560 5354 1722 5419 αὐτὸς
1751 5355 1858 5425 πρὸ
1876 5355 1984 5408 τῶν

408 5443 583 5498 ἄλλων
624 5445 983 5516 ἀναχωρήσας
1026 5446 1093 5515 τῇ
1132 5443 1226 5497 τοῦ
1279 5444 1522 5497 κινδύνου
1565 5448 1737 5517 φορᾷ·
1775 5448 1891 5516 ἅμα
1927 5447 1983 5500 δὲ

411 5537 506 5588 καὶ
532 5532 689 5585 τοῦτο
718 5537 829 5597 τοῖς
864 5535 1124 5607 κρατοῦσι
1157 5535 1245 5588 διὰ
1278 5536 1511 5606 σπουδῆς
1549 5538 1781 5607 μάλιστα
1806 5534 1894 5609 ἦν,
1924 5538 1985 5591 τὸ

409 5626 477 5679 δι’
504 5625 712 5678 ἐκείνου
750 5627 998 5698 καθάπερ
1050 5626 1357 5699 στρατηγοῦ
1405 5628 1776 5697 χειρωθέντος,
1803 5631 1984 5685 πᾶσαν

413 5716 657 5771 διαλῦσαι
708 5718 805 5786 τῆς
856 5719 1086 5785 πίστεως
1122 5720 1220 5791 τὴν
1273 5718 1600 5790 παράταξιν,
1657 5723 1749 5776 καὶ
1795 5721 1980 5776 τούτου

2091 4546 2201 4600 tur,
2237 4543 2295 4590 ut
2323 4535 2595 4605 ejusmodi
2629 4537 2891 4607 periculis
2934 4543 3197 4603 exempla:
3228 4539 3529 4595 manerent,
3565 4530 3660 4584 sed

2090 4641 2196 4681 una
2247 4626 2512 4681 adversus
2553 4641 2746 4681 omnes
2778 4624 3124 4679 crudelitatis
3159 4630 3275 4676 erat
3309 4620 3412 4683 lex,
3468 4621 3660 4675 eodem

2086 4729 2264 4784 parum
2306 4714 2487 4776 modo,
2516 4714 2670 4767 nullo
2722 4711 3041 4767 discrimine
3093 4725 3257 4766 sexus
3290 4709 3503 4778 habito,
3532 4709 3663 4762 sub-

2082 4802 2282 4873 jiciens
2309 4817 2433 4857 eum
2479 4802 2575 4872 qui
2626 4815 2657 4854 a
2695 4799 3007 4856 simulacris
3062 4807 3204 4857 esset
3240 4799 3475 4853 alienus.
3505 4798 3663 4851 Tunc

2086 4907 2315 4962 magnus
2375 4892 2467 4947 ille
2520 4892 2625 4955 vir,
2676 4890 3057 4946 animadversa
3106 4899 3269 4960 atque
3316 4888 3661 4944 considerata

2089 4984 2465 5040 imbecillitate
2519 4991 2583 5038 et.
2606 4983 2904 5054 fragilitate
2951 4983 3204 5038 humana:
3254 4991 3486 5044 naturas,
3512 4982 3659 5052 quod

2087 5075 2333 5145 plerique
2361 5090 2470 5130 non
2494 5084 2719 5145 possent
2743 5089 2918 5144 usque
2963 5074 3031 5129 ad
3062 5082 3296 5128 mortem
3335 5089 3432 5143 pro
3460 5075 3661 5143 pic-tate

2086 5170 2390 5232 decertare,
2432 5178 2623 5225 auctor
2664 5169 2929 5224 Ecclesiae
2965 5168 3044 5235 ﬁt,
3078 5177 3137 5223 ut
3170 5170 3467 5225 terribilem
3500 5171 3655 5223 illum

2088 5263 2349 5330 impetum
2388 5270 2555 5330 atque
2582 5262 2866 5316 incursum
2902 5261 3182 5331 paulisper
3218 5261 3542 5324 declinaret,
3575 5276 3660 5317 sa-

2086 5354 2196 5407 tius
2226 5368 2347 5407 esse
2372 5352 2580 5407 ducens
2625 5367 2719 5422 per
2741 5352 2927 5421 fugam
2970 5352 3185 5407 animas
3207 5367 3395 5406 eorum
3425 5354 3656 5415 servari,

2085 5461 2247 5515 quam
2288 5452 2495 5500 stantes
2527 5444 2582 5498 in
2618 5444 2735 5499 acie
2775 5444 3139 5497 certaminum
3184 5452 3349 5512 atque
3379 5444 3656 5512 periculo-

2087 5556 2203 5593 rum
2241 5537 2364 5593 ﬁdei
2399 5537 2512 5590 ﬁeri
2537 5536 2845 5592 desertores
2878 5552 2892 5589 :
2928 5551 2991 5590 ac
3015 5552 3123 5605 quo
3156 5536 3393 5591 maxime
3418 5537 3656 5592 homini-

2087 5632 2188 5685 bus
2237 5629 2678 5700 persuaderetur,
2715 5629 2924 5683 nullum
2964 5627 3161 5681 animae
3216 5627 3524 5696 periculum
3576 5627 3649 5682 af-

2091 5723 2247 5788 ferre,
2275 5723 2320 5778 si
2351 5721 2429 5777 vel
2467 5737 2563 5793 per
2591 5722 2770 5792 fugam
2796 5720 2919 5792 quis
2974 5720 3132 5777 ﬁdem
3160 5730 3530 5785 conservaret,
3553 5732 3653 5775 suo
