4068 6154
401 280 503 338 947
1676 264 1745 318 S.
1782 258 2007 317 GREGO

2050 258 2116 314 ill
2153 254 2450 312 NYSSENI
3550 239 3656 295 ςιδ

399 397 648 469 exemplo
677 403 870 451 auctor
913 388 1199 448 secedendi
1230 387 1309 449 ﬁt,
1350 386 1464 456 ipse
1491 391 1619 440 ante
1664 382 1801 437 alios
1826 395 1976 437 sece-
2002 432 2005 442 ,

2077 378 2235 450 χάριν
2271 377 2476 431 ἐκεῖνον
2505 371 2610 427 ὑπὸ
2634 371 2793 443 χεῖρα
2824 362 3155 436 ποιήσασθαι
3192 359 3306 422 τοῖς
3336 354 3550 428 ἐχθροῖς
3583 354 3661 407 δι-

401 491 583 548 dendo
629 485 858 559 periculi
920 484 1180 552 impetum
1238 478 1494 534 devitans
1535 491 1546 525 :
1596 474 1762 532 simul
1793 480 1976 528 autem

830 485 858 539 li
920 484 1180 552 impetum
1238 478 1546 534 devitans:
1596 474 1762 532 simul
1793 480 1976 528 autem
2085 469 2436 524 εσπούδαστο.

401 586 568 641 etiam
602 538 705 636 hbe
736 580 805 634 iis
833 579 925 648 qui
951 590 1132 631 rerum
1164 573 1534 644 potiebantur,
1564 568 1811 624 maximo
1849 566 2033 623 studio
2059 574 2200 627 erat,
2223 573 2284 619 ut
2308 564 2402 619 illo
2434 569 2695 631 tanquam
2727 556 2867 612 duce
2892 557 3054 623 capto
3080 559 3300 605 omnem
3332 542 3455 597 ﬁdei
3484 538 3660 595 aciem

402 676 691 732 funderent
722 685 785 726 ac
818 646 1172 739 dissiparem,
1214 674 1378 734 atque
1408 663 1615 718 idcirco
1646 660 1855 715 inimici
1884 656 2297 720 annitebantur,
2324 663 2384 711 ut
2411 656 2567 711 illum
2593 651 2908 721 redigerent
2931 646 2988 700 in
3015 646 3367 711 potestatem.

471 772 540 824 At
572 769 662 823 ille
682 782 789 822 una
814 781 936 821 cum
960 744 1027 819 ἕο
1045 777 1206 832 quem
1229 762 1301 817 ab
1321 759 1480 814 initio
1498 758 1567 814 ad
1586 757 1746 812 ﬁdem
1766 770 1834 810 ex
1855 753 1986 810 azdi-

2162 754 2222 808 ’0
2258 753 2315 806 δὲ
2338 747 2405 823 ἦν
2429 748 2632 823 ἔρημόν
2653 761 2775 799 τινα
2796 737 3118 797 καταλαϐὼν
3142 730 3355 803 λοφιὰν,
3382 727 3520 832 έλχων
3541 721 3661 832 pali:

401 870 496 913 tuo
531 858 855 921 adduxerat,
896 853 1111 910 diaconi
1143 853 1255 923 jam
1297 865 1524 907 munere
1564 849 1847 919 fungente,
1872 847 1988 901 col-

2082 842 2275 898 ἑαυτοῦ
2309 815 2402 895 τόν
2428 815 2493 894 ἐκ
2515 815 2788 909 ⁷νεωκόρου
2817 832 2937 888 κατ’
2975 826 3150 901 ἀρχὰς
3182 817 3556 923 προσαχθέντα
3592 815 3660 883 τῇ

403 952 509 1005 lem
543 950 835 1021 quemdam
868 950 1145 1004 desertum
1179 952 1575 1015 occupaverat;
1601 948 1985 1010 persecutores

2083 939 2286 997 πίστει,
2317 935 2417 1006 ἥδη
2450 935 2515 1004 τῇ
2544 907 2728 1003 χάριτι
2757 927 2857 996 τῆς
2892 919 3165 981 διακονίας
3197 907 3660 1021 ὑπηρετούμκενέν.

408 997 509 1005 --υ-
546 997 835 1021 sum“.--
872 997 1144 1004 -σ-υ---η
1187 997 1345 1015 "nr
1438 997 1448 999 -
1561 997 1575 1009 ,
1606 997 1618 1010 .
1654 997 1660 998 γ

406 1052 587 1099 autem
628 1042 829 1097 indicio
858 1039 1144 1108 cujusdam
1175 1037 1353 1092 edocti
1378 1051 1487 1106 quo
1516 1035 1573 1089 in
1615 1033 1738 1087 loco
1769 1032 1985 1096 lateret,

2083 1031 2204 1085 Τῶν
2248 1029 2305 1083 δὲ
2679 1022 2800 1076 κατ’
2836 1018 2981 1089 ῐχνος
3032 1009 3314 1081 ἑπομένων
3363 1005 3423 1057 ὲν
3469 997 3664 1108 πλήθει

407 1148 604 1204 magna
639 1089 986 1186 multitudine
1021 1127 1267 1197 vestigiis
1306 1089 1636 1180 inhaerentes
1672 1138 1686 1173 :
1729 1122 1824 1175 alii
1863 1120 1989 1190 qui-

2085 1123 2285 1195 πολλῷ,
2321 1119 2660 1192 μηνύσαντος
2679 1116 2861 1176 αὐτοῖς
2897 1111 2988 1165 τὸν
3024 1107 3188 1161 τόπον
3220 1100 3367 1164 τινὸς
3391 1089 3510 1165 ένῷ
3535 1111 3666 1148 κατ-

407 1225 528 1279 dem
567 1223 846 1279 radicibus
878 1221 1033 1276 collis
1063 1218 1450 1274 circumsessis
1490 1214 1878 1277 observabant,
1914 1228 1983 1267 ne

2087 1189 2393 1287 expéir'ceto
2411 1230 2424 1244 ’
2455 1212 2506 1264 οἱ
2537 1210 2636 1280 μὲν
2677 1210 2734 1260 ὲν
2766 1204 2952 1273 κύκλῳ
2976 1201 3075 1271 τὴν
3134 1195 3427 1287 ὑπώρειαν*
3452 1191 3551 1259 τῆς
3566 1189 3666 1287 ,λοῖ

406 1333 538 1388 qua,
574 1316 620 1371 si
663 1316 844 1385 fugam
875 1318 1172 1375 tentasset,
1200 1309 1432 1364 evadere
1477 1308 1653 1378 possit
1685 1325 1700 1373 ;
1727 1306 1978 1361 nonnulli

2091 1272 2218 1377 φιδις
2236 1272 2579 1362 διαλαϐόντες
2600 1272 3080 1366 ὲφύλαττον,ίόπως
3098 1286 3163 1340 ἂν
3184 1278 3495 1388 μηδαμόθεν
3520 1272 3667 1388 αύτὲ

576 1367 619 1371 --
664 1367 752 1385 ηυ
1162 1367 1172 1375 .
1478 1367 1493 1378 _
1687 1367 1698 1373 .

406 1425 559 1473 vero,
602 1407 696 1477 qui
729 1411 967 1459 montem
1004 1403 1313 1465 subierant,
1336 1402 1390 1454 in
1442 1400 1701 1455 omnibus
1737 1398 1984 1468 partibus

2091 1367 2303 1466 γένοιτο
2335 1393 2639 1463 διαφυγεῖν,
2695 1388 2854 1459 εἴπερ
2886 1387 2966 1448 είς
3006 1381 3166 1434 τοῦτο
3208 1373 3484 1476 τραπείηῖ
3520 1369 3571 1422 οἱ
3611 1367 3667 1420 δὲ

409 1506 744 1562 scrutantes,
774 1497 887 1568 jam
919 1509 1118 1565 magno
1150 1494 1230 1547 illi
1258 1501 1416 1548 erant
1466 1493 1522 1547 in
1559 1499 1858 1560 conspectu
1900 1505 1992 1545 re—

2095 1460 2531 1560 izpocﬁdwsgvtip
2560 1484 2696 1554 ϐρει,
2722 1477 2866 1533 κατὰ
2895 1477 3004 1529 πᾶν
3041 1471 3204 1568 μέρος
3231 1460 3665 1568 διερευνώμενοι,

410 1602 498 1647 rta
527 1593 593 1647 ad
619 1605 742 1645 eum
779 1589 1098 1645 subeuntes.
1128 1586 1225 1641 llle
1259 1600 1388 1639 vero
1420 1585 1675 1639 comitem
1712 1584 1983 1647 hortatus,

2094 1549 2196 1653 ἤδη
2245 1549 2579 1647 καταφανεῖς
2596 1549 2854 1642 *ἐγίνοντο
2897 1565 2979 1637 τῷ
3026 1560 3270 1653 μεγάλῳ,
3305 1554 3426 1653 κατῖ
3457 1549 3668 1653 εὐθεῖαν

413 1696 472 1740 ιιι
506 1685 658 1739 ﬁrma
682 1693 845 1752 atque
875 1679 1180 1735 indubitata
1210 1692 1336 1747 erga
1375 1676 1541 1731 Deum
1572 1676 1770 1731 ﬁducia
1810 1677 1991 1731 consi-

2064 1738 2065 1741 η
2262 1644 2425 1726 αὐτὸν
2454 1665 2862 1737 ἀνατρέχοντες.
2909 1660 3147 1718 Ἐκεῖνος
3177 1654 3232 1707 δὲ
3254 1644 3670 1752 διακελευσάμε-

682 1725 845 1752 ..-Ὶυν
877 1725 1180 1735 ...μη-η.
1214 1725 1336 1747 --οη
1378 1725 1540 1731 _------
1574 1725 1770 1731 __-__-__

413 1782 600 1837 steret,
638 1775 798 1842 eique
827 1771 1057 1827 salutem
1116 1768 1502 1828 committeret,
1531 1766 1781 1821 similiter
1833 1776 1996 1835 atque

2063 1735 2067 1771 ἰ
2096 1725 2185 1830 νός
2207 1725 2284 1836 τῷ
2317 1764 2433 1834 μετ’
2456 1725 2867 1826 αὐτού,’στερεᾷ
2899 1770 2959 1805 τε
2994 1749 3088 1804 καὶ
3129 1743 3441 1811 ἀδιστάκτῳ
3467 1740 3669 1837 ’τῇ-πε-

415 1871 531 1938 ipse
562 1867 786 1930 faceret,
820 1877 1015 1917 manus
1042 1861 1109 1915 ad
1141 1861 1447 1915 orationem
1476 1859 1799 1923 extendens,
1824 1873 1888 1913 ac
1928 1875 1995 1913 ue

2096 1827 2346 1929 ποιθήσει
2384 1854 2576 1923 στῆναι
2615 1848 2750 1920 πρὸς
2783 1847 2875 1900 τὸν
2905 1843 3059 1905 Θεὸν,
3100 1838 3195 1893 καὶ
3240 1827 3671 1938 καταπιστεύσαι

416 1963 461 2016 si
502 1975 674 2032 prope
709 1955 929 2028 quidem
988 1961 1373 2025 persecutores
1423 1952 1811 2014 accessissent,
1846 1959 1994 2007 metu

2096 1949 2197 2019 τὴν
2224 1921 2500 2018 σωτηρίαν
2528 1940 2700 2011 αὐτῷ,
2731 1938 2832 2001 τὰς
2865 1937 3052 2007 χεῖρας
3081 1932 3161 1994 εἰς
3198 1923 3507 2031 προσευχην
3540 1921 3668 1974 ἀνα·-

418 2051 574 2106 ﬁdem
625 2062 914 2105 excussam
968 2044 1294 2115 projiceret,
1350 2042 1660 2112 exemplum
1712 2043 1834 2112 ejus
1889 2043 1994 2107 rei,

2100 2015 2500 2104 ’τε-ἔναντα,κώ¹
2525 2033 2659 2106 μηδὲ
2688 2033 2739 2086 εἰ
2772 2027 3001 2100 πλησίον
3030 2023 3274 2093 γένοιντο
3296 2019 3348 2072 οἱ
3388 2015 3671 2115 διώκοντες

415 2156 578 2213 quam
619 2139 971 2210 praecipiebat
1003 2136 1239 2191 diacono
1269 2134 1512 2206 seipsum
1540 2135 1839 2204 praebebat,
1869 2148 1996 2189 cum

2100 2130 2498 2205 ἐκκρουσθῆναι
2632 2123 2783 2194 φόϐῳ
2812 2120 2910 2191 τὴν
2940 2118 3142 2171 πίστιν·
3167 2111 3476 2213 ὑπόδειγμα
3501 2103 3670 2173 δὲτῆῖ

414 2198 471 2290 et
531 2198 1022 2299 immotis-oculis,
1053 2239 1108 2287 et
1161 2198 1641 2300 passis-manibus
1697 2234 1753 2283 et
1803 2227 1995 2283 habitu

2098 2198 2474 2296 παραγγελίας
2512 2217 2704 2272 ἑαυτὸν
2742 2213 2914 2268 ἐποίει
2950 2209 3030 2280 τῷ
3065 2205 3332 2274 διακόνῳ,
3377 2198 3587 2300 βλέπων
3615 2211 3672 2248 τε

417 2326 591 2380 arduo
631 2333 796 2395 atque
839 2331 1029 2379 erecto
1079 2288 1281 2377 cwlum
1341 2321 1672 2377 intueretur.
1726 2320 1906 2390 Atque
1941 2320 1995 2375 hi

2100 2288 2238 2389 πρδς
2264 2288 2492 2385 ούρανὸν
2531 2305 2931 2380 ἀμετατρέπτῳ
2959 2303 3188 2372 ὄμματι,
3221 2295 3317 2350 καὶ
3351 2288 3673 2359 τεταμέναις

416 2416 636 2488 quidem
670 2416 786 2469 haec
841 2413 1110 2485 agebant;
1146 2412 1225 2466 illi
1269 2426 1426 2474 vero,
1462 2411 1556 2482 qui
1592 2409 1658 2464 ad
1711 2382 1837 2465 eum
1870 2424 2000 2466 eva-

2099 2382 2217 2474 τάῖς
2250 2382 2436 2480 χερσὶν
2461 2408 2519 2459 ἐν
2549 2402 2716 2476 ὀρθίῳ
2746 2399 2824 2470 τῷ
2855 2398 3116 2469 σχήματι·
3149 2391 3245 2446 καὶ
3275 2390 3324 2443 οἱ
3358 2386 3455 2459 μὲν
3477 2386 3534 2437 ὲν
3556 2382 3677 2436 τοὺ-

415 2515 624 2568 serant,
651 2522 776 2562 cum
813 2478 991 2561 locum
1024 2514 1196 2560 totum
1249 2478 1704 2574 perlustrassent,
1751 2511 1805 2558 et
1861 2502 1999 2556 inibi

2100 2523 2213 2569 τοις
2232 2478 2393 2575 ἦσαν.
2427 2502 2491 2556 0i
2515 2500 2572 2554 δὲ
2596 2498 2732 2570 πρὸς
2752 2496 2950 2558 αὐτοὺς
2974 2487 3398 2560 ἀναδραμόντες,
3429 2478 3676 2575 πανταχῆ

415 2600 601 2655 omnia
634 2600 854 2654 dumeta
923 2605 1087 2668 atque
1140 2597 1398 2657 arbusta,
1419 2595 1604 2649 omnia
1632 2592 2001 2665 prominentia

2100 2597 2194 2650 τὸν
2250 2593 2414 2648 τόπον
2468 2587 2963 2661 περισκεψάμενοι,
3024 2581 3116 2636 καὶ
3177 2578 3359 2632 πᾶσαν
3424 2572 3678 2625 ἔνστασιν

417 2707 575 2757 saxa,
617 2707 807 2747 omnes
833 2704 1099 2745 cavernas
1140 2689 1471 2759 voraginum
1506 2702 1631 2742 cum
1670 2701 1886 2743 summa
1919 2685 2003 2741 di-

2105 2688 2330 2760 θάμνου,
2357 2686 2452 2740 καὶ
2481 2686 2660 2737 πᾶσαν
2690 2680 2893 2751 πέτρας
2933 2671 3261 2748 προσϐολὴν,
3291 2669 3384 2723 καὶ
3413 2668 3593 2721 πᾶσαν
3616 2664 3680 2716 ἐκ

416 2783 643 2854 ligentia
675 2782 1001 2852 perscrutati
1030 2789 1238 2840 essent.
1260 2795 1457 2835 rursus
1496 2778 1563 2833 ad
1597 2777 1758 2832 collis
1786 2776 2001 2832 radices

2102 2782 2382 2857 χαράδρας
2408 2778 2696 2848 κοιλότητα
2726 2772 2865 2845 μετὰ
2902 2772 3083 2840 πάσης
3105 2765 3390 2837 ἀκριϐείας
3411 2760 3682 2857 διερευνη-

419 2876 778 2939 contendunt,
822 2882 883 2927 ut
910 2879 1057 2926 metu
1085 2870 1548 2942 perscrutantium
1583 2869 1674 2924 ille
1728 2869 1782 2923 in
1816 2867 2000 2939 fugam

2104 2848 2354 2943 σάμενοι,
2391 2869 2554 2923 πάλιν
2582 2867 2682 2938 τὴν
2720 2864 2999 2936 ὑπώρειαν
3029 2855 3567 2935 καταλαμϐάνουσιν(
3606 2848 3684 2910 ὡς

419 2982 618 3023 versus
651 2966 707 3020 in
762 2971 1089 3035 potestatem
1128 2978 1319 3019 eorum
1361 2961 1594 3025 veniret,
1626 2962 1721 3031 qui
1758 2961 1999 3016 inﬁmam

2104 2966 2255 3038 φόϐῳ
2286 2965 2394 3019 τῶν
2421 2958 2862 3032 διερευνωμένων
2901 2958 2982 3019 εἰς
3011 2951 3190 3023 φυγὴν
3228 2946 3544 3021 τραπόντων
3570 2942 3686 3002 τοῖς

420 3069 633 3134 partem
693 3033 857 3114 collis
889 3055 1393 3126 circumsepissent.
1421 3051 1493 3108 Ut
1525 3053 1694 3124 igitur
1724 3067 1903 3122 neque
1937 3053 2006 3106 ab

2108 3033 2259 3113 κάτω
2305 3050 2863 3128 περιεστοιχισμένοις
2909 3046 3015 3102 ὑπὸ
3063 3047 3222 3116 χεῖρα
3275 3036 3552 3109 γενέσθαι.
3597 3033 3689 3134 ᾯς

423 3124 511 3209 his
532 3152 790 3207 inventus
818 3158 923 3214 est,
959 3164 1137 3218 neque
1163 3124 1307 3219 apud
1352 3147 1476 3203 illos
1515 3154 1654 3211 erat,
1678 3153 1846 3216 atque
1877 3160 2002 3216 spe-

2109 3147 2201 3205 οὗν
2229 3148 2353 3203 οὔτε
2377 3124 2529 3218 παρὰ
2558 3143 2764 3198 τούτων
2798 3138 3019 3211 εὑρέθη,
3054 3134 3150 3189 καὶ
3179 3132 3307 3205 παρ’
3331 3128 3560 3192 ἐκείνοις
3586 3124 3689 3179 οὐκ

423 3245 641 3300 culator
699 3242 789 3297 ille
837 3241 1015 3297 locum
1072 3240 1166 3296 ubi
1216 3253 1450 3309 magnus
1497 3239 1591 3294 ille
1647 3237 1999 3303 consisteret,

2109 3239 2203 3313 ἦν·
2245 3242 2273 3294 ό
2310 3240 2367 3293 δὲ
2391 3240 2481 3293 τὶν
2504 3237 2664 3291 τόπον
2695 3235 2796 3304 τῆς
2816 3229 2910 3286 τοῦ
2946 3228 3181 3300 μεγάλου
3213 3221 3489 3313 διαγωγῆς
3517 3236 3691 3274 κατα-

425 3338 600 3410 siguis
627 3335 1002 3399 describebat,
1030 3335 1088 3388 in
1123 3348 1232 3404 quo
1279 3333 1403 3387 loco
1436 3339 1775 3388 scrutatores
1803 3340 2004 3400 praeter

2112 3311 2451 3404 σκεψάμενος
2483 3328 2729 3401 σημείοις
2764 3324 3103 3395 ὺπέγραφεν,
3132 3321 3190 3372 ὲν
3212 3311 3256 3387 ᾧ
3289 3314 3690 3370 διεϐεϐαιοῦντο

424 3407 565 3487 duas
599 3430 870 3485 duntaxat
899 3427 1125 3483 arbores
1151 3426 1434 3497 paululum
1469 3424 1614 3480 inter
1645 3439 1706 3479 se
1734 3423 2004 3479 distantes

2109 3427 2160 3479 oi
2195 3422 2487 3496 ζητοῦντες
2522 3420 2718 3492 μεδένα
2746 3415 3070 3488 ἑωρακέναι,
3108 3411 3247 3482 πλὴν
3280 3411 3329 3463 εί
3361 3409 3434 3480 μὴ
3460 3407 3554 3461 δύο
3578 3407 3693 3460 δέν-

425 3523 698 3580 neminem
742 3536 800 3577 se
831 3520 1038 3576 vidisse
1082 3518 1444 3574 afﬁrmabant.
1476 3516 1753 3588 Digressis
1784 3513 2003 3569 tandem

2110 3517 2213 3592 δρα
2239 3515 2400 3587 μόνον
2445 3511 2640 3584 μικρὸν
2668 3507 2763 3562 ἀπ’
2792 3505 3037 3579 ἀλλήλων
3077 3501 3418 3573 διεστηκότα.
3463 3501 3690 3552 Ἄνακε-

427 3612 834 3670 scrutatoribus
854 3626 977 3666 eum
1002 3610 1339 3667 substitisset
1378 3607 1563 3675 index,
1598 3614 1765 3678 atque
1796 3606 1852 3661 in
1876 3621 2003 3661 ora-

2110 3607 2439 3683 χωρηκότων
2470 3605 2524 3659 δὲ
2555 3603 2665 3657 τῶν
2703 3600 3031 3673 ζητούντων,
3069 3596 3412 3666 ὑπολειφθεὶς
3449 3596 3478 3647 ό
3513 3610 3690 3664 μηνυ-

427 3709 580 3765 tione
608 3716 662 3764 et
700 3707 877 3777 ipsum
928 3705 1088 3759 illum
1139 3704 1317 3759 virum
1373 3715 1632 3772 magnum
1664 3708 1719 3755 et
1747 3699 2003 3754 comitem

2112 3706 2231 3777 τὴς,
2267 3702 2358 3757 καὶ
2384 3697 2705 3755 καταλαϐὼν
2726 3698 2784 3750 ὲν
2809 3697 3086 3768 προσευχῇ
3116 3692 3281 3745 αὐτόν
3309 3708 3370 3745 τε
3399 3690 3489 3743 τὸν
3517 3690 3692 3760 μέγαν

428 3801 551 3873 ejus
574 3799 917 3862 offendisset,
943 3806 1109 3867 atque
1148 3798 1204 3850 in
1252 3809 1355 3865 ope
1411 3793 1599 3848 divina
1640 3792 1847 3846 factum
1882 3806 2007 3847 esse

2113 3796 2209 3851 καὶ
2241 3795 2332 3849 τὸν
2368 3793 2464 3846 σὺν
2497 3789 2669 3861 αὐτῷ,
2700 3787 2796 3843 καὶ
2821 3787 2981 3855 γνοὺς
3016 3786 3116 3854 τὴν
3150 3782 3300 3837 θείαν
3332 3781 3595 3854 φρουρὰν,
3623 3778 3692 3832 δι’

425 3892 724 3963 iudicaret,
753 3897 814 3942 ut
846 3889 923 3942 illi
955 3884 1418 3957 persequentibus
1449 3882 1676 3938 arbores
1704 3898 1828 3938 esse
1855 3883 2008 3937 vide—

2112 3883 2177 3960 ἦς
2205 3888 2401 3940 ἐκεῖνοι
2432 3883 2624 3953 δένδρα
2650 3882 2762 3944 τοῖς
2797 3878 3080 3932 διώκουσιν
3110 3874 3494 3946 ἐνομίσθησαν,
3526 3888 3693 3943 προσ-

429 3992 645 4046 rentur,
677 3980 987 4052 procumbit
1015 3978 1064 4033 ei
1105 3978 1172 4032 ad
1201 3975 1401 4047 pedes,‘
1417 3975 1705 4045 creditque
1743 3975 2006 4042 sermoni,

2114 3981 2302 4034 πίπτει
2332 3994 2392 4032 τε
2431 3974 2598 4046 αὐτῷ,
2638 3974 2733 4027 καὶ
2768 3970 3014 4025 πιστεύει
3055 3968 3132 4040 τῷ
3163 3968 3326 4039 λόγῳ.
3371 3966 3482 4020 Καὶ
3521 3967 3549 4018 ό
3586 3964 3688 4035 πρὲ

430 4081 487 4130 et
506 4072 601 4142 qui
632 4071 798 4142 paulo
819 4078 944 4125 ante
966 4076 1290 4139 persecutor
1314 4066 1516 4134 fuerat,
1553 4081 1695 4122 unus
1727 4081 1795 4121 ex
1821 4064 2010 4135 profu-

2117 4071 2344 4143 βραχέος
2375 4066 2628 4138 διώκτης,
2658 4060 2739 4129 εἷς
2764 4063 2872 4118 τῶν
2901 4062 3207 4133 φευγόντων
3228 4059 3462 4128 ἐγένετο.
3495 4057 3695 4112 Μενάν-

432 4168 518 4238 gis
545 4163 726 4220 ﬁebat.
754 4163 892 4217 Cum
929 4161 1095 4232 igitur
1121 4160 1296 4217 multo
1321 4166 1569 4230 tempore
1599 4159 1657 4213 in
1709 4156 2010 4213 solitudine

2113 4180 2221 4217 των
2244 4162 2422 4216 τοίνυν
2447 4160 2588 4214 κατὰ
2616 4158 2715 4230 τὴν
2755 4156 2962 4228 ἔρημον
3002 4154 3191 4227 χρόνον
3226 4153 3392 4208 πολὺν
3433 4150 3693 4223 (ἐπεκρά-

435 4261 723 4312 manerent
772 4253 1169 4323 (invalescehat
1217 4252 1363 4306 enim
1406 4251 1610 4306 bellum
1656 4247 1919 4304 adversus
1947 4246 2011 4300 ﬁ-

2114 4273 2197 4309 τει
2225 4255 2334 4324 γὰρ
2375 4256 2399 4309 ξ
2431 4252 2573 4307 κατὰ
2613 4251 2714 4321 τῆς
2742 4250 2979 4313 πίστεως
3018 4247 3272 4317 πόλεμος,
3311 4242 3563 4315 χαλεπῶς
3599 4241 3691 4311 τοῦ

435 4351 582 4413 dem,
623 4346 854 4420 praeside
888 4344 1182 4415 provinciae
1210 4343 1448 4413 graviter
1492 4341 1750 4397 saeviente
1800 4341 1856 4395 in
1889 4353 2007 4402 eos,

2118 4345 2529 4418 καθηγουμένου
2554 4343 2697 4398 κατὰ
2722 4342 2830 4396 τῶν
2854 4337 3294 4413 προστιθεμένων
3321 4336 3401 4407 τῷ
3433 4335 3576 4405 λόγῳ
3596 4333 3691 4403 τῆς

434 4441 529 4513 qui
551 4437 792 4494 sermoni
812 4435 1030 4507 pietatis
1042 4431 1603 4503 adhzererent),atque
1622 4444 1813 4485 omnes
1839 4429 1892 4481 in
1922 4427 2011 4481 fu-

2085 4438 2396 4501 ‘eboa6siac
2437 4434 2785 4500 λυσσῶντος),
2828 4435 2923 4487 καὶ
2962 4431 3180 4484 πάντων
3229 4429 3366 4499 πρὸς
3400 4426 3577 4497 φυγὴν
3606 4442 3691 4479 τε-

436 4547 559 4604 gam
602 4531 742 4586 versi
775 4537 1001 4584 essent:
1035 4534 1392 4597 posteaquam
1448 4522 1593 4592 quod
1627 4520 1694 4574 ad
1749 4535 2008 4591 magnum

2118 4529 2482 4602 τραμμένων⁶
2524 4527 2711 4597 ἐπειδὴ
2751 4525 2812 4578 τὸ
2848 4523 2992 4578 κατὰ
3024 4522 3115 4575 τὸν
3163 4521 3336 4591 μέγαν
3370 4519 3553 4581 αὐτοῖς
3599 4515 3693 4569 ἀπ’

437 4625 592 4679 illum
618 4623 798 4677 virum
835 4619 1049 4682 attinet,
1079 4618 1508 4686 desperaverant
1553 4627 1677 4667 eum
1714 4611 2012 4681 aliquando

2119 4623 2339 4685 ὲλπίδος
2356 4616 2445 4692 ἦν,
2470 4619 2545 4684 ὠς
2573 4620 2673 4672 οὑκ
2705 4618 2771 4671 ἂν
2797 4617 2902 4669 ὑπὸ
2931 4615 3088 4687 χεῖρά
3110 4630 3239 4667 ποτε
3266 4612 3556 4682 γενόμενον
3588 4610 3696 4671 τοῖς

433 4720 492 4775 in
540 4725 869 4790 potestatem
913 4710 1358 4786 persequentium
1390 4715 1682 4763 venturum
1712 4722 1725 4759 :
1756 4713 1890 4759 tunc
1918 4703 2015 4758 ad-

2119 4709 2404 4764 διώκουσιο
2449 4707 2571 4761 τότε
2625 4705 2770 4760 κατὰ
2802 4706 2911 4758 τῶν
2951 4703 3262 4760 ὑπολοίπων
3306 4703 3407 4772 τὴν
3448 4697 3694 4767 λυσσώδη

432 4826 632 4870 versus
655 4811 901 4880 reliquos
923 4805 1196 4862 rabiosam
1229 4801 1498 4858 saevitiam
1530 4813 1686 4854 suam
1715 4804 2012 4861 vertentes,

2125 4800 2319 4873 μανίαν
2354 4797 2562 4852 ἑαυτῶν
2595 4796 2916 4868 τρέψαντες,
2961 4792 3210 4864 πανταχῆ
3257 4790 3398 4844 κατὰ
3442 4788 3503 4841 τὸ
3547 4787 3698 4849 ἔθνος

437 4905 496 4960 in
549 4901 809 4958 omnibus
854 4897 1105 4969 partibus
1164 4892 1466 4964 provinciae
1524 4888 2015 4960 perscrutahantur

2120 4893 2204 4962 διη
2217 4891 2480 4962 ρευνῶντο
2524 4888 2733 4951 πάντας
2760 4887 2961 4957 ὁμοίως
2993 4885 3192 4957 ἄνδρας
3228 4902 3288 4937 τε
3318 4884 3409 4937 καὶ
3433 4883 3700 4950 γυναῖκας

438 5010 632 5051 omnes
677 4991 931 5047 similiter
976 4997 1087 5041 tam
1146 4985 1407 5039 mulieres
1452 4990 1506 5038 et
1567 4997 1794 5052 pueros,
1848 4994 2014 5049 quam

2123 4983 2219 5038 καὶ
2265 4981 2483 5045 παῖδας,
2513 4981 2661 5043 ὅσοις
2706 4978 2767 5031 τὸ
2797 4978 2968 5049 ὄνομα
3012 4976 3107 5030 τού
3154 4973 3392 5047 Χριστοῦ
3428 4972 3488 5026 τὸ
3533 4970 3699 5024 σεϐά-

435 5090 623 5153 viros,
655 5085 976 5156 quicunque
1007 5093 1203 5135 nomen
1255 5075 1458 5131 Christi
1497 5082 1913 5135 venerarentur,
1951 5087 2016 5126 ac

2125 5090 2283 5144 σμιον
2317 5067 2386 5143 ἦν
2408 5087 2421 5100 ·
2469 5071 2565 5124 καὶ
2602 5065 2784 5122 εἷλκον
2814 5067 2907 5122 ἐπὶ
2933 5067 3031 5137 τὴν
3058 5066 3233 5126 πόλιν,
3266 5064 3359 5117 καὶ
3393 5061 3463 5116 τὰ
3491 5060 3704 5131 δεσμω-

438 5153 732 5234 trahebant
778 5176 845 5229 ad
879 5173 1092 5233 urbem,
1123 5177 1180 5225 et
1222 5178 1474 5223 carceres
1504 5165 1872 5235 complebant,
1902 5164 2017 5233 pie-

2122 5167 2287 5235 τήρια
2305 5163 2546 5233 κατεπλή
2558 5180 2699 5234 ρουν,
2721 5162 2836 5215 ἀντ’
2856 5160 3022 5230 ἄλλης
3050 5158 3194 5222 τινὸς
3220 5156 3432 5219 ἀδικίας
3453 5153 3703 5225 ἔγκλημα

440 5278 610 5323 tatem
640 5266 722 5321 eis
761 5263 993 5318 alterius
1016 5258 1325 5329 cuiuspiam
1359 5257 1481 5311 loco
1512 5254 1765 5309 maleﬁcii
1798 5254 2014 5309 crimini

2124 5257 2435 5328 ποιούμενοι
2459 5258 2580 5310 κατ’
2605 5254 2785 5309 αὐτῶν
2810 5252 2908 5324 τὴν
2935 5251 3237 5316 εὐσέϐειαν,
3264 5247 3340 5312 ὡς
3368 5246 3558 5320 μηδενὶ
3580 5245 3703 5299 τότε

441 5361 659 5423 dantes,
689 5355 827 5411 adeo
861 5361 921 5409 ut
949 5353 1002 5407 in
1034 5352 1186 5407 nullo
1219 5349 1330 5405 alio
1361 5347 1582 5419 publico
1625 5347 1843 5417 negotio
1865 5345 2016 5416 judi-

2122 5348 2231 5402 τῶν
2260 5348 2455 5402 κοινῶν
2490 5343 2975 5420 προσασχολεῖσθαι
3002 5343 3071 5396 τὰ
3101 5342 3446 5410 δικαστήρια,
3477 5337 3512 5408 ἢ
3546 5336 3705 5391 τοῦτο

441 5453 526 5506 cia
589 5457 720 5505 tunc
775 5454 1043 5516 occupata
1092 5448 1316 5508 essent,
1357 5448 1717 5511 praeterquam
1766 5438 1913 5508 quod
1962 5437 2018 5492 id

2128 5441 2287 5512 μόνον
2315 5440 2403 5494 διὰ
2442 5439 2680 5507 σπουδῆς
2712 5439 2826 5499 τοῖς
2858 5434 3151 5506 κρατοῦσιν
3187 5426 3348 5495 εἶναι,
3390 5430 3453 5484 τὸ
3500 5429 3708 5491 πάντας

443 5544 621 5597 solum
657 5541 1017 5611 magistratus
1052 5537 1281 5607 agebat,
1313 5542 1375 5588 ut
1408 5548 1569 5590 omne
1597 5547 1771 5603 genus
1809 5530 2018 5601 suppli-

2125 5533 2420 5603 αἰκισμοὺς
2470 5532 2565 5584 καὶ
2616 5528 2878 5591 παντοίας
2927 5523 3289 5598 στρεϐλώσεις
3335 5521 3404 5575 δι’
3461 5518 3708 5582 ἐπινοίας

442 5632 654 5686 ciorum
684 5630 946 5698 variaque
978 5632 1249 5680 tormenta
1268 5625 1502 5679 solerter
1522 5621 1832 5693 excogitata
1863 5619 2018 5676 adhi-

1879 5619 2018 5676 Idhi-
2126 5627 2353 5698 ἐπάγειν
2383 5626 2525 5681 κατὰ
2551 5623 2658 5678 τῶν
2687 5619 3060 5693 ἀντεχομένων
3087 5617 3187 5690 τῆς
3230 5616 3485 5679 πίστεως.

444 5725 639 5779 berent
674 5720 742 5776 iis
765 5763 777 5785 ,
808 5720 902 5789 qui
939 5719 1100 5775 ﬁdem
1141 5717 1615 5785 amplecterentur.
