4068 6154
382 326 487 384 949

1343 331 1430 388 DE
1465 331 1628 388 VITA
1665 333 1722 388 S.
1765 331 2096 390 GREGORII
2120 331 2653 390 THAUMATUIKGI.

3541 326 3648 382 950

462 447 630 502 Ἔνθα
651 449 715 519 δὴ
744 449 838 502 καὶ
875 449 1070 520 μᾶλλον
1115 453 1249 506 πᾶσι
1299 453 1600 524 κατάδηλον
1635 454 1864 521 γίνεται,
1906 454 1966 507 τὸ

2140 454 2297 510 Tunc
2331 469 2463 510 vero
2491 454 2654 510 etiam
2685 452 2859 524 magis
2895 451 3073 523 palam
3103 448 3357 504 omnibus
3391 446 3470 512 fit,
3495 447 3642 516 quod

391 540 556 611 μηδὲν
584 541 735 594 ἀθεεὶ
767 540 858 594 τὸν
899 543 1072 612 μέγαν
1097 545 1300 596 ἐκεῖνον
1329 543 1697 613 βουλεύεσθαι.
1719 544 1963 609 Φυλάξας

389 630 498 701 γὰρ
527 629 722 683 ἑαυτὸν
747 630 834 684 διά
879 635 978 702 τῆς
1010 634 1186 704 φυγῆς
1218 633 1294 704 τῷ
1328 634 1441 706 λαῷ
1460 677 1474 701 ,
1500 635 1652 705 κοινὴ
1681 637 1966 706 συμμαχία

388 724 500 784 τοῖς
549 721 691 791 ὑπὲρ
721 721 820 791 τῆς
872 723 1104 787 πίστεως
1152 724 1570 796 ἀγωνιζομένοις
1631 726 1832 780 ἅπασιν
1871 723 1962 797 ἦν.

392 812 655 882 Καθάπερ
688 813 795 884 γὰρ
833 815 959 885 περὶ
985 815 1080 868 τοῦ
1105 818 1380 882 Μωῦσέως
1406 818 1698 888 ἀκούομεν,
1732 819 1813 872 ὅτι
1835 819 1966 891 πόρο

393 901 563 971 ρωθεν
591 902 913 972 ἀφεστηκὼς
931 905 1029 974 τῆς
1056 906 1164 958 τῶν
1189 907 1564 978 Ἀμαληκιτῶν
1587 909 1961 980 παρατάξεως,

389 993 478 1046 διὰ
502 995 807 1064 προσευχῆς
831 995 1058 1049 ἐνετίθει
1082 1000 1196 1061 τοῖς
1221 1000 1513 1068 ὁμοφύλοις
1545 1001 1686 1054 κατά
1715 1001 1824 1054 τῶν
1864 1003 1967 1055 ὐπ-

389 1085 649 1138 εναντίων
666 1084 766 1154 τὴν
786 1085 1009 1156 δύναμιν
1032 1105 1047 1118 ο
1071 1089 1209 1142 κατὰ
1240 1089 1332 1143 τὸν
1361 1091 1520 1145 αὐτὸν
1547 1092 1760 1161 τρόπον
1782 1093 1968 1146 κάκεῖ-

389 1192 498 1237 νος,
520 1172 629 1228 οἷον
660 1175 870 1247 ἐφορῶν
887 1177 964 1247 τῷ
991 1179 1253 1250 ὀφθαλμῷ
1266 1181 1368 1250 τῆς
1391 1180 1571 1250 ψυχῆς
1587 1181 1655 1234 τὰ
1685 1182 1963 1253 γινόμενα,

388 1267 489 1334 τὴν
523 1265 670 1318 θείαν
698 1267 1014 1322 ἐπεκαλεῖτο
1037 1271 1352 1341 συμμαχίαν
1382 1271 1522 1342 ὑπὲρ
1543 1272 1649 1326 τῶν
1682 1273 1967 1327 ὲναθλούν-

387 1372 498 1408 των
537 1357 601 1424 τῇ
631 1355 892 1426 ὁμολογίᾳ
935 1359 1034 1426 τῆς
1076 1361 1330 1423 πίστεως.
1371 1361 1482 1414 Καί
1530 1379 1658 1414 ποτε
1696 1363 1832 1431 μετὰ
1857 1363 1965 1416 τῶν

391 1449 656 1500 συνόντων
693 1449 831 1500 κατά
867 1449 926 1500 τὸ
969 1450 1198 1520 σύνηθες
1228 1451 1304 1521 τῷ
1342 1450 1460 1522 Θεῷ
1508 1453 1963 1522 προσευχόμενος,

388 1538 596 1608 ἀθρόως
626 1539 835 1606 ἀγῶνός
853 1557 912 1592 τε
937 1541 1030 1593 καὶ
1058 1540 1284 1612 θορύϐου
1310 1543 1731 1614 καταπλησθεὶς,
1751 1544 1965 1614 ἔνδηλος

388 1625 455 1700 ἦν
482 1632 538 1682 ἐν
572 1634 682 1693 τοῖς
712 1633 976 1702 παροῦσιν
1001 1629 1111 1687 οἷον
1146 1634 1500 1706 ξενιζόμενος,
1533 1638 1626 1692 καὶ
1656 1638 1966 1707 ὲναγωνιῶν

388 1720 467 1791 τῷ
521 1722 772 1792 θεάματι,
816 1724 910 1776 καὶ⁹
931 1725 1029 1796 τὴν
1063 1727 1230 1798 ἀκοὴν
1286 1728 1515 1797 ἐπέχων,
1552 1729 1802 1800 καθάπερ
1831 1731 1963 1801 ήχου

2071 545 2205 601 nihil
2265 545 2386 600 sine
2446 545 2671 599 numine
2721 544 2910 599 divino
2976 540 3190 603 consilii
3252 553 3483 610 magnus
3557 538 3649 592 ille

2072 637 2155 691 vir
2179 635 2360 690 iniret.
2392 636 2528 689 Nam
2559 651 2682 690 cum
2723 650 2819 705 per
2847 635 3028 705 fugam
3061 649 3119 688 se
3173 630 3374 702 populo
3423 644 3648 684 conser-

2070 740 2276 794 vasset,
2309 744 2602 785 commune
2628 727 2887 782 omnibus
2924 742 3023 796 pro
3086 725 3192 779 ﬁde
3233 721 3649 778 decertantibus

2073 823 2335 876 auxilium
2397 829 2562 890 atque
2608 819 2920 888 praesidium
2976 825 3112 870 erat.
3179 812 3648 881 Quemadmodum

2070 913 2217 968 enim
2244 912 2312 966 de
2335 912 2522 982 Moyse
2549 911 2826 974 audimus,
2868 908 3013 978 quod
3048 924 3173 961 cum
3198 906 3392 976 procul
3434 907 3654 960 abesset

2071 1006 2140 1059 ab
2171 1005 2287 1060 acie
2319 1004 2772 1066 Amalecitarum,
2811 1017 2906 1071 per
2937 1001 3238 1054 orationem
3289 997 3651 1068 p0pularibns

2071 1093 2220 1148 vires
2246 1092 2510 1148 adversus
2534 1092 2723 1146 hostes
2766 1089 3037 1158 injiceret,
3067 1085 3260 1141 eodem
3288 1085 3451 1140 modo
3481 1085 3648 1140 etiam

2073 1186 2165 1241 ille
2198 1186 2358 1256 quasi
2389 1185 2561 1238 animi
2595 1183 2770 1239 oculis
2796 1182 3104 1236 intueretur
3133 1194 3197 1233 ea
3252 1194 3372 1248 quae
3427 1178 3650 1240 fiebant,

2073 1277 2317 1331 divinum
2352 1278 2613 1331 auxilium
2644 1290 2744 1346 pro
2804 1275 2892 1335 iis,
2929 1272 3022 1342 qui
3073 1270 3296 1326 nomine
3356 1269 3480 1324 fidei
3520 1283 3652 1323 con-

2073 1368 2332 1424 fessionis
2360 1367 2731 1430 decertarent,
2751 1365 3066 1427 invocabat,
3103 1377 3340 1432 cumque
3353 1361 3652 1430 aliquando

2073 1476 2180 1514 una
2218 1475 2340 1513 cum
2389 1459 2779 1522 familiaribus,
2835 1465 2896 1510 ut
2926 1456 3154 1519 solebat,
3193 1454 3361 1509 Deum
3403 1467 3652 1520 precare-

2074 1558 2184 1612 tur,
2219 1557 2441 1618 repente
2465 1563 2668 1617 angore
2698 1561 2763 1600 ac
2803 1545 3171 1615 trepidatione
3209 1540 3450 1611 repletus
3476 1539 3542 1592 iis
3559 1537 3651 1606 qui

2073 1643 2304 1697 aderant
2349 1640 2508 1710 quasi
2563 1653 2678 1693 rem
2734 1651 2930 1692 novam
2984 1633 3245 1690 admirari
3305 1639 3359 1686 et
3402 1646 3467 1685 eo
3508 1630 3656 1698 quod

2073 1738 2346 1802 spectaret
2407 1729 2556 1800 angi,
2607 1737 2662 1784 et
2715 1728 2885 1782 veluti
2935 1740 3072 1780 sono
3117 1723 3355 1794 quodam
3415 1720 3482 1774 ad
3530 1734 3654 1774 eum

388 1813 530 1876 τινὸς
583 1814 716 1884 πρὸς
769 1816 932 1870 αὐτὸν
981 1817 1362 1883 διαϐαίνοντος.
1417 1821 1528 1873 Καὶ
1579 1821 1964 1892 διαγενομένου

2077 1826 2395 1894 pertinente,
2425 1836 2590 1877 aures
2622 1819 2914 1875 admovere
2945 1823 3134 1888 aperte
3158 1813 3468 1874 videbatur,
3496 1820 3658 1880 atque

387 1902 749 1973 διαστήματος
786 1905 886 1958 οὐκ
940 1905 1120 1974 ὀλίγου
1145 1948 1160 1973 ,
1197 1908 1386 1977 μείνας
1433 1909 1609 1962 πάντα
1658 1909 1749 1962 τὸν
1781 1911 1838 1962 ὲν
1891 1907 1970 1978 τῷ

393 1993 542 2062 μέσῳ
575 1995 782 2064 χρόνον,
814 1995 1040 2066 ἀκλινὴς
1075 1999 1168 2051 καὶ
1194 1999 1469 2068 ἀκίνητος,
1505 1995 1605 2052 εἷθ’
1656 1999 1845 2070 ὥσπερ
1874 2000 1970 2053 τοῦ

390 2086 750 2154 προκειμένου
781 2086 1053 2157 θεάματος
1073 2091 1153 2152 είς
1183 2089 1386 2158 ἀγαθὸν
1426 2088 1846 2160 καταλήξαντος,
1868 2091 1972 2145 πά.-

388 2176 471 2229 λιν
517 2177 786 2247 ὲπανῆλθέ
829 2193 888 2230 τε
923 2179 1060 2249 πρὸς
1088 2179 1150 2232 τὸ
1200 2180 1450 2250 σύνηθες,
1485 2182 1579 2233 καὶ
1613 2181 1971 2251 ἀνευφήμησε

387 2266 481 2319 τὸν
511 2266 644 2319 Θεὸν
668 2268 726 2318 ὲν
761 2266 1118 2340 λαμπροτάτῃ
1147 2273 1296 2341 φωνῇ
1321 2311 1335 2336 ,
1365 2271 1454 2323 τὸν
1485 2270 1749 2323 ἐπινίκιόν
1784 2287 1842 2322 τε
1881 2270 1974 2323 καὶ

389 2357 809 2427 εὐχαριστήριον
870 2357 1040 2430 ὕμνον
1091 2360 1592 2432 ἐπιφθεγξάμενος,
1621 2362 1678 2414 δν
1735 2361 1974 2432 πολλαχῆ

388 2447 490 2516 τῆς
543 2447 861 2519 φαλμῳδίας
915 2450 1009 2504 τοῦ
1055 2452 1221 2505 Δαόὶδ
1269 2453 1539 2524 ἀκούομεν
1586 2453 1868 2522 λέγοντος,
1915 2454 1975 2506 τὸ

395 2537 735 2606 Εὐλογητὸς
759 2544 792 2594 ὀ
820 2543 982 2608 Θεὸς,
1017 2543 1084 2608 ὃς
1115 2547 1226 2599 οὐκ
1246 2546 1470 2600 ἔδωκεν
1493 2545 1647 2613 ἡμᾶς
1672 2548 1758 2610 εὶς
1788 2546 1978 2614 θήραν

391 2631 516 2696 τοῖς
553 2632 804 2687 ὀδοῦσιν
832 2633 1052 2690 αὐτῶν.
1083 2637 1202 2692 Τῶν
1239 2638 1296 2691 δὲ
1328 2639 1457 2710 περὶ
1485 2637 1646 2692 αὐτὸν
1674 2639 1976 2709 θαυμαστι-

394 2723 507 2786 κῶς
557 2724 932 2792 διατεθέντων,
967 2729 1060 2781 καὶ
1113 2729 1304 2800 μαθεῖν
1357 2730 1671 2795 ἀξιούντων,
1695 2730 1723 2784 ὃ
1754 2729 1807 2782 τί
1846 2747 1976 2783 ποτε

392 2813 479 2884 εἴη
509 2815 569 2867 τὸ
595 2817 651 2869 ἐν
685 2817 982 2889 ὀφθαλμοῖς
1027 2819 1189 2872 αὐτοῦ
1233 2823 1520 2892 γενόμενον
1553 2823 1730 2892 θέαμα
1752 2864 1766 2888 ,
1801 2824 1976 2876 εἰπεῖν

392 2905 636 2973 λέγεται,
670 2907 814 2977 μέγα
843 2910 1042 2981 πτῶμα
1071 2912 1215 2964 κατὰ
1246 2913 1345 2984 τὴν
1377 2913 1526 2985 ὥραν
1550 2915 1766 2987 ἐκείνην
1795 2917 1975 2988 ἑωρα-

395 2999 567 3061 κέναι,
610 3001 1141 3067 καταπαλαισθέντος
1199 3004 1293 3058 τοῦ
1331 3006 1578 3059 διαϐόλου
1637 3008 1741 3060 ὑπὸ
1765 3008 1976 3062 νεανίου

392 3091 537 3154 τινὸς
566 3093 623 3144 ὲν
650 3095 762 3156 τοῖς
787 3093 929 3165 ὑπὲρ
963 3095 1245 3160 εύσεύείας
1268 3098 1464 3166 ἀγῶσι.
1494 3099 1615 3150 Τῶν
1635 3099 1691 3151 δὲ
1722 3100 1977 3168 ἀγνοούν-

395 3200 503 3236 των
528 3182 608 3236 ἕτι
644 3184 704 3237 τὸ
742 3187 1030 3256 εἰρημένον
1051 3231 1065 3251 ,
1092 3188 1422 3259 σαφέστερον
1455 3189 1636 3253 αὐτοῖς
1671 3191 1972 3260 διηγεῖται,

393 3275 477 3327 ὅτι
509 3277 796 3348 συμμαχίᾳ
824 3279 1090 3348 κρείττονι
1126 3281 1266 3333 κατά
1293 3282 1392 3352 τὴν
1424 3281 1573 3351 ὥραν
1618 3283 1834 3354 ἐκείνην
1861 3303 1979 3340 νεα-

395 3366 515 3428 νίας
549 3384 633 3430 τις
667 3367 775 3420 τῶν
823 3368 1161 3440 εὐπατριδῶν
1182 3409 1196 3433 ,
1232 3371 1344 3433 τοῖς
1386 3370 1571 3442 ἱδρῶσι
1599 3372 1700 3441 τῆς
1741 3372 1978 3437 πίστεως

395 3458 781 3526 ἐνηγωνίσατο,
804 3460 1132 3531 προσαχθεὶς
1152 3462 1255 3515 ὐπὸ
1275 3461 1382 3516 τῶν
1407 3463 1617 3534 δημίων
1637 3463 1712 3534 τῷ
1734 3464 1972 3537 ἄρχοντι.
2009 3511 2015 3517 .

399 3548 713 3619 Προσέθηκε
741 3550 798 3602 δὲ
825 3552 919 3603 καὶ
947 3552 1006 3604 τὸ
1034 3552 1203 3622 ὄνομα
1221 3593 1235 3618 ,
1264 3553 1538 3625 Τρωάδιον
1576 3555 1737 3610 αὐτὸν
1779 3555 1979 3626 ὀνομά-

401 3657 532 3704 σας”
563 3642 656 3695 καὶ
705 3643 786 3695 ὅτι
836 3643 973 3714 μετά
1019 3645 1221 3709 πολλὰς
1253 3645 1540 3716 βασάνους,
1576 3642 1665 3710 αἷς
1715 3649 1981 3716 γενναίως

401 3738 800 3809 ἐνεκαρτέρησε
827 3781 841 3803 ,
873 3739 964 3794 τὸν
1024 3741 1111 3794 διὰ
1163 3741 1264 3810 τῆς
1326 3743 1631 3814 μαρτυρίας
1685 3743 1980 3814 ἀνεδήσατο

400 3827 682 3896 στέφανον.
716 3830 1038 3899 Ἐκπλαγεὶς
1064 3832 1121 3884 δὲ
1159 3833 1295 3903 πρὸς
1320 3833 1418 3904 τὴν
1452 3833 1621 3904 ἀκοὴν
1656 3835 1683 3886 ὀ
1713 3834 1977 3899 διάκονος,

400 3923 494 3973 καὶ
525 3921 647 3974 οὔτε
678 3922 924 3974 ἀπιστεῖν
956 3940 1061 3976 τινι
1107 3924 1215 3976 τῶν
1260 3923 1566 3996 λεγομένων
1613 3924 1826 3997 τολμῶν
1846 3943 1862 3958 ο
1888 3927 1982 3980 καὶ

399 4011 516 4082 ἅμα
546 4017 790 4084 κρεῖττον
813 4016 912 4086 τῆς
942 4016 1288 4087 ἀνθρωπίνης
1320 4017 1536 4087 φύσεως
1565 4014 1703 4072 εἶναι
1733 4019 1979 4089 νομίσας,

400 4105 461 4156 τὸ
503 4105 783 4176 πόρρωθεν
804 4106 931 4159 ὄντα
953 4108 1052 4177 τῆς
1080 4108 1304 4172 πόλεως,
1336 4108 1562 4179 μηδενὸς
1597 4110 1883 4181 ἀνθρώπου
1915 4112 1983 4164 τὰ

401 4196 521 4247 κατ’
539 4195 699 4249 αὐτὸν
727 4196 1237 4266 διαγγείλαντος,ὼς
1262 4199 1540 4266 ἐφεστῶτα
1563 4202 1674 4264 τοῖς
1697 4201 1983 4271 πράγμασι

402 4285 582 4353 λέγειν
606 4287 740 4358 πρὸς
771 4289 897 4352 τοὺς
934 4289 1194 4353 συνόντας
1224 4291 1354 4362 περὶ
1376 4290 1485 4344 τῶν
1512 4292 1630 4345 ἐκεῖ
1653 4293 1980 4364 γενομένων,

403 4375 589 4444 ίκέτης
616 4377 826 4444 γίνεται
857 4378 950 4432 τοῦ
990 4379 1308 4434 διδασκάλου
1345 4380 1641 4451 ὀφθαλμοῖς
1678 4383 1984 4452 ἐπιτραπῆ-

2071 1914 2217 1983 haud
2251 1913 2451 1984 exiguo
2477 1911 2757 1983 praeterito
2794 1909 2974 1979 spatio
3001 1922 3125 1963 eum
3155 1913 3273 1961 toto
3319 1903 3425 1958 hoc
3483 1901 3656 1955 inter--

2074 2007 2307 2063 cedente
2337 2013 2586 2076 tempore
2616 2009 2836 2058 erectus
2867 2008 2920 2055 et
2939 2001 3203 2054 immotus
3230 1993 3653 2068 permansisset,

2073 2097 2269 2153 deinde
2295 2077 2452 2164 quasi
2493 2093 2832 2164 propositum
2865 2088 3241 2160 spectaculum
3273 2085 3478 2141 bonum
3501 2098 3661 2138 even-

2073 2196 2187 2243 tum
2229 2187 2532 2250 habuisset,
2582 2193 2638 2240 et
2665 2183 2734 2238 ad
2767 2191 2972 2238 statum
3021 2180 3320 2251 pristinum
3377 2175 3562 2240 rediit,
3604 2185 3659 2228 et

2073 2279 2213 2335 elata
2239 2293 2375 2333 voce
2396 2274 2836 2340 Deumlaudavit,
2871 2273 3136 2343 adjiciens
3180 2284 3305 2326 eum
3324 2279 3654 2329 sermonem,

2074 2386 2186 2441 quo
2216 2370 2505 2425 victoriam
2547 2367 2729 2436 adepti
2764 2367 2840 2422 uti
2866 2381 2930 2420 ac
2963 2367 3072 2419 Deo
3104 2361 3311 2435 gratias
3338 2373 3497 2429 agere
3513 2355 3656 2412 sole-

2075 2477 2221 2525 mus,
2246 2476 2408 2530 quem
2439 2460 2493 2514 in
2518 2459 2707 2514 multis
2739 2456 3012 2514 locislibri
3035 2454 3378 2510 Psalmorum
3396 2445 3656 2501 Davidem

2076 2554 2331 2609 audimus
2364 2551 2852 2623 pronuntiantem:
2889 2546 3203 2603 Benedictus
3239 2542 3403 2605 Deus,
3438 2539 3524 2610 qui
3553 2552 3657 2590 non

2005 2711 2010 2715 ι
2076 2645 2219 2700 dedit
2251 2661 2343 2700 nos
2375 2646 2431 2698 in
2450 2643 2686 2713 prmium
2712 2640 2956 2696 dentibus
2987 2654 3169 2694 eorum
3193 2639 3237 2691 '.
3266 2630 3656 2689 Familiarihus

2079 2749 2258 2793 autem
2285 2738 2408 2808 ejus
2433 2734 2835 2791 admirantibus
2856 2740 2909 2788 et
2933 2732 3076 2788 scire
3102 2726 3440 2788 volentibus,
3480 2719 3668 2792 quod-'

2076 2845 2204 2886 nam
2248 2830 2300 2884 id
2345 2829 2565 2884 tandem
2609 2827 2984 2898 Spectaculum
3046 2822 3267 2886 fuisset,
3312 2814 3460 2888 quod
3527 2819 3657 2867 ante

2077 2919 2269 2974 oculos
2301 2918 2424 2987 ejus
2453 2917 2861 2978 obversaretur,
2891 2912 3099 2968 dixisse
3153 2909 3348 2973 fertur,
3405 2917 3656 2975 magnam

2079 3025 2138 3066 se
2171 3011 2227 3064 in
2253 3009 2345 3062 illa
2395 3008 2530 3062 liora
2558 3005 2767 3062 vidisse
2815 3004 3058 3068 ruinam,
3097 2999 3322 3056 diabolo
3358 2997 3429 3052 ab
3473 2995 3660 3050 adole.

2078 3109 2266 3157 scente
2294 3101 2532 3172 quodam
2566 3099 2620 3153 in
2671 3096 3070 3154 certaminibus
3103 3107 3204 3165 pro
3243 3091 3443 3161 pietate
3472 3100 3660 3144 susce-

2080 3193 2188 3263 ptis
2211 3190 2447 3246 devicto.
2481 3191 2661 3260 Atque
2690 3186 2798 3243 illis
2832 3187 3011 3241 adhuc
3056 3199 3168 3240 non
3222 3178 3654 3250 intelligentibus

2080 3283 2135 3338 id
2164 3281 2310 3351 quod
2335 3280 2587 3344 dixisset,
2619 3278 2866 3349 apertius
2891 3277 2971 3332 eis
2994 3275 3241 3346 exponit,
3268 3269 3415 3342 quod
3457 3268 3661 3322 auxilio

2079 3373 2265 3428 divino
2294 3372 2348 3426 in
2383 3371 2955 3426 illaboraadolescens
2983 3365 3212 3436 quidam.
3237 3362 3437 3417 nobilis
3469 3361 3524 3414 in
3544 3359 3659 3429 pri-

2080 3468 2184 3522 mis
2213 3466 2282 3520 ab
2313 3464 2600 3520 lictoribus
2631 3461 2700 3515 ad
2742 3459 3029 3530 prmsidem
3082 3455 3372 3517 adductus,
3429 3454 3484 3507 in
3543 3466 3662 3505 cer-

2079 3559 2285 3613 tamine
2313 3570 2414 3627 pro
2443 3554 2548 3608 fide
2579 3559 2834 3620 suscepto
2864 3549 3208 3604 desudasset.
3239 3543 3453 3613 Adjecit
3480 3551 3659 3596 autem

2079 3651 2245 3704 etiam
2281 3661 2501 3709 nomen,
2537 3643 2834 3698 Troadium
2880 3655 3004 3696 eum
3049 3637 3386 3699 nominans,
3425 3642 3478 3690 et
3517 3632 3660 3703 quod

2081 3749 2206 3812 post
2257 3739 2427 3792 multa
2470 3745 2778 3800 tormenta,
2840 3748 2962 3804 quae
3012 3730 3228 3787 fortiter
3282 3727 3664 3793 toleravisset,

2085 3830 2336 3902 martyrii
2391 3841 2597 3883 corona
2661 3825 2953 3882 redimitus
3013 3829 3180 3879 esset.
3237 3815 3662 3888 Obstupefactus

2082 3931 2266 3978 autem
2299 3929 2355 3977 et
2375 3921 2644 3974 attonitus
2675 3918 2760 3973 bis
2792 3916 2996 3971 auditis
3015 3913 3305 3975 diaconus,
3335 3925 3458 3966 cum
3485 3923 3663 3978 neque

2084 4011 2246 4066 fidem
2281 4011 2546 4081 derogare
2576 4009 2810 4078 iis,qu:e
2852 4005 3190 4067 dicerentur,
3235 4001 3482 4064 auderet,
3522 3997 3664 4054 etsi-

2084 4105 2197 4159 mul
2227 4103 2585 4158 excellentius
2614 4114 2777 4171 quam
2795 4098 3037 4153 humana
3067 4101 3261 4150 natura
3285 4101 3522 4162 caperet,
3543 4101 3666 4146 esse

2079 4195 2376 4265 judicaret,
2417 4193 2510 4263 qui
2547 4172 2741 4262 procul
2780 4189 3000 4244 abesset
3037 4185 3106 4240 ab
3150 4185 3306 4248 urbe,
3341 4197 3464 4237 cum
3506 4195 3666 4235 nemo

2085 4286 2368 4341 hominum
2406 4299 2531 4338 eum
2560 4282 2628 4337 de
2686 4281 2802 4336 suis
2858 4280 3028 4336 rebus
3073 4278 3363 4333 certiorem
3422 4273 3662 4329 fecisset.

2087 4377 2233 4431 hunc
2259 4375 2487 4446 perinde
2515 4390 2578 4430 ac
2607 4374 2654 4429 si
2689 4371 3058 4436 interfuisset,
3091 4371 3158 4425 ad
3187 4369 3484 4423 familiares
3509 4363 3664 4432 loqui

403 4480 500 4515 ναι
529 4464 620 4516 καὶ
648 4465 850 4529 γνῶναι
881 4467 950 4520 τὰ
1002 4467 1365 4539 πεπραγμένα
1391 4485 1404 4497 ’
1433 4471 1526 4522 καὶ
1555 4470 1629 4540 μὴ
1673 4470 1976 4542 κωλυθῆναι

2085 4470 2153 4524 de
2185 4469 2348 4523 rebus
2368 4468 2476 4522 illis
2506 4466 2696 4538 gestis,
2716 4473 2838 4520 urat
2865 4464 3209 4536 magistrum,
3244 4468 3301 4513 ut
3321 4457 3665 4528 permittere-

403 4553 532 4618 παρ’
561 4551 723 4604 αὐτοῦ
757 4555 1009 4621 γενέσθαι
1038 4557 1198 4627 μέχρι
1227 4556 1336 4610 τῶν
1373 4557 1556 4611 τόπων
1590 4558 1788 4626 αὐτῶν,
1819 4563 1876 4613 ὲν
1903 4556 1982 4623 οἷς

399 4642 463 4695 τὸ
495 4641 680 4714 θαῦμα
705 4644 939 4712 ἐγένετο.
983 4647 1086 4700 Τοῦ
1121 4649 1178 4702 δὲ
1212 4648 1437 4720 φοϐερὸν
1468 4646 1605 4703 εἶναι
1635 4650 1902 4720 λέγοντος,
1924 4653 1986 4705 τὸ

402 4737 460 4788 ὲν
494 4735 644 4806 μέσῳ
693 4737 799 4791 τῶν
845 4738 1116 4807 φονευτῶν
1169 4741 1439 4808 γενέσθαι,
1492 4741 1584 4795 καὶ
1639 4742 1897 4804 πολλάκις
1928 4741 1988 4807 ἐξ

403 4827 670 4898 ἐπηρείας
699 4829 791 4882 τοῦ
822 4831 1194 4901 ἀντικειμένου
1218 4851 1270 4884 τι
1297 4834 1402 4888 τῶν
1432 4835 1742 4906 ἁῦουλήτων
1774 4836 1984 4900 παθεῖν,

402 4921 720 4993 ὲπιθαρσεῖν
780 4921 961 4990 ἔλεγεν
1012 4925 1040 4974 ὀ
1085 4923 1329 4987 διάκονος
1357 4929 1423 4998 τῇ
1464 4925 1572 4980 τῶν
1614 4927 1788 4997 εὐχῶν
1822 4926 1984 4980 αὐτοῦ

404 5011 717 5083 συμμαχίᾳ,
749 5010 1118 5082 φθεγξάμενος
1143 5014 1344 5084 ταύτην
1379 5016 1516 5086 πρὸς
1545 5017 1707 5070 αὐτὸν
1745 5018 1842 5090 τὴν
1877 5035 1988 5088 φω-

402 5105 533 5175 νήν·
578 5105 662 5159 Σύ
683 5121 762 5174 με
806 5104 1074 5173 παράθου
1121 5105 1199 5171 τῷ
1229 5108 1371 5175 Θεῷ,
1405 5111 1501 5165 καὶ
1530 5109 1729 5177 οὐδείς
1758 5127 1858 5179 μοι
1889 5111 1990 5179 φό-

403 5197 508 5262 ϐος
527 5198 627 5251 καί
655 5195 774 5251 τῶν
800 5198 1102 5266 πολεμίων
1122 5199 1468 5267 καθάψεται.
1495 5201 1602 5255 Τοῦ
1645 5201 1702 5255 δὲ
1737 5201 1987 5272 καθάπερ

407 5287 749 5360 συνέμπορον
778 5288 926 5360 αὐτῷ
949 5289 1045 5360 τὴν
1070 5289 1162 5343 τοῦ
1196 5290 1330 5344 Θεοῦ
1367 5291 1617 5362 βοήθειαν
1648 5293 1735 5348 διὰ
1767 5294 1866 5365 τῆς
1897 5295 1988 5347 εὐ-

404 5377 508 5447 χῆς
537 5380 1034 5450 συνεκπέμψαντοςο,
1067 5379 1342 5444 πεποιθὼς
1389 5384 1486 5455 τὴν
1521 5383 1637 5437 ὁδὸν
1664 5385 1824 5456 διῄει,
1849 5383 1983 5455 πρὸς

403 5469 595 5524 οὐδένα
623 5470 731 5523 τῶν
777 5471 1142 5528 ἀπαντώντων
1174 5473 1652 5546 ἐπιστρεφόμενος.
1703 5477 1984 5548 Ἐσπέριος

404 5559 462 5614 δὲ
496 5559 596 5630 τῆς
619 5558 826 5626 πόλεως
869 5563 1020 5628 ἐντὸς
1050 5563 1310 5636 γεγονὼς,
1340 5566 1434 5620 καὶ
1479 5564 1730 5637 κοπώδης
1774 5567 1838 5620 ὲκ
1886 5566 1984 5636 τῆς

482 5735 501 5767 ⁵
542 5732 685 5794 Psal.
717 5750 907 5804 cxxut,
941 5737 995 5793 6.

2085 4570 2176 4615 tur
2203 4560 2306 4617 sibi
2338 4560 2513 4616 oculis
2543 4560 2834 4629 inspicere,
2867 4571 2988 4628 qum
3019 4565 3136 4610 acta
3161 4559 3369 4615 essent,
3399 4565 3504 4605 neu
3541 4563 3664 4618 pro-

2085 4654 2367 4710 hiberetur
2384 4655 2452 4708 ab
2482 4668 2548 4708 eo
2575 4651 2859 4722 pervenire
2892 4663 3064 4718 usque
3096 4647 3162 4701 ad
3201 4659 3264 4700 ea
3296 4644 3436 4706 loca,
3472 4642 3665 4711 inqui-

2084 4747 2186 4803 bus
2217 4746 2545 4801 miraculum
2581 4744 2786 4799 editum
2837 4749 2958 4796 erat
2993 4760 3006 4795 :
3058 4749 3109 4794 at
3160 4737 3255 4792 illo
3295 4735 3663 4805 periculosum

2084 4854 2206 4895 esse
2227 4839 2444 4894 dicente
2478 4834 2686 4890 versari
2741 4833 2796 4888 in
2845 4832 3024 4886 medio
3055 4832 3297 4884 virorum
3327 4825 3492 4880 caedis
3547 4824 3663 4877 avi-

2089 4928 2309 4991 dorum,
2340 4941 2404 4980 ac
2435 4940 2580 4994 saepe
2610 4939 2678 4978 ex
2710 4923 2934 4976 incursu
2960 4920 3343 4991 atqueinipelu
3365 4914 3660 4969 adversarii

2085 5034 2248 5090 posse
2313 5016 2565 5072 accidere
2617 5013 2825 5084 aliquid
2884 5023 3107 5083 repente
3163 5017 3358 5080 praeter
3412 5006 3662 5059 volunta-

2086 5114 2215 5168 tem,
2251 5105 2318 5159 de
2347 5119 2456 5173 quo
2490 5103 2788 5173 cogitatum
2826 5117 2936 5156 non
2963 5107 3143 5155 esset:
3173 5099 3438 5152 diaconus
3467 5110 3526 5150 se
3541 5109 3665 5164 pre-

2087 5213 2211 5251 cum
2247 5196 2368 5264 ejus
2432 5195 2642 5250 auxilio
2701 5194 2978 5249 conlidere
3032 5192 3190 5252 dixit,
3230 5190 3314 5245 his
3354 5187 3539 5243 verbis
3594 5186 3660 5240 ad

2088 5303 2210 5343 eum
2244 5294 2405 5342 utens
2441 5303 2454 5340 :
2491 5285 2569 5340 Tu
2613 5303 2692 5340 me
2735 5283 3044 5339 commenda
3091 5283 3221 5346 Deo,
3257 5290 3306 5336 et
3360 5279 3536 5334 nullus
3596 5278 3662 5331 ab

2091 5376 2326 5431 hostibus
2351 5385 2520 5430 terror
2546 5391 2626 5428 me
2648 5374 2876 5428 invadet.
2929 5372 3177 5442 Cumque
3209 5371 3299 5425 ille
3347 5367 3661 5439 prmsidium

2090 5469 2332 5524 divinum
2364 5484 2461 5538 pro
2492 5468 2688 5523 comite
2712 5482 2807 5537 par
2834 5479 3022 5536 preces
3053 5479 3160 5518 una
3192 5477 3314 5517 eum
3355 5474 3420 5515 eo
3455 5459 3665 5514 emisis-

2093 5569 2206 5629 set,
2244 5561 2454 5617 fiducia:
2490 5560 2681 5633 plenus
2718 5558 2820 5614 iter
2851 5555 3081 5611 faciebat
3121 5554 3188 5610 ad
3243 5552 3515 5610 neminem
3569 5551 3662 5608 ob-
