4068 6154
437 328 541 410 est

1722 322 1780 377 S.
1823 315 2152 377 GREGORII
2184 315 2482 374 NYSSENI

3599 311 3708 367 952

442 450 588 503 viam
626 446 938 504 venientem
975 463 1095 504 sese
1124 455 1474 504 convertens.
1526 445 1665 502 Cum
1709 450 1893 499 autem
1930 455 2023 496 ve-

2137 438 2432 509 ιδοιπορίας
2463 437 2752 508 γενόμενος
2777 476 2793 501 ,
2824 434 3035 508 λουτρῷ
3063 431 3396 506 θεραπεῦσαι
3424 429 3517 484 τὸν
3537 428 3707 483 κόπον

446 540 590 609 Speri
622 541 676 594 in
711 540 899 595 urbem
929 540 1378 617 pervenissethet
1415 540 1482 595 de
1512 538 1600 593 via
1631 536 1817 591 fessus
1848 540 2018 595 esset,

445 629 800 700 defatigatum
843 630 1030 686 labore
1071 646 1273 702 corpus
1317 632 1540 685 lavacro
1569 643 1765 683 curare
1796 640 2023 681 necesse

445 735 567 775 esse
598 720 843 789 putabat.
882 720 1280 776 Dominabatnr
1309 729 1491 775 autem
1527 719 1580 773 in
1633 718 1728 773 illo
1758 717 1881 772 loco
1923 714 2025 768 da:-

445 824 575 864 mon
606 810 830 880 quidam
867 811 1167 875 homicida,
1208 812 1262 866 in
1295 811 1491 866 balneo
1524 808 1733 864 versari
1789 806 2019 862 solitus:

446 900 604 969 cujus
625 900 936 971 perniciosa
963 910 1129 972 atque
1156 899 1412 971 pestifera
1444 900 1530 954 vis
1557 898 1611 952 in
1652 895 1893 950 tenebris
1924 894 2023 948 ad-

449 1004 644 1044 versus
676 991 1112 1061 prepinquantes
1134 990 1516 1055 exercebatur,
1549 997 1605 1042 et
1640 986 1850 1041 idcirco
1905 993 2027 1054 post

448 1082 583 1137 solis
600 1097 859 1138 occasum
888 1084 1098 1139 balnea:
1124 1084 1230 1138 illa:
1260 1097 1367 1138 non
1397 1081 1814 1144 exercebantur,
1840 1091 2027 1131 nemo-

449 1189 557 1241 que
587 1188 654 1229 eo
683 1175 948 1229 accedere
975 1175 1028 1229 id
1060 1174 1324 1244 temporis
1355 1173 1588 1239 solebat,
1618 1171 1684 1225 ad
1710 1184 1849 1240 quas
1872 1177 2028 1223 stans

451 1266 716 1319 diaconus
749 1263 1065 1333 praefectum
1103 1264 1207 1317 loci
1255 1262 1505 1331 rogabat,
1541 1271 1602 1314 ut
1632 1260 1838 1314 ostium
1896 1270 2026 1326 ape-

450 1357 610 1417 νει-οι,
670 1362 725 1409 et
758 1355 964 1409 aditum
1010 1355 1113 1410 sibi
1155 1354 1440 1425 praeberet,
1471 1367 1576 1406 neu
1610 1350 1877 1405 invideret
1924 1348 2030 1403 sibi

451 1461 562 1515 quo
586 1445 768 1501 minus
781 1447 1212 1516 corpnslavacro
1236 1445 1505 1500 reficeret.
1527 1443 1625 1496 Illo
1658 1456 1786 1495 vero
1798 1447 2032 1495 testante

452 1537 749 1603 neminem,
788 1538 881 1607 qui
932 1536 1077 1592 circa
1134 1538 1280 1590 illam
1315 1537 1508 1590 horam
1557 1548 1752 1604 aquam
1818 1531 2033 1603 ingredi

454 1644 624 1683 ausus
663 1638 829 1691 esset,
867 1629 984 1683 suis
1014 1627 1246 1697 pedibus
1274 1643 1557 1683 reversum
1595 1642 1743 1690 esse,
1777 1625 1873 1681 sed
1909 1632 2034 1696 post

455 1736 743 1791 vesperum
776 1721 1107 1775 daemonium
1141 1735 1331 1776 omnes
1368 1721 1422 1774 in
1469 1728 1741 1790 potestate
1789 1719 2030 1785 habere,

2122 531 2415 600 ἀναγκαῖον
2472 530 2647 602 ᾠήθη.
2718 529 3041 600 Ἐπεκράτει
3090 525 3149 579 δὲ
3203 523 3344 587 κατά
3401 521 3494 575 τὸν
3544 520 3706 574 τόπον

2123 627 2328 678 ἐκεῖνον
2368 624 2576 695 δαίμων
2620 641 2705 686 τις
2743 619 3189 694 ἀνθρωποκτόνος
3219 615 3602 687 ἐπιχωριάζων
3629 613 3707 683 τῷ

2122 716 2350 786 λουτρῷ,
2365 710 2425 769 οὗ
2446 717 2479 785 ἡ
2504 714 2827 786 φθοροποιὺς
2854 712 3082 783 δύναμις
3104 706 3326 780 ἐνεργὸς
3357 705 3494 776 μετὰ
3518 703 3708 767 σκότος

2125 807 2267 860 κατὰ
2293 805 2402 857 τῶν
2436 804 2909 876 προσεγγιζόντων
2942 801 3176 870 ἐγίνετο,
3209 797 3306 851 καὶ
3330 794 3522 848 τούτου
3546 794 3708 864 χάριν

2124 897 2323 952 ἄϐατον
2348 897 2409 949 τὸ
2434 896 2657 967 λουτρὸν
2691 891 2759 965 ἦν
2785 895 2963 947 ἐκεῖνο
3010 892 3148 963 μετά
3184 889 3286 954 τὰς
3314 887 3467 960 ἡλίου
3499 885 3709 955 δυσμὰς

2128 990 2224 1043 καὶ
2273 989 2632 1059 ἀνενέργητον
2655 1005 2670 1021 ο
2707 980 2752 1054 ᾧ
2792 986 3079 1058 παραστὰς
3116 983 3269 1054 ἠξίου
3322 982 3416 1034 τὸν
3458 981 3708 1032 ἐπιτετα-

2127 1081 2330 1153 γμένον
2351 1081 2557 1146 ἀνοῖξαι
2588 1079 2685 1151 τὴν
2705 1078 2896 1150 θύραν,
2920 1077 3101 1131 δοῦναί
3131 1093 3189 1128 τε
3219 1074 3315 1146 τὴν
3337 1072 3537 1126 εἴσοδον
3562 1068 3708 1139 αὐτῷ

2128 1173 2223 1225 καὶ
2255 1171 2328 1242 μὴ
2364 1171 2626 1243 φθονῆσαι
2652 1171 2750 1241 τῆς
2776 1171 2840 1223 ἐκ
2865 1168 2959 1222 τοῦ
2986 1165 3211 1240 λουτροῦ
3255 1164 3573 1236 θεραπείας.
3602 1162 3706 1216 Τοῦ

2129 1262 2185 1315 δὲ
2217 1261 2666 1333 μαρτυρουμένου
2699 1258 2903 1331 μηδένα
2930 1257 3039 1311 τῶν
3081 1255 3226 1311 κατά
3253 1256 3354 1326 τὴν
3387 1253 3538 1326 ὤραν
3570 1252 3708 1306 ὲκεί-

2130 1373 2228 1425 νην
2282 1354 2747 1424 κατατολμώντων
2796 1351 2890 1405 τοῦ
2940 1349 3134 1413 ὓδατος
3186 1347 3335 1412 ἰδίοις
3373 1344 3712 1416 ὑποστρέψαι

2133 1447 2313 1509 ποσὶν,
2352 1445 2489 1499 άλλά
2523 1446 2740 1498 πάντων
2765 1442 2905 1515 μετὰ
2939 1443 3039 1512 τὴν
3066 1439 3305 1510 ἑσπέραν
3348 1437 3712 1508 κατακρατεῖν

2133 1539 2194 1592 τὸ
2235 1538 2538 1608 δαιμόνιον,
2582 1538 2674 1591 καὶ
2714 1535 2942 1598 πολλοὺς
2985 1535 3076 1587 ὑπ’
3110 1532 3334 1601 ἀγνοίας
3377 1531 3480 1602 ἥδη
3523 1530 3713 1583 παθεῖν
3808 1576 3813 1580 .

2134 1629 2202 1683 τά
2265 1631 2572 1700 ἀνήκεστα,
2612 1628 2705 1692 οὓς
2750 1628 2871 1681 ἀντὶ
2926 1627 3026 1699 τῆς
3080 1623 3437 1691 ἐλπισθείσης
3483 1623 3713 1685 ἀνέσεως

2138 1722 2326 1793 θρῆνοι
2355 1722 2450 1775 καὶ
2481 1721 2718 1791 οἰμωγαὶ
2751 1720 3054 1784 διεδέξαντο
3075 1736 3090 1750 ο
3123 1717 3300 1771 ταῦτα
3351 1716 3445 1770 καὶ
3489 1715 3557 1770 τὰ
3607 1732 3715 1769 τοι-

455 1828 519 1867 ac
560 1813 761 1867 multos
811 1814 923 1882 jam
983 1812 1355 1882 imprudentes
1401 1813 1459 1866 in
1513 1813 1840 1868 insanabilia
1892 1812 2034 1865 mala

2138 1790 2277 1870 αῦτα
2329 1790 2651 1882 διεξιόντος,
2707 1813 2858 1868 οὐδὲν
2920 1811 3119 1883 μᾶλλον
3175 1813 3381 1872 ἐκεῖνος
3435 1807 3580 1876 ὑφίει
3619 1806 3715 1876 τῆς

455 1907 779 1971 incurrisse,
817 1898 957 1976 quos
996 1921 1097 1976 pro
1136 1913 1356 1977 sperato
1384 1905 1654 1960 levamine
1689 1905 2035 1959 lamentatio-

455 2011 553 2050 nes
584 2004 638 2050 et
684 1997 995 2066 sepulturae,
1027 2004 1082 2053 et
1125 1998 1360 2068 gemitus
1401 2005 1779 2067 exceperunt:
1822 1996 1936 2051 haec
1981 2004 2036 2051 et

455 2088 725 2159 ejusmodi
750 2090 1067 2145 balneatore
1094 2089 1333 2154 dicente,
1361 2090 1534 2145 nihilo
1556 2091 1728 2161 magis
1759 2090 1847 2146 ille
1879 2089 2036 2159 quid-

454 2196 619 2251 quam
650 2181 717 2237 de
750 2181 1050 2251 cupiditate
1086 2183 1397 2238 remittebat
1429 2202 1443 2235 :
1479 2183 1572 2238 sed
1620 2182 1859 2237 instabat
1887 2183 2035 2236 omni

456 2272 616 2327 modo
648 2289 850 2344 urgens
893 2288 1040 2338 eum,
1078 2282 1137 2328 ut
1170 2289 1230 2330 se
1264 2275 1671 2329 intromitteret.
1709 2277 1778 2328 At
1820 2274 2039 2329 balnea-

454 2372 543 2418 tor
594 2365 650 2419 in
696 2365 850 2419 lucro
890 2379 1136 2435 ponens,
1179 2366 1224 2420 si
1272 2380 1383 2419 non
1436 2380 1542 2419 una
1598 2379 1723 2418 cum
1786 2364 2038 2433 imperito

456 2456 671 2525 hospite
709 2456 1131 2526 periclitaretur,
1168 2472 1293 2511 cum
1337 2456 1542 2511 clavem
1589 2456 1639 2512 ei
1687 2454 2036 2519 tradidisset,

455 2551 650 2618 procul
679 2564 710 2603 a
741 2550 962 2606 lavacro
987 2548 1250 2619 discedit;
1280 2561 1635 2621 posteaquam
1667 2560 1850 2605 autem
1872 2549 2038 2605 nuda-

454 2651 545 2697 tus
573 2640 724 2696 intus
762 2649 901 2707 erat,
962 2643 1293 2713 multiplices
1350 2642 1602 2712 quaedam
1659 2649 1932 2697 terrorum
1983 2648 2038 2695 et

456 2734 883 2789 concussionum
935 2735 1178 2790 materiae
1232 2749 1263 2788 a
1296 2734 1566 2789 darmonio
1602 2732 2035 2796 instruebantur,

458 2835 672 2896 spectra
708 2827 992 2899 variaigni
1024 2838 1080 2884 et
1103 2827 1255 2882 fumo
1289 2828 1507 2883 mistam
1530 2835 1787 2881 naturam
1827 2841 1937 2896 prae
1979 2841 2040 2881 se

460 2917 716 2981 ferentia,
762 2918 817 2971 in
862 2920 1038 2972 forma
1087 2919 1369 2973 hominum
1401 2930 1453 2973 et
1473 2918 1713 2973 ferarum
1743 2918 1920 2973 oculis
1953 2918 2036 2972 in-

458 3007 719 3075 cidentia,
739 3009 1312 3073 auribusinsonantia,
1330 3010 1574 3066 anhelitu
1597 3011 2040 3081 appropinquan-

2136 1907 2464 1979 ἐπιθυμίας,
2515 1907 2629 1959 ἀλλ’
2689 1906 2933 1960 ἐνέκειτο
2984 1904 3149 1958 παντὶ
3199 1903 3385 1973 τρόπῳ
3448 1915 3714 1967 καταναγ-

2137 2000 2318 2066 κάξων
2359 2001 2542 2065 αὑτὸν,
2586 2002 2665 2064 είς
2702 2000 2770 2054 τά
2804 1999 2954 2062 ἐντὸς
2989 1994 3411 2070 παραδέξασθαι.
3459 1995 3518 2046 '0
3566 1993 3621 2045 δὲ
3652 1990 3714 2044 τὺ

2141 2093 2216 2163 μὴ
2274 2091 2718 2161 συγκινδυνεῦσαι
2771 2093 2836 2161 τῇ
2894 2089 3087 2161 ἀγνοίᾳ
3137 2086 3234 2141 τοῦ
3292 2085 3443 2151 ξένου
3470 2127 3484 2147 ,
3532 2083 3716 2153 κέρδος

2138 2183 2488 2254 ποιούμενος,
2563 2180 2662 2252 τὴν
2714 2180 2859 2234 κλεῖν
2925 2180 3011 2232 ἐπ’
3060 2177 3209 2249 αὐτῷ
3329 2175 3713 2245 ποιησάμενος,

2139 2274 2329 2346 πόρρω
2378 2272 2470 2326 τοῦ
2517 2272 2741 2343 λουτροῦ
2785 2270 3213 2325 ἀπαλλάσσεται.
3262 2268 3482 2335 Ἐπειδὴ
3527 2265 3584 2318 δὲ
3618 2282 3716 2333 γυ-

2143 2367 2374 2438 μνωθεὶς
2407 2365 2558 2429 ἐντὸς
2586 2362 2673 2437 ἦν,
2713 2364 3038 2436 πολύτροποί
3067 2380 3212 2426 τινες
3240 2361 3423 2431 φόϐων
3459 2360 3553 2413 καὶ
3589 2374 3721 2411 κατ⁸

2139 2457 2424 2526 απ).ήξεων
2463 2456 2710 2527 ἀφορμαὶ
2751 2455 2901 2526 παρὰ
2942 2453 3039 2507 τοῦ
3079 2454 3357 2525 δαιμονίου
3406 2450 3722 2506 συνεσκευά-

2141 2551 2311 2616 ζοντο,
2348 2551 2609 2622 φάσματα
2669 2551 2988 2605 παντοδαπὰ
3021 2550 3154 2621 πυρὶ
3202 2549 3296 2602 καὶ
3339 2545 3534 2616 καπνῷ
3568 2562 3721 2616 μεμι-

2139 2645 2348 2715 γμένην
2371 2646 2471 2715 τὴν
2517 2643 2679 2712 φύσιν
2706 2643 3148 2716 ἐπιδεικνύμενα,
3193 2643 3252 2695 έν
3286 2638 3589 2710 ἀνθρώπων
3625 2639 3723 2691 καὶ

2141 2736 2344 2807 θηρίων
2417 2738 2598 2807 μορφῇ
2654 2739 2769 2798 τοῖς
2828 2734 3126 2807 ὀφθαλμοῖς
3180 2733 3523 2805 ἐμπίπτοντα
3552 2775 3565 2797 ,
3601 2732 3723 2792 ταῖς

2141 2829 2331 2890 ἀκοαῖς
2370 2827 2684 2898 ἐνηχοῦντα,
2707 2826 2787 2898 τῷ
2815 2827 3051 2898 ἄσθματι
3075 2824 3523 2898 προσεγγίςοντα,
3538 2821 3725 2892 κύκλῳ

2142 2924 2269 2994 περὶ
2305 2922 2367 2975 τὸ
2405 2921 2566 2992 σῶμα
2613 2921 2868 2991 χεόμενα.
2900 2920 2957 2974 '0
2983 2919 3039 2972 δὲ
3081 2919 3180 2988 τὴν
3228 2916 3497 2988 σφραγῖδα
3527 2914 3723 2969 ἑαυτοῦ

2143 3013 2597 3084 προϐαλλόμενος,
2623 3013 2716 3066 καὶ
2738 3013 2800 3065 τὸ
2819 3011 2914 3066 τοῦ
2942 3010 3181 3082 Χριστοῦ
3213 3007 3500 3063 ἀνακαλῶν
3528 3007 3723 3077 ὄνομα,

459 3102 554 3166 tia,
582 3100 823 3172 undique
853 3100 1068 3171 corpori
1100 3116 1159 3157 se
1188 3101 1698 3156 circumfundentia.
1725 3102 1794 3155 At
1840 3102 1928 3156 ille
1971 3101 2034 3156 si-

2141 3104 2358 3176 ἀπαθὴς
2410 3104 2500 3158 τὸν
2557 3104 2773 3173 πρῶτον
2830 3102 3075 3175 διεξῆλθε
3129 3101 3221 3155 τὸν
3273 3095 3442 3155 οἶκον.
3502 3098 3624 3152 Ἐπὶ
3666 3098 3728 3151 δὲ

459 3205 623 3260 gnum
657 3190 883 3262 (crucis)
912 3200 1040 3247 ante
1053 3206 1174 3247 sese
1191 3191 1480 3260 objiciens,
1497 3191 1815 3262 Christique
1838 3209 2035 3249 nomen

459 3283 747 3347 invocans,
787 3281 1023 3350 primum
1073 3282 1334 3337 conclave
1389 3282 1595 3338 illazsus
1638 3283 1916 3350 transivit,
1968 3285 2037 3339 ad

460 3371 775 3427 interiorem
804 3379 984 3428 autem
1010 3381 1220 3444 partem
1238 3374 1438 3429 aedium
1470 3389 1796 3446 progressus
1852 3376 1906 3431 in
1932 3392 2042 3432 mo-

460 3464 683 3518 lestiora
716 3464 908 3520 incidit
934 3466 1268 3536 spectacula,
1327 3466 1381 3521 in
1415 3466 1807 3522 terribiliorem
1845 3467 2037 3524 faciem

460 3556 858 3613 transformata
884 3557 1186 3626 daemonio;
1215 3566 1269 3615 et
1292 3560 1456 3615 simul
1502 3569 1664 3617 terrae
1695 3568 1849 3616 motu
1907 3578 2041 3617 con-

387 3714 391 3717 η
458 3647 570 3703 cuti
598 3647 861 3702 conclave
910 3646 960 3703 ei
1000 3646 1314 3712 videbatur,
1360 3647 1494 3704 adeo
1524 3656 1586 3703 ut
1635 3648 1800 3703 etiam
1862 3649 2038 3705 solum

458 3740 600 3796 infra
622 3749 844 3812 ruptum
872 3739 1170 3807 ﬂammam,
1211 3756 1333 3812 qua:
1371 3742 1565 3797 subtus
1603 3750 1771 3806 esset,
1836 3741 2037 3796 nudam

458 3834 905 3904 conspiciendam
941 3834 1229 3902 praeberet,
1281 3833 1647 3903 scintillzeque
1704 3833 1938 3889 flamma:
1969 3835 2040 3889 ab

460 3926 618 3996 aquis
648 3926 1050 3986 emitterentur,
1084 3939 1149 3978 ac
1183 3939 1375 3979 rursus
1406 3924 1610 3978 eisdem
1642 3925 1833 3992 armis,
1882 3926 2040 3998 signo

461 4016 665 4086 (crucis
720 4015 953 4080 scilicet)
1009 4024 1062 4069 et
1106 4015 1327 4069 nomine
1390 4014 1614 4081 Christi,
1675 4015 2041 4087 praesidioque

463 4122 686 4181 precum
719 4107 966 4176 magistri
1012 4115 1251 4163 terrores
1284 4122 1473 4162 earum
1504 4122 1705 4175 rerum,
1750 4125 1872 4180 quae
1927 4121 2038 4164 tum

464 4198 683 4264 fiebant,
705 4198 989 4253 discussit.
1019 4199 1267 4269 Cumque
1290 4200 1403 4270 jam
1426 4215 1566 4270 aqua
1590 4211 1870 4257 recreatus
1891 4204 2040 4259 exire

463 4292 768 4354 festinaret,
822 4306 1017 4347 rursus
1070 4293 1462 4362 prohibebatur
1519 4310 1549 4348 a
1599 4295 1865 4359 daemone,
1942 4297 2036 4366 qui

459 4387 659 4441 ostium
688 4394 1071 4458 occupaverat.
1094 4384 1296 4441 Verum
1321 4386 1481 4441 etiam
1508 4389 1611 4442 hoc
1642 4404 1835 4446 rursus
1869 4390 2041 4460 impe-

2139 3194 2201 3248 τὺ
2258 3194 2531 3266 ἐνδότερον
2578 3194 2864 3266 χωρήσας,
2919 3192 3314 3264 χαλεπωτέροις
3353 3190 3570 3261 ἐνέτυχε
3611 3191 3728 3253 τοῖς

2142 3285 2409 3356 θεάμασιν
2436 3326 2451 3352 ,
2490 3287 2569 3349 είς
2611 3284 2995 3357 φοϐερωτέραν
3048 3282 3582 3356 μετασκευασθέντος
3628 3280 3728 3334 τοῦ

2139 3375 2415 3447 δαιμονίου
2443 3376 2543 3448 τὴν
2570 3375 2692 3446 όψιν
2721 3394 2735 3409 ο
2763 3376 2856 3430 καὶ
2890 3375 3006 3447 ἅμα
3044 3374 3252 3446 σεισμῷ
3277 3374 3729 3429 κατακλονεῖσθαι

2139 3470 2232 3524 τὸν
2268 3465 2415 3523 οἷκον
2447 3468 2606 3539 ᾤετο,
2645 3469 2737 3522 καὶ¹
2768 3468 2830 3521 τὸ
2872 3467 3067 3537 ἔδαφος
3107 3467 3591 3544 ὑποῤῥηγνύμενον
3629 3485 3731 3535 γυ-

2145 3562 2283 3634 μνὴν
2330 3558 2700 3615 ὑποδεικνύειν
2745 3561 2844 3631 τὴν
2893 3560 3043 3614 κάτω
3090 3558 3285 3629 φλόγα,
3320 3558 3623 3630 σπινθῆράς
3664 3575 3727 3611 τε

2143 3651 2441 3723 φλογώδεις
2476 3651 2584 3705 ἀπὸ
2607 3650 2717 3704 τῶν
2747 3650 2955 3704 ὑδάτων
3001 3649 3406 3721 ἐκπέμπεσθαι,
3429 3651 3523 3702 καὶ
3564 3649 3728 3703 πάλιν

2142 3744 2289 3817 αὐτῷ
2324 3745 2386 3799 τὸ
2419 3744 2529 3798 ἴσον
2571 3743 2734 3798 ὅπλον
2766 3744 2798 3813 ἠ
2828 3743 3081 3813 σφραγὶς,
3122 3744 3213 3796 καὶ
3262 3742 3325 3795 τὸ
3362 3742 3454 3796 τοῦ
3489 3741 3726 3814 Χριστοῦ

2141 3839 2332 3910 ὄνομα,
2359 3838 2454 3892 καὶ
2476 3839 2508 3909 ή
2530 3837 2620 3891 διά
2648 3835 2757 3890 τῶν
2788 3835 2965 3908 εὐχῶν
2989 3836 3084 3889 τοῦ
3117 3835 3437 3890 διδασκάλου
3469 3834 3689 3905 βοήθεια
3706 3872 3721 3896 ,

2142 3930 2209 3984 τὰ
2230 3927 2438 3999 φοϐερά
2457 3927 2564 3981 τῶν
2596 3927 2938 4000 φαινομένων
2959 3944 3018 3980 τε
3052 3927 3144 3981 καὶ
3171 3927 3468 3997 γινομένων
3501 3926 3722 3996 διέχεεν.

2156 4021 2394 4086 Ἀνεθεὶς
2411 4020 2467 4075 δὲ
2494 4004 2696 4092 ἤδητῷ
2722 4019 2894 4085 ὕδατι,
2934 4020 3027 4073 καὶ
3059 4019 3196 4090 πρὸς
3222 4018 3320 4089 τὴν
3347 4018 3523 4083 ἔξοδον
3556 4016 3722 4070 σπεύσ-

2142 4115 2268 4182 δων,
2291 4114 2452 4169 πάλιν
2482 4113 2772 4175 ἐκωλύετο,
2796 4112 2889 4165 τοῦ
2910 4112 3188 4183 δαιμονίου
3206 4110 3305 4181 τῆς
3340 4109 3512 4181 θύρας
3544 4110 3721 4163 άντει-

2142 4206 2206 4278 λη
2217 4205 2446 4276 μμένου.
2471 4204 2634 4258 Ἀλλὰ
2661 4204 2756 4258 καὶ
2787 4202 2944 4256 τοῦτο
2971 4202 3134 4256 πάλιν
3159 4201 3222 4254 τὸ
3249 4201 3476 4271 κώλυμα
3515 4201 3603 4255 διὰ
3625 4202 3719 4270 τῆς

2144 4300 2266 4370 ῐσης
2287 4297 2567 4369 δυνάμεως
2604 4297 2927 4367 αὐτομάτως
2976 4294 3162 4347 ἐλύετο
3186 4335 3200 4356 ,
3233 4296 3296 4365 τῇ
3335 4294 3591 4365 σφραγίδι
3623 4294 3718 4362 τῆς

2144 4390 2314 4462 θύρας
2335 4387 2743 4460 ὑποχωρούσης.
2778 4387 2928 4440 Ἐπεὶ
2959 4386 3015 4440 δὲ
3043 4386 3183 4440 κατὰ
3210 4386 3334 4440 νοῦν
3376 4385 3523 4456 αὐτῷ
3554 4385 3715 4456 προὺο

459 4480 762 4535 dimentum
794 4494 890 4550 per
920 4480 1165 4533 eamdem
1203 4479 1553 4546 vim,sponte
1593 4495 1689 4534 sua
1732 4481 1904 4550 janua
1949 4497 2034 4538 ce—

2144 4485 2450 4554 κεχωρήκει
2489 4481 2557 4535 τά
2601 4480 2800 4542 πάντα,
2837 4478 3094 4549 ἐκϐοῆσαι
3139 4477 3356 4546 λέγεται
3386 4478 3521 4548 πρὸς
3563 4475 3713 4529 αὑτὸν

459 4569 806 4641 dente,siguo
830 4567 1059 4639 (crucis)
1091 4569 1512 4623 diseutiebatur.
1547 4569 1909 4642 Posteaquam
1944 4589 2041 4630 au-

460 4673 568 4719 tem
587 4664 637 4718 ei
655 4664 839 4718 omnia
868 4679 932 4725 ex
961 4663 1233 4718 sententia
1260 4675 1669 4729 successerant,
1699 4667 2041 4726 exclamasse

456 4756 663 4811 dicitur
683 4755 747 4807 ad
785 4769 908 4808 eum
946 4754 1182 4808 humana
1224 4768 1357 4808 voce
1421 4755 1771 4824 daemonium,
1815 4774 1884 4814 ne
1933 4759 2039 4816 sibi

455 4849 712 4905 virtutem
744 4846 889 4900 illam
916 4847 1235 4916 imputaret,
1263 4863 1360 4918 per
1387 4863 1550 4919 quam
1580 4852 1874 4921 perniciem
1904 4854 2041 4917 effu-

2138 4575 2452 4647 ἀνθρωπίνῃ
2486 4574 2635 4643 φωνῇ
2656 4573 2718 4625 τὸ
2746 4570 3040 4643 δαιμόνιον,
3070 4570 3143 4642 μὴ
3171 4572 3258 4624 ἐπ’
3276 4570 3423 4641 αὐτῷ
3444 4570 3542 4639 τὴν
3569 4568 3715 4624 δύνα-

2142 4686 2232 4739 μιν
2271 4666 2483 4737 ἐκείνην
2532 4664 2868 4733 λογίσασθαι,
2898 4663 2965 4718 δι’
2993 4658 3062 4736 ἦς
3103 4663 3194 4716 τὸν
3219 4661 3440 4734 ὄλεθρον
3483 4663 3676 4734 ἔφυγεν
3697 4677 3710 4690 ·

2138 4764 2172 4831 ἡ
2207 4760 2316 4831 γὰρ
2349 4758 2500 4829 φωνὴ
2524 4754 2618 4811 τοῦ
2669 4756 3050 4827 παραθεμένου
3080 4754 3245 4810 αὑτὸν
3279 4754 3356 4825 τῷ
3397 4755 3710 4825 φυλάσσοντι

2136 4856 2199 4908 τὸ
2238 4851 2447 4914 ἀπαθὲς
2475 4849 2789 4921 ἐχαρίσατο.

457 4943 661 5011 gisset;
717 4953 907 4993 vocem
946 4938 1094 4992 enim
1142 4938 1287 5007 ejus,
1338 4955 1368 4994 a
1411 4957 1521 5011 quo
1559 4945 1825 5000 custodia:
1873 4955 2038 5018 atque
2082 4946 2339 5021 praesidio
2379 4943 2565 4998 divino
2608 4939 3025 4995 commendatus
3065 4945 3232 5005 esset,
3285 4937 3386 4993 hoc
3413 4941 3465 4992 ei
3510 4936 3711 5008 ρεξτειὶ-

457 5037 609 5098 tisse,
644 5043 702 5088 ut
730 5034 797 5087 ab
827 5033 1188 5089 incommodis
1217 5042 1369 5088 tutus
1401 5043 1564 5089 essu.

528 5128 792 5182 Servatus
827 5126 1035 5196 igitur,
1074 5126 1536 5198 quemadmodum
1569 5128 1829 5197 diximus,
1865 5132 2039 5188 admi-

458 5219 655 5275 rationi
698 5221 802 5274 loci
846 5220 1120 5290 praefectis
1152 5220 1283 5284 fuit,
1338 5235 1404 5275 eo
1437 5221 1582 5291 quod
1625 5238 1786 5277 nemo
1817 5240 2034 5287 eorum,

459 5310 550 5381 qui
588 5326 828 5381 unquam
883 5310 937 5366 id
981 5312 1243 5383 temporis
1284 5328 1480 5383 aquam
1512 5313 1719 5383 ingredi
1768 5318 1920 5374 aussi
1949 5334 2039 5374 es-

457 5413 603 5469 sent,
630 5404 772 5460 inter
793 5404 947 5461 vivos
976 5417 1164 5474 postea
1198 5416 1529 5476 conspectus
1559 5417 1724 5462 esset.
1762 5408 1898 5464 Cum
1939 5427 2039 5466 au-

459 5502 568 5550 tem
595 5504 649 5549 et
675 5494 777 5549 hos
802 5510 923 5564 qua:
948 5495 1053 5550 sibi
1084 5496 1433 5559 accidissent,
1459 5496 1763 5563 docuisset,
1798 5507 1851 5554 et
1883 5517 2033 5555 mar-

459 5593 638 5655 tyrum
664 5585 718 5638 iu
742 5586 875 5641 urbe
904 5585 1063 5641 fortia
1087 5586 1228 5641 facta
1259 5588 1332 5642 ita
1358 5588 1629 5642 accidisse
1662 5590 2027 5658 cognovisset,

459 5676 917 5747 quemadmodum
941 5693 1171 5750 magnus
1201 5679 1289 5733 ille
1305 5679 1387 5733 vir
1419 5679 1473 5734 in
1505 5680 1800 5735 solitudine
1831 5682 2032 5753 degens

463 5776 589 5826 ante
617 5770 997 5840 exposuisset,
1046 5778 1265 5843 propter
1306 5789 1397 5829 cas
1435 5789 1521 5829 res
1548 5789 1684 5843 quas
1716 5783 1769 5830 et
1800 5775 2026 5832 Vidissz‘t

2210 5128 2504 5195 Διασωθεὶς
2530 5126 2711 5181 τοίνυν
2758 5127 2901 5182 κατά
2932 5127 3021 5181 τὸν
3052 5126 3343 5200 είρημένον
3380 5125 3601 5199 τρόπον,
3629 5122 3710 5178 ἐκ·

2136 5223 2332 5295 πληξιν
2363 5222 2591 5291 παρεῖχε
2617 5222 2728 5284 τοῖς
2760 5220 3110 5274 ὲπιστατοῦσι
3156 5220 3250 5274 τοῦ
3294 5218 3480 5279 τόπου,
3510 5217 3710 5280 οὐδενὸς

2136 5315 2244 5370 τῶν
2284 5312 2501 5368 πώποτε
2531 5311 2672 5366 κατά
2704 5312 2801 5384 τὴν
2843 5311 2990 5383 ὥραν
3033 5312 3248 5382 ἐκείνην
3273 5311 3709 5382 κατα-τολμησάν-

2136 5427 2243 5462 των
2274 5405 2369 5459 τοῦ
2402 5405 2594 5469 ὓδατος
2618 5407 2676 5458 ἐν
2713 5407 2826 5469 τοῖς
2856 5402 2991 5469 ζῶσι
3022 5405 3300 5474 φανέντος.
3343 5405 3497 5458 Ἐπεὶ
3517 5404 3574 5458 δὲ
3593 5402 3708 5456 τού·

2141 5518 2253 5564 τοις
2275 5500 2343 5554 τὰ
2375 5498 2495 5552 καθ’
2512 5497 2700 5551 ἑαυτὸν
2720 5498 3036 5569 διηγήσατο,
3060 5497 3154 5549 καὶ
3180 5497 3248 5549 τὰ
3279 5495 3420 5549 κατᾶ
3444 5498 3544 5560 τὴν
3572 5495 3711 5547 πόλιν

2140 5594 2249 5646 τῶν
2283 5590 2574 5663 μαρτύρων
2612 5590 3078 5662 ἀνδραγαθήματα
3107 5590 3300 5643 τοῦτον
3321 5589 3463 5659 ἔγνω
3496 5606 3713 5658 γεγενη-

2146 5684 2280 5755 μένα
2304 5683 2396 5735 τὸν
2418 5681 2639 5753 τρόπον,
2663 5681 2722 5733 ὃν
2752 5681 2844 5734 ἐπὶ
2868 5681 2969 5751 τῆς
3005 5681 3241 5754 ἐρημίας
3266 5684 3294 5736 ό
3326 5681 3502 5753 μέγας
3520 5681 3710 5749 διάγων

2139 5773 2562 5846 προδιηγήσατφ
2592 5772 2844 5843 προσθεὶς
2897 5776 3005 5835 τοῖς
3049 5774 3174 5844 περὶ
3221 5773 3384 5827 αὐτοῦ
3420 5770 3709 5844 διηγήμαιτί
