4068 6154
401 302 510 361 953

1393 301 1480 355 DE
1521 301 1677 357 VITA
1720 304 1777 358 S.
1806 302 2139 360 GItEGORIl
2180 303 2719 363 TllAUMATURGI.

3545 300 3650 359 954

402 439 465 475 τε
515 419 607 476 καὶ
639 420 901 491 θαύμασι,
930 419 996 472 δι’
1026 412 1101 475 ὧν
1150 434 1211 471 τε
1240 415 1367 484 εἶδε,
1391 421 1485 471 καὶ
1536 419 1605 472 δι’
1652 414 1728 474 ὧν
1758 423 1980 492 ἢκουσε,

2106 428 2135 474 :t
2167 421 2484 486 audivisset,
2517 430 2571 477 et
2598 439 2693 493 per
2719 438 2857 491 quas
2890 437 2993 479 suo
3027 420 3272 492 periculo
3300 429 3464 490 atque
3485 434 3652 488 espe-

406 513 500 566 καὶ
525 512 594 567 δι’
623 506 698 566 ὧν
725 515 789 583 τῇ
816 510 1009 565 ἑαυτοῦ
1040 509 1201 581 πείρα
1230 509 1326 580 τῆς
1357 509 1449 562 τοῦ
1483 511 1719 580 μεγάλου
1745 512 1976 576 πίστεως

407 604 656 675 ἐδιδάχθη
694 604 794 676 τὴν
841 604 1089 674 δύναμιν,
1185 586 1677 673 προσεμαρτύρησε
1704 602 1764 657 τὸ
1786 601 1976 674 δαιμό-

407 713 540 759 νιον,
567 695 730 749 πάλιν
765 694 1053 766 ἀνατρέχει
1082 693 1218 764 πρὸς
1261 692 1353 745 τὸν
1386 692 1734 746 διδάσκαλον·
1768 696 1878 758 τοῖς
1919 712 1978 747 τε

407 785 527 839 κατ’
553 784 732 849 αὐτὸν,
767 786 860 838 καὶ
891 788 1005 847 τοῖς
1039 784 1176 854 μετὰ
1206 781 1380 836 ταῦτα
1421 783 1774 853 κοινὸνςάφεὶς
1807 783 1979 854 φυλα-

408 877 650 948 κτήριον,
677 876 737 930 τὸ
760 876 851 929 διὰ
877 875 985 929 τῶν
1017 876 1205 946 ἱερέων
1256 877 1486 930 ἕκαστον
1533 878 1723 931 ἑαυτὸν
1750 877 1826 948 τῷ
1863 877 1982 949 Θεῷ

411 964 832 1034 παρατίθεσθαι.
877 965 986 1018 Καὶ
1014 964 1108 1019 νῦν
1138 966 1254 1019 ἐστι
1302 966 1400 1036 μὲν
1463 967 1604 1019 κατὰ
1655 968 1836 1020 πᾶσαν
1886 967 1984 1039 τὴν

424 1056 770 1129 Ἐκκλησίαν,
817 1057 1107 1128 ἐξαιρέτως
1138 1057 1195 1110 δὲ
1241 1060 1369 1129 παρ’
1418 1058 1646 1121 ἐκείνοις
1693 1059 1984 1131 ἡτοιαύτη

414 1147 587 1220 φωνὴ,
640 1150 741 1219 τῆς
776 1147 896 1201 τότε
949 1148 1320 1220 γεγενημένης
1369 1147 1447 1219 τῷ
1492 1148 1645 1219 ἀνδρὶ
1689 1148 1839 1219 παρὰ
1889 1148 1983 1201 τοῦ

414 1228 716 1312 Γρηγορίου
765 1240 1017 1311 βοηθείας
1055 1240 1415 1311 μνημόσυνον.
1450 1239 1562 1308 Τῆς
1585 1239 1642 1294 δέ
1677 1238 1988 1310 τυραννίδος

416 1332 631 1404 ἐκείνης
658 1332 758 1403 ἤδη
791 1332 933 1387 κατὰ
962 1331 1111 1385 θείαν
1151 1331 1465 1402 συμμαχίαν
1503 1330 1866 1401 διαλυθείσης,
1895 1330 1989 1383 καὶ

416 1421 578 1476 πάλιν
608 1423 832 1494 είρήνης
878 1422 976 1492 τὴν
1004 1421 1348 1493 ἀνθρωπίνην
1395 1420 1542 1492 ζωὴν
1568 1419 1952 1491 διαδεξαμένης
1972 1458 1987 1483 ,

416 1512 538 1567 καθ’
572 1515 638 1585 ἢν
667 1512 853 1576 ἄνετος
881 1509 950 1585 ἦν
982 1513 1100 1566 κατ’
1140 1512 1390 1578 ἐξουσίαν
1431 1511 1766 1583 προκειμένη
1825 1512 1990 1563 πᾶσιν

414 1609 448 1677 ἡ
471 1605 599 1676 περὶ
627 1604 686 1658 τὸ
704 1604 857 1658 Θεῖον
884 1605 1106 1675 σπουδὴ,
1135 1604 1377 1668 καταϐὰς
1393 1604 1553 1658 πάλιν
1577 1604 1671 1657 ἐπὶ
1694 1602 1793 1674 τὴν
1816 1602 1988 1666 πόλιν,

412 1698 512 1751 καὶ
541 1697 718 1749 πᾶσαν
757 1697 1149 1767 περινοστήσας
1172 1697 1230 1749 ἐν
1251 1696 1435 1767 κύκλῳ
1459 1696 1558 1766 τὴν
1586 1693 1790 1766 χώραν,
1825 1710 1993 1764 προσ-

2079 511 2275 566 rientia
2301 513 2479 581 magni
2504 512 2652 568 illius
2679 513 2780 567 viri
2814 512 2938 568 ﬁdei
2962 513 3102 578 vim,
3136 512 3224 567 cui
3255 511 3419 568 etiam
3450 511 3653 566 demo—

2080 604 2234 657 nium
2292 604 2516 672 insuper
2564 605 2937 659 testimonium
2986 602 3325 672 perhiberet,
3375 601 3655 656 didicisset

2083 694 2171 765 (de
2204 693 2485 748 miraculis
2526 694 2648 762 eius
2695 709 2803 748 non
2848 693 3083 763 amplius
3120 692 3424 759 dubitans).
3460 692 3652 745 iterum

2083 784 2224 839 redit
2270 785 2334 838 a,l
2381 784 2725 854 magistrum,
2773 792 2830 838 et
2861 798 2974 837 sua:
3013 784 3192 837 aetatis
3243 780 3557 835 hominibus
3605 790 3657 834 et

2086 873 2320 942 posteris
2361 887 2651 927 commune
2701 870 3014 943 praesidium
3060 872 3408 940 relinquens,
3457 876 3514 924 ut
3563 884 3658 938 per

2087 965 2399 1021 sacerdOtes
2438 965 2668 1035 quisque
2716 980 2838 1020 sese
2879 962 2989 1018 Deo
3047 963 3389 1018 commendet
3426 980 3439 1017 :
3492 970 3659 1031 atque

2087 1057 2248 1111 etiam
2282 1071 2428 1110 nunc
2457 1070 2579 1109 cum
2620 1070 2715 1124 per
2757 1070 2971 1109 omnem
3010 1054 3332 1118 Ecclesiam,
3369 1062 3483 1107 tum
3519 1068 3657 1123 prae-

2088 1148 2246 1217 cipue
2273 1148 2415 1217 apud
2446 1148 2568 1202 illos
2597 1146 2867 1218 ejusmodi
2906 1162 3007 1200 vox
3048 1161 3147 1215 pro
3177 1160 3530 1200 monumento
3566 1144 3661 1198 ha-
3687 1125 3692 1136 ’

2089 1240 2250 1295 betur
2281 1239 2472 1293 auxilii
2511 1248 2672 1309 atque
2712 1238 2974 1308 prasidii,
3016 1237 3161 1308 quod
3212 1244 3342 1292 tunc
3373 1237 3450 1292 illi
3486 1237 3602 1292 viro
3630 1251 3660 1290 a

2089 1331 2350 1402 Gregorio
2378 1332 2678 1403 praestitum
2719 1341 2822 1387 est.
2856 1330 3123 1386 Caeterum
3164 1345 3288 1383 eum
3310 1330 3421 1398 jam
3459 1329 3664 1383 auxilio

2091 1423 2280 1478 divino
2308 1423 2557 1494 tyrannis
2588 1423 2681 1477 illa
2711 1422 2977 1478 dissoluta
3009 1427 3188 1485 esset,
3230 1434 3294 1473 ac
3327 1435 3429 1489 pax
3468 1434 3663 1473 rursus

2090 1513 2388 1568 humanam
2422 1513 2589 1567 vitam
2623 1512 2963 1581 excepisset,
3014 1526 3108 1580 per
3147 1525 3311 1579 quam
3352 1508 3663 1577 expeditum

2092 1615 2210 1660 erat
2232 1605 2301 1659 ad
2328 1605 2616 1659 arbitrium
2646 1604 2901 1659 omnibus
2937 1602 3154 1658 abunde
3183 1601 3523 1672 propositum
3552 1607 3668 1655 stu-

2093 1697 2243 1753 dium
2275 1712 2402 1766 erga
2430 1712 2631 1751 numen
2659 1697 2925 1762 divinum,
2948 1694 3230 1750 descendit
3261 1708 3453 1747 rursus
3481 1690 3546 1744 ad
3578 1706 3671 1744 ur-

419 1788 596 1859 θήκην
651 1789 884 1840 ἐποιεῖτο
931 1789 1044 1851 τοῖς
1090 1786 1399 1856 ἁπανταχοῦ
1450 1786 1599 1849 λαοῖς
1633 1787 1733 1858 τῆς
1783 1785 1911 1856 περὶ
1934 1784 1996 1838 τὸ

2106 1789 2239 1853 hem,
2270 1796 2325 1842 et
2357 1789 2504 1842 omni
2541 1787 2691 1841 circa
2736 1785 2961 1855 regione
2991 1783 3233 1854 undique
3279 1789 3566 1853 peragrata
3609 1794 3671 1834 ac

418 1880 571 1933 Θεῖον
602 1878 863 1950 σπουδῆς,
887 1879 985 1943 τὰς
1019 1879 1157 1950 ὑπὲρ
1188 1878 1297 1933 τῶν
1317 1878 1687 1951 ἐνηθληκότων
1717 1880 1783 1950 τῇ
1812 1877 1994 1931 πίστει

421 1969 751 2039 πανηγύρεις
780 1970 1161 2041 νομοθετήσας.
1198 1971 1308 2024 Καὶ
1348 1969 1689 2032 διαλαϐόντες
1719 1969 1876 2033 ἄλλος
1903 1969 1996 2022 ἀλ-

421 2058 558 2127 λαχῆ
591 2058 699 2112 τῶν
728 2058 1018 2130 μαρτύρων
1058 2061 1126 2114 τὰ
1165 2059 1426 2131 σώματα,
1460 2060 1599 2115 κατὰ
1640 2060 1737 2131 τὴν
1779 2061 1993 2132 ἐτήσιον

421 2150 516 2203 τοῦ
562 2152 886 2206 ἐνιαυσιαίου
932 2152 1131 2206 κύκλου
1181 2152 1427 2224 περίοδον
1478 2153 1780 2217 συνιόντες,
1827 2152 1997 2225 ἠγάλ-

422 2240 576 2294 λοντο
626 2245 693 2312 τῇ
735 2244 865 2313 τιμῇ
910 2242 1018 2295 τῶν
1052 2242 1343 2314 μαρτύρων
1372 2243 1853 2315 πανηγυρίζοντες.
1887 2245 1997 2297 Καὶ

422 2331 533 2401 γὰρ
563 2331 627 2402 δὴ
660 2333 941 2388 καὶτοῦτο
980 2335 1080 2404 τῆς
1130 2334 1370 2405 μεγάλης
1415 2334 1579 2388 αὐτοῦ
1628 2334 1818 2404 σοφίας
1862 2334 1998 2388 ἁπό-

422 2418 589 2484 δειξις
617 2416 706 2493 ἦν,
749 2423 830 2476 ὃτι
853 2423 988 2493 πρὸς
1015 2424 1196 2477 καινὸν
1222 2424 1334 2494 βίον
1386 2425 1839 2497 μεταῤῥυθμίζων
1891 2427 1998 2480 πᾶ-

428 2527 527 2566 σαν
563 2513 772 2585 ἀθρόως
816 2515 915 2586 τὴν
962 2518 1079 2570 κατ’
1108 2517 1269 2573 αὑτὸν
1293 2518 1504 2587 γενεὰν,
1533 2513 1644 2573 οἷόν
1673 2536 1758 2584 τις
1787 2519 2001 2591 ἡνίοχος

429 2608 655 2669 ἐπιστὰς
690 2610 754 2678 τῇ
795 2607 992 2676 φύσει,
1024 2609 1116 2662 καὶ
1158 2612 1270 2674 τοῖς
1310 2611 1409 2680 τῆς
1454 2611 1687 2675 πίστεως
1742 2612 1837 2666 καὶ
1885 2612 2002 2666 θεο-

428 2698 666 2765 γνωσίας
696 2698 929 2768 χαλινοῖς
960 2700 1213 2769 ἀσφαλῶς
1255 2702 1451 2765 αὐτοὺς
1493 2702 1810 2768 ὑποζεύξας,
1836 2703 2002 2757 ἐνεδί-

428 2789 521 2842 δου
552 2807 604 2842 τι
655 2791 847 2862 μικρὸν
876 2790 952 2860 τῷ
983 2792 1132 2862 ζυγῷ
1164 2793 1264 2863 τῆς
1298 2793 1534 2856 πίστεως
1562 2795 1629 2847 δι’
1669 2795 2003 2866 εὐφροσύνης

432 2880 765 2952 ὑποσκιρτᾷν
813 2881 873 2934 τὸ
902 2884 1159 2953 ὑπήκοον.
1196 2883 1429 2936 Συνιδὼν
1455 2882 1564 2953 γὰρ
1607 2884 1689 2936 ὅτι
1733 2887 1852 2947 ταῖς
1902 2902 2006 2937 σω-

434 2975 691 3042 ματικαῖς
722 2973 1005 3043 θυμηδίαις
1039 2977 1104 3045 τῇ
1146 2975 1273 3045 περὶ
1308 2975 1378 3028 τὰ
1406 2975 1596 3028 εἴδωλα
1629 2975 1806 3046 πλάνῃ
1830 2992 2006 3046 παρα-

435 3062 587 3131 μένει
616 3063 675 3115 τὸ
701 3063 967 3134 νηπιῶδες
1013 3064 1120 3118 τῶν
1156 3065 1364 3118 πολλῶν
1414 3067 1508 3119 καὶ
1540 3065 1863 3119 ἀπαίδευτον
1883 3083 1895 3095 ’
1930 3067 2007 3130 ὠς

2097 1881 2465 1950 perlustrata,
2514 1872 2943 1933 additamentum
3000 1882 3055 1930 et
3104 1873 3260 1944 quasi
3313 1870 3670 1927 corollarium

2096 1970 2263 2029 studii
2296 1986 2424 2040 erga
2457 1985 2656 2025 numen
2692 1968 2936 2023 divinum
2970 1965 3290 2021 instituebat
3316 1962 3458 2032 apud
3481 1975 3672 2017 omnes

2100 2062 2300 2132 ubique
2348 2062 2575 2132 populos
2610 2059 2902 2124 sanciens,
2958 2064 3016 2110 ut
3058 2055 3275 2111 nomine
3308 2068 3530 2117 eorum,
3581 2056 3672 2120 qui

2099 2168 2199 2223 pro
2242 2152 2349 2207 ﬁde
2390 2153 2802 2215 decertassent,
2855 2148 2975 2203 dies
3023 2145 3148 2201 festi
3194 2152 3358 2213 atque
3402 2142 3674 2197 solemnes

2099 2250 2402 2298 conventus
2454 2241 2865 2298 celebrarentur
2899 2255 2912 2292 :
2968 2249 3201 2305 cumque
3232 2233 3370 2288 alius
3420 2233 3474 2285 in
3509 2231 3673 2285 alium

2100 2334 2278 2390 locum
2308 2348 2541 2405 corpora
2568 2340 2870 2402 martyrum
2901 2327 3268 2391 diduxissent,
3297 2339 3394 2394 per
3423 2322 3677 2377 annirer~

2104 2426 2312 2483 sarium
2347 2425 2539 2480 circuli
2575 2423 2839 2477 ambitum
2883 2418 3196 2491 congregati
3234 2416 3577 2476 laetabantur.
3620 2413 3677 2466 in

2103 2517 2366 2571 honorem
2408 2526 2710 2585 martyrum
2765 2510 2931 2566 ferias
2980 2516 3222 2579 agentes.
3275 2506 3481 2560 Etenim
3509 2503 3675 2559 etiam

2102 2610 2207 2664 hoc
2238 2609 2494 2662 nimirum
2530 2621 2742 2678 magna:
2768 2605 3049 2675 sapientia:
3079 2609 3242 2671 atque
3293 2597 3529 2655 solertiae
3558 2594 3679 2664 ejus

2103 2705 2497 2759 documentum
2538 2710 2653 2764 est,
2708 2698 2852 2769 quod
2894 2712 3018 2753 cum
3070 2709 3261 2751 omnes
3305 2706 3416 2748 suae
3453 2704 3680 2760 prorsus

2105 2796 2282 2851 aetatis
2309 2810 2373 2849 ac
2395 2794 2573 2865 gentis
2608 2793 2858 2848 homines
2892 2790 2960 2845 ad
2993 2803 3193 2844 novum
3218 2786 3341 2839 vitm
3373 2782 3679 2838 institutum

2106 2871 2548 2949 transformaret,
2602 2891 2656 2939 et
2699 2890 2959 2952 tanquam
2993 2880 3179 2950 auriga
3213 2876 3433 2948 quidam
3475 2882 3683 2927 natura:

2113 2975 2408 3045 prmfectus
2440 2972 2563 3028 lidei
2599 2954 2662 3027 ac
2686 2970 2783 3026 Dei
2817 2970 3116 3043 agnitionis
3166 2966 3336 3021 frenis
3373 2979 3468 3020 eos
3510 2961 3680 3017 ﬁrmi-

2107 3073 2189 3122 ter
2217 3066 2554 3137 subjugaret,
2600 3063 2939 3132 indulgebat,
2987 3070 3046 3115 ut
3095 3057 3375 3128 paululum
3422 3052 3681 3123 quiddam

432 3150 500 3204 ἂν
532 3153 593 3204 τὸ
624 3154 1033 3225 προηγούμενον
1061 3155 1197 3218 τέως
1229 3157 1287 3208 ἐν
1333 3157 1519 3220 αὐτοῖς
1543 3156 1774 3227 μάλιστα
1808 3173 2004 3225 κατορ-

2111 3156 2312 3212 subditi
2342 3155 2592 3226 subjugo
2618 3154 2738 3210 fidei
2764 3153 2947 3208 laetitia
2966 3150 3322 3206 exsultarent.
3348 3145 3483 3202 Cum
3509 3145 3685 3199 anim-

433 3240 651 3312 θωθείη,
686 3244 747 3296 τὸ
773 3244 908 3315 πρὸς
930 3244 1061 3297 Θεὸν
1093 3246 1212 3298 ἀντὶ
1237 3246 1347 3299 τῶν
1382 3245 1624 3317 ματαίων
1651 3246 2008 3317 σεϐασμάτων

434 3331 672 3402 βλέπειν,
706 3334 989 3405 ἐπαφῆκεν
1012 3337 1194 3400 αὐτοῖς
1218 3337 1337 3401 ταῖς
1364 3336 1472 3389 τῶν
1507 3337 1675 3404 ἁγίων
1717 3335 2006 3407 μαρτύρων

431 3422 894 3494 ἐμφαιδρύνεσθαι
927 3425 1188 3495 μνήμαις,
1214 3424 1309 3478 καὶ
1346 3425 1622 3490 εὐπαθεῖν,
1656 3424 1750 3478 καὶ
1774 3424 2005 3493 ἀγάλλε-

436 3513 580 3577 σθαι,
611 3514 687 3577 ὼς
710 3516 886 3586 χρόνῳ
912 3518 1041 3569 ποτέ
1065 3517 1202 3571 κατὰ
1230 3517 1291 3570 τὸ
1316 3518 1620 3589 αὐτόματον
1641 3520 1777 3591 πρὸς
1810 3521 2003 3592 σεμνό-

433 3606 588 3677 τερόν
641 3625 700 3661 τε
748 3610 841 3662 καὶ
883 3610 1270 3681 ἀκριϐέστερον
1337 3612 1838 3684 μετατεθησομένου
1910 3613 2005 3667 τοῦ

436 3696 576 3765 βίου,
617 3700 711 3752 καὶ
757 3700 892 3770 πρὸς
934 3703 1109 3753 ἐκεῖνο
1150 3701 1567 3772 καθηγουμένης
1606 3702 1706 3771 τῆς
1750 3703 2005 3769 πίστεως,

433 3787 572 3859 ὅπερ
597 3788 661 3861 δὴ
691 3791 784 3842 καὶ
812 3793 870 3843 ἐν
897 3793 1008 3854 τοῖς
1033 3790 1248 3853 πολλοῖς
1294 3791 1395 3861 ήδη
1427 3790 1781 3862 κατωρθώθη,
1828 3793 2007 3862 πάσης

436 3879 701 3951 θυμηδίας
723 3883 831 3936 ἀπὸ
856 3882 967 3935 τῶν
1004 3883 1094 3936 τοῦ
1121 3881 1370 3952 σώματος
1392 3884 1563 3954 ἡδέων
1599 3884 1735 3956 πρὸς
1758 3886 1818 3938 τὸ
1846 3903 2007 3939 πνευ-

440 3973 667 4043 ματικὸν
686 3973 786 4044 τῆς
810 3974 1144 4045 εὐφροσύνης
1177 3970 1315 4039 εἶδος
1355 3976 1759 4047 μετατεθείσης.

2111 3247 2440 3302 advertisset
2473 3248 2619 3309 enim
2659 3243 2805 3315 quod
2841 3251 3062 3314 propter
3088 3239 3339 3309 corporis
3373 3238 3684 3306 voluptates

2109 3338 2344 3408 simplex
2369 3344 2423 3393 et
2452 3337 2766 3407 imperitum
2798 3335 2994 3403 vulgus
3031 3332 3084 3386 in
3117 3345 3305 3386 errore
3355 3326 3684 3383 simulacro-

2105 3445 2227 3484 rum
2262 3429 2447 3484 cultus
2468 3432 2834 3498 permaneret,
2859 3440 2969 3493 quo
2996 3422 3230 3476 maxime
3264 3418 3340 3482 id,
3376 3416 3519 3487 quod
3545 3431 3684 3486 pra:-

2103 3522 2325 3591 cipuum
2352 3526 2467 3581 est,
2499 3517 2718 3571 interim
2767 3514 2822 3568 in
2854 3514 2921 3569 iis
2950 3520 3356 3580 assequeretur,
3390 3520 3583 3575 nempe
3617 3512 3677 3558 ut

2112 3612 2271 3667 vanis
2296 3607 2785 3679 superstitionibus
2826 3604 3030 3659 relictis
3079 3601 3144 3656 ad
3190 3599 3358 3654 Deum
3407 3605 3688 3652 converte-

2114 3711 2324 3765 rentur,
2358 3699 2609 3770 permisit
2641 3699 2756 3761 eis,
2806 3705 2861 3750 ut
2893 3696 2950 3750 in
3003 3692 3320 3748 memoriam
3373 3695 3688 3743 sanctorum

2114 3801 2415 3865 martyrum
2455 3806 2578 3847 sese
2620 3789 2993 3846 exbilararent
3042 3791 3097 3839 et
3134 3783 3498 3843 oblectarent,
3529 3786 3693 3848 atque

2116 3890 2172 3943 in
2207 3888 2451 3943 laetitiam
2495 3882 2908 3941 ellunderentur
2954 3898 2967 3934 :
3004 3878 3150 3949 quod
3190 3888 3454 3931 successu
3486 3882 3688 3940 tempo-

2111 3982 2193 4036 ris
2221 3977 2519 4049 aliquando
2550 3976 2794 4031 futurum
2816 3980 3060 4034 esset,ut
3095 3985 3191 4025 sua
3226 3974 3422 4037 Sponte
3449 3963 3695 4018 homines

440 4064 508 4119 ad
532 4065 896 4121 honestiorem
920 4076 974 4121 et
1002 4068 1331 4121 exactiorem
1360 4068 1480 4121 vitae
1510 4069 1776 4122 rationem
1819 4070 2139 4135 transirent,
2190 4069 2494 4141 praesertim
2544 4083 2671 4122 cum
2719 4065 2886 4120 etiam
2939 4061 3071 4117 fides
3112 4061 3177 4114 ad
3219 4058 3363 4113 illam
3402 4070 3514 4110 rem
3553 4053 3694 4106 viam

441 4165 886 4226 prazmonstraret
919 4176 931 4211 :
963 4173 1084 4228 quae
1114 4172 1202 4213 res
1236 4158 1496 4212 nimirum
1530 4159 1642 4229 jam
1670 4159 1835 4212 etiam
1867 4158 1920 4213 in
1963 4162 2239 4232 plerisque
2268 4159 2538 4216 successit
2567 4166 2734 4229 atque
2760 4151 3009 4210 confecta
3041 4157 3146 4215 est,
3174 4148 3319 4204 omni
3353 4148 3630 4215 voluptate
3663 4157 3695 4194 a

443 4252 690 4320 corporis
727 4251 1140 4306 oblectamentis
1173 4251 1238 4305 ad
1276 4251 1613 4321 spiritualem
1648 4251 1848 4306 laetitia:
1878 4252 2111 4308 formam
2139 4254 2408 4308 traducta.

512 4343 713 4398 Τοῦτον
736 4344 793 4398 δὲ
824 4346 914 4398 τὸν
940 4345 1141 4416 τρόπον
1173 4343 1661 4415 ἐμπολιτευόμενος
1682 4348 1750 4418 τῇ
1784 4346 2014 4417 Ἐκκλη-

2193 4348 2332 4403 Cum
2364 4354 2546 4401 autem
2572 4344 2677 4400 hoc
2703 4341 2866 4398 modo
2892 4355 2951 4397 se
2987 4345 3222 4411 gereret,
3253 4342 3308 4389 et
3343 4345 3568 4386 munere
3597 4344 3696 4385 suo

445 4436 556 4505 σίᾳ,
593 4437 681 4490 καὶ
722 4437 956 4508 σπουδὴν
1009 4435 1148 4505 ἔχων
1206 4435 1314 4506 πρὸ
1349 4435 1448 4506 τῆς
1476 4438 1541 4488 ἐκ
1574 4434 1667 4489 τοῦ
1702 4435 1818 4506 βίου
1853 4431 2004 4508 μετα-

2125 4439 2447 4512 fungeretur
2476 4438 2531 4493 in
2550 4432 2797 4495 Ecclesia
2827 4427 3289 4489 administranda,
3317 4431 3370 4479 ct
3400 4430 3696 4512 antequam

447 4528 687 4591 στάσεως
715 4528 920 4591 πάντας
955 4530 1083 4582 ἰδεῖν
1114 4529 1250 4600 πρὸς
1272 4526 1369 4599 τὴν
1405 4528 1669 4599 σωτήριον
1706 4528 1886 4582 πίστιν
1916 4530 2023 4582 ἀπὸ

445 4621 555 4673 τῶν
601 4620 830 4673 εἰδώλων
878 4619 1235 4690 μεταθέντας·
1292 4619 1478 4688 ἐπειδὴ
1535 4620 1783 4690 προέγνω
1830 4619 2022 4673 ἑαυτοῦ

447 4714 547 4784 τὴν
594 4712 944 4783 μετάστασιν,
972 4712 1175 4783 σπουδῇ
1240 4696 1438 4764 πᾶσάν
1466 4727 1526 4763 τε
1556 4711 1655 4780 τὴν
1722 4710 2026 4781 περιοικίδα

449 4805 858 4876 διηρευνὴσατο.
895 4806 1083 4873 μαθεῖν
1116 4803 1286 4858 θέλων
1320 4804 1373 4857 εἴ
1418 4821 1565 4867 τινες
1615 4800 1725 4855 εἶεν
1766 4806 1817 4856 οί
1880 4822 2026 4874 περι-

451 4892 758 4962 λειφθέντες
810 4891 913 4956 ἐξω
972 4896 1068 4964 τῆς
1126 4893 1376 4958 πίστεως.
1415 4893 1564 4947 Ἐπεὶ
1604 4888 1698 4946 οὖν
1735 4892 1876 4961 ἔγνω
1900 4895 2026 4957 τοὺς

453 4985 985 5057 παραμεμενηκότας
1013 4987 1079 5056 τῇ
1106 4986 1307 5057 ἀρχαίᾳ
1326 4986 1501 5059 πλάνῃ
1534 4984 1609 5056 μὴ
1638 4985 1856 5048 πλείους
1887 4980 2026 5038 εἶναι

408 5126 413 5133 ,
453 5082 561 5135 τῶν
616 5078 1003 5142 ἑπτακαίδεκα,
1037 5077 1366 5149 Σκυθρωπὺν
1402 5078 1500 5148 μὲν
1544 5078 1637 5130 καὶ
1690 5077 1864 5141 τοῦτο,
1894 5078 2028 5147 φησι

456 5173 592 5242 πρὸς
620 5172 708 5227 τὸν
738 5171 868 5225 Θεὸν
900 5169 1228 5239 ἀποϐλέψας,
1258 5170 1318 5222 τὸ
1345 5169 1518 5222 λιπεῖν
1542 5186 1596 5222 τι
1626 5169 1703 5239 τῷ
1728 5169 1837 5222 τῶν
1861 5168 2027 5234 σωζοέ

461 5265 636 5336 μένων
688 5263 1033 5336 πληρώματι.
1062 5262 1209 5333 Πλὴν
1229 5261 1365 5315 ἀλλὰ
1393 5261 1637 5333 μεγάλης
1679 5261 2029 5332 εὐχαριστίας

458 5355 608 5419 ἄξιον
635 5394 649 5417 ,
679 5355 761 5407 ὅτι
793 5354 1078 5417 τοσούτους
1117 5350 1437 5405 καταλείπει
1484 5351 1612 5413 τοὺς
1641 5349 2029 5420 είδωλολάτρας

457 5446 538 5516 τῷ
565 5447 678 5518 μετ’
698 5447 857 5501 αὐτὸν
880 5447 1219 5516 ἐκδεχομένῳ
1245 5443 1342 5516 τὴν
1385 5443 1727 5514 Ἐκκλησίαν,
1749 5443 1906 5506 ὂσους
1933 5443 2031 5494 αύ-

460 5538 552 5601 τὸς
601 5538 954 5607 Χριστιανοὺς
1014 5536 1326 5602 ὑπεδέξατο.
1380 5536 1775 5605 Ἐπευξάμενος
1817 5535 1875 5588 δὲ
1919 5537 2031 5599 τοῖς

461 5646 522 5682 τε
575 5632 985 5683 πεπιστευκόσιν
1014 5632 1111 5702 ἤδη
1159 5630 1256 5699 τὴν
1309 5630 1388 5691 είς
1443 5627 1504 5680 τὸ
1554 5628 1753 5680 τέλειον
1784 5625 2031 5696 αὔξησιν,

465 5721 559 5776 καὶ
587 5721 686 5794 τὴν
719 5723 1046 5795 ἐπιστροφὴν
1091 5726 1202 5787 τοῖς
1233 5721 1500 5787 ἀπίστοις,
1536 5718 1675 5772 οὕτω
1704 5718 1793 5771 τοῦ
1819 5717 2030 5787 ἀνθρω-

2124 4510 2412 4585 excederet
2446 4528 2577 4590 vita,
2606 4531 2833 4596 cuperet
2861 4536 3052 4577 omnes
3100 4535 3129 4572 a
3165 4512 3477 4571 simulacris
3513 4510 3579 4564 ad
3606 4526 3698 4564 sa-

2126 4620 2357 4674 lutarem
2389 4617 2547 4673 ﬁdem
2575 4616 2762 4671 videre
2785 4623 3114 4669 conversos,
3168 4602 3262 4658 ubi
3292 4616 3453 4656 suum
3489 4599 3698 4653 obitum

2126 4706 2444 4779 prasensit,
2501 4704 2749 4761 studiose
2811 4699 3212 4768 diligenterque
3280 4697 3450 4745 totam
3512 4687 3699 4779 urbem

2126 4778 2428 4871 agrumque
2451 4796 2602 4851 circa
2628 4793 2873 4848 vicinum
2906 4792 3307 4858 perscrutatur,
3339 4781 3481 4836 seire
3510 4778 3702 4833 volens

2125 4866 2285 4964 ecqui
2318 4866 2497 4946 adhuc
2542 4894 2731 4944 essent
2768 4892 2923 4941 extra
2955 4881 3114 4936 ﬁdem
3163 4875 3361 4931 relicti.
3414 4871 3485 4927 Ut
3536 4870 3704 4941 igitur
3755 4866 3776 4940 ζ

2127 4960 2404 5057 cognovit,
2437 4997 2547 5038 non
2576 4981 2762 5052 plures
2794 4971 3184 5047 septemdecim
3220 4982 3363 5031 esse,
3394 4964 3489 5036 qui
3529 4964 3705 5057 inan-
3740 4960 3773 5057 ,ξ

2129 5055 2281 5146 tique
2303 5089 2489 5130 errore
2511 5069 2946 5144 permansissent
2970 5084 2983 5119 :
3004 5062 3275 5118 Acerbum
3296 5058 3513 5130 quidem
3539 5055 3702 5110 etiam

2128 5145 2262 5232 hoc,
2314 5167 2494 5237 inquit
2550 5165 2616 5219 ad
2661 5163 2829 5219 Deum
2876 5154 3208 5227 suspiciens,
3254 5152 3448 5207 deesse
3494 5145 3700 5216 aliquid

2129 5270 2318 5313 eorum
2371 5253 2736 5325 plenitudini,
2793 5249 2888 5319 qui
2937 5251 3247 5303 servantur.
3312 5239 3703 5309 Verumtamen

2132 5362 2325 5417 magna
2358 5345 2655 5414 gratiarum
2695 5341 2913 5395 actione
2944 5338 3165 5408 dignam
3205 5348 3320 5387 rem
3348 5345 3473 5386 esse
3499 5328 3701 5395 aiebat,

2132 5439 2277 5509 quod
2324 5434 2551 5491 totidem
2602 5432 3022 5486 simulacrorum
3063 5427 3305 5482 cultores
3367 5422 3706 5490 relinqueret

2131 5531 2204 5592 ei,
2224 5529 2317 5600 qui
2347 5527 2452 5583 sibi
2479 5538 2841 5582 successurus
2867 5529 3014 5577 esset
3045 5519 3099 5573 in
3124 5514 3395 5576 Ecclesia,
3418 5518 3552 5583 quot
3586 5510 3705 5580 ipse

2134 5619 2479 5678 Christianos
2508 5615 2815 5686 accepisset
2854 5631 2866 5668 :
2896 5618 3151 5685 precatus
3182 5618 3373 5663 autem
3408 5615 3464 5661 et
3496 5605 3584 5668 iis,
3610 5600 3704 5670 qui

2132 5715 2245 5784 jam
2280 5711 2675 5785 credidissent,
2726 5707 3127 5766 incrementum
3175 5700 3244 5758 ad
3287 5698 3702 5769 perfectionem.

3738 4730 3759 4783 P-

3748 4784 3764 4856 ξ

3740 5037 3750 5066 l
