4068 6154
403 236 512 295 955

1636 251 1696 305 S.
1757 251 2082 313 GREGORII
2137 258 2429 317 NYSSENI

3550 270 3656 327 955

399 364 455 410 et
485 353 785 411 incredulis
828 359 1279 428 conversionem,
1335 361 1409 416 ita
1450 361 1714 438 (tandem)
1763 385 1829 426 ex
1861 371 1973 427 vita

2096 374 2233 430 τίνου
2265 377 2382 448 βίου
2412 377 2551 450 πρὸς
2586 378 2678 433 τὸν
2717 379 2850 434 Θεὸν
2891 382 3299 452 μετανίσταται,
3348 385 3660 457 ἐπισκὴψας

401 449 642 502 humana
675 449 742 503 ad
773 448 944 504 Deum
994 450 1190 521 migrat
1215 491 1229 516 ,
1280 453 1591 513 obtestatus
1631 465 1976 520 necessarios

402 554 555 603 suos,
591 553 659 592 ne
690 539 1017 607 peculiarem
1050 541 1155 598 sibi
1198 543 1382 599 locum
1425 550 1721 618 sepulturae
1758 568 1979 623 compa-

343 618 351 659 ῖ
402 636 605 683 rarent.
638 627 771 683 Nam
811 631 859 685 si
898 631 1054 687 vivus
1086 634 1290 691 nullius
1337 638 1438 692 loci
1487 641 1745 700 dominus
1786 648 1974 702 vocari

403 719 685 784 voluisset,
716 719 810 774 sed
842 722 895 775 in
928 723 1124 779 alienis
1158 732 1417 797 tanquam
1450 731 1755 802 inquilinus
1777 745 1829 790 et
1856 752 1980 807 per-

399 813 625 882 egrinus
674 813 928 870 habitans
955 816 1122 870 vitam
1158 822 1532 891 transegisset,
1575 841 1644 881 ne
1679 835 1803 897 post
1830 843 1978 883 mor-

402 911 508 956 tem
535 904 753 973 quidem
779 920 1005 975 prorsus
1035 907 1423 978 inquilinatum
1452 912 1554 967 sibi
1583 914 1838 970 dedecori
1867 916 1983 971 fore

403 1002 593 1063 putare
622 1012 636 1049 :
663 994 765 1049 Sed
783 997 1097 1066 insequenti,
1144 1000 1341 1069 inquit,
1378 1004 1572 1057 saeculo
1598 1005 1747 1073 fama
1784 1008 1981 1076 proda—

403 1095 511 1151 tur,
542 1085 680 1151 quod
702 1084 981 1157 Gregorius
1007 1106 1097 1143 nec
1122 1092 1290 1145 virens
1322 1094 1531 1162 quidem
1559 1095 1624 1148 ab
1659 1097 1837 1168 aliqua
1868 1098 1982 1154 loco

402 1178 800 1246 cognominatus
829 1180 921 1242 sit,
947 1191 996 1234 et
1024 1192 1142 1249 post
1175 1192 1394 1236 mortem
1417 1186 1713 1240 alienorum
1746 1189 1982 1244 locorum

401 1262 561 1332 fuerit
587 1265 895 1334 inquilinus,
917 1284 1035 1320 cum
1051 1269 1116 1322 ab
1144 1272 1285 1324 omni
1307 1281 1509 1327 terrena
1528 1279 1855 1343 possessione
1875 1297 1985 1335 sese

404 1357 771 1423 abstinuisset,
823 1360 951 1413 adeo
979 1372 1034 1414 ut
1089 1379 1151 1417 ne
1195 1364 1404 1432 sepeliri
1440 1367 1649 1436 quidem
1684 1370 1741 1422 in
1770 1374 1984 1441 proprio

405 1446 521 1502 loco
570 1450 921 1515 sustinuerit;
987 1453 1159 1507 solam
1209 1459 1346 1510 enim
1401 1459 1554 1513 illam
1603 1463 1984 1529 possessionem

406 1542 692 1607 pretiosam
742 1551 793 1596 et
833 1546 1176 1612 expetendam
1215 1562 1453 1617 putasse,
1498 1568 1616 1621 quae
1679 1553 1889 1623 fraudis
1936 1565 1985 1609 et

408 1635 649 1688 avaritia:
688 1636 961 1706 vestigium
994 1639 1049 1691 in
1091 1656 1203 1694 sese
1259 1658 1363 1695 non
1408 1643 1662 1698 admittit.
1714 1645 1985 1702 Caiterum

406 1725 553 1795 quod
590 1727 843 1783 universa
878 1739 1103 1799 repente
1134 1733 1283 1787 natio
1319 1749 1347 1788 a
1389 1734 1708 1792 Grmcanica
1741 1741 1984 1795 vanitate

406 1818 472 1872 ad
531 1819 865 1890 agnitionem
919 1823 1169 1880 veritatis
1227 1827 1480 1881 traducta
1526 1839 1639 1896 est,
1683 1831 1985 1890 admiretur

406 1910 625 1981 quidem
651 1914 967 1985 quicunque
1001 1915 1105 1970 hoc
1133 1919 1401 1989 scriptum
1439 1920 1616 1992 leget;
1661 1939 1823 1979 nemo
1857 1942 1985 1982 vero

408 2005 570 2059 tidem
601 2005 875 2072 detrahat,
905 2008 1000 2062 sed
1047 2008 1114 2063 ad
1148 2011 1565 2082 dispositionem
1597 2026 1762 2087 atque
1795 2020 1983 2074 consi-

407 2097 540 2151 lium
578 2098 861 2167 respiciat,
894 2116 1006 2169 quo
1031 2110 1179 2156 tanta
1218 2106 1452 2161 mutatio
1489 2105 1630 2162 facta
1662 2117 1747 2165 est
1769 2126 1984 2178 eorum,

405 2189 500 2258 qui
539 2203 570 2242 a
603 2190 890 2247 mendacio
922 2193 990 2247 ad
1038 2194 1326 2252 veritatem
1375 2198 1609 2255 traducti
1641 2209 1789 2259 sunt.
1849 2203 1983 2258 Nam

406 2278 555 2349 quod
582 2279 637 2333 in
668 2281 863 2350 primis
893 2283 1189 2339 sacerdotii
1224 2288 1346 2356 ejus
1387 2291 1724 2360 temporibus
1762 2294 1984 2360 accidit,

407 2370 553 2441 quod
584 2369 650 2424 ad
691 2372 901 2442 reliqua
933 2375 1199 2429 miracula
1243 2377 1513 2434 festinans
1545 2382 1724 2435 oratio
1766 2392 1989 2452 praeter-

409 2462 579 2522 misit.
615 2478 761 2517 nunc
792 2465 1077 2534 repetitum
1123 2477 1289 2539 atque
1329 2481 1666 2542 rcsumptum
1692 2489 1985 2545 exponam.

410 2553 584 2610 Feria:
612 2557 858 2626 quatdam
886 2559 1119 2627 publica:
1143 2570 1196 2615 ct
1226 2562 1568 2619 universales
1595 2575 1752 2620 erant
1781 2568 1835 2622 iu
1857 2571 1990 2625 urbe

408 2649 639 2703 daemonii
671 2650 885 2703 cuidam
919 2649 1241 2719 domestico,
1273 2656 1454 2724 patrio
1508 2658 1745 2726 quodam
1777 2659 1884 2713 ritu
1924 2675 1989 2715 ac

411 2756 561 2795 more
588 2741 816 2796 solemni
850 2743 1114 2797 celebrari
1139 2756 1437 2812 COtlSllPliB,
1471 2748 1535 2802 ad
1565 2766 1701 2820 quas
1728 2767 1832 2805 una
1862 2768 1988 2806 cum

412 2831 642 2887 urbanis
688 2834 1048 2890 celebrandas
1108 2837 1364 2893 universa
1413 2843 1804 2909 propemodum
1856 2861 1990 2915 gens

410 2943 475 2981 cx
507 2934 619 2981 tota
663 2941 725 2980 ea
774 2928 994 2997 regione
1040 2929 1348 2984 conﬂuebat
1403 2952 1414 2986 :
1460 2942 1626 3003 atque
1658 2951 1849 2991 eorum
1896 2938 1989 3009 qui

412 3025 830 3080 concurrerant,
862 3019 1130 3074 theatrum
1166 3022 1384 3092 plenum
1416 3033 1552 3090 erat,
1583 3035 1637 3080 et
1661 3043 1874 3090 eorum,
1895 3030 1988 3099 qui

415 3111 673 3181 postremi
704 3109 1057 3174 amuxcrant,
1104 3114 1397 3168 multitudo
1429 3115 1709 3173 subselliis
1751 3120 1993 3192 undique

414 3200 933 3271 superfundebatur,
971 3210 1137 3272 atque
1167 3203 1423 3261 omnibus
1457 3206 1523 3260 ad
1557 3212 1870 3278 spectacula
1910 3221 1994 3265 at-

414 3309 522 3365 que
585 3301 897 3348 acroamata
956 3295 1299 3350 orchestram
1370 3298 1572 3354 intueri
1617 3301 1991 3371 cupientibus,

415 3387 575 3456 plena
608 3393 727 3440 erat
761 3400 926 3442 scena
970 3389 1239 3444 tumultus
1274 3397 1329 3444 et
1364 3392 1770 3461 trepidationis,
1806 3395 1994 3450 irrita-

414 3493 521 3549 que
547 3477 1035 3550 prtestigiatoribus
1075 3482 1519 3554 mirabiliumque
1552 3489 1993 3555 spectaculorum

415 3569 723 3625 artiﬁcibus
751 3571 1068 3635 ostentatio,
1109 3573 1348 3627 tumultu
1391 3589 1516 3630 sese
1555 3583 1748 3633 mutuo
1781 3578 1994 3635 consti-

416 3662 662 3732 pantium
726 3677 834 3729 non
886 3662 1050 3718 modo
1095 3664 1522 3720 oblectationem
1557 3667 1783 3722 musica:
1827 3668 1998 3740 impe-

415 3753 619 3818 diente,
645 3751 738 3809 sed
768 3766 837 3809 ne
859 3753 1283 3811 circulatoribus
1309 3755 1602 3825 quidemet
1628 3757 1996 3828 praestigiato-

418 3846 573 3900 ribus
592 3860 721 3900 suas
742 3854 888 3899 artes
907 3846 1221 3901 ostentandi
1238 3854 1453 3909 tempus
1474 3848 1831 3906 concedente.
1857 3849 1996 3906 Tum

418 3953 549 3993 vero
580 3938 890 3992 communis
934 3938 1003 3992 ab
1048 3939 1200 3992 omni
1234 3939 1589 3995 multitudine
1621 3943 1862 4011 erumpit
1893 3959 1998 3998 vox

419 4028 848 4089 dmmouem,cui
877 4027 1019 4082 diem
1047 4026 1250 4083 festum
1274 4031 1529 4101 agebant,
1562 4031 1996 4102 implorantium,

419 4131 476 4179 ct
505 4123 575 4177 ab
597 4122 691 4176 illo
716 4119 821 4175 sibi
846 4119 1120 4175 laxitatem
1150 4120 1262 4176 ﬁeri
1287 4123 1607 4191 petentium.
1633 4122 1998 4197 Posteaquam

417 4222 601 4268 autem
647 4213 903 4267 omnibus
939 4213 1102 4267 simul
1151 4212 1506 4282 loquentibus
1566 4213 1619 4268 in
1663 4216 1836 4269 altum
1892 4232 1999 4271 vox

419 4306 736 4369 tollebatur,
770 4320 833 4359 ac
862 4306 1031 4360 totius
1066 4305 1310 4361 civitatis
1339 4306 1505 4360 veluti
1548 4308 1712 4362 unius
1740 4310 1854 4364 oris
1882 4324 1999 4365 ser-

420 4414 511 4454 mo
538 4413 663 4453 esse
696 4397 1005 4459 videbatur,
1062 4412 1172 4467 quo
1208 4399 1293 4453 ha:
1333 4415 1523 4470 preces
1567 4398 1801 4454 daemoni
1838 4401 1999 4455 adhi-

418 4491 695 4546 bebantur
724 4488 878 4562 (erat
912 4497 1094 4545 autem
1125 4490 1390 4559 precatio,
1422 4499 1482 4545 ut
1528 4492 1645 4561 ipsa
1676 4493 1842 4547 verba
1874 4492 1998 4562 ejus

416 4586 758 4642 audiantur:
807 4581 1040 4654 Jupiter,
1077 4583 1164 4654 [ac
1207 4583 1357 4639 nobis
1399 4584 1614 4655 locum),
1647 4584 1836 4640 audito
1869 4602 2001 4642 sane

418 4692 653 4750 magnus
679 4677 773 4732 ille
813 4677 897 4731 vir
931 4691 1073 4732 sono
1107 4676 1436 4732 nominatim
1476 4678 1852 4733 invocantium
1885 4678 1998 4733 dte-

2030 4443 2077 4500 D

2077 470 2189 532 τοῖς
2216 470 2557 542 ἐπιτηδείοις,
2591 472 2666 544 μὴ
2700 473 3002 544 κτήσασθαι
3031 475 3194 528 τόπον
3224 476 3372 548 αὐτῷ
3395 478 3532 548 πρὸς
3559 497 3659 533 τα-

2080 557 2185 629 φὴν
2221 559 2507 624 ἰδιάζοντα.
2542 562 2605 615 Εἰ
2650 562 2758 634 γὰρ
2790 564 2929 630 ζῶν,
2981 565 3168 636 κύριος
3199 567 3460 637 κληθῆναι
3493 570 3661 624 τόπου

2078 649 2225 725 τινὸς
2248 652 2346 705 οὐκ
2388 651 2627 717 ἐδέξατο,
2659 654 2795 708 ἀλλά
2852 656 3132 726 παροικῶν
3154 659 3210 712 ἐν
3240 659 3542 729 ἀλλοτρίοις
3563 661 3662 715 τὸν

2082 741 2196 812 βίον
2239 741 2515 814 διήγαγεν,
2551 745 2673 799 οὐδὲ
2718 747 2855 815 μετά
2887 747 3112 802 θάνατον
3140 753 3205 821 τῇ
3233 753 3495 823 παροικίᾳ
3519 754 3660 807 πάν-

2080 851 2187 898 τως
2219 835 2713 907 ἐπαισχυνθήσεται
2742 855 2755 868 ·
2795 839 2946 894 Ἀλλ’
2987 840 3163 906 ἔστω,
3193 844 3328 911 φησι
3347 885 3360 905 ,
3390 842 3474 908 τῷ
3511 847 3664 913 μετὰ

2082 925 2268 978 ταῦτα
2289 927 2406 992 βίῳ
2429 926 2705 998 διήγημα,
2735 929 2824 983 ὅτι
2855 932 3176 999 Γρηγόριος
3218 933 3357 986 οὔτε
3403 931 3516 992 ζῶν
3555 935 3663 987 ἐπ-

2082 1014 2398 1082 ωνομάσθη
2422 1019 2581 1084 τόπῳ
2604 1018 2739 1081 τινὶ,
2768 1020 2863 1073 καὶ
2880 1018 3031 1088 μετὰ
3054 1021 3313 1075 θάνατον·
3331 1023 3665 1091 ἀλλοτρίων

2082 1103 2286 1174 τάφων
2317 1106 2554 1176 ἐγένετο
2608 1109 2913 1177 πάροικος,
2944 1111 3147 1178 πάσης
3179 1111 3288 1180 τῆς
3340 1114 3412 1167 ἐν
3454 1114 3529 1182 τῇ
3585 1113 3662 1183 γῇ

2085 1196 2353 1264 κτήσεως
2378 1199 2596 1253 ἑαυτὸν
2626 1201 3004 1271 ἀποστήσας,
3039 1205 3120 1270 ὠς
3149 1205 3304 1274 μηδὲ
3333 1206 3666 1275 ἐνταφῆναι

2088 1287 2213 1353 ιδίῳ
2233 1289 2666 1355 καταδέξασθαι
2686 1295 2849 1359 τόπῳ
2867 1311 2880 1324 ·
2902 1296 3102 1363 μόνην
3128 1295 3239 1366 γὰρ
3260 1296 3421 1360 αὐτῷ
3448 1298 3668 1365 κτῆσιν

2087 1382 2286 1449 τιμίαν
2327 1378 2480 1436 εἶναι
2511 1383 2750 1451 ἔκρινεν
2777 1386 3021 1454 ἐκείνην
3044 1428 3058 1451 ,
3091 1387 3130 1455 ἢ
3162 1388 3517 1455 πλεονεξίας
3573 1391 3665 1459 ἐφ’

2087 1471 2309 1541 ἑαυτῆς
2337 1475 2507 1544 ἴχνος
2539 1477 2611 1529 οὐ
2664 1476 2918 1545 δέχεται.
2953 1479 3063 1549 Τὴν
3111 1481 3170 1534 δὲ
3226 1480 3431 1552 ἁθρόαν
3468 1483 3670 1547 παντὸς

2086 1563 2180 1616 τοῦ
2210 1563 2397 1629 ἔθνους
2428 1567 2757 1636 μετάστασιν
2780 1569 2887 1622 ἀπὸ
2907 1573 3006 1640 τῆς
3035 1572 3353 1643 Ἑλληνικῆς
3380 1575 3671 1645 ματαιότη-

2088 1673 2179 1719 τος
2201 1658 2280 1719 εἰς
2303 1657 2400 1728 τὴν
2426 1659 2721 1727 ἐπίγνωσιν
2759 1661 2862 1730 τῆς
2900 1661 3158 1732 ἀληθείας
3186 1664 3514 1734 θαυμαζέτω
3542 1665 3672 1718 ἕκα-

2095 1764 2217 1810 στος
2243 1747 2352 1801 τῶν
2385 1751 2821 1820 ἐντυγχανόντων
2852 1752 2930 1823 τῷ
2978 1754 3141 1824 λόγῳ,
3173 1757 3266 1809 καὶ
3319 1756 3509 1827 μηδεὶς
3539 1758 3668 1810 ἀπι-

2095 1838 2287 1893 στείτω
2324 1841 2460 1913 πρὸς
2488 1842 2587 1914 τὴν
2631 1845 2943 1915 οἰκονομίαν
2976 1845 3208 1915 βλέπων,
3232 1848 3299 1901 δι’
3342 1843 3411 1919 ἦς
3450 1848 3670 1919 γέγονεν

2092 1934 2126 2003 ή
2188 1934 2424 2006 τοσαύτη
2481 1936 2751 2009 μεταϐολὴ
2797 1940 2906 1992 τῶν
2950 1941 3383 2012 μετατιθεμένων
3436 1942 3542 1996 ἀπὸ
3577 1942 3670 1996 τοῦ

2091 2026 2320 2098 ψεύδους
2352 2027 2490 2098 πρὸς
2515 2028 2615 2100 τὴν
2647 2028 2926 2100 ἀλήθειαν.
2954 2032 3028 2084 Tb
3056 2031 3166 2104 γὰρ
3205 2033 3264 2085 ἐν
3292 2035 3407 2097 τοῖς
3438 2033 3673 2106 πρώτοις

2094 2118 2261 2174 αὐτοῦ
2291 2119 2391 2189 τῆς
2423 2120 2721 2192 ἱερωσύνης
2740 2122 3105 2193 γεγενημένον
3129 2125 3359 2194 χρόνοις,
3387 2125 3521 2195 ὅπερ
3540 2126 3675 2196 πρὸς

2093 2207 2163 2261 τὰ
2191 2207 2356 2261 λοιπὰ
2400 2208 2512 2262 τῶν
2556 2208 2847 2280 θαυμάτων
2895 2196 3246 2283 ἐπειγόμενος
3274 2217 3302 2268 6
3340 2215 3497 2284 λόγος
3531 2233 3671 2286 παρ-

2095 2300 2318 2370 έδραμε,
2351 2299 2446 2355 νῦν
2486 2301 2845 2355 ἐπαναλαόὼν
2880 2303 3234 2375 διηγήσομαι.
3267 2305 3462 2377 Ἐορτή
3492 2324 3575 2370 τις
3606 2302 3673 2376 ἦν

2096 2388 2375 2460 πάνδημος
2404 2392 2462 2443 ἐν
2515 2393 2581 2461 τῇ
2638 2391 2812 2455 πόλει,
2854 2393 3069 2463 δαίμονί
3103 2411 3211 2448 τινι
3260 2395 3368 2450 τῶν
3398 2395 3675 2466 ἐγχωρίων

2095 2480 2239 2534 κατά
2266 2497 2318 2533 τι
2365 2481 2592 2551 πάτριον
2629 2482 2894 2552 ἀγομένη.
2926 2484 3069 2555 Πρὸς
3087 2484 3291 2555 ταύτην
3325 2481 3470 2539 ἅπαν
3496 2485 3679 2555 σχεδὸν

2098 2573 2350 2644 συνέρρει
2382 2573 2444 2626 τὸ
2480 2573 2651 2639 ἔθνος,
2672 2574 2771 2644 τῆς
2804 2573 2987 2645 χώρας
3015 2576 3195 2644 πάσης
3219 2576 3679 2648 συνεορταζούσης

2095 2667 2162 2736 τῇ
2192 2665 2362 2719 πόλει.
2405 2665 2790 2738 Ἐπεπλήρωτο
2835 2666 2893 2719 δὲ
2921 2667 3027 2721 τῶν
3074 2667 3588 2739 συνδεδραμηκότων
3618 2670 3681 2721 τὸ

2098 2758 2343 2830 θέατρον,
2379 2759 2474 2811 καὶ
2507 2759 2824 2829 ύπερεχεῖτο
2863 2758 3196 2829 πανταχόθεν
3233 2760 3374 2831 ὑπὲρ
3410 2760 3510 2824 τὰς
3545 2759 3681 2813 καθ-

2100 2849 2258 2919 έδρας
2294 2847 2401 2901 τῶν
2431 2848 2799 2920 ἐπιρρυέντων
2829 2848 2893 2901 τδ
2919 2848 3142 2918 πλῆθος,
3173 2852 3268 2903 καὶ
3298 2850 3516 2903 πάντων
3552 2848 3683 2920 περὶ

2099 2941 2166 2994 τὰ
2197 2939 2443 3009 θεάματα
2478 2957 2539 2991 τε
2572 2940 2665 2993 καὶ
2711 2940 3038 3010 ἀκροάματα
3081 2940 3218 3012 πρὸς
3248 2939 3345 3011 τὴν
3376 2940 3683 3011 ὀρχήστραν

2099 3029 2426 3084 ἀποϐλέπειν
2472 3028 2933 3101 προθυμουμένων
2957 3069 2972 3093 ,
3004 3028 3232 3101 θορύϐου
3264 3029 3478 3101 πλήρης
3525 3023 3595 3098 ἦν
3644 3031 3680 3099 ἡ

2101 3122 2295 3192 σκηνὴ,
2323 3122 2419 3175 καλ⁸
2466 3120 2746 3191 ἄπρακτος
2797 3120 3008 3187 ἐγίνετο
3034 3122 3147 3183 τοῖς
3196 3118 3621 3190 θαυματοποιοῖς
3647 3119 3682 3187 ἡ

2100 3212 2377 3277 ἐπίδειξις,
2408 3213 2509 3283 τῆς
2541 3211 2784 3283 ταραχῆς
2812 3211 2921 3264 τῶν
2955 3210 3470 3282 στενοχωρουμένων
3498 3210 3560 3262 οὐ
3599 3209 3688 3279 μό-

2100 3322 2188 3359 νον
2219 3305 2319 3375 τὴν
2348 3304 2644 3357 ἀπόλαυσιν
2677 3302 2775 3372 τῆς
2823 3302 3090 3373 μουσικῆς
3120 3300 3543 3371 ἐπικοπτούσης,
3567 3300 3686 3352 ἀλλ’

2100 3390 2223 3446 οὔτε
2263 3393 2376 3455 τοῖς
2410 3390 2832 3461 θαυματοποιοῖς
2875 3388 3183 3460 ἐνδιδούσης
3218 3387 3410 3458 καιρὸν
3442 3387 3511 3440 τὰ
3560 3388 3689 3439 ἐαυ-

2101 3482 2208 3537 τῶν
2265 3481 2689 3535 ἐπιδείκνυσθαι.
2746 3478 2915 3533 Ἔνθα
2962 3479 3020 3532 δὲ
3074 3478 3228 3549 κοινὴ
3282 3477 3434 3548 παρὰ
3487 3475 3687 3537 παντὸς

2103 3575 2435 3647 ἐκρήγνυται
2460 3571 2555 3627 τοῦ
2583 3573 2646 3642 δή
2657 3589 2756 3643 μου
2784 3571 2957 3643 φωνὴ,
2981 3569 3072 3624 τὸν
3102 3569 3350 3640 δαίμονα,
3372 3562 3417 3636 ᾧ
3443 3568 3542 3638 τὴν
3566 3569 3689 3637 ἐορ-

2101 3668 2199 3740 τὴν
2231 3664 2386 3737 ἦγον,
2421 3665 2851 3730 ἀνακαλούντων,
2897 3665 2994 3719 καὶ
3032 3665 3161 3733 παρ’
3192 3661 3402 3717 ἐκείνου
3444 3661 3543 3730 τὴν
3595 3660 3689 3712 εὐ-

2105 3758 2384 3831 ρυχωρίαν
2447 3757 2631 3820 αὐτοῖς
2684 3754 2978 3820 ἀξιούντων
3045 3752 3318 3823 γενέσθαι.
3366 3750 3582 3820 Ἐπειδὴ
3627 3749 3687 3803 δὲ

2104 3852 2320 3906 πάντων
2354 3848 2603 3920 ἀλλήλοις
2649 3845 3169 3918 συμφθεγγομένων,
3193 3847 3270 3908 είς
3298 3843 3431 3913 ὕψος
3461 3842 3627 3912 ᾔρετο
3652 3842 3687 3909 ὴ

2105 3943 2277 4015 φωνὴ,
2322 3942 2415 3996 καὶ
2458 3941 2638 4011 πάσης
2685 3939 2858 3994 ἐδόκει
2894 3939 2996 4010 τῆς
3043 3937 3251 4001 πόλεως
3289 3935 3542 4004 καθάπερ
3570 3933 3688 3994 ἐνός

2101 4053 2245 4100 τινος
2310 4035 2573 4107 στόματος
2599 4036 2627 4087 6
2655 4033 2813 4101 λόγος
2846 4027 3007 4097 εἶναι,
3058 4033 3087 4084 6
3129 4030 3231 4102 τὴν
3278 4028 3443 4101 εὐχὴν
3486 4025 3686 4098 ταύτην

2104 4129 2395 4198 προσάγων
2425 4126 2503 4199 τῷ
2537 4127 2751 4197 δαίμονι
2792 4120 2882 4196 (ἦν
2927 4124 2983 4178 δὲ
3036 4124 3068 4194 ἡ
3117 4123 3275 4193 εὐχὴ,
3299 4122 3374 4185 ὡς
3404 4121 3491 4175 ἐπ’
3516 4120 3687 4189 αὐτῆς

2104 4220 2332 4275 ἀκοῦσαι
2358 4220 2456 4289 τῆς
2486 4218 2682 4285 λέξεως
2717 4233 2733 4246 ⁶
2766 4216 2881 4271 Ζεῦ
2902 4255 2917 4279 ,
2943 4216 3205 4282 ποίησον
3238 4213 3382 4284 ἡμῖν
3436 4214 3644 4281 τόπον)
3668 4230 3683 4243 ο

2105 4312 2417 4375 ἀκούσαςδέ
2445 4313 2473 4364 6
2513 4310 2685 4381 μέγας
2737 4310 2942 4371 ἐκεῖνος
2977 4307 3071 4361 τοῦ
3113 4309 3247 4378 ἤχου
3281 4306 3390 4360 τῶν
3429 4303 3686 4375 ὀνομαστὶ

2104 4402 2491 4473 ἐπιϐοωμένων
2519 4401 2611 4454 τὸν
2640 4399 2871 4471 δαίμονα
2892 4440 2907 4463 ,
2938 4400 3065 4470 παρ’
3095 4393 3157 4451 οὗ
3206 4398 3305 4469 τὴν
3346 4397 3686 4469 εὐρυχωρίαν

2107 4496 2269 4567 ᾔτουν
2290 4491 2540 4562 γενέσθαι
2569 4494 2634 4563 τῇ
2667 4491 2839 4558 πόλει,
2863 4490 2999 4561 φησί
3041 4489 3177 4560 πρὸς
3204 4489 3422 4552 αὐτοὺς,
3465 4488 3687 4558 πέμψας

2106 4586 2228 4641 τινὰ
2255 4584 2362 4639 τῶν
2408 4584 2850 4656 παρεστηκότων,
2881 4581 3202 4652 δοθήσεσθαι
3244 4582 3427 4645 αὐτοῖς
3447 4581 3571 4634 ὅσον
3598 4582 3688 4633 οὑ·-

2106 4678 2254 4732 δέπω
2283 4677 2504 4731 πλείονα
2531 4676 2631 4745 τῆς
2650 4676 2814 4747 εὐχῆς
2843 4675 2943 4745 τὴν
2969 4674 3329 4745 εὐρυχωρίαν.

416 4786 660 4837 monem,
693 4785 724 4824 a
753 4784 864 4840 quo
893 4769 1178 4825 laxitatem
1212 4770 1423 4824 civitati
1462 4769 1579 4826 ﬁeri
1611 4771 1893 4841 petebant,
1932 4771 2171 4842 quodam
2199 4785 2263 4825 ex
2290 4767 2648 4825 adstantibus
2672 4767 2743 4821 ad
2771 4782 2871 4824 eos
2894 4767 3089 4833 misso,
3123 4766 3409 4823 laxitatem
3436 4766 3514 4821 ait
3548 4764 3686 4837 ipsis

416 4878 543 4919 mox
579 4862 768 4917 datum
808 4863 874 4917 iri
912 4863 1198 4933 majorem,
1228 4881 1395 4936 quam
1425 4875 1703 4938 optarent.

489 4962 607 5016 Hac
633 4969 815 5015 autem
847 4961 917 5016 ab
947 4976 1014 5017 eo
1061 4976 1199 5016 voce
1249 4968 1514 5032 tanquam
1567 4962 1717 5019 tristi
1766 4963 2004 5034 quadam

417 5057 691 5115 sententia
722 5054 956 5125 prolata,
1000 5054 1318 5125 pestilentia
1354 5054 1702 5126 frequentem
1732 5057 1884 5111 illum
1922 5055 2001 5112 fe-

415 5151 530 5206 rias
578 5147 858 5219 agentium
911 5155 968 5203 et
1020 5146 1184 5202 ludos
1222 5146 1627 5203 celebrantium
1664 5156 1999 5203 conventum

416 5243 646 5313 excipit.
672 5243 750 5295 Ac
785 5240 970 5296 statim
1000 5238 1431 5310 tripudiantium
1457 5238 1647 5293 choris
1680 5238 2004 5293 lamentatio

419 5335 780 5399 miscebatur,
828 5333 967 5387 adeo
1006 5339 1064 5385 ut
1113 5332 1167 5385 in
1205 5331 1387 5386 luctus
1428 5337 1481 5385 et
1534 5329 1878 5385 calamitates
1923 5328 2004 5385 eis

419 5425 729 5493 voluptates
772 5431 1247 5488 converterentur,
1294 5437 1419 5479 eum
1474 5437 1572 5492 pro
1622 5421 1907 5491 plausibus
1947 5428 2002 5475 et

419 5526 587 5571 cantu
632 5517 890 5571 tibiarum
928 5517 1048 5570 alite
1089 5531 1255 5586 super
1288 5516 1426 5570 alias
1465 5515 1658 5570 uaznim
1693 5523 2002 5586 cantusque

421 5608 684 5677 lugubres
711 5608 904 5663 urbem
942 5609 1148 5679 passim
1175 5608 1533 5664 invasissent.
1574 5606 1713 5663 Cum
1746 5608 1889 5662 enim
1919 5623 2000 5664 se-

423 5699 534 5755 mel
585 5698 814 5755 morbus
872 5700 1125 5758 homines
1172 5699 1491 5766 invasisset,
1532 5700 1791 5778 opinione
1835 5700 1995 5759 citius

2169 4958 2388 5029 Ταύτης
2414 4959 2471 5013 δέ
2491 4959 2625 5030 παρ’
2662 4956 2828 5012 αὐτοῦ
2882 4958 2986 5030 τῆς
3022 4960 3206 5031 φωνῆς
3235 4953 3345 5012 οἷόν
3374 4972 3518 5019 τινος
3561 4970 3691 5008 σκυ-

2102 5050 2324 5123 θρωπῆς
2354 5051 2684 5119 ἀποφάσεως
2708 5049 3082 5121 ἐξενεχθείσης
3101 5093 3115 5117 ,
3139 5050 3326 5120 λοιμὸς
3355 5048 3454 5119 τὴν
3479 5046 3699 5117 πάνδηη.

2106 5159 2206 5214 μον
2252 5141 2464 5213 ἐκείνην
2495 5141 2813 5212 ἱερομηνίαν
2869 5140 3171 5211 ἐκδέχεται.
3196 5140 3309 5194 Καὶ
3344 5139 3689 5208 παραχρῆμα

2103 5235 2467 5307 κατεμίγνυτο
2524 5237 2645 5298 ταῖς
2681 5233 3057 5306 χοροστασίαις
3086 5235 3113 5288 6
3146 5232 3362 5303 θρῆνος,
3402 5231 3544 5285 ὥστε
3591 5229 3690 5282 αύ-

2103 5333 2214 5394 τοϊς
2239 5330 2317 5393 είς
2343 5328 2514 5398 πένθη
2531 5327 2637 5381 καὶ
2667 5326 2954 5398 συμφορὰς
2993 5325 3435 5397 μεταστραφῆναι
3462 5321 3562 5384 τὰς
3594 5319 3689 5374 θυ-

2110 5422 2327 5494 μηδίας,
2353 5421 2473 5474 ἀντὶ
2500 5418 2677 5473 αὐλῶν
2710 5419 2804 5472 καὶ
2830 5418 3040 5491 κρότων
3071 5417 3172 5485 τῆς
3211 5414 3512 5486 ἐπαλλήλου
3555 5412 3686 5480 θρησ-

2106 5512 2299 5577 νωδίας
2340 5509 2700 5580 διαλαθούσης
2732 5508 2830 5581 τὴν
2862 5510 3035 5563 πόλιν.
3070 5506 3376 5577 Ἐνσκῆψαν
3406 5505 3514 5576 γάρ
3538 5502 3686 5566 ἅπαξ

2106 5608 2218 5669 τοῖς
2243 5602 2550 5675 ἀνθρώποις
2568 5601 2630 5657 sb
2648 5601 2839 5666 πάθος,
2869 5600 3061 5655 θᾶττον
3086 5598 3119 5671 ἢ
3150 5600 3269 5652 κατ’
3304 5596 3523 5659 ἐλπίδας
3547 5592 3683 5659 διεεο

2106 5696 2191 5768 qs:
2240 5695 2410 5765 πυρὸς
2456 5695 2609 5767 δίκην
2656 5694 2780 5758 τοὺς
2823 5693 3002 5756 οἴκους
3049 5690 3501 5757 ἐπιϐοσκόμενον,
3541 5684 3677 5742 ὥστε
