4068 6154
399 265 504 324 95‘.)

1707 266 1765 323 S.
1803 265 2132 323 GREGORII
2173 264 2467 322 NYSSENI

3557 263 3665 318 960

419 419 3634 455 Μ

636 687 641 692 ι
1151 581 1406 665 ΤΟΥ
1468 582 1625 666 EN
1689 582 2118 668 ΑΓΙΟΙΣ
2181 580 2911 668 ΓΡΗΓΟΡΙΟΥ

601 781 842 893 ΕΙΣ
914 779 1233 895 TON
1307 780 1682 896 BION
1762 784 2002 895 ΤΗ]

2142 781 2594 897 ΟΣΙΑΣ
2667 782 3476 897 ΜΑΚΡΙΝΗΣ

1388 992 1701 1046 ΑΔΕΛΦΗΣ
1748 992 1885 1047 ΤΟΥ
1917 992 2250 1048 ΜΕΓΑΛΟΥ
2295 992 2679 1048 ΒΑΣΙΛΕΙΟΥ.

1446 1326 1539 1413 S.
1620 1326 1728 1413 P.
1809 1326 1928 1415 N.
2008 1322 2597 1415 GREGORII

1006 1532 1359 1649 VlTA
1441 1535 1561 1647 s.
1632 1535 2337 1648 MACRINXE
2420 1500 3068 1651 VIRGINIS

1614 1754 1913 1811 SORORIS
1950 1754 2197 1811 BASILII
2237 1755 2471 1811 MAGNI.

1514 1915 1800 1980 lnterprete
1840 1914 2106 1968 Francisco
2129 1913 2249 1966 Zino
2269 1902 2569 1969 Veronensi.

482 2217 598 2275 Hoc
624 2220 844 2290 quidem
873 2218 1166 2278 voluminis
1192 2237 1364 2294 genus
1392 2238 1458 2279 ex
1482 2222 1845 2295 inscriptione
1873 2240 1992 2296 ept-

2167 2227 2240 2280 Τὸ
2271 2226 2368 2297 μὲν
2400 2221 2539 2289 εἶδος
2565 2225 2658 2279 τοῦ
2693 2225 2917 2295 βιϐλίου,
2951 2225 3073 2281 ὅσον
3104 2229 3161 2281 ἐν
3195 2226 3272 2298 τῷ
3302 2227 3400 2297 τῆς
3434 2245 3678 2302 προγρα-

412 2314 555 2367 stula
590 2314 807 2369 videtur
838 2330 961 2370 esse
993 2314 1069 2385 (1)
1105 2334 1119 2370 :
1153 2315 1246 2370 sed
1281 2316 1402 2387 ejus
1447 2317 1730 2387 longitudo
1770 2317 1994 2371 modum

411 2408 657 2476 epistola:
689 2414 946 2478 superat,
995 2414 1048 2461 et
1075 2407 1277 2477 justam
1309 2407 1437 2462 libri
1468 2409 1854 2478 complectitur
1880 2423 1996 2461 ma-

412 2499 755 2568 gnitudinem
792 2519 806 2554 :
844 2515 932 2554 me
966 2509 1146 2555 tamen
1186 2498 1287 2563 rei,
1322 2513 1489 2568 quam
1537 2506 1597 2553 ut
1630 2498 1830 2554 litteris
1862 2513 1996 2553 con-

413 2591 689 2661 signarem
742 2592 1061 2663 imperasti,
1128 2590 1375 2646 defendit
1430 2601 1838 2661 argumentum.
1902 2590 1998 2647 Est

411 2682 556 2735 enim
595 2683 770 2753 majus
796 2694 851 2738 et
880 2683 1131 2747 uberius,
1163 2697 1327 2752 quam
1366 2689 1425 2737 ut
1457 2682 1705 2752 epistola:
1747 2682 1998 2738 terminis

413 2775 670 2829 concludi
706 2777 901 2845 possit.
926 2774 1164 2830 Omnino
1186 2774 1603 2831 consuetudinis
1625 2775 1775 2830 illius
1796 2775 1999 2831 oblitus

412 2883 539 2922 esse
575 2883 681 2921 non
714 2868 903 2930 debes,
937 2884 1062 2922 cum
1097 2867 1163 2922 ad
1199 2868 1390 2921 urbem
1425 2867 1680 2921 Antiochi
1714 2868 1999 2938 congressi

414 2973 648 3024 sumus,
684 2974 792 3028 quo
843 2967 1089 3028 tempore
1138 2959 1360 3028 petebas
1418 2958 1890 3029 Hierosolymam,
1942 2966 2003 3012 ut

414 3060 771 3104 monumenta
804 3050 1012 3106 Christi
1044 3050 1534 3120 peregrinationis,
1574 3053 1703 3116 dum
1740 3052 1795 3107 in
1833 3050 2015 3110 carne'

415 3149 585 3204 esset,
623 3141 915 3205 inviseres,
948 3157 1251 3212 eorumque
1286 3158 1628 3206 sermonum,
1659 3160 1801 3214 quos
1829 3144 2000 3199 variis

418 3233 487 3287 de
530 3235 694 3289 rebus
738 3234 884 3288 inter
925 3250 1025 3288 nos
1060 3236 1421 3292 contulimus.
1456 3235 1645 3306 Neque
1676 3238 1822 3292 enim
1862 3253 2002 3292 con-

416 3339 641 3394 gressus
678 3326 769 3380 ille
798 3326 1000 3382 tacitus
1031 3342 1156 3382 esse
1180 3329 1378 3397 potuit,
1412 3331 1535 3383 eum
1572 3329 1859 3400 prudentia
1908 3340 2001 3384 tua

420 3416 776 3488 multiplicem
804 3417 1153 3487 colloquendi
1186 3419 1535 3474 occasionem
1567 3419 1888 3490 subjiceret.

492 3506 638 3561 Inter
679 3506 1072 3577 disputandum
1107 3510 1313 3582 igitur,
1352 3518 1412 3566 ut
1448 3513 1504 3567 in
1544 3512 1816 3581 ejusmodi
1862 3527 1999 3567 con-

2099 2316 2204 2387 φῆς
2233 2316 2407 2387 τύπῳ,
2438 2315 2693 2388 ἐπιστολὴ
2723 2312 2862 2371 εἶναι
2894 2317 3078 2370 δοκεῖ·
3126 2317 3188 2370 τὸ
3216 2318 3273 2371 δὲ
3301 2318 3504 2389 πλῆθος
3537 2321 3679 2393 ὑπὲρ

2095 2407 2187 2461 τὸν
2228 2407 2632 2477 ὲπιστολιμαῖον
2675 2409 2798 2479 ὅρον
2839 2409 3009 2473 ἐστὶν,
3055 2410 3135 2472 είς
3164 2412 3544 2480 συγγραφικὴν
3576 2430 3677 2483 μα-

2098 2497 2399 2569 κρηγορίαν
2446 2500 2902 2570 παρατεινόμενον
2927 2517 2940 2531 °
2991 2499 3106 2553 ἀλλ’
3156 2501 3501 2569 ἀπολογεῖται
3540 2502 3681 2574 ὑπὲρ

2098 2588 2257 2659 ἡμῶν
2306 2592 2339 2660 ἡ
2394 2589 2659 2656 σύνθεσις,
2704 2585 2770 2662 ἦς
2802 2590 2987 2643 ἕνεκεν
3018 2591 3224 2662 γράψαι
3273 2593 3678 2663 παρεκελεύσω,

2100 2681 2300 2734 πλείων
2325 2678 2477 2747 οὖσα,
2518 2683 2551 2753 ἢ
2595 2685 2715 2736 κατ’
2746 2684 3033 2754 ἐπιστολῆς
3062 2685 3421 2756 συμμετρίαν.
3458 2687 3681 2749 Πάντως

2099 2774 2155 2827 δὲ
2177 2776 2276 2828 οὑκ
2309 2778 2642 2847 ἁμνημονεῖς
2672 2777 2772 2845 τῆς
2806 2777 3113 2846 συντυχίας,
3146 2777 3234 2831 ὅτε
3282 2780 3402 2831 κατ’
3429 2777 3594 2849 εὐχὴν
3624 2779 3683 2831 ὲν

2112 2866 2505 2938 Ἰεροσολύμοις
2525 2869 2810 2939 ἐπιφοιτᾷν
2837 2868 3066 2939 μέλλων,
3096 2870 3181 2937 ἐφ’
3200 2861 3243 2936 ᾧ
3267 2869 3334 2923 τὰ
3361 2872 3563 2940 σημεῖα
3583 2869 3685 2939 τῆς

2098 2960 2193 3013 τοῦ
2219 2960 2425 3029 Κυρίου
2450 2959 2539 3013 διὰ
2562 2961 2763 3032 σαρκὸς
2784 2962 3073 3032 ἐπιδημίας
3098 2962 3156 3016 ὲν
3180 2965 3292 3026 τοῖς
3321 2962 3512 3026 τύποις
3531 2962 3685 3030 ἰδεῖν,

2103 3052 2435 3124 συνέδραμον
2463 3070 2566 3116 σοι,
2600 3054 2741 3107 κατὰ
2772 3053 2871 3125 τὴν
2908 3054 3177 3125 Ἀντιόχου
3203 3055 3355 3108 πόλιν
3383 3094 3398 3119 ,
3435 3055 3529 3107 καὶ
3548 3073 3688 3109 πανο

2099 3144 2260 3199 τοίων
2287 3145 2543 3197 ἀνακινου
2552 3145 2728 3214 μένων
2762 3147 2892 3216 ἡμῖν
2922 3145 3095 3213 λόγων
3122 3161 3134 3173 ·
3164 3145 3282 3199 οὐδὲ
3308 3148 3415 3216 γὰρ
3447 3146 3595 3211 εἰκὸς
3617 3143 3688 3218 ἦν

2082 3237 2160 3288 ἑν
2187 3239 2364 3307 σιωπῇ
2398 3236 2494 3307 τὴν
2528 3239 2814 3306 συντυχίαν
2864 3233 3022 3291 εἶναι·
3069 3237 3270 3301 πολλὰς
3297 3238 3374 3309 τῷ
3411 3239 3555 3310 λόγῳ
3586 3239 3688 3305 τὰς

2103 3328 2357 3400 ἀφορμὰς
2383 3332 2483 3400 τῆς
2518 3330 2614 3400 σῆς
2648 3331 2915 3394 συνέσεως
2938 3329 3354 3401 ἐπιϐαλλούσης.

2176 3495 2276 3554 Οἷα
2301 3501 2358 3554 δὲ
2387 3501 2530 3571 φιλεῖ
2553 3502 2810 3565 πολλάκις
2839 3504 2895 3555 ὲν
2920 3502 3126 3566 τούτοις
3158 3501 3422 3571 γίνεσθαι,
3452 3503 3532 3565 είς
3552 3503 3691 3574 μνῆ-

419 3600 797 3669 gressionibus
850 3601 941 3663 tit,
987 3602 1043 3656 in
1092 3604 1428 3659 mentionem
1476 3605 1662 3674 proba:
1711 3605 1998 3675 cujusdam

2112 3610 2218 3664 μην
2261 3592 2373 3662 βίου
2420 3592 2564 3675 τινὸς
2617 3593 2905 3663 εὐδοκίμου
2955 3592 3195 3664 προῆλθε
3239 3591 3377 3662 ῥέων
3413 3595 3441 3645 ὁ
3489 3592 3690 3662 λόγοςσ

420 3689 666 3744 mulieris
710 3689 1028 3747 incidimus.
1082 3692 1137 3747 Si
1178 3702 1361 3748 tanten
1403 3709 1468 3748 ex
1505 3703 1700 3749 natura
1734 3697 1933 3751 inulier
1971 3712 2003 3751 a

419 3781 582 3835 nobis
617 3784 943 3851 appellanda
973 3792 1081 3849 est,
1116 3802 1237 3854 quae
1268 3794 1479 3840 naturae
1510 3786 1829 3843 conditione
1865 3805 2005 3858 prae-

421 3874 655 3927 stantior
710 3873 831 3927 fuit.
877 3873 1000 3928 Non
1052 3884 1238 3929 autem
1284 3892 1349 3929 ex
1407 3877 1602 3931 alienis
1652 3881 2003 3937 sermonibus

422 3965 728 4018 narrationi
761 3965 917 4019 fidem
952 3965 1188 4020 faciebat
1227 3969 1426 4031 oratio,
1458 3969 1553 4023 sed
1593 3969 1888 4040 diligenter
1915 3989 2000 4042 ea,

421 4071 656 4125 quorum
689 4057 1029 4124 experientia
1067 4059 1329 4129 magistra
1382 4059 1592 4126 fuerat,
1635 4063 2004 4132 persequeba-

422 4159 534 4212 tur,
570 4157 624 4202 et
664 4146 802 4202 nihil
835 4146 949 4203 fere
982 4150 1167 4205 alieno
1203 4152 1424 4207 auditus
1453 4153 1771 4208 testimonio
1801 4153 2003 4208 conﬁr-

422 4243 626 4296 mabat.
677 4240 860 4313 Neque
898 4244 1043 4298 enim
1082 4247 1265 4316 virgo,
1301 4261 1407 4316 qua
1451 4246 1519 4301 de
1551 4247 1715 4301 verba
1764 4246 2003 4301 facieba-

423 4349 566 4399 mus,
597 4349 798 4402 genere
832 4334 992 4389 nohis
1018 4344 1137 4390 erat
1162 4338 1470 4407 peregrina,
1508 4345 1567 4390 ut
1607 4353 1727 4407 qua:
1758 4338 2001 4392 admira—

423 4428 552 4482 bilia
581 4427 648 4481 de
679 4427 770 4480 illa
794 4427 1025 4482 dicenda
1055 4436 1236 4492 erant,
1268 4444 1363 4499 per
1387 4430 1525 4484 alios
1546 4446 1647 4484 nos
1669 4445 2003 4501 cognoscere

420 4528 724 4591 oporteret,
754 4521 849 4575 sed
880 4521 1084 4575 eisdem
1113 4529 1234 4575 orta
1269 4523 1626 4590 parentibus:
1651 4523 1853 4592 quippe
1878 4540 2004 4592 qtae

421 4621 682 4682 tanquam
732 4610 944 4667 fructus
1000 4611 1370 4681 primitiarutu
1421 4627 1490 4665 ex
1547 4619 1797 4665 materno
1848 4619 2003 4667 utero

419 4704 597 4774 prima
628 4704 1014 4772 pullulaverat.
1041 4704 1313 4770 Quoniam
1342 4705 1510 4775 igitur
1537 4704 1807 4758 honorum
1833 4703 2004 4758 histo—

419 4796 555 4850 riam
586 4812 711 4852 esse
757 4796 1075 4866 frugiferam
1113 4797 1380 4852 censuisti
1404 4837 1420 4862 ,
1451 4814 1518 4852 ne
1564 4799 1689 4852 vita:
1715 4798 1863 4852 illius
1895 4798 2004 4851 vir-

418 4889 596 4961 ginis,
628 4907 751 4960 qua:
793 4891 861 4943 ad
908 4891 1161 4945 humana:
1195 4890 1418 4946 virtutis
1468 4890 1753 4961 fastigium
1788 4907 1883 4959 per
1916 4906 2003 4945 sa-

419 4981 640 5050 pientiae
676 4980 920 5034 studium
967 4981 1247 5049 pervenit,
1282 4980 1595 5051 exemplum
1631 4987 1883 5050 posteros
1924 4980 2005 5033 la-

421 5080 551 5139 teat,
587 5086 722 5126 neve
774 5070 895 5127 sine
942 5069 1124 5125 fructu
1182 5077 1427 5125 transeat
1477 5070 1819 5131 involutum,
1871 5069 2005 5123 mihi

421 5163 731 5220 faciendum
766 5163 1099 5224 existimavi.
1127 5171 1187 5217 ut
1210 5162 1305 5217 tibi
1336 5176 1607 5231 parerem,
1638 5170 1694 5215 et
1719 5162 2004 5229 incompo-

420 5256 526 5310 sita
578 5255 931 5325 simplicique
983 5255 1237 5308 oratione
1286 5253 1456 5307 vitam
1506 5253 1629 5323 ejus
1670 5268 1836 5323 quam
1878 5253 2004 5307 hrc-

422 5347 646 5402 vissimc
679 5363 897 5418 possem
938 5347 1294 5415 explicarem.

492 5436 746 5492 Macrina:
786 5437 986 5506 virgini
1029 5440 1230 5491 nomen
1269 5444 1388 5490 erat
1414 5477 1428 5499 ,
1474 5437 1553 5493 sic
1595 5454 1627 5493 a
1677 5442 2001 5510 parentibus

425 5531 743 5599 appellatae,
786 5526 935 5599 quod
976 5530 1108 5584 olim
1157 5530 1390 5600 insignis
1438 5532 1686 5600 quaedam
1720 5534 1775 5588 in
1810 5545 2002 5590 nostra

501 5713 580 5784 (1)
613 5713 707 5769 Est
742 5713 971 5784 cpistola
1001 5715 1120 5784 ejus
1151 5715 1216 5770 ad
1238 5713 1545 5786 Olympium
1571 5722 1915 5776 monachum.

2104 3681 2326 3753 γυνὴ-δὲ
2357 3676 2425 3753 ἦν
2454 3672 2487 3753 ἦ
2527 3682 2622 3735 τοῦ
2656 3684 2990 3755 διηγήματος
3017 3684 3279 3755 ἀφορμή·
3318 3683 3475 3755 εἴπερ
3504 3685 3641 3753 γυνή
3686 3702 3691 3706 “

2104 3775 2205 3827 οὐκ
2246 3770 2362 3827 οἶδα
2399 3774 2508 3843 γὰρ
2547 3776 2595 3827 εἰ
2619 3774 2826 3845 πρέπον
2857 3776 3004 3829 ἐστὶν
3054 3778 3118 3829 ὲκ
3148 3776 3249 3847 τῆς
3273 3774 3488 3847 φύσεως
3518 3774 3693 3846 αὐτὴν

2105 3868 2415 3939 ὀνομάζειν,
2462 3869 2562 3939 τὴν
2605 3868 2716 3922 ἄνω
2745 3870 3049 3941 γενομένην
3094 3871 3194 3941 τῆς
3238 3870 3473 3940 φύσεως.
3521 3869 3596 3922 Τὸ
3630 3868 3694 3925 δὲ

2103 3964 2349 4034 διήγημα
2388 3964 2518 4033 ἡμῖν
2557 3962 2656 4015 οὐκ
2693 3962 2753 4027 ἐξ
2784 3962 2955 4031 ἀκοῆς
2995 3963 3198 4033 ἑτέρων
3226 3963 3583 4034 διηγημάτων
3625 3961 3696 4013 τὸ

2105 4055 2294 4108 πιστὸν
2322 4049 2466 4125 εἶχεν
2492 4071 2505 4085 ⁸
2539 4054 2653 4108 ἀλλ’
2685 4047 2759 4109 ὧν
2787 4058 2820 4124 ἠ
2848 4058 3012 4127 πεῖρα
3044 4054 3358 4119 διδάσκαλος
3393 4051 3485 4127 ἦν,
3516 4055 3693 4109 ταῦτα

2105 4147 2170 4201 δι’
2202 4146 2490 4219 ἀκριϐείας
2522 4145 2739 4219 ἐπεξῄει
2771 4147 2800 4198 ὁ
2829 4146 3005 4215 λόγος,
3040 4149 3118 4210 είς
3152 4147 3302 4199 οὐδὲν
3335 4147 3500 4219 ἀκοὴν
3534 4148 3694 4202 ἀλλο-

2102 4240 2258 4310 τρίαν
2301 4239 2860 4312 ὲπιμαρτυρούμενος.
2893 4240 3026 4293 Οὐδὲ
3073 4240 3182 4313 γὰρ
3213 4240 3337 4310 ξένη
3376 4239 3470 4292 τοῦ
3498 4240 3690 4310 γένους

2110 4332 2258 4403 ἡμῶν
2293 4335 2325 4402 ἡ
2359 4333 2789 4405 μνημονευοείσα
2833 4332 3121 4404 παρθένος,
3158 4334 3233 4398 ὡς
3276 4333 3522 4406 ἀνάγκην
3551 4331 3689 4387 εἶναι

2104 4425 2170 4478 δι’
2197 4425 2396 4496 ἑτέρων
2423 4424 2714 4493 γινώσκειν
2760 4427 2829 4479 τὰ
2864 4425 3229 4497 κατ”ὲκείνην
3250 4425 3524 4497 θαύματα,
3574 4424 3688 4478 ἀλλ’

2106 4518 2169 4570 ὲκ
2200 4517 2309 4570 τῶν
2339 4518 2517 4570 αὐτῶν
2549 4519 2681 4588 ἡμῖν
2728 4517 2951 4586 γονέων,
2980 4518 3169 4589 ὥσπερ
3199 4536 3282 4581 τις
3308 4519 3530 4590 ἀπαρχὴ
3557 4535 3693 4589 καρ-

2105 4610 2259 4674 πῶν,
2306 4608 2495 4680 πρώτη
2547 4610 2645 4679 τῆς
2680 4609 2940 4680 μητρῴας
2972 4609 3161 4681 νηδύος
3208 4610 3689 4683 ἀναϐλαστῆσασα.

2117 4701 2270 4753 Ἐπεὶ
2298 4695 2389 4753 οὖν
2416 4700 2739 4769 ἐδοκίμασας
2771 4701 2954 4770 φέρειν
2980 4718 3034 4753 τι
3067 4701 3257 4771 κέρδος
3292 4702 3390 4773 τὴν
3416 4701 3525 4754 τῶν
3554 4703 3694 4770 ἀγα-

2106 4793 2215 4847 Οῶν
2253 4792 2492 4863 ἱστορίαν
2518 4810 2534 4825 ⁸
2584 4793 2660 4856 ὡς
2688 4792 2754 4846 ἂν
2791 4794 2864 4865 μὴ
2890 4793 3042 4847 λάθοι
3070 4794 3163 4847 τὸν
3193 4773 3334 4849 κατᾶ
3367 4793 3538 4849 ταῦτα
3565 4796 3694 4865 χρό-

2106 4904 2195 4941 νον
2223 4887 2251 4939 ὁ
2284 4885 2524 4948 τοιοῦτος
2558 4885 2690 4955 βίος,
2726 4885 2861 4957 μηδὲ
2888 4886 3172 4958 ἀνωφελὴς
3218 4886 3570 4958 παραδράμοι
3601 4888 3694 4942 διὰ

2108 4976 2317 5047 σιωπῆς
2362 4976 2800 5046 συγκαλυφθεῖσα
2850 4979 2882 5047 ἡ
2937 4977 3073 5049 πρὸς
3109 4979 3200 5032 τὸν
3243 4978 3543 5051 ἀκρότατον
3590 4979 3709 5049 τῆς,

2106 5068 2453 5140 ἀνθρωπίνης
2501 5068 2701 5139 ἀρετῆς
2731 5069 2855 5139 ὅρον
2883 5069 3080 5140 ἑαυτὴν
3114 5070 3202 5123 διὰ
3245 5070 3563 5138 φιλοσοφίας
3596 5073 3693 5122 ὲπ-

2106 5162 2308 5232 ἁρασα,
2345 5161 2523 5225 καλῶς
2552 5159 2618 5213 ἂν
2646 5161 2787 5230 ἔχειν
2814 5160 3021 5232 ᾠήθην,
3055 5162 3137 5215 σοί
3165 5179 3223 5216 τε
3254 5162 3562 5232 πεισθῆναι,
3598 5163 3694 5215 καὶ

2103 5255 2168 5307 δι’
2192 5254 2406 5322 ὀλίγων,
2429 5255 2505 5317 ὡς
2536 5254 2600 5308 ἂν
2625 5249 2736 5317 οἷός
2766 5271 2824 5306 τε
2850 5247 2917 5317 ὦ,
2944 5254 3014 5308 τὰ
3038 5256 3159 5307 κατ’
3181 5255 3351 5325 αὐτὴν
3385 5255 3690 5325 ἱστορῆσαι,

2104 5349 2162 5401 ὲν
2195 5346 2554 5417 ἁκατασκεύῳ
2586 5365 2644 5400 τε
2671 5347 2765 5401 καὶ
2789 5346 2948 5417 ἁπλῷ
2976 5346 3293 5419 διηγήματι.

2170 5439 2425 5510 Μακρίνα
2451 5435 2519 5509 ἦν
2557 5438 2727 5510 ὄνομα
2759 5440 2823 5509 τῇ
2870 5439 3123 5511 παρθένῳ
3144 5456 3155 5468 ’
3201 5439 3489 5508 εὐδόκιμος
3514 5438 3573 5490 δέ
3606 5454 3691 5499 τις

2099 5533 2262 5589 πάλαι
2291 5531 2432 5587 κατὰ
2451 5533 2510 5586 τὸ
2536 5532 2689 5601 γένος
2715 5526 2782 5603 ἦν
2803 5534 2836 5602 ἡ
2854 5532 3126 5602 Μακρίνα,
3152 5531 3337 5603 μήτηρ
3362 5531 3458 5585 τοῦ
3486 5537 3693 5600 πατρὸς
