4068 6154
393 277 487 333 965
528 306 540 314 -

1627 283 1716 339 DE
1748 283 1907 339 VITA
1946 285 2003 340 S.
2046 284 2397 342 MACRlNlE.

3520 295 3629 353 962

393 393 425 461 ή
436 390 553 462 μῶν
577 390 942 461 γεγενημένη,
966 393 1081 455 ταῖς
1113 391 1256 463 ὑπὲρ
1277 392 1512 465 Χριστοῦ
1544 395 1851 465 ὁμολογίαις
1889 397 1951 466 τις

2069 397 2275 451 familia
2318 397 2558 452 Macrina
2590 400 2790 467 luerat,
2821 401 2993 470 patris
3024 401 3195 456 nostri
3222 402 3475 458 videlicet
3518 422 3632 461 ma-

394 481 570 552 καιρῷ
592 482 701 534 τῶν
719 482 972 553 διωγμῶν
997 483 1353 553 ὲναθλήσασα,
1374 485 1407 554 ἢ
1431 485 1788 555 ἐπωνομάσθη
1813 490 1961 556 παρὰ

390 571 498 624 τῶν
523 572 724 641 γονέων
748 573 780 642 ή
813 575 959 636 παῖς.
1002 573 1161 626 Ἀλλὰ
1184 574 1341 628 τοῦτο
1368 575 1464 645 μὲν
1485 571 1552 646 ἦν
1576 577 1632 627 ἐν
1660 576 1879 648 φανερῷ
1901 578 1961 629 τὸ

389 662 596 730 ὄνομα,
653 661 714 713 τὸ
767 661 918 731 παρὰ
968 662 1076 715 τῶν
1124 666 1501 732 γινωσκόντων
1543 666 1956 737 ὀνομαζόμενον.

390 753 615 821 Ἕτερον
638 751 695 804 δὲ
724 754 865 806 κατὰ
891 755 951 806 τὸ
982 754 1206 826 λεληθὸς
1220 758 1356 827 αὐτῇ
1382 756 1741 828 ἐπεκέκλητο·
1778 757 1806 811 ὃ
1831 758 1960 828 πρὶν

388 840 561 894 ἐλθεῖν
590 841 681 894 διὰ
718 844 826 895 τῶν
859 844 1064 898 ὠδίνων
1093 847 1174 908 εἰς
1199 846 1336 916 φῶς,
1380 848 1445 902 ἐκ
1471 866 1619 921 τινος.
1643 849 1960 918 ἐπιφανείας

386 937 749 1008 ἐπωνομάσθη
776 955 790 968 ·
822 933 889 1006 ἦν
920 940 1028 1010 γὰρ
1065 940 1128 1011 δὴ
1165 922 1389 1013 τόιαύτη
1428 944 1552 995 κατ’
1579 943 1776 1015 ἀρετὴν
1807 943 1900 997 καὶ
1922 944 1957 1013 ή

391 1029 574 1100 μήτηρ
596 1069 612 1094 ,
660 1030 736 1091 ὡς
777 1031 1050 1101 πανταχοῦ
1078 1031 1157 1103 τῷ
1183 1033 1312 1104 θείῳ
1343 1034 1643 1107 βουλήματι
1688 1052 1945 1107 χειραγωι

385 1121 598 1188 γεῖσθαι
626 1139 640 1153 ·
688 1123 1045 1194 διαφερόντως
1069 1124 1126 1178 δὲ
1160 1125 1258 1196 τὴν
1300 1126 1544 1197 καθαράν
1569 1144 1627 1179 τε
1650 1127 1743 1179 καὶ
1771 1126 1961 1197 ἀκηλί-

385 1212 552 1265 δωτον
588 1213 680 1266 τοῦ
713 1214 828 1282 βίου
855 1215 1129 1286 διαγωγὴν
1169 1217 1493 1287 ήσπασμένη
1521 1260 1535 1281 ,
1580 1217 1656 1281 ὡς
1693 1218 1828 1288 μηδὲ
1869 1217 1959 1270 τὸν

386 1301 562 1370 γάμον
590 1302 849 1365 ἑκουσίως
877 1302 1108 1358 ἑλέσθαι.
1151 1304 1288 1357 Ἀλλ’
1321 1305 1506 1376 ἐπειδὴ
1532 1305 1740 1377 ὀρφανὴ
1768 1306 1865 1377 μὲν
1899 1305 1958 1372 ἐξ

388 1391 709 1463 ἀμφοτέρων
738 1389 805 1465 ἦν
828 1411 844 1426 ο
887 1394 1179 1466 ὑπερήνθει
1206 1397 1261 1449 δὲ
1288 1399 1352 1468 τῇ
1388 1395 1507 1469 ὥρᾳ
1539 1397 1634 1451 τοῦ
1664 1396 1914 1469 σώματος
1939 1412 1954 1427 ⁶

388 1483 482 1537 καὶ
512 1482 740 1547 πολλοὺς
773 1487 807 1554 ἡ
843 1486 999 1555 φήμη
1036 1486 1135 1556 τῆς
1167 1487 1464 1559 εὐμορφίας
1504 1488 1639 1561 πρὸς
1684 1489 1783 1558 τὴν
1824 1481 1958 1558 μνη-

385 1574 566 1628 στείαν
598 1575 917 1645 συνήγειρεο
959 1574 1200 1638 κίνδυνος
1239 1575 1295 1628 δὲ
1324 1572 1413 1646 ἦν,
1450 1578 1497 1629 εί
1531 1578 1603 1647 μὴ
1635 1576 1772 1630 κατὰ
1803 1576 1958 1629 έκού-

384 1665 499 1719 σιόν
532 1682 638 1717 τινι
670 1664 1091 1736 συναρμοσθείη,
1121 1666 1311 1720 παθεῖν
1339 1684 1392 1719 τι
1424 1666 1528 1720 τῶν
1558 1666 1869 1738 ἀϐουλήτων
1898 1667 1958 1731 ἐξ

383 1757 665 1826 ἐπηρείας,
704 1756 838 1829 πρὸς
869 1758 1121 1828 ἁρπαγὰς
1156 1758 1810 1829 παρεσκευασμένωντῶν
1833 1760 1954 1811 ἐπι-

386 1848 702 1919 μεμηνότων
716 1847 792 1919 τῷ
811 1848 1016 1902 κάλλει·
1035 1848 1121 1902 διὰ
1142 1848 1298 1902 τοῦτο
1316 1848 1540 1921 ἑλομένη
1556 1849 1644 1902 τὸν
1656 1850 1749 1902 ἐπὶ
1770 1865 1827 1901 σε
1836 1849 1956 1918 μνόο

382 1956 503 2010 τητι
536 1939 653 2009 βίου
690 1941 1083 2012 γνωριζόμενόν
1109 1958 1167 1993 τε
1193 1941 1288 1995 καὶ
1319 1942 1780 2012 μαρτυρούμενον,
1811 1941 1953 1994 ὥστε

382 2030 597 2099 φύλακα
642 2032 941 2105 κτήσασθαι
987 2033 1086 2105 τῆς
1136 2035 1268 2097 ίδίας
1308 2033 1448 2105 ζωῆς
1475 2074 1490 2099 ,
1545 2034 1706 2099 εὐθὺς
1746 2037 1804 2088 ὲν
1834 2036 1954 2098 ταῖς

382 2128 625 2200 πρώταις
654 2126 825 2190 ὠδῖσι,
867 2126 1069 2195 ταύτης
1100 2127 1308 2195 γίνεται
1358 2129 1578 2198 μήτηρ’
1628 2128 1720 2180 καὶ
1766 2127 1952 2197 ἐπειδὴ

382 2219 563 2290 παρῆν
591 2219 619 2270 ὁ
657 2218 866 2288 καιρὸς,
901 2215 1024 2269 καθ’
1053 2216 1112 2268 ὃν
1148 2216 1256 2270 ἔδει
1283 2217 1510 2287 λυθῆναι
1556 2216 1652 2287 τὴν
1689 2217 1852 2269 ὠδῖνα
1876 2217 1954 2288 τῷ

380 2311 542 2380 τόκῳ,
588 2311 667 2374 εἰς
698 2309 862 2364 ὕπνον
894 2314 1185 2383 τραπεῖσα,
1222 2311 1405 2384 φέρειν
1444 2313 1616 2366 ἐδόκει
1646 2312 1735 2365 διὰ
1772 2311 1954 2383 χειρὸς

378 2402 441 2456 τὸ
467 2402 541 2465 ὥς
561 2420 614 2454 τι
649 2402 755 2455 ὑπὸ
780 2402 888 2456 τῶν
915 2403 1236 2474 σπλάγχνων
1264 2404 1648 2476 περιεχόμενον
1670 2422 1684 2436 σ
1720 2404 1812 2457 καί
1833 2421 1953 2457 τινα

379 2494 437 2546 ἐν
460 2493 587 2545 εἴδει
614 2494 708 2545 καὶ
738 2495 975 2564 σχήματι
1012 2495 1592 2566 μεγαλοπρεπεστέρῳ,
1633 2495 1665 2549 ἦ
1696 2494 1836 2548 κατὰ
1858 2495 1952 2549 άν-

382 2585 599 2654 θρωπον
643 2586 1001 2653 ἐπιφανέντα,
1052 2589 1366 2657 προσειπεῖν
1414 2586 1511 2658 τὴν
1544 2585 1952 2658 βασταζομένην

380 2678 445 2729 ἐκ
477 2675 569 2729 τοῦ
598 2677 859 2747 ὀνόματος
888 2677 1094 2747 Θέκλην
1121 2696 1133 2708 ·
1184 2678 1391 2748 Θέκλης
1422 2679 1653 2749 ἐκείνης,
1687 2673 1754 2750 ἧς
1786 2677 1952 2743 πολὺς

380 2771 439 2822 ἐν
468 2772 586 2832 ταῖς
616 2768 904 2839 παρθένοις
930 2770 958 2821 ὁ
991 2769 1166 2838 λόγος.
1211 2770 1521 2840 Ποιήσαντα
1566 2769 1624 2823 δὲ
1666 2770 1822 2823 τοῦτο
1859 2772 1952 2825 καὶ

383 2861 828 2932 μαρτυρούμενον
853 2862 929 2924 εἰς
963 2861 1103 2932 τρὶς,
1142 2861 1472 2931 μεταστῆναι
1502 2861 1609 2914 τῶν
1633 2860 1828 2936 δψεων,
1857 2863 1952 2915 καὶ

376 2953 562 3006 δοῦναι
591 2956 656 3023 τῇ
684 2953 831 3006 ὠδῖνι
859 2954 956 3023 τὴν
984 2952 1230 3006 εὐκολίαν
1249 2992 1264 3017 ,
1312 2952 1386 3016 ὡς
1412 2951 1548 3022 ὁμοῦ
1576 2969 1631 3005 τε
1658 2953 1750 3006 τοῦ
1783 2952 1950 3006 ὕπνου

377 3044 547 3114 αὐτὴν
572 3043 872 3115 διαστῆναι,
897 3044 990 3098 καὶ
1017 3044 1078 3096 τὸ
1111 3044 1356 3097 ἐνύπνιον
1390 3043 1539 3114 ῦπαρ
1573 3046 1717 3098 ἰδεῖν.
1755 3044 1828 3097 Τὸ
1853 3045 1949 3114 μὲν

374 3131 469 3188 οὖν
495 3135 664 3205 ὄνομα
683 3135 742 3187 τὸ
770 3135 1146 3205 κεκρυμμένον
1171 3135 1344 3187 ἐκεῖνο
1366 3130 1450 3205 ἦν.
1485 3135 1641 3187 Δοκεῖ
1665 3133 1721 3187 δέ
1752 3150 1841 3204 μοι
1874 3132 1949 3204 μὴ

375 3227 626 3280 τοσοῦτον
660 3226 796 3298 πρὸς
841 3228 940 3297 τὴν
988 3224 1351 3296 ὀνομαστικὴν
1396 3225 1588 3295 κλῆσιν
1612 3224 1824 3295 ὁδηγῶν
1852 3225 1951 3296 τὴν

376 3317 704 3388 γειναμένην
745 3319 772 3370 ὁ
798 3317 1078 3384 ἐπιφανεὶς
1110 3316 1267 3368 τοῦτο
1304 3316 1744 3388 προφθέγξασθαι
1771 3332 1785 3346 ο
1817 3315 1951 3369 ἀλλὰ

375 3407 469 3461 τὸν
515 3408 627 3477 βίον
672 3409 952 3478 προειπεῖν
999 3407 1098 3478 τῆς
1130 3408 1276 3473 νέας,
1310 3408 1404 3461 καὶ
1434 3406 1532 3476 τὴν
1563 3407 1660 3477 τῆς
1691 3406 1950 3478 προαιρέ-

381 3515 520 3562 σεως
546 3499 834 3570 ὁμοιότητα
866 3498 955 3554 διὰ
980 3502 1079 3569 τῆς
1111 3500 1429 3571 ὁμωνυμίας
1460 3497 1843 3563 ἐπιδείξασθαι.

406 3580 419 3591 ’
449 3590 719 3661 Τρέφεται
759 3589 936 3643 τοίνυν
967 3590 1029 3644 τὸ
1072 3590 1280 3644 παιδίον
1308 3608 1323 3623 ⁸
1368 3589 1532 3661 οῦσης
1561 3590 1659 3660 μὲν
1683 3589 1831 3660 αὐτῷ
1859 3591 1952 3643 καὶ

376 3684 601 3753 τιθήνης
635 3683 788 3746 ιδίας,
821 3682 891 3736 τὰ
913 3683 970 3735 δὲ
1000 3682 1169 3735 πολλὰ
1194 3683 1294 3752 τῆς
1327 3680 1529 3752 μητρὸς
1561 3682 1617 3733 ὲν
1642 3681 1761 3743 ταῖς
1794 3681 1951 3752 χερσὶ

375 3780 496 3840 ταῖς
529 3776 682 3840 ἰδίαις
711 3775 1122 3847 τιθηνουμένης.
1166 3772 1482 3844 ’Υπερϐἄσα
1511 3770 1568 3824 δὲ
1600 3770 1696 3842 τὴν
1722 3762 1829 3825 τῶν
1854 3788 1951 3843 νη-

376 3869 519 3921 πίων
545 3868 793 3939 ήλικίαν,
840 3867 1084 3938 εὐμαθὴς
1126 3861 1193 3937 ἦν
1241 3864 1348 3918 τῶν
1382 3862 1648 3917 παιδικῶν
1697 3862 1951 3935 μαθημά-

376 3978 485 4014 των
509 3976 522 3990 ⁶
553 3959 801 4032 καὶπρὸς
830 3960 965 4031 ὅπερ
992 3959 1058 4014 ἂν
1083 3961 1115 4029 ή
1143 3958 1250 4012 τῶν
1277 3958 1478 4026 γονέων
1503 3956 1682 4029 κρίσις
1706 3952 1808 4027 ἦγε
1843 3956 1948 4027 μά-

378 4053 527 4124 θημα
548 4095 562 4119 ,
612 4053 732 4106 κατ’
764 4055 936 4107 έκεῖνο
967 4054 1000 4121 ή
1029 4051 1187 4120 φύσις
1214 4051 1312 4121 τῆς
1343 4050 1467 4113 νέας
1499 4050 1812 4120 διέλαμπεν.
1842 4045 1950 4103 Ἦν

377 4143 436 4197 δὲ
470 4147 532 4215 τῇ
579 4145 746 4216 μητρὶ
793 4142 1016 4214 σπουδὴ,
1050 4141 1335 4195 παιδεῦσαι
1362 4141 1460 4212 μὲν
1487 4142 1584 4213 τὴν
1618 4141 1782 4194 παῖδα
1807 4156 1822 4173 ⁸
1875 4139 1950 4212 μὴ

379 4238 479 4307 μέν
498 4254 579 4291 τοι
608 4238 705 4308 τὴν
731 4235 926 4303 ἔξωθεν
967 4235 1168 4305 ταύτην
1199 4235 1290 4287 καὶ
1320 4233 1603 4302 ἐγκύκλιον
1637 4233 1948 4296 παίδευσιν,

377 4329 467 4398 ἢν,
500 4329 574 4392 ὡς
604 4329 669 4382 τὰ
699 4327 891 4389 πολλὰ,
921 4326 1009 4381 διά
1034 4327 1142 4379 τῶν
1176 4325 1491 4396 ποιημάτων
1516 4326 1572 4378 αἱ
1600 4325 1811 4396 πρῶται
1843 4322 1950 4379 τῶν

2065 499 2167 553 ter,
2206 504 2329 557 qua:
2364 499 2609 560 tempore
2638 494 3080 560 persecutionum
3123 507 3220 562 pro
3251 494 3453 549 Christi
3494 511 3629 551 con-

2062 578 2302 633 fessionc
2340 589 2696 650 pugnaverat.
2742 581 2859 637 Hoc
2892 583 3112 653 quidem
3147 583 3367 653 vulgato
3405 586 3630 641 nomine

2063 681 2093 720 a
2132 667 2491 726 familiaribus
2524 671 2825 726 vocabatur
2856 690 2868 726 :
2905 673 3002 728 scd
3051 687 3311 727 arcanum
3344 684 3399 728 et
3435 691 3629 729 recon-

2060 757 2233 811 ditum
2267 760 2501 814 alterum
2530 761 2767 831 habebat
2794 778 3014 828 nomen,
3041 780 3150 834 quo
3173 781 3271 834 per
3302 766 3476 820 visum
3508 767 3627 822 fue-

2063 857 2148 902 rat
2199 850 2462 921 insignita
2523 855 2846 924 priusquam
2896 855 2953 909 in
3019 857 3196 910 lucem
3240 872 3271 911 a
3322 867 3498 912 matre
3534 872 3629 928 per

2061 940 2283 997 dolores
2324 942 2598 999 ederetur.
2633 943 2768 998 Nam
2801 946 2920 1014 ipsa
2954 962 3172 1017 quoque
3209 959 3385 1003 mater
3420 964 3483 1003 ea
3512 950 3626 1002 vir-

2061 1040 2178 1086 tute.
2207 1040 2345 1099 erat,
2382 1045 2441 1091 ut
2468 1038 2704 1123 consilio
2733 1036 2827 1093 Dei
2861 1054 2982 1094 sese
3020 1040 3073 1094 in
3104 1042 3361 1096 omnibus
3394 1050 3626 1113 regeret,

2061 1139 2364 1195 puramque
2390 1135 2444 1183 et
2474 1129 2739 1199 integram
2774 1131 2993 1186 vivendi
3028 1132 3297 1187 rationem
3336 1134 3388 1187 in
3436 1135 3631 1204 primis

2059 1217 2336 1285 diligeret,
2374 1219 2511 1275 adeo
2541 1230 2599 1275 ut
2631 1237 2739 1276 non
2774 1230 2991 1293 sponte,
3028 1224 3123 1278 sed
3158 1225 3328 1279 invita
3362 1226 3631 1295 quodam-

2058 1310 2223 1365 modo
2264 1313 2515 1380 nupserit
2550 1332 2563 1368 :
2607 1316 2808 1370 etenim
2840 1331 2964 1370 cum
3005 1325 3239 1388 utroque
3270 1326 3494 1387 parente
3539 1333 3630 1372 or-

2060 1400 2185 1455 bata
2238 1401 2294 1456 in
2341 1403 2464 1473 ipso
2503 1413 2651 1460 esset
2685 1407 2869 1462 aetatis
2897 1405 3065 1470 ﬂore,
3098 1406 3353 1477 famaque
3382 1408 3629 1478 pulchri-

2062 1492 2267 1548 tudinis
2324 1497 2563 1560 multos,
2620 1507 2679 1551 ut
2724 1512 2842 1552 eam
2894 1498 2998 1553 sibi
3045 1513 3271 1553 uxorem
3322 1507 3623 1566 cuperent,

2059 1584 2335 1648 incitaret,
2371 1595 2423 1640 et
2463 1587 2760 1656 periculum
2797 1598 2944 1645 esset
2975 1590 3080 1644 nisi
3112 1590 3302 1645 volens
3344 1591 3397 1643 in
3436 1591 3628 1644 matri-

2060 1677 2246 1732 monio
2292 1677 2528 1748 cuipiam
2570 1680 2954 1746 collocaretur,
3003 1698 3072 1738 ne
3118 1698 3215 1751 per
3249 1682 3357 1734 vim
3411 1681 3625 1735 adversi

2056 1767 2262 1838 aliquid
2295 1769 2343 1824 ei
2389 1768 2732 1840 contingeret
2762 1770 2933 1843 (nam
2977 1773 3098 1841 ejus
3151 1772 3323 1825 forma
3365 1771 3509 1840 capti
3558 1764 3629 1823 ad

2054 1860 2305 1929 rapinam
2352 1861 2734 1933 speetabant),
2780 1871 2841 1917 ut
2884 1863 3051 1919 saluti
3104 1864 3455 1927 consuleret,
3502 1862 3631 1916 vita:

2055 1953 2321 2027 gravitate
2349 1961 2657 2023 spectatum
2701 1953 3259 2023 commendatumque
3300 1953 3478 2006 virum
3518 1953 3627 2007 sibi

2053 2043 2239 2112 elegit,
2272 2044 2558 2113 primoque
2578 2055 2738 2113 partu
2769 2044 2998 2113 hujusce
3019 2055 3102 2100 est
3127 2044 3270 2098 facta
3295 2053 3488 2099 mater.
3524 2043 3628 2098 Ve-

2054 2149 2174 2187 rum
2209 2150 2334 2190 cum
2373 2137 2619 2204 pariendi
2652 2144 2866 2207 tempus
2897 2137 3159 2200 instaret,
3191 2151 3386 2189 somno
3423 2150 3623 2191 conso-

2053 2230 2187 2297 pita,
2227 2244 2389 2282 manu
2422 2238 2634 2299 gestare
2669 2230 2772 2283 sibi
2806 2229 2925 2284 visa
2954 2237 3039 2284 est
3074 2228 3126 2282 id
3153 2229 3297 2298 quod
3329 2228 3509 2282 adhuc
3541 2229 3625 2282 in-

2054 2328 2138 2374 tra
2162 2320 2374 2375 viscera
2406 2320 2740 2385 continebat,
2763 2327 2817 2375 et
2846 2319 3135 2391 quemdam
3165 2320 3406 2373 humana
3441 2321 3624 2389 specie

2052 2420 2107 2466 et
2143 2410 2314 2465 forma
2355 2411 2728 2481 augustiorem
2760 2411 2987 2475 intueri,
3027 2411 3120 2482 qui
3152 2408 3367 2465 Thecla:
3400 2410 3619 2464 nomine

2056 2501 2275 2554 filiolam
2312 2501 2638 2570 appellavit,
2671 2500 2920 2567 Thecla,
2972 2502 3196 2574 inquam
3223 2539 3238 2564 ,
3284 2501 3433 2555 illius
3480 2500 3626 2554 inter

2052 2599 2321 2663 martyres
2353 2593 2728 2648 celeberrimae
2761 2612 2775 2647 :
2808 2592 2861 2646 id
2896 2600 3077 2649 autem
3107 2607 3230 2646 cum
3259 2600 3345 2646 ter
3370 2599 3623 2661 repetens

2055 2690 2313 2738 testatum
2333 2683 2955 2753 reliquisset,discessit.
2977 2681 3052 2736 Ea
3072 2698 3203 2737 vero
3228 2682 3410 2737 statim
3429 2695 3625 2737 somno

2054 2779 2232 2831 soluta
2261 2783 2367 2839 est,
2397 2783 2451 2829 et
2484 2782 2643 2844 partu
2675 2773 2836 2829 facile
2863 2775 3061 2838 levata,
3086 2781 3145 2827 ut
3168 2781 3221 2828 ct
3246 2788 3439 2828 somno
3460 2773 3624 2828 simul

2052 2868 2290 2922 excitata
2331 2865 2424 2927 sit,
2466 2864 2697 2934 etquod
2744 2863 2797 2915 in
2840 2863 3026 2933 quiete
3083 2863 3327 2923 viderat,
3367 2860 3622 2916 effectum

2053 2956 2377 3026 inspexerit.
2405 2956 2679 3009 Arcanum
2706 2954 2869 3025 igitur
2894 2969 3089 3009 nomen
3126 2954 3232 3007 hoc
3264 2953 3339 3007 illi
3372 2953 3492 3007 fuit.
3527 2951 3622 3005 Vi-

2052 3047 2214 3102 detur
2252 3055 2435 3102 autem
2466 3047 2610 3100 'mihi
2643 3047 2709 3110 is,
2737 3046 2830 3115 qui
2865 3062 2960 3115 per
2999 3047 3239 3116 quietem
3272 3054 3621 3116 apparuerat,

2050 3154 2171 3195 eam
2225 3154 2413 3194 vocem
2465 3138 2889 3208 pronuntiasse,
2939 3153 3049 3192 non
3100 3145 3248 3202 tam,
3279 3145 3337 3190 ut
3374 3151 3484 3207 quo
3523 3152 3623 3190 nov

2051 3231 2202 3285 mine
2241 3229 2564 3299 appellanda
2598 3240 2767 3294 esset,
2804 3229 3093 3290 iudicaret,
3130 3242 3295 3298 quam
3330 3236 3391 3282 ut
3429 3227 3622 3281 simili-

2052 3320 2242 3375 tudine
2286 3320 2529 3377 nominis
2576 3318 2719 3377 idem
2751 3319 3069 3377 ostenderet
3119 3317 3337 3375 vivendi
3377 3317 3620 3374 studium

2049 3417 2104 3465 ct
2125 3409 2459 3465 institutum.

2121 3582 2403 3639 Educatur
2430 3599 2561 3654 ergo
2589 3584 2833 3653 puellula
2865 3590 2920 3639 et
2953 3597 3267 3654 quanquam
3297 3584 3516 3655 propria
3543 3584 3620 3639 illi

2049 3676 2238 3728 nutrix
2273 3675 2484 3754 aderat,
2513 3681 2699 3729 tamen
2732 3674 2788 3729 in
2819 3676 3077 3731 manibus
3113 3675 3226 3731 fere
3259 3678 3454 3732 matris
3486 3692 3623 3732 enu-

2045 3763 2483 3818 triebatur.Cum
2506 3771 2689 3820 autem
2708 3763 2953 3821 infantize
2972 3773 3186 3822 aetatem
3208 3778 3355 3823 esset
3375 3783 3618 3839 egressa,

2048 3854 2284 3909 docilem
2314 3853 2609 3909 admodum
2641 3862 2894 3909 naturam
2935 3856 2992 3910 in
3024 3854 3406 3927 perdiscendis
3439 3858 3622 3927 pueri-

2049 3946 2198 4001 libus
2227 3946 2337 4001 illis
2369 3946 2638 4002 institutis
2662 3962 2772 4017 prae
2806 3961 2863 4002 se
2895 3948 3057 4013 tulit;
3093 3947 3360 4018 quidquid
3393 3948 3538 4003 enim
3570 3948 3622 4002 ei

2051 4037 2373 4095 discendum
2409 4047 2666 4107 parentes
2696 4037 3051 4102 indicabant,
3096 4038 3152 4092 in
3195 4052 3262 4092 eo
3301 4038 3496 4107 puella:
3533 4038 3621 4092 in—

2052 4131 2270 4203 genium
2301 4130 2623 4186 excellebat.
2674 4129 2940 4187 Studebat
2982 4137 3164 4185 autem
3203 4138 3381 4184 mater
3408 4138 3471 4184 ut
3512 4129 3624 4183 filia

2052 4223 2403 4289 erudiretur,
2451 4223 2547 4279 sed
2597 4238 2707 4277 non
2750 4222 2856 4278 ista
2891 4230 3074 4278 tamen
3115 4229 3345 4277 externa
3377 4221 3625 4291 diScipli-

2052 4331 2248 4371 narum
2276 4315 2420 4371 serie
2440 4356 2455 4378 ,
2486 4329 2594 4385 qua
2625 4314 2948 4386 plerumque
2972 4329 3038 4369 ex
3073 4322 3357 4385 poetarum
3390 4313 3625 4367 lectione

378 4421 782 4489 παιδευομένων
800 4420 1006 4491 ἡλικίαι
1028 4419 1388 4474 διδάσκονται.
1411 4417 1642 4487 Αίσχρδν
1663 4416 1771 4488 γὰρ
1791 4415 1945 4487 ᾠετο,

2054 4408 2245 4480 prima:
2268 4408 2601 4464 discentium
2624 4414 2817 4462 tetates
2834 4406 3156 4461 imbuuntur
3179 4422 3192 4457 :
3218 4413 3376 4471 turpe
3397 4401 3542 4456 enim
3570 4410 3626 4455 et

299 4562 307 4571 ,
375 4513 474 4565 καὶ
508 4513 850 4566 παντάπασιν
889 4510 1154 4583 ἀπρεπὲς,
1191 4510 1224 4581 ἢ
1259 4508 1326 4563 τὰ
1361 4507 1598 4580 τραγικὰ
1625 4507 1806 4579 πάθη,
1850 4507 1949 4560 ὅσα

375 4607 441 4659 ἐκ
465 4606 737 4674 γυναικῶν
761 4605 857 4668 τὰς
885 4604 1059 4676 ἀρχάς
1096 4603 1191 4657 καὶ
1217 4602 1316 4665 τὰς
1347 4600 1632 4664 ὑποθέσεις
1653 4602 1765 4662 τοῖς
1791 4616 1948 4669 ποιη-

374 4700 493 4759 ταῖς
522 4696 728 4751 ἒδωκαν
747 4738 764 4762 ,
799 4696 834 4766 ἢ
874 4695 971 4759 τὰς
1019 4692 1346 4766 κωμῳδικὰς
1373 4690 1777 4763 ἀσχημοσύνας,
1806 4691 1946 4743 άπα-

373 4791 472 4863 λὴν
519 4790 614 4843 καὶ
646 4787 945 4841 εὔπλαστον
985 4789 1144 4856 φύσιν
1184 4786 1547 4847 διδάσκεσθαι,
1584 4781 1948 4853 καταμολυνο-

379 4885 549 4954 μένην
577 4879 776 4952 τρόπον
799 4878 919 4931 τινὰ
948 4880 1056 4941 τοῖς
1088 4877 1466 4948 ἀσεμνοτέροις
1489 4876 1617 4945 περὶ
1639 4873 1744 4926 τῶν
1768 4888 1948 4941 γυναι-

373 4973 538 5027 κείων
567 4968 1073 5041 διηγήμασιν.⁹Αλλ’
1101 4968 1199 5021 ὅσα
1250 4968 1348 5037 τῆς
1396 4965 1750 5021 θεοπνεύστου
1801 4965 1944 5033 Γρα-

374 5067 480 5136 φῆς
514 5064 863 5135 άληπτότερα
894 5062 1014 5125 ταῖς
1035 5060 1275 5133 πρώταις
1303 5059 1540 5132 ἡλικίαις
1574 5057 1740 5117 δοκεῖ,
1770 5056 1945 5110 ταῦτα

373 5154 443 5230 ἦν
471 5160 537 5229 τῇ
568 5156 720 5210 παιδὶ
750 5155 820 5209 τὰ
852 5155 1169 5226 μαθήματα,
1203 5153 1296 5207 καὶ
1329 5152 1563 5222 μάλιστα
1598 5152 1632 5219 ἡ
1666 5148 1759 5202 τοῦ
1789 5146 1946 5202 Σολο-

376 5251 586 5323 μῶντος
621 5249 793 5320 Σοφία
812 5265 827 5280 ο
860 5246 955 5301 καὶ
978 5245 1179 5316 ταύτης
1207 5245 1390 5307 πλέον,
1424 5245 1522 5298 ὅσα
1552 5243 1686 5314 πρὸς
1714 5241 1803 5296 τὸν
1826 5239 1946 5311 ἠθι-

372 5340 468 5394 κὸν
497 5338 651 5411 ἡμῶν
684 5339 846 5408 ἔφερε
873 5336 1006 5408 βίον.
1051 5332 1208 5387 Ἀλλά
1241 5333 1454 5403 καὶτῆς
1477 5329 1944 5403 ψαλμῳδουμένης

371 5431 597 5503 Γραφῆς
626 5430 734 5483 οὐδ’
767 5428 943 5483 ὁτιοῦν
983 5425 1166 5496 ἠγνόει
1191 5440 1206 5456 ο
1254 5425 1465 5494 καιροῖς
1518 5422 1666 5485 ἰδίοις
1717 5421 1945 5474 ἕκαστον

375 5520 542 5591 μέρος
568 5520 665 5589 τῆς
687 5516 1002 5587 ψαλμῳδίας
1031 5513 1301 5581 διεξιοῦσα
1325 5529 1338 5543 ·
1374 5512 1474 5581 τῆς
1493 5528 1552 5564 τε
1581 5512 1767 5583 κοίτης
1783 5511 1946 5565 διανι-

373 5608 637 5679 σταμένη,
671 5608 765 5661 καὶ
807 5608 914 5660 τῶν
955 5604 1256 5660 σπουδαίων
1290 5603 1567 5672 ἁπτομένη
1600 5619 1657 5653 τε
1692 5601 1786 5654 καλ¹
1816 5602 1946 5654 ἀνα-

373 5700 675 5769 παυομένη,
710 5701 801 5753 καὶ
833 5697 1157 5767 προσιεμένη
1188 5693 1392 5766 τροφὴν
1416 5732 1431 5753 ,
1466 5692 1560 5746 καὶ
1591 5691 1943 5763 ἀναχωροῦσα

2054 4503 2374 4559 indecorum
2408 4517 2636 4572 prorsus
2673 4499 3046 4563 existimabat,
3079 4496 3167 4551 vel
3201 4493 3428 4565 tragicis
3469 4491 3625 4548 femi-

2053 4604 2249 4646 narum
2281 4589 2788 4661 perturbationibus
2813 4627 2827 4653 ,
2860 4587 3006 4641 unde
3039 4583 3317 4641 scribendi
3349 4582 3622 4653 principia

2053 4689 2106 4737 et
2142 4690 2464 4751 argumenta
2494 4687 2667 4750 poetae
2692 4683 3081 4748 sumpserunt,
3111 4674 3196 4729 vel
3228 4672 3621 4728 comoediarum

2054 4774 2414 4838 fteditatibus,
2456 4773 2540 4827 vel
2564 4770 2837 4841 pudendis
2865 4782 3078 4830 eorum,
3108 4767 3200 4837 qui
3234 4773 3315 4820 tot
3346 4778 3623 4820 aerumnas

2053 4861 2121 4916 ad
2155 4861 2309 4918 Ilium
2330 4863 2702 4931 pertulerant,
2731 4859 2890 4914 factis
2910 4865 3156 4913 tenerum
3176 4864 3230 4911 et
3254 4856 3391 4910 bene
3417 4853 3623 4908 forma-

2054 4959 2169 5007 tum
2205 4952 2446 5006 animum
2482 4948 2666 5012 infici,
2701 4956 2757 5004 et
2786 4948 2969 5003 minus
2995 4946 3256 5017 gravibus
3294 4945 3362 4999 de
3403 4943 3623 4998 feminis

2052 5041 2467 5099 narrationibus
2506 5040 2912 5110 quodammodo
2961 5036 3330 5107 coinquinari.
3386 5033 3625 5088 Proinde

2053 5147 2177 5205 quae
2200 5148 2269 5188 ex
2299 5132 2488 5188 divino
2519 5132 2726 5203 Spiritu
2761 5131 2966 5186 dictata
2999 5128 3285 5199 Scriptura
3318 5128 3509 5199 primae
3546 5126 3624 5179 illi

2050 5227 2286 5284 aztatulze
2313 5225 2565 5280 faciliora
2597 5226 2922 5296 aptioraque
2968 5222 3321 5286 videbantur,
3360 5217 3622 5273 discenda

2051 5318 2425 5390 proponebat,
2461 5332 2583 5372 cum
2629 5318 2822 5388 primis
2864 5323 3046 5370 autem
3097 5312 3435 5382 Sapientiam
3471 5308 3624 5363 Salo-

2052 5410 2255 5475 monis,
2291 5409 2459 5478 idque
2491 5423 2557 5464 ex
2586 5421 2649 5463 ea
2690 5406 3062 5476 potissimum,
3096 5402 3244 5474 quod
3281 5402 3349 5456 ad
3374 5401 3540 5455 vitam
3567 5406 3623 5454 et

2051 5517 2235 5558 mores
2262 5501 2501 5558 maxime
2528 5500 2888 5556 conducebat.
2922 5497 3052 5552 Erat
3078 5497 3242 5552 etiam
3277 5494 3621 5550 Psalmorum

2050 5597 2477 5666 haudquaquam
2528 5595 2718 5664 ignara
2771 5591 3203 5663 prwlinitamque
3254 5603 3440 5643 eorum
3496 5601 3621 5656 par-

2054 5698 2160 5744 tem
2186 5689 2405 5742 statutis
2434 5687 2774 5760 temporibus
2798 5682 3173 5756 percurrebat.
3196 5680 3330 5734 Nam
3357 5680 3472 5736 sive
3494 5691 3618 5733 sur-
