4068 6154
490 301 594 360 963

1696 303 1753 361 S.
1792 300 2124 359 GREGORII
2162 299 2450 360 NYSSENI

3650 294 3762 351 964

492 431 646 496 geret
684 437 715 478 e
757 423 987 487 lectulo,
1034 423 1151 479 sive
1208 423 1276 478 ad
1327 423 1514 479 studia
1569 425 1894 490 accederet,
1959 426 2050 480 sivi

2176 426 2474 498 τραπέζης,
2506 427 2602 481 καὶ
2630 426 2723 481 ἐπὶ
2748 426 2935 496 κοίτην
2964 422 3118 479 ίοῦσα
3143 463 3157 488 ,
3207 421 3301 476 καὶ
3342 423 3421 485 εἰς
3452 417 3761 490 προσευχὰς

493 510 799 568 discederet
827 515 896 569 ab
918 514 1019 578 eis,
1043 516 1158 569 sive
1183 515 1368 569 cibum
1394 524 1660 582 sumeret,
1694 517 1812 573 sive
1836 534 1865 571 a
1889 532 2077 572 mensa

495 603 810 669 recederet,
839 602 956 659 sive
993 605 1241 660 cubitum
1274 622 1334 661 se
1362 605 1674 675 conferret,
1707 608 1824 662 sive
1857 607 1923 661 ad
1956 623 2080 677 pre—

493 694 728 750 candum
761 707 1101 766 exsurgeret,
1133 713 1350 768 semper
1375 708 1433 752 ut
1462 699 1659 753 bonam
1678 739 1692 763 ,
1718 716 1887 770 seque
1919 701 2069 757 nullo

2178 520 2584 591 διανισταμένη,
2630 518 2904 589 πανταχοῦ
2952 518 3052 589 τὴν
3083 513 3417 585 Ψαλμῳδίάν
3447 508 3613 582 εἶχεν,
3648 504 3758 563 οἷόν

2177 628 2298 664 τινα
2330 610 2544 664 σύνοδον
2574 607 2783 680 ἀγαθὴν
2828 606 3053 679 μηδενὸς
3088 601 3606 673 άπολιμπανομένην
3634 600 3761 671 χρόα

2176 720 2291 756 νου.

493 794 735 856 tempore
764 787 1105 843 deserentem
1138 791 1417 856 comitem,
1444 788 1787 845 Psalmorum
1828 791 2066 848 habebat
2102 795 2459 850 cantilenam.

562 876 702 932 Dum
754 879 841 935 his
887 888 941 935 et
988 881 1266 938 similibus
1312 883 1585 937 institutis
1623 881 1915 947 educatur,
1959 900 2074 938 tna-

491 986 731 1040 numque
781 975 1067 1029 tractanda
1128 975 1253 1029 lana
1309 976 1648 1031 excellenter
1704 985 1957 1041 exercet,
2006 978 2075 1031 ad

489 1063 875 1119 duodecimum
908 1067 1084 1120 aetatis
1119 1082 1322 1122 annum
1372 1069 1644 1138 pervenit.
1683 1070 1804 1134 Quo
1846 1070 2071 1137 quidem

488 1163 731 1224 tempore
764 1158 1005 1226 juventae
1044 1158 1143 1213 llos
1179 1159 1412 1215 miriﬁce
1458 1161 1745 1230 splendere
1781 1162 1986 1230 C(BpiL,
2018 1171 2075 1215 et

485 1250 631 1317 quod
683 1251 1045 1307 admiratione
1082 1253 1307 1322 dignum
1343 1261 1461 1319 est,
1498 1254 1753 1323 quamvis
1794 1254 2073 1308 celaretur

485 1340 678 1407 puella:
720 1341 1094 1409 pulchritudo,
1129 1345 1297 1399 latere
1333 1352 1515 1398 tamen
1564 1360 1673 1398 non
1717 1346 1918 1415 potuit.
1960 1343 2070 1401 Nec

482 1432 539 1483 in
600 1432 773 1500 patria
825 1433 1124 1504 quidquam
1176 1451 1331 1504 teque
1376 1435 1702 1491 admirabile
1752 1436 2069 1501 videbatur,

482 1529 651 1590 atque
688 1520 861 1577 forma
893 1532 947 1578 et
976 1534 1235 1580 venustas
1263 1526 1431 1589 illius,
1462 1533 1521 1579 ut
1550 1543 1617 1581 ne
1643 1529 1919 1595 pictorum
1948 1526 2070 1595 qui-

481 1610 603 1665 dem
649 1628 844 1669 manus
887 1615 1008 1684 ejus
1053 1616 1310 1671 decorem
1353 1627 1806 1686 assequerentur,
1851 1625 1907 1671 et
1946 1632 2069 1685 qua:

2249 887 2471 949 Τούτοις
2504 885 2939 958 συναυξανομένη
2957 884 3180 947 καὶτοῖς
3203 880 3463 944 τοιούτοις
3483 878 3759 950 ἐπιτηδεύ-

2143 966 2149 977 “
2180 995 2313 1049 μασι
2337 1017 2352 1042 ,
2402 979 2493 1031 καὶ
2536 977 2634 1049 τὴν
2668 980 2825 1049 χεῖρα
2862 978 3000 1050 πρὸς
3030 977 3128 1047 τὴν
3160 973 3449 1049 ἐρουργίαν
3476 972 3746 1041 διαφερόν-

2174 1083 2281 1130 τως
2309 1067 2617 1138 ἀσκήσασα,
2670 1068 2914 1137 πρόεισιν
2942 1068 3021 1129 είς
3067 1064 3366 1118 δωδέκατον
3410 1062 3528 1123 έτος
3556 1077 3571 1092 ο
3616 1062 3675 1113 ἐν
3710 1054 3757 1128 ᾧ

2178 1158 2411 1228 μάλιστα
2442 1158 2502 1210 τὸ
2530 1158 2628 1227 τῆς
2673 1158 2923 1228 νεότητος
2967 1157 3126 1219 ἄνθος
3156 1156 3461 1226 ἐκλάμπειν
3504 1155 3752 1226 ἄρχεται.

2178 1246 2347 1301 Ἔνθα
2376 1248 2441 1319 δὴ
2470 1249 2563 1301 καὶ
2594 1248 2892 1320 θαυμάζειν
2918 1249 3086 1314 ἄξιον,
3118 1248 3265 1312 ὅπως
3290 1246 3412 1300 οὐδὲ
3441 1244 3758 1317 κεκρυμμέ-

2172 1358 2262 1394 νον
2291 1342 2352 1395 τδ
2380 1340 2572 1405 κάλλος
2601 1341 2701 1411 τῆς
2737 1342 2863 1404 νέας
2904 1340 3211 1395 ἐλάνθανεν.
3242 1339 3377 1392 Ούδέ
3403 1355 3456 1390 τι
3488 1339 3629 1391 κατὰ
3656 1338 3754 1407 τὴν

2172 1432 2407 1503 πατρίδα
2451 1434 2631 1485 πᾶσαν
2676 1432 2891 1500 ἐκείνην
2931 1432 3172 1485 τοιοῦτον
3201 1430 3385 1501 θαῦμα
3417 1430 3609 1493 ἐδόκει,
3644 1424 3755 1483 οἷον

2172 1525 2230 1577 ἐν
2262 1525 2547 1595 συγκρίσει
2575 1523 2669 1577 τοῦ
2702 1524 2933 1588 κάλλους
2962 1524 3171 1591 ἐκείνου
3201 1524 3293 1576 καὶ
3328 1521 3430 1593 τῆς
3452 1522 3754 1592 εὐμορφίας

2171 1611 2310 1667 εἶναι
2334 1632 2348 1645 ·
2398 1615 2474 1678 ώς
2503 1616 2637 1686 μηδέ⁹
2666 1615 2970 1687 ζωγράφων
2998 1616 3186 1684 χεῖρας
3215 1612 3501 1682 ἐφικέσθαι
3525 1612 3757 1682 δυνηθῆ-

479 1718 571 1757 ars
611 1703 747 1758 nihil
784 1722 890 1760 non
923 1708 1270 1762 machinatur
1301 1718 1355 1763 et
1385 1708 1610 1779 efﬁngit,
1645 1709 1886 1788 maxima
1918 1726 2050 1778 qum-

2170 1724 2257 1761 ναι
2282 1708 2381 1777 τῆς
2402 1707 2551 1780 ὥρας
2582 1724 2594 1736 ·
2628 1707 2762 1761 ἀλλὰ
2783 1707 2881 1777 τὴν
2903 1706 3079 1760 πάντα
3110 1704 3509 1776 μηχανωμένην
3534 1705 3750 1774 τέχνην,

477 1808 584 1864 que
625 1796 834 1853 audens
876 1806 931 1853 et
973 1799 1224 1869 ipsorum
1254 1802 1420 1855 etiam
1471 1800 1738 1871 imagines
1779 1801 2069 1857 elemento.

476 1902 597 1942 rum
628 1888 932 1945 imitatione
957 1892 1298 1960 exprimens,
1331 1907 1395 1947 ca
1426 1892 1576 1946 illius
1610 1892 1803 1946 formae
1836 1892 2066 1947 felicita-

475 1988 584 2033 tem
618 1980 822 2034 imitari
856 1998 967 2037 non
999 1991 1206 2052 posset.
1231 1982 1600 2048 Quamobrem
1628 1998 1886 2052 magnum
1909 1984 2069 2052 juve-

473 2084 604 2122 nmn
658 2070 884 2140 nuptias
932 2071 1053 2140 ejus
1107 2072 1471 2127 ambientium
1530 2089 1763 2128 examen
1809 2084 2066 2143 parentes

470 2159 887 2216 circumstabat.
917 2161 1081 2217 Pater
1107 2171 1313 2228 autem,
1357 2164 1450 2234 qui
1490 2179 1792 2233 sanequam
1821 2163 2064 2232 prudens

469 2257 524 2303 et
564 2251 619 2304 in
669 2252 835 2308 rebus
886 2253 1134 2310 honestis
1188 2254 1562 2323 dijudicandis
1606 2265 1866 2325 expertus
1911 2264 2060 2321 erat,

468 2341 760 2411 quemdam
813 2351 924 2398 tmn
980 2361 1212 2415 genere,
1269 2356 1385 2401 tum
1458 2347 1710 2401 moribus
1766 2347 2059 2402 honestum

467 2433 870 2506 probatumque
897 2438 1307 2494 adolescentem
1349 2439 1572 2508 reliquis
1611 2440 1871 2509 prmtulit,
1898 2441 2061 2508 eique

467 2526 516 2582 si
544 2528 613 2582 ad
643 2537 858 2584 aetatem
889 2532 1258 2601 pervenisset,
1292 2532 1456 2586 tiliam
1485 2532 1803 2602 despondit.
1832 2532 2055 2588 Interim

464 2616 557 2672 iiie
590 2634 840 2689 magnam
873 2620 942 2676 de
974 2637 1034 2677 se
1063 2624 1528 2693 exspectationem
1560 2624 1861 2688 concitare,
1887 2624 1939 2678 in
1967 2623 2059 2693 ju-

463 2710 736 2780 dieiisque
791 2728 916 2769 reos
974 2712 1321 2771 defendendo
1374 2716 1650 2785 egregiam
1700 2716 1918 2771 dicendi
1973 2714 2057 2769 fa-

464 2802 727 2857 cultatem
770 2819 882 2872 pne
915 2819 977 2859 se
1013 2804 1180 2869 ferre,
1211 2814 1374 2877 atque
1408 2807 1483 2860 ita
1525 2806 1666 2876 patri
1707 2807 1900 2876 puella:
1935 2815 2058 2861 tau—

461 2906 625 2960 quam
648 2903 863 2963 gratum
891 2895 1023 2951 dare
1041 2897 1381 2966 sponsalium
1406 2914 1631 2952 munus.
1664 2898 1840 2964 Quam
1871 2911 2051 2955 tamen

462 2984 780 3053 praeclaram
846 3002 998 3056 spem
1048 2990 1342 3059 interrupit
1395 2988 1603 3044 invidia
1644 3006 1768 3045 eum
1819 2990 1945 3046 vita:
1994 2994 2048 3047 in

463 3075 581 3140 ipsa
622 3076 933 3131 miseranda
978 3079 1292 3148 subripiens
1331 3082 1724 3137 adolescentia.

2170 1801 2399 1862 καὶτοῖς
2432 1800 2705 1871 μεγίστοις
2746 1797 3144 1868 ἐπιτολμῶσαν,
3184 1797 3259 1860 ώς
3306 1795 3402 1849 καὶ
3434 1794 3612 1848 αὐτῶν
3643 1795 3751 1847 τῶν

2170 1891 2449 1959 στοιχείων
2494 1890 2593 1954 τὰς
2624 1889 2837 1953 εἰκόνας
2878 1888 2967 1942 διὰ
3003 1888 3100 1958 τῆς
3136 1888 3418 1958 μιμήσεως
3451 1884 3752 1939 ἀνατυποῦ-

2168 1982 2314 2044 σθαι,
2347 1981 2445 2053 τὴν
2474 1985 2573 2053 τῆς
2609 1980 2821 2052 μορφῆς
2864 1979 3078 2048 ἐκείνης
3107 1977 3397 2048 εύκληρίαν
3431 1976 3505 2046 μὴ
3536 1974 3748 2046 ίσχῦσαι

2164 2075 2231 2127 δι’
2258 2073 2539 2144 ἀκριϐείας
2571 2071 2932 2145 μιμήσασθαι.
2964 2071 3166 2124 Τούτου
3195 2071 3353 2141 χάριν
3387 2069 3552 2133 πολὺς
3583 2067 3747 2139 ἐσμὸς

2163 2165 2271 2218 τῶν
2322 2165 2727 2235 μνηστευόντων
2775 2163 2865 2217 τὸν
2917 2163 3094 2233 γάμον
3140 2162 3311 2231 αὐτῆς
3364 2163 3479 2223 τοῖς
3531 2160 3748 2229 γονεῦσι

2165 2258 2486 2326 περιεχεῖτο.
2535 2256 2592 2307 '0
2640 2255 2697 2307 δὲ
2741 2253 2920 2324 πατὴρ
2974 2249 3061 2325 (ἣν
3107 2252 3216 2321 γὰρ
3249 2251 3314 2322 δὴ
3366 2251 3597 2321 σώφρων
3649 2251 3746 2305 καὶ

2165 2347 2372 2418 κρίνειν
2412 2346 2473 2399 τὸ
2504 2344 2668 2399 καλὸν
2714 2343 3147 2416 ἐπεσκεμμένυς)
3182 2344 3462 2415 εύδόκιμόν
3491 2362 3610 2398 τινα
3634 2342 3745 2397 τῶν

2161 2439 2225 2491 ἐκ
2253 2438 2445 2507 γένους
2470 2436 2749 2507 γνώριμον
2795 2438 2888 2489 ἐπὶ
2921 2436 3269 2507 σωφροσύνῃ,
3314 2436 3439 2508 ἄρτι
3473 2437 3579 2490 τῶν
3613 2454 3743 2490 παι-

2159 2528 2460 2599 δευτηρίων
2489 2528 2851 2599 ἐπανήκοντα,
2881 2526 2991 2579 τῶν
3020 2526 3222 2581 λοιπῶν
3255 2526 3575 2596 ἀποκρίνας,
3604 2526 3746 2580 ἐκεί-

2158 2639 2235 2691 νῳ
2267 2619 2675 2689 κατεγγυᾶσθαι
2701 2618 2930 2688 ἐγνώκει
2956 2619 3055 2689 τὴν
3085 2619 3249 2672 παῖδα
3275 2658 3288 2682 ,
3331 2618 3490 2688 εἴπερ
3519 2621 3598 2682 είς
3621 2618 3741 2689 ἡλι-

2157 2716 2283 2768 κίαν
2334 2713 2498 2767 ἔλθοι.
2559 2713 2647 2766 Ἐν
2694 2713 2868 2784 τούτῳ
2908 2712 2965 2766 δέ
3011 2715 3039 2766 δ
3076 2712 3171 2783 μὲν
3204 2715 3262 2765 ἐν
3290 2712 3501 2765 ἐλπίσιν
3527 2708 3594 2783 ἦν
3626 2715 3743 2776 ταῖς

2155 2804 2589 2875 χρηστοτέραις·
2641 2803 2735 2856 καὶ
2782 2802 3035 2873 καθάπερ
3077 2820 3127 2855 τι
3175 2802 3284 2855 τῶν
3333 2803 3744 2873 κεχαρισμένων

2156 2898 2344 2961 ἕδνων,
2389 2895 2489 2967 τὴν
2518 2895 2605 2949 διὰ
2636 2894 2743 2949 τῶν
2788 2894 2961 2962 λόγων
2990 2894 3341 2965 εὐδοκίμησιν
3374 2897 3618 2965 προσῆγε
3662 2893 3743 2964 τῷ

2154 2989 2323 3061 πατρὶ
2343 2989 2441 3059 τῆς
2467 2988 2614 3054 νέας,
2635 2988 2693 3040 ἐν
2722 2988 2833 3049 τοῖς
2864 2986 3003 3057 ὑπὲρ
3038 2986 3147 3039 τῶν
3168 2986 3536 3056 ἀδικουμένων
3565 2986 3740 3054 ἀγῶσι

2151 3083 2249 3155 τὴν
2277 3082 2386 3135 τῶν
2418 3080 2591 3148 λόγων
2619 3076 3061 3148 ἐπιδεικνύμενος
3090 3075 3341 3149 δύναμιν.
3379 3078 3435 3130 '0
3462 3077 3518 3131 δὲ
3546 3077 3741 3146 φθόνος

458 3166 746 3221 ἐπικύπτει
768 3169 866 3232 τὰς
897 3170 1269 3241 χρηστοτέρας
1288 3171 1527 3237 ἐλπίδας,
1544 3174 1865 3246 ἀναρπάσας
1891 3175 2054 3233 αὐτὸν
2080 3180 2143 3232 ὲκ
2169 3176 2268 3245 τῆς
2298 3170 2443 3241 ζωῆς
2468 3172 2525 3223 ὲν
2545 3169 2751 3240 ὲλιεεινῇ
2780 3171 2848 3241 τῇ
2871 3167 3105 3237 νεότητι.

528 3262 660 3326 Qum
690 3269 872 3316 autem
915 3278 944 3315 a
975 3272 1141 3334 patre
1163 3272 1370 3320 statuta
1417 3268 1686 3333 fuissent,
1717 3272 1896 3340 puella
1938 3287 2048 3327 non

457 3352 745 3423 ignorabat
783 3372 797 3409 :
840 3370 967 3410 nam
1002 3355 1376 3414 adulescentis
1410 3360 1561 3414 obitu
1609 3363 1866 3433 cognovit
1915 3379 2050 3418 cono

455 3445 641 3500 silium
690 3447 914 3517 patris:
964 3448 1151 3518 itaque
1180 3448 1451 3519 judicium
1504 3451 1655 3508 illius
1708 3453 2047 3508 connubium

453 3552 683 3603 vocans,
715 3547 973 3610 tanquam
1005 3540 1062 3595 id
1087 3540 1235 3612 quod
1263 3551 1422 3613 pater
1448 3543 1773 3600 decreverat
1792 3545 2044 3601 eli'ectum

453 3639 636 3695 esset,
674 3632 730 3686 in
764 3633 1040 3703 reliquum
1078 3638 1203 3690 vita:
1252 3643 1470 3706 tempus
1520 3637 1664 3708 apud
1712 3653 1772 3693 se
1822 3653 2045 3694 manere

453 3721 763 3787 constituit,
804 3724 861 3778 in
905 3727 1296 3796 sententiaque
1344 3728 1646 3798 permansit
1695 3724 2043 3785 censtantius

449 3829 617 3883 quam
658 3815 726 3870 ab
761 3816 854 3871 illa
888 3827 1052 3873 aetate
1081 3820 1486 3889 postulabatur.
1524 3819 1741 3876 Etenim
1775 3837 1900 3877 cum
1935 3839 2041 3879 sae-

450 3914 1071 3976 penumeroparentum
1108 3910 1175 3963 ad
1205 3924 1327 3963 eam
1353 3909 1704 3966 deferrentur
1732 3926 2040 3976 sermones,

450 4001 742 4063 prepterea
796 3995 943 4063 quod
985 3997 1143 4050 multi
1181 4006 1363 4064 erant,
1404 3999 1499 4068 qui
1545 3998 1690 4054 fama
1734 4001 2040 4072 pulchritu-

450 4083 601 4138 dinis
642 4084 764 4153 ejus
798 4083 1019 4139 adducti
1054 4085 1204 4141 illam
1247 4090 1352 4145 sibi
1383 4102 1650 4161 cuperent
1685 4108 1912 4148 uxorem
1942 4094 2043 4149 ad-

447 4174 709 4244 jungere,
744 4176 1044 4232 absurdum
1084 4191 1137 4236 et
1173 4181 1425 4252 iniquum
1465 4199 1591 4239 esse
1635 4184 1889 4252 dicebat,
1937 4187 2041 4242 sibi

452 4282 566 4322 non
616 4268 861 4339 permitti
900 4280 961 4325 ut
1002 4272 1136 4328 illud
1171 4277 1491 4348 conjugium
1522 4280 1766 4343 coleret,
1804 4296 1916 4351 quo
1950 4296 2041 4337 se-

450 4361 557 4416 mel
598 4376 629 4415 a
680 4370 840 4431 patre
883 4362 1141 4420 devincta
1178 4376 1358 4434 esset,
1397 4368 1493 4424 sed
1537 4370 1606 4425 ad
1639 4372 1874 4427 alterum
1920 4374 2041 4445 cogi

2217 3267 2336 3324 Οὐκ
2369 3267 2555 3337 ἠγνόει
2602 3264 2661 3318 δέ
2701 3262 2770 3317 τὰ
2815 3262 2892 3334 τῷ
2941 3262 3110 3335 πατρὶ
3157 3261 3452 3332 δεδογμένα
3496 3262 3528 3331 ἠ
3576 3261 3736 3334 κόρη.

2158 3358 2298 3414 Ἀλλ’
2320 3357 2505 3428 ἐπειδὴ
2526 3355 2604 3427 τῷ
2630 3355 2845 3425 θανάτῳ
2863 3352 2958 3408 τοῦ
2980 3353 3191 3407 νεανίου
3221 3353 3281 3406 τὸ
3306 3353 3630 3423 κεκριμένον
3648 3353 3738 3407 ἐπ’

2144 3451 2283 3521 αὐτῇ
2299 3448 2543 3517 διεκόπη·
2565 3447 2743 3516 γάμον
2759 3446 3073 3515 ὀνομάσασα
3089 3444 3185 3516 τὴν
3201 3443 3293 3496 τοῦ
3312 3444 3516 3515 πατρὸς
3532 3446 3735 3515 κρίσιν,

2148 3543 2225 3607 ὡς
2257 3540 2628 3611 γεγενημένου
2661 3539 2755 3593 τοῦ
2794 3540 3122 3611 κεκριμένου
3144 3578 3160 3603 ,
3212 3538 3391 3610 μένειν
3424 3540 3510 3607 ἐφ’
3536 3540 3737 3611 ἑαυτῆς

2147 3635 2209 3689 τὸ
2258 3634 2445 3688 λοιπον
2472 3632 2649 3703 ἠξίου,
2697 3633 2808 3686 Καὶ
2847 3628 2915 3703 ἦν
2953 3633 2986 3704 ἡ
3018 3631 3200 3704 κρίσις
3229 3630 3330 3701 τῆς
3373 3632 3590 3703 ἡλικίας
3632 3650 3738 3686 πα-

2148 3726 2410 3797 γιωτέρα.
2462 3724 2729 3789 Πολλάκις
2761 3724 2871 3796 γὰρ
2912 3724 3049 3795 αὐτῇ
3086 3725 3212 3788 τοὺς
3242 3725 3369 3796 περὶ
3400 3725 3507 3778 τῶν
3539 3725 3735 3796 γάμων

2149 3818 2609 3891 προσαγαγόντων
2650 3818 2841 3886 λόγους
2882 3815 2992 3869 τῶν
3036 3816 3489 3887 γεννησαμένων,
3526 3815 3619 3869 διὰ
3672 3816 3735 3869 τὸ

2148 3912 2375 3975 πολλοὺς
2420 3905 2560 3964 εἶναι
2593 3910 2718 3974 τοὺς
2761 3910 2902 3964 κατὰ
2936 3910 3124 3981 φήμην
3175 3908 3270 3961 τοῦ
3311 3907 3537 3970 κάλλους
3593 3926 3733 3979 μνη-

2148 4002 2359 4056 στεύειν
2405 4001 2708 4066 ὲθέλοντας,
2749 4002 2948 4056 ἄτοπον
2981 3996 3120 4055 εἶναι
3166 3999 3320 4069 ἔλεγε
3364 4000 3459 4053 καὶ
3498 4001 3732 4070 παράνο-

2144 4112 2279 4166 μον,
2335 4094 2411 4166 μὴ
2455 4094 2704 4165 στέργειν
2746 4094 2839 4146 τὸν
2888 4091 3035 4159 ἅπαξ
3084 4093 3149 4146 ἐκ
3195 4091 3290 4146 τοῦ
3335 4090 3542 4163 πατρὸς
3592 4091 3726 4161 αὐτῇ

2140 4186 2455 4260 κυρωθέντα
2483 4188 2683 4257 γάμον,
2725 4185 2860 4241 ἀλλὰ
2902 4185 2997 4239 καὶ
3043 4186 3182 4256 πρὸς
3212 4185 3397 4253 ἕτερον
3425 4184 3727 4252 ἀναγκάζε-

2140 4276 2264 4330 σθαι
2304 4277 2520 4347 βλέπειν
2546 4294 2560 4309 ·
2599 4277 2718 4341 ἐνὸς
2758 4277 2909 4341 ὄντος
2936 4278 2992 4330 ἐν
3017 4279 3082 4349 τῇ
3120 4276 3280 4346 φύσει
3305 4276 3397 4329 τοῦ
3424 4276 3626 4347 γάμου,
3656 4275 3729 4338 ὡς

2143 4368 2242 4438 μία
2272 4368 2505 4436 γένεσις,
2531 4368 2626 4422 καὶ
2651 4367 2878 4445 θάνατος
2911 4363 2993 4431 εἷς
3017 4385 3030 4397 ·
3082 4366 3171 4421 τὸν
3200 4367 3256 4420 δὲ
3290 4367 3724 4438 συναρμοσθέντα

448 4455 765 4525 respicere;
812 4472 939 4511 cum
983 4472 1154 4513 unum
1208 4470 1403 4516 natura
1453 4463 1526 4517 sit
1582 4466 2031 4532 matrimonium,

2151 4458 2280 4512 κατὰ
2315 4458 2415 4530 τὴν
2444 4458 2551 4513 τῶν
2581 4460 2782 4528 γονέων
2828 4459 3011 4530 κρίσιν
3047 4458 3122 4530 μὴ
3168 4458 3419 4513 τεθνάναι
3465 4459 3725 4529 διιετχυρί⁸

448 4544 912 4613 quemadmodum
946 4564 1090 4604 unus
1110 4557 1268 4604 ortus
1300 4560 1356 4604 et
1382 4544 1491 4605 una
1520 4566 1689 4608 mors.
1724 4551 1860 4608 Eum
1883 4570 2033 4619 vero,

444 4636 600 4691 cuia
635 4638 954 4706 parentibus
1001 4637 1197 4696 fuisset
1243 4641 1543 4712 desponsa,
1581 4658 1694 4697 non
1733 4658 1858 4698 esse
1892 4659 2037 4698 mor-

444 4734 602 4781 tuum
637 4728 1031 4795 contendebat,
1065 4732 1162 4787 sed
1201 4746 1299 4802 spe
1331 4734 1756 4788 resurrectionis
1803 4734 1912 4788 Deo
1955 4734 2035 4788 vi-

444 4834 592 4876 vere.
629 4819 980 4892 Quapropter
1002 4839 1129 4878 eum
1161 4839 1221 4879 se
1267 4841 1377 4881 non
1413 4826 1644 4891 obiisse,
1677 4825 1774 4881 sed
1809 4842 2035 4898 peregre

443 4909 753 4980 profectum
792 4927 917 4968 esse
946 4913 1236 4981 judicare,
1275 4926 1330 4971 et
1359 4915 1517 4973 nefas
1550 4917 1666 4973 fore
1700 4917 1747 4973 si
1787 4920 2033 4989 peregri-

442 5004 598 5057 nanti
639 5018 844 5073 sponso
892 5004 1053 5061 ﬁdem
1088 5022 1199 5061 non
1236 5017 1506 5062 servaret.
1540 5009 1821 5077 Ejusmodi
1864 5011 2031 5066 ratio-

418 5094 609 5163 ,nibns
628 5094 902 5165 repellens
917 5110 1038 5159 eos,
1060 5096 1154 5167 qui
1179 5097 1284 5152 sibi
1310 5099 1639 5168 persuadere
1660 5101 2029 5169 conabantur,

439 5186 686 5241 decrevit
717 5187 773 5241 in
805 5202 893 5255 eo,
933 5189 1080 5258 quod
1122 5189 1227 5244 sibi
1268 5200 1655 5260 proposuerat,
1686 5205 1936 5262 perstare
1964 5210 2031 5249 ac

440 5288 508 5329 ne
543 5284 823 5331 momento
854 5277 1075 5347 quidem
1109 5279 1374 5361 temporis
1407 5294 1439 5333 a
1485 5280 1657 5336 latere
1699 5282 1893 5367 matris
1922 5298 2028 5337 un--

439 5379 605 5432 quam
633 5366 941 5424 discedere.
985 5368 1354 5436 Quamobrem
1391 5372 1441 5426 ci
1474 5387 1619 5443 saepe
1654 5366 1876 5429 diccbat
1913 5391 2029 5430 ma-

440 5462 544 5516 ter,
579 5472 641 5512 se
684 5460 932 5531 reliquos
974 5460 1180 5517 liberos
1223 5462 1278 5517 in
1311 5473 1472 5518 utero
1503 5473 1751 5534 tempore
1789 5466 2026 5535 quodam

442 5546 713 5616 praeﬁnito
750 5554 1025 5621 gessisse,
1058 5553 1205 5608 illam
1237 5569 1370 5610 vero
1404 5567 1671 5627 perpetuo
1705 5558 1759 5612 in
1805 5560 2027 5615 visceri-

439 5638 547 5693 bus
594 5640 708 5695 suis
748 5643 1158 5711 quodammodo
1202 5647 1587 5703 circumferre.
1637 5648 1789 5705 Filiae
1840 5660 2023 5707 tamen

440 5728 732 5789 convictus
767 5749 869 5791 nec
901 5735 1143 5793 laborem
1188 5739 1351 5794 matri
1386 5755 1487 5795 nec
1524 5740 1784 5798 damnum
1828 5744 2023 5801 alTerc-

2139 4549 2293 4616 ζετο,
2339 4549 2478 4604 ἀλλὰ
2519 4551 2610 4604 τὸν
2651 4549 2732 4621 τῷ
2770 4550 2889 4621 Θεῴ
2924 4549 3122 4615 ζῶντα,
3158 4550 3246 4605 διά
3288 4554 3386 4621 τὴν
3414 4550 3603 4603 ἐλπίδα
3630 4549 3725 4619 τῆς

2136 4643 2527 4708 ἀναστάσεως,
2574 4643 2857 4714 ἑπόδημον
2913 4644 3162 4715 κρίνειν,
3217 4642 3310 4695 καὶ
3365 4642 3428 4695 ού
3490 4643 3721 4713 νεκρόν·

2136 4735 2334 4789 ἄτοπον
2372 4734 2428 4786 δὲ
2456 4728 2596 4786 εἷναι
2628 4733 2707 4804 τῷ
2734 4734 2862 4805 ἐκδη
2874 4734 3059 4803 μοῦντι
3084 4734 3301 4805 νυμφίῳ
3323 4733 3398 4805 μὴ
3430 4733 3722 4802 φυλάσσειν

2134 4826 2233 4895 τὴν
2264 4824 2466 4878 πίστιν.
2502 4825 2627 4887 Τοῖς
2657 4824 2919 4889 τοιούτοις
2965 4824 3145 4893 λόγοις
3186 4824 3552 4895 ἀπωθουμένη
3596 4825 3721 4888 τοὺς

2134 4916 2495 4988 παραπείθειν
2524 4916 2958 4988 ἐπιχειροῦντας,
2985 4917 3044 4971 ἓν
3076 4919 3394 4990 ἐδοκίμασεν
3423 4920 3594 4988 ἑαυτῇ
3627 4918 3722 4989 τῆς

2132 5010 2342 5079 ἀγαθῆς
2370 5011 2603 5081 κρίσεως
2630 5011 3020 5082 φυλακτήριον,
3063 5012 3123 5065 τὸ
3159 5012 3425 5083 μηδέποτε
3450 5011 3553 5081 τῆς
3586 5010 3722 5076 ἰδίας

2136 5104 2362 5175 μητρὸς,
2413 5101 2548 5173 μηδὲ
2599 5104 2657 5157 ἐν
2706 5103 2906 5175 ἀκαρεῖ
2946 5103 3041 5158 τοῦ
3084 5106 3277 5176 χρόνου
3316 5102 3717 5174 διαζευχθῆναι·

2131 5196 2206 5260 ώς
2239 5195 2498 5259 πολλάκις
2540 5198 2638 5267 τὴν
2675 5197 2883 5267 μητέρα
2921 5196 3057 5268 πρὸς
3101 5197 3272 5277 αὐτὴν
3311 5198 3508 5260 εἰπεῖν,
3540 5197 3624 5248 ὅτι
3653 5195 3719 5247 τὰ

2129 5286 2293 5342 λοιπά
2320 5286 2427 5339 τῶν
2456 5286 2661 5340 τέκνων
2704 5289 3024 5358 τεταγμένῳ
3059 5290 3163 5343 τινί
3191 5288 3366 5359 χρόνῳ
3410 5288 3713 5359 ἐκυοφόρη-

2132 5396 2242 5443 σεν,
2278 5380 2494 5450 ἐκείνην
2522 5380 2578 5433 δέ
2609 5380 2897 5444 διαπαντὸς
2927 5382 3082 5454 φέρει
3112 5383 3343 5435 πάντοτε
3370 5381 3572 5453 τρόπον
3596 5380 3716 5433 τινὰ

2126 5474 2240 5535 τοῖς
2286 5472 2613 5543 σπλάγχνοις
2662 5473 2861 5544 ἑαυτῆς
2914 5473 3262 5545 περιέχουσα.
3326 5472 3468 5525 Ἀλλ’
3513 5472 3614 5526 οὐκ
3646 5466 3711 5541 ἦν

2126 5563 2402 5628 ἐπίπονος,
2429 5564 2546 5617 οὐδὲ
2570 5565 2805 5637 ἀκερδὴς
2833 5570 2898 5637 τῇ
2930 5568 3090 5637 μετρὶ
3117 5568 3216 5636 τῆς
3242 5565 3511 5636 θυγατρὸς
3538 5567 3571 5636 ὴ
3596 5582 3713 5617 συν.

2124 5655 2388 5726 διαγωγή.
2434 5657 2576 5708 Ἀντὶ
2608 5655 2717 5727 γὰρ
2748 5655 2955 5709 πολλῶν
2981 5657 3129 5728 αὐτῇ.
3153 5656 3552 5728 θεραπαινίδων
3580 5650 3648 5727 ἦν
3675 5657 3709 5725 ἠ

2127 5747 2276 5818 παρὰ
2302 5747 2403 5817 τῆς
2450 5747 2717 5820 θυγατρὸς
2745 5747 3007 5823 θεραπεία
3033 5764 3049 5778 '
3098 5751 3192 5803 καὶ
3235 5746 3303 5821 ἦν
3327 5749 3594 5814 άντίδοσίς
3628 5764 3707 5809 τις
