4068 6154
383 292 492 351 9-35

1622 280 1711 335 ne
1743 279 1901 334 vna
1941 279 2000 335 s.
2041 262 2397 335 MACRINAE.

3526 281 3633 340 966

380 402 559 475 ἀγαθὴ
609 400 739 472 παρ’
783 399 1107 470 ἀμφοτέρων
1163 395 1418 464 ἀλλήλαις
1459 393 1950 463 ἀντιπληρουμένη.

2075 400 2165 446 )at.
2205 394 2345 456 Ouin
2385 391 2550 447 etiam
2583 390 2825 447 oliiciosa
2869 390 2990 461 ejus
3035 391 3300 448 sedulitas
3330 392 3632 449 multarum

391 483 473 551 ἠ’
505 497 602 566 μὲν
645 494 752 563 γὰρ
778 492 877 563 τὴν
909 491 1086 561 ψυχὴν
1115 491 1212 559 τῆς
1243 487 1388 550 νέας,
1421 488 1454 555 ή
1485 485 1541 537 δὲ
1570 486 1631 537 τὸ
1671 485 1830 554 σῶμα
1858 483 1956 552 τῆς

384 590 590 661 μητρὸς
613 584 961 656 ἐθεράπευεν,
988 582 1043 634 ἐν
1066 597 1125 633 τε
1149 582 1262 642 τοῖς
1288 577 1469 641 ἄλλοις
1497 577 1626 630 πᾶσι
1649 574 1747 643 τὴν
1767 575 1958 643 ζητουιτ

386 679 552 748 μένην
576 673 880 745 ὑπηρεσίαν
908 670 1123 740 άποπλη
1133 669 1297 740 ροῦσα
1317 686 1333 700 ο
1364 667 1456 721 καὶ
1479 668 1535 719 ἐν
1558 664 1636 735 τῷ
1655 666 1774 727 ταῖς
1803 663 1959 726 ἰδίαις

380 768 538 842 χερσὶ
568 766 829 829 πολλάκις
855 767 921 835 τῇ
958 762 1125 834 μητρὶ⁸
1166 758 1604 831 παρασκευάζειν
1649 756 1740 809 τὸν
1771 755 1956 826 ἄρτον.

383 864 560 931 Ὅπερ
595 861 655 914 ού
687 858 828 912 κατὰ
860 856 920 910 τὸ
944 852 1352 926 προηγούμενον
1382 852 1518 921 αὐτῇ
1548 845 1958 915 διεσπουδάσθη.

396 951 533 1003 Ἀλλ’
565 949 753 1020 ἐπειδὴ
785 949 905 1010 ταῖς
948 948 1234 1017 μυστικαῖς
1265 943 1596 1015 ὑπηρεσίαις
1632 940 1732 1003 τὰς
1773 941 1962 1009 χεῖρας

382 1045 580 1112 ἐαυτῆς
605 1041 812 1112 ἔχρισε,
847 1040 1075 1109 πρέπειν
1108 1037 1432 1107 ἡγησαμένη
1460 1033 1538 1104 τῷ
1571 1031 1961 1102 ἐπιτηδεύματι

382 1136 475 1190 τοῦ
507 1136 622 1206 βίου
657 1133 757 1205 τὴν
803 1133 931 1202 περὶ
962 1129 1122 1183 τοῦτο
1161 1127 1412 1199 σπουδὴν,
1450 1128 1513 1179 ἐκ
1542 1124 1637 1179 τοῦ
1684 1123 1962 1194 περιόντος

381 1230 448 1298 τῇ
499 1225 664 1297 μητρὶ
707 1224 1075 1293 παρεχορήγει
1118 1220 1214 1290 τὴν
1254 1222 1318 1272 ὲκ
1368 1217 1475 1270 τῶν
1522 1215 1736 1269 οἰκείων
1787 1213 1963 1266 πόνων

381 1319 609 1390 τροφήν.
662 1316 770 1387 Καὶ
816 1315 877 1367 οὐ
906 1312 1063 1366 τοῦτο
1096 1312 1275 1383 μόνον,
1308 1309 1444 1363 ἀλλὰ
1486 1308 1581 1362 καὶ
1616 1309 1796 1361 πᾶσαν
1824 1306 1961 1375 αὐτῇ

385 1407 803 1480 συνδιῳκονόμει
858 1405 954 1477 τὴν
984 1404 1336 1475 ἐπικειμένην
1367 1400 1641 1472 φροντίδα.
1667 1399 1962 1468 Τεσσάρων

381 1501 492 1570 γάρ
521 1497 650 1551 υἱῶν
678 1493 745 1568 ἦν
783 1497 986 1566 μήτηρ,
1019 1496 1111 1546 καὶ
1145 1494 1307 1545 πέντε
1353 1490 1687 1561 θυγατέρων,
1721 1488 1814 1541 καὶ
1848 1503 1964 1556 τρι-

387 1593 470 1644 σὶν
507 1590 762 1659 ἄρχουσιν
800 1586 1069 1650 ὑπετέλει,
1112 1585 1200 1637 διὰ
1234 1584 1294 1637 τὸ
1337 1586 1394 1636 ἐν
1438 1581 1710 1644 τοσούτοις
1754 1577 1963 1631 ἔθνεσιν

385 1684 553 1752 αὐτῆς
585 1679 961 1748 κατεσπάροαι
995 1676 1091 1746 τὴν
1113 1676 1325 1745 κτῆσιν.

2061 483 2383 535 ancillarum
2417 482 2593 536 instar
2621 489 2760 545 erat,
2793 491 2845 536 et
2880 490 3068 536 mutua
3096 483 3342 553 quaedam
3370 484 3514 539 inter
3540 501 3635 539 eas

2058 574 2276 642 vigebat
2320 573 2709 627 remuneratio.
2754 570 3037 642 Siquidem
3082 574 3250 627 altera
3291 575 3638 629 custodiebat

2061 662 2303 715 animum
2354 660 2512 725 filiae,
2555 663 2725 716 altera
2776 664 2997 729 corpori
3038 664 3229 719 matris
3271 664 3636 733 inserviebat,

2059 753 2220 823 eique
2264 753 2319 806 in
2359 751 2584 822 reliquis
2630 752 2822 808 oliieiis
2859 754 3117 809 omnibus
3162 756 3539 823 ministrabat,
3581 771 3640 812 ut

2061 844 2303 915 propriis
2352 845 2521 898 etiam
2571 846 2827 900 manibus
2878 847 3040 900 matri
3096 862 3293 916 panem
3350 850 3668 919 praeberet.-

2062 936 2196 1002 Qua:
2261 943 2442 990 tamen
2484 936 2561 989 illi
2612 938 2886 1007 pneeipua
2944 952 3077 991 cura
3132 954 3242 992 non
3308 946 3427 994 erat
3475 956 3488 991 :
3544 941 3639 996 sed

2062 1036 2421 1099 posteaquam
2457 1029 2635 1083 sacris
2664 1028 2858 1083 omeiis
2899 1028 3277 1097 satisfecerat,
3317 1031 3642 1087 existimans

2064 1124 2116 1178 id
2169 1138 2271 1180 suo
2331 1123 2455 1177 vitae
2508 1123 2764 1177 instituto
2814 1122 3132 1185 convenire,
3189 1137 3255 1176 ex
3307 1123 3493 1179 labore
3540 1139 3643 1178 suo

2066 1216 2224 1270 matri
2262 1216 2463 1271 victum
2507 1214 2984 1271 subministrabat.
3025 1212 3193 1283 idque
3240 1229 3348 1267 non
3384 1215 3433 1268 ei
3466 1215 3643 1269 solum

2065 1304 2212 1358 cordi
2253 1315 2399 1365 erat,
2448 1304 2542 1358 sed
2595 1305 2755 1358 etiam
2811 1314 2867 1356 ut
2914 1312 3141 1357 matrem
3196 1317 3452 1357 curarum
3505 1305 3647 1359 mole

2065 1398 2291 1452 levaret.
2328 1397 2501 1451 Mater
2528 1396 2670 1451 enim
2707 1403 2944 1466 quatuor
2977 1395 3117 1448 filios
3151 1402 3206 1450 et
3239 1397 3478 1463 quinque
3504 1395 3645 1451 ﬁlias

2064 1489 2297 1544 habebat
2328 1505 2341 1541 :
2377 1490 2554 1544 tribus
2587 1498 2853 1559 prasterea
2881 1488 3221 1558 principibus
3255 1488 3482 1557 vectigal
3511 1503 3647 1557 pra:-

2065 1581 2334 1643 stabatur,
2387 1581 2647 1649 quoniam
2680 1581 2802 1650 ejus
2848 1581 3128 1649 possessio
3172 1579 3227 1633 in
3268 1586 3347 1633 tot
3391 1579 3647 1649 gentibus

2065 1670 2424 1724 disseminata
2447 1678 2583 1723 erat.

475 1772 739 1835 Ποικίλως
783 1771 961 1823 τοίνυν
1008 1772 1107 1839 τῆς
1154 1767 1360 1838 μητρὸς
1413 1768 1531 1828 ταῖς
1580 1762 1823 1833 φροντίσι
1874 1759 1962 1813 διὰ

2135 1760 2271 1815 Cum
2290 1761 2456 1831 igitur
2495 1768 2670 1814 mater
2699 1760 2868 1816 variis
2897 1762 3051 1818 curis
3081 1762 3505 1833 distringeretur
3532 1763 3650 1834 (pa-

383 1864 542 1918 τοῦτο
576 1860 937 1933 μεριζομένης
959 1877 973 1890 ·
1005 1860 1105 1929 ήδη
1130 1859 1237 1930 γὰρ
1269 1860 1298 1911 6
1323 1859 1504 1929 πατὴρ
1533 1856 1839 1927 ἐξεληλύθει
1868 1857 1959 1910 τὸν

387 1955 506 2026 βίον
531 1971 545 1985 ο
588 1956 645 2006 ἐν
701 1953 834 2005 πᾶσι
862 1950 1073 2013 τούτοις
1118 1949 1375 2011 κοινωνὸς
1424 1944 1491 2019 ἦν
1534 1950 1602 2019 τῇ
1648 1947 1959 2017 μητῷκτῶν

385 2047 584 2105 πόνων,
627 2041 1076 2112 συνδιαιρουμὲνη
1100 2040 1199 2102 τὰς
1227 2039 1510 2111 φροντίδας
1535 2077 1552 2102 ,
1598 2040 1690 2091 καὶ
1724 2039 1784 2092 τὸ
1823 2038 1959 2109 βαρὺ

385 2137 494 2190 τῶν
544 2135 851 2205 ἀλγηδόνων
904 2130 1331 2200 ὲπικουφίζουσα
1358 2149 1373 2163 σ
1422 2132 1516 2184 καὶ
1559 2129 1694 2201 ὁμοῦ
1745 2131 1845 2201 μέν
1892 2133 1959 2201 τῇ

387 2226 735 2297 παιδαγωγίᾳ
770 2226 865 2293 τῆς
900 2223 1105 2295 μητρὸς
1143 2223 1373 2292 ἄμωμον
1404 2221 1760 2290 διεφύλασσεν
1795 2222 1960 2292 ἑαυτῇ

385 2320 477 2371 τὶν
518 2317 631 2388 βίον
677 2319 735 2370 ὲν
781 2313 1056 2387 μητρῲοις
1102 2312 1399 2382 ὀφθαλμοῖς
1429 2313 1718 2375 διαπαντὸς
1746 2313 1963 2366 εὐθυνό-

391 2408 549 2478 μενόν
581 2424 640 2459 τε
670 2406 763 2459 καὶ
790 2403 1232 2476 μαρτυρούμενον
1257 2417 1269 2431 ·
1303 2401 1438 2472 ὁμοῦ
1469 2419 1529 2454 τε
1562 2402 1799 2473 παρέσχε
1829 2403 1964 2473 πρὸς

386 2501 480 2555 τὸν
512 2498 623 2553 ἴσον
647 2497 868 2562 σκοπὸν,
899 2496 990 2549 τὸν
1015 2494 1153 2548 κατὰ
1180 2493 1496 2564 φιλοσοφίαν
1527 2493 1688 2562 λέγω,
1725 2494 1965 2562 μεγάλην

385 2595 456 2663 τῇ
487 2591 655 2662 μητρὶ
689 2588 779 2642 διὰ
818 2588 912 2642 τοῦ
947 2587 1061 2657 βίου
1094 2586 1294 2653 ἑαυτῆς
1339 2585 1438 2656 τὴν
1488 2587 1793 2656 ὑφήγησιν,
1844 2588 1964 2638 κατ’

387 2684 566 2752 ὀλίγον
595 2681 765 2753 αὑτὴν
787 2679 921 2751 πρὸς
946 2679 1046 2748 τὴν
1074 2677 1235 2731 άῦλόν
1262 2694 1322 2730 τε
1348 2677 1441 2730 καὶ
1466 2676 1802 2747 τελειοτέραν
1822 2675 1966 2747 ζωὴν

390 2773 753 2844 ἐφελκομένη.
781 2771 892 2824 Καὶ
929 2768 1116 2839 ἐπειδὴ
1144 2769 1212 2821 τὰ
1255 2766 1395 2821 κατὰ
1429 2766 1528 2831 τὰς
1567 2766 1803 2837 ἀδελφὰς
1832 2767 1968 2837 πρὸς

387 2865 450 2918 τὸ
470 2863 660 2918 δοκοῦν
688 2862 895 2935 ἑκάστῃ
919 2860 1033 2930 μετ’
1063 2860 1229 2930 εύσχη
1240 2858 1477 2929 μοσύνης
1504 2861 1536 2929 ή
1566 2860 1746 2929 μήτηρ
1768 2860 1969 2930 ᾠκονο-

393 2957 629 3025 μήσατο,
650 2952 926 3005 ἐπάνεισιν
949 2953 1006 3004 ἐν
1031 2950 1206 3021 τούτῳ
1234 2949 1341 3003 τῶν
1370 2948 1768 3020 παιδευτηρίων
1790 2947 1969 3019 πολλῷ

391 3046 570 3116 χρόνῳ
605 3043 1006 3113 προσασκηθεὶς
1034 3046 1146 3105 τοῖς
1177 3041 1378 3110 λόγοις,
1411 3044 1439 3095 ὁ
1473 3041 1637 3101 πολὺς
1669 3040 1966 3103 Βασίλειος,

2068 1861 2152 1906 ter
2182 1852 2328 1906 enim
2360 1853 2472 1921 jam
2502 1860 2713 1906 naturae
2738 1854 3146 1924 concesserat),
3179 1854 3232 1907 in
3266 1855 3524 1909 ommbus
3560 1855 3642 1907 la-

2065 1942 2294 1998 boribus
2342 1944 2505 1997 matri
2546 1958 2607 1999 se
2649 1944 2855 1999 sociam
2896 1944 3190 2014 praebebat,
3232 1953 3287 2000 et
3322 1946 3651 2001 sollicitudi-

2068 2050 2200 2088 num
2237 2043 2445 2104 partem
2487 2035 2603 2105 ipsa
2646 2035 2873 2091 subiens
2917 2052 3036 2091 eam
3081 2039 3237 2108 gravi
3273 2039 3650 2095 molestiarum

2069 2141 2240 2181 onere
2293 2126 2530 2182 levabat.
2582 2126 2758 2182 Simul
2808 2136 2989 2182 autem
3025 2136 3080 2183 et
3117 2131 3311 2186 matris
3357 2130 3649 2201 disciplina

2067 2216 2238 2271 vitam
2273 2217 2343 2271 ab
2390 2217 2539 2271 omni
2597 2216 3022 2285 reprehensione
3072 2218 3341 2289 integram
3378 2220 3649 2280 servavit,

2071 2326 2195 2366 cum
2273 2310 2329 2365 in
2383 2308 2504 2378 ejus
2539 2310 2717 2363 oculis
2774 2325 2992 2379 semper
3051 2319 3239 2379 ageret
3294 2310 3652 2380 ejusdemque

2070 2402 2387 2458 testimonio
2434 2401 2786 2469 probaretur,
2834 2408 2889 2454 et
2922 2416 2982 2454 se
3026 2401 3276 2456 vicissim
3312 2401 3361 2456 ei
3401 2416 3651 2472 magnam

2073 2497 2139 2551 ad
2185 2512 2371 2567 parem
2414 2495 2779 2566 philosophiae
2814 2509 3043 2564 sc0pum
3077 2495 3329 2564 exemplo
3372 2495 3498 2549 vitae
3539 2509 3654 2551 sua:

2074 2590 2272 2643 ducem
2319 2587 2572 2658 przebuit,
2621 2587 2879 2655 paulatim
2913 2586 3090 2657 ipsam
3125 2585 3193 2639 ad
3229 2586 3504 2656 puriorem
3528 2601 3655 2656 per-

2074 2681 2468 2749 fectioremqne
2508 2679 2674 2733 vitam
2713 2680 2954 2734 trahens.
3011 2679 3148 2735 Cum
3191 2688 3374 2733 autem
3428 2679 3659 2749 reliqua}

2074 2785 2297 2847 sorores
2345 2769 2577 2823 honeste
2631 2769 2916 2823 collocatae
2954 2777 3198 2823 essenta
3242 2778 3452 2832 matre,
3490 2784 3518 2823 a
3550 2784 3657 2838 pu-

2073 2862 2235 2918 blicis
2258 2862 2564 2916 litterarum
2597 2862 2921 2933 gymnasiis,
2959 2861 3014 2915 in
3046 2861 3252 2930 quibus
3277 2862 3370 2915 diu
3405 2871 3660 2917 versatus

2075 2952 2277 3021 fuerat,
2314 2953 2616 3009 revertitur
2648 2968 2882 3021 magnus
2922 2952 3159 3007 Basilius
3197 2953 3375 3022 ipsius
3404 2951 3662 3005 Macrinze

2078 3043 2248 3099 frater
2282 3063 2296 3099 :
2336 3059 2498 3114 quem
2527 3044 2621 3097 illa
2658 3043 2889 3099 scientia
2926 3050 2980 3099 et
3025 3044 3337 3114 eloquentia
3367 3044 3663 3099 vehemen-

391 3139 424 3192 ό
465 3136 691 3204 ἀδελφὸς
722 3135 821 3204 τῆς
849 3133 1274 3205 προειρημένης.
1315 3133 1570 3186 Λαϐοῦσα
1609 3132 1786 3185 τοίνυν
1815 3132 1972 3186 αὑτὸν

2081 3141 2165 3187 ter
2192 3134 2394 3187 elatum
2445 3133 2770 3189 existimans
2817 3148 3121 3203 omnesque
3151 3132 3544 3202 despicientem
3572 3133 3659 3205 di-

394 3226 689 3296 ὑπερφυῶς
706 3223 1013 3295 ἐπῃρμένον
1035 3223 1115 3292 τῷ
1136 3224 1265 3294 περὶ
1283 3225 1409 3286 τοὺς
1430 3223 1621 3291 λόγους
1645 3223 1973 3294 φρονήματι,

393 3318 490 3372 καὶ
525 3318 701 3371 πάντα
747 3315 1178 3387 περιφρονοῦντα
1226 3316 1294 3369 τὰ
1332 3314 1651 3386 ἀξιώματα,
1702 3310 1976 3386 καθ’ὒπέρ

390 3410 522 3472 τοὺς
545 3412 602 3461 ἐν
630 3411 697 3479 τῇ
738 3407 1027 3479 δυναστείᾳ.
1052 3408 1339 3479 λαμπροὺς
1370 3407 1676 3478 ἐπῃρμένον
1705 3406 1780 3479 τῷ
1807 3407 1975 3480 όγκῳ,

392 3500 633 3571 τοσούτῳ
682 3500 836 3570 τάχει
895 3502 1144 3553 κάκεῖνον
1198 3500 1335 3569 πρὸς
1380 3500 1471 3553 τὸν
1520 3499 1622 3570 τῆς
1663 3501 1980 3571 φιλοσοφίας

397 3591 599 3645 σκοπὸν
628 3591 976 3645 ἐπεσπάσατο
1000 3633 1014 3657 ,
1064 3591 1206 3645 ὥστε
1236 3592 1550 3645 ἀποστάντα
1578 3591 1679 3661 τῆς
1711 3592 1981 3662 κοσμικῆς

397 3684 776 3750 περιφανείας,
817 3683 913 3735 καὶ
942 3682 1264 3753 ὑπεριδόντα
1292 3682 1388 3735 τοῦ
1421 3683 1509 3743 διὰ
1535 3684 1627 3737 τὸν
1658 3683 1813 3749 λόγον
1846 3681 1980 3734 θαυ-

400 3773 690 3846 μάζεσθαι,
719 3775 853 3845 πρὸς
880 3775 969 3827 τὸν
1000 3773 1287 3845 ἐργατικὸν
1315 3775 1525 3827 τουτον)⁸
1566 3775 1660 3827 καὶ
1691 3774 1983 3845 αὐτόχειρα

400 3867 514 3937 βίον
541 3867 929 3937 αὐτομολῆσαι,
954 3864 1045 3919 διὰ
1076 3867 1173 3936 τῆς
1199 3865 1410 3930 τελείας
1440 3867 1847 3938 άκτημοσύνης,
1889 3867 1985 3920 ἀν-

398 3958 723 4029 εμπόδιστον
759 3957 935 4027 ἑαυτῷ
966 3958 1058 4010 τὸν
1106 3959 1186 4020 είς
1216 3957 1415 4029 ἀρετὴν
1466 3958 1580 4028 βίον
1635 3959 1989 4031 παρασκευά-

400 4051 582 4115 ζοντα.
619 4049 758 4102 Ἀλλ’
787 4052 817 4102 6
849 4050 946 4119 μὲν
967 4048 1176 4102 ἐκείνου
1207 4048 1340 4119 βίος,
1371 4051 1465 4102 καὶ
1488 4050 1556 4103 τὰ
1584 4049 1779 4121 ἐφεξῆς
1796 4051 1987 4121 ἐπιτη-

398 4144 662 4215 δεύματα,
696 4145 762 4197 δι’
799 4138 875 4197 ὧν
906 4142 1202 4212 ὀνομαστὸς
1235 4144 1292 4195 ἐν
1321 4144 1469 4213 πάσῃ
1499 4144 1565 4210 τῇ
1605 4143 1694 4211 ὑφ’
1715 4143 1864 4212 ῆλιον
1895 4159 1989 4210 γε·

2079 3225 2342 3296 gnitates,
2366 3233 2420 3279 et
2443 3223 2588 3279 fastu
2613 3232 2963 3294 superantem
2996 3240 3091 3280 eos
3124 3225 3219 3295 qui
3247 3226 3302 3279 in
3337 3227 3661 3296 magistratu

2077 3324 2288 3383 essent,
2325 3324 2476 3372 tanta
2511 3317 2798 3372 celeritate
2829 3318 2896 3372 ad
2932 3318 3074 3373 idem
3106 3318 3387 3388 sapientiae
3419 3319 3661 3375 studium

2080 3410 2348 3474 incitavit,
2380 3418 2441 3464 ut
2474 3410 2663 3464 mundi
2695 3410 3012 3479 posthabita
3060 3413 3337 3474 claritate,
3378 3412 3664 3483 despecta-

2079 3517 2186 3571 que
2210 3501 2543 3570 eloquentia:
2583 3500 2777 3569 gloria,
2820 3501 3158 3555 laboriosum
3204 3502 3307 3557 hoc
3339 3518 3660 3572 operosum-

2081 3607 2188 3662 que
2218 3591 2437 3647 vivendi
2464 3605 2636 3660 genus
2663 3605 2761 3660 per
2793 3600 3168 3662 paupertatem
3215 3591 3517 3662 perfectam
3551 3609 3665 3647 am-

2082 3684 2298 3754 plexus,
2331 3680 2639 3751 expeditam
2669 3681 2775 3737 sibi
2810 3683 2875 3737 ad
2906 3683 3166 3737 virtutem
3200 3685 3346 3737 viam
3380 3684 3663 3739 struxerit.
3758 3700 3765 3707 ‘

2083 3774 2353 3830 Caeterum
2392 3772 2542 3828 illius
2571 3774 2685 3828 vita
2715 3788 2781 3828 ac
2807 3773 3057 3829 instituta
3087 3774 3289 3845 quibus
3324 3777 3380 3831 in
3407 3775 3665 3830 omnibus

2083 3867 2236 3922 orbis
2258 3865 2531 3935 partibus,
2558 3881 2680 3937 qua:
2714 3865 3063 3921 illustrantur
3090 3882 3122 3923 a
3155 3868 3292 3930 sole.
3323 3866 3665 3929 celebratus,

2086 3958 2262 4031 gloria
2301 3973 2400 4013 sua
2442 3960 2794 4029 splendorem
2842 3962 3089 4016 omnium
3118 3961 3322 4016 virtute
3365 3960 3665 4016 illustrium

2086 4051 2428 4116 obscuravit,
2476 4052 2694 4123 longam
2735 4054 3093 4124 scriptionem
3144 4062 3199 4109 et
3237 4054 3469 4109 multum
3529 4061 3639 4109 tem

2089 4144 2243 4214 poris
2282 4142 2621 4201 desiderant.
2673 4146 3021 4217 Quapropter
3055 4147 3209 4214 illuc,
3247 4148 3392 4203 unde
3418 4147 3667 4216 digressa

398 4239 659 4308 νόμενος,
710 4234 997 4307 ἀπέκρυψε
1039 4237 1104 4305 τῇ
1152 4234 1277 4306 δόξῃ
1310 4235 1520 4298 πάντας
1551 4236 1683 4297 τοὺς
1729 4236 1788 4288 ἐν
1818 4234 1972 4305 ἀρετῇ

2089 4243 2195 4297 est,
2221 4244 2413 4290 nostra
2448 4243 2759 4291 revertatur
2778 4239 2976 4293 oratio.
3005 4236 3142 4293 Cum
3165 4239 3284 4310 ipsa
3309 4253 3339 4292 a
3362 4253 3421 4295 se
3451 4253 3669 4292 omnem

398 4329 827 4399 διαλάμψαντας,
854 4328 1068 4399 μακρᾶς
1100 4326 1166 4380 ἂν
1201 4326 1284 4398 εἴη
1324 4326 1647 4396 συγγραφῆς
1674 4327 1766 4379 καὶ
1796 4326 1972 4397 χρόνοι

2092 4328 2512 4384 turbulentioris
2556 4332 2680 4386 vitae
2713 4333 2998 4387 materiam
3044 4339 3404 4402 amputasset,
3439 4344 3670 4399 persua~

401 4414 600 4472 πολλοῦ
624 4434 638 4448 '
676 4418 799 4488 spot
825 4417 882 4471 δὲ
916 4417 1052 4489 πρὸς
1083 4417 1144 4470 τὸ
1171 4415 1530 4488 προκείμενον
1589 4417 1749 4471 πάλιν
1776 4419 1803 4471 ὁ
1833 4417 1972 4484 λόγος

2094 4421 2167 4476 sit
2194 4423 2378 4488 matri,
2424 4430 2506 4487 ut,
2551 4424 2741 4479 relicta
2773 4425 3024 4496 pristinze
3076 4425 3204 4479 vitae
3243 4423 3667 4483 consuetudine.

400 4508 713 4581 τετράφθω.
775 4509 992 4580 Ἐπειδὴ
1039 4508 1147 4579 γὰρ
1200 4509 1383 4578 πάσης
1427 4506 1799 4578 ὑλωδεστέρας
1845 4506 1990 4578 ζωῆς

403 4601 661 4665 ὑπόθεσις
690 4600 790 4672 ήδη
818 4601 987 4670 αὐτῆς
1017 4600 1403 4672 περικέκοπτο,
1448 4599 1625 4652 πείθει
1649 4600 1748 4671 τὴν
1780 4599 1991 4670 μητέρα

405 4693 812 4749 καταλιποῦσαν
839 4693 932 4745 τὸν
956 4693 1014 4745 ἐν
1046 4692 1158 4745 ἔθει
1190 4691 1326 4762 βίον,
1360 4690 1454 4744 καὶ
1481 4690 1579 4759 τὴν
1609 4689 1992 4761 κομπωδεστὲ-

407 4804 509 4860 ραν
527 4785 824 4856 διαγωγὴν,
851 4786 946 4838 καί¹
974 4784 1074 4847 τὰς
1100 4786 1164 4838 ἐκ
1187 4784 1297 4837 τῶν
1326 4783 1653 4855 ὑποχειρίων
1676 4781 1990 4854 θεραπείας,

405 4873 494 4942 αἷς
519 4876 831 4950 προείθιστο
856 4876 998 4929 κατὰ
1029 4875 1122 4928 τὸν
1140 4874 1445 4946 ἔμπροσθεν
1471 4875 1661 4948 χρόνον
1683 4917 1699 4941 ,
1730 4874 1992 4945 ὁμότιμον

403 4969 661 5039 γενέσθαι
682 4969 797 5032 τοῖς
826 4967 1042 5030 πολλοῖς
1069 4965 1148 5036 τῷ
1177 4967 1486 5038 φρονήματι
1514 5006 1529 5031 ,
1569 4966 1666 5020 καὶ
1690 4965 1988 5038 καταμῖξαι

405 5063 507 5134 τὴν
544 5062 680 5117 ἰδίαν
730 5060 877 5133 ζωὴν
924 5060 991 5129 τῇ
1043 5058 1179 5129 μετὰ
1230 5057 1338 5112 τῶν
1370 5059 1659 5131 παρθένων
1704 5060 1943 5129 διαγωγῇ
1971 5098 1987 5125 ,

2091 4516 2432 4585 elatioreque
2478 4516 2695 4572 vivendi
2746 4522 2932 4585 modo,
2982 4533 3120 4588 quas
3168 4525 3287 4573 arte
3325 4514 3579 4572 subditas
3617 4525 3670 4571 et

2091 4605 2325 4661 ancillas
2357 4607 2423 4660 ad
2458 4623 2596 4663 usus
2632 4606 2888 4678 proprios
2918 4609 3268 4672 adhibuerat,
3299 4622 3488 4664 secum
3517 4609 3669 4679 ejus-

2091 4695 2212 4751 dem
2257 4697 2429 4752 sortis
2469 4706 2637 4768 atque
2681 4699 2895 4753 ordinis
2951 4714 3074 4754 esse
3104 4700 3304 4765 vellet,
3357 4711 3523 4770 atque
3560 4716 3673 4756 una

2093 4802 2219 4842 cum
2266 4788 2379 4844 illis
2425 4789 2599 4842 vitam
2653 4804 2779 4842 cum
2822 4789 3136 4858 virginibus
3189 4792 3521 4849 traduceret.
3564 4793 3673 4850 Sed

2093 4879 2436 4934 narrationis
2467 4879 2621 4933 ﬁlum
2674 4881 2799 4934 volo
2848 4897 3149 4952 parumper
3184 4883 3570 4949 intermittere,
3605 4902 3676 4941 ne

2091 4986 2234 5036 rem,
2267 4985 2377 5041 qua
2410 4969 2726 5027 sublimitas
2751 4971 2983 5044 virginis
3028 4975 3204 5046 magis
3227 4974 3563 5043 declaratur,
3600 4976 3677 5034 si-

2094 5061 2268 5116 lentio
2295 5068 2665 5139 transeamus.

406 5158 535 5220 ὂσας
575 5152 687 5225 εἶχε
719 5153 834 5224 μεθ’
860 5151 1057 5219 ἑαυτῆς
1092 5151 1156 5202 ἐκ
1197 5150 1468 5215 δουλίδων,
1500 5151 1595 5203 καὶ
1626 5152 1951 5222 ὑποχειρίων
1988 5151 2245 5222 ἀδελφὰς,
2278 5152 2373 5205 καὶ
2398 5151 2693 5222 ὁμοτίμους
2726 5154 3069 5226 ποιησαμένη
3095 5173 3109 5187 ·
3163 5156 3363 5226 μᾶλλον
3390 5158 3447 5211 δέ
3484 5159 3679 5230 μικρόν

406 5264 460 5301 τι
493 5245 751 5317 βούλομαι
788 5243 1133 5314 παρενθεῖναι
1166 5239 1243 5310 τῷ
1271 5239 1588 5310 διηγήματι,
1622 5241 1717 5294 καὶ
1746 5240 1820 5311 μὴ
1859 5241 2237 5313 παραδραμεῖν
2261 5238 2613 5310 ἀνιστόρητον
2639 5242 2870 5312 πρᾶγμα
2898 5242 3157 5312 τοιοῦτον,
3194 5245 3262 5298 δι’
3289 5237 3350 5298 οὗ
3388 5245 3586 5317 μᾶλλον
3619 5247 3680 5303 τὸ

411 5339 614 5409 ὑψηλὸν
642 5340 739 5409 τῆς
773 5337 1044 5409 παρθένου
1075 5334 1505 5404 καταμηνύεται.

481 5426 590 5482 Ἦν
631 5430 740 5482 τῶν
783 5428 1064 5499 τεσσάρων
1107 5425 1372 5495 ἀδελφῶν,
1403 5427 1432 5479 6
1458 5424 1707 5496 δεύτερος
1738 5426 1874 5498 μετὰ
1902 5427 1993 5481 τὸν

415 5521 588 5591 μέγαν
618 5516 918 5582 Βασίλειον,
951 5516 1299 5588 Ναυκράτιος
1324 5514 1515 5585 ὄνομα,
1550 5513 1764 5584 φύσεως
1802 5515 1995 5585 εὐκλη-

416 5613 530 5684 ρίᾳ.
560 5609 655 5663 καὶ
690 5607 938 5677 σώματος
972 5607 1180 5671 κάλλει,
1210 5606 1306 5662 καὶ
1350 5605 1531 5679 ῥώμῃ,
1567 5606 1661 5660 καὶ
1692 5607 1868 5678 τάχει,
1902 5616 1993 5661 καί.

415 5706 480 5776 τῇ
532 5702 665 5773 πρὸς
716 5701 822 5755 πᾶν
872 5701 1264 5772 ἐπιτηδειότητι
1321 5699 1593 5770 διαφέρων
1647 5699 1753 5755 τῶν
1798 5700 1989 5756 ἄλλων⁸

2166 5427 2244 5484 Ex
2275 5437 2517 5500 quatuor
2549 5427 2815 5484 fratribus
2856 5429 2905 5486 is
2937 5430 3032 5501 qui
3066 5431 3375 5488 secundum
3413 5433 3678 5489 Basilium

2096 5528 2229 5574 natu
2269 5519 2544 5574 maximus
2573 5529 2712 5585 erat,
2744 5519 3077 5575 Naucratius
3106 5524 3426 5586 vocabatur,
3460 5523 3679 5593 juvenis

2096 5610 2316 5666 eximiis
2374 5619 2491 5665 tum
2529 5609 2734 5679 ingenii
2780 5618 2898 5664 tum
2950 5612 3204 5682 corporis
3263 5613 3487 5670 dotibus
3537 5629 3679 5684 prae-

2097 5703 2246 5759 ditus
2271 5719 2283 5757 :
2314 5717 2439 5758 nam
2466 5713 2520 5759 et
2550 5701 2961 5774 pulchritudine
2987 5711 3041 5761 et
3068 5705 3264 5762 robore
3292 5706 3676 5770 eti-celeritate,
