4068 6154
424 264 526 321 967

1619 261 1677 316 S.
1719 262 2047 319 GREGORII
2084 262 2380 320 NYSSENI

3562 262 3668 320 968

422 388 478 435 et
509 377 791 434 habilitate
828 378 1067 449 quadam
1099 378 1164 432 ad
1198 378 1380 432 omnia
1421 378 1727 449 peragenda
1763 381 1992 451 reliquis

2124 380 2377 451 Ιροελοὼν
2405 373 2555 443 οὗτος
2585 379 2662 442 είς
2687 378 2936 448 δεύτερον
2971 376 3089 441 ἔτος
3127 378 3220 430 καὶ
3248 377 3492 431 είκοστδν
3514 417 3530 439 ,
3570 381 3667 433 καὶ

424 473 741 543 praestabat.
787 471 889 536 Qui
930 486 1053 524 cum
1094 470 1417 524 vicesimum
1468 471 1767 525 secundum
1811 473 1990 526 aetatis

423 579 627 619 annum
690 561 1051 624 confecisset,
1102 561 1445 631 dicendoque
1492 562 1709 632 publice
1743 564 1850 616 tale
1880 569 1992 618 stu-

427 652 643 705 diormn
689 665 912 704 suorum
948 650 1223 720 specimen
1276 650 1551 714 dedisset,
1601 658 1662 703 ut
1699 666 1859 705 omne
1897 666 1995 704 au-

424 744 692 797 dientium
754 743 1029 794 theatrum
1094 741 1280 810 ipsius:
1324 741 1689 796 admiratione
1745 758 1993 796 commo-

424 843 666 898 veretur,
700 833 883 888 diviua
915 833 1151 903 quadam
1187 834 1530 903 providentia
1562 849 1761 903 magno
1799 834 1996 889 mentis

426 928 631 997 impetu
666 926 887 990 ductus,
929 927 1129 995 spretis
1164 926 1419 981 omnibus
1468 941 1590 996 quae
1639 926 1697 980 in
1742 927 1997 980 manibus

427 1019 696 1083 habebat,
739 1016 808 1070 ad
864 1017 1167 1072 solitariam
1203 1026 1257 1071 et
1301 1017 1518 1085 inopem
1550 1017 1718 1071 vitam
1764 1033 1823 1072 se
1864 1033 1999 1071 con-

427 1112 575 1172 tulit,
610 1111 743 1163 nihil
785 1124 972 1163 secum
1004 1116 1202 1178 praeter
1236 1109 1477 1178 seipsum
1520 1106 1723 1163 ferens.
1760 1107 1998 1163 Secutus

427 1211 516 1258 cst
551 1218 676 1256 eum
722 1187 751 1256 ὁ
808 1201 1131 1255 domesticis
1180 1208 1323 1254 unus
1352 1200 1728 1270 Cbrysaphius
1779 1200 2000 1255 nomine

428 1296 520 1364 qtti
553 1304 606 1349 et
637 1295 788 1347 illum
835 1294 1117 1363 diligebat,
1155 1301 1209 1347 et
1240 1293 1433 1348 eodem
1468 1295 1592 1348 vita:
1633 1292 1819 1347 studio
1852 1300 2002 1347 tene-

433 1390 611 1442 batur.
658 1386 863 1440 Nactus
901 1386 1068 1455 igitur
1125 1401 1404 1441 secessum
1445 1386 1736 1454 quemdam
1777 1393 2003 1455 propter

431 1477 629 1532 lridem
678 1480 799 1548 (.est
847 1485 1026 1532 autem
1080 1476 1181 1531 Iris
1239 1477 1436 1533 ﬂuvius
1482 1478 1574 1547 qui
1627 1493 1725 1546 per
1771 1477 2002 1531 mediam

434 1570 590 1623 Ponti
621 1570 951 1639 provinciam
979 1569 1200 1630 labitur.
1233 1577 1388 1624 ortus
1419 1568 1751 1639 principium
1784 1570 1850 1621 ab
1886 1569 2005 1636 ipsa

434 1660 644 1714 ducens
675 1658 950 1719 Armenia,
984 1672 1083 1725 per
1130 1657 1520 1727 regionemque
1550 1665 1794 1710 nostram
1832 1654 2008 1709 inﬂuit

2096 473 2218 535 δοὺς
2238 472 2347 525 τῶν
2366 471 2580 525 οἰκείων
2607 470 2781 523 πόνων
2809 469 2901 522 ἐπὶ
2934 468 3196 540 δημοσίας
3221 469 3390 539 ἀκοῆς
3413 468 3514 532 τὰς
3535 468 3669 524 ἀπο-

2097 562 2455 625 δείξεις,ὤστε
2473 561 2619 615 ἆπαν
2639 562 2724 614 ἐπ’
2746 560 2894 631 αὐτῷ
2921 560 3200 631 σεισθῆναι
3223 560 3331 614 τῶν
3360 560 3666 615 ἀκουόντων

2088 636 2158 705 ’τὸ
2180 653 2422 725 θέατρον,
2449 651 2567 723 θείᾳ
2591 651 2698 704 τινὶ
2726 650 3034 723 προμηθείᾳ
3061 650 3169 704 τῶν
3195 652 3253 704 ἐν
3285 652 3471 723 χερσὶν
3507 652 3672 706 άπάνο

2099 762 2206 797 των
2237 742 2524 817 ὑπεριδὼν,
2566 744 2701 816 πρὸς
2739 744 2830 797 τὸν
2870 744 3076 815 μονήρη
3107 744 3200 797 καὶ
3229 744 3511 813 ἀκτήμονά
3563 745 3677 816 βίον

2101 838 2342 907 ἀπῆλθεν
2367 840 2425 890 ὲν
2458 839 2667 910 μεγάλῃ
2690 838 2798 890 τινὶ
2818 837 2917 907 τῆς
2940 836 3176 899 διανοίας
3196 838 3363 908 ὁρμῇ,
3392 836 3544 891 οὐδὲν
3575 840 3677 891 s1:-

2103 931 2367 1001 αγόμενος
2386 931 2504 1001 μεθ’
2526 930 2720 984 ἑαυτοῦ
2739 930 2877 1003 πλὴν
2893 927 3108 983 ἑαυτοῦ·
3132 928 3316 983 εἵπετο
3342 929 3397 982 δέ
3422 947 3507 994 τις
3531 931 3680 1003 αὐτῷ

2105 1023 2197 1075 καὶ
2213 1021 2320 1075 τῶν
2333 1021 2560 1076 οἰκετῶν
2577 1023 2889 1093 Χρυσάφιος
2912 1020 3168 1092 τοῦνομα,
3189 1020 3268 1092 τῷ
3282 1039 3343 1074 τε
3359 1022 3492 1092 πρὸς
3517 1024 3679 1076 αὑτὸν

2105 1114 2248 1185 ἔχειν
2267 1116 2471 1167 ἐκεῖνον
2494 1112 2830 1184 ἐπιτηδείως,
2855 1113 2950 1167 καὶ
2969 1112 3047 1184 τῷ
3064 1113 3163 1185 τὴν
3183 1112 3351 1183 αὐτὴν
3363 1113 3676 1183 προαίρεσιν

2107 1205 2235 1276 περὶ
2261 1204 2353 1258 τὸν
2387 1205 2499 1275 βίον
2525 1205 2905 1277 ἐνστήσασθαι.
2949 1205 3113 1274 Διῆγε
3136 1204 3313 1257 τοίνυν
3345 1204 3465 1259 καθ’
3490 1205 3678 1259 ἑαυτὸν

2108 1299 2367 1369 ἐσχατιάν
2396 1315 2518 1353 τινα
2548 1288 2886 1364 καταλαϐὼν,
2927 1297 3063 1369 πρὸς
3092 1296 3170 1368 τῷ
3202 1297 3379 1367 Ἴριδι.
3431 1298 3679 1370 Ποταμὸς

2109 1390 2167 1444 δὲ
2190 1392 2219 1443 6
2243 1386 2383 1461 Ἶρις
2413 1390 2548 1455 ἐστὶ,
2579 1390 2741 1460 μέσον
2772 1390 3036 1462 διαρρέων
3079 1389 3170 1443 τὸν
3200 1391 3399 1444 Πόντον
3424 1404 3440 1420 ⁸
3493 1383 3551 1454 ὃς
3587 1392 3682 1445 ἀπ’

2110 1482 2283 1551 αὐτῆς
2302 1481 2401 1551 τῆς
2434 1481 2720 1553 ’Δρμενίας
2741 1480 2838 1544 τὰς
2861 1479 3036 1552 ἀρχὰς
3061 1480 3218 1550 ἔχων,
3248 1480 3334 1535 διὰ
3355 1481 3462 1535 τῶν
3487 1480 3687 1553 ἡμετὲ-

2116 1589 2225 1643 ρων
2252 1572 2454 1635 τόπων,
2486 1573 2578 1625 ἐπὶ
2605 1572 2695 1626 τὸν
2728 1572 2980 1638 Εὐξείνου
3014 1572 3211 1626 Πόντον
3256 1573 3317 1626 τὸ
3347 1573 3559 1644 ῥεῖθρον
3591 1576 3687 1627 ὲκ-

2115 1664 2320 1718 δίδωσι.
2360 1665 2497 1734 Περὶ
2520 1664 2707 1718 τοῦτον
2737 1662 2911 1736 εὑρών
2936 1681 3056 1717 τινα
3097 1665 3263 1718 τόπον
3289 1667 3318 1718 6
3345 1665 3556 1728 νεανίας
3586 1665 3688 1739 ὕλῃ

436 1751 491 1804 in
541 1752 775 1803 Pontum
817 1748 1154 1815 Euxinum),
1191 1749 1333 1818 apud
1380 1750 1526 1803 httuc
1557 1748 1781 1802 ﬂuvium
1819 1756 2014 1802 nactus

2124 1757 2308 1828 βαθείᾳ
2337 1756 2611 1827 κομῶντα,
2656 1757 2748 1810 καὶ
2777 1756 2937 1825 λόφον
2963 1756 3085 1809 τινὰ
3117 1757 3215 1821 τῆς
3247 1756 3689 1829 ύπερτεταμένης

436 1843 759 1897 adolescens
822 1842 1002 1896 locum
1077 1841 1369 1910 quemdam
1431 1841 1620 1898 densis
1681 1841 2005 1897 nemoribus

435 1933 731 1993 consitum,
773 1945 826 1986 et
862 1932 1056 1985 collem
1089 1935 1254 1986 dorso
1294 1934 1540 2002 praecelsi
1577 1935 1779 1989 montis
1808 1949 2003 2002 supcr-

436 2035 668 2079 cxteuso
697 2022 1060 2085 reconditum,
1114 2021 1168 2074 in
1203 2036 1269 2076 eo
1299 2024 1488 2092 procul
1534 2025 1602 2077 ab
1651 2024 1876 2078 urbanis
1928 2031 2008 2076 tu-

439 2117 703 2170 multibus
751 2114 1115 2183 omnibusque
1147 2121 1260 2167 tum
1299 2114 1506 2167 militia!
1536 2122 1650 2168 tum
1676 2114 2007 2184 judiciorum

439 2207 943 2279 perturbationibus
973 2215 1025 2261 et
1050 2207 1282 2275 strepitu
1316 2207 1669 2271 constitutus,
1690 2207 1854 2261 vitam
1885 2221 2011 2276 age-

438 2300 552 2362 bat,
587 2311 757 2367 seque
805 2295 874 2349 ab
919 2295 1027 2348 illis
1072 2294 1363 2356 molestiis,
1393 2294 1595 2362 quibus
1626 2293 1865 2345 humana
1898 2293 2012 2345 vita

438 2400 693 2453 vexatur,
726 2390 989 2450 liberans,
1024 2403 1182 2443 senes
1232 2387 1500 2455 quosdam
1555 2385 1718 2441 simul
1768 2385 2013 2439 viventes

440 2490 683 2554 egestate
728 2488 782 2535 et
828 2480 1022 2534 morbo
1060 2479 1375 2532 laborantes
1397 2477 1659 2540 curabat,
1690 2475 1930 2529 studium
1961 2481 2015 2529 et

444 2575 724 2645 negotium
758 2572 892 2626 illud
929 2580 1126 2640 putans
1157 2585 1188 2624 a
1232 2585 1333 2624 suo
1367 2569 1581 2623 vivendi
1619 2568 1874 2621 instituto
1905 2582 2014 2620 non

445 2669 761 2721 abhorrere.
808 2662 1072 2718 Venando
1117 2662 1287 2731 igitur
1310 2662 1328 2731 (
1352 2660 1612 2731 queniam
1649 2658 1715 2713 ad
1744 2674 1905 2713 omne
1931 2673 2020 2728 ge-

446 2774 553 2814 nus
594 2756 861 2812 venaticac
890 2754 1177 2809 industriae
1207 2752 1603 2808 solertissimus
1623 2752 1773 2819 erat)
1811 2753 2019 2803 victum

449 2849 677 2904 senibus
710 2846 1054 2917 qumrilabat.
1098 2853 1152 2898 et
1175 2844 1261 2897 bis
1291 2843 1571 2897 laboribus
1608 2843 1812 2912 pariter
1838 2842 2021 2894 doma-

450 2941 545 2995 bat
600 2938 1069 2993 adolescentiam:
1105 2952 1206 2990 nec
1246 2936 1316 2989 ob
1369 2935 1421 2989 id
1479 2935 1647 2987 alacri
1701 2933 1884 2987 animo
1915 2947 2024 2987 uta-

455 3047 622 3090 ternae
664 3031 932 3086 voluntati
981 3044 1170 3098 parere
1209 3028 1513 3090 desinebat,
1568 3026 1612 3081 si
1655 3026 1789 3095 quid
1838 3027 1907 3079 ab
1959 3041 2021 3079 ea

453 3125 749 3197 aliquando
787 3093 1168 3183 mundabatur,
1201 3120 1410 3189 duplici
1450 3119 1633 3173 studio
1674 3093 1822 3173 recte
1854 3118 2022 3172 vitam
2052 3093 2097 3152 ϐ

456 3218 839 3275 instituens,ut
859 3222 912 3265 et
930 3214 1115 3266 labore
1137 3213 1403 3266 fervorem
1429 3210 1605 3264 aetatis
1629 3212 2024 3280 exstingueret.

455 3318 511 3362 et
538 3305 893 3374 obsequendo
929 3303 1087 3357 matri
1119 3310 1267 3356 recta
1300 3302 1384 3355 via
1415 3301 1482 3354 ad
1517 3300 1682 3356 Deum
1717 3317 1813 3370 per
1843 3303 2027 3356 divina

459 3398 718 3452 mandata
749 3396 1130 3451 contenderet.

532 3490 623 3545 Sic
652 3489 817 3560 igitur
845 3488 1261 3558 philosopharis,
1295 3493 1350 3539 et
1382 3485 1489 3538 vita
1521 3500 1617 3539 sua
1653 3492 1882 3539 matrem
1914 3487 2031 3539 bca-

454 3590 569 3638 tam
616 3582 885 3643 reddens,
940 3578 1194 3647 quintum
1232 3592 1436 3631 annum
1474 3588 1767 3647 exegerat,
1811 3592 1936 3631 cum
1978 3586 2031 3632 et

470 3673 838 3744 temperantia
884 3680 1075 3740 pectus
1110 3670 1403 3725 instrueret
1432 3676 1486 3722 et
1523 3671 1652 3722 totis
1685 3668 1893 3723 viribus
1926 3683 2035 3721 ma-

456 3766 560 3819 tris
596 3765 994 3832 obsequeretur
1024 3762 1332 3822 voluntati,
1375 3759 1598 3828 quando
1627 3761 1825 3814 misere
1866 3760 2030 3826 dolis,

457 3862 520 3910 ut
546 3856 763 3925 opinor,
800 3851 1099 3908 adversarii
1148 3866 1314 3920 grave
1344 3858 1398 3904 et
1422 3850 1689 3918 tragicum
1724 3851 1927 3904 vulnus
1958 3851 2036 3904 in-

460 3947 667 4001 ﬂictum
697 3955 780 4001 est
810 3945 956 4015 quod
986 3943 1304 3997 calamitate
1334 3954 1387 3995 et
1414 3955 1649 3995 mwrore
1680 3948 1850 3995 totam
1885 3942 2036 3996 fami-

460 4039 590 4093 liam
630 4035 827 4089 aﬁecit.
872 4034 1119 4102 Repente
1165 4032 1309 4087 enim
1342 4030 1662 4087 adolescens
1694 4032 1821 4086 vitae
1861 4034 2039 4088 subris

461 4129 633 4200 pitur,
675 4144 783 4181 non
822 4128 1013 4181 morbo
1061 4127 1246 4194 aliquo
1282 4135 1377 4179 aut
1424 4126 1585 4180 solita
1633 4127 1741 4180 ulla
1778 4128 1992 4182 ratione
2017 4166 2030 4189 ,

461 4224 757 4276 immatura
778 4232 953 4274 morte
985 4220 1236 4274 sublatus
1263 4238 1277 4273 :
1312 4219 1408 4273 sed
1435 4235 1558 4273 cum
1595 4219 1658 4274 ad
1686 4221 2034 4275 venationem

462 4312 744 4385 prolectus
772 4319 951 4376 esset,
984 4327 1094 4380 qua
1129 4310 1401 4365 industria
1440 4311 1594 4365 senio
1622 4311 1889 4367 confectis
1930 4312 2037 4367 illis

462 4404 632 4459 victui
683 4401 1067 4472 suppeditabat
1112 4402 1467 4467 necessaria,
1510 4410 1764 4469 mortuus
1815 4403 2035 4456 domum

463 4501 795 4564 reportatur,
827 4507 934 4546 una
962 4506 1089 4545 cum
1124 4491 1219 4545 illo
1252 4490 1369 4559 ipso
1402 4493 1557 4545 socio
1587 4493 1720 4547 etin
1750 4494 1899 4547 omni
1932 4495 2039 4547 vita

462 4585 920 4656 coniunctissimo
958 4584 1324 4654 Chrysaphio.
1379 4583 1575 4638 Procul
1622 4593 1801 4639 autem
1859 4587 2045 4641 aberat

464 4684 662 4742 mater,
717 4675 881 4728 trium
932 4674 1147 4728 dierum
1197 4673 1394 4727 itinere
1451 4674 1521 4728 ab
1555 4688 1618 4729 ea
1656 4684 1864 4729 remota
1899 4676 2045 4729 cala-

466 4769 677 4822 mitate.
702 4766 834 4832 Quae
877 4766 1006 4819 licet
1042 4764 1095 4817 in
1127 4764 1277 4818 omni
1311 4780 1511 4834 genere
1547 4766 1766 4820 virtutis
1800 4765 2042 4835 perfecta

464 4867 635 4924 esset,
665 4869 847 4913 tamen
878 4871 1002 4911 cum
1032 4865 1140 4909 tam
1169 4858 1425 4911 acerbum
1457 4857 1713 4911 nuntium
1742 4872 1773 4910 a
1802 4858 2039 4928 quodam

467 4951 793 5021 accepisset,
841 4955 1064 5011 natura,
1097 4956 1157 5000 ut
1194 4961 1290 5016 par
1318 4954 1423 5007 est,
1461 4955 1775 5017 superante,
1798 4949 2039 5018 collapsa

464 5043 890 5111 exanimataque
914 5048 1125 5094 tantum
1154 5056 1263 5095 non
1286 5040 1448 5096 simul
1473 5057 1595 5094 cum
1619 5056 1755 5096 voce
1787 5040 2038 5109 spiritum

465 5134 671 5190 amisit.
718 5132 880 5187 Ratio
909 5134 1056 5188 enim
1087 5132 1295 5188 doloris
1329 5132 1709 5201 magnitudine
1737 5133 1881 5186 victa
1910 5148 2042 5188 suc-

465 5226 689 5289 cubuit,
728 5225 953 5293 ipsaque
996 5222 1162 5277 veluti
1212 5238 1511 5293 generosus
1557 5224 1781 5293 quidam
1840 5223 2042 5279 athleta

465 5316 764 5386 improviso
790 5315 1017 5370 vulnere
1048 5313 1251 5369 amicta
1280 5315 1474 5384 jacuit.

2109 1848 2201 1901 τοῦ
2227 1849 2387 1919 ὅρους
2414 1847 2603 1919 ῥαχίας
2631 1848 3096 1918 ἐγκεκρυμμένον,
3117 1848 3174 1900 ὲν
3202 1848 3350 1916 αὐτῷ
3374 1847 3548 1919 διῆγε,
3578 1849 3692 1900 τῶν

2112 1939 2361 1993 ἀστυκῶν
2402 1939 2644 2010 θορύϐων
2680 1940 2773 1992 καὶ
2801 1939 2906 1992 τῶν
2933 1939 3039 1993 ἀπὸ
3070 1940 3356 2010 στρατείας
3380 1957 3438 1992 τε
3464 1941 3558 1994 καὶ
3582 1940 3690 1993 τῶν

2113 2033 2170 2083 ἐν
2198 2030 2566 2101 δικαστηρίοις
2596 2031 2888 2101 ῥητορικῆς
2915 2030 3308 2101 ἀσχολημάτων
3335 2031 3523 2101 πόρρω
3544 2030 3691 2098 γενό-

2119 2138 2298 2193 μενος.
2359 2122 2472 2175 Καὶ⁵
2500 2121 2718 2174 πάντων
2747 2121 2855 2174 τῶν
2881 2123 3008 2192 περὶ
3031 2120 3122 2174 τὸν
3150 2120 3263 2191 βίον
3290 2120 3692 2193 περιηχούντων

2115 2210 2213 2282 τὴν
2261 2209 2605 2282 ἀνθρωπίνην
2655 2210 2798 2285 ζωὴν
2865 2210 3055 2264 ἑαυτὸν
3104 2209 3511 2280 ἐλευθερώσας,
3567 2212 3694 2272 τοὺς

2118 2300 2429 2371 πρεσϐύτας
2454 2301 2604 2365 τινὰς
2648 2301 2804 2372 πενίᾳ
2838 2301 2930 2354 καὶ
2954 2300 3234 2372 ἀρρωστία
3261 2298 3549 2363 συζῶντας,
3574 2302 3695 2361 ταῖς

2123 2392 2282 2456 ίδίαις
2306 2393 2491 2464 χερσὶν
2517 2374 2812 2463 ἐθεράπευε
2840 2409 2855 2424 ο
2891 2392 3117 2464 πρέπειν
3147 2392 3449 2463 δοκιμάσας
3471 2391 3550 2462 τῷ
3583 2391 3696 2462 ἰδίῳ

2123 2483 2223 2556 βίῳ
2283 2485 2383 2556 τὴν
2438 2483 2696 2554 τοιαύτην
2755 2482 3010 2555 ἀσχολίαν
3068 2482 3157 2537 διὰ
3213 2483 3488 2553 φροντίδος
3531 2482 3694 2553 ἔχειν.

2122 2577 2380 2649 Θηρεύων
2410 2577 2586 2632 τοίνυν
2624 2577 2813 2648 ἰχθύας
2842 2578 3074 2648 ήγρευεν
3099 2577 3127 2630 6
3159 2576 3420 2645 γεννάδας
3445 2594 3458 2606 ·
3484 2576 3580 2630 καὶ
3611 2575 3700 2629 διά

2122 2669 2184 2722 τὸ
2209 2668 2344 2740 πρὸς
2372 2669 2482 2722 πᾶν
2529 2663 2668 2731 εἶδος
2720 2667 3047 2739 θηρευτικῆς
3093 2666 3334 2729 ἐπινοίας
3384 2665 3702 2736 ἐπιτηδείως

2125 2761 2286 2831 ἔχειν,
2312 2759 2529 2830 ὲπόριζε
2556 2759 2645 2813 διά
2674 2759 2772 2828 τῆς
2801 2759 2970 2831 θήρας
3001 2761 3112 2822 τοῖς
3142 2757 3426 2828 στέργουσι
3450 2757 3548 2828 τὴν
3572 2773 3700 2827 τρο-

2126 2853 2232 2920 φήν
2254 2868 2268 2882 ο
2301 2853 2394 2904 καὶ
2424 2852 2520 2922 τὴν
2543 2851 2771 2922 νεότητα
2792 2853 2904 2915 τοῖς
2928 2851 3188 2914 τοιούτοις
3215 2850 3329 2920 ἃμα
3359 2849 3701 2918 κατεδάμαζε

2129 2943 2308 3005 πόνοις
2334 2958 2347 2971 ·
2395 2941 2529 2994 ἀλλά
2572 2942 2666 2994 καὶ
2702 2943 2814 3004 τοῖς
2846 2940 3116 3012 μητρῴοις
3143 2940 3459 3011 θελήμασιν,
3492 2940 3547 2992 εἴ
3572 2940 3703 2993 ποτέ

2127 3050 2181 3085 τι
2212 3035 2339 3102 παρ’
2365 3034 2534 3103 αὐτῆς
2558 3032 2946 3103 προσταχθείη,
2976 3030 3270 3101 προθύμως
3299 3026 3604 3100 ὑπηρετῶν,
3634 3029 3702 3083 δι’

2128 3126 2452 3197 ἀμφοτέρων
2488 3124 2764 3197 κατώρθου
2799 3123 2889 3177 τὸν
2921 3124 3033 3194 βίον
3058 3140 3071 3153 σ
3101 3125 3213 3185 τοῖς
3238 3140 3297 3175 τε
3326 3123 3505 3185 πόνοις
3532 3139 3705 3175 κατα-

2127 3218 2343 3289 κρατῶν
2363 3218 2464 3288 τῆς
2496 3218 2764 3288 νεότητος,
2793 3219 2857 3287 τῇ
2877 3234 2933 3269 τε
2966 3215 3091 3286 περὶ
3123 3215 3222 3287 τὴν
3252 3214 3460 3285 μητέρα
3479 3213 3703 3283 σπουδῇ,

2127 3305 2216 3357 διὰ
2235 3304 2350 3357 *ἑῶν
2384 3305 2541 3359 θείων
2572 3304 2821 3371 ἐντολῶν,
2868 3304 3005 3376 πρὸς
3040 3304 3131 3358 τὸν
3161 3304 3291 3357 Θεὸν
3332 3302 3705 3373 εὖοδούμενος.

2200 3487 2455 3558 Πέμπτον
2484 3485 2741 3554 διήγαγεν
2775 3484 2892 3548 ἔτος
2927 3483 3114 3538 τοῦτον
3144 3482 3232 3536 τὸν
3266 3484 3464 3554 τρόπον
3492 3483 3709 3552 (ptimo.

2133 3578 2267 3647 φῶν,
2295 3578 2389 3631 κατ.
2419 3578 2756 3648 μακαρισεὴν
2787 3575 2952 3629 ποιῶν
2979 3575 3076 3645 τὴν
3102 3575 3310 3645 μητέρα
3337 3578 3400 3645 τῇ
3436 3575 3543 3646 ἰδίᾳ
3569 3576 3704 3643 ζωῇ,

2131 3664 2212 3733 οἷς
2234 3686 2293 3722 τε
2327 3668 2654 3738 κατεκόσμει
2685 3668 2771 3720 διὰ
2807 3666 3158 3736 σωφροσύνης
3197 3664 3292 3737 τὴν
3327 3666 3502 3719 οἰκίαν
3538 3664 3706 3736 ζωὴν,

2133 3757 2215 3825 οἷς
2254 3779 2315 3814 τε
2356 3765 2581 3833 παρεῖχε
2616 3762 2794 3813 πᾶσαν
2827 3759 2923 3829 τὴν
2953 3758 3182 3827 δύναμιν
3206 3756 3397 3811 ἑαυτοῦ
3430 3757 3508 3828 τῷ
3550 3757 3709 3829 θελή-

2139 3871 2268 3924 ματι
2291 3853 2390 3922 τῆς
2417 3851 2845 3922 γεννησαμένης.
2880 3845 3009 3901 Εἶτα
3042 3847 3178 3919 βαρύ
3218 3865 3269 3900 τι
3315 3848 3410 3901 καὶ
3449 3847 3711 3926 τραγικὸν

2136 3944 2305 4006 πάθος
2328 3944 2385 4010 ἐξ
2422 3942 2710 4010 ἐπιϐουλῆς
2729 3983 2742 4003 ,
2767 3937 2937 4011 οἶμαι,
2969 3940 3061 3992 τοῦ
3091 3939 3468 4008 ἀντικειμένου
3504 3943 3570 4009 τῇ
3606 3958 3710 4010 μη·

2137 4039 2225 4108 τρὶ
2255 4035 2550 4106 συνηνέχθη
2573 4076 2587 4098 ,
2615 4034 2643 4086 ὂ
2672 4036 2834 4087 παντὶ
2864 4032 2943 4101 τῷ
2987 4032 3130 4100 γένει
3161 4032 3294 4101 πρὸς
3344 4032 3626 4102 συμφοράν
3653 4049 3710 4084 τε

2138 4131 2233 4185 καὶ
2267 4129 2459 4190 πένθος
2497 4128 2821 4198 ἐπήρκεσεν.
2867 4124 3156 4192 Δίφνιδίως
3188 4124 3294 4193 γὰρ
3334 4124 3396 4175 ἐκ
3429 4122 3527 4191 τῆς
3566 4122 3709 4192 ζωῆς

2137 4221 2531 4292 ἀναρπάζεται,
2564 4218 2625 4270 ού
2663 4219 2965 4287 νοσήματος
2992 4213 3418 4285 προελπισθῆναι
3453 4214 3514 4266 τὸ
3542 4214 3709 4275 πάθος

2141 4310 2682 4382 παρασκευάταντος,
2712 4308 2812 4360 οὐκ
2837 4305 2994 4360 ἄλλου
3021 4306 3262 4359 τοιούτου
3289 4306 3432 4369 τινὸς
3461 4305 3569 4357 τῶν
3591 4322 3715 4358 συν·

2144 4401 2289 4474 ήθων
2336 4402 2431 4454 καὶ
2457 4399 2747 4470 γνωρίμων
2776 4398 3146 4466 ἐπαγαγόντος
3180 4397 3259 4467 τῷ
3294 4398 3400 4467 νέῳ
3428 4398 3518 4449 τὸν
3555 4398 3717 4451 θάνα-

2141 4509 2233 4547 τον
2260 4509 2276 4523 ο
2311 4489 2426 4544 ἀλλ’
2472 4492 2564 4543 ἐπὶ
2596 4490 2766 4560 θήραν
2812 4489 3092 4560 ὁρμήσας,
3127 4488 3193 4540 δι’
3229 4483 3299 4560 ἦς
3338 4490 3564 4559 παρεῖχε
3597 4491 3712 4549 τοῖς

2141 4583 2654 4657 γηρωκομουμένοις
2678 4581 2746 4635 τά
2789 4580 3068 4651 ἐπιτήδεια
3086 4619 3101 4642 ,
3132 4578 3323 4649 νεκρὸς
3348 4580 3429 4650 τῷ
3450 4580 3585 4650 οἴκῳ
3620 4581 3719 4633 αὖ·

2141 4675 2236 4730 τοῦ
2263 4674 2594 4742 ἐπανάγεται
2622 4713 2637 4735 ,
2677 4672 2839 4734 αὑτός
2870 4688 2931 4725 τε
2982 4673 3186 4733 ἐκεῖνος
3213 4712 3227 4733 ,
3272 4672 3367 4724 καὶ
3410 4672 3439 4723 6
3466 4672 3720 4733 κοινωνὸς

2143 4766 2291 4836 αὑτῷ
2316 4764 2409 4819 τοῦ
2440 4765 2552 4834 βίου
2589 4761 2923 4833 Χρυσάφιος.
2951 4762 3147 4831 Πόρρω
3173 4760 3230 4812 δὲ
3257 4754 3326 4828 ἦν
3365 4759 3473 4813 τῶν
3500 4760 3725 4828 γινομέ-

2141 4858 2302 4927 νωνή
2331 4857 2530 4927 μήτηρ,
2554 4854 2716 4925 τριῶν
2747 4853 2968 4924 ἡμερῶν
2999 4853 3119 4905 ὁδὸν
3148 4850 3435 4920 ἀφεστῶσα
3464 4851 3563 4921 τῆς
3594 4869 3728 4921 συμ·

2145 4952 2336 5020 φορᾶς.
2356 4949 2466 5002 Καί
2486 4964 2570 5010 τις
2605 4946 2830 5014 ἀφίκετο
2852 4947 2981 5016 παρ’
3004 4944 3173 5014 αὐτὴν
3205 4942 3422 5013 μηνύων
3441 4944 3508 4996 τὸ
3530 4943 3727 5006 πάθος·

2142 5044 2175 5113 ὴ
2207 5041 2264 5095 δὲ
2291 5039 2471 5094 τελεία
2506 5039 2603 5109 μὲν
2631 5040 2743 5101 τοῖς
2792 5039 2915 5091 κατ’
2945 5036 3145 5106 ἀρετὴν
3184 5035 3384 5088 ἅπασιν
3426 5029 3499 5106 ἦν
3523 5073 3539 5096 ,
3588 5034 3732 5103 πλὴν

2144 5132 2360 5204 ἐκράτει
2393 5128 2651 5199 κάκείνης
2704 5128 2846 5181 κατά
2879 5127 2940 5180 τδ
2992 5123 3108 5180 ἴσον
3151 5127 3183 5197 ἡ
3219 5125 3736 5195 φύσις.“οκλάσασα

2144 5225 2252 5295 γὰρ
2284 5223 2381 5293 τὴν
2414 5220 2611 5292 ψυχὴν,
2639 5220 2842 5282 ἄπνους
2862 5235 2922 5271 τε
2953 5219 3047 5272 καὶ
3075 5217 3347 5286 ἄφθογγος
3379 5217 3735 5287 παραχρῆμα

2149 5315 2365 5383 ἐγένετο
2386 5352 2401 5376 ,
2439 5313 2534 5365 τοῦ
2575 5308 2834 5380 λογισμοῦ
2870 5307 2948 5379 τῷ
2991 5307 3152 5362 πάθει
3185 5310 3690 5380 παραχωρήσαντος
3712 5346 3732 5368 ,

466 5407 561 5461 καὶ
604 5406 780 5461 ἔκειτο
824 5404 959 5476 ὁμοῦ
993 5407 1057 5476 τῇ
1092 5405 1361 5478 προσΰολῇ
1406 5406 1508 5477 τῆς
1568 5407 1809 5478 πονηρᾶς
1858 5408 2063 5478 ἀκοῆς,
2104 5406 2355 5476 καθάπερ
2402 5420 2485 5466 τις
2535 5400 2772 5472 ἀθλητὴς
2809 5400 3075 5468 γενναῖος,
3117 5399 3511 5471 ἀπροσδοκήτῳ
3552 5413 3735 5452 κατα-

471 5495 747 5549 σεισθεῖσα
776 5494 959 5566 πληγῇ
970 5535 983 5547 .
1432 5540 1435 5543 ,

542 5583 641 5639 llic
675 5599 882 5653 magme
934 5582 1191 5639 Macrinze
1239 5584 1415 5639 virtus
1454 5584 1729 5655 apparuit,
1778 5602 1899 5657 quae
1931 5602 2040 5641 non

475 5672 650 5728 solum
684 5672 1030 5764 sc.invictam
1062 5683 1223 5743 atque
1264 5682 1503 5729 erectam
1550 5675 1807 5740 servavit,
1852 5691 2039 5732 verum

2231 5583 2318 5634 Ἐν
2353 5578 2528 5650 τούτῳ
2578 5579 2634 5631 δὲ
2684 5577 2854 5649 ἐφάνη
2913 5577 3013 5647 τῆς
3069 5578 3309 5648 μεγάλης
3353 5578 3640 5650 Μακρίνης
3694 5580 3740 5652 ἡ

2150 5674 2353 5745 ἀρετή·
2402 5672 2550 5735 ὅπως
2588 5670 2663 5741 τῷ
2709 5670 2866 5723 πάθει
2914 5671 3004 5723 τὸν
3037 5670 3294 5742 λογισμὸν
3334 5672 3735 5742 ἀντιστήσασα,
