4068 6154
360 345 465 403 969

1598 351 1688 405 DE
1723 351 1885 406 VITA
1922 350 1977 404 S.
2020 349 2379 407 ΜΑΟΒΙΝΛΕ.

3512 354 3617 415 97’)

357 456 560 526 ἑαυτήν
606 472 664 509 τε
718 455 964 510 ἄπτωτον
1011 456 1328 525 διεφύλαξε,
1380 458 1475 511 καὶ¹
1518 458 1616 529 τῆς
1666 460 1922 539 μητρικῆε

2040 460 2204 515 etiam
2237 461 2429 517 matris
2459 462 2891 520 imbecillitatem
2932 464 3086 521 fulsit
3116 474 3281 539 atque
3328 473 3614 531 Sustinuit.

355 547 643 608 ἀσθενείας
674 545 906 617 ἔρεισμα
948 546 1212 618 γενομένη
1238 590 1252 614 ,
1286 548 1449 601 πάλιν
1502 552 1566 602 ὲκ
1614 549 1709 603 τοῦ
1768 549 1932 619 βυθοῦ

354 639 453 708 τῆς
476 636 651 709 λύπης
672 638 843 711 αὑτὴν
862 637 1193 696 ἀνενεώσατο
1212 655 1223 667 °
1254 639 1330 709 τῷ
1359 639 1480 693 καθ’
1503 640 1699 709 ἑαυτὴν
1722 641 1936 712 στερρῷ

353 748 412 783 τε
459 729 552 783 καὶ
586 730 850 800 ἀνενδότῳ
876 773 889 792 ,
922 731 1013 783 καὶ
1064 730 1164 802 τὴν
1197 734 1297 803 τῆς
1346 728 1550 804 μητρὸς
1591 732 1770 804 ψυχὴν
1799 734 1934 804 πρὸς

354 821 606 891 ἀνδρείαν
634 822 1124 892 παιὼτριὸήσασα.

424 912 634 966 Οὑκοῦν
681 915 741 967 οὐ
801 914 1087 986 παρεσύρη
1137 916 1274 987 πρὸς
1319 918 1381 971 τὸ
1415 918 1585 982 πάθος
1637 922 1669 989 ἡ
1710 920 1892 990 μήτηρ
1918 960 1931 982 .

319 1028 322 1032 λ
352 1005 475 1059 οὐδὲ
514 1006 683 1059 ἔπαθε
716 1005 969 1074 δυσγενές
1002 1024 1054 1060 τι
1107 1010 1200 1062 καὶ
1243 1014 1552 1077 γυναικεῖον
1577 1055 1591 1075 ,
1631 1011 1773 1066 ὥστε
1805 1011 1935 1082 βοῆ--

356 1112 445 1149 σαι
472 1096 608 1168 πρὸς
640 1098 700 1149 τὸ
739 1098 907 1151 κακὸν
933 1137 949 1161 ,
985 1097 1019 1168 ἢ
1058 1098 1492 1170 περιρῤήξασθαι
1524 1101 1584 1154 τὸ
1615 1101 1827 1173 ἱμάτιον
1850 1143 1866 1168 ,
1897 1103 1931 1172 ἦ

353 1188 698 1241 έπικωκῦσαι
724 1187 802 1259 τῷ
829 1187 1015 1254 πάθει,
1043 1189 1076 1261 ἢ
1107 1192 1225 1254 ταῖς
1247 1196 1466 1262 γοεραῖς
1498 1192 1785 1263 μελῳδίαις
1806 1194 1934 1248 ἀνοι-

352 1279 572 1349 κινῆσαι
597 1280 723 1345 τοὺς
753 1280 1002 1353 θρήνους.
1045 1282 1205 1337 Ἀλλά
1236 1285 1414 1355 ἡσυχῆ
1452 1283 1792 1356 διεκαρτέρει
1823 1288 1934 1348 τοῖς

352 1372 666 1443 λογισμοῖς,
693 1376 814 1437 ταῖς
851 1375 950 1445 τῆς
981 1374 1196 1443 φύσεως
1225 1375 1553 1447 προσϐολαῖς
1572 1376 1932 1449 διωθουμένη,

349 1464 629 1535 λογισμοῖς
667 1482 728 1517 τε
781 1467 891 1527 τοῖς
933 1465 1082 1528 ἰδίοις
1127 1468 1223 1520 καὶ
1262 1468 1374 1529 τοῖς
1416 1466 1570 1541 παρὰ
1612 1468 1713 1537 τῆς
1762 1467 1933 1536 θυγα-

348 1555 477 1627 τρὸς
510 1556 646 1626 αὐτῇ
683 1555 821 1627 πρὸς
854 1556 953 1627 τὴν
995 1556 1091 1611 τοῦ
1128 1558 1299 1612 κακοῦ
1331 1557 1625 1628 θεραπείαν
1656 1576 1934 1630 προσαγο-

353 1651 555 1719 μένοις.
584 1650 716 1702 Τότε
745 1648 852 1720 γὰρ
874 1649 936 1720 δὴ
965 1650 1200 1720 μάλιστα
1226 1650 1403 1722 ὑψηλή
1436 1667 1497 1704 τε
1524 1652 1619 1705 καὶ
1647 1651 1929 1723 ἐπηρμένη

348 1746 381 1815 ἡ
415 1743 514 1813 τῆς
538 1742 811 1813 παρθένου
839 1742 986 1814 ψυχὴ
1014 1743 1241 1815 διεφάνη
1268 1757 1281 1772 ⁸
1313 1745 1394 1798 ὅτι
1421 1746 1515 1799 καὶ
1543 1747 1600 1798 ὲν
1625 1746 1806 1818 ἐκείνῃ
1832 1747 1931 1817 μὲν

2041 552 2174 607 Nam
2203 555 2450 607 animum
2481 554 2603 623 ejus
2636 556 2968 626 gravissimo
2991 573 3128 614 casn
3163 560 3436 630 dejectum
3466 567 3618 620 exci-

2038 653 2163 701 tans
2206 655 2263 701 et
2298 661 2578 710 recreans,
2610 647 2816 703 invicto
2843 650 3043 707 robore
3086 666 3188 706 suo
3227 654 3293 709 ad
3332 653 3619 712 fortitudi-
3665 727 3673 737 ι

2037 749 2162 789 nem
2191 743 2244 789 et
2272 735 2620 790 tolerantiam
2658 736 2922 791 instituit.

2111 909 2203 965 Sic
2251 910 2420 981 igitur
2457 913 2678 969 tandem
2725 924 2900 972 mater
2926 917 3100 972 dolori
3137 922 3357 985 restitit,
3406 939 3503 978 nec
3536 925 3619 978 in-

2035 1001 2262 1072 dignum
2296 1012 2392 1058 aut
2422 1003 2794 1059 effeminatum
2828 1007 3111 1078 quidpiam
3154 1010 3397 1076 admisit,
3437 1023 3496 1067 ut
3534 1017 3617 1070 vel

2038 1093 2453 1160 vociferaretur,
2503 1096 2589 1151 vel
2620 1097 2844 1166 pallium
2891 1099 3201 1168 scinderet,
3235 1104 3319 1158 vel
3361 1104 3614 1174 ejularet,

2037 1185 2126 1241 vel
2158 1186 2426 1242 luctuosis
2454 1187 2793 1243 clamoribus
2823 1189 3246 1248 lamentationes
3283 1194 3613 1254 intenderet.

2038 1275 2145 1334 Sed
2184 1278 2396 1334 ratione
2447 1280 2651 1335 sensim
2700 1281 2938 1356 impetus
2983 1290 3194 1337 natura:
3229 1285 3465 1356 depulit,
3500 1296 3614 1344 tum

2037 1369 2297 1440 propriis,
2331 1378 2444 1425 tum
2478 1370 2601 1426 filiae
2647 1352 2894 1430 consiliis
2932 1376 3247 1446 aegritudini
3287 1352 3615 1436 medicinam

2036 1461 2415 1518 afl‘erentibus.
2459 1462 2611 1518 Tunc
2659 1465 2806 1518 enim
2841 1467 3078 1522 maxime
3111 1469 3339 1538 virginis
3396 1472 3615 1527 animus

2035 1555 2291 1610 excelsus
2316 1564 2371 1609 et
2391 1555 2645 1612 sublimis
2677 1557 2910 1613 exstitit.
2942 1558 3155 1614 Etenim
3183 1564 3439 1631 quamvis
3474 1565 3527 1617 in
3550 1579 3614 1619 ea

2035 1648 2144 1702 vim
2190 1662 2344 1702 suam
2391 1656 2589 1702 natura
2643 1658 2932 1706 exerceret
2962 1652 3115 1722 (erat
3168 1656 3311 1707 enim
3344 1655 3511 1710 frater
3560 1667 3615 1711 et
3676 1646 3681 1651 ⁷

2039 1739 2269 1794 fratrum
2295 1739 2657 1794 cbarissimus
2687 1745 2781 1810 qui
2814 1750 2923 1795 tam
2956 1744 3157 1799 acerbo
3184 1760 3385 1815 genere
3421 1750 3614 1804 mortis

347 1836 381 1904 ἡ
413 1833 576 1905 φύσις
603 1834 676 1887 τὸ·
694 1833 823 1888 ῐδιον
851 1834 1088 1906 ἔπασχεν
1115 1852 1128 1867 ⁸
1158 1836 1386 1905 ἀδελφὸς
1405 1836 1514 1908 γάρ
1541 1832 1630 1908 ἦν,
1660 1839 1754 1891 καὶ
1783 1837 1922 1892 ἀδελ-

2030 1833 2344 1897 cxstinctus
2376 1831 2629 1899 fuerat),
2666 1842 2853 1889 tamen
2878 1843 3076 1888 natura
3118 1837 3409 1892 sublimior
3442 1838 3609 1904 facta,

350 1922 467 1994 φῶν
508 1926 537 1977 ὁ
565 1924 981 1994 κεχαρισμένος,
1019 1927 1047 1978 ὁ
1094 1924 1170 1995 τῷ
1213 1926 1442 1997 τοιούτῳ
1486 1928 1672 1999 τρόπῳ
1699 1927 1795 1980 τοῦ
1835 1929 1931 1981 θα-

347 2015 507 2072 νάτου
551 2014 940 2087 ἀναρπασθείς.
978 2016 1167 2086 Ὅμως
1198 2016 1503 2089 ὑψηλοτέρα
1524 2020 1788 2090 γενομένη
1833 2018 1931 2089 τῆς

347 2105 567 2177 φύσεως
586 2146 601 2169 ,
627 2108 898 2180 συνεπῆρε
921 2109 1032 2170 τοῖς
1065 2108 1215 2171 ἰδίοις
1247 2107 1527 2180 λογισμοῖς
1555 2108 1654 2180 τὴν
1693 2109 1928 2181 μητέρα,

345 2199 443 2253 καὶ
476 2199 732 2271 ὑπεράνω
780 2198 874 2252 τοῦ
910 2199 1115 2264 πάθους
1167 2199 1361 2271 ἔστησε
1385 2217 1399 2231 ·
1444 2198 1522 2272 τῷ
1572 2200 1694 2254 καθ’
1736 2201 1932 2271 ἑαυτὴν

345 2289 704 2361 ὑποδείγματι
727 2331 742 2357 ,
771 2290 908 2360 πρὸς
935 2290 1215 2362 ὑπομονήν
1240 2306 1299 2342 τε
1331 2290 1426 2343 καὶ⁸
1455 2290 1706 2362 ἀνδρείαν
1730 2290 1925 2344 παιδα-

343 2381 648 2452 γωγήσασα
666 2398 681 2413 ·
706 2381 881 2445 ἄλλως
913 2381 971 2434 δὲ
991 2383 1084 2434 καὶ
1111 2383 1149 2437 ὁ,
1172 2380 1284 2451 βίος
1307 2380 1478 2451 αὐτῆς
1510 2380 1598 2434 ἀεὶ
1623 2380 1692 2432 δι’
1726 2380 1928 2451 ἀρετῆς

2029 1922 2342 1979 rationibus
2389 1923 2505 1979 suis
2557 1932 2787 1980 matrem
2838 1927 3187 1994 sublevabat,
3248 1933 3611 2003 exemploque

2030 2030 2133 2071 suo
2163 2015 2231 2069 ad
2262 2015 2583 2084 patientiam
2615 2025 2668 2071 et
2706 2017 2963 2072 virtutem
2997 2021 3257 2075 erudiens
3292 2023 3614 2092 perﬁciebat

2031 2117 2090 2161 ut
2129 2106 2318 2161 dolore
2370 2108 2624 2177 superior
2663 2108 2961 2165 exsisteret
2998 2130 3011 2165 :
3043 2126 3359 2182 quanquam
3391 2123 3445 2169 et
3490 2116 3613 2185 ejus

2029 2199 2142 2254 vita
2172 2199 2375 2254 virtute
2419 2215 2636 2269 semper
2681 2203 2961 2258 excellens
2991 2205 3202 2258 nullum
3237 2206 3453 2262 sinebat
3485 2221 3612 2264 esse

2033 2296 2273 2359 tempus,
2308 2304 2417 2358 quo
2446 2297 2623 2345 mater
2660 2299 2886 2360 propter
2929 2294 3249 2350 maestitiam
3288 2296 3474 2366 potius
3521 2312 3615 2353 an-

2032 2390 2277 2453 geretur,
2305 2396 2468 2451 quam
2500 2383 2758 2452 praesenti
2785 2383 2928 2438 bono
2953 2386 3236 2455 gauderet.

344 2474 680 2555 ὑψούμενος,
715 2477 777 2529 οὐ
805 2477 1034 2547 παρεῖχε
1059 2477 1126 2547 τῇ
1166 2475 1335 2548 μητρὶ
1363 2475 1554 2546 καιρὸν
1613 2474 1706 2528 ἐπὶ
1745 2474 1828 2561 τᾷε
1865 2473 2105 2531 λείποντι
2156 2477 2531 2549 δυσχεραίνειν
2580 2479 2781 2549 μᾶλλον
2804 2520 2819 2545 ,
2889 2481 2923 2552 ἢ
2972 2481 3050 2553 τῷ
3094 2484 3356 2556 ὁρωμένῳ
3421 2485 3612 2558 ἀγαθῷ

343 2569 769 2639 ἐπαγάλλεσθαιι
785 2650 791 2654 γ
983 2611 986 2614 .
1826 2652 1827 2655 η

364 2724 372 2733 ,
425 2664 578 2717 Ἐπεὶ
597 2657 690 2717 οὖν
717 2664 993 2718 ἐπαύσατο
1022 2667 1090 2735 τῇ
1132 2665 1319 2736 μητρὶ,
1345 2665 1379 2736 ἦ
1405 2681 1464 2718 τε
1507 2664 1608 2733 τῆς
1645 2664 1932 2736 παιδοτρο-

344 2756 473 2827 φίας
516 2757 738 2827 φροντὶς
781 2759 876 2811 καὶ
918 2759 952 2827 ἡ
1000 2758 1103 2827 τῆς
1151 2757 1487 2823 παιδεύσεως
1523 2776 1582 2811 τε
1629 2757 1724 2811 καὶ
1761 2773 1933 2811 κατα-

345 2850 590 2914 στάσεως
627 2849 739 2903 τῶν
781 2850 988 2903 τέκνων
1033 2851 1293 2923 μέριμνα,
1333 2851 1428 2905 καὶ
1474 2853 1529 2905 αἱ
1565 2850 1779 2914 πλείους
1826 2849 1930 2920 τῆς

343 2943 713 3015 ὑλωδεστέρας
742 2944 886 3013 ζωῆς
916 2945 1161 3016 ἀφορμαὶ
1184 2988 1198 3011 ,
1229 2945 1308 3009 είς
1345 2945 1413 2998 τὰ
1442 2944 1607 2998 τέκνα
1633 2943 1927 3018 κατεμερί-

344 3035 571 3106 σθησᾳψ
608 3036 754 3101 τότε,
781 3036 961 3100 καθὼς
992 3037 1353 3108 προείρηται,
1382 3037 1591 3106 γίνεται
1623 3036 1923 3108 σύμϐουλος

340 3128 440 3200 τῆς
482 3127 687 3199 μητρὸς
741 3129 773 3198 ἡ
807 3130 907 3198 τῆς
949 3127 1217 3198 παρθένου
1248 3128 1360 3198 ζωὴ
1405 3130 1541 3199 πρὸς
1568 3129 1666 3199 τὴν
1701 3129 1924 3199 ἐμφιλό-

2104 2660 2239 2717 Cum
2274 2661 2441 2732 igitur
2464 2661 2577 2731 jam
2605 2670 2660 2716 et
2696 2664 3120 2721 nutriendorum
3150 2668 3449 2729 liberorum
3475 2691 3611 2732 cura

2030 2761 2086 2810 et
2116 2752 2461 2809 educationis
2497 2763 2661 2824 atque
2690 2756 3071 2816 collocationis
3106 2775 3294 2818 eorum
3333 2777 3476 2822 esset
3508 2771 3611 2824 sol-

2029 2845 2317 2902 licitudine
2357 2845 2606 2912 liberata,
2642 2856 2696 2902 et
2740 2849 3007 2905 molestia:
3048 2851 3364 2911 domestica:
3399 2859 3610 2929 majore

2026 2954 2095 2995 ex
2123 2946 2278 3010 parte
2324 2939 2468 2993 inter
2519 2939 2670 3008 ipsos
2712 2940 2855 2997 filios
2894 2943 3086 2999 divisa
3125 2945 3307 3002 forent
3340 2970 3351 3004 :
3388 2959 3605 3017 auctor,

2030 3038 2092 3085 ut
2137 3028 2346 3085 dictum
2397 3038 2512 3089 est.
2544 3029 2707 3083 matri
2758 3032 2911 3102 virgo
2950 3031 3075 3099 fuit,
3107 3043 3168 3088 ut
3210 3037 3277 3091 ad
3323 3040 3608 3109 sapientiae

2030 3115 2272 3171 studium
2298 3124 2353 3171 et
2382 3130 2574 3187 puram
2601 3117 2820 3172 vivendi
2849 3120 3118 3188 rationem
3143 3139 3265 3179 sese
3285 3126 3563 3184 conferret
3587 3148 3603 3184 :

345 3238 508 3290 σοφσν
551 3219 756 3290 ταύτην
811 3220 904 3273 καὶ
956 3219 1116 3274 ἄῦλον
1163 3219 1256 3273 τοῦ
1321 3219 1436 3289 βίου
1487 3221 1790 3292 διαγωγήν·
1831 3222 1922 3274 καὶ

2029 3222 2263 3277 eamque
2302 3223 2332 3262 a
2364 3208 2598 3279 reliquis
2622 3211 2881 3266 omnibus
2915 3213 3085 3272 rebus
3124 3226 3178 3269 et
3219 3217 3449 3286 pristina
3481 3235 3607 3276 con-

340 3312 698 3381 ἀποστήσασα
724 3309 832 3364 τῶν
858 3310 916 3363 ἐν
955 3309 1212 3380 συνηθείᾳ
1256 3310 1501 3374 πάντων,
1547 3310 1683 3380 πρὸς
1708 3311 1768 3363 τὸ
1793 3310 1922 3363 ἴδιον

2028 3301 2350 3365 suetudine,
2398 3302 2465 3357 ad
2514 3304 2792 3373 propriam
2840 3305 3069 3360 humilis
3099 3307 3433 3381 abjectaeque
3482 3316 3604 3370 vita:

338 3404 441 3474 τῆς
473 3401 971 3473 ταπεινοφροσύνης
1021 3401 1217 3472 μέτρον
1266 3402 1576 3472 μετήγαγεν
1600 3419 1614 3433 ·
1656 3402 1918 3473 ὁμότιμον

338 3497 510 3568 αὐτὴν
534 3495 784 3564 γενέσθαι
817 3494 896 3565 τῷ
929 3493 1253 3565 πληρώματι
1282 3493 1390 3548 τῶν
1429 3494 1713 3566 παρθένων
1742 3511 1919 3566 παρα-

343 3589 678 3654 σκευάσασα,
705 3588 780 3651 ὼς
819 3589 914 3641 καὶ
936 3585 1218 3659 τραπέζης
1246 3589 1376 3657 μιᾶς
1398 3628 1413 3653 ,
1441 3589 1537 3643 καὶ
1574 3588 1762 3659 κοίτης
1781 3628 1795 3651 ,
1825 3588 1921 3642 καὶ

342 3683 560 3741 πάντων
587 3681 696 3734 τῶν
739 3679 875 3750 προς
907 3680 1005 3752 τὴν
1050 3679 1197 3750 ζωὴν
1228 3680 1373 3733 κατὰ
1409 3681 1470 3733 τὸ
1505 3682 1618 3734 ἴσον
1649 3679 1921 3748 συμμετέ-

341 3790 458 3844 χειν
487 3773 711 3835 αὑταϊς,
762 3771 944 3841 πάσης
992 3770 1095 3841 τῆς
1137 3758 1280 3822 κατά
1324 3770 1424 3841 τὴν
1460 3770 1616 3836 ἀξίαν
1659 3770 1921 3843 διαφορᾶς

341 3864 729 3935 ὑφαιρεθείσης
761 3862 940 3915 αὐτῶν
969 3862 1066 3933 τῆς
1120 3860 1287 3931 ζωῆς.
1321 3862 1429 3915 Καὶ
1476 3862 1693 3932 τοιαύτη
1741 3878 1826 3924 τις
1852 3856 1920 3932 ἦν

340 3959 375 4028 ἡ
404 3954 498 4009 τοῦ
528 3955 641 4025 βίου
672 3954 825 4020 τάξις
844 3993 858 4017 ,
895 3953 991 4007 xal.
1010 3952 1263 4007 τοσοῦτον
1293 3953 1355 4006 τδ
1401 3952 1533 4022 ὖψος
1577 3954 1674 4024 τῆς
1708 3953 1920 4022 φιλοσο-

342 4047 470 4116 φίας
495 4086 509 4109 ,
543 4046 638 4099 καὶ
667 4049 699 4115 ἡ
748 4043 918 4115 σεμνὴ
966 4042 1063 4113 τῆς
1116 4044 1261 4113 ζωῆς
1303 4043 1546 4097 πολιτεία
1586 4046 1642 4097 ὲν
1698 4048 1763 4115 τῇ
1797 4043 1918 4097 καθ’

339 4136 551 4209 ἡμέραν
574 4153 633 4188 τε
662 4134 755 4187 καὶ
789 4132 958 4187 νύκτα
995 4133 1237 4203 διαγωγῇ
1263 4173 1278 4199 ,
1328 4134 1406 4194 ὡς
1441 4132 1789 4204 ὑπερϐαίνειν
1821 4132 1919 4204 τὴν

339 4230 406 4282 ὲκ
429 4229 536 4281 τῶν
565 4228 738 4295 λόγων
779 4226 1125 4296 ὑπογραφὴν.
1165 4224 1432 4295 Καθάπερ
1462 4225 1570 4296 γὰρ
1622 4225 1676 4278 αἱ
1706 4226 1791 4279 διὰ
1817 4224 1917 4279 θα-

339 4304 499 4377 νάτου
529 4319 637 4373 τῶν
672 4318 941 4388 σωμάτων
975 4315 1280 4370 ἐκλυθεῖσαι
1300 4316 1488 4387 ψυχαὶ,
1519 4317 1610 4370 καὶ
1639 4315 1746 4369 τῶν
1776 4306 1919 4370 κατά

337 4412 431 4466 τὸν
482 4409 593 4481 βίον
623 4409 813 4463 τοῦτον
863 4407 1141 4478 μεριμνῶν
1174 4406 1575 4471 συνεκλύονται,
1627 4408 1798 4471 οὕτως
1827 4426 1915 4461 κε-

336 4502 573 4574 χώριστο
613 4501 789 4554 αὐτῶν
820 4502 852 4571 ἡ
882 4499 993 4570 ζωὴ
1018 4542 1031 4563 ,
1073 4499 1167 4552 κα)⁸
1198 4497 1479 4568 ἀπῴκιστο
1530 4500 1701 4569 πάσης
1736 4498 1918 4569 βιωτι-

337 4594 443 4665 κῆς
467 4593 853 4664 ματαιότητος,
878 4594 971 4645 καὶ
994 4591 1129 4663 πρὸς
1162 4592 1391 4662 μίμησιν
1414 4590 1516 4660 τῆς
1538 4591 1645 4645 τῶν
1669 4592 1915 4659 ἀγγέλων

337 4686 482 4759 ζωῆς
506 4684 885 4758 ὲρῤυθμίζετο.
922 4684 1009 4736 Ἐν
1032 4677 1113 4745 οἷς
1135 4682 1245 4754 γὰρ
1281 4684 1341 4736 ού
1372 4681 1543 4752 θυμὸς
1563 4724 1576 4747 ,
1610 4682 1668 4735 οὑ
1698 4682 1910 4751 φθόνος,

334 4781 398 4833 οὐ
435 4781 590 4849 μῖσος
617 4817 632 4841 ,
663 4778 761 4846 οὐχ
788 4772 1055 4847 ὑπεροψία
1080 4816 1095 4839 ,
1124 4776 1224 4828 οὐκ
1255 4774 1382 4830 ἄλλο
1429 4792 1479 4828 τι
1511 4773 1620 4828 τῶν
1660 4774 1913 4828 τοιούτων

335 4872 638 4941 ὲνεωρᾶτο·
673 4868 708 4938 ἧ
730 4884 788 4919 τε
819 4867 924 4919 τῶν
959 4867 1200 4937 ματαίων
1228 4867 1512 4937 ἐπιθυμία,
1541 4866 1706 4937 τιμῆς
1738 4885 1795 4919 τε
1820 4867 1914 4920 καὶ

333 4963 527 5033 δόξης,
578 4961 672 5014 καὶ
729 4958 932 5027 τύφου,
967 4959 1060 5010 καὶ
1110 4958 1522 5030 ὑπερηφανίας,
1570 4960 1661 5011 καὶ
1696 4959 1912 5012 πάντων

332 5055 442 5109 τῶν
464 5053 719 5107 τοιούτων
762 5050 1192 5121 ἐκδεδλημένων.
1223 5053 1412 5124 Τρυφὴ
1448 5051 1502 5104 δὲ
1535 5048 1602 5122 ῆν
1655 5054 1687 5121 ἠ
1720 5051 1915 5123 ἐγκρά-

332 5161 477 5209 τεια,
522 5145 614 5196 καὶ
639 5141 766 5206 δόξα
809 5140 869 5193 τὸ
904 5139 978 5211 μὴ
1012 5138 1393 5208 γινώσκεσθαι.
1425 5142 1661 5205 Πλοῦτος
1688 5140 1745 5195 δὲ
1780 5137 1849 5212 ἦν
1874 5145 1907 5213 ἡ

331 5235 685 5307 ἀκτημοσύνη
709 5277 723 5301 ,
760 5234 855 5288 καὶ
886 5234 947 5287 τὸ
990 5234 1169 5287 πᾶσαν
1210 5234 1306 5304 τὴν
1340 5234 1530 5306 ὑλικὴν
1574 5223 1909 5307 περιουσίαν,

331 5322 446 5381 οἷόν
475 5344 596 5381 τινα
627 5328 773 5381 κόνιν
804 5327 911 5381 τῶν
938 5327 1226 5398 σωμάτων,
1255 5327 1912 5399 ἀποτινάξασθαι.Ἔργον

331 5417 390 5470 δὲ
417 5415 525 5470 τῶν
551 5415 691 5469 κατά
717 5415 816 5488 τὴν
846 5416 991 5488 ζωὴν
1025 5414 1228 5486 ταύτην
1264 5412 1707 5484 σπουδαζομένων
1737 5413 1910 5476 οὐδὲν,

332 5508 415 5560 ὅτι
449 5506 523 5578 μὴ
554 5508 849 5578 πάρεργον.
885 5506 1030 5576 Μόνη
1059 5505 1115 5558 δὲ
1139 5506 1185 5575 -ὴ
1221 5505 1327 5557 τῶν
1354 5503 1512 5558 θείων
1554 5503 1750 5576 μελέτη
1772 5545 1786 5569 ,
1817 5507 1912 5559 καὶ

331 5597 394 5652 τδ
432 5597 533 5667 τῆς
561 5598 866 5668 προσευχῆς
898 5597 1257 5659 ἀδιάλειπτον,
1288 5595 1382 5649 καὶ
1407 5597 1439 5667 ἠ
1463 5595 1739 5659 ἄπαυστος
1783 5597 1912 5667 ὑμν-

330 5691 486 5764 ῳδία·
518 5690 654 5744 κατὰ
691 5689 750 5742 τὸ
783 5689 894 5743 ἴσον
926 5689 1470 5762 συμπαρατεινομένη
1499 5688 1577 5760 τῷ
1602 5689 1797 5759 χρόνῳ,
1825 5688 1913 5742 διὰ

332 5781 527 5845 νυκτὸς
565 5782 659 5836 xal.
688 5780 899 5853 ἡμέρας
937 5782 1114 5849 πάσης
1142 5798 1156 5813 ο
1185 5781 1324 5833 ὥστε
1371 5781 1589 5849 αὐταῖς,
1632 5781 1725 5836 λαὶ
1751 5779 1812 5851 ἔρ
1829 5796 1912 5850 τον

574 5880 847 5939 ΡΑτιιοι.
895 5878 1013 5941 (in.
1066 5879 1282 5940 XLVI.

2027 3393 2458 3449 moderationem
2499 3396 2748 3461 adduxit,
2788 3404 2848 3451 ut
2894 3398 2950 3452 in
3003 3414 3067 3453 ea
3099 3401 3372 3472 virginum
3417 3407 3604 3460 multi-

2026 3484 2217 3540 tudine
2248 3485 2441 3541 eadem
2474 3501 2599 3540 cum
2635 3487 2745 3542 illis
2778 3487 3098 3560 conditione
3114 3491 3343 3555 viveret,
3384 3511 3602 3567 unaque

2024 3590 2238 3641 mensa,
2272 3576 2438 3632 simili
2468 3578 2687 3640 lectulo,
2717 3578 2837 3648 pari
2874 3578 3110 3650 denique
3137 3589 3191 3636 et
3218 3599 3373 3653 aequa
3414 3602 3599 3641 rerum

2022 3669 2267 3721 omnium
2292 3683 2414 3738 qua:
2447 3667 2516 3723 ad
2548 3669 2716 3724 vitam
2748 3672 3044 3739 pertinent,
3081 3675 3295 3731 ratione
3330 3689 3597 3744 uteretur,

2022 3753 2172 3812 omni
2198 3775 2267 3815 ex
2300 3759 2543 3829 ipsarum
2577 3760 2689 3815 vita
2715 3761 3003 3833 dignitatis
3027 3764 3333 3822 diﬂ'erentia
3359 3771 3597 3826 sublata.

2021 3849 2389 3915 Quamobrem
2431 3852 2557 3908 talis
2590 3863 2708 3907 erat
2762 3853 2889 3909 vitae
2925 3856 3064 3911 ordo
3098 3866 3362 3930 tantaque
3402 3862 3457 3917 in
3506 3879 3598 3919 sa-

2022 3944 2241 4013 pientia:
2296 3944 2484 4000 studio
2533 3948 2851 4016 praestantia
2887 3956 2942 4004 et
2977 3952 3084 4004 tam
3139 3954 3322 4022 gravis
3378 3955 3599 4013 vivendi

2019 4035 2336 4105 disciplina,
2385 4044 2446 4090 ut
2490 4039 2639 4093 nulla
2689 4038 2930 4097 describi
2982 4043 3159 4112 possit
3192 4047 3461 4104 orationis
3512 4049 3597 4104 fa-

2018 4128 2263 4183 cultate:
2300 4130 2491 4198 quales
2511 4131 2658 4185 enim
2696 4140 2827 4188 sunt
2855 4134 3047 4200 animi,
3080 4136 3172 4205 qui
3197 4140 3447 4206 corporis
3476 4141 3625 4197 vin--

2019 4221 2158 4277 culis
2201 4221 2369 4276 soluti
2412 4216 2794 4294 molestiisque
2842 4225 3058 4281 liberati
3083 4242 3149 4283 ex
3176 4228 3281 4284 hoc
3317 4232 3443 4297 vita:
3474 4239 3605 4289 car-’

2020 4327 2145 4368 cere
2188 4314 2551 4370 avolaverunt
2586 4334 2599 4369 :
2631 4318 2760 4371 talis
2794 4326 2914 4371 erat
2962 4334 3155 4374 earum
3200 4322 3341 4389 vita,
3395 4326 3601 4396 quippe

2020 4420 2141 4474 quae
2182 4406 2251 4459 ab
2294 4406 2444 4460 omni
2478 4422 2667 4462 rerum
2715 4408 3084 4465 humanarum
3128 4413 3371 4467 vanitate
3420 4415 3599 4470 aliena

2021 4498 2087 4548 atl
2134 4497 2451 4566 angelorum
2501 4499 2625 4553 vitm
2675 4500 3091 4557 similitudinem
3151 4504 3401 4571 proxime
3441 4520 3595 4560 acce-

2021 4586 2204 4641 debat.
2239 4586 2355 4642 Non
2392 4590 2496 4655 ira,
2547 4605 2654 4645 non
2696 4591 2929 4660 invidia,
2978 4608 3088 4647 non
3127 4592 3336 4657 odium,
3368 4611 3477 4650 non
3507 4614 3599 4652 ευρ

2019 4679 2193 4748 spicio
2229 4681 2373 4735 inter
2393 4697 2487 4737 eas
2519 4683 2888 4749 cernebatur;
2924 4684 3106 4738 omnis
3132 4684 3382 4753 honoris,
3413 4689 3596 4757 gloriae

2018 4781 2071 4825 et
2117 4775 2349 4828 aliarum
2394 4775 2445 4829 id
2499 4790 2674 4845 genus
2739 4774 2985 4830 inanium
3051 4792 3234 4832 rerum
3262 4762 3594 4850 ,cupiditas,

2017 4868 2200 4921 omnis
2248 4870 2425 4922 fastus
2463 4877 2518 4922 et
2563 4868 2846 4938 superbia,
2895 4876 2949 4923 et
2981 4870 3193 4941 reliqua
3230 4871 3436 4926 similia
3466 4874 3597 4926 vitia

2018 4955 2144 5012 inde
2196 4957 2400 5025 rejeeta
2454 4964 2632 5012 erant.
2684 4956 2915 5016 Delicias
2951 4976 3085 5016 suas
3142 4963 3199 5015 in
3235 4965 3597 5030 temperantia

2016 5050 2393 5115 collocabant;
2432 5050 2664 5120 gloriam
2705 5067 2859 5107 suam
2929 5054 2982 5107 in
3017 5068 3082 5110 eo
3123 5054 3393 5123 putabant
3434 5058 3596 5110 sitam

2016 5142 2161 5210 quod
2187 5146 2330 5194 nota:
2357 5151 2546 5196 essent
2579 5141 3079 5209 nemini;divitias,
3112 5144 3263 5215 quod
3292 5145 3433 5199 nihil
3466 5162 3599 5216 pus-

2015 5231 2278 5296 siderent,
2303 5231 2562 5301 quodque
2584 5241 2835 5289 terrenas
2865 5228 3299 5306 omnescopias,
3336 5246 3595 5308 tanquam

2019 5324 2323 5394 pulverem,
2361 5341 2391 5379 a
2431 5327 2761 5396 corporibus
2796 5328 2917 5383 suis
2950 5329 3594 5386 exeussissent.Nullum

2017 5424 2200 5470 autem
2232 5430 2342 5471 non
2385 5418 2550 5472 inane
2589 5417 2833 5473 studium
2870 5433 2994 5474 esse
3028 5419 3323 5485 ducebant,
3356 5422 3501 5492 quod
3539 5423 3595 5478 in

2020 5509 2124 5563 hac
2152 5508 2261 5563 vita
2298 5509 2543 5563 curanda
2586 5511 2928 5581 colendaque
2970 5523 3288 5581 poneretur.
3321 5514 3446 5585 Sola
3484 5515 3594 5570 illic

2018 5614 2204 5653 rerum
2271 5599 2582 5655 divinarum
2648 5600 2864 5670 vigebat
2920 5617 3089 5665 cura,
3161 5614 3597 5675 perpetuumque

2019 5690 2283 5772 precandi
2321 5692 2602 5759 studium,
2652 5704 2705 5748 et
2744 5693 2967 5750 assidua
3006 5695 3348 5764 psalmorum
3388 5701 3595 5754 decan-

2018 5784 2181 5850 tatio,
2229 5800 2351 5855 quae
2399 5785 2553 5842 nullo
2596 5803 2838 5858 unquam
2899 5793 3147 5857 tempore
3190 5806 3293 5845 nrc
3349 5790 3437 5845 die
3492 5801 3598 5845 nec

3284 5886 3352 5946 31
