4068 6154
405 302 531 355 ’971

1679 295 1735 350 S.
1784 294 2112 350 GREGORII
2150 294 2443 350 NYSSENI

3570 293 3678 347 9‘72

439 422 595 468 nocte
627 410 1090 466 intermittebatur
1121 416 1216 462 :ut
1247 409 1298 462 in
1328 423 1389 461 ea
1417 423 1475 462 re
1526 418 1580 463 et
1603 425 1741 479 opus
1765 411 2006 480 ipsarum

2130 407 2245 464 τίναι
2285 411 2460 479 τοῦτο,
2490 413 2581 464 καὶ
2608 411 2784 482 ἔργον,
2817 409 3136 463 ἀνάπαυσιν.
3168 406 3274 477 Τὴν
3301 405 3477 459 τοίνυν
3505 405 3682 458 τοιαύ-

437 507 642 575 pariter
686 511 740 557 et
793 501 951 571 quies
984 501 1333 555 consisteret.
1376 499 1635 565 Quaenam
1689 502 1856 571 igitur
1905 502 2009 555 hu-

439 612 596 650 mana
625 592 843 649 dicendi
875 595 956 647 vis
978 595 1123 648 hanc
1154 593 1374 647 vivendi
1417 594 1687 647 rationem
1729 595 2012 663 explicare

439 689 632 759 queat?
667 687 796 740 Erat
849 687 1096 756 ipsarum
1143 687 1250 738 vita
1299 687 1440 739 inter
1498 687 1792 739 humanam
1847 687 2011 741 coale-

440 788 691 848 stemque
727 786 976 831 naturam
1030 776 1314 844 interjecta
1335 819 1347 840 ,
1382 778 1672 846 utriusque
1701 778 2010 846 particeps,

441 867 663 936 utrique
727 866 955 920 finitima
995 885 1008 919 :
1043 867 1248 920 etenim
1295 876 1566 935 quatenus
1617 867 1686 920 ab
1755 867 2013 923 humanis

442 959 950 1030 perturbationibus
977 974 1034 1014 se
1059 958 1387 1023 vindicarat,
1425 958 1664 1014 hominis
1697 959 2016 1015 conditione

445 1051 793 1121 prastantior
835 1059 985 1116 erat;
1024 1057 1296 1118 quatenus
1335 1059 1516 1104 autem
1553 1051 1608 1104 in
1641 1065 1869 1121 corpore
1897 1067 2016 1106 cer-

442 1143 697 1204 nebatur,
728 1149 781 1196 et
809 1141 1051 1195 hominis
1080 1142 1470 1195 continebatur
1494 1141 1663 1210 figura
1680 1151 1733 1196 et
1753 1153 2012 1198 sensuum

443 1229 826 1284 instrumentis
861 1229 1140 1292 utebatur,
1169 1229 1429 1298 angelicae
1455 1236 1510 1283 et
1532 1230 1784 1298 corporis
1807 1232 2015 1301 experti

443 1329 654 1374 naturae
687 1320 962 1374 cedebat:
997 1319 1145 1374 ausit
1183 1320 1414 1375 forsitan
1470 1320 1672 1392 aliquis
1705 1323 1868 1376 etiam
1906 1339 2016 1378 non

445 1413 763 1467 inferiorem
818 1428 940 1468 esse
982 1413 1339 1468 contendere.
1382 1411 1842 1484 Quandoquidem
1890 1428 2016 1468 eum

444 1519 610 1558 carne
637 1505 903 1568 viventes,
954 1504 1018 1560 ad
1070 1505 1489 1561 similitudinem
1533 1509 1847 1561 vacantium
1895 1521 2018 1561 cor-

446 1609 578 1662 pore
600 1603 954 1662 potestatum,
987 1610 1152 1650 onere
1174 1598 1427 1665 corporis
1455 1612 1561 1651 non
1595 1598 2014 1667 premebantur:

445 1685 540 1739 sed
587 1687 803 1740 excelsa
857 1694 909 1738 et
940 1688 1194 1742 sublimis
1240 1698 1358 1742 erat
1413 1703 1602 1743 earum
1635 1690 1768 1753 vita,
1818 1690 2020 1760 quippe

2111 520 2210 572 την
2241 501 2513 571 διαγωγὴν
2556 501 2639 564 τίς
2667 500 2732 552 ἂν
2782 501 2869 552 ὑπ’
2897 499 3017 567 ὄψιν
3052 499 3244 567 ἀγάγοι
3273 497 3430 564 λόγος
3475 493 3684 565 ἀνθρώ-

2114 604 2304 652 πινος;
2342 590 2478 658 Παρ*
2508 583 2588 649 οἷς
2623 587 2870 658 μεθόριος
2903 583 2972 656 ἦν
2996 589 3049 670 ’ἡ
3082 586 3194 656 ζωὴ
3236 585 3336 654 τῆς
3370 601 3429 636 τε
3478 583 3684 654 ἀνθρω·

2116 678 2275 747 πίνης
2319 679 2412 730 καὶ
2439 678 2539 746 τῆς
2583 677 2875 746 ἀσωμάτου
2906 675 3139 743 φύσεως,
3170 674 3242 726 Τὸ
3273 674 3369 744 μὲν
3403 675 3509 744 γάρ
3537 673 3687 725 ἐλευ-

2103 767 2418 837 ’θερωθῆναι
2458 769 2564 820 τῶν
2609 768 2960 839 ἀνθρωπίνων
3005 766 3342 837 παθημάτων
3388 765 3484 834 τὴν
3527 763 3689 833 φύσιν

2115 862 2362 930 κρεῖττον
2415 861 2446 930 ἢ
2501 860 2640 914 κατά
2689 859 2974 928 ἄνθρωπον
3007 854 3100 927 ἦν’
3152 857 3212 909 τὸ
3259 857 3315 908 δὲ
3370 858 3428 908 ἐν
3475 854 3687 924 σώματι

2115 949 2398 1021 φαίνεσθαι
2421 951 2514 1004 καὶ
2543 952 2782 1020 σχήματι
2811 947 3208 1020 περιειλῆφθαι.
3241 947 3332 1000 καὶ
3362 949 3472 1010 τοῖς
3500 946 3706 1028 αἱσθηχ

2115 1045 2283 1106 τικοίς
2316 1042 2566 1113 ὀργάνοις
2599 1041 2766 1113 συζῇν
2787 1082 2802 1108 ,
2862 1044 2918 1094 ἐν
2959 1039 3131 1109 τούτῳ
3163 1039 3262 1108 τῆς
3298 1038 3588 1107 ἀγγελικῆς
3630 1054 3688 1089 τε

2116 1139 2210 1192 καὶ
2239 1139 2530 1208 ἀσωμάτου
2559 1137 2772 1206 φύσεως
2822 1136 2884 1189 τδ
2937 1135 3155 1188 ἔλαττον
3182 1129 3342 1202 εἶχον.
3374 1131 3522 1200 Τάχα
3556 1129 3599 1181 δ’
3626 1127 3690 1179 ἄν

2115 1247 2198 1292 τις
2229 1229 2500 1298 τολμήσας
2533 1229 2673 1280 εἴποι
2707 1229 2841 1298 μηδὲ
2895 1226 3322 1294 καταδεεστέραν
3362 1224 3457 1292 τὴν
3486 1221 3694 1292 παραλ-

2117 1321 2287 1391 λαγὴν
2319 1318 2495 1374 εῖναιο
2547 1321 2627 1373 ὅτι
2674 1320 2836 1389 σαρκὶ
2890 1317 3194 1382 συζῶντες,
3249 1315 3369 1369 καθ’
3402 1314 3693 1384 ὁμοιότητα

2117 1411 2225 1463 τῶν
2260 1411 2564 1481 ἀσωμάτων
2590 1409 2889 1479 δυνάμεων,
2916 1410 3014 1462 οὐκ
3040 1407 3331 1480 ἐϐαροῦντο
3354 1406 3430 1476 τῷ
3460 1405 3694 1473 ἐφολκίῳ

2117 1503 2212 1556 τοῦ
2247 1502 2528 1573 σώματος·
2584 1502 2698 1557 ἀλλ’
2730 1503 3018 1574 ἀνωφερής
3069 1519 3128 1555 τε
3172 1501 3266 1555 καὶ
3309 1499 3576 1571 μετέωρος
3624 1493 3694 1567 ἦν

2120 1593 2297 1647 αὐτῶν
2346 1596 2378 1663 ή
2415 1593 2566 1664 ζωὴ,
2617 1595 2736 1656 ταῖς
2781 1592 3057 1663 οὐρανίαις
3101 1587 3698 1662 συμμετεωροποροῦσα

2119 1685 2414 1756 δυνάμεσι·
2451 1685 2639 1756 χρόνος
2683 1680 2751 1754 ἦν
2797 1684 2896 1752 τῆς
2944 1683 3196 1751 τοιαύτης
3248 1681 3556 1750 διαγωγῆς,
3596 1679 3698 1732 οὐκ

447 1791 571 1845 qua:
629 1777 740 1831 alto
787 1787 1083 1845 creetoque
1131 1779 1315 1833 animo
1363 1795 1487 1834 cum
1543 1781 1858 1837 coelestibus
1911 1783 2020 1837 illis

2130 1750 2302 1844 ὀλίγος
2327 1793 2340 1806 ο
2369 1750 2786 1844 καί-’συνηύξετο
2947 1775 3122 1846 χρόνῳ
3155 1750 3228 1826 ⁷τά
3261 1773 3655 1844 κατορθώματα
3679 1809 3698 1833 ,

450 1869 817 1936 potestatibus
859 1868 1240 1922 versabantur.
1292 1869 1348 1922 In
1382 1870 1486 1924 hoc
1520 1872 1735 1925 vivendi
1767 1873 2022 1928 instituto

449 1974 556 2012 non
593 1973 758 2028 parvo
798 1967 1042 2025 tempore
1079 1960 1350 2023 vixerant,
1397 1975 1521 2014 cum
1551 1962 1792 2016 assiduis
1829 1964 2023 2017 inven-

2126 1867 2212 1920 ἀεὶ
2244 1867 2379 1936 πρὸς
2405 1867 2466 1919 τὸ
2504 1865 2885 1937 καθαρώτερον
2925 1868 3040 1928 ταῖς
3076 1865 3182 1918 τῶν
3228 1862 3698 1934 ὲφευρισκομένων

2126 1957 2347 2028 ἀγαθῶν
2381 1958 2718 2030 προσθήκαις
2742 1959 2840 2028 τῆς
2873 1957 3188 2026 φιλοσοφίας
3217 1956 3574 2024 ἐπιδιδούσης.

445 2058 628 2103 torum
667 2050 930 2105 bonorum
966 2051 1402 2115 accessionibus,
1445 2053 1734 2123 sapientia:
1766 2055 2010 2110 studium
2050 2059 2315 2126 augentes
2347 2053 2412 2107 ad
2485 2053 2745 2122 majorem
2811 2051 2982 2106 animi
3022 2051 3347 2106 munditiam
3399 2047 3699 2120 apprOpin-

447 2150 704 2212 quarent.

518 2234 597 2285 Ad
643 2233 786 2285 hunc
831 2241 1008 2286 autem
1053 2241 1163 2285 tam
1216 2233 1540 2301 praeclarum
1597 2249 1825 2306 scopum
1866 2251 2020 2293 asse-

446 2324 722 2394 quendum
759 2338 958 2393 magno
983 2332 1101 2377 erat
1131 2323 1449 2392 adjumento
1475 2325 1642 2381 frater
1675 2327 1896 2397 quidam
1927 2343 2022 2384 eo-

448 2418 575 2472 dem
628 2431 692 2470 ex
751 2422 906 2468 utero
939 2414 1140 2477 editus,
1177 2416 1269 2484 qui
1303 2415 1496 2473 Petrus
1551 2419 1945 2488 appellabatur,
1971 2420 2028 2474 in

449 2519 563 2575 quo
595 2503 847 2573 pariendi
877 2501 1095 2558 dolores
1126 2503 1335 2557 finierat
1363 2514 1535 2560 mater
1567 2522 1580 2556 :
1618 2507 1705 2562 hic
1725 2507 1867 2562 enim
1899 2508 2030 2562 ulti-

453 2611 576 2649 mus
607 2611 636 2648 a
668 2594 983 2663 parentibus
1018 2603 1307 2664 susceptus
1336 2607 1420 2650 est
1450 2597 1616 2660 filius,
1652 2601 1746 2669 qui
1788 2600 1952 2654 simul
1980 2610 2034 2654 et

450 2693 614 2740 natus
645 2695 699 2739 et
738 2684 909 2738 orbus
947 2685 1065 2739 fuit.
1099 2685 1219 2750 Quo
1251 2686 1394 2739 enim
1437 2695 1680 2757 tempore
1719 2690 1834 2759 ipse
1869 2691 1923 2745 in
1949 2691 2030 2745 lu-

450 2791 569 2830 cem
632 2775 916 2840 edebatur,
947 2787 1100 2842 pater
1149 2792 1180 2831 e
1219 2777 1328 2830 vita
1383 2777 1638 2834 decessit.
1691 2779 1869 2846 Hune,
1911 2798 2033 2852 quae

449 2867 592 2920 inter
619 2865 824 2919 liberos
863 2877 983 2920 erat
1035 2874 1168 2920 natu
1210 2868 1446 2922 maxima
1475 2910 1488 2934 ,
1515 2886 1620 2938 qua
1665 2873 1732 2927 de
1784 2873 2031 2927 instituta

451 2957 565 3011 haec
618 2965 703 3011 est
747 2957 947 3022 oratio,
1002 2959 1166 3027 paulo
1214 2968 1339 3027 post
1368 2961 1489 3030 ejus
1539 2973 1722 3016 ortum
1763 2965 1832 3018 ab
1863 2967 2032 3021 ubere

2183 2227 2296 2287 Ἦν
2319 2230 2375 2284 δὲ
2405 2231 2564 2301 αὐτῇ,
2591 2232 2621 2283 ό
2650 2231 2882 2300 μάλιστα
2913 2229 3048 2300 πρὸς
3073 2228 3164 2283 τὸν
3193 2229 3363 2298 μέγαν
3390 2228 3576 2282 τοῦτον
3603 2228 3700 2282 τοῦ

2121 2326 2236 2395 βίου
2288 2322 2486 2376 σκοπὸν
2532 2323 2840 2394 ὑπηρετῶν,
2890 2322 3117 2392 ἀδελφός
3163 2339 3246 2385 τις
3301 2323 3659 2390 ὁμογάστριος
3683 2362 3696 2386 ,

2122 2416 2326 2486 Πέτρος
2363 2414 2533 2484 δνομα
2558 2413 2705 2484 αὺτῷ
2727 2455 2742 2478 ,
2792 2415 2878 2483 ἐφ’
2901 2408 2946 2482 ᾧ
2973 2411 3166 2484 ἔληξαν
3192 2413 3293 2483 τῆς
3318 2413 3522 2484 μητρὸς
3542 2413 3701 2482 ήμῶν

2126 2509 2180 2559 αἱ
2217 2505 2425 2568 ὠδῖνες.
2473 2495 2641 2567 Οῦτος
2671 2504 2780 2575 γάρ
2811 2500 2879 2576 ἦν
2921 2505 2948 2556 ὁ
2986 2503 3290 2566 τελευταῖος
3338 2503 3446 2555 τῶν
3492 2501 3703 2556 ὠδίνων

2132 2595 2358 2665 βλαστός
2381 2612 2396 2626 ⁸
2435 2595 2495 2658 ὃς
2535 2595 2670 2666 ὁμοῦ
2712 2613 2771 2648 τε
2816 2596 2957 2659 υίὸς,
2988 2595 3080 2650 καὶ
3113 2595 3344 2664 ὀρφανὸς
3373 2595 3662 2666 ὠνομάσθη
3682 2613 3696 2625 ·

2131 2687 2247 2756 ἅμα
2287 2687 2394 2757 γὰρ
2421 2686 2500 2756 τῷ
2529 2687 2818 2758 παρελθεῖν
2849 2687 3036 2742 τοῦτον
3073 2689 3152 2750 εἰς
3192 2687 3308 2755 φῶς
3330 2729 3344 2753 ,
3386 2687 3702 2742 καταλείπει

2128 2776 2157 2827 ό
2184 2775 2363 2846 πατὴρ
2390 2775 2481 2828 τὸν
2509 2775 2642 2845 βίον.
2688 2777 2826 2829 Ἀλλ’
2861 2779 2893 2846 ἡ
2927 2775 3271 2847 πρεσϐυτάτη
3295 2777 3403 2829 τῶν
3434 2777 3700 2845 ἀδελφῶν,

2131 2866 2258 2936 περὶ
2285 2860 2353 2936 ἧς
2387 2867 2413 2917 ό
2443 2865 2600 2932 λόγος
2621 2906 2635 2929 ,
2675 2867 2845 2937 μικρά
2871 2867 2970 2936 τῆς
3013 2866 3179 2937 θηλῆς
3208 2867 3368 2920 αὑτὸν
3404 2868 3554 2938 παρά
3603 2868 3704 2939 τὴν

2130 2956 2350 3028 πρώτην
2382 2956 2592 3025 γένεσιν
2624 2957 2978 3028 μετασχόντα,
3009 2959 3171 3023 εὐθὺς
3213 2960 3578 3013 ἀποσπάσασα
3603 2959 3706 3028 τῆς

449 3050 684 3105 nutricis
735 3049 1007 3104 sublatum
1035 3050 1150 3119 ipsa
1182 3053 1370 3106 statim
1411 3056 1675 3118 enutriit,
1713 3059 2029 3112 excellenti-

2134 3048 2552 3118 τιθηνουμένης,
2587 3048 2653 3101 δι’
2681 3049 2878 3121 ἑαυτῆς
2921 3051 3211 3122 ἀνατρέφει
3247 3067 3306 3104 τε
3345 3053 3435 3105 καὶ
3476 3051 3567 3104 ἐπὶ
3595 3053 3704 3104 πᾶ-

449 3159 560 3213 que
603 3143 895 3212 disciplina
939 3142 1228 3208 educavit,
1263 3146 1439 3200 sacris
1489 3148 1755 3204 institutis
1790 3164 1820 3202 a
1861 3166 2030 3220 puero

451 3235 633 3303 ipsum
663 3232 946 3296 erudiens,
981 3233 1120 3287 adeo
1153 3242 1214 3287 ut
1246 3234 1384 3288 nihil
1418 3237 1514 3290 otii
1546 3241 1899 3304 concesserit,
1922 3257 2030 3310 quo

451 3331 639 3395 posset
686 3323 884 3379 studiis
933 3323 1191 3378 inanibus
1238 3340 1466 3390 vacare;
1501 3343 1622 3381 nam
1646 3329 1722 3382 illi
1775 3345 1833 3384 se
1859 3339 1910 3384 et
1937 3345 2033 3400 pa-

452 3423 671 3469 tremet
704 3413 1026 3483 magistrum
1053 3421 1107 3467 et
1155 3414 1466 3480 custodem,
1509 3422 1564 3468 et
1599 3424 1848 3479 matrem,
1883 3428 1937 3472 et
1964 3419 2030 3472 ad

454 3503 661 3573 optima
707 3517 938 3572 quaeque
1000 3504 1394 3558 consultricem
1452 3506 1705 3574 praebuit,
1760 3509 2035 3579 talemque

453 3590 692 3645 reddidit
721 3599 778 3644 ut
817 3600 1108 3662 antequam
1131 3593 1418 3648 excederet
1442 3610 1472 3648 e
1495 3597 1725 3664 pueritia
1759 3597 1812 3650 in
1845 3609 2035 3654 tenero

453 3681 551 3738 illo
593 3684 772 3738 artatis
821 3683 956 3738 flore
986 3684 1053 3736 ad
1104 3685 1384 3738 excelsum
1416 3687 1772 3757 philos0phi2e
1806 3689 2033 3758 gradum

454 3775 788 3830 ascenderit.
821 3773 897 3828 Ea
933 3775 1152 3844 quidem
1187 3784 1303 3829 erat
1328 3776 1532 3846 ingenii
1569 3778 1832 3843 bonitate,
1878 3791 1936 3835 ut
1965 3783 2035 3837 ad

457 3867 636 3918 omnia
671 3866 874 3918 artium
902 3880 1101 3934 genera
1130 3865 1294 3919 etiam
1340 3883 1462 3936 quae
1489 3871 1742 3928 ulantibus
1773 3889 2037 3929 exercen-

454 3964 550 4009 tur
590 3955 956 4025 perdiseenda
983 3964 1144 4009 natus
1168 3971 1290 4011 esse
1329 3957 1646 4014 videretur:
1689 3978 1859 4032 quare
1885 3966 2038 4018 nullo

457 4047 599 4101 duce
634 4045 933 4116 perfectam
968 4061 1160 4100 eorum
1204 4048 1454 4117 peritiam
1494 4059 1578 4106 est
1603 4064 1890 4110 assecutus
1917 4070 2041 4125 qua:

456 4136 643 4191 caeteri
685 4135 860 4188 multo
913 4143 1159 4206 tempore
1196 4145 1250 4191 et
1283 4137 1468 4194 labore
1522 4140 1742 4197 discunt
1773 4160 1802 4197 a
1834 4160 2039 4214 praece-

459 4227 730 4298 ptoribus.
785 4224 836 4279 ls
867 4238 999 4294 ergo
1044 4226 1352 4281 studiorum
1397 4240 1747 4287 externorum
1804 4249 2042 4304 occupa-

460 4320 642 4374 tiones
699 4327 1048 4387 aspernatus,
1093 4325 1146 4372 et
1183 4319 1462 4389 ingenium
1516 4322 1582 4375 ad
1617 4339 1808 4380 omnes
1867 4327 2041 4381 bonas

2133 3155 2231 3192 σαν
2259 3137 2355 3208 τὴν
2377 3138 2711 3210 ὑψηλοτέραν
2740 3141 2914 3211 ἤγαγε
2953 3141 3252 3205 παίδευσιν,
3277 3145 3385 3205 τοῖς
3413 3144 3577 3212 ἱεροῖς
3596 3143 3706 3195 τῶν

2135 3228 2471 3298 μαθημάτων
2523 3230 2587 3281 ἐκ
2621 3229 2830 3298 νηπίων
2878 3231 3040 3284 αὑτὸν
3095 3233 3442 3302 ἐνασκήσασα
3468 3272 3483 3295 ,
3516 3233 3593 3296 ὼς
3630 3233 3706 3303 μὴ

2132 3320 2310 3373 δοῦναι
2340 3323 2403 3388 τῇ
2432 3319 2574 3390 ψυχῇ
2605 3319 2797 3390 σχολὴν
2830 3321 2966 3390 πρός
3011 3339 3062 3374 τι
3089 3323 3197 3374 τῶν
3229 3323 3474 3392 ματαίων
3497 3324 3710 3376 ἐπικλι-

2133 3409 2311 3480 θῆναι.
2357 3409 2516 3463 Ἀλλά
2546 3411 2721 3464 πάντα
2746 3411 3009 3484 γενομένη
3042 3411 3118 3482 τῷ
3145 3414 3250 3483 νέῳ
3277 3454 3290 3476 ,
3318 3416 3499 3486 πατὴρ
3521 3456 3535 3477 ,
3562 3416 3710 3469 διδά-

2136 3501 2360 3565 σκαλος,
2393 3501 2767 3569 παιδαγωγὸς,
2803 3503 2985 3573 μήτηρ
3010 3546 3026 3566 ,
3081 3504 3288 3572 ἀγαθοῦ
3325 3507 3521 3570 παντὸς
3565 3507 3706 3577 σύμ-

2134 3593 2342 3656 ϐουλος,
2383 3591 2619 3646 τοιοῦτον
2654 3592 2814 3646 αὐτὸν
2848 3594 3250 3663 ἀπειργάσατο,
3281 3597 3355 3660 ὡς
3395 3598 3524 3667 πρὶν
3561 3600 3708 3663 ἐξελ-

2134 3680 2248 3735 θεῖν
2278 3680 2375 3751 τὴν
2419 3681 2630 3751 ἡλικίαν
2676 3681 2784 3734 τῶν
2837 3683 3039 3736 παίδων
3081 3685 3159 3738 ἔτι
3205 3688 3262 3738 ἐν
3305 3689 3603 3759 μειρακίῳ,
3634 3693 3702 3760 τῇ

2134 3771 2432 3842 ἀπαλότητι
2463 3775 2562 3843 τῆς
2600 3771 2815 3843 ἡλικίας
2859 3773 3121 3827 ἀνθοῦντα
3146 3816 3159 3836 ,
3199 3777 3335 3847 πρὸς
3369 3777 3460 3830 τὸν
3503 3778 3707 3848 ὑψηλὸν

2135 3864 2232 3935 τῆς
2263 3863 2576 3932 φιλοσοφίας
2606 3863 2805 3918 σκοπὸν
2837 3865 3161 3935 ἐπαρθῆναι.
3199 3868 3303 3920 Καί
3347 3885 3452 3921 τινι
3493 3869 3708 3939 φύσεως

2136 3955 2398 4026 εὐκληρίᾳ
2431 3954 2566 4025 πρὸς
2621 3957 2800 4008 πᾶσαν
2833 3955 3026 4026 τέχνην
3082 3957 3214 4011 ἰδίαν
3245 3959 3342 4029 τὴν
3393 3959 3479 4013 διὰ
3524 3962 3706 4032 χειρὸς

2136 4046 2532 4116 ἐνεργουμένην
2553 4046 2868 4116 ἐπιτηδείως
2891 4046 3030 4116 ἔχειν
3052 4087 3066 4113 ,
3087 4048 3163 4112 ὡς
3188 4050 3412 4120 μηδενὸς
3439 4051 3709 4121 καθηγουο

2141 4135 2302 4206 μένου
2323 4177 2337 4199 ,
2373 4135 2459 4188 διὰ
2490 4137 2666 4205 πάσης
2698 4138 2981 4207 ἀκριϐείας
3021 4139 3248 4194 ἑκάστου
3276 4142 3374 4210 τὴν
3400 4143 3708 4214 ἐπιστήμην

2139 4226 2559 4296 κατωρθωκέναι
2583 4269 2598 4292 ,
2649 4222 2724 4282 ὧν
2763 4229 2938 4301 χρόνῳ
2987 4232 3081 4284 καὶ¹
3117 4233 3264 4304 πόνῳ
3294 4237 3407 4298 τοῖς
3436 4236 3647 4300 πολλοῖς
3674 4239 3708 4307 ἡ

2144 4316 2375 4388 μάθησις
2401 4317 2624 4385 γίνεται.
2665 4314 2829 4382 Οὗτος
2855 4321 3030 4374 τοίνυν
3060 4322 3162 4392 τῆς
3189 4323 3319 4394 περὶ
3352 4326 3479 4388 τοὺς
3513 4327 3711 4392 ἔξωθεν

461 4409 786 4480 disciplinas
823 4409 1204 4479 percipiendas
1232 4421 1413 4479 aptum
1449 4412 1676 4477 habens,
1710 4431 2029 4487 semperque

2135 4407 2243 4461 τῶν
2274 4407 2446 4476 λόγων
2473 4409 2724 4478 ἀσχολίας
2757 4409 3024 4483 ὑπεριδὼν
3051 4449 3064 4474 ,
3093 4413 3279 4483 ἱκανὴν
3307 4413 3364 4466 δὲ
3392 4413 3708 4470 διδάσκαλον

463 4501 767 4570 respiciens
803 4499 871 4553 ad
924 4513 1193 4564 sororem,
1224 4515 1388 4569 quam
1422 4501 1529 4556 sibi
1582 4512 1836 4572 tanquam
1868 4509 2037 4564 totius

461 4592 589 4646 boni
645 4605 872 4661 scopum
930 4599 1319 4660 proposuerat,
1344 4607 1440 4646 eos
1493 4593 1558 4646 ad
1594 4595 1848 4650 virtutem
1907 4613 2036 4667 pro-

463 4698 686 4754 gressus
711 4681 859 4746 fecit,
899 4691 956 4736 ut
1003 4683 1056 4737 in
1089 4682 1302 4753 reliqua
1334 4683 1442 4736 vita
1471 4699 1670 4754 magno
1694 4687 1897 4742 Basilio
1928 4691 2038 4742 vir-

464 4775 601 4830 tutis
653 4774 966 4843 prmstantia
1019 4773 1190 4827 nihilo
1245 4771 1468 4828 inferior
1502 4774 1619 4830 fore
1651 4777 2035 4845 judicaretur:

465 4865 620 4920 Tunc
663 4871 844 4920 autem
889 4865 1064 4918 sorori
1111 4871 1164 4918 et
1208 4864 1369 4918 matri
1400 4874 1517 4919 erat
1568 4868 1742 4922 instar
1770 4871 2036 4936 omnium,

466 4969 517 5012 et
547 4971 652 5010 una
674 4972 799 5010 eum
839 4956 948 5011 illis
983 4955 1050 5010 ad
1076 4955 1376 5026 angelicam
1424 4957 1569 5010 illam
1625 4961 1790 5012 vitam
1817 4969 2040 5015 conten-

466 5050 651 5107 debat.

539 5227 672 5278 tlum
716 5231 898 5278 autem
951 5223 1102 5293 gravi
1152 5221 1388 5292 quodam
1421 5233 1664 5295 tempore
1705 5226 2045 5279 laboraretur

471 5317 653 5386 in0pia
673 5324 726 5371 et
751 5313 913 5380 fame,
938 5315 1204 5385 multique
1236 5313 1376 5368 fama
1408 5316 1779 5371 beneficentiae
1821 5317 2043 5370 excitati

474 5408 710 5477 undique
734 5406 1074 5461 confluerent
1116 5407 1181 5460 ad
1217 5422 1339 5461 eum
1376 5423 1679 5472 recessum,
1713 5423 1872 5478 quem
1902 5407 2049 5461 ineo-

475 5498 688 5563 Iebant;
731 5505 942 5550 tantum
997 5497 1267 5552 industria
1306 5513 1405 5553 sua
1453 5498 1786 5567 pauperibus
1813 5498 2048 5551 cibario-

475 5604 596 5644 rum
652 5589 1129 5656 subministravit,
1176 5597 1236 5643 ut
1293 5588 1698 5642 adventantium
1739 5588 2046 5658 frequentia

473 5675 631 5734 iocus
656 5675 766 5743 ille,
795 5692 902 5730 non
949 5677 1188 5732 solitudo
1212 5677 1491 5732 videretur
1531 5691 1674 5742 esse,
1707 5676 1802 5734 sed
1829 5678 2042 5734 civitas.

2139 4498 2337 4560 παντὸς
2368 4498 2573 4566 ἀγαθοῦ
2613 4499 2931 4570 μαθήματος
2981 4501 3079 4570 τὴν
3119 4503 3279 4571 φύσιν
3311 4503 3449 4574 ἔχων
3473 4547 3488 4569 ,
3535 4507 3620 4560 ἀεί
3650 4525 3711 4560 τε

2139 4587 2275 4659 πρὸς
2306 4587 2401 4659 τὴν
2427 4589 2662 4659 ἀδελφὴν
2688 4589 2896 4659 βλέπων
2922 4631 2937 4656 ,
2965 4593 3058 4644 καὶ
3091 4594 3289 4646 σκοπὸν
3327 4595 3534 4662 ἀγαθοῦ
3569 4615 3710 4651 παν-

2139 4681 2227 4745 τὸς
2252 4681 2464 4751 ἐκείνην
2508 4681 2854 4750 ποιούμενος,
2886 4685 2964 4746 εἰς
2993 4685 3242 4738 τοσοῦτον
3284 4689 3553 4742 ἐπέδωκεν
3579 4693 3713 4760 ἀρε-

2140 4773 2239 4841 τῆς
2279 4770 2414 4838 εἶδος
2437 4814 2452 4838 ,
2487 4773 2560 4835 ὡς
2596 4774 2760 4843 μηδὲν
2787 4775 3007 4830 ἔλαττον
3042 4777 3133 4830 τοῦ
3162 4779 3395 4847 μεγάλου
3432 4781 3716 4836 Βασιλείου

2141 4862 2314 4916 δοκεῖν
2354 4863 2495 4934 ἔχειν
2523 4867 2578 4917 ἐν
2607 4867 2718 4928 τοῖς
2744 4868 2862 4918 κατ’
2889 4867 3087 4938 ἀρετὴν
3123 4871 3528 4940 προτερήμασιν
3556 4874 3614 4923 ἐν
3643 4873 3719 4942 τῷ

2147 4949 2287 5022 μετά
2320 4952 2493 5006 ταῦτα
2517 4951 2633 5022 βίῳ.
2666 4953 2797 5007 Τότε
2822 4955 2878 5007 δὲ
2905 4957 3025 5008 ἀντὶ
3055 4957 3268 5010 πάντων
3300 4955 3365 5029 ἦν
3409 4960 3477 5030 τῇ
3513 4960 3716 5032 ἀδελφῇ

2143 5043 2236 5096 καὶ
2263 5045 2328 5113 τῇ
2360 5045 2545 5114 μητρὶ,
2597 5045 2869 5116 συνεργῶν
2901 5047 3089 5111 αὑταῖς
3115 5049 3249 5119 πρὸς
3281 5050 3376 5118 τὴν
3420 5051 3720 5122 ἀγγελικὴν

2144 5134 2359 5204 ἐκείνην
2395 5134 2558 5204 ζωήν.

2217 5227 2316 5288 ’Ός
2347 5243 2476 5278 ποτε
2520 5228 2613 5280 καὶ¹
2662 5229 2986 5299 σιτολειψίας
3031 5231 3273 5302 χαλεπῆς
3305 5237 3719 5306 γεγενημένης,

2147 5316 2238 5367 καὶ
2287 5314 2496 5367 πολλῶν
2549 5317 2882 5387 πανταχόθεν
2942 5321 3081 5374 κατά
3118 5321 3304 5391 φήμην
3342 5323 3440 5392 τῆς
3475 5325 3723 5389 εὐποιίας

2149 5407 2283 5474 πρὸς
2310 5406 2408 5476 τὴν
2439 5407 2691 5477 ἐσχατιὰν
2715 5448 2728 5471 ,
2767 5411 2823 5461 ἐν
2949 5410 3228 5482 κατῴκουν
3249 5454 3264 5478 ,
3315 5415 3681 5487 ἐπιρρεόντων
3703 5432 3722 5448 ⁶

2148 5496 2397 5550 τοσοῦτον
2421 5498 2486 5550 δι’
2518 5499 2766 5553 ἐπινοιῶν
2789 5503 2886 5564 τὰς
2912 5503 3117 5572 τροφὰς
3147 5505 3473 5560 ἐπλεόνασεν
3496 5549 3510 5572 ,
3547 5510 3624 5572 ὡς
3647 5508 3726 5579 τῷ

2150 5585 2343 5655 πλήθει
2378 5586 2484 5641 τῶν
2527 5589 2954 5656 ἐπιφοιτώντων,
3003 5593 3154 5645 πόλιν
3180 5591 3315 5648 εἷναι
3355 5598 3451 5665 τὴν
3491 5600 3724 5668 ἐρημίαν

2151 5677 2352 5732 δοκεῖνο
2399 5679 2455 5731 tv
2493 5678 2663 5750 τούτῳ
2715 5681 2794 5744 είς
2839 5681 3016 5751 γῆρας
3066 5683 3292 5756 λιπαρὸν
3327 5687 3659 5757 προελθοῦσα
3688 5689 3726 5761 ἡ
