4068 6154
438 361 546 418 975

1674 358 1762 413 DE
1799 355 1966 414 VITA
1996 357 2055 412 S.
2086 355 2441 411 MACRINIE.
2530 378 2535 383 η

3587 353 3692 410 974

442 480 626 550 μήτηρ
644 515 658 541 ,
691 477 827 548 πρὸς
858 478 947 533 τὸν
978 477 1110 531 Θεὸν
1140 477 1516 548 μετανίστατο,
1537 479 1593 530 ὲν
1631 478 1751 540 ταῖς
1775 476 2019 548 ἀμφοτέ-

2120 475 2343 532 Interim
2389 488 2557 530 senex
2582 471 2878 529 admodum
2938 479 3110 527 mater
3170 471 3226 526 in
3274 470 3565 542 utriusque
3600 473 3733 576 ﬁlii!

441 585 553 640 ρων
576 567 686 622 τῶν
723 568 926 620 τέκνων
957 568 1113 639 χερσὶ
1147 565 1237 620 τὸν
1267 566 1380 637 βίον
1409 566 1607 638 ἑαυτῆς
1633 564 2014 620 ἀναπαύσασα.

439 653 548 722 τΗς
585 657 735 722 ἀξιον
761 658 860 728 τὴν
890 658 988 729 τῆς
1016 657 1264 726 εὐλογίας
1295 657 1575 728 ἱστορῆσαι
1608 657 1825 728 φωνὴν,
1857 650 1891 732 ᾖ
1927 657 2020 711 ἐπὶ

438 747 546 801 τῶν
573 748 777 801 τέκνων
816 748 1106 818 ἐχρήσατο,
1129 745 1239 800 τῶν
1268 763 1328 799 τε
1370 746 1446 818 μὴ
1479 746 1760 818 παρόντων
1787 747 2017 801 ἑκάστου

439 838 579 894 κατά
624 839 685 892 τὸ
726 838 863 907 πρὸς
890 838 1043 907 φίλον
1090 838 1506 909 ἐπιμνησθεῖσα,
1533 838 1607 902 ὡς
1639 838 1775 909 μηδὲ
1798 839 1894 892 ἕνα
1926 854 2020 908 γε-

439 929 622 984 νέσθαι
668 929 769 1000 τῆς
817 928 1066 998 εὐλογίας
1105 929 1415 1001 ἀπόκληρον
1445 969 1459 992 ,
1516 930 1610 983 καί¹
1655 930 2020 1001 διαφερόντως

438 1022 565 1085 τοὺς
599 1020 872 1091 παρόντας
902 1021 1037 1093 αὐτῇ
1083 1020 1161 1092 τῷ
1200 1020 1319 1092 Θεῷ
1367 1020 1456 1074 διὰ
1501 1025 1809 1093 προσευχῆς
1846 1039 2021 1093 παρα-

443 1113 669 1183 θεμένη.
708 1111 1190 1182 Παρακαθημένων
1227 1112 1334 1184 γὰρ
1369 1110 1503 1182 αὐτῇ
1537 1112 1678 1165 κατὰ
1706 1111 1767 1165 τὸ
1794 1111 2020 1179 πλάγιον

442 1205 527 1274 ἐφ’
560 1204 792 1275 ἑκάτερα
841 1203 942 1273 τῆς
978 1203 1165 1273 κλίνης
1206 1202 1313 1256 τῶν
1360 1203 1456 1257 δύο
1502 1204 1706 1256 τούτων
1731 1244 1745 1268 ,
1785 1204 2021 1276 ἑκατέρᾳ

442 1296 585 1368 χειρὶ
634 1294 960 1365 ἐφαψαμένη
991 1294 1100 1348 τῶν
1131 1293 1335 1350 τέκνων
1359 1337 1373 1361 ,
1403 1294 1576 1349 ταῦτα
1607 1295 1740 1365 πρὸς
1767 1296 1857 1349 τὸν
1889 1295 2022 1349 Θεὸν

440 1385 593 1442 εἶπεν
618 1388 677 1441 ὲν
697 1386 1034 1451 τελευταίαις
1060 1389 1283 1456 φωναῖς·
1320 1404 1340 1438 ι
1362 1387 1473 1451 Σοὶ,
1502 1386 1695 1459 Κύριε,
1724 1388 1819 1441 καὶ
1840 1388 2022 1459 ἀπάρ-

439 1495 605 1549 χομαι
637 1516 653 1541 ,
689 1479 785 1532 καὶ
831 1477 1149 1532 ἀποδεκατῶ
1206 1477 1298 1535 τὸν
1359 1480 1569 1551 καρπὸν
1630 1481 1736 1534 τῶν
1792 1481 2018 1537 ὠδίνων.

451 1571 697 1642 Ἀπαρχή
732 1588 821 1641 μοι
873 1573 906 1641 ή
958 1569 1301 1642 πρωτότοκος
1341 1571 1528 1643 αὕτη,
1562 1572 1656 1626 καὶ
1706 1572 2022 1637 ὲπιδέκατος

437 1657 592 1726 οὗτος
630 1663 665 1733 ἡ
710 1661 993 1716 τελευταία
1020 1662 1166 1727 ὠδίς.
1197 1664 1287 1716 Σοὶ
1325 1663 1381 1716 δὲ
1409 1664 1708 1736 ἀφιέρωται
1748 1665 1898 1736 παρά
1927 1665 2021 1720 τοῦ

439 1755 604 1825 νόμου
633 1754 890 1826 ἑκάτερα,
924 1754 1019 1808 καὶ
1046 1754 1117 1809 σά
1143 1757 1289 1807 ἐστιν
1315 1755 1659 1826 ἀναθήματα.
1698 1755 1906 1810 Οὐκοῦν
1935 1756 2021 1809 ἐλ-

440 1824 522 1897 θοι
561 1845 589 1897 6
629 1824 901 1913 ἁγιασμὸς
939 1842 1031 1897 ἐπί
1065 1860 1126 1897 τε
1172 1844 1273 1915 τὴν
1316 1824 1506 1916 ἀρχήν
1532 1861 1633 1915 μου
1660 1843 1893 1915 ταύτην,
1927 1844 2022 1898 καὶ
2052 1824 2094 1878 Β

439 1936 530 1988 ἐπὶ
550 1935 610 1989 τὸ
641 1935 955 1989 ἐπιδέκατον
982 1932 1138 1988 τοῦτο
1157 1951 1170 1964 ·
1193 1953 1211 1986 ι
1245 1934 1466 2002 δείξασα
1486 1938 1603 1999 ταῖς
1628 1937 2021 2001 ἐπιδεικτικαῖς

439 2028 644 2095 φωναῖς
683 2028 781 2098 τὴν
835 2026 1110 2097 θυγατέρα
1168 2027 1263 2081 καὶ
1299 2027 1390 2081 τὸν
1440 2027 1622 2081 παῖδα.
1679 2029 1743 2082 Ἦ
1793 2028 1891 2099 μὲν
1927 2023 2021 2082 οὖν

436 2119 531 2172 τοῦ
556 2119 795 2187 εὐλογεῖν
821 2118 1170 2190 παυσαμένη,
1197 2118 1291 2172 καὶ
1320 2117 1413 2172 τοῦ
1457 2118 1555 2190 ζῇν
1585 2118 1882 2184 ἐπαύσατο,
1907 2121 2020 2184 τοῖς

438 2211 630 2265 παισὶν
662 2210 1011 2282 ὲπισκήῲασα
1034 2210 1096 2264 τὸ
1122 2213 1188 2283 τῇ
1223 2211 1452 2282 πατρῴᾳ
1490 2210 1634 2283 σορῷ
1667 2211 1759 2265 καὶ
1785 2211 1849 2264 τὸ
1877 2209 2020 2264 ὲκεί-

434 2320 536 2372 νης
581 2301 937 2356 ὲναποθέσθαι
983 2300 1162 2371 σῶμα.
1198 2302 1259 2355 Οἱ
1292 2302 1348 2354 δὲ
1382 2301 1767 2374 πληρώσαντες
1804 2300 1867 2354 τὸ
1905 2300 2019 2354 δια-

435 2394 808 2462 τεταγμένον,
860 2392 1193 2465 ὑψηλότερον
1247 2394 1454 2465 εἴχοντο
1506 2394 1609 2464 τῆς
1667 2393 2015 2462 φιλοσοφίας,

436 2484 523 2537 ἀεὶ
580 2481 717 2554 πρὸς
779 2482 872 2537 τὸν
938 2483 1067 2539 ῖδιον
1117 2485 1532 2555 διαμιλλώμενοι
1591 2484 1741 2554 βίον,
1806 2484 1899 2539 καὶ
1948 2485 2017 2539 τὰ

437 2574 717 2644 φθάσαντα
774 2576 884 2629 τῶν
942 2576 1381 2648 κατορθωμάτων
1450 2578 1563 2638 τοῖς
1619 2575 1816 2646 ἑφεξῆς
1875 2576 2014 2628 ἀπο-

436 2667 791 2740 κρύπτοντες.

519 2760 608 2814 Ἐν
647 2759 822 2831 τούτῳ
854 2762 882 2813 6
919 2761 1086 2823 πολὺς
1118 2762 1175 2815 έν
1205 2761 1379 2830 ἁγίοις
1409 2760 1686 2824 Βασίλειος
1711 2761 1809 2832 τῆς
1845 2760 2016 2832 μεγά-

435 2848 535 2923 λης
561 2852 884 2922 Καισαρέων
922 2852 1244 2923 Ἐκκλησίας
1274 2852 1554 2925 ἀνεδείχθη
1588 2854 1898 2925 προστάτης
1917 2871 1928 2883 ·
1957 2852 2017 2917 ὃς

437 2942 530 2994 ἐπὶ
569 2942 659 2995 τὸν
700 2942 900 3012 κλῆρον
941 2942 1039 3013 τῆς
1072 2943 1130 2995 ὲν
1163 2942 1241 3014 τῷ
1279 2944 1688 3016 πρεσϐυτερείῳ
1719 2942 2016 3016 ἱερωσύνης

434 3035 526 3088 τδν
573 3033 799 3103 ἀδελφὺν
863 3033 1006 3102 ἄγει,
1048 3037 1168 3090 ταῖς
1220 3038 1507 3105 μυστικαῖς
1556 3035 1750 3090 ἑαυτοῦ
1806 3036 2016 3108 ἱερουρ-

433 3124 581 3192 γίαις
608 3122 938 3193 ἀφιερώσας.
970 3122 1081 3175 Καὶ
1114 3123 1172 3174 ἐν
1211 3122 1385 3192 τούτῳ
1420 3123 1583 3176 πάλιν
1612 3124 1795 3187 αὐτοῖς
1835 3122 1928 3176 ἐπὶ
1956 3121 2017 3176 τὸ
2043 3154 2087 3212 c

438 3215 758 3288 σεμνότερόν
786 3232 845 3268 τε
871 3215 967 3268 καὶ
992 3214 1287 3284 ἀγιώτερον
1317 3215 1510 3286 προῄει
1535 3217 1564 3268 6
1589 3215 1703 3285 βίος
1728 3256 1743 3278 ,
1771 3217 1838 3287 τῇ
1870 3217 2020 3287 ἱερω-

437 3307 571 3377 σύνῃ
603 3305 701 3375 τῆς
754 3303 1072 3373 φιλοσοφίας
1102 3302 1520 3374 ὲπαυξηθείσης.
1574 3304 1747 3358 Ὀκτὼ
1789 3305 1845 3358 δὲ
1882 3305 2019 3377 μετά

433 3396 593 3452 τοῦτο
619 3394 1016 3465 διαγενομένων
1067 3394 1207 3447 ἐτῶν
1232 3434 1247 3460 ,
1282 3393 1361 3465 τῷ
1412 3396 1615 3465 ὲννάτῳ
1665 3395 1898 3468 ἐνιαυτῷ
1926 3436 1942 3460 ,
1989 3397 2018 3450 6

435 3488 578 3543 κατὰ
610 3490 788 3542 πᾶσαν
816 3489 915 3560 τὴν
944 3487 1268 3559 οἰκουμένην
1300 3487 1597 3557 ὀνομαστὸς
1634 3488 1934 3554 Βασίλειος,
1959 3488 2018 3557 ἐξ

435 3579 737 3651 ἀνθρώπων
783 3580 920 3651 πρὸς
956 3580 1047 3634 τὸν
1077 3578 1211 3633 Θεὸν
1241 3579 1603 3650 μετοικίζεται
1631 3618 1647 3645 ,
1684 3579 1838 3650 κοινὴ
1862 3580 2016 3634 ,πέν-

436 3669 562 3735 θους
600 3671 822 3744 ἀφορμὴ
860 3672 926 3742 τῇ
962 3669 1185 3743 πατρίδι
1231 3670 1327 3723 καὶ
1357 3674 1422 3743 τῇ
1468 3670 1761 3742 οἰκουμένῃ
1787 3669 2015 3740 γενόμε-

435 3778 542 3825 νος.
578 3763 642 3815 Ἠ
670 3763 727 3816 δὲ
764 3761 1048 3834 πόρρωθεν
1086 3763 1151 3815 ὲκ
1194 3763 1383 3832 φήμης
1419 3759 1701 3814 ἀκούσασα
1735 3761 1836 3827 τὴν
1880 3778 2019 3832 συμ-

434 3855 629 3926 φορὰν,
669 3854 840 3909 ἔπαθε
886 3854 985 3925 μὲν
1016 3853 1115 3926 τὴν
1153 3851 1329 3925 ψυχὴν
1357 3853 1450 3907 ἐπὶ
1482 3855 1548 3926 τῇ
1576 3853 1813 3924 τοσαύτῃ
1846 3851 2018 3925 ζημίᾳ

435 3947 577 4017 (πῶς
604 3947 713 4018 γὰρ
738 3948 839 4002 οὐκ
867 3946 1091 4018 ἔμελλεν
1130 3945 1398 4001 ἅπτεσθαι
1432 3945 1691 4016 κάκείνης
1719 3945 1783 3999 τὸ
1823 3944 2016 4010 πάθος,

433 4030 494 4092 οὗ
524 4038 618 4091 καὶ
641 4040 689 4090 οἱ
718 4037 900 4108 ἐχθροὶ
937 4038 1039 4108 τῆς
1064 4036 1322 4108 ἀληθείας
1352 4036 1674 4108 ὲπῂσθοντω
1698 4037 1739 4108 )'
1765 4035 2019 4107 καθάπερ

433 4130 491 4183 δὲ
517 4130 617 4201 τὴν
653 4129 748 4182 τοῦ
778 4127 976 4201 χρυσοῦ
1004 4145 1136 4198 φασι
1169 4128 1493 4198 δοκιμασίαν
1526 4130 1584 4181 ἐν
1623 4127 1898 4199 διαφόροις
1929 4127 2018 4197 γί-

434 4223 619 4277 νεσθαι
647 4222 1034 4294 χωνευτηρίοις
1055 4262 1070 4287 ,
1104 4221 1182 4284 ὡς
1205 4221 1265 4274 εί-
1290 4237 1342 4273 τι
1377 4219 1475 4292 τὴν
1518 4219 1742 4296 πρώτην
1767 4218 2019 4291 διαφύγοι

434 4316 663 4387 χωνείαν
689 4354 704 4379 ,
748 4319 806 4369 ὲν
843 4316 909 4385 τῇ
959 4311 1189 4383 δευτέρᾳ
1225 4309 1603 4382 διακριθῆναι,
1641 4310 1736 4364 καὶ
1768 4310 1927 4365 πάλιν
1960 4310 2019 4363 ἐν

433 4409 499 4478 τῇ
529 4405 811 4476 τελευταίᾳ
844 4405 1021 4459 πάντα
1052 4403 1142 4456 τὸν
1174 4401 1589 4473 ὲμμεμιγμένον
1620 4401 1790 4473 ῥύπον
1820 4404 1885 4472 τῇ
1916 4399 2019 4474 ὕλῃ

2118 566 2374 621 manibus
2415 565 2693 628 moriens,
2725 564 2979 634 migravit
3016 562 3083 618 ad
3120 560 3311 618 Deum.
3360 561 3533 633 Cujus
3576 579 3698 635 quae

2116 655 2525 711 benedictionis
2553 670 2657 709 vox
2718 653 2885 709 fuerit
2938 654 3109 716 illius,
3144 668 3254 725 qua
3297 668 3427 725 erga
3491 654 3699 710 liberos

2118 761 2218 802 usa
2249 755 2813 810 est,commemorare
2851 761 2959 800 non
2992 746 3099 801 erit
3121 746 3380 801 alienum.
3415 745 3550 799 Nam
3571 761 3698 802 cum

2120 838 2188 894 de
2218 837 2541 893 absentibus
2566 836 2885 909 singulatim
2914 845 3161 893 amanter
3189 838 3520 893 mentionem
3550 837 3699 903 fecit,

2120 939 2181 984 ut
2222 928 2409 984 nullus
2461 936 2608 983 esset
2660 943 2860 999 expers
2893 928 3293 984 benedictionis
3326 948 3339 983 :
3370 940 3509 983 .tum
3558 944 3699 998 prae-

2121 1021 2279 1090 cipue
2326 1028 2628 1091 praesentes
2663 1020 2784 1090 ipsa
2837 1019 3096 1090 precibus
3148 1020 3263 1076 suis
3317 1020 3519 1075 obtulit
3566 1019 3697 1075 Deo.

2121 1110 2335 1166 Etenim
2383 1126 2509 1167 cum
2552 1111 2603 1167 ei
2653 1126 2717 1166 ex
2772 1119 3007 1181 utraque
3054 1118 3212 1180 parte
3265 1110 3451 1165 lectuli
3481 1110 3700 1166 adversi

2121 1199 2452 1270 assiderent,
2489 1202 2660 1258 altera
2714 1217 2880 1257 manu
2913 1210 3210 1271 utrumque
3258 1210 3524 1272 tangens,
3548 1201 3701 1256 hisce

2123 1295 2306 1349 verbis
2364 1293 2658 1365 postremis
2705 1291 2879 1346 Deum
2916 1291 3155 1346 allocuta
3189 1300 3274 1346 est
3304 1306 3317 1342 :
3358 1308 3378 1341 ι
3413 1289 3563 1357 Tibi,
3594 1289 3703 1344 Do-

2123 1388 2288 1449 mine,
2311 1394 2365 1441 et
2395 1386 2670 1456 primitias
2693 1393 2746 1440 et
2768 1383 3057 1440 decumam
3087 1384 3214 1438 dico
3248 1374 3523 1438 fructuum
3561 1385 3701 1439 uteri

2122 1480 2248 1534 mei.
2291 1477 2665 1532 Primitiarum
2718 1478 2864 1533 enim
2919 1476 3102 1532 locum
3146 1476 3262 1531 haec
3314 1476 3449 1530 mihi
3491 1477 3701 1531 obtinet

2122 1570 2523 1641 primogenita,
2563 1571 2811 1625 decumae
2838 1584 2971 1626 vero
3019 1578 3299 1625 extremus
3331 1568 3422 1623 hic
3455 1569 3700 1624 decimus

2124 1659 2291 1716 ﬁlius.
2322 1659 2445 1715 Tibi
2499 1670 2681 1715 autem
2738 1660 2854 1731 lege
2908 1668 3142 1731 utraque
3190 1661 3479 1727 debentur,
3515 1668 3569 1716 et
3607 1667 3699 1715 tua

2125 1761 2254 1807 sunt
2284 1767 2536 1807 munera.
2574 1751 2633 1806 In
2684 1752 2829 1807 hanc
2878 1752 3046 1824 igitur
3072 1752 3490 1823 primogenitam
3522 1769 3698 1809 meam

2121 1852 2176 1900 et
2227 1845 2372 1901 hunc
2426 1844 2700 1900 decimum
2766 1844 2950 1900 veniat
3004 1846 3699 1915 sanctimonia»,oratione

2122 1937 2413 2007 perspicua
2470 1937 2768 2008 designans
2798 1944 2852 1991 et
2882 1935 3049 1991 ﬁliam
3082 1944 3139 1993 et
3193 1937 3389 1992 ﬁlium.
3418 1938 3494 1991 Ita
3521 1946 3577 1993 et
3606 1937 3701 1993 be-

2121 2028 2423 2084 nedictioni
2458 2038 2513 2085 et
2545 2030 2671 2084 vitae
2724 2028 2884 2083 ﬁnem
2935 2029 3151 2095 statuit,
3178 2044 3302 2084 cum
3338 2031 3491 2099 prius
3537 2044 3698 2082 man—

2121 2119 2310 2177 dasset
2330 2120 2458 2178 ﬁliis
2484 2132 2543 2176 ut
2566 2137 2626 2177 se
2650 2122 2704 2176 in
2739 2114 3055 2194 sepulcrum
3078 2129 3367 2193 paternum
3397 2120 3695 2175 inferrent:

2122 2210 2176 2264 id
2205 2211 2285 2283 illi
2311 2213 2390 2266 uti
2418 2211 2561 2281 jussi
2598 2211 2819 2267 fuerant
2870 2227 2996 2269 cum
3030 2212 3444 2283 praestitissent,
3477 2212 3535 2265 in
3570 2212 3699 2266 reli-

2118 2317 2291 2373 quum
2350 2309 2567 2373 tempus
2632 2302 2700 2357 ad
2756 2305 3039 2375 sapientiae
3102 2303 3423 2376 fastigium,
3484 2319 3700 2373 semper

2119 2409 2245 2448 cum
2298 2402 2550 2450 anteacta
2599 2395 2713 2451 vita
2766 2403 3094 2466 pugnantes,
3138 2405 3194 2451 et
3227 2397 3503 2467 praeterita
3536 2396 3701 2452 bene-

2117 2484 2264 2540 facta
2322 2486 2732 2556 posterioribus
2767 2503 3031 2560 superare
3064 2489 3352 2545 studentes
3398 2490 3701 2545 contende-

2116 2575 2268 2631 bant.

2186 2758 2400 2816 Interea
2454 2759 2683 2830 insignis
2741 2758 2884 2815 inter
2939 2769 3161 2817 sanctos
3196 2761 3701 2834 Basilius,magn:n

2117 2851 2381 2907 Caesareae
2409 2853 2722 2908 declaratus
2746 2862 2833 2908 est
2871 2854 3123 2920 antistes,
3148 2864 3204 2908 et
3247 2854 3495 2925 mysticis
3523 2857 3699 2909 sacri-

2118 2943 2257 2999 ﬁciis
2279 2944 2395 3000 suis
2412 2943 2639 2999 fratrem
2668 2960 3024 3012 consecrans,
3046 2946 3113 3000 ad
3138 2960 3353 3001 sacram
3377 2946 3699 3017 presbyterii

2116 3035 2434 3108 dignitatem
2487 3040 2758 3108 provexit.
2806 3038 2984 3108 Atque
3049 3038 3139 3094 hic
3193 3054 3387 3096 rursus
3442 3041 3525 3097 eis
3572 3041 3702 3096 vita

2118 3145 2315 3185 cursus
2346 3131 2412 3183 ad
2439 3130 2691 3201 graviora
2743 3131 3129 3202 sanctioraque
3178 3131 3548 3202 dirigebatur,
3575 3148 3701 3189 cum

2125 3221 2418 3278 sacerdotii
2467 3221 2709 3291 dignitas
2743 3223 3025 3294 sapientiae
3060 3223 3357 3293 conjuncta
3395 3225 3579 3280 studio
3606 3241 3701 3280 cu-

2124 3313 2448 3369 mularetur.
2503 3313 2633 3369 Post
2683 3321 2864 3370 autem
2917 3316 3080 3372 annis
3140 3324 3265 3372 octo
3302 3319 3599 3373 transactis
3648 3327 3703 3372 et

2121 3419 2268 3460 nono
2301 3404 2559 3461 inchoato
2590 3420 2686 3475 per
2725 3413 2903 3460 totum
2950 3407 3138 3463 orbem
3175 3408 3568 3465 celeberrimus
3598 3409 3701 3464 Ba-

2122 3493 2283 3549 silius
2311 3494 2378 3549 ab
2402 3493 2718 3549 hominibus
2746 3496 2812 3549 ad
2837 3494 3005 3550 Deum
3037 3500 3335 3564 concessit,
3356 3513 3701 3554 communem

2120 3580 2311 3650 patriae
2333 3586 2386 3632 et
2406 3576 2671 3634 Ecclesiae
2693 3580 2873 3638 luctus
2889 3584 3238 3639 occasionem
3258 3586 3529 3655 przebens.
3548 3585 3702 3642 Halm

2120 3669 2490 3724 calamitatem
2536 3686 2661 3725 cum
2714 3672 2781 3727 ad
2827 3671 3126 3729 Macrinam
3160 3691 3353 3732 rumor
3391 3676 3698 3741 detulisset,

2120 3758 2306 3813 animo
2341 3758 2431 3811 illa
2465 3758 2685 3829 quidem
2721 3775 2833 3816 non
2869 3762 3045 3832 potuit
3094 3764 3151 3819 in
3187 3773 3340 3819 tanto
3369 3766 3704 3824 detrimento

2119 3864 2231 3904 non
2264 3851 2600 3906 commoveri
2632 3869 2646 3905 :
2682 3853 2800 3923 (qui
2852 3853 2995 3909 enim
3040 3870 3286 3911 sororem
3313 3872 3421 3912 non
3457 3866 3705 3930 tangeret

2121 3945 2275 4000 dolor
2295 3960 2406 4016 quo
2454 3947 2558 4016 ipsi
2599 3962 2818 4018 quoque
2849 3948 3056 4005 inimici
3087 3950 3465 4008 adiciebantur
3487 3954 3532 4026 ί)
3564 3964 3704 4011 atta-

2120 4050 2245 4092 men
2274 4043 2334 4091 ut
2361 4052 2555 4093 aurum
2590 4039 2827 4095 diversis
2855 4041 3010 4095 aiunt
3060 4040 3380 4102 fornacibus
3405 4047 3701 4117 explorari,

2122 4136 2182 4182 ut
2230 4128 2279 4183 si
2325 4129 2555 4199 primam
2603 4132 2865 4201 evaserit,
2908 4134 2963 4188 in
3017 4134 3190 4190 altera
3244 4137 3612 4207 adjudicetur,
3647 4151 3705 4195 et

2120 4232 2343 4274 rursum
2385 4219 2440 4275 in
2479 4229 2723 4276 extrema
2761 4236 2953 4278 omnes
2977 4222 3099 4293 ejus
3126 4227 3370 4282 materiae
3400 4231 3705 4284 commista:

2121 4309 2316 4366 sordes
2362 4311 2666 4367 cluantur:
2713 4314 3045 4385 exquisitum
3095 4327 3275 4373 autem
3333 4320 3523 4388 optimi
3582 4321 3703 4375 auri

2122 4402 2387 4459 indicium
2409 4420 2554 4473 esse,
2581 4408 2626 4463 si
2663 4422 2761 4478 per
2787 4423 2979 4466 omnes
3006 4410 3285 4466 transiens
3316 4410 3451 4463 nihil
3485 4411 3706 4465 emittat

434 4498 902 4571 ἀποκαθαίρεσθαι
920 4514 935 4528 ’
963 4499 1061 4569 τὴν
1104 4498 1162 4551 δὲ
1191 4495 1588 4568 ἀκριϐεστέραν
1617 4491 1757 4550 εἶναι
1788 4494 2017 4565 βάσανον

2122 4495 2407 4552 sordium:
2444 4499 2525 4554 sic
2569 4499 2619 4555 ei
2672 4501 2943 4574 contigit,
2975 4509 3037 4557 ut
3096 4502 3266 4556 variis
3325 4501 3702 4556 molestiarum

344 4652 357 4663 _
435 4590 527 4645 τοῦ
551 4590 775 4661 δοκίμου
808 4589 1010 4660 χρυσοῦ
1038 4627 1052 4651 ,
1139 4588 1227 4642 διὰ
1262 4586 1442 4658 πάσης
1476 4585 1773 4663 διεξελθὼν
1793 4586 2022 4658 χωνείας

439 4681 641 4753 μηδένα
694 4679 862 4751 ῥύπον
918 4680 1303 4749 ἀποποιήσειε·
1357 4678 1602 4733 τοιοῦτόν
1657 4695 1710 4732 τι
1766 4662 1866 4732 καὶ
1932 4678 2021 4731 ἐπ’

436 4772 651 4842 ἐκείνης
698 4770 893 4841 συνέϐη
918 4787 931 4800 ·
956 4772 1076 4832 ταῖς
1105 4770 1382 4842 διαφόροις
1429 4768 1537 4824 τῶν
1566 4769 1825 4841 λυπηρῶν
1852 4785 2021 4840 προσ-

436 4861 618 4923 ϐολαῖς
656 4861 754 4930 τῆς
784 4860 993 4928 ὑψηλῆς
1039 4860 1274 4923 διανοίας
1307 4858 1729 4930 βασανισθείσης
1755 4900 1771 4924 ,
1808 4876 2019 4914 πανταε-

2125 4588 2353 4645 casibus
2370 4591 3008 4664 explorata,praestantis
3033 4594 3180 4649 illius
3209 4593 3374 4648 animi
3404 4595 3702 4665 probitate,

2123 4679 2263 4735 nihil
2310 4698 2550 4752 unquam
2580 4684 2635 4738 in
2689 4700 2754 4739 ea
2784 4684 3021 4749 sordidi,
3052 4684 3188 4738 nihil
3222 4685 3516 4740 adulterini
3550 4702 3707 4757 repe-

2126 4771 2352 4829 riretur.
2375 4774 2454 4827 Ac
2480 4775 2661 4844 primo
2691 4776 2908 4845 quidem
2945 4777 3247 4846 periculum
3289 4776 3491 4832 factum
3525 4777 3707 4833 fuerat

2124 4863 2181 4919 in
2211 4865 2366 4920 obitu
2397 4867 2625 4922 alterius
2663 4867 2851 4925 fratris
2882 4888 2894 4924 :
2932 4868 3131 4926 deinde
3158 4871 3216 4925 in
3266 4872 3461 4927 matris
3490 4871 3700 4934 funere,

439 4939 594 5023 χόθεν
632 4950 1015 5020 ἀναδειχθῆναι
1061 4950 1122 5002 τὸ
1175 4951 1272 5021 τῆς
1310 4951 1492 5022 ψυχῆς
1540 4951 1925 5022 ἀκιϐδήλευτόν
1959 4968 2018 5005 τε

2127 4957 2292 5013 tertio
2312 4958 2536 5028 quando
2562 4974 2853 5016 commune
2881 4963 3099 5033 generis
3127 4962 3298 5018 decus
3327 4961 3569 5018 Basilius
3611 4962 3704 5018 de-

438 5044 532 5099 καὶ
564 5041 951 5096 ἀταπείνωτον.
986 5040 1257 5112 Πρότερον
1306 5043 1405 5113 μὲν
1455 5044 1513 5098 ὲν
1566 5045 1631 5114 τῇ
1666 5042 1760 5096 τοῦ
1790 5043 2019 5113 ἀδελφοῦ

2127 5048 2315 5103 cessit.
2347 5048 2507 5103 Stetit
2536 5050 2726 5122 igitur,
2762 5060 3023 5122 tanquam
3066 5053 3306 5108 invictus
3346 5053 3518 5124 pugil,
3551 5053 3707 5108 nullo

439 5135 531 5190 τοῦ
556 5136 715 5191 ἄλλου
740 5134 1067 5205 μεταστάσει
1089 5149 1101 5162 ·
1130 5134 1267 5202 μετά
1287 5132 1456 5187 ταῦτα
1482 5133 1538 5187 δὲ
1567 5137 1625 5186 ὲν
1652 5133 1728 5205 τῷ
1756 5134 2019 5208 χωρισμῷ

2126 5140 2500 5195 calamitatum
2529 5143 2733 5215 impetu
2775 5145 3065 5202 labefacta.

439 5233 538 5301 τῆς
571 5231 777 5302 μητρός
797 5247 810 5261 ·
853 5230 917 5282 ἐκ
949 5229 1130 5301 τρίτου
1161 5229 1218 5282 δὲ
1239 5269 1252 5293 ,
1278 5230 1366 5282 ὅτε
1400 5229 1461 5282 τὸ
1494 5232 1669 5283 κοινὸν
1695 5230 1792 5301 τῆς
1831 5233 2025 5299 γενεᾶς
2060 5233 2244 5299 καλὸν,
2278 5238 2307 5289 6
2341 5236 2515 5307 μέγας
2536 5239 2833 5306 Βασίλειος,
2863 5240 2960 5310 τῆς
2999 5238 3347 5314 ἀνθρωπίνης
3386 5240 3532 5314 ζωῆς
3568 5242 3705 5312 exto-

444 5327 641 5397 ρίζετο.
679 5326 902 5396 Ἔμεινε
928 5322 1132 5388 τοίνυν,
1168 5322 1418 5393 καθάπερ
1453 5340 1536 5387 τις
1564 5323 1801 5396 ἀθλητὴς
1826 5325 2289 5395 ἀκαταγώνιστος,
2328 5330 2561 5402 οὐδαμοῦ
2598 5334 2665 5403 τῇ
2701 5332 2970 5406 προσϐολῇ
3036 5334 3146 5387 τῶν
3212 5335 3507 5407 συμφορῶν
3564 5335 3703 5389 ἀπο-

439 5418 710 5472 κλάσασα.

514 5514 772 5575 Ἔννατος
807 5509 874 5583 ἦν
920 5511 1058 5583 μετὰ
1097 5508 1158 5563 τὸ
1188 5509 1358 5572 πάθος
1399 5510 1557 5564 τοῦτο
1589 5510 1725 5582 μὴν,
1756 5511 1790 5584 ἢ
1825 5512 2019 5583 μικρὸν

2193 5509 2324 5565 Erat
2382 5519 2507 5581 post
2558 5510 2701 5566 hanc
2748 5495 3021 5580 jacturam
3079 5528 3260 5571 nonus
3313 5519 3557 5584 mensis,
3608 5529 3706 5575 aut

442 5603 582 5672 ὑπὲρ
607 5601 762 5654 τοῦτο
785 5643 798 5665 ,
824 5603 917 5654 xui.
942 5599 1157 5663 σύνοδος
1179 5600 1493 5653 ἐπισκόπων
1518 5602 1659 5654 κατά
1680 5602 1779 5672 τὴν
1815 5602 2019 5655 Ἀντιό-

2123 5605 2287 5675 paulo
2301 5603 2698 5673 amplius,cum
2715 5604 3098 5673 episcoporum
3117 5605 3411 5661 concilium
3438 5609 3703 5664 indictum

441 5710 537 5765 χου
578 5693 731 5772 πόλιν
768 5691 1050 5764 ἡθροίζετο
1072 5734 1087 5758 ,
1122 5687 1189 5763 ἧς
1220 5691 1311 5744 καὶ
1339 5693 1499 5763 ἡμεῖς
1534 5692 1882 5765 μετέσχομεν.
1910 5694 2020 5749 Καὶ

2122 5706 2206 5750 eSt
2238 5693 2566 5760 Antiochim,
2595 5693 2683 5748 cui
2719 5707 2821 5748 nos
2855 5693 2982 5748 item
3010 5693 3386 5752 interfuimus.
3413 5696 3519 5755 Sed
3551 5707 3705 5769 post-

436 5783 631 5857 ἐπειδὴ
666 5782 827 5838 πάλιν
857 5782 992 5852 πρὸς
1025 5783 1120 5855 τὴν
1155 5783 1348 5837 ἑαυτοῦ
1388 5784 1617 5848 ἕκαστος
1647 5782 2018 5857 ἀπελύθημεν,

2123 5802 2353 5857 cuquam
2401 5786 2624 5842 domum
2656 5785 2888 5857 quisque
2942 5801 3098 5842 suam
3133 5787 3512 5857 discessimus,
3546 5798 3701 5844 antc-
