4068 6154
372 270 482 328 975

1619 267 1677 323 S.
1702 265 2032 324 GREGORII
2068 263 2362 321 NYSSENI
3533 263 3634 331 976

377 409 547 474 quam
596 406 773 448 annus
808 389 1134 461 praeteriret,
1183 389 1316 443 mihi
1366 388 1632 460 Gregorio
1686 388 1957 460 cupiditas

2073 387 2190 457 πρὶν
2222 386 2313 440 τὸν
2339 385 2583 439 ἐνιαυτὸν
2614 383 2924 456 παρελθεῖν,
2954 382 3205 453 ἐνθύμιον
3239 383 3362 453 ἐμοὶ
3394 380 3474 452 τῷ
3499 382 3642 453 Γρηο

379 487 574 542 incidit
608 493 668 539 ut
696 498 940 540 sororem
973 482 1286 538 inviserem.
1312 473 1575 553 Magnum
1611 484 1755 539 enim
1788 485 1959 537 inter-

378 584 621 634 cesserat
674 575 938 644 temporis
996 573 1380 638 intervallum,
1434 590 1542 645 quo
1583 584 1772 629 nmtuo
1816 576 1959 628 inter

377 685 482 726 nos
513 674 814 738 conspectu
843 680 952 720 non
985 675 1343 736 potueramus
1374 667 1503 731 frui,
1541 666 1959 737 prohibentibus

379 758 744 813 tentationum
769 756 1042 810 molestiis
1070 772 1210 827 quas
1242 756 1571 816 ablueresis
1610 756 1960 827 principibus

379 849 549 919 patria
577 847 768 916 pulsus
799 848 1005 916 ubique
1026 872 1030 876 ι
1052 849 1446 903 sustinueram.
1478 846 1612 901 Nam
1655 848 1961 903 dimetienti

377 939 508 991 mihi
542 939 805 1008 temporis
830 940 1092 1009 Spatium,
1123 939 1269 1007 quod
1295 939 1517 994 interim
1551 938 1800 1004 fluxerat,
1831 939 1959 992 dum

375 1029 649 1099 ejusmodi
689 1030 1202 1099 perturbationibus
1258 1044 1595 1101 congressus
1631 1037 1818 1085 noster
1854 1031 1959 1083 im.

376 1121 624 1191 peditur,
660 1123 939 1191 octoplus
973 1121 1158 1174 minus
1190 1135 1462 1174 annorum
1490 1121 1797 1176 videbatur.
1822 1121 1959 1175 Cum

378 1214 550 1283 igitur
588 1212 706 1281 jam
762 1213 995 1264 multum
1027 1210 1242 1266 itineris
1276 1211 1662 1278 confecissem,
1710 1227 1808 1266 nec
1846 1226 1960 1263 am-

376 1305 522 1377 plius
561 1319 725 1374 quam
776 1305 941 1358 unius
976 1303 1082 1357 diei
1116 1302 1203 1356 via
1237 1311 1494 1366 restaret,
1526 1302 1669 1356 visio
1698 1302 1832 1355 mihi
1866 1316 1962 1370 per

378 1395 616 1465 quietem
670 1393 1024 1447 manifestum
1083 1395 1271 1446 eorum
1312 1407 1435 1460 quae
1495 1399 1653 1445 erant
1695 1399 1960 1445 eventura

378 1491 647 1561 iudicium
678 1485 937 1542 ostendit.
965 1482 1201 1537 Videbar
1234 1483 1378 1537 enim
1415 1482 1549 1535 mihi
1590 1490 1807 1552 gestare
1846 1497 1961 1534 ma-

377 1586 544 1640 nibus
600 1586 902 1649 martyrum
967 1574 1264 1643 reliquias,
1321 1588 1386 1627 ex
1437 1573 1641 1642 quibus
1696 1572 1960 1642 splendor

379 1674 651 1739 elucebat,
675 1668 856 1740 qualis
880 1683 910 1721 e
941 1666 1046 1719 levi
1099 1663 1351 1734 speculo,
1380 1664 1426 1718 si
1462 1664 1695 1719 adverso
1721 1663 1822 1719 soli
1863 1679 1959 1733 op-

2062 479 2231 549 γορίῳ
2285 478 2491 546 γίνεται
2549 477 2685 546 πρὸς
2714 476 2884 546 αὐτὴν
2926 473 3194 545 διαϐῆναι.
3230 474 3405 528 Πολὺς
3432 473 3541 544 γάρ
3577 470 3645 543 ἦν

2058 570 2088 621 ὁ
2129 568 2217 622 διὰ
2251 570 2413 639 μέσου
2465 569 2687 638 χρόνος,
2734 569 2791 619 ἐν
2820 560 2864 634 ᾧ
2912 566 3010 630 τὰς
3056 565 3375 635 ἐπισκέψεις
3425 567 3483 617 αἱ
3537 566 3644 618 τῶν

2062 659 2383 729 πειρασμῶν
2416 659 2765 727 περιστάσεις
2795 656 3098 723 ἐκώλυσαν,
3122 657 3187 720 ἃς
3214 657 3484 726 ὑπέμενον
3511 673 3645 709 παν-

2061 748 2227 819 ταχοῦ
2263 749 2360 820 τῆς
2399 749 2652 820 πατρίδος
2688 750 2791 802 ὑπὸ
2833 748 2943 802 τῶν
2987 749 3087 819 τῆς
3121 749 3386 820 αἱρέσεως
3420 750 3621 801 ἐπιστα

2060 826 2295 893 τούντων
2328 840 2763 910 ἐξελαυνόμενος.
2799 842 2909 895 Kal
2954 841 3276 913 ἁριθμοῦντί
3308 861 3398 913 μοι
3436 842 3527 896 τὸν
3559 843 3642 895 δι)

2067 932 2470 1003 μέσουχρόνον,
2504 934 2559 984 ἐν
2580 924 2624 999 ᾧ
2647 934 2743 1003 τὴν
2780 935 2900 986 κατ’
2931 933 3242 1005 ὀφθαλμοὺς
3274 936 3561 1010 συντυχίαν
3597 936 3646 989 οἱ

2067 1025 2360 1096 πειρασμοὶ
2393 1024 2722 1079 διεκώλυσαν
2746 1067 2760 1092 ,
2791 1027 2891 1080 οὐκ
2932 1026 3111 1094 ὀλίγον
3159 1028 3410 1097 ἐφαίνετο
3435 1028 3497 1081 τὸ
3524 1027 3643 1080 διά-

2064 1134 2246 1187 στημα
2292 1116 2437 1171 ὀκτὼ
2497 1117 2692 1189 μικροῦ
2738 1118 2849 1171 δεῖν
2880 1120 3398 1190 παραμετρούμονον
3446 1119 3639 1173 ἐτεσιν.

2076 1209 2293 1280 Ἐπειδὴ
2319 1210 2496 1263 τοίνυν
2521 1211 2581 1264 τὸ
2610 1211 2744 1264 πολὺ
2767 1211 2866 1280 τῆς
2890 1210 3010 1263 ὁδοῦ
3037 1211 3319 1275 διανύσας,
3348 1214 3475 1280 μιᾶς
3505 1210 3644 1282 ὴμέ-

2068 1318 2165 1370 ρας
2202 1302 2426 1371 ἀπεῖχον
2448 1301 2563 1355 ὁδὸν
2582 1340 2597 1366 ,
2629 1300 2749 1370 ὄψις
2770 1318 2851 1363 τις
2876 1303 3006 1372 ἡμῖν
3028 1301 3088 1366 ἐξ
3110 1302 3359 1355 ἐνυπνίου
3390 1305 3641 1371 φανεῖσα,

2064 1391 2299 1462 φοϐερὰς
2329 1392 2499 1465 ἐποίει
2532 1393 2631 1455 τὰς
2668 1391 2888 1456 ἐλπίδας
2913 1393 3006 1446 τοῦ
3052 1378 3353 1463 μέλλοντος.
3397 1392 3645 1445 Ἐδόκουν

2063 1483 2171 1554 γὰρ
2215 1482 2442 1551 λείψανα
2475 1484 2766 1556 μαρτύρων
2797 1484 2887 1537 διὰ
2941 1484 3120 1556 χειρὸς
3166 1484 3352 1555 φέρειν
3376 1499 3391 1513 ·
3421 1483 3560 1537 εἶναι
3588 1484 3645 1536 δὲ

2062 1577 2156 1629 ἀπ’
2183 1574 2358 1629 αὐτῶν
2384 1574 2559 1646 αὐγὴν
2576 1614 2593 1640 ,
2621 1571 2708 1629 οἷα
2734 1578 2798 1629 ἐκ
2838 1577 3077 1647 καθαροῦ
3108 1593 3252 1639 τινος
3283 1576 3491 1643 γίνεται
3517 1584 3648 1628 κατ⁴

2062 1670 2263 1740 όπτρου
2310 1707 2325 1731 ,
2371 1668 2510 1738 ὅταν,
2543 1667 2680 1738 πρὸς
2713 1669 2804 1723 τὸν
2841 1669 2992 1739 ἦλιον
3036 1668 3164 1740 τεθῇ
3211 1668 3645 1739 ἀντιπρόσωπον,

263 1834 272 1842 _
379 1771 637 1836 ponatur,
676 1757 986 1829 egreditur,
1033 1771 1144 1824 quo
1193 1756 1414 1825 quidem
1470 1754 1695 1807 luminis
1749 1752 1961 1824 fulgore

2073 1759 2202 1813 ὥστε
2235 1776 2322 1828 μοι
2351 1758 2449 1821 τὰς
2476 1758 2628 1829 ὄψεις
2663 1758 2797 1828 πρὸς
2837 1759 2936 1830 τὴν
2973 1758 3343 1829 μαρμαρυγὴν
3385 1758 3480 1828 τῆς
3506 1758 3646 1827 λαμ-

379 1857 527 1913 oculi
556 1853 663 1910 mei
693 1849 1229 1923 perstringebantur.
1262 1840 1377 1901 Iloe
1411 1854 1592 1901 autem
1620 1846 1800 1900 visum
1825 1846 1958 1899 mihi

2073 1848 2289 1918 πηδόνος
2325 1848 2713 1917 ἀμϐλύνεσθαι.
2752 1849 2862 1901 Kal
2888 1847 2990 1917 τῆς
3024 1848 3191 1919 αὐτῆς
3221 1864 3311 1917 μοι
3349 1848 3538 1912 νυκτὸς
3567 1850 3648 1912 εἰς

379 1958 464 2005 ter
493 1945 734 2002 occurrit
764 1941 953 1997 eadem
985 1947 1164 2002 nocte,
1198 1953 1299 1994 nec
1350 1938 1510 2008 plane
1530 1977 1545 2003 ,
1573 1937 1706 2007 quid
1736 1944 1960 2007 porten-

2073 1939 2180 2009 τρὶς
2219 1939 2519 2010 γενομένης
2546 1938 2646 2009 τῆς
2674 1938 2930 2008 τοιαύτης
2963 1938 3159 2007 ὅψεως,
3218 1937 3513 2008 συμϐαλεῖν
3550 1939 3649 2009 μὲν

378 2041 531 2095 deret
585 2035 862 2106 conjicere
917 2039 1206 2101 poteram;
1239 2029 1510 2085 sollicitus
1558 2030 1745 2097 itaque
1776 2029 1961 2082 animo

2073 2029 2162 2082 sim
2188 2025 2333 2099 εἶχον
2362 2027 2617 2100 καθαρῶς
2644 2027 2738 2082 τοῦ
2785 2027 3038 2081 ἐνυπνίου
3083 2029 3145 2082 τὸ
3179 2029 3409 2099 αἴνιγμα
3433 2045 3446 2059 ·
3473 2028 3649 2101 λύπην

379 2131 679 2204 agitabam,
726 2124 1198 2194 observabamque
1239 2128 1299 2177 ut
1333 2122 1456 2192 ejus
1501 2120 1961 2194 significationem

2073 2119 2119 2173 δέ
2142 2137 2265 2174 τινα
2293 2122 2359 2192 τῇ
2390 2120 2535 2191 ψυχῇ
2570 2121 2921 2192 προσεώρων,
2949 2120 3040 2174 καὶ
3068 2121 3369 2193 ἐπετήρουν
3392 2123 3456 2191 τῇ
3487 2121 3653 2177 ἐκϐά-

377 2222 527 2277 exitu
546 2218 877 2288 judicarem.
1860 2217 1869 2227 '

2073 2231 2149 2266 σει
2180 2216 2373 2284 κρῖναι,
2393 2213 2492 2284 τὴν
2514 2212 2836 2282 φαντασίαν.

448 2310 585 2367 Cum
605 2310 718 2378 jam
745 2305 809 2360 ad
830 2319 1136 2367 secessum,
1159 2302 1215 2357 in
1237 2318 1349 2373 quo
1376 2303 1468 2357 illa
1539 2304 1839 2374 angelicam
1859 2317 1964 2357 eaa-

377 2404 686 2471 lestemque
735 2398 900 2452 vitam
932 2396 1186 2466 degebat.
1217 2394 1772 2464 appropinquassem,
1802 2393 1962 2451 lami-

360 2497 605 2550 'liarium
634 2491 928 2562 quemdam
961 2488 1297 2558 interrogavi
1329 2488 1562 2556 primum
1591 2488 1657 2541 de
1680 2487 1868 2548 fratre,
1896 2502 1964 2539 an

378 2587 599 2642 adesset
634 2601 648 2637 :
684 2598 793 2653 quo
850 2574 1233 2650 respondente
1271 2579 1422 2632 illum
1461 2579 1574 2650 jam
1633 2588 1833 2648 quarto
1878 2579 1967 2634 die

378 2676 730 2743 discessisse,
763 2688 1107 2745 cognoscens
1136 2687 1260 2728 eum
1311 2674 1483 2736 altera
1519 2672 1681 2727 nobis
1708 2671 1794 2727 via
1840 2686 1968 2742 pro-

379 2765 552 2823 diisse
603 2765 846 2828 obviam,
878 2772 994 2817 tum
1027 2763 1192 2817 etiam
1246 2760 1315 2816 de
1346 2777 1550 2833 magna
1581 2762 1673 2816 illa
1728 2777 1966 2831 percon-

379 2866 532 2912 tatus
559 2871 681 2911 sum
720 2872 732 2909 :
759 2868 996 2924 cumque
1027 2853 1119 2906 ille
1150 2850 1546 2921 respondisset,
1578 2867 1698 2907 eam
1729 2851 1967 2922 quodam

380 2949 579 3003 morbo
609 2946 884 3010 laborare,
914 2944 1123 3013 majore
1166 2944 1428 2998 incensus
1459 2942 1663 3008 studio,
1699 2943 1847 3014 quod
1877 2959 1967 2999 re-

380 3040 597 3108 liquum
648 3043 767 3092 erat
819 3015 921 3089 viae
955 3033 1283 3089 festinanter
1326 3034 1557 3104 arripui.
1595 3034 1730 3088 Nam
1768 3037 1966 3091 timore

2136 2304 2245 2356 Καὶ
2277 2302 2340 2375 δὴ
2368 2304 2656 2375 γενόμενος
2684 2305 2911 2375 πλησίον
2941 2303 3041 2376 τῆς
3065 2306 3326 2377 ἐσχατιᾶς
3344 2348 3359 2372 ,
3403 2309 3460 2361 ἐν
3573 2309 3654 2363 δι-

2067 2396 2199 2466 ῆγεν
2229 2395 2411 2467 ἐκείνη
2445 2396 2544 2467 τὴν
2580 2397 2877 2468 ἀγγελικήν
2905 2410 2965 2450 τε
2996 2398 3091 2451 καὶ
3117 2399 3439 2471 ἐπουράνιον
3458 2417 3656 2471 κατορ-

2068 2484 2236 2538 θοῦσα
2264 2486 2410 2557 ξωὴν
2433 2525 2450 2551 ,
2481 2487 2696 2558 ἠρόμην
2729 2487 2837 2541 τῶν
2872 2489 3190 2560 ἐπιτηδείων
3231 2491 3354 2544 τινὰ
3389 2491 3517 2561 περὶ
3557 2491 3653 2545 τοῦ

2068 2575 2299 2646 ἀδελφοῦ
2350 2577 2563 2647 πρῶτον
2585 2618 2600 2644 ,
2631 2580 2679 2631 εί
2734 2579 2925 2651 παρὼν
2959 2580 3046 2651 εἴη
3066 2596 3081 2611 ⁶
3113 2582 3384 2652 φήσαντος
3430 2582 3489 2634 δὲ
3515 2581 3656 2655 πρὸς

2068 2669 2217 2740 ἡμᾶς
2237 2708 2253 2733 ,
2283 2669 2446 2723 αὐτὸν
2478 2669 2882 2742 ἐξωρμηκέναι,
2915 2674 3007 2726 καὶ
3031 2674 3301 2745 τετάρτην
3324 2675 3499 2743 ἄγειν,
3526 2693 3656 2729 συν-

2069 2760 2149 2824 εὶς
2179 2760 2315 2831 ὅπερ
2346 2755 2447 2832 ἦν,
2475 2761 2555 2814 ὃτι
2581 2762 2648 2815 δι’
2674 2762 2864 2834 ἐτέρας
2904 2763 3024 2817 ὁδοῦ
3075 2765 3298 2834 γέγονεν
3334 2767 3483 2839 αὐςτῷ
3520 2767 3659 2837 πρὸς

2069 2852 2215 2922 ἡμᾶς
2250 2853 2285 2921 ἡ
2314 2852 2480 2923 ὁρμὴ,
2512 2853 2631 2905 τότε
2663 2856 2759 2908 καὶ
2788 2855 2918 2927 περὶ
2947 2856 3048 2926 τῆς
3078 2858 3336 2928 Μεγάλης
3366 2858 3659 2914 ἐπυνθανὸ-

2074 2959 2211 3014 μην·
2247 2942 2338 2996 τοῦ
2360 2944 2416 2995 δὲ
2446 2946 2748 3014 φήσαντος,
2784 2947 2840 2999 ἐν
2868 2948 3152 3019 ἀρρωστίᾳ
3179 2949 3504 3020 γεγενῆσθαί
3527 2966 3658 3013 τινι,

2072 3032 2486 3105 σπουδαιότερον
2513 3035 2741 3105 εἰχόμην
2766 3077 2781 3103 ,
2816 3038 2874 3089 ἐν
2900 3036 3106 3102 ἐπείξει
3128 3039 3189 3091 τὸ
3220 3039 3535 3111 λειπόμενον
3560 3045 3659 3113 τῆς

382 3132 547 3188 etiam
591 3127 829 3200 quodam
890 3128 1220 3197 perterritus
1269 3125 1487 3181 animus
1537 3126 1785 3182 futurum
1831 3145 1968 3200 pra:-

2073 3123 2189 3178 όδοῦ
2221 3125 2473 3180 διανύων.
2504 3127 2613 3180 Kal
2640 3127 2746 3197 γάρ
2789 3145 2855 3198 με
2887 3128 3031 3201 λύπη
3057 3147 3142 3192 τις
3171 3130 3266 3184 καὶ
3296 3133 3457 3201 φόϐος
3489 3149 3654 3203 μηνυο

384 3221 637 3291 sagiebat
670 3235 684 3274 :
718 3217 985 3274 sed'cum
1036 3217 1106 3271 ad
1139 3217 1321 3273 locum
1362 3220 1702 3286 accederem,
1730 3238 1970 3279 conven-

382 3321 477 3392 tus
506 3312 794 3368 hominum
827 3311 995 3383 (fama
1041 3311 1187 3365 enim
1224 3310 1442 3380 mejam
1476 3311 1672 3367 adesse
1703 3313 1968 3370 fratribus

383 3406 873 3481 praenuntiaverat)
909 3421 976 3461 ex
1015 3406 1157 3460 locis
1204 3406 1261 3460 in
1304 3405 1507 3475 quibus
1551 3407 1876 3462 habitabant
1904 3409 1970 3463 ad

384 3514 488 3555 nos
544 3497 827 3553 conﬂuxit.
857 3496 995 3550 Nam
1035 3497 1266 3552 honoris
1292 3497 1468 3567 gratia
1508 3497 1702 3552 amicis
1753 3499 1969 3554 obviam

386 3590 681 3662 procedere
730 3595 1156 3645 consueverunt.
1201 3589 1274 3643 At
1318 3587 1592 3661 virginum
1649 3589 1852 3645 chorus
1904 3589 1972 3645 ad

385 3682 677 3739 ecclesiam
707 3681 954 3737 modeste
990 3690 1241 3737 nostrum
1271 3680 1564 3737 adventum
1593 3683 1971 3751 exspectabat.

389 3771 592 3829 Verum
630 3787 757 3827 cum
793 3771 1122 3828 fecissemus
1156 3780 1211 3845 et
1242 3772 1502 3841 precandi
1527 3779 1581 3826 et
1614 3773 1972 3828 benedicendi

389 3860 577 3925 linem,
604 3869 779 3930 'atque
832 3860 957 3920 illae,
1000 3861 1270 3915 inclinato
1309 3859 1466 3929 prius
1507 3860 1689 3928 capite
1744 3861 1971 3917 benedi-

387 3952 860 4015 ctioni,'honeste
893 3950 1241 4006 discedentes
1282 3950 1552 4005 abiissent
1596 3952 1663 4007 ad
1702 3952 1818 4007 loca
1851 3968 1972 4017 sua,

390 4059 492 4098 nec
552 4058 661 4096 una
724 4041 944 4111 quidem
986 4055 1173 4095 carum
1230 4042 1374 4111 apud
1423 4058 1524 4099 nos
1562 4044 1752 4098 relicta
1806 4055 1973 4114 esset,

392 4133 554 4188 facile
613 4131 667 4186 id
705 4130 852 4201 quod
908 4140 1028 4186 erat
1082 4131 1335 4200 conjeci,
1372 4148 1482 4188 non
1515 4149 1639 4189 esse
1686 4135 1828 4191 inter
1883 4151 1976 4192 eas

392 4226 639 4295 ipsarum
696 4224 931 4290 ducem;
1001 4233 1053 4278 et
1117 4226 1459 4292 praecedente
1517 4227 1757 4297 quodam
1816 4239 1978 4298 atque

392 4316 595 4371 ostium
642 4315 979 4385 apperiente,
1036 4330 1251 4368 sacram
1306 4317 1455 4371 illam
1490 4317 1712 4373 domum
1735 4361 1748 4384 ,
1782 4320 1837 4373 in
1868 4335 1978 4390 qua

394 4407 573 4461 inerat
602 4406 696 4459 illa
748 4420 944 4474 magna
980 4406 1263 4475 ingressus
1291 4422 1410 4461 sum
1450 4426 1464 4474 ;
1497 4409 1851 4464 vehementer
1886 4427 1977 4464 au-

2008 4461 2056 4519 D

2070 3218 2170 3290 τὴς
2210 3217 2304 3272 τοῦ
2353 3218 2636 3290 μέλλοντος
2676 3220 3008 3294 ὑποδραμὼν
3059 3222 3417 3294 διετάρασσεν
3442 3242 3457 3257 ο
3498 3226 3575 3291 ὡς
3602 3226 3660 3280 δὲ

2073 3313 2167 3365 καὶ
2203 3312 2322 3365 κατ’
2366 3313 2528 3366 αὐτὸν
2559 3315 2827 3385 ἐγενόμην
2858 3315 2948 3368 τὸν
2974 3317 3138 3370 τόπον
3160 3356 3175 3382 ,
3219 3321 3315 3372 καὶ
3344 3322 3661 3391 προκατήγ-

2072 3405 2270 3478 γε[ι]λε
2307 3409 2373 3477 τῇ
2417 3402 2734 3477 ἀδελφότητι
2767 3406 2863 3479 τὴν
2895 3410 3194 3481 παρουσίαν
3244 3412 3276 3481 ἡ
3334 3413 3509 3483 φήμη’
3541 3414 3662 3466 τότε

2075 3498 2361 3568 σύνταγμα
2391 3496 2500 3551 τῶν
2532 3498 2742 3568 ἀνδρῶν
2769 3499 2915 3553 ἆπαν
2943 3541 2957 3565 ,
3003 3504 3068 3554 ἐκ
3106 3502 3201 3556 τοῦ
3232 3503 3500 3572 ἀνδρῶνος
3526 3504 3664 3576 πρὸς

2074 3590 2220 3660 ἡμᾶς
2247 3588 2515 3660 προεχέθη
2542 3607 2555 3619 ·
2591 3588 2816 3660 σύνηθες
2853 3591 2961 3661 γὰρ
2989 3592 3172 3656 αὐτοῖς
3197 3597 3365 3666 τιμᾷν
3395 3598 3458 3667 τῇ
3489 3598 3659 3651 ὑπαν-

2075 3682 2228 3749 τήσει
2276 3681 2401 3744 τοὺς
2430 3680 2819 3751 καταθυμίους,
2861 3682 2918 3732 ’0
2947 3682 3003 3735 δὲ
3036 3684 3092 3735 ἐν
3136 3684 3351 3750 γυναιξὶ
3383 3688 3484 3757 τῆς
3512 3705 3655 3758 παρ-

2077 3770 2255 3834 θενίας
2290 3773 2447 3843 χορὸς
2477 3772 2761 3842 εὐκόσμως
2795 3774 2934 3826 κατά
2958 3773 3056 3845 τὴν
3086 3774 3378 3845 ἐκκλησίαν
3406 3778 3505 3849 τὴν
3535 3777 3655 3831 εἴσ-

2077 3864 2192 3918 οδον
2220 3864 2375 3935 ἡμῶν
2412 3864 2694 3935 ἀνέμενεν.
2735 3865 2886 3918 Ἐπεὶ
2911 3866 2968 3919 δὲ
3002 3867 3155 3929 τέλος
3185 3864 3330 3938 εἶχεν
3372 3870 3405 3939 ἡ
3432 3870 3566 3940 εὐχή
3598 3888 3661 3924 τε

2078 3954 2172 4008 καὶ
2206 3956 2239 4024 ἠ
2265 3953 2504 4022 εὐλογία,
2536 3956 2632 4007 καὶ
2662 3956 2717 4007 αἱ
2753 3957 2849 4026 μὲν
2876 3958 3015 4028 μετὰ
3043 3958 3103 4010 τὸ
3132 3960 3389 4030 ὑποσχεῖν
3420 3964 3487 4032 τῇ
3514 3962 3663 4015 εὐλο-

2079 4046 2173 4118 γίᾳ
2206 4045 2301 4116 τὴν
2354 4045 2596 4116 κεφαλὴν
2644 4048 3000 4117 εὐσχημόνως
3055 4049 3478 4116 ἀναποδίζουσαι
3527 4052 3663 4123 πρὸς

2082 4136 2278 4199 ἐαυτάς
2299 4134 2627 4208 ἀνεχώρουν,
2652 4138 2978 4213 ὑπελείπετο
3001 4139 3056 4192 δὲ
3077 4139 3135 4206 ἐξ
3160 4141 3342 4195 αὐτῶν
3366 4143 3500 4214 πρὸς
3520 4145 3663 4215 ἡμᾶς

2080 4225 2324 4297 οὐδεμία·
2362 4226 2586 4290 είκάσας
2621 4227 2759 4297 ὅπερ
2792 4223 2881 4298 ἦν,
2922 4228 2995 4300 μὴ
3029 4232 3087 4283 ἐν
3127 4232 3365 4296 ἐκείναις
3404 4231 3540 4288 εἶναι
3566 4236 3662 4308 τὴν

2083 4317 2530 4389 καθηγουμένην,
2560 4320 3019 4390 προηγησαμένου
3059 4322 3202 4385 τινος
3232 4326 3321 4377 ἐπὶ
3360 4327 3449 4379 τὸν
3487 4322 3658 4395 οἷκον,

2083 4411 2140 4463 ἐν
2171 4403 2216 4478 ᾧ
2248 4406 2317 4480 ἦν
2351 4408 2433 4481 [ἡ]
2464 4410 2715 4479 Μεγάλη,
2758 4411 2852 4465 καὶ
2880 4413 2980 4483 τὴν
3010 4413 3181 4483 θύραν
3220 4415 3660 4485 διαπετάσαντος,

396 4507 504 4555 tem
533 4505 671 4553 tunc
698 4497 1024 4568 aegrotabat.
1054 4513 1229 4567 neque
1251 4512 1381 4553 vero
1410 4499 1463 4553 in
1503 4500 1646 4554 lecto
1670 4509 1767 4555 aut
1803 4496 1969 4557 strata

2082 4500 2232 4563 ἐντὸς
2269 4503 2367 4570 τῆς
2402 4502 2559 4571 ἱερᾶς
2587 4504 2801 4572 ἐκείνης
2835 4504 3103 4575 ἐγενόμην
3146 4507 3347 4576 μονῆς·
3384 4510 3417 4580 ὴ
3448 4509 3505 4563 δέ
3535 4528 3663 4579 σφο-

393 4590 696 4660 quopiam,
746 4588 839 4642 sed
891 4588 1041 4641 humi
1097 4589 1452 4658 quiescebat,
1494 4590 1744 4660 subjecta
1814 4606 1978 4647 sacco

394 4682 606 4749 tabula,
637 4688 692 4736 et
724 4680 896 4734 altera
936 4691 1100 4749 caput
1131 4681 1252 4750 ejus
1288 4683 1595 4737 sustinente
1632 4683 1836 4747 tabula,
1859 4700 1980 4753 quae

393 4771 853 4843 pulvinarisloco
889 4771 1089 4840 insigni
1118 4772 1296 4841 'ligura
1333 4772 1534 4826 collum
1566 4772 1687 4841 ejus
1738 4775 1977 4838 subibat,

394 4873 450 4921 et
474 4865 745 4920 cervicem
781 4863 957 4932 ipsius
991 4864 1045 4916 in
1088 4879 1146 4918 se
1180 4864 1377 4917 decore
1418 4865 1735 4934 recipiebat.

2079 4589 2219 4661 δρῶς
2256 4591 2359 4661 ἤδη
2383 4594 2450 4662 τῇ
2480 4591 2762 4663 ἀρρωστίᾳ
2800 4593 3101 4663 κατείχετοο
3138 4597 3443 4653 ἀνεπαύετο
3478 4601 3533 4653 δὲ
3566 4601 3664 4655 οὐκ

2080 4683 2172 4737 ἐπὶ
2201 4682 2388 4753 κλίνης
2416 4683 2560 4747 τινὸς
2587 4684 2620 4755 ἢ
2653 4688 2941 4758 στρωμνῆς
2963 4727 2977 4751 ,
3003 4688 3116 4743 ἀλλ’
3156 4691 3249 4744 ἐπὶ
3286 4692 3383 4745 τοῦ
3417 4693 3661 4763 ἐδάφους,

2085 4773 2292 4837 σανίδος
2337 4773 2746 4842 ὑποτεταμένης
2783 4774 2860 4845 τῷ
2897 4777 3085 4849 σάκκῳ
3109 4820 3124 4844 ,
3163 4783 3256 4835 καὶ
3293 4784 3394 4854 τὴν
3429 4785 3664 4854 κεφαλὴν

2084 4865 2277 4935 ἐτέρας
2311 4865 2472 4917 πάλιν
2524 4865 2734 4928 σανίδος
2783 4866 3207 4942 ὐπερειδούσης,
3237 4868 3305 4944 ἧς
3353 4877 3386 4946 ἡ
3439 4876 3666 4946 ἐργασία

393 4958 618 5029 τοιαύτη
666 4974 748 5020 τις
780 4952 848 5027 ἦν
872 4997 885 5021 ,
917 4957 992 5019 ὡς
1036 4956 1157 5010 ἀντὶ
1187 4955 1621 5026 προσκεφαλαίου
1662 4960 1726 5028 τῇ
1768 4959 1981 5031 κεφαλῇ
2021 4958 2297 5029 γίνεσθαι,
2332 4958 2388 5009 ἐν
2425 4954 2562 5026 λοξῷ
2634 4956 2713 5028 τῷ
2764 4960 3003 5031 σχήματι
3052 4965 3177 5029 τοὺς
3219 4966 3470 5032 τένοντας
3535 4971 3667 5023 ὐπο-

397 5053 691 5116 ϐαίνουσα,
730 5052 824 5106 καὶ
856 5050 1208 5122 καταθυμίως
1242 5052 1509 5121 ἀνέχουσα
1541 5053 1626 5122 ἐφ’
1662 5054 1858 5124 ἑαυτῆς
1892 5055 1983 5108 τὸν
2022 5054 2242 5127 αὐχένα.

370 5144 377 5175 '
467 5143 604 5199 Cum
633 5144 801 5214 igitur
826 5143 1056 5199 vidisset
1085 5159 1169 5199 me
1200 5159 1366 5214 prope
1412 5143 1559 5199 fores
1590 5160 1731 5211 esse,
1771 5161 1895 5201 sese
1925 5147 1981 5200 in

401 5236 653 5291 cubitum
682 5235 925 5304 erigens,
954 5249 1247 5290 accurrere
1284 5235 1374 5288 illa
1413 5235 1632 5305 quidem
1664 5252 1772 5290 non
1807 5238 1982 5307 potuit

405 5328 561 5387 (nam
590 5325 731 5381 febri
763 5326 1080 5383 defecerant
1109 5326 1313 5393 vires),
1348 5327 1443 5382 sed
1487 5334 1667 5382 tamen
1718 5328 1836 5383 solo
1871 5342 1986 5381 ma-

403 5432 534 5472 num
588 5417 836 5486 alligens,
901 5432 1070 5485 seque
1108 5425 1374 5486 quantum
1422 5424 1638 5486 poterat
1679 5432 1744 5471 ex
1789 5418 1985 5471 humili

2165 5144 2317 5198 Ἐπεὶ
2366 5139 2460 5197 οὖν
2487 5139 2626 5198 εἶδεν
2668 5148 2835 5215 ἐγγὺς
2876 5146 2986 5201 τῶν
3030 5148 3211 5221 θυρῶν
3251 5168 3320 5220 με
3359 5153 3668 5225 γενόμενον»

2081 5234 2371 5307 ὁρθώσασα
2426 5233 2624 5306 ἑαυτὴν
2679 5237 2766 5289 ἐπ’
2813 5236 3097 5305 ἀγκῶνος,
3148 5239 3519 5311 προσδραμεῖν
3574 5243 3668 5313 οὐχ

2084 5329 2171 5382 οἵα
2196 5326 2241 5380 τ’
2268 5322 2357 5397 ἦν,
2393 5326 2449 5379 ἐν
2490 5326 2567 5396 τῷ
2609 5327 2828 5399 πυρετῷ
2872 5329 2975 5399 ἤδη
3019 5330 3119 5400 τῆς
3170 5332 3353 5402 ἰσχύος
3391 5333 3669 5387 ὑπολυθεί-

2091 5436 2209 5491 σηςο
2255 5418 2473 5490 πήξασα
2501 5419 2558 5472 δέ
2600 5420 2691 5472 ἐπὶ
2724 5419 2818 5473 τοῦ
2842 5421 3071 5492 ἐδάφους
3102 5424 3201 5488 τὰς
3229 5428 3439 5495 χεῖρας,
3466 5427 3558 5479 καὶ
3585 5426 3667 5495 ἐφ’

408 5507 610 5562 lectulo
664 5522 1018 5576 promovens,
1077 5508 1342 5563 honorem
1396 5509 1605 5576 habuit,
1657 5525 1818 5578 quem
1855 5511 1965 5564 mih

2089 5512 2215 5565 ὅσον
2243 5505 2353 5564 οἷόν
2395 5528 2454 5563 τε
2490 5506 2578 5582 ἦν,
2610 5511 2716 5577 ἔξω
2761 5512 2960 5584 ἑαυτὴν
2991 5513 3086 5567 τοῦ
3115 5517 3414 5586 χαμευνίου
3455 5516 3668 5589 προτείο

407 5595 637 5649 obvians
677 5604 939 5663 praastare
968 5615 1076 5652 non
1096 5607 1310 5669 poterat
1359 5617 1370 5651 :

1424 5599 1518 5653 sed
1548 5614 1649 5670 ego
1689 5615 1969 5655 accurrene

2097 5620 2254 5666 νασα,
2301 5601 2400 5672 τὴν
2441 5602 2539 5673 τῆς
2583 5603 2936 5674 ὑπαντήσεως
2973 5605 3211 5677 ἐπλήρου
3259 5610 3458 5678 τιμήν·
3518 5606 3670 5677 κάγὼ

416 5685 775 5754 manibusque
805 5689 1113 5758 suscipiens
1144 5691 1294 5744 humi
1337 5689 1609 5760 dejectam
1642 5691 1892 5760 excitavi,
1933 5701 1987 5747 et

2099 5692 2499 5765 προσδραμὼν,
2547 5695 2639 5749 καὶ
2682 5697 2799 5758 ταῖς
2837 5697 3021 5766 χερσῖν
3076 5698 3361 5755 ὑποϐαλὼν
3409 5700 3583 5772 χαμαὶ⁵
3609 5699 3668 5754 τδ
