4068 6154
392 354 398 361 -
420 326 522 383 977

1658 319 1746 374 DE
1778 320 1939 376 VITA
1981 321 2037 377 S.
2078 321 2431 379 ΜΑΟΒΙΝΑζ.

3560 326 3667 383 978

418 438 708 511 πρόσωπον
743 436 1080 507 κεκλιμένον,
1135 431 1437 505 ἀνώρθωσά
1491 450 1547 486 τε
1588 434 1758 505 αὐτὴν
1812 435 2034 500 πάλινμ

2136 437 2267 491 ubili
2305 437 2467 492 solito
2527 438 2763 492 restitui.
2802 436 2900 493 Hic
2942 438 3035 492 illa
3090 439 3348 493 manibus
3400 440 3466 496 ad
3501 439 3669 496 Deum

413 531 508 584 καὶ
531 530 789 583 ἀπέδωκα
816 528 895 598 τῷ
931 526 1149 597 συνήθει
1187 526 1286 596 τῆς
1313 525 1690 590 κατακλίσεως
1732 529 1992 597 σχήματι.

425 621 489 673 Ἥ
514 620 571 672 δὲ
616 618 943 689 προτείνασα
979 616 1056 687 τῷ
1087 615 1206 686 Θεῷ
1230 615 1328 685 τὴν
1361 618 1539 687 χεῖρα,
1583 633 1601 666 ι
1640 616 1749 670 Καὶ
1791 614 1995 688 ταύτην

420 708 746 779 ἐπλήρωσάς
800 724 926 778 μοι,
970 726 988 758 ι
1040 706 1194 775 φησὶ,
1234 723 1252 756 ι
1290 704 1385 775 τὴν
1431 705 1611 776 χάριν,
1654 708 1683 758 6
1713 705 1870 769 Θεός’
1904 708 1998 760 καὶ

410 803 509 871 οὐχ
553 799 858 870 ὑπέρησάς
891 784 959 868 με
983 799 1045 851 ἐκ
1078 796 1179 867 τῆς
1232 796 1528 867 ἐπιθυμίας
1584 813 1722 866 μου·
1771 798 1853 851 ὅτι
1884 798 1998 851 ἐκί-

414 908 584 964 νησας
626 890 715 943 τὸν
747 889 837 943 σὸν
875 890 1093 959 οίκέτην
1139 889 1222 953 είς
1258 887 1544 957 ἐπίσκεψιν
1576 890 1675 959 τῆς
1708 887 1999 957 παιδίσκης

423 1003 535 1042 σου.
577 1003 596 1036 ι
634 984 745 1037 Καὶ
771 984 846 1045 ὼς
888 983 953 1037 ἂν
995 982 1265 1054 μηδεμίαν
1309 980 1579 1050 ἐπαγάγοι
1611 984 1678 1052 τῇ
1714 982 1818 1051 ἐμῇ
1853 980 1998 1051 ψυχῇ

422 1073 736 1147 δυσθυμίαν,
766 1073 857 1127 τὸν
885 1073 1185 1143 στεναγμὸν
1206 1072 1568 1144 κατεπράϋνε,
1605 1071 1699 1125 καὶ
1742 1070 1841 1143 τὴν
1873 1087 1999 1124 συν-

423 1165 553 1234 οχὴν
601 1162 696 1217 τοῦ
731 1162 1020 1236 ,ἄσθματος
1079 1161 1341 1233 κρύπτειν
1407 1179 1524 1224 πως
1578 1159 1863 1224 ἐϐιάζετο·
1915 1160 2003 1214 διὰ

428 1257 643 1311 πάντων
670 1273 729 1308 τε
761 1255 897 1326 πρὸς
929 1254 990 1307 τὸ
1030 1253 1393 1325 εὐθυμότερον
1431 1253 1807 1325 μεθηρμόζετο
1827 1294 1841 1318 ,
1894 1253 2004 1306 τῶν

423 1345 774 1415 καταθυμίων
816 1345 987 1413 λόγων
1023 1346 1156 1415 αὐτή
1192 1362 1251 1397 τε
1298 1344 1682 1416 κατάρχουσα,
1734 1345 1827 1398 καὶ
1873 1347 2006 1416 ἡμῖν

422 1437 523 1500 τὰς
555 1435 808 1507 ἀφορμὰς
828 1476 842 1501 ,
879 1437 947 1490 δι’
979 1429 1053 1490 ὧν
1085 1434 1305 1507 ἠρώτα,
1340 1434 1853 1507 παρασκευάζουσα.
1896 1437 2007 1506 Τῆς

423 1526 481 1580 δὲ
517 1526 643 1597 περὶ
671 1525 762 1577 τοῦ
790 1525 1025 1596 μεγάλου
1056 1526 1338 1578 Βασιλείου
1373 1527 1591 1597 μνήμης
1620 1528 1686 1596 τῇ
1716 1526 2006 1595 ἀκολουθίᾳ

426 1614 519 1667 τοῦ
559 1615 717 1683 λόγου
760 1615 1252 1687 παρεμπεσούσης,
1306 1617 1431 1686 ἐμοὶ
1481 1616 1581 1686 μὲν
1623 1613 2004 1686 ἐπώκλαζενὴ

425 1703 592 1774 ψυχὴ,
634 1705 729 1757 καὶ
770 1705 1099 1757 συνέπιπτεν
1127 1706 1184 1757 ἐν
1226 1705 1497 1776 κατηφείᾳ
1523 1705 1584 1758 τὸ
1625 1706 1935 1775 πρόσωπον’
1973 1706 2007 1777 ἡ

2097 528 2356 583 sublatis:
2386 547 2403 578 ι
2427 527 2698 592 Gratias,»
2724 530 2951 599 inquit,¢
2980 530 3076 585 tibi
3095 546 3218 602 ago,
3247 531 3477 589 Domine
3506 533 3670 597 Deus,

2098 617 2189 686 qui
2216 626 2269 671 et
2300 618 2401 671 hoc
2437 619 2569 671 mibi
2605 618 2836 688 largitus
2871 635 2951 684 es,
2983 636 3084 675 nec
3124 622 3273 691 quod
3307 624 3528 694 Optabat
3557 626 3705 680 ani-'.

2099 724 2219 762 mus
2275 724 2428 764 meus
2475 711 2525 764 ei
2585 710 2865 780 denegasti
2910 729 2921 764 :
2980 714 3075 767 sed
3130 714 3399 783 impulisti
3459 730 3677 769 servum

2101 809 2277 865 tuum,
2308 810 2366 855 ut
2392 817 2476 856 me
2500 812 2648 858 tuam
2677 804 2931 857 ancillam
2958 804 3236 859 inviseret.
3261 823 3278 856 ι
3318 804 3397 859 Ac
3418 821 3485 859 ne
3516 821 3679 873 quam

2101 891 2285 944 animo
2330 893 2635 947 molestiam
2683 903 3019 963 aspergeret,
3065 898 3325 964 gemitum
3378 895 3680 959 molliebat,

2101 991 2151 1035 et
2184 981 2367 1036 celare
2415 983 2782 1039 difficultatem
2839 986 3085 1054 spirandi
3135 988 3460 1050 conabatur,
3512 1002 3682 1056 seque

2102 1071 2171 1124 ad
2220 1070 2551 1128 hilaritatem
2608 1077 2758 1128 omni
2814 1078 3027 1129 ratione
3086 1079 3396 1139 revocabat,
3446 1076 3682 1145 jucundi

2105 1163 2380 1217 sermonis
2437 1172 2492 1218 et
2544 1165 2661 1235 ipsa
2693 1183 2947 1235 quzerens
2991 1169 3363 1231 occasionem,
3418 1177 3471 1223 et
3517 1168 3681 1222 nobis

2105 1252 2632 1323 interrogationibus
2663 1258 2779 1312 suis
2809 1259 3090 1313 materiam
3119 1258 3388 1328 prarbens.
3421 1257 3529 1312 Sed
3555 1273 3682 1311 cum

2107 1346 2278 1401 series
2313 1346 2431 1415 ipsa
2465 1349 2735 1403 sermonis
2769 1364 2869 1404 nos
2901 1350 2967 1403 ad
3006 1350 3338 1404 mentionem
3384 1350 3452 1404 de
3479 1349 3685 1404 Basilio

2110 1437 2478 1504 perduxisset,
2526 1439 2659 1492 mihi
2705 1440 2923 1509 quidem
2971 1448 3280 1496 commotus
3318 1451 3402 1495 est
3445 1441 3684 1498 animus.

2108 1534 2162 1580 et
2194 1543 2305 1597 prae
2350 1530 2614 1584 mmstitia
2666 1533 2849 1586 vultus
2881 1533 3143 1597 concidit,
3193 1544 3246 1587 et
3281 1548 3349 1587 ex
3378 1532 3557 1586 oculis
3609 1532 3689 1584 la-

2110 1629 2312 1686 cryma:
2337 1614 2669 1673 defluebant.
2705 1620 2775 1672 At
2813 1620 2904 1673 illa
2936 1631 3146 1674 tantum
3180 1621 3373 1684 abfuit,
3410 1629 3468 1673 ut
3497 1620 3691 1674 eadem

2112 1707 2528 1775 perturbatione
2575 1710 2864 1765 nobiscum
2914 1713 3267 1785 dejiceretur,
3305 1722 3363 1765 ut
3400 1727 3465 1767 ex
3504 1711 3691 1765 Basilii

425 1795 483 1849 δὲ
524 1795 776 1849 τοσοῦτον
828 1797 1035 1866 ἀπέσχε
1076 1798 1154 1868 τῷ
1206 1799 1460 1869 ἡμετέρῳ
1507 1798 2007 1868 συνταπεινωθῆναι

2136 1796 2399 1861 nemoria,
2452 1798 2793 1854 sublimioris
2838 1801 3198 1871 philosophiae
3232 1801 3519 1855 materiam
3552 1801 3692 1853 arri-

430 1884 621 1949 πάθει,
649 1886 789 1940 ὥστε
818 1872 1074 1958 ἀιρορμὴν
1107 1890 1454 1961 ποιησαμένη
1489 1890 1828 1961 ὑψηλοτέρας
1857 1891 2009 1960 φιλο-

433 1977 624 2045 σοφίας
652 1977 750 2049 τὴν
780 1978 906 2049 napi.
940 1977 1032 2031 τοῦ
1074 1979 1257 2048 Ἀγίου
1302 1980 1543 2052 μνήμην,
1574 1981 1847 2045 τοιούτους
1870 1981 2012 2046 διεξ-

430 2068 560 2137 ῆλθε
596 2068 788 2137 λόγους
822 2071 1215 2139 φυσιολογοῦσά
1236 2088 1295 2123 τε
1321 2071 1383 2124 τὸ
1412 2070 1772 2143 ἀνθρώπινον,
1802 2073 1895 2125 καὶ
1918 2072 2014 2143 τὴν

433 2159 582 2216 θείαν
624 2163 931 2233 οίκονομίαν
978 2162 1076 2234 τὴν
1108 2162 1196 2216 διὰ
1235 2163 1343 2215 τῶν
1394 2162 1735 2234 σκυθρωπῶν
1774 2180 2017 2234 κεκρυμρ

435 2250 605 2321 μένην
634 2250 710 2321 τῷ
743 2252 886 2323 λόγῳ
925 2251 1368 2305 διακαλύπτουσα
1392 2269 1403 2283 ·
1431 2251 1499 2304 τά
1520 2267 1580 2303 τε
1606 2252 1734 2321 περὶ
1762 2250 1862 2319 τῆς
1888 2251 2015 2320 μελ-

433 2338 632 2412 λούσης
655 2341 817 2413 ζωῆς,
853 2344 1105 2415 καθάπερ
1139 2344 1538 2414 θεοφορουμένη
1573 2342 1651 2413 τῷ
1681 2342 1820 2413 ἁγίῳ
1849 2342 2016 2395 Πνεύ-

441 2449 590 2502 ματι,
638 2434 940 2501 διεξιοῦσα·
991 2434 1131 2488 ὥστε
1178 2451 1268 2497 μοι
1316 2433 1413 2505 τὴν
1449 2433 1627 2502 ψυχὴν
1667 2432 1769 2498 ἔξω
1819 2432 2015 2503 μικροῦ

2111 1886 2290 1956 piens,
2352 1903 2416 1942 ea
2471 1889 2789 1958 disputarit,
2843 1908 3027 1947 rerum
3078 1893 3444 1945 humanarum
3492 1904 3695 1944 causas

2111 1978 2429 2045 exquirens,
2485 1990 2538 2033 et
2578 1981 2859 2033 occultam
2913 1983 2965 2034 in
3003 1982 3172 2036 rebus
3217 1980 3465 2035 adversis
3513 1977 3698 2048 provi-

2113 2068 2354 2123 dentiam
2387 2068 2482 2123 Dei
2522 2071 2757 2125 dicendo
2783 2074 3058 2142 aperiens,
3089 2081 3142 2128 et
3170 2089 3292 2143 quae
3323 2073 3603 2141 pertinent
3628 2071 3699 2125 ad

2116 2161 2284 2214 vitam
2311 2161 2555 2215 futuram
2590 2171 2850 2233 tanquam
2885 2164 3071 2217 divino
3101 2166 3298 2235 spiritu
3344 2163 3551 2226 adlata,
3572 2176 3699 2230 per-

2119 2267 2373 2315 currens,
2414 2260 2473 2306 ut
2500 2255 2720 2308 animus
2762 2270 2918 2308 meus
2946 2255 3107 2309 dictis
3156 2256 3302 2308 illius
3332 2254 3610 2309 excitatus
3649 2261 3704 2305 et

2119 2344 2241 2413 ejus
2264 2346 2516 2401 oratione
2547 2347 2602 2400 in
2630 2348 2950 2402 coalestihus
2976 2347 3156 2418 adytis
3179 2348 3519 2401 constitutus
3547 2353 3703 2399 extra

2122 2444 2376 2491 naturam
2413 2439 2654 2495 hominis
2683 2441 2893 2518 positus
2922 2455 3047 2495 esse
3076 2441 3372 2495 videretur.

436 2524 548 2581 δεῖν
618 2526 717 2597 τῆς
799 2524 1142 2595 ἀνθρωπίνης
1208 2522 1422 2592 φύσεως
1464 2518 1602 2576 εῖναι
1627 2523 1801 2577 δοκεῖν
1855 2527 2282 2597 συνεπαρθεῖσαν
2346 2534 2456 2594 τοῖς
2502 2533 2843 2602 λεγομένοις,
2905 2533 2998 2585 καὶ
3048 2532 3198 2596 ἐντὸς
3280 2531 3388 2586 τῶν
3439 2527 3706 2600 οὐρανίων

437 2619 643 2675 ἀδύτων
667 2622 733 2690 τῇ
763 2618 1102 2689 χειραγωγίᾳ
1135 2617 1227 2671 τοῦ
1254 2618 1413 2686 λόγου
1452 2617 1876 2688 καθισταμένην.

510 2712 621 2766 Καὶ
644 2711 833 2782 ὥσπερ
878 2712 969 2764 ἐπὶ
1016 2711 1115 2781 τῆς
1159 2709 1254 2763 τοῦ
1294 2708 1413 2762 Ἰὼϐ
1451 2710 1689 2780 ἱστορίας
1728 2710 2017 2781 ἀκούομεν,

443 2803 522 2855 ὅτι
557 2801 893 2870 πανταχόθεν
936 2803 1001 2872 τῇ
1038 2800 1287 2869 σηπεδόνι
1315 2799 1423 2853 τῶν
1461 2800 1789 2871 τραυμάτων
1818 2801 1923 2870 ὅλῳ
1948 2799 2023 2870 τῷ

445 2895 660 2963 σώματι
689 2892 754 2946 δι’
788 2892 996 2963 ἰχώρων
1019 2895 1046 2946 6
1078 2893 1215 2964 ἀνὴρ
1255 2893 1672 2962 συντηκόμενος,
1705 2893 1763 2945 οὑ
1798 2892 1933 2963 πρὸς
1966 2892 2025 2944 τὸ

447 2985 677 3054 ἀλγύνον
698 2984 796 3055 τὴν
829 2985 1079 3055 αἴσθησιν
1104 2986 1217 3047 τοῖς
1240 2983 1519 3054 λογισμοῖς
1553 2982 1884 3046 ἐπεκλίνετο,
1910 2981 2024 3036 ἀλλ’

450 3078 508 3130 ἐν
535 3077 631 3147 μὲν
657 3074 734 3146 τῷ
769 3072 1005 3145 σώματι,
1037 3075 1100 3127 τὸ
1133 3073 1331 3143 ἀλγοῦν
1370 3069 1513 3143 εἶχεν
1532 3089 1548 3105 ⁸
1600 3075 1629 3126 6
1659 3073 1714 3126 δὲ
1746 3073 1883 3143 πρὸς
1929 3071 2028 3142 τὴν

456 3167 590 3221 ἰδίαν
624 3168 901 3236 ἐνέργειαν
955 3167 1055 3219 οὐκ
1103 3165 1438 3236 ἠμϐλύνετο,
1473 3165 1594 3218 οὐδὲ
1631 3165 1883 3218 διέκοπτε
1939 3165 2032 3219 τὸν

454 3260 610 3328 λόγον
642 3261 753 3323 τοῖς
781 3258 1134 3331 ὑψηλοτέροις
1159 3258 1559 3327 ἐμϐατεύονταο
1590 3257 1826 3311 τοιοῦτόν
1853 3275 1909 3311 τι
1940 3258 2037 3311 κοιλ⁵

457 3351 552 3406 ἐπὶ
581 3352 684 3419 τῆς
716 3351 956 3422 μεγάλης
987 3350 1174 3421 ἐώρων
1198 3350 1432 3421 ἐκείνης,
1465 3346 1559 3403 τοῦ
1590 3349 1825 3421 πυρετοῦ
1858 3350 2038 3403 πᾶσαν

457 3443 558 3514 τὴν
600 3442 830 3513 δύναμιν
877 3443 1046 3512 αὐτῆς
1101 3440 1577 3511 καταφρύγοντος,
1641 3442 1737 3494 καὶ
1787 3441 1924 3512 πρὸς
1949 3440 2040 3493 τὸν

463 3532 688 3586 θάνατον
715 3532 1149 3598 συνελαύνοντος,
1182 3532 1435 3602 καθάπερ
1456 3530 1630 3603 δρόσῳ
1660 3531 1768 3583 τινὶ
1791 3531 1853 3583 τὸ
1886 3529 2044 3599 σῶμα

465 3623 665 3692 ἑαυτῆς
702 3622 1082 3693 ἀναψύχουσα,
1128 3621 1300 3687 οὑτως
1333 3622 1773 3697 ἀπαραπόδιστον
1810 3619 1953 3691 εἶχεν
1988 3622 2047 3674 ἐν

466 3716 534 3786 τῇ
559 3716 687 3785 περὶ
718 3714 827 3769 τῶν
851 3713 1072 3786 ὑψηλῶν
1105 3714 1307 3785 θεωρίᾳ
1335 3714 1426 3767 τὸν
1455 3711 1598 3779 νοῦν,
1630 3711 1780 3764 οὐδὲν
1819 3710 1924 3764 ὑπὸ
1949 3710 2047 3780 τῆς

468 3807 736 3876 τοσαύτης
783 3805 1096 3876 ἀρρωστίας
1141 3804 1687 3876 παραϐλαπτόμενον.
1736 3802 1844 3856 Καὶ
1890 3803 1938 3854 εί
1975 3801 2050 3872 μὴ

470 3899 607 3970 πρὸς
651 3898 878 3970 ἄπειρον
911 3896 1205 3963 ἐξετείνετο
1254 3897 1428 3968 μῆκος
1465 3897 1499 3967 ὴ
1531 3894 1839 3969 συγγραφὴ,
1875 3893 2052 3949 πάντα

470 3989 537 4042 ἂν
565 3989 796 4060 καθεξῆς
821 3988 1168 4060 διηγησάμην
1187 4004 1202 4018 °
1230 3989 1377 4050 ὅπως
1400 3988 1613 4059 ἐπήρθη
1648 3987 1725 4057 τῷ
1754 3987 1897 4057 λόγῳ
1925 3985 2054 4057 περί

471 4099 532 4134 τε
559 4084 660 4151 τῆς
686 4081 863 4151 ψυχῆς
890 4082 1020 4150 ἡμῖν
1042 4079 1406 4149 φιλοσοφοῦσα
1424 4120 1439 4145 ,
1470 4081 1566 4132 καὶ
1598 4079 1695 4149 τῆς
1730 4078 1817 4131 διὰ
1853 4077 2055 4149 σαρκὸς

476 4172 620 4242 ζωῆς
642 4170 740 4242 τὴν
769 4172 947 4225 αἰτίαν
978 4170 1250 4234 διεξιοῦσα
1271 4188 1283 4200 ’
1321 4172 1415 4224 καὶ
1443 4172 1569 4224 ὅτου
1596 4169 1757 4240 χάριν
1789 4168 1818 4220 6
1847 4167 2058 4237 ἄνθρω-

477 4280 577 4326 πος
597 4303 611 4326 ,
646 4264 741 4316 καὶ
777 4263 924 4326 ὅπως
966 4262 1158 4334 θνητός
1180 4278 1193 4293 ⁸
1219 4263 1312 4316 καὶ
1336 4262 1458 4316 ὃθεν
1481 4263 1509 4314 ὁ
1533 4261 1762 4324 θάνατος
1784 4278 1797 4291 ·
1839 4260 1934 4313 καὶ
1974 4258 2059 4322 τίς

479 4357 513 4425 ἡ
548 4355 655 4408 ἀπὸ
679 4354 871 4407 τούτου
903 4355 1041 4425 πρὸς
1060 4354 1159 4425 τὴν
1185 4353 1330 4426 ζωὴν
1353 4354 1515 4408 πάλιν
1539 4352 1814 4415 ἀνάλυσις.
1859 4352 1947 4405 Ἐν
1979 4346 2060 4413 οἷς

2205 2711 2280 2763 Ac
2310 2711 2776 2783 quemadmodum
2808 2711 2929 2776 Job,
2965 2720 3024 2765 ut
3055 2711 3112 2765 in
3161 2709 3281 2783 ejus
3314 2709 3541 2766 historia
3574 2711 3710 2782 legi-

2130 2817 2273 2865 mus,
2340 2804 2592 2872 quamvis
2650 2813 2821 2858 totum
2860 2819 3097 2873 corpus,
3134 2781 3416 2858 ulcei‘ibus
3467 2803 3713 2873 undique

2131 2896 2601 2963 putrescentibus,
2651 2896 2806 2951 sanie
2867 2894 3304 2957 contabesceret,
3363 2908 3587 2947 sensum
3644 2892 3713 2946 ad

2132 2986 2377 3042 dolorem
2411 2987 2796 3042 ratiocinando
2824 3004 2934 3042 non
2963 2987 3291 3042 demittchat
3318 3000 3332 3038 :
3362 2985 3457 3039 sed
3485 2998 3717 3054 corpore

2134 3082 2354 3151 quidem
2379 3080 2652 3136 sentiebat
2677 3080 2944 3145 dolorem,
2978 3079 3162 3133 animo
3190 3090 3320 3130 vero
3345 3075 3412 3129 ad
3436 3076 3716 3145 prepriam

2135 3174 2408 3228 actionem
2460 3172 2634 3226 nihilo
2678 3170 2857 3227 factus
2889 3178 3001 3225 erat
3050 3168 3418 3234 imbecillior;
3456 3183 3557 3221 nec
3595 3182 3719 3222 ser-

2138 3278 2353 3318 monem
2381 3263 2669 3318 altioribus
2702 3262 2769 3315 de
2800 3261 2965 3315 rebus
3012 3259 3323 3313 institutum
3354 3257 3722 3325 interrumpe-

2138 3356 2269 3410 bat:
2323 3355 2405 3409 sic
2462 3355 2515 3408 in
2559 3368 2769 3423 magna
2822 3352 2915 3406 illa
2945 3351 3285 3405 cernebam:
3340 3348 3544 3403 etenim
3599 3347 3726 3403 licet

2141 3446 2311 3501 febris
2345 3460 2507 3500 omne
2554 3445 2726 3499 robur
2774 3442 2950 3511 ipsius
2997 3441 3359 3503 exsiccasset,
3416 3444 3471 3492 et
3520 3452 3723 3507 corpus

2143 3539 2264 3608 ejus
2292 3544 2550 3604 tanquam
2587 3548 2710 3588 rore
2741 3530 2981 3603 quodam
3011 3528 3367 3598 frigefaciens
3397 3526 3465 3581 ad
3495 3535 3727 3588 mortem

2145 3622 2521 3692 compelleret,
2553 3625 2792 3674 mentem
2821 3625 3003 3672 tamen
3028 3616 3364 3686 expeditam,
3393 3626 3447 3670 et
3470 3625 3728 3684 tanquam

2149 3714 2342 3770 morbo
2366 3713 2615 3776 illaesam,
2639 3711 2695 3764 in
2719 3724 2904 3764 rerum
2929 3708 3249 3764 sublimium
3271 3707 3733 3775 contemplatione

2150 3804 2450 3860 detinebat.
2480 3801 2638 3869 Quod
2664 3801 2770 3856 nisi
2799 3815 3040 3864 vererer,
3062 3814 3132 3854 ne
3162 3800 3221 3853 in
3250 3790 3578 3853 immensum
3605 3812 3732 3850 ora-

2150 3898 2230 3952 tio
2250 3896 2687 3967 protraheretur,
2712 3892 2907 3948 ordine
2931 3899 3130 3947 cuncta
3157 3899 3484 3962 persecutus
3509 3905 3685 3953 esse,“
3714 3906 3725 3939 :

2155 3987 2430 4059 quomodo
2474 3986 2707 4053 dicendo
2762 3990 3019 4054 provecta
3067 3984 3163 4047 sit,
3202 3989 3260 4035 ut
3298 3988 3352 4036 et
3386 3981 3453 4035 de
3498 3980 3734 4045 hominis

2156 4082 2341 4136 animo
2374 4080 2701 4149 disputaret,
2736 4077 3114 4147 rationemque
3143 4077 3268 4130 vita:
3293 4075 3460 4144 hujus
3484 4074 3541 4128 in
3567 4088 3733 4138 carne

2157 4180 2528 4245 percurreret,
2569 4179 2624 4227 et
2652 4186 2813 4241 quem
2841 4169 2909 4224 ad
2944 4169 3104 4226 ﬁnem
3142 4170 3331 4235 homo,
3361 4176 3417 4222 et
3459 4165 3736 4237 quomodo

2159 4264 2412 4321 mortalis
2435 4271 2490 4319 et
2519 4279 2628 4334 qua
2660 4264 2728 4318 de
2762 4277 2929 4317 causa
2970 4260 3319 4324 immortalis,
3365 4267 3419 4314 et
3449 4274 3572 4328 qua:
3612 4257 3739 4318 hinc

2164 4352 2233 4407 ad
2265 4353 2491 4407 alteram
2516 4376 2522 4381 ·
2547 4353 2716 4405 vitam
2786 4351 3076 4406 resolutio.
3115 4350 3246 4416 Quae
3284 4348 3503 4418 quidem
3555 4346 3751 4405 omnia,

484 4450 916 4523 ἀπασιν,ῶσπερ
949 4449 1349 4521 ἐμπνευσθεῖσα
1394 4451 1461 4521 τῇ
1501 4448 1725 4519 δυνάμει
1767 4446 1862 4499 τοῦ
1906 4445 2034 4514 ἁγίοε

2136 4453 2429 4516 .tanquam
2465 4445 2517 4498 vi
2562 4443 2793 4514 spiritus
2831 4451 3006 4511 rapta,
3052 4441 3328 4510 sapienter
3374 4437 3753 4505 distincteque,

482 4544 624 4600 Πνεύ
632 4563 797 4616 ματος
822 4545 995 4598 πάντα
1013 4542 1210 4614 διεξῄει
1235 4541 1421 4611 σαφῶς
1440 4558 1499 4593 τε
1524 4540 1618 4593 καὶ
1643 4537 1970 4601 ἀκολούθως,
2000 4537 2059 4590 ἐν

486 4637 706 4706 εὐκολίᾳ
738 4637 889 4708 πάσῃ
916 4635 1011 4689 τοῦ
1045 4634 1204 4703 λόγου
1241 4634 1455 4705 ῥέοντος
1484 4630 1735 4701 καθάπερ
1783 4630 1847 4682 ἐκ
1876 4628 2059 4699 πηγῆς

489 4743 653 4791 τινος,
689 4726 784 4779 καὶ
811 4725 1263 4796 ἀπαραποδίστως
1285 4723 1422 4795 πρὸς
1448 4723 1507 4776 τὸ
1530 4720 1734 4793 πρανὲς
1762 4719 2062 4790 φερομένου

491 4818 585 4872 τοῦ
608 4817 816 4879 ὓδατος.

576 4910 729 4961 Ἐπεὶ
751 4907 809 4960 δέ
837 4906 1214 4978 συνεπεράσθη
1248 4905 1497 4976 ὁλόγος,‹
1530 4904 1670 4975 ’Ὥρα
1701 4919 1803 4969 σοι,
1838 4919 1856 4955 ιν
1883 4902 2069 4972 φησὶν,

499 5020 519 5053 ι
546 4999 760 5068 ἀδελφέ,
792 4996 973 5067 πολλῷ
995 4997 1074 5067 τῷ
1093 4998 1245 5066 κόπῳ
1276 4999 1372 5069 τῆς
1387 4996 1691 5067 ὁδοιπορίας
1717 4992 2070 5063 πεπονηκότι,

499 5089 670 5162 βραχύ
691 5106 745 5141 τι
773 5085 1130 5140 διαναπαῦσαι
1158 5084 1219 5139 τὸ
1242 5085 1419 5157 σῶμα.
1451 5105 1469 5137 ι
1497 5085 1674 5155 Κάμολ.
1720 5082 1931 5152 μεγάλη
1975 5080 2073 5151 μὲν

499 5182 593 5236 καὶ
617 5179 822 5252 ἀληθὴς
856 5179 1036 5242 ἄνεσις
1057 5173 1124 5249 ἦν
1149 5179 1208 5231 τὸ
1241 5179 1513 5249 προσορᾷν
1553 5194 1612 5230 τε
1651 5174 1821 5246 αὐτὴν
1847 5174 1942 5227 καὶ
1967 5171 2075 5226 τῶν

505 5271 757 5343 μεγάλων
807 5268 1182 5340 ἐπακροᾶσθαι
1227 5268 1399 5336 λόγων
1421 5285 1433 5300 ·
1485 5268 1607 5321 ἐπεὶ
1639 5267 1694 5320 δὲ
1726 5265 1884 5319 τοῦτο
1911 5281 2077 5335 κεχα-

507 5362 757 5435 ρισμένον
800 5357 869 5432 ἦν
908 5360 1002 5414 καὶ
1057 5359 1207 5428 φίλον
1255 5360 1428 5431 αὐτῇ,
1484 5358 1557 5421 ὡς
1610 5358 1675 5412 ἂν
1720 5357 1808 5410 διὰ
1861 5357 2076 5410 πάντων

505 5452 785 5508 πείθεσθαι
817 5456 883 5523 τῇ
909 5453 1209 5521 διδασκάλῳ
1234 5451 1469 5522 δοκοίην,
1503 5450 1557 5503 ἓν
1601 5468 1704 5504 τινι
1751 5448 1860 5502 τῶν
1901 5464 2079 5517 παρα-

507 5543 775 5614 κειμένων
802 5544 1014 5613 κηπίων
1061 5542 1356 5616 χαρίεσσάν
1406 5560 1524 5595 τινα
1567 5540 1894 5611 καταγωγὴν
1935 5554 2081 5609 παρ-

509 5631 916 5702 εσκευασμένην
947 5633 1153 5704 εὑρὼν,
1201 5634 1306 5687 ὑπὸ
1360 5632 1457 5703 τὴν
1511 5633 1618 5685 τῶν
1678 5628 2080 5700 ἀναδενδράδων

517 5724 1074 5799 σκιάνῐάνεπαυόμην·
1108 5725 1219 5780 ἀλλ’
1252 5726 1351 5779 οὐκ
1377 5721 1440 5799 ἦν
1467 5723 1688 5778 δυνατὸν
1721 5721 1828 5777 τῶν
1857 5721 2082 5791 εὐφραι-

2169 4536 2490 4602 declaravit,
2520 4537 2773 4591 oratione
2806 4535 2978 4605 ipsius
3020 4533 3176 4586 facile
3209 4539 3469 4599 tanquam
3501 4544 3640 4598 aqua
3675 4544 3765 4594 ex,

2169 4629 2355 4699 aliquo
2381 4628 2533 4683 fonte
2572 4626 2842 4682 defluente
2876 4633 2928 4680 et
2955 4625 3073 4680 sine
3101 4623 3213 4676 ullo
3236 4621 3628 4692 impedimento
3648 4635 3742 4690 per

2170 4737 2404 4794 pronum
2435 4721 2635 4775 delata.

2241 4898 2408 4952 Facto
2437 4905 2617 4951 autem
2636 4894 2854 4951 dicendi
2884 4894 2990 4952 fine
3020 4913 3033 4950 :
3066 4915 3083 4946 ι
3109 4895 3348 4965 Tempus
3377 4900 3478 4956 est,
3497 4911 3515 4943 ι
3546 4891 3734 4961 inquit,

2177 5009 2196 5042 ‹
2238 4990 2428 5051 frater,
2457 4997 2516 5041 ut
2563 4987 2844 5058 paulisper
2887 4987 3161 5056 quiescas,
3215 4992 3269 5039 et
3315 4998 3515 5052 corpus
3554 4997 3739 5044 cures,

2172 5082 2377 5152 quippe
2423 5081 2517 5150 qui
2560 5080 2627 5133 de
2653 5079 2741 5133 via
2786 5080 2948 5149 longa
3004 5078 3184 5132 fessus
3228 5076 3324 5129 sis.
3351 5094 3369 5127 ι
3411 5074 3520 5143 Ego
3567 5080 3740 5127 autent

2172 5172 2426 5244 quamvis
2466 5172 2518 5224 in
2559 5171 2679 5240 ejus
2706 5177 2930 5239 aspectu
2953 5178 3005 5221 et
3037 5180 3310 5227 sermone,
3346 5172 3459 5216 tam
3492 5160 3751 5231 gravibus

2178 5265 2247 5321 de
2275 5263 2443 5318 rebus
2481 5262 2832 5316 vehementer
2880 5273 3118 5328 vereque
3145 5256 3619 5325 conquiescerem,
3666 5260 3751 5304 ta-

2180 5367 2304 5407 men
2332 5351 2589 5422 quoniam
2628 5351 2708 5405 sic
2730 5349 2780 5403 ei
2814 5356 3031 5419 gratum
3074 5357 3214 5413 erat,
3258 5363 3326 5400 ne
3354 5360 3462 5398 non
3489 5345 3542 5397 in
3574 5342 3755 5396 omni-

2183 5442 2284 5498 bus
2316 5441 2590 5511 magistra:
2618 5454 2887 5510 parerem,
2929 5439 2986 5491 in
3033 5438 3209 5491 hortis
3235 5434 3503 5506 proximis
3535 5440 3753 5503 gratum

2183 5532 2455 5602 quoddam
2480 5531 2849 5586 diversorium
2880 5535 3100 5591 nactus,
3132 5528 3234 5582 sub
3258 5526 3606 5580 arbustorum
3638 5538 3757 5575 um-

2187 5623 2288 5679 bra
2321 5622 2696 5693 quiescebam,
2762 5619 2856 5677 sed
2904 5610 3110 5674 nullam
3162 5633 3231 5673 ex
3282 5616 3449 5672 rebus
3497 5610 3756 5685 jucundis

2190 5721 2437 5787 poteram
2500 5713 2917 5771 oblectationem
2983 5710 3286 5780 percipere,
3349 5722 3471 5762 cum
3541 5702 3756 5758 animus
