4068 6154
370 294 476 354 979

1626 296 1685 357 S.
1725 293 2050 352 GREGORII
2082 293 2368 350 NYSSENI

3527 292 3629 354 980

370 413 521 470 intus
543 430 725 469 rerum
743 417 984 472 tristium
1005 416 1420 486 exspectatione
1438 422 1797 486 premeretur.
1813 412 1939 467 Nam

2052 412 2252 464 νόντων
2279 410 2379 481 τὴν
2417 408 2669 478 αἴσθησιν
2721 408 2889 480 ἔχειν,
2943 408 3042 479 τῆς
3094 406 3275 479 ψυχῆς
3302 406 3515 462 ἔνδοθεν
3559 414 3628 483 τῇ

369 522 562 561 eorum
607 524 730 577 quae
779 524 875 579 per
918 509 1155 578 quietem
1205 524 1528 580 aspexeram
1599 509 1829 579 aenigma
1875 522 1940 561 ex

371 600 735 667 praesentibus
753 600 1014 670 explicari
1040 600 1351 655 videbatur.
1384 601 1771 670 Spectaculum
1795 599 1942 654 enim

372 692 710 760 prapositum
730 705 858 745 vere
884 691 1059 746 sancti
1080 692 1336 763 martyris
1362 692 1624 762 reliquias
1650 690 1940 753 referebat,

370 795 494 846 qua:
525 789 749 848 peccato
778 780 999 851 quidem
1050 788 1277 835 mortua:
1324 780 1665 835 inhabitante
1702 779 1942 849 Spiritus

370 868 547 939 gratia
588 871 1054 942 splendescerent.
1103 871 1170 926 Et
1201 872 1317 926 haec
1360 871 1577 927 cuidam
1617 886 1805 925 eorum
1847 869 1943 940 qui

349 973 587 1014 .mecum
651 969 810 1014 erant
874 961 1148 1030 exposui:
1204 976 1327 1015 cum
1384 966 1564 1014 autem
1618 958 1943 1014 demissiore

371 1044 556 1103 animo
582 1047 764 1104 tristia
793 1058 1262 1120 exspectaremus,
1308 1049 1400 1103 ilia
1448 1049 1634 1104 nescio
1667 1047 1943 1118 quomodo

368 1141 730 1213 cogitationes
761 1149 985 1199 nostras
1017 1142 1343 1213 conjiciens,
1402 1141 1556 1195 misit
1590 1140 1684 1211 qui
1732 1140 1943 1195 laetiora

370 1229 739 1298 denuntiaret,
761 1232 961 1302 jubens
990 1247 1093 1290 nos
1124 1233 1270 1287 bono
1300 1246 1423 1288 esse
1451 1232 1635 1285 animo
1671 1240 1722 1285 et
1751 1230 1945 1285 melio-

371 1337 487 1376 rem
515 1322 584 1378 de
616 1338 677 1378 se
704 1338 857 1393 spem
888 1324 1211 1394 concipere:
1245 1324 1485 1379 sensisse
1517 1321 1660 1377 enim
1691 1320 1940 1376 morbum

368 1413 426 1466 in
454 1413 650 1470 melius
678 1414 836 1469 verti.
871 1412 995 1470 Haec
1017 1421 1200 1469 autem
1228 1430 1336 1468 non
1370 1414 1434 1467 ad
1464 1428 1562 1468 nos
1590 1411 1943 1481 decipiendos

369 1503 711 1570 dicebantur,
760 1505 854 1560 sed
899 1519 966 1560 ex
997 1519 1149 1572 vero,
1207 1504 1334 1560 licet
1365 1518 1431 1560 eo
1461 1511 1710 1574 tempore
1744 1516 1846 1556 nos
1889 1500 1942 1555 id

369 1594 751 1664 ignoraremus
779 1614 792 1651 :
824 1610 1014 1651 revera
1044 1595 1190 1650 enim
1222 1603 1484 1666 tanquam
1515 1607 1715 1648 cursor
1742 1592 1943 1661 aliquis

369 1680 688 1739 adversario
718 1692 975 1754 superato
1002 1683 1223 1755 jamjam
1253 1684 1417 1740 stadii
1446 1691 1643 1738 metam
1670 1685 1942 1754 attingens

369 1781 424 1826 et
455 1773 524 1827 ad
559 1776 843 1844 praemium
893 1779 1363 1848 appropinquans,
1395 1777 1751 1847 victoriaeque
1779 1791 1939 1831 curo-
1972 1765 2014 1823 Β

370 1878 496 1919 nam
528 1865 825 1935 aspiciens,
879 1874 1143 1938 tanquam
1172 1868 1284 1922 voti
1310 1867 1424 1937 jam
1461 1881 1688 1937 compos
1719 1865 1946 1921 eil‘ectus

372 1952 463 2019 sit,
496 1953 737 2021 lmtatur,
768 1955 984 2026 sibique
1011 1962 1066 2012 et
1099 1956 1292 2011 amicis
1325 1957 1506 2010 laetum
1537 1955 1784 2010 victoriae
1811 1969 1948 2008 nun-

369 2045 506 2101 tium
560 2044 755 2101 affert:
797 2047 879 2103 sic
916 2047 1009 2102 illa
1037 2062 1258 2119 quoque
1287 2045 1481 2103 aﬁ‘ecta
1526 2047 1755 2102 meliora
1785 2046 1853 2101 de
1885 2063 1947 2103 se

365 2137 596 2207 jubebat
618 2152 840 2210 sperare
866 2159 878 2193 :
909 2139 1024 2209 jam
1057 2154 1309 2210 superna:
1330 2140 1637 2195 vocationis
1659 2142 1942 2209 prtemium

370 2234 648 2296 spectans,
675 2243 741 2283 ac
769 2237 980 2283 tantum
1024 2244 1135 2283 non
1186 2228 1277 2284 illa
1305 2228 1552 2299 Apostoii
1583 2228 1745 2284 verba
1783 2229 1854 2284 de
1891 2244 1952 2285 se

368 2315 533 2371 etiam
567 2316 758 2372 dicens
782 2317 826 2382 ¹,
868 2336 886 2368 ι
910 2316 985 2371 De
1015 2317 1234 2388 reliquo
1280 2316 1526 2387 reposita
1568 2324 1654 2371 est
1688 2316 1819 2369 mihi
1856 2330 1949 2370 co-

368 2420 505 2462 rona
555 2407 786 2477 justitiu:
837 2423 1002 2479 quam
1041 2408 1233 2463 reddet
1288 2407 1421 2461 mihi
1473 2406 1659 2477 justus
1698 2405 1942 2473 Iudex,»

368 2498 810 2569 quandoquidem
850 2518 868 2551 ι
892 2499 1095 2554 bonum
1136 2506 1417 2554 certamen
1451 2498 1679 2562 certavi,
1733 2506 1787 2552 et
1819 2514 1947 2553 cur-

368 2604 489 2646 sum
516 2590 917 2657 consummavi,
940 2595 996 2646 et
1019 2589 1179 2644 fidem
1209 2589 1443 2645 servavi.
1468 2607 1487 2641 ι

2050 502 2158 555 τῶν
2206 499 2542 572 σκυθρωπῶν
2579 499 2755 554 ἐλπίδι
2796 499 3178 571 συνεχομένης.
3213 499 3335 552 Τῶν
3365 499 3476 571 γάρ
3530 502 3612 553 ἐν-

2051 591 2258 644 υπνίων
2291 593 2324 660 ή
2352 591 2474 661 ὄψις
2504 590 2866 646 ἐκκαλύπτειν
2894 608 2984 661 μοι
3018 590 3105 643 διὰ
3132 590 3241 644 τῶν
3287 592 3632 663 φαινομένων

2050 681 2225 735 ἐδόκει
2253 682 2311 735 τὸ
2352 682 2597 752 αἴνιγμα.
2638 678 2746 737 Ἦν
2797 681 2905 754 γὰρ
2939 682 3015 746 ὡς
3067 682 3264 752 ἀληθὲς
3301 683 3361 736 τὸ
3409 686 3633 755 προκεί-

2052 784 2207 842 μενον
2257 772 2468 843 θέαμα,
2519 773 2797 844 μάρτυρος
2853 773 3008 841 ἁγίου
3055 772 3314 842 λείψανα.
3363 775 3400 829 ἃ
3431 778 3499 846 τῇ
3532 777 3628 845 μὲν

2051 865 2293 936 ἁμαρτίᾳ
2329 864 2680 935 ἐνενέκρωτο,
2706 868 2772 936 τῇ
2801 865 2857 918 δὲ
2886 864 3172 937 ἐνοικούσῃ
3191 866 3284 919 τοῦ
3312 866 3628 937 Πνεύματος

2050 954 2231 1026 χάριτι
2264 954 2660 1025 κατελάμπετο.
2706 956 2815 1010 Καὶ
2848 954 3021 1009 ταῦτα
3051 958 3187 1029 πρός
3226 975 3351 1011 τινα
3398 959 3626 1031 διεξῄειν

2047 1046 2156 1099 τῶν
2192 1045 2614 1117 προακηκοότων
2654 1064 2753 1118 μου
2800 1047 2860 1100 τὸ
2900 1047 3182 1101 ἐνύπνιον·
3219 1048 3625 1120 κατηφέστερον

2048 1137 2101 1190 δὲ
2124 1135 2265 1192 κατὰ
2292 1136 2355 1189 τὸ
2391 1137 2538 1201 είκδς
2565 1137 2723 1207 ἡμῶν
2765 1140 2822 1191 ἐν
2868 1139 2933 1209 τῇ
2970 1139 3267 1210 προσδοκίᾳ
3310 1140 3420 1191 τῶν
3456 1139 3626 1211 λυπη-

2051 1226 2160 1298 ρῶν
2207 1227 2583 1298 διακειμένων,
2630 1229 2732 1282 οὐκ
2776 1224 2875 1283 οἷδ’
2924 1229 3071 1291 ὅπως
3109 1230 3489 1300 στοχασαμένη
3527 1231 3624 1300 τῆς

2049 1320 2108 1370 ἐν
2152 1320 2283 1389 ἡμῖν
2324 1318 2580 1386 διανοίας,
2630 1320 2891 1390 ἀγγελίαν
2933 1320 3057 1382 τινὰ
3098 1319 3208 1375 τῶν
3246 1320 3625 1392 εὐθυμοτέρων

2050 1410 2187 1481 πρὸς
2221 1411 2368 1480 ἡμᾶς
2406 1410 2852 1482 διαπεμψαμένη,
2889 1410 3110 1483 θαρρεῖν
3141 1411 3504 1476 ἐνεκελεύετο,
3529 1412 3624 1474 xui

2049 1499 2150 1563 τὰς
2179 1499 2437 1569 ἀμείνους
2481 1499 2622 1571 ὑπὲρ
2663 1501 2833 1571 αὐτῆς
2879 1500 3024 1571 ἔχειν
3054 1500 3303 1565 ἐλπίδας·
3359 1500 3625 1571 ἐπῄσθετο

2049 1592 2157 1662 γὰρ
2185 1593 2286 1660 τῆς
2325 1592 2462 1662 πρὸς
2498 1591 2558 1645 τὺ
2585 1594 2828 1663 κρεῖττον
2860 1594 3053 1664 ῥοπῆς.
3089 1592 3274 1647 Ταῦτα
3311 1593 3369 1646 δὲ
3396 1594 3459 1646 οὐ
3487 1592 3623 1664 πρὸς

2050 1684 2265 1755 ἀπάτην
2294 1683 2539 1751 ἐλέγετο,
2580 1683 2694 1737 ἀλλ’
2727 1683 2787 1748 ἐξ
2820 1683 2988 1754 αὐτῆς
3016 1683 3115 1754 τῆς
3136 1683 3394 1754 ἀληθείας
3414 1685 3443 1737 6
3465 1682 3623 1752 λόγος

2040 1772 2129 1847 ἧν,
2158 1776 2262 1829 κᾶν
2311 1778 2470 1846 ἡμεῖς
2503 1775 2639 1846 πρὸς
2673 1774 2734 1828 τὸ
2761 1767 2934 1846 παρὸν
2969 1776 3337 1847 ὴγνοήσαμεν.
3384 1772 3476 1845 Τῷ
3509 1773 3621 1827 ὄντι

2042 1863 2149 1936 γὰρ
2182 1863 2432 1935 καθάπερ
2459 1881 2543 1925 τις
2587 1863 2821 1935 δρομεὺς
2868 1862 3243 1935 παραδραμὼν
3277 1863 3366 1916 τὸν
3395 1862 3624 1917 ἀντίπα-

2040 1954 2152 2021 λον,
2185 1954 2278 2007 xui
2322 1953 2423 2024 ἤδη
2452 1953 2588 2025 πρὸς
2618 1953 2696 2024 τῷ
2732 1953 2965 2025 τέρματι
2989 1953 3084 2007 τοῦ
3136 1953 3351 2009 σταδίου
3398 1953 3622 2024 γενόμε-

2039 2063 2158 2111 νος,
2202 2045 2582 2116 προσεγγίζων
2622 2045 2699 2117 τῷ
2745 2044 3008 2117 βραϐείῳ,
3058 2046 3156 2099 xui
3206 2045 3300 2100 τὸν
3353 2045 3623 2101 ἐπινίκιον

2042 2137 2302 2206 στέφανον
2346 2136 2576 2207 βλέπων,
2606 2136 2681 2201 ὡς
2722 2138 2825 2209 ἥδη
2854 2137 3168 2210 τετυχηκὼς
3190 2139 3300 2193 τῶν
3323 2139 3619 2209 προκειμέ-

2041 2244 2146 2281 νων
2174 2226 2538 2294 ἐπαγάλλεται
2576 2227 2737 2291 αὐτὸς
2763 2227 2962 2299 έαυτῷ,
2985 2228 3081 2283 xui
3107 2232 3218 2294 τοῖς
3247 2229 3620 2299 εὐνουστέροις

2042 2316 2151 2371 τῶν
2183 2316 2390 2371 θεατῶν
2419 2316 2518 2388 τὴν
2557 2318 2713 2388 νίκην
2752 2318 3194 2388 εὐαγγελίζεται·
3227 2320 3334 2374 ἀπὸ
3369 2319 3620 2391 τοιαύτης

2042 2409 2175 2476 ἡμῖν
2200 2405 2491 2472 διαθέσεως
2528 2408 2758 2480 κάκείνη
2796 2410 2866 2463 τὰ
2897 2412 3238 2484 χρηστότερα
3280 2413 3407 2483 περὶ
3451 2412 3623 2481 αὐτῆς

2045 2497 2283 2561 ἐλπίζειν
2308 2498 2527 2568 ἐδήλου·
2552 2499 2653 2569 ἤδη
2682 2498 2816 2569 πρὸς
2844 2503 2905 2553 τὸ
2936 2500 3188 2572 βραϐεῖον
3221 2503 3322 2572 τῆς
3351 2501 3464 2556 ἄνω
3489 2502 3623 2572 κλή-

2046 2604 2182 2651 σεως
2220 2589 2490 2659 βλέπουσα
2509 2630 2525 2656 ,
2576 2590 2670 2643 xui
2718 2592 3000 2663 μονονουχὶ
3045 2592 3106 2646 τὸ
3153 2591 3248 2647 τοῦ
3297 2593 3356 2645 Ἀ
3367 2591 3620 2645 ποστόλου

368 2681 732 2755 φθεγγομένη,
795 2684 877 2737 ὅτι
933 2703 953 2736 ι
1037 2683 1354 2741 Ἀπόκειταί
1402 2701 1493 2753 μοι
1547 2683 1734 2737 λοιπὸν
1780 2684 1808 2735 6
1851 2682 1951 2751 τῆς
2021 2682 2366 2754 δικαιοσύνης
2412 2684 2708 2755 στέφανος,
2755 2684 2815 2738 ὃν
2876 2686 3142 2742 ἀποδώσει
3187 2704 3279 2758 μοι
3325 2688 3356 2740 6
3414 2686 3623 2748 δίκαιος

366 2776 580 2847 Κριτής
600 2794 612 2806 ·
644 2795 663 2827 ι
690 2776 876 2847 ἐπειδὴ
910 2795 929 2829 ι
957 2775 1049 2831 τὸν
1078 2777 1246 2831 καλὸν·
1274 2776 1459 2846 ἀγῶνα
1485 2776 1812 2847 ἠγώνισμαι,
1844 2776 1938 2828 xui
1964 2774 2058 2829 τὸν
2092 2775 2289 2847 δρόμον
2317 2777 2572 2831 τετέλεκα
2600 2778 2694 2831 xui
2716 2778 2815 2850 τὴν
2844 2779 3022 2833 πίστιν
3049 2781 3346 2852 τετήρηκα.
3380 2797 3399 2831 ι

435 2870 519 2924 Ad
544 2869 812 2924 honorum
840 2871 1007 2943 igitur
1041 2872 1293 2926 nuntium
1330 2873 1561 2926 recreati
1599 2872 1940 2928 surreximus

368 2970 427 3017 ut
483 2961 552 3017 iis
601 2963 965 3031 praesentibus
1014 2960 1361 3018 frueremur:
1398 2971 1556 3018 erant
1597 2971 1781 3018 autem
1824 2962 1941 3017 haec

2129 2872 2319 2943 Ἡμεῖς
2355 2874 2453 2945 μὲν
2502 2870 2596 2927 οὖν
2622 2876 2759 2945 πρὸς
2799 2876 2900 2946 τὴν
2940 2874 3052 2928 τῶν
3085 2872 3305 2942 ἀγαθῶν
3357 2872 3621 2940 ἀγγελίαν

2045 2961 2271 3034 εὔθυμοι
2316 2964 2715 3031 καταστάντες,
2755 2965 2855 3035 τῆς
2891 2964 3002 3019 τῶν
3043 2966 3420 3035 προκειμένων
3488 2962 3623 3015 ἀπο-

364 3055 537 3121 varia,
573 3062 625 3110 et
656 3053 859 3108 lzetitia:
903 3053 1099 3123 plenus
1125 3061 1440 3123 apparatus.
1473 3052 1607 3108 Nam
1658 3055 1939 3124 hucusque

2045 3054 2290 3118 λαύσεως
2321 3050 2481 3126 ἦμεν.
2515 3056 2741 3110 Ποικίλα
2788 3056 2845 3110 δέ
2873 3051 2941 3123 ἦν
2968 3055 3163 3119 ταῦτα,
3190 3054 3286 3109 xui
3318 3053 3497 3122 πάσης
3525 3071 3623 3107 πε-

366 3145 552 3203 studio
580 3159 775 3215 magna
803 3145 894 3199 illa
926 3143 1285 3200 descenderat
1312 3163 1324 3197 :
1358 3159 1546 3198 verum
1589 3160 1713 3198 cum
1741 3159 1936 3201 rursus

365 3234 422 3288 in
456 3233 576 3302 ejus
607 3242 958 3302 conspectum
998 3233 1367 3298 venissemus,
1395 3247 1503 3287 non
1534 3233 1786 3303 permisit
1819 3234 1939 3289 ina-

367 3325 509 3380 niter
537 3333 753 3394 tempus
785 3338 1133 3387 consumere,
1167 3327 1264 3380 sed
1290 3340 1320 3378 a
1345 3325 1583 3396 pueritia
1607 3340 1707 3380 sua
1729 3342 1938 3382 memo-

365 3417 502 3471 riam
530 3430 721 3472 eorum
767 3425 1040 3487 repetens,
1075 3432 1197 3488 quae
1246 3416 1618 3488 contigerant,
1673 3424 1935 3487 tanquam

365 3505 433 3560 de
458 3506 668 3576 scripto
695 3507 877 3561 omnia
914 3508 1257 3571 recensebat,
1289 3522 1469 3577 neque
1493 3506 1585 3562 illa
1615 3506 1939 3577 praetermit:

366 3606 508 3661 tens,
541 3614 663 3670 qua:
687 3599 756 3655 de
791 3611 1078 3670 parentum
1115 3607 1430 3655 nostrorum
1460 3599 1572 3654 vita
1604 3596 1934 3655 recordaba-

364 3697 472 3753 tur,
503 3703 735 3761 quaeque
767 3692 851 3747 vel
880 3700 1009 3748 ante
1040 3692 1124 3746 vel
1152 3699 1276 3761 post
1303 3699 1487 3746 ortum
1516 3704 1697 3745 meum
1730 3703 1934 3745 evene-

365 3789 530 3838 rant:
573 3783 875 3840 narrationi
920 3792 1100 3839 autem
1131 3789 1177 3839 is
1208 3790 1330 3838 erat
1368 3783 1685 3853 propositus
1723 3781 1847 3837 finis
1876 3792 1936 3837 ut

366 3872 475 3931 Deo
495 3872 703 3947 gratias
727 3883 912 3947 ageret
937 3895 950 3926 :
982 3877 1227 3946 ipsorum
1253 3875 1397 3930 enim
1425 3881 1715 3944 parentum
1747 3874 1933 3940 vitam,

367 3980 475 4020 non
509 3974 620 4020 tam
648 3967 845 4036 opibus
882 3966 1088 4019 claram
1125 3973 1180 4021 et
1222 3965 1513 4029 illustrem,
1550 3979 1715 4035 quam
1750 3963 1935 4019 divina

365 4055 706 4127 benignitate
744 4064 959 4110 auctam
1011 4056 1459 4126 cumulatamque
1497 4055 1930 4120 demonstrabat,

363 4164 489 4201 cum
518 4155 741 4218 propter
769 4147 1177 4203 confessionem
1214 4147 1421 4202 Christi
1455 4147 1627 4216 patris
1654 4147 1933 4218 genitores

366 4237 600 4294 fuissent
626 4239 927 4309 oppugnati
957 4248 1121 4311 atque
1145 4240 1325 4294 vexati
1352 4258 1366 4293 :
1402 4254 1564 4293 avum
1594 4247 1780 4294 autem
1813 4255 1932 4293 ma-

360 4335 576 4380 ternum
600 4326 907 4397 indignatio
935 4328 1080 4397 regia
1104 4328 1444 4392 sustulisset,
1466 4328 1761 4398 omniaque
1785 4329 1933 4392 illius

2044 3147 2301 3219 πλήρωτο
2329 3148 2596 3221 θυμηδίας
2631 3151 2665 3220 ή
2693 3148 3036 3221 παρασκευὴ,
3064 3145 3207 3200 οὕτω
3236 3147 3333 3217 τῆς
3364 3144 3622 3215 Μεγάλης

2044 3240 2139 3293 xui
2185 3239 2348 3313 μέχρι
2390 3240 2595 3294 τούτων
2636 3243 2703 3311 τῇ
2757 3240 2961 3309 σπουδῇ
3005 3236 3318 3307 κατιούσης.
3374 3235 3526 3289 Ἐπεὶ
3561 3234 3621 3288 δὲ

2044 3331 2206 3385 πάλιν
2251 3334 2310 3384 ἐν
2362 3331 2660 3402 ὀφθαλμοῖς
2695 3326 2838 3402 ἦμεν
2884 3330 3087 3402 αὐτῆς,
3141 3329 3201 3382 οὐ
3245 3328 3357 3399 γὰρ
3389 3328 3474 3381 εῐα
3516 3326 3619 3398 τὴν

2043 3418 2294 3489 εὐσχολον
2322 3418 2472 3490 ὤραν
2505 3421 2589 3487 ἐφ’
2631 3419 2837 3472 ἑαυτῶν
2868 3419 3096 3487 διάγειν,
3138 3416 3480 3471 ἀναλαϐοῦσα
3508 3416 3620 3468 τῶν

2043 3511 2110 3563 ἐκ
2135 3509 2382 3581 νεότητος
2425 3510 2596 3581 αὐτῆς
2630 3508 2975 3580 βεϐιωμένων
3007 3508 3106 3580 τὴν
3154 3508 3395 3579 μνήμην,
3447 3507 3622 3561 καθά-

2043 3616 2148 3671 περ
2189 3601 2281 3653 sui
2323 3601 2645 3672 συγγραφῆς
2676 3600 2852 3654 πάντα
2881 3600 3114 3670 καθεξῆς
3140 3599 3488 3669 διεξήρχετο·
3523 3597 3622 3651 xui

2042 3694 2143 3747 ὅσα
2175 3692 2274 3763 τῆς
2309 3691 2417 3747 τῶν
2445 3691 2693 3762 πατέρων
2723 3688 2867 3761 ζωῆς
2894 3690 2982 3744 διὰ
3022 3690 3242 3761 μνήμης
3269 3684 3406 3759 εἶχε,
3436 3688 3527 3742 xui
3552 3687 3621 3741 τά

2043 3784 2148 3855 πρὸ
2180 3785 2279 3855 τῆς
2325 3783 2466 3854 ἐμῆς
2499 3783 2826 3856 γεννήσεως,
2858 3782 2952 3836 xui
2975 3781 3067 3835 τὸν
3103 3781 3239 3851 μετά
3265 3780 3439 3833 ταῦτα
3474 3779 3617 3849 βίον·

2044 3875 2243 3939 σκοπὸς
2275 3875 2333 3929 δὲ
2362 3874 2508 3946 αὐτῇ
2540 3873 2633 3928 τοῦ
2678 3875 3013 3946 διηγήματος
3066 3869 3133 3944 ἦν
3174 3873 3310 3945 πρὸς
3342 3874 3435 3927 τὸν
3482 3871 3618 3927 Θεὸν

2042 3966 2379 4041 εὐχαριστία.
2420 3966 2543 4021 Τῶν
2589 3967 2699 4040 γὰρ
2737 3967 2941 4036 γονέων
2984 3966 3274 4021 ἀπεδείκνυ
3329 3965 3427 4020 τὸν
3471 3965 3616 4035 βίον,

2040 4058 2101 4112 οὐ
2141 4055 2393 4112 τοσοῦτον
2448 4059 2513 4110 ἐκ
2558 4057 2874 4129 περιουσίας
2918 4056 3167 4128 λαμπρὸν
3203 4059 3316 4120 τοῖς
3368 4057 3491 4109 τότε
3528 4057 3620 4110 xui

2045 4148 2403 4219 περίϐλεπτον
2465 4147 2626 4223 ὄντα,
2686 4148 2809 4201 ὅσον
2872 4150 2935 4201 ἐκ
2995 4146 3144 4210 θείας
3210 4145 3620 4216 φιλανθρωπίας

2041 4239 2445 4310 ἐπαυξηθέντα,
2475 4240 2587 4293 τῶν
2627 4239 2725 4310 μὲν
2776 4238 2871 4292 τοῦ
2919 4238 3120 4310 πατρὸς
3145 4238 3348 4308 γονέων
3393 4238 3479 4292 διά
3520 4239 3621 4309 τὴν

2042 4333 2124 4396 είς
2168 4331 2401 4403 Χριστὸν
2443 4330 2732 4403 ὁμολογίαν
2775 4330 3217 4402 δεδημευμένων·
3263 4328 3359 4383 τοῦ
3388 4330 3445 4383 δὲ
3479 4329 3622 4383 κατά

359 4414 505 4470 bona
529 4415 654 4471 aliis
682 4414 925 4471 dominis
954 4416 1333 4472 distribuisset
1358 4437 1371 4472 :
1403 4425 1645 4474 attamen
1672 4415 1808 4471 adeo
1835 4432 1934 4488 per

2043 4422 2253 4496 μητέρα
2278 4424 2621 4496 προπάτορος
2646 4425 2710 4477 ἐκ
2746 4422 3026 4493 βασιλικῆς
3063 4422 3485 4493 ἀγανακτήσεως
3527 4421 3620 4475 ἀν-

362 4504 522 4560 iidem
556 4505 820 4572 crevisse,
875 4514 936 4562 ut
987 4522 1054 4562 eo
1106 4513 1353 4577 tempore
1385 4508 1569 4562 nullus
1612 4507 1695 4563 eis
1736 4507 1938 4564 clarior

356 4597 652 4653 exstiterit.
704 4597 839 4655 Rem
881 4608 1061 4655 autem
1112 4599 1477 4664 familiarem,
1540 4599 1793 4669 quamvis
1838 4615 1938 4670 pro

359 4704 594 4746 numero
618 4690 915 4747 liberorum
943 4692 1235 4763 multiplici
1265 4695 1480 4749 ratione
1517 4691 1711 4750 fuisset
1734 4691 1931 4761 divisa,

359 4790 542 4837 tamen
570 4797 695 4838 eum
728 4785 1009 4839 cumulum
1035 4785 1218 4840 divina
1254 4786 1546 4842 clementia
1580 4788 1929 4858 suscepisse,

357 4882 419 4929 ut
455 4880 745 4944 parentum
777 4889 930 4945 opes,
960 4875 1304 4946 singulorum
1345 4878 1642 4934 liberorum
1679 4895 1803 4937 sors
1831 4896 1930 4936 su-

356 4965 631 5035 peraverit
656 4983 670 5020 :
703 4965 809 5022 sibi
831 4976 1015 5022 autem
1042 4984 1109 5024 ex
1128 4984 1284 5040 aequa
1309 4969 1363 5024 in
1394 4969 1593 5028 fratres
1616 4972 1930 5042 partitione,

354 5057 631 5127 reliquum
672 5054 872 5114 fecisse
900 5059 1059 5124 nihil,
1100 5061 1195 5116 sed
1239 5061 1424 5116 omnia
1463 5063 1720 5119 manibus
1750 5080 1935 5122 sacer-

355 5147 501 5205 dotis
532 5147 722 5204 divino
752 5150 1012 5206 mandato
1045 5150 1417 5222 dispensasse,
1445 5162 1499 5210 et
1531 5154 1642 5211 Deo
1676 5157 1934 5228 suppedi-

354 5246 508 5296 tante
535 5240 699 5295 talem
731 5241 834 5319 sibj
877 5242 1049 5299 fuisse
1078 5244 1267 5309 vitam,
1313 5255 1371 5299 ut
1397 5260 1575 5316 neque
1609 5255 1739 5302 tunc
1773 5247 1931 5317 juxta

356 5341 716 5402 praeceptum,
755 5334 1012 5390 manibus
1056 5334 1287 5391 desierit
1335 5336 1608 5403 laborare,
1656 5355 1833 5410 neque
1863 5340 1932 5395 ad

359 5421 631 5478 hominem
679 5440 921 5497 unquam
969 5431 1291 5497 respexerit,
1347 5437 1441 5484 aut
1494 5431 1550 5485 in
1602 5432 1932 5502 cujusquam

358 5512 720 5570 beneficentia
781 5515 1011 5573 honeste
1067 5518 1284 5579 vivendi
1341 5533 1496 5592 spem
1553 5520 1928 5577 collocaverit.

434 5696 454 5732 ι
487 5694 535 5752 ιι
568 5696 810 5755 Timoth.
843 5716 925 5769 ιν,
962 5704 1015 5757 7.

2040 4516 2319 4588 ῃρημένου
2341 4555 2355 4581 ,
2388 4516 2484 4570 xui
2521 4517 2741 4571 πάντων
2772 4514 2880 4570 τῶν
2934 4516 3243 4586 προσόντων
3274 4516 3355 4579 είς
3398 4514 3619 4585 ἐτέρους

2042 4607 2574 4679 μετακεχωρηκότων
2621 4607 2915 4671 δεσπότας·
2947 4607 3040 4662 xui
3067 4608 3216 4676 ὅμως
3247 4607 3327 4668 εἰς
3368 4604 3616 4658 τοσοῦτον

2037 4698 2124 4751 διὰ
2151 4697 2385 4759 πίστεως
2424 4696 2526 4768 τὴν
2575 4694 2718 4768 ζωὴν
2746 4695 3080 4769 αὐξηθῆναι,
3115 4696 3191 4760 ὠς
3241 4696 3315 4766 μὴ
3343 4690 3482 4751 εἶναι
3527 4694 3616 4747 τὸν

2036 4786 2177 4857 ὑπὲρ
2201 4786 2399 4850 αὐτοὺς
2431 4787 2487 4841 ἐν
2516 4789 2629 4851 τοῖς
2668 4787 2788 4840 τότε
2816 4788 3028 4859 χρόνοις
3058 4785 3475 4856 ὀνομαζόμενον.
3504 4786 3616 4839 Πά-

2034 4876 2117 4931 λιν
2142 4876 2199 4930 δὲ
2231 4877 2333 4946 τῆς
2364 4877 2678 4948 περιουσίας
2720 4877 2900 4933 αὐτῶν
2950 4877 3090 4933 κατά
3131 4876 3223 4932 τὸν
3248 4876 3477 4947 ἀριθμὸν
3505 4875 3610 4928 τῶν

2030 4966 2235 5019 τέκνων
2286 4966 2513 5037 ἐννεαχῆ
2566 4964 2986 5038 διατμηθείσης,
3044 4964 3217 5028 οὕτως
3287 4965 3499 5034 ἑκάστῳ
3546 4963 3610 5017 δι’

2031 5059 2280 5126 εὐλογίας
2306 5057 2676 5129 πληθυνθῆναι
2707 5055 2806 5128 τὴν
2842 5059 3055 5129 μοῖραν,
3088 5057 3165 5122 ὡς
3199 5057 3338 5130 ὑπὲρ
3376 5058 3475 5129 τὴν
3505 5057 3615 5111 τῶν

2032 5149 2233 5220 γονέων
2284 5147 2581 5219 εὐκληρίαν
2632 5147 2730 5219 τὴν
2778 5148 3009 5202 ἑκάστου
3054 5147 3163 5203 τῶν
3214 5149 3419 5202 τέκνων
3474 5144 3614 5204 εἶναι

2037 5242 2215 5313 ζωήν·
2252 5241 2422 5311 αὐτῆς
2466 5240 2522 5293 δὲ
2565 5239 2777 5311 ἐκείνης
2817 5238 2925 5295 τῶν
2978 5240 3076 5312 μὲν
3121 5239 3614 5318 ὲπωνρμασθέντων

2042 5335 2177 5406 αὐτῇ
2207 5333 2348 5388 κατά
2369 5332 2466 5404 τὴν
2497 5331 2604 5386 τῶν
2627 5331 2869 5401 ἀδελφῶν
2895 5330 3197 5403 ἰσομοιρίαν
3222 5330 3615 5401 ὑπολειφθῆναι

2042 5425 2243 5497 μηδὲν,
2278 5422 2416 5478 ἀλλὰ
2440 5423 2618 5480 πάντα
2661 5424 2780 5487 ταῖς
2808 5421 2966 5495 χερσὶ
2995 5421 3088 5475 τοῦ
3119 5420 3309 5494 ἱερέως
3352 5421 3494 5476 κατά
3514 5420 3614 5493 τὴν

2040 5517 2193 5573 θείαν
2246 5514 2466 5587 ἐντολὴν
2509 5514 2962 5587 οίκονομηθῆναι·
3027 5512 3117 5568 τὸν
3166 5514 3225 5567 δὲ
3274 5514 3389 5586 βίον
3440 5513 3612 5591 αὐτῆς
