4068 6154
414 212 512 298 931

1648 244 1743 300 DE
1770 242 1933 299 VITA
1974 240 2032 296 S.
2070 236 2417 295 MACRlNA‘L

3558 227 3691 284 982'

416 356 658 412 τοιοῦτον
706 360 772 412 ἐκ
817 360 916 430 τῆς
963 358 1058 415 τοῦ
1112 358 1247 413 Θεοῦ
1296 357 1558 431 χορηγίας
1590 357 1874 427 γενέσθαι,
1921 355 1993 418 ὡς

2106 350 2404 419 Quinetiam
2432 356 2490 403 ut
2515 360 2794 416 nunquam
2822 350 3069 416 petentes
3102 341 3384 414 repulerit,
3421 340 3504 395 sic
3533 340 3666 397 dan-

421 448 691 519 μηδέποτε
741 449 898 519 λῆξαι
931 449 1031 513 τὰς
1058 451 1243 521 χεῖρας
1279 451 1359 513 είς
1385 448 1603 519 ἐντολὴν
1641 446 1994 518 ἐνεργούσας,

421 538 558 611 μηδέ
591 538 724 610 πρὸς
746 539 1029 610 ἄνθρωπον
1061 538 1364 609 ἀποϐλέψαι
1395 539 1523 592 ποτέ
1542 551 1557 568 ⁸
1593 538 1727 608 μηδὲ
1744 538 1831 592 διά
1851 554 1997 601 τινος

422 627 766 699 ἀνθρωπίνης
798 628 1115 699 εὐεργεσίας
1167 627 1418 697 γενέσθαι
1440 629 1577 699 αὐτῇ
1602 627 1700 691 τὰς
1739 627 1874 698 πρὸς
1900 625 1998 696 τὴν

418 718 731 787 εὐσχήμονα
784 716 1062 788 διαγωγὴν
1116 718 1401 789 ἀφορμάς’
1465 715 1604 772 ἀλλὰ
1670 703 1806 788 μήτε
1871 716 1997 779 τοὺς

416 802 697 869 αἰτοῦντας
732 806 1185 877 ἀποστραφῆναι,
1239 808 1381 878 μήτε
1425 808 1549 870 τοὺς
1603 806 1839 870 διδόντας
1873 808 1995 860 ἐπι·-

419 895 669 967 ζητῆσαι,
693 896 991 967 λεληθότως
1010 898 1103 952 τοῦ
1128 899 1262 953 Θεοῦ
1284 899 1537 972 καθάπερ
1562 900 1684 955 τινὰ
1708 902 2000 973 σπέρματα.

417 989 516 1052 τὰς
559 990 818 1061 βραχείας
863 990 928 1043 ἐκ
969 990 1077 1044 τῶν
1122 990 1299 1063 ἔργων
1324 993 1578 1065 ἀφορμὰς
1607 996 1685 1059 είς
1734 994 1995 1066 πολύχουν

420 1081 630 1151 καρπὸν
685 1084 805 1146 ταῖς
848 1082 1117 1151 εὐλογίαις
1165 1083 1508 1149 έπαύξοντος.
1574 1085 1737 1156 Ἐμοῦ
1785 1085 1839 1139 δὲ
1873 1087 1997 1149 τοὺς

424 1171 587 1235 ίδίόυς
616 1173 809 1236 πόνους
834 1214 849 1238 ,
879 1173 940 1227 ἐν
970 1168 1049 1237 οἷς
1079 1175 1247 1246 ήμην,
1274 1174 1581 1241 διεξιόντος,
1606 1175 1869 1247 πρότερον
1900 1176 1998 1246 μὲν

419 1261 513 1315 τοῦ
560 1261 821 1332 βασιλέως
864 1265 1162 1328 Οὐάλεντος
1193 1264 1280 1320 διά
1307 1266 1405 1336 τὴν
1435 1266 1614 1319 πίστιν
1646 1266 1960 1329 ἐλαύνοντος
1980 1307 1994 1331 ,

423 1353 560 1424 μεέὰ
591 1354 647 1407 δὲ
687 1355 860 1410 ταῦτα
891 1357 990 1427 τῆς
1041 1359 1100 1410 ἐν
1141 1359 1260 1420 ταῖς
1304 1356 1650 1429 Ἐκκλησίαις
1685 1356 2001 1428 συγχύσεως

420 1444 557 1515 πρὸς
584 1444 776 1509 ἄθλους
801 1448 949 1518 ἡμᾶς
974 1448 1067 1501 καὶ
1090 1450 1368 1519 καμάτους
1395 1448 1824 1520 ἐκκαλουμένης,
1863 1468 1880 1500 ι
1923 1450 1999 1503 Οὐ

2097 451 2180 499 tes
2220 456 2500 511 nunquam
2529 438 2892 510 quaesivisse:
2930 451 3056 491 cum
3087 434 3233 490 Deus
3270 433 3488 489 occulta
3525 449 3665 502 qua-

2098 535 2223 590 dam
2255 534 2468 588 ratione
2496 546 2695 602 parvos
2730 531 2949 585 labores
2999 543 3129 585 suos
3162 534 3425 595 tanquam
3456 525 3667 580 semina

2099 626 2165 682 ad
2192 626 2429 681 fructum
2457 625 2811 694 multiplicem
2841 622 3176 692 benignitate
3199 635 3295 675 sua
3320 618 3666 688 perduceret.

2100 717 2209 773 Sed
2247 731 2371 772 cum
2405 715 2657 787 preprios
2684 729 2786 785 ego
2820 713 3059 777 labores,
3091 726 3231 781 quos
3274 713 3667 773 sustinuerant,

2099 824 2463 872 recenserem,
2523 806 2760 877 primum
2807 820 2932 860 cum
2988 821 3018 858 a
3062 802 3291 857 Valente
3342 802 3674 871 imperatore

2099 911 2320 976 propter
2359 902 2518 956 [idem
2549 901 2847 956 fuissemus
2878 897 2932 952 in
2961 895 3215 951 exsilium
3246 894 3428 965 pulsi;
3474 891 3674 947 deinde

2100 1011 2223 1051 cum
2255 994 2625 1050 Ecclesiarum
2658 990 2999 1063 perturbatio
3033 1002 3135 1042 nos
3182 987 3250 1040 ad
3289 984 3590 1041 certamina
3619 991 3673 1038 et

2099 1088 2329 1143 sudores
2353 1095 2606 1143 evocaret
2632 1105 2645 1140 :
2679 1084 2826 1138 «Non
2845 1082 3114 1147 desines,»
3146 1079 3485 1150 inquitilla,c
3523 1077 3667 1133 divi-

2100 1197 2297 1236 norum
2338 1179 2729 1235 beneﬁciorum
2764 1177 3051 1230 immemor
3081 1170 3470 1241 essetingrati
3505 1167 3673 1223 animi

2100 1271 2290 1326 vitium
2340 1284 2452 1324 non
2484 1265 2812 1325 cohibebis?
2848 1279 2958 1319 non
2988 1260 3336 1330 comparabis
3381 1264 3672 1328 parentum

2100 1363 2410 1418 rationibus
2463 1361 2631 1416 tuas?
2684 1358 2848 1429 Atqui
2889 1356 2935 1411 si
2987 1362 3253 1425 quantum
3315 1351 3550 1420 pertinet
3604 1348 3672 1401 ad

2101 1455 2242 1508 hanc
2283 1453 2453 1507 vitam
2503 1466 2568 1506 ea
2608 1464 2668 1505 re
2699 1449 3023 1521 gloriamur,
3079 1442 3226 1515 quod
3279 1441 3428 1496 claro
3477 1453 3677 1509 genere

419 1535 624 1607 παύσῃ,
657 1540 821 1608 φησὶν
864 1539 1171 1610 ὴΜεγάλη,
1206 1540 1535 1611 ἀγνωμόνως
1563 1541 1654 1594 ἐπὶ
1700 1544 1812 1606 τοῖς
1837 1540 2000 1606 θείοις

2106 1548 2235 1609 nati,
2268 1555 2321 1600 et
2356 1543 2603 1597 honestis
2629 1540 2737 1596 orti
2770 1537 3091 1611 parentibus
3130 1548 3343 1596 sumus,
3375 1537 3529 1600 pater
3553 1529 3676 1598 qui-

421 1628 643 1696 ἀγὰθοίς
678 1628 1049 1701 διακείμενος;
1103 1632 1178 1685 Οὐ
1216 1633 1571 1704 θεραπεύσεις
1597 1633 1696 1703 τῆς
1733 1633 1910 1705 ψυχῆς
1938 1633 2001 1687 τὸ

2106 1637 2228 1693 dem
2264 1636 2377 1690 illis
2422 1633 2760 1704 temporibus
2784 1642 2839 1686 et
2876 1629 3094 1699 juvenis
3122 1634 3347 1681 eatenus
3377 1621 3579 1686 ﬂoruit,
3618 1629 3678 1675 ut

420 1717 746 1791 ἀχάριστον;
780 1698 897 1774 Οὐκ
944 1698 1410 1793 ἀντιπαραθήσεις
1450 1724 1562 1785 τοῖς
1606 1698 1713 1775 τῶν
1746 1698 1996 1793 πατέρων

2106 1725 2245 1779 inter
2280 1724 2429 1779 cives
2464 1731 2519 1777 et
2564 1723 2622 1775 in
2673 1698 2900 1791 iudiciis
2941 1718 3061 1787 ejus
3103 1715 3276 1786 gloria
3324 1711 3672 1766 consisteret.

421 1808 489 1863 τὰ
519 1810 620 1877 σά;
647 1810 836 1864 Καίτοι
872 1829 933 1881 γε
982 1811 1119 1866 κατά
1153 1813 1244 1865 τὸν
1284 1813 1487 1884 κόσμον
1519 1811 1704 1866 τοῦτον
1737 1813 1794 1865 ἐν
1823 1813 1997 1883 τούτῳ

2106 1812 2232 1868 Post
2263 1820 2444 1867 autem
2479 1808 2718 1866 eruditio
2745 1802 2966 1879 Quiclem
3016 1805 3190 1874 ipsius
3223 1818 3283 1858 se
3328 1801 3550 1871 longius
3581 1794 3677 1852 ex.

419 1899 485 1972 δὴ
517 1901 749 1971 μάλιστα
781 1901 1251 1973 μεγαλαυχούμεν,
1284 1904 1342 1955 ἐν
1368 1902 1446 1972 τῷ
1476 1897 1534 1956 εὖ
1567 1902 1870 1971 γεγονέναι,
1903 1903 1998 1956 καὶ

2106 1906 2247 1974 tulit,
2288 1905 2434 1959 fama
2480 1911 2663 1958 tamen
2706 1901 2940 1955 Pontum
2982 1913 3090 1953 non
3135 1904 3220 1952 est
3253 1908 3492 1965 egressa.
3529 1890 3676 1947 Satis

421 1992 532 2046 ἀπὸ
579 1993 813 2061 εὐγενῶν
861 1992 1021 2063 φῦναι
1061 1993 1256 2048 δοκεῖν.
1300 1994 1494 2057 Πολὺς,
1536 1993 1698 2063 φησὶ,
1727 1993 1868 2046 κατά
1900 1992 1997 2063 τὴν

2106 2000 2249 2056 enim
2277 1999 2355 2053 illi
2385 1997 2487 2050 fuit
2515 1996 2569 2048 in
2598 1993 2772 2063 patria
2794 1993 3004 2046 clarum
3034 2003 3177 2043 esse.
3208 1985 3287 2039 Tu
3321 1991 3529 2047 autem,
3549 2000 3567 2031 ι
3592 1981 3679 2034 in-

421 2082 704 2136 παίδευσιν
739 2084 795 2135 ἐν
832 2086 943 2147 τοῖς
992 2083 1111 2137 τότε
1154 2083 1365 2154 χρόνοις
1403 2084 1430 2135 ὁ
1470 2082 1653 2154 πατὴρ
1681 2082 1995 2154 ἐνομίζετο,

2106 2092 2245 2162 quit,
2283 2107 2302 2140 ι
2326 2087 2663 2149 civitatibus,
2713 2082 2951 2154 populis,
2981 2078 3296 2134 nationibus
3321 2073 3554 2130 celebris
3593 2087 3677 2133 es,

420 2174 558 2228 ἀλλὰ
591 2176 752 2245 μέχρι
793 2174 902 2227 τῶν
934 2175 1212 2246 ἐγχωρίων
1237 2174 1605 2245 δικαστηρίων
1628 2175 1660 2244 ἡ
1688 2174 1808 2257 κατ’
1838 2174 1999 2227 αὐτὸν

2106 2190 2151 2236 te
2185 2178 2254 2234 ad
2290 2177 2576 2233 ferendum
2607 2174 2896 2239 auxilium,
2933 2180 2985 2225 te
3020 2169 3087 2223 ad
3119 2184 3208 2222 res
3256 2163 3681 2221 constituendas

418 2263 609 2324 ιῐστατο
631 2264 774 2330 δόξα.
820 2265 974 2319 Μετὰ
1004 2264 1174 2318 ταῦτα
1202 2265 1258 2319 δὲ
1290 2266 1399 2319 τῶν
1436 2265 1635 2319 λοιπῶν
1671 2265 1758 2318 διὰ
1781 2265 1881 2334 τῆς
1908 2282 2000 2317 σο-

2106 2270 2356 2326 Ecclesiae
2388 2276 2444 2324 et
2484 2268 2710 2321 mittunt
2756 2272 2811 2320 et
2846 2269 3067 2323 vocant,
3123 2272 3173 2316 et
3211 2258 3303 2313 Dei
3336 2272 3537 2312 munus
3570 2270 3678 2308 non

423 2356 679 2426 φιστικῆς
706 2356 869 2410 αὐτοῦ
901 2356 1340 2428 καθηγουμένου,
1371 2358 1470 2410 οὐκ
1509 2355 1697 2428 ἐξῆλθε
1733 2357 1824 2410 τὸν
1865 2356 2001 2409 Πόν-

2106 2361 2352 2433 aspicis?
2396 2373 2499 2414 nec
2551 2358 2744 2412 talium
2788 2355 3059 2410 bonorum
3097 2365 3321 2406 causam
3373 2346 3683 2418 agnoscis?

420 2466 512 2502 τον
541 2451 575 2520 σή
608 2452 764 2520 φήμη
785 2467 799 2481 ο
843 2450 958 2503 ἀλλ’
987 2450 1266 2521 ἀγαπητὸν
1305 2445 1372 2522 ἦν
1405 2450 1597 2520 ἐκείνῳ
1626 2449 1687 2502 τὸ
1718 2452 1775 2502 ἐν
1802 2452 1868 2520 τῇ
1902 2466 2001 2501 πα-

2106 2453 2393 2506 l’arentum
2428 2449 2574 2504 enim
2607 2461 2798 2516 preces
2829 2453 2881 2498 te
2908 2443 2974 2497 ad
3004 2442 3108 2496 hoc
3141 2440 3418 2510 fastigium
3459 2438 3677 2496 tollunt,

418 2540 560 2611 τρίδι
584 2541 963 2612 περίϐλεπτον.
983 2543 1055 2597 Σὺ
1071 2542 1151 2604 δέ,
1180 2561 1198 2593 ι
1222 2542 1373 2613 φησὶ,
1399 2560 1417 2592 ι
1446 2541 1655 2607 πόλεσι,
1679 2542 1772 2593 καὶ
1786 2541 1998 2612 δήμοις,

2106 2544 2244 2598 nihil
2280 2549 2374 2595 aut
2429 2539 2781 2610 perexiguum
2828 2537 2893 2591 ad
2925 2550 3042 2590 eam
3078 2549 3192 2589 rem
3230 2530 3351 2603 opis
3389 2530 3681 2584 habentem

420 2631 516 2684 καὶ
542 2630 750 2685 ἔθνεσιν
796 2633 1094 2703 ὀνομαστὸς
1142 2629 1225 2686 εἶ·
1280 2632 1376 2686 καὶ
1411 2631 1469 2684 σὲ
1497 2632 1636 2704 πρὸς
1688 2632 2002 2703 συμμαχίαν

2108 2634 2445 2689 domesticae.
2471 2651 2488 2683 ι

419 2739 479 2790 τε
515 2724 609 2777 καὶ
644 2722 928 2794 διόρθωσιν
962 2723 1275 2794 Ἐκκλησίαι
1330 2724 1623 2795 πέμπουσι,
1657 2724 1749 2776 καὶ
1790 2722 2034 2776 καλοῦσι’
2069 2725 2163 2779 καὶ
2190 2725 2287 2793 οὐχ
2312 2725 2444 2795 ὁρᾷς
2474 2721 2573 2793 τὴν
2609 2721 2799 2792 χάριν;
2830 2716 2963 2771 Οὐδὲ
2997 2712 3375 2795 ἐπιγινώσκεις
3410 2708 3520 2763 τῶν
3583 2722 3682 2775 τη-

419 2788 682 2870 λικούτων
711 2788 929 2882 ἀγαθῶν
965 2815 1062 2885 τὴν
1110 2788 1288 2868 αίτίαν
1308 2854 1322 2878 ,
1350 2788 1431 2868 δτί
1477 2830 1535 2866 σε
1564 2812 1671 2867 τῶν
1707 2811 1910 2881 γονέων
1941 2814 1999 2865 αί
2035 2812 2193 2884 εὐχαὶ
2389 2788 2540 2880 bdo;
2567 2788 2832 2880 αίρουσιν,
2863 2788 3198 2873 οὐδεμίαν,ἢ
3229 2800 3414 2869 ὀλίγην
3472 2793 3684 2854 οἴκοθεν

421 2906 615 2978 ἔχοντα
645 2903 781 2976 πρὸς
807 2903 963 2957 τοῦτο
993 2906 1376 2976 παρασκευήν;
1419 2923 1438 2956 ι

493 2972 996 3065 Ταῦτα-διεξιοῦσα,
1030 2972 1141 3064 ἐγὼ
1172 2994 1271 3066 μὲν
1301 2972 1726 3065 ᾑπαρατείνεσθαι
1756 2991 1916 3044 πλέον
1943 2990 2004 3044 τὸ

2183 2985 2308 3041 llaec
2348 2985 2440 3039 illa
2466 2997 2592 3038 cum
2625 2986 3074 3051 persequeretur,
3102 2975 3245 3030 diem
3281 2972 3531 3043 equidem
3564 2988 3686 3044 pro,-

423 3090 724 3161 ἡμερήσιον
755 3088 985 3142 ἐπόθουν
1027 3088 1245 3157 μέτρον,
1293 3086 1366 3148 ὼς
1395 3085 1461 3138 ἂν
1505 3086 1577 3156 μή
1608 3083 1786 3155 λήξειε
1827 3099 1999 3135 κατα-

421 3179 787 3251 γλυκαίνουσα
847 3177 1002 3250 ἡμῶν
1042 3178 1143 3249 τὴν
1206 3175 1411 3244 ἀκοήν·
1460 3174 1574 3227 ἀλλ’
1621 3179 1655 3243 ἡ
1705 3171 1855 3243 φωνὴ
1893 3169 2001 3223 τῶν

424 3271 737 3343 ψαλλόντων
768 3272 904 3342 πρὸς
945 3271 1045 3334 τάς
1069 3254 1408 3340 ὲπιλυχνίους
1433 3266 1780 3336 εὐχαριστίας
1817 3265 2002 3330 ἐξεκα-

425 3363 599 3428 λεῖτο,
637 3362 781 3434 κάμέ
821 3362 956 3433 πρὸς
988 3361 1086 3432 τὴν
1127 3359 1419 3431 ἐκκλησίαν
1447 3358 1793 3427 ἐκπέμψασα,
1841 3356 2002 3409 πάλιν

432 3457 465 3525 ἡ
496 3456 720 3526 Μεγάλη
751 3456 841 3509 διὰ
881 3454 989 3508 τῶν
1017 3452 1192 3524 εὐχῶν
1235 3451 1371 3524 πρὸς
1405 3451 1496 3504 τὸν
1538 3450 1671 3503 Θεὸν
1710 3450 1998 3521 ἀνεχώρει.

428 3545 540 3600 Καὶ
567 3547 599 3617 ἡ
630 3545 726 3617 μὲν
756 3544 851 3612 νύξ
884 3547 941 3599 ἐν
983 3545 1191 3608 τούτοις
1217 3540 1305 3616 ἦν.
1350 3544 1437 3607 Ὠς
1463 3543 1517 3596 δὲ
1551 3542 1733 3614 ἡμέρα
1767 3528 1999 3610 ἐγένετο,

428 3639 551 3710 ἐμοὶ
570 3640 666 3709 μὲν
697 3639 957 3711 πρόδηλον
981 3641 1045 3692 ἐκ
1067 3638 1175 3692 τῶν
1195 3637 1486 3707 ὁρωμένων
1507 3632 1598 3707 ἦν,
1625 3636 1705 3688 ὅτι
1730 3636 1759 3685 ὁ
1778 3633 2003 3703 ἔσχατος

428 3730 564 3800 αὐτῇ
591 3728 691 3798 τῆς
723 3728 864 3782 κατά
898 3729 1076 3797 σάρκα
1104 3726 1251 3795 ζωῆς
1285 3726 1408 3794 ὅρος
1444 3726 1478 3795 ἡ
1520 3722 1793 3775 ἐνεστῶσα
1829 3722 2005 3792 ήμέρα

426 3815 529 3891 ἦν,
579 3820 759 3873 πᾶσαν
799 3818 898 3890 τὴν
947 3816 1272 3887 ἐγκειμένην
1313 3817 1379 3885 τῇ
1430 3813 1589 3883 φύσει
1636 3812 1862 3883 δύναμιν
1909 3811 2003 3865 τοῦ

430 3910 667 3983 πυρετοῦ
704 3910 1131 3980 δαπανήσαντος.
1188 3903 1255 3960 Ἢ
1285 3907 1341 3959 δὲ
1370 3906 1504 3978 πρὸς
1545 3906 1607 3959 τὸ
1653 3904 1874 3968 ἀσθενὲς
1906 3904 2006 3975 τῆς

428 4003 667 4066 διανοίας
694 4002 850 4073 ἡμῶν
886 4001 1176 4071 βλέπουσα,
1207 3999 1476 4070 παράγειν
1503 4000 1649 4070 ἡμᾶς
1674 4000 1739 4051 ὲκ
1763 3997 1864 4067 τῆς
1901 4013 2004 4048 κα-

428 4091 770 4162 τηφεστέρας
825 4089 1036 4152 ἐλπίδος
1074 4091 1412 4160 ἐμηχανᾶτο,
1463 4087 1625 4140 πάλιν
1668 4088 1780 4149 τοῖς
1823 4085 2004 4147 καλοῖς

430 4184 660 4248 ἐκείνοις
706 4183 884 4252 λόγοις
925 4182 1211 4252 διαχέουσα
1242 4182 1341 4252 τῆς
1373 4179 1550 4250 ψυχῆς
1583 4178 1643 4232 τὸ
1671 4177 2004 4248 λυπούμενον

431 4277 490 4327 ἐν
520 4274 701 4344 λεπτῷ
741 4274 924 4327 λοιπὸν
952 4274 1045 4327 καὶ
1076 4273 1414 4343 συνεχομένῳ
1442 4270 1518 4341 τῷ
1538 4271 1800 4341 ισθματι.
1836 4269 2005 4323 Ἔνθα

430 4367 495 4438 δὴ
557 4368 650 4420 καὶ
703 4367 939 4437 μάλιστα
991 4365 1249 4428 ποικίλως
1305 4363 1563 4417 διετίθετο
1618 4379 1708 4433 μοι
1759 4360 1895 4432 πρὸς
1945 4359 2007 4412 τὸ
2041 4348 2082 4403 Ι)

430 4463 749 4530 φαινόμενον
783 4458 981 4530 ήψυχή
1006 4474 1018 4487 ⁸
1053 4458 1153 4529 τῆς
1193 4456 1292 4527 μὲν
1339 4454 1553 4525 φύσεως
1580 4456 1657 4517 είς
1685 4452 2007 4524 σκυθρωπό-

428 4566 599 4618 τητα,
647 4549 788 4603 κατὰ
836 4550 895 4602 τὸ
943 4549 1122 4612 εἰκὸς,
1169 4545 1530 4618 βαρουμένης,
1559 4545 1646 4598 διὰ
1694 4543 1757 4596 τὸ
1810 4543 2007 4614 μηκέτι

417 4639 734 4712 ,προσδοκᾷν
754 4640 851 4710 τῆς
872 4641 1126 4710 τοιαύτης
1147 4638 1330 4709 φωνῆς
1353 4637 1446 4690 καὶ
1468 4631 1623 4699 αὖθις
1643 4633 2004 4699 ἀκούσεσθαι,

429 4732 546 4788 ἀλλ’
591 4735 713 4787 ὅσον
768 4733 979 4786 οὐδέπω
1036 4732 1097 4785 τὸ
1143 4731 1319 4785 κοινὸν
1366 4729 1624 4800 καύχημα
1675 4730 1772 4799 τῆς
1816 4727 2010 4795 γενεᾶς

432 4822 672 4887 ἐλπίζειν
731 4824 796 4876 ἐκ
838 4822 931 4876 τοῦ
992 4823 1334 4891 ἀνθρωπίνου
1388 4820 1504 4890 βίου
1552 4816 2007 4890 μεταστήσεσθαιο

432 4917 532 4988 τῆς
562 4914 619 4968 δέ
652 4914 852 4985 ψυχῆς,
889 4908 1000 4967 οἷον
1030 4912 1389 4982 ἐνθουσιώσης
1420 4915 1484 4966 ἐκ
1506 4910 1614 4964 τῶν
1648 4909 2008 4980 φαινομένων,

435 5008 528 5061 καὶ
553 5004 721 5068 ὅντως
747 5002 1105 5073 ἐκϐεδηκέναι
1134 5003 1231 5074 τὴν
1256 5002 1439 5073 κοινὴν
1468 5001 1628 5071 φύσιν
1656 4998 2008 5068 ὐπονοούσης.

435 5098 510 5151 To
538 5098 646 5168 γὰρ
696 5096 830 5166 μηδέ
882 5097 940 5149 ἐν
977 5096 1235 5165 ἐσχάταις
1278 5094 1570 5156 ἀναπνοαῖς
1606 5086 1772 5145 οὖσαν
1820 5088 2013 5142 παθεῖν

433 5205 556 5243 τινα
600 5187 807 5253 ξενικὸν
843 5187 935 5239 ἐπὶ
968 5188 1033 5257 τῇ
1083 5185 1260 5240 ἐλπίδι
1292 5186 1392 5256 τῆς
1425 5182 1838 5255 μεταστάσεως,
1876 5179 2013 5250 μηδὲ

434 5276 701 5331 δειλιάσαι
735 5277 872 5348 πρὸς
912 5276 1003 5329 τὸν
1032 5275 1307 5347 χωρισμὸν
1348 5276 1447 5345 τῆς
1487 5274 1651 5344 ζωῆς,
1683 5272 1796 5326 ἀλλ’
1831 5270 2013 5341 ὑψηλῇ

434 5371 502 5442 τῇ
534 5370 742 5441 διανοίᾳ
784 5372 897 5434 τοῖς
948 5369 1007 5435 ἐξ
1035 5368 1212 5439 ἀρχῆς
1241 5366 1379 5437 αὐτῇ
1432 5368 1560 5439 περὶ
1610 5363 1704 5442 τού
1737 5363 1863 5434 τῇδε
1896 5360 2010 5432 βίου

434 5436 781 5529 κεκριμένοις
844 5460 1005 5529 μέχρι
1172 5436 1415 5527 ἐσχάτης
1460 5436 1840 5526 ἐμφιλοσοφεῖν
1884 5454 2015 5505 ἀνα·

437 5549 628 5621 πνοῆς,
657 5551 837 5605 οὐκέτι
871 5569 961 5622 μοι
987 5551 1160 5604 ἐδόκει
1187 5547 1297 5601 τῶν
1316 5547 1669 5617 ἀνθρωπίνων
1699 5542 1866 5599 εἶναι’
1896 5542 2012 5597 ἀλλ’

422 5634 550 5726 ,οἷον
585 5641 818 5712 ἀγγέλου
851 5644 1022 5710 τινὸς,
1054 5640 1408 5712 οἰκονομικῶς
1449 5637 1794 5710 ἀνθρωπίνην
1848 5635 2015 5689 ὑπελ-

2102 3081 2229 3136 duci
2258 3078 2475 3148 longius
2510 3075 2788 3145 optabam,
2822 3086 2891 3127 ne
2917 3069 3066 3125 dulci
3100 3081 3354 3123 sermone
3381 3080 3546 3121 aures
3577 3082 3679 3120 no-

2104 3180 2251 3228 stras
2282 3170 2573 3224 desisteret
2599 3165 2878 3220 oblectare
2911 3178 2924 3214 :
2957 3159 3054 3217 sed
3089 3156 3433 3213 cantantium
3457 3172 3562 3210 vox
3597 3171 3684 3211 me

2103 3263 2171 3319 ad
2196 3263 2401 3335 gratias
2426 3259 2664 3331 agendas
2686 3255 3031 3326 vespertinas
3050 3249 3297 3306 vocabat.
3317 3248 3684 3315 Quamobrem

2102 3371 2227 3410 cum
2272 3368 2360 3408 me
2395 3352 2461 3407 ad
2506 3349 2797 3406 ecclesiam
2838 3345 3157 3407 dimisisset,
3215 3357 3433 3397 rursum
3485 3353 3683 3410 magna

2103 3448 2194 3502 illa
2245 3445 2503 3517 precibus
2555 3441 2623 3495 ad
2654 3439 2824 3494 Deum
2872 3436 3129 3491 accessit.
3173 3434 3251 3488 Ac
3302 3447 3411 3487 uox
3458 3429 3683 3501 quidem

2102 3540 2179 3594 ita
2214 3543 2499 3592 transacta
2528 3541 2631 3590 est.
2668 3532 2803 3586 Cum
2844 3534 3024 3582 autem
3054 3525 3369 3589 diluxisset,
3395 3523 3527 3577 mihi
3559 3522 3683 3592 qui-

2104 3631 2228 3685 dem
2269 3644 2332 3683 ex
2369 3626 2591 3682 indiciis
2643 3621 2996 3677 manifestum
3048 3623 3190 3680 erat,
3243 3615 3387 3669 diem
3432 3613 3585 3667 illum
3628 3612 3681 3666 ei

2105 3724 2225 3791 ejus
2278 3723 2405 3775 vitae
2438 3718 2735 3774 terminum
2789 3712 2926 3774 fore,
2983 3724 3106 3763 cum
3160 3704 3430 3777 quidquid
3472 3711 3686 3765 natura

2106 3815 2305 3870 virium
2334 3813 2532 3870 inerat,
2561 3807 2729 3862 l‘ebris
2758 3798 3219 3869 consumpsisset.
3260 3795 3368 3850 Sed
3411 3794 3502 3848 illa
3530 3792 3687 3863 cogi-

2107 3904 2332 3960 tationis
2357 3910 2562 3957 nostra:
2596 3896 2899 3967 respiciens
2919 3888 3370 3949 imbecillitatem.
3405 3884 3686 3956 praeclaris

2108 3996 2218 4050 illis
2270 3990 2619 4048 sermonibus
2677 3984 2987 4047 effundens,
3044 3978 3191 4051 quod
3239 3977 3512 4046 reliquum
3565 3980 3687 4030 erat

2108 4087 2321 4142 amictae
2354 4084 2569 4145 animae,
2601 4081 2657 4133 in
2687 4090 2903 4134 summa
2936 4070 3179 4144 spirandi
3215 4067 3552 4131 diﬂicultate,
3582 4080 3685 4121 nos

2109 4194 2139 4233 a
2170 4177 2416 4233 tristiore
2446 4188 2543 4243 spe
2573 4170 2847 4224 abducere
2870 4164 3193 4220 conabatur.
3229 4158 3370 4213 Tum
3407 4172 3537 4213 vero
3566 4157 3683 4210 auio

2109 4286 2233 4325 mus
2267 4282 2425 4321 meus
2474 4261 2729 4335 praesenti
2785 4255 3104 4328 Spectacqu
3139 4252 3307 4306 variis
3347 4248 3691 4304 alliciebatur~

2112 4361 2291 4417 modis
2317 4379 2331 4414 :
2359 4374 2485 4414 nam
2510 4363 2564 4410 et
2595 4360 2788 4408 natura
2817 4349 2935 4418 ipsa
2960 4361 3068 4407 tne,
3096 4352 3154 4398 ut
3186 4359 3283 4412 par
3310 4347 3417 4404 est,
3446 4341 3512 4393 ad
3547 4352 3685 4392 mm—

2112 4452 2316 4507 stitiam
2346 4446 2675 4517 impellebat,
2704 4457 2828 4496 cum
2866 4454 2975 4493 non
3015 4448 3294 4505 sperarem
3331 4429 3568 4499 amplius
3596 4445 3684 4485 me

2110 4544 2272 4598 talem
2319 4554 2509 4595 vocem
2554 4534 2889 4596 auditurum,
2939 4528 3034 4584 sed
3078 4524 3484 4595 quamprimum
3533 4538 3685 4577 com-

2111 4645 2331 4685 munem
2358 4628 2587 4700 gloriam
2619 4623 2795 4679 nostri
2825 4619 3042 4692 generis
3082 4631 3146 4670 ex
3178 4615 3417 4669 humana
3440 4614 3552 4668 vita
3583 4613 3685 4667 mi-

2110 4730 2388 4793 graturam
2443 4726 2719 4789 putarem.
2773 4721 2828 4769 et
2879 4725 3039 4764 mens
3077 4724 3141 4763 ex
3175 4708 3257 4762 eis
3286 4721 3407 4776 qua:
3445 4704 3681 4769 videbat,

2110 4819 2231 4866 erat
2261 4819 2518 4877 tanquam
2550 4805 2778 4861 numine
2801 4801 3001 4866 amata,
3037 4813 3266 4867 eamque
3296 4810 3421 4850 vere
3441 4810 3506 4850 ex
3536 4809 3685 4849 com-

2114 4903 2266 4958 muni
2310 4908 2509 4955 natura
2537 4898 2844 4955 excessisse
2879 4893 3271 4949 arbitrabatur.
3302 4888 3513 4943 Etenim
3559 4901 3682 4942 cum

2112 5004 2415 5050 extremum
2438 4996 2561 5047 vitm
2589 4991 2844 5062 spiritum
2868 4988 3115 5050 duceret,
3146 4984 3200 5038 in
3223 4999 3318 5054 spe
3341 4980 3683 5051 migrationis

2113 5085 2253 5140 nihil
2294 5084 2423 5139 novi
2471 5084 2699 5146 sentire,
2731 5097 2832 5137 nec
2865 5083 3057 5136 timere
3088 5080 3143 5133 in
3186 5078 3320 5146 ipso
3346 5075 3469 5128 vitae
3499 5073 3684 5129 exitu:

2115 5179 2208 5234 sed
2237 5178 2422 5231 animo
2462 5177 2681 5233 excelso
2730 5176 2799 5231 de
2844 5174 2948 5227 hac
2980 5174 3088 5226 vita
3112 5160 3474 5241 iudicantem,
3506 5163 3708 5239 quoad,

2115 5268 2352 5323 animam
2399 5275 2623 5336 ageret;
2677 5261 3076 5334 philosophari,
3125 5259 3260 5313 mihi
3310 5270 3420 5310 non
3447 5253 3687 5308 hominis

2116 5356 2352 5426 amplius
2371 5354 2675 5416 videbatur,
2709 5352 2805 5406 sed
2837 5349 3124 5419 cujusdam
3153 5347 3353 5419 angeli,
3383 5345 3478 5416 qui
3502 5343 3687 5398 divina

2116 5445 2453 5519 providentia
2486 5443 2714 5499 formam
2770 5442 3034 5498 subiisset
3066 5440 3388 5502 humanam,
3426 5450 3528 5489 nec
3577 5432 3687 5486 ulla

2117 5538 2442 5612 cognatione
2470 5544 2564 5592 aut
2597 5531 3003 5591 necessitudine
3034 5545 3160 5585 cum
3192 5530 3296 5583 hac
3324 5527 3437 5581 vita
3467 5521 3687 5580 mortali

2118 5631 2448 5702 coniunctus
2478 5637 2645 5695 esset,
2677 5633 2839 5693 atque
2869 5622 2942 5678 ita
2979 5620 3115 5675 nihil
3140 5619 3459 5674 indecorum
3491 5612 3684 5671 admit-
