4068 6154
405 190 511 245 933
548 244 551 249 λ

1645 201 1702 257 8.
1744 201 2071 260 GREGORII
2121 205 2416 262 NYSSENI

3544 203 3649 260 981

411 327 557 381 tens,
603 317 721 370 sine
765 318 1171 386 perturbatione
1218 320 1271 373 in
1305 336 1473 376 carne
1498 337 1862 393 permaneret,
1905 329 1973 383 ad

2079 329 2263 394 θόντος
2288 331 2522 403 μορφὴν,
2569 325 2613 397 ᾧ
2647 331 2913 401 μηδεμιᾶς
2938 329 3105 400 οὔσης
3137 327 3272 400 πρὸς
3292 326 3382 379 τὸν
3407 328 3465 378 ἐν
3490 326 3650 394 σαρκὶ

402 407 653 475 proprias
694 408 1009 464 affectiones
1053 426 1163 465 non
1211 413 1543 470 attrahente.
1596 417 1790 488 Itaque
1841 421 1973 474 mihi

402 498 690 552 videbatur
718 500 960 555 divinum
1004 502 1157 558 illum
1189 515 1240 561 et
1264 522 1459 576 purum
1508 513 1694 580 sponsi
1731 514 1973 571 caelestis

401 604 664 650 amorem.
699 608 859 660 quem
894 595 949 648 in
983 597 1146 651 animi
1175 602 1392 656 arcanis
1422 602 1804 663 absconditum
1831 608 1973 663 alue-

402 688 504 743 rat,
543 686 671 736 tunc
713 682 779 737 iis
810 684 904 753 qui
930 684 1160 740 aderant
1195 689 1508 755 ostendere,
1538 702 1591 747 et
1630 695 1814 750 cordis
1841 696 1971 752 affe-

399 770 632 823 ctionem
670 772 932 834 indicare.
969 775 1035 829 ad
1060 794 1185 832 eum
1218 795 1378 848 quem
1415 780 1783 846 desiderabat,
1812 783 1967 840 festi-

399 876 559 928 nans,
600 869 929 937 utcorporis
957 871 1194 925 vinculis
1242 873 1490 937 liberata,
1538 878 1788 933 celeriter
1817 878 1968 932 illum

397 956 716 1009 conveniret
743 976 755 1011 :
787 974 912 1015 vere
940 961 1087 1016 enim
1121 962 1187 1016 ad
1225 964 1481 1019 virtutem
1522 982 1740 1022 cursum
1792 970 1971 1024 inten-

396 1043 581 1109 debat,
635 1062 759 1100 eum
798 1049 934 1103 nihil
975 1066 1163 1107 eorum
1206 1070 1329 1123 qua:
1359 1056 1410 1109 in
1455 1058 1557 1112 bac
1585 1058 1693 1113 vita
1724 1060 1969 1128 jucunda

396 1146 546 1204 sunt,
579 1141 772 1196 oculos
800 1142 922 1211 ejus
950 1146 1017 1198 ad
1054 1161 1113 1200 se
1145 1157 1509 1204 converteret.
1568 1131 1572 1136 ’

2085 423 2198 493 βίον
2230 425 2329 493 τῆς
2373 423 2724 493 συγγενείας,
2776 423 2809 495 ἢ
2867 421 3211 501 οἰκειώσεως,
3244 419 3396 473 οὐδὲν
3430 417 3656 482 ἀπεικὸς

2080 516 2139 567 ἐν
2173 514 2410 585 ἀπαθείᾳ
2463 514 2561 586 τὴν
2606 514 2841 568 διάνοιαν
2886 514 3106 584 μένειν·
3152 512 3227 582 μὴ
3283 510 3651 579 καθελκούσης

2077 607 2177 677 τῆς
2225 607 2425 678 σαρκὸς
2459 607 2549 661 τδν
2578 605 2705 661 νοῦν
2748 607 2885 678 πρὸς
2912 606 2983 659 τὰ
3020 606 3126 661 ἴδια
3154 604 3324 675 πάθη.
3357 603 3455 655 Διὰ
3495 600 3652 655 τοῦτό

2080 717 2170 771 μοι
2200 699 2348 752 δοκεῖ
2387 699 2478 753 τὸν
2507 699 2647 753 θεῖον
2688 702 2895 753 ἐκεῖνον
2934 699 3028 751 καὶ
3072 698 3309 768 καθαρὸν
3339 696 3516 768 ἔρωτα
3556 694 3649 749 τοῦ

2076 793 2306 864 ἀοράτου
2357 792 2610 863 νυμφίου,
2658 792 2717 845 ὃν
2771 791 3219 865 ἐγκεκρυμμένον
3252 785 3396 860 εἶχεν
3436 792 3653 862 ἐν-τοῖς

2073 883 2173 953 τῆς
2224 884 2402 954 ψυχῆς
2433 885 2767 956 ἀπορρήτοις
2801 883 3152 955 τρεφόμενον,
3206 882 3427 954 ἔκδηλον
3478 886 3650 936 ποιεῖν

2072 976 2193 1028 τότε
2225 980 2338 1038 τοῖς
2387 976 2642 1046 παροῦσι,
2685 978 2776 1029 καὶ
2813 975 3154 1046 δημοσιεύειν
3198 975 3296 1046 τὴν
3343 976 3401 1026 ἐν
3454 974 3651 1045 καρδίᾳ.

2072 1067 2309 1120 διάθεσιν
2329 1087 2341 1099 ·
2386 1068 2446 1120 τὸ
2471 1067 2785 1135 ἐπείγεσθαι
2813 1068 2949 1140 πρὸς
2989 1067 3080 1120 τὸν
3109 1067 3459 1136 ποθούμενον,
3483 1065 3558 1128 ὡς
3583 1063 3652 1118 ἂν

2076 1157 2163 1210 διὰ
2190 1159 2388 1230 τάχους
2424 1160 2519 1213 σὺν
2553 1159 2700 1230 αὐτῷ
2730 1161 2937 1228 γένοιτο
2967 1158 3075 1212 τῶν
3107 1158 3318 1229 δεσμῶν
3364 1157 3650 1222 ἐκλυθεῖσα

392 1228 488 1281 τοῦ
517 1228 786 1298 σώματος.
819 1232 908 1302 Τῷ
930 1231 1041 1286 ὄντι
1070 1233 1198 1306 γάρ,
1230 1237 1305 1301 ὡς
1332 1238 1466 1309 πρὸς
1491 1240 1691 1312 ἀρετὴν
1721 1244 1748 1295 ὁ
1769 1242 1967 1314 δρόμος
2004 1246 2231 1319 ἐγίνετο,
2262 1228 2481 1313 οὐδενὸς
2502 1228 2801 1306 ἄλλουντῶν
2827 1250 2968 1315 κατά
3001 1250 3091 1311 τὸν
3136 1228 3247 1321 βίον
3284 1251 3458 1321 ἡδέων
3511 1248 3652 1320 πρὸς
3714 1323 3720 1328 .

395 1322 557 1375 ἑαυτὸ
587 1324 678 1375 τὸν
710 1324 987 1395 ὀφθαλμὸν
1012 1328 1446 1399 ἐπιστρέφοντος.

464 1434 581 1489 1am
609 1438 841 1491 maxima
879 1439 984 1495 diei
1027 1457 1154 1512 pars
1183 1448 1543 1514 prmterierat,
1581 1459 1636 1505 et
1665 1453 1743 1507 sol
1773 1459 1839 1506 ad
1870 1471 1964 1513 oc-

2151 1437 2259 1499 Καὶ
2302 1436 2396 1507 τῆς
2434 1437 2530 1507 μὲν
2573 1437 2785 1508 ἡμέρας
2843 1437 2946 1509 ἤδη
3000 1437 3318 1507 παρῳχήκει
3352 1435 3413 1487 τὸ
3460 1431 3644 1500 πλέον,

396 1547 586 1583 casum
623 1535 1138 1605 appropinquabat;
1176 1546 1232 1590 at
1267 1541 1358 1593 illa
1396 1544 1594 1598 mentis
1624 1547 1968 1607 alacritatem

2078 1532 2168 1582 καὶ
2201 1532 2229 1583 ό
2256 1531 2403 1600 ἥλιος
2435 1530 2568 1600 πρὸς
2600 1530 2810 1600 δυσμὰς
2857 1528 3186 1582 ἐπεκλίνετο.
3222 1529 3299 1598 Τῇ
3338 1527 3394 1579 δέ
3436 1527 3535 1579 οὐκ
3568 1529 3653 1579 ἐν·-

395 1636 507 1674 non
556 1625 888 1688 remittebat,
919 1626 1014 1681 sed
1061 1643 1172 1697 quo
1214 1632 1388 1700 magis
1428 1634 1493 1685 ad
1534 1636 1741 1690 exitum
1775 1654 1975 1710 appro-

394 1713 718 1783 pinquabat,
760 1732 825 1771 eo
867 1718 1072 1774 clarius
1118 1724 1306 1791 sponsi
1361 1729 1581 1783 intuens
1615 1731 1975 1798 pucbritudi-

395 1820 519 1859 nem
549 1806 757 1876 majore
790 1809 1145 1867 festinatione
1177 1814 1243 1868 ad
1294 1827 1537 1871 amatum
1584 1824 1971 1891 contendebat,

394 1910 501 1948 non
529 1898 768 1967 amplius
814 1916 915 1955 nos
951 1912 1268 1970 praesentes,
1314 1907 1409 1962 sed
1442 1909 1594 1963 illum
1626 1912 1805 1980 ipsum
1843 1917 1974 1969 allo-

393 2004 592 2056 quens,
626 2006 786 2060 quem
817 1991 1012 2047 deﬁxis
1036 1994 1210 2048 oculis
1238 1999 1729 2068 complectebatur.
1748 2004 1879 2059 Nam
1905 2008 1976 2063 le-

393 2081 576 2133 ctulus
615 2082 735 2149 ejus
770 2083 834 2137 ad
861 2085 1129 2140 orientem
1165 2090 1443 2160 vergebat.
1489 2092 1754 2153 Desineus
1808 2099 1974 2169 igitur

392 2170 682 2223 nobiscum
716 2170 885 2241 loqui,
910 2174 1170 2242 precibus
1194 2174 1459 2249 deinceps
1489 2180 1817 2251 loquebatur
1847 2201 1972 2240 cum

394 2258 524 2325 Deo,
554 2262 812 2318 manibus
834 2264 1178 2335 supplicans,
1198 2274 1253 2322 et
1277 2270 1427 2323 tenui
1454 2287 1586 2326 voce
1611 2273 1684 2326 ita
1710 2275 1970 2330 submur-

394 2368 638 2418 murans,
697 2366 758 2410 ut
797 2372 919 2426 quae
966 2358 1315 2428 dicebantur,
1372 2365 1721 2423 mediocriter
1752 2384 1781 2422 a
1813 2369 1973 2425 nobis

391 2443 808 2503 exaudirentur.
868 2445 1020 2517 Talis
1064 2458 1248 2505 autem
1295 2462 1412 2508 erat
1467 2459 1730 2526 precatio,
1784 2468 1843 2515 ut
1878 2462 1976 2517 du-

391 2533 541 2588 bium
582 2550 690 2589 non
720 2544 887 2604 esset,
922 2540 1054 2609 quin
1093 2540 1419 2599 funderetur
1467 2548 1536 2601 ad
1576 2547 1769 2614 Deum,
1817 2561 1871 2607 et
1903 2554 1974 2623 ab

391 2627 486 2679 illa
517 2625 660 2683 Deus
686 2627 989 2697 audiretur.

468 2736 488 2781 ς
531 2716 634 2783 Τυ,
669 2738 688 2771 ι
711 2721 1017 2791 inquiebat,
1042 2744 1060 2777 ι
1086 2725 1334 2800 Domine,
1368 2731 1557 2790 mortis
1584 2741 1784 2791 metum
1814 2735 1973 2792 nobis

2076 1630 2245 1687 εδίδου
2274 1630 2308 1701 ἡ
2335 1624 2631 1697 προθυμία,
2678 1622 2791 1676 ἀλλ’
2826 1624 2948 1675 ὅσον
2977 1624 3041 1691 τῇ
3074 1619 3235 1689 ἐξόδῳ
3261 1618 3648 1689 προσήγγιζεν,

2075 1724 2152 1786 ὡς
2180 1721 2338 1774 πλέον
2373 1715 2653 1788 θεωροῦσα
2686 1713 2779 1766 τοῦ
2818 1711 3050 1782 νυμφίου
3079 1710 3140 1762 τὸ
3176 1707 3401 1771 κάλλος,
3434 1709 3492 1760 ἐν
3518 1723 3651 1777 σφο-

2074 1811 2302 1883 δροτέρᾳ
2328 1811 2394 1880 τῇ
2421 1807 2624 1873 ἐπείξει
2652 1805 2788 1876 πρὸς
2807 1804 2898 1857 τὸν
2923 1800 3254 1871 ποθούμενον
3279 1799 3406 1852 ἲετο’
3423 1795 3651 1854 τοιαῦτα

2076 1903 2419 1974 φθεγγομένη
2439 1943 2454 1967 ,
2476 1900 2658 1954 οὐκέτι
2701 1898 2837 1968 πρὸς
2864 1898 3009 1968 ἡμᾶς
3036 1897 3163 1957 τοὺς
3191 1893 3484 1963 παρόντας,
3514 1889 3651 1943 ἀλλά

2075 1993 2213 2064 πρὸς
2265 1991 2426 2045 αὐτὸν
2474 1992 2712 2053 ἐκεῖνον,
2762 1987 2900 2057 πρὸς
2945 1986 3004 2038 ὃν
3052 1985 3239 2045 ἀτενὲς
3271 1981 3497 2053 ἀφεώρα
3536 1981 3651 2047 τοῖς

2074 2086 2306 2156 ὄμμασι.
2352 2082 2495 2153 Πρδς
2524 2080 2632 2151 γὰρ
2671 2078 2932 2147 ἀνατολὴν
2975 2077 3244 2148 τέτραπτο
3278 2076 3414 2143 αὐτῇ
3448 2073 3507 2125 τὸ
3544 2088 3650 2141 xa-

2078 2176 2328 2247 μεύνιον’
2362 2175 2456 2227 καὶ
2498 2173 2781 2227 ἀποστᾶσα
2823 2169 2916 2222 τοῦ
2949 2169 3085 2239 πρὸς
3114 2169 3259 2238 ἡμᾶς
3286 2163 3647 2231 διαλέγεσθαι,

2073 2270 2142 2322 δι’
2185 2268 2351 2338 εὐχῆς
2380 2264 2575 2336 ὡμίλει
2626 2263 2687 2315 τὸ
2741 2261 2924 2316 λοιπὸν
2952 2259 3029 2330 τῷ
3076 2257 3216 2328 Θεῷ,
3250 2254 3406 2327 χερσί
3432 2269 3491 2306 τε
3534 2253 3651 2304 ἰκε-

2073 2361 2338 2421 τεύουσα,
2376 2356 2471 2411 καὶ
2504 2353 2957 2424 ὑποφθεγγομένη
2990 2351 3161 2421 λεπτῇ
3193 2349 3260 2418 τῇ
3294 2347 3475 2416 φωνῇ’
3509 2344 3653 2396 ὥστε

2074 2455 2223 2525 ἡμᾶς
2256 2451 2470 2505 ἐπαΐειν
2518 2448 2754 2519 μετρίως
2804 2445 2913 2499 τῶν
2942 2442 3282 2513 λεγομένων·
3329 2437 3549 2508 τοιαύτη
3592 2437 3653 2489 δὲ

2073 2541 2142 2616 ἦν
2185 2547 2219 2614 ἡ
2250 2543 2405 2614 εὐχὴ,
2451 2542 2529 2605 ὡς
2576 2540 2710 2611 μηδέ
2741 2536 3124 2608 ἀμφιϐάλλειν,
3155 2535 3235 2587 ὅτι
3269 2532 3363 2585 καὶ
3393 2529 3528 2600 πρὸς
3559 2527 3652 2580 τὸν

2076 2636 2208 2690 Θεὸν
2236 2635 2462 2705 ἐγίνετο,
2496 2634 2592 2687 καὶ
2617 2632 2747 2703 παρ’
2778 2631 2996 2700 ἐκείνης
3030 2624 3280 2696 ἠκούετο.

2150 2747 2168 2778 ι
2190 2726 2315 2792 Σὺ,›
2339 2724 2523 2794 φησὶν,
2552 2742 2570 2773 ‹
2591 2721 2786 2783 ἔλυσας
2810 2721 2960 2790 ἡμῖν,
2984 2716 3177 2787 Κύριε,
3193 2713 3285 2768 τοῦ
3308 2711 3537 2767 θανάτου
3558 2709 3653 2765 τὸν

393 2809 729 2869 abstersisti.
754 2813 838 2868 Tu
860 2815 1115 2885 effecisti,
1147 2829 1206 2874 ut
1233 2821 1628 2890 hujusee'vita:
1658 2826 1803 2892 finis,
1829 2842 1974 2883 verae

2078 2818 2260 2888 φόϐον.
2303 2817 2376 2870 Σὺ
2424 2814 2569 2885 ζωῆς
2612 2812 2871 2882 ἀληθινῆς
2902 2809 3078 2905 ἀρχὴν
3110 2809 3241 2905 ἡμῖν
3289 2804 3562 2905 ἐποίησας.
3589 2801 3653 2855 τὸ

391 2903 554 2961 nobis
578 2906 719 2963 esset
743 2909 1074 2979 principium
1115 2912 1260 2968 vitae.
1295 2912 1377 2968 Tu
1404 2926 1598 2971 nostra
1626 2932 1860 2988 corpora
1901 2918 1968 2973 ad

394 3004 608 3064 tempus
635 3012 834 3052 somno
877 3000 1074 3066 tradis,
1126 3017 1463 3075 rursumque
1504 3021 1699 3061 somno
1735 3009 1970 3065 suscitas

392 3096 640 3145 extrema
699 3092 846 3146 tuba.
914 3092 996 3147 Tu
1040 3101 1245 3149 terram
1310 3105 1579 3162 nostram,
1631 3115 1794 3170 quam
1851 3116 1969 3155 ma-

391 3182 561 3238 nibus
608 3181 884 3250 formasti,
938 3192 1200 3257 tanquam
1258 3188 1566 3260 depositum
1621 3201 1784 3248 teme
1819 3209 1971 3249 com-

392 3272 589 3339 mittis,
635 3282 689 3329 et
722 3274 869 3343 quod
908 3276 957 3331 ei
1000 3275 1232 3347 dederas
1273 3295 1493 3340 rursum
1548 3284 1783 3352 repetis,
1823 3285 1971 3354 quod

392 3366 454 3424 in
494 3366 655 3422 nobis
706 3369 937 3425 mortale
980 3379 1146 3439 atque
1187 3370 1433 3429 deforme
1473 3385 1585 3433 est.
1646 3375 1973 3431 immortali-

392 3465 509 3514 tate
556 3465 609 3513 et
661 3460 837 3529 gratia
871 3461 1166 3520 decorans.
1206 3462 1289 3520 Tu
1334 3480 1438 3521 nos
1476 3467 1544 3522 ab
1590 3470 1973 3526 exsecratione

395 3558 736 3621 peccatoque
770 3552 1039 3622 liberasti,
1073 3562 1371 3626 utrumque
1393 3547 1501 3628 pro
1534 3560 1692 3615 nobis
1721 3560 1968 3620 effectus.

393 3639 479 3707 Tu
524 3642 787 3703 draconis
810 3646 994 3717 capita
1033 3646 1286 3705 collisisti
1313 3650 1356 3713 ³,
1397 3650 1492 3722 qui
1526 3666 1623 3720 per
1652 3653 1970 3723 voraginem

395 3737 755 3792 contumaciae
814 3738 1068 3795 faucibus
1138 3740 1417 3796 hominem
1479 3742 1839 3811 corripuerat.
1888 3743 1971 3797 Tu

394 3828 570 3897 portis
605 3830 803 3884 tartari
852 3830 1155 3888 confractis
1195 3839 1251 3888 et
1295 3832 1610 3900 debilitate,
1643 3835 1737 3903 qui
1776 3835 1973 3890 mortis

393 3919 634 3975 habebat
684 3922 976 3990 imperium
1028 3925 1067 3990 ³,
1115 3923 1362 3979 (ἰωιηοιιθ
1408 3926 1571 3981 nobis
1620 3925 1689 3980 ad
1721 3942 1974 3984 resurre-

394 4012 636 4066 ctionem
663 4014 873 4068 aditum
905 4015 1234 4085 patefecisti.
1266 4016 1347 4073 Tu
1379 4020 1446 4074 ad
1471 4020 1647 4077 hostis
1671 4022 1969 4093 perniciem

393 4111 450 4156 et
480 4102 603 4163 vita:
628 4111 835 4159 nostrae
854 4106 1212 4163 securitatem
1242 4109 1441 4165 dedisti
1473 4113 1690 4181 signum
1723 4120 1974 4168 metuen-

2076 2911 2227 2973 τέλος
2259 2911 2357 2979 τῆς
2382 2904 2615 2962 ἐνταῦθα
2640 2903 2807 2975 ζωῆς.
2832 2904 2904 2956 Σὺ
2932 2902 3068 2971 πρὸς
3089 2899 3278 2969 καιρὸν
3303 2895 3656 2957 διαναπαύεις

2078 3001 2231 3073 ὕπνῳ
2249 3000 2320 3055 τὰ
2348 2999 2598 3070 σώματα,
2630 2997 2724 3049 καὶ⁸
2747 2995 2908 3049 πάλιν
2931 2992 3252 3063 ἁφυπνίζεις
3275 2992 3331 3042 ἐν
3351 2991 3417 3059 τῇ
3448 2985 3652 3056 ἐσχάτῃ

2079 3094 2359 3162 σάλπιγγι.
2401 3093 2473 3145 Σὺ
2506 3090 2662 3154 δίδως
2691 3087 3159 3161 παρακαταθήκην
3194 3087 3261 3155 τῇ
3292 3086 3363 3154 γῇ
3388 3083 3485 3152 τὴν
3511 3083 3652 3151 ἡμε-

2076 3187 2241 3257 τέραν
2273 3185 2399 3255 γῆν,
2429 3185 2495 3254 ἣν
2522 3184 2640 3248 ταῖς
2673 3181 2971 3252 σαϊς’χερσ“ι
2993 3177 3390 3248 διεμόρφωσας·
3421 3173 3516 3226 καὶ
3548 3170 3655 3224 πά-

2077 3279 2162 3332 λιν
2185 3275 2506 3349 ζάνακομίζῃ
2534 3275 2563 3329 ὃ
2595 3275 2865 3338 δέδωκας,
2906 3269 3185 3340 ἀφθαρσίᾳ
3214 3268 3308 3321 καὶ
3343 3266 3524 3336 χάριτι
3557 3280 3657 3333 με-

2077 3367 2446 3440 ταμορφὼσας
2465 3365 2526 3419 τὸ
2548 3364 2740 3435 θνητὸν
2760 3362 2917 3434 ἡμῶν
2935 3360 3028 3414 καὶ
3047 3359 3187 3429 ἀσχη
3198 3374 3316 3427 μον.
3344 3356 3415 3409 Σὺ
3437 3358 3462 3407 ἐ
3470 3352 3569 3425 ῥρύ
3578 3369 3655 3405 σω

2079 3464 2226 3533 ἡμᾶς
2254 3463 2318 3515 ἐκ
2351 3460 2448 3531 τῆς
2489 3458 2732 3529 κατάρας
2765 3455 2860 3508 καὶ
2893 3454 2991 3523 τῆς
3038 3450 3333 3522 ἁμαρτίας,
3366 3446 3655 3516 ἀμφότερα

2080 3555 2217 3624 ὑπὲρ
2248 3552 2405 3624 ἡμῶν
2449 3550 2760 3619 γενόμενος.
2792 3546 2864 3599 Σὺ
2907 3542 3236 3604 συνέθλασας
3280 3537 3379 3637 τὰς
3415 3533 3655 3637 κεφαλάς

2076 3647 2171 3701 τοῦ
2200 3647 2490 3718 δράκοντος
2509 3681 2524 3707 ,
2559 3640 2654 3695 τοῦ
2694 3640 2781 3693 διὰ
2807 3639 2900 3691 τοῦ
2940 3636 3217 3708 χάσματος
3250 3631 3349 3701 τῆς
3375 3631 3655 3699 παρακοῆς

2077 3739 2155 3810 τῷ
2184 3737 2366 3809 λαιμῷ
2395 3735 2738 3797 διαλαϐόντος
2766 3732 2856 3785 τὸν
2881 3730 3186 3823 ἄνθρωπον.
3316 3721 3655 3823 ὡδοποίησας

2077 3833 2210 3901 ἡμῖν
2236 3828 2334 3898 τὴν
2357 3827 2671 3891 ἀνάστασιν,
2714 3821 3009 3892 συντρίψας
3041 3818 3140 3881 τὰς
3165 3815 3340 3879 πύλας
3376 3813 3470 3867 τοῦ
3500 3811 3650 3882 ᾅδου,

2080 3922 2175 3975 καὶ
2212 3920 2566 3992 καταργήσας
2593 3917 2683 3969 τὸν
2714 3916 2774 3969 τὸ
2809 3914 3011 3984 κράτος
3059 3910 3250 3981 ἔχοντα
3286 3907 3382 3961 τοῦ
3419 3905 3652 3960 θανάτου

2079 4014 2344 4070 διάϐολον.
2393 4013 2466 4074 Σὺ
2507 4011 2713 4072 ἔδωκας
2740 4011 2852 4071 τοῖς
2881 4004 3232 4075 φοϐουμένοις
3266 4019 3323 4054 σε
3358 3998 3655 4070 σημείωσιν

2077 4107 2171 4160 τὸν
2199 4106 2369 4158 τύπον
2406 4104 2500 4158 τοῦ
2531 4103 2685 4170 ἁγίου
2722 4117 2813 4154 σου
2838 4097 3073 4165 σταυροῦ
3108 4098 3186 4159 είς
3220 4093 3537 4162 καθαίρεσιν
3560 4086 3653 4142 τοῦ

394 4194 546 4250 tibus
599 4202 672 4259 te,
717 4205 901 4252 notam
950 4208 1154 4257 sanctae
1192 4202 1396 4265 crucis.
1442 4214 1644 4259 aeterne
1692 4204 1972 4269 Deus,cui

2080 4199 2483 4272 ῗΑντικειμένου
2516 4195 2610 4250 καὶ
2634 4197 2713 4258 εἰς
2742 4194 3039 4263 ἀσφάλειαν
3066 4192 3164 4260 τῆς
3194 4187 3466 4259 ἡμετέρας
3488 4183 3650 4251 ζωῆς.

380 4286 616 4342 .addicta
648 4304 770 4344 sum
800 4304 868 4345 ex
891 4296 1050 4347 utero
1080 4293 1480 4362 matris,quem
1507 4311 1573 4350 ex
1608 4296 1734 4371 totis
1766 4297 1975 4352 viribus

397 4378 590 4434 dilexit
619 4380 839 4438 animus
856 4398 1034 4448 meus,
1063 4385 1154 4439 cui
1185 4392 1241 4439 et
1269 4400 1495 4441 carnem
1546 4396 1601 4442 et
1629 4390 1875 4445 animum
1907 4390 1977 4446 ab

397 4470 769 4528 adolescentia
794 4489 912 4530 mea
938 4475 1006 4530 ad
1034 4475 1138 4531 hoc
1168 4491 1344 4547 usque
1388 4482 1708 4535 consecravi
1739 4490 1973 4550 tempus.

398 4559 482 4615 Tu
536 4562 668 4617 mihi
712 4564 913 4621 adhibe
953 4568 1206 4638 angelum
1256 4569 1416 4632 lucis,
1443 4571 1535 4640 qui
1593 4587 1679 4626 me
1719 4573 1885 4628 ducat
1911 4574 1979 4627 ad

397 4654 580 4710 locum
625 4656 919 4728 refrigerii,
982 4661 1074 4715 ubi
1128 4664 1331 4733 quietis
1386 4672 1473 4720 est
1518 4680 1682 4735 aqua,
1735 4665 1789 4720 in
1823 4668 1980 4722 sinus

398 4756 715 4806 sanctorum
746 4749 992 4806 Patrum.
1025 4752 1120 4808 Tu'
1138 4756 1230 4824 qui
1263 4755 1578 4814 ﬂammeum
1614 4758 1826 4829 fregisti
1861 4760 1979 4829 gla-

397 4839 573 4905 dium,
611 4849 667 4895 et
704 4844 963 4912 paradiso
1006 4846 1294 4903 reddidisti
1335 4849 1637 4915 hominem,
1672 4852 1765 4921 qui
1797 4859 1980 4906 tecum

395 4931 553 4986 cruci
584 4931 833 5011 sufﬁxus
856 4945 998 4998 erat,
1031 4945 1083 4992 et
1116 4937 1184 4991 ad
1229 4939 1665 4996 misericordiam
1718 4944 1983 5013 confuge-

399 5030 485 5075 rat
520 5032 696 5086 tuam,
744 5034 1019 5081 memento
1066 5030 1230 5083 etiam
1289 5032 1394 5086 mei
1434 5033 1487 5086 in
1533 5051 1703 5105 regno
1738 5044 1856 5092 tuo.
1895 5037 1984 5090 δῖα

394 5113 622 5181 quidem
677 5124 729 5169 et
769 5132 871 5187 ego
916 5118 1181 5174 crucitixa
1210 5138 1332 5176 sum
1367 5130 1547 5178 tecum
1598 5126 1878 5197 contiguus
1913 5130 1982 5182 ti-

399 5221 551 5262 more
583 5216 677 5262 tuo
706 5223 901 5266 carnes
932 5226 1106 5277 meas,
1136 5221 1191 5268 et
1214 5214 1528 5283 abjudiciis
1558 5218 1668 5272 tuis
1702 5228 1975 5275 metuens.

399 5297 478 5354 Ne
498 5309 717 5370 separet
746 5318 831 5358 me
854 5304 1026 5360 chaos
1056 5305 1194 5360 illud
1228 5298 1662 5376 formidandum,
1699 5313 1989 5386 abelectis

401 5391 534 5446 tuis.
568 5391 644 5447 Ne
683 5393 947 5463 impediat
973 5395 1196 5451 invidus
1234 5399 1338 5454 iter
1363 5416 1567 5465 meum,
1596 5418 1664 5456 ne
1701 5404 1982 5473 reperian-

407 5488 502 5537 tur
540 5493 666 5537 ante
708 5486 903 5542 oculos
934 5494 1061 5543 tuos
1099 5498 1322 5558 peccata
1355 5506 1513 5559 mea;
1546 5495 1591 5551 si
1624 5504 1849 5565 propter
1874 5511 1973 5551 na-

479 5595 501 5629 ²
530 5592 679 5663 Psal.
711 5592 902 5654 uim.
1016 5600 1037 5631 ³
1070 5599 1237 5656 Hebro
1262 5617 1324 5656 "-

2091 4294 2147 4347 '0
2172 4292 2304 4357 Θεὸς
2329 4294 2359 4345 ὁ
2394 4291 2630 4354 αἰώνιος,
2675 4282 2718 4355 ᾧ
2760 4286 3060 4358 ἐπερῤίφην
3088 4284 3154 4335 ἐκ
3192 4278 3394 4381 κοιλίας
3455 4272 3655 4381 μητρός

2082 4405 2212 4457 μου’
2256 4385 2316 4439 ὃν
2345 4384 2630 4454 ἠγάπησεν
2655 4383 2687 4450 ἡ
2718 4378 2862 4449 ψυχή
2895 4393 2995 4447 μου
3027 4373 3086 4439 ἐξ
3113 4373 3239 4442 ὅλης
3273 4370 3582 4439 δυνάμεως,
3613 4370 3656 4433 ᾡ

2078 4477 2319 4547 ἀνέθηκα
2344 4475 2437 4529 καὶ
2469 4473 2567 4543 τὴν
2612 4473 2791 4543 σάρκα
2822 4469 2918 4521 καὶ
2945 4466 3044 4537 τὴν
3071 4465 3249 4536 ψυχὴν
3281 4462 3391 4516 ἀπὸ
3410 4458 3657 4529 νεότητός

2083 4562 2219 4640 μού,
2257 4569 2351 4623 καὶ
2387 4567 2547 4637 μέχρι
2589 4563 2682 4617 τοῦ
2730 4561 2844 4615 νῦν.
2895 4561 2968 4613 Σύ
3027 4574 3116 4628 μοι
3162 4552 3657 4629 παρακατάστησον

2083 4661 2341 4733 φωτεινὸν
2382 4657 2610 4726 ἄγγελον
2647 4654 2738 4707 τὸν
2783 4648 3228 4723 χειραγωγοῦντά
3270 4664 3339 4719 με
3390 4643 3528 4717 πρὸς
3568 4640 3659 4695 τὸν

2081 4756 2244 4809 τόπον
2267 4757 2365 4824 τῆς
2382 4750 2697 4819 ἀναψύξεως
2713 4787 2726 4807 ,
2754 4748 2886 4800 ὅπου
2908 4745 2968 4798 τὸ
2988 4743 3130 4813 ὕδωρ
3156 4742 3253 4812 τῆς
3277 4738 3656 4800 ἀναπαύσεως,

2082 4847 2234 4919 παρὰ
2257 4847 2382 4907 τοὺς
2408 4844 2640 4904 κόλπους
2665 4840 2771 4893 τῶν
2799 4839 2970 4907 ἁγίων
3002 4836 3290 4906 Πατέρων·
3334 4835 3364 4886 ὁ
3399 4829 3656 4899 διακόψας

2082 4942 2182 5011 τὴν
2214 4936 2468 5007 φλογίνην
2509 4932 2801 5007 ῥομφαίαν,
2847 4930 2941 4984 καὶ
2984 4929 3213 4989 ἀποδοὺς
3235 4927 3311 4997 τῷ
3348 4920 3657 4994 παραδείσῳ

2084 5033 2175 5085 τὸν
2218 5031 2503 5102 ἄνθρωπον
2561 5028 2652 5081 τὸν
2706 5023 3156 5097 συσταυρωθέντα
3184 5038 3284 5084 σοι,
3325 5018 3418 5072 καὶ
3451 5018 3656 5070 ὑποπε-

2088 5126 2249 5180 σόντα
2295 5126 2408 5186 τοῖς
2441 5121 2744 5191 οἱκτιρμοῖς
2791 5135 2918 5171 σουο
2974 5114 3154 5186 κάμοῦ
3200 5114 3465 5185 μνήσθητι
3507 5111 3567 5162 ἐν
3590 5109 3657 5179 τῇ

2792 5207 2806 5224 ε
3307 5202 3320 5220 ι

2088 5214 2335 5287 βασιλείᾳ
2380 5227 2507 5265 σου·
2556 5210 2637 5263 ὅτι
2672 5210 2826 5277 κάγω
2865 5206 2949 5260 σοι
2989 5202 3475 5276 συνεσταυρωθην,
3530 5197 3659 5253 καθ-

2084 5307 2344 5379 ηλώσασα
2366 5308 2430 5358 ἐκ
2456 5302 2550 5356 τοῦ
2582 5301 2747 5371 φόϐου
2779 5318 2874 5354 σου
2904 5299 3001 5363 τὰς
3037 5299 3242 5368 σάρκας
3277 5312 3401 5367 μου·
3430 5294 3525 5349 καὶ
3550 5290 3658 5346 ἀπὸ

2085 5402 2193 5454 τῶν
2242 5398 2525 5470 κριμάτων
2567 5414 2659 5450 σου
2696 5393 3011 5465 φοϐηθεῖσα.
3049 5390 3141 5461 Μὴ
3183 5386 3561 5459 διαχωρισάτω
3590 5398 3656 5453 με

2088 5495 2146 5548 τὸ
2176 5493 2359 5564 χάσμα
2397 5491 2458 5544 τὸ
2488 5489 2715 5561 φοϐερὸν
2748 5486 2856 5541 ἀπὸ
2900 5484 3007 5538 τῶν
3042 5482 3313 5536 ἐκλεκτῶν
3342 5497 3459 5534 σου.
3509 5474 3655 5549 Μηδέ
