4068 6154
365 301 473 359 {N3

1612 307 1696 361 DE
1738 308 1897 363 VITA
1966 310 2023 364 S.
2075 306 2427 364 MACRiNIE.

3467 270 3677 359 ὀδε

364 423 671 483 ἀντιστὴτω
719 424 748 475 ὁ
790 423 1057 494 βάσκανος
1091 426 1158 496 τῇ
1203 424 1308 495 ὀδῷ
1338 442 1462 497 μου,
1502 426 1638 496 μηδέ
1686 427 1938 499 εὑρεθείη

2046 437 2178 482 tunc
2227 426 2606 481 inﬁrmitatem
2662 423 2934 494 collapsa,
2981 428 3075 475 aut
3109 420 3280 476 verbo
3320 425 3416 473 aut
3465 434 3630 489 opere

367 515 701 570 κατενώπιον
726 515 836 568 τῶν
863 514 1155 587 ὀφθαλμῶν
1183 533 1276 569 σου
1318 519 1353 588 ἡ
1388 518 1631 589 ἁμαρτία
1661 536 1785 589 μου,
1819 519 1873 571 εἴ
1892 536 1946 573 τι

369 607 634 675 σφαλεῖσα
662 605 751 659 διὰ
788 606 885 677 τὴν
922 606 1204 660 ἀσθένειαν
1253 607 1355 678 τῆς
1399 608 1614 678 φύσεως
1660 611 1838 680 ἡμῶν,
1887 613 1945 664 ἐν

364 698 526 769 λόγῳ,
563 697 595 767 ἥ
633 696 797 767 ἔργῳ,
829 697 862 768 ἢ
898 697 1038 751 κατὰ
1066 698 1305 753 διάνοιαν
1331 701 1597 771 ἥμαρτον,
1627 702 1655 753 ὀ
1684 701 1821 771 ἔχων
1853 703 1946 756 ἐπὶ

364 788 467 856 γῆς
506 785 754 850 ἐξουσίαν
792 787 1009 855 ἀφιέναι
1042 789 1344 861 ἁμαρτίας,
1381 791 1505 854 ἄνες
1529 808 1649 862 μοι·
1685 792 1773 845 ἵνα
1815 794 1947 846 ἁνα-

362 876 533 947 ψύξω,
568 876 664 930 καὶ
692 877 900 948 εὑρεθῶ
940 878 1171 933 ἐνώπιόν
1207 897 1301 933 σου
1329 882 1387 933 ἐν
1429 884 1497 952 τῇ
1532 882 1827 936 ἀπεκδύσει
1850 884 1942 936 τοῦ

365 969 620 1040 σώματός
669 988 791 1040 μου,
827 971 900 1042 μὴ
950 970 1147 1042 ἔχουσα
1178 973 1366 1027 σπῖλον
1398 976 1456 1027 ἐν
1497 977 1562 1045 τῇ
1617 977 1798 1046 μορφῇ
1844 975 1944 1046 τῆς

363 1064 544 1134 ψυχῆς
589 1081 709 1133 μου.
749 1063 889 1116 Ἀλλ’
928 1063 1178 1135 ἄμωμος,
1228 1068 1323 1120 καὶ
1350 1067 1680 1137 ἁκηλίὸωτος
1711 1068 1943 1138 προσδε-

364 1156 519 1227 χθείη
565 1159 598 1226 ή
635 1156 781 1227 ψυχή
832 1174 932 1227 μου
979 1159 1036 1210 ἐν
1079 1161 1199 1222 ταῖς
1237 1159 1391 1228 χερσί
1430 1176 1544 1223 σου,
1579 1160 1654 1222 ὡς
1692 1160 1944 1230 θυμίαμα

366 1245 598 1300 ἐνώπιόν
643 1263 759 1299 σου.
797 1266 816 1298 ι
857 1247 966 1300 Καὶ
1008 1248 1181 1302 ταῦτα
1226 1248 1343 1318 ἃμα
1386 1247 1648 1317 λέγουσα,
1705 1249 1943 1303 ἐπετίθει

363 1336 464 1407 τὴν
494 1337 764 1409 σφραγῖδα
797 1341 911 1402 τοῖς
933 1339 1231 1410 ὀφθαλμοῖς
1271 1342 1364 1394 καὶ
1389 1341 1466 1411 τῷ
1497 1342 1725 1410 στόματι
1763 1341 1856 1394 καὶ
1875 1343 1941 1410 τῇ

366 1428 585 1500 καρδίᾳ.
625 1431 735 1483 Καὶ
777 1432 896 1483 κατ’
928 1430 1136 1497 ὀλίγον,
1175 1431 1209 1501 ἥ
1247 1449 1307 1483 τε
1336 1431 1555 1500 γλῶσσα
1592 1432 1669 1502 τῷ
1722 1433 1944 1505 πυρετῷ

370 1523 818 1591 καταφρυγεῖσα,
858 1522 1039 1575 οὐκέτι
1098 1521 1357 1594 διήρθρου
1416 1524 1506 1576 τὸν
1560 1524 1737 1592 λόγον,
1774 1527 1869 1579 καὶ
1903 1528 1937 1597 ἡ

2049 526 2142 571 aut
2177 517 2514 586 cogitatione
2548 514 2790 584 peccavi,
2849 511 3102 568 condona
3131 510 3186 564 id
3216 508 3373 575 mihi,
3432 514 3495 563 tu
3533 509 3629 578 qui

2046 612 2221 666 habes
2278 611 2335 665 in
2389 619 2539 666 terra
2575 607 2891 663 dimittendi
2931 613 3156 677 peccata
3188 611 3537 675 potestatem,
3568 613 3630 658 ut

2045 703 2342 772 refrigerer
2374 709 2429 757 et
2464 702 2519 757 in
2552 699 2805 769 corporis
2849 698 3178 768 spoliatione
3214 704 3344 750 ante
3394 709 3630 765 conspe-

2045 806 2194 851 ctum
2228 802 2382 849 tuum
2406 794 2675 859 inveniar,
2694 794 2805 846 'non
2827 792 3037 847 habens
3068 790 3339 845 maculam
3374 790 3428 843 in
3448 789 3629 844 forma

2045 887 2215 941 animi
2256 888 2384 942 mei.
2441 885 2549 941 Sed
2596 885 2717 941 sine
2744 882 3176 952 reprehensione
3206 890 3259 936 et
3293 881 3417 935 labe
3444 882 3626 937 susci-

2041 978 2230 1048 piatur
2259 979 2478 1033 animus
2515 992 2670 1033 meus
2701 977 2757 1031 in
2791 975 3048 1031 manibus
3089 976 3203 1029 tuis
3234 982 3500 1044 tanquam
3544 975 3630 1028 in-

2043 1086 2270 1125 censum
2311 1072 2365 1124 in
2406 1078 2708 1137 conspectu
2743 1075 2859 1122 tuo.
2909 1084 2928 1118 ›
2966 1065 3095 1121 Ηωο
3135 1066 3328 1121 dicens
3360 1065 3541 1121 oculis
3569 1074 3624 1122 et

2042 1164 2124 1216 ori
2162 1173 2216 1214 et
2268 1161 2421 1217 cordi
2479 1162 2664 1216 crucis
2698 1160 2918 1230 signum
2953 1159 3230 1227 apposuit.
3250 1156 3466 1226 Lingua
3496 1171 3629 1211 vero

2042 1252 2183 1308 febri
2230 1252 2494 1322 paulatim
2546 1251 2769 1321 penitus
2815 1248 3116 1311 exsiccata,
3171 1247 3340 1301 verba
3390 1247 3629 1316 amplius

2042 1360 2150 1398 non
2181 1344 2538 1412 exprimebat,
2582 1351 2637 1397 et
2684 1358 2790 1397 vox
2836 1341 3241 1410 implicabatur.
3296 1337 3478 1405 Quare
3498 1339 3621 1392 sola

2039 1438 2315 1492 labiorum
2363 1438 2687 1493 dilatatione
2726 1446 2781 1493 et
2828 1451 3091 1491 manuum
3134 1441 3309 1497 motu,
3345 1447 3464 1486 eam
3494 1446 3625 1501 pre-

2041 1531 2246 1585 cationi
2286 1532 2608 1586 incumbere
2634 1530 3123 1601 cognoscebamus.

365 1615 516 1692 φωνὴ
532 1616 934 1693 ὐπεδίδου.Καὶ
960 1618 1016 1670 ἐν
1038 1617 1172 1690 μόνῃ
1192 1621 1259 1689 τῇ
1282 1618 1390 1672 τῶν
1418 1619 1641 1689 χειλέων
1659 1620 1932 1694 διαστολῇ,
1973 1626 2069 1678 καὶ
2114 1629 2181 1698 τῇ
2224 1626 2335 1680 τῶν
2384 1625 2580 1698 χειρῶν
2616 1627 2856 1696 κινήσει,
2935 1624 2996 1678 τὸ
3062 1625 3120 1675 ἐν
3162 1620 3439 1692 προσευχῇ
3485 1613 3627 1669 εἶναι

367 1708 536 1779 αὐτὴν
565 1707 956 1778 ἐγινώσκομεν.

436 1800 546 1854 Καὶ
572 1800 629 1853 ἐν
655 1798 862 1862 τούτοις
889 1801 987 1871 τῆς
1015 1800 1251 1871 ἑσπέρας
1284 1799 1646 1869 ἐπιλαϐούσης
1665 1841 1679 1864 ,
1705 1799 1800 1854 καὶ
1829 1818 1944 1869 φωο

2116 1801 2254 1856 Cum
2281 1800 2501 1859 interim
2530 1814 2727 1869 vesper
2754 1797 3087 1861 advenisset,
3119 1802 3174 1850 et
3200 1794 3382 1849 lumen
3417 1794 3625 1848 illatum

364 1893 456 1955 τὸς
496 1891 952 1961 είσκομισθέντος,
998 1891 1194 1963 ἁθρόον
1240 1891 1331 1945 τὸν
1368 1891 1475 1945 τῶν
1519 1892 1782 1963 ὀμμάτων
1822 1892 1941 1946 δια-

368 1983 623 2036 στείλασα
649 1982 875 2046 κύκλον,
906 1984 999 2036 xui.
1028 1984 1163 2055 πρὸς
1194 1984 1293 2054 τὴν
1318 1984 1491 2055 αὐγὴν
1530 1984 1815 2050 ἀπιδοῦσα,
1848 1984 1941 2039 ἕκ-

364 2074 522 2144 δηλος
555 2073 651 2145 μὲν
677 2068 745 2144 ἦν
772 2073 1105 2143 φθέγξασθαι
1132 2075 1231 2146 τὴν
1259 2075 1565 2146 ἐπιλύχνιον
1595 2076 1943 2148 εὐχαριστίαν

365 2164 790 2235 προθυμουμένη
810 2181 824 2196 °
857 2166 956 2235 τῆς
992 2165 1047 2218 δέ
1082 2167 1263 2235 φωνῆς
1288 2167 1693 2239 ἐπιλειπούσης,
1724 2168 1814 2222 διὰ
1842 2170 1943 2240 τῆς

363 2257 589 2328 καρδίας
620 2257 714 2310 καὶ
747 2257 848 2327 τῆς
877 2259 986 2310 τῶν
1026 2258 1223 2330 χειρῶν
1267 2262 1532 2331 κινήσεως
1572 2261 1811 2331 ἐπλήρου
1846 2260 1943 2332 τὴν

362 2350 643 2421 πρόθεσιν,
678 2352 773 2404 καὶ
804 2351 871 2405 τὰ
901 2351 1053 2422 χείλη
1088 2353 1225 2425 πρὸς
1255 2352 1352 2424 τὴν
1377 2352 1586 2407 ἔνδοθεν
1609 2356 1787 2428 ὁρμήν
1816 2373 1942 2410 συν-

361 2445 628 2495 εκινεῖτο*
662 2442 737 2505 ὡς
777 2443 834 2496 δέ
864 2443 1145 2517 ἐπλήρωσε
1188 2444 1287 2515 τὴν
1333 2445 1684 2516 εὐχαριστίαν
1707 2487 1723 2512 ,
1776 2448 1869 2501 καὶ
1909 2449 1941 2520 ὴ

363 2534 482 2605 χεὶρ
508 2533 808 2605 ἐπαχθεῖσα
839 2535 927 2589 διὰ
954 2538 1054 2606 τῆς
1096 2536 1387 2608 σφραγῖδος
1421 2537 1497 2607 τῷ
1538 2538 1841 2609 προσώπῳ,
1884 2540 1945 2593 τὸ

365 2625 538 2697 πέρας
578 2627 680 2697 τῆς
722 2627 890 2697 εὐχῆς
936 2627 1284 2699 διεσήμαινε,
1330 2631 1473 2701 μέγα
1520 2648 1573 2684 τι
1616 2632 1710 2685 καὶ
1761 2631 1943 2702 βύθιον

361 2718 769 2784 ἀναπνεύσασα,
805 2722 871 2790 τῇ
908 2722 1182 2792 προσευχῇ
1219 2721 1316 2792 τὴν
1346 2721 1489 2794 ζωὴν
1521 2724 1940 2796 συγκατέληξεν.

372 2809 463 2872 Ὠς
486 2809 543 2862 δὲ
566 2805 634 2880 ἦν
654 2810 714 2862 τὸ
733 2809 918 2865 λοιπὸν
943 2813 1148 2876 ἄπνους
1170 2831 1226 2865 τε
1254 2815 1348 2867 καὶ
1376 2814 1658 2886 ἀκίνητος,
1684 2817 1944 2888 μνησθεὶς

362 2899 472 2954 τῶν
503 2901 752 2967 ἐντολῶν,
786 2902 854 2967 ἃς
886 2903 1048 2967 εὐθὺς
1082 2906 1231 2977 παρὰ
1262 2906 1361 2978 τὴν
1391 2907 1613 2980 πρώτην
1652 2911 1943 2981 συντυχίαν

366 2993 651 3065 πεποίητο,
680 2995 906 3049 εἰποῦσα
930 2996 1215 3069 βούλεσθαι
1235 2999 1333 3062 τὰς
1352 3000 1490 3069 ἐμὰς
1515 3004 1627 3064 τοῖς
1645 3001 1944 3073 ὀφθαλμοῖς

361 3087 532 3157 αὐτῆς
566 3086 923 3159 ἐπιϐληθῆναι
974 3094 1198 3163 χεῖρας,
1236 3093 1331 3146 καὶ
1364 3092 1430 3146 δι’
1469 3093 1602 3164 ἐμοῦ
1650 3095 1750 3168 τὴν
1793 3113 1939 3150 νενοο

2044 1901 2212 1956 esset,
2243 1894 2333 1947 illa
2366 1893 2652 1946 oculorum
2684 1888 2873 1943 orbem
2906 1887 3212 1956 explicans,
3257 1894 3312 1940 et
3343 1884 3410 1937 ad
3440 1883 3628 1953 splen-

2044 1988 2232 2042 dorem
2262 1985 2587 2055 respiciens,
2613 1984 2682 2038 ad
2715 1982 3089 2052 vespertinam
3120 1981 3418 2049 gratiarum
3453 1979 3628 2032 actio-

2044 2093 2169 2135 nem
2222 2077 2690 2149 pronuntiandam
2746 2082 3062 2145 promptum
3110 2072 3355 2125 animum
3406 2085 3519 2141 pne
3568 2083 3627 2125 se

2046 2171 2256 2227 ferebat
2294 2189 2307 2224 :
2342 2170 2439 2225 sed
2486 2184 2622 2225 voce
2656 2167 2967 2228 deﬁciente,
3013 2164 3204 2226 corde,
3262 2171 3318 2217 et
3364 2178 3625 2216 manuum

2045 2262 2289 2315 motione
2324 2260 2610 2331 proposito
2661 2257 3063 2320 satisfaciebat,
3101 2263 3156 2311 et
3200 2255 3267 2308 ad
3305 2241 3624 2307 interiorem

2046 2350 2392 2406 affectionem
2450 2351 2601 2403 labra
2654 2346 3079 2409 commovebat;
3124 2344 3377 2399 absoluta
3443 2348 3624 2393 autem

2045 2446 2345 2516 gratiarum
2394 2445 2631 2505 actione,
2688 2457 2909 2496 manum
2958 2440 3026 2494 ad
3067 2439 3263 2495 faciem
3301 2436 3626 2508 signandum

2046 2539 2311 2604 admovit,
2354 2546 2408 2593 et
2452 2538 2564 2591 voti
2607 2536 2769 2591 ﬁnem
2823 2535 3020 2590 adesse
3059 2532 3384 2596 declaravit,
3422 2539 3476 2584 et
3512 2544 3629 2582 ma-

2044 2646 2211 2701 gnum
2266 2629 2555 2699 quemdam
2592 2643 2655 2681 ac
2695 2627 3025 2697 profundum
3074 2625 3326 2694 spiritum
3395 2623 3626 2684 (lucens,

2044 2736 2170 2776 cum
2223 2718 2542 2788 precatione
2595 2716 2756 2771 simul
2795 2724 2849 2770 et
2894 2715 3062 2768 vitam
3113 2710 3451 2765 terminavit.
3489 2708 3626 2761 Cum

2045 2811 2214 2880 igitur
2258 2824 2360 2863 nec
2412 2807 2647 2877 spiraret
2696 2806 2933 2876 amplius
2965 2812 3020 2859 et
3059 2804 3269 2873 jaceret
3302 2799 3627 2861 immobilis,

2043 2917 2147 2973 ego
2195 2915 2405 2955 memor
2460 2914 2649 2954 eorum
2682 2913 2805 2968 quae
2850 2898 2905 2952 in
2951 2897 3073 2967 ipso
3108 2894 3285 2965 primo
3326 2907 3626 2961 congressu

2043 2994 2176 3048 mihi
2218 2991 2598 3056 mandaverat,
2642 2991 2833 3045 dicens
2884 3005 2945 3045 se
2988 2988 3147 3051 velle,
3177 2994 3237 3041 ut
3280 3002 3477 3039 manus
3506 2998 3628 3037 mea

2048 3085 2152 3141 sibi
2194 3084 2388 3139 oculos
2412 3083 2716 3147 clauderet,
2748 3089 2804 3135 et
2838 3080 3060 3136 solitum
3099 3078 3181 3132 ori
3214 3092 3314 3131 suo
3342 3080 3629 3146 praestaret

366 3147 638 3248 μισμένην
669 3147 1307 3254 θεραπείανιὶἐπαχτθῆναι
1341 3183 1418 3254 τῷ
1447 3147 1937 3258 σώματι,⁶ἐπήγα-

2048 3175 2326 3240 cilicium,
2383 3183 2581 3231 sancto
2633 3173 2809 3229 vultui
2861 3172 3054 3227 dolore
3099 3171 3449 3240 languentem
3511 3180 3631 3217 nia-

361 3286 459 3338 γον
511 3268 590 3340 τῷ
628 3269 766 3341 ἁγίῳ
817 3271 1094 3344 προσώπῳ
1145 3278 1470 3347 νεναρκυῖαν
1515 3278 1579 3331 ἐκ
1609 3277 1702 3330 τοῦ
1738 3279 1944 3345 πάθους

361 3361 464 3427 τὴν
500 3362 658 3433 χεῖρα
678 3401 693 3424 ,
722 3362 845 3417 ὅσον
879 3362 954 3434 μὴ
984 3363 1132 3430 δόξαι
1162 3365 1260 3437 τῆς
1289 3366 1507 3436 ἐντολῆς
1541 3368 1789 3439 ἀμελεῖψ
1821 3370 1943 3423 οὐδὲ

364 3451 477 3523 γὰρ
519 3453 626 3505 τῶν
653 3454 1102 3526 ἐπανορθούντων
1148 3457 1198 3510 οἱ
1250 3458 1517 3529 ὀφθαλμοὶ
1558 3460 1941 3532 προσεδέοντο,

365 3544 616 3617 καθάπερ
642 3547 731 3598 ἐπὶ
759 3547 851 3600 τοῦ
877 3548 1021 3603 κατὰ
1042 3548 1203 3618 φύσιν
1230 3549 1439 3618 γίνεται
1471 3548 1660 3612 ὕπνου,
1694 3555 1804 3615 τοῖς
1834 3552 1948 3622 βλε-

365 3636 560 3707 φάροις
585 3637 867 3706 εὐκόσμως
890 3638 1280 3709 διειλημμένου
1301 3639 1372 3692 τά
1391 3655 1448 3692 τε
1477 3638 1629 3709 χείλη
1652 3640 1947 3709 προσφυῶς

370 3729 672 3800 μεμυκότα,
721 3730 813 3783 καὶ
851 3732 906 3782 αἱ
952 3734 1131 3801 χεῖρες
1174 3729 1465 3800 εὐπρεπῶς
1501 3731 1947 3785 ἐπανακλιθεῖσαι

364 3822 445 3889 τῷ
481 3821 683 3892 στήθει,
721 3822 870 3876 πᾶσά
908 3839 968 3874 τε
1005 3825 1038 3893 ή
1073 3821 1167 3875 τοῦ
1219 3820 1471 3892 σώματος
1512 3821 1660 3887 θέσις
1703 3824 1945 3894 αὐτομά-

365 3930 474 3977 τως
520 3912 660 3967 κατὰ
688 3913 749 3965 τὸ
785 3910 1059 3984 εὔσχημον
1104 3912 1474 3984 ἁρμοσθεῖσα,
1514 3914 1665 3970 οὐδὲν
1702 3916 1802 3988 τῆς
1838 3917 1947 3971 τῶν

366 4004 716 4074 κοσμούντων
740 4004 918 4075 χειρὸς
948 4004 1217 4059 ἐπεδέετο.
1263 4009 1267 4012 ’
1403 4019 1410 4060 '.
1484 4022 1487 4025 '

445 4096 599 4167 Ἐμοὶ
633 4096 691 4150 δὲ
733 4096 941 4167 διχόθεν
979 4098 1190 4166 ἐγίνετο
1237 4099 1472 4171 πάρετος
1514 4101 1548 4170 ή
1580 4099 1746 4172 ψυχή·
1778 4100 1859 4163 είς
1888 4100 1949 4153 τὸ

368 4189 690 4260 φαινόμενον
734 4188 959 4242 ἔϐλεπον
979 4230 993 4254 ,
1024 4190 1117 4242 καὶ
1158 4190 1257 4261 τὴν
1289 4191 1457 4262 ἀκοὴν
1486 4190 1574 4245 διὰ
1611 4194 1708 4263 τῆς
1749 4192 1949 4263 γοερᾶς

365 4282 476 4335 τῶν
501 4281 787 4354 παρθένων
819 4282 1065 4353 οἰμωγῆς
1097 4284 1492 4355 περιηχούμην.
1526 4284 1674 4348 Τέως
1703 4285 1801 4355 μὲν
1839 4284 1948 4355 γὰρ

365 4374 425 4425 ἐν
468 4374 669 4445 ἡσυχίᾳ
710 4373 1094 4455 διεκαρτέρουν
1136 4377 1373 4439 ἐκεῖναι,
1416 4375 1512 4428 ml.
1559 4378 1624 4446 τῇ
1669 4375 1812 4447 ψυχῇ
1847 4376 1946 4447 τὴν

2044 3284 2179 3323 num
2214 3266 2465 3331 adhibui,
2520 3283 2590 3322 ne
2627 3265 2950 3320 mandatum
3001 3262 3122 3331 ejus
3164 3258 3438 3331 negligere
3476 3256 3628 3310 vide-

2046 3375 2141 3416 rer
2195 3360 2381 3430 potius
2437 3373 2602 3429 quam
2641 3357 2790 3427 quod
2849 3353 3123 3424 ejusmodi
3179 3352 3414 3406 ollicium
3446 3338 3631 3403 'oeulis

2044 3453 2168 3524 ejus
2204 3461 2352 3508 esset
2399 3449 2777 3506 necessarium
2826 3464 2841 3501 :
2894 3446 3098 3517 quippe
3142 3444 3236 3514 qui
3275 3439 3632 3510 quemadmo-

2045 3544 2174 3600 dum
2228 3543 2286 3597 ﬁt
2317 3544 2371 3597 in
2403 3554 2599 3595 somno
2640 3538 2901 3603 naturali,
2948 3533 3229 3605 palpebris
3267 3532 3467 3585 decore
3492 3544 3630 3583 con-

2047 3633 2175 3687 tecti
2204 3640 2362 3686 erant
2392 3650 2406 3686 :
2440 3638 2495 3685 et
2527 3630 2681 3683 labra
2729 3627 2917 3682 itidem
2951 3627 3161 3689 clausa,
3190 3636 3501 3691 manusque
3535 3635 3629 3673 ve-

2047 3734 2208 3780 nuste
2247 3724 2454 3795 pectori
2497 3722 2858 3783 cohaerentes,
2906 3726 3058 3774 totus
3101 3718 3336 3785 denique
3379 3714 3629 3795 corporis

2049 3816 2190 3871 situs
2218 3794 2282 3870 ea
2318 3814 2588 3884 dignitate
2610 3813 2971 3884 compositus,
3007 3817 3066 3864 ut
3103 3808 3422 3863 ornantium
3457 3794 3627 3859 manu

2047 3924 2159 3965 non
2199 3908 2490 3980 indigeret.

2119 4093 2272 4149 Meus
2308 4101 2491 4147 autem
2537 4092 2757 4145 animus
2814 4074 3108 4157 dupliciter
3141 4085 3467 4155 angebatur,
3511 4090 3625 4134 tum

2048 4188 2119 4243 ob
2150 4202 2212 4242 ea
2241 4201 2364 4256 quae
2403 4184 2714 4245 cernebam,
2759 4191 2873 4235 tum
2919 4181 2991 4234 ob
3034 4182 3315 4234 luctuosas
3354 4177 3627 4246 virginum

2046 4294 2233 4343 voces,
2277 4278 2479 4347 quibus
2516 4291 2679 4330 aures
2708 4289 2840 4328 meae
2865 4273 3356 4328 circumsonabant
3393 4288 3405 4322 :
3437 4270 3629 4322 hat-te-

2052 4387 2156 4426 nus
2194 4370 2340 4426 enim
2388 4369 2492 4424 illae
2547 4368 2899 4438 quiescentes
2955 4360 3017 4421 'se
3065 4364 3283 4419 fortiter
3322 4368 3626 4430 gesserant.

365 4465 559 4535 ὀδύνην
590 4448 1094 4534 ἐγκατακλείουσαι,
1122 4469 1221 4538 τὴν
1255 4469 1356 4539 τῆς
1388 4467 1633 4538 οἰμωγῆς
1666 4469 1842 4540 ὁρμὴν
1869 4466 1944 4540 τῷ

2052 4463 2347 4531 animoque
2408 4460 2653 4515 dolorem
2728 4458 2999 4512 inclusum
3061 4457 3409 4508 continentes
3472 4448 3629 4502 ﬂetus

365 4558 505 4628 πρὸς
557 4557 722 4629 αὐτὴν
772 4559 921 4629 φόϐῳ
977 4560 1339 4629 κατέπνιγον,
1397 4560 1587 4631 ὥσπερ
1650 4560 1943 4614 δεδοικυῖαι

364 4650 460 4704 καὶ
520 4650 828 4714 σιωπῶντος
884 4651 983 4723 ἤδη
1049 4652 1143 4706 τοῦ
1202 4652 1495 4724 προσώπου
1538 4652 1640 4724 τὴν
1689 4654 1945 4724 ἐπιτίμη-

367 4759 483 4808 σιν,
537 4743 666 4813 μήτι
712 4744 863 4813 παρὰ
919 4744 982 4796 τὸ
1035 4745 1456 4817 διατεταγμένον
1514 4747 1705 4810 αὐταῖς
1762 4746 1944 4817 φωνῆς

363 4851 508 4897 τινος
566 4836 696 4903 παρ’
748 4835 926 4888 αὐτῶν
977 4837 1337 4908 ἐκραγείσης,
1391 4839 1658 4911 λυπηθείη
1699 4839 1836 4910 πρὸς
1885 4839 1947 4891 τὸ

366 4927 650 4997 γινόμενον
714 4927 749 4997 ἡ
803 4926 1138 4992 διδάσκαλος.
1198 4928 1352 4983 Ἐπεὶ
1412 4930 1469 4984 δὲ
1535 4922 1719 4984 οὐκέτι
1778 4948 1947 4984 κατα-

367 5015 687 5087 κρατεῖσθαι
755 5015 821 5069 δι’
885 5017 1112 5087 ἡσυχίας
1184 5018 1242 5071 τὸ
1301 5019 1473 5083 πάθος
1530 5020 1792 5091 ἠδύνατο,
1849 5025 1944 5074 τοῦ

369 5106 597 5186 πένθους
633 5107 795 5160 οἱονεὶ
826 5109 994 5178 πυρός
1023 5124 1164 5172 τινος
1202 5107 1410 5163 ἔνδοθεν
1437 5110 1616 5166 αὐτῶν
1647 5111 1743 5175 τὰς
1769 5112 1947 5182 ψυχὰς

342 5197 756 5269 ,διασμύχοντος
780 5240 795 5265 ,
829 5198 1041 5269 ἁθρόως
1068 5200 1260 5270 πικρός
1289 5218 1370 5265 τις
1395 5204 1488 5255 καὶ
1526 5203 1750 5273 ἄσχετος
1781 5204 1947 5275 ἀναῤ-

370 5290 634 5360 ρήγνυται
662 5285 824 5360 ἦχος’
860 5288 999 5342 ὥστε
1032 5307 1121 5360 μοι
1158 5289 1352 5361 μηκέτι
1388 5291 1568 5362 μένειν
1599 5295 1656 5347 ἐν
1696 5293 1774 5365 τῷ
1818 5294 1948 5347 καθ-

367 5380 621 5451 εστηκότι
640 5381 730 5433 τδν
753 5380 1032 5451 λογισμὸν,
1054 5380 1189 5435 ἀλλὰ
1211 5382 1459 5454 καθάπερ
1478 5402 1561 5454 χει
1569 5385 1776 5457 μάρῤου
1803 5386 1948 5449 τινος

366 5470 793 5536 ἐπικλύσαντος,
827 5471 1158 5543 ὑποϐρύχιον
1202 5475 1600 5544 παρενεχθῆναι
1647 5478 1723 5548 τῷ
1760 5477 1943 5540 πάθει,

369 5564 464 5617 καὶ
494 5562 602 5616 τῶν
630 5563 687 5615 ἐν
712 5565 896 5634 χερσὶν
926 5564 1292 5635 ἀμελήσαντα,
1329 5565 1448 5618 ὅλον
1484 5567 1590 5620 τῶν
1624 5568 1835 5640 θρήνων
1867 5564 1945 5621 εἷ-

372 5673 480 5709 ναι.
523 5652 632 5705 Καί
669 5669 757 5722 μοι
789 5653 969 5706 δικαία
1005 5672 1119 5717 πως
1159 5655 1328 5708 ἐδόκει
1373 5656 1466 5708 καὶ
1504 5655 1721 5726 εὔλογος
1764 5662 1796 5731 ἡ
1852 5661 1943 5714 τοῦ

375 5744 605 5806 πένθους
644 5742 863 5813 ἀφορμῆ
892 5745 1009 5807 ταῖς
1047 5745 1335 5815 παρθένοις
1380 5742 1533 5801 εἶναι.
1572 5747 1645 5800 οὐ
1677 5747 1785 5818 γὰρ
1825 5766 1947 5801 συν-

2052 4556 2315 4624 impetum
2344 4558 2813 4622 compresserant,
2843 4551 3209 4603 observantes
3244 4558 3386 4604 eam,
3427 4557 3627 4594 veren-

2051 4655 2262 4717 tesqne,
2291 4645 2547 4716 quamvis
2593 4658 2797 4709 corpus
2826 4641 2948 4709 ejus
2970 4639 3080 4707 jam
3115 4636 3530 4690 conticesceret.
3562 4648 3629 4689 ne

2052 4740 2470 4809 increparentur
2494 4743 2616 4799 aut,
2659 4734 2703 4787 si
2732 4747 2841 4800 qua
2872 4747 2971 4784 vox
3012 4736 3207 4783 contra
3244 4726 3624 4797 praescriptum

2051 4837 2383 4900 erumperet,
2418 4843 2486 4881 ne
2512 4825 2771 4895 magistra
2804 4838 2870 4877 ex
2916 4836 2981 4876 ea
3030 4836 3089 4875 re
3129 4818 3431 4873 molestiam
3468 4831 3628 4884 cape-

2054 4931 2156 4977 ret.
2186 4920 2302 4985 Ubi
2333 4934 2465 4974 vero
2521 4918 2740 4972 silentio
2798 4916 2957 4969 dolor
3007 4928 3114 4967 non
3164 4910 3340 4981 potuit
3394 4909 3629 4977 amplius

2054 5013 2322 5077 coerceri,
2366 5025 2472 5063 non
2501 5010 2662 5064 aliter
2690 5024 2853 5076 quam
2894 5008 2937 5062 si
2984 5006 3158 5059 victos
3190 5017 3377 5057 earum
3417 5000 3631 5054 animos

2053 5107 2277 5176 quidam
2309 5105 2452 5173 ignis
2490 5111 2768 5166 exureret,
2816 5101 3002 5156 statim
3062 5099 3116 5152 in
3156 5098 3415 5151 acerbum
3450 5102 3503 5149 et
3546 5093 3629 5146 in-

2056 5197 2371 5253 credibilem
2396 5195 2605 5249 luetum
2641 5199 3015 5264 proruperunt
3044 5211 3057 5245 :
3091 5190 3228 5245 adeo
3252 5197 3311 5241 ut
3334 5188 3473 5239 ratio
3496 5184 3625 5238 mihi

2055 5303 2165 5343 non
2201 5285 2533 5340 consisteret
2558 5284 2792 5353 amplius
2823 5282 2875 5336 in
2913 5281 3218 5353 proposito,
3244 5278 3337 5334 sed
3368 5288 3624 5346 tanquam

2057 5379 2292 5447 alicujus
2320 5378 2516 5431 obruta
2560 5377 2825 5429 torrentis
2850 5375 3057 5444 impetu
3090 5371 3309 5428 cederet
3338 5369 3627 5441 perturba—

2000 5501 2009 5511 -
2058 5473 2193 5526 tioni
2242 5486 2411 5541 seque
2453 5478 2618 5524 totam
2666 5466 3152 5521 lamentationibus
3180 5466 3354 5519 daret.
3394 5462 3627 5534 Equam

2059 5572 2239 5619 autem
2283 5578 2345 5617 ac
2386 5562 2588 5629 justam
2622 5559 2753 5612 mihi
2789 5557 3009 5612 dolendi
3049 5556 3376 5626 lugendique
3407 5567 3630 5607 causam

2058 5657 2259 5712 habere
2287 5654 2530 5724 virgines
2554 5652 2899 5717 videbantur;
2931 5664 3040 5703 non
3080 5650 3227 5704 enim
3258 5664 3316 5702 se
3342 5655 3631 5703 consuetu-

2057 5749 2185 5811 dine
2232 5755 2323 5800 aut
2373 5743 2769 5816 gubernatione
2810 5740 3064 5813 quapiam
3101 5742 3361 5806 humana,
3388 5748 3478 5793 aut
3507 5738 3625 5788 aliis
