4068 6154
428 276 560 369 ’937

1656 306 1712 362 S.
1756 303 2084 362 GREGORII
2122 299 2416 357 NYSSENI

3601 304 3705 361 988

453 425 730 497 ejusmodi
780 426 965 490 rebus,
1000 439 1138 495 quas
1173 424 1229 478 in
1259 421 1667 479 calamitatibus
1696 420 1813 476 suis
1845 416 2026 473 homi-

2141 414 2318 486 ηθείας
2342 413 2490 477 τινὸς
2518 413 2617 484 τῆς
2651 412 2791 466 κατὰ
2822 412 3001 482 σάρκα
3036 411 3358 483 κηδεμονίας
3386 414 3488 486 τὴν
3519 421 3713 490 στερη-

458 536 557 576 nes
602 521 837 591 graviter
880 518 1084 583 ferunt,
1142 518 1364 573 orbatas
1415 516 1676 571 dolebant
1725 514 1868 572 :sed
1904 523 2027 569 tan«

456 626 623 682 quam
673 610 741 663 ab
796 610 913 678 ipsa
948 609 1002 662 in
1032 607 1197 662 Deum
1246 623 1345 678 spe
1389 615 1444 663 et
1486 598 1795 663 animorum
1854 608 2032 662 salute

459 702 721 769 sejunctas
755 706 962 761 essent,
1016 696 1304 767 plorabant
1333 715 1349 754 :
1380 698 1494 752 haec
1534 697 1590 750 in
1624 697 2029 751 lamentationi—

458 788 561 843 bus
586 787 703 842 suis
734 786 1234 854 conquerebantur,
1254 782 1914 850 dicentes,tExstinctutn
1948 793 2033 839 est

458 882 642 935 lumen
687 880 978 934 oculorum
1025 885 1379 944 nostrorum;
1416 886 1603 947 erepta
1655 884 1738 932 est
1770 878 1861 931 lux
1911 891 2034 946 qua:

457 969 658 1024 animis
705 968 913 1024 nostris
952 968 1005 1021 in
1052 967 1251 1023 itinere
1299 966 1680 1037 praecedebat;
1740 966 2032 1037 disjectum

458 1067 543 1114 est
587 1058 714 1114 vita:
762 1067 967 1114 nostrae
1021 1057 1362 1128 praesidium,
1420 1058 1698 1115 sublatum
1755 1057 2035 1127 specimen

436 1139 828 1235 :inlegritatis;
864 1149 1174 1204 abscissum
1219 1150 1535 1205 concordiae
1558 1149 1862 1211 vinculum,
1897 1163 2035 1203 con-

441 1240 651 1295 !tritum
703 1240 1057 1295 imbecillium
1099 1239 1526 1297 ﬁrmamentum.
1589 1240 1668 1297 Te
1734 1242 1875 1298 duce
1926 1257 2035 1297 nox

458 1340 579 1386 erat
605 1330 767 1388 nobis
796 1331 903 1386 diei
939 1333 1080 1398 loco,
1110 1332 1236 1388 vitae
1264 1340 1370 1388 tuae
1402 1332 1692 1403 splendore
1726 1333 2031 1390 illustrata:

461 1423 573 1493 jam
590 1438 721 1479 vero
744 1424 826 1479 vel
846 1424 964 1481 dies
995 1425 1048 1479 in
1079 1425 1334 1481 tenebras
1360 1433 1728 1481 convertatur.
1746 1444 1765 1477 ι
1805 1424 2038 1483 Gravius

464 1510 667 1568 autem
698 1524 893 1583 praeter
940 1522 1167 1571 caeteras
1217 1503 1423 1572 litetum
1482 1516 1863 1580 intendebant,
1918 1531 2039 1586 quae

464 1614 692 1661 matrem
724 1607 899 1677 ipsam
927 1616 982 1664 et
1013 1610 1281 1664 nutricem
1311 1609 1657 1679 appellabant
1704 1629 1716 1664 :
1750 1618 1909 1665 erant
1943 1625 2040 1665 au-

464 1704 575 1752 tem
626 1698 729 1753 illae
767 1714 904 1769 quas
944 1701 1188 1769 penuria).
1234 1699 1508 1770 famisque
1549 1708 1796 1770 tempore
1849 1701 1904 1755 in
1938 1701 2040 1755 ali-

2133 523 2217 560 σιν
2257 504 2636 576 ἀπωδύροντο,
2671 506 2780 559 οὐδ’
2823 507 2952 561 ἀλλο
2996 525 3050 561 τι
3090 508 3328 564 τοιοῦτον
3368 509 3521 564 οὐδὲν
3554 507 3637 580 ἐφ’
3779 552 3785 559 .

2131 598 2269 669 πρὸς
2312 598 2409 663 τάς
2451 598 2738 670 συμφορὰς
2779 600 3263 673 δυσανασχετοῦσιν
3300 605 3351 657 οἱ
3393 603 3707 676 ἄνθρωποι·

2132 689 2247 743 ἀλλ’
2280 690 2357 753 ὡς
2379 689 2478 759 τῆς
2517 690 2659 744 κατά
2691 689 2823 744 Θεὸν
2852 690 3065 756 ἐλπίδος
3100 692 3303 759 αὐτῶν,
3343 694 3438 747 καὶ
3473 695 3573 765 τῆς
3601 696 3710 751 τῶν

2131 780 2320 850 ψυχῶν
2365 778 2639 851 σωτηρίας
2680 780 3125 851 ἀποσχισθεῖσαι,
3168 782 3341 837 ταῦτα
3374 785 3569 847 ἐϐόων,
3616 787 3712 838 καὶ

2132 868 2306 923 ταῦτα
2343 871 2399 922 ὲν
2438 872 2551 932 τοῖς
2578 867 2794 941 θρήνοις
2822 870 3271 944 ἀπωλοφύροντο,
3319 892 3339 926 ι
3390 874 3648 947 Ἐσϐέσθη
3686 894 3707 926 ι

2133 960 2405 1030 λέγουσαι,
2438 981 2456 1013 ι
2487 960 2594 1014 τῶν
2622 962 2913 1032 ὀφθαλμῶν
2954 964 3113 1036 ἡμῶν
3153 966 3181 1017 ὁ
3218 965 3439 1036 λύχνος·
3488 967 3715 1037 ἀπήρθη

2134 1053 2195 1106 τὺ
2235 1053 2350 1123 φῶς
2395 1054 2491 1123 τῆς
2542 1053 2649 1108 τῶν
2685 1055 2869 1126 ψυχῶν
2910 1056 3158 1127 ὁδηγίας
3188 1057 3403 1129 διελύθη
3442 1059 3538 1129 τῆς
3568 1060 3716 1131 ζωῆς

2135 1144 2293 1216 ἡμῶν
2325 1146 2358 1215 ὴ
2390 1145 2684 1215 ἀσφάλεια·
2729 1146 2871 1219 ἤρθη
2905 1150 2939 1220 ή
2979 1150 3213 1219 σφραγὶς
3245 1150 3343 1220 τῆς
3382 1150 3713 1221 ἀφθαρσίας·

2142 1235 2443 1307 διεσπάσθη
2476 1238 2505 1290 ὁ
2536 1236 2831 1309 σύνδεσμος
2858 1239 2959 1308 τῆς
3006 1239 3360 1311 σωφροσύνης
3382 1258 3396 1272 ο
3424 1240 3716 1313 συνετρίϐη

2137 1325 2198 1378 τὸ
2236 1326 2511 1398 στήριγμα
2538 1327 2646 1379 τῶν
2690 1328 3021 1382 ἀτονούντων
3041 1369 3057 1392 ,
3101 1328 3350 1402 ἀφῃρέθη
3381 1331 3415 1401 ή
3449 1330 3721 1401 θεραπεία

2138 1418 2245 1472 τῶν
2273 1418 2642 1474 ἀσθενούντων
2664 1437 2679 1453 ·
2714 1420 2806 1473 ὲπὶ
2836 1420 2930 1473 σοῦ
2951 1422 3081 1492 ἡμῖν
3110 1423 3206 1476 καὶ
3226 1424 3260 1494 ἡ
3299 1424 3393 1490 νὺξ
3422 1424 3543 1476 ἀντὶ¹
3582 1425 3719 1494 muf-

2143 1526 2241 1581 ρας
2277 1504 2366 1581 ἦν,
2416 1511 2474 1564 ὲν
2509 1510 2725 1583 καθαρᾷ
2767 1512 2879 1583 ζωῇ
2913 1514 3255 1586 φωτιζομένη
3278 1532 3292 1545 ο
3333 1514 3429 1567 νῦν
3460 1514 3515 1567 δὲ
3546 1518 3640 1568 καὶ
3684 1519 3720 1585 ἡ

2139 1601 2325 1675 ἡμέρα
2345 1602 2480 1673 πρὸς
2507 1602 2667 1670 ζόφον
2700 1606 3231 1677 μεταστραφήσεται.
3273 1624 3291 1657 ι
3326 1605 3722 1677 Χαλεπώτερον

2140 1693 2198 1746 δὲ
2245 1693 2396 1765 παρά
2427 1694 2525 1758 τάς
2573 1695 2735 1758 ἄλλας
2768 1696 2828 1749 τὸ
2870 1697 3066 1760 πένθος
3102 1697 3347 1763 ἐξέκαιον
3388 1697 3447 1751 αι
3500 1698 3720 1769 μητέρα

465 1800 773 1846 mentorum
822 1792 1112 1863 largitione
1145 1792 1417 1863 projectas
1458 1793 1512 1847 in
1564 1794 1670 1849 viis
1713 1795 2037 1860 sustulerat,

2144 1786 2313 1858 αὐτὴν
2352 1786 2447 1840 καλ⁸
2476 1787 2674 1859 τροφὸν
2717 1787 3105 1842 ἀνακαλοῦσαι.
3146 1784 3326 1842 Ἦσαν
3354 1789 3408 1842 δὲ
3441 1782 3623 1857 αὗται,
3649 1790 3722 1854 ἃς

465 1882 804 1950 alueratque,
851 1892 907 1939 et
957 1884 1024 1939 ad
1071 1892 1279 1939 castam
1322 1883 1492 1955 atque
1546 1886 1924 1957 incorruptam
1961 1887 2042 1942 vi-

464 1975 624 2030 vendi
651 1974 919 2031 rationem
953 1975 1371 2032 informaverat.

532 2153 734 2211 Verum
779 2162 1135 2224 posteaquam
1178 2153 1423 2209 animum
1480 2163 1739 2226 tanquam
1788 2171 1854 2211 ex
1914 2174 2042 2227 pro-

462 2246 637 2303 fundo
677 2248 913 2317 quodam
957 2262 1165 2317 angore
1188 2246 1405 2317 collegi,
1448 2246 1500 2301 in
1527 2262 1747 2302 sacrum
1775 2248 1909 2302 illud
1949 2263 2042 2303 ca~

461 2345 561 2406 put
592 2337 883 2392 intendens
909 2337 1081 2391 aciem
1113 2337 1422 2401 oculorum,
1479 2337 1638 2406 quasi
1673 2339 2041 2407 reprehensus

463 2428 532 2482 ab
585 2442 652 2482 ea
697 2436 920 2497 propter
968 2426 1313 2481 inconditum
1373 2426 1524 2480 illum
1583 2427 2037 2481 tumultuantium

463 2519 779 2588 strepitum,
816 2533 1012 2588 magna
1042 2532 1177 2573 voce
1223 2518 1506 2573 clamans:
1541 2537 1560 2569 ι
1597 2517 1679 2571 Ad
1730 2518 1892 2584 hanc,
1957 2520 2042 2572 in-

461 2627 648 2680 quam,
704 2611 985 2681 respicite,
1048 2610 1318 2678 virgines,
1367 2619 1421 2665 et
1462 2621 1865 2680 prteceptorum
1916 2612 2040 2681 ejus

461 2704 856 2768 recordamini,
890 2705 1096 2775 quibus
1132 2704 1203 2762 ab
1238 2719 1302 2760 ea
1337 2704 1405 2760 ad
1440 2719 1604 2759 omne
1637 2703 1808 2760 decus
1831 2713 1886 2760 et
1937 2704 2037 2761 ho—

463 2808 730 2853 nestatem
762 2797 900 2852 estis
922 2797 1207 2853 institutae.
1247 2796 1479 2853 Divinos
1501 2796 1593 2852 ille
1627 2796 1847 2853 animus
1870 2812 2037 2851 unum

464 2887 623 2944 nobis
666 2888 1034 2959 lacrymarum
1077 2896 1295 2960 tempus
1324 2888 1680 2959 praescripsit,
1723 2889 1777 2944 id
1802 2888 1919 2945 ﬂeri
1944 2889 2039 2958 ju-

462 2980 618 3041 bens.
651 2995 776 3054 cum
807 2981 1081 3036 vacaretis
1116 2980 1425 3051 precationi
1464 2981 1655 3050 :quod
1692 2996 1842 3036 nunc
1870 2983 2036 3036 etiam

465 3071 699 3144 potestis
738 3070 972 3137 efficere,
1010 3072 1421 3128 Iameutationis
1447 3074 1742 3130 clamorem
1773 3074 1862 3144 pia
1892 3076 2038 3145 psal-

2145 1880 2202 1932 ὲν
2227 1878 2305 1950 τῷ
2331 1879 2431 1948 τῆς
2465 1879 2727 1944 σιτοδείας
2758 1880 2932 1951 καιρῷ
2960 1880 3102 1935 κατά
3126 1880 3223 1943 τάς
3264 1882 3417 1944 ὁδοὺς
3453 1882 3725 1953 ἐρριμμέ-

2144 1988 2240 2035 νας
2284 1971 2576 2043 ἀνελομένη
2615 1971 2970 2045 ὲτιθηνήσατό
2996 1990 3056 2026 τε
3086 1973 3180 2027 καὶ
3213 1973 3576 2044 ἀνεθρέψατο,
3626 1972 3725 2031 καὶ

2145 2063 2281 2134 πρὸς
2299 2063 2389 2118 τὸν
2406 2064 2643 2136 καθαρόν
2660 2082 2717 2118 τε
2749 2065 2842 2118 καὶ
2855 2065 3088 2136 ἄφθορον
3113 2066 3228 2136 βίον
3260 2065 3720 2137 ἐχειραγώγησεν.
3814 2142 3817 2145 Δ

2228 2156 2380 2208 Ἐπεὶ
2422 2156 2480 2209 δέ
2513 2173 2630 2220 πως
2662 2157 2912 2229 καθάπερ
2956 2160 3020 2211 ὲκ
3057 2158 3220 2228 βυθοῦ
3254 2175 3400 2222 τινος
3427 2157 3524 2229 τὴν
3554 2160 3725 2228 ἐμαυ-

2140 2247 2235 2301 τοῦ
2275 2247 2451 2319 ψυχὴν
2481 2248 2836 2321 ἀνελεξάμην,
2877 2250 3013 2323 πρὸς
3051 2249 3148 2321 τὴν
3179 2251 3340 2318 ἁγίαν
3379 2252 3591 2320 εκείνην
3622 2267 3721 2303 κε-

2143 2338 2316 2410 φαλὴν
2363 2338 2649 2403 ἀτενίσας,
2695 2340 2885 2412 ὥσπερ
2926 2341 3272 2413 ἐπιτιμηθεὶς
3313 2343 3370 2394 ἐν
3408 2345 3474 2412 τῇ
3526 2342 3727 2415 ἀταξίᾳ

2139 2429 2247 2483 τῶν
2278 2429 2742 2502 ὲπιθορυῦούντων
2774 2433 2861 2486 διὰ
2887 2433 2980 2487 τοῦ
3015 2434 3236 2505 θρήνου,
3279 2453 3298 2486 ι
3348 2434 3492 2506 Πρὸς
3518 2436 3726 2505 ταύτην

2143 2519 2396 2590 βλέψατε,
2434 2540 2452 2573 ι
2489 2517 2641 2574 εἷπον
2673 2522 2884 2595 μεγάλῃ
2911 2526 2977 2595 τῇ
3014 2527 3187 2595 φωνῇ,
3217 2524 3349 2594 πρὸς
3381 2525 3481 2588 τὰς
3520 2525 3727 2596 παρθέ-

2141 2630 2263 2675 νους
2298 2611 2496 2684 βοήσας
2517 2629 2531 2643 ’
2576 2630 2595 2664 ι
2626 2616 2719 2668 καὶ
2753 2616 2860 2668 τῶν
2894 2616 3360 2687 παρεγγελμάτων
3389 2617 3557 2685 αὐτῆς
3588 2619 3723 2671 ἀνα-

2145 2704 2419 2776 μνήσθητε
2440 2719 2452 2733 ⁶
2480 2704 2547 2759 δι’
2571 2698 2647 2760 ὧν
2683 2706 2744 2759 τὸ
2782 2707 2840 2760 ὲν
2871 2708 3033 2760 παντὶ
3060 2707 3388 2778 τεταγμένον
3408 2708 3499 2761 καὶ
3519 2707 3723 2779 εὔσχη-

2145 2814 2246 2867 μον
2278 2798 2407 2867 παρ’
2436 2798 2607 2870 αὐτῆς
2649 2797 3023 2868 ἐπαιδεύθητε.
3066 2799 3202 2851 Ἕνα
3247 2798 3438 2869 καιρὸν
3478 2798 3589 2851 τῶν
3624 2798 3725 2853 δα-

2144 2887 2327 2959 κρύων
2368 2891 2501 2959 ἡμῖν
2537 2890 2571 2959 ἡ
2602 2888 2721 2943 θεία
2746 2889 2895 2960 ψυχὴ
2933 2888 3073 2960 αὕτη
3106 2889 3527 2961 ἐνομοθέτησεν,
3560 2890 3618 2943 ὲν
3645 2889 3724 2961 τῷ

2144 2981 2241 3051 τῆς
2271 2980 2576 3053 προσευχῆς
2598 2982 2776 3052 καιρῷ
2803 2982 2964 3035 τοῦτο
2982 2983 3242 3054 πράττειν
3264 2984 3721 3053 παρεγγυήσασα·

2143 3072 2172 3127 ὃ
2198 3072 2290 3126 καὶ
2316 3072 2409 3126 νῦν
2439 3074 2613 3126 ποιεῖν
2640 3071 2839 3138 ἔξεστι,
2869 3071 2970 3143 τῆς
2998 3073 3105 3126 τῶν
3138 3073 3349 3144 θρήνων
3369 3073 3619 3143 οἰμωγῆς
3644 3075 3727 3136 είς

462 3178 678 3219 morum
735 3163 1126 3218 decantatione
1173 3172 1597 3221 commutautes.
1635 3183 1655 3218 ι
1713 3165 1839 3221 Haec
1873 3182 2036 3237 quam

2146 3164 2408 3235 συμπαθῆ
2453 3164 2772 3236 ψαλμῳδίαν
2806 3138 3280 3236 μετατεθείσης.-)
3322 3138 3488 3218 Ταῦτ’
3528 3138 3725 3233 ἔλεγον

464 3256 701 3310 maxime
725 3264 971 3325 poteram
1000 3257 1150 3311 clara
1176 3272 1312 3312 voce
1334 3256 1607 3323 dicebam,
1636 3265 1696 3313 ut
1724 3273 2042 3329 superarem

463 3340 756 3418 strepitum
800 3349 1295 3419 conquerentium;
1330 3349 1530 3406 deinde
1568 3353 1888 3411 cohortatus
1921 3369 2042 3410 sum

462 3456 584 3504 eas,
622 3450 683 3495 ut
732 3441 785 3496 in
833 3441 1141 3511 proximam
1184 3440 1407 3496 domum
1453 3442 1795 3510 secederent,
1836 3446 2045 3502 relictis

462 3532 734 3589 duntaxat
778 3531 1059 3603 aliquibus
1114 3546 1352 3604 quarum
1404 3547 1573 3604 Opera
1618 3535 1879 3594 libentius
1927 3538 2042 3602 illa,

464 3627 594 3682 dum
627 3628 854 3691 viveret,
879 3625 1159 3681 utebatur.

535 3717 595 3774 in
638 3735 829 3775 earum
864 3727 985 3774 erat
1015 3733 1244 3774 numero
1275 3718 1528 3789 quaedam
1564 3718 1772 3774 femina
1804 3720 2046 3777 nobilis-

464 3812 637 3877 sima,
682 3810 891 3865 divitiis
937 3817 992 3865 et
1023 3825 1226 3878 genere
1247 3850 1262 3873 ,
1298 3820 1355 3865 et
1388 3810 1642 3879 corporis
1673 3810 1850 3866 forma
1877 3821 2046 3882 atque

468 3904 593 3957 aliis
626 3903 946 3957 nominibus
975 3901 1209 3955 illustris
1249 3902 1303 3954 in
1346 3902 1464 3969 ipsa
1492 3901 1865 3958 adolescentia
1907 3920 2044 3961 con-

469 3994 686 4049 stituta.
735 3990 863 4046 Haec
909 3992 1030 4046 viro
1069 3991 1289 4045 cuidam
1318 3990 1718 4049 honestissimo
1750 3995 1809 4050 in
1848 3999 2044 4053 matri-

468 4084 656 4139 monio
686 4085 953 4138 collocata
981 4081 1182 4146 fuerat,
1211 4083 1307 4139 sed
1342 4084 1494 4139 brevi
1521 4093 1768 4157 tempore
1788 4104 1915 4144 eum
1948 4090 2046 4146 illo

467 4174 701 4229 vixerat.
753 4173 935 4239 Quare
978 4174 1238 4244 conjugio
1286 4175 1556 4242 liberata,
1593 4178 1884 4235 viduitatis
1931 4196 2047 4237 sure

468 4267 754 4319 custodem
793 4279 860 4319 ac
910 4265 1229 4336 magistram
1286 4283 1543 4339 magnam
1598 4269 1899 4326 Macrinam
1943 4273 2048 4328 ele-

465 4364 641 4428 gerat,
678 4365 732 4413 et
759 4372 884 4411 cum
917 4357 1226 4427 virginibus
1267 4361 1567 4429 plurimum
1601 4363 1948 4426 versabatur,
1988 4371 2047 4419 ut

2147 3256 2352 3329 μείζονι
2385 3260 2449 3329 τῇ
2474 3259 2646 3328 φωνῇ,
2678 3256 2752 3320 ὠς
2781 3255 2849 3311 ἀν
2877 3256 2965 3310 τὸν
2997 3252 3131 3328 ἦχον
3183 3255 3292 3309 τῶν
3316 3256 3526 3327 θρήνων
3558 3257 3724 3328 ὑπερ-

2143 3350 2432 3421 ηχήσαιμι.
2470 3345 2604 3403 Εἶτα
2652 3349 2985 3420 μεταστῆναι
3019 3348 3368 3419 παρεκάλεσα
3398 3348 3596 3421 μικρὸν
3633 3350 3727 3404 ἐπὶ

2143 3440 2235 3492 τὸν
2277 3439 2543 3508 σύνεγγυς
2571 3436 2738 3506 οἷκον,
2774 3440 3202 3509 καταλειφθῆναι
3246 3439 3304 3494 δέ
3345 3456 3497 3503 τινας
3540 3440 3599 3506 ἐξ
3628 3440 3725 3493 ati-

2145 3530 2271 3596 τῶν,
2305 3524 2382 3585 ὧν
2425 3531 2595 3602 ἡδέως
2632 3532 2691 3586 ὲν
2724 3534 2792 3602 τῇ
2832 3530 2944 3602 ζωῇ
2988 3532 3086 3603 τὴν
3120 3531 3411 3603 θεραπείαν
3447 3531 3721 3600 προσίετο.

2226 3713 2314 3767 Ἐν
2342 3712 2568 3777 ταύταις
2594 3707 2663 3782 ἦν
2685 3712 2822 3782 γυνή
2850 3730 2935 3777 τις
2955 3712 3065 3766 τῶν
3084 3711 3458 3782 εὐσχημόνων,
3488 3711 3722 3782 πλούτῳ,

2145 3805 2241 3858 καὶ
2279 3805 2461 3874 γένει,
2496 3805 2591 3859 καὶ¹
2632 3807 2699 3877 τῇ
2730 3803 2823 3858 τοῦ
2878 3805 3128 3876 σώματος
3169 3802 3310 3875 ὥρᾳ,
3346 3802 3441 3857 καὶ
3467 3806 3535 3873 τῇ
3563 3802 3722 3873 λοιπῇ

2148 3896 2475 3968 περιφανείᾳ
2517 3895 2875 3966 περίϐλεπτος
2914 3896 2973 3947 ὲν
3027 3893 3237 3964 νεότητι
3286 3882 3589 3965 γενομένηο
3632 3894 3725 3947 καὶ

2149 3986 2548 4042 συνοικισθεῖσά
2585 4004 2692 4040 τινι
2725 3985 2834 4041 τῶν
2867 3986 2959 4045 ἐπὶ
2989 3984 3234 4056 μείζονος
3266 3984 3441 4049 ἀξίας,
3473 3987 3566 4039 καὶ
3595 3985 3723 4055 βραο

2146 4081 2247 4152 χὺν
2274 4082 2643 4152 συνοικήσασα
2672 4079 2883 4150 χρόνον,
2926 4077 3020 4132 καὶ
3055 4081 3112 4131 ὲν
3154 4079 3259 4149 νέῳ
3283 4077 3359 4148 τῷ
3386 4077 3599 4148 σώματι
3628 4079 3723 4147 τῆς

2149 4173 2408 4242 συζυγίας
2436 4172 2836 4242 διαζευχθεῖσα,
2864 4170 3102 4241 φύλακα,
3134 4170 3227 4223 καὶ
3260 4169 3603 4238 παιδαγωγὸν
3631 4169 3723 4238 τῆς

2147 4265 2374 4337 χηρείας
2407 4265 2506 4337 τὴν
2550 4263 2793 4336 μεγάλην
2833 4263 3117 4334 Μακρίναν
3162 4263 3527 4333 ποιησαμένη,
3563 4261 3721 4329 συνῆν

2146 4358 2216 4413 τὰ
2254 4357 2423 4412 πολλά
2444 4359 2563 4419 ταῖς
2595 4355 2902 4426 παρθένοις,
2931 4354 3023 4407 τὸν
3063 4354 3199 4426 πρὸς
3230 4353 3430 4425 ἀρετὴν
3453 4352 3567 4423 βίον
3596 4348 3722 4419 παρ’

466 4451 536 4504 ab
565 4450 645 4505 eis
686 4458 891 4506 rectam
929 4460 981 4505 et
1025 4465 1091 4505 ex
1124 4451 1329 4507 virtute
1359 4453 1581 4509 vivendi
1608 4457 1882 4510 rationem
1925 4456 2039 4512 edi-

2149 4450 2327 4505 αὐτῶν
2369 4447 2833 4519 ὲκδιδασκομένη..
2864 4445 3129 4518 Ούετιανὴ
3171 4446 3341 4516 δνομα
3372 4447 3439 4514 τῇ
3484 4442 3716 4512 γυναικὶ,

466 4549 670 4598 sceret.
719 4542 981 4598 Vestiana
1020 4543 1102 4598 illi
1162 4551 1281 4598 erat
1318 4558 1552 4609 nomen,
1615 4557 1772 4615 pater
1801 4546 2039 4604 Araxius

2149 4538 2218 4617 ἧς
2244 4545 2273 4596 ό
2312 4541 2495 4613 πατὴρ
2528 4536 2606 4605 εἷς
2634 4536 2702 4613 ἧν
2727 4540 2836 4594 τῶν
2879 4542 2959 4603 είς
2999 4540 3099 4609 τὴν
3142 4539 3249 4593 τῶν
3280 4537 3501 4592 ὑπάτων
3538 4552 3718 4589 συντε-

466 4630 788 4697 vocabatur,
821 4649 967 4688 unus
1006 4648 1037 4688 e
1064 4649 1297 4689 numero
1324 4642 1649 4690 senatorum
1689 4637 1873 4705 magni
1909 4653 2042 4693 con-

465 4723 575 4779 silii
612 4742 626 4778 :
659 4723 727 4779 ad
757 4728 899 4781 hanc
927 4741 1050 4795 ego,
1089 4744 1107 4778 ι
1147 4726 1307 4783 Nunc
1334 4728 1577 4799 quidem,
1614 4730 1861 4801 inquam,
1896 4732 2043 4787 invi-

463 4814 681 4870 diosum
709 4832 820 4872 non
866 4818 1003 4883 erit,
1049 4819 1093 4873 si
1124 4820 1399 4877 defunctae
1429 4822 1861 4891 splendidiorem
1899 4826 2043 4894 adje-

463 4906 706 4963 cerimus
733 4917 1012 4974 ornatum,
1041 4915 1095 4965 et
1128 4925 1318 4979 puram
1346 4911 1490 4965 illam
1517 4912 2040 4983 itnmaculatamqtte

463 5012 687 5053 carnem
728 5000 1062 5055 clarioribus
1102 5001 1450 5057 vestimentis
1500 5003 1865 5060 induerimus.
1921 5024 1940 5057 ι
1974 5008 2041 5062 At

466 5089 561 5144 illa
607 5089 914 5161 intelligere
958 5093 1247 5161 respondit
1303 5102 1597 5163 oportere,
1654 5096 1918 5165 quidnam
1959 5097 2038 5151 illi

464 5190 673 5237 sancta:
713 5182 768 5237 in
803 5185 907 5239 hoc
940 5199 1144 5255 genere
1179 5186 1469 5255 probatum
1508 5186 1648 5242 foret
1682 5205 1695 5240 :
1730 5188 1864 5242 nihil
1889 5190 2037 5243 enim

462 5286 495 5326 a
534 5273 694 5329 nobis
738 5276 853 5345 geri
910 5274 992 5333 fas
1045 5293 1169 5334 esse
1202 5285 1394 5332 contra
1446 5279 1787 5335 voluntatem
1840 5280 2038 5350 ipsius.

463 5362 700 5420 Omnino
755 5375 939 5422 autem
1004 5370 1150 5439 quod
1213 5371 1327 5425 Deo
1379 5378 1593 5440 gratum
1638 5380 2041 5443 acceptumque

462 5467 631 5525 esset,
668 5459 810 5516 idem
833 5462 883 5517 ei
905 5462 1211 5531 jucundum
1238 5463 1506 5517 futurum.

535 5547 666 5605 Erat
702 5554 950 5622 quaadam
991 5554 1247 5625 praefecta
1271 5554 1548 5623 virginum
1580 5553 1752 5610 choro
1783 5554 1837 5608 in
1880 5556 2042 5610 mini-

465 5636 618 5691 sterii
654 5641 828 5709 gradu
879 5643 1103 5702 nomine
1138 5642 1458 5721 Lampadia,
1495 5658 1618 5713 quae
1663 5643 1785 5713 ejus
1818 5654 2043 5699 senten-

460 5727 597 5781 tiam
623 5729 691 5783 de
725 5728 975 5786 funerum
1027 5735 1244 5804 pompis
1284 5750 1345 5791 se
1391 5735 1552 5805 plane
1598 5734 1745 5790 scire
1794 5734 2036 5792 dicebat.

2142 4638 2378 4693 λούντων
2437 4636 2662 4707 βουλήν·
2712 4635 2847 4706 πρὸς
2902 4634 3105 4703 ταύτην
3153 4629 3327 4693 εἷπον,
3372 4630 3721 4699 ἀνεπίφθονον

2143 4727 2281 4786 εἶναι
2310 4730 2405 4785 νῦν
2433 4729 2563 4799 γοῦν
2592 4729 2683 4783 τὸν
2724 4728 3074 4800 φαιδρότερον
3106 4724 3382 4779 ἐπιϐαλεῖν
3417 4725 3620 4794 κόσμον
3649 4719 3720 4790 τῷ

2146 4822 2381 4893 σώματι,
2435 4822 2528 4876 καλ⁵
2574 4820 2852 4892 λαμπραῖς
2898 4820 3111 4883 ὀθόναις
3158 4816 3579 4885 κατακοσμῆσαι
3626 4816 3722 4883 τὴν

2141 4911 2390 4984 καθαρὰν
2458 4911 2674 4982 ἐκείνην
2748 4909 2844 4962 καὶ
2920 4907 3250 4980 ἀκηλίδωτον
3300 4907 3495 4976 σάρκα.
3554 4905 3616 4955 'H
3665 4903 3721 4954 δὲ

2147 5003 2335 5075 μαθεῖν
2380 5001 2483 5073 ἔφη
2514 5002 2732 5072 χρῆναι,
2764 5000 2816 5053 τί
2860 5003 2926 5070 τῇ
2968 4999 3100 5071 ἁγία
3133 4998 3263 5069 περὶ
3302 4996 3505 5050 τούτων
3541 4992 3720 5056 καλῶς

2142 5096 2285 5166 ἔχειν
2323 5092 2676 5165 ἐδοκιμάσθη·
2724 5093 2798 5164 μὴ
2836 5092 2944 5162 γὰρ
2973 5090 3169 5158 εὐαγὲς
3196 5084 3335 5142 εἶναι
3367 5087 3516 5156 παρὰ
3548 5086 3611 5138 τδ
3640 5100 3722 5136 κε-

2142 5188 2471 5260 χαρισμένον
2518 5186 2655 5256 αὐτῇ
2697 5203 2750 5239 τι
2802 5187 2931 5257 παρ’
2983 5183 3137 5253 ἡμῶν
3184 5180 3436 5249 γενέσθαι
3483 5179 3715 5239 πάντως.

2143 5279 2366 5341 Πάντως
2390 5278 2445 5331 δὲ
2468 5277 2496 5330 ὃ
2520 5276 2599 5347 τῷ
2626 5277 2744 5347 Θεῷ
2768 5275 2915 5346 φίλον
2939 5291 2997 5327 τε
3025 5273 3115 5328 καὶ
3146 5272 3460 5342 εὐάρεστον,
3492 5268 3716 5337 κάκείνῃ

2142 5370 2479 5442 καταθύμιον
2508 5364 2663 5424 εἶναι.
3580 5374 3586 5379 “

2216 5552 2328 5605 Καὶ
2356 5545 2425 5621 ἦν
2447 5567 2531 5615 τις
2565 5549 2973 5620 προτεταγμένη
2997 5545 3091 5601 τοῦ
3116 5544 3277 5617 χοροῦ
3302 5544 3412 5597 τῶν
3443 5540 3726 5613 παρθένων

2144 5645 2201 5697 ὲν
2234 5641 2310 5713 τῷ
2356 5642 2455 5711 τῆς
2485 5640 2756 5704 διακονίας
2790 5639 3003 5711 βαθμῷ,
3035 5638 3330 5710 Λαμπαδὶα
3359 5636 3531 5705 ὄνομα
3564 5634 3721 5703 αὐτῇ·

2144 5738 2180 5809 ἢ
2203 5733 2447 5806 ἀκριϐῶς
2487 5732 2589 5804 ἔφη
2624 5733 2910 5802 γινώσκειν
2944 5732 3071 5804 περὶ
3108 5730 3215 5787 τῶν
3252 5727 3392 5784 κατά
3420 5727 3521 5800 τὴν
3551 5725 3749 5795 ταφὴν
