4068 6154
329 292 438 354 939

1565 286 1652 342 DE
1673 287 1837 343 VITA
1900 287 1959 342 S.
2008 286 2361 345 MACRINJE.

3481 291 3588 348 990

329 407 666 479 δεδογμένων
696 408 908 482 ἐκείνῃο
953 407 1076 461 ἐπεὶ
1103 405 1160 459 δὲ
1185 404 1400 476 ἠρόμην
1439 403 1607 476 αὐτὴν
1644 405 1774 476 περὶ
1791 402 1915 457 τού-

2019 404 2148 459 Haec
2188 418 2220 458 a
2263 418 2352 458 me
2397 404 2486 459 his
2534 404 2603 458 de
2651 403 2815 459 rebus
2860 403 3192 481 interrogata
3234 404 3414 474 (forte
3437 411 3587 465 enim

330 517 440 553 των
468 498 497 569 _(
516 496 764 569 παροῦσα
798 497 907 569 γάρ
954 495 1112 565 ἔτυχε
1152 496 1218 565 τῇ
1267 492 1575 565 βουλήσει),
1615 492 1729 564 ἔφη
1776 493 1914 563 μετὰ

328 589 581 659 δακρύων
608 604 623 618 ·
654 607 672 638 ι
709 587 787 656 Τῇ
814 587 945 656 ἁγίᾳ
967 586 1189 656 κόσμος,
1213 587 1241 638 ὁ
1267 584 1506 653 καθαρὸς
1535 585 1649 655 βίος
1675 585 1918 638 διεσπου-

328 682 496 751 δάσθη
515 699 528 712 ·
563 679 722 733 τοῦτο
751 681 848 733 καὶ
876 679 977 750 τῆς
1017 679 1165 748 ζωῆς
1194 675 1643 748 ὲγκαλλὼπισμα,
1686 677 1782 732 καὶ
1821 676 1914 731 τοῦ

330 775 562 831 θανάτου
595 774 849 844 ἐντάφιον
879 774 1095 844 ἐκείνης
1127 772 1242 826 ὲστί
1261 789 1275 803 ·
1302 772 1373 825 τὰ
1402 771 1449 825 δ’
1475 772 1576 825 ὅσα
1610 771 1746 842 πρὸς
1781 770 1915 824 καλ-

328 863 611 938 λωπισμδν
661 862 912 936 σώματος
960 854 1150 934 βλέπει
1176 903 1191 926 ,
1229 862 1353 916 οὔτε
1401 864 1460 916 ὲν
1500 861 1579 932 τῷ
1626 862 1724 933 τῆς
1771 862 1915 932 ζωῆς

332 960 505 1031 ίρόνῳ
561 963 897 1030 προσήκατο,
941 955 1065 1011 οὔτε
1119 958 1202 1021 εἰς
1247 955 1348 1029 τήν
1384 954 1670 1026 παροῦσαν
1720 954 1914 1026 χρῆσιν

328 1048 690 1119 ιταμιεύσατο
711 1064 725 1081 ·
761 1046 902 1100 ὥστε
946 1047 1069 1100 οὐδὲ
1118 1044 1465 1117 βουλομένοις
1496 1047 1631 1117 ήμῖν
1672 1044 1826 1098 ἔσται
1860 1061 1913 1097 τι

328 1140 514 1202 πλέον,
548 1141 651 1210 τῆς
675 1142 754 1203 είς
777 1140 910 1194 αὐτὸ
948 1138 1106 1193 τοῦτο
1143 1137 1501 1210 παρασκευῆς
1525 1138 1587 1190 ού
1607 1136 1910 1207 παρούσης.

328 1262 401 1273 -—
424 1232 535 1285 Καὶ
578 1232 679 1285 οὐκ
718 1230 865 1284 ἔστιν
898 1231 957 1284 ὲν
984 1231 1098 1293 τοῖς
1122 1228 1506 1300 ἀποκειμένοις
1545 1228 1757 1299 εὑρεῖν,
1780 1226 1914 1296 ἔφην

328 1320 460 1390 ἐγὼ,
481 1322 589 1376 τῶν
613 1321 984 1391 ἑπικοσμῆσαί
1015 1338 1069 1375 τι
1095 1320 1410 1388 δυναμένων
1440 1319 1540 1389 τὴν
1568 1319 1806 1390 ἐκφοράν
1824 1335 1915 1386 ;—

328 1415 531 1481 Ποίοις,
558 1410 729 1476 εἶπεν,
757 1413 1171 1484 ἁποκειμένοις;
1205 1413 1292 1467 Ἐν
1316 1412 1503 1484 χερσὶν
1529 1411 1673 1483 ἔχεις
1707 1411 1815 1464 πᾶν
1853 1410 1915 1464 τὸ

328 1503 610 1558 ἀπόθετον·
645 1504 754 1559 ἰδοὺ
780 1503 843 1557 τὸ
872 1504 1103 1575 ἱμάτιον,
1134 1503 1242 1557 ἰδοὺ
1276 1504 1378 1575 τῆς
1404 1502 1644 1571 κεφαλῆς
1678 1504 1711 1573 ἠ
1752 1500 1912 1556 καλύ-

331 1610 503 1664 πτρα,
535 1595 605 1649 τὰ
623 1595 964 1666 τετριμμένα
994 1594 1104 1648 τῶν
1128 1593 1304 1648 ποδῶν
1329 1593 1649 1666 ὑποδήματα
1668 1610 1681 1624 ·
1706 1588 1861 1655 οὗτος
1883 1594 1913 1646 ό

329 1687 589 1750 πλοῦτος
623 1685 764 1758 αὕτη
806 1688 840 1757 ἡ
873 1687 1184 1757 περιουσία.
1237 1686 1403 1741 Οὐδὲν
1434 1685 1586 1757 παρά
1627 1686 1687 1739 τὸ
1722 1685 1910 1755 φαινό-

2018 497 2283 552 intererat
2301 494 2734 567 consultationi)
2761 512 2885 551 cum
2921 497 3179 568 lacrymis
3207 501 3543 569 respondens
3568 518 3583 554 :

2022 607 2043 641 ι
2105 587 2322 657 Integre
2372 595 2426 643 et
2479 603 2613 657 pure
2677 587 2949 653 vivendo,
2998 589 3205 658 inquit,
3243 598 3437 644 sancta
3481 590 3591 647 sibi

2016 688 2405 736 ornamentum
2449 680 2694 750 paravit,
2752 680 2895 749 quod
2930 687 2984 734 et
3016 681 3180 734 vitam
3216 681 3387 751 ipsius
3427 680 3591 737 deco-

2016 779 2163 828 raret
2193 778 2248 827 et
2273 771 2611 841 sepulturam
2640 790 2654 825 :
2682 787 2806 825 nam
2847 772 2992 842 quod
3024 773 3090 826 ad
3135 774 3387 843 corporis
3425 788 3590 828 orna-

2017 876 2131 919 tum
2164 872 2394 934 spectat,
2425 879 2529 918 nec
2561 865 2690 918 dum
2724 865 2929 919 viveret
2960 865 3192 933 accepit,
3226 880 3327 920 nec
3352 866 3408 919 in
3438 865 3588 921 hunc

2017 973 2178 1013 usum
2225 956 2544 1011 reservavit.
2606 955 2786 1022 Quare
2840 971 2909 1011 ne
2968 957 3014 1011 si
3058 957 3295 1011 velimus
3345 957 3588 1027 quidem,

2018 1050 2255 1121 amplius
2292 1050 2438 1116 licet,
2468 1065 2593 1103 cum
2634 1049 2700 1104 ad
2738 1049 2881 1105 hanc
2922 1066 3035 1104 rem
3063 1067 3173 1104 non
3207 1060 3462 1121 suppetat
3494 1068 3593 1124 ap-

2016 1153 2263 1215 paratus.
2301 1174 2375 1186 —
2422 1142 2680 1206 Nihilne,
2743 1142 3010 1212 inquam,
3072 1143 3425 1198 reconditum
3484 1150 3590 1211 est,

2018 1250 2131 1305 quo
2159 1234 2332 1305 justa,
2366 1242 2421 1291 et
2442 1235 2721 1305 exsequiae.
2747 1233 2963 1305 possint
2994 1234 3299 1287 adornari?
3325 1265 3396 1277 -
3426 1234 3590 1302 Quid,

2017 1326 2196 1396 inquit
2244 1327 2332 1381 illa
2362 1366 2377 1391 ,
2432 1327 2778 1381 reconditum
2824 1325 3062 1380 narras?
3087 1324 3368 1395 Quidquid
3397 1341 3596 1381 recon-

2015 1418 2111 1474 diti
2135 1418 2298 1473 estin
2322 1420 2576 1473 manibus
2602 1419 2793 1481 habes,
2821 1433 2951 1473 ecce
2971 1418 3220 1487 pallium,
3246 1433 3375 1472 ecce
3395 1418 3595 1489 capitis

2017 1518 2270 1579 tegmen,
2331 1518 2386 1566 et
2442 1512 2570 1565 trita
2602 1510 2803 1580 pedum
2858 1511 3258 1566 calceamcnta.
3312 1509 3407 1565 Ηω
3465 1518 3597 1566 sunt

2015 1617 2174 1671 opes,
2230 1601 2343 1656 haec
2387 1603 2632 1670 supellex
2668 1618 2681 1655 :
2713 1602 2850 1656 nihil
2888 1609 3085 1671 praeter
3128 1601 3180 1655 id
3230 1602 3376 1670 quod
3407 1604 3595 1661 cernis

2016 1694 2074 1749 in
2100 1694 2307 1749 arculis
2329 1703 2423 1747 aut
2452 1693 2711 1748 thalamis
2740 1693 3023 1748 conditum
3054 1693 3185 1748 latet
3215 1712 3227 1747 :
3261 1709 3423 1748 unam
3454 1694 3597 1749 divi-

332 1794 493 1850 μενον
537 1781 595 1833 ὲν
648 1777 990 1849 ἀποκρύφοις
1032 1778 1354 1841 ἀπόκειται,
1397 1776 1649 1842 κιϐωτοῖς
1687 1793 1826 1831 τισιν
1877 1776 1910 1847 ή

2019 1788 2216 1843 tiarum
2265 1800 2491 1841 suarum
2559 1786 2751 1841 cellam
2808 1794 3084 1852 noverat,
3129 1786 3454 1841 thesaurum
3485 1800 3595 1841 cm-

329 1867 593 1941 θαλάμοις
644 1870 1069 1941 ήσφαλισμὲνον.
1125 1871 1272 1926 Μίαν
1321 1869 1607 1942 ἀποθήκην
1659 1869 1776 1940 ⁴ᾔδει
1816 1868 1911 1924 τοῦ

332 1963 466 2018 ἰδίου
491 1963 744 2027 πλούτου,
765 1964 857 2019 τὸν
883 1962 1155 2034 θησαυρὸν
1178 1961 1269 2015 τὸν
1296 1960 1562 2032 οὐράνιονο
1596 1962 1713 2014 ἐκεῖ
1737 1962 1915 2015 πάντα

328 2056 663 2127 ἀποθεμένη,
691 2056 842 2110 οὐδὲν
863 2057 957 2109 ἐπὶ
976 2055 1080 2126 γῆς
1104 2053 1446 2109 ὑπελείπετο.
1462 2052 1609 2134 -Τί
1637 2047 1753 2117 οὖν,
1779 2052 1915 2122 ἔφην

330 2147 469 2221 πρὸς
497 2148 703 2219 ταύτην
727 2146 859 2217 ἐγὼ,
900 2150 950 2200 ει
973 2147 1082 2201 τῶν
1108 2147 1232 2218 ἐμοὶ
1264 2146 1403 2217 πρὸς
1429 2145 1529 2217 τὴν
1554 2144 1733 2214 ταφὴν
1765 2146 1914 2216 ήτοι-

333 2241 633 2309 μασμένων
664 2239 1089 2309 προσαγάγοιμι,
1129 2239 1260 2309 μήτι
1288 2236 1399 2291 τῶν
1427 2236 1740 2308 ἀϐουλήτων
1777 2236 1913 2308 αὐτῇ

325 2329 417 2383 διὰ
449 2328 608 2383 τοῦτο
639 2330 969 2400 γενήσεται;
1007 2349 1026 2383 ι
1058 2330 1171 2383 Οὐκ
1192 2328 1399 2383 οἴεσθαι
1428 2327 1554 2398 ἔφη,
1578 2328 1735 2382 τοῦτο
1764 2327 1915 2398 παρά

328 2421 556 2492 γνώμην
596 2416 735 2476 εἶναι
774 2421 933 2492 αὐτῇ.
962 2439 981 2473 ι
1011 2420 1317 2492 Προσέσθαι
1364 2420 1474 2491 γὰρ
1510 2420 1576 2474 ἂν
1613 2419 1784 2489 αὐτὴν
1820 2420 1917 2474 καὶ⁵

331 2512 514 2578 ζῶσαν
545 2512 643 2583 τὴν
671 2512 927 2582 τοιαύτην
962 2512 1113 2583 παρὰ
1139 2513 1232 2565 σοῦ
1260 2512 1427 2583 τιμὴν
1465 2511 1584 2565 κατ’
1608 2511 1913 2581 ἀμφότερα,

328 2603 422 2659 διά
446 2621 507 2657 τε
535 2603 634 2676 τὴν
664 2604 986 2674 ἱερωσύνην,
1025 2602 1126 2674 τὴν
1169 2602 1256 2657 ἀεὶ
1280 2602 1467 2672 τιμίαν
1493 2600 1630 2672 αὐτῇ
1651 2640 1666 2665 ,
1694 2601 1789 2654 καὶ
1826 2600 1916 2653 διά

329 2696 432 2767 τὴν
468 2695 754 2750 κοινωνίαν
789 2694 889 2765 τῆς
915 2693 1158 2763 φύσεως·
1199 2692 1335 2765 μηδὲ
1367 2684 1477 2764 γὰρ
1506 2691 1786 2764 ἀλλότριον
1817 2691 1916 2744 αύ-

329 2788 435 2859 τῆς
461 2787 523 2842 τὸ
549 2786 645 2841 τοῦ
676 2784 907 2855 ἀδελφοῦ
932 2784 1174 2857 νομίσαι.
1205 2785 1303 2837 Διά
1334 2782 1494 2837 τοῦτο
1521 2782 1617 2837 καὶ
1645 2784 1767 2846 ταῖς
1796 2784 1917 2847 σαῖς

331 2882 490 2955 χερσὶ
525 2880 865 2952 κοσμηθῆναι
894 2880 957 2934 τὸ
986 2878 1146 2950 σῶμα
1169 2876 1563 2933 διεκελεύσατο.
1593 2894 1613 2929 ι

422 2973 570 3028 Ἐπεὶ
610 2973 668 3028 δὲ
714 2973 873 3027 τοῦτο
920 2970 1186 3035 ἐδέδοκτο,
1236 2970 1331 3024 καὶ
1376 2968 1483 3023 ἔδει
1524 2966 1917 3040 περισταλῆναι

2013 1880 2208 1935 lestem
2241 1894 2254 1927 :
2289 1879 2405 1933 illic
2459 1878 2646 1932 omnia
2697 1877 3024 1940 collocavit,
3079 1877 3217 1932 nihil
3267 1876 3495 1946 reliquit
3539 1878 3596 1932 in

2014 1979 2185 2025 terra.
2233 1991 2254 2021 ι
2293 1968 2432 2024 Tum
2468 1984 2603 2039 ego,
2639 1988 2657 2020 ι
2695 1968 2836 2035 Quid
2862 2010 2879 2035 ,
2936 1969 3160 2039 inquam
3188 2009 3202 2031 ,
3243 1969 3289 2023 si
3331 1968 3400 2022 ad
3430 1969 3596 2023 funus

2014 2061 2322 2135 ornandum
2356 2078 2423 2117 es
2464 2060 2566 2125 iis,
2612 2075 2736 2130 qua:
2774 2060 2908 2113 mihi
2953 2070 3150 2130 parata
3196 2068 3326 2115 sunt
3387 2058 3595 2130 aliquid

2015 2151 2323 2225 proferam,
2354 2167 2484 2206 num
2514 2152 2829 2207 inconsulte
2857 2150 3060 2205 factum
3083 2152 3452 2206 existimabit?
3483 2171 3502 2203 ι
3541 2150 3595 2204 Id

2016 2252 2214 2315 praeter
2266 2243 2599 2299 sententiam
2631 2243 2754 2314 ejus
2800 2241 3047 2297 futurum
3082 2257 3142 2297 se
3181 2258 3290 2296 non
3335 2240 3594 2296 arbitrari

2015 2335 2302 2404 respondit
2335 2350 2348 2387 :
2386 2353 2406 2386 ι
2441 2333 2578 2389 Nam
2614 2335 2720 2390 etsi
2766 2335 3013 2400 viveret,
3058 2334 3276 2389 duabus
3307 2335 3375 2389 de
3406 2334 3594 2391 causis

2014 2442 2126 2482 non
2161 2427 2483 2496 repudiaret
2515 2426 2782 2481 honorem
2814 2434 2993 2491 tuum,
3025 2426 3109 2481 vel
3147 2434 3373 2495 propter
3410 2440 3599 2479 sacer-
3674 2421 3682 2429 ’

2016 2519 2155 2575 dotii
2207 2519 2528 2589 dignitatem
2574 2534 2741 2589 quam
2798 2534 3016 2589 semper
3053 2526 3314 2574 venerata
3352 2524 3437 2571 est
3465 2556 3478 2578 ,
3514 2514 3597 2569 vel

2016 2619 2242 2681 propter
2278 2617 2490 2666 naturae
2544 2610 3057 2676 necessitudinem;
3120 2625 3301 2680 neque
3354 2608 3597 2662 alienum

2016 2699 2247 2754 duceret
2280 2699 2334 2754 id
2370 2700 2515 2770 quod
2564 2716 2593 2753 a
2638 2699 2809 2755 fratre
2853 2706 3003 2755 esset
3034 2716 3047 2752 :
3076 2699 3289 2753 idcirco
3341 2696 3599 2751 manibus

2016 2793 2185 2845 etiam
2211 2792 2322 2848 tuis
2352 2807 2555 2864 corpus
2591 2799 2653 2847 ut
2690 2802 2982 2847 curaretur
3010 2789 3314 2846 mandavit.
3361 2807 3380 2840 ι

2088 2973 2226 3027 Cum
2286 2972 2452 3040 igitur
2499 2972 2573 3027 ita
2611 2972 2793 3028 visum
2846 2979 3027 3037 esset,
3084 2977 3138 3026 et
3178 2980 3396 3024 sacrum
3464 2963 3599 3019 illud

330 3070 453 3131 ταῖς
495 3066 708 3131 ὀθόναις
757 3064 820 3118 τὸ
868 3064 1013 3137 ἱερὸν
1050 3065 1225 3118 έκεῖνο
1259 3062 1454 3133 σῶμα,
1489 3061 1788 3131 διελόμενοι
1818 3059 1917 3130 τὴν

2019 3081 2222 3136 corpus
2251 3068 2361 3137 tegi
2389 3065 2639 3120 vestibus
2670 3070 2975 3133 oporteret,
3026 3060 3271 3117 studium
3314 3058 3459 3112 inter
3493 3071 3595 3110 nos

336 3159 594 3230 σπουδὴν,
626 3158 786 3222 ἀλλος
819 3156 951 3211 ἄλλο
986 3173 1041 3211 τι
1073 3155 1203 3226 περὶ
1229 3154 1399 3225 αὐτὴν
1429 3152 1774 3223 ἐπενοοῦμεν.
1809 3151 1918 3205 Kal.

2023 3158 2334 3214 dividentes
2369 3158 2518 3213 circa
2551 3156 2759 3225 ipsam,
2800 3154 2942 3209 alius
2980 3151 3132 3208 aliud
3165 3151 3549 3221 cogitabamus
3583 3164 3597 3201 :

336 3249 451 3321 ἐγὼ
499 3251 596 3322 μὲν
640 3250 741 3320 τὴν
792 3248 996 3320 ἐσθῆτα
1051 3246 1158 3301 τῶν
1203 3245 1351 3318 ἐμῶν
1396 3262 1504 3299 τινι
1551 3244 1920 3316 προσαγαγεῖν

334 3341 774 3412 ἑνεκελευσάμην
798 3356 812 3371 ·
854 3341 889 3411 ή
930 3338 989 3392 δὲ
1022 3335 1457 3409 μνημονευθήσα
1507 3332 1792 3405 Οὐετιανη,
1820 3332 1919 3404 τὴν

334 3432 497 3503 ἀγίαν
546 3432 763 3504 ἐκείνην
801 3428 1047 3500 κεφαλὴν
1097 3429 1219 3492 ταῖς
1272 3425 1429 3489 ἰδίαις
1472 3424 1631 3497 χερσὶ
1679 3440 1919 3479 κατακο-

338 3523 553 3596 σμοῦσα
576 3564 591 3588 ,
623 3522 809 3592 ἐπειδὴ
835 3521 977 3575 κατὰ
1004 3519 1095 3574 τὸν
1127 3518 1333 3590 αὐχένα
1352 3516 1452 3589 τήν
1481 3519 1637 3589 χεῖρα
1666 3515 1918 3586 ήνεγκεν.

342 3635 361 3668 ι
415 3615 569 3679 Ἰδοὺ,
597 3615 769 3685 φησὶ,
807 3613 946 3684 πρὸς
988 3610 1091 3682 ἐμὲ
1124 3609 1387 3681 βλέψασα,
1421 3604 1533 3671 οἷος
1573 3608 1921 3679 περιδέραιος

332 3706 540 3777 κόσμος
572 3707 670 3776 τῆς
711 3704 901 3773 ’Λγίας
946 3703 1259 3775 ἐξήρτηται.
1300 3718 1320 3753 ι
1354 3698 1461 3754 Καὶ
1502 3698 1618 3769 ἅμα
1643 3697 1805 3751 τοῦτο
1836 3697 1923 3750 λέ-

333 3816 535 3868 γουσα,
569 3796 845 3851 ἐκλύσασα
878 3796 970 3848 τὸν
1009 3794 1209 3863 δεσμὸν
1241 3794 1306 3846 ὲκ
1351 3791 1445 3845 τοῦ
1480 3789 1745 3853 κατόπιν,
1786 3805 1922 3859 προ-

334 3891 506 3944 έτεινε
546 3889 645 3959 τὴν
682 3890 864 3959 χεῖρα,
918 3886 1011 3940 καὶ
1060 3884 1333 3939 δείκνυσιν
1378 3883 1510 3954 ἡμῖν
1559 3880 1779 3952 σιδηροῦ
1824 3877 1920 3934 τοῦ

337 3978 570 4053 σταυροῦ
615 3979 706 4032 τὸν
749 3977 940 4041 τύπον,
994 3977 1089 4029 καὶ
1130 3972 1415 4028 δακτύλιόν
1450 3987 1574 4025 τινα
1616 3972 1718 4041 τῆς
1751 3968 1921 4039 αὐτῆς

336 4071 470 4143 ὕλης
493 4085 506 4099 ⁸
551 4070 696 4139 ἅπερ
723 4067 1009 4139 ἀμφότερα
1037 4065 1239 4135 λεπτῆς
1279 4063 1478 4135 ὁρμιᾶς
1514 4059 1796 4132 ὲξημμένα
1830 4059 1923 4113 ἐπὶ

333 4163 439 4233 τῆς
479 4160 706 4232 καρδίας
736 4157 1029 4222 διαπαντὸς
1068 4152 1158 4228 ἦν.
1189 4155 1299 4210 Καὶ
1330 4153 1441 4223 ἐγὼ
1465 4147 1638 4207 εἷπον·
1674 4171 1693 4203 ι
1730 4149 1920 4207 Κοινὸν

334 4252 578 4323 γενέσθω
610 4252 670 4305 τὺ
698 4250 904 4321 κτῆμα.
951 4249 1061 4307 Καὶ
1097 4247 1161 4300 σὺ
1202 4246 1301 4318 μὲν
1330 4244 1420 4315 ἔχε
1459 4243 1522 4297 τὸ
1547 4241 1643 4296 τοῦ
1686 4240 1918 4312 σταυροῦ

337 4345 707 4417 φυλακτήριον
730 4359 742 4372 ·
773 4342 897 4413 ἐμοὶ
939 4340 996 4394 δὲ
1029 4338 1254 4410 ἀρκέσει
1293 4339 1327 4407 ή
1361 4335 1454 4389 τοῦ
1481 4332 1763 4388 δακτυλίου
1789 4331 1916 4402 κλη-

2018 3256 2074 3306 et
2106 3263 2209 3320 ego
2260 3247 2483 3318 quidem
2532 3246 2676 3315 jussi
2721 3246 2942 3301 cuidam
2982 3260 3049 3300 ex
3108 3243 3246 3299 meis
3287 3252 3347 3295 ut
3389 3248 3601 3295 vestem

2018 3336 2244 3393 afferret
2290 3355 2306 3395 :
2357 3337 2446 3390 illa
2497 3350 2650 3401 vero,
2695 3350 2806 3405 qua
2846 3334 2916 3390 de
2961 3333 3298 3388 mentionem
3344 3329 3598 3392 fecimus,

2019 3428 2279 3485 Vestiana
2327 3428 2568 3498 propriis
2614 3425 2871 3480 manibus
2909 3439 3117 3478 ornans
3164 3432 3413 3477 sanetum
3464 3420 3598 3475 illud

2018 3530 2225 3589 caput,
2282 3533 2408 3573 cum
2466 3517 2588 3586 ejus
2647 3516 2852 3570 cervici
2924 3529 3148 3567 manum
3222 3512 3599 3573 submisissct.

2025 3629 2046 3662 ι
2089 3610 2227 3663 Ecce
2253 3648 2268 3673 ,
2303 3606 2484 3674 inquit
2557 3605 2624 3659 ad
2660 3620 2746 3659 me
2790 3604 3123 3674 respiciens,
3161 3602 3323 3671 quale
3370 3616 3401 3656 e
3457 3600 3601 3654 collo

2020 3696 2227 3757 sanctae
2277 3697 2499 3753 monilis
2558 3703 2941 3751 ornamentum
2994 3691 3245 3763 pendet:
3304 3712 3322 3744 ι
3382 3700 3439 3745 ct
3484 3691 3601 3743 haec

2019 3795 2210 3850 dicens
2244 3789 2440 3847 solutis
2475 3803 2617 3859 pone
2652 3786 2894 3842 vinculis
2924 3783 3212 3856 praetendit
3267 3798 3432 3835 manu
3492 3780 3598 3834 fer-

2021 3900 2173 3940 reum
2205 3882 2389 3938 crucis
2423 3882 2664 3952 signum,
2698 3886 2753 3934 et
2781 3878 3045 3932 annulum
3074 3874 3367 3945 quemdam
3398 3889 3461 3927 ex
3510 3888 3601 3926 ea-

2019 3976 2143 4030 dem
2167 3974 2431 4037 materia;
2459 3986 2583 4042 quae
2597 3968 2818 4040 quidem
2845 3975 3078 4036 utraque
3097 3965 3246 4019 tenui
3275 3963 3601 4018 redimicula

2021 4071 2264 4135 appensa
2289 4078 2506 4133 semper
2533 4060 2686 4117 cordi
2723 4059 3098 4115 adhaerebant.
3134 4056 3199 4110 Et
3222 4071 3347 4125 ego,
3382 4074 3401 4106 ι
3431 4053 3600 4109 Com-

2021 4158 2229 4223 munis,
2284 4156 2534 4225 inquam,
2572 4154 2645 4208 sit
2689 4152 2806 4207 haec
2852 4150 3158 4221 possessio.
3194 4148 3269 4201 Ac
3295 4155 3350 4200 tu
3380 4146 3599 4217 quidem

2021 4251 2226 4305 haheas
2282 4247 2470 4303 crucis
2520 4246 2784 4315 insigne:
2832 4243 2965 4297 mihi
3025 4248 3205 4295 autem
3260 4238 3601 4293 haereditatis

2022 4341 2211 4395 annuli
2260 4339 2400 4395 satis
2437 4339 2564 4400 erit,
2614 4356 2631 4389 ι
2667 4334 2941 4404 siquidem
2975 4333 3030 4387 in
3086 4332 3251 4401 hujus
3285 4331 3448 4383 ctiam
3479 4329 3600 4396 pala

341 4436 590 4510 ρονομία’
617 4455 635 4488 ι
672 4436 767 4489 καὶ
790 4432 860 4503 γά
869 4450 901 4504 ρ
932 4433 1023 4485 ἐπὶ
1046 4432 1145 4501 τῆς
1173 4428 1365 4482 τούτου
1390 4424 1682 4498 σφραγῖδος
1706 4425 1734 4477 ό
1756 4439 1917 4476 σταυ-

2022 4450 2159 4490 crux
2203 4440 2322 4487 erat
2362 4431 2650 4500 impressa.
2705 4427 2775 4481 At
2807 4441 2932 4482 eum
2977 4424 3178 4478 mulier
3226 4422 3446 4475 intuens
3476 4434 3603 4471 rur-

343 4529 437 4602 ρδς
467 4528 826 4599 ὲκεχάρακτο.
866 4518 939 4596 ’ᾫ
974 4522 1349 4585 ὲνατενίσασα,
1396 4518 1529 4589 φησὶ
1576 4517 1738 4570 πάλιν
1784 4514 1921 4586 πρὸς

340 4621 445 4693 ἐμὲ
474 4622 509 4692 ή
538 4621 675 4691 γυνή
701 4635 718 4652 ο
761 4637 781 4669 ι
833 4619 948 4672 Οὐκ
975 4612 1369 4669 ἀποσκοποῦσα
1394 4613 1618 4680 γέγονεν
1651 4609 1686 4676 ή
1722 4605 1920 4676 ἐκλογὴ

340 4712 496 4768 τοῦδε
535 4712 631 4765 τοῦ
666 4713 964 4781 κτήματος.
998 4707 1192 4770 Κοῖλος
1230 4705 1339 4776 γάρ
1382 4702 1523 4757 κατά
1565 4700 1664 4771 τὴν
1704 4697 1923 4769 σφενδό-

342 4822 443 4876 νην
474 4803 622 4857 ἐστὶν
646 4803 675 4854 ὁ
709 4800 1013 4864 δακτύλιος,
1044 4800 1140 4853 καὶ
1168 4800 1223 4851 ὲν
1255 4794 1405 4867 αὐτῷ
1430 4796 1495 4848 ὲκ
1516 4793 1612 4847 τοῦ
1637 4791 1793 4857 ξύλου
1821 4789 1924 4860 τῆς

345 4896 495 4968 ζωῆς
531 4893 1017 4965 κατακέκρυπται·
1068 4889 1163 4943 καὶ
1192 4889 1365 4952 οὕτως
1390 4887 1596 4942 ἀνωθεν
1619 4886 1653 4954 ή
1689 4882 1923 4954 σφραγὶς

344 4987 427 5058 τῷ
461 4986 575 5057 ἰδίῳ
615 4984 769 5054 τύπῳ
801 4981 991 5053 μηνύει
1018 4980 1080 5035 τὸ
1107 4980 1482 5052 ὑποκείμενον.
1518 4996 1538 5030 ι

428 5079 518 5142 Ὠς
546 5077 603 5132 δὲ
631 5077 726 5130 καὶ
761 5071 1230 5145 περικαλυφθῆναι
1262 5075 1329 5144 τῇ
1361 5071 1546 5141 ὲσθῆτι
1577 5068 1638 5122 τὸ
1685 5066 1926 5138 καθαρὸν

348 5170 513 5241 σῶμα
545 5168 736 5240 καιρὸς
762 5163 866 5239 ἦν,
893 5164 1061 5235 κάμοὶ
1093 5164 1197 5235 τὴν
1232 5162 1508 5217 διακονίαν
1539 5160 1743 5231 ταύτην
1772 5161 1806 5230 ή
1843 5160 1926 5211 ιν.

346 5264 477 5333 τολὴ
502 5262 601 5333 τῆς
627 5261 869 5334 μεγάλης
895 5258 1110 5329 ἐκείνης
1136 5257 1437 5325 ἀναγκαίαν
1465 5254 1655 5308 ὲποίει’
1676 5251 1925 5322 παροῦσα

347 5353 427 5424 τῷ
471 5353 617 5424 ἔργῳ
652 5353 745 5405 καὶ
774 5348 1222 5420 συνεφαπτομένη
1248 5348 1282 5417 ή
1306 5347 1406 5417 τῆς
1439 5344 1678 5415 μεγάλης
1713 5341 1927 5411 ἐκείνης

348 5447 483 5516 ἡμῖν
509 5442 873 5513 κληρονομίας
910 5440 1308 5510 κοινωνήσασα,
1355 5457 1373 5490 ι
1412 5436 1504 5508 Μὴ
1540 5433 1924 5507 παραδράμῃς,

349 5537 538 5608 φησὶν,
583 5534 931 5607 ἀνιστόρητον
973 5533 1034 5588 τὸ
1084 5530 1312 5604 μέγεθος
1343 5528 1453 5583 τῶν
1495 5527 1600 5581 ὑπὸ
1629 5526 1729 5596 τῆς
1768 5523 1928 5593 ἁγίας

347 5627 557 5699 ταύτης
584 5626 1034 5697 κατορθωθέντων
1068 5619 1522 5695 θαυμάτων.-Τί
1546 5618 1723 5684 τοῦτος
1755 5635 1773 5669 ι
1792 5615 1927 5687 ἔφην

353 5718 486 5791 ὶγώ.
526 5719 593 5772 Ἦ
632 5718 689 5772 δὲ
738 5718 901 5791 μέρος
937 5734 990 5770 τι
1027 5716 1121 5771 τοῦ
1154 5715 1382 5788 στήθους
1411 5710 1924 5785 παραγυμνιῢσασα.

2022 4542 2119 4584 sus
2151 4524 2219 4579 ad
2264 4539 2372 4588 me,
2410 4541 2429 4574 ι
2468 4524 2527 4577 In
2572 4519 2887 4590 deligendo,
2920 4516 3121 4585 inquit,
3153 4528 3264 4567 non
3305 4505 3598 4583 aberrasti,

2020 4619 2221 4674 etenim
2250 4622 2548 4671 excavatus
2569 4622 2653 4667 est
2682 4610 2926 4664 annulus
2958 4605 3063 4660 sub
3088 4604 3207 4673 ipsa
3236 4602 3382 4672 pala,
3409 4601 3600 4669 ibique

2021 4712 2089 4766 de
2141 4710 2292 4780 ligno
2338 4709 2466 4762 vita:
2527 4702 2855 4774 particulam
2892 4697 3170 4753 conditam
3220 4695 3406 4757 habet,
3454 4692 3599 4762 quod

2022 4801 2452 4874 superadjacens
2489 4795 2611 4867 pala
2640 4791 2809 4849 simili
2854 4798 2982 4844 nota
3015 4786 3307 4859 significat.
3350 4805 3369 4838 ι

2092 5064 2363 5118 Czetcrnm
2416 5072 2542 5112 cum
2591 5065 2810 5128 tempus
2852 5057 3105 5124 posceret
3133 5056 3192 5103 ut
3224 5058 3437 5103 castum
3479 5062 3595 5097 cur-

2024 5171 2129 5227 pus
2177 5159 2332 5229 veste
2380 5155 2699 5218 tegeretur,
2755 5143 2902 5217 quod
2964 5142 3185 5212 quidem
3246 5138 3491 5194 officium
3535 5151 3600 5190 cx

2026 5257 2237 5314 magna:
2290 5228 2553 5294 mandato
2609 5237 2679 5293 ad
2736 5252 2822 5292 me
2882 5233 3189 5303 pertinebat
3259 5228 3599 5291 necessario,

2025 5350 2264 5406 cumque
2304 5346 2546 5404 praesens
2585 5337 2771 5396 esset,
2823 5343 2887 5382 ac
2929 5326 3093 5383 simul
3125 5329 3495 5380 contreetaret
3536 5336 3602 5375 ea

2025 5444 2148 5500 quae
2193 5441 2408 5483 mecum
2462 5437 2677 5493 magnae
2737 5420 2888 5476 illius
2943 5417 3281 5474 haereditatis
3325 5414 3601 5487 particeps

2027 5521 2233 5585 fuerat,
2270 5539 2289 5572 ι
2325 5516 2404 5573 Ne
2426 5513 2873 5588 praetermiseris,
2919 5512 3119 5582 inquit,
3155 5508 3360 5565 intueri
3395 5507 3471 5563 rei
3507 5506 3604 5562 ad-

2027 5612 2293 5669 mirandae
2317 5610 2387 5667 ab
2412 5609 2516 5665 hac
2544 5614 2735 5665 sancta
2761 5602 3020 5678 perfecta:
3049 5598 3507 5673 magnitudinem.
3533 5626 3604 5639 —-

2028 5706 2301 5774 Quidnam
2333 5704 2481 5762 istud
2507 5703 2632 5761 est?
2663 5721 2682 5754 ι
2717 5701 2963 5770 inquam.
3005 5697 3074 5751 At
3104 5696 3197 5752 illa
3227 5702 3442 5767 partem
3473 5705 3599 5763 pec-
