4068 6154
509 345 605 401 991

1740 360 1796 414 S.
1839 359 2170 420 GREGORII
2210 365 2517 423 NYSSENI

3648 368 3752 425 νοτ

506 465 644 521 toris
671 466 988 538 denudans,
1024 490 1042 521 ι
1082 471 1247 528 Vides
1280 475 1414 536 hoc.
1451 477 1668 548 inquit‘,
1704 472 1869 539 tenue
1892 493 1946 540 et
1967 486 2069 540 ob-

2186 508 2197 541 ι
2239 490 2423 561 Ὁρᾷς,
2467 491 2593 559 ἔφη,
2621 492 2681 545 τὸ
2721 491 2913 546 λεπτὸν
2955 491 3112 546 τοῦτο
3149 494 3243 546 καὶ
3280 490 3485 559 ἀφανὲς
3516 491 3621 544 ὑπὸ
3659 490 3757 558 τὴν

507 572 727 631 scurum
759 560 861 614 sub
878 562 1019 616 collo
1043 563 1654 638 signum?»(Videbatur
1670 582 1850 628 autem
1869 585 2077 644 puncto

426 719 431 723 θ
506 649 685 704 simile
742 652 893 707 tenui
951 668 1052 708 acu
1108 657 1420 727 confecto;)
1468 662 1741 732 simulque
1792 665 2077 722 lucernam

508 738 735 806 propius
775 738 1016 796 admovit
1075 745 1140 798 ad
1186 746 1366 800 locum
1416 748 1549 803 mihi
1597 751 2075 808 demonstratum:

508 843 531 879 α
558 826 848 893 Quidnam,
874 831 1115 901 inquam,
1148 836 1551 904 admirandum,
1583 842 1629 895 si
1671 851 1833 899 tenue
1861 844 2078 914 signum

505 917 560 972 in
599 918 701 973 hac
744 930 898 989 parte
950 937 1028 979 est
1054 925 1077 978 ?
1103 957 1170 966 --
1200 927 1264 982 Ει
1298 928 1423 995 hoc,
1456 931 1653 1001 inquit,
1683 933 1851 989 divini
1889 936 2077 990 auxilii

506 1011 560 1064 in
596 1028 846 1083 magnam
882 1014 1176 1071 Macrinam
1227 1033 1642 1078 monumentum
1691 1027 1747 1080 in
1793 1028 1915 1097 ejus
1955 1043 2080 1083 cor-

689 1068 717 1083 ν
1229 1068 1642 1078 -,--..η--.ν..-.....
1794 1068 1915 1097 ην..
1956 1068 2077 1083 um

460 1068 481 1201 λ
507 1118 635 1172 pore
661 1106 909 1160 relietum
942 1117 1045 1163 est.
1089 1108 1303 1165 Etenim
1333 1128 1454 1167 cum
1484 1116 1680 1172 acerbe
1721 1119 2080 1179 intumuisset

471 1196 633 1276 ﬁlolim
664 1198 778 1252 haec
807 1215 958 1269 pars,
987 1210 1041 1255 et
1069 1203 1372 1270 periculum
1396 1216 1544 1262 esset
1575 1225 1643 1263 ne
1677 1218 1860 1266 tumor
1887 1229 2079 1269 secan-

480 1287 608 1365 r‘dus
632 1291 798 1355 esset,
833 1298 926 1343 aut
975 1307 1046 1346 ne
1089 1292 1254 1348 latius
1278 1311 1507 1365 serpens
1548 1301 1752 1354 malum
1793 1304 1947 1358 tieret
1978 1304 2080 1358 im-

470 1350 856 1444 lmedicabile,
885 1382 930 1434 si
968 1381 1033 1435 ad
1068 1384 1186 1439 loca
1216 1350 1401 1441 cordis
1426 1350 1944 1462 appropinquasset,
1984 1413 2076 1450 ro-

508 1470 653 1537 gavit
677 1471 879 1539 smpius
904 1480 958 1526 et
982 1474 1290 1530 obsecravit
1324 1490 1517 1545 mater,
1548 1490 1608 1536 ut
1635 1484 1830 1539 medici
1858 1502 2076 1542 manum

510 1560 823 1616 admitteret
869 1579 882 1615 :
920 1579 1040 1618 eam
1077 1582 1316 1638 namque
1348 1578 1522 1627 artem
1570 1590 1595 1626 a
1632 1574 1740 1630 Deo
1773 1593 1872 1647 pI‘O
1903 1579 2080 1636 salute

509 1649 795 1707 hominum
835 1665 1116 1710 ostensam
1151 1674 1304 1726 esse;
1358 1662 1451 1715 illa
1499 1680 1630 1718 vero
1666 1682 1788 1721 cum
1838 1670 2077 1739 aliquam

509 1745 758 1813 corporis
777 1754 981 1814 partem
995 1748 1188 1805 alienis
1202 1753 1376 1807 oculis
1394 1755 1608 1823 aperire
1622 1759 1812 1814 morbo
1824 1761 1942 1830 ipso
1954 1777 2081 1832 gra-

508 1836 941 1905 viusjudicaret,
959 1840 1024 1894 ad
1041 1857 1342 1911 vesperam,
1365 1862 1486 1900 cum
1511 1850 1723 1903 solitam
1759 1836 1918 1927 matri
1955 1870 2079 1925 pro—
2110 1821 2153 1874 Β

508 1926 648 1997 priis
666 1928 920 1985 manibus
941 1944 1196 1989 navasset
1215 1951 1459 2005 operam,
1478 1940 1531 1994 in
1553 1944 1813 1997 sacellum
1842 1949 2079 2003 sanctis-

511 2019 710 2073 simum
727 2022 993 2092 ingressa,
1013 2034 1179 2079 totam
1201 2037 1414 2084 noctem
1438 2041 1710 2100 prostrata
1729 2040 2078 2097 curationum

509 2109 622 2164 Deo
649 2114 995 2183 supplicavit,
1027 2125 1080 2172 et
1111 2135 1231 2189 quae
1253 2135 1316 2175 ex
1340 2125 1516 2179 oculis
1551 2127 1844 2193 detinebat,
1876 2146 2078 2201 aquam

508 2216 633 2255 cum
672 2211 817 2265 terra
843 2209 1235 2274 commiseens,
1257 2213 1620 2283 lacrymarum
1650 2218 1847 2284 lutum,
1891 2223 2080 2277 morbo

507 2294 965 2351 medicamentum
1000 2300 1272 2357 adhibuit.
1311 2304 1468 2360 Matri
1515 2316 1697 2363 autem
1731 2312 2076 2378 exanimatae,

508 2384 863 2457 hortantique
899 2397 958 2443 ut
987 2392 1200 2448 medico
1243 2403 1526 2463 uteretur,
1559 2399 1665 2453 sibi
1698 2400 1766 2455 ad
1801 2405 2082 2472 expellen-

508 2477 637 2532 dum
679 2483 931 2536 morbum
977 2486 1110 2540 satis
1145 2503 1267 2542 esse
1310 2491 1622 2559 respondit,
1678 2495 1726 2549 si
1775 2511 1942 2551 manu
1981 2513 2080 2552 sua

509 2578 686 2625 mater
739 2560 857 2641 ipsa
909 2575 1087 2630 locum
1145 2589 1337 2634 sancto
1387 2583 1545 2653 signo
1605 2588 1870 2645 muniret.
1934 2588 2077 2646 Cum

509 2659 678 2729 igitur
713 2671 887 2718 mater
920 2666 976 2719 in
1012 2667 1194 2723 sinum
1248 2672 1369 2741 ejus
1425 2688 1647 2729 manum
1686 2677 1984 2745 intulisset,
2022 2691 2082 2737 ut

508 2767 627 2804 eam
661 2764 870 2822 partem
904 2758 1166 2828 signaret,
1195 2763 1415 2832 signum
1444 2767 1666 2836 quidem
1698 2773 1829 2839 egit,
1856 2773 2081 2832 morbus

457 2872 463 2878 -
512 2853 693 2897 autem
727 2847 882 2901 abiit.
917 2850 1029 2905 Sed
1070 2853 1185 2908 hzec
1218 2870 1385 2923 parva
1431 2865 1558 2912 nota
1580 2900 1594 2925 ,
1644 2861 1768 2916 loco
1798 2863 2081 2923 horribilis

511 2938 749 2993 tumoris
779 2945 1057 3010 apparuit,
1084 2954 1138 3000 et
1169 2948 1235 3002 ad
1270 2950 1429 3004 tinem
1459 2967 1637 3022 usque
1664 2958 1989 3024 permansit,
2023 2967 2083 3014 ut

508 3037 693 3092 esset,
727 3034 1187 3100 quemadmodum
1222 3041 1490 3107 arbitror,
1535 3044 1737 3101 divinae
1771 3048 1892 3118 epis
1940 3051 2083 3106 indi-

2179 581 2378 654 δέῤῥην
2429 586 2687 654 σημεῖον;
2729 604 2748 636 ι
2795 585 3064 653 Στίγματι
3103 584 3393 655 προσέοικε
3423 582 3510 635 διὰ
3553 582 3760 652 λεπτῆς

2184 674 2405 743 ῥαφίδος
2434 676 2792 747 ἐγγενομένῳ.
2833 678 2942 731 Καὶ
2984 678 3100 748 ἆμα
3126 677 3219 731 τὸν
3245 677 3436 746 λύχνον
3466 676 3758 746 ἐγγύτερον

2181 762 2353 815 ἐποίει
2402 762 2496 815 τοῦ
2538 763 2887 834 δεικνυμένου
2924 781 3015 835 μοι
3053 764 3242 818 τόπου.
3286 783 3306 815 ι
3345 762 3410 815 Τί
3435 758 3548 826 οὖν,
3582 756 3759 823 εἷπον,

2181 853 2513 923 θαυμαστὸν,
2560 856 2608 907 εί
2653 855 2851 922 ἀφανεῖ
2896 871 3003 908 τινι
3043 854 3256 927 σημείῳ
3301 855 3363 908 τὸ
3410 853 3571 923 σῶμα
3617 851 3759 905 κατὲι

2179 942 2336 995 τοῦτο
2361 943 2524 1014 μέρος
2556 943 2829 1009 έστικται;
2860 974 2930 984 -—
2961 945 3072 997 Kal.
3121 943 3299 1008 τοῦτο,
3336 943 3501 1012 φησὶ,
3529 941 3624 1009 τῆς
3659 956 3749 1008 με·

2181 1034 2352 1105 γάλης
2405 1034 2498 1087 τοὺ
2540 1035 2674 1089 Θεοῦ
2730 1035 2980 1106 βοηθείας
3029 1034 3369 1107 μνημόσυνον
3417 1032 3493 1102 τῷ
3546 1030 3753 1100 σώματι

2183 1124 2584 1179 ὑπολέλειπται.
2649 1124 2867 1197 Ἐπειδὴ
2914 1126 3023 1197 γὰρ
3056 1126 3211 1194 ἐφύει
3256 1124 3389 1177 ποτέ
3427 1140 3480 1178 τι
3527 1121 3669 1175 κατά
3699 1120 3763 1176 τὸ

2184 1215 2349 1285 μέρος
2370 1215 2529 1269 τοῦτο
2562 1216 2730 1279 πάθος
2764 1218 3006 1289 ἀνιαρὸν,
3037 1218 3129 1269 καὶ
3159 1216 3400 1277 κίνδυνος
3426 1211 3495 1285 ἦν
3515 1215 3759 1281 ἀνατμη-

2182 1307 2340 1375 θῆναι
2379 1308 2470 1360 τὸν
2497 1308 2679 1376 ὄγκον,
2715 1309 2748 1379 ἢ
2780 1309 2957 1378 πάντη
2991 1308 3085 1362 καὶ
3115 1307 3330 1370 πάντως
3358 1307 3437 1368 είς
3465 1305 3760 1374 ἀνήκεστον

2181 1397 2463 1469 προελθεῖν
2486 1398 2547 1450 τὸ
2585 1399 2773 1464 κακὸν,
2809 1400 2856 1451 εἰ
2883 1401 2995 1461 τοῖς
3021 1398 3162 1451 κατὰ
3188 1396 3285 1466 τὴν
3319 1394 3545 1466 καρδίαν
3574 1391 3761 1454 τόποις

2182 1492 2466 1546 πελάσειεν
2492 1510 2504 1523 ο
2542 1491 2720 1544 ἐδέετο
2770 1491 2868 1560 μὲν
2901 1492 2935 1561 ἠ
2978 1491 3209 1584 Μήτηρ,
3234 1486 3416 1584 ’φη-σι,
3454 1482 3621 1584 πολλά
3666 1481 3764 1584 καὶ
3820 1532 3830 1539 .

2186 1587 2390 1639 ἱκέτευε
2424 1583 2831 1655 παραδέξασθαι
2863 1583 2957 1635 τοὺ
2984 1569 3165 1652 ἰατροῦ
3196 1580 3293 1651 τὴν
3319 1576 3655 1647 ἐπιμέλειαν,
3683 1574 3761 1636 ὡς

2181 1678 2276 1730 καὶ
2313 1675 2512 1746 ταύτης
2552 1679 2616 1728 ἐκ
2652 1673 2785 1726 Θεοῦ
2832 1660 2930 1743 τῆς
2972 1670 3164 1762 meum
3192 1665 3586 1772 farinam-cqpia
3624 1662 3761 1772 ignei:

2182 1768 2288 1820 τῶν
2322 1769 2623 1839 ἀνθρώπων
2667 1760 3134 1834 καταδειχθείσης.
3192 1762 3254 1813 Ἡ
3286 1760 3343 1813 δὲ
3374 1760 3435 1812 τὸ
3470 1760 3758 1827 γυμνῶσαῐ

2179 1878 2231 1914 τι
2271 1859 2363 1913 τοῦ
2407 1860 2658 1930 σώματος
2704 1857 3000 1927 ὀφθαλμοῖς
3044 1853 3364 1924 ἀλλοτρίοις,
3408 1850 3501 1904 τοῦ
3555 1849 3759 1957 πάθους

2179 1950 2554 2023 χαλεπώτερον
2579 1949 2828 2020 κρίνασα,
2852 1947 3088 2017 ἑσπέρας
3111 1944 3543 2013 καταλαϐούσης,
3572 1940 3762 2009 ἐπειδὴ

2178 2047 2245 2115 τῇ
2287 2043 2473 2114 Μητρὶ
2514 2043 2615 2111 τὴν
2669 2041 2873 2112 συνήθη
2914 2039 3002 2093 διὰ
3044 2038 3152 2091 τῶν
3192 2035 3389 2108 χειρῶν
3451 2031 3759 2103 ὑπηρεσίαν

2180 2136 2526 2207 ἐπλήρωσεν,
2555 2133 2704 2195 ἐντὸς
2733 2131 2998 2201 γενομένη
3033 2128 3126 2182 τοῦ
3173 2126 3582 2197 θυσιαστηρίου,
3622 2140 3757 2174 παν-

2180 2226 2361 2296 νύχιον
2392 2225 2720 2297 προσπίπτει
2743 2223 2818 2294 τῷ
2837 2222 2955 2292 Θεῷ
2981 2221 3091 2274 τῶν
3118 2220 3313 2274 ἰάσεων
3332 2237 3345 2249 ·
3377 2218 3470 2271 καὶ
3496 2216 3557 2268 τὸ
3584 2216 3761 2285 ἀπορ-

2182 2321 2303 2392 ρέον
2335 2320 2442 2373 τῶν
2478 2317 2774 2388 ὀφθαλμῶν
2822 2315 2967 2388 ὓδωρ
3014 2313 3149 2385 πρὸς
3188 2311 3287 2382 τὴν
3323 2311 3428 2379 γῆν
3458 2307 3757 2413 ἀναχέασα,

2178 2414 2256 2486 τῷ
2286 2416 2350 2468 ἐκ
2382 2414 2489 2467 τῶν
2523 2411 2773 2483 δακρύων
2805 2408 2983 2481 πηλῷ,
3016 2407 3291 2477 φαρμάκῳ
3324 2402 3459 2475 πρὸς
3489 2402 3551 2454 τὸ
3588 2399 3760 2462 πάθος

2180 2505 2483 2575 ἐχρήσατο·
2521 2503 2619 2572 τῆς
2651 2502 2707 2554 δὲ
2750 2499 2971 2570 Μητρὸς
3002 2497 3227 2568 ἀθύμως
3254 2492 3620 2577 διακειμένης,
3664 2491 3761 2543 καὶ

2181 2595 2343 2649 πάλιν
2362 2592 2604 2647 ἐνδοῦναι
2625 2591 2701 2661 τῷ
2720 2590 2888 2662 ἰατρῷ
2913 2587 3354 2659 παρακαλούσης,
3373 2586 3559 2657 ἀρκεῖν
3582 2582 3757 2649 ἔλεγε,

2182 2685 2319 2757 πρὸς
2348 2682 2641 2754 θεραπείαν
2674 2683 2811 2752 αὐτῇ
2841 2679 2934 2733 τοῦ
2975 2678 3166 2744 κακοῦ,
3208 2679 3257 2729 εί
3290 2678 3356 2747 τῇ
3405 2675 3508 2744 ἰδίᾳ
3548 2672 3692 2743 χειρὶ
3725 2673 3762 2741 ἡ

2181 2777 2382 2847 Μήτηρ
2416 2771 2774 2842 ἐπιϐαλεῖτῷ
2814 2772 2964 2840 τόπῳ
2995 2769 3093 2840 τὴν
3135 2768 3295 2837 ἀγίαν
3336 2765 3623 2839 σφραγῖδα.
3671 2764 3759 2827 Ὠς

2180 2867 2239 2921 δὲ
2279 2868 2429 2930 ἐντὸς
2475 2866 2770 2937 ἐποιήσατο
2802 2863 2897 2916 τοῦ
2930 2861 3128 2916 κόλπου
3159 2860 3255 2932 τὴν
3285 2860 3443 2930 χεῖρα
3474 2859 3507 2928 ἡ
3536 2857 3761 2927 Μήτηρ,

2182 2960 2266 3028 ἐφ’
2295 2952 2340 3027 ᾧ
2370 2958 2794 3030 περισφραγίσαι
2822 2958 2883 3010 τὸ
2915 2956 3100 3027 μέρος,
3135 2957 3169 3024 ή
3207 2952 3304 3024 μέν
3336 2951 3571 3020 σφραγὶς
3603 2949 3763 3018 ἑνήρ-

2183 3067 2291 3121 γει⁶
2319 3051 2381 3105 τὸ
2402 3051 2457 3105 δὲ
2478 3050 2648 3114 πάθος
2676 3051 2775 3103 οὑκ
2803 3044 2893 3121 ἦν.
2934 3065 2953 3099 ι
2994 3045 3154 3099 Ἀλλά
3189 3043 3379 3107 τοῦτο,
3412 3063 3430 3096 ι
3465 3042 3619 3110 φησὶ,
3653 3056 3674 3089 (
3704 3038 3763 3090 τὸ

510 3118 683 3186 cium,
714 3138 823 3192 quo
849 3126 914 3181 ad
950 3129 1188 3197 agendas
1211 3133 1421 3202 gratias
1445 3135 1558 3193 Deo
1579 3139 1926 3198 continenter
1961 3159 2081 3199 mo-

2186 3118 2360 3216 βραχὺ
2393 3145 2636 3214 σημεῖον,
2667 3143 2761 3195 καὶ
2780 3118 2902 3195 τότε
2927 3140 3046 3195 ἀντὶ
3071 3137 3165 3191 τοῦ
3197 3133 3425 3207 φρικτοῦ
3454 3132 3644 3205 ὡράθη
3673 3131 3763 3182 ’ἑλ-

509 3222 751 3269 veretur.
798 3235 817 3268 ι

581 3481 946 3556 Posteaquam
998 3489 1184 3546 studio
1226 3504 1419 3551 nostro
1479 3497 1642 3554 tinem
1689 3502 2080 3574 imposuimus,

509 3574 565 3625 et
613 3570 934 3632 domesticis
996 3581 1173 3651 copiis
1254 3600 1455 3657 corpus
1503 3596 1924 3663 exornavimns,
1975 3613 2084 3653 non

510 3661 708 3719 decere
743 3667 882 3722 dixit
909 3670 1169 3728 ministra
1204 3675 1295 3731 illa
1326 3693 1530 3751 corpus
1580 3681 1649 3737 ad
1682 3699 1900 3753 sponsa:
1932 3686 2087 3743 simi-

510 3754 800 3814 litudinem
863 3773 1121 3820 ornatum
1184 3778 1312 3825 ante
1358 3774 1551 3829 oculos
1609 3777 1882 3847 virginum
1932 3783 2084 3850 poni.

517 3864 538 3898 ι
585 3847 693 3903 Sed
730 3860 854 3917 est,
910 3855 1125 3925 inquit,
1172 3860 1304 3915 mihi
1339 3877 1405 3917 ex
1455 3871 1652 3921 vestrm
1694 3870 1885 3925 matris
1915 3847 2088 3927 vesti-

509 3941 712 3995 mentis
738 3943 953 4012 nigrum
985 3948 1233 4015 pallium,
1267 3952 1415 4020 quod
1446 3963 1618 4020 recte,
1650 3965 1710 4012 ut
1740 3975 1841 4030 ego
1865 3963 2085 4031 quidem

513 4030 717 4096 sentio,
746 4036 950 4099 poterit
978 4041 1325 4112 superinjici,
1353 4061 1424 4101 ne
1444 4055 1676 4106 externo
1712 4060 1768 4107 et
1788 4030 2089 4112 adventitio

512 4122 624 4179 isto
656 4126 891 4183 vestitus
914 4141 1112 4186 ornatu
1140 4135 1494 4203 pulchritudo
1515 4140 1632 4196 haae
1659 4158 1817 4199 sacra
1851 4146 2090 4205 illustre-

512 4218 624 4267 tar.
663 4233 687 4267 -ι
723 4216 857 4282 Quae
895 4224 1171 4278 sententia
1204 4240 1328 4281 cum
1355 4230 1624 4288 valuisset
1649 4241 1706 4290 et
1733 4236 1958 4306 pallium
1992 4240 2090 4294 ad-

508 4304 717 4374 jec‘tum
743 4319 925 4374 esset,
954 4313 1075 4384 ipsa
1102 4323 1285 4374 tamen
1317 4321 1372 4375 in
1405 4325 1609 4381 amictu
1662 4304 1851 4398 pullo,
1901 4331 2087 4388 divina

512 4405 572 4450 ut
603 4399 848 4457 arbitror
877 4408 1142 4474 potentia,
1175 4418 1231 4465 et
1268 4413 1416 4479 hanc
1448 4418 1669 4487 corpori
1700 4420 1934 4478 addente
1960 4440 2085 4495 gra-

2187 3251 2335 3301 κους,
2366 3235 2461 3288 καὶ
2489 3234 2648 3306 μέχρι
2674 3232 2859 3295 τέλους
2886 3231 3238 3303 παρέμεινεν.
3258 3228 3342 3290 Ὠς
3364 3225 3450 3289 ἂν,
3469 3219 3641 3293 οἶμαι,
3665 3225 3731 3291 τῆ
3738 3239 3764 3285 ς

2186 3325 2337 3389 θείας
2364 3322 2706 3392 ἐπισκέψεως
2742 3321 3081 3394 μνημόσυνον
3114 3317 3200 3387 εἴη
3230 3317 3365 3387 πρὸς
3388 3314 3640 3384 ἀφορμὴν
3672 3312 3766 3365 καὶ

2187 3415 2442 3470 ὑπόθεσιν
2464 3416 2564 3484 τῆς
2591 3412 2871 3484 διηνεκοῦς
2895 3412 3030 3483 πρὸς
3055 3411 3146 3465 τὸν
3170 3409 3302 3462 Θεὸν
3314 3406 3759 3505 εὐχαριστίας.)

2269 3507 2421 3561 Ἐπεὶ
2452 3504 2510 3559 δὲ
2544 3506 2717 3577 πέρας
2760 3500 2907 3573 εἶχεν
2945 3503 3076 3573 ἡμῖν
3104 3502 3139 3570 ἡ
3172 3499 3408 3569 σπουδὴ,
3441 3497 3535 3549 καλ⁸
3566 3497 3630 3548 ἐκ
3658 3497 3765 3547 τῶν

2185 3599 2415 3655 ἐνόντων
2452 3594 2865 3670 περιεκοσμήθη
2903 3593 2964 3647 τὸ
3000 3591 3180 3663 σῶμα,
3214 3588 3373 3643 πάλιν
3400 3588 3563 3658 φησὶν
3592 3588 3625 3657 ή
3654 3585 3765 3639 διά-

2186 3707 2363 3755 κονος,
2408 3688 2483 3761 μὴ
2534 3688 2763 3759 πρέπειν
2806 3682 3093 3756 νυμφικῶς
3142 3681 3476 3752 ἐσταλμένην
3508 3678 3676 3748 αὑτὴν
3708 3677 3765 3728 ἐν

2186 3782 2484 3853 ὀφθαλμοῖς
2510 3779 2620 3833 τῶν
2659 3777 2945 3850 παρθένων
2973 3773 3223 3846 ὁρᾶσθαι.
3264 3770 3474 3873 ι-’Λλκ
3500 3769 3623 3873 ⁴ἔστι
3654 3784 3761 3838 μοι,

2189 3873 2345 3946 φησὶ,
2392 3868 2491 3944 τ’ἦς
2539 3871 2744 3943 μητρὸς
2787 3871 2888 3939 τῆς
2930 3867 3202 3966 ὑμετέρας
3244 3864 3360 3966 τιῦν
3392 3864 3567 3966 quid):
3595 3877 3763 3966 «seu:

2188 3964 2455 4036 λαγμένον
2478 3962 2691 4033 ἱμάτιον
2710 3978 2725 3992 ·
2753 3960 2782 4013 ὃ
2807 3958 3013 4015 ἄνωθεν
3042 3956 3397 4056 ἐπιϐληθῆναι
3418 3954 3598 4056 κάλως
3611 3952 3765 4056 ἔχειν

2188 4057 2368 4130 φημίο
2422 4056 2499 4119 ὡς
2550 4054 2617 4108 ἂν
2669 4053 2744 4124 μὴ
2787 4050 2866 4122 τῷ
2904 4051 3211 4153 ἐπεισάκτῳ
3259 4047 3349 4153 διὰ
3395 4045 3496 4116 τῆς
3543 4044 3763 4153 ἐσθῆτος

2188 4151 2400 4221 κόσμῳ,
2429 4147 2491 4201 τὸ
2515 4145 2659 4218 ἱερὸν
2685 4142 2845 4198 τοῦτο
2867 4141 3060 4205 κάλλος
3085 4138 3469 4212 λαμπρύνοιτο.
3512 4155 3530 4187 ι
3576 4136 3759 4201 Ἐκρᾰρ

2187 4258 2270 4295 τει
2316 4240 2385 4294 τά
2427 4237 2754 4309 δεδογμένα·
2792 4236 2888 4290 καὶ
2924 4234 2986 4287 τὸ
3028 4233 3243 4303 ἱμάτιον
3292 4225 3604 4297 ἐπεϐλήθη·
3640 4229 3673 4296 ἡ
3708 4223 3763 4279 δὲ

2189 4327 2397 4403 ἔλαμπε
2419 4331 2514 4385 καὶ
2540 4332 2598 4382 ἐν
2626 4329 2705 4400 τῷ
2732 4327 2900 4398 φαιῷ,
2925 4327 3026 4397 τῆς
3065 4325 3246 4387 θείας,
3281 4317 3458 4426 fma.“
3492 4319 3767 4426 δυνάιῒευκ

2193 4426 2287 4478 καὶ
2324 4423 2526 4495 ταύτην
2553 4420 2882 4493 προσθείσης
2911 4421 3008 4489 τὴν
3048 4416 3206 4488 χάριν
3239 4414 3316 4485 τῷ
3350 4413 3595 4483 σώματι⁸
3632 4413 3765 4464 ὥστε

474 4553 478 4557 φ
512 4488 679 4555 tiam,
719 4493 794 4547 ita
829 4496 1190 4567 Splendebat,
1226 4511 1285 4557 ut
1326 4507 1785 4574 quemadmodum
1822 4513 1877 4567 in
1903 4488 2085 4585 quiete

2196 4517 2337 4571 κατά
2371 4488 2870 4587 τὴν-τοῦνένυπνίου
2899 4488 3022 4581 ὄψιν
3057 4508 3299 4580 ἀκριϐῶς
3323 4505 3501 4575 αὐγάς
3526 4520 3677 4566 τινας
3708 4498 3767 4554 ἐκ

510 4581 693 4636 visum
724 4589 1067 4659 ostenderat,
1102 4595 1240 4649 radii
1276 4597 1498 4667 quidam
1531 4601 1694 4658 plane
1716 4619 1784 4660 ex
1808 4581 1937 4675 ejus
1967 4609 2091 4678 pul-

513 4670 828 4732 chritudine
847 4679 1076 4737 elucere
1105 4683 1444 4743 viderentur.

583 4761 806 4820 Interim
850 4769 978 4824 dum
1011 4772 1129 4829 haec
1170 4779 1470 4847 agebamus
1507 4789 1563 4838 et
1609 4785 1884 4857 virginum
1921 4801 2087 4846 cantu

514 4850 1001 4917 lamentationibus
1044 4868 1336 4923 commisto
1381 4875 1678 4932 resonabat
1707 4878 1896 4944 locus,
1944 4880 2104 4939 fama.

513 4945 707 4999 nescio
740 4944 1018 5018 quomodo
1052 4957 1293 5029 undique
1348 4962 1543 5020 diﬂusa
1568 5006 1583 5032 ,
1637 4983 1830 5026 omnes
1870 4972 2090 5029 ﬁnitimi

515 5035 583 5089 ad
613 5035 779 5095 funus
810 5043 1216 5118 conﬂuxerunt,
1239 5052 1376 5108 adeo
1404 5066 1463 5110 ut
1483 5071 1883 5119 concurrentes
1920 5065 2092 5120 vesti-

513 5126 704 5183 bulum
742 5148 853 5189 non
897 5148 1136 5207 caperet.
1166 5140 1301 5197 Cum
1343 5146 1508 5216 igitur
1546 5160 1821 5209 nocturna
1852 5157 2092 5228 pervigi-

515 5218 669 5287 latio,
706 5233 764 5278 ut
787 5225 841 5280 in
874 5241 1174 5303 martyrum
1200 5239 1543 5307 celebritate,
1571 5233 1841 5302 canendis
1862 5248 2093 5317 psalmis

516 5313 760 5381 perfecta
784 5326 932 5372 esset
954 5327 1009 5374 et
1035 5329 1447 5394 crepusculum,
1476 5333 1870 5391 conﬂuentium
1896 5338 2092 5396 vicinis

514 5416 546 5454 e
584 5404 721 5460 locis
766 5409 1023 5467 omnibus
1062 5416 1304 5472 virorum
1347 5431 1401 5475 et
1458 5425 1750 5479 mulierum
1797 5431 2093 5487 multitudo

516 5499 854 5564 psalmorum
895 5505 1338 5567 decantationem
1390 5514 1609 5572 ﬂetibus
1654 5519 2086 5591 interpellabat:

516 5602 620 5656 ego
672 5600 852 5647 autem
890 5600 1143 5664 quamvis
1198 5611 1428 5673 propter
1481 5608 1849 5664 calamitatem
1911 5616 2095 5669 animo

523 5695 702 5737 essem
734 5697 1142 5760 consternatus,
1179 5703 1361 5751 tamen
1387 5714 1454 5753 ex
1490 5700 1655 5757 rebus
1703 5707 2090 5773 praesentibus,

496 5776 702 5852 ‘quoad
743 5777 858 5832 ﬁeri
904 5785 1108 5853 potuit,
1158 5802 1377 5856 operam
1415 5792 1573 5861 dedi,
1627 5806 1684 5851 ut
1716 5797 1853 5852 nihil
1910 5799 1963 5853 in
2002 5802 2094 5856 tali

2194 4605 2286 4659 τοῦ
2321 4603 2548 4667 κάλλους
2580 4602 2880 4673 ἐκλάμπειν
2911 4600 3108 4653 δοκεῖν.

2279 4783 2366 4846 Ὠς
2393 4783 2450 4836 δὲ
2480 4782 2643 4853 ἡμεῖς
2680 4783 2738 4834 ὲν
2770 4780 2979 4845 τούτοις
3006 4775 3148 4851 ἦμεν
3168 4817 3182 4842 ,
3221 4778 3315 4831 καὶ
3358 4778 3414 4829 αἱ
3464 4774 3770 4846 ψαλμῳδίαι

2194 4876 2317 4928 τῶν
2334 4875 2618 4949 παρθένων
2650 4877 2759 4938 τοῖς
2784 4874 3002 4945 θρήνοις
3031 4871 3451 4943 καταμιχθεῖσαι
3479 4872 3770 4940 περιήχοεδν

2193 4971 2285 5025 τὸν
2312 4971 2493 5036 τόπον,
2514 4968 2612 5021 οὑκ
2632 4963 2725 5020 οἷδ’
2748 4967 2894 5030 ὅπως
2921 4967 2978 5019 ἐν
3001 4964 3184 5034 κύκλῳ
3208 4961 3540 5032 πανταχόθεν
3564 4960 3771 5030 ἀθρόως

2195 5063 2293 5133 τῆς
2322 5061 2507 5131 φωνῆς
2539 5058 2885 5129 διαχυθείσης
2903 5096 2918 5121 ,
2953 5058 3152 5119 πάντες
3181 5058 3230 5107 οἱ
3259 5052 3664 5126 περιοικοῦντες
3686 5051 3773 5104 ἐπὶ

2195 5154 2287 5206 τὸν
2315 5152 2478 5205 τόπον
2506 5149 2813 5221 συνέρρεονο
2838 5148 2914 5211 ὡς
2943 5147 3138 5218 μηκέτι
3177 5145 3237 5198 τὸ
3267 5144 3562 5216 προαύλιον
3595 5141 3774 5196 ἱκανὸν

2199 5238 2338 5297 εἶναι
2368 5244 2564 5314 χωρεῖν
2598 5244 2723 5303 τοὺς
2754 5239 3163 5310 συντρέχοντας.
3182 5239 3291 5308 Τῆς
3310 5232 3403 5289 οὖν
3433 5235 3772 5305 παννυχίδος,

2202 5336 2332 5407 περὶ
2383 5333 2549 5405 αὐτὴν
2583 5335 2640 5386 ἐν
2693 5331 3005 5403 ὑμνῳδίαις,
3040 5329 3286 5399 καθάπερ
3332 5327 3432 5381 ’ἐπὶ
3486 5327 3774 5397 μαρτύρων

2201 5429 2582 5499 πανηγύρεως,
2605 5425 2951 5494 τελεσθείσης
2970 5441 2983 5455 ο
3021 5422 3207 5493 ἐπειδὴ
3238 5420 3431 5492 ὄρθρος
3463 5419 3697 5487 ἐγένετο,
3718 5417 3777 5470 τὺ

2206 5523 2305 5593 μὲν
2335 5520 2536 5590 πλῆθος
2568 5518 2675 5571 τῶν
2706 5520 2771 5571 ἐκ
2799 5516 2979 5587 πάσης
3012 5515 3113 5584 τῆς
3146 5512 3473 5613 περιοικίδος
3511 5509 3777 5613 συρρυέν-

2196 5630 2302 5668 των
2359 5611 2568 5683 ἀνδρῶν
2606 5610 2700 5663 καὶ
2742 5606 3051 5677 γυναικῶν,
3092 5602 3414 5674 ἐπεθορύϐει
3457 5605 3581 5664 ταῖς
3613 5602 3780 5670 οἰμω-

2195 5709 2318 5774 γαῖς
2343 5705 2442 5777 τὴν
2472 5702 2788 5774 ψαλμῳδίαν
2810 5716 2824 5731 ⁶
2853 5700 2963 5769 ἐγὼ
2989 5699 3067 5764 δὲ,
3110 5700 3286 5752 καίτοι
3320 5695 3507 5795 κακῶς
3541 5694 3641 5795 την
3674 5692 3776 5795 ψυ-

2196 5799 2295 5871 χὴν
2342 5797 2446 5852 ὑπὸ
2490 5796 2587 5867 τῆς
2642 5795 2925 5865 συμφορᾶς
2964 5789 3322 5861 διακείμενος,
3370 5788 3523 5858 ὅμως
3571 5787 3635 5839 ἐκ
3672 5787 3776 5838 τῶν
