4068 6154
312 314 417 376 995

1503 314 1594 370 DE
1642 314 1803 371 VITA
1847 318 1902 371 S.
1941 315 2300 375 MACRINE.

3464 298 3568 377 £94

311 434 542 494 ἐνόντων
572 434 842 500 ἐπενόουν,
873 437 923 495 εἰ
950 434 1190 500 δυνατὸν,
1226 434 1393 505 μηδὲν
1417 435 1525 488 τῶν
1547 436 1641 488 ἐπὶ
1670 436 1880 506 τοιαύτῖ

1998 436 2189 492 funere
2237 436 2648 492 desideraretur
2687 434 2929 504 :itaque
2982 432 3344 491 confluentem
3398 452 3569 507 por-n-

313 526 507 599 κηδείᾳ.
549 526 871 597 πρεπόντων
902 525 1361 596 παραλειφθῆναι.
1408 527 1566 580 Ἀλλά
1598 528 1894 598 διαστήσας

310 616 455 670 κατά
483 616 639 682 γένος
674 614 766 667 τδν
815 614 1112 685 συρρέοντα
1148 615 1274 669 λαὸν
1298 654 1312 680 ,
1344 618 1438 671 καὶ
1477 616 1540 669 τὸ
1585 619 1643 671 ὲν
1681 618 1896 686 γυναιξὶ

311 706 515 778 πλῆθος
544 704 622 775 τῷ
664 705 775 758 τῶν
820 706 1106 777 παρθένων
1143 707 1554 779 συγκαταμίξας
1596 709 1762 780 χορῷ,
1804 711 1895 763 τὸν

309 798 366 853 δὲ
395 797 506 850 τῶν
539 796 748 866 ἀνδρῶν
780 796 953 867 δῆμον
983 796 1062 868 τῷ
1096 797 1206 851 τῶν
1244 797 1584 869 μοναζόντων
1617 799 1856 870 τάγματι
1876 815 1889 828 ·

312 890 441 959 μίαν
469 889 526 957 ἐξ
551 888 832 959 ἑκατέρων
854 887 1130 960 εὔρυθμόν
1155 907 1213 943 τε
1246 891 1341 944 καὶ
1368 892 1705 963 ἐναρμόνιον,
1732 890 1896 944 καθά-

228 976 233 987 ’
311 996 415 1049 περ
464 980 522 1031 ἐν
554 978 904 1050 χοροστασίᾳ,
949 980 1047 1049 τὴν
1092 979 1410 1051 ψαλμῳδίαν
1456 981 1709 1050 γενέσθαι
1756 999 1897 1052 παρ-

306 1071 604 1134 εσκεύασα,
632 1070 721 1124 διὰ
740 1071 839 1140 τῆς
866 1071 1053 1140 κοινῆς
1084 1071 1299 1125 πάντων
1322 1072 1583 1142 συνῳδίας
1613 1069 1896 1144 εὐκόσμως

309 1162 764 1232 συγκεκραμένην
789 1178 804 1193 ·
849 1163 926 1229 ὡς
962 1163 1243 1235 δὲ’προῄει
1270 1166 1389 1217 κατ’
1420 1164 1598 1234 ὀλίγον
1630 1167 1663 1236 ἠ
1690 1165 1893 1237 ἡμέρα,

306 1253 404 1307 καὶ
426 1255 845 1323 ἐστενοχωρεῖτο
872 1255 980 1317 πᾶς
1007 1256 1037 1307 ὁ
1055 1255 1155 1323 τῆς
1178 1257 1435 1325 ἐσχατιᾶς
1458 1256 1621 1320 τόπος
1652 1256 1730 1327 τῷ
1756 1257 1882 1330 πλή-

307 1341 389 1397 θει
413 1343 522 1396 τῶν
551 1335 993 1413 παραστάντων,’
1012 1347 1040 1398 ό
1066 1346 1174 1399 τῶν
1206 1346 1384 1401 τόπων
1416 1348 1640 1401 ἐκείνων
1669 1348 1759 1402 διά
1794 1348 1895 1419 τῆς

304 1433 614 1504 ἐπισκοπῆς
651 1436 931 1505 προεστὼς
965 1436 1247 1508 (Ἀράξιος
1293 1439 1463 1508 ὄνομα
1496 1439 1645 1510 αὐτῷ
1667 1456 1680 1470 ·
1711 1443 1895 1512 παρῆν

305 1525 415 1597 γὰρ
460 1526 556 1580 σὺν
590 1526 753 1579 παντὶ
790 1526 868 1597 τῷ
900 1529 999 1598 τῆς
1032 1530 1328 1600 ἱερωσύνης
1360 1529 1720 1602 πληρώματι)
1749 1550 1893 1604 παρ-

306 1618 458 1686 άγειν
502 1617 686 1688 ἡρέμα
714 1619 1012 1690 παρεκάλει
1054 1621 1115 1673 τὸ
1160 1621 1425 1692 σκήνωμα
1448 1637 1462 1651 ·
1501 1622 1579 1686 ὡς
1611 1623 1805 1677 πολλοῦ
1834 1642 1894 1677 τε

304 1706 455 1770 ὄντος
503 1705 597 1759 τοῦ
659 1707 862 1777 μεταξὺ
915 1708 1320 1780 διεστήματος,
1365 1710 1463 1764 καὶ⁸
1507 1711 1603 1764 τοῦ
1651 1712 1893 1783 πλήθους

1996 524 2109 579 lum
2142 525 2197 580 in
2228 541 2429 596 genera
2463 525 2801 581 distribuens
2822 566 2837 591 ,
2885 525 3291 594 mutierumque
3320 528 3570 580 multitu-

1995 614 2180 668 dinem
2204 614 2522 670 admiscens
2558 615 2836 686 virginum
2874 616 3068 680 choro,
3119 618 3361 669 virorum
3390 625 3570 671 autem

1995 706 2215 762 turbam
2300 705 2588 764 ascribens
2632 707 3062 769 _monaeborum
3129 708 3342 770 ccetui,
3404 725 3569 762 unum

1996 795 2286 865 quemdam
2312 811 2377 851 ex
2405 797 2657 866 utrisque
2684 796 2869 852 studui
2898 803 3084 867 aptum
3106 800 3570 865 concinnumqum

1996 893 2261 956 tauquam
2295 887 2348 940 in
2384 887 2625 957 psalmos
2660 888 2977 942 canentium
3008 902 3335 959 congressu,
3365 890 3394 942 ὸ
3423 904 3572 942 com-

1965 979 2155 1049 ,ιιιυηί
2193 979 2438 1033 omnium
2470 986 2742 1035 concentu
2773 988 2897 1050 apte
2932 978 3291 1048 conjunetum
3321 981 3571 1035 ordinem

1995 1069 2308 1126 instituere.
2375 1069 2584 1126 Verum
2644 1085 2768 1125 cum
2827 1071 3091 1141 paulatim
3152 1071 3573 1141 pregrederetur

1995 1161 2136 1226 dies,
2177 1170 2235 1217 et
2263 1162 2419 1217 locus
2450 1177 2563 1232 prae
2586 1161 2983 1217 confluentium
3017 1162 3368 1217 multitudine
3401 1178 3573 1233 augu-

1996 1260 2118 1308 stus
2164 1251 2527 1321 redderetur,
2581 1252 2677 1323 qui
2730 1252 2781 1307 ei
2845 1253 3056 1323 regioni
3112 1252 3406 1324 praefectus
3452 1261 3572 1307 erat

1994 1344 2311 1415 episcopus,
2333 1345 2570 1401 Araxius
2626 1344 2849 1399 nomine
2877 1343 3103 1415 (aderat
3126 1346 3270 1398 enim
3298 1360 3420 1398 cum
3450 1346 3571 1398 uni-

1992 1450 2156 1491 versa
2186 1435 2539 1492 multitudine
2563 1434 2955 1503 sacerdotum)
2982 1478 2998 1503 ,
3031 1435 3331 1506 praecepit,
3359 1443 3416 1489 ut
3444 1451 3571 1489 sen-

1995 1525 2097 1580 sim
2120 1526 2455 1595 praecederet
2480 1527 2921 1583 tabernaculum.
2945 1525 3081 1581 Nam
3104 1535 3159 1582 et
3186 1527 3320 1582 satis
3347 1528 3568 1597 longum

1993 1616 2095 1670 via:
2126 1618 2473 1694 intervallum
2520 1619 2938 1683 intercedebat,
2998 1628 3053 1673 et
3107 1618 3401 1673 multitudo
3438 1619 3571 1671 alio-

1993 1709 2130 1777 quin
2158 1708 2227 1763 ob
2262 1716 2472 1763 motum
2506 1709 2877 1764 incitatiorem
2929 1709 3376 1779 impedimentum
3425 1717 3569 1763 attu-

307 1797 445 1868 πρὸς
470 1798 570 1868 τὴν
593 1798 855 1869 ὀξυτέραν
882 1798 1094 1868 κίνησιν
1118 1800 1368 1870 ἐμποδὼν
1389 1802 1770 1873 γενησομένου·
1794 1804 1880 1858 καὶ

1991 1800 2165 1856 lisset.
2197 1799 2402 1857 Deinde
2423 1817 2638 1865 onmes,
2664 1817 2804 1873 quos
2838 1802 2895 1856 in
2925 1816 3154 1857 munere
3178 1817 3280 1856 suo
3314 1802 3569 1858 obeundo

304 1889 420 1959 ἃμα
456 1887 628 1943 ταῦτα
660 1889 832 1959 λέγων
860 1892 1249 1963 προσεκαλεῖτο
1282 1893 1487 1957 πάντας
1520 1894 1644 1958 τοὺς
1681 1895 1780 1965 τῆς
1811 1896 1886 1947 ἱε-

294 1979 552 2051 ρωσύνης
601 1980 749 2052 αὐτῷ
804 1983 1268 2060 συμμετέχοντας,
1318 1985 1393 2049 ὡς
1435 1984 1502 2040 ἂν
1545 1985 1610 2039 δι’
1662 1986 1886 2041 ἐκείνων

300 2068 594 2139 κομισθείη
626 2069 689 2122 τὸ
722 2069 900 2140 σῶμα.

387 2161 540 2215 Ἐπεὶ
560 2162 616 2215 δὲ
635 2161 793 2216 τοῦτο
816 2163 1082 2230 ἐδέδοκτο,
1105 2166 1200 2220 καὶ
1227 2168 1284 2219 ἐν
1302 2166 1486 2238 χερσὶν
1507 2161 1576 2238 ἦν
1595 2170 1629 2239 ἡ
1658 2168 1883 2242 σπουδή·

301 2253 514 2316 ὑποϐὰς
542 2254 641 2325 τὴν
674 2255 861 2326 κλίνην
895 2256 1008 2325 ἐγὼ
1027 2297 1042 2321 ,
1074 2258 1324 2312 κάκεῖνον
1352 2261 1446 2313 ἐπὶ
1478 2259 1538 2313 τὸ
1566 2260 1753 2331 ἕτερον
1793 2262 1889 2332 μέ-

300 2361 396 2415 ρος
423 2344 939 2417 προσκαλεσάμενος
954 2364 969 2378 ·
993 2347 1167 2401 ἀλλων
1192 2366 1251 2401 τε
1275 2348 1367 2402 δύο
1390 2349 1498 2403 τῶν
1517 2351 1575 2404 ἐν
1598 2350 1676 2421 τῷ
1698 2350 1887 2422 κλήρῳ

295 2436 695 2507 τετιμημένων,
742 2438 803 2492 τὸ
845 2438 1088 2493 ὀπίσθιον
1129 2440 1229 2511 τῆς
1262 2440 1451 2510 κλῖίνης
1482 2442 1647 2513 μέρος
1686 2444 1887 2496 ὑπολα-

275 2526 522 2593 -ϐόντων,
559 2528 677 2598 ᾔειν
708 2527 802 2582 τοῦ
847 2530 1035 2600 πρόσω
1077 2531 1353 2601 ἐχόμενος,
1390 2531 1576 2603 βάδην,
1611 2534 1686 2596 ὼς
1717 2534 1883 2599 είκδς,

299 2620 393 2674 καὶ
425 2621 545 2673 κατ’
578 2620 758 2689 ὀλίγον
798 2622 931 2691 ἡμῖν
974 2623 1264 2693 γινομένης
1311 2624 1413 2693 τῆς
1454 2616 1884 2695 κινήσεως.’Τοῢ

297 2709 407 2780 γὰρ
435 2709 565 2763 λαοῦ
598 2711 728 2780 περὶ
761 2707 859 2781 τὴν
897 2711 1083 2783 κλίνην
1114 2714 1542 2784 πεπυκνωμένου
1562 2753 1578 2779 ,
1627 2718 1722 2770 καὶ
1754 2718 1886 2772 πάν-

296 2807 405 2853 των
436 2799 729 2869 ἀπλήστως
760 2799 991 2869 ἐχόντων
1020 2799 1113 2853 τοῦ
1156 2800 1303 2871 ίεροῦ
1335 2801 1543 2854 ἐκείνου
1576 2801 1847 2873 θεάματος
1867 2842 1882 2869 ,

295 2889 399 2942 οὐκ
421 2884 490 2959 ἦν
514 2890 573 2942 ἐν
592 2888 812 2961 εὐκολίᾳ
844 2889 941 2961 τὴν
969 2891 1192 2962 πορείαν
1217 2893 1349 2961 ἡμῖν
1384 2891 1718 2947 διανύεσθαι·
1760 2913 1886 2966 προ-

293 2982 484 3052 ηγεῑτο
496 2980 553 3034 δὲ
574 2981 696 3034 καθ’
717 2980 975 3053 ἑκάτερον
1007 2982 1171 3053 μέρος
1198 2983 1457 3037 διακόνων
1478 3001 1536 3037 τε
1552 2986 1645 3037 καὶ
1673 2987 1883 3057 ὑπηρε-

294 3070 406 3126 τῶν
462 3071 563 3125 οὐκ
596 3071 776 3155 ὀλίγον
831 3072 1056 3144 πλῆθος,
1088 3076 1365 3146 στοιχηδὸν
1393 3075 1488 3130 τοῦ
1524 3074 1884 3149 σκηνώματος

1988 1891 2278 1947 ministros
2308 1892 2545 1948 habebat
2585 1901 2640 1949 et
2687 1894 3010 1964 adjutores,
3050 1904 3109 1950 ut
3146 1909 3244 1957 sua
3273 1890 3568 1966 praesentia

1988 1997 2192 2039 corpus
2218 1982 2567 2049 decorarent,
2594 1984 2921 2040 cohortatus
2953 1992 3055 2040 est.
3642 1982 3651 1992 '

2060 2158 2194 2214 Cum
2222 2167 2404 2215 autem
2442 2160 2557 2216 haec
2590 2161 2665 2214 ita
2701 2160 3005 2215 constituta
3040 2161 3289 2217 studiose
3316 2174 3569 2231 gereren-

1990 2256 2101 2313 tur,
2133 2264 2234 2318 ego
2263 2248 2523 2303 feretrum
2557 2248 2786 2304 subiens
2819 2247 2972 2302 illum
3023 2248 3306 2315 advocavi,
3342 2259 3402 2303 ut
3440 2251 3571 2306 altr-

1990 2357 2105 2396 ram
2120 2350 2329 2412 partem
2357 2342 2688 2398 sustineret:
2721 2341 3060 2411 posteriores
3087 2356 3217 2396 vero
3247 2340 3429 2398 feretri
3447 2359 3572 2414 par-

1989 2443 2073 2489 tes
2102 2433 2392 2487 subierunt
2422 2430 2512 2486 alii
2541 2431 2650 2486 duo
2666 2432 2734 2486 de
2762 2431 2913 2486 clero
2942 2432 3186 2502 insignes
3205 2431 3336 2487 viri:
3357 2434 3568 2488 'sensim

1990 2527 2157 2597 igitur
2196 2526 2620 2596 procedebatur,
2650 2539 2775 2578 cum
2809 2533 2865 2578 et
2897 2523 2991 2593 qui
3026 2524 3296 2594 praeibam
3323 2524 3572 2594 pedeten-

1990 2618 2089 2672 tim
2120 2617 2458 2681 incederent,
2490 2627 2543 2672 et
2572 2631 2676 2671 nos
2715 2616 2846 2670 item
2877 2615 3149 2683 gradatim
3190 2630 3589 2685 scqueremur..

1988 2708 2202 2763 Etenim
2260 2724 2386 2763 cum
2425 2708 2682 2779 frequens
2715 2707 2957 2777 populus
2994 2705 3263 2762 feretrum
3330 2707 3569 2761 circqu-

1988 2807 2182 2861 staret,
2215 2814 2316 2853 nec
2347 2807 2453 2852 tam
2488 2798 2728 2852 mirabili
2762 2805 2817 2852 et
2850 2813 3012 2853 sacro
3036 2798 3355 2867 spectaculo
3380 2805 3570 2870 posset

1987 2890 2219 2961 expleri,
2247 2906 2359 2946 non
2391 2898 2512 2946 erat
2541 2889 2705 2945 facile
2733 2890 2894 2946 nobis
2934 2891 3038 2946 iter
3070 2889 3272 2955 facere,
3300 2905 3369 2945 ex
3418 2898 3571 2944 utra-

1987 2998 2095 3054 que
2134 2990 2315 3039 autem
2340 2990 2497 3053 parte
2526 2982 2874 3052 praecedebat
2898 2998 3009 3038 non
3049 2982 3283 3053 exiguus
3305 2981 3571 3036 diacono-

1985 3088 2109 3128 rum
2153 3074 2642 3142 ministrorumque
2670 3087 2959 3138 numerus,
3000 3073 3094 3143 qui
3132 3088 3325 3128 omnes
3376 3073 3571 3127 ordine

294 3164 712 3234 προπομπεῠον,
744 3164 844 3229 τὰς
883 3166 948 3219 ἐκ
977 3166 1148 3237 κηροῦ
1181 3166 1468 3238 λαμπάδας
1496 3168 1714 3239 ἔχοντες
1749 3171 1880 3225 πάν-

1985 3166 2419 3237 progredientes,
2449 3179 2716 3222 accensos
2744 3180 2937 3221 cereos
2969 3166 3225 3222 manibus
3259 3166 3565 3236 gestabant.

292 3272 415 3319 τες·
441 3257 537 3310 καὶ
566 3252 633 3328 ἦν
671 3270 755 3320 τις
795 3259 1034 3328 μυστικὴ
1084 3260 1279 3331 πομπὴ
1311 3260 1371 3312 τὸ
1413 3261 1718 3331 γινόμενον,
1754 3265 1882 3334 ὁμο-

294 3344 488 3413 φώνως
514 3346 614 3417 τῆς
643 3347 964 3418 ψαλμῳδίας
989 3348 1085 3402 ἀπ’
1115 3347 1301 3419 ἄκρων
1330 3349 1423 3402 ἐπὶ
1451 3350 1733 3421 ἐσχάτους,
1755 3353 1882 3407 καθ-

291 3436 437 3508 άπερ
467 3437 524 3489 ἐν
564 3440 631 3509 τῇ
659 3438 765 3491 τῶν
810 3438 976 3509 τριῶν
1003 3438 1208 3493 παίδων
1240 3439 1504 3512 ὑμνῳδίᾳ,
1535 3441 1880 3513 μελῳδουμέ-

290 3546 414 3600 νης.
455 3528 627 3582 Ἑπτά
662 3528 718 3582 δὲ
748 3528 938 3596 ὄντων,
974 3530 1007 3601 ἢ
1040 3529 1184 3583 ὀκτὼ
1208 3530 1315 3585 τῶν
1345 3533 1404 3583 ἐν
1450 3532 1603 3603 μέσῳ
1651 3533 1877 3587 σταδίων

290 3622 405 3676 ἀπὸ
437 3621 534 3693 τῆς
565 3623 823 3693 ἐσχατιᾶς
850 3622 942 3675 ἐπὶ
979 3622 1071 3675 τὸν
1109 3621 1217 3675 τῶν
1247 3624 1418 3692 ἁγίων
1454 3624 1767 3696 Μαρτύρων
1798 3623 1877 3679 οἷ-

289 3731 412 3775 κον,
446 3714 504 3767 ἐν
530 3708 575 3781 ᾧ
610 3713 707 3766 καὶ
747 3713 815 3767 τά
854 3713 960 3767 τῶν
991 3714 1192 3781 γονέων
1218 3716 1479 3768 ἀπέκειτο
1508 3714 1758 3785 σώματα·
1791 3716 1879 3771 διά

292 3804 474 3874 πάσης
498 3805 683 3875 σχεδὸν
708 3805 807 3875 τῆς
834 3805 1050 3878 ἡμέρας
1083 3805 1237 3876 μόλις
1260 3806 1358 3878 τὴν
1383 3806 1499 3860 ὁδὸν
1519 3808 1875 3879 διηνύσαμεν.

286 3897 365 3953 Οὐ
402 3897 509 3969 γὰρ
540 3897 627 3950 εἴα
668 3897 731 3950 τὸ
774 3896 1007 3968 πλῆθος,
1043 3898 1104 3951 τό
1149 3915 1208 3952 τε
1248 3901 1637 3971 συνερχόμενον
1678 3901 1773 3956 καὶ
1815 3903 1876 3956 τὸ

289 3990 377 4044 ἀεὶ
419 3989 866 4062 προσγινόμενον,
908 3988 1050 4043 κατά
1077 3988 1303 4061 γνώμην
1335 3992 1434 4063 τὴν
1468 3992 1696 4063 πρόοδον
1728 3993 1878 4062 γενέ-

290 4082 435 4136 σθαι.
480 4080 698 4151 Ἐπειδὴ
733 4078 826 4136 οὖν
854 4081 1004 4146 ἐντὸς
1030 4083 1125 4135 τοῦ
1153 4081 1304 4136 οἴκου
1338 4084 1703 4156 κατέστημεν,
1734 4087 1871 4140 ἀπο-

287 4174 507 4245 θέμενοι
551 4173 648 4244 τὴν
694 4172 902 4242 κλίνην,
937 4173 1004 4226 τά
1048 4173 1243 4244 πρῶτα
1274 4177 1353 4238 είς
1389 4176 1695 4248 προσευχὴν
1728 4178 1874 4249 ἐτρε-

286 4265 521 4336 πόμεθα·
551 4266 584 4335 ή
613 4265 668 4318 δὲ
696 4264 849 4335 εὐχὴ,
882 4263 1094 4337 θρήνων
1128 4264 1338 4333 γίνεται
1374 4266 1599 4337 ἀφορμὴ
1629 4265 1708 4337 τῷ
1731 4268 1868 4338 λαῷ.

285 4358 401 4427 Τῆς
455 4357 563 4428 γὰρ
615 4358 933 4429 ψαλμῳδίας
988 4358 1508 4429 κατασιγασθείσης·
1570 4362 1756 4433 ἐπειδὴ
1811 4363 1871 4417 τὸ

286 4448 431 4519 ἱερὸν
474 4449 652 4502 ἐκεῖνο
702 4446 993 4520 πρόσωπον
1039 4450 1097 4502 αί
1147 4449 1406 4521 παρθένοι
1458 4451 1865 4523 προσέϐλεψαν·

243 4519 256 4592 ί
283 4540 380 4597 καὶ
413 4539 446 4609 ἡ
478 4539 634 4609 σορὸς
663 4519 764 4611 ἤδη
790 4539 899 4593 τῶν
931 4541 1132 4608 γονέων
1163 4519 1600 4607 ἀπεκαλύπτετο,
1627 4544 1684 4596 ἐν
1770 4562 1868 4597 κα-

279 4628 542 4684 ταθέσθαι
580 4629 901 4700 δεδογμένον
930 4625 1020 4700 ἦν·
1058 4631 1186 4701 μιᾶς
1217 4647 1361 4695 τινος
1398 4631 1648 4697 ἀτάκτως
1670 4632 1868 4706 βοησά-

282 4737 382 4790 σης
409 4762 423 4787 ,
452 4721 534 4774 ὅτι
581 4720 761 4774 οὐκέτι
809 4724 948 4792 μετά
977 4722 1076 4792 τὴν
1105 4721 1254 4793 ὥραν
1284 4722 1488 4795 ταύτην
1534 4725 1595 4778 τὸ
1635 4725 1866 4792 θεοειδὲς

278 4812 441 4867 τοῦτο
484 4812 895 4883 προσϐλέψομεν
943 4813 1254 4883 πρόσωπον·
1302 4815 1378 4878 ὡς
1431 4818 1525 4869 καὶ
1571 4818 1629 4870 αί
1678 4818 1863 4873 λοιπαὶ

280 4904 543 4977 παρθένοι
585 4903 647 4956 τὸ
697 4903 810 4956 ῐσον
859 4903 975 4972 μετ’
1024 4904 1195 4973 αὐτῆς
1242 4905 1557 4978 ἐξεϐόησαν,
1602 4908 1864 4978 σύγχυσις

276 4996 513 5059 ἄτακτος
542 4994 640 5065 τὴν
678 4991 938 5047 εὔτακτον
980 4993 1194 5065 ἐκείνην
1218 4998 1312 5050 καὶ
1352 5000 1650 5072 ἱεροπρεπῆ
1681 5001 1862 5072 ψαλμ-

275 5086 443 5159 ῳδίαν
480 5086 686 5156 διέχεε,
736 5084 954 5138 πάντων
1003 5084 1139 5156 πρὸς
1190 5086 1287 5157 τὴν
1322 5089 1431 5142 τῶν
1476 5091 1757 5163 παρθένων
1783 5094 1860 5148 οι-

234 5178 252 5191 ’
278 5179 473 5251 μωγὴν
504 5176 959 5232 ὲπικλασθέντων.
982 5176 1160 5245 Μόγις
1180 5178 1237 5231 δέ
1267 5197 1394 5233 ποτε
1417 5184 1571 5253 ἡμῶν
1600 5184 1699 5255 τὴν
1733 5202 1857 5239 σιω..

277 5270 388 5343 πὴν
418 5271 792 5332 διανευόντων,
822 5268 918 5323 καὶ
949 5267 1046 5321 τοῦ
1076 5269 1314 5341 κήρυκος
1348 5273 1512 5345 εὐχὴν
1545 5276 1857 5348 ὑφηγουμέ-

277 5381 391 5429 νου,
426 5365 520 5418 καὶ
550 5364 648 5428 τὰς
680 5364 930 5435 συνήθεις
962 5363 1262 5428 ἐκϐοῶντος
1285 5368 1350 5437 τῇ
1408 5368 1704 5444 Ἐκκλησίᾳ
1747 5390 1856 5442 φω-

275 5456 394 5521 νὰς,
426 5454 659 5526 κατέστη
694 5455 829 5524 πρὸς
855 5456 915 5509 τὸ
947 5455 1131 5527 σχῆμα
1159 5456 1255 5528 τῆς
1286 5458 1449 5530 εὐχῆς
1479 5462 1508 5512 ό
1541 5461 1685 5527 λαός.

382 5741 406 5777 ⁸
435 5741 566 5798 Dan.
616 5758 699 5797 ut.

1984 3259 2116 3325 Quae
2145 3258 2368 3328 quidem
2404 3273 2603 3330 pompa
2627 3274 2739 3314 non
2763 3258 2986 3313 carebat
3024 3260 3308 3330 mysterio,
3364 3273 3488 3312 cum
3536 3274 3565 3311 a

1984 3349 2257 3420 principio
2313 3348 2381 3404 ad
2416 3349 2578 3405 finem
2643 3366 2819 3421 usque
2858 3352 3172 3406 decantatio
3231 3349 3564 3419 psalmorum

1981 3436 2167 3492 eadem
2196 3452 2331 3492 voce
2362 3437 2688 3508 triplieique
2713 3439 3034 3493 canentium
3058 3438 3275 3499 ordine,
3311 3440 3454 3493 sicut
3476 3440 3566 3494 ille

1980 3531 2145 3585 trium
2174 3545 2472 3599 puerorum
2511 3538 2707 3585 cantus
2732 3530 2776 3593 ⁵,
2809 3530 3209 3586 absolveretur.
3239 3518 3565 3585 Porro'cum

1980 3622 2126 3675 inter
2148 3635 2431 3676 secessum
2460 3629 2514 3676 et
2572 3628 2889 3677 sanctorum
2927 3629 3229 3693 martyrum
3259 3623 3452 3687 aedem,
3510 3623 3564 3677 in

1979 3728 2087 3782 qua
2120 3719 2412 3782 parentum
2455 3711 2620 3766 etiam
2652 3726 2887 3781 corpora
2930 3712 3314 3781 quiescebant,
3354 3723 3564 3783 septem

1978 3811 2217 3873 octoque
2247 3802 2651 3857 intercederent
2694 3802 2891 3867 stadia,
2923 3808 3096 3856 totum
3133 3817 3302 3872 prope
3337 3804 3479 3858 diem
3510 3805 3564 3860 in

1975 3910 2042 3952 eo
2074 3895 2255 3967 spatio
2291 3894 2635 3950 conficiendo
2671 3894 3153 3964 consumpsimus;
3207 3898 3567 3967 congredien-

1976 3990 2112 4043 tium
2138 3988 2284 4044 enim
2319 3986 2614 4042 multitudo
2642 4002 2765 4058 quae
2792 3986 3016 4043 assidue
3035 3988 3210 4058 magis
3239 3989 3562 4057 angebatur,

1975 4095 2088 4134 non
2129 4078 2343 4136 sinebat
2374 4093 2473 4133 nos
2528 4093 2594 4132 ex
2643 4079 2917 4134 sententia
2969 4079 3250 4149 progredi.
3308 4078 3414 4134 Sed
3468 4082 3561 4135 ubi

1973 4173 2120 4227 intra
2153 4170 2301 4225 fores
2358 4169 2545 4239 templi
2575 4170 2952 4233 constitimus,
3015 4169 3257 4235 demum,
3310 4173 3563 4241 deposito

1975 4260 2203 4323 feretro,
2272 4274 2374 4315 nos
2420 4258 2488 4313 ad
2558 4260 2931 4329 precationem
2983 4264 3399 4318 convertimus:
3441 4282 3562 4328 ιιιιιιε

1973 4352 2195 4422 quidem
2233 4350 2477 4421 precatio
2516 4350 2721 4420 populo
2756 4351 3259 4406 luctus‘materiam
3307 4355 3555 4422 praetulit.

1976 4436 2206 4493 Silentio
2244 4437 2388 4492 enim
2418 4438 2646 4507 psalmis
2686 4439 2953 4494 canendis
2990 4440 3266 4509 imposito,
3298 4456 3420 4493 cum
3464 4458 3556 4495 sa-
3593 4466 3601 4473 -

1975 4544 2124 4583 cram
2176 4530 2321 4583 illam
2355 4529 2587 4601 virginis
2656 4529 2850 4585 faciem
2885 4533 3248 4600 aspexissent,
3281 4543 3333 4586 et
3359 4548 3557 4601 paren-
3592 4524 3597 4535 ’

1974 4630 2089 4675 tum
2116 4623 2229 4692 jam
2262 4632 2410 4678 esset
2449 4622 2756 4691 patefactus
2785 4623 3051 4685 tumulus,
3081 4623 3134 4676 in
3198 4640 3358 4692 quem
3404 4625 3553 4681 illam

1972 4712 2393 4769 decreveramus
2432 4713 2656 4775 inferre,
2690 4728 2908 4781 unaque
2937 4729 3126 4769 earum
3158 4732 3260 4770 nos
3285 4725 3407 4786 post
3428 4734 3551 4772 eam

1973 4807 2164 4860 horam
2190 4806 2438 4861 divinum
2483 4804 2617 4858 illud
2651 4815 2818 4874 caput
2857 4822 2966 4861 non
3000 4808 3241 4877 amplius
3288 4818 3553 4878 spectatu-

1971 4915 2066 4954 ros
2103 4898 2477 4970 perturbatius
2513 4899 2877 4962 exclamante.
2926 4911 2980 4956 et
3011 4902 3242 4971 reliquis
3290 4902 3549 4973 deinceps

1968 4991 2276 5061 virginibus
2307 4990 2495 5047 eadem
2525 4992 2915 5050 vociferatione
2945 4995 3426 5064 subsequentibus,
3464 4997 3548 5051 iu-

1967 5082 2186 5137 condita
2223 5082 2470 5151 quaedam
2501 5083 2777 5149 confusio,
2806 5096 2954 5140 recte
2983 5088 3339 5142 constitutum
3371 5099 3424 5143 et
3455 5105 3546 5145 sa-

1966 5190 2119 5230 crum
2172 5176 2325 5229 illum
2353 5174 2685 5243 psalmorum
2712 5188 2933 5232 cantum
2965 5187 3048 5233 est
3069 5187 3363 5233 consecuta
3384 5198 3397 5234 :
3419 5195 3543 5235 nam

1963 5268 2232 5337 virginum
2268 5267 2418 5319 luctu
2451 5265 2610 5320 fracti
2645 5270 2889 5322 omnium
2930 5270 3094 5323 animi
3125 5271 3545 5326 commoveban-

1966 5369 2075 5414 tur.
2113 5357 2303 5429 ltaque
2333 5357 2492 5412 nobis
2547 5367 2680 5413 nutu
2732 5360 3009 5415 silentium
3049 5362 3457 5431 imperantibus
3488 5370 3545 5419 et

1963 5466 2216 5523 praecone
2246 5457 2526 5522 praeeunte
2553 5462 2606 5505 et
2641 5451 2834 5507 solitas
2868 5450 3130 5507 Ecclesia:
3175 5467 3338 5507 voces
3372 5454 3544 5507 incla-

1964 5552 2169 5608 mante,
2202 5544 2290 5600 vix
2324 5542 2544 5600 tandem
2572 5544 2808 5615 populus
2839 5559 2896 5601 se
2925 5544 2993 5599 ad
3033 5544 3370 5617 precandum
3401 5561 3546 5604 com-

1963 5636 2161 5710 posuit.
