4068 6154
502 345 610 403 995

1704 335 1761 389 S.
1797 329 2122 389 GREGORII
2159 328 2451 386 NYSSENI

3650 328 3749 386 996

572 454 840 508 Caeterum
880 447 1267 505 convenienter
1314 444 1461 504 facto
1510 447 1772 519 precandi
1822 448 1929 504 line
1984 461 2072 501 me

2243 446 2353 500 Καὶ
2375 442 2561 514 ἐπειδὴ
2591 442 2652 496 τὸ
2678 442 2886 513 πρέπον
2914 442 2948 513 ἡ
2979 440 3113 513 εὐχὴ
3147 441 3322 513 πέρας
3346 441 3562 507 ἔλαϐεν,
3595 442 3755 514 φόϐος

502 544 672 598 timor
714 541 936 611 quidam
994 538 1199 593 invasit
1260 539 1701 595 considerantem
1739 546 2073 608 praeceptum

503 635 659 695 illud,
696 648 803 703 quo
838 631 1197 702 prohibemur
1230 632 1402 700 patris
1431 640 1527 686 aut
1555 631 1747 685 matris
1783 628 2077 699 turpitudi-

503 742 624 780 nem
657 724 871 794 aperire
902 723 922 754 ⁸
949 742 962 776 :
1001 721 1099 776 «Et
1125 722 1423 793 quomodo,
1464 723 1705 793 inquam,
1726 723 1828 776 hoc
1856 736 1957 790 ego
1985 720 2075 789 ju-

502 817 703 871 dicium
735 815 1008 885 eﬂ‘ngiam,
1046 814 1091 870 si
1119 814 1174 869 in
1207 821 1495 884 parentum
1526 813 1852 882 corporibus
1888 810 2077 866 videro

502 922 848 963 communem
902 906 1155 960 humanae
1215 915 1425 959 naturae
1483 903 1898 974 turpitudinem,
1953 917 2074 956 cum

501 997 800 1051 verisimile
832 995 904 1051 sit
930 1010 992 1049 ea
1022 994 1265 1063 collapsa
1314 994 1701 1063 dissolutaque
1734 992 1800 1048 ad
1857 999 2074 1062 turpem

501 1096 554 1141 et
585 1087 919 1140 inconditam
942 1084 1262 1154 pervenisse
1303 1084 1734 1140 deformitatem.
1766 1102 1784 1135 ι
1835 1082 1960 1137 Haec
1983 1098 2079 1136 au-

502 1190 609 1234 tem
647 1179 780 1232 mihi
834 1178 1101 1248 cogitanti
1162 1176 1511 1231 formidinem
1565 1176 1721 1230 auxit
1773 1174 2078 1245 indignatio

433 1277 444 1307 ·’
507 1270 702 1335 Noe",
741 1269 906 1339 cujus
973 1268 1207 1323 historia
1263 1284 1347 1324 me
1377 1269 1506 1339 quid
1551 1268 1694 1323 facto
1740 1282 1880 1338 Opus
1934 1278 2080 1322 esset

501 1365 809 1417 admonuit.
892 1426 907 1445 ἃ

574 1454 899 1523 Priusquam
928 1453 1096 1524 igitur
1139 1467 1371 1524 corpora
1431 1452 1636 1507 nostris
1689 1451 1867 1506 oculis
1894 1457 2079 1505 essent

501 1546 772 1615 exposita,
837 1560 971 1616 pura
1026 1547 1257 1602 sindone
1336 1553 1528 1616 operta
1585 1552 1757 1599 sunt:
1794 1557 1919 1596 nam
1951 1556 2076 1597 cum

501 1640 824 1707 operculum
905 1646 1053 1693 esset
1140 1639 1418 1693 sublatum
1485 1652 1548 1691 ex
1624 1647 1855 1705 utraque
1925 1641 2080 1703 parte

505 1744 757 1792 summa,
851 1728 1080 1783 linteum
1158 1728 1422 1797 injectum
1501 1737 1585 1782 est
1646 1746 1659 1782 :
1711 1742 1821 1796 quo
1913 1725 2080 1779 linteo

2182 536 2252 606 μέ
2282 552 2370 599 τις
2395 533 2495 604 τῆς
2526 533 2677 596 θείας
2703 531 2923 602 ἐντολῆς
2952 533 3286 604 εἰσέρχεται,
3319 535 3417 603 τῆς
3445 533 3753 604 κωλυούσης

2179 627 2384 699 πατρὸς
2437 626 2470 696 ἢ
2497 625 2700 697 μητρὸς
2729 623 3133 678 ἀνακαλύπτειν
3157 624 3564 695 ἀσχημοσύνην.
3599 643 3619 675 ι
3651 626 3755 678 Καὶ

2177 717 2295 781 πῶς
2314 757 2328 780 ,
2358 717 2492 788 ἔφην
2521 715 2652 784 ἐγὼ,
2689 715 2793 779 ἔξω
2828 713 2923 769 τοῦ
2954 714 3196 769 τοιούτου
3230 717 3529 785 γενήσομαι
3557 715 3754 787 κρίμα-

2177 823 2297 870 τος,
2332 807 2390 858 ἐν
2421 808 2531 868 τοῖς
2560 803 2669 857 τῶν
2697 803 2900 872 γονέων
2934 804 3150 874 σώμασι
3186 803 3399 873 βλέπων
3437 804 3535 873 τὴν
3576 804 3753 877 κοινὴν

2177 898 2276 969 τῆς
2309 896 2655 969 ἀνθρωπίνης
2689 896 2904 965 φύσεως
2932 895 3336 966 ἀσχημοσύνηψ
3378 897 3751 951 διαπεπτωκόο

2177 1005 2306 1051 των,
2337 988 2413 1053 ὡς
2433 989 2601 1053 εἰκὸς,
2630 989 2723 1042 καὶ
2746 986 3166 1058 διαλελυμένων,
3197 988 3292 1042 καὶ
3316 990 3393 1051 εἰς
3419 989 3631 1059 εἰδεχθῆ
3666 996 3741 1046 καί

2178 1080 2507 1151 δυσάντητον
2529 1080 2803 1151 ἀμορφίαν
2831 1079 3298 1150 μεταϐληθὲντωνς
3338 1100 3355 1131 ι
3384 1081 3569 1134 Ταῦτα
3591 1082 3647 1134 δέ
3669 1099 3754 1152 μοι

2178 1174 2528 1245 λογιζομένῳ,
2564 1174 2658 1226 καὶ
2687 1173 2787 1241 τῆς
2818 1172 2912 1226 τοῦ
2952 1172 3079 1226 Νῶε
3117 1174 3258 1235 κατὰ
3283 1172 3377 1226 τοῦ
3406 1174 3596 1237 παιδὸς
3625 1177 3755 1243 ἀγα-

2179 1266 2493 1336 νακτήσεως
2526 1267 2901 1334 ἐπιτεινούσης
2932 1264 3022 1318 τὸν
3066 1264 3250 1333 φόϐον,
3300 1265 3661 1334 συμϐουλεύει
3696 1268 3756 1322 τὸ

2180 1364 2454 1435 πρακτέον
2483 1365 2515 1433 ὴ
2547 1363 2756 1434 ἱστορία
2783 1364 2877 1417 τοῦ
2904 1362 3047 1417 Νῶε.

2263 1456 2639 1526 Ἐπεκαλύιρθη
2675 1456 2783 1527 γὰρ
2817 1456 3011 1510 σινδόνι
3042 1456 3295 1527 καθαρᾷ,
3322 1458 3450 1527 πρὶν
3480 1458 3534 1509 ἐν
3565 1457 3760 1524 ὀφθαλ-

2183 1551 2305 1619 μοῖς
2346 1548 2502 1619 ἡμῶν
2551 1548 2803 1615 γενέσθαι
2848 1548 2916 1601 τὰ
2964 1546 3189 1619 σώματα
3245 1551 3308 1619 τῇ
3354 1547 3446 1599 τοῦ
3505 1548 3761 1618 πώματος

2180 1641 2430 1712 ὲπάρσει,
2462 1640 2583 1694 καθ’
2612 1640 2869 1712 ἑκάτερον
2896 1640 3062 1712 ἄκρον
3087 1639 3187 1710 τῆς
3214 1640 3448 1703 σινδόνος
3473 1640 3762 1694 ἀντεισιού-

2181 1747 2314 1802 σης·
2351 1731 2444 1783 καὶ
2472 1728 2646 1794 οὕτως
2677 1729 3134 1801 ὑποκρυφθέντων
3178 1733 3244 1801 τῇ
3279 1730 3477 1784 σινδόνι
3513 1731 3622 1783 τῶν
3657 1748 3760 1785 σω-

501 1821 768 1876 contectis
838 1829 1124 1890 parentum
1200 1820 1552 1888 corporibus,
1648 1833 1750 1889 ego
1803 1826 1856 1871 et
1899 1817 2079 1886 regio-

2184 1791 2381 1901 μάτων
2405 1791 2670 1891 ἀράμενοι
2719 1791 2834 1891 τῆς.
2851 1791 3040 1892 κλίνης
3079 1821 3140 1874 τὸ
3178 1791 3320 1892 ἱερὸν
3354 1822 3529 1875 ἐκεῖνο
3562 1822 3716 1892 σῶμα
3741 1864 3757 1886 ,

500 1914 591 1968 nis
645 1913 940 1981 epierpus
996 1911 1107 1976 ille,
1131 1909 1293 1979 cujus
1338 1912 1669 1964 mentionem
1704 1908 1826 1970 feci,
1878 1921 2078 1976 corpus

498 2020 532 2060 ο
561 2005 758 2059 feretro
783 2005 1034 2059 tollentes
1059 2004 1216 2072 juxta
1247 2014 1473 2058 matrem
1510 2002 1886 2072 apposuimus,
1913 2011 2079 2070 atque

500 2097 575 2150 ita
612 2104 794 2149 votum
833 2097 1118 2164 utriusque
1146 2095 1545 2165 complevimus
1572 2112 1585 2147 :
1618 2108 1728 2147 uno
1752 2092 1899 2147 enim
1954 2106 2076 2146 con-

500 2201 663 2242 sensu
702 2201 917 2256 semper
942 2193 1234 2256 oraverant
1256 2185 1448 2251 Deum,
1498 2195 1555 2238 ut
1583 2183 1910 2253 corporibus
1955 2191 2079 2251 post

500 2286 734 2331 mortem
766 2278 1182 2347 copularentur,
1214 2284 1274 2331 ut
1327 2291 1449 2347 quae
1505 2275 1648 2330 inter
1687 2275 1834 2343 ipsas
1901 2272 2080 2327 fuerat

498 2369 623 2423 vitm
647 2368 984 2438 conjunctio,
1015 2384 1083 2423 ne
1140 2368 1195 2422 in
1242 2369 1359 2439 ipsa
1385 2366 1603 2437 quidem
1678 2373 1855 2419 morte
1880 2362 2080 2418 dissol-

497 2469 740 2514 veretur.
1635 2455 1651 2468 ⁸

569 2549 704 2603 Cum
739 2559 919 2604 autem
950 2549 1115 2619 justis
1145 2547 1388 2619 legitime
1431 2548 1666 2617 peractis
1713 2543 2078 2600 recedendum

498 2650 670 2705 esset,
707 2651 1022 2712 prostratus
1074 2622 1147 2695 ad
1199 2642 1469 2695 tumulum
1500 2647 1554 2693 et
1589 2638 1869 2708 pulverem
1916 2651 2082 2691 oscu-

502 2737 674 2798 iatus,
740 2736 920 2790 tristis
952 2744 1005 2790 et
1059 2735 1370 2804 lacrymans
1405 2731 1777 2798 discedeham,
1834 2731 2083 2801 cogitans

501 2834 706 2895 quanto
741 2827 885 2881 bono
922 2828 1033 2880 vita
1070 2837 1216 2882 esset
1249 2826 1462 2879 orhata.
1496 2821 1630 2878 Cum
1662 2823 1794 2877 mihi
1851 2824 1904 2877 in
1958 2823 2079 2892 ipso

501 2921 698 2975 itinere
728 2919 811 2971 vir
843 2916 1068 2987 quidam
1107 2915 1342 2970 illustris
1392 2918 1447 2968 in
1480 2930 1541 2968 re
1592 2912 1840 2978 militari,
1890 2913 1984 2982 qui
2022 2913 2077 2965 in

500 3014 726 3068 civitate
754 3010 937 3075 Ponti,
970 3008 1056 3063 cui
1094 3022 1293 3061 nomen
1341 3004 1622 3075 Augustzc,
1655 3003 1762 3057 dux
1802 3003 2082 3059 exercitus

500 3114 642 3167 erat,
679 3104 866 3157 audita
925 3100 1259 3163 calamitate,
1297 3105 1463 3168 atque
1486 3112 1630 3167 aegre
1692 3094 1895 3161 ferens,
1953 3110 2077 3149 cum
2109 3124 2151 3181 ο

504 3196 743 3252 subditis
783 3191 1096 3247 humaniter
1147 3187 1366 3243 obviam
1425 3184 1714 3257 processit.
1767 3183 1897 3237 Erat
1934 3183 2082 3239 enim

502 3288 665 3343 nobis
692 3293 746 3340 et
796 3282 1082 3353 sanguinis
1112 3289 1167 3335 et
1193 3279 1448 3334 amicitiae
1483 3278 1889 3334 necessitudine
1951 3292 2088 3332 con-

500 3378 724 3446 juuctus
746 3394 757 3429 :
779 3376 867 3428 hic
897 3372 1029 3425 mihi
1063 3371 1130 3425 de
1163 3371 1280 3440 ipsa
1312 3370 1635 3424 miraculum
1655 3368 1915 3431 narravit,
1937 3366 2085 3437 quod

506 3485 674 3524 unum
710 3468 1019 3535 a-Yjungens
1051 3462 1297 3518 historia:
1333 3461 1528 3515 faciam
1582 3458 1857 3515 scribendi
1893 3460 2077 3513 linem.

502 3559 717 3617 Etenim
743 3572 868 3613 cum
903 3554 1158 3626 lacrymis
1186 3552 1407 3606 modum
1441 3550 1788 3613 adhibentes,
1838 3547 2080 3617 colloqui

502 3654 793 3722 cmpinius,
825 3649 918 3702 ille
951 3645 1019 3701 ad
1052 3661 1160 3709 me,
1192 3664 1209 3695 ι
1236 3643 1397 3708 Audi,
1453 3642 1655 3712 inquit,
1697 3640 1860 3711 quale
1904 3655 2082 3709 quan-

502 3753 731 3813 tumque
775 3742 977 3795 bonum
1013 3735 1269 3808 migravit
1293 3750 1324 3790 e
1351 3735 1515 3797 vita,»
1563 3742 1728 3803 atque
1773 3731 1850 3786 ita
1876 3746 2085 3786 sermo-

505 3854 626 3892 110111
652 3849 885 3891 οχονειιε
914 3840 1020 3886 85L

504 3928 760 3998 ἔστημεν,
800 3943 819 3975 ι
860 3924 1099 3983 Ἄκουε,
1148 3917 1314 3987 φησὶ,
1348 3915 1486 3985 πρός
1535 3930 1602 3984 με
1658 3913 1833 3983 λέγων
1899 3916 2127 3980 ἐκεῖνος,

2180 1910 2290 1979 ὲγώ
2329 1928 2389 1964 τε
2422 1913 2517 1965 καὶ
2564 1912 2593 1964 ὁ
2639 1911 3033 1983 μνημονευθεὶς
3069 1913 3177 1966 τῶν
3213 1913 3394 1967 τόπων
3428 1914 3755 1977 ἐπίσκοπος,

2179 2005 2245 2074 τῇ
2274 2003 2444 2074 μητρὶ
2466 2004 3035 2076 παρακατεκλίναμεν,
3064 2003 3247 2075 κοινὴν
3273 2004 3605 2075 ἀμφοτέραις
3635 2006 3763 2076 πλη·

2182 2092 2400 2165 ροῦντες
2425 2093 2608 2165 εὐχήν.
2636 2095 2805 2148 Τοῦτο
2830 2095 2939 2165 γὰρ
2959 2094 3110 2167 παρά
3138 2097 3319 2148 πᾶσαν
3340 2095 3435 2166 τὴν
3459 2095 3600 2165 ζωὴν
3626 2113 3761 2166 συμ-

2182 2183 2372 2254 φώνως
2426 2186 2732 2257 ἀμφότεραι
2779 2186 2869 2239 τὸν
2920 2187 3051 2240 Θεὸν
3081 2186 3340 2259 ᾐτοῦντο,
3389 2188 3762 2259 ἀνακραθῆναι

2184 2277 2321 2347 μετά
2345 2277 2437 2331 τὸν
2473 2277 2703 2332 θάνατον
2727 2277 2983 2349 ἀλλήλαις
3007 2279 3076 2332 τὰ
3100 2279 3353 2350 σώματα,
3377 2280 3469 2332 καὶ
3494 2279 3593 2351 τὴν
3621 2281 3763 2334 κατά

2181 2367 2272 2420 τὸν
2318 2366 2433 2438 βίον
2473 2369 2531 2420 ὲν
2570 2371 2636 2440 τῇ
2683 2369 2795 2440 ζωῇ
2838 2368 3121 2422 κοινωνίαν
3172 2369 3307 2440 μηδὲ
3337 2370 3396 2422 ὲν
3440 2369 3517 2440 τῷ
3549 2368 3764 2441 θανάτῳ
3818 2442 3825 2445 _

2180 2457 2578 2529 διαζευχθῆναι.

2265 2547 2420 2603 Ἐπεὶ
2445 2549 2502 2602 δὲ
2540 2549 2718 2603 πάντα
2748 2552 2879 2621 ἡμῖν
2911 2549 2979 2603 τὰ
3009 2552 3067 2602 ὲν
3095 2552 3161 2622 τῇ
3188 2550 3378 2621 κηδείᾳ
3400 2552 3763 2621 νενομισμένα

2182 2639 2539 2711 πεπλήρωτο,
2571 2640 2666 2694 καὶ
2703 2639 2807 2693 ἔδει
2842 2640 3003 2694 πάλιν
3050 2641 3150 2710 τῆς
3187 2641 3446 2695 ἐπανόδου
3477 2642 3764 2709 γενέσθαι,

2181 2732 2466 2787 ἐπιπεσὼν
2495 2732 2572 2803 τῷ
2598 2732 2772 2803 τάφῳ,
2802 2733 2897 2785 καὶ
2923 2732 3021 2802 τὴν
3058 2733 3204 2785 κόνιν
3248 2733 3659 2803 ἀσπασάμενος,
3691 2736 3764 2787 εἰ-

2183 2825 2358 2895 χόμην
2387 2824 2551 2877 πάλιν
2579 2824 2682 2893 τῆς
2707 2823 2827 2877 ὁδοῦ
2855 2825 3105 2895 κατηφής
3126 2841 3184 2876 τε
3216 2824 3310 2877 καὶ
3338 2824 3759 2896 δεδακρυμνος,

2182 2916 2548 2986 λογιζόμενος,
2582 2916 2708 2969 ὅσου
2739 2915 2945 2983 ἀγαθοῦ
2977 2915 3259 2986 διεζεύχθη
3290 2918 3318 2969 ὁ
3348 2915 3479 2986 βίος.
3518 2917 3673 2970 Κατᾶ
3704 2918 3766 2969 δὲ

2182 3008 2282 3078 τὴν
2308 3006 2426 3061 ὁδὸν
2458 3006 2599 3078 ἀνήρ
2630 3023 2714 3071 τις
2753 3006 2863 3060 τῶν
2893 3009 2952 3060 ὲν
2983 3008 3239 3078 στρατείᾳ
3270 3006 3559 3077 λαμπρῶν,
3602 3026 3766 3078 στραο

2184 3100 2438 3170 τιωτικὴν
2479 3100 2775 3171 ἠγεμονίαν
2816 3098 2954 3169 ἔχων
3001 3100 3108 3154 τῶν
3149 3101 3207 3152 ὲν
3251 3099 3476 3171 πολίχνη
3521 3100 3627 3152 τινὶ
3658 3100 3768 3153 τῶν

2188 3189 2331 3245 κατά
2362 3189 2453 3244 τὸν
2485 3190 2707 3252 Πόντον,
2738 3184 2773 3265 ᾗ
2805 3189 3197 3254 Σεϐαστόπολις
3229 3190 3399 3261 ὄνομα
3423 3232 3439 3255 ,
3493 3190 3632 3261 μετὰ
3662 3190 3770 3245 τῶν

2189 3280 2450 3353 ὑπηκόων
2501 3279 2948 3352 ἐνδιαιτώμενος,
2996 3282 3276 3353 ἀπήντησέ
3320 3299 3380 3335 τε
3433 3282 3770 3351 φιλοφρόνως

2186 3370 2306 3423 κατ’
2338 3370 2509 3441 αὐτὴν
2551 3368 2851 3440 γενομένῳ,
2892 3370 2987 3423 καὶ
3025 3370 3125 3440 τὴν
3174 3372 3459 3443 συμφορὰν
3505 3371 3769 3436 ἀκούσας,

2183 3460 2277 3513 καὶ
2311 3460 2560 3529 χαλεπῶς
2586 3459 2826 3524 ἐνεγκὼν
2848 3456 2945 3531 ’(ἦν
2966 3461 3073 3533 γάρ
3104 3462 3167 3533 δὴ
3195 3462 3305 3515 τῶν
3335 3464 3399 3517 ἐκ
3426 3465 3617 3532 γένους
3640 3469 3771 3539 ἡμῖν

2183 3550 2397 3603 οἰκείων
2417 3567 2476 3602 τε
2506 3551 2601 3603 καὶ
2622 3550 2985 3621 ἐπιτηδείων),
3013 3552 3319 3623 προσέθηκέ
3342 3553 3432 3624 μοί
3449 3572 3502 3609 τι
3527 3556 3773 3627 διήγημα

2187 3640 2281 3695 τοῦ
2312 3641 2430 3695 κατ’
2466 3641 2635 3713 αὐτὴν
2664 3641 2971 3713 θαύματος,
2999 3643 3027 3695 ὃ
3063 3642 3128 3714 δὴ
3160 3643 3255 3696 καὶ
3286 3643 3449 3715 μόνον
3484 3647 3771 3717 ὲγγράιῖιας

2188 3735 2254 3805 τῇ
2311 3732 2562 3804 ἱστορίᾳ,
2616 3735 2952 3789 καταπαύσω
2999 3735 3097 3806 τὴν
3148 3738 3493 3806 συγγραφήν.
3551 3739 3771 3811 Ἐπειδὴ

2188 3824 2296 3893 γὰρ
2333 3822 2688 3894 ἐπαυσάμεθα
2715 3822 2822 3877 τῶν
2847 3824 3118 3895 δακρύων,
3155 3825 3250 3879 καὶ
3280 3825 3361 3890 είς
3392 3826 3607 3897 ὁμιλίαν
3640 3844 3774 3883 κατ-

2201 3909 2344 3981 οἷον,
2397 3916 2489 3969 καὶ
2536 3916 2660 3970 ὅσον
2705 3916 2908 3986 ἀγαθὸν
2965 3917 3064 3988 τῆς
3115 3917 3460 3991 ἀνθρωπίνης
3534 3920 3771 3992 μετέστη

503 4016 671 4088 ζωῆς.
703 4036 722 4068 ι
758 4016 867 4069 Καὶ
892 4012 1064 4066 ταῦτα
1091 4008 1282 4076 εἰπὼν,
1311 4007 1482 4071 οὕτως
1504 4007 1730 4079 ἄρχεται
1757 4006 1850 4061 τοῦ
1879 4008 2239 4080 διηγήματοςυ

582 4128 600 4160 ι
629 4108 819 4179 Magna
854 4106 984 4159 mihi
1016 4103 1286 4173 uxorique
1329 4116 1463 4156 meze
1494 4099 1771 4171 quondam
1806 4100 2083 4171 cupiditas

505 4199 704 4258 incidit
731 4197 950 4253 videndi
987 4197 1208 4252 virtutis
1230 4194 1602 4266 gymnasium.
1639 4192 1730 4247 Sic
1762 4195 1965 4256 enim,»
2001 4195 2084 4247 in-

2259 4120 2279 4152 c
2321 4101 2570 4171 Ἐγένετό
2593 4117 2679 4166 τις
2702 4101 2834 4172 ⁴ἡμῖν
2868 4101 3133 4174 ἐπιθυμία
3165 4103 3295 4157 ποτὲ
3325 4106 3391 4175 τῇ
3430 4108 3643 4177 γαμετῇ
3677 4107 3771 4160 καὶ

2183 4194 2305 4265 ἐμοὶ
2334 4194 2683 4259 καταλαϐεῖν,
2714 4194 2855 4248 κατὰ
2884 4196 3140 4267 σπουδὴν,
3173 4196 3235 4250 τὸ
3258 4197 3355 4267 τῆς
3385 4198 3588 4269 ἀρετῆς
3619 4216 3774 4272 φρον-

507 4296 648 4365 quit,
680 4313 697 4344 ι
740 4293 920 4346 locum
981 4289 1134 4342 illum
1200 4287 1257 4341 in
1307 4300 1419 4356 quo
1471 4284 1667 4341 beatus
1720 4284 1812 4338 ille
1869 4285 2084 4339 animus

2184 4286 2478 4357 τιστήριον.
2526 4285 2684 4339 Οὕτω
2725 4286 2836 4357 γὰρ
2887 4284 3041 4357 οἶμαι
3093 4287 3315 4359 χρῆναι,
3346 4307 3365 4340 ι
3413 4290 3582 4360 φησὶ,
3623 4309 3644 4342 ι
3679 4290 3772 4344 τὸν

507 4386 760 4456 degebat,
819 4378 1207 4452 appellandum
1261 4391 1384 4432 esse
1446 4376 1725 4440 arbitror;
1797 4374 2084 4430 nobiscum

2184 4377 2360 4449 χῶρον
2402 4379 2610 4431 ἐκεῖνον
2637 4377 3128 4449 κατονομάζεσθαι,
3163 4398 3182 4430 ι
3214 4380 3275 4433 ὲν
3303 4372 3348 4448 ᾦ
3369 4381 3466 4451 τὴν
3495 4381 3772 4453 διαγωγὴν

509 4485 691 4532 autem
723 4482 842 4530 erat
873 4473 1064 4535 filiola,
1097 4470 1258 4540 cujus
1286 4469 1507 4523 oculum
1540 4483 1604 4521 ex
1636 4466 1917 4536 pestilenti
1940 4481 2084 4521 mor-

2190 4466 2333 4540 εἶχεν
2363 4470 2396 4540 ἡ
2435 4469 2679 4540 μακαρία
2721 4469 2891 4541 ψυχή’
2930 4470 3094 4542 συνῆν
3118 4470 3177 4525 δὲ
3205 4472 3337 4542 ἡμῖν
3371 4472 3467 4525 καὶ
3511 4472 3573 4527 τὸ
3603 4472 3772 4543 θυγά-

510 4569 581 4624 bo
611 4565 897 4621 calamitas
933 4567 1256 4631 occuparat,
1307 4557 1445 4613 adeo
1486 4565 1547 4611 ut
1606 4556 1843 4611 obducta
1902 4559 2084 4612 tunica

2192 4527 2360 4630 τρίον,
2476 4553 2520 4627 ᾧ
2547 4527 2631 4623 τίς
2659 4527 3382 4633 ὲκσλόίμώδουςιάῤῥωστίας
3422 4563 3623 4635 συνέϐη
3649 4527 3775 4634 περὶ

510 4660 661 4715 circa
700 4657 984 4728 pupillam,
1020 4657 1422 4719 contractaque
1457 4648 1646 4703 albore
1694 4645 1896 4701 fmdum
1948 4652 2084 4700 esset

2189 4652 2280 4705 τὸν
2309 4650 2584 4721 ὀφθαλμὸν
2617 4653 2891 4723 συμφορά·
2924 4652 3015 4706 καὶ
3049 4648 3119 4722 ἦν
3158 4652 3340 4724 θέαμα
3376 4654 3652 4727 είδεχθὲς,
3679 4656 3772 4709 καὶ

511 4748 997 4816 miserandumque
1023 4742 1422 4815 spectaculum.
1458 4738 1708 4793 Divinam
1751 4737 2084 4808 igiturillam

2192 4742 2451 4808 ἐλεεινὸν,
2499 4743 2861 4814 παχυνθέντος
2901 4743 2994 4796 τοῦ
3027 4744 3155 4815 περὶ
3183 4744 3282 4816 τὴν
3321 4745 3491 4816 κόρην
3522 4747 3772 4818 χιτῶνος,

510 4847 733 4901 domum
775 4839 1030 4911 ingressi,
1057 4837 1133 4891 ita
1172 4834 1410 4906 separati
1448 4847 1642 4889 sumus
1680 4832 1735 4886 in
1764 4846 1830 4886 eo
1876 4831 2095 4900 sapien-

512 4937 602 4991 tiae
637 4933 950 4987 vacantium
990 4930 1132 4994 loco,
1194 4938 1255 4983 ut
1314 4942 1415 4998 ego
1457 4926 1677 4997 quidem
1733 4924 2090 4990 diverterem,

515 5029 607 5083 ubi
641 5025 962 5080 habitabant
988 5021 1116 5086 viri,
1165 5021 1369 5090 quibus
1401 5026 1634 5088 praeerat
1662 5016 1862 5073 Petrus
1918 5015 2091 5071 frater

518 5135 665 5182 tuus,
700 5121 792 5173 illa
823 5118 1177 5171 autemintus
1201 5114 1290 5168 ubi
1310 5119 1468 5166 erant
1496 5111 1762 5182 virgines,
1785 5126 1907 5165 cum
1929 5124 2091 5164 sanc—

517 5226 568 5270 ta
607 5212 847 5268 Macrina
879 5215 1213 5264 versaretur.
1254 5204 1353 5261 Hic
1370 5220 1492 5258 cum
1518 5204 1913 5274 aliquantulum
1943 5216 2094 5257 esse-

517 5325 639 5364 mus
675 5302 1022 5364 commorati,
1062 5308 1278 5370 tempus
1329 5313 1451 5354 esse
1496 5297 1754 5352 duximus
1803 5304 1861 5349 ut
1912 5295 2093 5350 disce—

518 5400 797 5455 dercmus.
825 5392 1055 5463 Jamque
1115 5391 1424 5445 discessum
1468 5388 1901 5451 adornabamus,
1966 5401 2090 5441 cum

519 5486 777 5556 utrinque
800 5481 962 5537 nobis
1004 5486 1238 5533 humana
1268 5478 1515 5548 quaedam
1540 5479 1626 5533 vis
1650 5477 1799 5531 illata
1822 5485 1929 5532 est.
1953 5474 2091 5530 Nam

519 5583 573 5630 et
611 5574 780 5629 frater
810 5582 935 5627 tuus
958 5569 1360 5639 mihijuhebat,
1390 5578 1450 5623 ut
1484 5584 1762 5624 manerem
1795 5578 1849 5625 et
1875 5568 2094 5626 studio—

630 5750 654 5782 ⁶
690 5748 862 5804 Levit.
901 5765 1056 5804 xvut.
1131 5751 1149 5781 ⁷
1191 5748 1325 5803 Gen.
1360 5764 1435 5801 ix.

2192 4836 2286 4888 καὶ
2332 4837 2396 4888 ὲκ
2444 4834 2537 4888 τοῦ
2581 4833 2786 4899 πάθους
2829 4834 3328 4900 ὑπολευκαίνοντος.
3390 4837 3480 4901 Ὠς
3523 4838 3583 4890 δὲ
3628 4838 3778 4900 ἐντὸς

2190 4920 2332 4996 ἦμεν
2365 4928 2461 4996 τῆς
2495 4925 2642 4988 θείας
2675 4924 2889 4996 ἐκείνης
2924 4925 3204 4995 διαγωγῆς
3227 4963 3242 4990 ,
3287 4926 3588 4998 διελόμενοι
3637 4927 3783 4981 κατὰ

2187 5019 2344 5087 γένος
2367 5019 2464 5087 τὴν
2486 5018 2773 5087 ἐπίσκεψιν
2800 5017 2910 5070 τῶν
2941 5019 3000 5071 ὲν
3027 5017 3105 5088 τῷ
3134 5019 3285 5089 τόπῳ
3318 5017 3780 5087 φιλοσοφούντων,

2188 5108 2301 5179 ἐγώ
2318 5127 2377 5163 τε
2402 5111 2494 5165 καὶ
2516 5112 2549 5181 ἠ
2572 5110 2837 5181 όμόζυγος
2860 5125 2873 5139 °
2900 5109 3011 5179 ἐγὼ
3031 5111 3131 5181 μὲν
3160 5113 3219 5164 ὲν
3241 5109 3317 5180 τῷ
3346 5109 3581 5181 ἀνδρῶνι
3609 5112 3781 5182 ήμην,

2189 5196 2263 5257 ὧν
2295 5202 2588 5273 καθηγείτο
2617 5204 2824 5275 Πέτρος
2855 5206 2883 5257 ὁ
2916 5203 3008 5268 σὸς
3036 5203 3264 5273 ἀδελφός
3284 5221 3297 5234 ο
3335 5205 3370 5274 ή
3403 5203 3460 5258 δὲ
3492 5203 3591 5257 τοῦ
3642 5187 3791 5272 παρέ

2191 5296 2420 5360 θενῶνος
2449 5296 2599 5361 ἐντὸς
2624 5297 2890 5368 γενομένη
2919 5301 2985 5368 τῇ
3031 5296 3189 5368 Ἀγίᾳ
3222 5296 3389 5364 συνῆν
3414 5313 3426 5325 ·
3462 5297 3785 5367 συμμέτρου

2194 5388 2251 5442 δὲ
2277 5388 2654 5459 διαγενομένου
2694 5392 2751 5442 ἐν
2791 5387 2868 5459 τῷ
2899 5388 3103 5459 μεταξὺ
3140 5388 3546 5458 διαστήματος,
3588 5387 3788 5457 καιρὸν

2200 5476 2337 5534 εἶναι
2373 5478 2468 5534 τοῦ
2497 5481 2803 5552 ἀποχωρεῖν
2844 5480 2943 5550 τῆς
2977 5479 3232 5549 ἐσχατιᾶς
3265 5478 3427 5532 πάλιν
3460 5478 3786 5549 ἐκρίναμεν

2200 5573 2293 5626 καὶ
2339 5572 2439 5644 ήδη
2474 5572 2607 5644 πρὸς
2634 5570 2787 5625 τοῦτο
2822 5564 2889 5643 ἦν
2917 5569 3075 5641 ἡμῶν
3118 5571 3153 5641 ή
3202 5569 3371 5641 ὁρμὴ,
3407 5568 3708 5639 σύμφωνος
3730 5567 3789 5623 δὲ
