4068 6154
491 314 601 374 999

1713 309 2061 367 S.-GREGOF

2165 306 2454 364 NYSSENI
3458 308 3461 311 λ
3608 307 3706 373 ’800

489 440 604 487 tum
631 431 733 503 ipsi
758 439 987 502 possunt
1013 428 1242 492 edicere,
1271 433 1505 482 credunt
1533 442 1597 482 ea
1628 442 1747 498 qua:
1777 428 2054 493 dicuntur,

2165 427 2337 497 μέτρα
2349 426 2411 478 τὸ
2428 423 2615 479 πιστὸν
2632 424 2689 476 ὲν
2705 425 2816 487 τοῖς
2828 422 3142 494 λεγομένοις
3156 422 3422 494 κρίνουσιο
3437 421 3498 475 τὸ
3509 422 3563 477 δὲ
3576 424 3713 499 tuap-

488 539 609 594 quae
632 539 758 579 vero
791 522 1059 575 audientis
1094 527 1354 591 superant
1401 522 1565 584 vires,
1596 528 1857 590 tanquam
1891 536 1921 573 a
1960 538 2063 577 re.

487 619 649 669 ritate
695 621 900 667 remota
933 611 1201 667 mendacii
1250 602 1657 682 suspicionibus
1690 612 2053 667 insectantur.

486 704 722 758 Proinde
755 702 1060 757 mirandam
1095 703 1240 756 illam
1285 703 1340 756 in
1377 703 1605 773 penuria
1644 711 1698 758 et
1730 705 1871 758 fame
1908 703 2055 772 agri-

486 798 754 851 culturam
798 796 1171 864 praetermitto.
1203 795 1486 861 Quomodo
1516 795 1569 849 in
1600 810 1895 865 pauperum
1926 811 2056 850 usus

486 886 790 955 projectum
818 886 1173 946 frumentum,
1212 900 1311 938 nec
1338 885 1464 938 dum
1493 884 1933 951 distribueretur,
1959 900 2057 940 nec

484 985 629 1046 post,
666 976 1010 1029 imminutum
1039 976 1128 1040 sit,
1164 976 1258 1030 sed
1285 976 1472 1030 eadem
1509 991 1763 1030 mensura
1802 992 2058 1031 numero-

485 1084 591 1139 que
634 1069 1038 1138 permanserit:
1072 1067 1287 1137 aliaque
1342 1067 1428 1122 his
1476 1069 1633 1138 longe
1681 1066 1854 1138 magis
1888 1068 2058 1123 admi-

485 1158 677 1224 randa,
733 1160 1044 1213 morborum
1092 1160 1422 1223 curationes,
1476 1161 1824 1230 expulsiones
1858 1161 2059 1215 daemo-

484 1266 615 1303 num
645 1258 701 1304 et
724 1265 879 1304 veras
911 1248 1218 1304 futurorum
1251 1251 1664 1320 praedictiones:
1687 1267 1808 1321 qua:
1837 1251 2056 1321 quidem

483 1341 667 1394 omnia
724 1340 791 1395 iis
855 1342 947 1409 qui
1002 1341 1288 1411 diligenter
1332 1343 1722 1412 explorarunt,
1771 1357 1898 1396 vera
1936 1357 2058 1396 esse

484 1440 720 1492 constat,
758 1432 898 1488 .licet
940 1431 1100 1485 ﬁdem
1152 1448 1412 1502 superare
1453 1433 1762 1498 videantur,
1796 1447 1898 1487 nec
1942 1432 2056 1485 fieri

485 1521 728 1590 potuisse
757 1521 1074 1590 iudicentur
1109 1523 1176 1577 ab
1218 1522 1307 1587 iis,
1339 1540 1430 1593 qui
1469 1522 1624 1577 carni
1653 1523 1826 1593 magis
1856 1521 2057 1577 addicti

486 1617 637 1671 sunt,
677 1611 770 1679 qui
797 1611 1051 1664 nesciunt
1076 1613 1431 1681 proportione
1465 1612 1589 1666 ﬁdei
1624 1628 1909 1667 munerum
1943 1612 2058 1667 lieri

485 1701 925 1756 distributionem
961 1721 974 1757 :
1011 1715 1063 1757 et
1097 1718 1263 1772 parva
1304 1702 1525 1773 quidem
1567 1704 1685 1758 dari
1731 1703 2058 1758 habentibus

2163 517 2345 569 ϐαῖνον
2372 517 2470 584 τὴν
2504 514 2597 568 τοῦ
2630 513 2916 577 ἀκούοντος
2948 512 3199 584 δύναμιν,
3238 513 3314 575 ὡς
3345 511 3451 577 ἔξω
3482 516 3573 585 τῆς
3601 517 3710 588 ἀλη-

2167 608 2336 671 θείας,
2364 609 2481 670 ταῖς
2502 605 2594 660 τοῦ
2617 605 2847 674 ψεύδους
2869 605 3144 668 ὑπονοίαις
3168 604 3471 675 ὑϐρίζουσι.
3486 606 3571 659 Διὸ
3593 624 3713 677 παρ-

2165 699 2285 769 ίημι
2340 698 2436 768 τὴν
2490 698 2715 752 ἄπιστον
2768 696 2982 769 ἐκείνην
3036 699 3093 750 ἐν
3132 697 3208 767 τῷ
3261 696 3406 767 λιμῷ
3452 700 3712 769 γεωργίαν·

2164 790 2279 852 πῶς
2300 788 2694 859 ἐκϐαλλόμενος
2730 789 2757 841 ὁ
2795 788 2931 858 πρὸς
2952 787 3050 859 τὴν
3079 789 3267 857 χρείαν
3295 789 3459 851 σῖτος,
3488 788 3714 858 οὐδεμίαν

2163 879 2414 950 αἴσθησιν
2436 878 2606 932 ἐποίει
2644 881 2740 949 τῆς
2767 868 3129 948 ὑφαιρέσεως,
3160 879 3219 930 ἐν
3250 878 3328 948 τῷ
3354 879 3527 949 ὁμοίῳ
3552 880 3715 949 διαμέ-

2162 987 2268 1025 νων
2320 972 2503 1041 ὅγκῳ,
2556 968 2651 1023 καὶ
2699 971 2826 1041 πρὶν
2863 956 3088 1040 ’διαδοθῇ
3136 972 3253 1033 ταῖς
3299 970 3407 1025 τῶν
3453 970 3713 1025 αἰτούντων

2162 1061 2372 1131 χρείαις
2398 1077 2411 1091 '
2447 1062 2541 1115 καὶ
2569 1062 2705 1132 μετὰ
2732 1060 2890 1114 τοῦτο
2924 1062 3020 1114 καὶ
3048 1056 3181 1115 ἄλλα
3211 1062 3415 1115 τούτων
3448 1064 3715 1129 παραδοξό-

2161 1170 2327 1223 τερα“
2380 1153 2567 1208 παθῶν
2619 1155 2823 1218 ἰάσεις,
2859 1154 2953 1208 καὶ
2994 1153 3371 1225 δαιμονῶντων
3409 1156 3713 1226 καθάρσεις,

2162 1244 2258 1296 καὶ
2285 1243 2535 1313 ἀψευδεῖς
2571 1246 2904 1316 προρρήσεις
2947 1244 3054 1297 τῶν
3086 1245 3486 1315 ἐκϐησομένων*
3528 1246 3716 1299 ἅπαντα

2160 1340 2271 1399 τοῖς
2306 1336 2404 1406 μὲν
2450 1337 2516 1389 δι’
2555 1336 2838 1406 ἀκριϐείας
2876 1337 3193 1405 ἐγνωκόσιν,
3246 1337 3418 1409 ἀληθῆ
3458 1332 3594 1390 εἶναι
3638 1355 3715 1390 πι-

2167 1427 2417 1483 στεύεται
2438 1470 2452 1492 ,
2490 1428 2595 1499 κᾶν
2625 1429 2765 1501 ὑπὲρ
2794 1430 2977 1483 πίστιν
3112 1432 3204 1484 ἐπὶ
3244 1432 3302 1485 δὲ
3330 1432 3437 1486 τῶν
3470 1432 3715 1504 σαρκωδε-

2166 1522 2391 1593 στέρων,
2410 1521 2514 1586 ἔξω
2535 1521 2629 1575 τοῦ
2653 1522 3002 1593 ἐνδεχομένου
3019 1524 3315 1595 νομίζεται,
3341 1526 3389 1578 οἳ
3418 1526 3520 1579 οὐκ
3543 1527 3714 1593 ἴσασιν,

2163 1614 2244 1668 ὃτι
2278 1614 2418 1668 κατὰ
2445 1614 2543 1686 τὴν
2574 1614 2860 1684 ἀναλογίαν
2893 1615 2994 1685 τῆς
3011 1615 3264 1684 πίστεως,
3288 1619 3380 1672 καὶ
3403 1621 3435 1687 ἡ
3462 1617 3569 1671 τῶν
3591 1595 3720 1689 χαρι-

2166 1723 2197 1757 σ
2203 1706 2390 1777 μάτων
2403 1706 2634 1778 διανομὴ
2649 1707 3026 1778 παραγίνεται·
3055 1708 3225 1779 μικρὰ
3248 1709 3344 1778 μὲν
3358 1708 3717 1776 όλιγοπίστοις,

486 1806 709 1859 parvam
745 1791 923 1855 ﬁdem,
966 1807 1160 1862 magna
1205 1800 1387 1847 autem
1436 1792 1544 1847 illis
1581 1792 1675 1862 qui
1719 1793 1924 1863 ingenti
1956 1792 2061 1846 tide

2165 1797 2374 1867 μεγάλη
2415 1797 2471 1850 δὲ
2500 1799 2615 1861 τοῖς
2642 1789 2841 1869 πολλὴν
2872 1798 3086 1869 ἔχουσιν
3114 1799 3173 1850 ἐν
3196 1799 3421 1865 ,ἑαυτοῖς
3454 1799 3553 1869 τὴν
3581 1800 3721 1871 εὺρυ.

486 1882 696 1952 praediti
745 1890 892 1937 sunt.
946 1883 1313 1948 Quamobrem
1369 1898 1439 1937 ne
1488 1882 1834 1937 odendantur
1869 1884 1963 1954 qui
1992 1884 2060 1938 ad

487 1971 817 2026 credendum
867 1973 1065 2027 divinis
1109 1973 1432 2027 muneribus
1473 1983 1602 2027 sunt
1651 1974 2058 2039 imbecilliores,

486 2064 810 2119 sublimiora
872 2065 1021 2120 illius
1086 2064 1351 2119 miracula
1416 2064 1637 2119 silentio
1694 2065 2057 2136 praeterimus,

395 2143 404 2150 ’
487 2157 621 2212 satis
652 2160 791 2211 esse
849 2157 1251 2223 existimantes,
1297 2156 1366 2212 iis
1414 2171 1536 2227 quae
1580 2156 1726 2212 dicta
1767 2164 1897 2213 sunt
1939 2156 2060 2226 ejus

487 2248 774 2304 historiam
806 2250 1161 2307 conclusisse.

2159 1889 2365 1960 χωρίαν
2398 1891 2500 1961 τῆς
2528 1890 2888 1955 πίστεως.Ὧς
2921 1886 3107 1945 ἂνοῦν
3137 1890 3213 1961 μὴ
3244 1890 3494 1961 βλαϐεῖεν
3523 1894 3569 1945 οἱ
3605 1893 3719 1946 ἀπι-

2159 1977 2419 2050 στότεροι,
2454 1981 2575 2043 ταῖς
2600 1977 2694 2032 τοῦ
2721 1978 2856 2032 Θεοῦ
2884 1978 3109 2048 δωρεαῖς
3134 1979 3489 2042 ἀπιστοῦντες
3506 1997 3521 2010 °
3552 1979 3719 2033 τούτου

2157 2069 2340 2122 ἕνεκεν
2370 2068 2605 2140 καθεξῆς
2638 2071 2867 2140 ἱστορεῖν
2897 2068 3028 2137 περὶ
3074 2067 3183 2123 τῶν
3226 2068 3576 2141 ὑψηλοτέρων
3606 2069 3732 2123 θαυ-⁸

2160 2158 2344 2229 μάτων
2374 2160 2802 2233 παρῃτησάμην,
2835 2159 3024 2230 ἀρκεῖν
3055 2159 3356 2231 ἡγούμενος
3378 2162 3498 2226 τοῖς
3526 2161 3719 2233 εἰρημέ.

2159 2267 2269 2314 νοις
2305 2251 2640 2323 περιγράψαι
2670 2251 2768 2321 τὴν
2802 2251 2931 2322 περὶ
2961 2249 3131 2320 αὐτῆς
3163 2251 3427 2323 ἱστορίαν.

3200 2470 3722 2501 -Ξ--τ-ἱνι

1553 2661 1686 2762 Il.
1768 2701 1867 2740 ι-ι
1968 2657 2670 2765 ΕΡΙΒΤΟΕΖΕ.

1090 3059 1427 3116 EPISTOLA
1464 3061 1505 3116 l.
1542 3100 1549 3103 —

2747 3066 3096 3125 ΕΠΙΣΤΟΑΗ
3127 3072 3209 3129 A’.’

910 3241 1103 3298 Contra
1156 3243 1486 3301 Ilelladt'um.
1544 3243 1756 3315 Scripta
1801 3255 1919 3316 post
1968 3244 2189 3302 Petrum
2240 3249 2590 3307 Sebastenum
2653 3270 2792 3308 anno
2847 3252 2955 3309 592
3000 3255 3318 3322 defunctum.

1964 3344 1991 3366 δ

757 3418 1038 3492 Gregorius
1067 3419 1367 3492 Nyssentts,
1400 3420 1663 3477 Flaviano
1701 3430 1799 3493 (1).

563 3514 678 3568 Non
710 3515 915 3586 optimo
949 3522 1101 3577 sunt,
1130 3514 1215 3566 vir
1240 3512 1357 3577 Dei,
1388 3529 1476 3569 res
1505 3520 1707 3568 nostra:
1740 3514 1879 3569 loco.
1928 3513 2064 3568 Nam

492 3604 633 3657 mala
684 3604 1087 3674 progredientia
1140 3603 1195 3656 in
1251 3603 1319 3658 iis
1371 3604 1462 3675 qui
1508 3619 1609 3659 nos
1648 3613 1702 3658 et
1750 3605 1976 3674 injusto,
2011 3612 2066 3660 et

494 3696 656 3750 nullis
700 3696 768 3749 de
801 3696 985 3751 causis
1026 3703 1282 3765 suscepto
1312 3704 1723 3765 prosequuntur
1758 3695 1908 3761 odio,
1956 3711 2065 3749 non

489 3788 599 3858 jam
641 3788 872 3857 amplius
919 3787 1065 3841 intra
1107 3788 1482 3856 suspicionum
1525 3794 1580 3841 et
1623 3786 2064 3856 conjecturarum

494 3895 614 3934 sese
645 3880 843 3933 limites
879 3879 1194 3944 continent;
1234 3878 1329 3932 sed
1364 3878 1613 3931 libertate
1656 3892 1869 3930 summa
1899 3886 2065 3931 utun-

494 3979 603 4032 tur,
622 3969 779 4038 quasi
808 3970 854 4024 si
880 3967 1125 4038 praeclari
1154 3969 1283 4039 quid
1316 3968 1499 4037 operis
1524 3967 1926 4023 institueretur.
1958 3967 2066 4025 Vos

496 4060 748 4123 interim,
810 4061 903 4128 qui
958 4060 1224 4115 hactenus
1297 4060 1568 4115 immunes
1627 4076 1657 4114 a
1714 4067 1867 4114 tanto
1925 4062 2068 4116 malo

498 4151 701 4214 fuistis,
726 4151 905 4220 ignavi
930 4151 1142 4205 scilicet
1167 4152 1299 4206 estis
1347 4152 1400 4204 in
1432 4151 1820 4221 exstinguenda
1850 4150 2066 4205 ﬂamma

495 4258 617 4311 quae
658 4241 910 4295 viciniam
960 4250 1195 4296 vestram
1231 4243 1499 4311 depascit,
1534 4259 1660 4298 cum
1711 4244 1745 4296 ii
1782 4246 1875 4314 qui
1921 4253 2068 4300 recte

498 4334 661 4387 rebus
691 4333 805 4387 suis
838 4333 1155 4396 consulunt,
1188 4335 1489 4388 vicinorum
1529 4334 1839 4389 incendium
1870 4350 2067 4404 magno

496 4423 679 4477 studio
708 4423 1049 4491 restiuguant
1081 4431 1133 4476 et
1165 4436 1321 4490 opem
1352 4422 1550 4477 vicinis
1587 4423 1809 4478 ferendo
1842 4425 1921 4479 sic
1951 4441 2070 4494 pro-

498 4512 731 4581 Spiciaut
763 4510 868 4565 sibi
908 4518 966 4564 ut
1008 4513 1061 4564 in
1105 4512 1315 4566 eventis
1345 4511 1614 4588 similibus
1648 4513 1877 4565 aliorum
1910 4529 2065 4582 opem

498 4619 607 4657 non
646 4602 947 4671 requirant.
998 4602 1067 4655 Et
1102 4601 1230 4670 quid
1267 4601 1482 4654 tandem
1538 4602 1671 4655 illud
1726 4611 1810 4656 est
1850 4602 1917 4657 de
1958 4619 2067 4673 quo

497 4694 728 4764 loquor?
775 4693 1018 4764 Reliquit
1070 4693 1211 4747 hanc
1256 4695 1421 4746 vitam
1467 4692 1678 4763 religio,
1714 4702 1809 4745 aut
1850 4687 1985 4764 fugit
2037 4707 2066 4745 a

2089 3430 2137 3492 C

2419 3429 2744 3497 I‘pmwdptoc
2772 3432 2807 3484 ό
2838 3427 3118 3496 Νύσσης,
3153 3428 3486 3496 Φλαϐιανῷ.

2236 3515 2348 3567 Οὐκ
2389 3516 2447 3569 ἐν
2472 3515 2672 3579 καλοῖς,
2697 3510 2742 3568 ὦ
2771 3516 3022 3587 ἄνθρωπε
3051 3518 3144 3571 τοῦ
3189 3518 3344 3582 Θεοῦ,
3379 3520 3451 3574 τὰ
3482 3518 3726 3591 ἡμέτερα.

2166 3604 2431 3675 Προῖόντα
2476 3604 2583 3677 γὰρ
2627 3607 2694 3658 τὰ
2737 3604 2901 3672 κακὰ,
2953 3607 3011 3659 ἐν
3050 3611 3163 3671 τοῖς
3206 3608 3268 3662 τὸ
3301 3610 3488 3664 ἄδικόν
3537 3627 3594 3662 τε
3647 3606 3731 3660 καὶ

2165 3696 2569 3765 ἀπροφάσιστον
2595 3697 2713 3750 καθ’
2747 3697 2902 3767 ἡμῶν
2930 3701 3192 3770 τιμήσασι
3222 3703 3400 3771 μῖσος,
3448 3702 3625 3756 οὐκέτι
3645 3699 3731 3752 διὰ

2170 3789 2492 3859 στοχασμῶν
2555 3806 2716 3843 τινων
2770 3789 3108 3861 ὑπονοεῖταιὴ
3171 3793 3286 3848 ἀλλ’
3344 3796 3403 3847 ὲν
3467 3792 3730 3866 παρρησίᾳ

2168 3878 2545 3942 σπουδάζεται,
2560 3880 2809 3952 καθάπερ
2832 3899 2883 3934 τι
2906 3882 3013 3934 τῶν
3037 3883 3255 3951 ἀγαθῶν
3277 3885 3724 3955 κατορθωμάτων.

2175 3969 2364 4041 Ὑμεῖς
2405 3970 2481 4036 δὲ,
2506 3973 2554 4023 οἱ
2593 3971 2729 4034 τέως
2777 3971 2880 4036 ἔξω
2922 3971 3072 4037 ὄντες
3121 3974 3213 4028 τοῦ
3259 3977 3503 4030 τοιούτου
3551 3975 3726 4039 κακοῦ,

2167 4059 2638 4131 καταρρᾳθυμεῖτε
2661 4059 2754 4114 τοῦ
2781 4060 2986 4114 παῦσαι
3007 4064 3309 4136 νεμομένην
3330 4067 3388 4118 ἐν
3410 4069 3479 4135 τῇ
3511 4065 3728 4134 γειτονίᾳ

2167 4149 2264 4218 τὴν
2306 4149 2496 4218 φλόγα-
2524 4148 2711 4221 ὥσπερ
2741 4145 2833 4202 οὖν
2864 4150 2913 4202 οἱ
2944 4150 3122 4214 καλῶς
3150 4151 3277 4222 περὶ
3308 4153 3416 4204 τῶν
3451 4153 3595 4205 ἰδίων
3623 4149 3730 4220 βου-

2166 4236 2444 4305 λευόμενοι
2471 4237 2561 4290 τὸν
2585 4236 2694 4289 τῶν
2729 4239 2983 4304 γειτόνων
3010 4240 3334 4309 ἐμπρησμὸν
3379 4241 3441 4293 ἐν
3485 4239 3645 4309 πολλῇ
3671 4239 3725 4307 τῇ

2169 4328 2368 4397 σπουδῇ
2414 4326 2852 4392 καταστέλλουσι,
2878 4328 2945 4381 δι’
2969 4324 3042 4382 ὧν
3066 4333 3176 4393 τοῖς
3208 4329 3435 4400 πλησίον
3469 4329 3727 4401 βοηθοῦσι,

2167 4420 2226 4472 τὸ
2261 4418 2334 4488 μὴ
2369 4420 2626 4489 δεηθῆναι
2675 4419 2775 4483 τῆς
2818 4421 2908 4473 ἐπὶ
2947 4424 3059 4483 τοῖς
3084 4421 3286 4491 ὁμοίοις
3321 4421 3575 4493 βοηθείας
3603 4438 3727 4492 πρα-

2167 4510 2580 4578 γματευόμενοι.
2615 4508 2680 4561 Τί
2704 4506 2795 4562 οὗν
2833 4512 2976 4563 ἐστιν
2999 4510 3027 4562 ὃ
3072 4512 3252 4580 λέγως
3297 4514 3634 4566 Ἐπιλέλοιπε
3652 4511 3730 4563 τὸν

2170 4599 2281 4669 βίον
2310 4601 2343 4671 ὴ
2381 4600 2629 4670 ὁσιότηςο
2665 4599 2935 4668 πέφευγεν
2979 4602 3069 4669 ἀφ’
3104 4602 3264 4672 ἡμῶν
3288 4606 3320 4671 ἡ
3352 4604 3613 4674 ἀλήθεια.
3646 4603 3728 4670 τῆς

2165 4693 2222 4746 δὲ
2266 4693 2487 4762 εἰρήνης
2524 4692 2785 4762 πρότερον
2822 4693 2919 4762 μὲν
2946 4692 3006 4745 τὸ
3042 4693 3169 4761 γοῦν
3200 4693 3367 4764 ὄνομα
3403 4699 3624 4766 εἴχομεν
3648 4710 3731 4745 πε-

498 4787 656 4842 nobis
705 4787 954 4840 veritas:
1011 4786 1162 4855 pacis
1212 4784 1443 4839 antehac
1490 4783 1683 4839 saltem
1732 4798 1930 4837 nomen
1970 4784 2061 4837 ha-

2171 4785 2522 4854 ριφερόμενον
2549 4784 2605 4835 ἐν
2634 4784 2745 4846 τοῖς
2785 4782 3036 4850 στόμασι,
3068 4781 3160 4835 νῦν
3189 4783 3245 4836 δὲ
3273 4784 3333 4836 οὐ
3369 4785 3533 4853 μόνον
3562 4783 3730 4851 ἐκείνη

497 4879 737 4940 buimus,
787 4877 932 4946 quod
988 4875 1268 4929 hominum
1317 4889 1412 4928 ora
1464 4882 1869 4945 pervagaretur,
1920 4891 2064 4929 nunc

496 4985 606 5026 non
642 4970 731 5024 illa
751 4978 959 5023 tantum
978 4984 1246 5038 nusquam
1268 4974 1373 5029 est,
1409 4969 1500 5022 sed
1523 4984 1592 5023 ne
1621 4983 1819 5023 nomen
1847 4967 2064 5038 quidem

499 5063 673 5133 ipsius
714 5064 874 5118 nobis
915 5071 1181 5132 superest.
1229 5060 1296 5115 Ut
1328 5064 1504 5115 aute‘m
1541 5061 1743 5116 clarius
1773 5061 2064 5130 intelligas,

496 5169 636 5223 quas
677 5168 764 5207 res
818 5162 924 5207 tam
969 5151 1192 5221 indigno
1224 5150 1466 5204 feramus
1500 5150 1702 5214 animo,
1735 5151 1922 5219 paucis
1972 5149 2068 5204 tibi

496 5245 818 5315 tragoediam
857 5238 1163 5314 explicabo.
1198 5241 1365 5295 Erant
1413 5241 1658 5294 nonnulli
1706 5242 1798 5312 qui
1848 5243 1912 5295 ad
1969 5257 2068 5296 nos

495 5333 793 5400 deferrent,
829 5332 1345 5388 reverendissitnum
1398 5332 1574 5384 virum
1611 5329 1917 5385 Helladium
1966 5331 2065 5384 ho—

498 5427 607 5480 stili
645 5440 771 5494 erga
819 5440 917 5480 nos
952 5408 1453 5487 animo'aﬂcctum,
1490 5422 1555 5477 ad
1591 5437 1783 5477 omnes
1821 5438 2062 5477 comme-

500 5532 713 5571 morare
763 5533 847 5572 me
890 5517 1252 5571 maximorum
1305 5517 1406 5586 ipsi
1466 5516 1732 5569 malorum
1782 5524 2062 5570 auctorem

2162 4875 2261 4927 οὐκ
2302 4873 2466 4936 ἔστιν,
2497 4872 2610 4926 ἀλλ’
2641 4873 2761 4925 οὐδὲ
2806 4873 2868 4925 τὸ
2897 4873 3067 4942 ὄνομα
3093 4874 3263 4944 αὐτῆς
3290 4878 3424 4945 ἡμῖν
3472 4874 3718 4927 ὑπολέλειε

2164 4982 2314 5017 πται.
2360 4965 2447 5027 Ὠς
2474 4965 2515 5017 δ’
2552 4963 2617 5016 ἂν
2657 4963 2854 5034 εἰδείης
2887 4966 3220 5035 σαφέστερον
3264 4967 3401 5037 ὑπὲρ
3427 4959 3504 5019 ὧν
3536 4965 3735 5036 σχετλι-

2165 5056 2399 5133 άζομεν,
2441 5057 2509 5110 δι’
2552 5056 2748 5124 ὀλίγων
2800 5074 2881 5109 σοι
2924 5057 3022 5128 τὴν
3072 5059 3373 5129 τραγῳδίαν
3417 5059 3729 5131 ἐκθήσομαι.

2163 5146 2343 5203 Ἧσάν
2370 5167 2529 5212 τινες,
2560 5151 2609 5202 οἱ
2637 5150 2727 5202 τὸν
2765 5148 3184 5219 αἱδεσιμώτατον
3240 5151 3513 5205 Ἐλλάδιον
3539 5152 3734 5221 δυσμε-

2165 5241 2270 5305 νῶς
2296 5241 2430 5312 πρὸς
2449 5242 2593 5311 ἡμᾶς
2614 5239 2757 5310 ἔχειν
2778 5241 3237 5312 καταμηνύοντες,
3263 5244 3516 5313 καὶπρὸς
3542 5244 3737 5302 πάντας

2169 5333 2440 5398 διεξιέναι,
2472 5334 2546 5396 ὡς
2583 5332 2692 5385 τῶν
2739 5334 3009 5403 μεγίστων
3051 5334 3199 5405 αὑτῷ
3245 5334 3432 5388 κακῶν
3479 5336 3653 5398 αἴτιος
3676 5329 3737 5403 ἦν

2172 5424 2300 5491 ἐγὼ.
2347 5423 2461 5476 Οὐκ
2490 5422 2783 5492 ἐπειθόμην
2810 5425 2923 5487 τοῖς
2962 5424 3292 5495 λεγομένοις,
3322 5426 3465 5495 πρὸς
3512 5424 3737 5495 ἐμαυτὸν

2171 5514 2265 5565 καὶ
2292 5512 2387 5584 τὴν
2426 5513 2484 5564 ἐν
2513 5516 2623 5575 τοῖς
2648 5516 2964 5585 πράγμασιν
2990 5516 3246 5587 ἀλήθειαν
3277 5517 3513 5591 βλέπων.
3580 5519 3664 5582 Ὧς
3686 5515 3739 5570 δὲ

572 5694 649 5766 (1)
687 5693 894 5750 Joanne
926 5693 1267 5751 Lewenklaio
1304 5694 1619 5764 interprete.
1649 5720 1720 5733 -—-
1744 5692 1820 5747 Ex
1853 5693 1940 5749 ed.
1971 5709 2059 5749 an.

2165 5695 2257 5762 οε,
2292 5704 2331 5747 ι.
2368 5694 2453 5762 ιιι,
2486 5694 2607 5748 διδ.
