4068 6154
414 324 548 382 1001

1613 313 1998 372 EPISTOLJE.
2036 343 2107 353 —
2139 304 2353 369 EPIST.
2402 310 2445 367 ῐ.

3512 308 3537 362 ι
3548 301 3654 363 009.

415 432 567 505 παρὰ
595 432 813 488 πάντων
840 429 1134 504 ὁμοφώνως
1176 427 1245 481 τὰ
1278 428 1416 482 αὐτὰ
1464 427 1601 500 πρὸς
1625 430 1772 499 ἡμᾶς
1800 428 1983 498 ἀπηγ-

2095 438 2229 481 esse.
2284 422 2398 494 Ego
2440 435 2571 478 vero
2617 420 2748 488 illis,
2798 432 2920 492 quze
2957 416 3288 485 dicerentur,
3335 417 3494 476 ﬁdem
3543 436 3654 475 non

415 525 654 595 γέλλετο,
696 524 792 578 καὶ
834 520 1116 577 συνέϐαινε
1152 522 1274 583 ταῖς
1313 519 1523 589 φήμαις
1553 518 1639 585 τὰ,
1662 518 1981 590 πράγματα,

418 612 649 685 πρέπειν
668 610 854 682 ᾠήθην
874 608 948 681 μὴ
973 608 1232 680 περιϊδεῖν
1255 607 1625 677 ἀθεράπευτον
1645 607 1744 677 τὴν
1765 606 1985 677 ἄρριζον

419 705 512 763 καὶ
542 701 842 769 ἀφύτευτον
880 701 1082 770 ταύτην
1111 698 1447 770 δυσμένειαν.
1490 699 1579 751 Διὸ
1608 700 1700 752 καὶ
1729 698 1863 769 πρὸς
1890 697 1987 769 τὴν

419 796 517 866 σὴν
543 791 848 857 ἐπιστείλας
875 791 1205 859 θεοσέϐειαν,
1253 790 1347 844 καὶ
1378 789 1602 854 πολλοὺς
1630 789 1821 853 ἄλλους
1862 790 1988 853 τοὺς

416 882 747 957 δυναμένους
796 883 1164 957 συμϐαλέσθαι
1210 901 1263 937 τι
1314 883 1450 954 πρὸς
1495 882 1556 935 τὺ
1611 881 1986 954 προκείμενον,

418 977 512 1031 ἐπὶ
539 977 636 1047 τὴν
665 976 897 1048 σπουδὴν
925 974 1126 1044 ταύτην
1155 972 1523 1046 παρώρμησα.
1558 974 1667 1028 Καὶ
1697 973 1864 1037 τέλος,
1889 972 1989 1044 τὴν

424 1069 642 1140 μνήμην
663 1065 756 1122 τοῦ
787 1067 1196 1138 μακαριωτάτου
1223 1064 1429 1135 Πέτρου
1461 1065 1611 1134 παρὰ
1633 1063 1990 1133 Σεϐαστηνοῖς

422 1158 651 1231 πρώτως
681 1156 951 1227 ἀγομένην
979 1155 1313 1219 ἐπιτελέσας,
1341 1155 1437 1209 καὶ
1463 1154 1561 1218 τὰς
1591 1154 1831 1225 συνήθως
1863 1155 1989 1225 παρ’

421 1248 598 1303 αὐτῶν
626 1247 1043 1317 ἐπιτελουμένας
1071 1245 1179 1299 τῶν
1225 1245 1397 1315 ἁγίων
1428 1245 1716 1316 μαρτύρων
1747 1245 1989 1316 μνήμας,

420 1340 513 1393 τὸν
549 1340 709 1393 αὑτὸν
751 1339 940 1410 χρόνον
986 1338 1451 1408 συνδιαγαγόντων
1491 1338 1705 1409 ἐκείνῃ·
1761 1339 1854 1391 ἐπὶ
1893 1337 1992 1408 τὴν

420 1430 658 1501 ἐμαυτοῦ
706 1431 866 1483 πάλιν
920 1429 1241 1500 Ἐκκλησίαν
1287 1429 1645 1501 ὑπέστρεφον.
1694 1427 1803 1481 Καί
1852 1446 1992 1492 τινος

424 1521 763 1592 μηνύσαντος
802 1520 942 1575 κατὰ
985 1520 1081 1591 τὴν
1106 1520 1321 1591 ὀρεινὴν
1352 1519 1512 1573 αὐτὸν
1538 1506 1750 1590 ἐνορίαν
1788 1518 1992 1587 διάγειν

424 1611 716 1683 μαρτύρων
754 1609 1105 1665 ἐπιτελοῦντα
1153 1610 1394 1680 μνήμας,
1436 1608 1504 1662 τὰ
1542 1609 1641 1678 μὲν
1678 1608 1869 1681 πρῶτα
1894 1609 1992 1678 τῆς

419 1702 539 1757 ὀδοῦ
569 1701 815 1773 είχόμην,
862 1703 1294 1772 εὐπρεπέστερον
1342 1697 1480 1755 εἶναι
1514 1700 1712 1772 κρίνων
1757 1700 1848 1753 ἐπὶ
1896 1702 1992 1771 τῆς

423 1793 811 1863 μητροπόλεως
861 1792 1115 1862 γενέσθαι
1165 1791 1264 1862 τὴν
1314 1791 1618 1862 συντυχίαν.
1681 1791 1766 1854 Ὠς
1810 1790 1866 1844 δέ
1909 1809 1993 1856 τις

421 1882 529 1934 τῶν
582 1882 819 1951 γνησίων
866 1882 1008 1935 κατὰ
1052 1882 1288 1953 σπουδήν
1337 1898 1427 1952 μοι
1476 1881 1855 1951 συντετύχηκε,
1897 1882 1992 1934 καὶ

421 1973 722 2044 ἀρρωστεῖν
771 1973 934 2026 αὑτὸν
978 1971 1429 2026 διεϐεϐαιὼσατο·
1478 1970 1791 2026 καταλιπὼν
1832 1973 1888 2023 ἐν
1914 1970 1992 2041 τῷ

419 2062 568 2132 τόπῳ
588 2065 648 2116 τὸ
677 2063 883 2134 ὄχημα,
906 2065 964 2117 ἐν
995 2055 1040 2132 ᾧ
1066 2063 1218 2135 παρὰ
1252 2063 1351 2133 τῆς
1374 2062 1625 2133 τοιαύτης
1648 2061 1992 2133 κατελήφθην

419 2154 631 2226 φήμης,
671 2153 821 2224 ἵππῳ
849 2153 909 2206 τὸ
942 2153 1146 2224 μεταξὺ
1176 2152 1388 2223 διῆλθον
1420 2152 1711 2222 διάστημα,
1745 2151 1995 2223 κρημνῶ-
2042 2162 2045 2165 ·

418 2244 508 2306 δες
552 2243 645 2295 καὶ
686 2243 864 2311 ὀλίγου
891 2243 1191 2314 ἀπόρευτον
1218 2244 1337 2307 ταῖς
1373 2242 1736 2314 τραχυτάταις
1763 2242 1990 2305 ἀνόδοις.

418 2329 531 2386 Ἦν
580 2334 636 2387 δὲ
679 2334 1070 2389 πεντεκαίδεκα
1121 2337 1343 2405 σημεῖα,
1386 2329 1470 2398 οἷς
1515 2334 1576 2388 τὸ
1621 2335 1679 2387 ἐν
1720 2333 1798 2404 τῷ
1843 2333 1993 2404 μέσῳ

418 2425 756 2496 διεμετρεῖτο
791 2425 1087 2497 διάστημα.
1116 2426 1335 2481 Τούτων
1366 2426 1433 2480 τὰ
1474 2426 1573 2497 μὲν
1605 2427 1669 2479 ἐκ
1710 2426 1886 2493 ποδὸς,
1925 2425 1994 2483 τὰ

417 2515 477 2570 δὲ
503 2516 588 2570 διὰ
627 2516 723 2571 τοῦ
751 2517 918 2572 ἵππου
951 2516 1104 2589 μόλις
1141 2517 1385 2585 διελθὼν,
1418 2518 1655 2589 ὄρθριος,
1706 2519 1858 2591 μέρει
1888 2514 1994 2572 τινὶ

420 2607 516 2659 καὶ
540 2606 640 2677 τῆς
658 2606 850 2671 νυκτὸς
876 2608 1338 2680 συγχρησάμενος,
1369 2608 1509 2662 κατά
1531 2609 1627 2680 τὴν
1653 2607 1873 2680 πρώτην
1896 2610 1994 2680 τῆς

419 2697 633 2770 ἡμέρας
658 2698 809 2770 ὥραν
857 2699 1154 2769 ἐφίσταμαι
1202 2702 1314 2764 τοῖς
1360 2700 1805 2771 ’Λνδουμοκίνοις.
1839 2700 1994 2755 Οὖτω

420 2788 531 2860 γὰρ
576 2787 902 2860 ὀνομάζεται
935 2790 998 2843 τὸ
1046 2790 1262 2863 χωρίον,
1318 2794 1375 2845 ἐν
1418 2784 1463 2859 ᾧ
1506 2787 1574 2862 ἦν
1619 2792 1994 2863 ἐκκλησιάζων

422 2880 628 2943 ἐκεῖνος
657 2879 794 2950 μετὰ
816 2879 990 2934 ἄλλων
1019 2882 1330 2936 ἐπισκόπων
1359 2881 1472 2937 δύο.
1508 2883 1754 2937 Ἀπωθεν
1781 2883 1837 2937 δὲ
1863 2902 1993 2938 κατ-

422 2969 620 3034 ιδόντες
661 2970 720 3036 ἐξ
761 2971 984 3042 αὐχένος
1027 2972 1168 3035 τινὸς
1211 2973 1601 3044 ὑπερκειμένου
1654 2973 1754 3045 τῆς
1803 2974 1996 3047 κώμης

420 3060 519 3134 τὴν
543 3063 601 3114 ἐν
626 3062 704 3134 τῷ
729 3063 979 3134 ὑπαίθρῳ
1010 3064 1110 3133 τῆς
1134 3064 1427 3136 ἐκκλησίας
1466 3065 1789 3137 συνδρομὴν,
1833 3066 1995 3136 βάδην

418 3153 513 3206 τὸν
556 3152 756 3224 μεταξὺ
785 3155 1069 3225 διήλθομεν
1099 3156 1280 3222 τόπον,
1322 3158 1386 3210 ἐκ
1415 3157 1572 3220 ποδός
1620 3174 1679 3209 τε
1721 3156 1997 3227 προϊόντες

426 3243 539 3314 ἐγὼ
573 3245 664 3298 καὶ
694 3247 728 3316 ἡ
780 3244 895 3315 μετ’
928 3246 1062 3317 ἐμοῦ
1107 3247 1340 3309 συνοδία,
1380 3248 1473 3300 καὶ
1511 3246 1638 3310 τοὺς
1685 3247 1879 3311 ἵππους
1911 3245 2000 3300 διὰ

420 3333 601 3404 χειρὸς
634 3333 1002 3404 ἐφελκόμενοι.
1051 3335 1212 3389 Ὥστε
1251 3336 1451 3405 φθάσαι
1487 3335 1621 3406 ὁμοῦ
1669 3335 1738 3388 τὰ
1783 3334 1876 3388 δύο
1908 3352 2001 3403 γε·

420 3422 628 3488 νέσθαι,
661 3423 867 3477 ἐκεῖνόν
913 3441 973 3477 τε
1006 3425 1070 3478 ἐκ
1113 3424 1212 3496 τῆς
1254 3425 1547 3494 ἐκκλησίας
1582 3427 1671 3478 ἐπὶ
1696 3426 1795 3495 τὴν
1825 3427 1999 3480 οἰκίαν

424 3514 782 3585 ὑποστρέψαι,
814 3517 907 3569 καὶ
942 3518 1089 3587 ἡμᾶς
1126 3518 1416 3587 πλησιάσαι
1446 3518 1523 3589 τῷ
1547 3518 1847 3591 μαρτυρίῳ.
1875 3521 1998 3589 Μη-

422 3604 615 3674 δεμιᾶς
647 3605 705 3658 δὲ
734 3609 1029 3679 γενομένης
1071 3609 1357 3678 ἀναϐολῆς,
1387 3607 1639 3679 ἐπέμφθη
1667 3610 1793 3679 παρ’
1843 3610 1999 3680 ἡμῶν

422 3698 451 3750 ὁ
489 3690 741 3768 μηνύσων
778 3699 923 3771 αὐτῷ
959 3699 1056 3771 τὴν
1090 3701 1424 3771 παρουσίανο
1457 3701 1552 3753 καὶ
1584 3700 1779 3769 μικροῦ
1819 3700 2000 3767 διαγε-

420 3786 635 3855 γονότος
657 3789 1042 3860 διαστήματος,
1064 3792 1092 3842 ὁ
1122 3790 1559 3862 ὑπηρετούμενος
1586 3790 1733 3861 αὐτῷ
1756 3791 1999 3854 διάκονος

423 3878 712 3950 συνέτυχεν
742 3882 894 3951 ἡμῖν,
933 3881 991 3933 ὃν
1036 3881 1486 3951 παρεκαλέσαμεν
1518 3880 1604 3934 διὰ
1653 3880 1849 3951 τάχους
1897 3899 1999 3951 μη-

420 3966 599 4032 νῦσαι,
663 3965 803 4020 ὥστε
849 3970 943 4020 ἐπὶ
992 3969 1153 4023 πλέον
1194 3968 1342 4039 αὐτῷ
1388 3970 1783 4038 συνδιαγαγεῖν,
1824 3969 1910 4038 ἐφ’
1954 3963 1999 4038 ᾧ

418 4074 479 4110 τε
510 4058 702 4129 καιρὸν
733 4059 934 4129 εὑρεῖν,
965 4061 1099 4130 πρὸς
1130 4061 1189 4114 τὸ
1225 4061 1388 4131 μηδὲν
1417 4061 1771 4132 περιοφθῆναι
1804 4062 1910 4113 τῶν
1938 4061 1997 4114 ἐν

419 4149 554 4218 ἡμῖν
587 4147 977 4218 ἀθεράπευτον.
1030 4150 1184 4204 Μετὰ
1226 4150 1382 4204 τοῦτο
1425 4149 1536 4220 ἐγὼ
1587 4150 1685 4220 μὲν
1716 4151 1996 4222 ἐκαθήμην

421 4240 562 4293 κατά
611 4240 670 4293 τὸ
719 4239 1002 4314 ὕπαιθρον,
1036 4242 1321 4312 ἀναμένων
1373 4243 1462 4296 τὸν
1503 4244 1869 4309 είσκαλοῦντα,
1905 4244 1999 4296 καὶ

420 4331 760 4403 ·.τροεκείμην
809 4333 1035 4404 ἄκαιρον
1088 4333 1264 4403 θέαμα
1311 4336 1422 4397 τοῖς
1483 4334 1807 4404 ἐπιδημοῦσι
1860 4334 1997 4387 κατά

2088 516 2354 571 habebam
2388 529 2403 568 :
2437 524 2495 569 nt
2538 515 2628 585 qui
2671 521 2725 570 et
2761 514 3003 585 ipsarum
3032 528 3214 568 rerum
3247 512 3532 568 veritatem
3573 512 3657 567 in-

2088 616 2293 663 tuerer.
2318 606 2388 660 At
2415 621 2539 661 cum
2569 606 2637 661 ab
2663 606 2922 662 omnibus
2947 606 3137 663 eadem
3169 605 3357 662 eodem
3384 603 3530 660 velut
3563 616 3659 658 ore

2089 699 2250 754 nobis
2294 698 2763 765 renuntiarentur,
2799 699 3379 770 cumque‘rumorihus
3404 699 3536 768 ipsa:
3566 710 3655 750 res

2088 789 2468 855 convenirent,
2493 790 2687 847 decere
2722 806 2809 846 me
2837 792 3162 857 statuebam,
3195 801 3256 845 ut
3282 805 3352 846 ne
3381 789 3655 845 hostilita-

2090 892 2197 935 tem
2242 881 2384 937 hanc
2434 882 2739 937 incuratam
2789 883 3138 954 negligerem,
3190 880 3489 952 praesertim
3536 893 3657 949 quae

2091 971 2326 1026 necdum
2373 973 2587 1029 radices
2635 973 2822 1030 ﬁrmas
2872 974 3095 1044 egisset.
3150 974 3338 1044 Itaque
3387 981 3536 1028 tuam
3588 973 3659 1026 ad

2090 1064 2368 1132 pietatem,
2402 1066 2712 1134 multosque
2735 1066 2871 1121 alios
2902 1066 3121 1135 scriptis
3158 1066 3372 1130 litteris,
3398 1065 3493 1135 qui
3521 1079 3656 1120 con-

2094 1155 2236 1211 ferre
2264 1158 2424 1212 nobis
2457 1158 2663 1227 aliquid
2687 1158 2754 1213 ad
2790 1159 2892 1213 hoc
2937 1157 3243 1212 institutum
3277 1164 3520 1226 possent,
3551 1149 3680 1210 mo?

2093 1248 2187 1303 nui
2219 1248 2359 1303 hanc
2386 1256 2445 1302 ut
2478 1249 2537 1304 in
2579 1263 2767 1303 curam
2811 1248 3220 1304 incumberetis.
3255 1246 3495 1304 Tandem
3533 1263 3657 1302 cum

2094 1338 2414 1392 memoriam
2478 1339 2783 1395 beatissimi
2845 1336 3026 1401 Petri,
3085 1354 3208 1408 quae
3263 1346 3380 1394 tum
3426 1338 3660 1407 primum

2094 1429 2360 1483 celebrari
2380 1437 2559 1499 coepta
2585 1437 2750 1495 esset,
2776 1429 2918 1499 apud
2943 1428 3273 1484 Sebastenos
3305 1428 3658 1498 peregissem,

2100 1520 2399 1590 itidemque
2429 1522 2761 1591 reliquorum
2813 1521 2933 1576 ﬁdei
2969 1520 3207 1584 testium,
3254 1520 3348 1590 qui
3377 1528 3438 1573 ut
3472 1519 3661 1575 eodem

2095 1625 2219 1664 cum
2249 1609 2410 1666 Petro
2441 1613 2694 1667 vixerunt
2722 1621 2982 1681 tempore,
3013 1613 3087 1666 ita
3115 1611 3378 1667 celebrari
3400 1625 3515 1687 una
3537 1625 3662 1665 cum

2095 1701 2214 1771 ipso
2244 1711 2646 1757 consueverunt
2676 1723 2689 1758 :
2723 1717 2990 1758 converso
3030 1703 3224 1758 itinere
3267 1716 3440 1756 meam
3476 1717 3563 1755 me
3593 1701 3663 1755 ad

2097 1791 2396 1847 Ecclesiam
2431 1793 2779 1863 recipiebam.
2811 1792 2936 1847 Haec
2969 1808 3091 1848 cum
3117 1791 3479 1862 signiﬁcasset
3504 1791 3667 1846 nobis

2096 1883 2339 1953 quidam,
2386 1883 2585 1954 degere
2636 1882 2939 1938 llelladium
2983 1883 3041 1937 in
3085 1882 3331 1937 ﬁnitimis
3363 1881 3665 1947 montibus,

2095 1979 2507 2043 martyrumque
2539 1975 2860 2029 memoriam
2894 1988 3152 2043 peragere
3184 1991 3197 2027 :
3230 1974 3407 2043 primo
3443 1972 3664 2042 quidem

2096 2063 2347 2118 instituto
2377 2064 2430 2117 in
2467 2064 2663 2120 itinere
2692 2066 3004 2136 pergebam,
3037 2064 3183 2134 quod
3213 2064 3385 2135 magis
3422 2077 3545 2119 esse
3571 2062 3666 2117 de-

2094 2167 2227 2208 coro
2254 2165 2679 2211 consentaneum
2725 2163 2997 2224 putarem,
3040 2165 3100 2209 ut
3133 2155 3251 2225 ipsa
3282 2155 3339 2209 in
3378 2153 3662 2222 metropoli

2096 2243 2373 2298 hominem
2391 2245 2757 2301 convenirem.
2777 2245 2978 2301 Verum
3010 2246 3102 2301 ubi
3130 2254 3486 2317 cognatorum
3513 2245 3666 2316 quis-

2095 2336 2238 2406 piam
2280 2335 2406 2391 data
2454 2352 2621 2409 opera
2657 2354 2745 2394 me
2788 2338 3135 2405 accessisset,
3184 2347 3346 2409 atque
3385 2337 3664 2393 hominem

2096 2427 2325 2484 adversa
2344 2429 2654 2485 valetudine
2673 2430 2922 2486 laborare
2951 2444 3050 2500 pro
3080 2438 3233 2486 certo
3253 2431 3658 2485 conllrmasset:

2094 2514 2287 2570 relicto
2318 2516 2518 2571 ihidem
2540 2531 2730 2582 curru,
2757 2519 2848 2574 ubi
2878 2518 3128 2573 nuntium
3156 2518 3303 2573 hunc
3324 2532 3661 2588 acceperam,

2098 2592 2242 2676 equo
2274 2606 2546 2677 reliquum
2598 2609 2813 2665 itineris
2857 2609 3202 2665 intervallum
3246 2607 3478 2673 confeci,
3531 2623 3665 2664 sane

2097 2712 2338 2770 praeceps
2378 2700 2604 2770 etquod
2642 2700 2712 2755 ob
2759 2715 3023 2757 ascensus
3052 2700 3384 2771 asperrimos
3422 2714 3591 2771 prope
3632 2713 3665 2752 a

2095 2789 2255 2844 nobis
2288 2791 2564 2861 peragrari
2606 2805 2713 2846 non
2741 2798 2949 2859 posset.
2992 2790 3241 2862 Spatium
3283 2791 3482 2860 ipsum,
3517 2789 3664 2860 quod

2096 2882 2256 2939 nobis
2285 2882 2647 2938 emetiendum
2678 2891 2815 2949 erat,
2853 2884 3085 2939 habebat
3115 2883 3367 2938 milliaria
3398 2883 3466 2938 ad
3495 2882 3663 2952 quin—

2096 2972 2291 3028 decim.
2321 2973 2447 3028 llzec
2469 2974 2561 3029 ubi
2588 2976 2785 3045 partim
2809 2976 3039 3046 pedibus
3067 2976 3262 3046 partim
3283 2990 3424 3045 equo
3451 2981 3662 3037 vectus,

2097 3065 2188 3119 vix
2229 3066 2497 3121 matutino
2533 3077 2793 3135 tempore,
2842 3075 3005 3136 atque
3049 3066 3213 3123 etiam
3260 3067 3440 3138 aliqua
3482 3067 3663 3123 noctis

2100 3162 2251 3224 parte
2279 3156 2658 3221 absolvissem,
2687 3158 2862 3227 prima
2884 3158 2992 3213 diei
3027 3159 3158 3213 hora
3179 3158 3293 3228 jam
3329 3159 3666 3214 Andumoci-

2097 3245 2185 3301 nis
2237 3262 2406 3302 eram.
2457 3247 2591 3302 Nam
2633 3249 2739 3304 hoc
2780 3250 2900 3305 loco
2946 3250 3023 3305 illi
3053 3261 3169 3305 erat
3212 3265 3431 3314 nomen,
3463 3249 3517 3304 in
3555 3264 3666 3319 quo

2098 3351 2224 3392 cum
2254 3338 2466 3395 duobus
2498 3340 2622 3396 aliis
2653 3341 2927 3410 episcopis
2971 3342 3023 3396 in
3070 3341 3352 3397 hominum
3381 3351 3528 3396 coetu
3563 3340 3668 3396 l'rc-

2097 3427 2285 3496 quenti
2334 3428 2785 3483 concionabatur.
2839 3428 3085 3499 Cumque
3140 3430 3328 3499 procul
3376 3445 3407 3484 e
3454 3430 3665 3485 tumulo

2097 3515 2354 3587 quodam,
2401 3519 2493 3586 qui
2535 3519 2656 3572 vico
2708 3519 3045 3585 immineret,
3095 3521 3377 3575 concionis
3427 3522 3533 3575 sub
3575 3521 3667 3575 dio

2098 3621 2424 3659 concursum
2478 3607 2863 3664 vidissemus:
2908 3609 3175 3679 gradatim
3229 3610 3485 3680 deinceps
3536 3627 3665 3681 pro-

2098 3694 2269 3765 gressi
2298 3710 2486 3750 sumus
2522 3696 2754 3767 pedites,
2787 3706 2894 3751 tam
2936 3698 3051 3768 ipse
3083 3714 3244 3769 quam
3279 3702 3503 3757 comites
3535 3704 3663 3763 mei,

2099 3799 2372 3854 manuque
2413 3794 2635 3842 nostros
2668 3802 2839 3858 equos
2879 3788 3242 3845 ductas-imus.
3284 3791 3403 3857 Quo
3438 3792 3663 3858 factum,

2099 3880 2157 3927 ut
2201 3874 2388 3928 eadem
2446 3874 2723 3930 celeritate
2773 3875 2883 3930 duo
2944 3875 3259 3942 conﬁerent,
3313 3880 3570 3933 nimirum
3607 3888 3666 3933 ut

2099 3964 2214 4035 ipse
2243 3964 2462 4019 domum
2506 3980 2536 4021 e
2571 3966 2833 4021 concione
2872 3966 3090 4034 rediret,
3127 3983 3192 4023 ac
3220 3984 3320 4023 nos
3364 3978 3664 4040 martyrum

2099 4055 2166 4108 ad
2198 4055 2375 4109 locum
2410 4055 2843 4124 perveniremus.
2876 4056 3062 4127 Neque
3093 4073 3247 4113 mora
3280 4059 3386 4112 ulla
3427 4060 3668 4129 interpo-

2099 4147 2203 4201 sita
2232 4147 2437 4200 missus
2485 4161 2514 4199 a
2549 4146 2706 4202 nobis
2746 4157 2850 4212 est,
2879 4148 2972 4218 qui
3007 4154 3296 4205 adventum
3337 4150 3385 4205 ei
3415 4158 3663 4224 nostrum

2098 4237 2401 4292 indicaret:
2436 4247 2489 4293 et
2521 4240 2684 4308 paulo
2730 4247 2853 4308 post
2880 4240 3128 4296 minister
3162 4241 3334 4311 ipsius
3366 4243 3418 4296 in
3450 4258 3550 4297 nos
3579 4244 3666 4296 in-

2099 4328 2252 4394 cidit,
2309 4344 2468 4399 quem
2518 4330 2828 4399 rogavimus
2877 4338 2937 4386 ut
2982 4332 3229 4387 celeriter
3275 4332 3340 4386 ad
3386 4348 3507 4386 eum
3550 4348 3665 4408 rem

420 4421 517 4493 τὴν
546 4423 778 4478 σύνοδον.
822 4422 933 4477 Καὶ
972 4425 1161 4497 χρόνος
1192 4425 1458 4493 διεγένετο
1508 4426 1606 4478 ούκ
1654 4425 1852 4493 ὀλίγος,
1900 4426 1994 4478 καὶ

2101 4418 2360 4486 deferret,
2385 4435 2493 4490 quo
2514 4420 2722 4477 diutius
2748 4421 2891 4492 apud
2921 4423 3096 4492 ipsum
3129 4423 3332 4477 versari
3356 4435 3661 4490 possemus,

420 4512 731 4583 νυσταγμὺς
779 4514 872 4566 ἐπὶ
907 4514 1135 4578 τούτοις,
1183 4514 1276 4566 καὶ
1310 4515 1528 4585 ἀκηδία,
1570 4516 1664 4568 καὶ
1712 4515 1740 4567 ὁ
1788 4517 1851 4569 ἐκ
1898 4516 1995 4587 τῆς

419 4602 539 4656 ὁδοῦ
594 4604 759 4668 κόπος
812 4606 1094 4659 ἐπιτείνων
1140 4604 1237 4676 τὴν
1270 4606 1517 4677 ὰκηδίαν,
1564 4608 1657 4660 καὶ
1698 4606 1758 4661 τὸ
1794 4606 1995 4671 θάλπος

423 4695 660 4765 ἰσχυρὸν,
694 4695 788 4748 καὶ
818 4695 867 4748 ot
908 4695 1044 4767 πρὸς
1081 4696 1226 4766 ἡμᾶς
1258 4696 1672 4761 ἀποϐλέποντες,
1709 4696 1804 4750 καὶ
1835 4696 1996 4767 ἀλλή-

421 4784 530 4847 λοις
558 4784 646 4837 διὰ
673 4785 779 4838 τῶν
827 4786 1100 4840 δακτύλων
1133 4786 1590 4851 ὑποδεικνύοντες.
1632 4788 1741 4840 Καὶ
1783 4788 1995 4841 ἅπαντα

422 4874 491 4928 τὰ
523 4872 746 4927 τοιαῦτα
792 4875 932 4928 οὕτω
981 4893 1069 4946 μοι
1121 4877 1290 4946 βαρέα
1339 4872 1427 4947 ἦν,
1480 4877 1554 4941 ὡς
1590 4876 1869 4946 ἀληθεύειν
1905 4877 1993 4929 ἐπ’

424 4964 560 5037 ἐμοῦ
586 4964 649 5018 τὸ
689 4963 783 5017 τοῦ
827 4965 1130 5036 Προφήτου,
1163 4968 1244 5021 ὅτι
1278 4988 1297 5020 ι
1343 4967 1661 5038 ’Πκηδίασεν
1688 4968 1775 5020 ἐπ’
1805 4968 1903 5039 ἐμὲ
1934 4969 1996 5021 τὸ

424 5056 645 5126 πνεῦμά
703 5072 824 5127 μου.
881 5074 899 5107 ι
948 5057 1058 5110 Καὶ
1101 5057 1234 5128 πρὸς
1279 5057 1623 5129 μεσημϐρίαν
1655 5058 1757 5128 ἤδη
1798 5058 1995 5129 προελέ

425 5143 623 5217 θούσ-ης
663 5146 763 5216 τῆς
809 5145 958 5217 ὥρας
1005 5147 1345 5217 είσηνέχθην,
1395 5147 1562 5202 πολλά
1599 5148 1992 5219 μεταμεληθεὶς

424 5238 519 5291 καὶ
549 5239 646 5309 τῆς
680 5237 986 5308 συντυχίας,
1037 5236 1113 5300 ὼς
1152 5237 1368 5309 ἐμαυτῷ
1399 5240 1495 5311 τῆς
1529 5238 1748 5311 ἀτιμίας
1778 5238 1991 5310 ἐκείνης

425 5328 721 5398 παρασχὼν
748 5329 845 5400 τὴν
875 5329 1072 5382 αίτίαν.

2099 4517 2153 4565 et
2186 4512 2647 4581 Opportunitatem
2698 4513 2936 4583 aliquam
2974 4514 3235 4575 invenire,
3284 4526 3351 4565 ne
3388 4511 3524 4565 nihil
3553 4527 3666 4566 non

2100 4610 2349 4657 curatum
2400 4604 2813 4673 relinqueretur.
2880 4602 3188 4657 Secundum
3246 4601 3360 4654 haec
3410 4600 3662 4655 sedebam

2099 4694 2353 4764 equidem
2376 4694 2479 4750 sub
2509 4695 2621 4759 dio,
2645 4703 2967 4761 exspectans
2999 4692 3253 4760 aliquem,
3279 4691 3371 4762 qui
3402 4705 3500 4745 nos
3521 4692 3666 4746 intro

2097 4793 2317 4840 vocaret
2361 4804 2373 4839 :
2422 4786 2665 4853 adeoque
2714 4782 3025 4852 propositus
3086 4796 3234 4837 eram
3295 4782 3550 4836 omnibus
3608 4789 3659 4836 ut

2100 4873 2469 4943 importunum
2528 4872 2922 4943 spectaculum,
2973 4878 3237 4942 quotquot
3273 4886 3339 4926 eo
3391 4887 3665 4927 convene-

2099 4973 2241 5019 rant.
2296 4964 2412 5019 Non
2454 4965 2564 5034 jam
2618 4964 2875 5035 exiguum
2909 4964 3169 5032 temporis
3207 4964 3442 5032 spatium
3494 4965 3665 5018 inter-

2098 5062 2358 5121 cesserat,
2385 5063 2440 5111 et
2475 5056 2756 5113 nictabant
2787 5056 2954 5119 oculi,
2992 5063 3044 5109 et
3077 5054 3515 5124 consequebatur
3546 5057 3666 5124 qui-

2098 5149 2222 5204 dam
2255 5155 2442 5217 torpor
2477 5154 2531 5202 et
2566 5162 2629 5202 ex
2660 5149 2855 5202 itinere
2891 5145 3133 5215 fatigatio
3162 5144 3467 5199 molestiam
3501 5158 3666 5214 auge-

2096 5239 2211 5303 bat,
2274 5238 2514 5308 itemque
2566 5247 2735 5293 aestus
2797 5237 3109 5300 vehemens,
3162 5241 3216 5289 et
3266 5235 3513 5287 homines
3561 5247 3662 5288 nos

2096 5331 2393 5396 intuentes,
2429 5343 2639 5398 uosque
2668 5327 2852 5398 digitis
2879 5327 3019 5381 inter
3049 5342 3107 5381 se
3138 5332 3476 5382 ostentantes
3504 5341 3519 5378 :
3549 5323 3667 5380 haec

426 5421 612 5491 igitur,
663 5423 877 5491 aliaque
915 5422 1230 5493 hujnsmodi
1258 5423 1445 5478 omnia
1488 5431 1597 5479 tam
1647 5425 1781 5481 mihi
1834 5431 1990 5479 erant
2018 5424 2226 5497 gravia,
2257 5434 2316 5479 ut
2346 5424 2400 5478 in
2441 5439 2528 5478 me
2554 5421 2702 5478 Vatis
2730 5422 2862 5477 illud
2928 5423 3150 5476 verbum
3196 5434 3322 5476 vere
3390 5428 3664 5489 compete-

424 5517 547 5564 ret:
584 5528 603 5561 ι
637 5508 926 5582 Obtorpuit
964 5513 1021 5567 in
1094 5527 1181 5568 me
1224 5513 1450 5583 spiritus
1495 5530 1672 5572 meus.
1716 5534 1737 5568 ι
1817 5514 2059 5572 Instabat
2092 5515 2206 5585 jam
2242 5515 2517 5582 meridies,
2551 5523 2606 5572 et
2637 5530 2724 5572 me
2752 5517 3099 5571 vehementer
3137 5526 3466 5583 congressus
3500 5508 3663 5580 hujus

424 5603 742 5673 pmnitebat,
774 5612 835 5658 ut
864 5606 957 5675 qui
1004 5606 1250 5662 mihimet
1288 5607 1412 5665 talis
1449 5609 1760 5680 ignominiae
1800 5615 1993 5666 auctor
2026 5609 2380 5666 exstitissem.

498 5716 514 5747 ¹
554 5715 696 5771 Psal.
728 5732 939 5781 cuvu,
975 5715 1029 5772 7.

701 5809 969 5869 ΡΑτῐιοι.
1018 5810 1132 5873 Gn.
1182 5809 1400 5873 XLVI.

3330 5773 3409 5831 32
