4068 6154
490 244 634 347 ιοοδ

1723 297 1781 355 S.
1819 301 2145 358 GREGORII
2183 306 2475 364 NYSSENI

3597 337 3725 393 1004

559 406 808 476 Cumque
866 410 1084 478 gravior
1134 410 1249 467 haec
1312 412 1443 466 mihi
1495 415 1770 473 accideret
1830 420 2031 490 injuria

559 510 654 522 ..ι-η
708 497 749 522 ,εἰ
804 496 867 522 ..1.
920 497 1168 522 ι.,....ιι..--
1208 500 1445 522 ....-ι⁵Δ-.-
1495 504 1569 522 ι-ν·
1616 521 1623 522 ,
1672 516 1683 522 ,
1763 509 1774 519 .
1985 511 2017 522 .-

2222 429 2338 522 AKail.
2367 433 2744 507 χαλεπώτερον
2786 439 2883 510 τῆς
2913 443 3063 513 παρὰ
3092 446 3199 498 τῶν
3227 448 3436 520 ὲχθρῶν
3466 469 3554 522 μοι
3582 470 3727 522 γενο-

492 508 655 564 quam
706 497 752 552 si
801 496 869 551 ab
916 497 1170 555 hostibus
1208 500 1453 570 profecta
1494 504 1710 573 fuisset,
1761 509 1879 579 ipsa
1927 511 2060 566 mihi

491 584 751 656 cogitatio
785 600 904 640 mea
954 587 1262 643 molestiam
1314 591 1630 658 exhibebat,
1680 611 1867 651 secum
1897 599 2061 654 modo

490 674 724 745 quodam
753 690 1024 745 pugnans,
1073 687 1127 732 et
1155 681 1484 735 sententiam
1532 699 1688 739 suam
1751 698 1970 744 mutans
2003 689 2058 744 in

488 764 719 821 consilio
769 765 997 821 sinistro
1037 770 1182 837 quod
1231 770 1580 829 instituisset.
1637 774 1740 831 Ubi
1785 793 1916 834 vero
1966 780 2058 835 vix

488 855 709 913 tandem
752 856 912 912 nobis
968 860 1276 915 sacrarium
1329 873 1579 933 apertum
1635 876 1801 934 esset,
1833 869 2057 940 jamque

484 948 715 1020 ingressi
748 948 1045 1005 fuissemus
1075 953 1271 1023 adyta;
1299 955 1492 1024 vulgus
1518 957 1737 1027 quidem
1770 960 2056 1017 hominum

483 1040 779 1109 quominus
815 1040 1098 1111 introiret,
1141 1043 1291 1098 aditu
1330 1047 1742 1115 prohibebatur,
1794 1067 1914 1108 meo
1943 1068 2056 1110 me-

483 1144 609 1184 cum
642 1130 882 1185 intrante
912 1130 1190 1198 ministro,
1218 1134 1315 1203 qui
1363 1150 1531 1191 manu
1561 1154 1762 1209 corpus
1789 1156 1819 1196 e
1857 1142 2047 1199 labore

483 1219 771 1290 fatigatum
803 1218 1043 1276 fulciret.
1075 1220 1215 1277 Hinc
1245 1236 1367 1277 cum
1402 1225 1680 1283 hominem
1728 1231 2056 1300 compellas-

480 1323 630 1372 sem,
685 1316 739 1362 et
798 1308 1198 1378 aliquantulum
1253 1313 1559 1383 stetissent,
1617 1327 1948 1389 exspectans
1998 1327 2057 1376 ut
2132 1334 2135 1339 '

481 1399 999 1470 sederejuberet,ut
1022 1403 1158 1455 nihil
1181 1402 1375 1459 horum
1406 1407 1625 1477 accidit,
1655 1425 1956 1469 conversus
1988 1414 2055 1469 ad
2134 1422 2137 1423 ⁷

480 1493 685 1562 gradus
736 1493 1004 1562 quosdam
1048 1497 1241 1564 procul
1282 1497 1409 1555 inde
1447 1500 1697 1568 dissitos,
1755 1504 1810 1559 in
1862 1520 2053 1562 eorum

481 1599 592 1638 uno
620 1584 901 1653 eonsideo,
928 1594 983 1640 et
1009 1587 1258 1656 nunquid
1280 1598 1531 1646 amanter
1558 1592 1936 1653 bumaniterve
1970 1598 2053 1653 di-

481 1682 673 1730 cturus
702 1685 846 1731 esset
892 1678 1072 1744 nobis,
1106 1679 1192 1734 vel
1239 1681 1433 1737 saltem
1476 1687 1784 1754 superciliis
1816 1697 2052 1744 annulu-

480 1782 599 1832 rus,
632 1768 910 1838 opperior.
944 1767 1146 1824 Verum
1168 1771 1353 1825 omnia
1383 1782 1576 1829 contra
1603 1791 1756 1846 spem
1804 1790 2048 1835 nostram
2080 1763 2121 1817 Β

480 1874 734 1914 evenere.
766 1857 901 1913 Nam
936 1859 1217 1916 silentium
1255 1872 1588 1920 nocturnum
1620 1876 1759 1934 erat,
1788 1877 1842 1925 et
1873 1870 2047 1926 tristi-

478 1950 557 2003 tia
586 1950 833 2020 quaedam
885 1951 1115 2021 tragica,
1146 1958 1201 2007 et
1250 1958 1462 2023 stupor,
1513 1966 1568 2012 et
1623 1960 1677 2013 in
1729 1960 2046 2016 universum

482 2042 634 2095 nulla
664 2058 769 2096 vox
795 2049 879 2097 est
908 2042 1144 2112 prolata.
1193 2042 1440 2114 Denique
1479 2062 1589 2102 non
1620 2050 1876 2120 exiguum
1908 2062 2046 2107 tem-

481 2135 633 2203 poris
682 2134 1033 2189 intervallum
1083 2137 1241 2205 quasi
1296 2140 1455 2210 nigra
1501 2142 1558 2194 in
1607 2148 1769 2197 nocte
1815 2143 2042 2200 silenter

476 2224 815 2295 exigebatur.
843 2225 926 2281 Ad
966 2243 1030 2282 ea
1063 2236 1178 2283 toto
1224 2233 1409 2287 animo
1449 2233 1758 2302 perculsus,
1798 2236 1943 2305 quod
1976 2252 2045 2292 ne

475 2316 684 2388 vulgari
700 2317 936 2391 ‘quidem
955 2334 1101 2377 .voce
1135 2337 1238 2378 nos
1282 2323 1624 2396 dignaretur,
1662 2343 1761 2398 per
1803 2329 1891 2383 illa
1946 2330 2044 2384 ho-

475 2411 681 2465 minum
714 2413 767 2466 in
799 2428 903 2469 usu
932 2414 1238 2486 frequentia
1287 2417 1471 2484 verba,
1502 2419 1705 2489 quibus
1736 2421 1821 2475 vel
1863 2421 2043 2478 obiter

472 2501 667 2556 saltem
702 2502 955 2574 excipere
1001 2515 1215 2561 nosmet
1250 2508 1513 2574 solemus,
1546 2509 1853 2577 cujusmodi
1888 2518 2037 2577 sunt,

475 2610 496 2642 ι
539 2590 733 2648 Salvus
761 2593 1065 2651 advenisti:
1111 2616 1130 2648 ι
1165 2598 1271 2661 vel,
1306 2616 1325 2649 ι
1360 2596 1515 2654 Unde
1543 2600 1705 2656 nobis
1732 2601 1909 2657 ades?
1934 2617 2039 2672 qua

468 2685 537 2740 de
571 2686 782 2742 causa?
820 2689 1179 2758 quamobrem
1214 2690 1321 2744 huc
1366 2692 1720 2762 properasti?
1752 2693 2040 2748 taciturni-

468 2783 634 2831 tatem
663 2777 812 2833 illam
845 2777 975 2831 mihi
1010 2781 1166 2848 quasi
1195 2779 1471 2849 quandam
1501 2783 1628 2837 vitae
1654 2783 1796 2852 apud
1830 2782 2038 2840 inferos

467 2866 759 2937 imaginem
793 2870 1186 2938 proponebant.
1218 2870 1559 2942 Quamquam
1592 2873 1698 2928 hoc
1728 2875 2036 2944 exemplum

468 2973 539 3013 ne
568 2958 784 3028 quidem
813 2975 1079 3031 usurpare
1102 2960 1391 3016 debebam.
1416 2962 1628 3017 Etenim
1656 2965 1800 3034 apud
1829 2965 2036 3022 inferos

466 3062 663 3125 magna
696 3058 781 3105 est
810 3050 1099 3119 aequalitas
1125 3051 1182 3104 in
1217 3053 1531 3107 conditione
1551 3053 1814 3121 omnium,
1838 3056 2035 3125 quippe

469 3124 727 3194 ubi'nibil
775 3154 987 3207 eorum,
1028 3157 1150 3212 quae
1199 3158 1365 3212 supra
1418 3152 1621 3197 terram
1660 3153 1827 3199 totam
1885 3124 2034 3201 illam

464 3231 591 3285 vita:
621 3230 870 3286 humana:
893 3232 1213 3302 tragmdiam
1241 3233 1501 3301 elﬁciunt,
1530 3233 1705 3290 turbae
1736 3235 2032 3306 quidquam

465 3318 676 3375 all'erat.
720 3318 855 3374 Nam
890 3320 1065 3392 gloria
1108 3323 1569 3391 quemadmodum
1609 3331 1762 3384 vates
1812 3326 2034 3395 quidam

464 3411 729 3481 loquitur,
759 3427 864 3466 una
892 3427 1017 3467 eum
1058 3413 1372 3470 hominibus
1416 3431 1525 3470 non
1561 3416 1882 3472 descendit:
1936 3418 2032 3475 sed

462 3501 711 3573 cujusvis
761 3502 999 3558 hominis
1058 3504 1241 3560 anima
1286 3505 1497 3562 relictis
1542 3507 1630 3573 iis,
1678 3524 1801 3578 qua:
1829 3509 1882 3564 in
1928 3508 2033 3566 hac

459 3592 574 3647 vita
623 3601 961 3663 expetuntur
1008 3609 1039 3648 a
1078 3595 1353 3666 plerisque
1388 3612 1604 3653 summo
1649 3598 2028 3671 studio~,petu—

460 3682 649 3750 lautia,
683 3684 928 3755 inquam,
959 3694 1013 3741 et
1056 3687 1330 3757 superbia,
1366 3696 1421 3743 et
1467 3687 1649 3753 fastu,
1700 3690 1928 3761 simplex
1975 3698 2030 3747 et

460 3775 610 3828 omni
645 3776 852 3846 absque
885 3788 1151 3846 apparatu
1174 3777 1242 3831 ad
1276 3776 1483 3833 inferos
1514 3795 1635 3835 sese
1671 3782 1903 3847 confert,
1952 3782 2027 3838 ita

459 3877 520 3922 ut
543 3868 678 3922 nihil
725 3884 908 3924 rerum
942 3873 997 3925 in
1048 3871 1148 3924 hac
1178 3870 1288 3925 vita
1323 3874 1680 3928 molestarum
1727 3876 2026 3946 quidquam

461 3960 583 4014 istis
613 3961 811 4031 negotii
844 3962 1120 4016 exhibeat.
1148 3960 1280 4016 Utut
1314 3978 1403 4018 res
1445 3979 1568 4019 sese
1618 3964 1836 4032 habeat,
1890 3968 2026 4021 mihi

459 4049 682 4119 quidem
710 4058 857 4105 certe
886 4052 1000 4115 illa,
1031 4066 1152 4120 quae
1192 4059 1306 4106 tum
1337 4054 1676 4121 accidebant,
1710 4057 1792 4112 vel
1848 4057 2018 4113 infer-

458 4155 587 4204 nus,
618 4140 705 4195 vel
737 4140 1072 4210 caliginosus
1095 4157 1304 4212 carcer,
1329 4145 1413 4200 vel
1445 4146 1550 4199 alia
1572 4147 1818 4217 quaedam
1848 4149 2022 4206 tristis

2164 520 2339 614 μένης
2365 522 2591 595 ῦὸρεως,
2637 530 2665 580 6
2694 530 2825 598 ἐμός
2859 549 2926 601 με
2959 534 3213 606 λογισμὸς
3256 539 3400 607 ἠνία,
3435 520 3728 614 μαχόμενος

2161 703 2413 801 ροῦουλίᾳ
2442 709 2584 781 ὑπὲρ
2622 705 2696 764 ὧν
2732 714 3009 783 προέθετο.
3056 719 3143 782 Ὠς
3168 720 3212 773 δ’
3238 716 3330 775 οῦν
3365 723 3517 793 μόλις
3544 728 3725 801 ἠνοίγη

2159 794 2289 886 ἡμῖν
2305 794 2385 886 ’τὰ
2414 798 2707 871 ἀνάκτορα,
2734 804 2827 856 καὶ
2852 803 2962 859 τῶν
2992 807 3197 863 ἀδύτων
3223 811 3372 875 ἐντὸς
3402 794 3724 886 ἐγενόμεθαί

2156 884 2206 934 oi
2261 884 2359 954 μὲν
2422 887 2605 941 πολλοὶ
2667 891 3102 965 ἀπεκλείσθησαν
3157 900 3256 970 τῆς
3307 884 3571 959 εἰσόδου-ὴ
3602 908 3631 960 6
3672 908 3726 962 δὲ

2157 973 2287 1043 ἐμὸς
2314 979 2625 1048 συνεισῆλθε
2660 981 2920 1049 διάκονος,
2966 987 3024 1051 ὃς
3064 992 3129 1061 τῇ
3158 993 3303 1062 χειρὶ
3340 994 3400 1049 τὺ
3439 996 3599 1069 σῶμα
3628 1000 3726 1052 ὐπ-

2157 1067 2338 1137 ήρειδε
2375 1072 2685 1142 πεπονηκὸς
2723 1075 2787 1128 ἐκ
2807 1076 2899 1130 τοῦ
2927 1078 3117 1138 κόπου.
3162 1083 3303 1152 Ἐγὼ
3338 1085 3395 1139 δὲ
3426 1067 3726 1158 προσειπὼν

2156 1158 2328 1230 αὐτῷ,
2375 1159 2471 1215 καὶ
2520 1163 2609 1216 ἐπ’
2652 1164 2832 1235 ὀλίγον
2881 1170 3115 1236 σταθεὶς,
3163 1174 3303 1228 ὥστε
3356 1196 3446 1248 μοι
3478 1181 3726 1248 γενέσθαι

2137 1252 2468 1323 ’προτροπὴν
2509 1256 2589 1318 εἰς
2637 1256 2926 1329 καθέδραν,
2961 1261 3033 1326 ὡς
3061 1262 3210 1316 οὐδὲν
3257 1268 3460 1323 τούτων
3502 1272 3723 1340 ἐγίνετο,

2154 1341 2247 1393 ὲπί
2289 1358 2433 1407 τινος
2459 1345 2566 1397 τῶν
2596 1347 2878 1418 πόρρωθεν
2906 1350 3121 1423 βάθρων
3148 1356 3465 1429 διατραπεὶς
3493 1362 3727 1417 ἀνεπαυ-

2156 1429 2356 1523 σάμην,
2389 1434 2673 1523 ἀναμένων
2717 1439 2767 1490 εί
2814 1440 2921 1510 ἄρα
2964 1459 3019 1494 τι
3066 1443 3353 1513 φθέγξαιτο
3403 1449 3540 1520 πρὸς
3586 1453 3727 1523 ἡμᾶς

2154 1521 2398 1591 εὐμενὲς,
2430 1522 2546 1595 ή’τι
2578 1525 2975 1599 φιλάνθρωπον,
3014 1533 3048 1603 ἢ
3074 1536 3190 1598 ταῖς
3219 1535 3349 1604 γοῦν
3387 1539 3587 1610 ὀφρύσι
3610 1521 3723 1595 λοι-

2152 1613 2253 1666 πὸν
2293 1616 2644 1673 ἐπινεύσειεν.
2705 1620 2844 1674 Ἀλλ’
2890 1625 2986 1677 ἀπ’
3033 1625 3291 1681 ἐναντίων
3338 1632 3405 1701 τῇ
3443 1631 3621 1687 ἑλπίδι
3660 1635 3727 1688 τὰ

2154 1707 2348 1761 πάντα.
2379 1709 2565 1780 Σιωπή
2601 1711 2710 1784 γὰρ
2747 1708 2815 1783 ἧν
2846 1714 2907 1768 τὸ
2938 1717 3046 1770 ἀπὸ
3088 1718 3276 1772 τούτου
3300 1725 3606 1795 νυκτερινὴ,
3636 1726 3724 1780 καὶ

2152 1799 2419 1869 κατήφεια
2460 1802 2719 1874 τραγικὴ,
2763 1806 2857 1860 καὶ
2906 1808 3132 1878 θάμϐος.
3181 1812 3274 1865 καὶ
3313 1812 3595 1885 ἔκπληξις,
3637 1820 3725 1871 καὶ

2150 1886 2415 1956 παντελὴς
2443 1889 2674 1958 ἀφωνία,
2706 1893 2800 1945 καὶ
2842 1894 3030 1965 χρόνος
3056 1898 3156 1950 οὐκ
3189 1899 3246 1950 ὲν
3275 1900 3457 1972 μικρῷ
3498 1902 3721 1974 διαστή-

2151 1992 2281 2044 ματι
2321 1977 2570 2051 καθάπερ
2598 1982 2655 2035 ἐν
2686 1982 2910 2055 μελαίνῃ
2958 1987 3111 2040 νυκτὶ
3155 1989 3223 2042 δι’
3271 1992 3501 2061 ἡσυχίας
3547 2011 3723 2065 παρα-

2145 2067 2471 2139 τεινόμενος.
2570 2072 2711 2141 Ἐγὼ
2771 2074 2829 2128 δὲ
2890 2076 3099 2142 τούτοις
3167 2081 3565 2151 ὲναποπλαγεὶς
3629 2086 3721 2158 τὴν

2144 2157 2400 2223 διάνοιαν,
2456 2161 2546 2247 διὰ
2599 2163 2660 2216 τι
2707 2164 2840 2235 μηδὲ
2886 2166 2983 2237 τῆς
3031 2170 3218 2240 κοινῆς
3257 2173 3416 2226 αὐτὸν
3470 2157 3719 2247 ἐθελῆσαι

2148 2245 2465 2317 μεταδοῦναί
2494 2251 2695 2322 φωνῆς,
2729 2253 2817 2306 διά
2859 2254 2965 2309 τῶν
2994 2259 3492 2332 κατημαξευμένων
3519 2245 3719 2320 τούτων

2142 2337 2241 2405 τὴν
2269 2341 2554 2410 συντυχίαν
2584 2344 2991 2416 ἀφοσιουμένων
3009 2364 3022 2377 '
3048 2343 3158 2403 οἷον
3185 2352 3266 2417 τὸ,
3303 2372 3322 2404 ι
3363 2349 3437 2408 Εὖ
3480 2355 3656 2425 ἥκεις,
3685 2357 3717 2428 ἢ

2144 2426 2305 2480 πόθεν
2352 2428 2535 2498 ﬁxere;
2581 2430 2614 2502 ἢ
2672 2432 2810 2504 ὑπὲρ
2840 2434 3018 2501 τίνος;
3047 2437 3078 2508 ἢ
3110 2440 3191 2502 τίς
3221 2440 3374 2511 ήτῆς
3409 2426 3713 2514 παρουσίας

2145 2519 2343 2592 σπουδή
2365 2538 2378 2586 ;
2415 2539 2435 2575 ι
2467 2521 2565 2593 τὴν
2589 2524 2818 2595 ἡσυχίαν
2847 2526 3060 2599 ἐκείνην
3087 2530 3187 2600 τῆς
3209 2532 3267 2583 ἐν
3288 2531 3414 2603 ᾅδου
3441 2535 3719 2608 διαγωγῆς

2142 2612 2437 2684 ἐποιούμην
2466 2615 2667 2669 εἰκόνα.
2718 2617 2933 2673 Μᾶλλον
2964 2618 3021 2672 δὲ
3053 2622 3444 2690 καταγινώσκω
3466 2626 3562 2680 τοῦ
3592 2628 3719 2682 ὑπο-

2139 2696 2447 2787 δείγματος.
2514 2700 2600 2754 Ἐν
2635 2701 2759 2771 ᾅδου
2807 2704 2914 2775 γάρ
2960 2707 3204 2778 ίσονομία
3252 2710 3441 2783 πολλὴ,
3491 2716 3718 2787 μηδενὸς

2137 2785 2245 2839 τῶν
2277 2786 2415 2857 ὑπὲρ
2449 2787 2554 2858 γῆς
2588 2789 2684 2861 τὴν
2718 2792 2847 2862 περὶ
2876 2793 2967 2847 τὸν
3010 2795 3125 2865 βίον
3159 2801 3464 2870 τραγῳδίαν
3488 2785 3718 2874 ἐργαζο-

2140 2876 2336 2946 μένων,
2372 2878 2588 2950 ἐκείνην
2631 2881 2728 2950 τὴν
2770 2882 3042 2956 διαγωγὴν
3079 2887 3430 2958 διοχλοῦντος.
3481 2896 3561 2948 O6
3610 2896 3714 2968 γὰρ

2138 2969 2577 3035 ουγκαταδαίνει,
2629 2973 2772 3028 καθά
2824 2994 2987 3048 φησιν
3044 2980 3072 3031 6
3121 2981 3434 3053 Προφήτης,
3467 2988 3584 3050 τοῖς
3623 2989 3716 3041 ἀν-

2137 3056 2370 3149 θρώποις
2400 3062 2434 3129 ἡ
2462 3060 2586 3127 δόξα
2608 3081 2620 3093 ν
2652 3064 2788 3119 ἀλλά
2821 3067 3194 3123 καταλιποῦσα
3235 3073 3268 3142 ἡ
3302 3073 3532 3129 ἑκάστου
3567 3077 3711 3149 ψυχὴ

2135 3147 2204 3202 τὰ
2245 3148 2341 3203 νῦν
2372 3152 2779 3224 σπουδαζόμενα
2825 3159 2937 3220 τοῖς
2986 3158 3218 3224 πολλοῖς,
3259 3160 3414 3232 ὓϐριν
3446 3163 3594 3233 λέγω
3619 3147 3712 3220 καί

2140 3239 2516 3311 ὑπερηφανίαν
2543 3246 2637 3298 καὶ
2675 3245 2861 3316 τύφον,
2888 3248 3031 3320 ἀπλῆ
3069 3251 3162 3305 καὶ
3187 3252 3560 3319 ἀκατάσκευος
3592 3258 3710 3309 ἐπι-

2136 3329 2393 3401 χωριάζει
2435 3336 2547 3397 τοῖς
2580 3335 2748 3399 κάτω,
2794 3336 2870 3402 ὡς
2918 3339 3082 3409 μηδὲν
3127 3341 3234 3393 τῶν
3265 3344 3392 3413 τῇδε
3421 3344 3711 3418 μοχθηρῶν

2134 3422 2227 3476 καὶ
2282 3422 2412 3494 παρ’
2461 3425 2686 3490 ἐκείνοις
2735 3423 2892 3482 εἶναι.
2952 3430 3098 3502 Πλὴν
3148 3432 3262 3485 ἀλλ’
3311 3435 3436 3505 ἐμοὶ
3486 3436 3625 3508 ᾅδης
3673 3436 3706 3507 ἢ

2130 3513 2495 3583 δεσμωτήριον
2539 3515 2796 3585 ἀφεγγὲς,
2829 3519 2861 3588 ἢ
2897 3519 3024 3574 ἀλλο
3076 3538 3127 3574 τι
3186 3524 3499 3595 σκυθρωπὸν
3546 3526 3709 3581 κολα-

2133 3605 2349 3675 στήριον
2395 3605 2567 3659 ἐδόκει
2596 3608 2664 3661 τά
2706 3609 2948 3680 παρόντα
2990 3606 3152 3677 εἶναι,
3191 3613 3529 3687 λογιζομένῳ
3570 3619 3707 3672 ὅσων

2130 3697 2347 3765 ἀγαθῶν
2370 3698 2664 3769 ἐγενόμεθα
2690 3702 2843 3772 παρὰ
2866 3701 2975 3756 τῶν
2999 3704 3249 3776 πατέρων
3271 3707 3428 3778 ήμῶν
3450 3708 3702 3781 διάδοχοι,

2129 3788 2224 3842 καὶ
2268 3784 2357 3843 οἷα
2405 3789 2717 3861 διηγήματα
2753 3795 2865 3857 τοῖς
2919 3792 3037 3864 μεθ’
3087 3797 3232 3866 ἡμᾶς
3283 3798 3701 3870 καταλείψομεν.

2128 3879 2194 3932 Τί
2235 3879 2292 3933 δὲ
2345 3879 2486 3948 λέγω
2540 3881 2649 3934 τῶν
2716 3884 2966 3955 πατέρων
3022 3886 3121 3955 τὴν
3170 3888 3518 3960 ἀγαπητικὴν
3572 3891 3704 3963 πρὸ;

2124 3970 2386 4040 ἀλλήλους
2416 3972 2628 4043 σχέσιν;
2667 3975 2989 4045 Θαυμαστὸν
3039 3976 3147 4048 γὰρ
3179 3979 3350 4044 οὐδὲν,
3380 3979 3705 4051 ἀνθρώπους

2123 4061 2282 4125 ὄντας
2342 4065 2399 4117 ὲν
2441 4065 2689 4134 ὁμοτίμῳ
2735 4069 2802 4136 τῇ
2848 4066 3028 4134 φύσει,
3081 4071 3245 4139 μηδὲν
3293 4071 3496 4125 ἐθέλειν
3544 4074 3702 4127 πλέον

2123 4146 2364 4223 ἀλλήλων
2413 4156 2576 4225 ἔχειν,
2619 4155 2754 4210 ἀλλά
2805 4161 2872 4229 τῇ
2923 4161 3391 4235 ταπεινοφροσύνῃ
3438 4163 3703 4235 ἀλλήλους

372 4236 377 4239 “
459 4230 672 4288 ollicina
698 4245 871 4300 pmnae
920 4231 1242 4288 videbantur
1292 4249 1453 4291 esse:
1527 4238 1828 4307 praesertim
1895 4254 2019 4294 cum

2137 4244 2368 4314 jysicﬂat
2418 4245 2623 4299 ἑαυτῶν
2675 4248 2980 4318 ὑπερέχειν.
3044 4230 3199 4302 Ἀλλ(
3225 4230 3400 4304 ἐκεῖνο
3459 4230 3700 4323 μάλιστά

459 4334 674 4376 mecum
703 4320 822 4390 ipse
870 4321 1282 4392 perpenderem,
1315 4326 1537 4394 quantis
1566 4327 1622 4381 in
1667 4326 1827 4382 bonis
1858 4342 1888 4381 a
1921 4343 2018 4399 pa-

2123 4348 2225 4402 μου
2271 4333 2372 4404 τῆς
2410 4332 2644 4398 διανοίας
2686 4334 3011 4405 καθήπτετο,
3044 4338 3125 4391 ὅτι
3172 4340 3200 4412 6
3242 4342 3423 4411 πάσης
3469 4343 3700 4407 κτίσεως

457 4413 638 4467 tribus
667 4415 909 4483 acceptis
935 4427 1291 4471 successores
1322 4415 1449 4471 facti
1480 4417 1764 4485 fuerimus,
1795 4428 1851 4476 et
1882 4436 2019 4491 qua-

2137 4422 2416 4492 lean6'r'qc,
2450 4423 2480 4475 6
2520 4423 2810 4493 μονογενὴς
2858 4422 3006 4489 Υἱὸς,
3056 4426 3084 4477 6
3129 4425 3204 4480 ὢν
3246 4429 3303 4481 ὲν
3336 4432 3447 4492 τοῖς
3477 4431 3698 4494 κόλποις

455 4503 538 4558 les
563 4504 798 4573 posteris
849 4506 1196 4561 narrationes
1223 4508 1293 4564 de
1335 4509 1495 4564 nobis
1543 4510 1784 4565 relicturi
1828 4513 2017 4566 simus.

453 4592 597 4661 Quid
628 4593 807 4648 dicam
844 4593 913 4649 de
939 4610 1151 4650 summa
1182 4597 1388 4653 amoris
1419 4596 1723 4664 affectione,
1757 4614 1864 4668 qua
1898 4613 2022 4655 sese

452 4693 646 4740 mutuo
679 4692 862 4755 patres
898 4687 1077 4741 nostri
1122 4688 1622 4757 complectebantur
1646 4688 1669 4740 ?
1697 4686 1845 4742 Nihil
1875 4695 2023 4744 certe

451 4776 584 4830 miri
620 4784 724 4844 est,
753 4790 849 4832 eos
878 4777 970 4845 qui
1002 4777 1113 4831 sint
1144 4777 1390 4834 homines
1412 4779 1467 4832 in
1495 4789 1710 4844 natura,
1746 4779 1904 4847 cujus
1926 4793 2022 4848 per

453 4867 638 4923 omnia
664 4882 763 4936 par
800 4876 884 4923 est
921 4866 1185 4938 dignitas,
1221 4869 1366 4924 nolle
1405 4870 1604 4938 potiori
1640 4869 1854 4924 caeteris
1897 4884 2021 4924 esse

450 4960 595 5023 loco,
646 4956 742 5013 sed
786 4957 1122 5023 existimare,
1174 4968 1365 5015 mutuo
1412 4975 1513 5015 nos
1558 4960 1759 5016 debere
1802 4968 2021 5016 nosmet

447 5047 759 5103 humilitate
785 5062 1067 5119 superare.
1097 5050 1389 5106 Enimvero
1410 5052 1645 5107 maxime
1675 5052 1741 5106 ad
1773 5052 2020 5106 animum

447 5140 586 5194 mihi
617 5139 920 5206 accidebat,
943 5143 1218 5199 universae
1249 5154 1514 5199 creatura:
1546 5143 1859 5211 Dominum,
1896 5146 2021 5200 uni-

446 5244 644 5300 genam
676 5230 832 5286 illum
870 5231 1093 5298 Filium,
1119 5234 1212 5303 qui
1244 5241 1328 5290 est
1354 5234 1411 5288 in
1435 5233 1649 5291 sinibus
1670 5233 1853 5290 Patris
1880 5275 1895 5302 ,
1922 5237 2016 5306 qui

444 5321 659 5375 exstitit
707 5322 863 5379 initio
917 5339 1122 5390 rerum,
1173 5325 1267 5395 qui
1317 5327 1528 5382 exstitit
1576 5325 1631 5380 in
1674 5325 1847 5380 forma
1894 5325 2013 5391 Dei,

446 5411 542 5480 qui
571 5413 827 5471 universa
848 5422 1025 5486 gestat
1045 5417 1214 5471 verbo
1244 5418 1500 5487 potentiae
1534 5432 1670 5480 suae,
1703 5417 1849 5472 hunc
1883 5432 2014 5488 ergo

445 5515 555 5556 non
585 5503 639 5557 in
689 5504 793 5560 hoc
826 5507 1005 5562 solum
1038 5508 1308 5577 abjecisse
1354 5525 1435 5575 se,
1463 5509 1609 5579 quod
1641 5525 1737 5579 per
1790 5524 2012 5565 carnem

445 5591 606 5659 quasi
657 5595 1034 5666 peregrinatus
1079 5597 1167 5666 ‘sit
1212 5600 1269 5654 in
1328 5599 1567 5654 humana
1615 5606 1850 5655 natura:
1915 5602 2008 5657 sed

2118 4509 2213 4563 τοῦ
2262 4512 2492 4581 Πατρὸς,
2526 4514 2554 4564 6
2605 4514 2663 4565 ὲν
2706 4514 2847 4584 ἀρχῇ
2900 4513 2995 4578 ὢν,
3038 4514 3066 4566 6
3108 4516 3165 4566 ὲν
3198 4520 3378 4590 μορφῇ
3411 4517 3551 4573 Θεοῦ
3596 4521 3697 4573 ὑπ·-

2122 4598 2320 4669 άρχων,
2357 4601 2385 4651 6
2411 4600 2479 4652 τά
2513 4599 2802 4670 σύμπαντα
2846 4603 3026 4673 φέρων
3062 4602 3139 4673 τῷ
3171 4606 3376 4675 ῥήματι
3404 4607 3503 4677 τῆς
3541 4608 3699 4663 δυνά-
3766 4612 3777 4623 '

2124 4706 2267 4759 μεως
2286 4690 2586 4757 αὐτοῦ,ούκ
2615 4692 2672 4745 ὲν
2705 4692 2877 4762 τούτῳ
2910 4694 3067 4763 μόνον
3094 4696 3455 4751 ἐταπείνωσεν
3482 4700 3693 4764 ἑαυτὸν,

2121 4780 2178 4830 ὲν
2204 4777 2281 4847 τῷ
2312 4778 2400 4831 διὰ
2447 4778 2645 4850 σαρκὸς
2676 4779 3009 4850 ἐπιδημῆσαι
3051 4785 3114 4853 τῇ
3149 4783 3470 4859 ἀνθρωπίνῃ
3498 4788 3690 4857 φύσει·

2120 4866 2258 4922 ἀλλά
2286 4868 2379 4920 καὶ⁸
2410 4868 2500 4921 τὸν
2545 4867 2807 4940 προδότην
2836 4871 3029 4924 ἑαυτοῦ
3088 4873 3284 4927 Ἰούδαν
3313 4875 3391 4946 τῷ
3435 4877 3546 4947 ἰδίῳ
3572 4878 3694 4931 στό-

2123 4975 2271 5027 ματι,
2316 4957 2404 5012 διὰ
2451 4958 2754 5030 φιλήματος
2806 4963 3234 5031 προσεγγίζοντα
3280 4966 3549 5036 δέχεσθαι,
3596 4968 3693 5022 καὶ

2118 5049 2371 5103 εἰσελθὼν
2405 5051 2484 5115 είς
2511 5050 2607 5121 τὴν
2636 5052 2811 5105 οἰκίαν
2835 5054 3079 5124 Σίμωνος
3113 5059 3206 5109 τοῦ
3238 5057 3461 5130 λεπροῦ,
3498 5059 3561 5112 τὺ
3613 5058 3690 5130 μὴ

2118 5140 2408 5211 φιληθῆναι
2455 5142 2583 5213 παρ’
2618 5143 2803 5209 αὑτοῦ,
2832 5145 2908 5208 ὡς
2939 5145 3339 5219 φιλάνθρωπος,
3387 5150 3687 5215 ὀνειδίζειν.

2129 5231 2268 5299 Ἐγὼ
2299 5231 2355 5285 δὲ
2399 5230 2522 5285 οὗτε
2569 5234 2688 5286 ἀντὶ
2716 5234 2809 5289 τοῦ
2852 5235 3053 5308 λεπροῦ
3097 5238 3379 5311 ὲλογίσθην
3398 5260 3412 5272 ·
3442 5241 3522 5311 τῷ
3549 5243 3689 5307 τίνι;

2128 5325 2185 5376 '0
2228 5325 2346 5391 τίς;
2388 5325 2498 5395 Τὴν
2539 5325 2799 5395 διαφορὰν
2848 5329 3026 5399 εὑρεῖν
3071 5330 3170 5382 οὐκ
3214 5330 3343 5401 ἔχω.
3384 5331 3473 5401 Τῷ
3524 5332 3691 5385 πόθεν

2115 5416 2547 5486 καταϐεϐηκότι;
2581 5416 2752 5470 Ὅπου
2786 5418 3065 5489 κείμενος;
3092 5421 3223 5489 Ετγε
3247 5420 3317 5475 τὰ
3355 5422 3449 5476 τοῦ
3481 5423 3690 5492 κόσμου

2115 5506 2300 5578 βλέποι
2329 5524 2411 5571 τις
2439 5508 2650 5563 τούτου.
2681 5509 2744 5561 Εἰ
2779 5508 2879 5580 μὲν
2907 5509 3016 5581 γάρ
3047 5511 3114 5566 τά
3142 5512 3240 5583 τῆς
3269 5514 3468 5584 σαρκὸς
3498 5511 3692 5579 ὲξετάο

2112 5599 2194 5663 ζοι
2240 5616 2345 5664 τις,
2396 5599 2647 5653 τοσοῦτον
2681 5599 2810 5663 ἴσως
2855 5601 3158 5671 ἀνεπαχθὲς
3202 5604 3319 5655 ἐστι
3367 5604 3565 5671 λέγειν,
3603 5604 3687 5656 ὅτι

441 5662 1144 5773 quocbetiamvproditorem
1170 5687 1367 5747 Iudam
1396 5706 1493 5748 ore
1521 5705 1623 5749 suo
1658 5690 1883 5763 propius
1938 5692 2006 5748 ad

2137 5662 2345 5763 ιμότιμα
2382 5692 2469 5744 ἐπ’
2511 5692 2837 5762 ἀμφοτέρων
2876 5692 2935 5747 τὸ
2977 5662 3193 5764 εὐγενές
3240 5696 3332 5748 καὶ
3378 5662 3681 5765 ἐλεύθερον.
