  <div class='ocr_page' id='page_1' title='image "/cluster/home/n/w/nwhite01/storage/ocr_20150623/46/mdp.39015011915447/510.png"; bbox 0 0 2034 3077; ppageno 0'>
   <div class='ocr_carea' id='block_1_1' title="bbox 224 140 293 167">
    <p class='ocr_par' dir='ltr' id='par_1_1' title="bbox 224 140 293 167">
     <span class='ocr_line' id='line_1_1' title="bbox 224 140 293 167; baseline 0.014 -1"><span class='ocrx_word' id='word_1_1' title='bbox 224 140 293 167; x_wconf 73' lang='grc' dir='ltr'><strong>10θῦ</strong></span> 
     </span>
    </p>
   </div>
   <div class='ocr_carea' id='block_1_2' title="bbox 821 133 1231 163">
    <p class='ocr_par' dir='ltr' id='par_1_2' title="bbox 821 133 1231 163">
     <span class='ocr_line' id='line_1_2' title="bbox 821 133 1231 163; baseline -0.007 0"><span class='ocrx_word' id='word_1_2' title='bbox 821 134 1012 163; x_wconf 58' lang='lat' dir='ltr'><strong>EPISTOLJ‘Z.</strong></span> <span class='ocrx_word' id='word_1_3' title='bbox 1029 149 1063 154; x_wconf 92' lang='lat'>—</span> <span class='ocrx_word' id='word_1_4' title='bbox 1077 133 1186 162; x_wconf 81' lang='lat' dir='ltr'><strong>EPIST.</strong></span> <span class='ocrx_word' id='word_1_5' title='bbox 1212 133 1231 160; x_wconf 84' lang='lat' dir='ltr'><strong>i.</strong></span> 
     </span>
    </p>
   </div>
   <div class='ocr_carea' id='block_1_3' title="bbox 1784 135 1855 163">
    <p class='ocr_par' dir='ltr' id='par_1_3' title="bbox 1784 135 1855 163">
     <span class='ocr_line' id='line_1_3' title="bbox 1784 135 1855 163; baseline 0 -1"><span class='ocrx_word' id='word_1_6' title='bbox 1784 135 1855 163; x_wconf 64' lang='grc'><strong>1006</strong></span> 
     </span>
    </p>
   </div>
   <div class='ocr_carea' id='block_1_4' title="bbox 225 190 1018 229">
    <p class='ocr_par' dir='ltr' id='par_1_4' title="bbox 225 193 1015 229">
     <span class='ocr_line' id='line_1_4' title="bbox 225 193 1015 229; baseline -0.008 -6"><span class='ocrx_word' id='word_1_7' title='bbox 225 198 257 224; x_wconf 86' lang='grc' dir='ltr'><strong>Εἰ</strong></span> <span class='ocrx_word' id='word_1_8' title='bbox 274 196 302 222; x_wconf 70' lang='grc' dir='ltr'>δὲ</span> <span class='ocrx_word' id='word_1_9' title='bbox 323 195 371 229; x_wconf 85' lang='grc' dir='ltr'>τὴν</span> <span class='ocrx_word' id='word_1_10' title='bbox 395 194 481 228; x_wconf 80' lang='grc' dir='ltr'>ἀληθῆ</span> <span class='ocrx_word' id='word_1_11' title='bbox 500 203 540 225; x_wconf 84' lang='grc' dir='ltr'><strong>τις</strong></span> <span class='ocrx_word' id='word_1_12' title='bbox 561 194 703 228; x_wconf 74' lang='grc' dir='ltr'>ἐπιζητοίη</span> <span class='ocrx_word' id='word_1_13' title='bbox 729 194 777 228; x_wconf 81' lang='grc' dir='ltr'>τῆς</span> <span class='ocrx_word' id='word_1_14' title='bbox 803 194 890 227; x_wconf 76' lang='grc' dir='ltr'>ψυχῆς</span> <span class='ocrx_word' id='word_1_15' title='bbox 908 193 1015 218; x_wconf 80' lang='grc' dir='ltr'>ἐλευθε-</span> 
     </span>
    </p>
   </div>
   <div class='ocr_carea' id='block_1_5' title="bbox 1070 190 1855 229">
    <p class='ocr_par' dir='ltr' id='par_1_5' title="bbox 1070 190 1855 226">
     <span class='ocr_line' id='line_1_5' title="bbox 1070 190 1855 226; baseline 0.003 -8"><span class='ocrx_word' id='word_1_16' title='bbox 1070 192 1156 226; x_wconf 85' lang='lat' dir='ltr'><strong>ipsum</strong></span> <span class='ocrx_word' id='word_1_17' title='bbox 1185 192 1236 218; x_wconf 86' lang='lat' dir='ltr'><strong>sub</strong></span> <span class='ocrx_word' id='word_1_18' title='bbox 1260 190 1347 217; x_wconf 87' lang='lat' dir='ltr'><strong>osculi</strong></span> <span class='ocrx_word' id='word_1_19' title='bbox 1363 190 1454 224; x_wconf 88' lang='lat' dir='ltr'><strong>specie</strong></span> <span class='ocrx_word' id='word_1_20' title='bbox 1486 190 1659 218; x_wconf 79' lang='lat' dir='ltr'><strong>accedentem</strong></span> <span class='ocrx_word' id='word_1_21' title='bbox 1692 190 1855 220; x_wconf 81' lang='lat' dir='ltr'><strong>admiserit:</strong></span> 
     </span>
    </p>
   </div>
   <div class='ocr_carea' id='block_1_6' title="bbox 227 239 1017 278">
    <p class='ocr_par' dir='ltr' id='par_1_6' title="bbox 227 239 1017 278">
     <span class='ocr_line' id='line_1_6' title="bbox 227 239 1017 278; baseline -0.005 -10"><span class='ocrx_word' id='word_1_22' title='bbox 227 243 285 278; x_wconf 81' lang='grc' dir='ltr'>ρίαν</span> <span class='ocrx_word' id='word_1_23' title='bbox 303 251 332 267; x_wconf 84' lang='grc' dir='ltr'><strong>τε</strong></span> <span class='ocrx_word' id='word_1_24' title='bbox 354 241 400 267; x_wconf 68' lang='grc' dir='ltr'>καὶ</span> <span class='ocrx_word' id='word_1_25' title='bbox 417 240 564 274; x_wconf 73' lang='grc' dir='ltr'>εὐγένειαν,</span> <span class='ocrx_word' id='word_1_26' title='bbox 590 240 687 275; x_wconf 82' lang='grc' dir='ltr'>ἐπίσης</span> <span class='ocrx_word' id='word_1_27' title='bbox 709 239 795 266; x_wconf 78' lang='grc' dir='ltr'>δοῦλοι</span> <span class='ocrx_word' id='word_1_28' title='bbox 815 239 864 273; x_wconf 84' lang='grc' dir='ltr'>τῆς</span> <span class='ocrx_word' id='word_1_29' title='bbox 882 239 1017 274; x_wconf 79' lang='grc' dir='ltr'>ἁμαρτίας</span> 
     </span>
    </p>
   </div>
   <div class='ocr_carea' id='block_1_7' title="bbox 226 284 1019 322">
    <p class='ocr_par' dir='ltr' id='par_1_7' title="bbox 226 284 1019 322">
     <span class='ocr_line' id='line_1_7' title="bbox 226 284 1019 322; baseline -0.005 -8"><span class='ocrx_word' id='word_1_30' title='bbox 226 288 384 322; x_wconf 58' lang='grc' dir='ltr'>ἀμφότεροι,</span> <span class='ocrx_word' id='word_1_31' title='bbox 404 286 501 321; x_wconf 73' lang='grc' dir='ltr'>ἐπίσης</span> <span class='ocrx_word' id='word_1_32' title='bbox 518 285 565 312; x_wconf 78' lang='grc' dir='ltr'>τοῦ</span> <span class='ocrx_word' id='word_1_33' title='bbox 587 285 710 320; x_wconf 79' lang='grc' dir='ltr'>αἴροντος</span> <span class='ocrx_word' id='word_1_34' title='bbox 731 285 780 316; x_wconf 83' lang='grc' dir='ltr'>τὰς</span> <span class='ocrx_word' id='word_1_35' title='bbox 802 285 938 320; x_wconf 85' lang='grc' dir='ltr'>ἁμαρτίας</span> <span class='ocrx_word' id='word_1_36' title='bbox 962 284 1019 310; x_wconf 76' lang='grc' dir='ltr'><strong>δεό-</strong></span> 
     </span>
    </p>
   </div>
   <div class='ocr_carea' id='block_1_8' title="bbox 228 328 1018 367">
    <p class='ocr_par' dir='ltr' id='par_1_8' title="bbox 228 328 1018 367">
     <span class='ocr_line' id='line_1_8' title="bbox 228 328 1018 367; baseline -0.003 -11"><span class='ocrx_word' id='word_1_37' title='bbox 228 334 313 367; x_wconf 76' lang='grc' dir='ltr'>μεθα·</span> <span class='ocrx_word' id='word_1_38' title='bbox 340 331 418 361; x_wconf 79' lang='grc' dir='ltr'>ἄλλος</span> <span class='ocrx_word' id='word_1_39' title='bbox 443 331 526 362; x_wconf 78' lang='grc' dir='ltr'>ἐστὶν,</span> <span class='ocrx_word' id='word_1_40' title='bbox 551 330 565 355; x_wconf 86' lang='grc' dir='ltr'>ὁ</span> <span class='ocrx_word' id='word_1_41' title='bbox 587 329 625 363; x_wconf 83' lang='grc' dir='ltr'><strong>τῷ</strong></span> <span class='ocrx_word' id='word_1_42' title='bbox 644 329 702 364; x_wconf 82' lang='grc' dir='ltr'>ἰδίῳ</span> <span class='ocrx_word' id='word_1_43' title='bbox 721 329 815 363; x_wconf 82' lang='grc' dir='ltr'>αἵματι</span> <span class='ocrx_word' id='word_1_44' title='bbox 833 328 879 354; x_wconf 77' lang='grc' dir='ltr'>τοῦ</span> <span class='ocrx_word' id='word_1_45' title='bbox 904 328 1018 354; x_wconf 82' lang='grc' dir='ltr'>θανάτου</span> 
     </span>
    </p>
   </div>
   <div class='ocr_carea' id='block_1_9' title="bbox 226 373 1019 411">
    <p class='ocr_par' dir='ltr' id='par_1_9' title="bbox 226 373 1019 411">
     <span class='ocr_line' id='line_1_9' title="bbox 226 373 1019 411; baseline -0.008 -7"><span class='ocrx_word' id='word_1_46' title='bbox 226 378 272 404; x_wconf 78' lang='grc' dir='ltr'><strong>καὶ</strong></span> <span class='ocrx_word' id='word_1_47' title='bbox 304 376 355 402; x_wconf 79' lang='grc' dir='ltr'><strong>τῶν</strong></span> <span class='ocrx_word' id='word_1_48' title='bbox 390 375 531 411; x_wconf 82' lang='grc' dir='ltr'>ἁμαρτιῶν</span> <span class='ocrx_word' id='word_1_49' title='bbox 560 375 634 409; x_wconf 80' lang='grc' dir='ltr'>ἡμᾶς</span> <span class='ocrx_word' id='word_1_50' title='bbox 660 374 884 409; x_wconf 77' lang='grc' dir='ltr'><strong>λυτρωσάμενος,</strong></span> <span class='ocrx_word' id='word_1_51' title='bbox 915 373 943 404; x_wconf 76' lang='grc' dir='ltr'>ὃς</span> <span class='ocrx_word' id='word_1_52' title='bbox 973 373 1019 398; x_wconf 77' lang='grc' dir='ltr'><strong>καὶ</strong></span> 
     </span>
    </p>
   </div>
   <div class='ocr_carea' id='block_1_10' title="bbox 226 417 1017 456">
    <p class='ocr_par' dir='ltr' id='par_1_10' title="bbox 226 417 1017 456">
     <span class='ocr_line' id='line_1_10' title="bbox 226 417 1017 456; baseline -0.005 -9"><span class='ocrx_word' id='word_1_53' title='bbox 226 421 391 456; x_wconf 66' lang='grc' dir='ltr'>ἐξηγόρασεν</span> <span class='ocrx_word' id='word_1_54' title='bbox 410 421 494 455; x_wconf 81' lang='grc' dir='ltr'>ἡμᾶς,</span> <span class='ocrx_word' id='word_1_55' title='bbox 511 421 556 446; x_wconf 76' lang='grc' dir='ltr'>καὶ</span> <span class='ocrx_word' id='word_1_56' title='bbox 576 419 763 454; x_wconf 75' lang='grc' dir='ltr'>ὑπερηφανίαν</span> <span class='ocrx_word' id='word_1_57' title='bbox 784 418 844 444; x_wconf 76' lang='grc' dir='ltr'>τινὰ</span> <span class='ocrx_word' id='word_1_58' title='bbox 868 418 938 444; x_wconf 72' lang='grc' dir='ltr'>κατὰ</span> <span class='ocrx_word' id='word_1_59' title='bbox 963 417 1017 443; x_wconf 79' lang='grc' dir='ltr'><strong>τῶν</strong></span> 
     </span>
    </p>
   </div>
   <div class='ocr_carea' id='block_1_11' title="bbox 227 464 1017 502">
    <p class='ocr_par' dir='ltr' id='par_1_11' title="bbox 227 464 1017 502">
     <span class='ocr_line' id='line_1_11' title="bbox 227 464 1017 502; baseline -0.005 -9"><span class='ocrx_word' id='word_1_60' title='bbox 227 467 462 502; x_wconf 75' lang='grc' dir='ltr'>ὲξαγορασθὲντων</span> <span class='ocrx_word' id='word_1_61' title='bbox 491 467 540 493; x_wconf 75' lang='grc' dir='ltr'>οὐκ</span> <span class='ocrx_word' id='word_1_62' title='bbox 564 466 727 497; x_wconf 75' lang='grc' dir='ltr'><strong>ἐπεδείξατο,</strong></span> <span class='ocrx_word' id='word_1_63' title='bbox 746 465 858 499; x_wconf 76' lang='grc' dir='ltr'>νεκροὺς</span> <span class='ocrx_word' id='word_1_64' title='bbox 883 465 921 495; x_wconf 79' lang='grc' dir='ltr'>εἰς</span> <span class='ocrx_word' id='word_1_65' title='bbox 946 464 1017 499; x_wconf 77' lang='grc' dir='ltr'><strong>ζωὴν</strong></span> 
     </span>
    </p>
   </div>
   <div class='ocr_carea' id='block_1_12' title="bbox 226 508 1017 546">
    <p class='ocr_par' dir='ltr' id='par_1_12' title="bbox 226 508 1017 546">
     <span class='ocr_line' id='line_1_12' title="bbox 226 508 1017 546; baseline -0.004 -8"><span class='ocrx_word' id='word_1_66' title='bbox 226 512 453 546; x_wconf 80' lang='grc' dir='ltr'>ἀνακαλούμενος,</span> <span class='ocrx_word' id='word_1_67' title='bbox 468 508 491 537; x_wconf 80' lang='grc' dir='ltr'><strong>’ὁ</strong></span> <span class='ocrx_word' id='word_1_68' title='bbox 511 511 599 537; x_wconf 76' lang='grc' dir='ltr'>πᾶσαν</span> <span class='ocrx_word' id='word_1_69' title='bbox 619 510 765 545; x_wconf 75' lang='grc' dir='ltr'>ἐξιώμενος</span> <span class='ocrx_word' id='word_1_70' title='bbox 791 510 946 544; x_wconf 68' lang='grc' dir='ltr'>ἀρρωστίαν</span> <span class='ocrx_word' id='word_1_71' title='bbox 971 510 1017 535; x_wconf 81' lang='grc' dir='ltr'>καὶ</span> 
     </span>
    </p>
   </div>
   <div class='ocr_carea' id='block_1_13' title="bbox 226 557 539 593">
    <p class='ocr_par' dir='ltr' id='par_1_13' title="bbox 226 557 539 593">
     <span class='ocr_line' id='line_1_13' title="bbox 226 557 539 593; baseline -0.003 -9"><span class='ocrx_word' id='word_1_72' title='bbox 226 558 319 593; x_wconf 80' lang='grc' dir='ltr'>ψυχῶν</span> <span class='ocrx_word' id='word_1_73' title='bbox 333 558 380 584; x_wconf 77' lang='grc' dir='ltr'>καὶ</span> <span class='ocrx_word' id='word_1_74' title='bbox 395 557 539 592; x_wconf 79' lang='grc' dir='ltr'>σωμάτων.</span> 
     </span>
    </p>
   </div>
   <div class='ocr_carea' id='block_1_14' title="bbox 1069 235 1856 272">
    <p class='ocr_par' dir='ltr' id='par_1_14' title="bbox 1069 235 1856 272">
     <span class='ocr_line' id='line_1_14' title="bbox 1069 235 1856 272; baseline 0.005 -10"><span class='ocrx_word' id='word_1_75' title='bbox 1069 236 1197 271; x_wconf 85' lang='lat' dir='ltr'><strong>quodque</strong></span> <span class='ocrx_word' id='word_1_76' title='bbox 1212 236 1323 262; x_wconf 89' lang='lat' dir='ltr'><strong>domum</strong></span> <span class='ocrx_word' id='word_1_77' title='bbox 1339 235 1440 269; x_wconf 87' lang='lat' dir='ltr'><strong>leprosi</strong></span> <span class='ocrx_word' id='word_1_78' title='bbox 1457 235 1577 263; x_wconf 88' lang='lat' dir='ltr'><strong>Simonis</strong></span> <span class='ocrx_word' id='word_1_79' title='bbox 1597 237 1747 272; x_wconf 82' lang='lat' dir='ltr'><strong>ingressus,</strong></span> <span class='ocrx_word' id='word_1_80' title='bbox 1768 240 1856 268; x_wconf 84' lang='lat' dir='ltr'><strong>eidem</strong></span> 
     </span>
    </p>
   </div>
   <div class='ocr_carea' id='block_1_15' title="bbox 1071 282 1858 317">
    <p class='ocr_par' dir='ltr' id='par_1_15' title="bbox 1071 282 1858 317">
     <span class='ocr_line' id='line_1_15' title="bbox 1071 282 1858 317; baseline 0.006 -10"><span class='ocrx_word' id='word_1_81' title='bbox 1071 289 1121 316; x_wconf 88' lang='lat' dir='ltr'><strong>pro</strong></span> <span class='ocrx_word' id='word_1_82' title='bbox 1135 289 1242 308; x_wconf 84' lang='lat' dir='ltr'><strong>summa</strong></span> <span class='ocrx_word' id='word_1_83' title='bbox 1256 282 1427 308; x_wconf 71' lang='lat' dir='ltr'><strong>humanitate</strong></span> <span class='ocrx_word' id='word_1_84' title='bbox 1443 289 1493 308; x_wconf 91' lang='lat' dir='ltr'><strong>sua</strong></span> <span class='ocrx_word' id='word_1_85' title='bbox 1506 282 1662 316; x_wconf 71' lang='lat' dir='ltr'><strong>exprobret,</strong></span> <span class='ocrx_word' id='word_1_86' title='bbox 1675 285 1747 317; x_wconf 91' lang='lat' dir='ltr'><strong>quod</strong></span> <span class='ocrx_word' id='word_1_87' title='bbox 1762 287 1858 312; x_wconf 83' lang='lat' dir='ltr'><strong>osculo</strong></span> 
     </span>
    </p>
   </div>
   <div class='ocr_carea' id='block_1_16' title="bbox 1069 326 1859 366">
    <p class='ocr_par' dir='ltr' id='par_1_16' title="bbox 1069 326 1859 366">
     <span class='ocr_line' id='line_1_16' title="bbox 1069 326 1859 366; baseline 0.005 -12"><span class='ocrx_word' id='word_1_88' title='bbox 1069 335 1123 354; x_wconf 90' lang='lat' dir='ltr'><strong>non</strong></span> <span class='ocrx_word' id='word_1_89' title='bbox 1140 326 1237 355; x_wconf 84' lang='lat' dir='ltr'><strong>fuisset</strong></span> <span class='ocrx_word' id='word_1_90' title='bbox 1255 331 1396 362; x_wconf 83' lang='lat' dir='ltr'><strong>exceptus.</strong></span> <span class='ocrx_word' id='word_1_91' title='bbox 1413 327 1468 362; x_wconf 78' lang='lat' dir='ltr'><strong>Ego</strong></span> <span class='ocrx_word' id='word_1_92' title='bbox 1484 335 1549 355; x_wconf 87' lang='lat' dir='ltr'><strong>vero</strong></span> <span class='ocrx_word' id='word_1_93' title='bbox 1566 336 1599 355; x_wconf 86' lang='lat' dir='ltr'><strong>ue</strong></span> <span class='ocrx_word' id='word_1_94' title='bbox 1613 336 1663 363; x_wconf 90' lang='lat' dir='ltr'><strong>pro</strong></span> <span class='ocrx_word' id='word_1_95' title='bbox 1678 329 1786 362; x_wconf 84' lang='lat' dir='ltr'><strong>Ieproso</strong></span> <span class='ocrx_word' id='word_1_96' title='bbox 1797 333 1859 366; x_wconf 90' lang='lat' dir='ltr'><strong>qui-</strong></span> 
     </span>
    </p>
   </div>
   <div class='ocr_carea' id='block_1_17' title="bbox 1071 372 1859 411">
    <p class='ocr_par' dir='ltr' id='par_1_17' title="bbox 1071 372 1859 411">
     <span class='ocr_line' id='line_1_17' title="bbox 1071 372 1859 411; baseline 0.006 -11"><span class='ocrx_word' id='word_1_97' title='bbox 1071 373 1132 400; x_wconf 85' lang='lat' dir='ltr'><strong>dem</strong></span> <span class='ocrx_word' id='word_1_98' title='bbox 1158 380 1218 400; x_wconf 91' lang='lat' dir='ltr'><strong>sum</strong></span> <span class='ocrx_word' id='word_1_99' title='bbox 1244 372 1366 400; x_wconf 87' lang='lat' dir='ltr'><strong>habitus.</strong></span> <span class='ocrx_word' id='word_1_100' title='bbox 1392 373 1427 399; x_wconf 83' lang='lat' dir='ltr'><strong>At</strong></span> <span class='ocrx_word' id='word_1_101' title='bbox 1456 374 1503 408; x_wconf 87' lang='lat' dir='ltr'><strong>qui</strong></span> <span class='ocrx_word' id='word_1_102' title='bbox 1523 374 1581 406; x_wconf 92' lang='lat' dir='ltr'><strong>vir,</strong></span> <span class='ocrx_word' id='word_1_103' title='bbox 1609 382 1623 400; x_wconf 89' lang='lat' dir='ltr'><strong>a</strong></span> <span class='ocrx_word' id='word_1_104' title='bbox 1649 376 1725 409; x_wconf 85' lang='lat' dir='ltr'><strong>quo?</strong></span> <span class='ocrx_word' id='word_1_105' title='bbox 1747 376 1859 411; x_wconf 85' lang='lat' dir='ltr'><strong>Nequeo</strong></span> 
     </span>
    </p>
   </div>
   <div class='ocr_carea' id='block_1_18' title="bbox 1071 419 1860 453">
    <p class='ocr_par' dir='ltr' id='par_1_18' title="bbox 1071 419 1860 453">
     <span class='ocr_line' id='line_1_18' title="bbox 1071 419 1860 453; baseline 0.008 -8"><span class='ocrx_word' id='word_1_106' title='bbox 1071 423 1144 446; x_wconf 89' lang='lat' dir='ltr'><strong>certe</strong></span> <span class='ocrx_word' id='word_1_107' title='bbox 1164 419 1314 453; x_wconf 82' lang='lat' dir='ltr'><strong>quidquam</strong></span> <span class='ocrx_word' id='word_1_108' title='bbox 1331 419 1499 447; x_wconf 88' lang='lat' dir='ltr'><strong>discriminis</strong></span> <span class='ocrx_word' id='word_1_109' title='bbox 1523 420 1654 449; x_wconf 88' lang='lat' dir='ltr'><strong>invenire.</strong></span> <span class='ocrx_word' id='word_1_110' title='bbox 1673 422 1751 449; x_wconf 85' lang='lat' dir='ltr'><strong>Unde</strong></span> <span class='ocrx_word' id='word_1_111' title='bbox 1766 423 1789 449; x_wconf 74' lang='lat' dir='ltr'><strong>is</strong></span> <span class='ocrx_word' id='word_1_112' title='bbox 1812 424 1860 451; x_wconf 89' lang='lat' dir='ltr'><strong>de-</strong></span> 
     </span>
    </p>
   </div>
   <div class='ocr_carea' id='block_1_19' title="bbox 1071 464 1857 503">
    <p class='ocr_par' dir='ltr' id='par_1_19' title="bbox 1071 464 1857 503">
     <span class='ocr_line' id='line_1_19' title="bbox 1071 464 1857 503; baseline 0.005 -11"><span class='ocrx_word' id='word_1_113' title='bbox 1071 465 1216 492; x_wconf 86' lang='lat' dir='ltr'><strong>scenderat</strong></span> <span class='ocrx_word' id='word_1_114' title='bbox 1227 465 1238 491; x_wconf 85' lang='lat'><strong>?</strong></span> <span class='ocrx_word' id='word_1_115' title='bbox 1251 464 1302 492; x_wconf 90' lang='lat' dir='ltr'><strong>Ubi</strong></span> <span class='ocrx_word' id='word_1_116' title='bbox 1318 465 1440 499; x_wconf 86' lang='lat' dir='ltr'><strong>abjectus</strong></span> <span class='ocrx_word' id='word_1_117' title='bbox 1456 465 1514 500; x_wconf 90' lang='lat' dir='ltr'><strong>ipse</strong></span> <span class='ocrx_word' id='word_1_118' title='bbox 1531 466 1683 501; x_wconf 86' lang='lat' dir='ltr'><strong>jacueram,</strong></span> <span class='ocrx_word' id='word_1_119' title='bbox 1703 469 1725 495; x_wconf 88' lang='lat' dir='ltr'><strong>si</strong></span> <span class='ocrx_word' id='word_1_120' title='bbox 1748 469 1857 503; x_wconf 84' lang='lat' dir='ltr'><strong>quidem</strong></span> 
     </span>
    </p>
   </div>
   <div class='ocr_carea' id='block_1_20' title="bbox 1071 510 1859 547">
    <p class='ocr_par' dir='ltr' id='par_1_20' title="bbox 1071 510 1859 547">
     <span class='ocr_line' id='line_1_20' title="bbox 1071 510 1859 547; baseline 0.006 -10"><span class='ocrx_word' id='word_1_121' title='bbox 1071 510 1210 537; x_wconf 83' lang='lat' dir='ltr'><strong>mundana</strong></span> <span class='ocrx_word' id='word_1_122' title='bbox 1228 511 1290 545; x_wconf 82' lang='lat' dir='ltr'><strong>quis</strong></span> <span class='ocrx_word' id='word_1_123' title='bbox 1306 511 1456 538; x_wconf 88' lang='lat' dir='ltr'><strong>intueatur.</strong></span> <span class='ocrx_word' id='word_1_124' title='bbox 1475 511 1543 538; x_wconf 83' lang='lat' dir='ltr'><strong>Nam</strong></span> <span class='ocrx_word' id='word_1_125' title='bbox 1559 521 1619 547; x_wconf 76' lang='lat' dir='ltr'><strong>qua:</strong></span> <span class='ocrx_word' id='word_1_126' title='bbox 1635 515 1726 541; x_wconf 89' lang='lat' dir='ltr'><strong>carnis</strong></span> <span class='ocrx_word' id='word_1_127' title='bbox 1745 520 1818 546; x_wconf 87' lang='lat' dir='ltr'><strong>sunt,</strong></span> <span class='ocrx_word' id='word_1_128' title='bbox 1835 516 1859 542; x_wconf 97' lang='lat' dir='ltr'><strong>si</strong></span> 
     </span>
    </p>
   </div>
   <div class='ocr_carea' id='block_1_21' title="bbox 1071 557 1859 595">
    <p class='ocr_par' dir='ltr' id='par_1_21' title="bbox 1071 557 1859 595">
     <span class='ocr_line' id='line_1_21' title="bbox 1071 557 1859 595; baseline 0.006 -12"><span class='ocrx_word' id='word_1_129' title='bbox 1071 557 1133 591; x_wconf 88' lang='lat' dir='ltr'><strong>quis</strong></span> <span class='ocrx_word' id='word_1_130' title='bbox 1150 557 1282 591; x_wconf 80' lang='lat' dir='ltr'><strong>exploret,</strong></span> <span class='ocrx_word' id='word_1_131' title='bbox 1308 557 1427 585; x_wconf 77' lang='lat' dir='ltr'><strong>fortasse</strong></span> <span class='ocrx_word' id='word_1_132' title='bbox 1447 562 1553 584; x_wconf 89' lang='lat' dir='ltr'><strong>tantum</strong></span> <span class='ocrx_word' id='word_1_133' title='bbox 1575 559 1629 586; x_wconf 89' lang='lat' dir='ltr'><strong>dici</strong></span> <span class='ocrx_word' id='word_1_134' title='bbox 1656 560 1759 595; x_wconf 80' lang='lat' dir='ltr'><strong>absque</strong></span> <span class='ocrx_word' id='word_1_135' title='bbox 1777 562 1859 588; x_wconf 88' lang='lat' dir='ltr'><strong>mole-</strong></span> 
     </span>
    </p>
   </div>
   <div class='ocr_carea' id='block_1_22' title="bbox 226 603 1859 640">
    <p class='ocr_par' dir='ltr' id='par_1_22' title="bbox 226 603 1859 640">
     <span class='ocr_line' id='line_1_22' title="bbox 226 603 1859 640; baseline 0.002 -9"><span class='ocrx_word' id='word_1_136' title='bbox 226 605 280 631; x_wconf 87' lang='lat' dir='ltr'><strong>stia</strong></span> <span class='ocrx_word' id='word_1_137' title='bbox 296 604 461 638; x_wconf 81' lang='lat' dir='ltr'><strong>cujusquam</strong></span> <span class='ocrx_word' id='word_1_138' title='bbox 476 607 579 638; x_wconf 78' lang='lat' dir='ltr'><strong>potest,</strong></span> <span class='ocrx_word' id='word_1_139' title='bbox 592 610 683 637; x_wconf 89' lang='lat' dir='ltr'><strong>parem</strong></span> <span class='ocrx_word' id='word_1_140' title='bbox 712 603 858 638; x_wconf 87' lang='lat' dir='ltr'><strong>utriusque</strong></span> <span class='ocrx_word' id='word_1_141' title='bbox 890 603 1051 638; x_wconf 74' lang='lat' dir='ltr'><strong>dignitatem</strong></span> <span class='ocrx_word' id='word_1_142' title='bbox 1072 611 1145 635; x_wconf 88' lang='lat' dir='ltr'><strong>esse,</strong></span> <span class='ocrx_word' id='word_1_143' title='bbox 1173 611 1226 637; x_wconf 89' lang='lat' dir='ltr'><strong>qua</strong></span> <span class='ocrx_word' id='word_1_144' title='bbox 1251 604 1442 636; x_wconf 78' lang='lat' dir='ltr'><strong>nobilitatem,</strong></span> <span class='ocrx_word' id='word_1_145' title='bbox 1464 612 1518 639; x_wconf 88' lang='lat' dir='ltr'><strong>qua</strong></span> <span class='ocrx_word' id='word_1_146' title='bbox 1542 605 1750 640; x_wconf 78' lang='lat' dir='ltr'><strong>ingenuitatem.</strong></span> <span class='ocrx_word' id='word_1_147' title='bbox 1776 608 1809 634; x_wconf 86' lang='lat' dir='ltr'><strong>At</strong></span> <span class='ocrx_word' id='word_1_148' title='bbox 1835 609 1859 635; x_wconf 87' lang='lat' dir='ltr'><strong>si</strong></span> 
     </span>
    </p>
   </div>
   <div class='ocr_carea' id='block_1_23' title="bbox 224 649 1860 685">
    <p class='ocr_par' dir='ltr' id='par_1_23' title="bbox 224 649 1860 685">
     <span class='ocr_line' id='line_1_23' title="bbox 224 649 1860 685; baseline 0.002 -8"><span class='ocrx_word' id='word_1_149' title='bbox 224 657 320 677; x_wconf 84' lang='lat' dir='ltr'><strong>veram</strong></span> <span class='ocrx_word' id='word_1_150' title='bbox 358 650 421 684; x_wconf 90' lang='lat' dir='ltr'><strong>quis</strong></span> <span class='ocrx_word' id='word_1_151' title='bbox 457 650 541 676; x_wconf 87' lang='lat' dir='ltr'><strong>animi</strong></span> <span class='ocrx_word' id='word_1_152' title='bbox 579 653 634 675; x_wconf 91' lang='lat' dir='ltr'><strong>tam</strong></span> <span class='ocrx_word' id='word_1_153' title='bbox 661 649 870 683; x_wconf 79' lang='lat' dir='ltr'><strong>ingenuitatem,</strong></span> <span class='ocrx_word' id='word_1_154' title='bbox 895 657 977 683; x_wconf 86' lang='lat' dir='ltr'><strong>quam</strong></span> <span class='ocrx_word' id='word_1_155' title='bbox 994 649 1167 676; x_wconf 90' lang='lat' dir='ltr'><strong>nobilitatem</strong></span> <span class='ocrx_word' id='word_1_156' title='bbox 1194 649 1336 684; x_wconf 91' lang='lat' dir='ltr'><strong>inquirat,</strong></span> <span class='ocrx_word' id='word_1_157' title='bbox 1360 651 1458 684; x_wconf 66' lang='lat' dir='ltr'><strong>aequali</strong></span> <span class='ocrx_word' id='word_1_158' title='bbox 1483 651 1590 678; x_wconf 84' lang='lat' dir='ltr'><strong>ratione</strong></span> <span class='ocrx_word' id='word_1_159' title='bbox 1622 652 1727 685; x_wconf 84' lang='lat' dir='ltr'><strong>peccati</strong></span> <span class='ocrx_word' id='word_1_160' title='bbox 1763 661 1860 680; x_wconf 89' lang='lat' dir='ltr'><strong>sumus</strong></span> 
     </span>
    </p>
   </div>
   <div class='ocr_carea' id='block_1_24' title="bbox 227 695 1860 732">
    <p class='ocr_par' dir='ltr' id='par_1_24' title="bbox 227 695 1860 732">
     <span class='ocr_line' id='line_1_24' title="bbox 227 695 1860 732; baseline 0.001 -9"><span class='ocrx_word' id='word_1_161' title='bbox 227 700 342 731; x_wconf 86' lang='lat' dir='ltr'><strong>uterque</strong></span> <span class='ocrx_word' id='word_1_162' title='bbox 358 696 431 723; x_wconf 81' lang='lat' dir='ltr'><strong>servi</strong></span> <span class='ocrx_word' id='word_1_163' title='bbox 446 705 452 722; x_wconf 88' lang='lat'>:</span> <span class='ocrx_word' id='word_1_164' title='bbox 466 695 564 730; x_wconf 62' lang='lat' dir='ltr'><strong>arquati</strong></span> <span class='ocrx_word' id='word_1_165' title='bbox 582 695 688 722; x_wconf 83' lang='lat' dir='ltr'><strong>ratione</strong></span> <span class='ocrx_word' id='word_1_166' title='bbox 707 699 818 730; x_wconf 88' lang='lat' dir='ltr'><strong>peccata</strong></span> <span class='ocrx_word' id='word_1_167' title='bbox 835 695 956 722; x_wconf 83' lang='lat' dir='ltr'><strong>tollentis</strong></span> <span class='ocrx_word' id='word_1_168' title='bbox 972 695 1147 730; x_wconf 76' lang='lat' dir='ltr'><strong>indigemus;</strong></span> <span class='ocrx_word' id='word_1_169' title='bbox 1184 696 1255 723; x_wconf 86' lang='lat' dir='ltr'><strong>alius</strong></span> <span class='ocrx_word' id='word_1_170' title='bbox 1289 700 1341 728; x_wconf 80' lang='lat' dir='ltr'><strong>est,</strong></span> <span class='ocrx_word' id='word_1_171' title='bbox 1369 697 1415 731; x_wconf 91' lang='lat' dir='ltr'><strong>qui</strong></span> <span class='ocrx_word' id='word_1_172' title='bbox 1442 698 1555 732; x_wconf 89' lang='lat' dir='ltr'><strong>proprio</strong></span> <span class='ocrx_word' id='word_1_173' title='bbox 1578 697 1713 732; x_wconf 77' lang='lat' dir='ltr'><strong>sanguine</strong></span> <span class='ocrx_word' id='word_1_174' title='bbox 1742 706 1792 726; x_wconf 90' lang='lat' dir='ltr'><strong>nos</strong></span> <span class='ocrx_word' id='word_1_175' title='bbox 1825 699 1860 726; x_wconf 90' lang='lat' dir='ltr'><strong>de</strong></span> 
     </span>
    </p>
   </div>
   <div class='ocr_carea' id='block_1_25' title="bbox 225 742 1860 778">
    <p class='ocr_par' dir='ltr' id='par_1_25' title="bbox 225 742 1860 778">
     <span class='ocr_line' id='line_1_25' title="bbox 225 742 1860 778; baseline 0.001 -8"><span class='ocrx_word' id='word_1_176' title='bbox 225 748 316 770; x_wconf 88' lang='lat' dir='ltr'><strong>morte</strong></span> <span class='ocrx_word' id='word_1_177' title='bbox 339 743 517 777; x_wconf 88' lang='lat' dir='ltr'><strong>peccatisque</strong></span> <span class='ocrx_word' id='word_1_178' title='bbox 552 742 694 777; x_wconf 88' lang='lat' dir='ltr'><strong>persoluto</strong></span> <span class='ocrx_word' id='word_1_179' title='bbox 717 743 804 777; x_wconf 82' lang='lat' dir='ltr'><strong>pretio</strong></span> <span class='ocrx_word' id='word_1_180' title='bbox 828 742 963 774; x_wconf 82' lang='lat' dir='ltr'><strong>redemit;</strong></span> <span class='ocrx_word' id='word_1_181' title='bbox 999 743 1047 777; x_wconf 83' lang='lat' dir='ltr'><strong>qui</strong></span> <span class='ocrx_word' id='word_1_182' title='bbox 1067 748 1205 770; x_wconf 87' lang='lat' dir='ltr'><strong>mercatus</strong></span> <span class='ocrx_word' id='word_1_183' title='bbox 1221 747 1339 775; x_wconf 87' lang='lat' dir='ltr'><strong>estnos,</strong></span> <span class='ocrx_word' id='word_1_184' title='bbox 1357 751 1446 778; x_wconf 91' lang='lat' dir='ltr'><strong>neque</strong></span> <span class='ocrx_word' id='word_1_185' title='bbox 1464 747 1553 770; x_wconf 91' lang='lat' dir='ltr'><strong>tamen</strong></span> <span class='ocrx_word' id='word_1_186' title='bbox 1575 744 1629 770; x_wconf 87' lang='lat' dir='ltr'><strong>ulla</strong></span> <span class='ocrx_word' id='word_1_187' title='bbox 1651 744 1786 772; x_wconf 89' lang='lat' dir='ltr'><strong>adversus</strong></span> <span class='ocrx_word' id='word_1_188' title='bbox 1802 752 1860 772; x_wconf 64' lang='lat' dir='ltr'><strong>cmi</strong></span> 
     </span>
    </p>
   </div>
   <div class='ocr_carea' id='block_1_26' title="bbox 225 786 1860 824">
    <p class='ocr_par' dir='ltr' id='par_1_26' title="bbox 225 786 1860 824">
     <span class='ocr_line' id='line_1_26' title="bbox 225 786 1860 824; baseline 0.002 -10"><span class='ocrx_word' id='word_1_189' title='bbox 225 795 286 824; x_wconf 83' lang='lat' dir='ltr'><strong>pios</strong></span> <span class='ocrx_word' id='word_1_190' title='bbox 301 790 335 815; x_wconf 92' lang='lat' dir='ltr'><strong>ab</strong></span> <span class='ocrx_word' id='word_1_191' title='bbox 349 796 411 816; x_wconf 87' lang='lat' dir='ltr'><strong>sese</strong></span> <span class='ocrx_word' id='word_1_192' title='bbox 431 788 561 823; x_wconf 83' lang='lat' dir='ltr'><strong>superbia</strong></span> <span class='ocrx_word' id='word_1_193' title='bbox 584 795 651 815; x_wconf 90' lang='lat' dir='ltr'><strong>usus</strong></span> <span class='ocrx_word' id='word_1_194' title='bbox 677 791 730 819; x_wconf 87' lang='lat' dir='ltr'><strong>est,</strong></span> <span class='ocrx_word' id='word_1_195' title='bbox 754 787 801 822; x_wconf 88' lang='lat' dir='ltr'><strong>qui</strong></span> <span class='ocrx_word' id='word_1_196' title='bbox 827 790 950 814; x_wconf 86' lang='lat' dir='ltr'><strong>mortuos</strong></span> <span class='ocrx_word' id='word_1_197' title='bbox 980 786 1008 813; x_wconf 90' lang='lat' dir='ltr'><strong>in</strong></span> <span class='ocrx_word' id='word_1_198' title='bbox 1028 787 1112 814; x_wconf 89' lang='lat' dir='ltr'><strong>vitam</strong></span> <span class='ocrx_word' id='word_1_199' title='bbox 1128 788 1290 814; x_wconf 85' lang='lat' dir='ltr'><strong>revocavit:</strong></span> <span class='ocrx_word' id='word_1_200' title='bbox 1312 788 1357 823; x_wconf 86' lang='lat' dir='ltr'><strong>qui</strong></span> <span class='ocrx_word' id='word_1_201' title='bbox 1376 795 1486 815; x_wconf 89' lang='lat' dir='ltr'><strong>omnem</strong></span> <span class='ocrx_word' id='word_1_202' title='bbox 1503 792 1530 815; x_wconf 89' lang='lat' dir='ltr'><strong>et</strong></span> <span class='ocrx_word' id='word_1_203' title='bbox 1542 788 1700 816; x_wconf 89' lang='lat' dir='ltr'><strong>animorum</strong></span> <span class='ocrx_word' id='word_1_204' title='bbox 1736 794 1764 817; x_wconf 88' lang='lat' dir='ltr'><strong>et</strong></span> <span class='ocrx_word' id='word_1_205' title='bbox 1796 797 1860 817; x_wconf 87' lang='lat' dir='ltr'><strong>cor-</strong></span> 
     </span>
    </p>
   </div>
   <div class='ocr_carea' id='block_1_27' title="bbox 226 833 645 871">
    <p class='ocr_par' dir='ltr' id='par_1_27' title="bbox 226 833 645 871">
     <span class='ocr_line' id='line_1_27' title="bbox 226 833 645 871; baseline -0.007 -9"><span class='ocrx_word' id='word_1_206' title='bbox 226 842 324 871; x_wconf 87' lang='lat' dir='ltr'><strong>porum</strong></span> <span class='ocrx_word' id='word_1_207' title='bbox 342 834 509 862; x_wconf 85' lang='lat' dir='ltr'><strong>debilitatem</strong></span> <span class='ocrx_word' id='word_1_208' title='bbox 526 833 645 862; x_wconf 84' lang='lat' dir='ltr'><strong>sanavit.</strong></span> 
     </span>
    </p>
   </div>
   <div class='ocr_carea' id='block_1_28' title="bbox 268 878 1018 916">
    <p class='ocr_par' dir='ltr' id='par_1_28' title="bbox 268 879 1018 916">
     <span class='ocr_line' id='line_1_28' title="bbox 268 879 1018 916; baseline -0.001 -9"><span class='ocrx_word' id='word_1_209' title='bbox 268 881 344 908; x_wconf 68' lang='grc' dir='ltr'>Ἐπεὶ</span> <span class='ocrx_word' id='word_1_210' title='bbox 360 879 407 907; x_wconf 74' lang='grc' dir='ltr'><strong>οὖν</strong></span> <span class='ocrx_word' id='word_1_211' title='bbox 421 883 435 907; x_wconf 84' lang='grc' dir='ltr'><em>ὁ</em></span> <span class='ocrx_word' id='word_1_212' title='bbox 454 880 514 907; x_wconf 84' lang='grc' dir='ltr'>καθ’</span> <span class='ocrx_word' id='word_1_213' title='bbox 529 880 608 915; x_wconf 81' lang='grc' dir='ltr'>ἡμῶν</span> <span class='ocrx_word' id='word_1_214' title='bbox 630 880 712 914; x_wconf 71' lang='grc' dir='ltr'>τύῳος</span> <span class='ocrx_word' id='word_1_215' title='bbox 727 881 772 907; x_wconf 77' lang='grc' dir='ltr'><strong>καὶ</strong></span> <span class='ocrx_word' id='word_1_216' title='bbox 786 880 800 906; x_wconf 82' lang='grc' dir='ltr'>ὁ</span> <span class='ocrx_word' id='word_1_217' title='bbox 814 880 862 916; x_wconf 79' lang='grc' dir='ltr'><strong>τῆς</strong></span> <span class='ocrx_word' id='word_1_218' title='bbox 878 881 1018 916; x_wconf 73' lang='grc' dir='ltr'>ὑπερηφα-</span> 
     </span>
    </p>
   </div>
   <div class='ocr_carea' id='block_1_29' title="bbox 1070 878 1860 916">
    <p class='ocr_par' dir='ltr' id='par_1_29' title="bbox 1107 878 1860 915">
     <span class='ocr_line' id='line_1_29' title="bbox 1107 878 1860 915; baseline 0.008 -10"><span class='ocrx_word' id='word_1_219' title='bbox 1107 878 1174 906; x_wconf 91' lang='lat' dir='ltr'><strong>Cum</strong></span> <span class='ocrx_word' id='word_1_220' title='bbox 1196 878 1279 914; x_wconf 83' lang='lat' dir='ltr'><strong>igitur</strong></span> <span class='ocrx_word' id='word_1_221' title='bbox 1295 879 1409 911; x_wconf 73' lang='lat' dir='ltr'><strong>insignis</strong></span> <span class='ocrx_word' id='word_1_222' title='bbox 1426 879 1470 906; x_wconf 89' lang='lat' dir='ltr'><strong>ille</strong></span> <span class='ocrx_word' id='word_1_223' title='bbox 1484 880 1614 908; x_wconf 82' lang='lat' dir='ltr'><strong>adversus</strong></span> <span class='ocrx_word' id='word_1_224' title='bbox 1638 889 1688 909; x_wconf 88' lang='lat' dir='ltr'><strong>nos</strong></span> <span class='ocrx_word' id='word_1_225' title='bbox 1714 882 1809 915; x_wconf 82' lang='lat' dir='ltr'><strong>fastus,</strong></span> <span class='ocrx_word' id='word_1_226' title='bbox 1832 890 1860 911; x_wconf 85' lang='lat' dir='ltr'><strong>et</strong></span> 
     </span>
    </p>
   </div>
   <div class='ocr_carea' id='block_1_30' title="bbox 226 926 1019 962">
    <p class='ocr_par' dir='ltr' id='par_1_30' title="bbox 226 926 1019 962">
     <span class='ocr_line' id='line_1_30' title="bbox 226 926 1019 962; baseline -0.003 -8"><span class='ocrx_word' id='word_1_227' title='bbox 226 928 285 959; x_wconf 84' lang='grc' dir='ltr'>νίας</span> <span class='ocrx_word' id='word_1_228' title='bbox 300 928 380 961; x_wconf 63' lang='grc' dir='ltr'>ὄγκος</span> <span class='ocrx_word' id='word_1_229' title='bbox 395 926 492 962; x_wconf 82' lang='grc' dir='ltr'><strong>μικροῦ</strong></span> <span class='ocrx_word' id='word_1_230' title='bbox 503 927 557 952; x_wconf 77' lang='grc' dir='ltr'>δεῖν</span> <span class='ocrx_word' id='word_1_231' title='bbox 572 926 611 961; x_wconf 82' lang='grc' dir='ltr'><strong>τῷ</strong></span> <span class='ocrx_word' id='word_1_232' title='bbox 626 927 744 962; x_wconf 77' lang='grc' dir='ltr'>οὐρανίῳ</span> <span class='ocrx_word' id='word_1_233' title='bbox 758 926 819 960; x_wconf 74' lang='grc' dir='ltr'>ὕψει</span> <span class='ocrx_word' id='word_1_234' title='bbox 837 927 1019 961; x_wconf 84' lang='grc' dir='ltr'>στενοχωρού-</span> 
     </span>
    </p>
   </div>
   <div class='ocr_carea' id='block_1_31' title="bbox 228 970 1018 1008">
    <p class='ocr_par' dir='ltr' id='par_1_31' title="bbox 228 970 1018 1008">
     <span class='ocr_line' id='line_1_31' title="bbox 228 970 1018 1008; baseline -0.001 -9"><span class='ocrx_word' id='word_1_235' title='bbox 228 981 308 1007; x_wconf 82' lang='grc' dir='ltr'>μενος</span> <span class='ocrx_word' id='word_1_236' title='bbox 321 970 365 1008; x_wconf 83' lang='grc' dir='ltr'>ἦν,</span> <span class='ocrx_word' id='word_1_237' title='bbox 383 972 449 1007; x_wconf 80' lang='grc' dir='ltr'>ὓλην</span> <span class='ocrx_word' id='word_1_238' title='bbox 466 972 494 998; x_wconf 83' lang='grc' dir='ltr'><strong>δέ</strong></span> <span class='ocrx_word' id='word_1_239' title='bbox 513 980 572 998; x_wconf 88' lang='grc' dir='ltr'>τινα</span> <span class='ocrx_word' id='word_1_240' title='bbox 588 972 634 997; x_wconf 69' lang='grc' dir='ltr'>καὶ</span> <span class='ocrx_word' id='word_1_241' title='bbox 650 971 777 1006; x_wconf 80' lang='grc' dir='ltr'>ἀφορμὴν</span> <span class='ocrx_word' id='word_1_242' title='bbox 794 972 863 1006; x_wconf 82' lang='grc' dir='ltr'>πρὸς</span> <span class='ocrx_word' id='word_1_243' title='bbox 876 971 925 1007; x_wconf 82' lang='grc' dir='ltr'><strong>τὴν</strong></span> <span class='ocrx_word' id='word_1_244' title='bbox 942 972 1018 1000; x_wconf 82' lang='grc' dir='ltr'>νόσον</span> 
     </span>
    </p>
   </div>
   <div class='ocr_carea' id='block_1_32' title="bbox 226 1017 1019 1054">
    <p class='ocr_par' dir='ltr' id='par_1_32' title="bbox 226 1017 1019 1054">
     <span class='ocr_line' id='line_1_32' title="bbox 226 1017 1019 1054; baseline -0.003 -9"><span class='ocrx_word' id='word_1_245' title='bbox 226 1019 285 1045; x_wconf 78' lang='grc' dir='ltr'>οὐδε</span> <span class='ocrx_word' id='word_1_246' title='bbox 291 1019 352 1054; x_wconf 85' lang='grc' dir='ltr'>μίαν</span> <span class='ocrx_word' id='word_1_247' title='bbox 367 1018 468 1053; x_wconf 83' lang='grc' dir='ltr'>ἐώρων.</span> <span class='ocrx_word' id='word_1_248' title='bbox 482 1018 542 1044; x_wconf 81' lang='grc' dir='ltr'>ὅθεν</span> <span class='ocrx_word' id='word_1_249' title='bbox 555 1017 725 1052; x_wconf 83' lang='grc' dir='ltr'>συγγνωστὸν</span> <span class='ocrx_word' id='word_1_250' title='bbox 741 1018 843 1051; x_wconf 81' lang='grc' dir='ltr'>γίνεται</span> <span class='ocrx_word' id='word_1_251' title='bbox 857 1017 886 1043; x_wconf 84' lang='grc' dir='ltr'>τὺ</span> <span class='ocrx_word' id='word_1_252' title='bbox 901 1017 1019 1044; x_wconf 82' lang='grc' dir='ltr'>τοιοῦτον</span> 
     </span>
    </p>
   </div>
   <div class='ocr_carea' id='block_1_33' title="bbox 227 1063 1020 1099">
    <p class='ocr_par' dir='ltr' id='par_1_33' title="bbox 227 1063 1020 1099">
     <span class='ocr_line' id='line_1_33' title="bbox 227 1063 1020 1099; baseline -0.004 -8"><span class='ocrx_word' id='word_1_253' title='bbox 227 1065 324 1097; x_wconf 76' lang='grc' dir='ltr'>πάθος,</span> <span class='ocrx_word' id='word_1_254' title='bbox 342 1065 388 1090; x_wconf 77' lang='grc' dir='ltr'><strong>ἐπὶ</strong></span> <span class='ocrx_word' id='word_1_255' title='bbox 403 1064 457 1090; x_wconf 82' lang='grc' dir='ltr'>τῶν</span> <span class='ocrx_word' id='word_1_256' title='bbox 478 1065 510 1090; x_wconf 80' lang='grc' dir='ltr'>ὲκ</span> <span class='ocrx_word' id='word_1_257' title='bbox 537 1063 725 1099; x_wconf 81' lang='grc' dir='ltr'>περιστάσεώς</span> <span class='ocrx_word' id='word_1_258' title='bbox 742 1071 815 1094; x_wconf 83' lang='grc' dir='ltr'>τινος</span> <span class='ocrx_word' id='word_1_259' title='bbox 837 1063 938 1097; x_wconf 78' lang='grc' dir='ltr'>ταύτην</span> <span class='ocrx_word' id='word_1_260' title='bbox 954 1063 1020 1089; x_wconf 86' lang='grc' dir='ltr'>ἁνα-</span> 
     </span>
    </p>
   </div>
   <div class='ocr_carea' id='block_1_34' title="bbox 228 1108 1017 1144">
    <p class='ocr_par' dir='ltr' id='par_1_34' title="bbox 228 1108 1017 1144">
     <span class='ocr_line' id='line_1_34' title="bbox 228 1108 1017 1144; baseline -0.003 -8"><span class='ocrx_word' id='word_1_261' title='bbox 228 1109 420 1144; x_wconf 74' lang='grc' dir='ltr'>λαμῧανόντων</span> <span class='ocrx_word' id='word_1_262' title='bbox 434 1110 483 1144; x_wconf 83' lang='grc' dir='ltr'><strong>τὴν</strong></span> <span class='ocrx_word' id='word_1_263' title='bbox 499 1109 585 1141; x_wconf 85' lang='grc' dir='ltr'>νόσον,</span> <span class='ocrx_word' id='word_1_264' title='bbox 603 1109 666 1135; x_wconf 75' lang='grc' dir='ltr'>ὅταν</span> <span class='ocrx_word' id='word_1_265' title='bbox 683 1108 699 1143; x_wconf 84' lang='grc' dir='ltr'>ἦ</span> <span class='ocrx_word' id='word_1_266' title='bbox 723 1108 813 1142; x_wconf 79' lang='grc' dir='ltr'>γένος,</span> <span class='ocrx_word' id='word_1_267' title='bbox 833 1108 850 1143; x_wconf 88' lang='grc' dir='ltr'>ἦ</span> <span class='ocrx_word' id='word_1_268' title='bbox 869 1108 1017 1140; x_wconf 80' lang='grc' dir='ltr'>παίδευσις,</span> 
     </span>
    </p>
   </div>
   <div class='ocr_carea' id='block_1_35' title="bbox 228 1153 1018 1189">
    <p class='ocr_par' dir='ltr' id='par_1_35' title="bbox 228 1153 1018 1189">
     <span class='ocr_line' id='line_1_35' title="bbox 228 1153 1018 1189; baseline -0.001 -9"><span class='ocrx_word' id='word_1_269' title='bbox 228 1154 245 1189; x_wconf 79' lang='grc' dir='ltr'>ἦ</span> <span class='ocrx_word' id='word_1_270' title='bbox 259 1154 421 1189; x_wconf 81' lang='grc' dir='ltr'><strong>ἀξιωμάτων</strong></span> <span class='ocrx_word' id='word_1_271' title='bbox 433 1153 553 1189; x_wconf 79' lang='grc' dir='ltr'>ὑπεροχὴ</span> <span class='ocrx_word' id='word_1_272' title='bbox 567 1154 601 1179; x_wconf 75' lang='grc' dir='ltr'>τὰ</span> <span class='ocrx_word' id='word_1_273' title='bbox 619 1153 769 1189; x_wconf 79' lang='grc' dir='ltr'>χαυνότερα</span> <span class='ocrx_word' id='word_1_274' title='bbox 783 1153 835 1188; x_wconf 77' lang='grc' dir='ltr'>ἤθη</span> <span class='ocrx_word' id='word_1_275' title='bbox 849 1153 1018 1188; x_wconf 71' lang='grc' dir='ltr'>διαφυσήσῃ·</span> 
     </span>
    </p>
   </div>
   <div class='ocr_carea' id='block_1_36' title="bbox 227 1195 1020 1234">
    <p class='ocr_par' dir='ltr' id='par_1_36' title="bbox 227 1195 1020 1234">
     <span class='ocr_line' id='line_1_36' title="bbox 227 1195 1020 1234; baseline -0.001 -9"><span class='ocrx_word' id='word_1_276' title='bbox 227 1200 278 1226; x_wconf 81' lang='grc' dir='ltr'><strong>οὐκ</strong></span> <span class='ocrx_word' id='word_1_277' title='bbox 296 1197 368 1234; x_wconf 85' lang='grc' dir='ltr'>εἶχον</span> <span class='ocrx_word' id='word_1_278' title='bbox 384 1200 458 1231; x_wconf 83' lang='grc' dir='ltr'>ὅπως</span> <span class='ocrx_word' id='word_1_279' title='bbox 477 1199 593 1234; x_wconf 78' lang='grc' dir='ltr'>ἐμαυτὸν</span> <span class='ocrx_word' id='word_1_280' title='bbox 605 1195 745 1234; x_wconf 54' lang='grc' dir='ltr'>’ἀτρεμεῖν</span> <span class='ocrx_word' id='word_1_281' title='bbox 769 1198 930 1233; x_wconf 79' lang='grc' dir='ltr'>νουθετήσω,</span> <span class='ocrx_word' id='word_1_282' title='bbox 955 1198 1020 1224; x_wconf 88' lang='grc' dir='ltr'>διοι-</span> 
     </span>
    </p>
   </div>
   <div class='ocr_carea' id='block_1_37' title="bbox 229 1244 1019 1281">
    <p class='ocr_par' dir='ltr' id='par_1_37' title="bbox 229 1244 1019 1281">
     <span class='ocr_line' id='line_1_37' title="bbox 229 1244 1019 1281; baseline -0.001 -9"><span class='ocrx_word' id='word_1_283' title='bbox 229 1245 326 1280; x_wconf 81' lang='grc' dir='ltr'>δούσης</span> <span class='ocrx_word' id='word_1_284' title='bbox 342 1254 386 1280; x_wconf 90' lang='grc' dir='ltr'><strong>μοι</strong></span> <span class='ocrx_word' id='word_1_285' title='bbox 403 1246 470 1281; x_wconf 79' lang='grc' dir='ltr'>πρὸς</span> <span class='ocrx_word' id='word_1_286' title='bbox 482 1245 530 1280; x_wconf 87' lang='grc' dir='ltr'><strong>τὴν</strong></span> <span class='ocrx_word' id='word_1_287' title='bbox 545 1245 656 1279; x_wconf 76' lang='grc' dir='ltr'>ἀλογίαν</span> <span class='ocrx_word' id='word_1_288' title='bbox 673 1245 727 1271; x_wconf 79' lang='grc' dir='ltr'><strong>τῶν</strong></span> <span class='ocrx_word' id='word_1_289' title='bbox 744 1245 892 1279; x_wconf 83' lang='grc' dir='ltr'>γινομένων</span> <span class='ocrx_word' id='word_1_290' title='bbox 916 1244 1019 1271; x_wconf 73' lang='grc' dir='ltr'>ἔνδοθεν</span> 
     </span>
    </p>
   </div>
   <div class='ocr_carea' id='block_1_38' title="bbox 229 1289 1019 1326">
    <p class='ocr_par' dir='ltr' id='par_1_38' title="bbox 229 1289 1019 1326">
     <span class='ocr_line' id='line_1_38' title="bbox 229 1289 1019 1326; baseline -0.003 -9"><span class='ocrx_word' id='word_1_291' title='bbox 229 1291 277 1326; x_wconf 81' lang='grc' dir='ltr'><strong>τῆς</strong></span> <span class='ocrx_word' id='word_1_292' title='bbox 294 1291 416 1326; x_wconf 81' lang='grc' dir='ltr'>καρδίας,</span> <span class='ocrx_word' id='word_1_293' title='bbox 433 1292 479 1316; x_wconf 76' lang='grc' dir='ltr'>καὶ</span> <span class='ocrx_word' id='word_1_294' title='bbox 495 1291 557 1321; x_wconf 79' lang='grc' dir='ltr'>τοὺς</span> <span class='ocrx_word' id='word_1_295' title='bbox 572 1290 642 1325; x_wconf 80' lang='grc' dir='ltr'>ὑπὲρ</span> <span class='ocrx_word' id='word_1_296' title='bbox 660 1290 709 1325; x_wconf 85' lang='grc' dir='ltr'><strong>τῆς</strong></span> <span class='ocrx_word' id='word_1_297' title='bbox 722 1290 861 1324; x_wconf 81' lang='grc' dir='ltr'>ὑπομονῆς</span> <span class='ocrx_word' id='word_1_298' title='bbox 873 1289 1019 1324; x_wconf 77' lang='grc' dir='ltr'>λογισμοὺς</span> 
     </span>
    </p>
   </div>
   <div class='ocr_carea' id='block_1_39' title="bbox 228 1335 1019 1371">
    <p class='ocr_par' dir='ltr' id='par_1_39' title="bbox 228 1335 1019 1371">
     <span class='ocr_line' id='line_1_39' title="bbox 228 1335 1019 1371; baseline -0.001 -9"><span class='ocrx_word' id='word_1_299' title='bbox 228 1336 422 1370; x_wconf 77' lang='grc' dir='ltr'>διαπτυούσης.</span> <span class='ocrx_word' id='word_1_300' title='bbox 441 1335 506 1363; x_wconf 81' lang='grc' dir='ltr'>Ὅτε</span> <span class='ocrx_word' id='word_1_301' title='bbox 529 1337 576 1363; x_wconf 78' lang='grc' dir='ltr'><strong>καὶ</strong></span> <span class='ocrx_word' id='word_1_302' title='bbox 596 1336 711 1371; x_wconf 86' lang='grc' dir='ltr'>μάλιστα</span> <span class='ocrx_word' id='word_1_303' title='bbox 732 1335 777 1362; x_wconf 89' lang='grc' dir='ltr'><strong>τὺν</strong></span> <span class='ocrx_word' id='word_1_304' title='bbox 803 1335 874 1362; x_wconf 83' lang='grc' dir='ltr'>θεῖον</span> <span class='ocrx_word' id='word_1_305' title='bbox 896 1335 1019 1370; x_wconf 76' lang='grc' dir='ltr'>ἠγάσθην</span> 
     </span>
    </p>
   </div>
   <div class='ocr_carea' id='block_1_40' title="bbox 235 1381 1019 1417">
    <p class='ocr_par' dir='ltr' id='par_1_40' title="bbox 235 1381 1019 1417">
     <span class='ocr_line' id='line_1_40' title="bbox 235 1381 1019 1417; baseline 0.001 -10"><span class='ocrx_word' id='word_1_306' title='bbox 235 1381 405 1414; x_wconf 82' lang='grc' dir='ltr'>Ἀπόστολον,</span> <span class='ocrx_word' id='word_1_307' title='bbox 427 1381 513 1413; x_wconf 71' lang='grc' dir='ltr'>οὕτως</span> <span class='ocrx_word' id='word_1_308' title='bbox 536 1382 657 1417; x_wconf 76' lang='grc' dir='ltr'>ἐναργῶς</span> <span class='ocrx_word' id='word_1_309' title='bbox 678 1382 723 1408; x_wconf 75' lang='grc' dir='ltr'><strong>τὸν</strong></span> <span class='ocrx_word' id='word_1_310' title='bbox 747 1381 879 1416; x_wconf 82' lang='grc' dir='ltr'>ἐμφύλιον</span> <span class='ocrx_word' id='word_1_311' title='bbox 905 1382 933 1408; x_wconf 82' lang='grc' dir='ltr'>ὲν</span> <span class='ocrx_word' id='word_1_312' title='bbox 953 1383 1019 1416; x_wconf 88' lang='grc' dir='ltr'>ἡμῖν</span> 
     </span>
    </p>
   </div>
   <div class='ocr_carea' id='block_1_41' title="bbox 229 1426 1020 1462">
    <p class='ocr_par' dir='ltr' id='par_1_41' title="bbox 229 1426 1020 1462">
     <span class='ocr_line' id='line_1_41' title="bbox 229 1426 1020 1462; baseline 0 -9"><span class='ocrx_word' id='word_1_313' title='bbox 229 1427 413 1462; x_wconf 80' lang='grc' dir='ltr'>διαγράφοντα</span> <span class='ocrx_word' id='word_1_314' title='bbox 436 1427 570 1462; x_wconf 73' lang='grc' dir='ltr'>πόλεμον,</span> <span class='ocrx_word' id='word_1_315' title='bbox 596 1427 708 1461; x_wconf 80' lang='grc' dir='ltr'>λέγοντα</span> <span class='ocrx_word' id='word_1_316' title='bbox 734 1426 803 1454; x_wconf 80' lang='grc' dir='ltr'>εἷναί</span> <span class='ocrx_word' id='word_1_317' title='bbox 826 1436 886 1454; x_wconf 91' lang='grc' dir='ltr'>τινα</span> <span class='ocrx_word' id='word_1_318' title='bbox 910 1428 939 1453; x_wconf 80' lang='grc' dir='ltr'>ὲν</span> <span class='ocrx_word' id='word_1_319' title='bbox 964 1429 1020 1459; x_wconf 85' lang='grc' dir='ltr'>τοῖς</span> 
     </span>
    </p>
   </div>
   <div class='ocr_carea' id='block_1_42' title="bbox 231 1473 1019 1509">
    <p class='ocr_par' dir='ltr' id='par_1_42' title="bbox 231 1473 1019 1509">
     <span class='ocr_line' id='line_1_42' title="bbox 231 1473 1019 1509; baseline 0 -10"><span class='ocrx_word' id='word_1_320' title='bbox 231 1473 323 1508; x_wconf 80' lang='grc' dir='ltr'>μέλεσι</span> <span class='ocrx_word' id='word_1_321' title='bbox 343 1474 423 1508; x_wconf 78' lang='grc' dir='ltr'>νόμον</span> <span class='ocrx_word' id='word_1_322' title='bbox 446 1473 592 1508; x_wconf 80' lang='grc' dir='ltr'>ἁμαρτίας,</span> <span class='ocrx_word' id='word_1_323' title='bbox 614 1473 659 1500; x_wconf 77' lang='grc' dir='ltr'><strong>τὸν</strong></span> <span class='ocrx_word' id='word_1_324' title='bbox 686 1473 958 1508; x_wconf 83' lang='grc' dir='ltr'>ἀντιστρατευόμενον</span> <span class='ocrx_word' id='word_1_325' title='bbox 980 1473 1019 1509; x_wconf 81' lang='grc' dir='ltr'><strong>τῷ</strong></span> 
     </span>
    </p>
   </div>
   <div class='ocr_carea' id='block_1_43' title="bbox 229 1517 1019 1554">
    <p class='ocr_par' dir='ltr' id='par_1_43' title="bbox 229 1517 1019 1554">
     <span class='ocr_line' id='line_1_43' title="bbox 229 1517 1019 1554; baseline 0 -10"><span class='ocrx_word' id='word_1_326' title='bbox 229 1518 305 1553; x_wconf 75' lang='grc' dir='ltr'>νόμῳ</span> <span class='ocrx_word' id='word_1_327' title='bbox 327 1517 373 1544; x_wconf 78' lang='grc' dir='ltr'>τοῦ</span> <span class='ocrx_word' id='word_1_328' title='bbox 397 1518 466 1550; x_wconf 72' lang='grc' dir='ltr'>νοὸς,</span> <span class='ocrx_word' id='word_1_329' title='bbox 489 1518 535 1544; x_wconf 78' lang='grc' dir='ltr'>καὶ</span> <span class='ocrx_word' id='word_1_330' title='bbox 561 1518 689 1545; x_wconf 81' lang='grc' dir='ltr'>ποιοῦντα</span> <span class='ocrx_word' id='word_1_331' title='bbox 714 1518 843 1549; x_wconf 82' lang='grc' dir='ltr'>πολλάκις</span> <span class='ocrx_word' id='word_1_332' title='bbox 866 1518 954 1554; x_wconf 80' lang='grc' dir='ltr'>ἑαυτῷ</span> <span class='ocrx_word' id='word_1_333' title='bbox 973 1519 1019 1544; x_wconf 79' lang='grc' dir='ltr'><strong>τὸν</strong></span> 
     </span>
    </p>
   </div>
   <div class='ocr_carea' id='block_1_44' title="bbox 230 1563 1018 1600">
    <p class='ocr_par' dir='ltr' id='par_1_44' title="bbox 230 1563 1018 1600">
     <span class='ocr_line' id='line_1_44' title="bbox 230 1563 1018 1600; baseline 0.001 -10"><span class='ocrx_word' id='word_1_334' title='bbox 230 1565 291 1591; x_wconf 77' lang='grc' dir='ltr'>νοῦν</span> <span class='ocrx_word' id='word_1_335' title='bbox 308 1563 477 1599; x_wconf 73' lang='grc' dir='ltr'>αἰχμάλωτόν</span> <span class='ocrx_word' id='word_1_336' title='bbox 493 1572 522 1590; x_wconf 89' lang='grc' dir='ltr'><strong>τε</strong></span> <span class='ocrx_word' id='word_1_337' title='bbox 539 1564 586 1590; x_wconf 74' lang='grc' dir='ltr'><strong>καὶ</strong></span> <span class='ocrx_word' id='word_1_338' title='bbox 601 1564 765 1599; x_wconf 82' lang='grc' dir='ltr'>ὑποχείριον.</span> <span class='ocrx_word' id='word_1_339' title='bbox 781 1563 887 1599; x_wconf 84' lang='grc' dir='ltr'>Ταύτην</span> <span class='ocrx_word' id='word_1_340' title='bbox 909 1564 1018 1600; x_wconf 80' lang='grc' dir='ltr'>ἐμαυτῷ</span> 
     </span>
    </p>
   </div>
   <div class='ocr_carea' id='block_1_45' title="bbox 231 1610 1017 1646">
    <p class='ocr_par' dir='ltr' id='par_1_45' title="bbox 231 1610 1017 1646">
     <span class='ocr_line' id='line_1_45' title="bbox 231 1610 1017 1646; baseline -0.001 -9"><span class='ocrx_word' id='word_1_341' title='bbox 231 1610 337 1644; x_wconf 84' lang='grc' dir='ltr'>βλέπων</span> <span class='ocrx_word' id='word_1_342' title='bbox 347 1611 400 1637; x_wconf 80' lang='grc' dir='ltr'>τῶν</span> <span class='ocrx_word' id='word_1_343' title='bbox 411 1611 457 1637; x_wconf 77' lang='grc' dir='ltr'><strong>δύο</strong></span> <span class='ocrx_word' id='word_1_344' title='bbox 470 1610 607 1645; x_wconf 84' lang='grc' dir='ltr'>λογισμῶν</span> <span class='ocrx_word' id='word_1_345' title='bbox 620 1611 668 1646; x_wconf 84' lang='grc' dir='ltr'><strong>τὴν</strong></span> <span class='ocrx_word' id='word_1_346' title='bbox 679 1610 707 1642; x_wconf 77' lang='grc' dir='ltr'>εξ</span> <span class='ocrx_word' id='word_1_347' title='bbox 722 1611 843 1636; x_wconf 74' lang='grc' dir='ltr'>ἐναντίου</span> <span class='ocrx_word' id='word_1_348' title='bbox 856 1610 1017 1645; x_wconf 80' lang='grc' dir='ltr'>παράταξιν,</span> 
     </span>
    </p>
   </div>
   <div class='ocr_carea' id='block_1_46' title="bbox 230 1655 1019 1692">
    <p class='ocr_par' dir='ltr' id='par_1_46' title="bbox 230 1655 1019 1692">
     <span class='ocr_line' id='line_1_46' title="bbox 230 1655 1019 1692; baseline -0.003 -9"><span class='ocrx_word' id='word_1_349' title='bbox 230 1657 276 1683; x_wconf 81' lang='grc' dir='ltr'>τοῦ</span> <span class='ocrx_word' id='word_1_350' title='bbox 292 1665 321 1683; x_wconf 85' lang='grc' dir='ltr'><strong>τε</strong></span> <span class='ocrx_word' id='word_1_351' title='bbox 340 1656 548 1691; x_wconf 82' lang='grc' dir='ltr'>χαλεπαίνοντος</span> <span class='ocrx_word' id='word_1_352' title='bbox 563 1657 630 1690; x_wconf 80' lang='grc' dir='ltr'>πρὸς</span> <span class='ocrx_word' id='word_1_353' title='bbox 650 1655 698 1691; x_wconf 84' lang='grc' dir='ltr'><strong>τὴν</strong></span> <span class='ocrx_word' id='word_1_354' title='bbox 720 1656 751 1682; x_wconf 82' lang='grc' dir='ltr'>ὲκ</span> <span class='ocrx_word' id='word_1_355' title='bbox 765 1656 815 1691; x_wconf 81' lang='grc' dir='ltr'>τῆς</span> <span class='ocrx_word' id='word_1_356' title='bbox 832 1656 1019 1692; x_wconf 78' lang='grc' dir='ltr'>ὑπερηφανὶας</span> 
     </span>
    </p>
   </div>
   <div class='ocr_carea' id='block_1_47' title="bbox 231 1701 1018 1738">
    <p class='ocr_par' dir='ltr' id='par_1_47' title="bbox 231 1701 1018 1738">
     <span class='ocr_line' id='line_1_47' title="bbox 231 1701 1018 1738; baseline -0.001 -9"><span class='ocrx_word' id='word_1_357' title='bbox 231 1702 318 1738; x_wconf 78' lang='grc' dir='ltr'>ὕϐριν,</span> <span class='ocrx_word' id='word_1_358' title='bbox 342 1702 451 1729; x_wconf 72' lang='grc' dir='ltr'>καὶτοῦ</span> <span class='ocrx_word' id='word_1_359' title='bbox 475 1702 505 1728; x_wconf 86' lang='grc' dir='ltr'><strong>τὸ</strong></span> <span class='ocrx_word' id='word_1_360' title='bbox 524 1701 636 1728; x_wconf 82' lang='grc' dir='ltr'>διοιδοῦν</span> <span class='ocrx_word' id='word_1_361' title='bbox 659 1702 901 1733; x_wconf 79' lang='grc' dir='ltr'>καταστέλλοντο;’</span> <span class='ocrx_word' id='word_1_362' title='bbox 925 1701 1018 1737; x_wconf 81' lang='grc' dir='ltr'>ἐπειδὴ</span> 
     </span>
    </p>
   </div>
   <div class='ocr_carea' id='block_1_48' title="bbox 229 1749 1019 1784">
    <p class='ocr_par' dir='ltr' id='par_1_48' title="bbox 229 1749 1019 1784">
     <span class='ocr_line' id='line_1_48' title="bbox 229 1749 1019 1784; baseline -0.001 -9"><span class='ocrx_word' id='word_1_363' title='bbox 229 1749 301 1776; x_wconf 79' lang='grc' dir='ltr'>κατὰ</span> <span class='ocrx_word' id='word_1_364' title='bbox 312 1749 378 1775; x_wconf 80' lang='grc' dir='ltr'>Θεοῦ</span> <span class='ocrx_word' id='word_1_365' title='bbox 395 1749 473 1784; x_wconf 80' lang='grc' dir='ltr'>χάριν</span> <span class='ocrx_word' id='word_1_366' title='bbox 487 1750 536 1776; x_wconf 84' lang='grc' dir='ltr'><strong>οὐκ</strong></span> <span class='ocrx_word' id='word_1_367' title='bbox 549 1749 700 1784; x_wconf 79' lang='grc' dir='ltr'>ἐκράτησεν</span> <span class='ocrx_word' id='word_1_368' title='bbox 715 1750 731 1784; x_wconf 88' lang='grc' dir='ltr'>ἡ</span> <span class='ocrx_word' id='word_1_369' title='bbox 746 1749 844 1784; x_wconf 83' lang='grc' dir='ltr'>χείρων</span> <span class='ocrx_word' id='word_1_370' title='bbox 861 1749 942 1784; x_wconf 75' lang='grc' dir='ltr'>ῥοπὴ,</span> <span class='ocrx_word' id='word_1_371' title='bbox 958 1749 1019 1775; x_wconf 86' lang='grc' dir='ltr'>τότε</span> 
     </span>
    </p>
   </div>
   <div class='ocr_carea' id='block_1_49' title="bbox 230 1792 1020 1829">
    <p class='ocr_par' dir='ltr' id='par_1_49' title="bbox 230 1792 1020 1829">
     <span class='ocr_line' id='line_1_49' title="bbox 230 1792 1020 1829; baseline -0.001 -9"><span class='ocrx_word' id='word_1_372' title='bbox 230 1794 297 1829; x_wconf 85' lang='grc' dir='ltr'>πρὸς</span> <span class='ocrx_word' id='word_1_373' title='bbox 316 1794 396 1820; x_wconf 74' lang='grc' dir='ltr'>αὑτὸν</span> <span class='ocrx_word' id='word_1_374' title='bbox 412 1792 487 1820; x_wconf 78' lang='grc' dir='ltr'>εἷπον</span> <span class='ocrx_word' id='word_1_375' title='bbox 504 1793 574 1827; x_wconf 72' lang='grc' dir='ltr'><strong>ἐγώ·</strong></span> <span class='ocrx_word' id='word_1_376' title='bbox 602 1802 611 1818; x_wconf 76' lang='grc' dir='ltr'>ί</span> <span class='ocrx_word' id='word_1_377' title='bbox 638 1794 684 1828; x_wconf 78' lang='grc' dir='ltr'><strong>Μὴ</strong></span> <span class='ocrx_word' id='word_1_378' title='bbox 707 1793 761 1828; x_wconf 80' lang='grc' dir='ltr'>ἄρα</span> <span class='ocrx_word' id='word_1_379' title='bbox 781 1794 806 1819; x_wconf 82' lang='grc' dir='ltr'><strong>τί</strong></span> <span class='ocrx_word' id='word_1_380' title='bbox 824 1802 864 1819; x_wconf 83' lang='grc' dir='ltr'><strong>σοι</strong></span> <span class='ocrx_word' id='word_1_381' title='bbox 880 1792 933 1819; x_wconf 85' lang='grc' dir='ltr'>τῶν</span> <span class='ocrx_word' id='word_1_382' title='bbox 954 1794 1020 1828; x_wconf 72' lang='grc' dir='ltr'>περὶ</span> 
     </span>
    </p>
   </div>
   <div class='ocr_carea' id='block_1_50' title="bbox 230 1836 1018 1874">
    <p class='ocr_par' dir='ltr' id='par_1_50' title="bbox 230 1836 1018 1874">
     <span class='ocr_line' id='line_1_50' title="bbox 230 1836 1018 1874; baseline -0.004 -9"><span class='ocrx_word' id='word_1_383' title='bbox 230 1839 279 1874; x_wconf 78' lang='grc' dir='ltr'>τὴν</span> <span class='ocrx_word' id='word_1_384' title='bbox 302 1838 448 1874; x_wconf 79' lang='grc' dir='ltr'>θεραπείαν</span> <span class='ocrx_word' id='word_1_385' title='bbox 463 1838 510 1865; x_wconf 80' lang='grc' dir='ltr'>τοῦ</span> <span class='ocrx_word' id='word_1_386' title='bbox 529 1839 653 1874; x_wconf 86' lang='grc' dir='ltr'>σώματος</span> <span class='ocrx_word' id='word_1_387' title='bbox 676 1836 898 1871; x_wconf 82' lang='grc' dir='ltr'>σπουδαζομένων</span> <span class='ocrx_word' id='word_1_388' title='bbox 915 1838 947 1871; x_wconf 84' lang='grc' dir='ltr'>τῇ</span> <span class='ocrx_word' id='word_1_389' title='bbox 966 1845 1018 1862; x_wconf 84' lang='grc' dir='ltr'>πα-</span> 
     </span>
    </p>
   </div>
   <div class='ocr_carea' id='block_1_51' title="bbox 233 1881 1019 1919">
    <p class='ocr_par' dir='ltr' id='par_1_51' title="bbox 233 1881 1019 1919">
     <span class='ocr_line' id='line_1_51' title="bbox 233 1881 1019 1919; baseline -0.003 -9"><span class='ocrx_word' id='word_1_390' title='bbox 233 1884 325 1919; x_wconf 83' lang='grc' dir='ltr'>ρουσίᾳ</span> <span class='ocrx_word' id='word_1_391' title='bbox 342 1893 392 1919; x_wconf 88' lang='grc' dir='ltr'><strong>μου</strong></span> <span class='ocrx_word' id='word_1_392' title='bbox 414 1884 573 1918; x_wconf 78' lang='grc' dir='ltr'>βλάπτεται,</span> <span class='ocrx_word' id='word_1_393' title='bbox 596 1883 642 1909; x_wconf 76' lang='grc' dir='ltr'>καὶ</span> <span class='ocrx_word' id='word_1_394' title='bbox 665 1881 819 1914; x_wconf 78' lang='grc' dir='ltr'>ὑπεξελθεῖν</span> <span class='ocrx_word' id='word_1_395' title='bbox 835 1882 907 1908; x_wconf 78' lang='grc' dir='ltr'>ἐστιν</span> <span class='ocrx_word' id='word_1_396' title='bbox 927 1881 1019 1908; x_wconf 82' lang='grc' dir='ltr'>εὔκαι-</span> 
     </span>
    </p>
   </div>
   <div class='ocr_carea' id='block_1_52' title="bbox 231 1927 1019 1965">
    <p class='ocr_par' dir='ltr' id='par_1_52' title="bbox 231 1927 1019 1965">
     <span class='ocr_line' id='line_1_52' title="bbox 231 1927 1019 1965; baseline -0.003 -9"><span class='ocrx_word' id='word_1_397' title='bbox 231 1939 292 1965; x_wconf 70' lang='grc' dir='ltr'>ρον;</span> <span class='ocrx_word' id='word_1_398' title='bbox 312 1939 320 1955; x_wconf 70' lang='grc' dir='ltr'><strong>ι</strong></span> <span class='ocrx_word' id='word_1_399' title='bbox 338 1929 391 1956; x_wconf 86' lang='grc' dir='ltr'><strong>Τοῦ</strong></span> <span class='ocrx_word' id='word_1_400' title='bbox 405 1930 432 1955; x_wconf 83' lang='grc' dir='ltr'>δὲ</span> <span class='ocrx_word' id='word_1_401' title='bbox 445 1929 567 1961; x_wconf 80' lang='grc' dir='ltr'>εἰπόντος</span> <span class='ocrx_word' id='word_1_402' title='bbox 589 1929 625 1964; x_wconf 82' lang='grc' dir='ltr'><strong>μὴ</strong></span> <span class='ocrx_word' id='word_1_403' title='bbox 640 1928 751 1964; x_wconf 65' lang='grc' dir='ltr'>χρῄζειν</span> <span class='ocrx_word' id='word_1_404' title='bbox 761 1927 806 1955; x_wconf 82' lang='grc' dir='ltr'>τοῦ</span> <span class='ocrx_word' id='word_1_405' title='bbox 821 1928 1019 1963; x_wconf 85' lang='grc' dir='ltr'>θεραπευθῆναι</span> 
     </span>
    </p>
   </div>
   <div class='ocr_carea' id='block_1_53' title="bbox 229 1974 1020 2011">
    <p class='ocr_par' dir='ltr' id='par_1_53' title="bbox 229 1974 1020 2011">
     <span class='ocr_line' id='line_1_53' title="bbox 229 1974 1020 2011; baseline -0.003 -9"><span class='ocrx_word' id='word_1_406' title='bbox 229 1976 259 2002; x_wconf 77' lang='grc' dir='ltr'><strong>τὸ</strong></span> <span class='ocrx_word' id='word_1_407' title='bbox 279 1976 369 2011; x_wconf 84' lang='grc' dir='ltr'>σῶμα,</span> <span class='ocrx_word' id='word_1_408' title='bbox 395 1974 471 2002; x_wconf 80' lang='grc' dir='ltr'>εἶπόν</span> <span class='ocrx_word' id='word_1_409' title='bbox 494 1984 568 2006; x_wconf 81' lang='grc' dir='ltr'>τινας</span> <span class='ocrx_word' id='word_1_410' title='bbox 596 1975 691 2009; x_wconf 79' lang='grc' dir='ltr'>λόγους</span> <span class='ocrx_word' id='word_1_411' title='bbox 715 1975 926 2010; x_wconf 77' lang='grc' dir='ltr'>θεραπευτικοὺς</span> <span class='ocrx_word' id='word_1_412' title='bbox 951 1974 1020 2009; x_wconf 83' lang='grc' dir='ltr'>πρὸς</span> 
     </span>
    </p>
   </div>
   <div class='ocr_carea' id='block_1_54' title="bbox 230 2019 1019 2057">
    <p class='ocr_par' dir='ltr' id='par_1_54' title="bbox 230 2019 1019 2057">
     <span class='ocr_line' id='line_1_54' title="bbox 230 2019 1019 2057; baseline -0.003 -9"><span class='ocrx_word' id='word_1_413' title='bbox 230 2023 321 2053; x_wconf 69' lang='grc' dir='ltr'>αὑτὸν,</span> <span class='ocrx_word' id='word_1_414' title='bbox 346 2022 383 2052; x_wconf 85' lang='grc' dir='ltr'><strong>ὼ;</strong></span> <span class='ocrx_word' id='word_1_415' title='bbox 404 2019 459 2047; x_wconf 79' lang='grc' dir='ltr'>οἷόν</span> <span class='ocrx_word' id='word_1_416' title='bbox 473 2030 502 2048; x_wconf 86' lang='grc' dir='ltr'><strong>τε</strong></span> <span class='ocrx_word' id='word_1_417' title='bbox 527 2020 571 2057; x_wconf 84' lang='grc' dir='ltr'><strong>ἦν.</strong></span> <span class='ocrx_word' id='word_1_418' title='bbox 596 2021 731 2048; x_wconf 80' lang='grc' dir='ltr'>Κάκείνου</span> <span class='ocrx_word' id='word_1_419' title='bbox 750 2021 784 2047; x_wconf 84' lang='grc' dir='ltr'><strong>δι’</strong></span> <span class='ocrx_word' id='word_1_420' title='bbox 801 2021 898 2055; x_wconf 83' lang='grc' dir='ltr'>ὀλίγων</span> <span class='ocrx_word' id='word_1_421' title='bbox 921 2021 951 2047; x_wconf 76' lang='grc' dir='ltr'>τὸ</span> <span class='ocrx_word' id='word_1_422' title='bbox 973 2021 1019 2047; x_wconf 77' lang='grc' dir='ltr'><strong>ἐπὶ</strong></span> 
     </span>
    </p>
   </div>
   <div class='ocr_carea' id='block_1_55' title="bbox 230 2067 1019 2103">
    <p class='ocr_par' dir='ltr' id='par_1_55' title="bbox 230 2067 1019 2103">
     <span class='ocr_line' id='line_1_55' title="bbox 230 2067 1019 2103; baseline 0 -10"><span class='ocrx_word' id='word_1_423' title='bbox 230 2068 337 2098; x_wconf 79' lang='grc' dir='ltr'>πολλοῖς</span> <span class='ocrx_word' id='word_1_424' title='bbox 360 2067 509 2102; x_wconf 77' lang='grc' dir='ltr'>ἀδικήμασι</span> <span class='ocrx_word' id='word_1_425' title='bbox 530 2067 578 2102; x_wconf 85' lang='grc' dir='ltr'>τὴν</span> <span class='ocrx_word' id='word_1_426' title='bbox 595 2067 654 2093; x_wconf 82' lang='grc' dir='ltr'>καθ’</span> <span class='ocrx_word' id='word_1_427' title='bbox 671 2068 750 2102; x_wconf 82' lang='grc' dir='ltr'>ἡμῶν</span> <span class='ocrx_word' id='word_1_428' title='bbox 774 2067 846 2103; x_wconf 76' lang='grc' dir='ltr'>ἔχειν</span> <span class='ocrx_word' id='word_1_429' title='bbox 869 2067 956 2102; x_wconf 84' lang='grc' dir='ltr'>λύπην</span> <span class='ocrx_word' id='word_1_430' title='bbox 977 2068 1019 2094; x_wconf 52' lang='grc' dir='ltr'>ἐνί</span> 
     </span>
    </p>
   </div>
   <div class='ocr_carea' id='block_1_56' title="bbox 230 2113 1016 2150">
    <p class='ocr_par' dir='ltr' id='par_1_56' title="bbox 230 2113 1016 2150">
     <span class='ocr_line' id='line_1_56' title="bbox 230 2113 1016 2150; baseline 0.003 -11"><span class='ocrx_word' id='word_1_431' title='bbox 230 2113 398 2148; x_wconf 77' lang='grc' dir='ltr'>δειξαμένου,</span> <span class='ocrx_word' id='word_1_432' title='bbox 425 2114 510 2139; x_wconf 81' lang='grc' dir='ltr'>ταῦτα</span> <span class='ocrx_word' id='word_1_433' title='bbox 531 2113 599 2148; x_wconf 80' lang='grc' dir='ltr'>πρὸς</span> <span class='ocrx_word' id='word_1_434' title='bbox 628 2113 708 2140; x_wconf 71' lang='grc' dir='ltr'>αὐτὸν</span> <span class='ocrx_word' id='word_1_435' title='bbox 731 2114 921 2150; x_wconf 82' lang='grc' dir='ltr'>ἀπεκρινάμην</span> <span class='ocrx_word' id='word_1_436' title='bbox 948 2114 1016 2149; x_wconf 76' lang='grc' dir='ltr'><strong>ἐγώ·</strong></span> 
     </span>
    </p>
   </div>
   <div class='ocr_carea' id='block_1_57' title="bbox 234 2159 1019 2195">
    <p class='ocr_par' dir='ltr' id='par_1_57' title="bbox 234 2159 1019 2195">
     <span class='ocr_line' id='line_1_57' title="bbox 234 2159 1019 2195; baseline 0.004 -11"><span class='ocrx_word' id='word_1_437' title='bbox 234 2169 243 2184; x_wconf 71' lang='grc' dir='ltr'><strong>ι</strong></span> <span class='ocrx_word' id='word_1_438' title='bbox 265 2159 327 2185; x_wconf 84' lang='grc' dir='ltr'><strong>Ὅτι</strong></span> <span class='ocrx_word' id='word_1_439' title='bbox 341 2160 368 2184; x_wconf 79' lang='grc' dir='ltr'><strong>ἐν</strong></span> <span class='ocrx_word' id='word_1_440' title='bbox 385 2159 538 2194; x_wconf 82' lang='grc' dir='ltr'>ἀνθρώποις</span> <span class='ocrx_word' id='word_1_441' title='bbox 553 2159 652 2194; x_wconf 84' lang='grc' dir='ltr'>πολλὴν</span> <span class='ocrx_word' id='word_1_442' title='bbox 667 2159 723 2194; x_wconf 76' lang='grc' dir='ltr'>ἕχει</span> <span class='ocrx_word' id='word_1_443' title='bbox 738 2159 850 2195; x_wconf 86' lang='grc' dir='ltr'>δύναμιν</span> <span class='ocrx_word' id='word_1_444' title='bbox 866 2161 933 2195; x_wconf 79' lang='grc' dir='ltr'>πρὸς</span> <span class='ocrx_word' id='word_1_445' title='bbox 949 2160 1019 2187; x_wconf 84' lang='grc' dir='ltr'>ἀπά-</span> 
     </span>
    </p>
   </div>
   <div class='ocr_carea' id='block_1_58' title="bbox 230 2204 1019 2243">
    <p class='ocr_par' dir='ltr' id='par_1_58' title="bbox 230 2204 1019 2243">
     <span class='ocr_line' id='line_1_58' title="bbox 230 2204 1019 2243; baseline 0.003 -12"><span class='ocrx_word' id='word_1_446' title='bbox 230 2213 279 2239; x_wconf 76' lang='grc' dir='ltr'><strong>την</strong></span> <span class='ocrx_word' id='word_1_447' title='bbox 292 2206 322 2231; x_wconf 87' lang='grc' dir='ltr'>τὸ</span> <span class='ocrx_word' id='word_1_448' title='bbox 338 2204 449 2239; x_wconf 79' lang='grc' dir='ltr'>ψεῦδος·</span> <span class='ocrx_word' id='word_1_449' title='bbox 463 2205 492 2231; x_wconf 73' lang='grc' dir='ltr'>τὺ</span> <span class='ocrx_word' id='word_1_450' title='bbox 505 2205 532 2231; x_wconf 77' lang='grc' dir='ltr'><strong>δὲ</strong></span> <span class='ocrx_word' id='word_1_451' title='bbox 547 2204 617 2231; x_wconf 84' lang='grc' dir='ltr'>θεῖον</span> <span class='ocrx_word' id='word_1_452' title='bbox 641 2206 780 2241; x_wconf 87' lang='grc' dir='ltr'>κριτήριον</span> <span class='ocrx_word' id='word_1_453' title='bbox 795 2206 840 2232; x_wconf 72' lang='grc' dir='ltr'><strong>τὸν</strong></span> <span class='ocrx_word' id='word_1_454' title='bbox 862 2207 890 2239; x_wconf 76' lang='grc' dir='ltr'>ἐξ</span> <span class='ocrx_word' id='word_1_455' title='bbox 912 2207 1019 2243; x_wconf 81' lang='grc' dir='ltr'>ἀπάτης</span> 
     </span>
    </p>
   </div>
   <div class='ocr_carea' id='block_1_59' title="bbox 231 2251 1018 2286">
    <p class='ocr_par' dir='ltr' id='par_1_59' title="bbox 231 2251 1018 2286">
     <span class='ocr_line' id='line_1_59' title="bbox 231 2251 1018 2286; baseline 0.004 -10"><span class='ocrx_word' id='word_1_456' title='bbox 231 2251 434 2286; x_wconf 80' lang='grc' dir='ltr'>παραλογισμὺν</span> <span class='ocrx_word' id='word_1_457' title='bbox 453 2251 483 2277; x_wconf 90' lang='grc' dir='ltr'>οὺ</span> <span class='ocrx_word' id='word_1_458' title='bbox 506 2251 692 2286; x_wconf 79' lang='grc' dir='ltr'>προσδέχεται.</span> <span class='ocrx_word' id='word_1_459' title='bbox 714 2251 790 2286; x_wconf 75' lang='grc' dir='ltr'>Ἐμοὶ</span> <span class='ocrx_word' id='word_1_460' title='bbox 807 2252 835 2279; x_wconf 81' lang='grc' dir='ltr'><strong>δὲ</strong></span> <span class='ocrx_word' id='word_1_461' title='bbox 847 2252 957 2278; x_wconf 75' lang='grc' dir='ltr'>τοσοῦτο</span> <span class='ocrx_word' id='word_1_462' title='bbox 973 2254 1018 2279; x_wconf 62' lang='lat' dir='ltr'><strong>ne.</strong></span> 
     </span>
    </p>
   </div>
   <div class='ocr_carea' id='block_1_60' title="bbox 230 2297 1017 2333">
    <p class='ocr_par' dir='ltr' id='par_1_60' title="bbox 230 2297 1017 2333">
     <span class='ocr_line' id='line_1_60' title="bbox 230 2297 1017 2333; baseline 0.003 -10"><span class='ocrx_word' id='word_1_463' title='bbox 230 2298 322 2324; x_wconf 83' lang='grc' dir='ltr'>ποιθεν</span> <span class='ocrx_word' id='word_1_464' title='bbox 343 2298 371 2323; x_wconf 81' lang='grc' dir='ltr'>ὲν</span> <span class='ocrx_word' id='word_1_465' title='bbox 388 2299 443 2329; x_wconf 84' lang='grc' dir='ltr'>τοῖς</span> <span class='ocrx_word' id='word_1_466' title='bbox 460 2298 527 2332; x_wconf 79' lang='grc' dir='ltr'>πρὸς</span> <span class='ocrx_word' id='word_1_467' title='bbox 543 2297 573 2322; x_wconf 80' lang='grc' dir='ltr'><strong>σὲ</strong></span> <span class='ocrx_word' id='word_1_468' title='bbox 594 2298 752 2333; x_wconf 74' lang='grc' dir='ltr'>πράγμασιν</span> <span class='ocrx_word' id='word_1_469' title='bbox 768 2300 784 2333; x_wconf 85' lang='grc' dir='ltr'>ἡ</span> <span class='ocrx_word' id='word_1_470' title='bbox 803 2298 963 2333; x_wconf 84' lang='grc' dir='ltr'>συνείδησις,</span> <span class='ocrx_word' id='word_1_471' title='bbox 980 2299 1017 2330; x_wconf 80' lang='grc' dir='ltr'>ὡς</span> 
     </span>
    </p>
   </div>
   <div class='ocr_carea' id='block_1_61' title="bbox 230 2341 1017 2378">
    <p class='ocr_par' dir='ltr' id='par_1_61' title="bbox 230 2341 1017 2378">
     <span class='ocr_line' id='line_1_61' title="bbox 230 2341 1017 2378; baseline 0 -9"><span class='ocrx_word' id='word_1_472' title='bbox 230 2342 357 2377; x_wconf 81' lang='grc' dir='ltr'>εὔχεσθαι</span> <span class='ocrx_word' id='word_1_473' title='bbox 369 2343 423 2369; x_wconf 79' lang='grc' dir='ltr'>τῶν</span> <span class='ocrx_word' id='word_1_474' title='bbox 447 2342 497 2377; x_wconf 84' lang='grc' dir='ltr'>μὲν</span> <span class='ocrx_word' id='word_1_475' title='bbox 513 2341 599 2368; x_wconf 79' lang='grc' dir='ltr'>ἄλλων</span> <span class='ocrx_word' id='word_1_476' title='bbox 615 2342 754 2377; x_wconf 81' lang='grc' dir='ltr'>ἁμαρτιῶν</span> <span class='ocrx_word' id='word_1_477' title='bbox 771 2343 896 2377; x_wconf 83' lang='grc' dir='ltr'>γενέσθαι</span> <span class='ocrx_word' id='word_1_478' title='bbox 911 2352 955 2378; x_wconf 85' lang='grc' dir='ltr'><strong>μοι</strong></span> <span class='ocrx_word' id='word_1_479' title='bbox 968 2343 1017 2378; x_wconf 82' lang='grc' dir='ltr'><strong>τὴν</strong></span> 
     </span>
    </p>
   </div>
   <div class='ocr_carea' id='block_1_62' title="bbox 232 2388 1015 2424">
    <p class='ocr_par' dir='ltr' id='par_1_62' title="bbox 232 2388 1015 2424">
     <span class='ocr_line' id='line_1_62' title="bbox 232 2388 1015 2424; baseline 0.003 -10"><span class='ocrx_word' id='word_1_480' title='bbox 232 2388 420 2423; x_wconf 80' lang='grc' dir='ltr'>συγχώρησιν·</span> <span class='ocrx_word' id='word_1_481' title='bbox 446 2389 470 2414; x_wconf 88' lang='grc' dir='ltr'>εἰ</span> <span class='ocrx_word' id='word_1_482' title='bbox 495 2388 524 2413; x_wconf 78' lang='grc' dir='ltr'><strong>δέ</strong></span> <span class='ocrx_word' id='word_1_483' title='bbox 551 2395 577 2413; x_wconf 74' lang='grc' dir='ltr'><strong>τι</strong></span> <span class='ocrx_word' id='word_1_484' title='bbox 606 2389 675 2414; x_wconf 77' lang='grc' dir='ltr'>κατὰ</span> <span class='ocrx_word' id='word_1_485' title='bbox 702 2389 748 2415; x_wconf 84' lang='grc' dir='ltr'>σοῦ</span> <span class='ocrx_word' id='word_1_486' title='bbox 777 2389 934 2424; x_wconf 76' lang='grc' dir='ltr'>πέπρακταῖ</span> <span class='ocrx_word' id='word_1_487' title='bbox 960 2396 1015 2424; x_wconf 87' lang='grc' dir='ltr'>μοι,</span> 
     </span>
    </p>
   </div>
   <div class='ocr_carea' id='block_1_63' title="bbox 230 2433 1017 2471">
    <p class='ocr_par' dir='ltr' id='par_1_63' title="bbox 230 2433 1017 2471">
     <span class='ocr_line' id='line_1_63' title="bbox 230 2433 1017 2471; baseline 0.001 -11"><span class='ocrx_word' id='word_1_488' title='bbox 230 2434 309 2461; x_wconf 74' lang='grc' dir='ltr'>τοῦτο</span> <span class='ocrx_word' id='word_1_489' title='bbox 333 2435 419 2468; x_wconf 86' lang='grc' dir='ltr'>μεῖναι</span> <span class='ocrx_word' id='word_1_490' title='bbox 442 2434 483 2464; x_wconf 85' lang='grc' dir='ltr'><strong>εἰς</strong></span> <span class='ocrx_word' id='word_1_491' title='bbox 507 2433 538 2458; x_wconf 82' lang='grc' dir='ltr'>τὸ</span> <span class='ocrx_word' id='word_1_492' title='bbox 560 2433 679 2466; x_wconf 73' lang='grc' dir='ltr'>διηνεκὲς</span> <span class='ocrx_word' id='word_1_493' title='bbox 700 2436 901 2471; x_wconf 74' lang='grc' dir='ltr'>ἀσυγχώρητον.</span> <span class='ocrx_word' id='word_1_494' title='bbox 924 2445 933 2462; x_wconf 74' lang='grc' dir='ltr'><strong>ι</strong></span> <span class='ocrx_word' id='word_1_495' title='bbox 952 2436 1017 2470; x_wconf 83' lang='grc' dir='ltr'>Σχε-</span> 
     </span>
    </p>
   </div>
   <div class='ocr_carea' id='block_1_64' title="bbox 230 2477 1018 2516">
    <p class='ocr_par' dir='ltr' id='par_1_64' title="bbox 230 2477 1018 2516">
     <span class='ocr_line' id='line_1_64' title="bbox 230 2477 1018 2516; baseline 0.001 -9"><span class='ocrx_word' id='word_1_496' title='bbox 230 2481 341 2511; x_wconf 78' lang='grc' dir='ltr'>’τλιάσας</span> <span class='ocrx_word' id='word_1_497' title='bbox 352 2480 379 2505; x_wconf 83' lang='grc' dir='ltr'>δὲ</span> <span class='ocrx_word' id='word_1_498' title='bbox 392 2479 431 2513; x_wconf 81' lang='grc' dir='ltr'>τῷ</span> <span class='ocrx_word' id='word_1_499' title='bbox 444 2478 528 2511; x_wconf 85' lang='grc' dir='ltr'>λόγῳ,</span> <span class='ocrx_word' id='word_1_500' title='bbox 546 2477 635 2504; x_wconf 81' lang='grc' dir='ltr'>οὐκέτι</span> <span class='ocrx_word' id='word_1_501' title='bbox 651 2481 829 2516; x_wconf 82' lang='grc' dir='ltr'>προστεθῆναι</span> <span class='ocrx_word' id='word_1_502' title='bbox 846 2482 895 2513; x_wconf 81' lang='grc' dir='ltr'>τὰς</span> <span class='ocrx_word' id='word_1_503' title='bbox 908 2482 1018 2508; x_wconf 84' lang='grc' dir='ltr'>ἀποδεί-</span> 
     </span>
    </p>
   </div>
   <div class='ocr_carea' id='block_1_65' title="bbox 232 2521 1018 2562">
    <p class='ocr_par' dir='ltr' id='par_1_65' title="bbox 232 2521 1018 2562">
     <span class='ocr_line' id='line_1_65' title="bbox 232 2521 1018 2562; baseline 0.005 -12"><span class='ocrx_word' id='word_1_504' title='bbox 232 2526 286 2558; x_wconf 84' lang='grc' dir='ltr'>ξεις</span> <span class='ocrx_word' id='word_1_505' title='bbox 300 2526 355 2556; x_wconf 86' lang='grc' dir='ltr'>τοῖς</span> <span class='ocrx_word' id='word_1_506' title='bbox 366 2522 523 2559; x_wconf 69' lang='grc' dir='ltr'>εἰρημένοις</span> <span class='ocrx_word' id='word_1_507' title='bbox 539 2521 654 2554; x_wconf 75' lang='grc' dir='ltr'>ἐδέξατο.</span> <span class='ocrx_word' id='word_1_508' title='bbox 670 2525 740 2560; x_wconf 82' lang='grc' dir='ltr'>Ὦρα</span> <span class='ocrx_word' id='word_1_509' title='bbox 753 2523 787 2561; x_wconf 77' lang='grc' dir='ltr'><strong>ἧν</strong></span> <span class='ocrx_word' id='word_1_510' title='bbox 802 2527 901 2553; x_wconf 85' lang='grc' dir='ltr'>πλείων</span> <span class='ocrx_word' id='word_1_511' title='bbox 919 2528 935 2562; x_wconf 85' lang='grc' dir='ltr'><strong>ἢ</strong></span> <span class='ocrx_word' id='word_1_512' title='bbox 948 2527 1018 2554; x_wconf 83' lang='grc' dir='ltr'>κατὰ</span> 
     </span>
    </p>
   </div>
   <div class='ocr_carea' id='block_1_66' title="bbox 231 2566 1017 2607">
    <p class='ocr_par' dir='ltr' id='par_1_66' title="bbox 231 2566 1017 2607">
     <span class='ocr_line' id='line_1_66' title="bbox 231 2566 1017 2607; baseline 0.004 -10"><span class='ocrx_word' id='word_1_513' title='bbox 231 2572 279 2605; x_wconf 79' lang='grc' dir='ltr'>τὴν</span> <span class='ocrx_word' id='word_1_514' title='bbox 296 2572 391 2605; x_wconf 70' lang='grc' dir='ltr'>ἕκτην·</span> <span class='ocrx_word' id='word_1_515' title='bbox 408 2569 457 2595; x_wconf 72' lang='grc' dir='ltr'><strong>καὶ</strong></span> <span class='ocrx_word' id='word_1_516' title='bbox 473 2567 505 2592; x_wconf 70' lang='grc' dir='ltr'>τὸ</span> <span class='ocrx_word' id='word_1_517' title='bbox 527 2566 633 2600; x_wconf 67' lang='grc' dir='ltr'>λουτρὸν</span> <span class='ocrx_word' id='word_1_518' title='bbox 647 2569 790 2604; x_wconf 68' lang='grc' dir='ltr'>εὐπρεπὲς,</span> <span class='ocrx_word' id='word_1_519' title='bbox 813 2575 859 2599; x_wconf 75' lang='grc' dir='ltr'><strong>καὶ</strong></span> <span class='ocrx_word' id='word_1_520' title='bbox 881 2574 909 2598; x_wconf 79' lang='grc' dir='ltr'><strong>ἐν</strong></span> <span class='ocrx_word' id='word_1_521' title='bbox 931 2582 1017 2607; x_wconf 73' lang='grc' dir='ltr'>παρα-</span> 
     </span>
    </p>
   </div>
   <div class='ocr_carea' id='block_1_67' title="bbox 232 2611 1018 2653">
    <p class='ocr_par' dir='ltr' id='par_1_67' title="bbox 232 2611 1018 2653">
     <span class='ocr_line' id='line_1_67' title="bbox 232 2611 1018 2653; baseline -0.001 -11"><span class='ocrx_word' id='word_1_522' title='bbox 232 2618 313 2650; x_wconf 79' lang='grc' dir='ltr'>σκευῇ</span> <span class='ocrx_word' id='word_1_523' title='bbox 334 2617 348 2650; x_wconf 73' lang='grc' dir='ltr'>ἡ</span> <span class='ocrx_word' id='word_1_524' title='bbox 364 2615 503 2641; x_wconf 78' lang='grc' dir='ltr'>ἑστίασις,</span> <span class='ocrx_word' id='word_1_525' title='bbox 519 2611 564 2635; x_wconf 68' lang='grc' dir='ltr'><strong>καὶ</strong></span> <span class='ocrx_word' id='word_1_526' title='bbox 583 2611 716 2640; x_wconf 72' lang='grc' dir='ltr'>Σάϐϐατον</span> <span class='ocrx_word' id='word_1_527' title='bbox 736 2617 752 2649; x_wconf 85' lang='grc' dir='ltr'>ἠ</span> <span class='ocrx_word' id='word_1_528' title='bbox 766 2618 868 2653; x_wconf 65' lang='grc' dir='ltr'>ἡμέρα,</span> <span class='ocrx_word' id='word_1_529' title='bbox 884 2619 930 2644; x_wconf 76' lang='grc' dir='ltr'><strong>καὶ</strong></span> <span class='ocrx_word' id='word_1_530' title='bbox 949 2627 1018 2653; x_wconf 76' lang='grc' dir='ltr'>μαρ-</span> 
     </span>
    </p>
   </div>
   <div class='ocr_carea' id='block_1_68' title="bbox 230 2655 675 2695">
    <p class='ocr_par' dir='ltr' id='par_1_68' title="bbox 230 2655 675 2695">
     <span class='ocr_line' id='line_1_68' title="bbox 230 2655 675 2695; baseline -0.016 -8"><span class='ocrx_word' id='word_1_531' title='bbox 230 2662 317 2695; x_wconf 80' lang='grc' dir='ltr'>τύρων</span> <span class='ocrx_word' id='word_1_532' title='bbox 346 2660 421 2694; x_wconf 85' lang='grc' dir='ltr'>τιμή.</span> <span class='ocrx_word' id='word_1_533' title='bbox 457 2656 519 2681; x_wconf 64' lang='grc' dir='ltr'><strong>Καὶ</strong></span> <span class='ocrx_word' id='word_1_534' title='bbox 554 2655 629 2681; x_wconf 80' lang='grc' dir='ltr'>πάλιν</span> <span class='ocrx_word' id='word_1_535' title='bbox 662 2658 675 2680; x_wconf 64' lang='grc' dir='ltr'><em>ὲ</em></span> 
     </span>
    </p>
   </div>
   <div class='ocr_carea' id='block_1_69' title="bbox 568 2700 600 2720">
    <p class='ocr_par' dir='ltr' id='par_1_69' title="bbox 568 2700 600 2720">
     <span class='ocr_line' id='line_1_69' title="bbox 568 2700 600 2720; baseline 0 0"><span class='ocrx_word' id='word_1_536' title='bbox 568 2700 600 2720; x_wconf 50' lang='lat' dir='ltr'><strong>*u</strong></span> 
     </span>
    </p>
   </div>
   <div class='ocr_carea' id='block_1_70' title="bbox 742 2661 1017 2696">
    <p class='ocr_par' dir='ltr' id='par_1_70' title="bbox 742 2661 1017 2696">
     <span class='ocr_line' id='line_1_70' title="bbox 742 2661 1017 2696; baseline 0.011 -10"><span class='ocrx_word' id='word_1_537' title='bbox 742 2661 825 2696; x_wconf 64' lang='grc' dir='ltr'>θητὴς</span> <span class='ocrx_word' id='word_1_538' title='bbox 851 2663 898 2688; x_wconf 76' lang='grc' dir='ltr'>τοῦ</span> <span class='ocrx_word' id='word_1_539' title='bbox 929 2664 1017 2696; x_wconf 77' lang='grc' dir='ltr'>Εὐαγ-</span> 
     </span>
    </p>
   </div>
   <div class='ocr_carea' id='block_1_71' title="bbox 810 2706 1015 2743">
    <p class='ocr_par' dir='ltr' id='par_1_71' title="bbox 810 2706 1015 2743">
     <span class='ocr_line' id='line_1_71' title="bbox 810 2706 1015 2743; baseline 0.015 -11"><span class='ocrx_word' id='word_1_540' title='bbox 810 2706 849 2733; x_wconf 74' lang='grc' dir='ltr'><strong>ὀυ</strong></span> <span class='ocrx_word' id='word_1_541' title='bbox 863 2709 895 2733; x_wconf 86' lang='grc' dir='ltr'>Δε</span> <span class='ocrx_word' id='word_1_542' title='bbox 900 2709 1015 2743; x_wconf 82' lang='grc' dir='ltr'>σπότην;</span> 
     </span>
    </p>
   </div>
   <div class='ocr_carea' id='block_1_72' title="bbox 855 2753 1019 2795">
    <p class='ocr_par' dir='ltr' id='par_1_72' title="bbox 855 2753 1019 2795">
     <span class='ocr_line' id='line_1_72' title="bbox 855 2753 1019 2795; baseline 0.006 -16"><span class='ocrx_word' id='word_1_543' title='bbox 855 2753 959 2795; x_wconf 14' lang='grc' dir='ltr'>μὲσθίων</span> <span class='ocrx_word' id='word_1_544' title='bbox 972 2755 1019 2783; x_wconf 70' lang='grc' dir='ltr'>καὶ</span> 
     </span>
    </p>
   </div>
   <div class='ocr_carea' id='block_1_73' title="bbox 229 2705 437 2739">
    <p class='ocr_par' dir='ltr' id='par_1_73' title="bbox 229 2705 437 2739">
     <span class='ocr_line' id='line_1_73' title="bbox 229 2705 437 2739; baseline 0 -8"><span class='ocrx_word' id='word_1_545' title='bbox 229 2707 317 2739; x_wconf 77' lang='grc' dir='ltr'>γελίου</span> <span class='ocrx_word' id='word_1_546' title='bbox 331 2705 387 2735; x_wconf 85' lang='grc' dir='ltr'>πῶς</span> <span class='ocrx_word' id='word_1_547' title='bbox 403 2711 437 2738; x_wconf 85' lang='grc' dir='ltr'><strong>μι</strong></span> 
     </span>
    </p>
   </div>
   <div class='ocr_carea' id='block_1_74' title="bbox 215 2698 560 3046">
    <p class='ocr_par' dir='ltr' id='par_1_74' title="bbox 219 2698 559 3041">
     <span class='ocr_line' id='line_1_74' title="bbox 229 2698 559 2752; baseline 0 -21"><span class='ocrx_word' id='word_1_548' title='bbox 229 2707 317 2739; x_wconf 77' lang='grc' dir='ltr'>γελίου</span> <span class='ocrx_word' id='word_1_549' title='bbox 331 2705 387 2735; x_wconf 85' lang='grc' dir='ltr'>πῶς</span> <span class='ocrx_word' id='word_1_550' title='bbox 403 2698 559 2752; x_wconf 36' lang='grc' dir='ltr'><strong>μὲν-Α</strong></span> 
     </span>
     <span class='ocr_line' id='line_1_75' title="bbox 228 2750 389 2795; baseline 0.012 -18"><span class='ocrx_word' id='word_1_551' title='bbox 228 2753 241 2777; x_wconf 74' lang='grc' dir='ltr'><strong><em>ὁ</em></strong></span> <span class='ocrx_word' id='word_1_552' title='bbox 268 2750 315 2785; x_wconf 82' lang='grc' dir='ltr'>μὲν</span> <span class='ocrx_word' id='word_1_553' title='bbox 340 2754 389 2795; x_wconf 47' lang='grc' dir='ltr'><strong>μετ</strong></span> 
     </span>
     <span class='ocr_line' id='line_1_76' title="bbox 219 2747 556 3041; baseline 0 0"><span class='ocrx_word' id='word_1_554' title='bbox 219 2747 556 3041; x_wconf 52' lang='lat' dir='ltr'><strong>j</strong></span> 
     </span>
    </p>
   </div>
   <div class='ocr_carea' id='block_1_75' title="bbox 860 2833 895 2851">
    <p class='ocr_par' dir='ltr' id='par_1_75' title="bbox 860 2833 895 2851">
     <span class='ocr_line' id='line_1_77' title="bbox 860 2833 895 2851; baseline 0 0"><span class='ocrx_word' id='word_1_555' title='bbox 860 2833 895 2851; x_wconf 61' lang='grc' dir='ltr'><strong>ε-.</strong></span> 
     </span>
    </p>
   </div>
   <div class='ocr_carea' id='block_1_76' title="bbox 1071 924 1860 961">
    <p class='ocr_par' dir='ltr' id='par_1_76' title="bbox 1071 924 1860 961">
     <span class='ocr_line' id='line_1_78' title="bbox 1071 924 1860 961; baseline 0.009 -11"><span class='ocrx_word' id='word_1_556' title='bbox 1071 924 1207 958; x_wconf 70' lang='lat' dir='ltr'><strong>superbia:</strong></span> <span class='ocrx_word' id='word_1_557' title='bbox 1224 924 1382 959; x_wconf 75' lang='lat' dir='ltr'><strong>magnitudo</strong></span> <span class='ocrx_word' id='word_1_558' title='bbox 1398 932 1494 959; x_wconf 88' lang='lat' dir='ltr'><strong>parum</strong></span> <span class='ocrx_word' id='word_1_559' title='bbox 1509 925 1617 953; x_wconf 75' lang='lat' dir='ltr'><strong>abesset</strong></span> <span class='ocrx_word' id='word_1_560' title='bbox 1636 927 1702 961; x_wconf 92' lang='lat' dir='ltr'><strong>quin</strong></span> <span class='ocrx_word' id='word_1_561' title='bbox 1719 929 1824 957; x_wconf 67' lang='lat' dir='ltr'><strong>caelesti</strong></span> <span class='ocrx_word' id='word_1_562' title='bbox 1845 938 1860 957; x_wconf 88' lang='lat' dir='ltr'><strong>a</strong></span> 
     </span>
    </p>
   </div>
   <div class='ocr_carea' id='block_1_77' title="bbox 1071 970 1860 1006">
    <p class='ocr_par' dir='ltr' id='par_1_77' title="bbox 1071 970 1860 1006">
     <span class='ocr_line' id='line_1_79' title="bbox 1071 970 1860 1006; baseline 0.006 -9"><span class='ocrx_word' id='word_1_563' title='bbox 1071 970 1241 997; x_wconf 86' lang='lat' dir='ltr'><strong>sublimitate</strong></span> <span class='ocrx_word' id='word_1_564' title='bbox 1254 977 1308 997; x_wconf 87' lang='lat' dir='ltr'><strong>non</strong></span> <span class='ocrx_word' id='word_1_565' title='bbox 1326 975 1471 1004; x_wconf 83' lang='lat' dir='ltr'><strong>caperetur</strong></span> <span class='ocrx_word' id='word_1_566' title='bbox 1486 980 1492 998; x_wconf 95' lang='lat'><strong>:</strong></span> <span class='ocrx_word' id='word_1_567' title='bbox 1508 978 1626 1006; x_wconf 90' lang='lat' dir='ltr'><strong>cumque</strong></span> <span class='ocrx_word' id='word_1_568' title='bbox 1641 974 1781 1001; x_wconf 85' lang='lat' dir='ltr'><strong>materiem</strong></span> <span class='ocrx_word' id='word_1_569' title='bbox 1797 977 1860 1002; x_wconf 73' lang='lat' dir='ltr'><strong>nul—</strong></span> 
     </span>
    </p>
   </div>
   <div class='ocr_carea' id='block_1_78' title="bbox 1071 1015 1859 1055">
    <p class='ocr_par' dir='ltr' id='par_1_78' title="bbox 1071 1015 1859 1055">
     <span class='ocr_line' id='line_1_80' title="bbox 1071 1015 1859 1055; baseline 0.009 -14"><span class='ocrx_word' id='word_1_570' title='bbox 1071 1015 1136 1048; x_wconf 84' lang='lat' dir='ltr'><strong>lam,</strong></span> <span class='ocrx_word' id='word_1_571' title='bbox 1168 1015 1272 1042; x_wconf 89' lang='lat' dir='ltr'><strong>nullam</strong></span> <span class='ocrx_word' id='word_1_572' title='bbox 1294 1016 1468 1043; x_wconf 82' lang='lat' dir='ltr'><strong>occasionem</strong></span> <span class='ocrx_word' id='word_1_573' title='bbox 1492 1018 1589 1044; x_wconf 89' lang='lat' dir='ltr'><strong>morbo</strong></span> <span class='ocrx_word' id='word_1_574' title='bbox 1617 1018 1682 1046; x_wconf 75' lang='lat' dir='ltr'><strong>huic</strong></span> <span class='ocrx_word' id='word_1_575' title='bbox 1717 1021 1859 1055; x_wconf 65' lang='lat' dir='ltr'><strong>praebitam</strong></span> 
     </span>
    </p>
   </div>
   <div class='ocr_carea' id='block_1_79' title="bbox 1070 1061 1860 1100">
    <p class='ocr_par' dir='ltr' id='par_1_79' title="bbox 1070 1061 1860 1100">
     <span class='ocr_line' id='line_1_81' title="bbox 1070 1061 1860 1100; baseline 0.009 -12"><span class='ocrx_word' id='word_1_576' title='bbox 1070 1068 1223 1093; x_wconf 87' lang='lat' dir='ltr'><strong>cernerem,</strong></span> <span class='ocrx_word' id='word_1_577' title='bbox 1239 1061 1340 1096; x_wconf 90' lang='lat' dir='ltr'><strong>quibus</strong></span> <span class='ocrx_word' id='word_1_578' title='bbox 1352 1069 1385 1089; x_wconf 83' lang='lat' dir='ltr'><strong>ex</strong></span> <span class='ocrx_word' id='word_1_579' title='bbox 1400 1062 1482 1089; x_wconf 87' lang='lat' dir='ltr'><strong>rebus</strong></span> <span class='ocrx_word' id='word_1_580' title='bbox 1502 1063 1560 1090; x_wconf 56' lang='lat' dir='ltr'><strong>haec</strong></span> <span class='ocrx_word' id='word_1_581' title='bbox 1578 1064 1660 1091; x_wconf 89' lang='lat' dir='ltr'><strong>animi</strong></span> <span class='ocrx_word' id='word_1_582' title='bbox 1690 1068 1860 1100; x_wconf 85' lang='lat' dir='ltr'><strong>perturbatio</strong></span> 
     </span>
    </p>
   </div>
   <div class='ocr_carea' id='block_1_80' title="bbox 1070 1107 1861 1145">
    <p class='ocr_par' dir='ltr' id='par_1_80' title="bbox 1070 1107 1861 1145">
     <span class='ocr_line' id='line_1_82' title="bbox 1070 1107 1861 1145; baseline 0.009 -12"><span class='ocrx_word' id='word_1_583' title='bbox 1070 1107 1176 1134; x_wconf 86' lang='lat' dir='ltr'><strong>veniam</strong></span> <span class='ocrx_word' id='word_1_584' title='bbox 1196 1108 1294 1134; x_wconf 85' lang='lat' dir='ltr'><strong>mereri</strong></span> <span class='ocrx_word' id='word_1_585' title='bbox 1308 1108 1462 1141; x_wconf 83' lang='lat' dir='ltr'><strong>consuevit,</strong></span> <span class='ocrx_word' id='word_1_586' title='bbox 1489 1109 1596 1143; x_wconf 89' lang='lat' dir='ltr'><strong>quoties</strong></span> <span class='ocrx_word' id='word_1_587' title='bbox 1620 1111 1705 1145; x_wconf 87' lang='lat' dir='ltr'><strong>aliqui</strong></span> <span class='ocrx_word' id='word_1_588' title='bbox 1732 1116 1861 1140; x_wconf 87' lang='lat' dir='ltr'><strong>tenentur</strong></span> 
     </span>
    </p>
   </div>
   <div class='ocr_carea' id='block_1_81' title="bbox 1071 1153 1860 1188">
    <p class='ocr_par' dir='ltr' id='par_1_81' title="bbox 1071 1153 1860 1188">
     <span class='ocr_line' id='line_1_83' title="bbox 1071 1153 1860 1188; baseline 0.009 -9"><span class='ocrx_word' id='word_1_589' title='bbox 1071 1153 1123 1180; x_wconf 87' lang='lat' dir='ltr'><strong>hoc</strong></span> <span class='ocrx_word' id='word_1_590' title='bbox 1141 1153 1238 1179; x_wconf 89' lang='lat' dir='ltr'><strong>morbo</strong></span> <span class='ocrx_word' id='word_1_591' title='bbox 1255 1153 1371 1188; x_wconf 86' lang='lat' dir='ltr'><strong>quadam</strong></span> <span class='ocrx_word' id='word_1_592' title='bbox 1386 1161 1419 1181; x_wconf 90' lang='lat' dir='ltr'><strong>cx</strong></span> <span class='ocrx_word' id='word_1_593' title='bbox 1434 1154 1653 1188; x_wconf 85' lang='lat' dir='ltr'><strong>circumstantia,</strong></span> <span class='ocrx_word' id='word_1_594' title='bbox 1667 1157 1796 1185; x_wconf 83' lang='lat' dir='ltr'><strong>nimirum</strong></span> <span class='ocrx_word' id='word_1_595' title='bbox 1814 1159 1860 1186; x_wconf 91' lang='lat' dir='ltr'><strong>ubi</strong></span> 
     </span>
    </p>
   </div>
   <div class='ocr_carea' id='block_1_82' title="bbox 1071 1200 1860 1238">
    <p class='ocr_par' dir='ltr' id='par_1_82' title="bbox 1071 1200 1860 1238">
     <span class='ocr_line' id='line_1_84' title="bbox 1071 1200 1860 1238; baseline 0.009 -13"><span class='ocrx_word' id='word_1_596' title='bbox 1071 1200 1112 1227; x_wconf 84' lang='lat' dir='ltr'><strong>vel</strong></span> <span class='ocrx_word' id='word_1_597' title='bbox 1128 1207 1225 1233; x_wconf 82' lang='lat' dir='ltr'><strong>genus,</strong></span> <span class='ocrx_word' id='word_1_598' title='bbox 1241 1200 1282 1226; x_wconf 88' lang='lat' dir='ltr'><strong>vel</strong></span> <span class='ocrx_word' id='word_1_599' title='bbox 1297 1200 1445 1232; x_wconf 84' lang='lat' dir='ltr'><strong>institutio,</strong></span> <span class='ocrx_word' id='word_1_600' title='bbox 1461 1201 1503 1228; x_wconf 85' lang='lat' dir='ltr'><strong>vel</strong></span> <span class='ocrx_word' id='word_1_601' title='bbox 1520 1200 1682 1237; x_wconf 67' lang='lat' dir='ltr'><strong>dignitatum</strong></span> <span class='ocrx_word' id='word_1_602' title='bbox 1702 1206 1860 1238; x_wconf 79' lang='lat' dir='ltr'><strong>praestantia</strong></span> 
     </span>
    </p>
   </div>
   <div class='ocr_carea' id='block_1_83' title="bbox 1071 1245 1859 1278">
    <p class='ocr_par' dir='ltr' id='par_1_83' title="bbox 1071 1245 1859 1278">
     <span class='ocr_line' id='line_1_85' title="bbox 1071 1245 1859 1278; baseline 0.009 -7"><span class='ocrx_word' id='word_1_603' title='bbox 1071 1253 1162 1272; x_wconf 84' lang='lat' dir='ltr'><strong>mores</strong></span> <span class='ocrx_word' id='word_1_604' title='bbox 1185 1245 1398 1273; x_wconf 86' lang='lat' dir='ltr'><strong>leviusculorum</strong></span> <span class='ocrx_word' id='word_1_605' title='bbox 1420 1246 1559 1274; x_wconf 90' lang='lat' dir='ltr'><strong>hominum</strong></span> <span class='ocrx_word' id='word_1_606' title='bbox 1583 1248 1684 1276; x_wconf 86' lang='lat' dir='ltr'><strong>inﬂat:</strong></span> <span class='ocrx_word' id='word_1_607' title='bbox 1703 1251 1859 1278; x_wconf 68' lang='lat' dir='ltr'><strong>nesciebant:</strong></span> 
     </span>
    </p>
   </div>
   <div class='ocr_carea' id='block_1_84' title="bbox 1070 1292 1860 1330">
    <p class='ocr_par' dir='ltr' id='par_1_84' title="bbox 1070 1292 1860 1330">
     <span class='ocr_line' id='line_1_86' title="bbox 1070 1292 1860 1330; baseline 0.009 -13"><span class='ocrx_word' id='word_1_608' title='bbox 1070 1298 1125 1326; x_wconf 90' lang='lat' dir='ltr'><strong>quo</strong></span> <span class='ocrx_word' id='word_1_609' title='bbox 1139 1296 1217 1330; x_wconf 84' lang='lat' dir='ltr'><strong>pacto</strong></span> <span class='ocrx_word' id='word_1_610' title='bbox 1232 1292 1365 1326; x_wconf 91' lang='lat' dir='ltr'><strong>meipsum</strong></span> <span class='ocrx_word' id='word_1_611' title='bbox 1380 1293 1527 1326; x_wconf 89' lang='lat' dir='ltr'><strong>erudirem,</strong></span> <span class='ocrx_word' id='word_1_612' title='bbox 1554 1294 1591 1320; x_wconf 85' lang='lat' dir='ltr'><strong>uti</strong></span> <span class='ocrx_word' id='word_1_613' title='bbox 1609 1300 1708 1323; x_wconf 87' lang='lat' dir='ltr'><strong>memet</strong></span> <span class='ocrx_word' id='word_1_614' title='bbox 1733 1297 1860 1324; x_wconf 86' lang='lat' dir='ltr'><strong>contine-</strong></span> 
     </span>
    </p>
   </div>
   <div class='ocr_carea' id='block_1_85' title="bbox 1070 1337 1860 1377">
    <p class='ocr_par' dir='ltr' id='par_1_85' title="bbox 1070 1337 1860 1377">
     <span class='ocr_line' id='line_1_87' title="bbox 1070 1337 1860 1377; baseline 0.009 -14"><span class='ocrx_word' id='word_1_615' title='bbox 1070 1345 1127 1364; x_wconf 91' lang='lat' dir='ltr'><strong>rem</strong></span> <span class='ocrx_word' id='word_1_616' title='bbox 1141 1345 1148 1369; x_wconf 91' lang='lat'><strong>;</strong></span> <span class='ocrx_word' id='word_1_617' title='bbox 1163 1337 1236 1372; x_wconf 89' lang='lat' dir='ltr'><strong>quod</strong></span> <span class='ocrx_word' id='word_1_618' title='bbox 1245 1337 1354 1365; x_wconf 85' lang='lat' dir='ltr'><strong>animus</strong></span> <span class='ocrx_word' id='word_1_619' title='bbox 1370 1338 1436 1364; x_wconf 90' lang='lat' dir='ltr'><strong>mihi</strong></span> <span class='ocrx_word' id='word_1_620' title='bbox 1450 1339 1485 1366; x_wconf 92' lang='lat' dir='ltr'><strong>ob</strong></span> <span class='ocrx_word' id='word_1_621' title='bbox 1500 1339 1673 1368; x_wconf 87' lang='lat' dir='ltr'><strong>insolentiam</strong></span> <span class='ocrx_word' id='word_1_622' title='bbox 1690 1349 1787 1370; x_wconf 86' lang='lat' dir='ltr'><strong>eorum</strong></span> <span class='ocrx_word' id='word_1_623' title='bbox 1799 1348 1860 1377; x_wconf 71' lang='lat' dir='ltr'><strong>qua!</strong></span> 
     </span>
    </p>
   </div>
   <div class='ocr_carea' id='block_1_86' title="bbox 1071 1383 1859 1422">
    <p class='ocr_par' dir='ltr' id='par_1_86' title="bbox 1071 1383 1859 1422">
     <span class='ocr_line' id='line_1_88' title="bbox 1071 1383 1859 1422; baseline 0.009 -13"><span class='ocrx_word' id='word_1_624' title='bbox 1071 1383 1237 1415; x_wconf 88' lang='lat' dir='ltr'><strong>acciderent,</strong></span> <span class='ocrx_word' id='word_1_625' title='bbox 1265 1384 1382 1411; x_wconf 88' lang='lat' dir='ltr'><strong>interius</strong></span> <span class='ocrx_word' id='word_1_626' title='bbox 1407 1384 1612 1419; x_wconf 87' lang='lat' dir='ltr'><strong>intumesceret,</strong></span> <span class='ocrx_word' id='word_1_627' title='bbox 1631 1391 1657 1413; x_wconf 87' lang='lat' dir='ltr'><strong>et</strong></span> <span class='ocrx_word' id='word_1_628' title='bbox 1677 1387 1859 1422; x_wconf 71' lang='lat' dir='ltr'><strong>cogitationes</strong></span> 
     </span>
    </p>
   </div>
   <div class='ocr_carea' id='block_1_87' title="bbox 1071 1429 1859 1469">
    <p class='ocr_par' dir='ltr' id='par_1_87' title="bbox 1071 1429 1859 1469">
     <span class='ocr_line' id='line_1_89' title="bbox 1071 1429 1859 1469; baseline 0.008 -13"><span class='ocrx_word' id='word_1_629' title='bbox 1071 1436 1167 1457; x_wconf 89' lang='lat' dir='ltr'><strong>omnes</strong></span> <span class='ocrx_word' id='word_1_630' title='bbox 1180 1429 1213 1456; x_wconf 89' lang='lat' dir='ltr'><strong>de</strong></span> <span class='ocrx_word' id='word_1_631' title='bbox 1233 1429 1377 1456; x_wconf 88' lang='lat' dir='ltr'><strong>tolerantia</strong></span> <span class='ocrx_word' id='word_1_632' title='bbox 1396 1435 1547 1465; x_wconf 88' lang='lat' dir='ltr'><strong>respueret.</strong></span> <span class='ocrx_word' id='word_1_633' title='bbox 1565 1432 1654 1467; x_wconf 87' lang='lat' dir='ltr'><strong>Atque</strong></span> <span class='ocrx_word' id='word_1_634' title='bbox 1671 1433 1721 1461; x_wconf 92' lang='lat' dir='ltr'><strong>hoc</strong></span> <span class='ocrx_word' id='word_1_635' title='bbox 1736 1437 1859 1469; x_wconf 79' lang='lat' dir='ltr'><strong>tempore</strong></span> 
     </span>
    </p>
   </div>
   <div class='ocr_carea' id='block_1_88' title="bbox 1071 1475 1857 1512">
    <p class='ocr_par' dir='ltr' id='par_1_88' title="bbox 1071 1475 1857 1512">
     <span class='ocr_line' id='line_1_90' title="bbox 1071 1475 1857 1512; baseline 0.008 -11"><span class='ocrx_word' id='word_1_636' title='bbox 1071 1475 1113 1502; x_wconf 86' lang='lat' dir='ltr'><strong>vel</strong></span> <span class='ocrx_word' id='word_1_637' title='bbox 1135 1475 1253 1502; x_wconf 80' lang='lat' dir='ltr'><strong>maxime</strong></span> <span class='ocrx_word' id='word_1_638' title='bbox 1275 1475 1398 1502; x_wconf 88' lang='lat' dir='ltr'><strong>divinum</strong></span> <span class='ocrx_word' id='word_1_639' title='bbox 1422 1476 1497 1503; x_wconf 87' lang='lat' dir='ltr'><strong>illum</strong></span> <span class='ocrx_word' id='word_1_640' title='bbox 1521 1477 1682 1512; x_wconf 79' lang='lat' dir='ltr'><strong>Apostolum</strong></span> <span class='ocrx_word' id='word_1_641' title='bbox 1705 1480 1857 1508; x_wconf 82' lang='lat' dir='ltr'><strong>admiratus</strong></span> 
     </span>
    </p>
   </div>
   <div class='ocr_carea' id='block_1_89' title="bbox 1072 1521 1858 1555">
    <p class='ocr_par' dir='ltr' id='par_1_89' title="bbox 1072 1521 1858 1555">
     <span class='ocr_line' id='line_1_91' title="bbox 1072 1521 1858 1555; baseline 0.008 -8"><span class='ocrx_word' id='word_1_642' title='bbox 1072 1528 1142 1553; x_wconf 90' lang='lat' dir='ltr'><strong>sum,</strong></span> <span class='ocrx_word' id='word_1_643' title='bbox 1158 1521 1203 1555; x_wconf 93' lang='lat' dir='ltr'><strong>qui</strong></span> <span class='ocrx_word' id='word_1_644' title='bbox 1219 1524 1274 1547; x_wconf 89' lang='lat' dir='ltr'><strong>tam</strong></span> <span class='ocrx_word' id='word_1_645' title='bbox 1296 1521 1397 1549; x_wconf 84' lang='lat' dir='ltr'><strong>illustri</strong></span> <span class='ocrx_word' id='word_1_646' title='bbox 1419 1522 1524 1549; x_wconf 87' lang='lat' dir='ltr'><strong>ratione</strong></span> <span class='ocrx_word' id='word_1_647' title='bbox 1540 1523 1640 1550; x_wconf 87' lang='lat' dir='ltr'><strong>bellum</strong></span> <span class='ocrx_word' id='word_1_648' title='bbox 1658 1524 1728 1551; x_wconf 84' lang='lat' dir='ltr'><strong>intra</strong></span> <span class='ocrx_word' id='word_1_649' title='bbox 1750 1533 1801 1553; x_wconf 88' lang='lat' dir='ltr'><strong>nos</strong></span> <span class='ocrx_word' id='word_1_650' title='bbox 1815 1526 1858 1553; x_wconf 69' lang='grc' dir='ltr'><strong>οἱ-Ι</strong></span> 
     </span>
    </p>
   </div>
   <div class='ocr_carea' id='block_1_90' title="bbox 1071 1566 1858 1604">
    <p class='ocr_par' dir='ltr' id='par_1_90' title="bbox 1071 1566 1858 1604">
     <span class='ocr_line' id='line_1_92' title="bbox 1071 1566 1858 1604; baseline 0.008 -11"><span class='ocrx_word' id='word_1_651' title='bbox 1071 1568 1123 1594; x_wconf 81' lang='lat' dir='ltr'><strong>vile</strong></span> <span class='ocrx_word' id='word_1_652' title='bbox 1139 1566 1302 1601; x_wconf 84' lang='lat' dir='ltr'><strong>depinxerit,</strong></span> <span class='ocrx_word' id='word_1_653' title='bbox 1314 1575 1375 1594; x_wconf 91' lang='lat' dir='ltr'><strong>cum</strong></span> <span class='ocrx_word' id='word_1_654' title='bbox 1389 1568 1427 1595; x_wconf 87' lang='lat' dir='ltr'><strong>ait</strong></span> <span class='ocrx_word' id='word_1_655' title='bbox 1444 1575 1506 1596; x_wconf 90' lang='lat' dir='ltr'><strong>esse</strong></span> <span class='ocrx_word' id='word_1_656' title='bbox 1520 1569 1668 1604; x_wconf 87' lang='lat' dir='ltr'><strong>quamdam</strong></span> <span class='ocrx_word' id='word_1_657' title='bbox 1684 1570 1709 1597; x_wconf 96' lang='lat' dir='ltr'><strong>in</strong></span> <span class='ocrx_word' id='word_1_658' title='bbox 1726 1572 1858 1600; x_wconf 74' lang='lat' dir='ltr'><strong>membris</strong></span> 
     </span>
    </p>
   </div>
   <div class='ocr_carea' id='block_1_91' title="bbox 1073 1612 1860 1652">
    <p class='ocr_par' dir='ltr' id='par_1_91' title="bbox 1073 1612 1860 1652">
     <span class='ocr_line' id='line_1_93' title="bbox 1073 1612 1860 1652; baseline 0.01 -14"><span class='ocrx_word' id='word_1_659' title='bbox 1073 1612 1176 1639; x_wconf 89' lang='lat' dir='ltr'><strong>nostris</strong></span> <span class='ocrx_word' id='word_1_660' title='bbox 1196 1612 1282 1647; x_wconf 75' lang='lat' dir='ltr'><strong>legem</strong></span> <span class='ocrx_word' id='word_1_661' title='bbox 1299 1614 1415 1648; x_wconf 87' lang='lat' dir='ltr'><strong>peccati,</strong></span> <span class='ocrx_word' id='word_1_662' title='bbox 1434 1615 1513 1649; x_wconf 90' lang='lat' dir='ltr'><strong>quasi</strong></span> <span class='ocrx_word' id='word_1_663' title='bbox 1529 1616 1621 1651; x_wconf 82' lang='lat' dir='ltr'><strong>copias</strong></span> <span class='ocrx_word' id='word_1_664' title='bbox 1638 1624 1702 1644; x_wconf 89' lang='lat' dir='ltr'><strong>suas</strong></span> <span class='ocrx_word' id='word_1_665' title='bbox 1726 1618 1860 1652; x_wconf 82' lang='lat' dir='ltr'><strong>objicien-</strong></span> 
     </span>
    </p>
   </div>
   <div class='ocr_carea' id='block_1_92' title="bbox 1071 1658 1859 1697">
    <p class='ocr_par' dir='ltr' id='par_1_92' title="bbox 1071 1658 1859 1697">
     <span class='ocr_line' id='line_1_94' title="bbox 1071 1658 1859 1697; baseline 0.009 -14"><span class='ocrx_word' id='word_1_666' title='bbox 1071 1661 1124 1684; x_wconf 90' lang='lat' dir='ltr'><strong>tem</strong></span> <span class='ocrx_word' id='word_1_667' title='bbox 1140 1658 1190 1694; x_wconf 76' lang='lat' dir='ltr'><strong>legi</strong></span> <span class='ocrx_word' id='word_1_668' title='bbox 1208 1659 1317 1692; x_wconf 89' lang='lat' dir='ltr'><strong>mentis,</strong></span> <span class='ocrx_word' id='word_1_669' title='bbox 1331 1660 1486 1695; x_wconf 56' lang='lat' dir='ltr'><strong>saepiusque</strong></span> <span class='ocrx_word' id='word_1_670' title='bbox 1500 1666 1618 1688; x_wconf 89' lang='lat' dir='ltr'><strong>mentem</strong></span> <span class='ocrx_word' id='word_1_671' title='bbox 1645 1662 1697 1689; x_wconf 89' lang='lat' dir='ltr'><strong>sibi</strong></span> <span class='ocrx_word' id='word_1_672' title='bbox 1723 1664 1859 1697; x_wconf 85' lang='lat' dir='ltr'><strong>captivam</strong></span> 
     </span>
    </p>
   </div>
   <div class='ocr_carea' id='block_1_93' title="bbox 1074 1703 1857 1743">
    <p class='ocr_par' dir='ltr' id='par_1_93' title="bbox 1074 1703 1857 1743">
     <span class='ocr_line' id='line_1_95' title="bbox 1074 1703 1857 1743; baseline 0.006 -13"><span class='ocrx_word' id='word_1_673' title='bbox 1074 1703 1245 1736; x_wconf 86' lang='lat' dir='ltr'><strong>reddentem,</strong></span> <span class='ocrx_word' id='word_1_674' title='bbox 1268 1712 1300 1731; x_wconf 87' lang='lat' dir='ltr'><strong>ac</strong></span> <span class='ocrx_word' id='word_1_675' title='bbox 1321 1713 1398 1731; x_wconf 86' lang='lat' dir='ltr'><strong>suam</strong></span> <span class='ocrx_word' id='word_1_676' title='bbox 1418 1705 1445 1732; x_wconf 95' lang='lat' dir='ltr'><strong>in</strong></span> <span class='ocrx_word' id='word_1_677' title='bbox 1468 1710 1629 1740; x_wconf 76' lang='lat' dir='ltr'><strong>potestatem</strong></span> <span class='ocrx_word' id='word_1_678' title='bbox 1654 1708 1822 1743; x_wconf 81' lang='lat' dir='ltr'><strong>redigentem</strong></span> <span class='ocrx_word' id='word_1_679' title='bbox 1836 1709 1857 1736; x_wconf 68' lang='grc' dir='ltr'><strong>ἰ</strong></span> 
     </span>
    </p>
   </div>
   <div class='ocr_carea' id='block_1_94' title="bbox 1072 1748 1860 1788">
    <p class='ocr_par' dir='ltr' id='par_1_94' title="bbox 1072 1748 1860 1788">
     <span class='ocr_line' id='line_1_96' title="bbox 1072 1748 1860 1788; baseline 0.009 -13"><span class='ocrx_word' id='word_1_680' title='bbox 1072 1748 1236 1783; x_wconf 85' lang='lat' dir='ltr'><strong>Hujusmodi</strong></span> <span class='ocrx_word' id='word_1_681' title='bbox 1252 1757 1313 1776; x_wconf 89' lang='lat' dir='ltr'><strong>cum</strong></span> <span class='ocrx_word' id='word_1_682' title='bbox 1328 1751 1355 1777; x_wconf 88' lang='lat' dir='ltr'><strong>in</strong></span> <span class='ocrx_word' id='word_1_683' title='bbox 1368 1758 1412 1778; x_wconf 87' lang='lat' dir='ltr'><strong>me</strong></span> <span class='ocrx_word' id='word_1_684' title='bbox 1426 1751 1542 1778; x_wconf 90' lang='lat' dir='ltr'><strong>duarum</strong></span> <span class='ocrx_word' id='word_1_685' title='bbox 1562 1753 1761 1788; x_wconf 75' lang='lat' dir='ltr'><strong>cogitationum</strong></span> <span class='ocrx_word' id='word_1_686' title='bbox 1785 1756 1860 1782; x_wconf 81' lang='lat' dir='ltr'><strong>velut</strong></span> 
     </span>
    </p>
   </div>
   <div class='ocr_carea' id='block_1_95' title="bbox 1072 1794 1856 1831">
    <p class='ocr_par' dir='ltr' id='par_1_95' title="bbox 1072 1794 1856 1831">
     <span class='ocr_line' id='line_1_97' title="bbox 1072 1794 1856 1831; baseline 0.011 -12"><span class='ocrx_word' id='word_1_687' title='bbox 1072 1794 1235 1821; x_wconf 89' lang='lat' dir='ltr'><strong>instructam</strong></span> <span class='ocrx_word' id='word_1_688' title='bbox 1252 1795 1383 1830; x_wconf 87' lang='lat' dir='ltr'><strong>utrinque</strong></span> <span class='ocrx_word' id='word_1_689' title='bbox 1409 1804 1442 1824; x_wconf 80' lang='lat' dir='ltr'><strong>ex</strong></span> <span class='ocrx_word' id='word_1_690' title='bbox 1459 1797 1574 1825; x_wconf 89' lang='lat' dir='ltr'><strong>adverso</strong></span> <span class='ocrx_word' id='word_1_691' title='bbox 1594 1799 1679 1826; x_wconf 88' lang='lat' dir='ltr'><strong>aciem</strong></span> <span class='ocrx_word' id='word_1_692' title='bbox 1704 1807 1856 1831; x_wconf 80' lang='lat' dir='ltr'><strong>cernerem.</strong></span> 
     </span>
    </p>
   </div>
   <div class='ocr_carea' id='block_1_96' title="bbox 1071 1839 1858 1880">
    <p class='ocr_par' dir='ltr' id='par_1_96' title="bbox 1071 1839 1858 1880">
     <span class='ocr_line' id='line_1_98' title="bbox 1071 1839 1858 1880; baseline 0.011 -16"><span class='ocrx_word' id='word_1_693' title='bbox 1071 1846 1187 1873; x_wconf 89' lang='lat' dir='ltr'><strong>quarum</strong></span> <span class='ocrx_word' id='word_1_694' title='bbox 1204 1839 1289 1866; x_wconf 85' lang='lat' dir='ltr'><strong>altera</strong></span> <span class='ocrx_word' id='word_1_695' title='bbox 1305 1841 1424 1875; x_wconf 74' lang='lat' dir='ltr'><strong>graviter</strong></span> <span class='ocrx_word' id='word_1_696' title='bbox 1439 1841 1521 1869; x_wconf 83' lang='lat' dir='ltr'><strong>ferret</strong></span> <span class='ocrx_word' id='word_1_697' title='bbox 1538 1843 1611 1870; x_wconf 90' lang='lat' dir='ltr'><strong>illam</strong></span> <span class='ocrx_word' id='word_1_698' title='bbox 1623 1852 1637 1870; x_wconf 87' lang='lat' dir='ltr'><strong>a</strong></span> <span class='ocrx_word' id='word_1_699' title='bbox 1650 1845 1777 1879; x_wconf 86' lang='lat' dir='ltr'><strong>superbia</strong></span> <span class='ocrx_word' id='word_1_700' title='bbox 1794 1853 1858 1880; x_wconf 60' lang='lat' dir='ltr'><strong>proa</strong></span> 
     </span>
    </p>
   </div>
   <div class='ocr_carea' id='block_1_97' title="bbox 1073 1884 1858 1926">
    <p class='ocr_par' dir='ltr' id='par_1_97' title="bbox 1073 1884 1858 1926">
     <span class='ocr_line' id='line_1_99' title="bbox 1073 1884 1858 1926; baseline 0.009 -15"><span class='ocrx_word' id='word_1_701' title='bbox 1073 1884 1174 1912; x_wconf 84' lang='lat' dir='ltr'><strong>fectam</strong></span> <span class='ocrx_word' id='word_1_702' title='bbox 1189 1885 1317 1920; x_wconf 87' lang='lat' dir='ltr'><strong>injuriam</strong></span> <span class='ocrx_word' id='word_1_703' title='bbox 1329 1906 1337 1918; x_wconf 93' lang='lat'><strong>,</strong></span> <span class='ocrx_word' id='word_1_704' title='bbox 1355 1887 1441 1914; x_wconf 86' lang='lat' dir='ltr'><strong>altera</strong></span> <span class='ocrx_word' id='word_1_705' title='bbox 1460 1887 1486 1914; x_wconf 89' lang='lat' dir='ltr'><strong>id</strong></span> <span class='ocrx_word' id='word_1_706' title='bbox 1503 1888 1577 1926; x_wconf 86' lang='lat' dir='ltr'><strong>quod</strong></span> <span class='ocrx_word' id='word_1_707' title='bbox 1591 1889 1757 1918; x_wconf 84' lang='lat' dir='ltr'><strong>intumuerat</strong></span> <span class='ocrx_word' id='word_1_708' title='bbox 1776 1898 1858 1926; x_wconf 87' lang='lat' dir='ltr'><strong>paca-</strong></span> 
     </span>
    </p>
   </div>
   <div class='ocr_carea' id='block_1_98' title="bbox 1071 1933 1858 1971">
    <p class='ocr_par' dir='ltr' id='par_1_98' title="bbox 1071 1933 1858 1971">
     <span class='ocr_line' id='line_1_100' title="bbox 1071 1933 1858 1971; baseline 0.01 -14"><span class='ocrx_word' id='word_1_709' title='bbox 1071 1936 1113 1958; x_wconf 85' lang='lat' dir='ltr'><strong>ret</strong></span> <span class='ocrx_word' id='word_1_710' title='bbox 1128 1940 1135 1958; x_wconf 87' lang='lat'><strong>:</strong></span> <span class='ocrx_word' id='word_1_711' title='bbox 1152 1936 1332 1967; x_wconf 89' lang='lat' dir='ltr'><strong>posteaquam</strong></span> <span class='ocrx_word' id='word_1_712' title='bbox 1350 1933 1397 1961; x_wconf 89' lang='lat' dir='ltr'><strong>Dei</strong></span> <span class='ocrx_word' id='word_1_713' title='bbox 1414 1933 1549 1961; x_wconf 81' lang='lat' dir='ltr'><strong>beneficio</strong></span> <span class='ocrx_word' id='word_1_714' title='bbox 1564 1935 1680 1962; x_wconf 90' lang='lat' dir='ltr'><strong>victoria</strong></span> <span class='ocrx_word' id='word_1_715' title='bbox 1701 1944 1756 1963; x_wconf 87' lang='lat' dir='ltr'><strong>non</strong></span> <span class='ocrx_word' id='word_1_716' title='bbox 1769 1938 1858 1971; x_wconf 59' lang='lat' dir='ltr'><strong>potiea</strong></span> 
     </span>
    </p>
   </div>
   <div class='ocr_carea' id='block_1_99' title="bbox 1070 1975 1855 2016">
    <p class='ocr_par' dir='ltr' id='par_1_99' title="bbox 1070 1975 1855 2016">
     <span class='ocr_line' id='line_1_101' title="bbox 1070 1975 1855 2016; baseline 0.009 -14"><span class='ocrx_word' id='word_1_717' title='bbox 1070 1975 1151 2002; x_wconf 86' lang='lat' dir='ltr'><strong>batur</strong></span> <span class='ocrx_word' id='word_1_718' title='bbox 1166 1976 1193 2003; x_wconf 94' lang='lat' dir='ltr'><strong>id</strong></span> <span class='ocrx_word' id='word_1_719' title='bbox 1210 1977 1283 2011; x_wconf 90' lang='lat' dir='ltr'><strong>quod</strong></span> <span class='ocrx_word' id='word_1_720' title='bbox 1300 1979 1327 2004; x_wconf 91' lang='lat' dir='ltr'><strong>in</strong></span> <span class='ocrx_word' id='word_1_721' title='bbox 1349 1978 1427 2013; x_wconf 87' lang='lat' dir='ltr'><strong>pejus</strong></span> <span class='ocrx_word' id='word_1_722' title='bbox 1445 1984 1585 2007; x_wconf 88' lang='lat' dir='ltr'><strong>momento</strong></span> <span class='ocrx_word' id='word_1_723' title='bbox 1611 1988 1661 2008; x_wconf 89' lang='lat' dir='ltr'><strong>suo</strong></span> <span class='ocrx_word' id='word_1_724' title='bbox 1687 1982 1855 2016; x_wconf 80' lang='lat' dir='ltr'><strong>impellebat,</strong></span> 
     </span>
    </p>
   </div>
   <div class='ocr_carea' id='block_1_100' title="bbox 1070 2022 1855 2062">
    <p class='ocr_par' dir='ltr' id='par_1_100' title="bbox 1070 2022 1855 2062">
     <span class='ocr_line' id='line_1_102' title="bbox 1070 2022 1855 2062; baseline 0.01 -15"><span class='ocrx_word' id='word_1_725' title='bbox 1070 2025 1127 2048; x_wconf 92' lang='lat' dir='ltr'><strong>tum</strong></span> <span class='ocrx_word' id='word_1_726' title='bbox 1146 2022 1253 2049; x_wconf 85' lang='lat' dir='ltr'><strong>demum</strong></span> <span class='ocrx_word' id='word_1_727' title='bbox 1271 2024 1312 2050; x_wconf 88' lang='lat' dir='ltr'><strong>sic</strong></span> <span class='ocrx_word' id='word_1_728' title='bbox 1326 2031 1389 2051; x_wconf 90' lang='lat' dir='ltr'><strong>eum</strong></span> <span class='ocrx_word' id='word_1_729' title='bbox 1406 2025 1558 2059; x_wconf 88' lang='lat' dir='ltr'><strong>compello:</strong></span> <span class='ocrx_word' id='word_1_730' title='bbox 1579 2025 1647 2053; x_wconf 86' lang='lat' dir='ltr'><strong>Num</strong></span> <span class='ocrx_word' id='word_1_731' title='bbox 1663 2027 1728 2062; x_wconf 91' lang='lat' dir='ltr'><strong>quid</strong></span> <span class='ocrx_word' id='word_1_732' title='bbox 1748 2036 1855 2061; x_wconf 67' lang='lat' dir='ltr'><strong>eorum,</strong></span> 
     </span>
    </p>
   </div>
   <div class='ocr_carea' id='block_1_101' title="bbox 1071 2068 1856 2108">
    <p class='ocr_par' dir='ltr' id='par_1_101' title="bbox 1071 2068 1856 2108">
     <span class='ocr_line' id='line_1_103' title="bbox 1071 2068 1856 2108; baseline 0.01 -15"><span class='ocrx_word' id='word_1_733' title='bbox 1071 2074 1131 2102; x_wconf 65' lang='lat' dir='ltr'><strong>quae</strong></span> <span class='ocrx_word' id='word_1_734' title='bbox 1148 2068 1181 2094; x_wconf 89' lang='lat' dir='ltr'><strong>ad</strong></span> <span class='ocrx_word' id='word_1_735' title='bbox 1195 2068 1320 2102; x_wconf 90' lang='lat' dir='ltr'><strong>corporis</strong></span> <span class='ocrx_word' id='word_1_736' title='bbox 1336 2069 1374 2095; x_wconf 94' lang='lat' dir='ltr'><strong>tui</strong></span> <span class='ocrx_word' id='word_1_737' title='bbox 1389 2077 1482 2096; x_wconf 88' lang='lat' dir='ltr'><strong>curam</strong></span> <span class='ocrx_word' id='word_1_738' title='bbox 1502 2071 1648 2104; x_wconf 87' lang='lat' dir='ltr'><strong>pertinent,</strong></span> <span class='ocrx_word' id='word_1_739' title='bbox 1677 2077 1791 2108; x_wconf 82' lang='lat' dir='ltr'><strong>propter</strong></span> <span class='ocrx_word' id='word_1_740' title='bbox 1808 2074 1856 2101; x_wconf 60' lang='lat' dir='ltr'><strong>ad«</strong></span> 
     </span>
    </p>
   </div>
   <div class='ocr_carea' id='block_1_102' title="bbox 1069 2114 1856 2152">
    <p class='ocr_par' dir='ltr' id='par_1_102' title="bbox 1069 2114 1856 2152">
     <span class='ocr_line' id='line_1_104' title="bbox 1069 2114 1856 2152; baseline 0.01 -13"><span class='ocrx_word' id='word_1_741' title='bbox 1069 2117 1179 2140; x_wconf 83' lang='lat' dir='ltr'><strong>ventum</strong></span> <span class='ocrx_word' id='word_1_742' title='bbox 1199 2121 1289 2140; x_wconf 91' lang='lat' dir='ltr'><strong>meum</strong></span> <span class='ocrx_word' id='word_1_743' title='bbox 1309 2114 1445 2141; x_wconf 89' lang='lat' dir='ltr'><strong>omittitur</strong></span> <span class='ocrx_word' id='word_1_744' title='bbox 1471 2122 1533 2142; x_wconf 93' lang='lat' dir='ltr'><strong>cum</strong></span> <span class='ocrx_word' id='word_1_745' title='bbox 1562 2117 1739 2145; x_wconf 92' lang='lat' dir='ltr'><strong>incommodo</strong></span> <span class='ocrx_word' id='word_1_746' title='bbox 1753 2123 1809 2152; x_wconf 87' lang='lat' dir='ltr'><strong>tuo,</strong></span> <span class='ocrx_word' id='word_1_747' title='bbox 1827 2125 1856 2147; x_wconf 90' lang='lat' dir='ltr'><strong>ut</strong></span> 
     </span>
    </p>
   </div>
   <div class='ocr_carea' id='block_1_103' title="bbox 1071 2159 1849 2198">
    <p class='ocr_par' dir='ltr' id='par_1_103' title="bbox 1071 2159 1849 2198">
     <span class='ocr_line' id='line_1_105' title="bbox 1071 2159 1849 2198; baseline 0.009 -12"><span class='ocrx_word' id='word_1_748' title='bbox 1071 2167 1122 2186; x_wconf 84' lang='lat' dir='ltr'><strong>nos</strong></span> <span class='ocrx_word' id='word_1_749' title='bbox 1135 2159 1209 2186; x_wconf 84' lang='lat' dir='ltr'><strong>exire</strong></span> <span class='ocrx_word' id='word_1_750' title='bbox 1229 2159 1264 2187; x_wconf 86' lang='lat' dir='ltr'><strong>sit</strong></span> <span class='ocrx_word' id='word_1_751' title='bbox 1277 2161 1484 2194; x_wconf 86' lang='lat' dir='ltr'><strong>opportunum?</strong></span> <span class='ocrx_word' id='word_1_752' title='bbox 1497 2161 1538 2187; x_wconf 85' lang='lat' dir='ltr'><strong>Ad</strong></span> <span class='ocrx_word' id='word_1_753' title='bbox 1563 2170 1623 2196; x_wconf 67' lang='lat' dir='ltr'><strong>quae</strong></span> <span class='ocrx_word' id='word_1_754' title='bbox 1646 2170 1708 2190; x_wconf 84' lang='lat' dir='ltr'><strong>cum</strong></span> <span class='ocrx_word' id='word_1_755' title='bbox 1725 2164 1849 2198; x_wconf 75' lang='lat' dir='ltr'><strong>dixisset,</strong></span> 
     </span>
    </p>
   </div>
   <div class='ocr_carea' id='block_1_104' title="bbox 1071 2206 1854 2245">
    <p class='ocr_par' dir='ltr' id='par_1_104' title="bbox 1071 2206 1854 2245">
     <span class='ocr_line' id='line_1_106' title="bbox 1071 2206 1854 2245; baseline 0.009 -13"><span class='ocrx_word' id='word_1_756' title='bbox 1071 2213 1126 2232; x_wconf 88' lang='lat' dir='ltr'><strong>non</strong></span> <span class='ocrx_word' id='word_1_757' title='bbox 1151 2208 1211 2233; x_wconf 79' lang='lat' dir='ltr'><strong>esse</strong></span> <span class='ocrx_word' id='word_1_758' title='bbox 1241 2206 1293 2233; x_wconf 90' lang='lat' dir='ltr'><strong>sibi</strong></span> <span class='ocrx_word' id='word_1_759' title='bbox 1319 2213 1388 2241; x_wconf 90' lang='lat' dir='ltr'><strong>opus</strong></span> <span class='ocrx_word' id='word_1_760' title='bbox 1412 2207 1557 2234; x_wconf 88' lang='lat' dir='ltr'><strong>curatione</strong></span> <span class='ocrx_word' id='word_1_761' title='bbox 1584 2209 1718 2242; x_wconf 85' lang='lat' dir='ltr'><strong>corporis,</strong></span> <span class='ocrx_word' id='word_1_762' title='bbox 1750 2211 1854 2245; x_wconf 75' lang='lat' dir='ltr'><strong>subject</strong></span> 
     </span>
    </p>
   </div>
   <div class='ocr_carea' id='block_1_105' title="bbox 1071 2251 1852 2287">
    <p class='ocr_par' dir='ltr' id='par_1_105' title="bbox 1071 2251 1852 2287">
     <span class='ocr_line' id='line_1_107' title="bbox 1071 2251 1852 2287; baseline 0.006 -9"><span class='ocrx_word' id='word_1_763' title='bbox 1071 2251 1154 2278; x_wconf 87' lang='lat' dir='ltr'><strong>verba</strong></span> <span class='ocrx_word' id='word_1_764' title='bbox 1182 2252 1318 2286; x_wconf 70' lang='lat' dir='ltr'><strong>quazdam,</strong></span> <span class='ocrx_word' id='word_1_765' title='bbox 1340 2253 1440 2287; x_wconf 85' lang='lat' dir='ltr'><strong>quibus</strong></span> <span class='ocrx_word' id='word_1_766' title='bbox 1466 2260 1567 2287; x_wconf 81' lang='lat' dir='ltr'><strong>aegrum</strong></span> <span class='ocrx_word' id='word_1_767' title='bbox 1597 2253 1714 2282; x_wconf 87' lang='lat' dir='ltr'><strong>hominis</strong></span> <span class='ocrx_word' id='word_1_768' title='bbox 1731 2256 1852 2284; x_wconf 89' lang='lat' dir='ltr'><strong>animum</strong></span> 
     </span>
    </p>
   </div>
   <div class='ocr_carea' id='block_1_106' title="bbox 1070 2297 1851 2332">
    <p class='ocr_par' dir='ltr' id='par_1_106' title="bbox 1070 2297 1851 2332">
     <span class='ocr_line' id='line_1_108' title="bbox 1070 2297 1851 2332; baseline 0.009 -8"><span class='ocrx_word' id='word_1_769' title='bbox 1070 2305 1119 2332; x_wconf 89' lang='lat' dir='ltr'><strong>pro</strong></span> <span class='ocrx_word' id='word_1_770' title='bbox 1134 2297 1207 2324; x_wconf 87' lang='lat' dir='ltr'><strong>virili</strong></span> <span class='ocrx_word' id='word_1_771' title='bbox 1225 2306 1360 2325; x_wconf 87' lang='lat' dir='ltr'><strong>curarem.</strong></span> <span class='ocrx_word' id='word_1_772' title='bbox 1385 2298 1511 2332; x_wconf 87' lang='lat' dir='ltr'><strong>Cumque</strong></span> <span class='ocrx_word' id='word_1_773' title='bbox 1533 2300 1628 2332; x_wconf 91' lang='lat' dir='ltr'><strong>paucis</strong></span> <span class='ocrx_word' id='word_1_774' title='bbox 1655 2301 1700 2328; x_wconf 87' lang='lat' dir='ltr'><strong>ille</strong></span> <span class='ocrx_word' id='word_1_775' title='bbox 1724 2309 1753 2328; x_wconf 88' lang='lat' dir='ltr'><strong>se</strong></span> <span class='ocrx_word' id='word_1_776' title='bbox 1771 2304 1851 2331; x_wconf 86' lang='lat' dir='ltr'><strong>nobis</strong></span> 
     </span>
    </p>
   </div>
   <div class='ocr_carea' id='block_1_107' title="bbox 1069 2343 1850 2382">
    <p class='ocr_par' dir='ltr' id='par_1_107' title="bbox 1069 2343 1850 2382">
     <span class='ocr_line' id='line_1_109' title="bbox 1069 2343 1850 2382; baseline 0.009 -13"><span class='ocrx_word' id='word_1_777' title='bbox 1069 2343 1152 2370; x_wconf 87' lang='lat' dir='ltr'><strong>irasci</strong></span> <span class='ocrx_word' id='word_1_778' title='bbox 1168 2349 1281 2378; x_wconf 90' lang='lat' dir='ltr'><strong>propter</strong></span> <span class='ocrx_word' id='word_1_779' title='bbox 1296 2344 1395 2370; x_wconf 87' lang='lat' dir='ltr'><strong>multas</strong></span> <span class='ocrx_word' id='word_1_780' title='bbox 1414 2343 1529 2377; x_wconf 80' lang='lat' dir='ltr'><strong>injurias</strong></span> <span class='ocrx_word' id='word_1_781' title='bbox 1547 2345 1718 2378; x_wconf 84' lang='lat' dir='ltr'><strong>ostendisset,</strong></span> <span class='ocrx_word' id='word_1_782' title='bbox 1735 2355 1850 2382; x_wconf 47' lang='lat' dir='ltr'><strong>responi</strong></span> 
     </span>
    </p>
   </div>
   <div class='ocr_carea' id='block_1_108' title="bbox 1070 2389 1850 2424">
    <p class='ocr_par' dir='ltr' id='par_1_108' title="bbox 1070 2389 1850 2424">
     <span class='ocr_line' id='line_1_110' title="bbox 1070 2389 1850 2424; baseline 0.006 -7"><span class='ocrx_word' id='word_1_783' title='bbox 1070 2390 1096 2417; x_wconf 91' lang='lat' dir='ltr'><strong>di</strong></span> <span class='ocrx_word' id='word_1_784' title='bbox 1108 2397 1175 2424; x_wconf 84' lang='lat' dir='ltr'><strong>ego:</strong></span> <span class='ocrx_word' id='word_1_785' title='bbox 1197 2399 1205 2415; x_wconf 74' lang='grc' dir='ltr'>ί</span> <span class='ocrx_word' id='word_1_786' title='bbox 1221 2389 1393 2416; x_wconf 80' lang='lat' dir='ltr'><strong>Mendacium</strong></span> <span class='ocrx_word' id='word_1_787' title='bbox 1410 2389 1480 2416; x_wconf 88' lang='lat' dir='ltr'><strong>inter</strong></span> <span class='ocrx_word' id='word_1_788' title='bbox 1498 2389 1621 2417; x_wconf 88' lang='lat' dir='ltr'><strong>homines</strong></span> <span class='ocrx_word' id='word_1_789' title='bbox 1634 2390 1667 2416; x_wconf 89' lang='lat' dir='ltr'><strong>ad</strong></span> <span class='ocrx_word' id='word_1_790' title='bbox 1680 2390 1803 2420; x_wconf 84' lang='lat' dir='ltr'><strong>fraudem</strong></span> <span class='ocrx_word' id='word_1_791' title='bbox 1818 2402 1850 2422; x_wconf 85' lang='lat' dir='ltr'><strong>ac</strong></span> 
     </span>
    </p>
   </div>
   <div class='ocr_carea' id='block_1_109' title="bbox 1071 2435 1850 2470">
    <p class='ocr_par' dir='ltr' id='par_1_109' title="bbox 1071 2435 1850 2470">
     <span class='ocr_line' id='line_1_111' title="bbox 1071 2435 1850 2470; baseline 0.005 -9"><span class='ocrx_word' id='word_1_792' title='bbox 1071 2435 1259 2470; x_wconf 75' lang='lat' dir='ltr'><strong>deceptionem</strong></span> <span class='ocrx_word' id='word_1_793' title='bbox 1284 2435 1337 2461; x_wconf 91' lang='lat' dir='ltr'><strong>vim</strong></span> <span class='ocrx_word' id='word_1_794' title='bbox 1364 2435 1464 2463; x_wconf 89' lang='lat' dir='ltr'><strong>habere</strong></span> <span class='ocrx_word' id='word_1_795' title='bbox 1491 2442 1687 2470; x_wconf 75' lang='lat' dir='ltr'><strong>permagnam;</strong></span> <span class='ocrx_word' id='word_1_796' title='bbox 1715 2446 1807 2467; x_wconf 87' lang='lat' dir='ltr'><strong>verum</strong></span> <span class='ocrx_word' id='word_1_797' title='bbox 1824 2442 1850 2468; x_wconf 83' lang='lat' dir='ltr'><strong>in</strong></span> 
     </span>
    </p>
   </div>
   <div class='ocr_carea' id='block_1_110' title="bbox 1069 2480 1848 2516">
    <p class='ocr_par' dir='ltr' id='par_1_110' title="bbox 1069 2480 1848 2516">
     <span class='ocr_line' id='line_1_112' title="bbox 1069 2480 1848 2516; baseline 0.006 -9"><span class='ocrx_word' id='word_1_798' title='bbox 1069 2481 1117 2508; x_wconf 89' lang='lat' dir='ltr'><strong>Dei</strong></span> <span class='ocrx_word' id='word_1_799' title='bbox 1134 2480 1239 2515; x_wconf 82' lang='lat' dir='ltr'><strong>judicio</strong></span> <span class='ocrx_word' id='word_1_800' title='bbox 1262 2489 1318 2507; x_wconf 91' lang='lat' dir='ltr'><strong>non</strong></span> <span class='ocrx_word' id='word_1_801' title='bbox 1344 2489 1426 2516; x_wconf 89' lang='lat' dir='ltr'><strong>posse</strong></span> <span class='ocrx_word' id='word_1_802' title='bbox 1454 2481 1555 2508; x_wconf 81' lang='lat' dir='ltr'><strong>fraudis</strong></span> <span class='ocrx_word' id='word_1_803' title='bbox 1583 2481 1730 2511; x_wconf 89' lang='lat' dir='ltr'><strong>falsitatem</strong></span> <span class='ocrx_word' id='word_1_804' title='bbox 1761 2486 1848 2512; x_wconf 88' lang='lat' dir='ltr'><strong>locum</strong></span> 
     </span>
    </p>
   </div>
   <div class='ocr_carea' id='block_1_111' title="bbox 1071 2525 1845 2558">
    <p class='ocr_par' dir='ltr' id='par_1_111' title="bbox 1071 2525 1845 2558">
     <span class='ocr_line' id='line_1_113' title="bbox 1071 2525 1845 2558; baseline 0.004 -5"><span class='ocrx_word' id='word_1_805' title='bbox 1071 2526 1184 2553; x_wconf 87' lang='lat' dir='ltr'><strong>habere.</strong></span> <span class='ocrx_word' id='word_1_806' title='bbox 1225 2525 1292 2553; x_wconf 82' lang='lat' dir='ltr'><strong>Meae</strong></span> <span class='ocrx_word' id='word_1_807' title='bbox 1324 2534 1390 2554; x_wconf 88' lang='lat' dir='ltr'><strong>vero</strong></span> <span class='ocrx_word' id='word_1_808' title='bbox 1420 2527 1594 2554; x_wconf 74' lang='lat' dir='ltr'><strong>conscientiae</strong></span> <span class='ocrx_word' id='word_1_809' title='bbox 1628 2531 1705 2556; x_wconf 86' lang='lat' dir='ltr'><strong>tanta</strong></span> <span class='ocrx_word' id='word_1_810' title='bbox 1738 2537 1780 2558; x_wconf 86' lang='lat' dir='ltr'><strong>est</strong></span> <span class='ocrx_word' id='word_1_811' title='bbox 1820 2531 1845 2557; x_wconf 88' lang='lat' dir='ltr'><strong>in</strong></span> 
     </span>
    </p>
   </div>
   <div class='ocr_carea' id='block_1_112' title="bbox 1079 2572 1842 2607">
    <p class='ocr_par' dir='ltr' id='par_1_112' title="bbox 1079 2572 1842 2607">
     <span class='ocr_line' id='line_1_114' title="bbox 1079 2572 1842 2607; baseline 0.005 -9"><span class='ocrx_word' id='word_1_812' title='bbox 1079 2573 1121 2599; x_wconf 86' lang='lat' dir='ltr'><strong>his</strong></span> <span class='ocrx_word' id='word_1_813' title='bbox 1157 2572 1290 2599; x_wconf 87' lang='lat' dir='ltr'><strong>adversus</strong></span> <span class='ocrx_word' id='word_1_814' title='bbox 1324 2576 1350 2600; x_wconf 90' lang='lat' dir='ltr'><strong>te</strong></span> <span class='ocrx_word' id='word_1_815' title='bbox 1380 2572 1494 2607; x_wconf 83' lang='lat' dir='ltr'><strong>negotiis</strong></span> <span class='ocrx_word' id='word_1_816' title='bbox 1519 2573 1694 2607; x_wconf 85' lang='lat' dir='ltr'><strong>confidentia,</strong></span> <span class='ocrx_word' id='word_1_817' title='bbox 1727 2580 1756 2602; x_wconf 87' lang='lat' dir='ltr'><strong>ut</strong></span> <span class='ocrx_word' id='word_1_818' title='bbox 1783 2582 1842 2602; x_wconf 74' lang='lat' dir='ltr'><strong>exo-</strong></span> 
     </span>
    </p>
   </div>
   <div class='ocr_carea' id='block_1_113' title="bbox 1069 2618 1840 2653">
    <p class='ocr_par' dir='ltr' id='par_1_113' title="bbox 1069 2618 1840 2653">
     <span class='ocr_line' id='line_1_115' title="bbox 1069 2618 1840 2653; baseline 0.004 -10"><span class='ocrx_word' id='word_1_819' title='bbox 1069 2623 1140 2653; x_wconf 80' lang='lat' dir='ltr'><strong>ptem</strong></span> <span class='ocrx_word' id='word_1_820' title='bbox 1154 2618 1268 2645; x_wconf 89' lang='lat' dir='ltr'><strong>aliorum</strong></span> <span class='ocrx_word' id='word_1_821' title='bbox 1286 2619 1397 2653; x_wconf 83' lang='lat' dir='ltr'><strong>quidem</strong></span> <span class='ocrx_word' id='word_1_822' title='bbox 1413 2618 1478 2645; x_wconf 87' lang='lat' dir='ltr'><strong>mihi</strong></span> <span class='ocrx_word' id='word_1_823' title='bbox 1490 2618 1651 2647; x_wconf 88' lang='lat' dir='ltr'><strong>delictorum</strong></span> <span class='ocrx_word' id='word_1_824' title='bbox 1670 2622 1772 2648; x_wconf 85' lang='lat' dir='ltr'><strong>veniam</strong></span> <span class='ocrx_word' id='word_1_825' title='bbox 1780 2626 1840 2647; x_wconf 76' lang='lat' dir='ltr'><strong>con—</strong></span> 
     </span>
    </p>
   </div>
   <div class='ocr_carea' id='block_1_114' title="bbox 1072 2665 1836 2700">
    <p class='ocr_par' dir='ltr' id='par_1_114' title="bbox 1072 2665 1836 2700">
     <span class='ocr_line' id='line_1_116' title="bbox 1072 2665 1836 2700; baseline 0.003 -9"><span class='ocrx_word' id='word_1_826' title='bbox 1072 2666 1187 2699; x_wconf 82' lang='lat' dir='ltr'><strong>tingere,</strong></span> <span class='ocrx_word' id='word_1_827' title='bbox 1203 2669 1229 2691; x_wconf 90' lang='lat' dir='ltr'><strong>at</strong></span> <span class='ocrx_word' id='word_1_828' title='bbox 1243 2665 1265 2692; x_wconf 90' lang='lat' dir='ltr'><strong>si</strong></span> <span class='ocrx_word' id='word_1_829' title='bbox 1281 2665 1344 2700; x_wconf 91' lang='lat' dir='ltr'><strong>quid</strong></span> <span class='ocrx_word' id='word_1_830' title='bbox 1355 2669 1449 2692; x_wconf 89' lang='lat' dir='ltr'><strong>contra</strong></span> <span class='ocrx_word' id='word_1_831' title='bbox 1461 2669 1486 2692; x_wconf 91' lang='lat' dir='ltr'><strong>te</strong></span> <span class='ocrx_word' id='word_1_832' title='bbox 1501 2667 1636 2699; x_wconf 86' lang='lat' dir='ltr'><strong>commisi,</strong></span> <span class='ocrx_word' id='word_1_833' title='bbox 1647 2669 1698 2695; x_wconf 90' lang='lat' dir='ltr'><strong>hoc</strong></span> <span class='ocrx_word' id='word_1_834' title='bbox 1712 2673 1738 2694; x_wconf 90' lang='lat' dir='ltr'><strong>ut</strong></span> <span class='ocrx_word' id='word_1_835' title='bbox 1748 2668 1772 2693; x_wconf 88' lang='lat' dir='ltr'><strong>in</strong></span> <span class='ocrx_word' id='word_1_836' title='bbox 1782 2671 1836 2699; x_wconf 79' lang='lat' dir='ltr'><strong>per-</strong></span> 
     </span>
    </p>
   </div>
   <div class='ocr_carea' id='block_1_115' title="bbox 1070 2708 1831 2745">
    <p class='ocr_par' dir='ltr' id='par_1_115' title="bbox 1070 2708 1831 2745">
     <span class='ocr_line' id='line_1_117' title="bbox 1070 2708 1831 2745; baseline -0.008 -8"><span class='ocrx_word' id='word_1_837' title='bbox 1070 2716 1180 2745; x_wconf 84' lang='lat' dir='ltr'><strong>petuum</strong></span> <span class='ocrx_word' id='word_1_838' title='bbox 1192 2718 1244 2737; x_wconf 87' lang='lat' dir='ltr'><strong>non</strong></span> <span class='ocrx_word' id='word_1_839' title='bbox 1256 2711 1436 2737; x_wconf 80' lang='lat' dir='ltr'><strong>condonatum</strong></span> <span class='ocrx_word' id='word_1_840' title='bbox 1452 2715 1567 2738; x_wconf 85' lang='lat' dir='ltr'><strong>maneat.</strong></span> <span class='ocrx_word' id='word_1_841' title='bbox 1577 2722 1585 2737; x_wconf 76' lang='grc'><strong>»</strong></span> <span class='ocrx_word' id='word_1_842' title='bbox 1605 2712 1679 2739; x_wconf 80' lang='lat' dir='ltr'><strong>Hanc</strong></span> <span class='ocrx_word' id='word_1_843' title='bbox 1693 2713 1734 2739; x_wconf 83' lang='lat' dir='ltr'><strong>ille</strong></span> <span class='ocrx_word' id='word_1_844' title='bbox 1741 2708 1831 2736; x_wconf 42' lang='lat' dir='ltr'><strong>oratio!</strong></span> 
     </span>
    </p>
   </div>
   <div class='ocr_carea' id='block_1_116' title="bbox 1072 2750 1826 2790">
    <p class='ocr_par' dir='ltr' id='par_1_116' title="bbox 1072 2750 1826 2790">
     <span class='ocr_line' id='line_1_118' title="bbox 1072 2750 1826 2790; baseline 0.003 -7"><span class='ocrx_word' id='word_1_845' title='bbox 1072 2763 1133 2783; x_wconf 85' lang='lat' dir='ltr'><strong>nem</strong></span> <span class='ocrx_word' id='word_1_846' title='bbox 1151 2762 1211 2782; x_wconf 87' lang='lat' dir='ltr'><strong>cum</strong></span> <span class='ocrx_word' id='word_1_847' title='bbox 1225 2755 1340 2789; x_wconf 82' lang='lat' dir='ltr'><strong>graviter</strong></span> <span class='ocrx_word' id='word_1_848' title='bbox 1351 2755 1518 2790; x_wconf 85' lang='lat' dir='ltr'><strong>molesteque</strong></span> <span class='ocrx_word' id='word_1_849' title='bbox 1530 2757 1645 2790; x_wconf 85' lang='lat' dir='ltr'><strong>tulisset,</strong></span> <span class='ocrx_word' id='word_1_850' title='bbox 1661 2764 1712 2783; x_wconf 90' lang='lat' dir='ltr'><strong>non</strong></span> <span class='ocrx_word' id='word_1_851' title='bbox 1726 2750 1826 2785; x_wconf 63' lang='grc' dir='ltr'><strong>ηιηρηυέ</strong></span> 
     </span>
    </p>
   </div>
  </div>
