  <div class='ocr_page' id='page_1' title='image "/cluster/home/n/w/nwhite01/storage/ocr_20150623/46/mdp.39015011915447/511.png"; bbox 0 0 4068 6154; ppageno 0'>
   <div class='ocr_carea' id='block_1_1' title="bbox 421 279 561 336">
    <p class='ocr_par' dir='ltr' id='par_1_1' title="bbox 421 279 561 336">
     <span class='ocr_line' id='line_1_1' title="bbox 421 279 561 336; baseline 0.007 -2"><span class='ocrx_word' id='word_1_1' title='bbox 421 279 561 336; x_wconf 73' lang='grc'><strong>1007</strong></span> 
     </span>
    </p>
   </div>
   <div class='ocr_carea' id='block_1_2' title="bbox 1665 268 2473 328">
    <p class='ocr_par' dir='ltr' id='par_1_2' title="bbox 1665 268 2473 328">
     <span class='ocr_line' id='line_1_2' title="bbox 1665 268 2473 328; baseline 0.002 -4"><span class='ocrx_word' id='word_1_2' title='bbox 1665 270 1719 324; x_wconf 88' lang='lat' dir='ltr'><strong>S.</strong></span> <span class='ocrx_word' id='word_1_3' title='bbox 1768 269 2091 324; x_wconf 78' lang='lat' dir='ltr'><strong>GREGORII</strong></span> <span class='ocrx_word' id='word_1_4' title='bbox 2144 268 2473 328; x_wconf 72' lang='lat' dir='ltr'><strong>NYSSENI‘</strong></span> 
     </span>
    </p>
   </div>
   <div class='ocr_carea' id='block_1_3' title="bbox 3540 286 3679 342">
    <p class='ocr_par' dir='ltr' id='par_1_3' title="bbox 3540 286 3679 342">
     <span class='ocr_line' id='line_1_3' title="bbox 3540 286 3679 342; baseline 0.029 -4"><span class='ocrx_word' id='word_1_5' title='bbox 3540 286 3679 342; x_wconf 69' lang='lat'><strong>£008</strong></span> 
     </span>
    </p>
   </div>
   <div class='ocr_carea' id='block_1_4' title="bbox 420 390 1969 474">
    <p class='ocr_par' dir='ltr' id='par_1_4' title="bbox 420 390 1969 467">
     <span class='ocr_line' id='line_1_4' title="bbox 420 390 1969 467; baseline -0.01 -9"><span class='ocrx_word' id='word_1_6' title='bbox 420 403 550 458; x_wconf 93' lang='lat' dir='ltr'><strong>addi</strong></span> <span class='ocrx_word' id='word_1_7' title='bbox 611 397 679 454; x_wconf 89' lang='lat' dir='ltr'><strong>ad</strong></span> <span class='ocrx_word' id='word_1_8' title='bbox 732 412 795 453; x_wconf 89' lang='lat' dir='ltr'><strong>ea</strong></span> <span class='ocrx_word' id='word_1_9' title='bbox 857 411 978 467; x_wconf 64' lang='lat' dir='ltr'><strong>qua:</strong></span> <span class='ocrx_word' id='word_1_10' title='bbox 1035 392 1294 448; x_wconf 74' lang='lat' dir='ltr'><strong>dixissem</strong></span> <span class='ocrx_word' id='word_1_11' title='bbox 1330 390 1682 462; x_wconf 73' lang='lat' dir='ltr'><strong>probationes</strong></span> <span class='ocrx_word' id='word_1_12' title='bbox 1729 390 1969 460; x_wconf 86' lang='lat' dir='ltr'><strong>quasdan</strong></span> 
     </span>
    </p>
   </div>
   <div class='ocr_carea' id='block_1_5' title="bbox 2072 390 3678 474">
    <p class='ocr_par' dir='ltr' id='par_1_5' title="bbox 2104 394 3678 474">
     <span class='ocr_line' id='line_1_5' title="bbox 2104 394 3678 474; baseline 0.009 -29"><span class='ocrx_word' id='word_1_13' title='bbox 2104 394 2289 455; x_wconf 85' lang='grc' dir='ltr'>πίνων,</span> <span class='ocrx_word' id='word_1_14' title='bbox 2324 395 2638 463; x_wconf 68' lang='grc' dir='ltr'>ἀπελογεῖτο</span> <span class='ocrx_word' id='word_1_15' title='bbox 2679 399 2787 460; x_wconf 87' lang='grc' dir='ltr'>τοῖς</span> <span class='ocrx_word' id='word_1_16' title='bbox 2822 399 3194 465; x_wconf 78' lang='grc' dir='ltr'><strong>ὀνειδίζουσιν,</strong></span> <span class='ocrx_word' id='word_1_17' title='bbox 3247 401 3323 465; x_wconf 87' lang='grc' dir='ltr'>ὡς</span> <span class='ocrx_word' id='word_1_18' title='bbox 3366 402 3511 456; x_wconf 85' lang='grc' dir='ltr'><strong>κατά</strong></span> <span class='ocrx_word' id='word_1_19' title='bbox 3560 407 3678 474; x_wconf 75' lang='grc' dir='ltr'>φιλ-</span> 
     </span>
    </p>
   </div>
   <div class='ocr_carea' id='block_1_6' title="bbox 422 484 1991 565">
    <p class='ocr_par' dir='ltr' id='par_1_6' title="bbox 422 484 1991 565">
     <span class='ocr_line' id='line_1_6' title="bbox 422 484 1991 565; baseline -0.008 -16"><span class='ocrx_word' id='word_1_20' title='bbox 422 507 622 565; x_wconf 87' lang='lat' dir='ltr'><strong>passus</strong></span> <span class='ocrx_word' id='word_1_21' title='bbox 645 497 750 546; x_wconf 90' lang='lat' dir='ltr'><strong>est.</strong></span> <span class='ocrx_word' id='word_1_22' title='bbox 783 486 946 543; x_wconf 83' lang='lat' dir='ltr'><strong>Sexta</strong></span> <span class='ocrx_word' id='word_1_23' title='bbox 975 486 1086 554; x_wconf 85' lang='lat' dir='ltr'><strong>jam</strong></span> <span class='ocrx_word' id='word_1_24' title='bbox 1109 485 1242 539; x_wconf 92' lang='lat' dir='ltr'><strong>hora</strong></span> <span class='ocrx_word' id='word_1_25' title='bbox 1269 485 1624 555; x_wconf 82' lang='lat' dir='ltr'><strong>praeterierat,</strong></span> <span class='ocrx_word' id='word_1_26' title='bbox 1653 490 1707 537; x_wconf 90' lang='lat' dir='ltr'><strong>ct</strong></span> <span class='ocrx_word' id='word_1_27' title='bbox 1740 484 1991 537; x_wconf 76' lang='lat' dir='ltr'><strong>balneum</strong></span> 
     </span>
    </p>
   </div>
   <div class='ocr_carea' id='block_1_7' title="bbox 422 574 1990 656">
    <p class='ocr_par' dir='ltr' id='par_1_7' title="bbox 422 574 1990 656">
     <span class='ocr_line' id='line_1_7' title="bbox 422 574 1990 656; baseline -0.008 -17"><span class='ocrx_word' id='word_1_28' title='bbox 422 585 702 656; x_wconf 86' lang='lat' dir='ltr'><strong>eleganter</strong></span> <span class='ocrx_word' id='word_1_29' title='bbox 731 582 1059 635; x_wconf 91' lang='lat' dir='ltr'><strong>instructum</strong></span> <span class='ocrx_word' id='word_1_30' title='bbox 1089 584 1226 641; x_wconf 89' lang='lat' dir='ltr'><strong>erat,</strong></span> <span class='ocrx_word' id='word_1_31' title='bbox 1269 587 1324 631; x_wconf 84' lang='lat' dir='ltr'><strong>et</strong></span> <span class='ocrx_word' id='word_1_32' title='bbox 1351 578 1718 646; x_wconf 79' lang='lat' dir='ltr'><strong>apparabatur</strong></span> <span class='ocrx_word' id='word_1_33' title='bbox 1746 574 1990 644; x_wconf 88' lang='lat' dir='ltr'><strong>epulum,</strong></span> 
     </span>
    </p>
   </div>
   <div class='ocr_carea' id='block_1_8' title="bbox 419 667 1989 745">
    <p class='ocr_par' dir='ltr' id='par_1_8' title="bbox 419 667 1989 745">
     <span class='ocr_line' id='line_1_8' title="bbox 419 667 1989 745; baseline -0.007 -14"><span class='ocrx_word' id='word_1_34' title='bbox 419 685 476 731; x_wconf 89' lang='lat' dir='ltr'><strong>et</strong></span> <span class='ocrx_word' id='word_1_35' title='bbox 502 677 619 745; x_wconf 88' lang='lat' dir='ltr'><strong>ipsa</strong></span> <span class='ocrx_word' id='word_1_36' title='bbox 642 672 760 729; x_wconf 84' lang='lat' dir='ltr'><strong>dies</strong></span> <span class='ocrx_word' id='word_1_37' title='bbox 783 670 1079 725; x_wconf 85' lang='lat' dir='ltr'><strong>Sabbatum</strong></span> <span class='ocrx_word' id='word_1_38' title='bbox 1110 677 1249 732; x_wconf 90' lang='lat' dir='ltr'><strong>erat,</strong></span> <span class='ocrx_word' id='word_1_39' title='bbox 1276 677 1331 722; x_wconf 91' lang='lat' dir='ltr'><strong>et</strong></span> <span class='ocrx_word' id='word_1_40' title='bbox 1348 675 1650 738; x_wconf 82' lang='lat' dir='ltr'><strong>martyrum</strong></span> <span class='ocrx_word' id='word_1_41' title='bbox 1677 667 1989 722; x_wconf 87' lang='lat' dir='ltr'><strong>celebratio.</strong></span> 
     </span>
    </p>
   </div>
   <div class='ocr_carea' id='block_1_9' title="bbox 420 759 1993 830">
    <p class='ocr_par' dir='ltr' id='par_1_9' title="bbox 420 759 1993 830">
     <span class='ocr_line' id='line_1_9' title="bbox 420 759 1993 830; baseline -0.005 -11"><span class='ocrx_word' id='word_1_42' title='bbox 420 764 547 819; x_wconf 81' lang='lat' dir='ltr'><strong>Haec</strong></span> <span class='ocrx_word' id='word_1_43' title='bbox 575 776 798 817; x_wconf 88' lang='lat' dir='ltr'><strong>rursum</strong></span> <span class='ocrx_word' id='word_1_44' title='bbox 823 760 959 813; x_wconf 90' lang='lat' dir='ltr'><strong>mihi</strong></span> <span class='ocrx_word' id='word_1_45' title='bbox 984 759 1127 823; x_wconf 86' lang='lat' dir='ltr'><strong>vide,</strong></span> <span class='ocrx_word' id='word_1_46' title='bbox 1157 775 1267 829; x_wconf 91' lang='lat' dir='ltr'><strong>quo</strong></span> <span class='ocrx_word' id='word_1_47' title='bbox 1291 768 1451 829; x_wconf 85' lang='lat' dir='ltr'><strong>pacto</strong></span> <span class='ocrx_word' id='word_1_48' title='bbox 1479 760 1786 830; x_wconf 89' lang='lat' dir='ltr'><strong>discipulus</strong></span> <span class='ocrx_word' id='word_1_49' title='bbox 1814 760 1993 813; x_wconf 88' lang='lat' dir='ltr'><strong>Evan-</strong></span> 
     </span>
    </p>
   </div>
   <div class='ocr_carea' id='block_1_10' title="bbox 418 849 1989 926">
    <p class='ocr_par' dir='ltr' id='par_1_10' title="bbox 418 849 1989 926">
     <span class='ocr_line' id='line_1_10' title="bbox 418 849 1989 926; baseline -0.003 -17"><span class='ocrx_word' id='word_1_50' title='bbox 418 854 543 926; x_wconf 87' lang='lat' dir='ltr'><strong>gelii</strong></span> <span class='ocrx_word' id='word_1_51' title='bbox 574 853 862 906; x_wconf 89' lang='lat' dir='ltr'><strong>Dominum</strong></span> <span class='ocrx_word' id='word_1_52' title='bbox 888 849 1168 921; x_wconf 79' lang='lat' dir='ltr'><strong>Evangelii</strong></span> <span class='ocrx_word' id='word_1_53' title='bbox 1201 852 1468 909; x_wconf 88' lang='lat' dir='ltr'><strong>imitetur.</strong></span> <span class='ocrx_word' id='word_1_54' title='bbox 1500 851 1633 906; x_wconf 83' lang='lat' dir='ltr'><strong>Nam</strong></span> <span class='ocrx_word' id='word_1_55' title='bbox 1657 851 1747 906; x_wconf 86' lang='lat' dir='ltr'><strong>hic</strong></span> <span class='ocrx_word' id='word_1_56' title='bbox 1770 852 1989 921; x_wconf 89' lang='lat' dir='ltr'><strong>quidem</strong></span> 
     </span>
    </p>
   </div>
   <div class='ocr_carea' id='block_1_11' title="bbox 417 942 1990 1014">
    <p class='ocr_par' dir='ltr' id='par_1_11' title="bbox 417 942 1990 1014">
     <span class='ocr_line' id='line_1_11' title="bbox 417 942 1990 1014; baseline -0.001 -14"><span class='ocrx_word' id='word_1_57' title='bbox 417 960 541 1001; x_wconf 89' lang='lat' dir='ltr'><strong>cum</strong></span> <span class='ocrx_word' id='word_1_58' title='bbox 571 942 878 1014; x_wconf 88' lang='lat' dir='ltr'><strong>publicanis</strong></span> <span class='ocrx_word' id='word_1_59' title='bbox 905 956 968 995; x_wconf 85' lang='lat' dir='ltr'><strong>ac</strong></span> <span class='ocrx_word' id='word_1_60' title='bbox 997 943 1381 1011; x_wconf 85' lang='lat' dir='ltr'><strong>peccatoribus</strong></span> <span class='ocrx_word' id='word_1_61' title='bbox 1406 943 1720 1008; x_wconf 88' lang='lat' dir='ltr'><strong>comedens,</strong></span> <span class='ocrx_word' id='word_1_62' title='bbox 1753 945 1835 998; x_wconf 91' lang='lat' dir='ltr'><strong>sic</strong></span> <span class='ocrx_word' id='word_1_63' title='bbox 1868 959 1990 999; x_wconf 87' lang='lat' dir='ltr'><strong>sese</strong></span> 
     </span>
    </p>
   </div>
   <div class='ocr_carea' id='block_1_12' title="bbox 415 1034 1989 1107">
    <p class='ocr_par' dir='ltr' id='par_1_12' title="bbox 415 1034 1989 1107">
     <span class='ocr_line' id='line_1_12' title="bbox 415 1034 1989 1107; baseline 0.004 -18"><span class='ocrx_word' id='word_1_64' title='bbox 415 1036 682 1107; x_wconf 81' lang='lat' dir='ltr'><strong>purgabat</strong></span> <span class='ocrx_word' id='word_1_65' title='bbox 721 1034 789 1088; x_wconf 89' lang='lat' dir='ltr'><strong>ad</strong></span> <span class='ocrx_word' id='word_1_66' title='bbox 825 1035 970 1099; x_wconf 91' lang='lat' dir='ltr'><strong>illos,</strong></span> <span class='ocrx_word' id='word_1_67' title='bbox 1007 1036 1100 1105; x_wconf 88' lang='lat' dir='ltr'><strong>qui</strong></span> <span class='ocrx_word' id='word_1_68' title='bbox 1136 1036 1239 1090; x_wconf 93' lang='lat' dir='ltr'><strong>hoc</strong></span> <span class='ocrx_word' id='word_1_69' title='bbox 1285 1035 1332 1090; x_wconf 92' lang='lat' dir='ltr'><strong>ei</strong></span> <span class='ocrx_word' id='word_1_70' title='bbox 1383 1036 1504 1090; x_wconf 84' lang='lat' dir='ltr'><strong>loco</strong></span> <span class='ocrx_word' id='word_1_71' title='bbox 1546 1036 1732 1106; x_wconf 89' lang='lat' dir='ltr'><strong>probri</strong></span> <span class='ocrx_word' id='word_1_72' title='bbox 1780 1037 1989 1107; x_wconf 89' lang='lat' dir='ltr'><strong>objice-.</strong></span> 
     </span>
    </p>
   </div>
   <div class='ocr_carea' id='block_1_13' title="bbox 412 1123 1986 1197">
    <p class='ocr_par' dir='ltr' id='par_1_13' title="bbox 412 1123 1986 1197">
     <span class='ocr_line' id='line_1_13' title="bbox 412 1123 1986 1197; baseline 0.001 -17"><span class='ocrx_word' id='word_1_73' title='bbox 412 1133 572 1188; x_wconf 88' lang='lat' dir='ltr'><strong>rent,</strong></span> <span class='ocrx_word' id='word_1_74' title='bbox 617 1131 677 1177; x_wconf 92' lang='lat' dir='ltr'><strong>ut</strong></span> <span class='ocrx_word' id='word_1_75' title='bbox 719 1123 926 1178; x_wconf 83' lang='lat' dir='ltr'><strong>diceret</strong></span> <span class='ocrx_word' id='word_1_76' title='bbox 982 1123 1036 1177; x_wconf 92' lang='lat' dir='ltr'><strong>id</strong></span> <span class='ocrx_word' id='word_1_77' title='bbox 1079 1138 1139 1179; x_wconf 91' lang='lat' dir='ltr'><strong>se</strong></span> <span class='ocrx_word' id='word_1_78' title='bbox 1181 1139 1245 1178; x_wconf 84' lang='lat' dir='ltr'><strong>ex</strong></span> <span class='ocrx_word' id='word_1_79' title='bbox 1297 1124 1533 1194; x_wconf 82' lang='lat' dir='ltr'><strong>benigno</strong></span> <span class='ocrx_word' id='word_1_80' title='bbox 1577 1126 1814 1196; x_wconf 89' lang='lat' dir='ltr'><strong>quodam</strong></span> <span class='ocrx_word' id='word_1_81' title='bbox 1858 1141 1986 1197; x_wconf 83' lang='lat' dir='ltr'><strong>erga</strong></span> 
     </span>
    </p>
   </div>
   <div class='ocr_carea' id='block_1_14' title="bbox 414 1213 1987 1285">
    <p class='ocr_par' dir='ltr' id='par_1_14' title="bbox 414 1213 1987 1285">
     <span class='ocr_line' id='line_1_14' title="bbox 414 1213 1987 1285; baseline 0.001 -15"><span class='ocrx_word' id='word_1_82' title='bbox 414 1215 668 1270; x_wconf 83' lang='lat' dir='ltr'><strong>homines</strong></span> <span class='ocrx_word' id='word_1_83' title='bbox 699 1213 881 1269; x_wconf 91' lang='lat' dir='ltr'><strong>studio</strong></span> <span class='ocrx_word' id='word_1_84' title='bbox 920 1214 1123 1270; x_wconf 88' lang='lat' dir='ltr'><strong>facere.</strong></span> <span class='ocrx_word' id='word_1_85' title='bbox 1158 1215 1226 1269; x_wconf 84' lang='lat' dir='ltr'><strong>At</strong></span> <span class='ocrx_word' id='word_1_86' title='bbox 1252 1215 1343 1270; x_wconf 92' lang='lat' dir='ltr'><strong>ille</strong></span> <span class='ocrx_word' id='word_1_87' title='bbox 1373 1216 1570 1285; x_wconf 89' lang='lat' dir='ltr'><strong>piaculi</strong></span> <span class='ocrx_word' id='word_1_88' title='bbox 1602 1217 1722 1271; x_wconf 89' lang='lat' dir='ltr'><strong>loco</strong></span> <span class='ocrx_word' id='word_1_89' title='bbox 1748 1217 1902 1271; x_wconf 80' lang='lat' dir='ltr'><strong>ducit</strong></span> <span class='ocrx_word' id='word_1_90' title='bbox 1934 1227 1987 1272; x_wconf 86' lang='lat' dir='ltr'><strong>et</strong></span> 
     </span>
    </p>
   </div>
   <div class='ocr_carea' id='block_1_15' title="bbox 413 1307 1987 1379">
    <p class='ocr_par' dir='ltr' id='par_1_15' title="bbox 413 1307 1987 1379">
     <span class='ocr_line' id='line_1_15' title="bbox 413 1307 1987 1379; baseline 0.003 -18"><span class='ocrx_word' id='word_1_91' title='bbox 413 1307 813 1378; x_wconf 89' lang='lat' dir='ltr'><strong>iuquinamenti</strong></span> <span class='ocrx_word' id='word_1_92' title='bbox 850 1307 1113 1362; x_wconf 90' lang='lat' dir='ltr'><strong>adhibere</strong></span> <span class='ocrx_word' id='word_1_93' title='bbox 1155 1323 1255 1363; x_wconf 90' lang='lat' dir='ltr'><strong>nos</strong></span> <span class='ocrx_word' id='word_1_94' title='bbox 1290 1324 1491 1364; x_wconf 70' lang='lat' dir='ltr'><strong>mensa:</strong></span> <span class='ocrx_word' id='word_1_95' title='bbox 1525 1324 1637 1363; x_wconf 67' lang='lat' dir='ltr'><strong>sua:</strong></span> <span class='ocrx_word' id='word_1_96' title='bbox 1674 1317 1799 1379; x_wconf 88' lang='lat' dir='ltr'><strong>post</strong></span> <span class='ocrx_word' id='word_1_97' title='bbox 1832 1310 1987 1365; x_wconf 84' lang='lat' dir='ltr'><strong>defa-</strong></span> 
     </span>
    </p>
   </div>
   <div class='ocr_carea' id='block_1_16' title="bbox 412 1400 1982 1474">
    <p class='ocr_par' dir='ltr' id='par_1_16' title="bbox 412 1400 1982 1474">
     <span class='ocr_line' id='line_1_16' title="bbox 412 1400 1982 1474; baseline -0.001 -17"><span class='ocrx_word' id='word_1_98' title='bbox 412 1403 728 1474; x_wconf 88' lang='lat' dir='ltr'><strong>tigatioucm</strong></span> <span class='ocrx_word' id='word_1_99' title='bbox 776 1400 925 1455; x_wconf 88' lang='lat' dir='ltr'><strong>illam</strong></span> <span class='ocrx_word' id='word_1_100' title='bbox 982 1408 1158 1454; x_wconf 86' lang='lat' dir='ltr'><strong>ortam</strong></span> <span class='ocrx_word' id='word_1_101' title='bbox 1200 1416 1263 1455; x_wconf 81' lang='lat' dir='ltr'><strong>ex</strong></span> <span class='ocrx_word' id='word_1_102' title='bbox 1322 1400 1565 1455; x_wconf 85' lang='lat' dir='ltr'><strong>itinere:</strong></span> <span class='ocrx_word' id='word_1_103' title='bbox 1608 1412 1730 1471; x_wconf 89' lang='lat' dir='ltr'><strong>post</strong></span> <span class='ocrx_word' id='word_1_104' title='bbox 1773 1410 1982 1456; x_wconf 88' lang='lat' dir='ltr'><strong>tantum</strong></span> 
     </span>
    </p>
   </div>
   <div class='ocr_carea' id='block_1_17' title="bbox 409 1492 1983 1562">
    <p class='ocr_par' dir='ltr' id='par_1_17' title="bbox 409 1492 1983 1562">
     <span class='ocr_line' id='line_1_17' title="bbox 409 1492 1983 1562; baseline 0 -14"><span class='ocrx_word' id='word_1_105' title='bbox 409 1501 642 1558; x_wconf 61' lang='lat' dir='ltr'><strong>aestum,</strong></span> <span class='ocrx_word' id='word_1_106' title='bbox 698 1492 754 1545; x_wconf 92' lang='lat' dir='ltr'><strong>in</strong></span> <span class='ocrx_word' id='word_1_107' title='bbox 809 1506 919 1561; x_wconf 92' lang='lat' dir='ltr'><strong>quo</strong></span> <span class='ocrx_word' id='word_1_108' title='bbox 969 1492 1275 1547; x_wconf 84' lang='lat' dir='ltr'><strong>assidentes</strong></span> <span class='ocrx_word' id='word_1_109' title='bbox 1319 1493 1493 1562; x_wconf 88' lang='lat' dir='ltr'><strong>ipsius</strong></span> <span class='ocrx_word' id='word_1_110' title='bbox 1524 1493 1588 1546; x_wconf 87' lang='lat' dir='ltr'><strong>ad</strong></span> <span class='ocrx_word' id='word_1_111' title='bbox 1626 1495 1831 1548; x_wconf 89' lang='lat' dir='ltr'><strong>ostium</strong></span> <span class='ocrx_word' id='word_1_112' title='bbox 1880 1495 1983 1548; x_wconf 91' lang='lat' dir='ltr'><strong>sub</strong></span> 
     </span>
    </p>
   </div>
   <div class='ocr_carea' id='block_1_18' title="bbox 408 1583 1981 1653">
    <p class='ocr_par' dir='ltr' id='par_1_18' title="bbox 408 1583 1981 1653">
     <span class='ocr_line' id='line_1_18' title="bbox 408 1583 1981 1653; baseline -0.002 -14"><span class='ocrx_word' id='word_1_113' title='bbox 408 1584 868 1640; x_wconf 86' lang='lat' dir='ltr'><strong>‘diotorrebamur</strong></span> <span class='ocrx_word' id='word_1_114' title='bbox 903 1603 913 1637; x_wconf 96' lang='lat'>:</span> <span class='ocrx_word' id='word_1_115' title='bbox 947 1583 1307 1653; x_wconf 83' lang='lat' dir='ltr'><strong>posttristem</strong></span> <span class='ocrx_word' id='word_1_116' title='bbox 1350 1584 1496 1637; x_wconf 87' lang='lat' dir='ltr'><strong>illam</strong></span> <span class='ocrx_word' id='word_1_117' title='bbox 1526 1584 1981 1646; x_wconf 85' lang='lat' dir='ltr'><strong>taciturnitatem,</strong></span> 
     </span>
    </p>
   </div>
   <div class='ocr_carea' id='block_1_19' title="bbox 409 1675 1982 1746">
    <p class='ocr_par' dir='ltr' id='par_1_19' title="bbox 409 1675 1982 1746">
     <span class='ocr_line' id='line_1_19' title="bbox 409 1675 1982 1746; baseline -0.003 -16"><span class='ocrx_word' id='word_1_118' title='bbox 409 1691 574 1746; x_wconf 89' lang='lat' dir='ltr'><strong>quam</strong></span> <span class='ocrx_word' id='word_1_119' title='bbox 608 1675 817 1743; x_wconf 81' lang='lat' dir='ltr'><strong>experti</strong></span> <span class='ocrx_word' id='word_1_120' title='bbox 844 1690 1087 1736; x_wconf 88' lang='lat' dir='ltr'><strong>eramus,</strong></span> <span class='ocrx_word' id='word_1_121' title='bbox 1123 1682 1480 1744; x_wconf 89' lang='lat' dir='ltr'><strong>posteaquam</strong></span> <span class='ocrx_word' id='word_1_122' title='bbox 1533 1675 1587 1727; x_wconf 90' lang='lat' dir='ltr'><strong>in</strong></span> <span class='ocrx_word' id='word_1_123' title='bbox 1628 1683 1982 1743; x_wconf 87' lang='lat' dir='ltr'><strong>conspectum</strong></span> 
     </span>
    </p>
   </div>
   <div class='ocr_carea' id='block_1_20' title="bbox 2099 486 3678 565">
    <p class='ocr_par' dir='ltr' id='par_1_20' title="bbox 2099 486 3678 565">
     <span class='ocr_line' id='line_1_20' title="bbox 2099 486 3678 565; baseline 0.008 -28"><span class='ocrx_word' id='word_1_124' title='bbox 2099 486 2415 556; x_wconf 77' lang='grc' dir='ltr'>ανθρωπίαν</span> <span class='ocrx_word' id='word_1_125' title='bbox 2481 487 2639 541; x_wconf 87' lang='grc' dir='ltr'>τοῦτο</span> <span class='ocrx_word' id='word_1_126' title='bbox 2690 489 2879 543; x_wconf 82' lang='grc' dir='ltr'>ποιῶν.</span> <span class='ocrx_word' id='word_1_127' title='bbox 2956 491 3014 545; x_wconf 88' lang='grc' dir='ltr'>Ὁ</span> <span class='ocrx_word' id='word_1_128' title='bbox 3071 492 3127 546; x_wconf 84' lang='grc' dir='ltr'><strong>δὲ</strong></span> <span class='ocrx_word' id='word_1_129' title='bbox 3172 492 3303 561; x_wconf 77' lang='grc' dir='ltr'>ἄγος</span> <span class='ocrx_word' id='word_1_130' title='bbox 3359 496 3536 565; x_wconf 89' lang='grc' dir='ltr'>κρίνει</span> <span class='ocrx_word' id='word_1_131' title='bbox 3585 498 3678 550; x_wconf 77' lang='grc' dir='ltr'>καὶ</span> 
     </span>
    </p>
   </div>
   <div class='ocr_carea' id='block_1_21' title="bbox 2101 580 3678 656">
    <p class='ocr_par' dir='ltr' id='par_1_21' title="bbox 2101 580 3678 656">
     <span class='ocr_line' id='line_1_21' title="bbox 2101 580 3678 656; baseline 0.007 -26"><span class='ocrx_word' id='word_1_132' title='bbox 2101 580 2347 648; x_wconf 83' lang='grc' dir='ltr'>μίασμα,</span> <span class='ocrx_word' id='word_1_133' title='bbox 2406 582 2504 650; x_wconf 77' lang='grc' dir='ltr'>τὴν</span> <span class='ocrx_word' id='word_1_134' title='bbox 2559 582 2651 634; x_wconf 77' lang='grc' dir='ltr'>ἐπὶ</span> <span class='ocrx_word' id='word_1_135' title='bbox 2700 583 2977 655; x_wconf 76' lang='grc' dir='ltr'><strong>τραπέζης</strong></span> <span class='ocrx_word' id='word_1_136' title='bbox 3036 585 3340 654; x_wconf 84' lang='grc' dir='ltr'><strong>κοινωνίαν,</strong></span> <span class='ocrx_word' id='word_1_137' title='bbox 3397 588 3536 656; x_wconf 84' lang='grc' dir='ltr'>μετὰ</span> <span class='ocrx_word' id='word_1_138' title='bbox 3586 588 3678 641; x_wconf 81' lang='grc' dir='ltr'>τὸν</span> 
     </span>
    </p>
   </div>
   <div class='ocr_carea' id='block_1_22' title="bbox 2097 664 3673 750">
    <p class='ocr_par' dir='ltr' id='par_1_22' title="bbox 2097 664 3673 750">
     <span class='ocr_line' id='line_1_22' title="bbox 2097 664 3673 750; baseline 0.006 -27"><span class='ocrx_word' id='word_1_139' title='bbox 2097 670 2263 723; x_wconf 82' lang='grc' dir='ltr'>κόπον</span> <span class='ocrx_word' id='word_1_140' title='bbox 2314 674 2551 737; x_wconf 84' lang='grc' dir='ltr'>ἐκεῖνον,</span> <span class='ocrx_word' id='word_1_141' title='bbox 2603 673 2661 726; x_wconf 80' lang='grc' dir='ltr'><strong>ὃν</strong></span> <span class='ocrx_word' id='word_1_142' title='bbox 2711 676 2797 727; x_wconf 66' lang='grc' dir='ltr'><strong>ὲκη</strong></span> <span class='ocrx_word' id='word_1_143' title='bbox 2827 675 2927 742; x_wconf 77' lang='grc' dir='ltr'>τῆς</span> <span class='ocrx_word' id='word_1_144' title='bbox 2983 664 3289 747; x_wconf 50' lang='grc' dir='ltr'>ὁδοὺιτορίας</span> <span class='ocrx_word' id='word_1_145' title='bbox 3339 679 3673 750; x_wconf 79' lang='grc' dir='ltr'><strong>ὑπέστημεν·</strong></span> 
     </span>
    </p>
   </div>
   <div class='ocr_carea' id='block_1_23' title="bbox 2098 761 3679 841">
    <p class='ocr_par' dir='ltr' id='par_1_23' title="bbox 2098 761 3679 841">
     <span class='ocr_line' id='line_1_23' title="bbox 2098 761 3679 841; baseline 0.006 -28"><span class='ocrx_word' id='word_1_146' title='bbox 2098 762 2234 830; x_wconf 89' lang='grc' dir='ltr'><strong>μετά</strong></span> <span class='ocrx_word' id='word_1_147' title='bbox 2278 762 2337 815; x_wconf 84' lang='grc' dir='ltr'><strong>τὸ</strong></span> <span class='ocrx_word' id='word_1_148' title='bbox 2395 763 2597 828; x_wconf 87' lang='grc' dir='ltr'>θάλπος</span> <span class='ocrx_word' id='word_1_149' title='bbox 2640 766 2700 818; x_wconf 84' lang='grc' dir='ltr'><strong>τὸ</strong></span> <span class='ocrx_word' id='word_1_150' title='bbox 2741 765 3010 832; x_wconf 84' lang='grc' dir='ltr'>τοσοῦτον,</span> <span class='ocrx_word' id='word_1_151' title='bbox 3060 769 3116 819; x_wconf 90' lang='grc' dir='ltr'>ἐν</span> <span class='ocrx_word' id='word_1_152' title='bbox 3151 761 3195 835; x_wconf 83' lang='grc' dir='ltr'>ᾧ</span> <span class='ocrx_word' id='word_1_153' title='bbox 3245 769 3519 841; x_wconf 71' lang='grc' dir='ltr'>ὑπαίθριοι</span> <span class='ocrx_word' id='word_1_154' title='bbox 3555 775 3679 835; x_wconf 80' lang='grc' dir='ltr'>ταῖς</span> 
     </span>
    </p>
   </div>
   <div class='ocr_carea' id='block_1_24' title="bbox 2095 853 3675 932">
    <p class='ocr_par' dir='ltr' id='par_1_24' title="bbox 2095 853 3675 932">
     <span class='ocr_line' id='line_1_24' title="bbox 2095 853 3675 932; baseline 0.007 -27"><span class='ocrx_word' id='word_1_155' title='bbox 2095 853 2287 925; x_wconf 85' lang='grc' dir='ltr'>θύραις</span> <span class='ocrx_word' id='word_1_156' title='bbox 2319 855 2483 908; x_wconf 83' lang='grc' dir='ltr'>αὐτοῦ</span> <span class='ocrx_word' id='word_1_157' title='bbox 2520 856 3017 928; x_wconf 77' lang='grc' dir='ltr'>προσκαθεζόμενοι</span> <span class='ocrx_word' id='word_1_158' title='bbox 3051 859 3507 931; x_wconf 82' lang='grc' dir='ltr'>κατεφρύγημεν’</span> <span class='ocrx_word' id='word_1_159' title='bbox 3536 864 3675 932; x_wconf 82' lang='grc' dir='ltr'><strong>μετά</strong></span> 
     </span>
    </p>
   </div>
   <div class='ocr_carea' id='block_1_25' title="bbox 2092 944 3674 1027">
    <p class='ocr_par' dir='ltr' id='par_1_25' title="bbox 2092 944 3674 1027">
     <span class='ocr_line' id='line_1_25' title="bbox 2092 944 3674 1027; baseline 0.007 -30"><span class='ocrx_word' id='word_1_160' title='bbox 2092 944 2192 1014; x_wconf 78' lang='grc' dir='ltr'>τὴν</span> <span class='ocrx_word' id='word_1_161' title='bbox 2226 945 2553 1018; x_wconf 79' lang='grc' dir='ltr'>σκυθρωπὴν</span> <span class='ocrx_word' id='word_1_162' title='bbox 2595 949 2809 1018; x_wconf 87' lang='grc' dir='ltr'>ἐκείνην</span> <span class='ocrx_word' id='word_1_163' title='bbox 2841 953 3158 1027; x_wconf 64' lang='grc' dir='ltr'>κατήφειαν,</span> <span class='ocrx_word' id='word_1_164' title='bbox 3190 951 3257 1021; x_wconf 80' lang='grc' dir='ltr'><strong>ἢν</strong></span> <span class='ocrx_word' id='word_1_165' title='bbox 3291 953 3348 1006; x_wconf 88' lang='grc' dir='ltr'><strong>ἐν</strong></span> <span class='ocrx_word' id='word_1_166' title='bbox 3374 953 3674 1024; x_wconf 78' lang='grc' dir='ltr'><strong>ὀφθαλμοῖς</strong></span> 
     </span>
    </p>
   </div>
   <div class='ocr_carea' id='block_1_26' title="bbox 2091 1037 3674 1116">
    <p class='ocr_par' dir='ltr' id='par_1_26' title="bbox 2091 1037 3674 1116">
     <span class='ocr_line' id='line_1_26' title="bbox 2091 1037 3674 1116; baseline 0.006 -26"><span class='ocrx_word' id='word_1_167' title='bbox 2091 1037 2253 1090; x_wconf 85' lang='grc' dir='ltr'>αὐτοῦ</span> <span class='ocrx_word' id='word_1_168' title='bbox 2287 1039 2568 1106; x_wconf 82' lang='grc' dir='ltr'><strong>γεγονότες</strong></span> <span class='ocrx_word' id='word_1_169' title='bbox 2612 1040 2939 1111; x_wconf 61' lang='grc' dir='ltr'>ἀνέτλημεν</span> <span class='ocrx_word' id='word_1_170' title='bbox 2962 1042 3052 1095; x_wconf 72' lang='grc' dir='ltr'>καὶ</span> <span class='ocrx_word' id='word_1_171' title='bbox 3088 1043 3472 1114; x_wconf 81' lang='grc' dir='ltr'>ἀποπέμπεται</span> <span class='ocrx_word' id='word_1_172' title='bbox 3523 1048 3674 1116; x_wconf 83' lang='grc' dir='ltr'>ἡμᾶς</span> 
     </span>
    </p>
   </div>
   <div class='ocr_carea' id='block_1_27' title="bbox 2091 1128 3668 1207">
    <p class='ocr_par' dir='ltr' id='par_1_27' title="bbox 2091 1128 3668 1207">
     <span class='ocr_line' id='line_1_27' title="bbox 2091 1128 3668 1207; baseline 0.008 -27"><span class='ocrx_word' id='word_1_173' title='bbox 2091 1128 2251 1182; x_wconf 86' lang='grc' dir='ltr'>πάλιν</span> <span class='ocrx_word' id='word_1_174' title='bbox 2301 1130 2392 1183; x_wconf 75' lang='grc' dir='ltr'><strong>ἐπὶ</strong></span> <span class='ocrx_word' id='word_1_175' title='bbox 2437 1131 2497 1184; x_wconf 82' lang='grc' dir='ltr'><strong>τὸ</strong></span> <span class='ocrx_word' id='word_1_176' title='bbox 2539 1132 2670 1185; x_wconf 87' lang='grc' dir='ltr'>αὐτὸ</span> <span class='ocrx_word' id='word_1_177' title='bbox 2712 1134 3007 1203; x_wconf 88' lang='grc' dir='ltr'>διάστημα,</span> <span class='ocrx_word' id='word_1_178' title='bbox 3052 1135 3137 1188; x_wconf 75' lang='grc' dir='ltr'><strong>διὰ</strong></span> <span class='ocrx_word' id='word_1_179' title='bbox 3181 1137 3279 1205; x_wconf 81' lang='grc' dir='ltr'>τῆς</span> <span class='ocrx_word' id='word_1_180' title='bbox 3320 1137 3493 1207; x_wconf 82' lang='grc' dir='ltr'>αὐτῆς</span> <span class='ocrx_word' id='word_1_181' title='bbox 3524 1139 3668 1202; x_wconf 83' lang='grc' dir='ltr'>ὀδοῦ,</span> 
     </span>
    </p>
   </div>
   <div class='ocr_carea' id='block_1_28' title="bbox 2088 1221 3671 1297">
    <p class='ocr_par' dir='ltr' id='par_1_28' title="bbox 2088 1221 3671 1297">
     <span class='ocr_line' id='line_1_28' title="bbox 2088 1221 3671 1297; baseline 0.007 -24"><span class='ocrx_word' id='word_1_182' title='bbox 2088 1221 2569 1291; x_wconf 86' lang='grc' dir='ltr'>ταλαιπωροῦντας</span> <span class='ocrx_word' id='word_1_183' title='bbox 2632 1224 2690 1277; x_wconf 90' lang='grc' dir='ltr'>ἐν</span> <span class='ocrx_word' id='word_1_184' title='bbox 2723 1224 3058 1278; x_wconf 85' lang='grc' dir='ltr'>ἐκλελοιπότι</span> <span class='ocrx_word' id='word_1_185' title='bbox 3104 1226 3202 1297; x_wconf 72' lang='grc' dir='ltr'>ἤδη</span> <span class='ocrx_word' id='word_1_186' title='bbox 3234 1229 3328 1280; x_wconf 80' lang='grc' dir='ltr'><strong>καὶ</strong></span> <span class='ocrx_word' id='word_1_187' title='bbox 3355 1245 3671 1283; x_wconf 84' lang='grc' dir='ltr'>καταπεπο-</span> 
     </span>
    </p>
   </div>
   <div class='ocr_carea' id='block_1_29' title="bbox 2089 1312 3669 1392">
    <p class='ocr_par' dir='ltr' id='par_1_29' title="bbox 2089 1312 3669 1392">
     <span class='ocr_line' id='line_1_29' title="bbox 2089 1312 3669 1392; baseline 0.008 -30"><span class='ocrx_word' id='word_1_188' title='bbox 2089 1312 2304 1382; x_wconf 85' lang='grc' dir='ltr'>νημένῳ</span> <span class='ocrx_word' id='word_1_189' title='bbox 2350 1313 2428 1383; x_wconf 82' lang='grc' dir='ltr'>τῷ</span> <span class='ocrx_word' id='word_1_190' title='bbox 2479 1313 2723 1384; x_wconf 82' lang='grc' dir='ltr'>σώματι’</span> <span class='ocrx_word' id='word_1_191' title='bbox 2776 1315 2917 1368; x_wconf 83' lang='grc' dir='ltr'>ὥστε</span> <span class='ocrx_word' id='word_1_192' title='bbox 2947 1317 3098 1387; x_wconf 80' lang='grc' dir='ltr'><strong>μόλις</strong></span> <span class='ocrx_word' id='word_1_193' title='bbox 3136 1319 3281 1388; x_wconf 73' lang='grc' dir='ltr'>ἡμᾶς</span> <span class='ocrx_word' id='word_1_194' title='bbox 3327 1321 3452 1391; x_wconf 76' lang='grc' dir='ltr'>περὶ</span> <span class='ocrx_word' id='word_1_195' title='bbox 3491 1322 3669 1392; x_wconf 81' lang='grc' dir='ltr'>δείλην</span> 
     </span>
    </p>
   </div>
   <div class='ocr_carea' id='block_1_30' title="bbox 2087 1403 3669 1479">
    <p class='ocr_par' dir='ltr' id='par_1_30' title="bbox 2087 1403 3669 1479">
     <span class='ocr_line' id='line_1_30' title="bbox 2087 1403 3669 1479; baseline 0.007 -25"><span class='ocrx_word' id='word_1_196' title='bbox 2087 1403 2244 1471; x_wconf 78' lang='grc' dir='ltr'>ὀψίαν</span> <span class='ocrx_word' id='word_1_197' title='bbox 2273 1403 2442 1456; x_wconf 77' lang='grc' dir='ltr'>πολλὰ</span> <span class='ocrx_word' id='word_1_198' title='bbox 2467 1405 2554 1457; x_wconf 81' lang='grc' dir='ltr'>διὰ</span> <span class='ocrx_word' id='word_1_199' title='bbox 2592 1409 2759 1475; x_wconf 82' lang='grc' dir='ltr'>μέσου</span> <span class='ocrx_word' id='word_1_200' title='bbox 2809 1407 3304 1479; x_wconf 84' lang='grc' dir='ltr'>κακοπαθήσαντας</span> <span class='ocrx_word' id='word_1_201' title='bbox 3343 1412 3669 1465; x_wconf 87' lang='grc' dir='ltr'>καταλαϐεῖν</span> 
     </span>
    </p>
   </div>
   <div class='ocr_carea' id='block_1_31' title="bbox 2085 1493 3670 1569">
    <p class='ocr_par' dir='ltr' id='par_1_31' title="bbox 2085 1493 3670 1569">
     <span class='ocr_line' id='line_1_31' title="bbox 2085 1493 3670 1569; baseline 0.008 -24"><span class='ocrx_word' id='word_1_202' title='bbox 2085 1493 2181 1563; x_wconf 81' lang='grc' dir='ltr'>τὴν</span> <span class='ocrx_word' id='word_1_203' title='bbox 2204 1494 2468 1548; x_wconf 83' lang='grc' dir='ltr'>συνοδίαν.</span> <span class='ocrx_word' id='word_1_204' title='bbox 2495 1497 2604 1549; x_wconf 79' lang='grc' dir='ltr'><strong>Καὶ</strong></span> <span class='ocrx_word' id='word_1_205' title='bbox 2631 1497 2738 1569; x_wconf 87' lang='grc' dir='ltr'><strong>γάρ</strong></span> <span class='ocrx_word' id='word_1_206' title='bbox 2769 1515 2821 1551; x_wconf 88' lang='grc' dir='ltr'><strong>τι</strong></span> <span class='ocrx_word' id='word_1_207' title='bbox 2854 1499 2947 1551; x_wconf 76' lang='grc' dir='ltr'>καὶ</span> <span class='ocrx_word' id='word_1_208' title='bbox 2967 1499 3125 1569; x_wconf 74' lang='grc' dir='ltr'>νέφος</span> <span class='ocrx_word' id='word_1_209' title='bbox 3150 1501 3214 1554; x_wconf 83' lang='grc' dir='ltr'>ὲκ</span> <span class='ocrx_word' id='word_1_210' title='bbox 3238 1501 3497 1566; x_wconf 76' lang='grc' dir='ltr'>λαίλαπος</span> <span class='ocrx_word' id='word_1_211' title='bbox 3526 1503 3670 1557; x_wconf 86' lang='grc' dir='ltr'><strong>κατά</strong></span> 
     </span>
    </p>
   </div>
   <div class='ocr_carea' id='block_1_32' title="bbox 2083 1581 3669 1662">
    <p class='ocr_par' dir='ltr' id='par_1_32' title="bbox 2083 1581 3669 1662">
     <span class='ocr_line' id='line_1_32' title="bbox 2083 1581 3669 1662; baseline 0.008 -29"><span class='ocrx_word' id='word_1_212' title='bbox 2083 1581 2145 1635; x_wconf 67' lang='grc' dir='ltr'>τὸ</span> <span class='ocrx_word' id='word_1_213' title='bbox 2178 1582 2371 1654; x_wconf 89' lang='grc' dir='ltr'>ἀθρόον</span> <span class='ocrx_word' id='word_1_214' title='bbox 2396 1585 2454 1636; x_wconf 88' lang='grc' dir='ltr'>ἐν</span> <span class='ocrx_word' id='word_1_215' title='bbox 2483 1585 2561 1655; x_wconf 83' lang='grc' dir='ltr'>τῷ</span> <span class='ocrx_word' id='word_1_216' title='bbox 2594 1586 2715 1656; x_wconf 87' lang='grc' dir='ltr'>ἀέρι</span> <span class='ocrx_word' id='word_1_217' title='bbox 2747 1587 3054 1658; x_wconf 88' lang='grc' dir='ltr'>γενόμενον,</span> <span class='ocrx_word' id='word_1_218' title='bbox 3103 1589 3283 1644; x_wconf 84' lang='grc' dir='ltr'>αὐτῶν</span> <span class='ocrx_word' id='word_1_219' title='bbox 3308 1592 3418 1644; x_wconf 84' lang='grc' dir='ltr'>τῶν</span> <span class='ocrx_word' id='word_1_220' title='bbox 3457 1592 3669 1662; x_wconf 81' lang='grc' dir='ltr'>μυελῶν</span> 
     </span>
    </p>
   </div>
   <div class='ocr_carea' id='block_1_33' title="bbox 2085 1676 3665 1757">
    <p class='ocr_par' dir='ltr' id='par_1_33' title="bbox 2085 1676 3665 1757">
     <span class='ocr_line' id='line_1_33' title="bbox 2085 1676 3665 1757; baseline 0.007 -29"><span class='ocrx_word' id='word_1_221' title='bbox 2085 1676 2231 1745; x_wconf 82' lang='grc' dir='ltr'>ἡμᾶς</span> <span class='ocrx_word' id='word_1_222' title='bbox 2262 1676 2445 1751; x_wconf 82' lang='grc' dir='ltr'>λάϐρῳ</span> <span class='ocrx_word' id='word_1_223' title='bbox 2475 1678 2551 1749; x_wconf 82' lang='grc' dir='ltr'><strong>τῷ</strong></span> <span class='ocrx_word' id='word_1_224' title='bbox 2587 1678 2777 1750; x_wconf 80' lang='grc' dir='ltr'>ὄμϐρῳ</span> <span class='ocrx_word' id='word_1_225' title='bbox 2807 1679 3080 1737; x_wconf 87' lang='grc' dir='ltr'>καθίκετο.</span> <span class='ocrx_word' id='word_1_226' title='bbox 3126 1684 3524 1753; x_wconf 83' lang='grc' dir='ltr'>Ἀπαράσκευοι</span> <span class='ocrx_word' id='word_1_227' title='bbox 3555 1687 3665 1757; x_wconf 74' lang='grc' dir='ltr'>γὰρ</span> 
     </span>
    </p>
   </div>
   <div class='ocr_carea' id='block_1_34' title="bbox 406 1752 1969 1844">
    <p class='ocr_par' dir='ltr' id='par_1_34' title="bbox 406 1766 1969 1841">
     <span class='ocr_line' id='line_1_34' title="bbox 406 1766 1969 1841; baseline -0.003 -14"><span class='ocrx_word' id='word_1_228' title='bbox 406 1770 529 1841; x_wconf 86' lang='lat' dir='ltr'><strong>ejus</strong></span> <span class='ocrx_word' id='word_1_229' title='bbox 562 1783 909 1825; x_wconf 80' lang='lat' dir='ltr'><strong>veneramus.</strong></span> <span class='ocrx_word' id='word_1_230' title='bbox 937 1766 1208 1822; x_wconf 85' lang='lat' dir='ltr'><strong>Nimirum</strong></span> <span class='ocrx_word' id='word_1_231' title='bbox 1240 1783 1341 1822; x_wconf 91' lang='lat' dir='ltr'><strong>nos</strong></span> <span class='ocrx_word' id='word_1_232' title='bbox 1371 1783 1566 1823; x_wconf 92' lang='lat' dir='ltr'><strong>rursus</strong></span> <span class='ocrx_word' id='word_1_233' title='bbox 1587 1767 1654 1821; x_wconf 84' lang='lat' dir='ltr'><strong>ad</strong></span> <span class='ocrx_word' id='word_1_234' title='bbox 1688 1768 1829 1822; x_wconf 90' lang='lat' dir='ltr'><strong>idem</strong></span> <span class='ocrx_word' id='word_1_235' title='bbox 1855 1783 1969 1837; x_wconf 90' lang='lat' dir='ltr'><strong>spa-</strong></span> 
     </span>
    </p>
   </div>
   <div class='ocr_carea' id='block_1_35' title="bbox 2072 1752 3664 1844">
    <p class='ocr_par' dir='ltr' id='par_1_35' title="bbox 2083 1752 3664 1844">
     <span class='ocr_line' id='line_1_35' title="bbox 2083 1752 3664 1844; baseline 0.005 -25"><span class='ocrx_word' id='word_1_236' title='bbox 2083 1761 2224 1836; x_wconf 85' lang='grc' dir='ltr'>ἦμεν</span> <span class='ocrx_word' id='word_1_237' title='bbox 2254 1767 2340 1820; x_wconf 84' lang='grc' dir='ltr'>διὰ</span> <span class='ocrx_word' id='word_1_238' title='bbox 2364 1770 2425 1820; x_wconf 84' lang='grc' dir='ltr'><strong>τὸ</strong></span> <span class='ocrx_word' id='word_1_239' title='bbox 2466 1769 2800 1839; x_wconf 85' lang='grc' dir='ltr'>ὑπερϐάλλον</span> <span class='ocrx_word' id='word_1_240' title='bbox 2835 1770 3056 1835; x_wconf 85' lang='grc' dir='ltr'>θάλπος,</span> <span class='ocrx_word' id='word_1_241' title='bbox 3094 1772 3169 1835; x_wconf 85' lang='grc' dir='ltr'><strong>ὡς</strong></span> <span class='ocrx_word' id='word_1_242' title='bbox 3210 1752 3348 1844; x_wconf 70' lang='grc' dir='ltr'>πρὸς</span> <span class='ocrx_word' id='word_1_243' title='bbox 3377 1774 3531 1827; x_wconf 81' lang='grc' dir='ltr'>ὑετοῦ</span> <span class='ocrx_word' id='word_1_244' title='bbox 3561 1752 3664 1842; x_wconf 53' lang='lat' dir='ltr'><strong>ipa-</strong></span> 
     </span>
    </p>
   </div>
   <div class='ocr_carea' id='block_1_36' title="bbox 407 1857 1979 1929">
    <p class='ocr_par' dir='ltr' id='par_1_36' title="bbox 407 1857 1979 1929">
     <span class='ocr_line' id='line_1_36' title="bbox 407 1857 1979 1929; baseline -0.003 -12"><span class='ocrx_word' id='word_1_245' title='bbox 407 1863 542 1917; x_wconf 85' lang='lat' dir='ltr'><strong>tium</strong></span> <span class='ocrx_word' id='word_1_246' title='bbox 588 1860 953 1916; x_wconf 85' lang='lat' dir='ltr'><strong>emetiendum</strong></span> <span class='ocrx_word' id='word_1_247' title='bbox 1005 1859 1266 1922; x_wconf 87' lang='lat' dir='ltr'><strong>dimittit,</strong></span> <span class='ocrx_word' id='word_1_248' title='bbox 1307 1867 1367 1913; x_wconf 92' lang='lat' dir='ltr'><strong>ut</strong></span> <span class='ocrx_word' id='word_1_249' title='bbox 1422 1873 1516 1929; x_wconf 89' lang='lat' dir='ltr'><strong>per</strong></span> <span class='ocrx_word' id='word_1_250' title='bbox 1561 1857 1804 1913; x_wconf 88' lang='lat' dir='ltr'><strong>eamdem</strong></span> <span class='ocrx_word' id='word_1_251' title='bbox 1836 1859 1979 1912; x_wconf 87' lang='lat' dir='ltr'><strong>viam</strong></span> 
     </span>
    </p>
   </div>
   <div class='ocr_carea' id='block_1_37' title="bbox 406 1948 1976 2021">
    <p class='ocr_par' dir='ltr' id='par_1_37' title="bbox 406 1948 1976 2021">
     <span class='ocr_line' id='line_1_37' title="bbox 406 1948 1976 2021; baseline -0.003 -13"><span class='ocrx_word' id='word_1_252' title='bbox 406 1959 624 2007; x_wconf 87' lang='lat' dir='ltr'><strong>nosmet</strong></span> <span class='ocrx_word' id='word_1_253' title='bbox 669 1949 1057 2021; x_wconf 82' lang='lat' dir='ltr'><strong>afﬂigeremus,</strong></span> <span class='ocrx_word' id='word_1_254' title='bbox 1089 1964 1323 2019; x_wconf 90' lang='lat' dir='ltr'><strong>corpore</strong></span> <span class='ocrx_word' id='word_1_255' title='bbox 1354 1949 1467 2019; x_wconf 91' lang='lat' dir='ltr'><strong>jam</strong></span> <span class='ocrx_word' id='word_1_256' title='bbox 1495 1948 1710 2004; x_wconf 89' lang='lat' dir='ltr'><strong>defecto</strong></span> <span class='ocrx_word' id='word_1_257' title='bbox 1740 1957 1793 2004; x_wconf 95' lang='lat' dir='ltr'><strong>et</strong></span> <span class='ocrx_word' id='word_1_258' title='bbox 1824 1949 1976 2003; x_wconf 85' lang='lat' dir='ltr'><strong>labo-</strong></span> 
     </span>
    </p>
   </div>
   <div class='ocr_carea' id='block_1_38' title="bbox 406 2042 1975 2107">
    <p class='ocr_par' dir='ltr' id='par_1_38' title="bbox 406 2042 1975 2107">
     <span class='ocr_line' id='line_1_38' title="bbox 406 2042 1975 2107; baseline -0.005 -7"><span class='ocrx_word' id='word_1_259' title='bbox 406 2045 564 2101; x_wconf 82' lang='lat' dir='ltr'><strong>ribus</strong></span> <span class='ocrx_word' id='word_1_260' title='bbox 610 2053 908 2098; x_wconf 89' lang='lat' dir='ltr'><strong>macerato.</strong></span> <span class='ocrx_word' id='word_1_261' title='bbox 947 2042 1069 2107; x_wconf 86' lang='lat' dir='ltr'><strong>Quo</strong></span> <span class='ocrx_word' id='word_1_262' title='bbox 1113 2042 1349 2107; x_wconf 86' lang='lat' dir='ltr'><strong>factum,</strong></span> <span class='ocrx_word' id='word_1_263' title='bbox 1403 2049 1462 2094; x_wconf 90' lang='lat' dir='ltr'><strong>ut</strong></span> <span class='ocrx_word' id='word_1_264' title='bbox 1509 2042 1599 2095; x_wconf 80' lang='lat' dir='ltr'><strong>vix</strong></span> <span class='ocrx_word' id='word_1_265' title='bbox 1646 2042 1749 2097; x_wconf 89' lang='lat' dir='ltr'><strong>sub</strong></span> <span class='ocrx_word' id='word_1_266' title='bbox 1793 2055 1975 2096; x_wconf 90' lang='lat' dir='ltr'><strong>serum</strong></span> 
     </span>
    </p>
   </div>
   <div class='ocr_carea' id='block_1_39' title="bbox 403 2132 1976 2203">
    <p class='ocr_par' dir='ltr' id='par_1_39' title="bbox 403 2132 1976 2203">
     <span class='ocr_line' id='line_1_39' title="bbox 403 2132 1976 2203; baseline -0.001 -12"><span class='ocrx_word' id='word_1_267' title='bbox 403 2138 608 2192; x_wconf 89' lang='lat' dir='ltr'><strong>multas</strong></span> <span class='ocrx_word' id='word_1_268' title='bbox 632 2133 816 2191; x_wconf 88' lang='lat' dir='ltr'><strong>medio</strong></span> <span class='ocrx_word' id='word_1_269' title='bbox 845 2135 900 2189; x_wconf 91' lang='lat' dir='ltr'><strong>in</strong></span> <span class='ocrx_word' id='word_1_270' title='bbox 936 2134 1129 2189; x_wconf 89' lang='lat' dir='ltr'><strong>itinere</strong></span> <span class='ocrx_word' id='word_1_271' title='bbox 1160 2132 1405 2203; x_wconf 84' lang='lat' dir='ltr'><strong>perpessi</strong></span> <span class='ocrx_word' id='word_1_272' title='bbox 1446 2147 1721 2187; x_wconf 71' lang='lat' dir='ltr'><strong>azrumnas</strong></span> <span class='ocrx_word' id='word_1_273' title='bbox 1746 2133 1976 2189; x_wconf 87' lang='lat' dir='ltr'><strong>comites</strong></span> 
     </span>
    </p>
   </div>
   <div class='ocr_carea' id='block_1_40' title="bbox 402 2223 1971 2297">
    <p class='ocr_par' dir='ltr' id='par_1_40' title="bbox 402 2223 1971 2297">
     <span class='ocr_line' id='line_1_40' title="bbox 402 2223 1971 2297; baseline -0.004 -13"><span class='ocrx_word' id='word_1_274' title='bbox 402 2238 626 2285; x_wconf 90' lang='lat' dir='ltr'><strong>nostros</strong></span> <span class='ocrx_word' id='word_1_275' title='bbox 663 2241 1108 2297; x_wconf 89' lang='lat' dir='ltr'><strong>assequeremur.</strong></span> <span class='ocrx_word' id='word_1_276' title='bbox 1157 2223 1289 2279; x_wconf 81' lang='lat' dir='ltr'><strong>Nam</strong></span> <span class='ocrx_word' id='word_1_277' title='bbox 1325 2234 1380 2279; x_wconf 90' lang='lat' dir='ltr'><strong>et</strong></span> <span class='ocrx_word' id='word_1_278' title='bbox 1410 2225 1587 2280; x_wconf 89' lang='lat' dir='ltr'><strong>nubes</strong></span> <span class='ocrx_word' id='word_1_279' title='bbox 1621 2224 1871 2294; x_wconf 71' lang='lat' dir='ltr'><strong>quredam</strong></span> <span class='ocrx_word' id='word_1_280' title='bbox 1906 2240 1971 2278; x_wconf 80' lang='lat' dir='ltr'><strong>ex</strong></span> 
     </span>
    </p>
   </div>
   <div class='ocr_carea' id='block_1_41' title="bbox 402 2315 1974 2386">
    <p class='ocr_par' dir='ltr' id='par_1_41' title="bbox 402 2315 1974 2386">
     <span class='ocr_line' id='line_1_41' title="bbox 402 2315 1974 2386; baseline -0.003 -11"><span class='ocrx_word' id='word_1_281' title='bbox 402 2319 620 2376; x_wconf 88' lang='lat' dir='ltr'><strong>turbine</strong></span> <span class='ocrx_word' id='word_1_282' title='bbox 648 2319 833 2373; x_wconf 89' lang='lat' dir='ltr'><strong>subito</strong></span> <span class='ocrx_word' id='word_1_283' title='bbox 858 2317 915 2372; x_wconf 90' lang='lat' dir='ltr'><strong>in</strong></span> <span class='ocrx_word' id='word_1_284' title='bbox 947 2331 1073 2372; x_wconf 89' lang='lat' dir='ltr'><strong>aere</strong></span> <span class='ocrx_word' id='word_1_285' title='bbox 1095 2325 1236 2384; x_wconf 88' lang='lat' dir='ltr'><strong>orta,</strong></span> <span class='ocrx_word' id='word_1_286' title='bbox 1261 2316 1488 2386; x_wconf 89' lang='lat' dir='ltr'><strong>copioso</strong></span> <span class='ocrx_word' id='word_1_287' title='bbox 1516 2315 1691 2370; x_wconf 84' lang='lat' dir='ltr'><strong>imbre</strong></span> <span class='ocrx_word' id='word_1_288' title='bbox 1720 2315 1788 2369; x_wconf 86' lang='lat' dir='ltr'><strong>ad</strong></span> <span class='ocrx_word' id='word_1_289' title='bbox 1823 2316 1974 2384; x_wconf 85' lang='lat' dir='ltr'><strong>ipsas</strong></span> 
     </span>
    </p>
   </div>
   <div class='ocr_carea' id='block_1_42' title="bbox 374 2405 1974 2481">
    <p class='ocr_par' dir='ltr' id='par_1_42' title="bbox 374 2405 1974 2481">
     <span class='ocr_line' id='line_1_42' title="bbox 374 2405 1974 2481; baseline -0.004 -14"><span class='ocrx_word' id='word_1_290' title='bbox 374 2408 884 2481; x_wconf 36' lang='lat' dir='ltr'><strong>&#39;usque‘medullas</strong></span> <span class='ocrx_word' id='word_1_291' title='bbox 932 2415 1155 2463; x_wconf 88' lang='lat' dir='ltr'><strong>nostras</strong></span> <span class='ocrx_word' id='word_1_292' title='bbox 1188 2407 1528 2478; x_wconf 88' lang='lat' dir='ltr'><strong>penetrabat.</strong></span> <span class='ocrx_word' id='word_1_293' title='bbox 1568 2405 1785 2460; x_wconf 84' lang='lat' dir='ltr'><strong>Etenim</strong></span> <span class='ocrx_word' id='word_1_294' title='bbox 1819 2416 1974 2476; x_wconf 83' lang='lat' dir='ltr'><strong>tegu-</strong></span> 
     </span>
    </p>
   </div>
   <div class='ocr_carea' id='block_1_43' title="bbox 400 2499 1970 2572">
    <p class='ocr_par' dir='ltr' id='par_1_43' title="bbox 400 2499 1970 2572">
     <span class='ocr_line' id='line_1_43' title="bbox 400 2499 1970 2572; baseline -0.002 -16"><span class='ocrx_word' id='word_1_295' title='bbox 400 2502 602 2559; x_wconf 85' lang='lat' dir='ltr'><strong>mentis</strong></span> <span class='ocrx_word' id='word_1_296' title='bbox 626 2501 696 2556; x_wconf 89' lang='lat' dir='ltr'><strong>ob</strong></span> <span class='ocrx_word' id='word_1_297' title='bbox 728 2502 1005 2572; x_wconf 83' lang='lat' dir='ltr'><strong>ingentem</strong></span> <span class='ocrx_word' id='word_1_298' title='bbox 1038 2507 1231 2555; x_wconf 82' lang='lat' dir='ltr'><strong>aestum</strong></span> <span class='ocrx_word' id='word_1_299' title='bbox 1277 2499 1538 2553; x_wconf 88' lang='lat' dir='ltr'><strong>instructi</strong></span> <span class='ocrx_word' id='word_1_300' title='bbox 1583 2513 1689 2551; x_wconf 90' lang='lat' dir='ltr'><strong>non</strong></span> <span class='ocrx_word' id='word_1_301' title='bbox 1729 2513 1970 2565; x_wconf 86' lang='lat' dir='ltr'><strong>eramus,</strong></span> 
     </span>
    </p>
   </div>
   <div class='ocr_carea' id='block_1_44' title="bbox 401 2591 1969 2663">
    <p class='ocr_par' dir='ltr' id='par_1_44' title="bbox 401 2591 1969 2663">
     <span class='ocr_line' id='line_1_44' title="bbox 401 2591 1969 2663; baseline -0.001 -16"><span class='ocrx_word' id='word_1_302' title='bbox 401 2604 464 2648; x_wconf 93' lang='lat' dir='ltr'><strong>ut</strong></span> <span class='ocrx_word' id='word_1_303' title='bbox 513 2595 779 2650; x_wconf 89' lang='lat' dir='ltr'><strong>adversus</strong></span> <span class='ocrx_word' id='word_1_304' title='bbox 838 2593 1078 2663; x_wconf 87' lang='lat' dir='ltr'><strong>pluviam</strong></span> <span class='ocrx_word' id='word_1_305' title='bbox 1127 2601 1346 2647; x_wconf 89' lang='lat' dir='ltr'><strong>nosmet</strong></span> <span class='ocrx_word' id='word_1_306' title='bbox 1394 2591 1612 2645; x_wconf 89' lang='lat' dir='ltr'><strong>munire</strong></span> <span class='ocrx_word' id='word_1_307' title='bbox 1663 2606 1969 2660; x_wconf 89' lang='lat' dir='ltr'><strong>possemus.</strong></span> 
     </span>
    </p>
   </div>
   <div class='ocr_carea' id='block_1_45' title="bbox 399 2682 1969 2755">
    <p class='ocr_par' dir='ltr' id='par_1_45' title="bbox 399 2682 1969 2755">
     <span class='ocr_line' id='line_1_45' title="bbox 399 2682 1969 2755; baseline -0.003 -15"><span class='ocrx_word' id='word_1_308' title='bbox 399 2685 883 2742; x_wconf 77' lang='lat' dir='ltr'><strong>Verumenimvero</strong></span> <span class='ocrx_word' id='word_1_309' title='bbox 952 2700 1047 2755; x_wconf 91' lang='lat' dir='ltr'><strong>per</strong></span> <span class='ocrx_word' id='word_1_310' title='bbox 1104 2683 1197 2737; x_wconf 90' lang='lat' dir='ltr'><strong>Dei</strong></span> <span class='ocrx_word' id='word_1_311' title='bbox 1251 2684 1486 2753; x_wconf 80' lang='lat' dir='ltr'><strong>gratiam</strong></span> <span class='ocrx_word' id='word_1_312' title='bbox 1536 2683 1694 2752; x_wconf 88' lang='lat' dir='ltr'><strong>quasi</strong></span> <span class='ocrx_word' id='word_1_313' title='bbox 1764 2682 1858 2751; x_wconf 86' lang='lat' dir='ltr'><strong>qui</strong></span> <span class='ocrx_word' id='word_1_314' title='bbox 1906 2696 1969 2735; x_wconf 79' lang='lat' dir='ltr'><strong>ex</strong></span> 
     </span>
    </p>
   </div>
   <div class='ocr_carea' id='block_1_46' title="bbox 396 2775 1973 2849">
    <p class='ocr_par' dir='ltr' id='par_1_46' title="bbox 396 2775 1973 2849">
     <span class='ocr_line' id='line_1_46' title="bbox 396 2775 1973 2849; baseline -0.005 -15"><span class='ocrx_word' id='word_1_315' title='bbox 396 2786 723 2849; x_wconf 82' lang='lat' dir='ltr'><strong>tempestate</strong></span> <span class='ocrx_word' id='word_1_316' title='bbox 767 2779 852 2834; x_wconf 88' lang='lat' dir='ltr'><strong>vel</strong></span> <span class='ocrx_word' id='word_1_317' title='bbox 897 2776 1189 2847; x_wconf 83' lang='lat' dir='ltr'><strong>naufragio</strong></span> <span class='ocrx_word' id='word_1_318' title='bbox 1245 2776 1382 2831; x_wconf 88' lang='lat' dir='ltr'><strong>salvi</strong></span> <span class='ocrx_word' id='word_1_319' title='bbox 1437 2782 1762 2838; x_wconf 89' lang='lat' dir='ltr'><strong>evaserunt,</strong></span> <span class='ocrx_word' id='word_1_320' title='bbox 1801 2775 1874 2827; x_wconf 91' lang='lat' dir='ltr'><strong>ita</strong></span> <span class='ocrx_word' id='word_1_321' title='bbox 1919 2780 1973 2828; x_wconf 93' lang='lat' dir='ltr'><strong>et</strong></span> 
     </span>
    </p>
   </div>
   <div class='ocr_carea' id='block_1_47' title="bbox 396 2867 1971 2941">
    <p class='ocr_par' dir='ltr' id='par_1_47' title="bbox 396 2867 1971 2941">
     <span class='ocr_line' id='line_1_47' title="bbox 396 2867 1971 2941; baseline -0.003 -16"><span class='ocrx_word' id='word_1_322' title='bbox 396 2871 504 2941; x_wconf 88' lang='lat' dir='ltr'><strong>ipsi</strong></span> <span class='ocrx_word' id='word_1_323' title='bbox 555 2870 786 2924; x_wconf 91' lang='lat' dir='ltr'><strong>comites</strong></span> <span class='ocrx_word' id='word_1_324' title='bbox 836 2877 1063 2926; x_wconf 89' lang='lat' dir='ltr'><strong>nostros</strong></span> <span class='ocrx_word' id='word_1_325' title='bbox 1109 2884 1305 2938; x_wconf 84' lang='lat' dir='ltr'><strong>magna</strong></span> <span class='ocrx_word' id='word_1_326' title='bbox 1364 2883 1490 2922; x_wconf 93' lang='lat' dir='ltr'><strong>cum</strong></span> <span class='ocrx_word' id='word_1_327' title='bbox 1542 2867 1732 2921; x_wconf 64' lang='lat' dir='ltr'><strong>laetitia</strong></span> <span class='ocrx_word' id='word_1_328' title='bbox 1779 2880 1971 2921; x_wconf 90' lang='lat' dir='ltr'><strong>sumus</strong></span> 
     </span>
    </p>
   </div>
   <div class='ocr_carea' id='block_1_48' title="bbox 397 2954 1970 3029">
    <p class='ocr_par' dir='ltr' id='par_1_48' title="bbox 397 2954 1970 3029">
     <span class='ocr_line' id='line_1_48' title="bbox 397 2954 1970 3029; baseline -0.004 -14"><span class='ocrx_word' id='word_1_329' title='bbox 397 2959 660 3015; x_wconf 86' lang='lat' dir='ltr'><strong>assecuti.</strong></span> <span class='ocrx_word' id='word_1_330' title='bbox 700 2958 950 3028; x_wconf 87' lang='lat' dir='ltr'><strong>Cumque</strong></span> <span class='ocrx_word' id='word_1_331' title='bbox 991 2974 1088 3029; x_wconf 88' lang='lat' dir='ltr'><strong>per</strong></span> <span class='ocrx_word' id='word_1_332' title='bbox 1136 2966 1353 3013; x_wconf 88' lang='lat' dir='ltr'><strong>noctem</strong></span> <span class='ocrx_word' id='word_1_333' title='bbox 1389 2958 1835 3028; x_wconf 81' lang='lat' dir='ltr'><strong>quievissemus,</strong></span> <span class='ocrx_word' id='word_1_334' title='bbox 1859 2954 1970 3009; x_wconf 86' lang='lat' dir='ltr'><strong>vivi</strong></span> 
     </span>
    </p>
   </div>
   <div class='ocr_carea' id='block_1_49' title="bbox 394 3047 2039 3138">
    <p class='ocr_par' dir='ltr' id='par_1_49' title="bbox 394 3047 2039 3138">
     <span class='ocr_line' id='line_1_49' title="bbox 394 3047 2039 3138; baseline -0.007 -29"><span class='ocrx_word' id='word_1_335' title='bbox 394 3063 449 3110; x_wconf 91' lang='lat' dir='ltr'><strong>et</strong></span> <span class='ocrx_word' id='word_1_336' title='bbox 477 3053 784 3108; x_wconf 85' lang='lat' dir='ltr'><strong>incolumes</strong></span> <span class='ocrx_word' id='word_1_337' title='bbox 834 3066 940 3106; x_wconf 90' lang='lat' dir='ltr'><strong>una</strong></span> <span class='ocrx_word' id='word_1_338' title='bbox 979 3066 1105 3105; x_wconf 90' lang='lat' dir='ltr'><strong>cum</strong></span> <span class='ocrx_word' id='word_1_339' title='bbox 1132 3050 1263 3103; x_wconf 84' lang='lat' dir='ltr'><strong>aliis</strong></span> <span class='ocrx_word' id='word_1_340' title='bbox 1289 3048 1357 3103; x_wconf 88' lang='lat' dir='ltr'><strong>ad</strong></span> <span class='ocrx_word' id='word_1_341' title='bbox 1393 3056 1583 3103; x_wconf 86' lang='lat' dir='ltr'><strong>nostra</strong></span> <span class='ocrx_word' id='word_1_342' title='bbox 1631 3062 1807 3116; x_wconf 91' lang='lat' dir='ltr'><strong>usque</strong></span> <span class='ocrx_word' id='word_1_343' title='bbox 1848 3047 1965 3100; x_wconf 88' lang='lat' dir='ltr'><strong>loca</strong></span> <span class='ocrx_word' id='word_1_344' title='bbox 1995 3080 2039 3138; x_wconf 63' lang='grc' dir='ltr'>ο</span> 
     </span>
    </p>
   </div>
   <div class='ocr_carea' id='block_1_50' title="bbox 396 3137 1966 3215">
    <p class='ocr_par' dir='ltr' id='par_1_50' title="bbox 396 3137 1966 3215">
     <span class='ocr_line' id='line_1_50' title="bbox 396 3137 1966 3215; baseline -0.005 -15"><span class='ocrx_word' id='word_1_345' title='bbox 396 3144 770 3215; x_wconf 86' lang='lat' dir='ltr'><strong>pervenimus,</strong></span> <span class='ocrx_word' id='word_1_346' title='bbox 822 3144 925 3198; x_wconf 90' lang='lat' dir='ltr'><strong>hoc</strong></span> <span class='ocrx_word' id='word_1_347' title='bbox 958 3149 1157 3212; x_wconf 82' lang='lat' dir='ltr'><strong>praeter</strong></span> <span class='ocrx_word' id='word_1_348' title='bbox 1196 3143 1299 3195; x_wconf 89' lang='lat' dir='ltr'><strong>alia</strong></span> <span class='ocrx_word' id='word_1_349' title='bbox 1350 3140 1635 3195; x_wconf 88' lang='lat' dir='ltr'><strong>consecuti</strong></span> <span class='ocrx_word' id='word_1_350' title='bbox 1673 3137 1815 3193; x_wconf 91' lang='lat' dir='ltr'><strong>forte</strong></span> <span class='ocrx_word' id='word_1_351' title='bbox 1855 3139 1966 3193; x_wconf 88' lang='lat' dir='ltr'><strong>for-</strong></span> 
     </span>
    </p>
   </div>
   <div class='ocr_carea' id='block_1_51' title="bbox 396 3227 1963 3304">
    <p class='ocr_par' dir='ltr' id='par_1_51' title="bbox 396 3227 1963 3304">
     <span class='ocr_line' id='line_1_51' title="bbox 396 3227 1963 3304; baseline -0.004 -16"><span class='ocrx_word' id='word_1_352' title='bbox 396 3244 553 3302; x_wconf 87' lang='lat' dir='ltr'><strong>tuna,</strong></span> <span class='ocrx_word' id='word_1_353' title='bbox 589 3232 737 3304; x_wconf 88' lang='lat' dir='ltr'><strong>quod</strong></span> <span class='ocrx_word' id='word_1_354' title='bbox 778 3248 969 3288; x_wconf 91' lang='lat' dir='ltr'><strong>eorum</strong></span> <span class='ocrx_word' id='word_1_355' title='bbox 1007 3232 1251 3287; x_wconf 90' lang='lat' dir='ltr'><strong>omnium</strong></span> <span class='ocrx_word' id='word_1_356' title='bbox 1281 3244 1402 3301; x_wconf 70' lang='lat' dir='ltr'><strong>quae</strong></span> <span class='ocrx_word' id='word_1_357' title='bbox 1439 3229 1598 3299; x_wconf 89' lang='lat' dir='ltr'><strong>prius</strong></span> <span class='ocrx_word' id='word_1_358' title='bbox 1626 3227 1963 3293; x_wconf 89' lang='lat' dir='ltr'><strong>acciderunt,</strong></span> 
     </span>
    </p>
   </div>
   <div class='ocr_carea' id='block_1_52' title="bbox 394 3319 1967 3390">
    <p class='ocr_par' dir='ltr' id='par_1_52' title="bbox 394 3319 1967 3390">
     <span class='ocr_line' id='line_1_52' title="bbox 394 3319 1967 3390; baseline -0.006 -10"><span class='ocrx_word' id='word_1_359' title='bbox 394 3326 512 3380; x_wconf 65' lang='lat' dir='ltr'><strong>haec</strong></span> <span class='ocrx_word' id='word_1_360' title='bbox 543 3324 811 3379; x_wconf 89' lang='lat' dir='ltr'><strong>adversus</strong></span> <span class='ocrx_word' id='word_1_361' title='bbox 842 3338 943 3378; x_wconf 90' lang='lat' dir='ltr'><strong>nos</strong></span> <span class='ocrx_word' id='word_1_362' title='bbox 976 3324 1033 3377; x_wconf 91' lang='lat' dir='ltr'><strong>in</strong></span> <span class='ocrx_word' id='word_1_363' title='bbox 1070 3323 1176 3377; x_wconf 91' lang='lat' dir='ltr'><strong>hoc</strong></span> <span class='ocrx_word' id='word_1_364' title='bbox 1216 3328 1460 3390; x_wconf 87' lang='lat' dir='ltr'><strong>tempore</strong></span> <span class='ocrx_word' id='word_1_365' title='bbox 1488 3320 1727 3376; x_wconf 82' lang='lat' dir='ltr'><strong>exercita</strong></span> <span class='ocrx_word' id='word_1_366' title='bbox 1764 3319 1967 3388; x_wconf 84' lang='lat' dir='ltr'><strong>injuria</strong></span> 
     </span>
    </p>
   </div>
   <div class='ocr_carea' id='block_1_53' title="bbox 391 3410 1965 3484">
    <p class='ocr_par' dir='ltr' id='par_1_53' title="bbox 391 3410 1965 3484">
     <span class='ocr_line' id='line_1_53' title="bbox 391 3410 1965 3484; baseline -0.007 -12"><span class='ocrx_word' id='word_1_367' title='bbox 391 3418 713 3481; x_wconf 81' lang='lat' dir='ltr'><strong>memoriam</strong></span> <span class='ocrx_word' id='word_1_368' title='bbox 748 3417 1051 3472; x_wconf 88' lang='lat' dir='ltr'><strong>renovarit.</strong></span> <span class='ocrx_word' id='word_1_369' title='bbox 1079 3414 1340 3484; x_wconf 82' lang='lat' dir='ltr'><strong>Adeoque</strong></span> <span class='ocrx_word' id='word_1_370' title='bbox 1368 3413 1675 3468; x_wconf 87' lang='lat' dir='ltr'><strong>necessitas</strong></span> <span class='ocrx_word' id='word_1_371' title='bbox 1715 3410 1834 3481; x_wconf 91' lang='lat' dir='ltr'><strong>ipsa</strong></span> <span class='ocrx_word' id='word_1_372' title='bbox 1865 3423 1965 3462; x_wconf 88' lang='lat' dir='ltr'><strong>nos</strong></span> 
     </span>
    </p>
   </div>
   <div class='ocr_carea' id='block_1_54' title="bbox 390 3500 1962 3582">
    <p class='ocr_par' dir='ltr' id='par_1_54' title="bbox 390 3500 1962 3582">
     <span class='ocr_line' id='line_1_54' title="bbox 390 3500 1962 3582; baseline -0.007 -16"><span class='ocrx_word' id='word_1_373' title='bbox 390 3510 560 3582; x_wconf 64' lang='lat' dir='ltr'><strong>cogit;</strong></span> <span class='ocrx_word' id='word_1_374' title='bbox 590 3514 650 3565; x_wconf 89' lang='lat' dir='ltr'><strong>ut</strong></span> <span class='ocrx_word' id='word_1_375' title='bbox 684 3509 739 3564; x_wconf 91' lang='lat' dir='ltr'><strong>iu</strong></span> <span class='ocrx_word' id='word_1_376' title='bbox 773 3518 1051 3579; x_wconf 88' lang='lat' dir='ltr'><strong>posterum</strong></span> <span class='ocrx_word' id='word_1_377' title='bbox 1084 3515 1138 3562; x_wconf 90' lang='lat' dir='ltr'><strong>et</strong></span> <span class='ocrx_word' id='word_1_378' title='bbox 1171 3507 1275 3576; x_wconf 90' lang='lat' dir='ltr'><strong>ipsi</strong></span> <span class='ocrx_word' id='word_1_379' title='bbox 1312 3513 1503 3559; x_wconf 84' lang='lat' dir='ltr'><strong>nostra</strong></span> <span class='ocrx_word' id='word_1_380' title='bbox 1544 3518 1710 3558; x_wconf 88' lang='lat' dir='ltr'><strong>causa</strong></span> <span class='ocrx_word' id='word_1_381' title='bbox 1744 3500 1962 3557; x_wconf 89' lang='lat' dir='ltr'><strong>consilii</strong></span> 
     </span>
    </p>
   </div>
   <div class='ocr_carea' id='block_1_55' title="bbox 389 3593 1965 3673">
    <p class='ocr_par' dir='ltr' id='par_1_55' title="bbox 389 3593 1965 3673">
     <span class='ocr_line' id='line_1_55' title="bbox 389 3593 1965 3673; baseline -0.008 -14"><span class='ocrx_word' id='word_1_382' title='bbox 389 3602 672 3673; x_wconf 86' lang='lat' dir='ltr'><strong>quidpiam</strong></span> <span class='ocrx_word' id='word_1_383' title='bbox 749 3602 1076 3672; x_wconf 87' lang='lat' dir='ltr'><strong>capiamus,</strong></span> <span class='ocrx_word' id='word_1_384' title='bbox 1140 3599 1225 3654; x_wconf 88' lang='lat' dir='ltr'><strong>vel</strong></span> <span class='ocrx_word' id='word_1_385' title='bbox 1302 3599 1484 3668; x_wconf 90' lang='lat' dir='ltr'><strong>potius</strong></span> <span class='ocrx_word' id='word_1_386' title='bbox 1549 3596 1698 3651; x_wconf 91' lang='lat' dir='ltr'><strong>illius</strong></span> <span class='ocrx_word' id='word_1_387' title='bbox 1790 3593 1965 3665; x_wconf 86' lang='lat' dir='ltr'><strong>ipsius</strong></span> 
     </span>
    </p>
   </div>
   <div class='ocr_carea' id='block_1_56' title="bbox 396 3685 1965 3760">
    <p class='ocr_par' dir='ltr' id='par_1_56' title="bbox 396 3685 1965 3760">
     <span class='ocr_line' id='line_1_56' title="bbox 396 3685 1965 3760; baseline -0.007 -13"><span class='ocrx_word' id='word_1_388' title='bbox 396 3707 583 3748; x_wconf 78' lang='lat' dir='ltr'><strong>causa.</strong></span> <span class='ocrx_word' id='word_1_389' title='bbox 627 3690 764 3745; x_wconf 88' lang='lat' dir='ltr'><strong>Nam</strong></span> <span class='ocrx_word' id='word_1_390' title='bbox 811 3689 956 3760; x_wconf 91' lang='lat' dir='ltr'><strong>quod</strong></span> <span class='ocrx_word' id='word_1_391' title='bbox 999 3690 1120 3759; x_wconf 88' lang='lat' dir='ltr'><strong>ejus</strong></span> <span class='ocrx_word' id='word_1_392' title='bbox 1172 3688 1485 3743; x_wconf 85' lang='lat' dir='ltr'><strong>institutum</strong></span> <span class='ocrx_word' id='word_1_393' title='bbox 1550 3686 1604 3739; x_wconf 90' lang='lat' dir='ltr'><strong>in</strong></span> <span class='ocrx_word' id='word_1_394' title='bbox 1653 3685 1792 3751; x_wconf 91' lang='lat' dir='ltr'><strong>illis,</strong></span> <span class='ocrx_word' id='word_1_395' title='bbox 1841 3699 1965 3752; x_wconf 64' lang='lat' dir='ltr'><strong>quae</strong></span> 
     </span>
    </p>
   </div>
   <div class='ocr_carea' id='block_1_57' title="bbox 392 3774 1964 3849">
    <p class='ocr_par' dir='ltr' id='par_1_57' title="bbox 392 3774 1964 3849">
     <span class='ocr_line' id='line_1_57' title="bbox 392 3774 1964 3849; baseline -0.006 -14"><span class='ocrx_word' id='word_1_396' title='bbox 392 3779 643 3835; x_wconf 84' lang='lat' dir='ltr'><strong>accidere</strong></span> <span class='ocrx_word' id='word_1_397' title='bbox 688 3778 881 3849; x_wconf 86' lang='lat' dir='ltr'><strong>prius,</strong></span> <span class='ocrx_word' id='word_1_398' title='bbox 937 3777 1256 3847; x_wconf 85' lang='lat' dir='ltr'><strong>impeditum</strong></span> <span class='ocrx_word' id='word_1_399' title='bbox 1309 3792 1415 3831; x_wconf 91' lang='lat' dir='ltr'><strong>non</strong></span> <span class='ocrx_word' id='word_1_400' title='bbox 1464 3776 1663 3837; x_wconf 88' lang='lat' dir='ltr'><strong>fuerit,</strong></span> <span class='ocrx_word' id='word_1_401' title='bbox 1722 3774 1774 3827; x_wconf 80' lang='lat' dir='ltr'><strong>id</strong></span> <span class='ocrx_word' id='word_1_402' title='bbox 1835 3788 1964 3827; x_wconf 83' lang='lat' dir='ltr'><strong>vero</strong></span> 
     </span>
    </p>
   </div>
   <div class='ocr_carea' id='block_1_58' title="bbox 392 3858 1960 3934">
    <p class='ocr_par' dir='ltr' id='par_1_58' title="bbox 392 3858 1960 3934">
     <span class='ocr_line' id='line_1_58' title="bbox 392 3858 1960 3934; baseline -0.005 -7"><span class='ocrx_word' id='word_1_403' title='bbox 392 3871 667 3928; x_wconf 82' lang='lat' dir='ltr'><strong>hominem</strong></span> <span class='ocrx_word' id='word_1_404' title='bbox 718 3880 828 3926; x_wconf 89' lang='lat' dir='ltr'><strong>tam</strong></span> <span class='ocrx_word' id='word_1_405' title='bbox 887 3858 1241 3925; x_wconf 79' lang='lat' dir='ltr'><strong>immodicum</strong></span> <span class='ocrx_word' id='word_1_406' title='bbox 1314 3868 1379 3921; x_wconf 88' lang='lat' dir='ltr'><strong>ad</strong></span> <span class='ocrx_word' id='word_1_407' title='bbox 1430 3868 1634 3920; x_wconf 81' lang='lat' dir='ltr'><strong>fastum</strong></span> <span class='ocrx_word' id='word_1_408' title='bbox 1694 3866 1960 3934; x_wconf 79' lang='lat' dir='ltr'><strong>provexit.</strong></span> 
     </span>
    </p>
   </div>
   <div class='ocr_carea' id='block_1_59' title="bbox 390 3959 1961 4031">
    <p class='ocr_par' dir='ltr' id='par_1_59' title="bbox 390 3959 1961 4031">
     <span class='ocr_line' id='line_1_59' title="bbox 390 3959 1961 4031; baseline -0.004 -13"><span class='ocrx_word' id='word_1_409' title='bbox 390 3963 756 4030; x_wconf 78' lang='lat' dir='ltr'><strong>Quamobrem</strong></span> <span class='ocrx_word' id='word_1_410' title='bbox 815 3970 874 4017; x_wconf 90' lang='lat' dir='ltr'><strong>ut</strong></span> <span class='ocrx_word' id='word_1_411' title='bbox 939 3963 1121 4031; x_wconf 91' lang='lat' dir='ltr'><strong>seipso</strong></span> <span class='ocrx_word' id='word_1_412' title='bbox 1184 3960 1442 4013; x_wconf 87' lang='lat' dir='ltr'><strong>reddatur</strong></span> <span class='ocrx_word' id='word_1_413' title='bbox 1514 3959 1746 4023; x_wconf 81' lang='lat' dir='ltr'><strong>melior,</strong></span> <span class='ocrx_word' id='word_1_414' title='bbox 1825 3973 1961 4013; x_wconf 90' lang='lat' dir='ltr'><strong>cou-</strong></span> 
     </span>
    </p>
   </div>
   <div class='ocr_carea' id='block_1_60' title="bbox 388 4051 1964 4121">
    <p class='ocr_par' dir='ltr' id='par_1_60' title="bbox 388 4051 1964 4121">
     <span class='ocr_line' id='line_1_60' title="bbox 388 4051 1964 4121; baseline -0.003 -11"><span class='ocrx_word' id='word_1_415' title='bbox 388 4054 539 4110; x_wconf 78' lang='lat' dir='ltr'><strong>venit</strong></span> <span class='ocrx_word' id='word_1_416' title='bbox 580 4053 765 4108; x_wconf 81' lang='lat' dir='ltr'><strong>forsan</strong></span> <span class='ocrx_word' id='word_1_417' title='bbox 797 4068 826 4105; x_wconf 90' lang='lat' dir='ltr'><strong>a</strong></span> <span class='ocrx_word' id='word_1_418' title='bbox 877 4052 1036 4106; x_wconf 88' lang='lat' dir='ltr'><strong>nobis</strong></span> <span class='ocrx_word' id='word_1_419' title='bbox 1074 4066 1290 4121; x_wconf 86' lang='lat' dir='ltr'><strong>quoque</strong></span> <span class='ocrx_word' id='word_1_420' title='bbox 1335 4051 1581 4106; x_wconf 86' lang='lat' dir='ltr'><strong>nonnihil</strong></span> <span class='ocrx_word' id='word_1_421' title='bbox 1624 4051 1865 4121; x_wconf 91' lang='lat' dir='ltr'><strong>suscipi,</strong></span> <span class='ocrx_word' id='word_1_422' title='bbox 1902 4059 1964 4105; x_wconf 88' lang='lat' dir='ltr'><strong>ut</strong></span> 
     </span>
    </p>
   </div>
   <div class='ocr_carea' id='block_1_61' title="bbox 390 4142 1962 4213">
    <p class='ocr_par' dir='ltr' id='par_1_61' title="bbox 390 4142 1962 4213">
     <span class='ocr_line' id='line_1_61' title="bbox 390 4142 1962 4213; baseline 0 -13"><span class='ocrx_word' id='word_1_423' title='bbox 390 4160 452 4200; x_wconf 90' lang='lat' dir='ltr'><strong>se</strong></span> <span class='ocrx_word' id='word_1_424' title='bbox 497 4143 772 4199; x_wconf 88' lang='lat' dir='ltr'><strong>hominem</strong></span> <span class='ocrx_word' id='word_1_425' title='bbox 808 4157 931 4197; x_wconf 87' lang='lat' dir='ltr'><strong>esse</strong></span> <span class='ocrx_word' id='word_1_426' title='bbox 960 4142 1177 4206; x_wconf 84' lang='lat' dir='ltr'><strong>discat,</strong></span> <span class='ocrx_word' id='word_1_427' title='bbox 1246 4143 1339 4213; x_wconf 88' lang='lat' dir='ltr'><strong>qui</strong></span> <span class='ocrx_word' id='word_1_428' title='bbox 1417 4144 1623 4198; x_wconf 90' lang='lat' dir='ltr'><strong>nullam</strong></span> <span class='ocrx_word' id='word_1_429' title='bbox 1696 4143 1962 4200; x_wconf 84' lang='lat' dir='ltr'><strong>adversus</strong></span> 
     </span>
    </p>
   </div>
   <div class='ocr_carea' id='block_1_62' title="bbox 387 4233 1960 4306">
    <p class='ocr_par' dir='ltr' id='par_1_62' title="bbox 387 4233 1960 4306">
     <span class='ocr_line' id='line_1_62' title="bbox 387 4233 1960 4306; baseline -0.001 -15"><span class='ocrx_word' id='word_1_430' title='bbox 387 4235 564 4291; x_wconf 89' lang='lat' dir='ltr'><strong>eidem</strong></span> <span class='ocrx_word' id='word_1_431' title='bbox 620 4233 865 4288; x_wconf 88' lang='lat' dir='ltr'><strong>addictos</strong></span> <span class='ocrx_word' id='word_1_432' title='bbox 897 4235 1176 4289; x_wconf 70' lang='lat' dir='ltr'><strong>sententia:</strong></span> <span class='ocrx_word' id='word_1_433' title='bbox 1196 4274 1209 4297; x_wconf 91' lang='lat'><strong>,</strong></span> <span class='ocrx_word' id='word_1_434' title='bbox 1242 4234 1615 4305; x_wconf 83' lang='lat' dir='ltr'><strong>dignitateque</strong></span> <span class='ocrx_word' id='word_1_435' title='bbox 1645 4250 1839 4306; x_wconf 89' lang='lat' dir='ltr'><strong>pares,</strong></span> <span class='ocrx_word' id='word_1_436' title='bbox 1876 4236 1960 4290; x_wconf 82' lang='lat' dir='ltr'><strong>vel</strong></span> 
     </span>
    </p>
   </div>
   <div class='ocr_carea' id='block_1_63' title="bbox 387 4325 1960 4396">
    <p class='ocr_par' dir='ltr' id='par_1_63' title="bbox 387 4325 1960 4396">
     <span class='ocr_line' id='line_1_63' title="bbox 387 4325 1960 4396; baseline 0 -17"><span class='ocrx_word' id='word_1_437' title='bbox 387 4325 604 4396; x_wconf 66' lang='lat' dir='ltr'><strong>injuriae</strong></span> <span class='ocrx_word' id='word_1_438' title='bbox 656 4325 742 4379; x_wconf 87' lang='lat' dir='ltr'><strong>vel</strong></span> <span class='ocrx_word' id='word_1_439' title='bbox 786 4325 1097 4395; x_wconf 78' lang='lat' dir='ltr'><strong>ignominiae</strong></span> <span class='ocrx_word' id='word_1_440' title='bbox 1159 4333 1488 4394; x_wconf 88' lang='lat' dir='ltr'><strong>potestatem</strong></span> <span class='ocrx_word' id='word_1_441' title='bbox 1548 4325 1766 4380; x_wconf 87' lang='lat' dir='ltr'><strong>habeat.</strong></span> <span class='ocrx_word' id='word_1_442' title='bbox 1819 4325 1960 4379; x_wconf 91' lang='lat' dir='ltr'><strong>Ecce</strong></span> 
     </span>
    </p>
   </div>
   <div class='ocr_carea' id='block_1_64' title="bbox 2081 1856 3663 1932">
    <p class='ocr_par' dir='ltr' id='par_1_64' title="bbox 2081 1856 3663 1932">
     <span class='ocr_line' id='line_1_64' title="bbox 2081 1856 3663 1932; baseline 0.007 -23"><span class='ocrx_word' id='word_1_443' title='bbox 2081 1856 2271 1927; x_wconf 84' lang='grc' dir='ltr'>λακήν.</span> <span class='ocrx_word' id='word_1_444' title='bbox 2315 1858 2460 1929; x_wconf 76' lang='grc' dir='ltr'>Πλὴν</span> <span class='ocrx_word' id='word_1_445' title='bbox 2488 1858 2623 1912; x_wconf 88' lang='grc' dir='ltr'><strong>ἀλλά</strong></span> <span class='ocrx_word' id='word_1_446' title='bbox 2657 1861 2797 1914; x_wconf 88' lang='grc' dir='ltr'>κατὰ</span> <span class='ocrx_word' id='word_1_447' title='bbox 2838 1861 2974 1914; x_wconf 84' lang='grc' dir='ltr'>Θεοῦ</span> <span class='ocrx_word' id='word_1_448' title='bbox 3004 1862 3184 1932; x_wconf 89' lang='grc' dir='ltr'>χάριν,</span> <span class='ocrx_word' id='word_1_449' title='bbox 3217 1864 3291 1927; x_wconf 82' lang='grc' dir='ltr'>ὡς</span> <span class='ocrx_word' id='word_1_450' title='bbox 3318 1867 3367 1917; x_wconf 89' lang='grc' dir='ltr'><strong>οί</strong></span> <span class='ocrx_word' id='word_1_451' title='bbox 3401 1866 3507 1918; x_wconf 79' lang='grc' dir='ltr'><strong>ἀπὸ</strong></span> <span class='ocrx_word' id='word_1_452' title='bbox 3534 1866 3663 1920; x_wconf 78' lang='grc' dir='ltr'>κλύ-</span> 
     </span>
    </p>
   </div>
   <div class='ocr_carea' id='block_1_65' title="bbox 2078 1947 3661 2024">
    <p class='ocr_par' dir='ltr' id='par_1_65' title="bbox 2078 1947 3661 2024">
     <span class='ocr_line' id='line_1_65' title="bbox 2078 1947 3661 2024; baseline 0.006 -24"><span class='ocrx_word' id='word_1_453' title='bbox 2078 1948 2243 2009; x_wconf 86' lang='grc' dir='ltr'>δωνος</span> <span class='ocrx_word' id='word_1_454' title='bbox 2287 1947 2319 2017; x_wconf 82' lang='grc' dir='ltr'>ἢ</span> <span class='ocrx_word' id='word_1_455' title='bbox 2370 1949 2626 2016; x_wconf 85' lang='grc' dir='ltr'>ναυαγίου</span> <span class='ocrx_word' id='word_1_456' title='bbox 2675 1951 3091 2020; x_wconf 81' lang='grc' dir='ltr'>περισωθέντες,</span> <span class='ocrx_word' id='word_1_457' title='bbox 3139 1952 3364 2021; x_wconf 83' lang='grc' dir='ltr'>ἄσμενοι</span> <span class='ocrx_word' id='word_1_458' title='bbox 3404 1954 3499 2024; x_wconf 85' lang='grc' dir='ltr'>τὴν</span> <span class='ocrx_word' id='word_1_459' title='bbox 3534 1972 3661 2009; x_wconf 88' lang='grc' dir='ltr'>συν-</span> 
     </span>
    </p>
   </div>
   <div class='ocr_carea' id='block_1_66' title="bbox 2079 2037 3660 2116">
    <p class='ocr_par' dir='ltr' id='par_1_66' title="bbox 2079 2037 3660 2116">
     <span class='ocr_line' id='line_1_66' title="bbox 2079 2037 3660 2116; baseline 0.007 -26"><span class='ocrx_word' id='word_1_460' title='bbox 2079 2038 2226 2091; x_wconf 84' lang='grc' dir='ltr'>οδίαν</span> <span class='ocrx_word' id='word_1_461' title='bbox 2275 2037 2438 2109; x_wconf 84' lang='grc' dir='ltr'>ἡμῶν</span> <span class='ocrx_word' id='word_1_462' title='bbox 2484 2038 2887 2110; x_wconf 76' lang='grc' dir='ltr'>κατελάϐομενο</span> <span class='ocrx_word' id='word_1_463' title='bbox 2927 2041 3020 2094; x_wconf 77' lang='lat' dir='ltr'><strong>xal.</strong></span> <span class='ocrx_word' id='word_1_464' title='bbox 3072 2041 3518 2112; x_wconf 81' lang='grc' dir='ltr'>ἀναπαυσάμενοι</span> <span class='ocrx_word' id='word_1_465' title='bbox 3558 2046 3660 2116; x_wconf 82' lang='grc' dir='ltr'>τὴν</span> 
     </span>
    </p>
   </div>
   <div class='ocr_carea' id='block_1_67' title="bbox 2077 2130 3659 2207">
    <p class='ocr_par' dir='ltr' id='par_1_67' title="bbox 2077 2130 3659 2207">
     <span class='ocr_line' id='line_1_67' title="bbox 2077 2130 3659 2207; baseline 0.005 -25"><span class='ocrx_word' id='word_1_466' title='bbox 2077 2130 2249 2182; x_wconf 81' lang='grc' dir='ltr'>νύκτα</span> <span class='ocrx_word' id='word_1_467' title='bbox 2299 2130 2435 2201; x_wconf 83' lang='grc' dir='ltr'>μετὰ</span> <span class='ocrx_word' id='word_1_468' title='bbox 2486 2130 2752 2201; x_wconf 83' lang='grc' dir='ltr'>ἀλλήλων,</span> <span class='ocrx_word' id='word_1_469' title='bbox 2788 2131 2989 2195; x_wconf 81' lang='grc' dir='ltr'>ζῶντες</span> <span class='ocrx_word' id='word_1_470' title='bbox 3033 2132 3193 2203; x_wconf 87' lang='grc' dir='ltr'>μέχρι</span> <span class='ocrx_word' id='word_1_471' title='bbox 3235 2134 3346 2186; x_wconf 84' lang='grc' dir='ltr'>τῶν</span> <span class='ocrx_word' id='word_1_472' title='bbox 3375 2136 3659 2207; x_wconf 78' lang='grc' dir='ltr'>ἡμετέρων</span> 
     </span>
    </p>
   </div>
   <div class='ocr_carea' id='block_1_68' title="bbox 2077 2221 3658 2298">
    <p class='ocr_par' dir='ltr' id='par_1_68' title="bbox 2077 2221 3658 2298">
     <span class='ocr_line' id='line_1_68' title="bbox 2077 2221 3658 2298; baseline 0.006 -25"><span class='ocrx_word' id='word_1_473' title='bbox 2077 2221 2413 2292; x_wconf 85' lang='grc' dir='ltr'>διεσώθημεν</span> <span class='ocrx_word' id='word_1_474' title='bbox 2475 2224 2656 2276; x_wconf 89' lang='grc' dir='ltr'>τόπων</span> <span class='ocrx_word' id='word_1_475' title='bbox 2684 2240 2697 2253; x_wconf 75' lang='grc' dir='ltr'><strong><em>ο</em></strong></span> <span class='ocrx_word' id='word_1_476' title='bbox 2757 2223 2914 2279; x_wconf 87' lang='grc' dir='ltr'>τοῦτο</span> <span class='ocrx_word' id='word_1_477' title='bbox 2982 2225 3381 2296; x_wconf 87' lang='grc' dir='ltr'>προσλαϐόντες</span> <span class='ocrx_word' id='word_1_478' title='bbox 3436 2228 3500 2281; x_wconf 86' lang='grc' dir='ltr'><strong>ἐκ</strong></span> <span class='ocrx_word' id='word_1_479' title='bbox 3559 2229 3658 2298; x_wconf 85' lang='grc' dir='ltr'>τῆς</span> 
     </span>
    </p>
   </div>
   <div class='ocr_carea' id='block_1_69' title="bbox 2083 2314 3653 2392">
    <p class='ocr_par' dir='ltr' id='par_1_69' title="bbox 2083 2314 3653 2392">
     <span class='ocr_line' id='line_1_69' title="bbox 2083 2314 3653 2392; baseline 0.004 -27"><span class='ocrx_word' id='word_1_480' title='bbox 2083 2314 2394 2384; x_wconf 85' lang='grc' dir='ltr'>συντυχίας,</span> <span class='ocrx_word' id='word_1_481' title='bbox 2432 2315 2513 2367; x_wconf 84' lang='grc' dir='ltr'><strong>ὅτι</strong></span> <span class='ocrx_word' id='word_1_482' title='bbox 2560 2316 2774 2369; x_wconf 87' lang='grc' dir='ltr'>πάντων</span> <span class='ocrx_word' id='word_1_483' title='bbox 2810 2317 2918 2369; x_wconf 88' lang='grc' dir='ltr'>τῶν</span> <span class='ocrx_word' id='word_1_484' title='bbox 2957 2318 3219 2388; x_wconf 87' lang='grc' dir='ltr'>πρότερον</span> <span class='ocrx_word' id='word_1_485' title='bbox 3269 2320 3587 2388; x_wconf 77' lang='grc' dir='ltr'>γεγονότων,</span> <span class='ocrx_word' id='word_1_486' title='bbox 3618 2322 3653 2392; x_wconf 79' lang='grc' dir='ltr'><strong>ἡ</strong></span> 
     </span>
    </p>
   </div>
   <div class='ocr_carea' id='block_1_70' title="bbox 2080 2403 3657 2481">
    <p class='ocr_par' dir='ltr' id='par_1_70' title="bbox 2080 2403 3657 2481">
     <span class='ocr_line' id='line_1_70' title="bbox 2080 2403 3657 2481; baseline 0.006 -26"><span class='ocrx_word' id='word_1_487' title='bbox 2080 2403 2309 2474; x_wconf 75' lang='grc' dir='ltr'>ἔναγχος</span> <span class='ocrx_word' id='word_1_488' title='bbox 2338 2405 2604 2476; x_wconf 85' lang='grc' dir='ltr'>γενομένη</span> <span class='ocrx_word' id='word_1_489' title='bbox 2637 2406 2755 2459; x_wconf 89' lang='grc' dir='ltr'>καθ’</span> <span class='ocrx_word' id='word_1_490' title='bbox 2791 2407 2948 2477; x_wconf 83' lang='grc' dir='ltr'>ἡμῶν</span> <span class='ocrx_word' id='word_1_491' title='bbox 2974 2407 3132 2480; x_wconf 75' lang='grc' dir='ltr'>ὕϐρις</span> <span class='ocrx_word' id='word_1_492' title='bbox 3164 2409 3260 2480; x_wconf 78' lang='grc' dir='ltr'>τὴν</span> <span class='ocrx_word' id='word_1_493' title='bbox 3313 2411 3535 2481; x_wconf 86' lang='grc' dir='ltr'>μνήμην</span> <span class='ocrx_word' id='word_1_494' title='bbox 3566 2412 3657 2465; x_wconf 80' lang='grc' dir='ltr'>ἀν-</span> 
     </span>
    </p>
   </div>
   <div class='ocr_carea' id='block_1_71' title="bbox 2075 2494 3655 2574">
    <p class='ocr_par' dir='ltr' id='par_1_71' title="bbox 2075 2494 3655 2574">
     <span class='ocr_line' id='line_1_71' title="bbox 2075 2494 3655 2574; baseline 0.006 -28"><span class='ocrx_word' id='word_1_495' title='bbox 2075 2494 2360 2549; x_wconf 83' lang='grc' dir='ltr'>ενεώσατο.</span> <span class='ocrx_word' id='word_1_496' title='bbox 2397 2498 2508 2550; x_wconf 80' lang='grc' dir='ltr'>Καί</span> <span class='ocrx_word' id='word_1_497' title='bbox 2549 2516 2628 2553; x_wconf 84' lang='grc' dir='ltr'><strong>τοι</strong></span> <span class='ocrx_word' id='word_1_498' title='bbox 2669 2498 3092 2570; x_wconf 60' lang='grc' dir='ltr'>ἀναγκαζόμεθα</span> <span class='ocrx_word' id='word_1_499' title='bbox 3142 2500 3325 2554; x_wconf 84' lang='grc' dir='ltr'>λοιπὸν</span> <span class='ocrx_word' id='word_1_500' title='bbox 3375 2503 3471 2555; x_wconf 77' lang='grc' dir='ltr'><strong>καὶ</strong></span> <span class='ocrx_word' id='word_1_501' title='bbox 3515 2504 3655 2574; x_wconf 80' lang='grc' dir='ltr'>ὑπὲρ</span> 
     </span>
    </p>
   </div>
   <div class='ocr_carea' id='block_1_72' title="bbox 2072 2583 3650 2660">
    <p class='ocr_par' dir='ltr' id='par_1_72' title="bbox 2072 2583 3650 2660">
     <span class='ocr_line' id='line_1_72' title="bbox 2072 2583 3650 2660; baseline 0.007 -25"><span class='ocrx_word' id='word_1_502' title='bbox 2072 2583 2230 2653; x_wconf 85' lang='grc' dir='ltr'>ἡμῶν</span> <span class='ocrx_word' id='word_1_503' title='bbox 2272 2585 2692 2655; x_wconf 83' lang='grc' dir='ltr'>βουλεύσασθαι·</span> <span class='ocrx_word' id='word_1_504' title='bbox 2732 2588 2931 2658; x_wconf 80' lang='grc' dir='ltr'>μᾶλλον</span> <span class='ocrx_word' id='word_1_505' title='bbox 2954 2589 3012 2641; x_wconf 87' lang='grc' dir='ltr'>δὲ</span> <span class='ocrx_word' id='word_1_506' title='bbox 3058 2589 3198 2660; x_wconf 81' lang='grc' dir='ltr'>ὑπὲρ</span> <span class='ocrx_word' id='word_1_507' title='bbox 3229 2590 3392 2643; x_wconf 85' lang='grc' dir='ltr'>αὐτοῦ</span> <span class='ocrx_word' id='word_1_508' title='bbox 3422 2592 3650 2646; x_wconf 85' lang='grc' dir='ltr'>ἐκείνου.</span> 
     </span>
    </p>
   </div>
   <div class='ocr_carea' id='block_1_73' title="bbox 2073 2673 3654 2751">
    <p class='ocr_par' dir='ltr' id='par_1_73' title="bbox 2073 2673 3654 2751">
     <span class='ocr_line' id='line_1_73' title="bbox 2073 2673 3654 2751; baseline 0.007 -26"><span class='ocrx_word' id='word_1_509' title='bbox 2073 2673 2146 2725; x_wconf 87' lang='grc' dir='ltr'><strong>Τὸ</strong></span> <span class='ocrx_word' id='word_1_510' title='bbox 2172 2674 2281 2745; x_wconf 79' lang='grc' dir='ltr'>γὰρ</span> <span class='ocrx_word' id='word_1_511' title='bbox 2314 2675 2388 2747; x_wconf 87' lang='grc' dir='ltr'>μὴ</span> <span class='ocrx_word' id='word_1_512' title='bbox 2412 2677 2753 2743; x_wconf 81' lang='grc' dir='ltr'>ἀνακοπῆναι</span> <span class='ocrx_word' id='word_1_513' title='bbox 2788 2678 2886 2749; x_wconf 82' lang='grc' dir='ltr'>τὴν</span> <span class='ocrx_word' id='word_1_514' title='bbox 2913 2678 3077 2731; x_wconf 86' lang='grc' dir='ltr'>αὐτοῦ</span> <span class='ocrx_word' id='word_1_515' title='bbox 3102 2681 3419 2751; x_wconf 86' lang='grc' dir='ltr'>προαίρεσιν</span> <span class='ocrx_word' id='word_1_516' title='bbox 3450 2682 3509 2735; x_wconf 80' lang='grc' dir='ltr'>ἐν</span> <span class='ocrx_word' id='word_1_517' title='bbox 3539 2685 3654 2748; x_wconf 87' lang='grc' dir='ltr'>τοῖς</span> 
     </span>
    </p>
   </div>
   <div class='ocr_carea' id='block_1_74' title="bbox 2073 2765 3651 2843">
    <p class='ocr_par' dir='ltr' id='par_1_74' title="bbox 2073 2765 3651 2843">
     <span class='ocr_line' id='line_1_74' title="bbox 2073 2765 3651 2843; baseline 0.007 -27"><span class='ocrx_word' id='word_1_518' title='bbox 2073 2765 2336 2837; x_wconf 87' lang='grc' dir='ltr'>πρότερον</span> <span class='ocrx_word' id='word_1_519' title='bbox 2375 2770 2776 2839; x_wconf 84' lang='grc' dir='ltr'>γεγενημένοις,</span> <span class='ocrx_word' id='word_1_520' title='bbox 2822 2771 2902 2833; x_wconf 86' lang='grc' dir='ltr'><strong>είς</strong></span> <span class='ocrx_word' id='word_1_521' title='bbox 2929 2770 3134 2840; x_wconf 87' lang='grc' dir='ltr'>ταύτην</span> <span class='ocrx_word' id='word_1_522' title='bbox 3157 2771 3323 2825; x_wconf 83' lang='grc' dir='ltr'>αὐτὸν</span> <span class='ocrx_word' id='word_1_523' title='bbox 3360 2774 3531 2843; x_wconf 77' lang='grc' dir='ltr'>ἡγαγε</span> <span class='ocrx_word' id='word_1_524' title='bbox 3554 2773 3651 2828; x_wconf 85' lang='grc' dir='ltr'><strong>τοῦ</strong></span> 
     </span>
    </p>
   </div>
   <div class='ocr_carea' id='block_1_75' title="bbox 2070 2856 3651 2931">
    <p class='ocr_par' dir='ltr' id='par_1_75' title="bbox 2070 2856 3651 2931">
     <span class='ocr_line' id='line_1_75' title="bbox 2070 2856 3651 2931; baseline 0.008 -23"><span class='ocrx_word' id='word_1_525' title='bbox 2070 2856 2241 2926; x_wconf 81' lang='grc' dir='ltr'>τύφου</span> <span class='ocrx_word' id='word_1_526' title='bbox 2275 2859 2375 2930; x_wconf 83' lang='grc' dir='ltr'>τὴν</span> <span class='ocrx_word' id='word_1_527' title='bbox 2409 2860 2693 2931; x_wconf 83' lang='grc' dir='ltr'>ἀμετρίαν.</span> <span class='ocrx_word' id='word_1_528' title='bbox 2735 2861 2943 2916; x_wconf 82' lang='grc' dir='ltr'>Οὐκοῦν</span> <span class='ocrx_word' id='word_1_529' title='bbox 2971 2863 3048 2926; x_wconf 86' lang='grc' dir='ltr'>ὡς</span> <span class='ocrx_word' id='word_1_530' title='bbox 3088 2863 3154 2918; x_wconf 82' lang='grc' dir='ltr'>ἂν</span> <span class='ocrx_word' id='word_1_531' title='bbox 3183 2865 3435 2930; x_wconf 87' lang='grc' dir='ltr'>κάκεῖνος</span> <span class='ocrx_word' id='word_1_532' title='bbox 3455 2866 3651 2920; x_wconf 81' lang='grc' dir='ltr'>ἑαυτοῦ</span> 
     </span>
    </p>
   </div>
   <div class='ocr_carea' id='block_1_76' title="bbox 2072 2947 3651 3027">
    <p class='ocr_par' dir='ltr' id='par_1_76' title="bbox 2072 2947 3651 3027">
     <span class='ocr_line' id='line_1_76' title="bbox 2072 2947 3651 3027; baseline 0.008 -29"><span class='ocrx_word' id='word_1_533' title='bbox 2072 2947 2279 3014; x_wconf 84' lang='grc' dir='ltr'>γένοιτο</span> <span class='ocrx_word' id='word_1_534' title='bbox 2314 2948 2595 3018; x_wconf 84' lang='grc' dir='ltr'>κρείττων,</span> <span class='ocrx_word' id='word_1_535' title='bbox 2627 2951 2765 3020; x_wconf 88' lang='grc' dir='ltr'>τάχα</span> <span class='ocrx_word' id='word_1_536' title='bbox 2803 2969 2854 3004; x_wconf 87' lang='grc' dir='ltr'><strong>τι</strong></span> <span class='ocrx_word' id='word_1_537' title='bbox 2895 2954 3161 3024; x_wconf 85' lang='grc' dir='ltr'>προσήκει</span> <span class='ocrx_word' id='word_1_538' title='bbox 3196 2955 3289 3008; x_wconf 81' lang='grc' dir='ltr'>καὶ</span> <span class='ocrx_word' id='word_1_539' title='bbox 3338 2956 3466 3027; x_wconf 81' lang='grc' dir='ltr'>παρ’</span> <span class='ocrx_word' id='word_1_540' title='bbox 3491 2957 3651 3026; x_wconf 82' lang='grc' dir='ltr'>ἡμῶν</span> 
     </span>
    </p>
   </div>
   <div class='ocr_carea' id='block_1_77' title="bbox 2072 3039 3651 3118">
    <p class='ocr_par' dir='ltr' id='par_1_77' title="bbox 2072 3039 3651 3118">
     <span class='ocr_line' id='line_1_77' title="bbox 2072 3039 3651 3118; baseline 0.008 -28"><span class='ocrx_word' id='word_1_541' title='bbox 2072 3039 2343 3106; x_wconf 85' lang='grc' dir='ltr'>γενέσθαι,</span> <span class='ocrx_word' id='word_1_542' title='bbox 2389 3039 2463 3104; x_wconf 85' lang='grc' dir='ltr'>ὡς</span> <span class='ocrx_word' id='word_1_543' title='bbox 2493 3041 2559 3094; x_wconf 86' lang='grc' dir='ltr'>ἂν</span> <span class='ocrx_word' id='word_1_544' title='bbox 2591 3040 2737 3113; x_wconf 82' lang='grc' dir='ltr'>μάθῃ</span> <span class='ocrx_word' id='word_1_545' title='bbox 2781 3043 3067 3115; x_wconf 77' lang='grc' dir='ltr'>ἄνθρωπος</span> <span class='ocrx_word' id='word_1_546' title='bbox 3114 3044 3211 3112; x_wconf 83' lang='grc' dir='ltr'><strong>ὢν,</strong></span> <span class='ocrx_word' id='word_1_547' title='bbox 3251 3048 3345 3101; x_wconf 76' lang='grc' dir='ltr'>καὶ</span> <span class='ocrx_word' id='word_1_548' title='bbox 3393 3048 3651 3118; x_wconf 78' lang='grc' dir='ltr'>οὐδεμίαν</span> 
     </span>
    </p>
   </div>
   <div class='ocr_carea' id='block_1_78' title="bbox 2072 3132 3647 3211">
    <p class='ocr_par' dir='ltr' id='par_1_78' title="bbox 2072 3132 3647 3211">
     <span class='ocr_line' id='line_1_78' title="bbox 2072 3132 3647 3211; baseline 0.008 -28"><span class='ocrx_word' id='word_1_549' title='bbox 2072 3132 2213 3185; x_wconf 88' lang='grc' dir='ltr'><strong>κατά</strong></span> <span class='ocrx_word' id='word_1_550' title='bbox 2257 3132 2364 3184; x_wconf 84' lang='grc' dir='ltr'><strong>τῶν</strong></span> <span class='ocrx_word' id='word_1_551' title='bbox 2406 3134 2721 3204; x_wconf 76' lang='grc' dir='ltr'>ὀμοφρόνων</span> <span class='ocrx_word' id='word_1_552' title='bbox 2757 3154 2818 3190; x_wconf 87' lang='grc' dir='ltr'><strong>τε</strong></span> <span class='ocrx_word' id='word_1_553' title='bbox 2861 3137 2956 3189; x_wconf 79' lang='grc' dir='ltr'>καὶ</span> <span class='ocrx_word' id='word_1_554' title='bbox 3010 3138 3289 3209; x_wconf 83' lang='grc' dir='ltr'>ὁμοτίμων</span> <span class='ocrx_word' id='word_1_555' title='bbox 3332 3138 3541 3211; x_wconf 80' lang='grc' dir='ltr'>ὕϐρεώς</span> <span class='ocrx_word' id='word_1_556' title='bbox 3586 3159 3647 3196; x_wconf 77' lang='grc' dir='ltr'><strong>τε</strong></span> 
     </span>
    </p>
   </div>
   <div class='ocr_carea' id='block_1_79' title="bbox 2069 3223 3645 3303">
    <p class='ocr_par' dir='ltr' id='par_1_79' title="bbox 2069 3223 3645 3303">
     <span class='ocr_line' id='line_1_79' title="bbox 2069 3223 3645 3303; baseline 0.007 -27"><span class='ocrx_word' id='word_1_557' title='bbox 2069 3224 2163 3276; x_wconf 75' lang='grc' dir='ltr'><strong>καὶ</strong></span> <span class='ocrx_word' id='word_1_558' title='bbox 2193 3223 2416 3292; x_wconf 85' lang='grc' dir='ltr'>ἀτιμίας</span> <span class='ocrx_word' id='word_1_559' title='bbox 2455 3225 2556 3296; x_wconf 81' lang='grc' dir='ltr'><strong>τὴν</strong></span> <span class='ocrx_word' id='word_1_560' title='bbox 2602 3227 2883 3281; x_wconf 88' lang='grc' dir='ltr'>αὐθεντίαν</span> <span class='ocrx_word' id='word_1_561' title='bbox 2929 3228 3087 3299; x_wconf 77' lang='grc' dir='ltr'>ἔχων.</span> <span class='ocrx_word' id='word_1_562' title='bbox 3138 3231 3269 3284; x_wconf 75' lang='grc' dir='ltr'>Ἰδοὺ</span> <span class='ocrx_word' id='word_1_563' title='bbox 3303 3232 3409 3303; x_wconf 89' lang='grc' dir='ltr'><strong>γάρ</strong></span> <span class='ocrx_word' id='word_1_564' title='bbox 3451 3232 3645 3302; x_wconf 84' lang='grc' dir='ltr'>ἀληθὲς</span> 
     </span>
    </p>
   </div>
   <div class='ocr_carea' id='block_1_80' title="bbox 2067 3310 3646 3394">
    <p class='ocr_par' dir='ltr' id='par_1_80' title="bbox 2067 3310 3646 3394">
     <span class='ocr_line' id='line_1_80' title="bbox 2067 3310 3646 3394; baseline 0.007 -28"><span class='ocrx_word' id='word_1_565' title='bbox 2067 3310 2204 3367; x_wconf 83' lang='grc' dir='ltr'>εἶναι</span> <span class='ocrx_word' id='word_1_566' title='bbox 2232 3315 2483 3381; x_wconf 84' lang='grc' dir='ltr'>δεδόσθω,</span> <span class='ocrx_word' id='word_1_567' title='bbox 2507 3316 2670 3388; x_wconf 85' lang='grc' dir='ltr'>(λέγω</span> <span class='ocrx_word' id='word_1_568' title='bbox 2703 3318 2824 3372; x_wconf 83' lang='grc' dir='ltr'>καθ’</span> <span class='ocrx_word' id='word_1_569' title='bbox 2853 3320 3130 3387; x_wconf 85' lang='grc' dir='ltr'>ὑπόθεσιν)</span> <span class='ocrx_word' id='word_1_570' title='bbox 3157 3324 3484 3393; x_wconf 82' lang='grc' dir='ltr'>γεγενῆσθαι</span> <span class='ocrx_word' id='word_1_571' title='bbox 3514 3324 3646 3394; x_wconf 82' lang='grc' dir='ltr'>παρ’</span> 
     </span>
    </p>
   </div>
   <div class='ocr_carea' id='block_1_81' title="bbox 2068 3404 3639 3484">
    <p class='ocr_par' dir='ltr' id='par_1_81' title="bbox 2068 3404 3639 3484">
     <span class='ocr_line' id='line_1_81' title="bbox 2068 3404 3639 3484; baseline 0.007 -28"><span class='ocrx_word' id='word_1_572' title='bbox 2068 3404 2201 3473; x_wconf 87' lang='grc' dir='ltr'>ἐμοῦ</span> <span class='ocrx_word' id='word_1_573' title='bbox 2243 3423 2295 3457; x_wconf 91' lang='grc' dir='ltr'><strong>τι</strong></span> <span class='ocrx_word' id='word_1_574' title='bbox 2338 3404 2579 3477; x_wconf 84' lang='grc' dir='ltr'>λυπηρὸν</span> <span class='ocrx_word' id='word_1_575' title='bbox 2619 3408 2738 3462; x_wconf 88' lang='grc' dir='ltr'>κατ’</span> <span class='ocrx_word' id='word_1_576' title='bbox 2769 3410 2976 3462; x_wconf 84' lang='grc' dir='ltr'>ἐκείνου</span> <span class='ocrx_word' id='word_1_577' title='bbox 3002 3428 3016 3441; x_wconf 86' lang='grc'><strong>·</strong></span> <span class='ocrx_word' id='word_1_578' title='bbox 3053 3415 3203 3465; x_wconf 86' lang='grc' dir='ltr'>ποῖον</span> <span class='ocrx_word' id='word_1_579' title='bbox 3250 3414 3478 3484; x_wconf 82' lang='grc' dir='ltr'>συνέστη</span> <span class='ocrx_word' id='word_1_580' title='bbox 3517 3413 3639 3467; x_wconf 83' lang='grc' dir='ltr'>καθ’</span> 
     </span>
    </p>
   </div>
   <div class='ocr_carea' id='block_1_82' title="bbox 2067 3495 3642 3576">
    <p class='ocr_par' dir='ltr' id='par_1_82' title="bbox 2067 3495 3642 3576">
     <span class='ocr_line' id='line_1_82' title="bbox 2067 3495 3642 3576; baseline 0.008 -29"><span class='ocrx_word' id='word_1_581' title='bbox 2067 3495 2220 3565; x_wconf 80' lang='grc' dir='ltr'>ἡμῶν</span> <span class='ocrx_word' id='word_1_582' title='bbox 2247 3496 2340 3549; x_wconf 78' lang='grc' dir='ltr'><strong>ἐπὶ</strong></span> <span class='ocrx_word' id='word_1_583' title='bbox 2380 3500 2493 3559; x_wconf 86' lang='grc' dir='ltr'>τοῖς</span> <span class='ocrx_word' id='word_1_584' title='bbox 2541 3500 2866 3569; x_wconf 80' lang='grc' dir='ltr'>γινομένοις,</span> <span class='ocrx_word' id='word_1_585' title='bbox 2913 3501 2945 3571; x_wconf 80' lang='grc' dir='ltr'>ἦ</span> <span class='ocrx_word' id='word_1_586' title='bbox 2989 3501 3405 3573; x_wconf 83' lang='grc' dir='ltr'>ὑπονοουμένοις</span> <span class='ocrx_word' id='word_1_587' title='bbox 3448 3508 3642 3576; x_wconf 78' lang='grc' dir='ltr'>κριτή-</span> 
     </span>
    </p>
   </div>
   <div class='ocr_carea' id='block_1_83' title="bbox 2070 3587 3643 3664">
    <p class='ocr_par' dir='ltr' id='par_1_83' title="bbox 2070 3587 3643 3664">
     <span class='ocr_line' id='line_1_83' title="bbox 2070 3587 3643 3664; baseline 0.007 -26"><span class='ocrx_word' id='word_1_588' title='bbox 2070 3603 2213 3655; x_wconf 88' lang='grc' dir='ltr'>ριον;</span> <span class='ocrx_word' id='word_1_589' title='bbox 2259 3587 2355 3651; x_wconf 87' lang='grc' dir='ltr'><strong>Τίς</strong></span> <span class='ocrx_word' id='word_1_590' title='bbox 2399 3588 2673 3654; x_wconf 85' lang='grc' dir='ltr'>ἀπόδειξις</span> <span class='ocrx_word' id='word_1_591' title='bbox 2715 3591 2813 3660; x_wconf 84' lang='grc' dir='ltr'><strong>τὴν</strong></span> <span class='ocrx_word' id='word_1_592' title='bbox 2865 3591 3077 3645; x_wconf 82' lang='grc' dir='ltr'>ἀδικίαν</span> <span class='ocrx_word' id='word_1_593' title='bbox 3130 3593 3433 3664; x_wconf 76' lang='grc' dir='ltr'>ἀπήλεγξε;</span> <span class='ocrx_word' id='word_1_594' title='bbox 3488 3597 3643 3661; x_wconf 84' lang='grc' dir='ltr'>Τίνες</span> 
     </span>
    </p>
   </div>
   <div class='ocr_carea' id='block_1_84' title="bbox 2068 3678 3641 3757">
    <p class='ocr_par' dir='ltr' id='par_1_84' title="bbox 2068 3678 3641 3757">
     <span class='ocr_line' id='line_1_84' title="bbox 2068 3678 3641 3757; baseline 0.006 -27"><span class='ocrx_word' id='word_1_595' title='bbox 2068 3678 2289 3743; x_wconf 85' lang='grc' dir='ltr'>κανόνες</span> <span class='ocrx_word' id='word_1_596' title='bbox 2347 3679 2469 3734; x_wconf 88' lang='grc' dir='ltr'>καθ’</span> <span class='ocrx_word' id='word_1_597' title='bbox 2522 3680 2681 3751; x_wconf 77' lang='grc' dir='ltr'>ἡμῶν</span> <span class='ocrx_word' id='word_1_598' title='bbox 2730 3682 3174 3750; x_wconf 88' lang='grc' dir='ltr'>ἀνεγνώσθησαν;</span> <span class='ocrx_word' id='word_1_599' title='bbox 3230 3684 3365 3738; x_wconf 78' lang='grc' dir='ltr'>Ποία</span> <span class='ocrx_word' id='word_1_600' title='bbox 3424 3685 3641 3757; x_wconf 73' lang='grc' dir='ltr'>ἔννομος</span> 
     </span>
    </p>
   </div>
   <div class='ocr_carea' id='block_1_85' title="bbox 2067 3772 3637 3849">
    <p class='ocr_par' dir='ltr' id='par_1_85' title="bbox 2067 3772 3637 3849">
     <span class='ocr_line' id='line_1_85' title="bbox 2067 3772 3637 3849; baseline 0.006 -27"><span class='ocrx_word' id='word_1_601' title='bbox 2067 3772 2365 3824; x_wconf 82' lang='grc' dir='ltr'>ἐπισκόπου</span> <span class='ocrx_word' id='word_1_602' title='bbox 2389 3773 2661 3841; x_wconf 74' lang='grc' dir='ltr'>ἀπόφασις</span> <span class='ocrx_word' id='word_1_603' title='bbox 2686 3773 2783 3844; x_wconf 83' lang='grc' dir='ltr'>τὴν</span> <span class='ocrx_word' id='word_1_604' title='bbox 2804 3776 2925 3828; x_wconf 83' lang='grc' dir='ltr'>καθ’</span> <span class='ocrx_word' id='word_1_605' title='bbox 2948 3777 2980 3846; x_wconf 79' lang='grc' dir='ltr'>ἡ</span> <span class='ocrx_word' id='word_1_606' title='bbox 2989 3776 3104 3846; x_wconf 86' lang='grc' dir='ltr'><strong>μῶν</strong></span> <span class='ocrx_word' id='word_1_607' title='bbox 3123 3777 3301 3848; x_wconf 86' lang='grc' dir='ltr'>κρίσιν</span> <span class='ocrx_word' id='word_1_608' title='bbox 3329 3778 3637 3849; x_wconf 75' lang='grc' dir='ltr'>ἐκύρωσενς</span> 
     </span>
    </p>
   </div>
   <div class='ocr_carea' id='block_1_86' title="bbox 2064 3863 3637 3937">
    <p class='ocr_par' dir='ltr' id='par_1_86' title="bbox 2064 3863 3637 3937">
     <span class='ocr_line' id='line_1_86' title="bbox 2064 3863 3637 3937; baseline 0.004 -22"><span class='ocrx_word' id='word_1_609' title='bbox 2064 3865 2126 3916; x_wconf 89' lang='grc' dir='ltr'><strong>Εἰ</strong></span> <span class='ocrx_word' id='word_1_610' title='bbox 2164 3863 2223 3916; x_wconf 86' lang='grc' dir='ltr'><strong>δέ</strong></span> <span class='ocrx_word' id='word_1_611' title='bbox 2252 3880 2304 3914; x_wconf 89' lang='grc' dir='ltr'><strong>τι</strong></span> <span class='ocrx_word' id='word_1_612' title='bbox 2347 3866 2439 3917; x_wconf 72' lang='grc' dir='ltr'><strong>καὶ</strong></span> <span class='ocrx_word' id='word_1_613' title='bbox 2486 3866 2728 3932; x_wconf 82' lang='grc' dir='ltr'>ἐγεγόνει</span> <span class='ocrx_word' id='word_1_614' title='bbox 2773 3866 2976 3919; x_wconf 83' lang='grc' dir='ltr'>τούτων</span> <span class='ocrx_word' id='word_1_615' title='bbox 3019 3868 3280 3937; x_wconf 80' lang='grc' dir='ltr'>ἐννόμως,</span> <span class='ocrx_word' id='word_1_616' title='bbox 3327 3870 3545 3934; x_wconf 84' lang='grc' dir='ltr'>πάντως</span> <span class='ocrx_word' id='word_1_617' title='bbox 3572 3870 3637 3924; x_wconf 82' lang='grc' dir='ltr'>ἂν</span> 
     </span>
    </p>
   </div>
   <div class='ocr_carea' id='block_1_87' title="bbox 2064 3953 3637 4029">
    <p class='ocr_par' dir='ltr' id='par_1_87' title="bbox 2064 3953 3637 4029">
     <span class='ocr_line' id='line_1_87' title="bbox 2064 3953 3637 4029; baseline 0.006 -24"><span class='ocrx_word' id='word_1_618' title='bbox 2064 3954 2192 4024; x_wconf 78' lang='grc' dir='ltr'>περὶ</span> <span class='ocrx_word' id='word_1_619' title='bbox 2219 3954 2310 4006; x_wconf 86' lang='grc' dir='ltr'>τὸν</span> <span class='ocrx_word' id='word_1_620' title='bbox 2352 3954 2555 4024; x_wconf 78' lang='grc' dir='ltr'>βαθμὸν</span> <span class='ocrx_word' id='word_1_621' title='bbox 2587 3956 2614 4007; x_wconf 82' lang='grc' dir='ltr'>ὁ</span> <span class='ocrx_word' id='word_1_622' title='bbox 2638 3956 2880 4019; x_wconf 86' lang='grc' dir='ltr'>κίνδυνος</span> <span class='ocrx_word' id='word_1_623' title='bbox 2915 3953 3001 4027; x_wconf 82' lang='grc' dir='ltr'><strong>ἦν.</strong></span> <span class='ocrx_word' id='word_1_624' title='bbox 3056 3959 3250 4029; x_wconf 85' lang='grc' dir='ltr'>Ὕϐριν</span> <span class='ocrx_word' id='word_1_625' title='bbox 3278 3959 3334 4012; x_wconf 81' lang='grc' dir='ltr'><strong>δὲ</strong></span> <span class='ocrx_word' id='word_1_626' title='bbox 3373 3961 3512 4013; x_wconf 80' lang='grc' dir='ltr'>κατὰ</span> <span class='ocrx_word' id='word_1_627' title='bbox 3530 3960 3637 4014; x_wconf 83' lang='grc' dir='ltr'>τῶν</span> 
     </span>
    </p>
   </div>
   <div class='ocr_carea' id='block_1_88' title="bbox 2062 4046 3634 4122">
    <p class='ocr_par' dir='ltr' id='par_1_88' title="bbox 2062 4046 3634 4122">
     <span class='ocr_line' id='line_1_88' title="bbox 2062 4046 3634 4122; baseline 0.003 -23"><span class='ocrx_word' id='word_1_628' title='bbox 2062 4046 2383 4118; x_wconf 86' lang='grc' dir='ltr'>ἐλευθέρων,</span> <span class='ocrx_word' id='word_1_629' title='bbox 2428 4049 2521 4100; x_wconf 79' lang='grc' dir='ltr'><strong>καὶ</strong></span> <span class='ocrx_word' id='word_1_630' title='bbox 2571 4048 2793 4118; x_wconf 81' lang='grc' dir='ltr'>ἀτιμίαν</span> <span class='ocrx_word' id='word_1_631' title='bbox 2836 4050 2977 4102; x_wconf 87' lang='grc' dir='ltr'>κατὰ</span> <span class='ocrx_word' id='word_1_632' title='bbox 3024 4051 3130 4104; x_wconf 85' lang='grc' dir='ltr'><strong>τῶν</strong></span> <span class='ocrx_word' id='word_1_633' title='bbox 3161 4051 3459 4122; x_wconf 85' lang='grc' dir='ltr'>ὁμοτίμων,</span> <span class='ocrx_word' id='word_1_634' title='bbox 3496 4055 3634 4105; x_wconf 88' lang='grc' dir='ltr'>ποῖοι</span> 
     </span>
    </p>
   </div>
   <div class='ocr_carea' id='block_1_89' title="bbox 2062 4140 3635 4215">
    <p class='ocr_par' dir='ltr' id='par_1_89' title="bbox 2062 4140 3635 4215">
     <span class='ocr_line' id='line_1_89' title="bbox 2062 4140 3635 4215; baseline 0.003 -23"><span class='ocrx_word' id='word_1_635' title='bbox 2062 4140 2286 4203; x_wconf 82' lang='grc' dir='ltr'>κανόνες</span> <span class='ocrx_word' id='word_1_636' title='bbox 2343 4140 2739 4211; x_wconf 84' lang='grc' dir='ltr'>ἐνομοθέτησαν</span> <span class='ocrx_word' id='word_1_637' title='bbox 2771 4158 2784 4206; x_wconf 91' lang='grc'>;</span> <span class='ocrx_word' id='word_1_638' title='bbox 2819 4145 3007 4214; x_wconf 85' lang='grc' dir='ltr'>Κρῖμα</span> <span class='ocrx_word' id='word_1_639' title='bbox 3050 4143 3257 4197; x_wconf 79' lang='grc' dir='ltr'>δίκαιον</span> <span class='ocrx_word' id='word_1_640' title='bbox 3306 4145 3545 4215; x_wconf 80' lang='grc' dir='ltr'>κρίνατε,</span> <span class='ocrx_word' id='word_1_641' title='bbox 3585 4146 3635 4197; x_wconf 80' lang='lat' dir='ltr'><strong>oi</strong></span> 
     </span>
    </p>
   </div>
   <div class='ocr_carea' id='block_1_90' title="bbox 2062 4231 3634 4306">
    <p class='ocr_par' dir='ltr' id='par_1_90' title="bbox 2062 4231 3634 4306">
     <span class='ocr_line' id='line_1_90' title="bbox 2062 4231 3634 4306; baseline 0.003 -23"><span class='ocrx_word' id='word_1_642' title='bbox 2062 4232 2196 4302; x_wconf 86' lang='grc' dir='ltr'>πρὸς</span> <span class='ocrx_word' id='word_1_643' title='bbox 2228 4231 2360 4285; x_wconf 73' lang='grc' dir='ltr'>Θεὸν</span> <span class='ocrx_word' id='word_1_644' title='bbox 2386 4232 2641 4302; x_wconf 77' lang='grc' dir='ltr'>ὁρῶντες,</span> <span class='ocrx_word' id='word_1_645' title='bbox 2672 4234 2729 4285; x_wconf 84' lang='grc' dir='ltr'><strong>ὲν</strong></span> <span class='ocrx_word' id='word_1_646' title='bbox 2757 4234 2863 4286; x_wconf 91' lang='grc' dir='ltr'>τίνι</span> <span class='ocrx_word' id='word_1_647' title='bbox 2901 4234 3244 4301; x_wconf 80' lang='grc' dir='ltr'>συγγνωστὸν</span> <span class='ocrx_word' id='word_1_648' title='bbox 3285 4235 3501 4304; x_wconf 80' lang='grc' dir='ltr'>ἡγεῖσθε</span> <span class='ocrx_word' id='word_1_649' title='bbox 3536 4237 3634 4306; x_wconf 82' lang='grc' dir='ltr'><strong>τὴν</strong></span> 
     </span>
    </p>
   </div>
   <div class='ocr_carea' id='block_1_91' title="bbox 2062 4321 3634 4395">
    <p class='ocr_par' dir='ltr' id='par_1_91' title="bbox 2062 4321 3634 4395">
     <span class='ocr_line' id='line_1_91' title="bbox 2062 4321 3634 4395; baseline 0.003 -21"><span class='ocrx_word' id='word_1_650' title='bbox 2062 4323 2181 4374; x_wconf 80' lang='grc' dir='ltr'>καθ’</span> <span class='ocrx_word' id='word_1_651' title='bbox 2204 4321 2358 4392; x_wconf 78' lang='grc' dir='ltr'>ἡμῶν</span> <span class='ocrx_word' id='word_1_652' title='bbox 2380 4321 2602 4391; x_wconf 85' lang='grc' dir='ltr'>ἀτιμίαν</span> <span class='ocrx_word' id='word_1_653' title='bbox 2624 4339 2637 4385; x_wconf 87' lang='grc'>;</span> <span class='ocrx_word' id='word_1_654' title='bbox 2664 4324 2723 4376; x_wconf 79' lang='grc' dir='ltr'><strong>ΕΞ</strong></span> <span class='ocrx_word' id='word_1_655' title='bbox 2749 4324 2887 4377; x_wconf 79' lang='grc' dir='ltr'>κατὰ</span> <span class='ocrx_word' id='word_1_656' title='bbox 2904 4323 3000 4394; x_wconf 78' lang='grc' dir='ltr'>τὴν</span> <span class='ocrx_word' id='word_1_657' title='bbox 3024 4324 3319 4395; x_wconf 78' lang='grc' dir='ltr'>ἱερωσύνην</span> <span class='ocrx_word' id='word_1_658' title='bbox 3341 4325 3400 4378; x_wconf 84' lang='grc' dir='ltr'><strong>τὸ</strong></span> <span class='ocrx_word' id='word_1_659' title='bbox 3420 4325 3634 4394; x_wconf 79' lang='grc' dir='ltr'>ἀξίωμα</span> 
     </span>
    </p>
   </div>
   <div class='ocr_carea' id='block_1_92' title="bbox 385 4412 1969 4487">
    <p class='ocr_par' dir='ltr' id='par_1_92' title="bbox 385 4415 1958 4487">
     <span class='ocr_line' id='line_1_92' title="bbox 385 4415 1958 4487; baseline -0.003 -14"><span class='ocrx_word' id='word_1_660' title='bbox 385 4417 569 4482; x_wconf 87' lang='lat' dir='ltr'><strong>enim,</strong></span> <span class='ocrx_word' id='word_1_661' title='bbox 613 4431 801 4483; x_wconf 76' lang='lat' dir='ltr'><strong>verum</strong></span> <span class='ocrx_word' id='word_1_662' title='bbox 846 4431 968 4471; x_wconf 91' lang='lat' dir='ltr'><strong>esse</strong></span> <span class='ocrx_word' id='word_1_663' title='bbox 1000 4415 1297 4485; x_wconf 72' lang='lat' dir='ltr'><strong>largiamur</strong></span> <span class='ocrx_word' id='word_1_664' title='bbox 1330 4416 1544 4487; x_wconf 89' lang='lat' dir='ltr'><strong>(dicam</strong></span> <span class='ocrx_word' id='word_1_665' title='bbox 1592 4416 1811 4486; x_wconf 87' lang='lat' dir='ltr'><strong>quidem</strong></span> <span class='ocrx_word' id='word_1_666' title='bbox 1857 4416 1958 4470; x_wconf 87' lang='lat' dir='ltr'><strong>sub</strong></span> 
     </span>
    </p>
   </div>
   <div class='ocr_carea' id='block_1_93' title="bbox 2072 4412 3633 4487">
    <p class='ocr_par' dir='ltr' id='par_1_93' title="bbox 2072 4412 3633 4485">
     <span class='ocr_line' id='line_1_93' title="bbox 2072 4412 3633 4485; baseline 0.003 -21"><span class='ocrx_word' id='word_1_667' title='bbox 2072 4414 2316 4482; x_wconf 72' lang='grc' dir='ltr'>κρίνοιτο,</span> <span class='ocrx_word' id='word_1_668' title='bbox 2345 4412 2433 4482; x_wconf 78' lang='grc' dir='ltr'>ἴση</span> <span class='ocrx_word' id='word_1_669' title='bbox 2465 4413 2614 4483; x_wconf 86' lang='grc' dir='ltr'><strong>παρά</strong></span> <span class='ocrx_word' id='word_1_670' title='bbox 2645 4413 2862 4466; x_wconf 84' lang='grc' dir='ltr'>συνόδου</span> <span class='ocrx_word' id='word_1_671' title='bbox 2892 4415 2985 4466; x_wconf 80' lang='grc' dir='ltr'><strong>καὶ</strong></span> <span class='ocrx_word' id='word_1_672' title='bbox 3027 4415 3125 4484; x_wconf 90' lang='grc' dir='ltr'><strong>μία</strong></span> <span class='ocrx_word' id='word_1_673' title='bbox 3150 4414 3369 4482; x_wconf 82' lang='grc' dir='ltr'>γέγονεν</span> <span class='ocrx_word' id='word_1_674' title='bbox 3395 4415 3633 4485; x_wconf 78' lang='grc' dir='ltr'>ἀμφοτέ-</span> 
     </span>
    </p>
   </div>
   <div class='ocr_carea' id='block_1_94' title="bbox 386 4507 1954 4579">
    <p class='ocr_par' dir='ltr' id='par_1_94' title="bbox 386 4507 1954 4579">
     <span class='ocr_line' id='line_1_94' title="bbox 386 4507 1954 4579; baseline -0.003 -14"><span class='ocrx_word' id='word_1_675' title='bbox 386 4508 733 4578; x_wconf 89' lang='lat' dir='ltr'><strong>conditione)</strong></span> <span class='ocrx_word' id='word_1_676' title='bbox 765 4507 1111 4578; x_wconf 78' lang='lat' dir='ltr'><strong>designatum</strong></span> <span class='ocrx_word' id='word_1_677' title='bbox 1151 4524 1182 4562; x_wconf 90' lang='lat' dir='ltr'><strong>a</strong></span> <span class='ocrx_word' id='word_1_678' title='bbox 1225 4523 1311 4564; x_wconf 91' lang='lat' dir='ltr'><strong>me</strong></span> <span class='ocrx_word' id='word_1_679' title='bbox 1339 4509 1596 4579; x_wconf 88' lang='lat' dir='ltr'><strong>quiddam</strong></span> <span class='ocrx_word' id='word_1_680' title='bbox 1629 4523 1772 4575; x_wconf 87' lang='lat' dir='ltr'><strong>esse,</strong></span> <span class='ocrx_word' id='word_1_681' title='bbox 1808 4508 1954 4577; x_wconf 90' lang='lat' dir='ltr'><strong>quod</strong></span> 
     </span>
    </p>
   </div>
   <div class='ocr_carea' id='block_1_95' title="bbox 383 4599 1952 4670">
    <p class='ocr_par' dir='ltr' id='par_1_95' title="bbox 383 4599 1952 4670">
     <span class='ocr_line' id='line_1_95' title="bbox 383 4599 1952 4670; baseline -0.003 -14"><span class='ocrx_word' id='word_1_682' title='bbox 383 4608 532 4656; x_wconf 85' lang='lat' dir='ltr'><strong>esset</strong></span> <span class='ocrx_word' id='word_1_683' title='bbox 563 4599 664 4670; x_wconf 88' lang='lat' dir='ltr'><strong>ipsi</strong></span> <span class='ocrx_word' id='word_1_684' title='bbox 691 4600 963 4669; x_wconf 87' lang='lat' dir='ltr'><strong>ingratum</strong></span> <span class='ocrx_word' id='word_1_685' title='bbox 991 4599 1387 4668; x_wconf 88' lang='lat' dir='ltr'><strong>molestumque</strong></span> <span class='ocrx_word' id='word_1_686' title='bbox 1416 4617 1428 4652; x_wconf 91' lang='lat'>:</span> <span class='ocrx_word' id='word_1_687' title='bbox 1455 4599 1729 4668; x_wconf 86' lang='lat' dir='ltr'><strong>quodnam</strong></span> <span class='ocrx_word' id='word_1_688' title='bbox 1760 4599 1952 4652; x_wconf 83' lang='lat' dir='ltr'><strong>adver-</strong></span> 
     </span>
    </p>
   </div>
   <div class='ocr_carea' id='block_1_96' title="bbox 384 4688 1952 4759">
    <p class='ocr_par' dir='ltr' id='par_1_96' title="bbox 384 4688 1952 4759">
     <span class='ocr_line' id='line_1_96' title="bbox 384 4688 1952 4759; baseline -0.003 -14"><span class='ocrx_word' id='word_1_689' title='bbox 384 4703 504 4745; x_wconf 88' lang='lat' dir='ltr'><strong>sum</strong></span> <span class='ocrx_word' id='word_1_690' title='bbox 549 4703 651 4744; x_wconf 90' lang='lat' dir='ltr'><strong>nos</strong></span> <span class='ocrx_word' id='word_1_691' title='bbox 693 4688 765 4743; x_wconf 93' lang='lat' dir='ltr'><strong>ob</strong></span> <span class='ocrx_word' id='word_1_692' title='bbox 809 4703 873 4744; x_wconf 89' lang='lat' dir='ltr'><strong>ea</strong></span> <span class='ocrx_word' id='word_1_693' title='bbox 904 4705 1024 4759; x_wconf 72' lang='lat' dir='ltr'><strong>quae</strong></span> <span class='ocrx_word' id='word_1_694' title='bbox 1081 4689 1165 4743; x_wconf 86' lang='lat' dir='ltr'><strong>vel</strong></span> <span class='ocrx_word' id='word_1_695' title='bbox 1215 4688 1362 4744; x_wconf 88' lang='lat' dir='ltr'><strong>facta</strong></span> <span class='ocrx_word' id='word_1_696' title='bbox 1404 4696 1553 4755; x_wconf 82' lang='lat' dir='ltr'><strong>sunt,</strong></span> <span class='ocrx_word' id='word_1_697' title='bbox 1588 4689 1671 4743; x_wconf 87' lang='lat' dir='ltr'><strong>vel</strong></span> <span class='ocrx_word' id='word_1_698' title='bbox 1705 4704 1767 4743; x_wconf 74' lang='lat' dir='ltr'><strong>ex</strong></span> <span class='ocrx_word' id='word_1_699' title='bbox 1819 4703 1952 4743; x_wconf 91' lang='lat' dir='ltr'><strong>con-</strong></span> 
     </span>
    </p>
   </div>
   <div class='ocr_carea' id='block_1_97' title="bbox 377 4778 1951 4849">
    <p class='ocr_par' dir='ltr' id='par_1_97' title="bbox 377 4778 1951 4849">
     <span class='ocr_line' id='line_1_97' title="bbox 377 4778 1951 4849; baseline -0.001 -14"><span class='ocrx_word' id='word_1_700' title='bbox 377 4778 609 4849; x_wconf 88' lang='lat' dir='ltr'><strong>jecturis</strong></span> <span class='ocrx_word' id='word_1_701' title='bbox 641 4779 895 4843; x_wconf 88' lang='lat' dir='ltr'><strong>collecta,</strong></span> <span class='ocrx_word' id='word_1_702' title='bbox 925 4779 1197 4849; x_wconf 83' lang='lat' dir='ltr'><strong>judicium</strong></span> <span class='ocrx_word' id='word_1_703' title='bbox 1219 4789 1302 4836; x_wconf 87' lang='lat' dir='ltr'><strong>est</strong></span> <span class='ocrx_word' id='word_1_704' title='bbox 1324 4781 1636 4836; x_wconf 86' lang='lat' dir='ltr'><strong>institutum</strong></span> <span class='ocrx_word' id='word_1_705' title='bbox 1663 4780 1686 4832; x_wconf 89' lang='lat'><strong>?</strong></span> <span class='ocrx_word' id='word_1_706' title='bbox 1717 4795 1838 4849; x_wconf 73' lang='lat' dir='ltr'><strong>quae</strong></span> <span class='ocrx_word' id='word_1_707' title='bbox 1874 4780 1951 4835; x_wconf 89' lang='lat' dir='ltr'><strong>rei</strong></span> 
     </span>
    </p>
   </div>
   <div class='ocr_carea' id='block_1_98' title="bbox 382 4865 1953 4936">
    <p class='ocr_par' dir='ltr' id='par_1_98' title="bbox 382 4865 1953 4936">
     <span class='ocr_line' id='line_1_98' title="bbox 382 4865 1953 4936; baseline 0.002 -16"><span class='ocrx_word' id='word_1_708' title='bbox 382 4865 634 4936; x_wconf 78' lang='lat' dir='ltr'><strong>probatio</strong></span> <span class='ocrx_word' id='word_1_709' title='bbox 663 4866 732 4921; x_wconf 89' lang='lat' dir='ltr'><strong>de</strong></span> <span class='ocrx_word' id='word_1_710' title='bbox 774 4866 925 4920; x_wconf 89' lang='lat' dir='ltr'><strong>illata</strong></span> <span class='ocrx_word' id='word_1_711' title='bbox 968 4868 1171 4936; x_wconf 84' lang='lat' dir='ltr'><strong>injuria</strong></span> <span class='ocrx_word' id='word_1_712' title='bbox 1208 4883 1307 4923; x_wconf 91' lang='lat' dir='ltr'><strong>nos</strong></span> <span class='ocrx_word' id='word_1_713' title='bbox 1342 4870 1625 4924; x_wconf 85' lang='lat' dir='ltr'><strong>convicit?</strong></span> <span class='ocrx_word' id='word_1_714' title='bbox 1649 4869 1752 4935; x_wconf 87' lang='lat' dir='ltr'><strong>Qui</strong></span> <span class='ocrx_word' id='word_1_715' title='bbox 1785 4883 1953 4923; x_wconf 85' lang='lat' dir='ltr'><strong>cano-</strong></span> 
     </span>
    </p>
   </div>
   <div class='ocr_carea' id='block_1_99' title="bbox 384 4960 1954 5033">
    <p class='ocr_par' dir='ltr' id='par_1_99' title="bbox 384 4960 1954 5033">
     <span class='ocr_line' id='line_1_99' title="bbox 384 4960 1954 5033; baseline 0.003 -22"><span class='ocrx_word' id='word_1_716' title='bbox 384 4974 484 5015; x_wconf 86' lang='lat' dir='ltr'><strong>nes</strong></span> <span class='ocrx_word' id='word_1_717' title='bbox 513 4960 780 5015; x_wconf 90' lang='lat' dir='ltr'><strong>adversus</strong></span> <span class='ocrx_word' id='word_1_718' title='bbox 810 4976 914 5016; x_wconf 90' lang='lat' dir='ltr'><strong>nos</strong></span> <span class='ocrx_word' id='word_1_719' title='bbox 958 4962 1262 5031; x_wconf 83' lang='lat' dir='ltr'><strong>producti?</strong></span> <span class='ocrx_word' id='word_1_720' title='bbox 1302 4961 1564 5027; x_wconf 69' lang='lat' dir='ltr'><strong>Quaenam</strong></span> <span class='ocrx_word' id='word_1_721' title='bbox 1612 4963 1853 5033; x_wconf 78' lang='lat' dir='ltr'><strong>legitime</strong></span> <span class='ocrx_word' id='word_1_722' title='bbox 1885 4962 1954 5016; x_wconf 90' lang='lat' dir='ltr'><strong>ab</strong></span> 
     </span>
    </p>
   </div>
   <div class='ocr_carea' id='block_1_100' title="bbox 381 5052 1953 5121">
    <p class='ocr_par' dir='ltr' id='par_1_100' title="bbox 381 5052 1953 5121">
     <span class='ocr_line' id='line_1_100' title="bbox 381 5052 1953 5121; baseline 0.003 -16"><span class='ocrx_word' id='word_1_723' title='bbox 381 5052 644 5121; x_wconf 89' lang='lat' dir='ltr'><strong>episcopo</strong></span> <span class='ocrx_word' id='word_1_724' title='bbox 675 5053 959 5106; x_wconf 88' lang='lat' dir='ltr'><strong>enuntiata</strong></span> <span class='ocrx_word' id='word_1_725' title='bbox 990 5054 1155 5109; x_wconf 87' lang='lat' dir='ltr'><strong>verba</strong></span> <span class='ocrx_word' id='word_1_726' title='bbox 1225 5053 1553 5107; x_wconf 89' lang='lat' dir='ltr'><strong>sententiam</strong></span> <span class='ocrx_word' id='word_1_727' title='bbox 1607 5062 1801 5109; x_wconf 88' lang='lat' dir='ltr'><strong>contra</strong></span> <span class='ocrx_word' id='word_1_728' title='bbox 1851 5070 1953 5111; x_wconf 93' lang='lat' dir='ltr'><strong>nos</strong></span> 
     </span>
    </p>
   </div>
   <div class='ocr_carea' id='block_1_101' title="bbox 380 5140 1952 5213">
    <p class='ocr_par' dir='ltr' id='par_1_101' title="bbox 380 5140 1952 5213">
     <span class='ocr_line' id='line_1_101' title="bbox 380 5140 1952 5213; baseline 0.003 -19"><span class='ocrx_word' id='word_1_729' title='bbox 380 5140 546 5195; x_wconf 87' lang='lat' dir='ltr'><strong>latam</strong></span> <span class='ocrx_word' id='word_1_730' title='bbox 573 5142 999 5211; x_wconf 89' lang='lat' dir='ltr'><strong>approbarunt?</strong></span> <span class='ocrx_word' id='word_1_731' title='bbox 1028 5143 1183 5209; x_wconf 84' lang='lat' dir='ltr'><strong>Quod</strong></span> <span class='ocrx_word' id='word_1_732' title='bbox 1212 5142 1258 5197; x_wconf 89' lang='lat' dir='ltr'><strong>si</strong></span> <span class='ocrx_word' id='word_1_733' title='bbox 1289 5143 1421 5213; x_wconf 92' lang='lat' dir='ltr'><strong>quid</strong></span> <span class='ocrx_word' id='word_1_734' title='bbox 1449 5144 1725 5213; x_wconf 87' lang='lat' dir='ltr'><strong>ejusmodi</strong></span> <span class='ocrx_word' id='word_1_735' title='bbox 1771 5147 1952 5198; x_wconf 73' lang='lat' dir='ltr'><strong>maxi~</strong></span> 
     </span>
    </p>
   </div>
   <div class='ocr_carea' id='block_1_102' title="bbox 379 5229 1948 5305">
    <p class='ocr_par' dir='ltr' id='par_1_102' title="bbox 379 5229 1948 5305">
     <span class='ocr_line' id='line_1_102' title="bbox 379 5229 1948 5305; baseline 0.003 -19"><span class='ocrx_word' id='word_1_736' title='bbox 379 5245 470 5286; x_wconf 87' lang='lat' dir='ltr'><strong>me</strong></span> <span class='ocrx_word' id='word_1_737' title='bbox 509 5229 713 5287; x_wconf 86' lang='lat' dir='ltr'><strong>factum</strong></span> <span class='ocrx_word' id='word_1_738' title='bbox 748 5240 852 5297; x_wconf 91' lang='lat' dir='ltr'><strong>cst,</strong></span> <span class='ocrx_word' id='word_1_739' title='bbox 892 5234 1182 5304; x_wconf 88' lang='lat' dir='ltr'><strong>etquidem</strong></span> <span class='ocrx_word' id='word_1_740' title='bbox 1212 5236 1486 5305; x_wconf 84' lang='lat' dir='ltr'><strong>legitime:</strong></span> <span class='ocrx_word' id='word_1_741' title='bbox 1515 5238 1743 5291; x_wconf 81' lang='lat' dir='ltr'><strong>omnino</strong></span> <span class='ocrx_word' id='word_1_742' title='bbox 1767 5245 1948 5292; x_wconf 89' lang='lat' dir='ltr'><strong>tamen</strong></span> 
     </span>
    </p>
   </div>
   <div class='ocr_carea' id='block_1_103' title="bbox 378 5320 1949 5398">
    <p class='ocr_par' dir='ltr' id='par_1_103' title="bbox 378 5320 1949 5398">
     <span class='ocr_line' id='line_1_103' title="bbox 378 5320 1949 5398; baseline 0.005 -23"><span class='ocrx_word' id='word_1_743' title='bbox 378 5320 440 5375; x_wconf 82' lang='lat' dir='ltr'><strong>in</strong></span> <span class='ocrx_word' id='word_1_744' title='bbox 470 5322 653 5394; x_wconf 86' lang='lat' dir='ltr'><strong>aliquo</strong></span> <span class='ocrx_word' id='word_1_745' title='bbox 685 5324 880 5380; x_wconf 80' lang='lat' dir='ltr'><strong>saltem</strong></span> <span class='ocrx_word' id='word_1_746' title='bbox 932 5326 1108 5396; x_wconf 92' lang='lat' dir='ltr'><strong>gradu</strong></span> <span class='ocrx_word' id='word_1_747' title='bbox 1161 5336 1280 5381; x_wconf 88' lang='lat' dir='ltr'><strong>erat</strong></span> <span class='ocrx_word' id='word_1_748' title='bbox 1312 5328 1637 5397; x_wconf 90' lang='lat' dir='ltr'><strong>periculum.</strong></span> <span class='ocrx_word' id='word_1_749' title='bbox 1684 5329 1754 5381; x_wconf 88' lang='lat' dir='ltr'><strong>At</strong></span> <span class='ocrx_word' id='word_1_750' title='bbox 1791 5338 1949 5398; x_wconf 87' lang='lat' dir='ltr'><strong>petu-</strong></span> 
     </span>
    </p>
   </div>
   <div class='ocr_carea' id='block_1_104' title="bbox 381 5410 1943 5490">
    <p class='ocr_par' dir='ltr' id='par_1_104' title="bbox 381 5410 1943 5490">
     <span class='ocr_line' id='line_1_104' title="bbox 381 5410 1943 5490; baseline 0.008 -27"><span class='ocrx_word' id='word_1_751' title='bbox 381 5410 607 5467; x_wconf 88' lang='lat' dir='ltr'><strong>lantiam</strong></span> <span class='ocrx_word' id='word_1_752' title='bbox 629 5413 895 5480; x_wconf 82' lang='lat' dir='ltr'><strong>adversus</strong></span> <span class='ocrx_word' id='word_1_753' title='bbox 921 5415 1186 5486; x_wconf 83' lang='lat' dir='ltr'><strong>ingenuos</strong></span> <span class='ocrx_word' id='word_1_754' title='bbox 1210 5417 1479 5483; x_wconf 89' lang='lat' dir='ltr'><strong>homines,</strong></span> <span class='ocrx_word' id='word_1_755' title='bbox 1502 5429 1555 5474; x_wconf 90' lang='lat' dir='ltr'><strong>et</strong></span> <span class='ocrx_word' id='word_1_756' title='bbox 1582 5419 1943 5490; x_wconf 87' lang='lat' dir='ltr'><strong>ignominiam</strong></span> 
     </span>
    </p>
   </div>
   <div class='ocr_carea' id='block_1_105' title="bbox 379 5501 1945 5581">
    <p class='ocr_par' dir='ltr' id='par_1_105' title="bbox 379 5501 1945 5581">
     <span class='ocr_line' id='line_1_105' title="bbox 379 5501 1945 5581; baseline 0.008 -26"><span class='ocrx_word' id='word_1_757' title='bbox 379 5501 648 5561; x_wconf 80' lang='lat' dir='ltr'><strong>adversus</strong></span> <span class='ocrx_word' id='word_1_758' title='bbox 680 5504 948 5577; x_wconf 85' lang='lat' dir='ltr'><strong>dignitate</strong></span> <span class='ocrx_word' id='word_1_759' title='bbox 989 5522 1172 5578; x_wconf 86' lang='lat' dir='ltr'><strong>pares,</strong></span> <span class='ocrx_word' id='word_1_760' title='bbox 1207 5510 1429 5579; x_wconf 93' lang='lat' dir='ltr'><strong>quinam</strong></span> <span class='ocrx_word' id='word_1_761' title='bbox 1466 5527 1652 5581; x_wconf 74' lang='lat' dir='ltr'><strong>quaeso</strong></span> <span class='ocrx_word' id='word_1_762' title='bbox 1700 5526 1945 5568; x_wconf 89' lang='lat' dir='ltr'><strong>canones</strong></span> 
     </span>
    </p>
   </div>
   <div class='ocr_carea' id='block_1_106' title="bbox 376 5599 1944 5671">
    <p class='ocr_par' dir='ltr' id='par_1_106' title="bbox 376 5599 1944 5671">
     <span class='ocr_line' id='line_1_106' title="bbox 376 5599 1944 5671; baseline 0.006 -24"><span class='ocrx_word' id='word_1_763' title='bbox 376 5608 620 5664; x_wconf 86' lang='lat' dir='ltr'><strong>unquam</strong></span> <span class='ocrx_word' id='word_1_764' title='bbox 650 5599 1121 5667; x_wconf 77' lang='lat' dir='ltr'><strong>comprobarunt?</strong></span> <span class='ocrx_word' id='word_1_765' title='bbox 1148 5599 1400 5655; x_wconf 84' lang='lat' dir='ltr'><strong>Judicate</strong></span> <span class='ocrx_word' id='word_1_766' title='bbox 1434 5601 1645 5671; x_wconf 90' lang='lat' dir='ltr'><strong>justum</strong></span> <span class='ocrx_word' id='word_1_767' title='bbox 1671 5602 1944 5671; x_wconf 90' lang='lat' dir='ltr'><strong>judicium</strong></span> 
     </span>
    </p>
   </div>
   <div class='ocr_carea' id='block_1_107' title="bbox 377 5682 1942 5761">
    <p class='ocr_par' dir='ltr' id='par_1_107' title="bbox 377 5682 1942 5761">
     <span class='ocr_line' id='line_1_107' title="bbox 377 5682 1942 5761; baseline 0.006 -21"><span class='ocrx_word' id='word_1_768' title='bbox 377 5697 478 5740; x_wconf 83' lang='lat' dir='ltr'><strong>vos</strong></span> <span class='ocrx_word' id='word_1_769' title='bbox 499 5684 595 5756; x_wconf 90' lang='lat' dir='ltr'><strong>qui</strong></span> <span class='ocrx_word' id='word_1_770' title='bbox 619 5682 791 5741; x_wconf 89' lang='lat' dir='ltr'><strong>Deum</strong></span> <span class='ocrx_word' id='word_1_771' title='bbox 835 5687 1129 5758; x_wconf 88' lang='lat' dir='ltr'><strong>respicitis,</strong></span> <span class='ocrx_word' id='word_1_772' title='bbox 1175 5692 1533 5761; x_wconf 87' lang='lat' dir='ltr'><strong>quamobrem</strong></span> <span class='ocrx_word' id='word_1_773' title='bbox 1580 5693 1725 5748; x_wconf 88' lang='lat' dir='ltr'><strong>hanc</strong></span> <span class='ocrx_word' id='word_1_774' title='bbox 1783 5694 1942 5749; x_wconf 75' lang='lat' dir='ltr'><strong>nobis</strong></span> 
     </span>
    </p>
   </div>
   <div class='ocr_carea' id='block_1_108' title="bbox 2062 4502 3632 4576">
    <p class='ocr_par' dir='ltr' id='par_1_108' title="bbox 2062 4502 3632 4576">
     <span class='ocr_line' id='line_1_108' title="bbox 2062 4502 3632 4576; baseline -0.014 0"><span class='ocrx_word' id='word_1_775' title='bbox 2062 4521 2168 4575; x_wconf 76' lang='grc' dir='ltr'><strong>ρων</strong></span> <span class='ocrx_word' id='word_1_776' title='bbox 2214 4502 2368 4572; x_wconf 79' lang='grc' dir='ltr'>ἡμῶν</span> <span class='ocrx_word' id='word_1_777' title='bbox 2420 4506 2452 4572; x_wconf 87' lang='grc' dir='ltr'>ἡ</span> <span class='ocrx_word' id='word_1_778' title='bbox 2514 4504 2800 4574; x_wconf 77' lang='grc' dir='ltr'>προνομία,</span> <span class='ocrx_word' id='word_1_779' title='bbox 2838 4504 3037 4574; x_wconf 80' lang='grc' dir='ltr'>μᾶλλον</span> <span class='ocrx_word' id='word_1_780' title='bbox 3089 4505 3146 4557; x_wconf 83' lang='grc' dir='ltr'>δὲ</span> <span class='ocrx_word' id='word_1_781' title='bbox 3198 4506 3486 4576; x_wconf 79' lang='grc' dir='ltr'>ὴφροντὶς</span> <span class='ocrx_word' id='word_1_782' title='bbox 3533 4506 3632 4573; x_wconf 82' lang='grc' dir='ltr'><strong>τῆς</strong></span> 
     </span>
    </p>
   </div>
   <div class='ocr_carea' id='block_1_109' title="bbox 2060 4594 3633 4667">
    <p class='ocr_par' dir='ltr' id='par_1_109' title="bbox 2060 4594 3633 4667">
     <span class='ocr_line' id='line_1_109' title="bbox 2060 4594 3633 4667; baseline 0.001 -19"><span class='ocrx_word' id='word_1_783' title='bbox 2060 4596 2164 4648; x_wconf 83' lang='grc' dir='ltr'>τῶν</span> <span class='ocrx_word' id='word_1_784' title='bbox 2195 4595 2388 4649; x_wconf 79' lang='grc' dir='ltr'>κοινῶν</span> <span class='ocrx_word' id='word_1_785' title='bbox 2417 4594 2770 4665; x_wconf 82' lang='grc' dir='ltr'>διορθώσεως,</span> <span class='ocrx_word' id='word_1_786' title='bbox 2813 4598 2872 4649; x_wconf 84' lang='grc' dir='ltr'><strong>ἐν</strong></span> <span class='ocrx_word' id='word_1_787' title='bbox 2899 4596 2977 4665; x_wconf 79' lang='grc' dir='ltr'><strong>τῷ</strong></span> <span class='ocrx_word' id='word_1_788' title='bbox 3006 4597 3066 4649; x_wconf 80' lang='grc' dir='ltr'>τὸ</span> <span class='ocrx_word' id='word_1_789' title='bbox 3113 4596 3225 4649; x_wconf 81' lang='grc' dir='ltr'>ἴσον</span> <span class='ocrx_word' id='word_1_790' title='bbox 3269 4596 3436 4667; x_wconf 79' lang='grc' dir='ltr'>ἔχειν.</span> <span class='ocrx_word' id='word_1_791' title='bbox 3471 4598 3536 4651; x_wconf 76' lang='grc' dir='ltr'><strong>Εἰ</strong></span> <span class='ocrx_word' id='word_1_792' title='bbox 3574 4595 3633 4649; x_wconf 79' lang='grc' dir='ltr'><strong>δέ</strong></span> 
     </span>
    </p>
   </div>
   <div class='ocr_carea' id='block_1_110' title="bbox 2056 4687 3634 4760">
    <p class='ocr_par' dir='ltr' id='par_1_110' title="bbox 2056 4687 3634 4760">
     <span class='ocr_line' id='line_1_110' title="bbox 2056 4687 3634 4760; baseline -0.001 -19"><span class='ocrx_word' id='word_1_793' title='bbox 2056 4706 2197 4752; x_wconf 90' lang='grc' dir='ltr'>τινες</span> <span class='ocrx_word' id='word_1_794' title='bbox 2225 4690 2371 4759; x_wconf 80' lang='grc' dir='ltr'>ἡμᾶς</span> <span class='ocrx_word' id='word_1_795' title='bbox 2399 4689 2635 4757; x_wconf 82' lang='grc' dir='ltr'>γυμνοὺς</span> <span class='ocrx_word' id='word_1_796' title='bbox 2660 4688 2753 4741; x_wconf 88' lang='grc' dir='ltr'><strong>τοῦ</strong></span> <span class='ocrx_word' id='word_1_797' title='bbox 2783 4688 2923 4741; x_wconf 88' lang='grc' dir='ltr'><strong>κατά</strong></span> <span class='ocrx_word' id='word_1_798' title='bbox 2945 4687 3043 4758; x_wconf 85' lang='grc' dir='ltr'><strong>τὴν</strong></span> <span class='ocrx_word' id='word_1_799' title='bbox 3069 4687 3367 4760; x_wconf 79' lang='grc' dir='ltr'>ἱερωσύνην</span> <span class='ocrx_word' id='word_1_800' title='bbox 3396 4687 3634 4759; x_wconf 78' lang='grc' dir='ltr'>ἀξιώμα-</span> 
     </span>
    </p>
   </div>
   <div class='ocr_carea' id='block_1_111' title="bbox 2057 4777 3630 4849">
    <p class='ocr_par' dir='ltr' id='par_1_111' title="bbox 2057 4777 3630 4849">
     <span class='ocr_line' id='line_1_111' title="bbox 2057 4777 3630 4849; baseline -0.001 -17"><span class='ocrx_word' id='word_1_801' title='bbox 2057 4797 2146 4843; x_wconf 91' lang='grc' dir='ltr'><strong>τος</strong></span> <span class='ocrx_word' id='word_1_802' title='bbox 2174 4781 2256 4846; x_wconf 78' lang='grc' dir='ltr'><strong>ἐφ’</strong></span> <span class='ocrx_word' id='word_1_803' title='bbox 2304 4780 2529 4842; x_wconf 78' lang='grc' dir='ltr'>ἑαυτοὺς</span> <span class='ocrx_word' id='word_1_804' title='bbox 2573 4777 2836 4848; x_wconf 83' lang='grc' dir='ltr'>βλέποιεν,</span> <span class='ocrx_word' id='word_1_805' title='bbox 2874 4778 2926 4831; x_wconf 90' lang='grc' dir='ltr'><strong>τί</strong></span> <span class='ocrx_word' id='word_1_806' title='bbox 2953 4778 3047 4831; x_wconf 87' lang='grc' dir='ltr'><strong>τοῦ</strong></span> <span class='ocrx_word' id='word_1_807' title='bbox 3090 4779 3277 4848; x_wconf 84' lang='grc' dir='ltr'>ἐτέρου</span> <span class='ocrx_word' id='word_1_808' title='bbox 3307 4778 3487 4831; x_wconf 83' lang='grc' dir='ltr'>πλεῖον</span> <span class='ocrx_word' id='word_1_809' title='bbox 3521 4778 3630 4849; x_wconf 77' lang='grc' dir='ltr'>ἔχει</span> 
     </span>
    </p>
   </div>
   <div class='ocr_carea' id='block_1_112' title="bbox 2054 4866 3629 4940">
    <p class='ocr_par' dir='ltr' id='par_1_112' title="bbox 2054 4866 3629 4940">
     <span class='ocr_line' id='line_1_112' title="bbox 2054 4866 3629 4940; baseline -0.002 -18"><span class='ocrx_word' id='word_1_810' title='bbox 2054 4871 2082 4922; x_wconf 88' lang='grc' dir='ltr'>ὁ</span> <span class='ocrx_word' id='word_1_811' title='bbox 2109 4869 2325 4940; x_wconf 77' lang='grc' dir='ltr'>ἕτερος;</span> <span class='ocrx_word' id='word_1_812' title='bbox 2357 4868 2543 4937; x_wconf 81' lang='grc' dir='ltr'>γένος;</span> <span class='ocrx_word' id='word_1_813' title='bbox 2595 4866 2914 4931; x_wconf 86' lang='grc' dir='ltr'>παίδευσιν;</span> <span class='ocrx_word' id='word_1_814' title='bbox 2960 4867 3271 4938; x_wconf 75' lang='grc' dir='ltr'>ἐλευθερίαν</span> <span class='ocrx_word' id='word_1_815' title='bbox 3319 4869 3454 4939; x_wconf 80' lang='grc' dir='ltr'>πρὸς</span> <span class='ocrx_word' id='word_1_816' title='bbox 3504 4869 3629 4930; x_wconf 80' lang='grc' dir='ltr'>τοὺς</span> 
     </span>
    </p>
   </div>
   <div class='ocr_carea' id='block_1_113' title="bbox 2052 4958 3630 5031">
    <p class='ocr_par' dir='ltr' id='par_1_113' title="bbox 2052 4958 3630 5031">
     <span class='ocr_line' id='line_1_113' title="bbox 2052 4958 3630 5031; baseline 0 -18"><span class='ocrx_word' id='word_1_817' title='bbox 2052 4960 2306 5030; x_wconf 85' lang='grc' dir='ltr'>ἀρίστους</span> <span class='ocrx_word' id='word_1_818' title='bbox 2330 4977 2390 5012; x_wconf 88' lang='grc' dir='ltr'><strong>τε</strong></span> <span class='ocrx_word' id='word_1_819' title='bbox 2422 4960 2513 5012; x_wconf 72' lang='grc' dir='ltr'><strong>καὶ</strong></span> <span class='ocrx_word' id='word_1_820' title='bbox 2539 4958 2856 5028; x_wconf 80' lang='grc' dir='ltr'>εὐδοκίμους</span> <span class='ocrx_word' id='word_1_821' title='bbox 2879 4976 2892 5023; x_wconf 92' lang='grc'><strong>;</strong></span> <span class='ocrx_word' id='word_1_822' title='bbox 2919 4960 3154 5028; x_wconf 83' lang='grc' dir='ltr'>γνῶσιν;</span> <span class='ocrx_word' id='word_1_823' title='bbox 3184 4961 3369 5016; x_wconf 88' lang='grc' dir='ltr'>Ταῦτα</span> <span class='ocrx_word' id='word_1_824' title='bbox 3395 4961 3428 5031; x_wconf 84' lang='grc' dir='ltr'><strong>ἧ</strong></span> <span class='ocrx_word' id='word_1_825' title='bbox 3458 4963 3515 5015; x_wconf 85' lang='grc' dir='ltr'><strong>ἐν</strong></span> <span class='ocrx_word' id='word_1_826' title='bbox 3551 4960 3630 5031; x_wconf 79' lang='grc' dir='ltr'>τῷ</span> 
     </span>
    </p>
   </div>
   <div class='ocr_carea' id='block_1_114' title="bbox 2054 5050 3612 5123">
    <p class='ocr_par' dir='ltr' id='par_1_114' title="bbox 2054 5050 3612 5123">
     <span class='ocr_line' id='line_1_114' title="bbox 2054 5050 3612 5123; baseline 0.001 -20"><span class='ocrx_word' id='word_1_827' title='bbox 2054 5053 2151 5122; x_wconf 79' lang='grc' dir='ltr'><strong>ἴσῳ</strong></span> <span class='ocrx_word' id='word_1_828' title='bbox 2193 5052 2286 5105; x_wconf 75' lang='grc' dir='ltr'>καὶ</span> <span class='ocrx_word' id='word_1_829' title='bbox 2335 5053 2463 5123; x_wconf 85' lang='grc' dir='ltr'>παρ’</span> <span class='ocrx_word' id='word_1_830' title='bbox 2490 5053 2619 5122; x_wconf 81' lang='grc' dir='ltr'>ἡμῖν</span> <span class='ocrx_word' id='word_1_831' title='bbox 2664 5050 2809 5103; x_wconf 78' lang='grc' dir='ltr'>ἐστιν</span> <span class='ocrx_word' id='word_1_832' title='bbox 2849 5052 3047 5122; x_wconf 80' lang='grc' dir='ltr'>εὑρεῖν,</span> <span class='ocrx_word' id='word_1_833' title='bbox 3087 5051 3119 5121; x_wconf 84' lang='grc' dir='ltr'>ἢ</span> <span class='ocrx_word' id='word_1_834' title='bbox 3171 5053 3385 5116; x_wconf 84' lang='grc' dir='ltr'>πάντως</span> <span class='ocrx_word' id='word_1_835' title='bbox 3414 5052 3513 5105; x_wconf 86' lang='grc' dir='ltr'><strong>οὐκ</strong></span> <span class='ocrx_word' id='word_1_836' title='bbox 3552 5053 3612 5105; x_wconf 82' lang='grc' dir='ltr'><strong>ἐν</strong></span> 
     </span>
    </p>
   </div>
   <div class='ocr_carea' id='block_1_115' title="bbox 2050 5142 3631 5213">
    <p class='ocr_par' dir='ltr' id='par_1_115' title="bbox 2050 5142 3631 5213">
     <span class='ocr_line' id='line_1_115' title="bbox 2050 5142 3631 5213; baseline 0.001 -17"><span class='ocrx_word' id='word_1_837' title='bbox 2050 5143 2318 5197; x_wconf 83' lang='grc' dir='ltr'>ἐλάσσονι.</span> <span class='ocrx_word' id='word_1_838' title='bbox 2358 5143 2518 5196; x_wconf 84' lang='grc' dir='ltr'>Ἀλλά</span> <span class='ocrx_word' id='word_1_839' title='bbox 2565 5142 2793 5195; x_wconf 88' lang='grc' dir='ltr'>πλοῦτον</span> <span class='ocrx_word' id='word_1_840' title='bbox 2821 5143 3000 5212; x_wconf 53' lang='lat' dir='ltr'><strong>lerat;</strong></span> <span class='ocrx_word' id='word_1_841' title='bbox 3045 5144 3136 5213; x_wconf 81' lang='grc' dir='ltr'><strong>Μὴ</strong></span> <span class='ocrx_word' id='word_1_842' title='bbox 3164 5144 3374 5212; x_wconf 88' lang='grc' dir='ltr'>γένοιτο</span> <span class='ocrx_word' id='word_1_843' title='bbox 3414 5145 3493 5208; x_wconf 86' lang='grc' dir='ltr'><strong>είς</strong></span> <span class='ocrx_word' id='word_1_844' title='bbox 3531 5146 3631 5197; x_wconf 84' lang='grc' dir='ltr'>ἀν-</span> 
     </span>
    </p>
   </div>
   <div class='ocr_carea' id='block_1_116' title="bbox 2056 5232 3630 5307">
    <p class='ocr_par' dir='ltr' id='par_1_116' title="bbox 2056 5232 3630 5307">
     <span class='ocr_line' id='line_1_116' title="bbox 2056 5232 3630 5307; baseline -0.003 -16"><span class='ocrx_word' id='word_1_845' title='bbox 2056 5236 2232 5307; x_wconf 84' lang='grc' dir='ltr'>άγκην</span> <span class='ocrx_word' id='word_1_846' title='bbox 2276 5235 2470 5300; x_wconf 85' lang='grc' dir='ltr'>ἐλθεῖν,</span> <span class='ocrx_word' id='word_1_847' title='bbox 2502 5234 2672 5287; x_wconf 89' lang='grc' dir='ltr'>ταῦτα</span> <span class='ocrx_word' id='word_1_848' title='bbox 2700 5234 2828 5303; x_wconf 77' lang='grc' dir='ltr'>περὶ</span> <span class='ocrx_word' id='word_1_849' title='bbox 2869 5233 3034 5287; x_wconf 86' lang='grc' dir='ltr'>αὐτοῦ</span> <span class='ocrx_word' id='word_1_850' title='bbox 3058 5232 3415 5305; x_wconf 84' lang='grc' dir='ltr'>διηγήσασθαι</span> <span class='ocrx_word' id='word_1_851' title='bbox 3444 5234 3479 5304; x_wconf 79' lang='grc' dir='ltr'>ἢ</span> <span class='ocrx_word' id='word_1_852' title='bbox 3503 5249 3630 5286; x_wconf 81' lang='grc' dir='ltr'>τοσ-</span> 
     </span>
    </p>
   </div>
   <div class='ocr_carea' id='block_1_117' title="bbox 2055 5320 3632 5396">
    <p class='ocr_par' dir='ltr' id='par_1_117' title="bbox 2055 5320 3632 5396">
     <span class='ocr_line' id='line_1_117' title="bbox 2055 5320 3632 5396; baseline -0.001 -18"><span class='ocrx_word' id='word_1_853' title='bbox 2055 5326 2211 5378; x_wconf 90' lang='grc' dir='ltr'>οῦτον</span> <span class='ocrx_word' id='word_1_854' title='bbox 2255 5326 2415 5396; x_wconf 85' lang='grc' dir='ltr'>ἀρκεῖ</span> <span class='ocrx_word' id='word_1_855' title='bbox 2457 5325 2617 5395; x_wconf 89' lang='grc' dir='ltr'>μόνον</span> <span class='ocrx_word' id='word_1_856' title='bbox 2650 5325 2846 5389; x_wconf 81' lang='grc' dir='ltr'>εἰπεῖν,</span> <span class='ocrx_word' id='word_1_857' title='bbox 2871 5325 2992 5387; x_wconf 84' lang='grc' dir='ltr'>ὅσος</span> <span class='ocrx_word' id='word_1_858' title='bbox 3019 5320 3088 5394; x_wconf 86' lang='grc' dir='ltr'><strong>ἦν</strong></span> <span class='ocrx_word' id='word_1_859' title='bbox 3122 5324 3183 5376; x_wconf 82' lang='grc' dir='ltr'><strong>τὸ</strong></span> <span class='ocrx_word' id='word_1_860' title='bbox 3208 5325 3509 5395; x_wconf 77' lang='grc' dir='ltr'>καταρχὰς,</span> <span class='ocrx_word' id='word_1_861' title='bbox 3536 5324 3632 5377; x_wconf 71' lang='grc' dir='ltr'>καὶ</span> 
     </span>
    </p>
   </div>
   <div class='ocr_carea' id='block_1_118' title="bbox 2055 5417 3631 5489">
    <p class='ocr_par' dir='ltr' id='par_1_118' title="bbox 2055 5417 3631 5489">
     <span class='ocr_line' id='line_1_118' title="bbox 2055 5417 3631 5489; baseline -0.001 -17"><span class='ocrx_word' id='word_1_862' title='bbox 2055 5418 2149 5472; x_wconf 88' lang='grc' dir='ltr'><strong>νῦν</strong></span> <span class='ocrx_word' id='word_1_863' title='bbox 2176 5419 2298 5481; x_wconf 77' lang='grc' dir='ltr'>ὅσος</span> <span class='ocrx_word' id='word_1_864' title='bbox 2340 5419 2576 5486; x_wconf 83' lang='grc' dir='ltr'>ἐγένετο,</span> <span class='ocrx_word' id='word_1_865' title='bbox 2607 5418 2699 5471; x_wconf 78' lang='grc' dir='ltr'>καὶ</span> <span class='ocrx_word' id='word_1_866' title='bbox 2725 5418 3046 5471; x_wconf 86' lang='grc' dir='ltr'>καταλιπεῖν</span> <span class='ocrx_word' id='word_1_867' title='bbox 3076 5417 3255 5481; x_wconf 77' lang='grc' dir='ltr'>ἄλλοις</span> <span class='ocrx_word' id='word_1_868' title='bbox 3282 5418 3631 5489; x_wconf 69' lang='grc' dir='ltr'><strong>¹ἀναζητῆσαι</strong></span> 
     </span>
    </p>
   </div>
   <div class='ocr_carea' id='block_1_119' title="bbox 2053 5507 3629 5579">
    <p class='ocr_par' dir='ltr' id='par_1_119' title="bbox 2053 5507 3629 5579">
     <span class='ocr_line' id='line_1_119' title="bbox 2053 5507 3629 5579; baseline -0.001 -17"><span class='ocrx_word' id='word_1_869' title='bbox 2053 5508 2151 5579; x_wconf 81' lang='grc' dir='ltr'>τῆς</span> <span class='ocrx_word' id='word_1_870' title='bbox 2187 5509 2467 5577; x_wconf 77' lang='grc' dir='ltr'>αὐξήσεως</span> <span class='ocrx_word' id='word_1_871' title='bbox 2510 5507 2603 5560; x_wconf 91' lang='grc' dir='ltr'><strong>τοῦ</strong></span> <span class='ocrx_word' id='word_1_872' title='bbox 2637 5507 2866 5560; x_wconf 87' lang='grc' dir='ltr'>πλούτου</span> <span class='ocrx_word' id='word_1_873' title='bbox 2896 5507 2993 5571; x_wconf 85' lang='grc' dir='ltr'><strong>τὰς</strong></span> <span class='ocrx_word' id='word_1_874' title='bbox 3018 5508 3290 5578; x_wconf 81' lang='grc' dir='ltr'>ἀφορμὰς,</span> <span class='ocrx_word' id='word_1_875' title='bbox 3341 5508 3436 5561; x_wconf 89' lang='grc' dir='ltr'><strong>τοῦ</strong></span> <span class='ocrx_word' id='word_1_876' title='bbox 3469 5508 3629 5578; x_wconf 84' lang='grc' dir='ltr'>μέχρι</span> 
     </span>
    </p>
   </div>
   <div class='ocr_carea' id='block_1_120' title="bbox 2052 5597 3629 5669">
    <p class='ocr_par' dir='ltr' id='par_1_120' title="bbox 2052 5597 3629 5669">
     <span class='ocr_line' id='line_1_120' title="bbox 2052 5597 3629 5669; baseline -0.002 -18"><span class='ocrx_word' id='word_1_877' title='bbox 2052 5598 2145 5651; x_wconf 88' lang='grc' dir='ltr'><strong>τοῦ</strong></span> <span class='ocrx_word' id='word_1_878' title='bbox 2177 5599 2441 5669; x_wconf 87' lang='grc' dir='ltr'>παρόντος</span> <span class='ocrx_word' id='word_1_879' title='bbox 2469 5598 2565 5651; x_wconf 77' lang='grc' dir='ltr'>καὶ</span> <span class='ocrx_word' id='word_1_880' title='bbox 2606 5597 2726 5650; x_wconf 79' lang='grc' dir='ltr'>καθ’</span> <span class='ocrx_word' id='word_1_881' title='bbox 2770 5598 3004 5667; x_wconf 77' lang='grc' dir='ltr'>ἑκάστην</span> <span class='ocrx_word' id='word_1_882' title='bbox 3041 5597 3239 5669; x_wconf 89' lang='grc' dir='ltr'>μικροῦ</span> <span class='ocrx_word' id='word_1_883' title='bbox 3281 5598 3389 5651; x_wconf 87' lang='grc' dir='ltr'>δεῖν</span> <span class='ocrx_word' id='word_1_884' title='bbox 3418 5598 3629 5668; x_wconf 77' lang='grc' dir='ltr'>ἡμέραν</span> 
     </span>
    </p>
   </div>
   <div class='ocr_carea' id='block_1_121' title="bbox 2053 5687 3630 5760">
    <p class='ocr_par' dir='ltr' id='par_1_121' title="bbox 2053 5687 3630 5760">
     <span class='ocr_line' id='line_1_121' title="bbox 2053 5687 3630 5760; baseline -0.001 -15"><span class='ocrx_word' id='word_1_885' title='bbox 2053 5690 2141 5746; x_wconf 87' lang='grc' dir='ltr'><strong>διά</strong></span> <span class='ocrx_word' id='word_1_886' title='bbox 2170 5688 2278 5743; x_wconf 84' lang='grc' dir='ltr'>τῶν</span> <span class='ocrx_word' id='word_1_887' title='bbox 2310 5688 2489 5743; x_wconf 77' lang='grc' dir='ltr'>καλῶν</span> <span class='ocrx_word' id='word_1_888' title='bbox 2536 5688 2985 5760; x_wconf 84' lang='grc' dir='ltr'>ἐπιτηδευμάτων</span> <span class='ocrx_word' id='word_1_889' title='bbox 3024 5687 3393 5760; x_wconf 75' lang='grc' dir='ltr'>αὐξανομένου</span> <span class='ocrx_word' id='word_1_890' title='bbox 3432 5704 3493 5741; x_wconf 78' lang='grc' dir='ltr'><strong>τε</strong></span> <span class='ocrx_word' id='word_1_891' title='bbox 3534 5696 3630 5748; x_wconf 69' lang='grc' dir='ltr'>καὶ</span> 
     </span>
    </p>
   </div>
  </div>
