4068 6154
402 328 424 382 1
436 327 539 383 009

1611 344 1993 405 ΕΡΙΒΤΟΕΑΕ.
2020 378 2086 387 -
2113 348 2330 406 EPIST.
2372 354 2432 409 11.

3511 373 3648 429 1010

400 446 755 547 τρεφομένου.
785 449 879 512 Τίς
921 444 1012 504 οὖν
1053 451 1148 521 τῆς
1177 453 1296 506 καθ’
1329 456 1473 526 ἡμᾶς
1508 457 1715 529 ὕϐρεως
1743 463 1776 532 ή
1819 463 1968 529 egeo.

2078 461 2284 517 illatam
2318 467 2703 523 contumeliam
2736 472 2933 527 mereri
2965 474 3179 529 veniam
3210 477 3460 547 putetis?
3486 481 3645 547 Quod

398 532 511 627 σία,
541 539 590 587 εἰ
621 538 758 606 μήτε
791 541 977 605 γένους
1020 545 1280 617 ὑπεροχὴ,
1318 549 1454 617 μήτε
1483 548 1789 621 ἀξιώματος
1821 573 1974 627 περι-

398 624 647 718 (pelvem,
678 630 811 698 μήτε
859 630 1086 702 δύναμις
1144 636 1556 707 ὑπερϐάλλουσα
1605 643 1784 714 λόγῳ,
1846 624 1973 718 μήτ’

396 710 685 803 εὐεργεσία
715 732 798 778 τις
829 720 1243 789 προῦπάρξασα;
1279 723 1438 777 ὁπότε
1474 727 1565 780 καὶ
1599 729 1647 780 εί
1680 710 1858 784 ταῦτα
1878 710 1968 803 ἦν,

398 802 497 893 καὶΔ
519 799 692 866 οὕτως
720 804 785 858 ἂν
812 806 872 859 τὸ
901 807 1041 861 κατὰ
1068 810 1166 881 τὴν
1205 811 1359 883 ὓϐριν
1390 816 1617 870 ἐπὶτῶν
1647 799 1967 893 ἐλευθέριόν,

397 889 801 984 ἀσόγγνῳστον.
848 897 1089 967 Μηδενὸς
1136 901 1191 954 δὲ
1238 904 1442 959 τούτων
1470 907 1640 975 ὄντος,
1668 911 1774 964 οὐκ
1816 889 1968 984 οἶμαι

397 980 577 1044 καλῶς
606 981 878 1056 ἔχεινιτὴν
910 989 1178 1061 τοσαύτην
1203 992 1297 1045 τοῦ
1330 993 1500 1064 τύφου
1527 998 1679 1051 νόσον
1714 980 1972 1068 περιϊδεῖν

396 1069 788 1162 αθεράπευτον.
841 1077 1115 1147 Θεραπεία
1170 1081 1227 1134 δέ
1283 1082 1395 1136 ἐστι
1442 1085 1504 1138 τὸ
1554 1087 1825 1143 ἐπικλῖναι
1874 1090 1972 1162 τὴν

399 1160 792 1254 ὑπερηφανίαν,
820 1168 912 1220 καὶ
946 1169 1237 1225 διαστεῖλαι
1263 1174 1354 1228 τὸν
1386 1175 1629 1233 διάκενον
1663 1179 1849 1249 ὄγκον,
1883 1160 1973 1254 μι-

398 1253 530 1322 κρδν
557 1255 1001 1323 διαπνευσθέντος
1029 1262 1291 1342 τοῦκατά
1316 1268 1406 1321 τὸν
1435 1269 1601 1340 τύφον
1631 1253 1967 1343 φυσήματος.

2078 553 2125 608 si
2155 569 2220 608 ex
2255 556 2565 612 sacerdotio
2612 559 2851 629 dignitas
2880 566 3203 621 aestimanda
3243 570 3411 633 venit,
3460 587 3558 641 par
3589 581 3644 629 et

2076 642 2222 698 idem
2254 660 2283 698 a
2316 645 2538 716 Synodo
2560 664 2888 707 concessum
2912 657 3133 726 utrique
3158 659 3508 730 privilegium
3536 675 3644 731 est,

2073 737 2157 789 vel
2188 738 2370 806 potius
2398 755 2529 794 cura
2565 744 2973 802 emendationis
3010 751 3263 818 publicaz,
3305 753 3470 824 idque
3494 756 3547 811 in
3576 772 3644 811 eo

2072 831 2218 897 quod
2242 829 2367 898 jure
2394 832 2512 901 pari
2543 834 2830 904 essejussi
2877 854 3092 897 sumus.
3125 843 3280 910 Quod
3325 845 3373 902 si
3405 848 3501 916 qui
3546 863 3646 904 nos

2071 927 2225 974 extra
2268 923 2573 979 sacerdotii
2617 927 2964 999 dignitatem,
3021 950 3277 992 seorsum
3315 940 3644 1008 quemlibet,

2070 1010 2277 1092 intueri
2313 1014 2504 1080 velint,
2560 1018 2694 1087 quid
2744 1022 2982 1092 amplius
3022 1026 3163 1080 alter
3207 1028 3368 1084 habet
3425 1029 3649 1086 altero?

2070 1088 2263 1170 genus.
2312 1104 2758 1174 institutionem,
2800 1088 3195 1182 ingenuitatem
3257 1119 3516 1173 collatam
3576 1121 3646 1176 ad

2070 1193 2557 1260 praestantissimos
2600 1207 2655 1254 et
2685 1201 2868 1258 claros
2917 1220 3158 1275 quoque,
3210 1209 3496 1265 scientiam
3521 1211 3544 1263 ?
3568 1210 3647 1265 Ea

2068 1297 2198 1339 vero
2230 1285 2315 1340 vel
2347 1289 2501 1357 paria
2531 1292 2756 1361 reperiri
2778 1302 3013 1363 possunt
3039 1296 3093 1350 in
3124 1299 3304 1365 nobis,
3337 1303 3422 1356 vel
3449 1303 3643 1357 saltem

400 1343 585 1408 Ὅπως
616 1345 661 1398 δ’
690 1346 756 1400 ἂν
787 1349 994 1415 γένοιτο
1025 1353 1200 1418 τοῦτο,
1233 1356 1350 1429 Θεῷ
1391 1360 1629 1432 μελήσει.

2347 1343 2364 1357 ,
2743 1343 2756 1346 -
2779 1343 3012 1363 rw--."
3124 1343 3304 1365 ..ν.,..,,
3346 1343 3422 1356 η..
3449 1343 3637 1357 ...........

2076 1391 2186 1431 non
2224 1380 2454 1434 minora.
2490 1380 2746 1439 Fortasse
2783 1385 2851 1441 de
2874 1387 3083 1443 divitiis
3118 1389 3310 1444 dicet?
3344 1389 3523 1445 Nolim
3552 1409 3637 1449 me

400 1441 553 1546 cogi,
580 1448 638 1494 ut
665 1442 780 1546 haec
810 1443 878 1499 de
911 1446 1031 1516 ipso
1056 1461 1501 1506 commemorem.
1533 1453 1645 1509 Hoc
1716 1460 1878 1515 modo
1942 1462 2124 1521 dicere
2171 1469 2426 1537 sulliciat,
2500 1482 2721 1542 quanta:
2777 1441 2983 1532 fuerint
3035 1441 3630 1546 illmiuitioft—antas

396 1530 560 1582 etiam
598 1532 756 1641 nobils
787 1550 935 1590 nunc
966 1551 1128 1593 esse:
1174 1551 1434 1609 praeterea
1476 1560 1578 1600 nos
1621 1548 1822 1616 quibus
1867 1556 2252 1615 occasionibus
2282 1576 2375 1616 eas
2445 1530 2582 1631 opes
2647 1566 3186 1635 amplilicaverimus,
3253 1530 3400 1641 quas
3452 1530 3636 1629 hacte:

398 1636 504 1733 nus
526 1634 579 1679 et
605 1624 826 1733 quiritam
875 1643 1040 1699 prope
1070 1634 1313 1700 quotidie
1343 1639 1627 1705 prmelaris
1683 1645 1975 1702 conatibus
2012 1664 2274 1721 augemus
2334 1659 2605 1725 quasique
2635 1624 2857 1724 alimus,
2891 1662 3014 1717 aliis
3060 1624 3484 1733 perquirendum
3546 1684 3634 1724 re-

396 1715 677 1823 linquere.
716 1719 1023 1785 Quamnam
1071 1725 1239 1795 igitur
1275 1726 1369 1782 ille
1424 1738 1752 1799 potestatem
1797 1728 1963 1790 habet
2006 1715 2305 1798 inferenda:
2350 1715 2537 1802 .nobis
2572 1745 2806 1816 injuriae,
2844 1715 2888 1804 si
2921 1715 3085 1805 nullar
3547 1715 3634 1811 est

398 1814 736 1915 praestantia,
767 1830 945 1915 neque
978 1818 1260 1915 dignitatis
1297 1823 1577 1891 splendor,
1620 1842 1797 1896 neque
1838 1830 2035 1886 eximia
2076 1833 2296 1891 dicendi
2336 1838 2438 1904 vis,
2473 1814 2651 1908 neque
2704 1841 3072 1899 beneficentia
3135 1814 3290 1914 prius
3348 1859 3478 1915 erga
3543 1861 3632 1901 me

396 1901 711 1958 declarata?
742 1907 1183 1980 quandoquidem
1239 1915 1457 1969 etiamsi
1491 1916 1605 1972 hmc
1637 1928 1844 1986 essent,
1915 1921 2276 1983 nihilominus
2335 1901 2635 1984 condonari
2701 1947 2808 1987 non
2872 1933 3032 1989 debet
3079 1901 3319 1989 ex'ercita
3362 1901 3631 1991 adversus

396 1995 648 2056 homines
675 2002 977 2094 g-ingenuos
1039 2005 1360 2074 petulantia.
1411 2005 1618 2063 Verum
1675 2026 1798 2066 cum
1862 2014 2002 2068 nihil
2057 2017 2254 2071 horum
2308 2020 2414 2085 sit,
2466 2036 2575 2075 non
2617 2024 2856 2078 arbitror
2910 2035 3054 2081 recte
3096 2042 3200 2082 nos
3244 2025 3525 2094 facturos,
3579 2026 3629 2083 si

396 2095 609 2186 tantum
669 2092 848 2148 fastus
917 2096 1169 2161 morbum
1223 2097 1535 2153 incuratum
1591 2103 1948 2172 ncgligamus.
1988 2104 2177 2177 Neque
2210 2126 2338 2163 vero
2403 2112 2507 2165 alia
2545 2121 2724 2183 potest
2749 2130 2871 2170 esse
2920 2116 3156 2181 curatio,
3202 2132 3363 2186 quam
3433 2118 3479 2172 si
3510 2092 3630 2173 ﬁde-

392 2180 666 2275 primatur
706 2184 1000 2275 superbia,
1045 2192 1100 2240 et
1160 2185 1340 2241 inanis
1394 2187 1487 2242 ille
1539 2186 1715 2244 fastus
1764 2201 2106 2259 coercentur,
2163 2195 2444 2253 inﬂatione
2490 2180 2600 2254 tam
2674 2202 2816 2256 elata
2858 2203 3111 2257 nonnihil
3162 2180 3498 2275 eat-spirante.
3562 2204 3635 2261 Ut

393 2276 575 2325 autem
611 2270 665 2325 id
696 2270 807 2337 ﬁat,
829 2272 938 2329 Deo
957 2275 1348 2345 permittimus,
1372 2279 1463 2333 cui
1493 2279 1633 2334 hanc
1656 2296 1772 2335 rem
1804 2297 1953 2337 cura:
1992 2284 2232 2340 futuram
2270 2304 2379 2343 non
2416 2290 2754 2347 dubitamus.

959 2612 1301 2667 summa
1330 2616 1402 2669 B'.
2578 2696 2581 2699 _
2644 2620 2978 2678 EPISTOLA
3016 2623 3082 2678 ιι.

817 2766 1161 2838 Reprehendit
1199 2771 1397 2826 abusus
1432 2781 1557 2826 tunc
1588 2774 1840 2842 temporis
1874 2776 1930 2829 in
1967 2777 2477 2847 peregrinationibus
2499 2779 2567 2832 ad
2596 2779 2713 2833 loca
2746 2756 2935 2835 sancta
2965 2780 3163 2835 obvios.

586 2924 727 2994 Περὶ
752 2924 873 2980 τῶν
914 2927 1213 2982 ἀπιόντων
1241 2930 1327 2995 εις
1364 2930 1769 3000 Ἰεροσόλυμα.

2333 2935 2410 2990 De
2448 2937 2513 2991 iis
2554 2938 2646 3006 qui
2690 2937 2885 2992 adeunt
2911 2934 3248 3007 Jerosolyma
3273 2934 3352 3007 (1)
3377 2975 3389 2990 .

476 3017 805 3089 Ἐπειδήπερ
835 3016 1157 3089 ἠρώτησας,
1201 3013 1247 3074 ὦ
1276 3021 1417 3091 φίλε,
1458 3021 1546 3076 διὰ
1585 3022 1679 3076 τοῦ
1710 3024 1968 3095 γράμμα-

2145 3024 2282 3091 Quia
2337 3041 2423 3080 me
2469 3024 2695 3096 rogasti,
2745 3025 2942 3089 amice,
2994 3039 3090 3094 per
3142 3022 3454 3094 epistolam,
3506 3023 3643 3079 mihi

392 3126 505 3173 τος,
539 3108 771 3180 πρέπειν
797 3108 982 3181 ᾠήθην
1026 3110 1152 3181 περὶ
1203 3112 1417 3166 πάντων
1447 3129 1529 3166 σοι
1573 3112 1805 3185 καθεξῆς
1838 3115 1968 3168 ἀπο-

2072 3115 2267 3169 ordine
2303 3114 2370 3169 de
2398 3115 2657 3169 omnibus
2694 3113 2793 3168 tibi
2830 3112 3270 3183 respondendum
3306 3111 3637 3167 existimavi.

392 3198 704 3272 κρίνασθαι.
767 3200 908 3269 Ἐγὼ
939 3202 1065 3265 τοὺς
1099 3200 1245 3269 ἅπαξ
1282 3203 1693 3267 ἀνατεθεικότας
1745 3206 1968 3269 ἑαυτοὺς

2071 3208 2338 3278 Equidem
2383 3209 2477 3280 qui
2514 3209 2684 3263 semel
2720 3224 2779 3264 se
2820 3208 3001 3261 altiori
3043 3205 3261 3261 vivendi
3314 3206 3512 3261 rationi
3545 3206 3642 3261 de-

390 3293 460 3361 τῇ
493 3289 670 3361 ὑψηλῇ
710 3291 977 3363 πολιτείᾳ,
1016 3291 1197 3356 καλῶς
1226 3291 1371 3363 ἔχειν
1395 3295 1538 3365 φημὶ
1582 3295 1715 3366 πρὸς
1746 3295 1844 3359 τὰς
1873 3294 1967 3348 τοῦ

2071 3296 2347 3361 dicarunt,
2380 3313 2503 3351 cum
2534 3296 2615 3352 eis
2643 3298 2906 3367 praeclare
2936 3295 3021 3367 agi
3048 3310 3269 3354 censeo.
3303 3295 3348 3352 si
3381 3302 3641 3365 perpetuo

392 3382 723 3450 Εὐαγγελίου
753 3382 839 3436 διὰ
861 3383 1059 3447 παντὸς
1087 3383 1412 3438 ἀποϐλέπειν
1434 3385 1613 3454 φωνάς
1630 3402 1643 3417 ·
1670 3386 1763 3440 καὶ
1781 3384 1969 3457 ὥσπερ

394 3476 444 3530 οἱ
469 3473 548 3545 τῷ
573 3476 756 3528 κανόνι
780 3475 841 3528 τὸ
868 3475 1223 3547 ὑποκείμενον
1255 3476 1667 3542 ἀπευθύνοντες,
1699 3478 1840 3531 κατὰ
1871 3479 1969 3549 τὴν

384 3564 490 3617 ἐπὶ
516 3564 609 3617 τοῦ
638 3565 857 3629 κανόνος
908 3565 1118 3621 εὐθεῖαν
1161 3567 1229 3621 τὰ
1256 3567 1446 3621 σκολιὰ
1489 3568 1559 3625 τὰ
1579 3568 1637 3619 ὲν
1667 3568 1853 3640 χερσὶν
1890 3569 1970 3631 εἰς

394 3655 663 3725 εὐθύτητα
734 3657 1188 3728 μεταϐάλλουσιν·
1251 3657 1422 3720 οὕτως
1459 3660 1755 3728 προσήκειν
1802 3657 1969 3729 ήγοῦ-

396 3762 496 3816 μαι
532 3739 643 3799 οἷόν
701 3763 823 3798 τινα
852 3745 1052 3799 κανόνα
1103 3745 1261 3815 ὀρθὸν
1310 3746 1404 3797 καὶ
1453 3745 1830 3814 ἀδιάστροφον,
1873 3745 1972 3815 τὴν

394 3832 753 3903 εὐαγγελικὴν
783 3832 927 3900 λέγω
958 3833 1035 3903 δὴ·
1067 3832 1363 3894 πολιτείαν,
1396 3832 1605 3898 τούτοις
1654 3832 1971 3886 ἐπιϐάλλον-

392 3942 513 3989 τας,
543 3925 664 3978 κατ’
692 3924 906 3994 ἐκείνην
935 3923 1070 3995 πρὸς
1094 3924 1185 3978 τὸν
1206 3923 1338 3978 Θεὸν
1361 3923 1778 3979 ἁπευθύνεσθαι.
1817 3924 1971 3977 Ἐπεὶ

393 4016 572 4069 τοίνυν
602 4015 708 4068 εἰσί
734 4031 878 4077 τινες
911 4014 1019 4067 τῶν
1048 4014 1138 4067 τὸν
1183 4016 1391 4086 μονήρη
1427 4016 1520 4068 καὶ
1562 4014 1829 4078 ἰδιάζοντα
1859 4014 1972 4084 βίον

396 4105 845 4180 ἐπανῃρημένων,
892 4100 972 4168 οἷς
1001 4107 1057 4158 ὲν
1088 4106 1241 4176 μέρει
1274 4104 1552 4169 εὐσεϐείας
1572 4106 1880 4175 νενόμισται
1909 4104 1972 4157 τὸ

393 4201 519 4262 τοὺς
556 4200 614 4251 ὲν
647 4197 1037 4267 Ἱεροσολύμοις
1088 4197 1285 4259 τόπους
1337 4196 1481 4259 ἰδεῖν,
1520 4199 1576 4250 ὲν
1603 4191 1683 4261 οἷς
1716 4197 1784 4249 τὰ
1829 4197 1967 4268 σύμ-

2072 3386 2137 3441 ad
2179 3386 2454 3456 Evangelii
2503 3401 2666 3441 voces
2699 3385 3057 3449 inducantur,
3104 3397 3169 3437 ac
3212 3391 3495 3453 tanquam,
3540 3383 3640 3453 qui

2068 3478 2262 3547 regula
2314 3476 2576 3546 quidquid
2632 3476 2973 3546 propositum
3039 3481 3125 3529 est
3186 3474 3466 3543 dirigunt,
3519 3473 3640 3550 ejus

2072 3564 2425 3632 rectitu'diue,
2473 3575 2719 3621 tortuosa
2755 3580 2877 3637 quae
2920 3566 2973 3619 in
3011 3564 3267 3618 manibus
3302 3563 3524 3627 habent,
3572 3564 3639 3617 ad

2071 3659 2459 3713 rectitudinem
2490 3656 2773 3712 adducunt
2806 3674 2821 3713 :
2850 3657 2925 3711 ita
2955 3654 3249 3710 convenire
3290 3653 3550 3715 arbitror,
3582 3663 3641 3707 ut
3750 3728 3757 3735 ο

2069 3749 2238 3804 veluti
2272 3749 2569 3819 quamdam
2602 3748 2844 3819 regulam
2890 3754 3095 3803 rectam
3126 3753 3180 3801 et
3218 3744 3637 3809 immutabilem,

2070 3843 2439 3914 evangelicam
2481 3842 2605 3898 dico
2646 3842 2914 3913 politiam,
2957 3840 3045 3895 his
3076 3838 3450 3902 admoventes,
3481 3835 3639 3905 juxta

2071 3933 2220 3986 illam
2257 3932 2326 3987 ad
2354 3931 2523 3988 Deum
2557 3932 2878 4003 dirigantur.
2920 3929 3059 3985 Cum
3099 3930 3285 3998 itaque
3322 3929 3431 3983 sint
3466 3927 3638 3996 aliqui

2071 4025 2235 4081 exiis
2263 4025 2358 4096 qui
2393 4025 2696 4081 solitariam
2738 4031 2792 4078 et
2831 4022 3104 4094 privatam
3155 4020 3322 4074 vitam
3362 4018 3467 4075 sibi
3502 4016 3644 4073 dele-

2071 4125 2291 4188 gerunt,
2327 4118 2421 4188 qui
2473 4118 2527 4171 in
2562 4125 2718 4187 parte
2768 4114 2991 4185 pietatis
3038 4122 3247 4184 ponant
3282 4110 3641 4182 Jerosolymi-

2070 4216 2198 4263 tana
2240 4208 2364 4263 loca
2408 4209 2636 4275 vidisse,
2686 4208 2740 4261 in
2790 4207 2994 4277 quibus
3038 4205 3240 4261 indicia
3292 4203 3509 4261 Domini
3546 4201 3642 4255 ad-

396 4288 527 4342 ϐολα
560 4290 658 4358 τῆς
709 4287 796 4341 διὰ
827 4287 1027 4357 σαρκὸς
1064 4285 1355 4357 ἐπιδημίας
1379 4284 1473 4338 τοῦ
1512 4286 1714 4356 Κυρίου
1755 4288 1965 4357 ὁρᾶται,

2078 4306 2273 4353 ventus
2305 4313 2402 4367 per
2442 4311 2663 4352 carnem
2693 4295 3133 4366 conspiciuntur,
3165 4294 3424 4364 praeclare
3456 4307 3517 4348 se
3551 4306 3643 4347 res

396 4378 575 4441 καλῶς
603 4378 668 4432 ἂν
696 4377 809 4449 ἔχοι
838 4379 973 4450 πρὸς
992 4378 1082 4431 τὸν
1109 4377 1309 4431 κανόνα
1335 4376 1550 4446 βλέπειν
1575 4393 1586 4406 ·
1618 4379 1709 4431 καὶ
1735 4380 1783 4431 εί
1802 4379 1968 4433 ταῦτα

2073 4390 2313 4454 habebit,
2353 4390 2398 4444 si
2444 4390 2508 4443 ad
2552 4389 2795 4460 regulam
2826 4389 2999 4458 ipsam
3041 4387 3424 4458 respiciamus,
3476 4382 3642 4451 idque

397 4470 643 4541 βούλεται
671 4474 704 4542 ή
734 4470 884 4541 παρὰ
910 4471 1018 4524 τῶν
1059 4470 1287 4524 ἐντολῶν
1320 4470 1673 4541 χειραγωγία,
1714 4474 1887 4525 ποιεῖν
1914 4473 1968 4526 τὸ

2070 4480 2118 4536 si
2170 4481 2300 4535 velit
2350 4492 2744 4550 praeceptorum
2790 4478 3011 4544 ductus,
3069 4485 3127 4531 ut
3180 4489 3319 4544 opus
3371 4471 3640 4527 faciamus

395 4560 574 4631 ἔργον,
622 4561 697 4626 ὡς
739 4562 1067 4634 πρόσταγμα
1104 4562 1330 4635 Κυρίου.
1373 4564 1434 4617 Ei
1482 4562 1535 4617 δὲ
1585 4563 1688 4629 ἔξω
1720 4566 1836 4618 ἐστὶ
1863 4566 1968 4620 τῶν

2071 4573 2230 4643 quasi
2275 4570 2595 4627 mandatum
2627 4570 2842 4625 Domini
2872 4585 2885 4621 :
2919 4570 3005 4624 sin
3035 4577 3232 4637 praeter
3264 4565 3477 4619 Domini
3502 4580 3640 4635 pra:-

394 4653 622 4708 ἐντολῶν
640 4654 734 4708 τοῦ
761 4656 1050 4722 Δεσπότου,
1076 4657 1174 4710 οὐκ
1188 4652 1305 4710 οἶδα
1325 4655 1378 4709 τί
1399 4658 1513 4710 ἐστι
1530 4658 1590 4710 τὸ
1611 4657 1967 4728 διατεταγμέ-

2072 4677 2227 4736 cepta
2276 4665 2329 4719 id
2391 4673 2650 4737 appareat
2704 4663 3105 4727 introductum,
3150 4660 3294 4715 haud
3351 4661 3467 4714 scio
3508 4659 3637 4728 quid

394 4765 484 4803 νον
507 4765 560 4801 τι
589 4748 762 4802 θέλειν
811 4752 982 4804 ποιεῖν
1042 4751 1201 4804 αὑτὸν
1242 4750 1435 4804 ἑαυτοῦ
1476 4750 1570 4804 τοῦ
1611 4749 1776 4804 καλοῦ
1806 4752 1967 4821 νόμον

2078 4755 2171 4821 sit,
2203 4754 2349 4825 quod
2388 4754 2666 4825 prazcipiat
2694 4753 2833 4807 velle
2865 4752 2993 4821 quid
3020 4751 3255 4820 aliquem
3303 4748 3501 4812 facere,
3544 4748 3639 4817 qui

394 4838 697 4909 γινόμενον.
726 4840 899 4893 Ὅπου
928 4842 1310 4911 προσκαλεῖται
1331 4842 1467 4914 πρὸς
1486 4844 1584 4913 τὴν
1608 4843 1967 4915 κληρονομίαν

2072 4861 2132 4901 se
2189 4845 2295 4900 sibi
2336 4845 2510 4915 legem
2554 4842 2684 4897 boni
2719 4841 2911 4897 fecerit
2966 4842 3165 4911 ipsum.
3214 4839 3313 4894 Ubi
3364 4838 3431 4892 ad
3487 4839 3640 4906 regni

393 4930 491 5001 τῆς
528 4928 803 5000 βασιλείας
831 4932 938 4985 τῶν
967 4932 1207 5002 οὐρανῶν
1239 4935 1266 4986 ὁ
1286 4935 1486 5008 Κύριος
1516 4936 1641 4998 τοὺς
1662 4934 1964 5006 εὐλογημέ-

393 5037 538 5084 νους,
568 5020 629 5074 τὸ
655 5020 909 5075 ἀπελθεῖν
955 5024 1033 5085 είς
1077 5023 1419 5095 Ἰεροσόλυμα
1464 5027 1522 5077 ὲν
1551 5027 1661 5088 τοῖς
1688 5025 1964 5096 κατορθώ-

397 5130 561 5181 μασιν
590 5113 689 5167 οὑκ
719 5113 1126 5183 ἀπηρίθμησενο
1158 5115 1286 5168 ὅπου
1322 5116 1411 5169 τὸν
1443 5116 1790 5187 μακαρισμὸν
1812 5117 1963 5184 διαγ-

395 5206 595 5273 γέλλει,
634 5206 731 5278 τὴν
780 5206 1034 5274 τοιαύτην
1081 5208 1313 5279 σπουδὴν
1351 5208 1411 5260 οὐ
1447 5209 1785 5279 περιέλαϐεν.
1813 5212 1879 5262 Ὃ
1910 5209 1965 5262 δὲ

398 5298 537 5369 μήτε
565 5299 831 5370 μακάριον
862 5301 1023 5361 ποιεῖ,
1051 5300 1188 5369 μήτε
1220 5298 1354 5372 πρὸς
1384 5300 1481 5371 τὴν
1514 5300 1788 5371 βασιλείαν
1813 5300 1967 5354 arma-

393 5405 507 5452 τον,
539 5391 658 5444 ἀντὶ
690 5390 833 5454 τίνος
867 5390 1243 5456 σπουδάζεται,
1281 5393 1309 5444 ό
1345 5391 1466 5444 νοῦν
1504 5392 1639 5463 ἔχων
1669 5392 1965 5461 ἐπισκεψά-

395 5480 527 5535 σθω.
583 5482 692 5534 Καὶ
733 5484 781 5535 εί
816 5483 915 5553 μὲν
947 5481 1225 5552 ὲπωςρελὲς
1255 5477 1321 5554 ἦν
1354 5483 1414 5536 τὸ
1443 5485 1742 5555 γινόμενον,
1770 5484 1869 5536 οὐκ
1896 5478 1963 5552 ἦν

392 5571 514 5625 οὐδὲ
539 5571 710 5637 οὕτως
744 5574 902 5628 καλὸν
957 5573 1104 5645 παρὰ
1146 5573 1255 5628 τῶν
1293 5574 1509 5629 τελείων
1545 5573 1957 5639 σπουδάζεσθαι.

2068 4938 2331 4993 cmlorum
2366 4935 2737 4990 haereditatem
2780 4932 3222 5004 consequendam
3256 4940 3414 4985 vocat
3456 4930 3640 4983 Domi-

2068 5043 2175 5082 nus
2206 5025 2544 5091 benedictos,
2582 5022 2974 5093 profectionem
3019 5024 3073 5077 in
3113 5022 3451 5092 Jerosolyma
3498 5022 3643 5075 inter

2070 5125 2217 5172 recte
2250 5116 2413 5179 facta,
2448 5130 2569 5186 quae
2596 5130 2662 5170 eo
2688 5115 2945 5185 dirigant,
2971 5130 3081 5169 non
3112 5111 3458 5169 enumeravlt
3492 5130 3505 5168 :
3543 5111 3635 5166 ubi

2070 5208 2463 5264 beatitudinem
2516 5207 2826 5273 annuntiat,
2876 5206 2980 5260 tale
3040 5206 3303 5270 studium,
3355 5204 3635 5272 talemque

2073 5312 2297 5366 operam
2352 5311 2460 5350 non
2514 5305 2601 5351 est
2650 5296 2989 5366 complexus.
3019 5296 3175 5361 Quod
3227 5303 3408 5350 autem
3463 5309 3641 5363 neque

2070 5388 2288 5441 beatum
2320 5385 2503 5449 ellicit,
2540 5399 2721 5471 neque
2759 5384 2827 5438 ad
2872 5400 3099 5461 regnum
3152 5383 3498 5439 conducibile
3528 5391 3638 5448 est,

2070 5494 2238 5549 quare
2268 5479 2322 5532 in
2356 5492 2420 5533 eo
2451 5470 2692 5532 studium
2732 5484 2786 5531 et
2826 5470 3047 5546 operam
3083 5477 3209 5546 poni
3240 5483 3507 5546 oporteat,
3541 5476 3636 5544 qui

2071 5579 2305 5624 mentem
2354 5570 2555 5636 habet,
2604 5570 2935 5626 consideret.
2988 5571 3149 5639 Atqui
3208 5572 3335 5626 licet
3390 5569 3442 5623 id
3495 5584 3637 5637 opus

463 5754 540 5823 (I)
563 5753 771 5809 Incerto
803 5753 1113 5824 interprete.
1134 5784 1183 5796 ~
1218 5753 1317 5810 Ed.
1347 5752 1498 5820 1658,
1534 5752 1617 5821 111,
1646 5753 1767 5809 651.
1792 5749 2256 5824 -Οίηϐιέῑερτῇ
2286 5750 2414 5809 Soc.
2441 5751 2594 5822 Iesu,
2621 5751 2791 5818 Notze,
2814 5751 2880 5808 ad
2904 5749 3110 5806 calcem
3133 5750 3300 5821 hujus
3323 5742 3636 5805 voluminis.
