4068 6154
406 367 538 433 ΜΗ

1643 370 1700 427 S.
1734 369 2064 427 GREGORH
2087 371 2380 429 NYSSENI

3537 384 3674 439 1012

402 492 660 547 utilitatis
700 488 829 559 quid
860 488 1108 553 haberet,
1157 504 1226 544 ne
1277 491 1358 545 sic
1394 491 1616 561 quidem
1664 496 1896 550 honeste
1948 511 1979 550 a

2097 499 2248 552 Ἐπεὶ
2264 499 2320 552 δὲ
2340 498 2885 570 καταμανθανόμενον
2901 500 2968 552 δι’
2990 498 3275 569 ἀκριϐείας
3295 500 3353 552 τὸ
3370 502 3679 571 γινόμενον,

404 581 667 652 perfectis
717 580 899 634 studio
929 580 1157 650 dignum
1207 581 1383 637 videri
1428 582 1675 638 deberet.
1709 583 1986 651 Quoniam

402 682 587 728 autem
632 671 687 725 id
740 670 946 725 factum
1002 673 1296 742 diligenter
1347 676 1744 742 examinatum,
1801 680 1987 732 animo

406 764 797 817 detrimentum
849 764 1131 829 conciliat,
1187 764 1255 818 iis
1296 764 1390 833 qui
1425 766 1550 819 vitae
1606 774 1864 821 accurate
1892 768 1990 823 de-

404 856 595 926 gendae
620 857 963 920 incumbunt,
1004 856 1168 927 longo
1203 856 1387 911 studio
1415 857 1701 929 indignum
1726 869 1808 915 est
1838 876 1852 915 :
1879 861 1988 914 imo

405 949 645 1003 maxime
679 948 1008 1012 cavendum,
1051 957 1112 1002 ut
1161 948 1299 1003 nihil
1338 949 1407 1004 ab
1438 964 1503 1004 eo
1532 950 1760 1005 laedatur
1782 951 1853 1016 is,
1891 950 1987 1021 qui

406 1040 711 1097 secundum
761 1039 930 1096 Deum
984 1042 1151 1095 vitam
1199 1042 1444 1097 instituit
1505 1041 1796 1113 agendam.
1845 1042 1985 1109 Quid

406 1133 579 1203 igitur
625 1141 712 1188 est
758 1132 817 1187 in
873 1132 963 1187 his
1015 1133 1164 1201 quod
1200 1133 1404 1189 laedat?
1450 1132 1654 1190 Sancta
1698 1143 1753 1189 et
1802 1136 1989 1207 gravis

405 1223 534 1279 vitae
580 1223 855 1279 institutio
896 1224 1087 1279 eadem
1121 1227 1380 1282 omnibus
1421 1233 1477 1281 et
1503 1226 1635 1281 viris
1684 1234 1740 1281 et
1772 1225 1990 1285 feminis

406 1319 692 1389 proposita
725 1326 831 1375 est.
860 1317 1166 1375 Peculiaris
1198 1328 1284 1375 est
1310 1320 1439 1375 vitae
1468 1319 1863 1392 philosophica:
1894 1320 1991 1374 ho-

408 1420 603 1468 nestas
658 1420 714 1466 et
760 1413 1185 1482 castitas:quae
1234 1412 1437 1468 invita
1490 1427 1590 1469 sua
1651 1427 1828 1484 eaque
1880 1428 1991 1468 non

409 1509 579 1561 mista
613 1519 678 1560 ac
707 1506 936 1561 seorsim
971 1513 1093 1560 acta
1134 1514 1576 1572 consummatur,
1602 1508 1676 1561 ita
1703 1514 1763 1562 ut
1795 1507 1995 1577 imper-

408 1597 579 1653 mista
615 1598 709 1663 sit,
741 1606 796 1654 et
833 1597 1061 1653 minime
1084 1598 1315 1653 confusa
1349 1607 1586 1655 natura:
1621 1614 1801 1669 neque
1834 1600 1995 1653 temi-

407 1695 499 1763 nis
540 1695 593 1749 in
624 1696 966 1750 consortium
1006 1696 1276 1762 virorum,
1310 1710 1491 1766 neque
1516 1694 1655 1750 viris
1688 1695 1744 1747 in
1791 1694 1991 1748 mulie-

407 1801 535 1840 rum
589 1785 655 1840 ad
684 1785 885 1841 tuenda
922 1786 1195 1841 castitatis
1226 1796 1279 1841 et
1318 1786 1624 1842 honestatis
1649 1785 1825 1841 ofﬁcia
1854 1800 1993 1839 con-

407 1878 788 1933 tendentibus.
820 1876 891 1931 At
922 1892 1056 1932 vero
1079 1878 1294 1932 itineris
1328 1878 1660 1935 conliciendi
1689 1876 1992 1933 necessitas

409 1985 694 2041 nunquam
729 1985 838 2025 non
874 1969 1192 2040 diligentem
1227 1970 1281 2023 in
1313 1970 1400 2025 his
1419 1969 1784 2025 observandis
1816 1968 1988 2023 indif-

410 2063 701 2125 ferentiam
731 2063 976 2117 adducit.
1017 2060 1152 2115 Nam
1185 2069 1397 2116 tantam
1437 2063 1579 2117 viam
1614 2062 1840 2127 femina,
1885 2062 1994 2117 nisi

409 2153 506 2223 qui
564 2167 684 2207 eam
735 2158 1048 2215 conservet,
1094 2152 1315 2214 habeat,
1372 2167 1698 2227 percurrere
1754 2154 1990 2223 nequit:

409 2255 527 2307 tum
545 2245 674 2315 quia
695 2253 917 2315 propter
945 2245 1255 2299 naturalem
1286 2244 1717 2301 imbecillitatem
1740 2245 1993 2316 jumento

410 2335 742 2406 imponenda
773 2346 879 2399 est,
920 2335 1181 2404 illincque
1220 2334 1544 2404 deponenda
1574 2356 1586 2390 :
1622 2347 1736 2392 tum
1767 2337 1898 2407 quia
1935 2335 1992 2390 in

411 2428 829 2488 difﬁcultatibus
875 2427 1079 2482 tuenda
1126 2442 1191 2481 ac
1241 2428 1533 2483 servanda.
1570 2427 1847 2499 Quidquid
1892 2444 1991 2483 au-

410 2533 520 2578 tem
554 2538 868 2593 supponere
896 2524 1197 2593 possimus,
1237 2523 1356 2578 sive
1382 2529 1570 2576 notum
1602 2522 1786 2589 habet,
1817 2522 1909 2593 qui
1942 2523 1994 2577 ei

409 2620 635 2682 praestet
673 2613 1023 2683 obsequium,
1074 2613 1190 2669 sive
1222 2613 1650 2676 mercenarium,
1687 2612 1783 2683 qui
1812 2612 1993 2669 famu-

409 2703 575 2764 letur,
603 2719 671 2757 ex
706 2710 940 2771 utraque
971 2713 1127 2773 parte
1161 2703 1312 2775 quod
1355 2703 1465 2768 fiet,
1499 2704 1996 2772 reprehensionem

409 2810 523 2849 non
549 2793 793 2864 effugiet.
828 2796 963 2849 Nam
1004 2796 1122 2850 sive
1162 2802 1391 2851 externo
1419 2810 1479 2850 se
1507 2796 1840 2860 committat,
1879 2796 1996 2850 sive

411 2885 717 2939 domestico
773 2886 1175 2954 acquiescens,
1251 2886 1605 2943 continentia:
1659 2887 1832 2956 legem
1883 2902 1992 2942 non

412 2980 726 3039 conservat.
779 2976 918 3029 Cum
965 2984 1148 3030 autem
1195 2977 1253 3030 in
1297 2976 1435 3030 locis
1476 2977 1586 3031 illis
1620 2974 1993 3034 Orientalibus

411 3065 717 3121 diversoria
756 3073 811 3121 et
862 3066 1121 3136 hospitia,
1174 3068 1452 3138 urbesque
1493 3070 1548 3123 in
1591 3059 1778 3124 inullis
1821 3069 1992 3123 licen-

2090 593 2183 644 καὶ
2210 590 2445 662 ψυχικὴν
2500 592 2889 663 προστρίϐεται
2941 590 3147 662 βλάϐην
3185 594 3297 655 τοῖς
3338 591 3429 644 τὸν
3473 593 3681 665 ἀκριϐῆ

2092 683 2206 753 βίον
2265 684 2708 755 ὲνστησαμὲνοις,
2753 684 2855 737 οὐκ
2900 682 3013 736 ἔστι
3055 683 3154 753 τῆς
3190 684 3407 753 μακρᾶς
3444 685 3681 753 σπουδῆς

2090 777 2258 842 ἀξιον,
2294 775 2430 831 ἀλλά
2483 777 2583 847 τῆς
2619 777 2881 848 μεγίστης
2915 775 3185 845 φυλακῆς,
3218 775 3295 838 ὡς
3349 776 3540 846 μηδενὶ
3572 777 3679 828 τῶν

2090 868 2582 922 καταϐλαπτόντων
2606 870 2633 921 ὁ
2652 868 2794 924 κατὰ
2816 868 2949 921 Θεὸν
2980 867 3364 939 προῃρημένος
3388 867 3488 939 ζῇν
3523 886 3677 938 περι-

2092 958 2350 1027 πείροιτο.
2405 959 2470 1011 Τί
2520 953 2613 1011 οὖν
2660 960 2808 1011 ἐστιν
2855 959 2913 1011 ὲν
2959 955 3169 1019 τούτοις
3204 956 3265 1009 τὸ
3294 955 3573 1025 βλάπτον;
3614 955 3683 1009 Ἡ

2093 1049 2263 1119 σεμνὴ
2299 1048 2540 1102 πολιτεία
2568 1051 2700 1103 πᾶσι
2744 1048 3050 1120 πρόκειται,
3083 1050 3176 1100 καὶ
3209 1048 3435 1120 ἀνδράσι
3471 1050 3564 1100 καὶ
3591 1065 3683 1115 γυ-

2091 1139 2288 1204 ναιξὶν,
2323 1140 2453 1193 [διον
2499 1139 2593 1192 τοῦ
2624 1139 2764 1193 κατά
2804 1138 3123 1209 φιλοσοφίαν
3164 1139 3301 1208 βίου,
3346 1141 3380 1210 ἡ
3412 1140 3684 1209 εὐσχημο-

2094 1232 2229 1301 σύνη
2250 1248 2265 1263 ο
2318 1231 2454 1303 αὕτη
2491 1230 2549 1284 δὲ
2591 1232 2649 1284 ὲν
2686 1230 2765 1302 τῷ
2800 1231 3016 1302 ἀμίκτῳ
3050 1232 3146 1285 καὶ
3179 1231 3433 1296 ἰδιάζοντι
3459 1233 3558 1303 βίῳ
3582 1234 3683 1302 τῆς

2093 1325 2236 1396 ζωῆς
2284 1322 2663 1395 κατορθοῦται,
2701 1322 2778 1386 ὡς
2826 1324 3181 1395 ἀνεπίμικτον
3229 1324 3324 1377 καὶ
3376 1324 3683 1393 ἀσύγχυτον

2093 1415 2231 1472 εἶναι
2273 1419 2372 1489 τὴν
2412 1417 2594 1486 φύσιν,
2660 1418 2795 1488 μήτε
2840 1417 2949 1471 τῶν
3012 1418 3288 1486 γυναικῶν
3328 1420 3384 1471 ἐν
3429 1418 3680 1489 ἀνδράσι,

2096 1513 2235 1582 μήτε
2262 1510 2369 1564 τῶν
2420 1509 2629 1581 ἀνδρῶν
2687 1511 2746 1562 ἐν
2774 1509 2986 1579 γυναιξὶ
3016 1510 3154 1581 πρὸς
3186 1509 3254 1562 τά
3300 1527 3682 1581 παρατετηρη-

2099 1603 2237 1673 μένα
2264 1604 2360 1674 τῆς
2393 1603 2807 1674 εὐσχημοσύνης
2837 1602 3153 1675 ὁρμώντων.
3192 1603 3331 1657 Ἀλλ’
3370 1606 3403 1675 ὴ
3438 1605 3535 1675 τῆς
3553 1604 3681 1661 ὁδοι-

2096 1696 2293 1767 πορίας
2324 1697 2535 1769 ἀνάγκη
2566 1699 2651 1751 ἀεὶ¹
2679 1699 2777 1769 τὴν
2807 1701 2865 1752 ἐν
2895 1699 3106 1761 τούτοις
3125 1697 3410 1770 ἀκρίϐειαν
3433 1697 3682 1769 καὶπρὸς

2096 1788 2418 1860 ἀδιαφορίαν
2467 1788 2573 1842 τῶν
2626 1789 3171 1861 παρατετηρημὲνων
3218 1790 3376 1858 ἄγει·
3403 1791 3681 1861 ἀμήχανον

2097 1880 2205 1952 γὰρ
2255 1882 2476 1950 γυναικὶ
2523 1881 2797 1952 τοσαύτην
2832 1882 2951 1953 ὁδὸν
3012 1882 3351 1954 διαδραμεῖν,
3395 1884 3445 1935 εί
3482 1883 3555 1953 μὴ
3591 1882 3681 1937 τὸν

2096 1970 2430 2035 διασώζοντα
2469 1972 2603 2043 ἔχοι,
2646 1973 2741 2027 καὶ
2764 1973 2853 2026 διά
2874 1972 2972 2044 τὴν
2997 1974 3230 2045 φυσικὴν
3253 1974 3533 2029 ἀσθένειαν
3559 1975 3683 2028 ἀναο

2095 2062 2300 2134 γομένη
2329 2064 2433 2116 ὑπὸ
2458 2063 2519 2117 τὸ
2558 2060 2873 2132 ὑποζύγιον,
2908 2064 3163 2118 κάκεῖθεν
3193 2063 3559 2134 καταγομένη,
3588 2064 3681 2116 καὶ

2093 2154 2151 2207 ὲν
2192 2155 2313 2217 ταῖς
2362 2153 2700 2225 δυσχερείαις
2744 2153 3261 2226 παρακραξουμένη.
3311 2154 3487 2225 Ὅπερ
3537 2153 3580 2206 δ’
3612 2153 3677 2207 ἀν

2094 2242 2441 2312 ὑποθώμεθα,
2494 2245 2604 2297 εἴτε
2654 2244 2932 2316 γνώριμον
2965 2245 3079 2316 ἔχει
3125 2246 3217 2297 τὸν
3250 2243 3348 2316 τὴν
3384 2245 3678 2315 θεραπείαν

2091 2334 2531 2409 ἀποπληροῦντα,
2565 2336 2674 2390 εἴτε
2709 2337 2978 2407 μισθωτὸν
3004 2338 3093 2391 τὸν
3121 2337 3219 2407 τὴν
3246 2338 3521 2391 διακονίαν
3539 2356 3678 2410 παρ-

2090 2431 2372 2501 εχόμενον,
2403 2432 2526 2486 καθ’
2589 2432 2847 2504 ἑκάτερον
2902 2431 3067 2503 μέρος
3129 2433 3189 2485 οὐ
3245 2431 3525 2501 διαφεύγει
3581 2432 3676 2501 τὴν

2096 2520 2302 2591 μέμψιν
2348 2520 2409 2572 τὸ
2460 2520 2778 2590 γινόμενοψ
2838 2518 2962 2573 οὔτε
3014 2520 3121 2591 γὰρ
3171 2519 3250 2589 τῷ
3300 2519 3433 2590 ξένῳ
3483 2521 3679 2590 ἑαυτὴν

2096 2610 2616 2684 προσαναπαύουσα,
2651 2609 2773 2663 οὔτε
2798 2609 2877 2681 τῷ
2914 2610 3048 2681 ἰδίῳ,
3080 2610 3171 2663 τδν
3196 2612 3295 2681 τῆς
3330 2611 3677 2682 σωφροσύνης

2095 2703 2349 2773 φυλάττει
2381 2702 2564 2772 νόμον.
2606 2702 2727 2754 Τῶν
2751 2701 2806 2754 δὲ
2845 2701 2987 2756 κατά
3023 2704 3149 2765 τοὺς
3195 2702 3566 2766 ’Λνατολικοῦς
3590 2702 3676 2755 τό-

2094 2812 2229 2857 πους
2249 2793 2578 2864 πανδοχείων
2598 2794 2691 2846 καὶ
2714 2792 2918 2847 καταλυ
2927 2794 3110 2864 μάτων
3129 2836 3143 2859 ,
3164 2795 3257 2847 καὶ
3282 2794 3489 2848 πόλεων
3510 2793 3677 2847 πολλὰ

2093 2888 2191 2957 τὴν
2214 2886 2397 2940 ἄδειαν
2418 2886 2669 2957 καὶπρὸς
2683 2886 2741 2941 τὸ
2764 2887 2931 2943 κακὸν
2959 2887 3057 2958 τὴν
3078 2886 3398 2957 ἀδιαφορίαν
3422 2886 3676 2956 ἑχόντων,

2092 2976 2212 3039 πῶς
2242 2974 2394 3028 ἔσται
2447 2974 2672 3028 δυνατὸν
2699 2973 2787 3027 διά
2812 2976 3018 3028 καπνοῦ
3068 2976 3337 3048 παριόντα
3368 2976 3442 3047 μὴ
3479 2976 3677 3047 δριμυ-

2091 3067 2287 3139 χοῆναι
2318 3065 2417 3128 τὰς
2441 3064 2590 3135 ὄψεις
2617 3082 2631 3132 ;
2664 3065 2836 3117 Ὅπου
2869 3065 3155 3136 μολύνεται
3188 3067 3285 3136 μὲν
3311 3067 3469 3137 ἀκοὴ,
3509 3067 3671 3137 μολύ-

409 3157 546 3212 tiam
578 3168 631 3214 et
664 3159 730 3214 ad
765 3161 971 3214 malum
1009 3161 1434 3217 indifferentiam
1464 3163 1725 3227 habeant,
1751 3162 1843 3233 qui
1869 3162 1989 3218 ﬁeri

2095 3146 2241 3210 νέται
2268 3154 2324 3208 δὲ
2355 3154 2649 3223 ὀφθαλμὸς,
2679 3153 2961 3223 μολύνεται
2977 3154 3034 3207 δὲ
3056 3153 3273 3226 καρδία,
3293 3153 3360 3207 δι’
3380 3153 3677 3225 ὀφθαλμῶν

410 3251 639 3319 poterit,
670 3256 731 3303 ut
771 3250 866 3320 qui
911 3266 1009 3319 per
1042 3249 1252 3306 fumum
1299 3252 1565 3316 ambulet,
1606 3267 1718 3306 non
1758 3266 1993 3323 exaspe-

411 3347 570 3396 retur
623 3340 842 3397 oculis?
902 3339 1007 3395 Ubi
1069 3341 1396 3411 inquinatur
1437 3341 1611 3405 auris,
1670 3341 1993 3411 inquinatur

410 3431 630 3495 oculus,
674 3430 999 3502 inquinatur
1028 3439 1083 3487 et
1133 3447 1252 3496 cor,
1286 3448 1383 3503 per
1411 3433 1605 3488 oculos
1646 3439 1702 3486 et
1741 3430 1992 3486 auditum

409 3522 650 3578 nefanda
685 3522 989 3593 excipiens,
1040 3525 1132 3594 qui
1188 3523 1304 3589 fieri
1347 3524 1573 3595 poterit,
1610 3531 1671 3579 ut
1724 3538 1832 3578 non
1876 3521 1993 3577 alii-

410 3617 613 3682 ciatur,
641 3617 737 3687 qui
781 3616 977 3674 affecta
1027 3618 1149 3673 loca
1190 3618 1642 3689 transgreditur?
1687 3615 1831 3684 Quid
1861 3630 1992 3671 vero

409 3710 576 3767 etiam
608 3709 732 3778 plus
758 3717 845 3774 est
889 3709 1202 3777 habiturus,
1231 3710 1326 3780 qui
1370 3711 1491 3766 loca
1523 3710 1615 3764 illa
1651 3709 1787 3772 adit,
1831 3706 1992 3778 quasi

409 3814 546 3864 vero
576 3801 881 3855 etiamnum
926 3799 1193 3857 Dominus
1219 3800 1582 3869 corporaliter
1610 3798 1667 3853 in
1704 3798 1841 3852 locis
1880 3797 1991 3852 illis

410 3888 594 3958 degat,
634 3897 801 3961 atque
843 3905 874 3943 a
915 3890 1076 3949 nobis
1129 3889 1327 3947 abierit
1357 3909 1369 3944 :
1404 3899 1500 3945 aut
1546 3889 1718 3944 veluti
1765 3895 1992 3944 sanctus

413 3980 654 4049 Spiritus
710 3980 853 4050 apud
897 3978 1392 4050 Jerosolymitanos
1439 3980 1703 4045 abundet,
1757 3979 1824 4034 ad
1888 3994 1992 4034 nos

412 4081 595 4137 autem
648 4073 890 4127 transire
945 4087 1056 4126 non
1089 4073 1305 4144 possit?
1350 4072 1531 4142 Atque
1571 4072 1615 4130 si
1639 4087 1704 4126 ex
1756 4071 1826 4126 iis
1871 4085 1993 4141 quae

407 4162 834 4234 conspiciuntur
875 4163 970 4219 Dei
1007 4165 1354 4234 praesentiam
1388 4164 1666 4235 conjicere
1705 4163 1855 4231 licet,
1891 4178 1995 4233 po-

410 4259 524 4327 tius
572 4257 629 4311 in
686 4258 912 4313 natione
954 4256 1339 4328 Cappadocum
1392 4256 1562 4312 Deum
1617 4269 1828 4309 moram
1879 4261 1992 4307 tra-

408 4350 544 4411 here
579 4349 706 4420 quis
759 4349 1043 4407 statuerit,
1072 4362 1240 4417 quam
1274 4348 1330 4401 in
1374 4348 1619 4412 externis
1663 4347 1821 4402 locis.
1851 4345 1989 4403 Nam

408 4450 544 4512 quc-t
593 4447 725 4495 sunt
763 4441 817 4496 in
856 4440 925 4495 iis
958 4439 1179 4502 altaria,
1229 4454 1327 4508 per
1355 4454 1496 4508 quae-
1526 4438 1741 4493 Domini
1788 4453 1990 4493 nomen

2100 3249 2191 3303 καὶ
2235 3248 2403 3319 ἀκοῆς
2450 3245 2712 3316 δεχομένη
2752 3245 2821 3299 τὰ
2864 3245 3074 3299 ἄτοπα·
3135 3246 3250 3308 πῶς
3277 3245 3428 3299 ἔσται
3455 3245 3677 3298 δυνατὸν

2100 3339 2325 3402 ἀπαθῶς
2378 3337 2666 3410 παρελθεῖν
2698 3339 2822 3400 τοὺς
2848 3337 3113 3408 ἐμπαθεῖς
3138 3338 3335 3402 τόπους
3360 3355 3375 3403 ;
3399 3337 3464 3390 Τί
3498 3339 3553 3392 δὲ
3584 3339 3676 3391 καὶ

2100 3429 2260 3482 πλέον
2292 3425 2402 3492 ἕξει
2451 3429 2478 3480 ὁ
2525 3428 2585 3481 ὲν
2636 3429 2747 3490 τοῖς
2778 3426 2963 3493 τόποις
3001 3429 3230 3493 ἐκείνοις
3266 3430 3573 3501 γενόμενος,
3599 3428 3674 3492 ὡς

2103 3523 2264 3593 μέχρι
2300 3518 2392 3573 τοῦ
2415 3519 2510 3572 νῦν
2536 3518 2861 3589 σωματικῶς
2886 3519 2980 3573 τοῦ
3009 3521 3214 3591 Κυρίου
3237 3522 3294 3573 ὲν
3315 3522 3543 3585 ἐκείνοις
3565 3524 3677 3586 τοῖς

2097 3614 2284 3675 τόποις
2329 3611 2625 3679 διάγοντος,
2661 3609 2818 3685 ἡμῶν
2855 3610 2912 3664 δὲ
2942 3611 3347 3679 ἀποφοιτῶντος
3372 3628 3384 3639 ·
3410 3612 3442 3680 ἢ
3472 3610 3545 3673 ὡς
3578 3608 3674 3663 τοῦ

2098 3704 2255 3772 ἁγίου
2290 3702 2604 3773 Πνεύματος
2649 3701 2797 3772 παρά
2824 3702 2936 3763 τοῖς
2973 3701 3423 3772 Ἱεροσολυμίταις
3458 3700 3677 3755 πλεονά-

2099 3795 2301 3860 ζοντος,
2325 3795 2458 3864 πρὸς
2477 3794 2533 3846 δὲ
2560 3795 2705 3864 ἡμᾶς
2724 3793 2972 3861 διαϐῆναι
2998 3793 3405 3854 ἀδυνατοῦντος
3435 3792 3543 3845 Καὶ
3570 3792 3675 3864 μὴν

2099 3889 2146 3940 εἰ
2172 3887 2317 3939 ἐστιν
2345 3887 2409 3938 ὲκ
2438 3884 2544 3937 τῶν
2571 3884 2931 3954 φαινομένων,
2966 3882 3101 3936 Θεοῦ
3147 3884 3447 3954 παρουσίαν
3470 3884 3673 3954 τεκμή-

2102 3976 2315 4049 ρασθαι,
2358 3974 2555 4044 μᾶλλον
2581 3974 2646 4028 ἄν
2666 3991 2750 4037 τις
2795 3975 2853 4026 ὲν
2877 3972 2952 4043 τῷ
2980 3973 3121 4027 ἔθνει
3163 3973 3269 4026 τῶν
3298 3973 3677 4026 Καππαδοκῶν

2096 4071 2189 4123 τὸν
2218 4068 2350 4121 Θεὸν
2376 4066 2682 4121 διαιτᾶσθαι
2714 4066 3003 4136 νομίσειεν,
3038 4065 3183 4135 ἥπερ
3215 4066 3272 4117 ὲν
3306 4067 3415 4128 τοῖς
3458 4064 3561 4130 ἔξω
3591 4066 3679 4117 τό-

2100 4174 2237 4220 ποις.
2270 4157 2407 4209 Ὅσα
2438 4155 2543 4225 γάρ
2576 4157 2720 4207 ἐστιν
2751 4154 2808 4205 ὲν
2843 4152 3053 4216 τούτοις
3097 4152 3476 4224 θυσιαστήρια,
3511 4151 3578 4204 δι’
3605 4146 3678 4205 ὧν

2097 4251 2158 4302 τὸ
2182 4249 2349 4319 ὄνομα
2372 4245 2467 4300 τοῦ
2491 4246 2707 4318 ⁸Κυρίου
2754 4244 3073 4311 δοξάζεται;
3127 4245 3228 4297 ούκ
3272 4244 3338 4299 ἄν
3376 4262 3457 4308 τις
3492 4243 3676 4297 τοσάδε

2099 4343 2279 4413 πάσης
2316 4339 2499 4409 σχεδὸν
2528 4339 2627 4408 τῆς
2666 4339 2987 4410 οἰκουμένης
3012 4336 3440 4409 ἐξαριθμήσαιτο
3492 4336 3676 4407 θυσιαο

2100 4434 2314 4504 στήρια.
2365 4432 2595 4484 Ἔπειτα
2648 4431 2698 4482 εί
2753 4430 2849 4484 καὶ
2889 4425 2956 4501 ἧν
2999 4429 3176 4482 πλέων
3222 4432 3254 4498 ή
3285 4430 3445 4499 χάρις
3479 4428 3535 4478 ἐν
3567 4427 3676 4489 τοῖς

408 4528 758 4585 celebratur?
805 4525 917 4588 Nec
966 4541 1098 4593 sane
1138 4526 1263 4595 quis
1322 4527 1493 4593 totius
1542 4526 1779 4582 fortasse
1837 4525 1989 4581 orbis

2106 4523 2452 4595 Ἱεροσόλυμα
2497 4522 2714 4586 τόποις,
2763 4521 2863 4574 οὐκ
2915 4520 2981 4575 ἂν
3022 4519 3362 4591 ὲπεχωρίαξε
3410 4522 3521 4582 τοῖς
3567 4518 3680 4569 ἐκεῖ

405 4622 642 4683 tOtidem
699 4627 1052 4687 enumeraret
1116 4620 1367 4693 altaria...
1402 4618 1607 4675 Deinde
1666 4619 1883 4673 etiamsi
1937 4619 2035 4689 in.

405 4715 550 4772 locis
590 4712 1073 4784 Jerosolymitanis
1116 4713 1240 4781 plus
1287 4711 1490 4767 divinae
1528 4711 1719 4781 gratiae
1764 4710 1991 4776 inesset,

404 4808 520 4873 illic
546 4807 848 4872 viventium
887 4812 1174 4876 peccatum
1201 4820 1314 4860 non
1342 4812 1453 4859 tam
1480 4803 1742 4876 frequens
1769 4810 1823 4857 et
1868 4816 1994 4857 con-

410 4910 631 4962 Suetum
675 4909 841 4957 esset.
878 4898 999 4954 Jam
1051 4913 1185 4955 vero
1230 4899 1442 4953 nullum
1493 4905 1579 4952 est
1630 4895 1994 4961 immunditiae

405 5008 604 5065 genus,
634 4992 783 5063 quod
816 4991 962 5062 apud
1005 5006 1101 5055 eos
1148 5004 1257 5045 non
1292 4997 1683 5060 perpetretur:
1714 5002 1779 5043 ae
1831 4986 1991 5041 mali-

404 5088 519 5152 tiae,
561 5084 855 5149 adulteria,
907 5082 1074 5147 furta,
1122 5081 1465 5146 idololatriae,
1509 5079 1798 5142 veneficia,
1848 5079 1988 5132 invi-

404 5179 510 5235 diae
537 5185 591 5234 et
618 5177 822 5240 caedes,
853 5191 917 5230 ac
947 5182 1160 5238 tantum
1194 5172 1250 5226 in
1282 5171 1477 5243 primis
1506 5170 1712 5224 malum
1744 5169 1853 5224 illis
1874 5177 1984 5221 tam

403 5270 667 5341 frequens
697 5278 750 5323 et
778 5267 1064 5326 assiduum
1097 5273 1202 5327 est,
1234 5270 1294 5317 ut
1322 5277 1597 5332 nusquam
1630 5270 1780 5315 tanta
1810 5261 1882 5316 sit
1914 5261 1985 5314 ad

2095 4615 2261 4679 ζῶσιν
2282 4616 2316 4685 ἡ
2346 4612 2606 4684 ἁμαρτία.
2631 4610 2746 4665 Νῦν
2779 4611 2879 4681 μέν
2919 4627 3002 4663 τοι
3028 4610 3129 4663 οὐκ
3157 4609 3306 4663 ἔστιν
3334 4607 3672 4680 ἀκαθαρσίας

2092 4705 2249 4771 εἶδος,
2285 4706 2314 4759 δ
2346 4706 2419 4777 μὴ
2447 4704 2712 4775 τολμᾶται
2746 4706 2875 4774 παρ’
2899 4703 3103 4766 αὐτοῖς.
3143 4701 3253 4754 Καὶ
3283 4700 3562 4770 πονηρίαι,
3588 4698 3679 4751 καὶ

2096 4801 2352 4872 μοιχεῖαι,
2394 4797 2488 4851 καὶ
2537 4794 2757 4862 κλοπαὶ,
2804 4795 2897 4848 καὶ
2928 4793 3377 4862 εἰδωλολατρεῖαι,
3410 4791 3502 4844 καὶ
3541 4805 3677 4858 φαρ-

2097 4893 2339 4962 μακεῖαι,
2393 4890 2490 4943 καὶ
2534 4888 2741 4959 φθόνοι,
2797 4890 2893 4941 καὶ
2924 4888 3095 4958 φόνοι,
3143 4886 3238 4940 καὶ
3274 4884 3507 4956 μάλιστά
3531 4899 3592 4949 γε
3621 4881 3677 4933 τὸ

2095 4981 2333 5035 τοιοῦτον
2371 4979 2723 5051 ἐπιχωριάζει
2754 4978 2945 5043 κακὸν,
2972 4977 3115 5031 ὥστε
3146 4974 3395 5047 μηδαμοῦ
3426 4970 3677 5039 τοιαύτην

2096 5074 2417 5144 ἑτοιμότητα
2446 5069 2583 5126 εἶναι
2607 5071 2742 5143 πρὸς
2765 5071 2827 5124 τὸ
2850 5070 3117 5141 φονεύειν,
3146 5069 3269 5122 ὅσον
3288 5068 3345 5119 ὲν
3369 5066 3481 5127 τοῖς
3495 5063 3681 5123 τόποις

2093 5167 2341 5230 ἐκείνοις,
2371 5165 2574 5236 θηρίων
2596 5164 2751 5235 δίκην
2776 5163 2855 5233 τῷ
2881 5163 3076 5233 αἵματι
3106 5160 3218 5214 τῶν
3239 5157 3525 5228 ὁμοφύλων
3561 5156 3681 5207 ἑπι-

2091 5260 2393 5341 τρεχόντων
2428 5258 2689 5328 ἀλλήλων,
2719 5255 2929 5327 ψυχροῦ
2958 5254 3181 5326 κέρδους
3214 5252 3392 5323 χάριν.

404 5362 792 5419 trucidandum
826 5356 1226 5429 promptitndo,
1261 5362 1467 5426 quanta
1502 5353 1614 5410 illis
1651 5353 1788 5415 locis
1821 5352 2117 5434 inhabitat,
2192 5354 2286 5407 ubi
2359 5350 2598 5407 belluino
2675 5364 2825 5407 more
2869 5349 2928 5403 in
3009 5346 3334 5418 sanguinem
3385 5341 3682 5399 contribu-

402 5457 541 5515 lium
572 5465 764 5512 mutuo
795 5456 1115 5520 incurrunt,
1147 5451 1333 5523 frigidi
1363 5450 1499 5505 lucri
1538 5464 1729 5509 causa.

476 5551 581 5606 Ubi
608 5566 739 5621 ergo
768 5550 885 5604 haec
923 5548 1081 5613 ﬁunt,
1141 5561 1254 5616 quo
1300 5553 1625 5616 argumento
1685 5543 1985 5614 intelligas,

404 5643 514 5700 illis
544 5644 600 5696 in
630 5642 768 5697 locis
826 5642 1145 5712 ampliorem
1207 5647 1443 5710 gratiam
1481 5638 1653 5693 esse?
1707 5637 1817 5692 Sed
1867 5637 1983 5692 scio

404 5734 538 5808 quid
577 5732 715 5788 mihi
748 5732 906 5785 multi
937 5731 1199 5787 adversus
1231 5744 1318 5797 ea,
1343 5745 1465 5802 qua:
1485 5729 1629 5784 dicta
1654 5736 1803 5793 sunt,
1837 5728 1979 5798 obji-

405 5828 582 5892 ciunt.
630 5823 803 5881 Aiunt
847 5822 1029 5879 enim:
1088 5823 1445 5897 quamobrem
1502 5820 1617 5878 haec
1682 5828 1876 5880 contra
1901 5828 1981 5898 _tc

2166 5542 2341 5594 Ὅπου
2372 5539 2553 5593 τοίνυν
2580 5536 2757 5613 ταῦτα
2782 5535 3012 5605 γίνεται,
3044 5534 3206 5589 ποίαν
3235 5533 3513 5601 ἀπόδειξιν
3537 5533 3682 5605 ἔχεις

2088 5633 2182 5689 τοῦ
2225 5633 2444 5687 πλείονα
2499 5631 2657 5702 χάριν
2708 5624 2847 5683 εῖναι
2900 5631 2957 5682 ὲν
3003 5630 3118 5691 τοῖς
3170 5626 3358 5690 τόποις
3413 5626 3681 5691 ὲκείνοις;

2101 5726 2240 5782 Ἀλλ’
2268 5721 2387 5779 οἴδα
2405 5724 2466 5777 τὸ
2489 5721 2903 5793 ἀντιλεγόμενον
2920 5718 3031 5773 τῶν
3047 5718 3258 5771 πολλῶν
3292 5716 3428 5788 πρὸς
3456 5718 3526 5770 τὰ
3551 5727 3679 5784 παρ’

2090 5818 2221 5903 ἐμοῦ
2268 5815 2553 5901 εἰρημένα.
2612 5812 2845 5889 Λέγουσι
2884 5811 2993 5881 γάρ
3014 5807 3159 5887 ’,Διά
3195 5807 3249 5862 τί
3274 5807 3444 5862 ταῦτα
3469 5805 3563 5861 καὶ
3586 5803 3683 5856 ἐπὶ
