4068 6154
405 346 541 405 1015

1636 340 2018 399 ΕΡΙΞΤΟιιΕ.
2047 372 2116 380 -
2140 339 2358 397 EPIST.
2392 342 2458 398 Il.

3520 356 3660 412 1014

407 459 466 511 σὲ
486 457 648 512 αὐτὸν
673 457 773 511 οὐκ
805 457 1233 529 ὲνομοθέτησας;
1263 457 1327 511 El
1356 456 1466 527 γὰρ
1501 456 1664 526 μηδὲν
1692 450 1761 525 ἦν
1792 455 1994 520 κέρδος

2096 451 2245 505 etiam
2264 468 2375 507 non
2406 454 2697 511 decernis?
2723 456 2779 511 Si
2806 458 2950 512 enim
2978 457 3186 514 nullum
3218 474 3395 532 operae
3422 433 3661 534 pi'etium

403 549 483 620 τῷ
511 548 651 602 κατὰ
683 549 814 603 Θεὸν
865 551 1254 620 ὲκδημήσαντι,
1286 548 1407 602 ἀντὶ
1442 547 1536 600 τοῦ
1563 546 1814 615 γενέσθαι
1847 547 1983 611 ἐκεῖ,

407 638 545 707 ὑπὲρ
571 637 712 700 τίνος
746 638 922 709 μάτην
957 638 1193 709 ὑπέστης
1213 639 1311 709 τὴν
1325 637 1593 709 τοσαύτην
1614 636 1767 702 όδόν;
1801 631 1988 690 Ἀκού-

407 729 657 782 σάτωσαν
679 724 772 782 οὖν
803 729 903 800 τῆς
946 730 1083 801 ὑπὲρ
1111 730 1317 784 τούτων
1346 730 1478 800 παρ’
1502 727 1637 800 ἐμοῦ
1669 726 1985 796 ἀπολογίας.

418 818 569 888 Ἐμοὶ
591 817 679 870 διὰ
695 818 792 887 τὴν
810 818 1053 890 ἀνάγκην
1076 817 1280 890 ταύτην
1306 819 1364 873 ὲν
1457 817 1557 889 ζῇν
1584 816 1818 888 ἐτάχθην
1838 814 1989 888 παρὰ

405 905 500 959 τοῦ
533 906 940 977 οίκονομοῦντος
969 907 1124 979 ήμῶν
1141 907 1237 979 τὴν
1270 906 1438 978 ζωὴν,
1469 905 1685 974 ἐγένετο
1706 906 1803 977 τῆς
1824 905 1988 974 ἁγίας

409 995 629 1049 συνόδου
682 996 1019 1068 διορθώσεως
1067 1000 1250 1053 ἕνεκεν
1292 999 1393 1071 τῆς
1421 1000 1563 1055 κατὰ
1595 999 1694 1072 τὴν
1727 999 1987 1073 Ἀραϐίαν

422 1088 769 1159 Ἑκκλησίας,
807 1090 970 1162 μέχρι
997 1091 1106 1145 τῶν
1138 1093 1318 1147 τόπων
1358 1091 1635 1161 γενέσθαι.
1660 1092 1771 1156 Καὶ
1800 1092 1987 1164 ἐπειδὴ

410 1180 609 1253 ὅμορός
637 1182 827 1254 ὲστινή
858 1183 1084 1253 Ἀραϐία
1103 1185 1215 1248 τοῖς
1241 1184 1379 1237 κατὰ
1417 1183 1763 1254 Ἱεροσόλυμα
1776 1182 1987 1248 τόποις,

410 1271 779 1342 ὑποσχόμενος
806 1274 900 1328 καὶ
947 1275 1348 1346 συσκεψὸμενος
1389 1278 1503 1338 τοῖς
1539 1276 1845 1347 προεστῶσι
1878 1278 1992 1341 τοῖς

409 1362 517 1417 τῶν
546 1363 719 1431 ἁγίων
761 1364 1203 1436 Ἱεροσολυμιτῶν
1255 1367 1612 1439 Ἐκκλησιῶν,
1636 1368 1725 1422 διὰ
1764 1369 1826 1422 τὸ
1850 1365 1991 1423 εἶναι

408 1454 588 1507 αὐτῶν
616 1455 674 1507 ὲν
705 1457 916 1527 ταραχῇ
951 1455 1019 1509 τὰ
1061 1456 1382 1529 πράγματα,
1409 1458 1506 1512 καὶ
1525 1458 1747 1529 χρῄζειν
1779 1457 1872 1512 τοῦ
1897 1475 1992 1530 με-

412 1549 733 1614 σιτεύοντος.
777 1552 1005 1605 Ἔπειτα
1034 1553 1112 1618 δὲ,
1165 1552 1259 1607 καὶ
1296 1553 1391 1607 τοῦ
1421 1553 1811 1609 εὐσεϐεστάτου
1838 1553 1993 1625 βασι-

408 1641 547 1706 λέως
567 1644 983 1714 παρασχομένου
1005 1644 1101 1715 τὴν
1113 1644 1360 1699 εὐκολίαν
1375 1645 1473 1716 τῆς
1484 1646 1603 1699 ὁδοῦ
1624 1646 1714 1700 διὰ
1730 1647 1989 1719 δημοσίου

408 1734 687 1805 ὀχήματος
717 1776 731 1796 ,
787 1735 1014 1804 οὐδεμία
1072 1738 1202 1806 ἡμῖν
1265 1737 1480 1809 ἀνάγκη
1535 1737 1752 1805 ἐγένετο
1816 1737 1989 1791 ταῦτα

410 1828 663 1898 πάσχειν,
694 1828 730 1882 ἁ
763 1828 857 1883 καὶ
872 1830 964 1882 ἐπὶ
995 1828 1105 1881 τῶν
1128 1828 1301 1883 ἄλλων
1327 1830 1756 1901 κατενοήσαμεν.
1791 1830 1864 1883 Τὸ
1882 1829 1991 1901 γὰρ

410 1919 594 1990 ὄχημα
649 1921 779 1991 ἡμῖν
832 1920 953 1974 ἀντὶ
1001 1919 1327 1991 Ἐκκλησίας
1368 1921 1463 1974 καὶ
1515 1921 1875 1993 μοναστηρίου
1903 1916 1992 1993 ἦν,

409 2011 499 2065 διὰ
522 2012 701 2084 πάσης
738 2012 837 2082 τῆς
881 2012 1001 2065 ὁδοῦ
1043 2012 1465 2083 συμψαλλόντων
1491 2013 1709 2068 πάντων
1745 2014 1839 2067 καὶ
1868 2030 1995 2067 συν-

411 2101 779 2170 νηστευόντων
809 2100 887 2172 τῷ
936 2100 1140 2172 Κυρίῳ.
1200 2102 1274 2154 Τὸ
1324 2097 1417 2157 οῦν
1476 2102 1743 2173 ἡμέτερον
1790 2102 1995 2174 μηδένα

414 2191 811 2256 σκανδαλιζέτω
840 2210 853 2224 ·
895 2190 1092 2261 μᾶλλον
1112 2191 1170 2243 δὲ
1196 2190 1400 2263 πιθανὴ
1433 2191 1725 2264 γενέσθωὴ
1753 2191 1994 2263 συμϐου-

411 2281 504 2335 λία
532 2282 707 2353 ήμῶν,
731 2283 811 2335 ὅτι
834 2281 962 2352 περὶ
982 2274 1058 2336 ὧν
1085 2282 1162 2352 τῷ
1192 2282 1456 2354 ὀφθαλμῷ
1479 2281 1841 2353 ὐπεϐάλομεν,
1868 2284 1996 2353 περ)⁵

410 2372 617 2428 τούτων
663 2375 757 2428 καὶ
804 2374 1264 2447 συμϐουλεύομεν.
1303 2375 1496 2445 Ἡμεῖς
1527 2375 1637 2447 γὰρ
1666 2374 1756 2428 τὸν
1797 2377 1997 2446 ἐπιφα-

411 2464 574 2519 νέντα
621 2466 855 2537 Χριστὸν
908 2463 1045 2520 εἶναι
1096 2467 1228 2521 Θεὸν
1263 2466 1512 2537 ἀληθινὸν
1564 2465 1996 2537 ὡμολογήσαμεν

413 2556 506 2607 καὶ
534 2557 664 2628 πρὶν
711 2557 804 2610 ἐπὶ
853 2557 945 2611 τοῦ
988 2557 1154 2612 τόπου
1180 2557 1455 2626 γενέσθαι,
1496 2557 1591 2611 καὶ
1628 2556 1770 2628 μετὰ
1799 2556 1993 2621 ταῦτα,

411 2646 535 2700 οὐτε
580 2647 681 2718 τῆς
747 2648 981 2712 πίστεως
1031 2648 1446 2721 ἐλαττουμένης,
1494 2646 1619 2702 οὐτε
1654 2647 1791 2719 μετὰ
1823 2647 1996 2702 ταῦτα

414 2737 906 2810 προσαυξηθείσης.
922 2740 1033 2793 Καὶ
1057 2739 1155 2811 τὴν
1177 2740 1267 2794 διὰ
1289 2742 1391 2812 τῆς
1421 2741 1703 2813 Παρθένου
1722 2740 1995 2814 ὲνανθρὼ-

413 2848 582 2903 πησιν
610 2833 705 2886 καὶ
756 2830 862 2903 πρὸ
907 2833 1007 2903 τῆς
1059 2832 1307 2905 Βηθλεὲμ
1344 2835 1717 2905 ἠπιστάμεθα.
1751 2835 1861 2889 Καὶ
1897 2834 1996 2907 τὴν

417 2927 484 2978 ὲκ
510 2923 718 2996 νεκρῶν
749 2923 1109 2991 ἐξανάστασιν
1156 2926 1250 2980 καὶ
1300 2926 1409 2998 πρὸ
1440 2926 1535 2980 τοῦ
1566 2927 1853 2999 μνήματος
1883 2928 1999 2982 ἐπι-

420 3015 728 3085 στεύσαμεν
748 3030 765 3047 ο
803 3016 901 3069 καὶ
926 3016 1026 3083 τὴν
1059 3016 1140 3080 είς
1172 3016 1432 3086 οὐρανοὺς
1462 3016 1726 3072 ἀνάϐασιν
1758 3018 1853 3071 καὶ
1873 3017 1996 3088 δίχα

2091 542 2241 611 facit,
2283 545 2376 615 qui
2413 547 2716 602 secundum
2753 547 2922 604 Deum
2955 551 3087 606 illuc
3109 556 3491 624 peregrinatus
3534 557 3660 616 fue-

2087 637 2180 702 rit,
2207 639 2565 708 quamobrem
2596 640 2798 695 frustra
2832 649 3042 699 tantam
3078 645 3181 700 vite
3211 647 3517 704 molestiam
3539 666 3664 707 sus-

2088 730 2344 785 tinuisti?
2388 730 2629 785 Audiant
2657 733 2841 803 igitur,
2873 750 2984 806 quo
3006 737 3133 808 jure
3175 754 3262 794 me
3289 740 3345 795 in
3372 721 3441 797 iis
3472 741 3664 799 defen-

2089 820 2239 875 dam.
2273 819 2405 874 Mihi
2433 828 2659 891 propter
2695 822 2838 878 hanc
2870 823 3089 880 vivendi
3119 825 3413 891 rationem,
3468 827 3524 882 in
3554 844 3665 899 qua

2090 919 2151 966 ut
2174 910 2376 977 vivam,
2411 911 2481 966 ab
2504 926 2570 967 eo
2604 911 2696 988 qui
2724 911 3009 982 dispensat
3037 914 3203 969 vitam
3237 926 3483 972 nostram
3530 934 3664 975 con-

2091 1003 2321 1059 stitutus
2356 1017 2500 1067 sum,
2532 1018 2761 1059 necesse
2790 1002 2893 1058 fuit
2919 1019 3020 1075 pro
3048 1013 3241 1061 sancto
3271 1007 3508 1063 concilio
3565 1009 3666 1064 ha-

2090 1094 2589 1166 bitolemendandae
2615 1095 2864 1150 Arabicae
2898 1096 3161 1152 Ecclesiae
3193 1099 3393 1169 gratia,
3432 1099 3499 1154 ad
3542 1100 3666 1155 loca
3774 1134 3779 1137 -

2090 1186 2199 1242 ista
2226 1185 2528 1258 proﬁcisci.
2561 1187 2641 1242 Ac
2679 1200 2802 1242 cum
2832 1194 2981 1243 esset
3022 1187 3220 1243 Arabia
3268 1190 3410 1247 locis
3449 1189 3669 1248 Jeroso-

2091 1277 2372 1349 lymitanis
2402 1276 2767 1340 contermina,
2799 1275 3079 1346 pollicitus
3113 1291 3262 1331 eram
3286 1293 3372 1332 me
3405 1294 3515 1333 una
3534 1294 3660 1334 cum

2092 1369 2164 1425 iis
2181 1371 2274 1440 qui
2294 1368 2504 1425 sanctis
2517 1366 2998 1439 Jerosolymitanis
3009 1376 3253 1439 praesunt
3265 1367 3526 1425 Ecclesiis
3559 1370 3671 1425 dis-

2091 1459 2608 1531 ceptaturum,quod
2626 1473 2805 1514 rerum
2820 1458 2930 1514 illis
2945 1467 3089 1516 esset
3102 1466 3279 1515 status
3290 1459 3665 1529 perturbatus,

2090 1567 2156 1608 ac
2184 1553 2420 1624 quodam
2459 1551 2553 1622 qui
2587 1551 2797 1607 medius
2836 1550 3199 1606 intercederet
3238 1557 3482 1622 egerent.
3523 1549 3670 1606 Prae-

2091 1650 2240 1699 terea
2270 1657 2421 1707 vero,
2452 1642 2572 1712 ipso
2595 1655 2815 1712 quoque
2844 1640 3094 1710 piissimo
3119 1640 3445 1710 imperatore
3468 1639 3569 1695 viae
3584 1639 3669 1694 fa-

2092 1733 2355 1787 cilitatem
2391 1729 2728 1786 concedente
2756 1743 2921 1783 curru
2948 1727 3190 1798 publico,
3219 1727 3368 1780 nulla
3394 1727 3555 1783 nobis
3575 1741 3672 1782 ne-

2095 1826 2326 1881 cessitas
2345 1823 2446 1879 fuit
2466 1838 2530 1879 ea
2552 1820 2781 1893 perpeti,
2803 1834 2925 1892 qua;
2941 1819 2996 1873 in
3020 1819 3142 1875 aliis
3158 1816 3669 1873 animadvertimus.

2097 1914 2423 1971 Vehiculum
2459 1913 2607 1967 enim
2646 1910 2810 1966 nobis
2839 1924 2941 1981 pro
2965 1907 3213 1964 Ecclesia
3245 1917 3298 1963 et
3332 1908 3672 1964 monasterio

2095 2014 2236 2073 erat,
2272 2003 2529 2060 omnibus
2551 2017 2650 2073 per
2672 2008 2843 2056 totam
2870 2001 3012 2054 viam
3043 1999 3205 2057 simul
3228 1998 3586 2070 psallentibus
3616 2007 3673 2054 et

2091 2097 2472 2170 jejunantibus
2501 2094 2752 2150 Domino.
2777 2082 3041 2148 Nostrum
3067 2106 3198 2162 ergo
3229 2091 3539 2159 exemplum
3576 2104 3674 2145 ne-

2096 2191 2297 2245 minem
2329 2187 2569 2243 olicndat
2606 2205 2621 2241 :
2652 2186 2787 2256 quin
2820 2184 3005 2254 potius
3038 2182 3378 2255 probabilius
3413 2181 3542 2237 inde
3572 2195 3673 2236 no-

2097 2293 2272 2337 strum
2322 2279 2613 2337 consilium
2654 2277 2767 2343 ﬁat,
2798 2276 2946 2349 quod
2997 2275 3065 2331 de
3106 2274 3273 2330 rebus
3305 2272 3499 2328 iisdem
3533 2286 3672 2343 quas

2097 2391 2199 2432 nos
2256 2374 2593 2445 aspeximus,
2639 2370 2935 2427 consilium
2987 2375 3239 2424 nostrum
3287 2367 3500 2422 demus.
3555 2364 3669 2422 Nos

2096 2470 2243 2525 enim
2288 2466 2571 2523 Christum
2622 2463 2716 2533 qui
2762 2462 3046 2533 apparuit,
3098 2475 3222 2516 esse
3259 2458 3429 2514 Deum
3481 2472 3672 2513 verum

2098 2559 2337 2618 confessi
2379 2573 2592 2623 sumus,
2626 2557 2792 2613 etiam
2820 2564 3114 2625 antequam
3155 2568 3221 2609 eo
3251 2552 3542 2608 ivissemus
3572 2567 3587 2605 :
3616 2558 3675 2607 et

2093 2654 2244 2719 item,
2275 2650 2379 2706 (ide
2408 2664 2585 2720 neque
2617 2648 2903 2702 imminuta
2926 2688 2941 2713 ,
2969 2660 3147 2716 neque
3173 2652 3362 2715 postea
3405 2642 3662 2698 adaucta.

2094 2743 2363 2814 Quodque
2398 2741 2565 2796 bomo
2602 2754 2700 2811 per
2738 2736 3017 2809 Virginem
3056 2744 3219 2792 natus
3254 2735 3343 2803 sit,
3381 2740 3673 2803 antequam

2095 2833 2374 2889 Bethleem
2404 2832 2778 2894 intueremur,
2811 2827 3091 2883 scivimus.
3127 2825 3194 2880 Et
3231 2839 3262 2879 a
3306 2825 3540 2879 mortuis
3581 2837 3669 2878 re-

2097 2924 2499 2980 surrectionem
2527 2920 2694 2977 etiam
2736 2927 2864 2974 ante
2891 2924 3304 2973 monumentum
3337 2915 3520 2971 visum
3549 2928 3673 2969 cre-

2096 3016 2336 3073 didimus
2377 3028 2393 3068 :
2435 3022 2602 3085 atque
2651 3010 3031 3068 ascensionem
3079 3008 3134 3062 in
3171 3007 3375 3071 caelos,
3425 3005 3671 3060 nondum

413 3107 509 3160 τοῦ
526 3107 586 3160 τὸ
607 3107 731 3180 ὅρος
764 3106 871 3160 τῶν
912 3106 1135 3161 Ἐλαιῶν
1170 3107 1328 3174 ἰδεῖν,
1350 3107 1526 3179 ἁληθῆ
1551 3103 1690 3161 εἶναι
1716 3108 1994 3180 ὡμολογή-

2100 3115 2396 3179 conspecto
2427 3112 2616 3161 monte
2656 3102 2960 3166 Olivarum,
2987 3113 3172 3156 veram
3219 3098 3392 3154 fuisse
3432 3093 3675 3151 confessi

415 3217 609 3270 σαμεν.
645 3199 906 3253 Τοσοῦτον
945 3199 1002 3252 δὲ
1038 3197 1197 3269 μόνον
1232 3200 1297 3252 ὲκ
1331 3200 1429 3269 τῆς
1454 3199 1762 3271 ὁδοιπορίας
1785 3199 1999 3273 ὠφελή-

414 3293 612 3365 θημεν,
637 3293 760 3346 ὅσον
787 3295 844 3347 ὲν
865 3292 1148 3363 συγκρίσει
1175 3289 1399 3360 γνῶναι,
1433 3292 1515 3345 ὅτι
1534 3291 1603 3346 τὰ
1628 3292 1870 3363 ἡμέτερα
1891 3291 2001 3346 τῶν

414 3385 520 3449 ἔξω
551 3384 683 3438 πολὺ
735 3383 1013 3456 ἁγιώτερά
1042 3386 1207 3440 ἐστιν.
1254 3384 1419 3438 Ὅθεν
1458 3384 1508 3436 οἱ
1543 3383 1868 3455 φοϐούμενοι
1907 3384 1998 3438 τὸν

416 3476 640 3547 Κύριον,
669 3478 728 3530 ὲν
754 3470 835 3539 οἷς
854 3478 977 3530 ἐστε
1005 3477 1211 3541 τόποις,
1239 3476 1487 3531 αἰνέσατε
1511 3475 1692 3530 αὐτόν.
1724 3475 1859 3529 Θεοῦ
1889 3476 1998 3548 γὰρ

416 3568 820 3640 προσεγγισμὸν
862 3568 1060 3640 τοπικὴ
1096 3567 1421 3639 μετάστασις
1454 3570 1515 3623 οὐ
1557 3568 1955 3640 κατεργάζεται
1979 3581 1996 3596 ⁶

415 3662 531 3717 ἀλλ’
561 3663 802 3733 ὅπουπερ
836 3659 902 3714 ἂν
940 3656 1026 3734 ᾖς,
1057 3661 1191 3730 πρὸς
1231 3661 1290 3715 σὲ
1320 3661 1440 3731 ἥξει
1482 3664 1510 3715 ὁ
1539 3661 1691 3725 Θεὸς,
1723 3662 1818 3715 ἐάν
1849 3677 1913 3729 γε
1936 3660 2000 3713 τὸ

414 3756 514 3825 τῆς
536 3754 712 3824 ψυχῆς
736 3770 828 3806 σου
850 3751 1193 3820 καταγώγιον
1212 3751 1453 3805 τοιοῦτον
1474 3750 1693 3823 εὑρεθῇ,
1708 3750 1848 3805 ὥστε
1870 3753 2002 3804 ἐνοι-

413 3848 583 3917 κῆσαι
624 3846 715 3898 τὸν
770 3844 975 3916 Κύριον
1003 3845 1061 3897 ὲν
1088 3844 1170 3897 σοὶ
1208 3844 1303 3898 καὶ
1340 3846 1807 3917 ὲμπεριπατῆσαι.
1844 3844 1909 3898 Εἰ
1940 3843 1998 3897 δὲ

415 3939 599 4010 πλήρη
652 3937 798 4009 ἔχεις
858 3936 950 3989 τὸν
979 3935 1085 3989 ἔσω
1105 3935 1389 4007 ἄνθρωπον
1422 3924 1696 4008 λογισμῶν
1723 3935 1997 4008 πονηρῶν,

414 4031 521 4086 κᾶν
578 4031 670 4082 ἐπὶ
728 4027 822 4082 τοῦ
873 4027 1112 4097 Γολγοθᾶ
1157 4023 1245 4102 ᾖς,
1279 4028 1383 4083 κᾶν
1430 4028 1523 4082 ἐπὶ
1550 4028 1643 4083 τοῦ
1672 4028 1834 4100 ὄρους
1892 4027 2001 4083 τῶν

428 4120 789 4187 Ἐλαιῶν,κᾶν
816 4121 921 4175 ὐπὸ
942 4120 1002 4174 τὸ
1035 4120 1222 4192 μνῆμα
1239 4119 1339 4191 τῆς
1353 4121 1720 4187 ἀναστάσεως,
1743 4121 1997 4176 τοσοῦτον

416 4216 641 4286 ἀπέχεις
668 4215 760 4268 τὸν
782 4213 1015 4285 Χριστὸν
1048 4212 1300 4280 δέξασθαι
1333 4215 1390 4267 ὲν
1419 4213 1615 4285 ἑαυτῷ,
1634 4215 1757 4269 ὅσον
1783 4214 1833 4268 οί
1865 4214 2000 4286 μηδὲ

415 4308 515 4378 τὴν
566 4306 739 4378 ἀρχὴν
771 4305 1222 4383 ὁμολογήσαντες.
1271 4304 1679 4375 Συμϐούλευσον
1722 4301 1834 4370 οῦν,
1865 4307 2001 4375 ἁγα-

418 4398 575 4466 πητὲ,
605 4400 717 4459 τοῖς
744 4396 993 4466 ἀδελφοῖς
1024 4397 1282 4468 ἐκδημεῖν
1314 4396 1422 4449 άπὸ
1452 4396 1544 4450 τοῦ
1576 4396 1827 4468 σώματος
1861 4396 2001 4469 πρὸς

2101 3215 2312 3257 sumus.
2347 3196 2710 3253 Emolumenti
2746 3202 2926 3249 autem
2956 3192 3007 3246 id
3054 3189 3321 3244 tantulum
3355 3203 3424 3243 ex
3459 3186 3675 3242 itineris
3725 3194 3735 3199 ‘

2099 3290 2458 3347 concessione
2481 3287 2811 3351 habuimus,
2853 3284 2998 3355 quod
3038 3298 3103 3338 ex
3133 3281 3424 3337 collatione
3466 3291 3671 3347 cogno-

2101 3385 2301 3450 vimus,
2339 3388 2529 3438 nostra
2560 3377 2804 3435 externis
2833 3377 2994 3447 longe
3025 3373 3303 3430 sanctiora
3324 3386 3469 3427 esse.
3516 3368 3676 3425 Unde

2097 3491 2199 3533 vos
2242 3473 2337 3545 qui
2385 3471 2594 3527 timetis
2627 3469 2955 3530 Dominum,
2989 3466 3048 3519 in
3092 3464 3292 3534 quibus
3337 3463 3475 3517 locis
3516 3461 3672 3522 eStis,

2098 3582 2222 3625 eum
2288 3564 2528 3619 laudate.
2587 3560 2803 3616 Localis
2861 3558 3009 3614 enim
3067 3556 3330 3618 mutatio,
3397 3560 3458 3607 ut
3530 3550 3676 3607 Deus

2098 3657 2320 3729 propior
2353 3656 2445 3719 sit,
2482 3668 2593 3710 non
2645 3650 2847 3715 efficit;
2895 3648 2992 3705 sed
3056 3647 3247 3703 ubiubi
3283 3643 3478 3707 fueris,
3524 3641 3591 3696 ad
3623 3649 3676 3696 te

2098 3749 2247 3806 Deus
2276 3747 2477 3812 veniet,
2504 3743 2777 3815 siquidem
2806 3742 3001 3796 animae
3030 3747 3138 3793 tuae
3166 3734 3531 3792 diversorium
3567 3733 3678 3788 tale

2097 3844 2430 3905 inveniatur,
2465 3846 2526 3894 ut
2568 3839 2625 3891 in
2663 3842 2717 3890 te
2759 3833 3025 3889 Dominus
3071 3828 3374 3897 inhabitet,
3415 3825 3676 3881 inambu-

2099 3938 2305 4004 letque:
2344 3934 2445 3990 Sin
2476 3931 2753 3987 hominem
2789 3927 3106 3982 interiorem
3137 3919 3414 3993 perversis
3459 3917 3673 3988 cogita-

2100 4029 2345 4086 tionibus
2369 4026 2591 4097 plenum
2613 4021 2840 4084 habeas,
2857 4015 3072 4074 etiamsi
3098 4016 3153 4069 in
3182 4011 3451 4083 Golgotba
3478 4007 3673 4073 fueris,

2101 4119 2319 4179 etiamsi
2343 4120 2397 4172 in
2414 4123 2599 4172 monte
2620 4111 2926 4175 Olivarum,
2948 4106 3167 4165 etiamsi
3187 4104 3291 4162 sub
3315 4106 3674 4159 monumento

2100 4206 2546 4271 resurrectionis,
2591 4209 2806 4258 tantum
2849 4214 2880 4254 a
2912 4197 3121 4255 Christi
3150 4197 3207 4251 in
3246 4194 3491 4249 animum
3518 4199 3677 4245 tuum

2100 4302 2412 4373 receptione
2439 4299 2589 4362 abes,
2629 4302 2893 4366 quantum
2923 4291 3017 4363 qui
3052 4305 3122 4345 ne
3150 4290 3219 4345 ab
3259 4287 3416 4342 initio
3453 4283 3676 4354 quidem

2102 4395 2263 4452 fidem
2300 4390 2533 4464 professi
2562 4396 2708 4445 sunt.
2739 4384 2980 4442 Consule
3010 4396 3173 4452 ergo,
3216 4379 3446 4441 dilecte,
3482 4373 3675 4428 fratri-

417 4488 508 4543 τὸν
535 4488 758 4561 Κύριον,
809 4490 904 4543 καὶ¹
931 4488 1004 4560 μὴ
1031 4488 1138 4542 άπὸ
1168 4488 1563 4553 Καππαδοκίας
1591 4490 1671 4553 εἰς
1700 4489 1994 4543 Παλαιστί-

2100 4490 2228 4552 bus,
2259 4493 2319 4541 ut
2352 4501 2381 4540 a
2413 4497 2645 4554 corpore
2670 4479 3089 4552 peregrinentur
3116 4472 3185 4527 ad
3209 4468 3535 4530 Dominum,
3564 4479 3679 4519 non

419 4596 536 4650 νην.
586 4580 649 4633 Εί
694 4579 749 4634 δέ
776 4598 861 4644 τις
889 4580 987 4651 τὴν
1013 4580 1106 4634 τοῦ
1150 4581 1357 4652 Κμρίου
1386 4581 1568 4652 φωνὴν
1605 4581 1869 4653 προϐάλοι
1897 4582 1995 4653 τὴν

420 4671 865 4742 παραγγείλασαν
911 4674 1025 4736 τοῖς
1079 4671 1366 4743 μαθηταῖς,
1415 4671 1488 4743 μὴ
1527 4671 1855 4744 χωρίζεσθαι
1889 4673 1997 4727 ἁπὸ

431 4761 838 4833 Ἰεροσολύμων,
889 4763 1133 4834 νοησάτω
1177 4764 1239 4817 τὸ
1265 4763 1552 4836 εἰρημένον
1573 4779 1587 4794 ο
1634 4764 1933 4837 ἐπειδήπερ
1962 4764 1997 4836 ἡ

420 4855 517 4909 τοῦ
569 4852 725 4921 ἁγίου
772 4853 1088 4924 Πνεύματος
1126 4855 1284 4927 χάρις
1307 4857 1402 4910 καὶ
1428 4857 1656 4929 διανομὴ
1694 4856 1848 4912 οῦπω
1869 4860 1996 4911 έπε-

424 4947 646 5017 φοίτησε
674 4946 787 5009 τοῖς
820 4946 1156 5012 ἀποστόλοις,
1188 4949 1516 5019 προσέταξεν
1545 4949 1771 5014 αὐτοῖςό
1795 4950 2000 5023 Κύριος

423 5041 515 5093 ἐπὶ
552 5038 614 5093 τὸ
652 5038 784 5092 αὐτὸ
821 5037 1023 5109 μένειν,
1065 5039 1168 5103 ἓως
1209 5040 1278 5094 ἂν
1307 5041 1635 5097 ὲνδύσωνται
1673 5041 1905 5114 δύναμιν
1944 5042 2003 5110 ἐξ

424 5128 611 5198 ὕψους.
649 5130 712 5183 Εἰ
740 5129 836 5199 μὲν
869 5127 898 5181 ὸ
932 5124 1000 5199 ἦν
1028 5129 1119 5181 ἀπ’
1145 5130 1317 5202 ἀρχῆς
1347 5134 1554 5201 ἐγίνετο
1585 5134 1746 5204 μέχρι
1766 5131 1862 5185 τοῦ
1886 5132 2003 5197 νῦν,

2103 4597 2135 4638 e
2161 4577 2506 4650 Cappadocia
2530 4576 2584 4630 in
2612 4572 2981 4628 Palaestinam.
3014 4565 3172 4634 Quod
3212 4563 3257 4618 si
3290 4561 3419 4639 quis
3452 4558 3679 4629 objiciat

2105 4672 2322 4728 Domini
2344 4684 2537 4726 vocem
2565 4664 2854 4736 discipulis
2874 4659 3301 4732 praecipientem,
3326 4669 3395 4709 ne
3422 4650 3675 4708 discede-

2104 4773 2229 4820 rent
2268 4762 2338 4817 ab
2369 4755 2728 4826 Jerosolymis
2753 4756 2794 4819 ³,
2835 4749 3103 4820 intelligat
3127 4744 3259 4816 quid
3293 4743 3504 4799 dictum
3540 4737 3678 4795 illud

2102 4854 2359 4911 voluerit.
2407 4849 2546 4905 Cum
2586 4843 2765 4902 sancti
2801 4840 3040 4913 Spiritus
3094 4837 3270 4910 gratia
3308 4842 3362 4891 et
3403 4830 3679 4901 dispersio

2105 4947 2349 5003 nondum
2401 4941 2644 4997 venisset
2705 4933 3004 5007 apostolis,
3057 4929 3226 5001 jussit
3277 4928 3358 4984 eis
3417 4924 3681 4979 Dominus

2104 5039 2293 5097 eodem
2325 5036 2383 5091 in
2418 5034 2543 5089 loco
2571 5029 2737 5087 simul
2779 5039 3023 5089 manere,
3055 5023 3231 5076 donec
3278 5017 3455 5073 induti
3492 5021 3681 5070 essent

2101 5132 2311 5188 virtute
2345 5141 2414 5182 ex
2446 5125 2577 5180 alto.
2607 5122 2679 5177 At
2710 5120 2781 5187 si,
2812 5117 2961 5191 quod
2988 5114 3145 5170 initio
3178 5112 3359 5173 ﬁebat,
3396 5116 3459 5162 ut
3499 5104 3678 5176 Spiri-

422 5220 517 5273 τοῦ
559 5222 714 5291 ἁγίου
750 5218 891 5275 Πνεύ
900 5237 1067 5290 ματος
1096 5222 1152 5275 ἐν
1328 5225 1499 5297 πυρὸς
1526 5200 1634 5280 τῶν
1650 5200 1994 5300 χαρισμάτωκ

2105 5236 2195 5281 tus
2235 5228 2460 5279 sanctus
2488 5217 2632 5290 ignis
2663 5214 2844 5286 specie
2881 5209 3028 5265 dona
3063 5206 3296 5276 singulis
3342 5200 3676 5272 impertiret,

425 5312 830 5384 οίκονομοῦντος
843 5312 1093 5377 ἕκαστον,
1125 5312 1230 5369 ἔδει
1260 5315 1466 5382 πάντας
1497 5312 1635 5372 εῖναι
1658 5319 1716 5372 ὲν
1744 5316 1825 5389 τῷ
1851 5318 1994 5390 τόπῳ

2104 5319 2394 5387 hucusque
2423 5312 2598 5374 ﬁeret,
2633 5320 2825 5365 omnes
2858 5308 3140 5374 oporteret
3174 5299 3230 5353 in
3270 5310 3336 5350 eo
3380 5294 3503 5349 loco
3548 5305 3674 5348 esse

426 5405 620 5474 ἐκείνῳ
649 5405 706 5459 ὲν
733 5399 825 5476 ᾧή
853 5404 1082 5477 διανομὴ
1105 5403 1200 5459 τοῦ
1229 5384 1832 5479 χαρίσματοςοὲγίνετολ
1867 5410 1916 5463 εί
1943 5384 1994 5464 δέ

2107 5410 2202 5467 ubi
2249 5384 2392 5465 dona
2426 5402 2887 5461 distribuerentur
2940 5413 2955 5450 :
2998 5394 3085 5451 sin
3122 5391 3365 5479 Spiritus
3414 5386 3507 5443 ubi
3560 5384 3681 5479 vult

425 5492 488 5547 τὸ
515 5492 739 5563 Πνεῦμα
765 5495 899 5549 ὅπου
928 5493 1073 5548 θέλει
1124 5497 1266 5563 πνεῖ,
1295 5476 1466 5552 καίοι
1508 5476 1741 5555 ἐνταῦθα
1780 5500 1994 5556 πιστεύ·

2110 5500 2284 5572 spirat
2315 5515 2329 5553 :
2362 5497 2400 5554 ii
2438 5506 2655 5567 quoque
2686 5488 2782 5562 qui
2811 5486 2903 5544 hic
2927 5489 3078 5553 sunt,
3110 5497 3175 5539 ac
3212 5476 3476 5549 credunt,
3510 5478 3681 5551 part1,

574 5759 594 5792 ⁸
631 5759 752 5813 Act.
783 5776 820 5816 ι.
845 5760 897 5814 4.
