4068 6154
422 285 562 339 1015

1658 288 1712 336 ἐς.
1770 286 1808 339 G
1821 284 2097 341 REGORll
2148 279 2442 336 NYSSENI

3527 273 3664 330 1016

418 402 571 465 cipes
601 399 754 461 ﬁunt,
794 397 946 467 juxta
981 398 1100 450 iitlt‘l
1135 400 1471 467 analogiam,
1501 417 1607 454 non
1649 401 1804 469 juxta
1838 416 1986 471 pere-

2093 413 2298 458 σαντες,
2335 394 2551 464 μέτοχοι
2606 393 2843 459 γίνονται
2870 392 2965 445 τοῦ
3007 389 3366 461 χαρίσματος,
3398 387 3538 441 κατά
3568 388 3668 458 τὴν

417 490 782 558 grinationem
822 489 874 541 in
912 486 1248 559 Jci'osolyma
1291 501 1623 561 susceptam.

964 902 1296 959 EPISTOLA
1339 904 1422 958 Ill.

2005 777 2075 793 συ,

2090 484 2377 553 ἀναλογίαν
2414 484 2517 552 τῆς
2545 483 2800 546 πίστεως,
2833 483 2893 537 οὐ
2918 481 3061 537 κατά
3098 481 3196 552 τὴν
3222 479 3535 551 ἀποδημίαν
3567 479 3669 550 τὴν

2092 578 2148 629 ὲν
2186 574 2446 642 Ἰεροσολύ
2456 592 2596 645 μοις.

2653 908 2996 962 ΕΠΙΣΤΟΛΗ
3024 908 3093 962 I".

414 1059 705 1116 Commoda
740 1069 788 1144 et
824 1063 1080 1144 utilite-tes
1108 1063 1413 1144 spirituales
1453 1079 1517 1117 ex
1557 1066 1863 1144 visitqtioue
1894 1068 2130 1121 locorum
2160 1082 2464 1124 sanctorum
2509 1067 2872 1144 provenientes
2903 1068 3142 1144 agnoscit
3180 1065 3666 1144 manumque‘eonf

482 1141 693 1207 questus
724 1133 786 1185 de
816 1130 1057 1207 dissidiis
1104 1133 1355 1207 Ecclesia:
1375 1130 1864 1207 Jerosolymitame,
1901 1141 2209 1207 mysterium
2234 1130 2625 1195 incarnationis
2658 1130 3118 1206 Domiui‘eiponit
3150 1152 3362 1190 monens
3406 1130 3463 1187 ut
3494 1132 3669 1201 ﬁrmi-

486 1210 563 1253 ter
584 1200 884 1254 adha’reaut
922 1204 1149 1271 antiquae
1184 1202 1307 1271 ﬁdei
1341 1204 1535 1273 regula:
1567 1200 1607 1257 α’
1633 1203 1885 1261 Patribus
1907 1200 1999 1276 μέν
2028 1212 2368 1266 traditionem
2399 1220 2646 1279 acceptis.

421 1357 552 1414 Vere
584 1361 853 1433 rornatiss.
905 1371 954 1415 et
993 1361 1301 1433 religiosiss.
1357 1364 1645 1428 sororibus,
1680 1363 1982 1420 Eustathia:

480 1440 531 1483 et
558 1432 870 1495 Ambrosiaz,
906 1432 1103 1486 necnon
1133 1434 1488 1487 ornatissimae
1516 1445 1565 1488 et
1598 1435 1982 1491 honestissima:

481 1499 612 1568 ﬁlia:
640 1500 940 1569 Basilissw,
965 1501 1248 1572 Gregorius
1276 1505 1503 1559 salutem
1535 1506 1588 1558 in
1619 1504 1847 1561 Domino
1882 1506 1979 1575 (1).

480 1676 824 1749 Congressus
851 1679 1142 1746 bonorum,
1168 1681 1413 1751 mihique
1440 1697 1505 1738 ex
1537 1683 1723 1738 animo
1752 1683 1980 1738 dilecto-
2016 1677 2058 1732 Β

413 1786 558 1837 rum,
588 1783 643 1826 et
669 1772 816 1828 illius
852 1773 1089 1844 ingentis
1126 1775 1487 1832 humanitatis
1516 1778 1674 1833 nobis
1702 1793 1730 1831 a
1756 1777 1986 1834 Domino

413 1863 671 1933 prmstita:
724 1876 1120 1930 monumenta,
1182 1884 1305 1937 qua:
1365 1869 1532 1924 isthic
1596 1870 1984 1938 ostenduntur,

412 1954 637 2017 maximi
673 1957 853 2027 gaudii
890 1965 945 2011 et
995 1959 1294 2027 voluptatis
1330 1971 1654 2031 argumento
1690 1962 1821 2015 mihi
1869 1960 1988 2018 fue-

415 2052 565 2098 runt.
602 2043 845 2117 Utroque
893 2047 1045 2102 enim’
1089 2049 1253 2104 modo
1284 2049 1473 2105 feriari
1519 2050 1628 2107 Deo
1673 2051 1808 2122 quid
1841 2060 1989 2109 esset

413 2136 754 2205 experiebar,
802 2154 926 2193 cum
980 2150 1033 2195 et
1080 2138 1215 2204 Dei,
1264 2142 1355 2211 qui
1405 2143 1571 2197 vitam
1616 2144 1776 2199 nobis
1813 2145 1985 2209 dedit,

414 2227 661 2299 symbola
691 2230 955 2284 salutaria
994 2231 1280 2297 videbam,
1311 2243 1365 2289 et
1395 2235 1449 2288 in
1485 2234 1754 2304 ejusmodi
1795 2252 1988 2305 perso-

413 2332 515 2373 nas
550 2317 873 2383 incideram,
907 2321 961 2374 in
992 2321 1151 2390 queis
1187 2321 1282 2375 illa
1316 2321 1434 2392 ipsa
1468 2322 1623 2394 signa
1655 2322 1843 2392 gratiae
1879 2324 1988 2378 Do-

414 2408 549 2462 mini
577 2409 944 2479 spiritualiter
962 2419 1047 2467 est
1069 2414 1454 2482 contemplari,
1484 2423 1547 2469 ut
1569 2414 1800 2471 credere
1825 2415 1989 2470 liceat

412 2517 538 2558 esse
566 2518 753 2561 revera
790 2505 844 2559 in
876 2505 1060 2562 animo
1100 2506 1251 2562 illius
1282 2506 1377 2577 qui
1413 2506 1585 2561 Deum
1615 2508 1671 2563 in
1714 2523 1774 2564 se
1802 2507 1986 2574 habet,

412 2589 750 2658 Bethlehem,
777 2592 1124 2664 Golgotbam,
1157 2594 1448 2663 Olivetum,
1480 2595 1984 2655 Resurreetionem.

413 2679 551 2736 Nam
586 2683 678 2739 ubi
713 2686 767 2740 in
807 2685 993 2756 aliquo
1026 2702 1123 2758 per
1149 2687 1349 2742 bonam
1399 2688 1795 2742 conscientiam
1828 2688 1990 2744 Chri-

413 2782 536 2829 stus
568 2773 735 2829 fuerit
761 2775 1113 2843 informatus,
1148 2787 1239 2834 aut
1263 2778 1462 2849 aliquis
1498 2791 1644 2835 metu
1677 2780 1866 2835 divino
1896 2796 1988 2836 ve-

412 2864 513 2919 luti
554 2866 725 2923 clavis
770 2883 966 2926 carnes
1006 2885 1137 2926 suas
1171 2871 1461 2927 conﬁxerit
1485 2910 1502 2936 ,
1539 2871 1816 2943 fueritque
1860 2887 1987 2928 cum

2161 1452 2483 1508 ασελφαις,
2537 1452 2844 1504 murtamq
2891 1452 2989 1490 και
3049 1452 3360 1504 Λμοροσιᾳ
3390 1473 3404 1495 ,
3446 1452 3546 1486 και
3591 1452 3665 1500 τῃ

2161 1509 2534 1578 κοσμιωτάτῃ
2569 1509 2666 1562 καὶ
2687 1505 3024 1578 σεμνοτάτη
3050 1505 3291 1574 θυγατρί
3317 1505 3667 1571 Bucolicum

2160 1577 2486 1650 Γρηγόριος
2504 1580 2575 1633 ἐν
2609 1578 2803 1648 Κυρίῳ
2828 1577 3075 1647 χαίρειν.

2169 1693 2234 1747 Ἡ
2256 1692 2357 1763 μὲν
2388 1692 2496 1746 τῶν
2522 1691 2740 1761 ἀγαθῶν
2760 1690 2854 1744 καὶ
2884 1688 3234 1759 καταθυμίων
3264 1685 3540 1757 συντυχία,
3574 1686 3671 1740 καὶ

2086 1783 2155 1837 τὰ
2174 1785 2528 1856 γνωρίσματα
2548 1785 2647 1854 τῆς
2666 1782 2906 1853 μεγάλης
2920 1780 3014 1834 τοῦ
3041 1780 3312 1833 Δεσπότου
3341 1778 3483 1849 ὑπὲρ
3504 1778 3663 1849 ημῶν

2089 1876 2516 1948 φιλανθρωπίας,
2567 1874 2638 1928 τά
2679 1876 2736 1926 ὲν
2780 1874 2895 1937 τοῖς
2939 1871 3125 1935 τόποις
3176 1869 3521 1939 δεικνύμενα,
3568 1869 3670 1938 τῆς

2092 1966 2351 2036 μεγίστης
2381 1964 2594 2033 ὲγένετό
2628 1980 2717 2035 μοι
2745 1963 2921 2034 χαρᾶς
2950 1978 3011 2014 τε
3041 1959 3137 2013 καὶ
3158 1958 3496 2030 εὐφροσύνης
3533 1958 3670 2011 ὑπό-

2089 2059 2254 2121 θεσις.
2311 2056 2660 2127 Ἀμφοτέρων
2709 2056 2817 2126 γάρ
2855 2051 3095 2125 ἐδηλώθη
3145 2068 3236 2122 μοι
3285 2053 3319 2122 ἡ
3363 2050 3502 2103 κατά
3536 2048 3668 2103 θεὸν

2089 2152 2272 2223 ἑορτὴ,
2328 2152 2418 2205 διά
2466 2168 2526 2204 τε
2577 2149 2671 2204 τοῦ
2718 2150 2846 2204 ίδεῖν
2886 2148 2954 2202 τά
2988 2150 3229 2219 σωτήρια
3278 2144 3520 2215 σύμϐολα
3571 2143 3666 2198 τοῦ

2089 2243 2520 2314 ζωοποιήσαντος
2567 2244 2717 2313 ἡμᾶς
2748 2241 2907 2304 Θεοῦ,
2954 2242 3046 2295 καὶ
3084 2240 3170 2294 διά
3203 2238 3297 2293 τοῦ
3323 2238 3522 2308 ψυχαῖς
3552 2252 3671 2290 συν-

2087 2334 2290 2403 τυχεῖν,
2335 2333 2392 2387 ὲν
2436 2329 2524 2396 αἷς
2553 2332 2620 2385 τά
2662 2331 2884 2384 τοιαῦτα
2920 2331 3021 2400 τῆς
3063 2328 3159 2383 τοῦ
3204 2328 3411 2398 Κυρίου
3450 2327 3669 2398 χάριτος

2090 2423 2291 2491 σημεῖα
2319 2418 2703 2491 πνευματικῶς
2737 2418 3038 2489 θεωρεῖται,
3079 2416 3221 2469 ὥστε
3260 2413 3536 2467 πιστεύειν
3584 2414 3667 2466 ὅτι

2088 2513 2306 2583 ἀληθῶς
2348 2513 2408 2565 ὲν
2460 2514 2526 2582 τῇ
2582 2510 2778 2581 καρδίᾳ
2822 2511 2938 2563 ἐστὶ
2963 2509 3056 2563 τοῦ
3095 2508 3186 2562 τὸν
3214 2506 3347 2561 Θεὸν
3376 2507 3588 2577 ἔχοντος
3631 2505 3666 2575 ή

2088 2605 2353 2675 Βηθλεὲμ,
2386 2606 2413 2658 6
2452 2602 2736 2671 Γολγοθὰς,
2764 2603 2793 2655 6
2842 2599 3087 2663 Ἐλαιῶν,
3116 2601 3150 2670 ἡ
3191 2597 3667 2659 Ἀνάστασις.Ὅτε

2089 2695 2196 2765 γὰρ
2227 2693 2316 2748 διά
2337 2693 2433 2765 τῆς
2464 2692 2673 2762 ἀγαθῆς
2729 2690 3086 2760 συνειδήσεως
3129 2690 3158 2743 ὁ
3202 2687 3436 2759 Χριστὸς
3457 2687 3670 2757 ὲμμορ-

2089 2785 2263 2855 φωθῇ,
2325 2786 2420 2839 καὶ
2477 2783 2802 2855 καθηλώσας
2848 2783 2926 2852 τῷ
2963 2781 3091 2852 θείῳ
3141 2780 3291 2850 φόϐῳ
3328 2778 3427 2842 τὰς
3461 2779 3666 2849 σάρκας

2089 2876 2274 2937 αὑτοῦ,
2309 2879 2403 2930 καὶ
2432 2874 2832 2947 συσταυρωθεὶς
2857 2872 2935 2944 τῷ
2959 2870 3198 2944 Χριστῷ,
3221 2871 3316 2924 καὶ
3332 2868 3667 2932 ἀποκυλίσας

413 2954 634 3013 Christo
683 2960 835 3014 cruci
870 2960 1064 3016 aiiixus
1091 3002 1105 3024 ,
1154 2970 1209 3017 et
1242 2977 1411 3034 grave
1459 2977 1653 3019 saxum
1699 2964 1988 3019 mundanae

2093 2970 2185 3039 ἀφ’
2235 2969 2428 3022 ἑαυτοῦ
2476 2969 2567 3022 τὸν
2603 2967 2769 3038 βαρὺν
2810 2967 2910 3038 τῆς
2948 2964 3208 3035 βιωτικῆς
3249 2961 3465 3031 ἀπάτης
3498 2959 3664 3023 λίθον,

412 3045 628 3104 fraudis
671 3047 835 3105 fuerit
879 3052 1173 3118 amolitus,
1208 3066 1586 3124 corporeoque
1634 3064 1989 3111 monumento

412 3154 694 3212 egressus,
726 3143 878 3198 velut
907 3143 963 3197 in
1001 3159 1144 3199 nova
1177 3145 1290 3199 vita
1320 3146 1605 3203 ambulare
1635 3146 1939 3203 instituerit
1972 3166 1986 3203 :

412 3231 609 3287 relicta
649 3232 754 3288 hac
789 3234 984 3289 humili
1017 3244 1183 3306 atque
1219 3237 1373 3293 humi
1418 3247 1640 3308 repente
1672 3242 1989 3296 mortalium

412 3323 562 3391 vita,
595 3324 819 3380 sublimi
868 3326 1145 3384 desiderio
1180 3329 1237 3384 in
1282 3330 1562 3387 caelestem
1596 3331 1991 3400 rempublicam

414 3416 749 3480 ascenderit,
798 3433 1043 3488 superna
1076 3421 1359 3491 cogitans,
1407 3421 1500 3476 ubi
1544 3432 1627 3478 est
1672 3423 1933 3479 Christus
1972 3439 1987 3475 :

411 3506 493 3561 nil
542 3507 787 3577 pondere
837 3511 1084 3580 corporis
1136 3519 1421 3582 gravatus,
1466 3513 1563 3568 sed
1613 3514 1835 3584 puriore
1882 3515 1992 3570 vita

413 3600 595 3659 factus
644 3617 677 3657 a
736 3604 920 3674 seipse
975 3604 1167 3671 levior,
1221 3614 1282 3659 ut
1327 3621 1425 3676 per
1470 3606 1727 3662 sublimia
1767 3622 1991 3662 sursum

411 3693 726 3763 tendentem
749 3709 877 3749 caro
904 3695 1079 3765 ipsius
1103 3695 1266 3751 nubis
1291 3696 1466 3750 instar
1486 3696 1741 3751 comitari
1772 3699 1948 3753 valeat
1975 3715 1988 3752 :

412 3785 506 3843 hic
537 3801 661 3842 meo
690 3787 912 3858 quidem
954 3787 1169 3857 judicio
1213 3789 1357 3843 inter
1398 3789 1522 3845 illas
1569 3790 1802 3845 celebris
1834 3791 1994 3847 famae

414 3890 506 3932 res
548 3877 763 3932 censeri
798 3876 983 3942 debet,
1018 3877 1076 3931 in
1121 3877 1325 3947 quibus
1369 3877 1731 3946 benignitatis
1780 3877 1993 3934 Domini

418 3966 595 4019 nostri
632 3979 761 4034 erga
790 3964 1093 4019 humanum
1128 3979 1301 4035 genus
1333 3974 1687 4021 monumenta
1716 3967 1990 4024 visuntur.

414 4054 553 4109 Cum
588 4054 756 4124 igitur
782 4062 837 4108 et
867 4053 1123 4109 sensibus
1158 4055 1295 4109 meis
1321 4055 1441 4110 loca
1468 4067 1660 4112 sancta
1697 4058 1943 4115 intuerer
1975 4078 1990 4115 :

417 4148 663 4203 intuerer
690 4159 822 4200 vero
855 4145 959 4200 hoc
992 4145 1227 4216 amplius
1254 4146 1420 4202 etiam
1449 4151 1504 4205 in
1534 4149 1690 4207 vobis
1720 4151 1994 4221 ejusmodi

418 4235 668 4289 locorum
699 4247 959 4304 expressa
1007 4234 1163 4304 signa
1199 4252 1213 4287 :
1260 4243 1412 4291 tanto
1450 4239 1701 4308 equidem
1750 4242 1994 4312 repletus

2092 3061 2186 3112 καὶ
2225 3059 2452 3126 ἐξελθὼν
2490 3058 2584 3112 τοῦ
2621 3055 2928 3129 σωματικοῦ
2966 3054 3255 3126 μνημείου,
3283 3053 3358 3116 ὡς
3395 3053 3454 3104 ὲν
3489 3048 3669 3104 καινό-

2090 3166 2212 3220 τητι
2235 3148 2379 3220 ζωῆς
2410 3147 2797 3219 περιεπάτησε,
2837 3146 2931 3199 καὶ
2953 3149 2980 3198 ό
3011 3141 3328 3199 καταλιπὼν
3358 3143 3455 3213 τὴν
3484 3141 3667 3211 κοίλην

2092 3242 2187 3295 κα)⁸
2219 3240 2556 3313 χαμαίζηλον
2591 3240 2700 3295 τῶν
2738 3239 3040 3311 ἀνθρώπων
3070 3235 3238 3307 ζωὴν,
3262 3233 3469 3297 ἀναόἀς
3500 3233 3555 3286 δὲ
3582 3230 3671 3285 διὰ

2091 3334 2189 3403 τῆς
2219 3333 2426 3403 ὑψηλῆς
2459 3332 2750 3403 ἐπιθυμίας
2777 3334 2856 3396 είς
2876 3331 2971 3402 τὴν
3009 3328 3330 3399 ἐπουράνιον
3362 3323 3633 3381 πολιτείαν
3651 3361 3667 3386 ,

2094 3424 2189 3477 καὶ
2216 3424 2284 3476 τά
2313 3423 2425 3477 ἀνω
2469 3424 2701 3494 φρονῶν,
2759 3416 2819 3476 οὗ
2854 3425 2882 3475 ὁ
2920 3420 3176 3493 Χριστὸς,
3203 3419 3299 3472 καὶ
3338 3417 3412 3487 μὴ
3444 3414 3669 3486 βαρυνόο

2098 3532 2253 3586 μενος
2285 3514 2363 3586 τῷ
2385 3514 2538 3585 ἄχθει
2574 3514 2669 3568 τοῦ
2721 3513 2989 3584 σώματος,
3022 3513 3137 3567 ἀλλ’
3178 3506 3542 3578 ἑξελαφρύνας
3584 3504 3670 3558 διὰ

2096 3608 2481 3680 καθαρωτέρας
2532 3606 2699 3676 ζωῆς,
2731 3606 2869 3661 ὥστε
2920 3603 3069 3674 αὐτῷ
3101 3602 3328 3672 νεφέλης
3355 3600 3510 3669 δίκην
3534 3614 3669 3667 συμ⁹

2099 3699 2528 3768 μετεωροπορεῖν
2577 3698 2669 3749 ἐπὶ
2695 3696 2763 3749 τά
2793 3695 2904 3749 ἄνω
2935 3693 3033 3763 τὴν
3067 3693 3274 3762 σάρκα·
3323 3683 3496 3752 οὗτος,
3530 3684 3671 3739 κατά

2094 3806 2156 3858 γε
2214 3789 2311 3860 τὴν
2346 3789 2504 3859 ,ἐμὴν
2557 3787 2755 3857 κρίσιν,
2801 3785 3024 3840 ἐκείνων
3070 3784 3186 3837 ἐστὶ
3215 3781 3320 3836 τῶν
3353 3794 3669 3846 κατωνομα-

2098 3881 2331 3951 σμένων,
2376 3882 2432 3935 ὲν
2459 3875 2540 3943 οἷς
2589 3879 2653 3932 τά
2704 3879 3068 3949 ὑπομνήματα
3118 3876 3219 3945 τῆς
3266 3872 3360 3927 τοῦ
3402 3870 3668 3924 Δεσπότου

2096 3975 2236 4046 ὑπὲρ
2288 3974 2444 4045 ἡμῶν
2503 3972 2912 4043 φιλανθρωπίας
2957 3971 3167 4040 ὁρᾶται.
3230 3965 3446 4035 Ἐπειδὴ
3494 3964 3669 4017 τοίνυν

2095 4062 2237 4118 εἶδον
2297 4067 2393 4134 μὲν
2445 4065 2539 4119 καὶ
2601 4061 2875 4132 αἰσθητῶς
2915 4061 3039 4123 τοὺς
3071 4059 3258 4128 ἀγίους
3280 4058 3500 4120 τόπους,
3534 4051 3668 4108 εἶδον

2095 4156 2152 4209 δὲ
2178 4156 2270 4208 καὶ
2302 4156 2359 4209 ἐν
2389 4155 2515 4224 ὑμῖν
2531 4152 2636 4207 τῶν
2663 4151 2916 4204 τοιούτων
2932 4150 3112 4203 τόπων
3134 4149 3333 4218 ἐναργῆ
3354 4146 3422 4199 τά
3448 4147 3667 4215 σημεῖα,

2095 4247 2359 4316 τοσαύτης
2410 4243 2729 4316 ἐπληρώθην
2762 4244 2956 4313 χαρᾶς,
2990 4240 3129 4294 ὥστε
3177 4240 3317 4308 ὑπὲρ
3353 4238 3510 4305 λόγον
3535 4231 3669 4288 εἶναι

419 4341 540 4383 sum
570 4324 806 4397 gaudio,
846 4331 907 4380 ut
954 4324 1089 4380 illud
1140 4341 1400 4383 enarrare
1444 4330 1593 4385 nulla
1642 4333 1724 4388 vis
1775 4335 1992 4391 dicendi

2096 4339 2189 4393 τοῦ
2225 4336 2429 4405 ἀγαθοῦ
2474 4336 2572 4407 τὴν
2624 4336 2896 4405 διήγησιν.
2942 4330 3079 4385 Ἀλλ’
3129 4328 3319 4398 ἐπειδὴ
3361 4327 3537 4380 ἔοικεν
3580 4326 3668 4377 ἄν·

417 4426 602 4490 queat.
638 4416 745 4473 Sed
777 4416 995 4473 difﬁcile
1017 4424 1123 4481 est,
1152 4433 1221 4472 ne
1254 4417 1430 4474 dicam
1463 4420 1578 4477 ﬁeri
1603 4427 1825 4480 omnino
1848 4426 1992 4482 haud

2097 4434 2311 4501 θρωπον
2344 4429 2470 4481 ὂντα
2502 4426 2757 4480 δύσκολον
2781 4421 2940 4488 εἶναι,
2972 4425 3056 4477 ἵνα
3098 4422 3172 4493 μὴ
3203 4423 3341 4476 είπω
3367 4421 3449 4473 ὅτι
3477 4417 3668 4472 ἀδύνα-

417 4524 603 4582 posse,
632 4516 689 4564 ut
711 4509 876 4566 homo
904 4517 1068 4567 natus
1093 4509 1240 4565 bono
1266 4510 1451 4582 aliquo
1481 4512 1717 4579 fruatur,
1742 4518 1829 4571 cui
1860 4518 1992 4573 nihil

2093 4540 2202 4588 τον,
2254 4520 2451 4591 ἀμιγὲς
2506 4518 2600 4572 τοῦ
2639 4517 2807 4572 κακοῦ
2841 4516 2901 4571 τὸ
2941 4515 3140 4586 ἀγαθὸν
3181 4512 3557 4586 καρποῦσθαι·
3586 4509 3670 4563 διὰ

417 4606 548 4661 mali
587 4605 659 4662 sit
703 4604 1040 4663 admistum:
1089 4615 1382 4677 prepterea
1431 4606 1565 4661 mihi
1607 4622 1825 4676 quoque
1870 4623 1992 4662 cum

2093 4612 2249 4666 τοῦτό
2285 4629 2375 4682 μοι
2422 4613 2488 4682 τῇ
2533 4609 2717 4679 γεύσει
2749 4608 2855 4662 τῶν
2901 4607 3145 4678 γλυκέων
3187 4604 3595 4676 συγκατεμίχθη
3619 4620 3671 4656 τι

418 4697 600 4753 dulcia
633 4707 948 4768 gustarem,
990 4700 1157 4754 simul
1190 4710 1246 4754 et
1286 4698 1503 4754 illorum
1538 4700 1747 4770 aliquid
1779 4708 1862 4755 est
1894 4701 1995 4755 mi-

418 4799 590 4856 stum,
622 4805 745 4861 quas
773 4806 994 4846 sensum
1031 4805 1280 4846 amarore
1312 4791 1591 4860 adiciunt,
1620 4793 1692 4848 ob
1724 4808 1845 4864 qua:
1873 4800 1995 4862 post

420 4896 645 4940 suavem
681 4897 864 4938 rerum
917 4884 1163 4939 laetarum
1199 4887 1636 4957 perceptionem,
1671 4895 1903 4942 mmstus
1938 4901 2002 4942 ac

418 4971 599 5027 tristis
628 4971 853 5027 domum
890 4975 1205 5029 revertebar
1247 4994 1258 5028 :
1294 4985 1557 5047 reputans
1596 4977 1740 5047 apud
1771 4992 1879 5041 me,
1908 4993 2000 5034 ve-

420 5081 542 5120 rum
576 5079 701 5122 esse
726 5066 873 5136 quod
902 5064 1165 5124 Dominus
1192 5068 1354 5132 dixit,
1386 5068 1649 5123 inundum
1681 5070 1999 5126 universum

422 5158 479 5212 in
513 5157 661 5213 malo
685 5157 888 5213 cubare
917 5158 934 5189 ⁸
967 5173 980 5209 :
1009 5159 1082 5213 ita
1122 5168 1183 5215 ut
1205 5176 1333 5230 pars
1362 5160 1510 5216 nulla
1539 5159 1691 5214 orbis
1721 5168 1995 5215 terrarum

422 5247 708 5320 nequioris
733 5247 880 5303 illius
904 5249 1176 5318 portionis
1200 5251 1272 5306 sit
1294 5250 1579 5306 immunis.
1602 5249 1739 5305 Nam
1767 5253 1813 5307 si
1839 5253 1996 5308 locus

422 5341 540 5409 ipse
592 5339 689 5410 qui
740 5349 996 5395 sanctum
1039 5342 1332 5413 vestigium
1373 5358 1517 5400 vera:
1564 5343 1689 5397 vitae
1731 5344 1994 5413 suscepit,

422 5445 597 5499 purus
628 5445 660 5485 a
707 5432 867 5486 malis
907 5432 1159 5491 sentibus
1192 5450 1302 5489 non
1336 5445 1457 5501 est,
1508 5436 1641 5506 quid
1676 5436 1745 5492 de
1778 5437 1995 5493 caeteris

423 5521 638 5591 Opinari
690 5519 974 5588 debemus,
1020 5524 1115 5593 qui
1162 5527 1279 5580 sola
1319 5527 1598 5583 auditione
1640 5534 1695 5581 et
1734 5528 1999 5596 praedica-

498 5629 518 5662 ι
554 5625 575 5680 l
605 5626 764 5681 Joan.
798 5646 862 5693 ν,
897 5630 985 5685 19.

2094 4702 2187 4755 καὶ
2214 4701 2321 4754 τῶν
2347 4698 2740 4771 πικραινόντων
2756 4699 2855 4768 τὴν
2883 4696 3132 4767 αίσθησιν
3155 4711 3167 4724 ·
3202 4695 3288 4765 ἐφ’
3310 4688 3389 4758 οἷς
3420 4695 3557 4764 μετά
3575 4693 3670 4762 τὴν

2097 4791 2306 4861 ἀγαθὴν
2330 4790 2437 4843 τῶν
2478 4788 2876 4858 εὐφραινόντων
2905 4786 3226 4847 ἀπόλαυσιν,
3271 4783 3435 4837 πάλιν
3464 4782 3557 4834 ἐπὶ
3575 4781 3670 4850 τὴν

2098 4882 2329 4953 πατρίδα
2364 4879 2770 4950 σκυθρωπάζων
2785 4878 3146 4950 ἐπορευόμην,
3176 4873 3521 4945 λογιζόμενος
3542 4913 3558 4937 ,
3590 4875 3671 4927 ὅτι

2097 4974 2341 5045 ἀληθὴςό
2357 4967 2446 5026 τοῦ
2476 4970 2680 5044 Κυρίου
2708 4969 2866 5037 λόγος
2890 4971 2917 5022 6
2936 4967 3107 5022 εἰπὼν
3120 4966 3237 5022 ὅλον
3260 4966 3354 5019 τὸν
3386 4965 3586 5036 κόσμον
3613 4964 3671 5016 ὲν

2095 5067 2173 5138 τῷ
2202 5065 2425 5138 πονηρῷ
2457 5064 2703 5118 κεῖσθαι’
2728 5062 2802 5127 ὡς
2837 5062 3002 5133 μηδὲν
3022 5061 3123 5130 τῆς
3154 5061 3478 5131 οἰκουμένης
3511 5058 3672 5130 μέρος

2096 5158 2379 5229 ἐλεύθερον
2406 5151 2545 5210 εἷναι
2572 5156 2671 5226 τῆς
2697 5154 2890 5226 μοίρας
2916 5151 3011 5207 τοῦ
3039 5153 3301 5224 χείρονος.
3341 5152 3406 5204 Εἰ
3433 5149 3542 5220 γὰρ
3566 5150 3597 5202 6
3615 5149 3673 5202 τὸ

2096 5251 2248 5321 ἅγιον
2272 5253 2369 5322 τῆς
2397 5248 2564 5310 ὅντως
2593 5246 2736 5317 ζωῆς
2785 5246 2926 5315 ἴχνος
2963 5243 3356 5314 ὑποδεξάμενος
3380 5241 3545 5305 τόπος
3578 5241 3674 5311 τῆς

2098 5345 2338 5415 πονηρᾶς
2354 5342 2594 5411 ἀκάνθης
2620 5341 2683 5393 ού
2711 5336 3026 5410 καθαρεύει,
3049 5337 3098 5391 τί
3121 5337 3225 5408 χρὴ
3265 5335 3393 5407 περὶ
3426 5334 3535 5388 τῶν
3562 5334 3672 5386 λοι-

2098 5435 2214 5489 πῶν
2248 5435 2449 5488 ἐννοεῖν
2480 5431 2682 5496 τόπων,
2706 5425 2786 5493 οἷς
2832 5429 2866 5499 ή
2900 5426 2994 5480 τοῦ
3026 5425 3230 5495 ἀγαθοῦ
3260 5425 3523 5497 μετουσία
3546 5439 3674 5476 κατ-

2099 5526 2312 5597 εσπάρη
2344 5524 2431 5578 διᾶι
2472 5523 2633 5595 ψιλῆς
2671 5521 2840 5593 ἀκοῆς
2877 5520 2968 5573 καὶ
3005 5517 3381 5590 κηρύγματος;
3410 5513 3585 5570 ταῦτα
3616 5511 3676 5567 δὲ

503 5720 580 5791 (1)
614 5719 789 5776 Isaac.
820 5719 1148 5778 Casaubono
1180 5722 1499 5794 interprete.
1533 5755 1598 5766 —
1631 5723 1730 5781 Ed.
1772 5723 1926 5792 1658,
1972 5724 2056 5797 ll],
2097 5726 2223 5784 655.
