4068 6154
354 294 493 353 1017

1540 297 1924 356 EPISTOLIE.
1963 329 2031 339 -—
2057 298 2275 358 EPIST.
2315 299 2402 356 ill.

3464 308 3601 368 iOIS

352 417 488 490 πρὸς
510 417 539 471 δ
558 434 610 469 τι
633 416 843 486 βλέπων
862 419 1025 490 φημὶ,
1048 420 1261 484 πάντως
1289 421 1440 475 οὐδὲν
1465 424 1568 494 χρὴ
1591 425 1921 494 γυμνότερον

2024 424 2172 479 ιίοηε
2210 424 2335 479 boni
2388 423 2533 479 illius
2574 424 2957 480 communione
3010 432 3139 478 sunt
3186 426 3434 494 aspersi?
3478 428 3599 495 Quo

349 507 439 561 διὰ
474 507 584 561 τῶν
609 505 781 573 λόγων
839 507 1166 571 ἐκτίθεσθαι,
1217 510 1395 563 αὐτῶν
1446 511 1553 564 τῶν
1589 512 1928 583 πραγμάτων

351 599 535 669 πάσης
567 598 751 667 φωνῆς
793 600 1071 671 γνωρίμου
1103 602 1466 673 γεγωνότερον
1498 605 1837 659 διαϐοώντων
1860 606 1930 659 τὰ

351 689 588 761 λυπηρά.
620 689 765 743 Μίαν
788 688 987 762 ἔχθραν
1014 692 1400 764 ἐνομοθέτησεν
1434 697 1565 766 ἡμῖν
1595 698 1623 749 6
1649 697 1745 767 τῆς
1783 695 1928 767 ζωῆς

351 781 508 853 ἡμῶν
540 781 859 852 νομοθέτης,
886 783 983 854 τὴν
1012 784 1146 853 πρὸς
1177 785 1268 838 τὸν
1293 785 1414 855 ὅφιν
1449 787 1590 855 λέγω
1618 803 1630 815 ·
1665 786 1802 858 πρὸς
1835 789 1927 841 οὑ-

348 873 436 927 δὲν
467 873 596 929 ἄλλο
615 872 712 946 τὴν
734 874 825 929 τοῦ
863 878 1040 944 μισεῖν
1066 876 1294 948 δύναμιν
1324 879 1929 951 ἐνεργεῖσθαι-προστά-

352 963 468 1030 ξας,
500 968 549 1018 εί
577 964 651 1037 μὴ
678 966 813 1036 πρὸς
844 967 942 1037 τὴν
962 967 1309 1040 ἀποστροφὴν
1326 970 1424 1040 τῆς
1447 970 1930 1039 κακίας.Ἔχθραν

350 1058 460 1128 γὰρ
486 1056 673 1124 θήσω,
719 1058 902 1127 φησὶν,
931 1058 1049 1111 ἀνὰ
1074 1058 1269 1127 μέσον
1294 1060 1432 1124 σοῦ,
1471 1060 1572 1114 καὶ
1596 1061 1714 1116 ἀνὰ
1734 1061 1930 1129 μέσον

348 1149 603 1202 ἐκείνου.
655 1147 871 1218 Ἐπειδὴ
932 1149 1148 1219 ποικίλη
1183 1166 1267 1214 τις
1292 1150 1384 1203 καὶ
1411 1151 1691 1222 πολυειδής
1721 1154 1867 1205 ἐστιν
1892 1153 1925 1223 ὴ

349 1239 534 1303 κακία,
559 1240 645 1293 διὰ
681 1237 774 1291 τοῦ
812 1239 987 1307 ὄφεως
1033 1242 1062 1292 6
1094 1239 1249 1308 λόγος
1276 1241 1480 1312 ταύτην
1508 1242 1823 1307 αἰνίττεται,
1858 1245 1927 1313 τῇ

348 1334 527 1402 πυκνῇ
557 1331 664 1385 τῶν
698 1331 927 1399 φολίδων
970 1332 1116 1386 θέσει
1142 1333 1202 1385 τὸ
1242 1332 1576 1404 πολύτροπον
1598 1333 1698 1405 τῆς
1731 1333 1930 1396 κακίας

350 1424 784 1495 χαρακτηρίζων.
829 1424 1019 1495 Ἡμεῖς
1041 1424 1098 1478 δὲ
1120 1425 1257 1496 πρὸς
1314 1425 1411 1495 μὲν
1441 1427 1531 1479 τὸν
1553 1426 1676 1496 ὅφιν
1703 1426 1929 1480 ἔνσπον-

347 1514 447 1579 δοι,
477 1515 565 1568 διὰ
591 1516 683 1569 τοῦ
737 1514 806 1569 τὰ
856 1515 1137 1586 θελήματα
1194 1516 1288 1569 τοῦ
1318 1518 1694 1588 ἀντικειμένου
1731 1520 1927 1583 ποιεῖν,

348 1607 650 1677 ἐγενόμεθα
674 1623 689 1639 ο
742 1606 804 1660 τὸ
849 1607 905 1661 δὲ
943 1611 1097 1678 μῖσος
1151 1608 1272 1661 κατ’
1309 1609 1553 1679 ἀλλήλων
1585 1610 1926 1681 ὲτρέψαμενο

347 1697 489 1767 τάχα
518 1699 573 1751 δὲ
604 1699 725 1753 οὐδὲ
750 1700 873 1752 καθ’
910 1703 942 1769 ἡ
953 1700 1088 1770 μῶν,
1119 1700 1254 1754 ἀλλὰ
1288 1701 1432 1755 κατὰ
1456 1700 1548 1754 τοῦ
1582 1702 1680 1772 τὴν
1711 1702 1928 1773 ἐντολὴν

348 1788 655 1859 δεδωκότος.
696 1790 753 1844 ’0
780 1791 879 1859 μὲν
925 1790 1035 1862 γάρ
1066 1807 1248 1861 φησιν,
1282 1790 1629 1860 Ἀγαπήσεις
1652 1790 1760 1845 τὸν
1780 1795 1931 1860 πλη-

348 1879 490 1933 σίον
517 1870 655 1941 σου,
693 1879 792 1932 καὶ
826 1879 1113 1948 μισήσεις
1140 1879 1246 1932 τὸν
1273 1880 1491 1948 ἐχθρόν
1526 1895 1672 1935 σευ’
1712 1882 1804 1935 τὸν
1833 1882 1930 1953 τῆς

348 1970 564 2040 φύσεως
599 1969 758 2040 ἡμῶν
786 1970 1041 2040 πολέμιον
1067 1971 1223 2041 μόνον
1258 1971 1451 2041 ἐχθρὸν
1488 1971 1739 2042 ἡγεῖσθαι
1763 1989 1931 2043 προσ-

343 2061 514 2128 τάξας
539 2079 553 2092 ο
586 2063 761 2117 πάντα
786 2062 842 2116 δὲ
871 2062 962 2116 τὸν
990 2063 1347 2118 κοινωνοῦντα
1383 2065 1483 2134 τῆς
1513 2063 1749 2133 φύσεως,
1793 2065 1932 2136 πλη-

347 2153 463 2206 σίον
494 2153 723 2207 ἑκάστου
772 2149 909 2207 εἶναι
953 2154 1121 2209 εἰπών
1146 2173 1162 2189 ·
1196 2159 1228 2226 ή
1274 2157 1331 2210 δὲ
1367 2155 1727 2227 βαρυκᾶρδιος
1772 2156 1929 2227 ⁴ἡμῶν

344 2244 509 2313 γενεὰ
565 2243 658 2298 τοῦ
699 2244 927 2317 πλησίον
966 2248 1117 2317 ἡμᾶς
1165 2246 1521 2318 διαστήσασα,
1575 2247 1799 2302 θάλπειν
1839 2246 1929 2300 τὸν

344 2336 467 2404 ὅφιν
500 2336 742 2406 ἐποίησε,
769 2337 863 2391 καὶ
901 2340 1013 2402 τοῖς
1050 2338 1158 2392 τῶν
1192 2339 1417 2408 φολίδων
1441 2338 1606 2393 αὐτοῦ
1636 2339 1930 2409 στίγμασιν

345 2427 758 2497 ὲπιτέρπεσθαι.
806 2428 948 2497 Ἐγὼ
998 2429 1106 2499 γὰρ
1161 2428 1222 2483 τὸ
1273 2429 1371 2500 μὲν
1412 2431 1540 2493 τοὺς
1579 2429 1805 2501 ἐχθροὺς
1834 2428 1928 2482 τοῦ

344 2519 477 2573 Θεοῦ
509 2521 687 2590 μισεῖν
755 2519 977 2587 ἔννομον
1021 2516 1157 2573 εἷναί
1195 2537 1356 2591 φημι,
1410 2522 1504 2573 καὶ¹
1544 2521 1802 2591 ἀρέσκειν
1850 2519 1930 2591 τῷ

345 2609 590 2683 Δεσπότῃ
638 2610 700 2664 τὸ
741 2608 981 2664 τοιοῦτον
1039 2613 1194 2682 μῖσος
1215 2626 1230 2640 °
1261 2611 1488 2682 ἐχθροὺς
1534 2611 1591 2665 δὲ
1619 2611 1762 2680 λέγω
1801 2612 1928 2675 τοὺς

348 2702 491 2756 κατὰ
517 2704 696 2757 πάντα
723 2703 923 2775 τρόπον
948 2703 1047 2775 τὴν
1073 2702 1167 2757 τοῦ
1185 2703 1454 2758 Δεσπότου
1479 2703 1636 2768 δόξαν
1664 2705 1930 2774 ἀπαρνου-

348 2795 565 2866 μένους,
591 2793 704 2847 εἴτε
757 2796 885 2856 τοὺς
918 2794 1223 2858 Ἰουδαίους,
1272 2794 1382 2848 εἴτε
1424 2794 1551 2858 τοὺς
1577 2794 1823 2865 φανερῶς
1848 2796 1928 2847 εί-

2030 522 2274 584 spectem
2304 529 2428 568 cum
2459 514 2572 568 haec
2602 514 2727 569 dico
2757 515 2892 568 nihil
2927 515 3225 586 quidquam
3262 517 3455 571 attinet
3483 519 3600 573 evl-

2028 605 2372 661 dentioribus
2408 605 2592 660 verbis
2630 605 2905 675 explicare
2936 622 2951 662 :
2983 620 3109 660 cum
3142 622 3231 663 res
3271 605 3402 677 ipsa:
3432 608 3599 665 altius

2029 713 2094 753 ac
2138 698 2345 752 clarius
2382 712 2547 767 quam
2582 696 2909 767 cujusquam
2940 712 3046 752 vox
3089 699 3176 753 vel
3205 699 3445 755 maxime
3473 709 3601 755 nota

2028 791 2302 853 clament,
2338 803 2587 859 quamam
2639 788 2732 868 illa
2775 789 2889 844 sint
2926 803 3049 859 quae
3080 789 3323 845 molesta
3374 790 3600 847 fuerint.

2028 880 2209 936 Unum
2243 880 2429 936 odium
2463 881 2579 951 lege
2614 893 2713 935 sua
2748 880 2933 934 sanxit
2963 881 3087 935 vitae
3120 890 3326 938 nostrae
3353 880 3603 951 Legisla—

2029 982 2117 1026 tor
2159 989 2176 1028 :
2220 971 2429 1035 odium,
2476 971 2626 1032 dico,
2672 985 2799 1025 cum
2849 980 3103 1039 serpente
3154 990 3168 1025 :
3209 986 3386 1041 neque
3435 971 3600 1026 ullam

2029 1063 2188 1118 aliam
2218 1062 2286 1117 ad
2320 1076 2435 1117 rem
2459 1075 2714 1117 exercere
2743 1061 2851 1115 vim
2895 1061 3044 1115 illam
3072 1076 3171 1130 per
3190 1077 3355 1132 quam
3386 1063 3603 1117 odimus

2027 1170 2131 1210 nos
2160 1153 2350 1224 jussit,
2379 1153 2488 1211 nisi
2515 1153 2583 1209 ad
2614 1151 2980 1210 aversandum
3012 1152 3238 1206 malum.
3275 1151 3490 1218 Odium,
3515 1153 3604 1206 in-

2028 1247 2167 1317 quit,
2218 1260 2409 1314 ponam
2459 1247 2595 1299 inter
2639 1252 2708 1307 te.
2744 1252 2899 1315 atque
2942 1245 3081 1297 inter
3118 1243 3292 1310 ipsum
3312 1246 3358 1308 ³,
3409 1258 3605 1313 nempe

2030 1339 2156 1409 quia
2181 1337 2331 1392 varia
2358 1344 2413 1393 et
2444 1335 2794 1391 multiformis
2823 1343 2908 1391 est
2970 1334 3279 1399 vitiositas,
3326 1336 3601 1404 serpentis

2029 1429 2390 1499 appellatione
2410 1442 2529 1485 eam
2561 1427 2653 1482 hic
2688 1441 2868 1482 sermo
2892 1422 3143 1497 designat
3175 1445 3188 1481 :
3219 1440 3315 1496 per
3344 1440 3605 1495 squama-

2030 1535 2153 1573 rum
2183 1519 2414 1575 densum
2448 1519 2615 1575 situm
2649 1519 2988 1589 multiplices
3018 1518 3280 1574 vitiorum
3321 1517 3514 1574 modos
3543 1533 3606 1573 ac

2030 1610 2238 1665 formas
2271 1610 2420 1665 velut
2455 1610 2661 1665 indicio
2691 1618 2943 1665 notarum
2973 1611 3309 1680 exprimens.
3338 1608 3448 1665 Nos
3476 1625 3607 1665 vero

2030 1702 2159 1759 dum
2192 1701 2489 1756 adversarii
2514 1701 2833 1756 voluntates
2871 1701 3248 1771 exsequimur,
3278 1700 3455 1758 foedus
3479 1716 3605 1756 cum

2037 1803 2292 1865 serpente
2321 1793 2576 1858 colimus,
2603 1792 2788 1849 odium
2812 1807 2943 1848 vero
2970 1793 3302 1862 mutuumoin
3326 1807 3427 1848 nos
3454 1793 3604 1862 ipsos

2032 1885 2410 1942 convertimus
2445 1903 2458 1939 :
2494 1900 2559 1939 ac
2594 1884 2833 1940 fortasse
2881 1900 2951 1939 ne
2985 1884 3040 1938 in
3080 1899 3181 1939 nos
3229 1883 3472 1954 quidem,
3510 1882 3607 1939 sed

2028 1978 2086 2032 in
2125 1993 2249 2034 eum
2285 1979 2380 2047 qui
2419 1976 2740 2032 mandatum
2771 1975 2907 2030 illud
2934 1974 3105 2030 dedit.
3143 1975 3236 2030 Ait
3282 1975 3426 2031 enim
3463 1974 3554 2029 ille
3588 1993 3602 2028 :

2028 2070 2250 2125 Amabis
2278 2071 2580 2141 proximum
2625 2077 2794 2134 tuum,
2828 2078 2878 2122 et
2912 2067 3036 2122 odio
3079 2066 3292 2121 habebis
3332 2067 3606 2121 inimicum

2030 2171 2178 2218 tuum
2205 2163 2247 2229 ³,
2289 2163 2466 2217 solum
2503 2161 2657 2215 illum
2690 2160 2784 2230 qui
2818 2170 3029 2215 naturae
3060 2167 3266 2215 nostrae
3299 2159 3474 2215 hostis
3498 2164 3602 2225 est,

2029 2256 2230 2311 habere
2263 2269 2363 2325 pro
2401 2253 2627 2308 inimico
2661 2267 2762 2308 nos
2789 2251 2954 2322 jussit
2987 2269 3001 2304 :
3035 2265 3419 2323 quemcunque
3450 2263 3605 2314 vero,

2028 2345 2123 2416 qui
2159 2355 2367 2399 naturae
2399 2341 2566 2414 hujus
2603 2341 2673 2399 sit
2718 2340 3027 2411 particeps,
3059 2341 3371 2410 proximum
3413 2338 3604 2407 cujus-

2028 2450 2136 2506 que
2180 2449 2304 2491 esse
2350 2432 2733 2505 pronuntiavit
2787 2450 2801 2487 :
2858 2441 2914 2487 at
2962 2440 3154 2488 nostra
3206 2430 3322 2486 haec
3367 2431 3607 2500 maligna

2028 2533 2163 2580 aetas
2194 2532 2256 2579 ut
2300 2524 2744 2579 abalienaremur
2786 2536 2818 2576 a
2864 2522 3165 2593 proximis,
3198 2533 3252 2579 et
3296 2530 3606 2592 serpentem

2027 2617 2363 2682 foveremus,
2395 2615 2600 2681 effecit,
2633 2623 2805 2687 utque
2837 2630 3188 2685 squamarum
3215 2614 3336 2686 ejus
3373 2620 3608 2686 punctu-

2028 2707 2108 2762 ris
2156 2705 2545 2777 gauderemus.
2585 2703 2721 2759 Nam
2755 2705 3011 2775 equidem
3053 2703 3148 2759 Dei
3182 2704 3370 2759 hostes
3417 2702 3609 2759 odisse

2022 2800 2232 2869 justum
2265 2812 2389 2853 esse
2414 2797 2521 2860 aio,
2559 2796 2723 2866 idque
2750 2795 2861 2851 odii
2900 2810 3077 2866 genus
3107 2794 3338 2850 Domino
3369 2794 3604 2864 placere.

346 2886 838 2958 δωλολατροῦντας,
866 2887 976 2940 είτε
1007 2888 1134 2950 τοὺς
1163 2886 1253 2940 διὰ
1276 2886 1385 2940 τῶν
1418 2886 1625 2958 ’Δρείου
1641 2886 1925 2957 δογμάτων

2031 2889 2137 2946 Sed
2170 2889 2358 2946 hostes
2391 2886 2488 2944 Dei
2517 2903 2642 2944 esse
2672 2887 2798 2944 illos
2829 2886 2977 2951 dico,
3010 2885 3105 2956 qui
3141 2886 3401 2941 omnibus
3427 2883 3607 2943 modis

346 2981 821 3044 εἰδωλοποιοῦντας
852 2981 952 3052 τὴν
980 2981 1179 3049 κτίσιν,
1210 2980 1305 3034 καὶ
1332 2979 1432 3051 τὴν
1459 2980 1756 3054 Ἰουδαῖκὴν
1786 2979 1925 3034 πλά-

2026 2980 2243 3038 Domini
2275 2979 2502 3051 gloriam
2530 2985 2735 3049 negant
2772 2996 2787 3034 :
2821 2978 2937 3035 sive
2981 2977 3061 3034 illi
3100 2985 3228 3034 sunt
3255 2974 3461 3043 Judaei,
3488 2977 3608 3032 sive

345 3088 445 3140 νην
507 3071 1007 3143 ἀναλαμϐάνοντας.
1064 3071 1127 3124 Εί
1182 3070 1239 3124 δὲ
1266 3070 1476 3141 Πατὴρ,
1523 3069 1796 3133 καὶιΥίὸς,
1832 3070 1925 3123 καὶ

2029 3072 2308 3128 manifesti
2354 3070 2674 3132 idololatrae,
2719 3070 2835 3125 sive
2881 3068 2950 3126 de
2976 3084 3171 3126 eorum
3215 3082 3467 3134 numero,
3507 3067 3606 3140 qui

345 3160 501 3230 ἅγιον
528 3160 753 3232 Πνεῦμα
798 3161 1038 3224 εὐσεϐῶς
1079 3160 1378 3227 δοξάζοιτο,
1423 3160 1517 3213 καὶ¹
1567 3162 1925 3231 προσκυνοῖτο

2024 3178 2119 3234 per
2163 3163 2278 3218 Arii
2316 3162 2572 3232 dogmata
2613 3159 2681 3215 de
2697 3167 2953 3214 creatura
2991 3159 3198 3215 idolum
3253 3158 3500 3229 ﬁngunt,
3550 3165 3608 3214 et

344 3252 497 3324 παρὰ
522 3251 630 3306 τῶν
659 3252 1020 3308 πιστευόντων
1049 3252 1106 3304 ὲν
1119 3250 1408 3323 ἀσυγχύτῳ
1426 3251 1520 3304 καὶ
1536 3251 1922 3322 διακεκριμένη

2024 3269 2262 3310 errorem
2288 3250 2596 3308 Iudaeorum
2627 3250 2962 3322 suscipiunt.
2994 3249 3064 3306 At
3098 3250 3147 3307 si
3173 3248 3335 3304 Pater
3355 3289 3371 3314 ,
3405 3247 3606 3317 Filius,

344 3346 412 3415 τῇ
449 3344 581 3414 ἁγίᾳ
609 3343 797 3415 Τριάδι
827 3344 955 3414 μίαν
982 3338 1120 3399 εῖναι
1158 3344 1249 3397 atati.
1277 3343 1456 3413 φύσιν,
1490 3335 1585 3397 καὶ
1624 3342 1798 3410 δόξαν,
1831 3343 1925 3397 καὶ

2024 3351 2076 3400 et
2100 3342 2341 3414 Spiritus
2371 3350 2597 3399 sanctus
2633 3342 2721 3412 pie
2741 3350 3046 3410 asseratur,
3071 3349 3127 3398 et
3148 3341 3409 3397 adoretur
3434 3340 3503 3396 ab
3534 3339 3607 3395 iis

348 3433 753 3505 βασιλείαν,καὶ
770 3435 1017 3507 δύναμιν,
1048 3434 1143 3489 καὶ
1162 3433 1260 3504 τὴν
1288 3434 1380 3486 ἐπὶ
1400 3433 1616 3487 πάντων
1644 3433 1921 3502 ἐξουσίαν’

2024 3434 2113 3505 qui
2142 3434 2373 3489 credunt
2395 3435 2448 3487 in
2478 3448 2588 3487 non
2620 3433 2849 3488 confusa
2875 3442 2930 3488 et
2957 3434 3218 3488 distincta
3249 3443 3442 3498 sancta
3473 3431 3604 3486 Tri-

345 3527 578 3583 ἐνταῦθα
603 3528 632 3581 6
659 3527 893 3599 πόλεμος
919 3527 1035 3582 τίνα
1064 3528 1281 3597 εὔλογον
1311 3528 1492 3582 αἰτίαν
1520 3524 1632 3596 ἔχει
1658 3542 1673 3592 ;

2024 3526 2191 3581 nitate
2225 3539 2386 3578 unam
2426 3538 2550 3577 esse
2582 3529 2637 3576 et
2669 3528 2922 3601 naturam
2950 3530 3004 3576 et
3030 3522 3264 3593 gloriam
3293 3532 3348 3579 ct
3374 3534 3605 3592 regnum

345 3628 403 3677 et
441 3619 583 3688 vim,
625 3627 678 3676 et
717 3620 866 3690 pium
902 3621 1111 3676 cultum
1150 3630 1205 3675 et
1237 3635 1404 3690 supra
1441 3620 1628 3674 omnia
1668 3617 1921 3673 diffusam
1963 3623 2293 3688 potestatem
2333 3633 2348 3668 :
2396 3614 2515 3679 hic,
2565 3614 2790 3682 inquam
2813 3653 2828 3680 ,
2859 3629 3046 3685 ecquae
3113 3615 3239 3671 belli
3309 3612 3605 3687 probabilis

346 3729 511 3771 causa
541 3728 666 3769 esse
690 3713 891 3783 queat?

420 3806 552 3863 Ὅτε
584 3804 876 3875 ἐπεκράτει
911 3802 982 3857 τὰ
1009 3803 1109 3873 τῆς
1136 3800 1398 3873 αἱρέσεως
1424 3800 1669 3871 δόγματα
1688 3839 1702 3865 ,
1730 3799 1822 3853 καὶ
1858 3798 1919 3851 τὸ

344 3916 422 3953 πα
430 3895 835 3971 ρακινδυνεῦσαι
853 3893 985 3966 πρὸς
994 3894 1091 3956 τὰς
1105 3892 1370 3958 ἐξουσίας,
1384 3893 1450 3946 δι’
1463 3885 1537 3946 ὧν
1551 3890 1726 3946 ἐδόκει
1741 3890 1801 3944 τὸ
1811 3889 1920 3942 τῶν

343 3988 735 4059 ἀντικειμένων
776 3987 952 4056 δόγμα
985 3983 1384 4056 κρατύνεσθαι,
1428 3982 1609 4047 καλῶς
1648 3979 1813 4053 εῖχεν’
1846 3981 1920 4045 ὡς

344 4081 409 4137 ἃν
433 4083 507 4154 μὴ
529 4078 1044 4134 καταδυναστεύοιτο
1061 4079 1180 4139 ταῖς
1199 4075 1568 4148 ἀνθρωπίναις
1587 4073 1921 4137 δυναστείαις

342 4171 373 4223 6
400 4171 663 4241 σωτήριος
678 4168 853 4236 λόγος·
884 4166 1002 4220 νυνὶ
1028 4166 1084 4220 δὲ
1109 4164 1248 4219 κατὰ
1274 4166 1454 4219 πᾶσαν
1479 4165 1578 4234 τὴν
1600 4162 1923 4233 οἰκουμένην

342 4261 439 4316 ἀπ’
473 4261 642 4332 ἄκρου
695 4258 790 4313 τοῦ
830 4256 1059 4329 οὐρανοῦ
1084 4296 1099 4320 ,
1143 4257 1237 4310 καὶ
1268 4256 1372 4320 ἕως
1411 4254 1505 4309 τοῦ
1540 4257 1709 4327 ἄκρου
1755 4251 1919 4308 αὐτοῦ

2099 3790 2254 3846 Tunc
2282 3805 2415 3845 sane
2444 3805 2569 3844 cum
2587 3790 2697 3846 late
2716 3768 3310 3848 obtinebanthaeretica
3331 3792 3603 3865 dogmata,

2023 3884 2110 3940 vel
2150 3898 2276 3939 cum
2319 3882 2578 3952 praesenti
2624 3882 2869 3952 periculo
2903 3898 3180 3954 opponere
3219 3900 3279 3941 se
3317 3888 3605 3956 potestati-

1974 4033 1983 4039 ,
2025 3974 2170 4038 bus,
2214 3989 2312 4043 per
2338 3989 2477 4043 quas
2520 3973 2754 4028 stabiliri
2810 3973 3106 4030 videbatur
3161 3975 3607 4034 adversariorum

2026 4064 2246 4134 dogma,
2286 4064 2492 4118 bonum
2530 4062 2734 4118 factum
2763 4072 2905 4129 erat,
2934 4080 3004 4120 ne
3032 4065 3100 4120 ab
3129 4065 3386 4124 humanis
3414 4075 3606 4138 poten-

2025 4155 2232 4210 tatibus
2269 4155 2533 4210 salutaris
2574 4155 2824 4210 doctrina
2858 4156 2910 4210 vi
2946 4158 3350 4227 opprimeretur
3382 4179 3395 4215 :
3432 4175 3607 4228 nunc,

2026 4263 2153 4304 cum
2179 4256 2296 4303 toto
2323 4248 2455 4303 orbe
2482 4256 2756 4303 terrarum
2787 4258 2952 4320 atque
2979 4251 3048 4305 ab
3083 4266 3192 4307 uno
3221 4254 3345 4308 coeli
3378 4253 3607 4310 cardine

344 4353 475 4415 ῐσως
510 4350 919 4423 κηρυσσομένης
954 4351 1011 4402 ὲν
1036 4348 1254 4420 φανερῷ
1289 4348 1389 4419 τῆς
1426 4347 1726 4409 εὐσεϐείας,
1756 4348 1785 4399 6
1808 4348 1920 4406 τοῖς

2028 4340 2095 4395 ad
2130 4341 2365 4395 alterum
2404 4354 2472 4395 ex
2512 4354 2669 4410 aequo
2705 4341 2887 4410 palam
2918 4343 3255 4412 praedicetur
3288 4344 3484 4412 pietas,
3506 4345 3601 4415 qui

344 4442 676 4515 κηρύσσουσι
724 4442 821 4514 τὴν
873 4441 1156 4495 εὐσέϐειαν
1210 4439 1487 4511 πολεμῶν,
1534 4440 1635 4493 οὐκ
1688 4439 1919 4501 ἐκείνοις

346 4536 597 4606 μάχεται.
627 4533 761 4588 ἀλλά
788 4533 865 4605 τῷ
882 4534 1011 4606 παρ’
1037 4532 1212 4587 αὐτῶν
1234 4531 1473 4597 εὐσεϐῶς
1509 4529 1919 4602 κηρυσσομένῳ.

343 4628 439 4692 Τίς
499 4627 609 4698 γὰρ
655 4622 794 4680 εἶναι
845 4626 1045 4689 σκοπὸς
1086 4625 1244 4690 ἄλλος
1287 4623 1489 4693 ὀφείλει
1539 4624 1615 4693 τῷ
1643 4623 1735 4675 τὸν
1782 4621 1924 4675 θεῖον

342 4719 521 4791 ἔχοντι
560 4718 739 4788 ζῆλον,
771 4721 818 4772 εί
857 4719 931 4788 μὴ
974 4718 1037 4771 τὸ
1079 4718 1240 4770 παντὶ
1286 4715 1474 4787 τρόπῳ
1500 4714 1597 4785 τὴν
1626 4713 1784 4778 δόξαν
1821 4710 1918 4766 τοῦ

341 4811 478 4866 Θεοῦ
504 4808 996 4878 καταγγέλλεσθαι;
1037 4809 1184 4871 Ἕως
1202 4807 1310 4879 γὰρ
1337 4802 1430 4861 οῦν
1467 4806 1527 4871 ἐξ
1547 4807 1675 4876 ὅλης
1698 4804 1924 4875 καρδίας

341 4918 402 4955 τε
428 4899 522 4955 καὶ
551 4897 731 4969 ψυχῆς
757 4898 852 4951 καὶ
879 4896 1113 4959 διανοίας
1145 4899 1517 4968 προσκυνῆται
1554 4899 1582 4950 6
1627 4895 1923 4967 μονογενὴς

343 4993 498 5056 Θεὸς,
532 4993 709 5045 ἐκεῖνο
745 4983 885 5043 εἶναι
924 4988 1353 5058 πεπιστευμένος
1384 4990 1442 5042 ὲν
1469 4990 1636 5043 πᾶσιν
1669 4989 1807 5059 ὅπερ
1833 4990 1921 5041 ὲσ-

340 5086 426 5139 τὶν
457 5087 486 5139 6
522 5084 747 5153 Πατήρ·
779 5080 1044 5144 ὡσαύτως
1085 5080 1141 5134 δὲ
1182 5081 1277 5134 καὶ
1311 5080 1373 5134 τὸ
1403 5081 1630 5152 Πνεῦμα
1668 5082 1730 5135 τὸ
1764 5081 1917 5150 διγιον

342 5178 588 5249 ὁμοτίμῳ
625 5175 993 5248 προσκυνήσει
1026 5171 1337 5243 δοξάζηται,
1368 5176 1417 5227 oi
1448 5174 1520 5227 τὰ
1556 5173 1793 5245 περισσὰ
1828 5191 1918 5226 σο-

342 5269 620 5341 φιζόμενοι
673 5268 835 5322 ποίαν
881 5265 975 5319 τοῦ
1010 5266 1247 5336 πολέμου
1296 5266 1651 5336 εὐπρόσωπον
1704 5266 1916 5336 ἔχουσιν

343 5364 619 5435 ἀφορμὴν,
669 5363 946 5436 σχίζοντες
986 5362 1076 5415 τὸν
1115 5359 1317 5431 χιτῶνα
1362 5359 1452 5412 τὸν
1489 5359 1785 5431 ἄρρηκτον,
1823 5358 1917 5413 καὶ

343 5453 480 5525 πρὸς
502 5452 734 5516 Παῦλον,
764 5453 859 5506 καὶ
886 5452 1086 5523 Κηφᾶν
1111 5449 1172 5503 τὸ
1194 5448 1364 5519 ὄνομα
1389 5447 1481 5501 τοῦ
1511 5447 1918 5529 Κυρίουυκαταη·

344 5545 660 5618 μερίζοντες
686 5585 702 5609 ,
729 5545 823 5598 καὶ
855 5543 944 5598 τὸν
984 5539 1386 5614 προσεγγισμὸν
1416 5538 1524 5592 τῶν
1550 5538 1641 5591 τὸν
1680 5537 1916 5609 Χριστὸν

417 5727 438 5758 ¹
473 5723 605 5781 Cen.
639 5738 721 5794 ιιι,
754 5723 837 5779 15.
916 5725 934 5756 ³
975 5723 1148 5781 Levii.
1184 5740 1270 5779 xxx
1299 5764 1312 5791 ,
1350 5723 1448 5793 l8;
1493 5721 1679 5777 Matth.
1718 5738 1780 5788 v,
1820 5719 1904 5773 45.

2021 4449 2145 4489 cum
2213 4431 2528 4488 hominibus
2580 4432 2724 4502 piam
2792 4432 3105 4489 doctrinam
3177 4434 3602 4504 praedicantibus

2020 4526 2225 4582 bellum
2259 4525 2418 4596 gerit,
2466 4539 2814 4596 nequaquam
2868 4525 2960 4581 ille
2994 4525 3211 4595 quidem
3248 4541 3372 4580 cum
3405 4525 3472 4583 iis
3503 4543 3605 4599 pu-

2020 4629 2175 4691 gnat,
2210 4620 2304 4674 sed
2340 4633 2464 4674 cum
2500 4633 2566 4673 eo
2598 4619 2691 4689 qui
2728 4618 2832 4687 pie.
2860 4618 2931 4671 ab
2963 4618 3029 4673 iis
3059 4617 3411 4687 praedicatur.
3465 4618 3604 4683 Nam

2019 4710 2112 4779 qui
2143 4709 2331 4764 divino
2379 4709 2499 4764 zelo
2542 4708 2827 4775 feruntur,
2884 4707 3012 4777 quid
3044 4709 3192 4763 aliud
3229 4718 3475 4780 spectare
3505 4711 3603 4766 de-

2020 4800 2176 4865 bent,
2208 4800 2314 4854 nisi
2347 4809 2649 4868 utquoquo
2679 4799 2843 4853 modo
2872 4800 3044 4871 gloria
3077 4800 3172 4857 Dei
3204 4800 3606 4857 annuntietur?-

2019 4893 2089 4946 At
2127 4891 2371 4962 quandiu
2423 4904 2493 4945 ex
2536 4898 2652 4946 toto
2701 4890 2903 4957 corde,
2963 4891 3144 4946 anima
3181 4900 3236 4947 et
3268 4893 3604 4963 cogitatione

2018 4983 2164 5039 Deus
2203 4981 2520 5052 unigenitus
2562 4981 2854 5048 adoratur,
2900 4982 3066 5052 idque
3107 4999 3230 5040 esse
3259 4984 3312 5038 in
3345 4985 3604 5049 omnibus.

2016 5076 2287 5139 creditur,
2343 5073 2493 5143 quod
2532 5073 2693 5129 Pater
2721 5084 2840 5141 est;
2883 5075 3123 5144 quandiu
3176 5074 3418 5146 Spiritus
3460 5091 3602 5148 (μισ-ι

2020 5184 2128 5238 que
2157 5173 2387 5222 sanctus
2422 5167 2537 5238 pari
2571 5166 2891 5223 adoratione
2925 5167 3149 5235 colitur,
3185 5184 3416 5239 ecquam
3464 5170 3599 5226 satis

2022 5258 2326 5329 speciosam
2383 5257 2511 5312 belli
2552 5272 2777 5313 causam
2823 5257 3027 5313 habere
3080 5258 3330 5314 homines
3380 5259 3600 5316 curioso

2023 5351 2201 5421 arguti
2242 5356 2465 5420 queant,
2510 5349 2604 5420 qui
2635 5350 2881 5404 tunicam
2936 5349 3083 5404 illam
3126 5350 3415 5406 indivisam
3456 5351 3600 5408 lace-

2022 5449 2167 5506 rant,
2199 5451 2253 5497 et
2275 5441 2479 5497 Christi
2529 5456 2726 5496 nomen
2762 5441 2815 5494 in
2848 5440 3005 5493 Pauli
3035 5450 3091 5496 ct
3124 5440 3321 5511 Cephae
3355 5443 3597 5512 appella-

2026 5537 2204 5592 tiones
2225 5542 2411 5592 sccaut
2435 5550 2447 5587 :
2473 5541 2527 5591 ct
2562 5534 2880 5601 accedentes
2905 5530 2972 5589 ad
2999 5547 3058 5590 se
3081 5548 3176 5593 eos
3200 5534 3291 5607 qui
3314 5533 3593 5593 Christum
