4068 6154
474 283 610 340 1019
1700 283 1757 342 S.
1800 284 2129 343 GREGOB"
2166 282 2462 340 NYSSENI
3581 280 3746 338 1020

474 393 725 460 adorant,
755 392 1144 449 abominabiles
1164 394 1518 463 pronuntiant
1543 410 1554 446 :
1582 400 1793 451 tantum
1812 411 1920 451 non
1950 397 2032 451 di-
2061 425 2074 458 λ

2175 394 2581 466 κροσκυνούντων
2605 432 2619 460 ,
2676 390 2964 464 βδελυκτδν
3011 391 3403 460 ἀποφαίνοντες
3425 408 3443 428 ο
3498 396 3737 464 μονονοὺ

474 484 636 539 sertis
661 484 840 539 verbis
861 483 992 537 illud
1013 483 1189 552 palam
1209 484 1539 539 clamantes:
1562 485 1804 540 Procula
1826 503 1936 551 me;
1961 485 2044 541 Ne

2175 487 2397 557 ιανερῶς
2432 489 2609 541 ἐκεῖνο
2653 484 2883 555 βοῶντες
2920 485 3036 548 τοῖς
3102 484 3330 554 ῥήμασι,
3371 484 3576 553 Πόρῤω
3619 485 3740 539 ἀπ’

476 575 693 630 accedas
719 573 788 627 ad
811 590 924 638 me;
965 591 1058 644 ego
1076 576 1214 628 enim
1243 592 1407 645 purus
1431 593 1569 630 sum.
1597 576 1762 631 Detur
1783 592 1916 633 sane
1935 577 2043 632 illis

2175 580 2325 649 μοῦ’
2382 579 2480 648 Μὴ
2536 577 2788 647 ἐγγίσῃς
2834 592 2971 648 μοι’
3026 574 3116 628 ὅτι
3170 576 3426 644 καθαρός
3459 579 3596 645 εἰμι.
3634 578 3745 630 Δε-

477 669 598 736 plus
628 666 984 736 cognitionis,
1013 681 1175 736 quam
1222 682 1330 736 prae
1369 668 1581 723 caeteris
1611 683 1671 722 se
1692 676 1885 739 putant
1923 683 2046 725 esse

2175 673 2315 726 ὁσθω
2359 671 2415 724 δὲ
2464 671 2560 724 γαὶ
2614 669 2776 722 πλέον
2814 685 2865 721 τι
2901 668 3083 731 αὑτοῖς
3134 668 3274 721 κατά
3325 668 3425 739 τὴν
3485 668 3724 735 γνῶσιν,

477 765 823 821 consecutos,
843 756 1169 812 eoshabere.
1185 758 1361 823 Quid?
1381 759 1683 828 ampliusne
1701 760 1904 829 aliquid
1925 775 2046 815 cre-

2175 778 2319 832 praep
2363 761 2515 814 αὐτοὶ
2558 759 2758 812 οἴονται
2806 757 3191 828 κατειληφέναι
3215 797 3229 822 ,
3288 762 3587 827 προσεῖναι.
3637 760 3741 831 Μὴ

475 847 625 910 dent,
650 862 811 916 quam
839 845 1004 901 Deum
1023 863 1145 903 esse
1167 864 1289 903 eum
1310 850 1413 919 qni'
1436 865 1599 905 verus
1619 861 1700 905 est
1727 850 1819 905 Dei
1845 850 2046 907 Filius?

2175 853 2308 906 πλέον
2338 850 2428 905 τοῦ
2456 851 2732 904 πιστεύειν
2762 849 3011 919 ἀληθινὸν
3039 842 3177 901 εἶναι
3199 848 3330 901 Θεὸν
3352 848 3444 901 τὸν
3466 849 3558 901 τοῦ
3594 849 3740 901 Θεοῦ

477 937 686 1009 Quippe
715 940 826 993 veri
856 938 950 993 Dei
988 939 1262 995 confessio
1307 956 1497 996 onmes
1537 942 1654 1011 pias
1689 950 1741 996 et
1776 942 2046 998 salutares

2175 941 2400 1012 ιληθινὺν
2430 942 2557 993 Υἱὸν
2592 940 2842 1010 ἔχουσιν;
2880 939 2958 1010 Τῇ
2994 938 3103 1009 γὰρ
3151 936 3244 990 τοῦ
3283 937 3537 1008 ἀληθινοῦ
3595 937 3744 991 Θεοῦ

476 1031 638 1085 nobis
683 1032 935 1085 notiones
987 1030 1041 1084 in
1076 1046 1135 1085 se
1174 1032 1552 1100 complectitur
1588 1048 1600 1083 :
1650 1033 1851 1087 bonum
1888 1048 2043 1096 esse,

2175 1025 2407 1105 ιμολογίᾳ
2458 1035 2635 1087 πάντα
2667 1029 3245 1102 συμπεριλαμϐάνεται
3285 1029 3355 1082 τὰ
3388 1029 3588 1099 εὐσεϐῆ
3643 1028 3744 1081 καὶ

475 1122 705 1190 justum,
732 1128 1027 1191 potentem,
1055 1121 1468 1189 immutabilem,
1489 1123 1884 1187 invariabilem,
1912 1139 2049 1178 sem-

481 1231 577 1284 per
613 1214 894 1277 cumdem,
943 1214 1037 1283 qui
1079 1228 1256 1282 neque
1319 1215 1371 1267 in
1424 1214 1694 1279 deterius,
1768 1230 1946 1282 neque
1992 1216 2048 1270 in

480 1303 677 1358 melius
703 1303 837 1357 verti
871 1309 1032 1372 queat
1062 1321 1075 1356 :
1109 1302 1239 1356 illud
1275 1311 1734 1373 namquenaturae
1764 1305 1933 1375 ipsius
1962 1321 2050 1360 re-

481 1402 718 1463 pugnat:
749 1394 851 1447 hoc
878 1409 985 1447 non
1014 1401 1092 1448 est
1129 1393 1183 1447 in
1214 1402 1427 1449 natura.
1457 1396 1599 1461 Quid
1625 1397 1772 1451 enim
1799 1411 1864 1451 eo
1902 1398 2049 1467 quod

2153 1126 2392 1191 σώζοντα
2419 1126 2564 1196 ἡμᾶς
2589 1124 2835 1194 νοήματα
2858 1139 2872 1153 ο
2912 1123 2994 1175 ὅτι
3026 1120 3251 1189 ἀγαθὸς,
3282 1120 3363 1173 ὅτι
3388 1119 3619 1182 δίκαιος,
3656 1119 3743 1171 ὅτι

2152 1215 2396 1278 δυνατὸς,
2426 1214 2695 1281 ἄτρεπτος
2719 1230 2779 1266 τε
2810 1212 2906 1265 καὶ
2935 1211 3313 1273 ἀναλλοίωτος,
3342 1210 3437 1262 καὶ
3467 1210 3555 1263 ἀεὶ
3582 1212 3613 1263 ὁ
3644 1210 3745 1261 αὑ-

2151 1308 2260 1371 τὸς,
2284 1305 2407 1359 οὔτε
2423 1306 2559 1376 πρὸς
2570 1305 2629 1358 τὸ
2643 1298 2843 1376 χεῖρον,
2862 1302 2984 1356 οὔτε
3003 1302 3139 1374 πρὸς
3159 1302 3218 1355 τὸ
3235 1301 3440 1369 βέλτιον
3454 1302 3744 1371 τραπῆναι

2152 1397 2446 1467 δυνάμενος
2464 1415 2475 1429 ·
2502 1396 2566 1450 τὸ
2594 1397 2689 1467 μὲν
2718 1396 2827 1464 γὰρ
2856 1393 2916 1447 οὑ
2951 1392 3182 1461 πέφυκε,
3208 1391 3269 1444 τὸ
3296 1390 3352 1443 δὲ
3381 1389 3481 1442 οὑκ
3512 1388 3658 1459 ἔχει·
3690 1387 3746 1441 τί

484 1499 649 1552 supra
696 1485 877 1537 omnia
921 1493 1005 1539 est
1036 1485 1267 1539 sublime
1313 1486 1651 1541 sublimius?
1704 1486 1845 1552 Quid
1905 1488 2051 1543 bono

484 1574 724 1629 melius?
760 1573 943 1644 Itaque
978 1575 1030 1628 in
1066 1576 1216 1629 omni
1263 1576 1599 1646 perfectione
1638 1576 1765 1631 boni
1809 1578 2054 1632 conside-

484 1679 661 1734 ratus,
689 1686 784 1739 per
807 1686 997 1725 omnes
1026 1672 1346 1727 mutationis
1374 1671 1577 1727 formas
1607 1687 1804 1742 expers
1841 1679 1926 1727 est
1960 1688 2054 1727 va-

484 1758 762 1822 riationis,
809 1774 988 1828 neque
1019 1769 1165 1815 certo
1198 1768 1439 1829 tempore
1482 1761 1623 1815 hanc
1662 1762 1768 1816 sibi
1802 1772 2057 1819 naturam

485 1863 610 1904 esse
648 1850 1065 1915 demonstravit,
1098 1851 1194 1906 sed
1226 1866 1440 1920 semper
1469 1851 1656 1907 eodem
1685 1869 1743 1908 se
1771 1853 1934 1908 modo
1969 1854 2059 1908 ba-

486 1940 606 1995 buit
649 1959 662 1994 :
712 1949 765 1995 et
819 1940 1135 2011 priusquam
1194 1949 1251 1995 ut
1312 1942 1488 2007 homo,
1532 1952 1952 1999 conversaretur
2003 1946 2059 1999 in

487 2032 711 2096 mundo,
742 2040 795 2085 et
828 2032 957 2086 dum
991 2032 1043 2085 in
1073 2047 1138 2086 eo
1163 2042 1268 2097 est,
1313 2043 1366 2087 et
1396 2042 1585 2102 postea
1616 2051 1630 2098 ;
1693 2051 1867 2105 neque
1895 2038 2058 2094 ullam

486 2129 700 2190 partem
741 2129 948 2174 natura:
977 2137 1089 2175 suae
1135 2122 1492 2179 immutabilis
1523 2133 1687 2193 atque
1726 2126 2064 2181 invariabilis

490 2207 545 2261 in
586 2208 652 2263 iis
682 2224 803 2278 quae
837 2225 932 2279 pro
966 2211 1127 2264 nobis
1157 2211 1355 2275 etlecit,
1402 2227 1464 2267 ae
1510 2214 1808 2284 quidquam
1841 2231 2063 2270 accent-

490 2295 754 2361 modavit,
784 2297 929 2366 quod
968 2312 997 2350 a
1041 2306 1139 2351 sua
1181 2307 1374 2353 natura
1419 2310 1565 2356 esset
1611 2304 1869 2357 alienum.
1906 2304 2064 2371 Quod

491 2387 636 2441 enim
678 2396 872 2441 natura
920 2403 1096 2458 neque
1148 2390 1519 2460 corruptioni,
1569 2408 1747 2463 neque
1776 2395 2067 2448 mutationi

491 2486 577 2531 est
606 2480 922 2543 obnoxium,
950 2481 1139 2536 eodem
1166 2482 1327 2537 modo
1357 2499 1571 2554 semper
1594 2500 1654 2540 se
1686 2485 1869 2550 habet,
1892 2502 2068 2556 neque

494 2584 619 2624 cum
669 2569 861 2624 humili
902 2583 1098 2626 natura
1132 2572 1412 2637 variatur,
1459 2574 1677 2644 quando
1706 2576 1921 2632 ratione
1949 2577 2067 2631 dis-

495 2659 833 2727 pensationis
869 2662 921 2713 in
945 2675 1006 2714 ea
1045 2670 1312 2728 versatur,
1351 2663 1641 2732 evenitque
1676 2665 1817 2718 sicut
1844 2665 1898 2718 in
1931 2666 2067 2731 sole,

497 2749 590 2816 qui
630 2750 844 2804 radium
885 2767 1044 2805 suum
1085 2752 1307 2823 caligini
1349 2752 1674 2821 subjiciens,
1716 2755 1899 2810 lumen
1932 2756 2069 2810 radii

499 2840 586 2892 sui
622 2855 734 2894 non
765 2842 1045 2906 obscurat,
1082 2844 1177 2897 sed
1217 2844 1390 2913 ipsius
1432 2844 1481 2898 vi
1519 2824 1697 2916 atque
1719 2844 1959 2900 ellicacia
1993 2854 2073 2901 te-

498 2930 700 2985 nebras
730 2932 783 2984 in
814 2933 988 2987 lucem
1022 2939 1350 2989 transmutat
1394 2953 1408 3002 ;
1446 2935 1513 2989 ad
1559 2937 1812 2991 eumdem
1850 2938 2071 2991 modum

2156 1490 2262 1562 γὰρ
2285 1489 2509 1559 ὑψίστου
2531 1484 2860 1556 ὑψηλότερον
2881 1501 2895 1548 ;
2920 1484 2985 1537 Τί
3011 1482 3104 1536 τοῦ
3129 1478 3335 1550 ἀγαθοῦ
3363 1479 3742 1551 ἀγαθώτερονς

2158 1581 2321 1633 Ὥστε
2351 1581 2407 1632 ὲν
2447 1579 2596 1650 πάσῃ
2620 1575 2715 1629 τοῦ
2758 1574 2963 1644 ἀγαθοῦ
3006 1572 3305 1643 τελειότητι
3339 1571 3741 1642 θεωρούμενος,

2158 1671 2300 1725 κατά
2330 1671 2436 1723 πᾶν
2464 1663 2601 1731 εἶδος
2621 1667 2828 1737 τροπῆς
2856 1665 2915 1719 τὸ
2943 1663 3299 1718 ἀναλλοίωτον
3331 1662 3442 1731 ἔχει
3464 1677 3478 1689 ο
3510 1662 3570 1713 οὑ
3598 1662 3745 1714 κατὰ

2159 1762 2380 1833 καιρούς
2406 1777 2556 1823 τινας
2582 1760 2643 1812 τὺ
2681 1756 2922 1811 τοιοῦτον
2948 1757 3004 1809 ὲν
3027 1754 3206 1824 ἑαυτῷ
3231 1753 3465 1816 δεικνὺς,
3497 1751 3616 1804 ἀλλ’
3656 1751 3745 1804 ἀεὶ

2158 1852 2415 1916 ὡσαύτως
2444 1851 2602 1922 ἔχων,
2652 1851 2747 1903 καὶ
2777 1849 2884 1919 πρὸ
2912 1846 3013 1916 τῆς
3045 1846 3188 1900 κατά
3217 1844 3503 1915 ἄνθρωπον
3532 1844 3744 1895 οἰκονο-

2163 1946 2312 2017 μίας,
2342 1944 2435 1997 καί
2460 1944 2517 1996 ὲν
2544 1942 2754 2010 ἐκείνῳ,
2777 1939 2873 1993 καί
2895 1939 3034 2010 μετά
3063 1938 3239 1992 τοῦτο.
3273 1935 3439 1990 Οὐδὲν
3461 1936 3559 2003 τῆς
3578 1933 3748 2004 ἀτρέ-

2162 2054 2296 2090 πτου
2339 2037 2431 2089 καὶ
2463 2033 2819 2089 ἀναλλοιώτου
2869 2031 3085 2101 φύσεως
3131 2031 3190 2083 ὲν
3239 2030 3361 2091 ταῖς
3394 2028 3538 2097 ὑπὲρ
3581 2028 3746 2097 ἡμῶν

2163 2128 2464 2199 ἐνεργείαις
2493 2126 2629 2196 πρὸς
2674 2124 2735 2177 τὸ
2766 2124 3104 2192 ἀπεμφαῖνον
3146 2114 3642 2191 μεθαρμοζύμενος.
3676 2115 3749 2167 Τὺ

2163 2219 2271 2289 γὰρ
2325 2218 2482 2286 φύσει
2518 2214 2792 2283 ἄφθαρτον
2825 2212 2916 2266 καὶ
2966 2208 3343 2272 ἀναλλοίωτον,
3373 2206 3460 2260 ἀεὶ
3498 2204 3741 2258 τοιοῦτόν

2166 2313 2334 2375 ἐστιν,
2370 2309 2430 2361 οὑ
2464 2305 2772 2360 συναλλοιού
2783 2321 2939 2375 μενον
2963 2306 3027 2374 τῇ
3054 2304 3284 2370 ταπεινῇ
3315 2299 3508 2368 φύσει,
3534 2298 3667 2351 ὅταν
3688 2298 3755 2350 ὲν

2166 2402 2348 2472 ἐκείνῃ
2398 2400 2519 2453 κατ’
2552 2398 2859 2467 οἰκονομίαν
2892 2395 3150 2465 γένηται,
3182 2391 3324 2446 κατά
3354 2391 3415 2444 τὸ
3459 2388 3555 2443 τοῦ
3594 2389 3749 2460 ἡλίου

2168 2494 2497 2562 ὑπόδειγμα·
2548 2491 2607 2554 ὃς
2654 2487 2936 2543 ὑποϐαλὼν
2989 2486 3091 2557 τὴν
3135 2484 3327 2538 ἀκτῖνα
3366 2480 3444 2552 τῷ
3478 2478 3662 2550 ζόφῳ,
3687 2477 3753 2533 τὸ

2169 2583 2282 2652 φῶς
2300 2583 2399 2652 τῆς
2427 2583 2642 2643 ἀκτῖνος
2667 2580 2767 2633 οὑκ
2796 2576 3126 2649 ἠμαύρωσεν
3144 2592 3156 2604 ·
3185 2570 3322 2626 ἀλλά
3349 2571 3409 2624 τὸ
3438 2568 3631 2631 σκότος
3659 2567 3749 2622 διὰ

2168 2675 2265 2743 τῆς
2320 2673 2535 2735 ἀκτῖνος
2588 2672 2666 2733 εἰς
2710 2668 2826 2737 φῶς
2877 2665 3229 2738 μετεποίησεν
3257 2677 3273 2694 ο
3313 2660 3483 2722 οὑτως
3532 2658 3632 2711 καὶ
3689 2655 3751 2711 τὸ

2171 2761 2416 2832 ἀληθινὸν
2430 2759 2545 2830 φῶς
2564 2762 2620 2812 ἐν
2636 2762 2702 2830 τῇ
2724 2756 2912 2827 σκοτία
2927 2754 3083 2825 ἡμῶν
3111 2750 3352 2821 λάμψαν,
3369 2749 3470 2801 οὑκ
3492 2745 3628 2799 αὑτὸ
3645 2743 3749 2798 ὑπὸ

2173 2852 2265 2907 τοῦ
2293 2852 2518 2914 σκότους
2556 2847 2951 2915 κατεσκιάσθη,
2982 2841 3119 2896 ἀλλά
3143 2842 3208 2895 δι’
3241 2838 3433 2892 ἑαυτοῦ
3464 2838 3558 2890 τὸν
3589 2836 3748 2904 ζόφον

2174 2945 2457 3015 ἐφώτισεν.
2488 2941 2707 3012 Ἐπειδὴ
2728 2940 2906 2993 τοίνυν
2926 2939 2982 2990 ὲν
3009 2934 3183 3004 σκότῳ
3206 2933 3266 2985 τὸ
3291 2929 3632 3001 ἀνθρώπινον
3653 2923 3744 2997 ἧνο

502 3020 722 3089 quando
764 3036 952 3075 verum
998 3022 1178 3075 lumen
1224 3022 1279 3076 in
1323 3023 1564 3079 tenebris
1595 3024 1800 3078 nostris
1835 3023 2069 3089 refulsit,

2178 3036 2358 3100 καθὼς
2383 3036 2708 3105 γέγραπται,
2737 3032 2817 3084 ὅτι
2837 3027 2959 3085 Οὐκ
2974 3025 3265 3115 ἔγνωσαγ,
3288 3020 3429 3115 οὐδὲ
3449 3018 3748 3115 συγῆκαν,

502 3126 847 3180 nequaquam
884 3112 1238 3166 obscuratum
1274 3112 1452 3182 ipsum
1498 3123 1583 3170 est
1619 3130 1648 3168 a
1683 3115 1950 3183 tenebris,
1978 3116 2073 3171 sed

2178 3130 2247 3182 ἐν
2282 3128 2480 3193 σκότῳ
2516 3121 2965 3189 διαπορεύονται
2987 3155 3002 3177 ,
3035 3115 3063 3166 ὁ
3110 3109 3385 3180 ὲλλάμψας
3416 3109 3484 3176 τῇ
3542 3108 3752 3160 ἑσκοτι-

505 3216 607 3255 sua
639 3202 810 3271 ipsius
840 3203 892 3255 vi
939 3201 1224 3273 caliginem
1282 3204 1594 3259 illustravit.
1653 3207 1791 3262 Cum
1824 3208 1989 3278 igitur
2020 3209 2075 3263 iu

506 3293 749 3348 tenebris
800 3293 1100 3347 humanum
1142 3310 1316 3364 genus
1378 3308 1727 3359 versaretur.
1760 3303 1903 3354 sicut
1941 3303 2080 3354 scri-

506 3391 659 3454 ptum
693 3392 772 3438 est
800 3403 814 3439 :
850 3380 973 3438 Non
1011 3395 1353 3455 agnoverunt,
1383 3404 1545 3459 neque
1588 3390 1991 3455 intellexerunt,
2023 3393 2080 3445 in

510 3473 735 3529 tenebris
771 3477 1098 3541 ambulant‘,
1124 3478 1171 3532 is
1216 3481 1307 3548 qui
1345 3482 1689 3536 tenebrosam
1730 3492 1982 3537 naturam
2013 3484 2081 3538 il-

510 3566 789 3629 lustravit,
826 3583 919 3636 per
949 3568 1258 3626 universam
1294 3587 1609 3643 compagem
1642 3583 1886 3630 nostram
1912 3575 2085 3630 deita-

513 3659 583 3713 tis
615 3659 770 3713 radio
799 3663 1129 3718 transmisso
1181 3663 1315 3733 (per
1346 3667 1585 3720 animum
1618 3667 1740 3721 dico
1772 3678 1824 3721 et
1853 3669 2083 3739 corpus)

513 3750 829 3806 universum
883 3769 1054 3822 genus
1098 3755 1399 3810 humanum
1448 3760 1671 3828 preprio
1732 3759 1837 3816 sibi
1883 3760 2088 3815 lumine

512 3843 878 3911 participavit,
909 3846 1036 3899 dum
1077 3847 1211 3901 illud
1239 3848 1342 3903 sibi
1371 3850 1646 3918 copulavit
1672 3858 1835 3919 atque
1856 3852 2089 3920 conjun-

517 3935 598 3988 xit
627 3953 640 3989 :
669 3936 961 4006 etlecitque
994 3948 1052 3992 ut
1089 3940 1223 3994 illud
1269 3950 1419 3995 esset
1450 3943 1594 4011 quod
1623 3950 1705 3999 est
1734 3945 1849 4016 ipse
1882 3963 1894 3999 :
1929 3956 2092 4017 atque

517 4034 579 4079 ιιι
605 4036 862 4097 corrupta
919 4029 1095 4085 deitas
1135 4046 1246 4086 non
1296 4040 1414 4097 est,
1465 4033 1719 4092 habitans
1768 4038 1824 4091 in
1853 4037 2093 4093 obnoxio

518 4119 863 4188 corruptioni
905 4135 1134 4191 corpore
1162 4141 1175 4176 :
1220 4122 1299 4177 sic
1330 4138 1430 4178 nec
1460 4125 1623 4181 ullius
1647 4128 1969 4184 mutationis
1998 4145 2094 4183 va-

521 4187 809 4263 riationem
836 4187 1113 4279 sustinuit,
1138 4214 1356 4283 quando
1375 4216 1790 4272 mutabilitatem
1813 4219 1978 4273 animi
2000 4234 2074 4275 no

2195 4211 2435 4284 ἡγείσθω
2460 4250 2475 4275 ,
2508 4207 2649 4262 κατά
2678 4202 2964 4275 προκοπήν
2991 4215 3113 4252 τινα
3157 4195 3251 4251 καὶ
3283 4187 3606 4284 ἀκολουθίαν

523 4303 623 4356 stri
651 4302 882 4357 sanavit.
921 4301 1133 4374 Quippe
1157 4314 1211 4359 et
1245 4307 1299 4360 in
1340 4314 1456 4362 arte
1483 4308 1693 4363 medica
1721 4309 1814 4378 qui
1850 4312 2095 4380 corpori-

2183 3219 2356 3293 σ’μένῃ
2381 3216 2539 3289 φύσει
2582 3213 2669 3271 διὰ
2698 3209 2899 3275 παντὸς
2933 3206 3027 3263 τοῦ
3068 3201 3439 3276 συγκρίματος
3457 3200 3628 3293 ίὴμῶν
3656 3200 3751 3293 τῆς

2181 3287 2432 3382 θεότγίτος
2456 3310 2554 3380 τὴν
2581 3309 2772 3362 ἀκτῖνα
2803 3298 3095 3369 διαγαγὼν,
3122 3297 3210 3349 διὰ
3240 3293 3438 3365 ψυχῆς,
3464 3292 3632 3360 λέγω,
3662 3287 3753 3343 καὶ

2183 3403 2452 3474 σώματος,
2484 3400 2604 3454 ὅλον
2642 3396 2703 3450 τὸ
2743 3391 3077 3464 ἀνθρώπινον
3110 3389 3188 3458 τῷ
3220 3388 3333 3454 ἰδίῳ
3363 3385 3503 3454 φωτὶ
3536 3396 3753 3474 προσῳ-

2183 3472 2401 3559 κείωσε,
2430 3495 2494 3563 τῇ
2528 3491 2665 3562 πρὸς
2698 3485 2888 3540 ἑαυτὸν
2914 3481 3212 3552 ἀνακράσει
3240 3479 3376 3547 ὅπερ
3398 3475 3544 3529 ἐστὶν
3573 3472 3751 3534 αὐτὸς,

2187 3589 2405 3644 κάκεῖνο
2432 3581 2905 3654 ἀπεργασάμενος,
2929 3575 3025 3630 καὶ
3045 3575 3120 3638 ὡς
3150 3573 3251 3625 οὑκ
3275 3568 3486 3654 ἐφθάρη
3506 3569 3540 3637 ἡ
3561 3564 3753 3654 ,θεότης

2186 3679 2244 3731 ὲν
2270 3676 2347 3746 τῷ
2382 3652 2602 3744 φθαρτῷ
2628 3667 2839 3738 σώματι
2863 3662 3139 3750 γινομένῃο
3177 3656 3350 3750 οὓτως
3371 3653 3500 3750 εὖτε
3525 3652 3752 3750 εἰς

2187 3759 2295 3830 πὴν
2320 3730 2603 3826 ἧλλοιῶθτί,
2627 3750 2688 3804 τὸ
2709 3730 2939 3819 τρεπτδν
2962 3730 3060 3814 τῆς
3079 3739 3257 3834 ψυχῆς
3280 3735 3437 3834 μῶν
3467 3730 3749 3834 ἰασαμὲνη.

2188 3823 2300 3902 Kal.
2326 3823 2418 3898 ἐπὶ
2442 3844 2539 3913 τῆς
2561 3839 2808 3912 ἰατρικῆς
2825 3836 3014 3907 τέχνης
3034 3835 3062 3886 ὁ
3083 3827 3398 3902 θεραπεύων
3424 3823 3495 3877 τά
3516 3823 3750 3913 σῶματα,

2190 3938 2407 3992 ἐπειδὰν
2438 3907 2761 4004 adimat-toi}
2802 3923 3148 3985 πεπονθότος,
3189 3919 3289 3970 οὑκ
3317 3916 3481 3977 αὑτὸς
3512 3907 3756 4004 ἐμπαθὴς

2159 4021 2434 4100 ’γίνεται,
2488 3997 2624 4080 ἀλλὰ
2667 4020 2728 4075 τὸ
2773 4015 2956 4072 νοσοῦν
3009 4012 3280 4081 ὲξιάσατο.
3319 4005 3524 4100 Μηδεὶς
3673 3997 3754 4051 διά

2191 4093 2349 4175 τοῦτο
2392 4119 2453 4171 τὸ
2493 4115 2588 4169 τοῦ
2622 4109 2955 4181 Εὑαγγελίου
2999 4106 3073 4178 μὴ
3118 4102 3343 4163 δεόντως
3385 4093 3755 4199 εκλαμϐἀνων,

3642 4197 3734 4235 κατ

2197 4271 2375 4372 ἀλίγον
2411 4271 2546 4371 πρὸς
2562 4298 2625 4351 τὸ
2648 4271 2930 4365 θειδτερονῖ
2952 4283 3359 4362 μεταποιεῖσθαι
3382 4279 3479 4349 τὴν
3501 4271 3755 4372 ἡμετέραν

522 4393 628 4448 bus
662 4393 987 4449 medicinam
1026 4394 1174 4460 facit,
1219 4412 1354 4459 (ξιιηι
1374 4396 1626 4452 affectum
1664 4415 1865 4471 corpus
1903 4402 2074 4472 tangit

2202 4363 2362 4468 φύσιν
2403 4363 2469 4446 ἐν·
2506 4389 2584 4460 τῷ
2616 4363 2857 4459 Χριστῷ.
2899 4383 2972 4436 Τὸ
3000 4377 3503 4482 γὰρ-Πρῇοκρπτεηζ

522 4501 868 4556 nequaquam
902 4487 1019 4558 ipse
1059 4488 1438 4558 aegritudinem
1468 4492 1764 4555 contrahit,
1797 4493 1890 4547 sed
1928 4509 2074 4563 aegro

2198 4452 2296 4542 aiat
2330 4452 2682 4552 cossim-atat.
2723 4452 2940 4548 χάριτι,
2986 4474 3066 4535 εἰς
3100 4464 3370 4563 ἀπόδειξιν
3405 4459 3501 4563 τού

523 4550 639 4632 tum
666 4550 1045 4634 ad-sanita'tem
1074 4550 1347 4650 perducit.
1380 4579 1550 4636 Nemo
1572 4590 1758 4637 tamen
1789 4550 2074 4654 propterea

2198 4582 2258 4633 ὲν
2298 4576 2376 4648 τῷ
2411 4550 2674 4645 -ἠμετέρῳ
2725 4567 3006 4639 φυράματι
3051 4557 3400 4665 γεγενῆσθαι⁹
3433 4551 3527 4605 τὸν
3570 4550 3756 4665 Κύριον

525 4682 813 4738 perperam
880 4669 1120 4739 acceptis
1181 4667 1459 4738 Evangelii
1511 4670 1731 4736 verbis,
1789 4650 2068 4727 existimet

2201 4670 2349 4741 παρὰ
2376 4668 2474 4738 τῆς
2509 4664 2732 4735 Γραφῆς
2763 4661 3065 4730 ἱστόρηται.
3106 4654 3195 4716 Ὠς
3227 4650 3293 4705 ἂν
3337 4650 3565 4741 μήᾼτινα
3586 4650 3757 4741 ,χώραν

526 4765 781 4813 naturam
825 4766 1073 4815 nostram
1107 4761 1160 4814 in
1206 4760 1436 4816 Domino
1462 4778 1759 4832 progressu
1789 4763 2024 4834 quodam
2049 4781 2074 4820 e

2202 4733 2314 4834 ἔχοι
2342 4760 2403 4812 τὸ
2429 4733 2534 4811 τῶν
2557 4733 2687 4810 ἀντὶ
2718 4752 2819 4821 τῆς
2846 4746 3080 4821 ἀληθοῦς
3098 4741 3398 4841 θεοφανίας-
3410 4733 3757 4841 δόκησίν

529 4852 924 4921 consequentia
962 4852 1223 4922 paulatim
1258 4869 1379 4908 esse
1413 4854 1752 4908 immutatam
1782 4864 1833 4909 et
1869 4854 2074 4909 divinio

2204 4833 2531 4924 γεγενῆσθαι
2562 4841 3014 4917 δογματιςόντων,
3039 4839 3096 4890 ὲν
3117 4833 3756 4935 σωματικῇρορφῇικαξῖ

528 4958 644 4999 rem
673 4942 941 4997 etlectam.
969 4942 1125 5007 Quod
1150 4944 1294 4999 enim
1322 4943 1545 5005 dicitur,
1573 4943 1920 5014 Progressum
1944 4946 2074 5015 facie

2205 4916 2704 5016 εσλξηματισμένην.
2752 4934 2851 4987 Διά
2909 4931 3068 4984 τοῦτο
3099 4928 3199 4981 ὅσα
3227 4925 3327 4993 τῆς
3362 4919 3576 4990 φύσεως
3615 4916 3757 5021 ily-“3"

530 5035 619 5088 bat
643 5035 695 5088 in
724 5044 955 5099 statura,
974 5035 1235 5105 sapientia
1262 5044 1312 5089 et
1336 5035 1510 5105 gratia
1538 5036 1558 5067 ⁸
1580 5052 1594 5101 ;
1617 5034 1737 5090 ideo
1773 5052 2074 5091 commcmo

2208 5009 2780 5104 l6t'ct-titvsrtataxt5v-twg
2799 5028 2892 5080 καὶ
2918 5023 3045 5093 σιτερί⁹
3069 5020 3230 5075 αὑτὸν
3265 5015 3468 5084 ἱστορεῖ
3565 5009 3757 5105 Γραφῇ,

529 5136 690 5182 ratur
717 5140 748 5179 a
770 5124 1058 5196 Scriptura
1082 5167 1097 5191 ,
1134 5134 1194 5181 ut
1223 5127 1649 5190 demonstretur,
1680 5144 1805 5184 vere
1840 5129 1894 5183 in
1924 5145 2070 5185 mass

2212 5132 2311 5203 τὴν
2350 5126 2573 5199 βρῶσιν,
2602 5123 2702 5193 τὴν
2737 5119 2897 5174 πόσιν
2918 5157 2933 5182 ,
2976 5115 3069 5169 τὸν
3104 5111 3292 5173 ὕπνον,
3325 5103 3642 5203 τὸν-κόπον,
3673 5096 3759 5203 τῂν

530 5228 724 5275 nostra
757 5218 1048 5274 Dominum
1095 5218 1264 5276 fuisse
1294 5231 1644 5288 generatum,
1683 5236 1750 5275 ne
1796 5222 1924 5291 quis
1956 5223 2112 5279 locus

533 5326 722 5365 eorum
750 5312 1091 5381 relinquatur
1136 5310 1338 5376 errori,
1372 5327 1605 5381 quorum
1643 5314 1839 5368 scitum
1871 5323 1977 5380 est,
2010 5332 2110 5384 pro

534 5418 662 5457 vera
695 5402 787 5458 Dei
815 5404 1177 5474 apparitione,
1220 5404 1456 5473 speciem
1492 5405 1759 5459 duntaxat
1815 5408 2110 5474 quamdam

538 5509 660 5550 esse
694 5496 953 5565 genitam,
1016 5509 1137 5567 quae
1192 5494 1417 5565 ﬁguram
1454 5497 1821 5569 assumpserit
1856 5498 2111 5555 humana:

613 5670 635 5701 ⁸
668 5667 814 5725 Psal.
838 5684 1022 5735 Lxxxl,
1054 5670 1105 5723 5.
1183 5670 1204 5702 ⁸
1233 5668 1364 5724 Luc.
1400 5685 1460 5734 ιι,
1504 5670 1590 5727 52.

2217 5186 2445 5293 τροφ·ὴ’ν,
2479 5186 2577 5289 τὴν
2607 5186 2893 5301 προκοπὴν
2922 5207 3022 5278 τῆς
3051 5201 3368 5301 σωματικῆς
3412 5194 3653 5301 ἡλικίας,

2218 5312 2481 5382 αὔξησινο
2521 5308 2698 5361 πάντα
2737 5304 2803 5357 δι’
2836 5294 2910 5355 ὧν
2955 5300 2989 5368 ἡ
3020 5294 3264 5365 ἡμετέρα
3310 5294 3757 5382 χαρακτηριςεται

2220 5375 2399 5475 φύσις,
2424 5401 2561 5471 πλὴν
2585 5399 2684 5468 τῆς
2699 5394 2821 5450 καθ’
2847 5389 3119 5464 ἁμαρτίαν
3143 5383 3341 5475 ὁρμῆς.
3381 5379 3446 5432 Ἦ
3466 5377 3573 5475 γάρ
3603 5375 3761 5475 ἀμςιρς

2218 5458 2309 5550 τία
2336 5458 2899 5561 ἀπότεύγιιανφύσεως-
2930 5458 3099 5547 ἐστιν,
3128 5476 3227 5531 οὑκ
3259 5472 3473 5543 ἰδίωμα.
3510 5469 3594 5531 Ὠς
3618 5461 3699 5516 καὶ
3729 5458 3760 5526 ἡ
