4068 6154
342 340 475 401 {021

1540 355 1917 410 EPISTOLJE.
1945 386 2012 395 —
2044 352 2260 408 EPIST.
2299 351 2388 408 Ili.

3442 346 3581 403 1022

341 458 498 526 νόσος
513 464 655 535 καὶὴ
680 464 944 535 πήρωσις,
973 466 1072 519 οὑκ
1097 465 1156 532 ἐξ
1180 467 1352 537 ἀρχῆς
1374 468 1503 538 ἡμῖν
1528 469 1908 538 συμπέφυκεν,

2015 466 2222 520 formae.
2268 463 2564 533 Propterea
2602 476 2709 516 non
2759 460 3037 517 erubescit
3077 460 3359 532 Scriptura
3392 461 3578 517 omnia

340 552 477 606 ἀλλά
508 554 658 625 παρά
688 554 848 621 φύσιν
879 556 1164 626 συμδαίνει
1188 575 1200 586 ·
1230 556 1403 621 οὑτως
1447 558 1539 611 καὶ
1568 560 1600 627 ὴ
1641 557 1783 611 κατά
1816 575 1911 611 κα-

341 642 465 696 κίαν
488 642 734 712 ἐνέργεια
758 643 1005 717 καθάπερ
1032 664 1117 710 τις
1142 649 1387 720 πήρωσις
1406 649 1499 701 τοῦ
1535 649 1912 719 ἐμπεφυκότος

342 735 473 803 ἡμῖν
497 733 699 801 ἀγαθοῦ
730 739 948 790 νοεῖται·
975 739 1075 792 οὐκ
1101 741 1158 792 ὲν
1186 740 1264 809 τῷ
1292 741 1458 811 αὑτὴν
1494 742 1787 809 ὑφεστάναι
1815 758 1913 793 κα-

338 823 814 898 ταλαμϐανομένη,
847 829 961 882 ἀλλ’
987 832 1043 883 ὲν
1064 835 1129 902 τῇ
1160 832 1252 885 τοῦ
1282 833 1487 901 ἀγαθοῦ
1515 834 1751 903 ἀπουσία⁵
1780 832 1913 886 θεω-

343 915 602 986 ρουμένη.
662 917 721 970 '0
766 914 858 972 οὖν
899 920 999 992 τὴν
1039 922 1211 995 φύσιν,
1252 924 1405 994 ὑμῶν
1451 926 1585 995 πρὸς
1620 928 1719 996 τὴν
1763 925 1912 980 θείαν

339 1004 567 1077 δύναμιν
597 1011 1108 1081 μεταστοιχειὼσας,
1139 1014 1351 1085 ἀπηρον
1379 1014 1547 1086 αὐτὴν
1586 1015 1682 1069 καὶ
1724 1013 1912 1069 ἄνοσον

343 1098 402 1150 ὲν
430 1098 605 1168 ἑαυτῷ
640 1099 950 1167 διεσώσατο,
988 1104 1085 1175 τὴν
1107 1104 1165 1169 ἐξ
1199 1105 1470 1176 ἁμαρτίας
1504 1106 1796 1177 γινομένην

342 1187 660 1258 προαιρέσει
712 1190 956 1260 πήρωσιν
1017 1192 1076 1244 οὑ
1142 1192 1592 1263 προσδεξάμενος.
1649 1212 1668 1246 ι
1710 1193 1913 1265 Ἀμαρ-

341 1276 465 1329 τίαν
496 1277 604 1349 γὰρ
628 1320 643 1342 ,
679 1282 865 1350 φησὶν,
912 1282 1010 1335 οὑκ
1055 1283 1340 1354 ἐποίησεν·
1392 1284 1498 1337 οὐδ’
1530 1285 1726 1356 εὑρέθη
1766 1285 1915 1350 δόλος

342 1368 401 1418 ὲν
419 1365 496 1437 τῷ
526 1369 751 1438 στόματι
774 1372 960 1427 αὑτοῦ.
988 1392 1007 1426 ι
1044 1373 1213 1427 Τοῦτο
1240 1374 1297 1427 δὲ
1325 1376 1385 1428 οὑ
1412 1376 1553 1430 κατά
1580 1392 1633 1429 τι
1666 1377 1914 1447 χρονικὸν

339 1457 614 1530 διάστημα
664 1462 793 1533 περὶ
842 1464 1005 1516 αὑτὸν
1052 1463 1386 1536 θεωροῦμεν,
1440 1466 1555 1520 ἀλλ’
1591 1467 1752 1529 εὐθὺς
1780 1469 1808 1520 ὁ
1856 1469 1913 1520 ἐν

339 1551 529 1621 Μαρίᾳ
557 1550 859 1623 ἄνθρωπος,
889 1557 946 1608 ὲν
973 1548 1017 1623 ᾧ
1045 1556 1389 1627 ᾠκοδόμησεν
1417 1559 1449 1629 ἡ
1476 1557 1645 1626 Σοφία
1668 1557 1758 1612 τὸν
1786 1557 1913 1611 ἴδιον

339 1633 520 1691 οἶκον·
554 1642 619 1711 τῇ
664 1640 764 1710 μὲν
792 1643 987 1696 ἑαυτοῦ
1016 1644 1175 1713 φύσει
1204 1647 1268 1698 ὲκ
1299 1644 1392 1699 τοῦ
1431 1645 1710 1717 ἐμπαθοῦς
1741 1648 1914 1719 φυρά-

342 1745 510 1799 ματος
539 1726 605 1803 ῆν
624 1748 639 1763 ο
670 1733 803 1802 ὁμοῦ
827 1734 882 1787 δὲ
906 1737 971 1805 τῇ
998 1736 1276 1789 ὲπελεὺσει
1298 1736 1389 1790 τοῦ
1416 1739 1571 1807 ἁγίου
1597 1738 1913 1809 Πνεύματος

2013 558 2080 611 de
2126 572 2192 611 eo
2221 570 2447 609 narrare
2490 567 2612 623 quae
2658 558 2785 608 sunt
2825 560 3034 607 naturae
3076 562 3278 608 nostra:
3319 552 3575 629 propria:

2010 663 2187 712 csum,
2220 656 2428 716 potum,
2459 658 2733 709 somnum,
2761 643 3163 708 lassitudinem,
3188 644 3295 698 cibi
3314 644 3579 713 sumptio-

2015 753 2164 801 nem,
2197 749 2551 806 progressum
2580 747 2854 802 εονροτεαε
2884 741 3125 797 statum,
3161 733 3577 801 incrementum:

2012 830 2195 882 omnia
2236 826 2470 896 denique
2517 840 2615 895 per
2656 840 2775 893 quas
2807 831 3017 878 naturae
3057 832 3264 879 nostra;
3294 824 3581 878 character

2012 919 2364 989 exprimitur,
2432 924 2657 987 excepta
2722 916 3089 986 propensione
3154 916 3242 978 ad_
3276 924 3577 986 peceatum.

2011 1009 2305 1065 Peccatum
2334 1011 2504 1076 enim,
2557 1009 2832 1063 aberratio
2866 1023 2897 1060 a
2940 1016 3131 1061 natura
3158 1017 3273 1070 est,
3309 1022 3416 1060 non
3461 1006 3581 1075 ejus

2013 1104 2341 1172 proprietas.
2371 1101 2525 1155 Sicut
2548 1100 2795 1163 morbus,
2820 1106 2875 1153 et
2905 1099 3276 1152 membrorum
3305 1098 3579 1163 debilitas,

2014 1208 2125 1247 non
2178 1193 2497 1248 coalescunt
2552 1199 2764 1246 naturae
2804 1196 3007 1244 nostrae
3037 1204 3067 1242 a
3112 1188 3425 1259 principio;
3485 1188 3581 1243 sed

2016 1292 2207 1338 contra
2253 1293 2503 1338 naturam
2548 1282 2809 1336 accidunt
2850 1297 2864 1333 :
2899 1281 2979 1335 sic
3013 1285 3069 1333 et
3098 1280 3242 1333 actio
3276 1296 3343 1334 ex
3370 1278 3581 1332 vitiosi-

2016 1381 2127 1429 tate
2157 1389 2387 1430 manans
2407 1415 2423 1438 ,
2451 1374 2603 1428 velut
2632 1373 2887 1428 debilitas
2928 1370 3177 1441 quaedam
3203 1370 3332 1424 boni
3374 1379 3584 1423 naturte

2015 1476 2220 1521 nostra:
2261 1466 2486 1536 ingeniti
2520 1480 2643 1520 esse
2675 1464 2993 1534 intelligitur
3030 1479 3043 1515 :
3077 1478 3198 1533 quae
3225 1477 3333 1515 non
3362 1476 3427 1516 eo
3458 1475 3582 1529 per-

2015 1559 2218 1628 cipitur
2248 1559 2394 1629 quod
2434 1559 2611 1627 ipsum
2650 1571 2745 1626 per
2778 1571 2837 1611 se
2877 1556 3065 1609 vitium
3095 1554 3379 1617 subsistat,
3403 1553 3498 1607 sed
3526 1554 3582 1609 in

2016 1650 2264 1705 absentia
2306 1650 2433 1704 boni
2462 1649 2865 1704 consideratur.
2911 1646 2961 1701 ls
3011 1647 3176 1716 igitur
3203 1646 3294 1715 qui
3329 1655 3579 1699 naturam

2016 1751 2258 1796 nostram
2291 1739 2359 1793 ad
2387 1738 2625 1792 divinam
2672 1736 2928 1791 virtutem
2961 1734 3404 1803 transformavit,
3450 1735 3583 1788 inte-

339 1821 436 1874 καὶ
459 1824 523 1893 τῇ
554 1825 917 1896 ὲπισκηνώσει
943 1827 1042 1897 τῆς
1061 1827 1153 1881 τοῦ
1169 1828 1421 1898 Ὑψίστου
1445 1830 1745 1902 δυνάμεως,
1776 1833 1911 1904 ὅπερ

2012 1846 2161 1902 gram
2196 1830 2345 1884 illam
2377 1836 2435 1885 et
2471 1843 2502 1882 a
2536 1828 2744 1884 morbis
2776 1829 3076 1882 immunem
3118 1827 3172 1879 in
3203 1840 3263 1881 se
3289 1839 3584 1879 conservae

338 1913 401 1966 τὸ
435 1915 812 1987 ὲπισκηνῶσαν
842 1914 911 1989 ῆν
946 1919 1103 1989 φύσει
1141 1923 1206 1993 τῇ
1244 1922 1365 1993 ἰδίᾳ,
1402 1923 1563 1987 εὐθὺς
1589 1925 1763 1978 ἐκεῖνο
1790 1925 1912 1993 ἐγέ-

2013 1923 2118 1987 vit;
2149 1936 2275 1975 cum
2295 1919 2632 1975 debilitatem
2662 1918 2926 1972 voluntati
2957 1933 3025 1971 ex
3058 1923 3282 1986 peccato
3312 1915 3584 1969 inhaeren-

340 2020 478 2057 νετο.
515 2007 698 2076 Χωρὶς
737 2009 845 2080 γὰρ
884 2010 1064 2081 πάσης
1094 2012 1401 2082 ἀντιλογίας
1450 2013 1511 2066 τδ
1552 2013 1772 2069 ἔλαττον
1802 2014 1909 2068 ὑπὸ

2013 2019 2120 2066 tem
2152 2025 2263 2065 non
2285 2009 2549 2078 suscepit.
2586 2007 2865 2062 Peccatum
2897 2007 3058 2072 enim,
3084 2007 3283 2077 inquit,
3308 2023 3409 2061 non
3433 2005 3581 2074 fecit:

340 2094 435 2147 τοῦ
460 2097 769 2167 κρείττονος
798 2100 1126 2168 εὐλογεῖται.

2012 2120 2159 2175 neque
2201 2104 2440 2157 inventus
2474 2112 2554 2156 est
2586 2101 2740 2156 dolus
2774 2103 2830 2154 in
2868 2115 2957 2153 ore
2990 2100 3102 2168 ejus
3118 2101 3161 2155 ⁸.
3221 2099 3279 2153 ld
3321 2113 3453 2151 vero
3487 2112 3584 2150 ne-

340 2202 615 2258 quaquam
642 2205 765 2245 eum
795 2192 1079 2249 intervallo
1108 2196 1370 2267 temporis
1406 2197 1458 2251 in
1506 2196 1626 2267 ipso
1663 2195 2080 2252 consideramus
2120 2212 2136 2249 :
2181 2196 2277 2251 sed
2305 2195 2576 2263 extemplo
2613 2208 2734 2247 cum
2796 2199 3095 2262 conceptus
3160 2197 3247 2244 est
3313 2189 3475 2242 homo
3527 2189 3584 2241 in

339 2278 509 2335 Maria
556 2282 631 2353 (in
673 2300 782 2354 quo
811 2287 1031 2343 domum
1066 2303 1221 2344 suam
1259 2289 1538 2360 Sapientia
1578 2291 1895 2363 exstruxit),
1933 2290 2002 2345 ad
2036 2300 2285 2346 naturam
2324 2290 2542 2360 quidem
2583 2288 2775 2358 ipsius,
2813 2285 2956 2356 quod
3030 2284 3243 2349 attinet,
3311 2299 3342 2339 e
3402 2295 3584 2336 massa

341 2370 629 2429 ali‘ectibus
662 2376 896 2432 obnoxia
928 2380 1129 2449 prodiit
1172 2381 1308 2435 :sed
1365 2382 1527 2437 simul
1606 2394 1670 2438 ac
1741 2382 1979 2454 Spiritus
2019 2390 2245 2440 sanctus
2273 2381 2607 2451 supervenit,
2642 2387 2693 2434 et
2720 2380 2896 2435 virtus
2923 2376 3186 2432 Altissimi
3231 2375 3453 2429 Mariam
3494 2374 3582 2428 in-

341 2462 655 2530 umbravit,
680 2477 903 2537 repente
947 2470 1081 2525 illud
1124 2471 1226 2526 fuit
1275 2477 1418 2544 quod
1453 2484 1570 2531 erat
1601 2478 1819 2549 prepria
1866 2493 1966 2535 sua
2003 2477 2201 2533 natura
2231 2476 2324 2547 qui
2354 2474 2701 2530 inumbrabat
2734 2489 2748 2526 :
2779 2487 2904 2527 nam
2934 2470 3140 2541 absque
3176 2468 3325 2524 omni
3359 2477 3581 2523 contro-

340 2556 543 2620 versia,
576 2559 722 2628 quod
756 2562 937 2619 minus
969 2573 1051 2620 est
1079 2565 1148 2621 ab
1173 2582 1237 2622 eo
1263 2571 1406 2639 quod
1433 2571 1610 2640 majus
1643 2580 1728 2628 est.
1759 2573 2123 2630 benedicitur.

424 2646 579 2702 Ἐπεὶ
620 2648 713 2704 οῦν
753 2651 979 2725 ἀπειρόν
1003 2655 1058 2711 τί
1100 2660 1215 2712 ἐστι
1260 2662 1353 2714 καὶ
1378 2662 1684 2734 ἀμέτρητον
1729 2666 1764 2735 ἠ
1809 2666 1909 2735 τῆς

2074 2665 2211 2721 Cum
2244 2664 2406 2736 igitur
2453 2660 2726 2717 inﬁnitum
2780 2659 2987 2729 aliquid
3031 2664 3086 2713 et
3120 2654 3265 2727 quod
3299 2656 3400 2712 sub
3430 2670 3584 2710 men-

343 2737 596 2811 θεότητος
621 2741 870 2813 δύναμις,
906 2745 1079 2818 βραχὺ
1105 2749 1162 2803 δὲ
1189 2751 1282 2804 καὶ
1315 2753 1588 2807 οὑτιδανὸν
1614 2755 1675 2807 τὸ
1710 2754 1912 2827 ἀνθρώ-

2012 2756 2203 2810 suram
2234 2769 2344 2808 non
2376 2753 2533 2808 cadat
2568 2751 2653 2805 vis
2685 2749 2900 2804 deitatis
2949 2748 3022 2805 sit
3065 2764 3079 2800 :
3120 2755 3309 2803 contra
3351 2760 3581 2815 parvum

346 2847 503 2884 πινον
524 2848 538 2861 ·
579 2832 695 2903 ἅμα
733 2851 792 2887 τε
824 2836 1025 2906 ἐπῆλθε
1057 2839 1117 2892 τὸ
1155 2841 1378 2911 Πνεῦμα
1406 2846 1472 2914 τῇ
1500 2841 1782 2914 Παρθένῳ,
1815 2846 1911 2899 καὶ

2012 2846 2137 2916 quid
2157 2853 2209 2901 et
2234 2860 2371 2915 pene
2404 2844 2539 2899 nihil
2568 2844 2802 2897 humana
2830 2849 3060 2906 natura;
3085 2840 3274 2895 eodem
3304 2844 3582 2892 momento

342 2921 379 2993 ἡ
401 2920 494 2974 τοῦ
526 2922 778 2992 Ὑψίστου
804 2927 1095 2982 ὲπεσκίασε
1122 2929 1370 3002 δύναμις,
1401 2933 1463 2986 τὸ
1491 2935 1577 2988 διὰ
1605 2936 1703 3006 τῆς
1729 2936 1911 2990 τοιαύ-

2012 2945 2060 2990 et
2103 2933 2344 3005 Spiritus
2396 2941 2620 2989 sanctus
2650 2930 2862 3000 Virgini
2900 2930 3247 3000 supervenit,
3301 2928 3586 2998 virtusque

342 3029 445 3083 της
467 3015 723 3086 ἀφορμῆς
753 3018 1096 3090 πηγνύμενον
1119 3023 1381 3094 σκήνωμα
1405 3025 1556 3080 οὐδὲν
1576 3028 1673 3097 τῆς
1702 3028 1912 3101 ἀνθρω-

2012 3024 2279 3081 Altissimi
2322 3039 2440 3079 eam
2490 3022 2856 3086 inumbravit,
2908 3030 2962 3075 et
2998 3019 3052 3073 id
3100 3018 3244 3089 quod
3279 3034 3343 3073 ea
3377 3018 3585 3074 ratione

343 3103 506 3176 πίνης
536 3106 771 3179 σαπρίας
796 3113 1256 3178 συνεπεσπάσατο,
1289 3115 1403 3168 ἀλλ’
1436 3115 1622 3189 ὥσπερ
1650 3114 1717 3190 ἦν
1746 3098 1818 3172 έν*
1834 3120 1912 3191 τῷ

2018 3125 2359 3186 compactum
2374 3123 2456 3170 est
2487 3112 2925 3173 tabernaculum,
2943 3111 3196 3165 humanae
3216 3108 3585 3179 corruptionis

346 3198 684 3269 συστήματι,
738 3201 786 3254 εί
835 3203 927 3255 καί⁸
979 3202 1262 3275 ἄνθρωπος
1305 3201 1395 3278 ῆν,
1446 3208 1582 3279 πλὴν
1630 3210 1765 3264 ἀλλά
1817 3213 1912 3267 καὶ

2012 3208 2150 3261 nihil
2174 3207 2419 3269 attraxit,
2442 3206 2534 3261 sed
2568 3206 2712 3261 sicut
2740 3212 2856 3259 erat
2887 3202 2939 3255 in
2964 3201 3140 3272 prima
3167 3200 3583 3264 constitutione,

346 3286 564 3358 πνεῦμα
586 3290 680 3343 καὶ
695 3290 854 3363 χάρις
876 3293 969 3346 καὶ
991 3294 1217 3367 δύναμις
1233 3292 1321 3369 ἦν,
1352 3300 1408 3351 ὲν
1430 3302 1493 3369 τῇ
1526 3301 1794 3374 ὑπερϐολῇ
1816 3304 1913 3373 τῆς

2012 3296 2173 3349 etiam
2211 3296 2565 3364 posteaquam
2610 3291 2792 3347 factus
2828 3298 2948 3346 erat
2986 3289 3182 3353 homo,
3225 3290 3584 3374 nihilominus

346 3377 497 3441 θείας
528 3378 811 3452 δυνάμεως
837 3383 938 3454 τῆς
963 3387 1106 3442 κατά
1128 3364 1229 3460 τὴν
1255 3364 1421 3456 φύσιν
1467 3364 1913 3465 ignviorem-:6;

2012 3392 2192 3440 tamen
2226 3384 2473 3454 spiritus,
2512 3390 2566 3437 et
2599 3383 2794 3454 gratia,
2829 3388 2883 3435 et
2914 3379 3091 3434 virtus
3138 3364 3274 3446 erat,
3320 3380 3375 3433 in
3407 3380 3583 3434 abun-

345 3468 746 3543 ὲκλαμποὺσης.
781 3474 890 3527 Καὶ
920 3476 1107 3548 ἐπειδὴ
1132 3478 1226 3532 δύο
1255 3481 1466 3550 πέρατα
1508 3482 1609 3553 τῆς
1634 3484 1912 3555 ἀνθρωπί-

344 3577 444 3631 νης
469 3561 584 3614 ἐστὶ
605 3561 768 3637 ζωῆς,
790 3566 910 3620 ὅθεν
930 3569 1212 3639 ἀρχόμεθα
1356 3574 1436 3635 είς
1460 3573 1488 3626 ὃ
1503 3554 1876 3644 καταλήγομεν
1894 3592 1909 3607 ο

345 3651 656 3719 ἀναγκαίως
681 3657 709 3708 ό
745 3658 924 3711 πᾶσαν
962 3660 1118 3729 ήμῶν
1147 3661 1243 3730 τὴν
1279 3661 1424 3731 ζωὴν
1468 3662 1799 3733 θεραπεύων
1827 3665 1914 3719 διά

344 3741 455 3795 τῶν
490 3743 582 3797 δύο
613 3746 796 3818 ἄκρων
823 3750 972 3818 ἡμᾶς
998 3749 1455 3819 περιπτὺσσεται,
1487 3753 1583 3829 καὶ
1609 3753 1708 3825 τῆς
1742 3755 1914 3826 ἀρχῆς

348 3833 504 3904 ἡμῶν
526 3836 619 3888 καὶ¹
648 3836 741 3890 τοῦ
771 3838 957 3903 τέλους
986 3841 1501 3911 περιδρασσόμενος,
1535 3845 1621 3898 ἵνα
1653 3846 1713 3910 ἐξ
1736 3846 1915 3917 ἀμφοὲ

345 3924 518 3994 τέρων
552 3926 744 4000 ὑψώσῃ
776 3930 868 3982 τὸν
901 3928 1171 4000 κείμενον.
1216 3932 1392 4005 Ὅπερ
1419 3928 1510 3988 οῦν
1534 3937 1626 3989 ἐπὶ
1650 3936 1743 3990 τοῦ
1774 3938 1915 3992 κατά

342 4014 405 4066 τὸ
441 4016 595 4079 τέλος
635 4017 831 4089 μέρους
873 4021 1384 4095 καταλαμϐάνομεν,
1434 4026 1595 4080 τοῦτο
1644 4028 1738 4080 καὶ
1787 4028 1914 4099 περὶ

342 4101 444 4172 τῆς
474 4103 648 4174 ἀρχῆς
676 4105 1019 4178 λογιζόμεθα.
1038 4112 1124 4175 Ὠς
1152 4112 1260 4184 γὰρ
1285 4116 1399 4168 ἐκεῖ
1418 4116 1478 4169 τὸ
1512 4117 1611 4187 μὲν
1637 4115 1794 4187 σῶμα
1814 4118 1916 4188 τῆς

344 4191 521 4264 ψυχῆς
566 4195 950 4268 διαζευχθῆναι
985 4203 1106 4253 κατ’
1127 4203 1435 4274 οἰκονομίαν
1469 4207 1756 4279 ἐποίησεν·
1792 4210 1826 4279 ἡ
1856 4209 1913 4264 δὲ

344 4284 636 4354 ἀμέριστος
657 4286 845 4359 θεότης
874 4290 1017 4358 ἅπαξ
1043 4295 1410 4367 ἀνακραθεῖσα
1438 4298 1519 4368 τῷ
1541 4300 1908 4372 ὑποκειμένῳ,

344 4372 468 4427 οὕτε
502 4376 591 4429 τοῦ
623 4377 894 4449 σώματος,
926 4382 1048 4436 οὕτε
1078 4387 1174 4457 τῆς
1195 4386 1374 4459 ψυχῆς
1407 4390 1754 4463 ἀνεσπάσθηο
1779 4393 1912 4446 ἀλλά

350 4467 488 4536 μετά
525 4469 620 4538 μὲν
663 4472 762 4542 τῆς
792 4474 968 4547 ψυχῆς
998 4479 1055 4531 ὲν
1095 4478 1174 4550 τῷ
1200 4482 1510 4554 παραδείσῳ
1552 4485 1756 4553 γίνεται
1798 4487 1927 4540 ὁδου

348 4558 574 4612 ποιοῦσα
600 4562 687 4615 διὰ
704 4565 798 4618 τοῦ
829 4566 1025 4638 λῃστοῦ
1047 4572 1158 4633 τοῖς
1180 4571 1540 4643 ἀνθρωπίνοις
1562 4575 1658 4646 τὴν
1680 4575 1882 4630 εἴσοδον
1899 4594 1913 4609 ·

342 4648 430 4702 διὰ
454 4649 510 4703 δὲ
537 4653 628 4705 τοῦ
662 4655 909 4726 σώματος
936 4661 993 4715 ὲν
1018 4665 1083 4733 τῇ
1110 4664 1307 4735 καρδία
1337 4665 1436 4735 τῆς
1466 4666 1589 4736 γῆς,
1617 4668 1916 4739 ἀναιροῦσα

342 4739 435 4792 τὸν
459 4740 518 4794 τὸ
538 4743 734 4813 κράτος
755 4745 944 4817 ἔχοντα
966 4752 1059 4805 τοῦ
1086 4752 1316 4809 θανάτου
1338 4772 1352 4787 ·
1368 4757 1461 4811 καὶ
1474 4758 1559 4811 διά
1574 4755 1731 4811 τοῦτο
1747 4759 1916 4814 καὶτὸ

346 4831 552 4902 σῶμαΚ
563 4832 709 4903 ὑριος
718 4836 952 4905 λέγεται,
967 4842 1053 4895 διὰ
1063 4844 1161 4914 τὴν
1173 4847 1493 4919 ὲγκειμένην
1507 4848 1732 4920 θεότητα
1741 4865 1754 4879 ·
1776 4850 1916 4905 οὑτω

342 4923 438 4978 καὶ
454 4924 547 4978 ἐπὶ
566 4927 667 4996 τῆς
693 4925 871 4997 ψυχῆς
897 4930 1240 5003 λογιζόμεθα,
1263 4938 1342 4990 ὅτι
1366 4938 1462 5010 ὅλῃ
1482 4941 1548 5010 τῇ
1576 4939 1734 5009 φύσει
1752 4941 1913 5013 ἡμῶν

343 5013 493 5083 ⁴ἢτοῦ
527 5016 783 5087 Ὑψίστου
802 5019 1028 5092 δύναμις
1049 5024 1135 5079 διὰ
1156 5027 1255 5097 τῆς
1275 5030 1612 5095 ἐπελεύσεως
1635 5032 1739 5089 τοῦ.
1756 5032 1911 5102 ἁγίου

342 5104 484 5159 Πνεὺ
492 5124 659 5177 ματος
675 5110 1024 5183 ξγκραθεῖσα,
1046 5116 1141 5168 καὶ
1165 5118 1224 5169 ὲν
1244 5121 1310 5190 τῇ
1331 5119 1474 5192 ψυχῇ
1500 5122 1656 5192 ἡμῶν
1678 5123 1908 5191 γίνεται,

343 5195 480 5250 καθὸ
510 5199 656 5265 εἰκὸς
679 5202 738 5255 ὲν
767 5202 910 5275 ψυχῇ
942 5206 1197 5272 γενέσθαι
1220 5226 1234 5240 ·
1274 5212 1368 5264 καὶ
1404 5212 1481 5282 τῷ
1509 5212 1720 5283 σώματι
1745 5234 1911 5270 κατα-

344 5287 622 5358 μίγνυται,
649 5292 724 5356 ὡς
767 5293 832 5347 ἀν
856 5294 944 5348 διὰ
978 5296 1194 5351 πάντων
1222 5299 1517 5374 ὁλοτελὴςή
1546 5305 1789 5376 σωτηρία
1818 5306 1912 5375 γέ-

340 5396 501 5469 νηται
523 5397 538 5412 ο
567 5383 976 5457 φυλασσομένης
998 5391 1064 5460 τῇ
1100 5390 1312 5461 θεότητι
1342 5395 1435 5446 καὶ
1465 5396 1522 5447 ὲν
1544 5399 1609 5467 τῇ
1645 5398 1786 5468 ἀρχῇ
1812 5400 1910 5469 τῆς

340 5466 685 5537 ἀνθρωπίνης
717 5473 857 5544 ζωῆς
888 5477 980 5530 καὶ
1012 5480 1069 5532 ὲν
1095 5478 1174 5549 τῷ
1203 5480 1343 5533 τέλει
1365 5482 1461 5552 τῆς
1490 5466 1828 5556 θεοπρεποῦς
1852 5466 1911 5539 τε

341 5561 436 5614 καὶ
478 5561 687 5634 ὑψηλῆς
717 5563 983 5632 ἀπαθείας
1006 5585 1020 5602 ’
1069 5569 1194 5624 οὔτε
1236 5571 1345 5643 γὰρ
1384 5573 1419 5645 ἡ
1455 5573 1599 5646 ἀρχὴ
1634 5575 1774 5629 κατά
1798 5576 1912 5647 ,τὴν

414 5744 436 5777 ⁶
465 5744 487 5799 l
536 5744 681 5801 I‘etr.
713 5760 773 5813 ll,
804 5748 893 5805 22.

1943 4432 1990 4492 D

2013 3476 2198 3530 dantia
2236 3475 2433 3531 divina!
2481 3474 2701 3529 virtutis
2752 3474 3083 3542 proprietate
3126 3483 3335 3526 natura:
3384 3478 3585 3526 nostra:

2012 3565 2339 3636 refulgente.
2392 3563 2658 3630 Quoniam
2691 3578 2823 3618 vero
2864 3564 3120 3618 humana:
3151 3563 3275 3616 vita:
3316 3562 3424 3616 duo
3454 3570 3584 3617 sunt

2013 3665 2276 3720 extrema,
2307 3656 2453 3710 unde
2492 3654 2760 3721 ordimur,
2792 3666 2844 3709 et
2874 3658 2929 3709 in
2956 3654 3102 3725 quod
3129 3654 3454 3719 desinimus,
3489 3669 3584 3709 ne-

2013 3747 2256 3803 cessario
2300 3746 2394 3816 qui
2435 3745 2600 3800 vitam
2641 3754 2887 3801 nostram
2937 3747 3248 3801 universam
3305 3746 3577 3810 medetur,

2014 3838 2104 3893 illa
2132 3836 2241 3892 duo
2271 3846 2461 3893 nostra
2489 3843 2728 3891 extrema
2756 3837 3125 3907 amplectitur,
3150 3836 3365 3890 initium
3388 3834 3580 3890 tinem—

2013 3944 2120 3999 que
2148 3938 2392 3984 nostrum
2438 3927 2852 3998 apprehendens
2874 3968 2889 3994 ,
2927 3935 2985 3982 ut
3021 3927 3292 3996 jacentem
3329 3928 3585 3997 utrinque

1964 4062 1973 4068 .
2014 4021 2287 4075 hominem
2315 4021 2370 4074 in
2394 4020 2628 4075 sublime
2657 4020 2828 4074 tollat.
2863 4020 3021 4087 Quod
3058 4018 3225 4091 igitur
3254 4020 3308 4073 in
3341 4036 3403 4074 ea
3430 4029 3583 4089 parte

2015 4127 2137 4182 qua:
2182 4111 2249 4166 ad
2303 4111 2462 4165 ﬁnem
2514 4120 2723 4180 spectat
2768 4112 3259 4182 deprehendimus,
3304 4113 3357 4165 id
3405 4111 3583 4180 ipsum

2014 4204 2177 4259 etiam
2214 4193 2269 4257 in
2302 4202 2573 4273 principio
2601 4203 2851 4259 evenisse
2889 4203 3204 4259 statuimus.
3264 4202 3397 4256 Nam
3441 4203 3585 4259 sicut

2017 4295 2072 4349 in
2108 4303 2281 4349 morte
2317 4302 2378 4349 ut
2412 4308 2613 4364 corpus
2651 4294 2720 4349 ah
2749 4296 2931 4348 anima
2965 4304 3313 4365 separaretur
3341 4309 3435 4363 per
3466 4294 3577 4347 dis-

2015 4385 2386 4454 pensationem
2416 4383 2581 4441 fecit:
2609 4393 2665 4439 at
2692 4385 2868 4441 deitas
2885 4402 3008 4454 qua:
3027 4386 3349 4441 divisionem
3380 4383 3582 4437 nullam

2016 4476 2285 4542 admittit,
2342 4476 2434 4531 ubi
2468 4477 2637 4532 semel
2684 4477 2734 4532 ei
2775 4477 3025 4546 subjecto
3056 4474 3300 4535 coltresit,
3336 4488 3510 4541 neque
3553 4487 3583 4527 a

2011 4584 2264 4639 corpore,
2294 4584 2470 4638 neque
2495 4568 2564 4623 ab
2595 4567 2776 4622 anima
2808 4582 3046 4637 unquam
3077 4565 3179 4620 fuit
3204 4564 3452 4619 divulsa:
3487 4562 3582 4618 sed

2013 4676 2136 4715 cum
2166 4660 2348 4715 anima
2387 4659 2606 4731 quidem
2636 4659 2692 4713 in
2727 4657 3039 4727 paradisum
3075 4656 3244 4720 venit,
3281 4670 3379 4725 per
3414 4654 3583 4708 latro-

2014 4768 2139 4808 nem
2186 4753 2329 4806 viam
2374 4752 2627 4806 muniens
2675 4765 2784 4819 qua
2829 4749 3155 4804 mortalibus
3200 4756 3408 4815 pateret
3455 4747 3584 4801 illuc

2015 4845 2197 4900 aditus
2223 4863 2238 4900 :
2266 4858 2363 4913 per
2381 4857 2583 4915 corpus
2605 4856 2758 4906 vero,
2787 4840 2841 4894 in
2873 4840 3052 4895 medio
3081 4848 3240 4894 terra:
3273 4838 3425 4893 illum
3461 4852 3584 4891 sus-

2014 4938 2159 5001 tulit,
2194 4950 2360 5007 penes
2387 4950 2551 5005 quem
2585 4942 2703 4989 erat
2734 4934 2927 4988 mortis
2958 4932 3243 5001 imperium
3273 4947 3287 4983 :
3319 4945 3480 4998 quam
3513 4929 3586 4984 ob

2012 5044 2232 5086 causam
2278 5035 2333 5082 et
2378 5041 2578 5097 corpus
2624 5025 2990 5096 appellatione
3029 5021 3243 5077 Domini
3292 5020 3580 5086 alticimus,

2011 5129 2234 5192 propter
2262 5118 2614 5173 inhaerentem
2648 5118 2695 5173 ei
2722 5116 3013 5182 deitatem;
3040 5114 3120 5170 sic
3149 5114 3312 5168 etiam
3340 5112 3407 5168 de
3428 5114 3583 5181 prin-

2009 5213 2155 5284 cipio
2183 5211 2498 5277 statuimus,
2533 5208 2805 5264 Altissimi
2852 5221 3045 5277 nempe
3094 5205 3353 5260 virtutem
3387 5218 3579 5273 super-

2013 5311 2175 5360 ventu
2200 5301 2438 5373 Spiritus
2466 5299 2644 5355 sancti
2678 5298 2778 5352 toti
2807 5305 3014 5352 natura!
3038 5302 3237 5350 nostra:
3271 5293 3576 5348 coaluisse:

2013 5406 2073 5449 ut
2100 5400 2153 5448 et
2195 5392 2389 5447 animae
2418 5397 2619 5444 nostrae
2662 5389 2813 5448 insit,
2847 5386 3126 5457 quomodo
3156 5386 3300 5440 ratio
3335 5386 3576 5454 postulat

2014 5494 2073 5539 ut
2107 5483 2240 5538 insit
2273 5484 2325 5537 in
2366 5481 2546 5535 anima
2591 5499 2605 5534 :
2647 5487 2700 5535 et
2731 5477 2947 5549 corpori
2974 5493 3193 5548 quoque
3219 5484 3408 5534 nostro
3437 5491 3581 5531 com-

2012 5575 2342 5642 misceatur,
2396 5588 2505 5643 quo
2532 5571 2773 5643 perfecta
2818 5569 2890 5626 sit
2929 5567 3106 5625 modis
3144 5567 3400 5624 omnibus
3430 5567 3580 5624 salus
