4068 6154
495 236 638 296 1023

1699 242 1757 299 S.
1793 243 2120 300 GREGURH
2158 244 2453 301 NYSSENI

3601 248 3749 305 1024

496 353 685 400 nostra
733 360 747 396 :
780 352 833 401 et
881 347 1070 402 deitati
1124 358 1518 414 conservetur,
1552 357 1665 405 tum
1715 354 1767 406 in
1801 355 2069 426 principio

2175 356 2446 427 ἡμετέραν
2475 356 2668 427 ἀρχὴν,
2699 355 2824 409 οὔτε
2855 356 2915 410 τὸ
2939 357 3091 422 τέλος
3118 358 3260 413 κατὰ
3278 358 3338 414 τὸ
3367 360 3632 434 ἡμέτερον
3658 365 3748 419 τέ-

497 438 625 492 vitae
661 437 931 505 humanae,
953 447 1065 493 tum
1102 440 1159 493 in
1194 440 1318 505 fine,
1350 440 1458 496 Deo
1490 445 1820 500 conveniens
1854 461 1917 501 ac
1944 448 2068 503 sub-

497 528 645 583 limis
674 529 922 583 vacuitas
971 525 1264 586 allectuum
1308 549 1321 585 :
1363 534 1565 603 quippe
1606 549 1706 589 nec
1738 536 2067 607 principium

494 621 618 687 ejus
656 620 836 676 simile
881 620 983 675 fuit
1014 622 1283 693 principio
1316 633 1505 678 nostro
1542 641 1555 677 :
1611 642 1790 696 neque
1823 627 1947 681 ﬁnis
1976 627 2067 682 fini

495 718 688 765 nostro
722 712 1036 801 respondet,
1071 713 1167 768 sed
1205 714 1491 784 utrobique
1518 713 1627 771 Deo
1656 717 1933 787 prepriam
1969 734 2069 788 po-

495 799 1028 864 tentiam'ostendit,
1067 802 1287 871 quando
1312 820 1487 874 neque
1536 807 1867 877 principium
1912 811 2070 865 volu-

495 896 644 957 ptate
686 889 789 943 fuit
821 891 1188 961 inquinatum,
1219 910 1395 964 neque
1425 895 1548 952 finis
1576 898 1629 950 iu
1660 900 2067 969 corruptionem

497 980 680 1036 desiit.
717 981 773 1035 Si
801 982 967 1052 igitur
993 984 1106 1039 haec
1134 1000 1269 1041 voce
1300 987 1407 1041 alta
1436 989 1815 1057 praedicamus,
1849 1000 1901 1046 et
1925 991 2072 1047 testi-

496 1072 758 1138 ﬂcamur,
793 1073 1072 1129 Christum
1107 1092 1336 1145 nempe,
1390 1077 1487 1134 Dei
1531 1081 1784 1135 virtutem
1823 1096 1976 1146 esse,
2017 1090 2072 1138 et

497 1162 592 1218 Dei
615 1165 962 1233 sapientiam,
986 1181 1199 1236 semper
1222 1170 1632 1233 immutabilem,
1659 1186 1875 1242 semper
1899 1172 2075 1226 incor-

497 1255 808 1324 ruptibilem
855 1271 869 1307 :
918 1259 1011 1326 qui
1064 1257 1190 1312 licet
1234 1259 1288 1313 in
1341 1262 1590 1315 mutabili
1636 1269 1690 1317 et
1728 1262 2072 1333 corruptibili

497 1357 750 1402 versetur
779 1362 1010 1418 corpore
1033 1387 1050 1414 ,
1100 1349 1215 1419 ipse
1244 1356 1426 1405 tamen
1460 1368 1567 1405 non
1602 1351 1944 1421 inquinatur,
1973 1353 2068 1408 sed

497 1438 640 1508 quod
672 1446 789 1493 erat
825 1441 1164 1510 inquinatum
1192 1442 1445 1512 purificat
1471 1463 1483 1497 :
1509 1460 1628 1514 quae
1651 1455 1837 1500 nosua
1870 1446 2073 1515 injuria

497 1529 748 1583 est?Aut
778 1545 941 1598 quam
974 1531 1045 1585 ob
1078 1544 1299 1585 causam
1327 1530 1452 1585 odio
1480 1531 1784 1585 habemur?
1811 1532 1920 1585 Aut
1941 1530 2072 1601 quid

499 1617 607 1673 sibi
636 1620 825 1672 volunt
859 1634 997 1673 nova
1045 1620 1158 1674 haec
1192 1620 1454 1676 adversus
1486 1636 1586 1675 nos
1624 1629 1808 1676 erecta
1845 1622 2076 1676 altaria?

497 1704 641 1761 Num
690 1707 856 1761 alium
888 1705 1073 1763 Jesum
1120 1708 1549 1763 annuntiamus?
1596 1708 1736 1764 Nuiu
1778 1710 1943 1763 alium
1979 1711 2073 1765 de-
2104 1699 2148 1759 Β

500 1799 980 1879 signamus?Num
1013 1801 1149 1856 alias
1185 1799 1497 1871 Scripturas
1523 1801 1905 1872 proferimus?
1933 1802 2073 1857 Num

500 1889 781 1962 Virginem
828 1899 1078 1946 sanetam
1136 1900 1190 1946 et
1234 1891 1519 1961 Deiparam
1579 1907 1748 1949 ausus
1790 1902 1875 1949 est
1923 1895 2077 1964 quis-

496 2000 667 2055 quam
699 1994 946 2040 nostrum
978 1984 1384 2055 Hominiparam
1416 1987 1635 2051 dicere,
1687 2002 1795 2057 quo
1825 1988 1984 2042 modo
2012 1988 2077 2041 il-

501 2076 677 2132 lorum
710 2077 1001 2131 nonnullos
1033 2092 1152 2132 eam
1194 2078 1558 2133 irreverenter
1593 2079 1878 2133 nominare
1919 2079 2076 2133 audi-

501 2167 661 2223 mus?
708 2167 845 2221 Num
889 2168 1052 2221 trium
1098 2169 1559 2223 resurrectiouum
1611 2167 1843 2223 fabulam
1875 2169 2075 2237 proba-

499 2257 661 2318 mus?
694 2255 832 2311 Num
870 2258 1016 2313 mille
1046 2273 1313 2314 annorum
1353 2259 1829 2330 ingurgitationem
1856 2260 2078 2329 pollice-

500 2350 663 2404 mur?
737 2348 877 2403 Num
928 2347 1212 2404 Iudaicam
1282 2350 1627 2405 victimarum
1690 2353 2076 2405 mactationem

502 2443 700 2497 iterum
725 2441 1036 2497 restitutum
1072 2442 1135 2495 iri
1168 2442 1468 2497 docemus?
1491 2441 1631 2496 Num
1665 2441 1731 2496 ad
1764 2451 2076 2496 terrestrem

494 2533 803 2591 Jerusalem
839 2548 964 2603 spes
986 2534 1269 2589 hominum
1302 2536 1654 2599 inclinamus,
1680 2542 1735 2590 et
1767 2535 2079 2590 instauran-

500 2628 625 2683 dam
658 2627 805 2681 illam
845 2641 971 2682 esse
998 2627 1316 2682 illustrioris
1345 2628 1587 2682 materia:
1621 2626 1894 2697 lapidibus
1923 2626 2079 2696 lingi-

500 2717 666 2774 mus?
697 2716 840 2783 Quid
871 2717 1065 2772 horum
1093 2717 1252 2773 nobis
1278 2717 1442 2787 objici
1470 2725 1666 2788 potest,
1703 2732 1803 2772 cur
1834 2715 2078 2787 fugiendi

497 2807 846 2878 iudicemur,
888 2816 944 2862 et
972 2821 1072 2861 cur
1103 2808 1368 2863 adversus
1398 2823 1500 2863 nos
1531 2808 1704 2862 altare
1731 2806 1952 2877 quidam
1981 2821 2078 2861 ex-

500 2906 759 2962 struant,
805 2899 962 2969 quasi
1010 2900 1116 2970 ipsi
1156 2909 1345 2956 sancta
1399 2900 1808 2970 pollueremus?
1852 2897 2080 2968 Propter

504 2988 613 3045 ista
657 3003 782 3043 cum
809 2988 1049 3045 excitata
1085 2989 1217 3044 mihi
1268 2989 1393 3044 bilis
1436 2998 1614 3053 esset,
1658 2995 1712 3043 et
1743 2988 1900 3044 dolor
1926 2986 2079 3043 cordi

502 3081 757 3146 obortus,
782 3080 945 3136 simul
975 3095 1040 3137 ac
1063 3095 1316 3137 reversus
1348 3080 1536 3149 pedem
1579 3080 1741 3150 posui
1777 3079 1834 3135 in
1879 3086 2081 3135 metro-

2169 447 2278 511 λος,
2316 446 2453 501 ἀλλὰ
2487 446 2654 512 ἔδειξε
2683 448 2845 501 κάκεῖ
2869 449 2962 501 καὶ
2996 443 3101 503 ὦδε
3130 449 3229 519 τὴν
3256 450 3443 523 θεῐκὴν
3475 452 3743 521 ἐξουσίαν,

2173 538 2310 607 μήτε
2338 537 2439 608 τῆς
2475 537 2650 609 ἀρχῆς
2678 538 2736 590 ὲν
2766 537 2924 609 ἡδονῇ
2955 539 3331 611 μολυνθείσης,
3367 543 3502 613 μήτε
3529 544 3631 598 τοῦ
3661 547 3745 599 τέ-

2167 627 2293 692 λους
2326 628 2406 691 είς
2436 626 2642 700 φθορὰν
2671 627 3094 698 καταλήξαντος.
3121 629 3184 683 EE
3213 628 3305 685 οὖν
3333 631 3504 686 ταῦτα
3532 633 3744 706 βοῶμεν

2169 718 2264 771 καὶ
2295 717 2777 789 διαμαρτυρόμεθα
2804 759 2819 785 ,
2853 718 2936 772 ὅτι
2967 720 3200 792 Χριστὸς
3228 721 3364 775 Θεοῦ
3390 724 3623 794 δύναμις
3656 729 3745 781 καὶ

2169 808 2303 862 Θεοῦ
2338 810 2519 879 σοφία,
2549 811 2635 863 ἀεὶ
2671 810 2966 882 ἄτρεπτος,
3005 813 3092 865 ἀεὶ
3131 813 3428 884 ἄφραστος,
3457 815 3565 869 κᾶν
3588 818 3648 870 ὲν
3670 818 3744 889 τῷ

2168 900 2387 971 τρεπτῷ
2410 902 2502 954 καὶ
2525 900 2752 972 φθαρτῷ
2776 903 3024 974 γένηται,
3055 904 3154 957 οὐκ
3172 904 3335 969 αὐτὸς
3363 905 3741 977 μολυνόμενος,

2170 990 2305 1043 ἀλλὰ
2353 992 2415 1044 τὸ
2462 991 2723 1063 μολυνθὲν
2781 995 3132 1066 καθαρίζων·
3188 998 3240 1050 τί
3283 998 3605 1068 ἀδικοῦμεν,
3656 1000 3745 1054 καὶ

2169 1079 2309 1149 ὑπὲρ
2335 1079 2478 1145 τίνος
2503 1081 2841 1154 μισούμεθα;
2867 1084 2978 1138 Καὶ
3004 1086 3057 1138 τί
3078 1085 3325 1154 βούλεται
3355 1089 3388 1158 ή
3411 1087 3523 1141 τῶν
3549 1089 3745 1142 καινῶν

2171 1170 2573 1242 θυσιαστηρίων
2593 1172 2943 1245 ἀντεξαγωγή
2968 1193 2982 1239 ;
3007 1177 3099 1247 Μὴ
3127 1176 3282 1230 ἄλλον
3316 1177 3527 1248 Ἰησοῦν
3550 1196 3747 1251 καταγ-

2171 1262 2432 1334 γέλλομεν
2455 1280 2469 1329 ;
2502 1262 2589 1336 Μὴ
2611 1264 2795 1337 ἕτερον
2817 1267 3268 1338 ὑποδεικνύομεν;
3298 1268 3391 1341 Μὴ
3417 1269 3586 1334 ἄλλας
3611 1272 3748 1342 Γρα-

2171 1355 2277 1425 (pch
2307 1354 2666 1425 ὲκτιθέμεθα;
2696 1358 2786 1429 Μὴ
2813 1358 2909 1427 τὴν
2938 1358 3098 1426 ἁγίαν
3125 1358 3398 1431 Παρθένον
3420 1361 3525 1430 τὴν
3566 1361 3749 1417 Θεοτό-

2171 1464 2266 1501 κον
2298 1445 2567 1516 ἐτόλμησέ
2610 1463 2693 1510 τις
2734 1447 2890 1519 ἡμῶν
2930 1449 3025 1501 καὶ
3070 1449 3514 1521 ’Δνθρωποτόκον
3542 1453 3746 1507 εἰπεῖν·

2173 1539 2311 1607 ὅπερ
2345 1536 2617 1607 ἀκούομεν
2650 1553 2805 1600 τινας
2832 1536 2891 1603 ἐξ
2922 1537 3102 1593 αὐτῶν
3125 1538 3357 1607 ἀφειδῶς
3398 1539 3586 1609 λέγειν
3604 1558 3633 1612 ι
3664 1542 3749 1613 Μὴ

2173 1629 2325 1701 τρεῖς
2376 1627 2703 1690 ἀναστάσεις
2755 1626 3186 1698 μυθοποιοῦμενς
3239 1628 3330 1700 Μὴ
3377 1629 3571 1699 χιλίων
3621 1630 3749 1683 ὲτῶν

2175 1719 2616 1790 γαστριμαργίας
2658 1718 3147 1788 ὲπαγγελλόμεθας
3188 1720 3281 1791 Μὴ
3307 1722 3406 1791 τὴν
3454 1722 3751 1794 ἰουδαῖκὴν

2177 1805 2478 1873 ζωοθυσίαν
2526 1805 2689 1860 πάλιν
2740 1806 3293 1877 ἐπαναληφθήσεσθαι
3342 1807 3613 1878 λέγομενς
3663 1809 3749 1879 Μὴ

2177 1897 2307 1969 περὶ
2333 1898 2433 1968 τὴν
2455 1897 2604 1952 κάτω
2648 1896 2999 1970 Ἰερουσαλὴμ
3024 1897 3122 1962 τὰς
3154 1898 3372 1962 ἐλπίδας
3399 1898 3515 1952 τῶν
3543 1898 3747 1972 ἀνθρώ-

2176 2006 2294 2043 πων
2317 1988 2591 2058 κλίνομεν,
2628 1986 2942 2058 ἀνοικισμὸν
2986 1988 3155 2058 αὐτῆς
3191 1987 3279 2042 διὰ
3301 1989 3400 2058 τῆς
3426 1989 3751 2058 εὐφανεστέ-

2180 2095 2280 2149 ρας
2329 2077 2438 2131 τῶν
2477 2077 2640 2131 λίθων
2699 2076 2830 2147 ὓλης
2875 2077 3342 2145 ὰναπλάσσοντες;
3395 2078 3460 2132 Τί
3516 2077 3751 2133 τοιοῦτον

2178 2168 2391 2238 ἔχοντες
2428 2168 2775 2237 ἐγκαλεῖσθαι
2821 2169 3044 2239 φευκτοὶ
3076 2168 3462 2240 ὲνομίσθημεν,
3515 2171 3609 2224 καὶ
3632 2170 3750 2225 ἄλλο

2180 2260 2331 2332 παρά
2371 2277 2534 2314 τινων
2586 2261 2960 2333 άντεγείρεται
3025 2263 3154 2332 ἡμῖν
3214 2260 3628 2333 θυσιαστήριον,
3680 2261 3747 2325 ὡς

2178 2347 2333 2419 ἡμῶν
2361 2348 2731 2419 βεϐηλούντων
2772 2349 2838 2403 τὰ
2869 2350 3037 2417 ἆγια;
3081 2350 3250 2422 ’Υπὲρ
3285 2351 3496 2406 τούτων
3529 2353 3586 2407 ὲν
3634 2352 3750 2420 φλε-

2177 2454 2213 2506 γ
2222 2440 2353 2509 μονῇ
2375 2438 2469 2491 καὶ
2495 2438 2637 2509 λύπῃ
2675 2438 2774 2510 τὴν
2796 2440 3022 2511 καρδίαν
3046 2439 3204 2512 ἔχων,
3234 2440 3371 2510 ὁμοῦ
3396 2442 3475 2513 τῷ
3507 2442 3750 2513 ἐπιϐῆναι

2176 2530 2275 2599 τῆς
2316 2528 2718 2599 μητροπόλεως,
2768 2529 3117 2583 ἀποκενῶσαι
3158 2531 3257 2602 τῆς
3300 2530 3483 2602 ψυχῆς
3531 2531 3632 2603 τὴν
3662 2549 3750 2584 πι-

2179 2621 2360 2692 κρίαν,
2390 2621 2477 2674 διὰ
2513 2621 2605 2674 τοῦ
2639 2621 2846 2693 γράψαι
2878 2622 3012 2692 πρὸς
3037 2621 3137 2694 τὴν
3165 2622 3385 2693 ἀγάπην
3416 2622 3596 2694 ὑμῶν,
3626 2639 3746 2694 προ-

2180 2711 2682 2784 εθυμήθην.⁹Υμεῖς
2704 2713 2759 2764 δὲ
2789 2712 2874 2781 ἐφ’
2912 2714 3049 2785 ὅπερ
3079 2713 3144 2768 ἂν
3179 2712 3324 2785 ὑμᾶς
3367 2717 3746 2788 χειραγωγήσῃ

2177 2801 2240 2854 τὸ
2262 2800 2483 2871 Πνεῦμα
2509 2801 2569 2854 τὸ
2601 2802 2775 2871 ἅγιον,
2802 2803 2861 2856 ἐν
2881 2803 3075 2874 ἐκείνῳ
3100 2802 3270 2874 εἴητε,
3300 2803 3478 2857 ὀπίσω
3504 2803 3596 2857 τοῦ
3618 2803 3743 2856 Θεοῦ

2180 2891 2564 2963 πορευόμεναι,
2597 2893 2762 2964 σαρκὶ
2784 2892 2839 2947 δὲ
2861 2894 2955 2948 καὶ
2980 2894 3169 2965 αἵματι
3201 2894 3276 2966 μὴ
3299 2894 3743 2966 προσανέχουσαι,

2184 2981 2317 3054 μηδὲ
2353 2983 2607 3054 ἀφορμὴν
2639 2983 3160 3054 παρασκευάζουσαί
3203 3003 3314 3039 τισι
3356 2986 3744 3056 καυχήματος,

2184 3073 2269 3127 ἵνα
2300 3073 2374 3144 μὴ
2395 3074 2453 3126 ὲν
2481 3074 2608 3144 ὑμῖν
2636 3076 3040 3149 καυχήσωνται,
3068 3076 3156 3130 διὰ
3179 3074 3272 3129 τοῦ
3333 3075 3605 3146 ὑμετέρου
3640 3073 3746 3144 βίου

503 3171 648 3242 poli,
685 3169 993 3225 faciendum
1023 3169 1177 3233 duxi,
1224 3176 1284 3225 ut
1326 3169 1522 3226 litteris
1551 3169 1619 3225 ad
1650 3185 1747 3226 vos
1775 3169 2077 3247 scribendis

2177 3166 2278 3236 τῆς
2338 3165 2642 3235 φιλοδοξίας
2698 3166 2878 3220 αὐτῶν
2937 3166 3412 3239 ὲπαυξανομένης.
3476 3165 3740 3236 ’Δναμνή-

505 3259 858 3315 acerbitatem
889 3260 1058 3317 animi
1083 3259 1191 3317 mei
1228 3259 1599 3316 exhaurirem.
1630 3258 1738 3315 Vos
1770 3275 1919 3323 vero,
1971 3274 2077 3331 quo

2183 3255 2350 3327 σθητε
2406 3256 2517 3311 τῶν
2563 3257 2733 3327 ἁγίων
2788 3258 3066 3329 Πατέρων,
3110 3253 3194 3322 οἷς
3228 3256 3379 3329 παρὰ
3428 3255 3524 3311 τοῦ
3580 3272 3745 3327 μακαο

503 3351 851 3407 dedueemini
879 3366 911 3407 a
939 3351 1145 3423 Spiritu
1185 3361 1399 3417 sancto,
1435 3352 1491 3406 in
1519 3366 1586 3407 eo
1622 3357 1881 3406 manete:
1934 3364 2077 3421 pone

2181 3347 2294 3420 ρίου
2323 3349 2527 3420 πατρὸς
2566 3349 2719 3421 ὑμῶν
2746 3349 3165 3421 ἐνεχειρίσθη-ιε,
3199 3343 3275 3404 ὧν
3306 3349 3399 3402 καὶ
3425 3350 3585 3420 ἡμεῖς
3615 3343 3745 3399 κατὰ

503 3442 797 3499 Dominum
831 3444 1226 3515 ingredientes,
1256 3445 1407 3499 carni
1434 3453 1488 3499 et
1517 3441 1768 3514 sanguini
1822 3456 1933 3496 non
1982 3456 2076 3497 ac-

2176 3439 2310 3493 Θεοῦ
2338 3440 2499 3513 χάριν
2539 3440 2638 3512 τὴν
2687 3441 2936 3513 διαδοχὴν
2993 3441 3138 3512 ἔχειν
3169 3438 3610 3512 κατηξιώθημεν.
3643 3436 3744 3490 Καὶ

505 3535 875 3606 quiescentes,
904 3550 1082 3605 neque
1111 3533 1459 3589 occasionem
1491 3534 1761 3605 gloriandi
1792 3533 2077 3589 nonnullis

2180 3530 2256 3601 μὴ
2290 3532 2572 3604 μεταίρετε
2596 3533 2737 3603 ὅρια,
2768 3531 2803 3586 ἃ.
2825 3532 3007 3586 ἔθεντο
3031 3533 3079 3584 οἱ
3106 3530 3249 3584 Πατέ
3260 3547 3349 3601 ρες
3377 3530 3555 3603 ἡμῶν,
3581 3526 3741 3599 μηδὲν

504 3626 809 3697 praebentes
831 3665 848 3688 ,
879 3632 940 3680 ut
967 3641 1035 3680 ne
1057 3624 1266 3695 jactent
1298 3639 1359 3680 se
1387 3622 1454 3678 de
1481 3623 1652 3686 vobis,
1689 3636 1824 3678 neve
1855 3629 2077 3693 propter

2184 3623 2477 3694 ἀτιμάζετε
2511 3624 2605 3678 τδν
2663 3623 2973 3695 ίδιωτισμδν
3005 3622 3098 3677 τοῦ
3143 3623 3516 3693 ἁπλουστέρου
3549 3617 3744 3689 κηρύγ-

502 3727 743 3774 vestram
778 3719 949 3773 vitam
979 3758 994 3782 ,
1025 3716 1251 3772 ambitio
1296 3716 1540 3786 ipsorum
1569 3715 1746 3785 capiat
1772 3714 2081 3769 incremen-

502 3816 644 3865 tum.
682 3808 868 3864 Estote
899 3822 1172 3862 memores
1227 3814 1543 3861 sanctorum
1590 3804 1836 3868 Patrum,
1880 3804 2083 3875 quibus

504 3898 905 3953 commendata:
935 3897 1118 3952 fuistis
1159 3911 1188 3950 a
1235 3896 1395 3950 beato
1428 3903 1582 3964 patre
1613 3902 1817 3960 vestro,
1851 3902 1905 3950 et
1952 3910 2080 3965 quo-

504 4006 628 4048 rum
656 3991 711 4044 iu
738 3991 919 4044 locum
948 3988 1053 4059 ipsi
1104 3995 1166 4042 ut
1199 3987 1639 4051 succederemus,
1683 4001 1780 4056 per
1810 3985 1905 4042 Dei
1960 3986 2076 4042 fac-

507 4093 625 4145 tum
656 4090 740 4137 est
763 4080 1021 4153 gratiam,
1080 4096 1203 4151 quae
1235 4096 1301 4136 eo
1328 4080 1538 4136 honore
1588 4095 1691 4134 nos
1749 4089 1834 4135 est
1888 4078 2082 4150 digna-

2183 3733 2370 3786 ματος.
2406 3718 2558 3788 Μηδὲ
2589 3717 2861 3781 ποικίλαις
2897 3718 3166 3787 διαδοχαῖς
3200 3717 3261 3769 τὸ
3295 3714 3460 3769 πλέον
3490 3713 3700 3784 νείματε
3721 3723 3736 3740 ·

2180 3806 2315 3859 ἀλλὰ
2346 3809 2607 3878 στοιχεῖτε
2638 3807 2716 3879 τῷ
2748 3809 2961 3879 ἀρχαίῳ
2995 3808 3180 3862 κανόνι
3217 3807 3316 3877 τῆς
3348 3804 3615 3869 πίστεως,
3658 3799 3742 3853 καὶ

2187 3898 2215 3950 ὁ
2246 3897 2378 3960 Θεὸς
2423 3898 2524 3968 τῆς
2571 3901 2795 3971 εἰρήνης
2845 3898 2997 3953 ἔσται
3048 3897 3166 3969 μεθ’
3218 3897 3371 3967 ὑμῶν
3433 3892 3741 3966 ἐρρωμένων

2186 3988 2331 4060 ψυχῇ
2359 3990 2450 4043 καὶ
2480 3989 2793 4061 σώματι.⁹0
2830 3991 3031 4062 Κύριος
3067 3989 3329 4060 φυλάσσοι
3368 3987 3515 4057 ὑμᾶς
3551 3986 3607 4036 ὲν
3651 3980 3739 4047 ἀφσ

2188 4079 2406 4153 θαρσίᾳ,
2439 4081 2618 4145 καθὼς
2639 4082 2929 4153 εὐχόμεθα.

509 4181 588 4229 ta.
638 4169 817 4225 Nolite
850 4184 990 4241 quos
1019 4169 1208 4226 Patres
1252 4170 1426 4225 nostri
1482 4175 1779 4238 posuerunt
1847 4166 2112 4222 terminos
2148 4175 2380 4236 mutare,
2448 4186 2623 4242 neque
2675 4172 3040 4241 aspernemini
3073 4167 3425 4240 simplicioris
3489 4162 3733 4237 praedica-

507 4261 677 4321 tionis
710 4261 1072 4327 idiotismum,
1135 4277 1313 4332 neque
1341 4260 1606 4332 potiorem
1677 4259 1878 4330 putetis
1944 4257 2273 4323 doctrinam,
2341 4276 2462 4329 quae
2530 4277 2627 4331 per
2680 4262 2859 4317 varias
2914 4263 3292 4318 successiones
3352 4257 3617 4315 mutavit;
3654 4245 3735 4304 Sed

507 4358 747 4429 antiqua:
775 4358 899 4415 fldei
931 4358 1129 4430 regulae
1161 4358 1468 4428 congruite,
1493 4364 1548 4411 et
1579 4354 1723 4410 Deus
1756 4354 1908 4425 pacis
1967 4354 2248 4411 vobiscum
2282 4357 2408 4425 erit,
2465 4364 2519 4412 et
2578 4358 2760 4413 animo
2837 4367 2890 4413 et
2947 4372 3176 4428 corpore
3238 4353 3569 4412 valentibus.
3631 4342 3721 4398 ου’

508 4451 695 4509 minus
726 4466 829 4507 vos
863 4460 1044 4509 servet
1071 4453 1446 4521 incorruptas,
1479 4449 1623 4505 sicut
1654 4457 1927 4518 optamus.
