4068 6154
311 303 334 357 1
345 298 452 357 Οἳ9

1536 295 1919 355 ΕΡΙὸΤΟΙικΕ.
1954 327 2024 341 η-
2044 299 2262 358 EPIST.
2302 301 2367 357 V.

3424 310 3561 369 1030

304 421 373 489 τῇ
405 417 639 487 πενιχρᾷ
667 414 823 488 ἡμῶν
843 412 987 486 χειρὶ
1007 410 1101 467 τοῦ
1127 411 1287 483 λὸγου
1309 411 1743 485 δωροφοροῢμεν.
1775 415 1886 469 Καί

1992 420 2142 475 nullo
2173 421 2521 477 tenebrarum
2551 422 2861 477 interventu
2908 421 3223 478 dirimatur.
3254 420 3411 479 Hanc
3440 427 3562 497 tibi,

307 526 390 562 σοι
428 509 539 571 πᾶς
563 507 703 561 έστω
726 508 754 559 ὁ
794 506 908 575 βίος
955 505 1136 577 ἑορτὴ,
1169 506 1264 558 καί⁹
1309 501 1493 578 ἡμέρά
1531 505 1762 577 μεγάλη,
1794 505 1890 560 τοῦ

304 596 620 670 νυκτερινοῦ
649 595 814 666 ζόφου
844 594 1164 667 καθαρεύων
1190 598 1271 651 ὅτι
1302 595 1556 667 μάλιστα.
1591 610 1605 627 ·

871 1077 1212 1133 ΕΠΙΣΤΟΛΗ
1244 1078 1321 1133 E’.

1996 521 2186 561 carum
2228 519 2412 578 caput,
2442 524 2683 579 paupere
2704 520 2894 565 nostra
2921 525 3088 565 manu
3124 512 3427 567 orationem
3466 530 3567 584 pro

1993 609 2225 650 munere
2281 595 2498 651 damus.
2541 595 2663 652 Tibi
2723 606 2909 653 autem
2970 607 3084 652 tota
3129 599 3240 652 vita
3278 616 3450 656 unum
3491 602 3566 656 sit

1992 681 2230 747 festum,
2292 698 2603 754 magnaque
2655 684 2809 750 dies,
2843 694 3353 757 nocturnarumque
3400 703 3564 759 quam

1990 766 2230 824 maxime
2260 772 2613 826 tenebrarum
2645 785 2863 841 expers.

2558 1082 2897 1140 EPISTOLA
2935 1082 3002 1138 ν.

311 1235 574 1294 Marcello
601 1236 826 1308 Ancyra:
855 1236 1109 1308 episcopo
1132 1234 1251 1308 jam
1279 1236 1344 1289 ab
1371 1251 1492 1308 certe
1516 1233 1838 1308 Christiana:
1866 1251 2004 1293 anno
2024 1236 2138 1308 7556
2169 1237 2221 1291 in
2247 1237 2447 1308 synodo
2476 1238 3071 1308 Constantinopolitano
3100 1238 3333 1306 deposito
3358 1280 3373 1305 ,
3403 1240 3565 1296 Basia

381 1308 486 1362 lius
506 1346 529 1390 ,n
553 1314 603 1360 et
630 1304 958 1390 .t'ithanasius
980 1304 1395 1390 ,ﬁq‘u‘ideinceps
1430 1306 1910 1390 Ecclesiamlillam
1942 1304 2302 1390 gubernat-unt
2322 1346 2337 1370 ,
2377 1325 2466 1390 eos
2497 1325 2713 1390 omnes2
2742 1304 2841 1390 qui
2863 1308 3111 1362 Marcelli
3149 1304 3566 1390 communionem

384 1375 860 1446 amplectebantur,
906 1392 940 1429 a

381 1459 584 1515 tempus
612 1446 788 1515 fuere,
815 1461 918 1515 quo

382 1516 610 1588 Egypti
638 1517 939 1584 episcopos,
976 1517 1116 1584 apud
1151 1515 1551 1588 Dioctesaream

1022 1375 1221 1448 delium
1252 1376 1774 1448 consortioexcludi
1811 1375 2088 1448 curarunt.
2134 1376 2206 1430 Et
2243 1378 2297 1429 lii
2335 1377 2543 1446 quidem
2582 1375 2823 1432 Ecclesia
2856 1390 3089 1433 extorres
3125 1380 3193 1432 ad
3233 1380 3364 1433 illud
3402 1375 3565 1448 usque

1000 1446 1148 1519 alens
1164 1449 1456 1519 ‘Augustus
1482 1445 1734 1519 adversus
1762 1446 2053 1500 catholicos
2080 1445 2496 1519 persecutionem
2537 1449 2787 1502 excitavit
2808 1466 2827 1514 ;
2855 1458 2978 1502 tunc
3000 1451 3138 1503 enim
3165 1466 3281 1502 cum
3307 1445 3564 1519 quosdam

1578 1517 1703 1585 ﬁdei
1734 1531 1903 1586 causa
1933 1518 2235 1572 exsulantes
2254 1557 2269 1581 ,
2298 1520 2661 1573 convenissent
2689 1535 2828 1573 anno
2858 1521 3070 1574 circiter
3093 1520 3199 1574 575
3218 1561 3232 1586 ,
3263 1517 3327 1572 ab
3366 1519 3565 1573 eisdem

381 1588 438 1641 in
463 1585 741 1640 Ecclesiae
774 1587 1231 1658 communionem,
1256 1586 1427 1658 pedita
1472 1588 1622 1658 prius
1669 1585 1946 1658 catholicae
2000 1587 2124 1654 ﬁdei
2156 1585 2482 1657 professione
2505 1628 2519 1650 ,
2554 1590 2742 1655 recepti
2779 1598 2936 1651 sunt,
2993 1585 3224 1658 moxque
3260 1590 3565 1643 eorumdem

383 1658 876 1726 communicatoriis
908 1655 1101 1709 litteris
1143 1656 1301 1726 freti,
1334 1666 1391 1709 ut
1427 1654 1480 1709 in
1512 1654 1898 1726 catholicorum
1932 1654 2211 1710 numero’a
2245 1654 2447 1711 cwteris
2487 1654 2722 1711 Orientis
2769 1659 3026 1726 episcopis
3081 1654 3422 1723 haberentur,
3470 1674 3567 1725 po-

382 1726 673 1781 stularunt.
707 1725 874 1796 AEgre
907 1725 961 1779 id
1000 1723 1171 1796 ferens
1201 1726 1259 1781 S.
1294 1726 1534 1780 Basilius
1565 1723 1915 1780 Cwsariensis
1941 1767 1955 1791 ,
1991 1726 2185 1796 aliique
2214 1742 2318 1781 non
2356 1728 2514 1794 pauci
2553 1723 2814 1794 episcopi,
2850 1723 3154 1782 eorumdem
3192 1723 3565 1796 confessorum

382 1797 583 1878 factum
612 1794 1024 1878 improbarunt;
1057 1794 1147 1849 sed
1189 1806 1414 1878 postea,
1448 1796 1721 1878 reptelius
1750 1805 2053 1877 perspecta.

2151 1797 2467 1851 arcellianos
2496 1805 2545 1850 et
2572 1797 2674 1866 ipsi
2718 1799 2775 1849 in
2818 1813 2968 1851 suam
3017 1800 3439 1862 communionem
3475 1798 3567 1850 ad-

384 1864 592 1936 misere.
626 1864 902 1936 Nyssenus
943 1880 1145 1935 quoque
1180 1865 1408 1930 Basilii,
1447 1864 1778 1936 aliorumque
1815 1866 2182 1936 episcoporum
2218 1866 2517 1936 exemplum
2554 1864 2797 1929 secutus,
2841 1883 2946 1920 non
2984 1878 3138 1922 antea
3177 1885 3296 1934 cum
3329 1866 3564 1921 Marcel-

385 1935 547 1990 lianis
589 1935 1020 2007 communicavit,
1056 1936 1510 2007 quamipsorum
1550 1935 2074 2007 ﬁdeiprofessione,
2123 1935 2480 1991 Orientalium
2519 1937 2879 2005 episcOporum
2921 1949 3128 2007 rogatu,
3167 1948 3412 1997 accurate
3451 1938 3567 1990 dis-

384 2021 570 2071 cussa,
618 2007 824 2077 eosdem
865 2004 1114 2077 Ecclesia:
1152 2004 1727 2077 catholicwconsortio
1756 2005 1944 2077 dignos
1974 2021 2089 2077 esse
2121 2006 2402 2076 cognovit;
2430 2022 2650 2077 cumque
2674 2004 2950 2077 propterea
2985 2004 3347 2077 neglectorum
3396 2022 3562 2077 cgno-

380 2092 543 2141 num,
576 2076 880 2157 rejectwque
908 2074 1143 2157 Nicaeum
1184 2076 1310 2145 ﬁdei
1352 2074 1775 2143 insimularetur,
1817 2076 1955 2129 hanc
1991 2074 2273 2145 epistolam
2311 2077 2366 2129 in
2404 2076 2490 2129 sui
2548 2074 2903 2144 defensionem
2950 2076 3019 2130 ad
3058 2074 3355 2132 catholicos
3404 2075 3568 2131 Seba-

383 2155 547 2201 stenw
594 2144 739 2199 urbis
787 2144 919 2199 Cives
965 2144 1128 2198 dedit.

398 2284 558 2352 Πρὸς
582 2282 722 2350 τοὺς
754 2281 1163 2349 ἀπιστοῦντας
1192 2281 1267 2352 τῇ
1299 2282 1613 2352 όρθοδοξίᾳ
1640 2283 1795 2337 κατὰ

941 2353 1265 2422 Σεϐάστης.

397 2459 728 2534 Ἐγνώρισαν
770 2464 905 2532 ἡμῖν
967 2479 1111 2525 τινες
1173 2463 1282 2515 τῶν
1321 2462 1609 2532 ὀμοψύχων
1646 2461 1889 2530 ἀδελφῶν

312 2554 442 2625 περὶ
488 2555 585 2625 τῆς
620 2552 1171 2624 κατασκευαζομένης
1223 2553 1345 2606 καθ’
1389 2553 1546 2623 ἡμῶν
1583 2552 1890 2623 δυσφημίας

314 2645 469 2716 παρὰ
510 2645 619 2699 τῶν
653 2644 951 2716 μισούντων
996 2645 1096 2715 τὴν
1125 2644 1370 2715 εἰρήνην,
1404 2643 1498 2697 καὶ
1525 2643 1889 2697 καταλαλούν-

310 2756 426 2792 των
446 2736 623 2808 λάθρα
647 2737 756 2790 τῶν
797 2736 1039 2807 πλησίων
1078 2733 1267 2800 αὐτοῦ,
1297 2735 1390 2788 καὶ
1432 2734 1507 2808 μὴ
1544 2733 1890 2805 φοϐουμένων

312 2828 376 2883 τὸ
405 2828 654 2899 φοϐερὸν,
678 2827 776 2882 καὶ
808 2827 953 2900 μέγα
985 2826 1266 2897 κριτήριον
1301 2823 1395 2877 τοῦ
1423 2823 1888 2894 ἐπαγγειλαμένου

312 2926 412 2980 καὶ
445 2925 550 2979 ὑπὸ
578 2924 687 2978 τῶν
711 2923 899 2995 ἀργῶν
948 2921 1210 2994 ῥημάτων
1244 2917 1591 2973 ἀπαιτεῖσθαι
1614 2917 1705 2971 τὸν
1735 2917 1892 2985 λόγον

314 3019 375 3073 ἐν
401 3020 467 3089 τῇ
495 3016 919 3088 προσδοκωμένη
944 3014 1044 3085 τῆς
1066 3012 1210 3084 ζωῆς
1237 3012 1394 3083 ἡμῶν
1415 3009 1678 3074 ἐξετάσει,
1704 3008 1893 3076 λέγον-

317 3126 412 3173 τες
444 3109 514 3161 τὰ
541 3106 1042 3179 περιθρυλλούμενα
1070 3104 1193 3156 καθ’
1221 3101 1379 3174 ἡμῶν
1411 3099 1729 3170 ἐγκλήματα
1753 3094 1892 3153 εἶναι

314 3196 559 3261 τοιαῦτα,
591 3197 672 3249 ὅτι
715 3197 878 3266 ἡμεῖς
913 3192 1212 3247 ὑπεναντία
1261 3188 1567 3260 φρονοῦμεν
1616 3190 1726 3250 τοῖς
1751 3185 1893 3240 κατὰ

314 3288 551 3342 Νίκαιαν
588 3286 903 3356 ὲκθεμένοις
930 3285 1029 3356 τὴν
1063 3281 1258 3353 ὀρθὴν,
1290 3280 1385 3333 καὶ
1426 3278 1770 3348 ὑγιαίνουσαν
1800 3277 1895 3329 πί-

317 3394 456 3443 στιν,
487 3379 582 3431 καὶ
613 3379 694 3431 ὅτι
722 3362 848 3440 τοὺς
886 3378 943 3429 ὲν
980 3372 1224 3444 ’Δγκύρᾳ
1257 3373 1342 3424 ἐπ’
1393 3370 1614 3441 ὀνόματι
1641 3366 1896 3437 Μαρκέλ-

314 3473 410 3525 λου
441 3470 573 3524 ποτὲ
596 3472 693 3540 τὴν
728 3466 945 3533 σύναξιν
973 3465 1218 3537 ἔχοντας,
1251 3462 1490 3534 ἀκρίτως
1514 3460 1608 3515 καὶ
1640 3458 1894 3525 ἀνεξετά-

319 3581 463 3627 στως
509 3564 588 3626 είς
627 3561 726 3633 τὴν
768 3559 1048 3615 κοινωνίαν
1095 3558 1196 3627 τῆς
1240 3552 1534 3623 καθολικῆς
1571 3550 1895 3620 Ἐκκλησίας

317 3652 757 3727 παρεδεξάμεθα.
806 3650 903 3705 ’Ὶν’
927 3645 1020 3704 οὖν
1055 3647 1131 3720 μὴ
1160 3646 1480 3716 κατακρατῇ
1508 3643 1606 3713 τῆς
1638 3639 1894 3710 ἀληθείας
1920 3634 1963 3692 C

315 3746 379 3799 τὸ
406 3744 619 3815 ψεῦδος,
648 3744 698 3798 δι
749 3742 949 3813 ἑτέρων
995 3738 1337 3811 γραμμάτων
1366 3733 1612 3803 αὐτάρκη
1636 3729 1893 3801 ὲποιησάυ

320 3836 464 3909 μεθα
490 3834 587 3906 τὴν
618 3833 759 3904 ὑπὲρ
799 3829 910 3884 τῶν
944 3826 1341 3897 ἐπενεχθέντων
1367 3824 1499 3893 ἡμῖν
1533 3821 1891 3891 ἐγκλημάτων

316 3926 637 3995 ἀπολογίαν,
696 3923 791 3978 καὶ
845 3921 938 3977 ἐπὶ
979 3919 1074 3974 τοῦ
1121 3915 1326 3987 Κυρίου
1373 3911 1889 3984 διεϐεϐαιωσάμεθα,

322 4021 463 4091 μήτε
492 4019 593 4089 τῆς
628 4015 863 4078 πίστεως
892 4013 1001 4067 τῶν
1041 4010 1211 4080 ἁγίων
1253 4006 1482 4079 Πατρῶν
1509 4004 1888 4074 ἐκϐεϐηκέναι,

321 4113 461 4183 μήτε
490 4111 618 4180 περὶ
642 4107 753 4161 τῶν
782 4103 1165 4176 προσθεμένων
1201 4102 1266 4154 ὲκ
1302 4100 1401 4170 τῆς
1428 4096 1739 4170 Μαρκέλλου
1767 4113 1893 4149 συν-

319 4202 493 4267 άξεως
534 4203 612 4264 είς
642 4199 741 4270 τὴν
790 4192 1244 4268 ὲκκλησιαστικὴν
1293 4189 1576 4245 κοινωνίαν
1600 4227 1616 4255 ,
1656 4186 1892 4259 ἀκρίτως

317 4293 417 4350 καὶ
460 4292 828 4358 ἀνεξετάστως
870 4306 924 4342 τι
980 4283 1369 4356 πεποιηκέναι·
1416 4281 1551 4336 άλλά
1590 4279 1697 4333 τῶν
1751 4277 1892 4332 κατά

319 4382 585 4453 ἀνατολὴν
622 4378 935 4452 ὀρθοδόξων,
971 4377 1065 4429 καὶ
1093 4370 1523 4442 συλλειτουργῶν
1562 4366 1890 4438 ἐπιτρεψάν-

314 4491 432 4529 των
462 4472 848 4545 βουλεύσασθαι
880 4470 947 4525 τὰ
981 4469 1111 4540 περὶ
1142 4466 1251 4520 τῶν
1280 4464 1610 4535 ἀνθρώπων,
1661 4461 1891 4522 καὶτοῖς

317 4563 708 4635 γεγενημένοις
768 4560 1194 4617 συναινεσάντων
1229 4596 1245 4622 ,
1315 4555 1492 4609 πάντα
1552 4551 1887 4624 ἐπράξαμεν.

333 4656 554 4727 Ἐπειδὴ
600 4654 657 4708 δὲ
682 4654 783 4725 τὴν
825 4652 1117 4722 ἀπολογίαν
1164 4649 1376 4718 ἐκείνην
1414 4646 1689 4717 ἔγγραφον
1735 4639 1891 4712 ἡμῶν

321 4745 740 4817 ποιησαμένων,
784 4744 944 4798 πάλιν
987 4744 1128 4806 τινὲς
1168 4742 1275 4794 τῶν
1311 4737 1600 4810 ὁμοψύχων
1627 4730 1888 4801 ἀδελφῶν,

323 4839 471 4902 ἰδίως
497 4841 562 4891 ὲκ
591 4837 689 4905 τῆς
728 4835 1003 4907 ἡμετέρας
1034 4833 1214 4903 φωνῆς
1256 4830 1602 4900 ὲπεζήτησαν
1639 4821 1893 4894 γενέσθαι

318 4930 421 5002 τὴν
447 4931 547 5001 τῆς
580 4926 814 4989 πίστεως
846 4925 1078 4989 ἔκθεσιν,
1109 4923 1229 4977 καθ’
1259 4922 1327 4994 ἢν
1359 4914 1890 4991 πεπληροφορήμεθα

1914 2296 1958 2353 Β
2020 2282 2101 2338 Ad
2136 2282 2487 2348 Sebastenos,
2548 2282 2638 2351 qui
2673 2280 2738 2335 de
2772 2291 2916 2353 recta
2947 2283 3069 2353 pejus
3108 2283 3162 2337 in
3202 2284 3327 2353 ﬁdei
3361 2284 3512 2341 rebus

2468 2354 2709 2420 opinione
2746 2351 3085 2407 dubitabant.

2056 2465 2138 2519 Ab
2168 2464 2448 2519 unanimis
2476 2462 2808 2533 quibusdam
2842 2461 3109 2517 fratribus
3135 2462 3401 2519 certiores
3435 2462 3565 2519 facti

1989 2572 2180 2612 sumus
2208 2555 2276 2611 de
2324 2554 2849 2618 obtrectationibus,
2894 2568 3013 2623 quae
3051 2554 3317 2609 adversus
3357 2568 3457 2610 nos
3497 2555 3568 2611 ab

1989 2649 2058 2704 iis
2089 2647 2338 2703 conﬂata;
2366 2654 2515 2711 sunt,
2551 2645 2644 2716 qui
2684 2660 2882 2715 pacem
2912 2646 3040 2700 odio
3074 2646 3279 2701 habent
3303 2687 3319 2714 ,
3354 2655 3409 2701 et
3440 2662 3568 2717 pro-

1989 2738 2139 2793 ximo
2174 2752 2276 2794 suo
2310 2735 2529 2793 occulte
2558 2736 2893 2800 detrahunt,
2925 2736 3002 2790 nil
3030 2737 3190 2791 veriti
3225 2738 3564 2791 tremendum

1988 2844 2362 2899 magnumque
2397 2829 2546 2884 illius
2583 2828 2866 2892 tribunal,
2899 2828 2991 2898 qui
3021 2827 3087 2882 de
3121 2828 3315 2883 otiosis
3349 2844 3569 2898 quoque

1989 2921 2174 2976 verbis
2206 2920 2260 2974 in
2295 2919 2481 2974 futura
2514 2920 2794 2974 actionum
2828 2928 3146 2973 nostrarum
3178 2919 3570 2988 disquisitione

1993 3026 2053 3067 se
2087 3010 2359 3066 rationem
2390 3021 2714 3067 exacturum
2751 3010 2870 3065 fore
2899 3010 3284 3077 denuntiavit,
3323 3010 3449 3066 dum
3484 3012 3570 3066 in-

1992 3100 2226 3170 quiunt,
2263 3100 2497 3154 crimina
2537 3099 2605 3155 de
2645 3099 2808 3154 nobis
2851 3100 3058 3169 ubique
3096 3100 3410 3169 divulgata,
3455 3100 3570 3156 lucc

1992 3207 2157 3249 esse:
2208 3207 2310 3248 nos
2352 3193 2635 3248 contraria
2683 3192 2891 3249 sentire
2936 3190 3235 3257 Patribus,
3284 3192 3380 3262 qui
3425 3193 3571 3263 apud

1991 3286 2228 3343 Nicmam
2272 3294 2479 3344 rectam
2522 3295 2686 3358 atque
2733 3288 3031 3343 salutarem
3091 3286 3249 3341 fidem
3292 3302 3568 3355 exposue-

1994 3388 2155 3446 runt,
2215 3395 2279 3435 ac
2338 3388 2604 3450 praeterea
2655 3380 2714 3434 in
2777 3379 3222 3435 communionem
3284 3380 3570 3433 catholicas

1994 3471 2256 3530 Ecclesia
2289 3472 2667 3541 inexplorato,
2707 3479 2871 3540 atque
2907 3467 3394 3523 indiscriminatim
3442 3468 3570 3523 illos

1997 3567 2309 3636 suscepisse
2330 3602 2344 3627 ,
2377 3562 2472 3632 qui
2506 3560 2803 3631 aliquando
2836 3562 2981 3630 apud
3013 3558 3287 3631 Ancyram
3335 3559 3393 3613 in
3426 3557 3572 3613 Mar-

1996 3656 2121 3711 celli
2183 3653 2407 3708 nomine
2462 3652 2873 3708 ecclesiasticos
2937 3658 3115 3706 cmtus
3173 3652 3443 3730 agebant.
3490 3650 3570 3709 Ne

1996 3746 2166 3818 igitur
2194 3743 2413 3799 veritati
2447 3743 2796 3799 mendacium
2830 3741 3178 3813 praeferatur,
3212 3741 3338 3796 aliis
3368 3743 3567 3799 litteris

1996 3821 2214 3891 nosm'et
2232 3834 2384 3906 ipsos
2405 3835 2473 3890 ab
2496 3833 2665 3890 illatis
2686 3835 3011 3890 criminibus
3034 3834 3168 3889 satis
3190 3833 3567 3904 purgavimus,

1996 3936 2052 3984 et
2086 3926 2374 3981 Dominum
2404 3925 2636 3989 testati,
2672 3923 2872 3980 validis
2914 3923 3229 3978 rationibus
3274 3923 3571 3977 conﬁrma-

1996 4018 2217 4085 vimus,
2265 4030 2370 4071 nec
2419 4024 2739 4070 sanctorum
2781 4012 3006 4068 Patrum
3053 4011 3217 4068 tidem
3253 4028 3358 4068 nos
3390 4021 3570 4068 trans.

1997 4124 2218 4181 gressus
2247 4124 2405 4172 esse,
2442 4122 2546 4163 nec
2574 4108 2628 4163 in
2659 4107 2992 4178 recipiendis
3024 4104 3290 4161 Ecclesiae
3321 4122 3569 4161 commu~

1996 4200 2219 4256 nionem
2250 4198 2620 4254 Marcelliauis
2645 4238 2660 4264 ,
2695 4197 3041 4269 inexplorato
3062 4237 3077 4263 ,
3122 4212 3186 4252 ac
3235 4198 3356 4253 sine
3385 4198 3566 4253 debita

1996 4290 2394 4347 deliberatione
2426 4287 2708 4360 quidpiam
2742 4287 2985 4357 fecisse;
3018 4288 3114 4344 sed
3151 4286 3475 4343 orthodoxis
3509 4288 3565 4340 in

1997 4381 2230 4438 Oriente
2277 4380 2577 4447 fratribus,
2630 4390 2795 4449 atque
2845 4379 3276 4440 comministris,
3326 4385 3387 4431 ut
3430 4378 3567 4433 isto-

1996 4487 2120 4528 rum
2148 4471 2435 4526 hominum
2470 4472 2751 4543 negotium
2783 4478 3136 4535 tractaretur,
3172 4468 3562 4534 hortantibus,

1999 4572 2053 4620 et
2080 4562 2241 4634 quod
2261 4578 2292 4617 a
2328 4563 2489 4618 nobis
2518 4562 2725 4619 factum
2756 4562 2862 4617 fuit
2892 4560 3408 4631 comprobantibus,
3443 4575 3563 4615 om-

1998 4656 2091 4710 nia
2119 4654 2424 4726 peregisse.
2461 4653 2734 4720 Quoniam
2770 4667 2901 4707 vero
2932 4660 3224 4722 postquam
3259 4650 3564 4720 apologiam

1999 4747 2147 4802 illam
2180 4749 2387 4818 scripto
2409 4746 2682 4801 edidimus
2733 4743 3038 4813 (l),rursus
3069 4741 3288 4811 quidam
3321 4739 3568 4794 unanimi

2002 4838 2204 4895 fratres
2236 4838 2630 4909 postularunt,
2668 4843 2730 4890 ut
2760 4835 2994 4890 seorsim
3019 4872 3035 4897 ,
3086 4847 3151 4888 ac
3190 4832 3413 4888 disertis
3440 4847 3566 4888 ver-

1998 4930 2083 4987 bis
2114 4929 2235 4985 fidei
2267 4928 2667 4999 professionem
2711 4926 3034 4993 ederemus,
3086 4939 3193 4994 qua
3243 4924 3417 4981 sacris
3463 4938 3566 4978 nos

317 4986 442 5086 ταῖς
468 4986 841 5081 θεοπνεύστοίς
866 5017 1044 5079 ὠναῖς,
1065 4986 1167 5069 καὶ
1199 4986 1601 5085 ’τῇ-παραδόσει
1780 5009 1893 5062 Πα-

2000 4986 2339 5092 Scripturis,
2372 5033 2437 5076 ac
2468 5018 2692 5072 Patrum
2727 4986 3270 5086 traditioni'penitus
3301 5014 3568 5068 inhaerere

318 5113 503 5185 τέρων
548 5108 998 5171 ἀκολουθοῦντες,
1048 5107 1344 5174 ἀναγκαῖον
1389 5099 1754 5172 ἐλογισάμεθα
1801 5099 1897 5153 καὶ

321 5205 457 5275 περὶ
498 5203 700 5257 τούτων
752 5198 958 5272 βραχέα
1005 5196 1368 5266 διαλεχθῆναι.
1424 5193 1615 5263 Ἡμεῖς
1658 5190 1757 5260 τὴν
1800 5187 1894 5243 τοῦ

319 5294 526 5367 Κυρίου
552 5293 928 5359 διδασκαλίαν,
967 5290 1035 5361 ἢν
1078 5287 1217 5358 πρὸς
1263 5286 1389 5348 τοὺς
1439 5281 1687 5354 μαθητὰς
1718 5279 1899 5350 ἐποιή-

318 5404 476 5453 σατο,
498 5386 820 5459 παραδιδοὺς
846 5385 1029 5447 αὐτοῖς
1050 5381 1111 5435 τὸ
1139 5379 1240 5448 τῆς
1271 5375 1551 5438 εὐσεϐείας
1580 5373 1893 5446 μυστήριον,

321 5490 573 5564 θεμέλιον
604 5486 762 5555 εἶναι,
788 5488 882 5543 καὶ⁹
907 5487 1059 5557 ῥίζαν
1077 5483 1176 5554 τῆς
1206 5474 1396 5552 ὀρθῆς,
1421 5477 1517 5532 καὶ
1546 5473 1891 5546 ὑγιαινούσης

1993 5126 2315 5184 persuasum
2346 5109 2608 5165 omnibus
2644 5107 2823 5177 foret,
2854 5107 2922 5162 de
2952 5107 3040 5163 his
3078 5115 3300 5177 quoque
3331 5104 3568 5160 breviter

1994 5199 2376 5258 disserendum
2427 5199 2591 5255 nobis
2646 5213 2773 5255 esse
2829 5197 3165 5268 putavimus.
3221 5194 3333 5251 Nos
3382 5194 3570 5262 itaque

1995 5292 2207 5350 Cbristi
2243 5291 2556 5347 doctrinam
2579 5328 2597 5356 ,
2632 5305 2797 5361 quam
2830 5289 3137 5358 discipulos
3176 5302 3307 5343 suos
3335 5285 3566 5350 docuit,

1997 5399 2123 5441 cum
2154 5383 2378 5456 pietatis
2426 5382 2751 5454 mysterium
2797 5380 3006 5435 eisdem
3050 5378 3326 5441 traderet,
3374 5374 3570 5430 funda-

1995 5484 2242 5533 mentum
2273 5490 2398 5532 esse
2418 5513 2433 5540 ,
2465 5482 2521 5531 et
2553 5472 2796 5529 radicem
2831 5478 3028 5536 rectae,
3064 5477 3117 5525 et
3149 5468 3409 5525 salutaris
3443 5463 3569 5521 ﬁdei

396 5656 473 5726 (l)
505 5651 898 5726 Apologiajsta
924 5657 1018 5726 aut
1046 5648 1240 5726 periit,
1267 5652 1363 5726 aut
1408 5644 1465 5698 in
1512 5644 1699 5713 aliquo
1746 5638 2209 5697 Bibliothecarum
2241 5636 2441 5708 angulo
2479 5634 2663 5690 adhuc
2726 5633 2897 5699 latet;
2966 5625 3064 5685 sed
3107 5632 3162 5682 et
3231 5625 3381 5681 nulla
3445 5619 3568 5694 ejus

319 5717 533 5784 mentio
556 5717 623 5777 'tit
652 5717 796 5793 apud
830 5717 1086 5792 antiquos
1111 5717 1463 5803 scriptores.’
