4068 6154
505 325 640 384 1051

1742 315 1801 372 S.
1835 310 2160 371 GREGONI
2198 312 2489 375 NYSSENI

3609 316 3757 373 1033

501 445 853 506 conﬁtemur,
894 452 997 495 nec
1044 434 1326 510 quidpiam
1378 435 1709 501 sublimius,
1747 452 1851 493 nec
1899 437 2073 493 tutius

2185 439 2412 503 πίστεως
2432 434 2823 513 ὁμολογοῦμεν,
2849 418 2939 492 καὶ
2963 434 3085 491 οὔτε
3113 436 3442 510 ὑψηλότερον
3463 436 3561 508 τῆς
3587 455 3756 509 παρα-

503 534 817 603 certiusque
863 545 929 587 ea
975 529 1274 584 traditione
1321 543 1446 584 esse
1494 528 1795 583 credimus.
1858 528 2071 583 Domini

504 633 687 680 autem
728 621 981 678 doctrina
1031 620 1147 675 haec
1187 626 1311 676 est:
1351 619 1587 684 Euntes,
1634 619 1846 689 inquit,
1896 620 2077 673 docete

501 731 681 771 omnes
711 722 888 784 gentes
912 750 926 773 .
964 712 1299 782 baptizantes
1333 727 1421 766 eos
1452 712 1505 764 in
1532 712 1742 765 nomine
1771 710 1955 763 Patria
1981 750 1996 773 ,
2027 718 2076 762 et

502 804 671 869 Filii,
701 814 750 858 et
786 802 1022 873 Spiritus
1066 803 1241 856 sancti
1274 803 1311 859 ¹.
1349 800 1622 867 Quoniam
1668 801 1834 871 igitur
1873 807 2079 854 sanetae

502 882 792 953 Trinitatis
819 897 964 951 dono
985 933 1001 958 ,
1030 893 1261 949 viviﬁcae
1307 893 1530 949 virtutis
1569 901 1855 962 compotes
1900 892 2075 955 ﬁunt,

501 990 597 1060 qui
623 1004 689 1043 ex
724 995 900 1042 morte
939 986 1006 1040 ad
1037 997 1301 1041 aeternam
1348 986 1519 1039 vitam
1563 991 1989 1054 regenerantur,
2023 990 2080 1038 et

503 1082 681 1152 gratia
715 1081 818 1135 ista
850 1095 949 1150 per
980 1078 1140 1133 ﬁdem
1176 1078 1328 1149 digni
1361 1075 1489 1131 facti
1530 1085 1660 1130 sunt
1689 1092 1704 1139 ;
1742 1077 1814 1128 ita
1860 1089 2081 1145 quoque

502 1172 820 1243 imperfecta
877 1170 1050 1242 gratia
1103 1177 1221 1233 est,
1279 1172 1324 1223 si
1371 1185 1544 1223 unum
1599 1167 1823 1238 aliquod
1874 1175 2081 1222 sanctae

504 1264 796 1320 Trinitatis
829 1278 1030 1317 nomen
1054 1301 1070 1329 ,
1104 1262 1495 1331 qualecunque
1530 1260 1665 1313 illud
1701 1260 1808 1321 sit,
1846 1258 1901 1312 in
1934 1258 2082 1311 salu-

503 1358 607 1410 tari
641 1355 914 1425 baptismo
955 1354 1427 1423 praetermittatur.
1467 1350 1601 1404 Nam
1639 1364 1815 1421 neque
1861 1351 1915 1403 in
1963 1349 2082 1404 solo

504 1447 703 1514 Patre,
735 1455 787 1501 et
832 1445 1006 1511 Filio,
1045 1446 1165 1501 sine
1215 1452 1412 1500 sancto
1465 1443 1704 1514 Spiritu,
1761 1441 2081 1514 mysterium

512 1539 954 1610 regenerationis
985 1537 1316 1608 adimpletur
1337 1553 1352 1601 ;
1377 1551 1555 1604 neque
1586 1534 1631 1590 si
1663 1533 1836 1589 Filius
1864 1532 2083 1588 silentio

505 1637 885 1703 prtetereatur,
922 1631 977 1684 in
1014 1630 1132 1686 solo
1168 1627 1366 1693 Patre,
1419 1634 1474 1682 et
1517 1625 1725 1697 Spiritu
1776 1626 2082 1695 baptismus

508 1723 701 1787 habet,
734 1723 879 1777 unde
909 1721 1071 1777 nobis
1102 1719 1404 1790 perfectam
1440 1717 1608 1771 vitam
1638 1717 1948 1786 largiatur;
1980 1730 2081 1770 nec

507 1813 563 1868 in
607 1812 769 1868 Patre
799 1819 855 1868 et
885 1811 1025 1866 Filio
1048 1849 1064 1875 ,
1110 1811 1488 1881 prmtermisso
1537 1809 1747 1879 Spiritu
1769 1849 1785 1873 ,
1828 1822 2082 1863 resurre-

506 1904 711 1961 ctionis
764 1911 968 1960 nostra:
1031 1903 1208 1974 gratia
1256 1908 1693 1956 consummatur.
1738 1899 2084 1969 Quapropter

508 2011 724 2051 omnem
753 2011 902 2065 spem
923 2035 938 2059 ,
961 2001 1125 2065 atque
1152 1991 1408 2046 ﬁduciam
1438 2000 1752 2046 nostrarum
1776 1991 2081 2043 animarum

508 2088 708 2143 salutis
741 2077 796 2142 in
826 2088 1004 2142 tribus
1032 2086 1308 2157 personis,
1339 2101 1461 2157 qua:
1487 2085 1554 2139 iis
1584 2083 1897 2139 nominibus
1923 2080 2085 2136 nobis

509 2178 914 2241 innotescunt,
969 2177 1278 2241 habemus,
1329 2184 1384 2231 et
1430 2174 1709 2230 credimus
1760 2174 1816 2227 in
1865 2171 2082 2225 Patrem

508 2268 731 2324 Domini
783 2268 966 2324 nostri
1013 2265 1142 2324 Jesu
1183 2267 1428 2332 Christi,
1485 2265 1577 2336 qui
1628 2272 1713 2321 est
1757 2265 1882 2319 vitae
1925 2262 2083 2327 fons,

508 2370 564 2418 et
593 2364 650 2416 in
683 2359 881 2415 Filium
913 2360 1096 2414 Patris
1127 2361 1512 2431 unigenitum,
1546 2357 1641 2427 qui
1686 2365 1772 2411 est
1821 2357 1943 2409 vita:
1989 2368 2087 2407 au-

509 2462 651 2517 ctor,
680 2451 1142 2523 quemadmodum
1164 2452 1245 2505 ait
1264 2449 1563 2520 Apostolus
1592 2450 1634 2512 ',
1657 2452 1711 2503 et
1738 2447 1792 2500 in
1817 2446 2085 2516 Spiritum

511 2554 767 2600 sanctum
800 2543 930 2608 Dei,
981 2545 1049 2598 de
1087 2557 1198 2614 quo
1228 2542 1492 2597 Dominus
1543 2542 1654 2605 ait,
1691 2538 1920 2606 Spiritus
1971 2544 2084 2602 est,

508 2637 604 2707 qui
629 2635 858 2705 viviﬁcat
891 2634 933 2688 ³.
969 2633 1109 2700 Quia
1137 2648 1266 2688 vero
1294 2632 1456 2687 nobis
1490 2645 1518 2684 a
1555 2636 1732 2685 morte
1754 2626 2084 2697 redemptis,

512 2726 951 2783 immortalitatis
977 2725 1151 2798 gratia
1183 2740 1278 2795 per
1305 2724 1465 2779 ﬁdem
1498 2723 1552 2777 in
1574 2720 1791 2776 Patrem
1812 2762 1826 2785 ,
1852 2717 2049 2772 Filium
2069 2757 2085 2783 ,

510 2825 568 2872 et
597 2814 866 2887 Spiritum
899 2824 1152 2871 sanctum
1174 2854 1189 2879 ,
1218 2814 1274 2867 in
1301 2820 1493 2868 sancto
1520 2809 1877 2881 baptismate,
1897 2821 2089 2877 quem-

512 2907 806 2963 admodum
862 2906 1137 2973 diximus,
1190 2905 1497 2974 impertitui
1532 2919 1549 2971 ;
1585 2902 1688 2956 hac
1734 2903 1944 2955 ratione
1987 2897 2088 2952 ad—

511 2998 703 3062 ducti,
733 2997 812 3051 nil
842 2996 1045 3052 servile
1065 3035 1080 3061 ,
1117 2997 1195 3051 nil
1224 3003 1472 3051 creatum
1496 3034 1511 3059 ,
1557 2993 1640 3048 nil
1682 2991 1863 3047 Patris
1915 2990 2088 3060 maje-

2178 532 2377 595 δόσεως
2405 531 2637 600 ἐκείνης,
2671 528 2792 583 οὔτε
2823 529 3224 601 ἀσφαλέστερον
3249 529 3375 584 ἄλλο
3411 545 3463 585 τι
3491 527 3628 584 εἶναι
3661 547 3754 584 πι-

2182 622 2459 693 στεύομεν.
2504 622 2567 674 Ἥ
2599 621 2655 674 δὲ
2681 620 2773 674 τοῦ
2810 620 3011 691 Κυρίου
3041 620 3356 674 διδασκαλία
3390 621 3539 675 ἐστὶν
3570 619 3711 692 αὕτη
3736 639 3753 654 ο

2178 713 2593 782 Πορευθέντες,
2624 714 2777 784 φησὶ,
2815 713 3231 783 μαθητεύσατε
3259 711 3456 767 πάντα
3492 715 3564 767 τὰ
3584 716 3750 782 ἔθνη,

2174 804 2565 869 ,βαπτίζοντες
2593 803 2814 869 αὐτοὺς
2838 806 2925 870 είς
2957 804 3020 857 τὸ
3047 804 3235 873 ὄνομα
3266 804 3373 858 τοῦ
3398 805 3625 872 Πατρὸς
3653 805 3753 859 καί

2130 900 2144 911 ⁸
2180 897 2288 951 τοῦ
2319 896 2475 960 Υίοῦ,
2499 897 2594 950 καὶ
2619 896 2723 950 τοῦ
2754 897 2923 964 ἁγίου
2945 898 3307 965 Πνεύματος.
3341 897 3555 968 Ἐπειδὴ
3576 897 3754 951 τοίνυν

2181 988 2229 1058 ’θ’
2264 986 2526 1051 ζοωποιὺς
2569 985 2796 1054 δύναμις
2838 985 2929 1038 ἐπὶ
2976 985 3085 1037 τῶν
3119 987 3183 1037 ἐκ
3223 984 3317 1038 τοῦ
3348 984 3577 1038 θανάτου
3618 986 3752 1057 πρὸς

2179 1077 2278 1146 τὴν
2315 1076 2528 1130 αἰώνιον
2570 1075 2716 1146 ζωὴν
2774 1076 3270 1145 ἅναγεννωμένων,
3322 1076 3413 1130 διὰ
3450 1077 3549 1146 τῆς
3592 1076 3756 1145 ἀγίας

2182 1168 2409 1238 Τριάδος
2436 1168 2774 1239 περιγίνεται
2803 1172 2915 1232 τοῖς
2955 1169 3092 1240 μετά
3131 1170 3366 1232 πίστεως
3395 1168 3752 1239 καταξιουμέ-

2183 1276 2293 1323 νοις
2329 1262 2427 1331 τῆς
2460 1261 2713 1331 χάριτος,
2756 1261 2850 1314 καὶ
2886 1261 3086 1332 ὁμοίιος
3126 1261 3320 1333 ἀτελὴς
3348 1263 3382 1332 ἡ
3424 1262 3603 1332 χάρις,
3636 1262 3755 1326 ἑνός

2184 1367 2346 1415 τινος,
2376 1351 2488 1404 οἴου
2515 1353 2734 1424 δήποτε,
2775 1351 2885 1407 τῶν
2916 1355 2979 1406 ἐκ
3004 1353 3102 1424 τῆς
3128 1354 3287 1422 ἁγίας
3315 1353 3540 1423 Τριάδος
3566 1354 3756 1423 ὀνομά-

2181 1460 2291 1496 των
2337 1444 2797 1515 παραλειφθέντος
2840 1448 2898 1500 ἐν
2937 1446 3014 1517 τῷ
3059 1446 3312 1517 σωτηρίῳ
3373 1445 3713 1517 βαπτίσματι
3740 1464 3753 1477 ·

2182 1537 2244 1589 οὐ
2274 1534 2383 1607 γὰρ
2412 1537 2576 1609 χωρὶς
2598 1537 2737 1590 Πνεύ
2747 1555 2915 1608 ματος
2943 1540 3000 1592 ἐν
3031 1539 3176 1610 μόνῳ
3199 1538 3333 1609 Υίῷ,
3362 1540 3455 1593 καὶ
3491 1542 3669 1612 Πατρὶ
3696 1540 3757 1593 τὸ

2189 1631 2483 1701 μυστήριον
2522 1631 2752 1684 τελεῖται
2810 1631 2909 1701 τῆς
2954 1633 3366 1702 ἀναγεννὴσεως
3396 1650 3407 1662 ·
3449 1631 3576 1687 οὔτε
3624 1633 3757 1687 Υἱοῦ

2187 1723 2575 1792 σιωπηθέντος.
2632 1726 2690 1778 ὲν
2739 1724 2943 1794 Πατρὶ,
2988 1725 3084 1779 καὶ
3129 1725 3404 1795 Πνεύματι
3440 1725 3501 1777 τὸ
3549 1726 3758 1780 τέλειον

2183 1814 2283 1885 τῆς
2328 1814 2473 1885 ζωῆς
2512 1816 2869 1886 παραγίνεται
2910 1815 3272 1887 βαπτίσματιο
3317 1816 3440 1870 οὔτε
3474 1820 3529 1871 ὲν
3558 1818 3755 1889 Πατρὶ,

2183 1907 2278 1960 καὶ
2307 1906 2452 1977 Υίῷ,
2490 1907 2820 1979 παρεθέντος
2849 1907 2945 1961 τοῦ
2982 1909 3330 1979 Πνεύματος,
3382 1909 3683 1963 ὲκτελεῖται
3723 1912 3757 1981 ἡ

2182 1997 2281 2066 τῆς
2313 1997 2658 2061 ἀναστάσεως
2693 1999 2880 2069 χάρις·
2914 1998 3003 2054 διὰ
3032 1999 3187 2053 τοῦτο
3213 2002 3396 2053 πᾶσαν
3421 2000 3519 2071 τὴν
3542 2000 3756 2065 ἐλπίδα,

2184 2085 2276 2137 καὶ
2306 2085 2404 2156 τὴν
2445 2086 2765 2155 πεποίθησιν
2796 2089 2896 2157 τῆς
2931 2088 3038 2141 τῶν
3086 2087 3271 2158 ψυχῶν
3302 2088 3457 2158 ἡμῶν
3488 2089 3757 2159 σωτηρίας

2186 2179 2243 2230 ὲν
2268 2181 2388 2241 ταῖς
2418 2179 2593 2249 τρισὶν
2609 2178 2964 2234 ὑποστάσεσιν
2985 2179 3196 2251 ἔχομεν,
3232 2178 3318 2233 διὰ
3345 2178 3454 2232 τῶν
3481 2180 3757 2251 ὀνομάτων

2186 2266 2391 2320 τούτων
2431 2266 2869 2338 γνωριζομένην·
2930 2267 3026 2321 καὶ
3064 2267 3393 2339 πιστεύομεν
3433 2270 3513 2333 εἷς
3566 2285 3624 2322 τε
3663 2269 3757 2324 τὸν

2186 2358 2404 2429 Πατέρα
2426 2359 2518 2411 τοῦ
2551 2359 2756 2430 Κυρίου
2784 2359 2940 2431 ἡμῶν
2974 2359 3148 2432 Ἰησοῦ
3177 2360 3433 2431 Χριστοῦ,
3459 2361 3517 2425 ὃς
3543 2361 3691 2414 ἐστιν
3722 2362 3756 2433 ἡ

2188 2449 2339 2519 πηγὴ
2378 2449 2479 2519 τῆς
2511 2448 2681 2521 ζωῆς,
2705 2450 2799 2503 καὶ
2838 2452 2917 2514 είς
2947 2450 3039 2505 τὸν
3071 2451 3330 2522 μονογενῆ
3362 2451 3488 2505 Υἱὸν
3524 2451 3617 2506 τοῦ
3648 2453 3760 2506 Πα-

2187 2542 2335 2611 τρὸς,
2365 2540 2424 2603 ὃς
2449 2542 2595 2593 ἐστιν
2629 2542 2870 2613 ἀρχηγὸς
2890 2542 2989 2612 τῆς
3015 2543 3179 2614 ζωῆς,
3214 2543 3357 2597 καθά
3381 2560 3544 2614 φησιν
3563 2545 3764 2598 ὁἍπό-

2189 2632 2397 2696 στολος,
2436 2632 2530 2687 καὶ
2575 2635 2656 2697 εἰς
2688 2634 2749 2686 τὸ
2779 2633 3002 2705 Πνεῦμα
3032 2636 3094 2688 τὸ
3139 2635 3293 2698 ἅγιον
3321 2634 3415 2689 τοῦ
3440 2635 3596 2693 Θεοῦ.
3628 2638 3760 2707 περὶ

2188 2717 2249 2779 οῦ
2296 2719 2451 2778 εἷπεν
2492 2725 2522 2777 ὁ
2564 2724 2796 2797 Κύριος,
2853 2725 2936 2779 ὅτι
2970 2728 3039 2780 Τὸ
3067 2725 3310 2796 Πνεῦμὰ
3351 2728 3481 2782 ἐστι
3508 2727 3574 2780 τὸ
3619 2724 3761 2788 ζωο-

2189 2815 2424 2869 ποιοῦν.
2470 2814 2583 2868 Καὶ
2620 2814 2807 2887 ἐπειδὴ
2837 2817 2949 2877 τοῖς
2984 2814 3335 2887 λυτρωθείσιν
3362 2819 3492 2889 ἡμῖν
3518 2818 3626 2871 ἀπὸ
3663 2818 3760 2873 τοῦ

2190 2907 2442 2969 θανάτου,
2466 2908 2498 2977 ἡ
2524 2905 2683 2976 χάρις
2713 2908 2812 2978 τῆς
2840 2906 3144 2978 ἀφθαρσίας
3173 2906 3262 2961 διὰ
3291 2908 3389 2979 τῆς
3415 2910 3494 2972 είς
3518 2909 3758 2978 Πατέρα,

2190 2999 2285 3052 καὶ
2310 2997 2459 3065 Υἰὸν,
2493 2997 2586 3051 καὶ
2615 2996 2768 3063 ἅγιον
2806 2997 3030 3067 Πνεῦμα
3060 2998 3311 3064 πίστεως,
3327 3001 3385 3052 ὲν
3411 2999 3488 3071 τῷ
3508 3000 3764 3073 σωτηρίῳ

513 3097 660 3144 state
693 3088 982 3159 indignum
1013 3095 1221 3142 sanctae
1250 3084 1505 3140 Trinitati
1538 3083 1926 3139 conuumerari
1968 3096 2085 3137 cre-

2198 3088 2552 3161 βαπτίσματι,
2587 3086 2768 3152 καθὼς
2792 3090 3113 3159 εἰρήκαμεν,
3144 3088 3526 3161 παραγίνεται,
3557 3094 3620 3145 ὲκ
3646 3093 3765 3145 τού-

513 3182 737 3247 dimus;
772 3179 975 3250 quippe
1008 3193 1117 3234 una
1149 3186 1361 3232 tantum
1395 3184 1482 3232 est
1514 3176 1625 3231 vita
1663 3183 1853 3230 nostra
1874 3213 1888 3238 ,
1922 3188 2088 3243 quam

515 3287 613 3343 per
641 3270 803 3325 ﬁdem
840 3271 894 3325 in
927 3278 1175 3326 sanctam
1209 3268 1536 3323 Trinitatem
1578 3267 1990 3336 consequimur,
2024 3280 2090 3320 ex

517 3363 625 3419 Deo
652 3362 875 3434 quidem
926 3364 1353 3428 universorum,
1405 3361 1579 3415 veluti
1628 3358 1815 3424 fonte,
1872 3372 2091 3427 proma-

514 3470 655 3510 uaus
682 3494 696 3518 ,
733 3471 831 3527 per
872 3453 1068 3509 Filium
1101 3470 1233 3510 vero
1263 3451 1605 3523 procedens,
1655 3459 1712 3507 et
1762 3451 1819 3505 in
1877 3449 2091 3520 Spiritu

515 3557 711 3603 sancto
740 3554 1143 3603 consummata.
1178 3546 1292 3602 Hoc
1328 3546 1497 3617 igitur
1540 3552 1758 3600 certum
1800 3552 1966 3615 atque
1997 3557 2091 3597 ex-

514 3639 788 3710 ploratum
841 3638 1141 3703 habentes,
1194 3637 1543 3707 baptizamur
1595 3633 1850 3705 quidem,
1901 3647 2091 3702 quem-

512 3730 808 3786 admodum
837 3729 998 3784 nobis
1036 3727 1354 3782 mandatum
1384 3736 1470 3783 est
1499 3743 1513 3791 ;
1544 3725 1830 3781 credimus
1870 3732 2087 3786 autem,

511 3821 978 3894 quemadmodum
1011 3820 1275 3890 baptizati
1308 3834 1501 3874 sumus
1531 3835 1546 3883 ;
1579 3817 1850 3871 sentimus
1882 3822 2086 3877 autem,

512 3914 974 3984 quemadmodum
1031 3911 1351 3973 credimus;
1416 3909 1495 3962 ita
1550 3917 1612 3962 ut
1658 3908 1776 3962 sine
1820 3906 1931 3959 ulla
1984 3905 2092 3959 dis-

513 4005 794 4073 crepantia
821 4003 1094 4073 baptisma
1114 4040 1129 4065 ,
1202 4009 1257 4055 et
1289 4001 1458 4065 ﬁdes,
1502 4007 1557 4055 et
1601 4000 1871 4054 sententia
1901 4006 2089 4053 nostra

516 4097 574 4152 in
608 4095 811 4159 Patre,
845 4095 1017 4160 Filio,
1068 4103 1122 4149 et
1175 4092 1389 4165 Spiritu
1441 4099 1633 4148 sancto
1686 4091 1974 4146 consistat.
2033 4088 2090 4143 Si

515 4188 643 4258 quis
669 4197 850 4241 autem
876 4186 1044 4252 duos,
1068 4187 1152 4241 vel
1175 4194 1287 4241 tres
1310 4184 1468 4249 deos,
1512 4185 1598 4239 vel
1625 4190 1740 4238 tres
1771 4182 2091 4237 divinitatea

517 4280 688 4345 dicit,
718 4279 1011 4334 anathema
1043 4277 1135 4332 sit.
1172 4277 1235 4331 Et
1264 4279 1308 4332 si
1341 4277 1467 4347 quis
1497 4275 1800 4332 secundum
1828 4273 1943 4328 Arii
1976 4287 2094 4342 per-

514 4374 834 4431 versitatem
871 4388 938 4426 ex
973 4387 1081 4426 non
1133 4367 1356 4425 exitibus
1398 4368 1634 4432 Filium,
1681 4367 1768 4422 vel
1821 4365 2089 4435 Spiritum

2188 3199 2298 3238 των
2324 3180 2706 3253 ὁδηγούμενοι,
2758 3181 2910 3234 οὐδὲν
2946 3180 3164 3247 δοῦλον,
3215 3183 3334 3236 οὐδὲ
3373 3184 3609 3249 κτιστὺν,
3637 3184 3762 3238 οὐδὲ

2189 3274 2288 3343 τῆς
2346 3273 2760 3344 μεγαλειότητος
2816 3272 2910 3327 τοῦ
2966 3273 3175 3342 Πατρὺς
3241 3274 3456 3341 ἀνάξιον
3501 3279 3567 3346 τῇ
3629 3278 3765 3348 ἁγίᾳ.

2190 3364 2381 3436 Τριάδι
2448 3365 2893 3435 συναριθμεῖσθαι
2950 3365 3294 3436 πιστεύομεν.
3384 3367 3601 3436 Ἐπειδὴ
3664 3369 3766 3437 μία

2191 3455 2394 3525 ἐστὶνὴ
2431 3451 2545 3525 ζωὴ
2572 3454 2747 3525 ήμῶν,
2782 3457 2814 3525 ή
2855 3455 2941 3508 διὰ
2970 3456 3068 3525 τῆς
3107 3456 3183 3517 είς
3217 3454 3314 3524 τὴν
3356 3455 3520 3523 ἁγίαν
3557 3455 3765 3524 Τριάδα

2191 3547 2426 3610 πίστεως
2469 3547 2879 3619 παραγινομένη
2902 3564 2918 3581 ·
2971 3550 3034 3600 ἐκ
3066 3546 3165 3617 μὲν
3202 3544 3294 3598 τοῦ
3324 3544 3460 3598 Θεοῦ
3489 3545 3596 3597 τῶν
3625 3545 3766 3598 ὅλων

2191 3637 2545 3708 πηγάζουσα,
2601 3637 2687 3691 διὰ
2738 3638 2795 3692 δὲ
2841 3637 2935 3691 τοῦ
2977 3636 3107 3690 Υίοῦ
3160 3636 3456 3707 προϊοῦσα,
3502 3637 3562 3686 ὲν
3594 3635 3653 3689 δὲ
3684 3634 3766 3704 τῷ

2193 3731 2331 3802 ἁγίῳ
2378 3731 2654 3801 Πνεύματι
2695 3731 3081 3801 ἐνεργουμένη.
3142 3731 3359 3799 Ταύτην
3408 3724 3501 3782 οὖν
3549 3727 3764 3798 ἔχοντες

2189 3820 2290 3891 τὴν
2333 3819 2705 3891 πληροφορίαν
2745 3818 3118 3890 βατιτιζόμεθα
3152 3818 3281 3889 μὲν,
3418 3814 3761 3887 προετάχθη-

2195 3930 2293 3982 μεν
2312 3950 2326 3974 ,
2362 3910 2687 3981 πιστεύομεν
2707 3911 2795 3977 δὲ,
2822 3910 2896 3974 ὼς
2928 3908 3301 3979 βαπτιζόμεθα
3320 3949 3333 3972 ,
3360 3907 3649 3976 δοξάζομεν
3680 3907 3759 3971 δὲ,

2192 3998 2267 4062 ὡς
2289 3997 2612 4068 πιστεύομεν
2637 4014 2651 4027 ο
2702 3997 2842 4051 ὥστε
2886 3998 3180 4068 ὁμοφώνως
3223 3997 3285 4049 τὸ
3319 3995 3632 4067 βάπτισμα,
3668 3997 3763 4049 καὶ

2191 4088 2290 4159 τὴν
2335 4090 2549 4154 πίστιν,
2594 4088 2689 4143 κιύ⁷
2723 4089 2822 4161 τὴν
2869 4090 3054 4154 δόξαν,
3101 4091 3180 4150 είς
3209 4088 3428 4158 Πατέρα
3452 4085 3621 4151 εἶναι,
3665 4087 3764 4141 καὶ

2191 4176 2341 4240 Υἰὸν,
2364 4179 2458 4231 καλ⁸
2485 4178 2707 4248 Πνεῦμα
2740 4178 2911 4247 ἅγιον.
2949 4178 3012 4231 Εἰ
3039 4178 3095 4231 δέ
3119 4196 3200 4241 τις
3224 4178 3335 4242 δύο,
3356 4178 3388 4250 ἦ
3412 4181 3559 4249 τρεῖς
3584 4178 3757 4244 θεοὺς,

2190 4269 2224 4340 ἢ
2259 4272 2404 4340 τρεῖς
2449 4268 2705 4341 θεότητας
2748 4269 2916 4338 λέγει,
2967 4269 3214 4339 ἀνάθεμα
3256 4269 3414 4324 ἔστω.
3469 4267 3571 4321 Καὶ
3598 4270 3651 4321 εί
3677 4284 3760 4330 τις

2192 4359 2333 4414 κατά
2371 4360 2468 4430 τὴν
2510 4360 2717 4431 Ἀρείου
2744 4360 3069 4431 διαστροφὴν
3098 4363 3162 4413 ἐκ
3197 4361 3272 4432 μὴ
3301 4360 3471 4414 ὄντων
3500 4361 3647 4428 λέγει
3669 4360 3758 4412 τὸν

514 4474 770 4524 sanctum
805 4463 1006 4518 factum
1044 4462 1215 4517 fuisse
1246 4459 1420 4521 dicit,
1452 4458 1742 4513 anathema
1782 4458 1875 4512 sit.
1916 4455 2085 4521 Quot-

2201 4453 2341 4517 Υίὸν,
2366 4450 2399 4522 ἢ
2428 4452 2490 4505 τὸ
2520 4453 2741 4523 Πνεῦμα
2763 4452 2917 4521 ἆγιον
2953 4450 3296 4522 γεγενῆσθαι,
3318 4453 3569 4521 ἀνάθεμα
3597 4452 3753 4505 ἔστω.

515 4563 652 4626 quot
703 4561 886 4609 autem
957 4553 1201 4608 veritatis
1252 4551 1496 4621 regulam
1545 4548 1763 4613 secuti,
1806 4554 1921 4602 tres
1968 4561 2096 4600 con-

514 4649 740 4703 ﬁtentur
774 4660 1075 4716 personas,
1123 4658 1333 4714 easque
1380 4643 1436 4696 in
1493 4641 1613 4696 suis
1663 4639 2094 4710 proprietatibus

514 4740 604 4810 pie
630 4753 694 4793 ac
725 4738 980 4808 religiose
1008 4746 1393 4808 cognoscunt,
1425 4741 1480 4789 et
1507 4748 1673 4788 unam
1705 4731 1939 4787 credunt
1971 4746 2094 4786 esse

514 4835 856 4890 divinitatem
879 4872 894 4896 ,
922 4848 1090 4887 unam
1123 4831 1423 4900 bonitatem
1445 4868 1460 4895 ,
1493 4842 1663 4883 unum
1694 4825 2088 4897 principatum,

515 4941 682 4980 unam
710 4932 1033 4996 potestatem
1058 4964 1073 4988 ,
1106 4931 1270 4992 atque
1296 4922 1553 4977 virtutem
1572 4960 1586 4983 ,
1623 4934 1725 4973 nec
1755 4917 2087 4972 monarchiaa

513 5018 814 5090 potentiam
863 5017 1167 5086 abrogant,
1200 5029 1301 5069 nec
1333 5012 1401 5068 ad
1448 5010 1799 5067 asserendam
1855 5011 2083 5063 deorum

511 5108 920 5164 multitudinem
966 5107 1320 5172 delabuntur,
1370 5118 1472 5158 nec
1528 5116 1794 5173 personas
1849 5099 2085 5156 confun-

509 5202 681 5268 dunt,
713 5215 816 5255 nec
846 5215 913 5255 ex
938 5197 1304 5255 dissimilibus
1333 5195 1647 5265 diversique
1674 5193 1893 5265 generis
1919 5191 2084 5247 rebus

509 5302 762 5350 sanctam
810 5292 1138 5347 Trinitatem
1179 5296 1558 5360 componunt,
1599 5287 1694 5343 scd
1731 5285 1856 5341 ﬁdei
1887 5284 2088 5355 dogma

510 5382 565 5436 in
625 5381 990 5450 simplicitate
1035 5378 1394 5449 suscipiunt,
1452 5391 1672 5431 omnem
1724 5374 1921 5429 salutis
1974 5387 2091 5427 sua:

510 5483 662 5537 spem
691 5469 747 5522 in
778 5466 979 5537 Patre,
1009 5467 1150 5524 Filio
1172 5509 1189 5532 ,
1220 5474 1276 5523 et
1315 5465 1530 5538 Spiritu
1575 5472 1769 5520 sancto
1811 5463 2089 5519 collocan-

509 5563 623 5620 tcs,
673 5558 728 5612 bi
778 5574 947 5613 unum
992 5559 1245 5630 idemque
1294 5558 1584 5614 nobiscum
1632 5554 1912 5619 sentiunt,
1961 5570 2088 5610 cum

510 5647 711 5716 quibus
740 5655 795 5702 et
824 5663 925 5705 nos
958 5658 1166 5720 partem
1197 5649 1252 5704 in
1283 5647 1515 5705 Domino
1541 5645 1747 5701 habere
1774 5659 2079 5716 precamur.

618 5758 633 5786 ³
663 5756 849 5813 Matth.
880 5775 1072 5826 xxviii,
1107 5762 1193 5817 {9.

2192 4543 2348 4597 Ὅσοι
2380 4543 2437 4597 δὲ
2478 4543 2556 4613 τῷ
2595 4544 2776 4598 κανόνι
2815 4544 2914 4613 τῆς
2951 4542 3204 4614 ἀληθείας
3240 4545 3614 4614 στοιχήσουσι,
3665 4542 3757 4594 καὶ

2190 4635 2289 4699 τὰς
2321 4638 2469 4706 τρεῖς
2508 4635 2857 4704 ὁμολογοῦσιν
2892 4634 3238 4702 ὑποστάσεις,
3276 4635 3517 4698 εὐσεϐῶς
3562 4636 3620 4687 ὲν
3648 4634 3758 4694 τοῖς

2190 4725 2398 4779 ἑαυτῶν
2431 4724 2681 4796 ίδιὼμασι
2712 4726 3112 4796 γνωριζομένας
3134 4768 3149 4791 ,
3185 4728 3280 4781 καὶ
3315 4725 3446 4797 μίαν
3472 4724 3756 4778 πιστεύου-

2190 4834 2275 4870 σιν
2305 4812 2441 4870 εἷναι
2468 4816 2715 4887 θεότητα,
2749 4817 2876 4888 μίαν
2905 4817 3245 4887 ἀγαθότητα,
3284 4819 3411 4888 μίαν
3443 4816 3637 4888 ἀρχὴν,
3667 4816 3758 4868 καὶ

2193 4907 2466 4976 ἐξουσίαν,
2516 4908 2612 4963 καὶ
2647 4909 2873 4979 δύναμιν
2894 4927 2909 4943 ο
2962 4911 3057 4964 καὶ
3093 4908 3216 4964 οὔτε
3257 4910 3435 4979 τὸτῆς
3463 4908 3759 4980 μοναρχίας

2191 4997 2443 5051 ἀθετοῦσι
2479 4998 2709 5069 κρᾶτος,
2753 4998 2877 5052 οὔτε
2921 5001 3002 5063 εἰς
3042 4999 3329 5053 πολυθείαν
3379 4999 3757 5061 ἐκπίπτουσιν,

2190 5088 2315 5145 οὔτε
2336 5091 2436 5154 τὰς
2464 5090 2787 5154 ὑποστάσεις
2808 5090 3145 5162 συγχέουσιν,
3172 5089 3294 5145 οὔτε
3316 5090 3375 5156 ἐξ
3405 5089 3757 5161 ἑτερογενῶν,

2189 5180 2285 5234 καὶ
2305 5180 2575 5251 ἀνομοίων
2613 5178 2711 5250 τὴν
2757 5178 2917 5248 ἁγίαν
2963 5180 3167 5252 Τριάδα
3226 5180 3597 5234 συντίθενται·
3647 5179 3759 5233 ἀλλ’

2184 5271 2240 5323 ὲν
2270 5270 2532 5343 ἁπλότητι
2561 5271 2806 5343 δέχονται
2832 5270 2892 5327 τὺ
2921 5272 3021 5341 τῆς
3052 5274 3286 5336 πίστεως
3316 5272 3495 5344 δόγμα
3517 5312 3533 5337 ,
3581 5274 3762 5326 πᾶσαν

2183 5366 2280 5435 τῆν
2308 5362 2498 5416 ἐλπίδα
2525 5363 2625 5435 τῆς
2651 5362 2846 5416 ἑαυτοῦ
2878 5362 3150 5434 σωτηρίας
3192 5364 3251 5415 ὲν
3281 5362 3459 5432 Πατρὶ
3495 5362 3593 5417 καὶ
3626 5361 3761 5432 rep,

2183 5456 2279 5510 καὶ
2309 5454 2448 5527 ἀγίῳ
2467 5455 2745 5529 Πνεύματι
2781 5455 3292 5521 καταπιστεύοντες,
3322 5448 3470 5509 οὗτοι
3501 5454 3645 5510 κατὰ
3664 5453 3765 5523 τὴν

2185 5548 2459 5619 ἡμετέραν
2492 5547 2707 5620 κρίσιν,
2755 5549 2825 5602 τὰ
2867 5547 3005 5603 αὐτά
3041 5546 3331 5617 φρονοῦσι,
3380 5547 3505 5618 μεθ’
3539 5541 3617 5603 ὧν
3671 5544 3769 5599 καὶ

2189 5641 2350 5710 ἡμεῖς
2382 5640 2524 5713 ἔχειν
2550 5641 2610 5698 ὲν
2646 5640 2835 5713 Κυρίῳ
2867 5640 3029 5713 μέρος
3056 5637 3349 5710 εὐχόμεθα.

1280 5763 1301 5793 ¹
1338 5761 1460 5816 Act.
1493 5775 1589 5825 ιιι,
1623 5757 1710 5816 15.
1797 5758 1818 5790 ³
1855 5755 2010 5813 Joan.
2052 5771 2141 5824 vi,
2183 5750 2274 5810 6⁵5.
