4068 6154
261 294 403 352 1057

1429 288 1818 346 EPISTOLE.
1854 319 1925 332 -
1986 289 2204 350 EPIST.
2243 290 2380 349 Vill.

3372 291 3507 351 1058

265 412 447 484 μένος.
478 407 807 481 Δυστύχημα
836 407 1059 478 γέγονεν
1087 402 1339 461 άκδύσιον
1363 419 1378 436 ⁸
1415 403 1500 470 τίς
1529 405 1574 458 δ’
1604 404 1672 462 ἂν
1702 404 1846 459 ἑκὼν

1973 421 2013 462 ιο
2042 406 2150 460 vita
2169 403 2492 476 suffragium
2522 402 2793 460 creditum
2822 409 2929 461 est.
2948 403 3318 461 lnvoluntarie
3342 404 3516 461 infor-

259 502 656 574 δυστυχήσειες
706 499 815 554 Καὶ
854 497 951 553 νῦν
982 497 1233 569 ἔγκλημα
1260 496 1358 569 τὴν
1405 496 1694 566 δυστυχίαν
1739 513 1840 549 πε-

262 595 517 666 ποίηνται
553 591 605 646 ot
637 589 758 645 κατ’
807 586 974 643 αὐτοῦ
1010 588 1107 660 τὴν
1138 587 1484 644 ὲπιθανάτιον
1536 586 1740 659 ταύτην
1766 586 1843 640 δί-

261 704 366 760 κην
413 684 795 755 συστήσαντες.
839 680 980 737 Ἀλλ’
1031 680 1271 745 ἐκείνους
1319 679 1419 752 μὲν
1467 679 1614 744 ίδίοις
1662 679 1842 751 γράμ-

266 795 400 851 μασι
427 774 751 844 καθυφεῖναι
786 773 884 844 τῆς
913 772 1080 845 ὀργῆς
1123 771 1438 844 δυσωπῆσαι
1478 771 1839 843 πειράσομαι·

259 869 323 922 τὸ
359 867 417 922 δὲ
462 865 555 920 σὸν
582 864 808 936 εὐμενὲς
839 864 978 934 μετά
1023 861 1119 917 τοῦ
1147 862 1356 917 δικαίου
1395 862 1490 916 καὶ
1531 862 1644 933 μεθ’
1686 860 1843 932 ἡμῶν

260 959 512 1030 γενέσθαι
538 955 860 1028 παρακαλῶ,
889 956 1037 1031 ὅπως
1067 954 1133 1008 ἂν
1170 952 1266 1024 τὴν
1289 951 1578 1022 ἀθλιότητα
1601 949 1694 1004 τοῦ
1723 948 1844 1003 νέου

261 1054 298 1125 ἡ
352 1052 422 1123 σὴ
469 1047 845 1122 φιλανθρωπία
890 1048 1149 1117 νικήσειε,
1187 1045 1369 1097 πᾶσαν
1412 1040 1658 1113 μηχανὴν
1693 1038 1844 1104 ἐξευ-

267 1141 456 1215 ροῦσα,
485 1140 553 1195 δι’
595 1134 665 1211 ἧς
709 1139 814 1206 ἔξω
860 1137 1118 1191 κινδύνων
1150 1134 1301 1189 ἔσται
1328 1135 1357 1187 ὁ
1391 1132 1524 1197 νέος,
1553 1131 1644 1185 τὸν
1683 1147 1847 1199 πονη-

267 1235 360 1308 ρὸν
391 1235 517 1289 κατ’
553 1230 716 1286 αὐτοῦ
759 1230 988 1302 δαίμονα
1016 1228 1102 1282 διὰ
1140 1228 1237 1298 τῆς
1277 1226 1378 1296 σῆς
1426 1220 1740 1295 συμμαχίας
1769 1237 1847 1274 νι-

186 1370 187 1375 η
266 1325 463 1396 κήσας.
494 1321 680 1375 Πάντα
709 1316 858 1374 εἷπον
890 1320 948 1372 ὲν
980 1316 1275 1387 κεφαλαίῳ,
1306 1314 1343 1370 ἃ.
1375 1312 1661 1385 βούλομαι’
1697 1309 1758 1363 τὸ
1790 1308 1846 1362 δὲ

268 1414 390 1470 καθ’
437 1415 664 1468 ἕκαστον
705 1408 1070 1473 ὑποτίθεσθαι,
1109 1407 1255 1471 ὅπως
1293 1405 1359 1460 ἂν
1390 1401 1755 1474 κατορθωθείη
1788 1399 1849 1453 τὸ

270 1506 719 1578 σπουδαζόμενον,
749 1502 872 1559 οὔτε
911 1501 1043 1574 ἐμὸν
1070 1500 1136 1555 ἂν
1168 1501 1253 1570 εἴη
1280 1497 1341 1551 τὸ
1372 1496 1568 1566 λέγειν,
1594 1491 1718 1549 οὔτε
1757 1493 1848 1547 σὸν

268 1598 332 1652 τὸ
362 1595 723 1654 διδάσκεσθαι.

764 2020 1107 2078 ΕΠΙΣΤΟΛΗ
1137 2020 1199 2074 H'
1225 2017 1358 2091 (εδ).

1947 497 2164 552 tuniunt
2190 496 2410 550 accidit.
2433 494 2569 562 Quis
2595 495 2739 550 enim
2766 503 2958 566 sponte
2981 508 3079 550 sua
3103 493 3289 551 infelix
3311 494 3430 552 est?
3451 494 3520 551 Et

1946 602 2097 644 nunc
2125 586 2488 643 infortunium
2529 586 2681 642 istud
2726 585 2946 641 crimini
2983 593 3203 642 vertunt
3231 586 3326 658 qui
3363 587 3516 643 illunt

1948 680 2030 735 rei
2061 679 2310 750 capitalis
2337 686 2684 735 accusarunt.
2708 678 2814 735 Sed
2838 693 2935 735 eos
2961 678 3202 750 quidem,
3238 679 3321 734 ira
3349 679 3518 750 depo-

1952 771 2083 835 sita,
2114 771 2276 828 mites
2310 778 2667 842 pacatosquc,
2703 769 2889 828 missis
2921 771 2989 825 ad
3018 771 3266 841 singulos
3297 771 3518 837 litteris,

1953 863 2184 920 reddere
2228 864 2472 919 conabor
2502 881 2516 919 :
2557 871 2612 919 at
2640 877 2770 918 vero
2812 863 3101 919 clementia
3134 872 3248 926 tua,
3275 878 3398 918 cum
3429 862 3521 933 jus

1954 955 2105 1012 stitia
2131 953 2449 1025 conjuncta,
2482 969 2552 1011 ne
2580 969 2610 1009 a
2643 944 2803 1009 nobis
2841 954 2944 1010 hac
2981 955 3037 1009 in
3075 970 3134 1010 re
3174 953 3523 1010 desideretur

1952 1047 2111 1103 enixe
2152 1062 2308 1118 rogo,
2348 1054 2409 1101 ut
2440 1045 2652 1103 scilicet
2698 1044 3011 1116 benignitas
3035 1051 3127 1100 tua
3157 1044 3522 1101 adolescentis

1951 1133 2137 1187 vincat
2165 1133 2553 1197 calamitatem,
2587 1133 2722 1187 nihil
2749 1133 3072 1188 intentatum
3102 1134 3378 1198 amittens,
3409 1148 3522 1204 quo

1953 1222 2296 1288 adolescens,
2336 1237 2437 1293 ope
2462 1232 2552 1277 tua
2579 1223 2830 1293 improbo
2863 1224 2955 1277 illo
2990 1223 3152 1294 genio
3190 1222 3293 1280 sibi
3325 1223 3521 1278 adver-

1955 1324 2113 1370 sante
2145 1324 2423 1385 superato,
2465 1322 2621 1369 extra
2650 1314 2990 1371 discriminis
3013 1314 3186 1370 aleam
3215 1315 3520 1369 constitua-

1955 1410 2063 1455 tur.
2122 1401 2254 1467 Qua:
2301 1403 2520 1456 animus
2566 1411 2686 1458 erat
2742 1402 2946 1468 dicere,
2997 1402 3186 1474 paucis
3234 1408 3524 1458 exsecutus

1953 1507 2115 1558 sum;
2173 1507 2282 1562 qua
2338 1507 2468 1548 vero
2524 1494 2738 1549 ratione
2788 1495 2893 1549 rite
2950 1504 3208 1565 recteque
3246 1492 3523 1564 negotium

1954 1580 2143 1653 perﬁci
2189 1590 2392 1653 queat,
2443 1598 2546 1638 nec
2588 1598 2769 1640 meum
2813 1595 2899 1640 est
2951 1584 3175 1648 dicere,
3233 1599 3335 1641 nec
3373 1593 3524 1638 tuum

1956 1674 2163 1732 doceri.

2489 2013 2824 2073 EPISTULA
2862 2019 2996 2077 νιξι.

880 2198 1094 2270 Scripta
1123 2197 1193 2252 ad
1232 2196 1539 2269 Cynegium,
1569 2205 1624 2249 ut
1655 2193 1877 2250 videtur.
1923 2192 2050 2248 Vide
2083 2194 2370 2262 sttperiaris
2403 2196 2639 2265 epistoue
2670 2198 2939 2266 synopsin.

357 2383 477 2454 Ἐφ’
500 2375 545 2451 ᾧ
577 2379 809 2453 μάλιστα
860 2377 1013 2448 παρὰ
1052 2376 1161 2431 τῶν
1205 2377 1383 2446 σοφῶν
1411 2378 1441 2431 ὁ
1473 2375 1725 2447 βασιλεὺς
1752 2374 1862 2429 τῶν

2035 2374 2151 2442 Qua
2195 2376 2251 2431 in
2294 2392 2353 2433 re
2393 2392 2646 2450 magnum
2702 2377 2855 2433 illum
2924 2378 3281 2434 Macedonum
3348 2396 3529 2451 regem

271 2475 601 2532 Μακεδόνων
626 2470 964 2543 θαυμάζεται
992 2466 1363 2538 (θαυμάζεται
1385 2468 1491 2540 γὰρ
1515 2468 1576 2520 ού
1608 2467 1859 2520 τοσοῦτον

272 2570 389 2631 τοῖς
427 2565 688 2638 Μηδικοῖς
737 2563 960 2633 τρόποις
1012 2560 1149 2632 (54),
1193 2558 1315 2613 οὐδὲ
1358 2561 1471 2622 τοῖς
1510 2558 1749 2620 Ἰνδικοῖς
1800 2573 1859 2609 τε

274 2661 375 2715 καὶ
412 2656 540 2730 περὶ
571 2656 662 2710 ςδν
688 2654 926 2709 ὠκεανὸν
950 2654 1302 2724 διηγήμασιν,
1325 2651 1447 2704 ὅσον
1466 2650 1558 2703 ἐπὶ
1585 2647 1663 2720 τῷ
1692 2650 1867 2702 εἰπεῖν

274 2754 371 2808 τὸν
400 2747 762 2820 θησαυρὸν-ὲν
790 2748 901 2809 τοῖς
931 2744 1104 2814 φίλοις
1138 2741 1331 2814 ἔχειν),
1361 2739 1544 2811 τολμῶ
1571 2739 1668 2794 καὶ
1707 2739 1869 2803 αὐτὸς

278 2848 343 2899 ὲν
378 2842 456 2914 τῷ
486 2841 640 2913 μέρει
682 2838 857 2908 τούτῳ
898 2839 1010 2900 τοῖς
1063 2835 1272 2890 ἐκείνου
1316 2832 1588 2905 θαύμασιν
1632 2831 1869 2903 ἐμαυτὸν

280 2936 606 3006 ἁντεπᾶραι,
630 2930 724 2986 καί
750 2947 837 3002 μοι
863 2929 1157 3002 προσήκειν
1178 2925 1268 2980 τὸν
1289 2925 1526 2979 τοιοῦτον
1553 2923 1735 2996 μέλλει
1755 2921 1869 2993 (55)

279 3026 440 3095 λόγον
469 3025 661 3078 είπεῖν.
695 3021 818 3075 Ὀτι
865 3019 921 3073 δὲ
969 3017 1182 3072 πλουτῶ
1224 3019 1291 3087 τῇ
1334 3015 1506 3086 φιλίᾳ,
1553 3015 1648 3067 καὶ
1699 3013 1871 3083 ὑπερ-

280 3120 425 3191 αίρω
468 3117 547 3188 τῷ
579 3113 803 3184 τοιούτῳ
853 3113 1098 3183 κτήματι
1146 3109 1286 3180 τάχα
1327 3109 1420 3162 καὶ
1463 3106 1627 3170 αὐτὸς
1668 3108 1874 3160 ἐκεῖνον

281 3211 379 3264 τὸν
442 3207 535 3260 ἐπὶ
573 3204 747 3275 τούτῳ
805 3198 1326 3274 μεγαλαυχούμενον.
1373 3197 1470 3261 Τίς
1523 3197 1633 3268 γὰρ
1681 3194 1876 3265 ἐκείνῳ

282 3293 526 3356 τοιοῦτος
558 3291 727 3361 φίλος,
754 3284 865 3353 οἷος
910 3288 1032 3359 ἐμοὶ
1076 3288 1162 3349 σὺ,
1186 3285 1275 3340 διὰ
1315 3286 1533 3341 πάντων
1578 3286 1637 3339 ἐν
1663 3285 1878 3356 ἑκάστῳ

285 3385 390 3455 τῆς
424 3385 625 3455 ἀρετῆς
661 3381 788 3435 εἴδει
824 3379 960 3451 πρὸς
990 3378 1180 3434 ἑαυτὸν
1212 3377 1622 3449 ἁμιλλώμενος;
1653 3375 1879 3439 Πάντως

290 3478 403 3549 γὰρ
434 3477 534 3529 οὐκ
563 3475 627 3529 ἄν
653 3491 737 3537 τις
775 3472 918 3544 ἐμοὶ,
951 3471 1123 3525 ταῦτα
1168 3470 1379 3539 λέγοντι
1419 3469 1554 3542 (56),
1589 3467 1878 3523 κολακείαν

293 3566 661 3629 ὲπικαλέσειε,
694 3564 828 3635 πρός
851 3580 910 3618 τε
941 3562 1039 3634 τὴν
1066 3561 1281 3635 ἡλικίαν
1310 3562 1412 3632 τὴν
1442 3562 1581 3632 ἐμὴν
1621 3560 1716 3613 καὶ
1743 3558 1880 3629 πρὸς

290 3660 387 3715 τὸν
415 3658 508 3712 σὺν
538 3657 649 3728 βίον
681 3655 922 3727 βλέπωνο
952 3654 1152 3726 έξωρός
1178 3671 1240 3707 τε
1272 3652 1381 3723 γάρ
1412 3653 1513 3722 ἠδη
1546 3651 1684 3721 πρὸς
1719 3648 1881 3702 κολα-

289 3751 511 3823 κείανὴ
545 3749 724 3814 πολιὰ,
755 3749 851 3802 καὶ
895 3746 957 3799 τὸ
1002 3746 1179 3817 γῆρας
1217 3746 1298 3807 είς
1345 3743 1584 3797 θωπείαν
1621 3740 1883 3810 ἀνεπιτή-

1968 2466 2244 2534 sapientes
2297 2466 2646 2538 potissimum
2713 2467 3025 2539 suspiciunt
3064 2479 3225 2533 atque
3264 2468 3536 2525 admiran-

1968 2554 2089 2623 tur;
2138 2557 2283 2629 apud
2330 2574 2426 2615 eos
2474 2560 2674 2630 quippe
2720 2560 3072 2616 admirationi
3124 2560 3376 2627 habetur,
3426 2578 3535 2617 non

1966 2656 2078 2702 tam
2112 2648 2184 2704 ob
2212 2648 2473 2705 victorias
2511 2649 2579 2705 de
2607 2648 2779 2706 Medis
2827 2650 3026 2707 relatas
3045 2689 3061 2716 ,
3112 2651 3195 2705 vel
3225 2651 3295 2706 ob
3324 2667 3389 2708 ea
3417 2669 3537 2723 qua:

1970 2742 2039 2798 de
2063 2743 2231 2800 rebus
2272 2743 2343 2799 ab
2379 2743 2500 2814 ipso
2527 2743 2583 2798 in
2613 2742 2768 2798 India
2804 2751 2857 2799 et
2884 2744 3031 2799 circa
3064 2742 3340 2800 Oceanum
3370 2750 3536 2817 gesns

1969 2841 2299 2901 narrantur,
2355 2848 2520 2906 quam
2571 2834 2716 2905 quod
2741 2834 2944 2892 dixerit
2993 2849 3053 2891 se
3096 2835 3151 2891 in
3181 2835 3374 2892 amicis
3419 2837 3538 2891 the-

1971 2941 2197 2983 saurum
2231 2926 2553 2998 possidere:
2603 2942 2733 2996 qua,
2764 2926 3010 2998 inquam,
3055 2928 3111 2982 in
3150 2944 3209 2984 re
3242 2929 3536 2985 maximam

1973 3017 2066 3073 ille
2090 3018 2177 3074 sui
2202 3017 2623 3074 admirationem
2650 3019 2969 3086 concitavit,
2998 3034 3063 3074 ca
3090 3020 3282 3090 utique
3309 3031 3364 3075 et
3395 3021 3533 3090 ipse,

1975 3123 2130 3178 teque
2159 3122 2224 3163 ac
2256 3109 2369 3176 ille,
2403 3108 2585 3165 efferri
2611 3108 2758 3164 haud
2789 3124 3006 3177 vereor,
3041 3118 3097 3165 et
3127 3126 3237 3165 non
3266 3111 3540 3167 immerito

1977 3204 2247 3262 aﬂirmare
2286 3220 2510 3276 possum
2554 3204 2777 3261 effatum
2820 3205 2952 3259 illud
2990 3205 3120 3267 mihi
3145 3206 3310 3260 etiam
3340 3219 3543 3261 conve-

1977 3296 2135 3363 nire;
2186 3280 2311 3351 nam
2359 3311 2483 3352 cum
2523 3310 2719 3369 magna
2757 3296 2892 3351 mihi
2926 3297 2998 3351 sit
3035 3297 3336 3351 amicorum
3366 3297 3541 3367 copia,

1979 3389 2214 3444 fortasse
2263 3394 2319 3443 et
2366 3386 2519 3441 illum
2563 3386 2632 3441 de
2668 3386 2736 3441 iis
2787 3401 2847 3440 se
2897 3386 3183 3456 magnifice
3220 3386 3543 3455 iactantem,

1977 3478 2294 3535 earumdem
2339 3490 2571 3531 numero
2609 3483 2771 3544 atque
2824 3475 3137 3545 przcstautia
3179 3476 3339 3546 longe
3387 3486 3541 3532 aute-

1987 3570 2145 3625 ccllo.
2187 3567 2322 3633 Quis
2355 3566 2501 3621 enim
2554 3566 2634 3620 illi
2674 3574 2783 3619 tam
2838 3567 3069 3630 amicus,
3116 3583 3278 3637 quant
3324 3576 3381 3623 ttt
3416 3569 3546 3624 mihi

1981 3676 2062 3725 es,
2114 3660 2207 3730 qui
2259 3658 2315 3712 itt
2360 3658 2510 3712 omni
2552 3658 2812 3712 virtutum
2861 3673 3061 3728 genere
3112 3674 3325 3729 semper
3359 3668 3550 3716 temet-

1992 3752 2173 3821 ipsum
2229 3764 2488 3820 superare
2557 3749 2883 3804 contendis?
2940 3751 3124 3821 Neque
3180 3753 3323 3808 enim
3394 3757 3549 3824 quis-

290 3845 457 3906 δειον,
492 3842 575 3897 σοί
598 3859 681 3906 τε,
717 3841 811 3895 καὶ
849 3839 899 3892 εί
939 3840 997 3891 ὲν
1026 3837 1144 3907 ὥρᾳ
1169 3834 1263 3890 τοῦ
1302 3834 1616 3889 κολακεύειν
1644 3830 1695 3887 εἴ
1726 3849 1869 3899 ποτε,

1985 3843 2129 3914 piam
2163 3857 2250 3897 me
2293 3842 2397 3897 ista
2432 3840 2701 3897 dicentem
2751 3843 3137 3898 assentationis
3186 3845 3548 3908 accusaverit,

293 3939 323 3989 ὁ
367 3935 585 3996 ἔπαινος
636 3931 772 4004 πρὸς
819 3927 1083 3998 ὑπόληψιν
1134 3927 1421 3989 κολακείας
1458 3925 1521 3980 οὐ
1559 3924 1882 3988 κατέπιπτε,

329 4023 392 4078 οὗ
454 4022 570 4093 βίου
629 4020 736 4093 πρὸ
774 4017 882 4071 τῶν
926 4017 1098 4084 λόγων
1155 4015 1462 4076 δεικνύντος
1506 4014 1597 4067 τὸν
1644 4013 1880 4066 ἔπαινον.

310 4116 449 4171 Ἀλλ’
493 4112 687 4181 ἐπειδὴ
716 4112 830 4173 τοῖς
872 4108 1056 4172 καλοῖς
1111 4105 1481 4161 πλουτούντων
1532 4105 1661 4159 ἴδιον
1706 4104 1766 4158 τὸ
1812 4106 1889 4158 εί-

296 4210 446 4263 δέναι
476 4201 800 4276 κεχρῆσθαι,
824 4195 906 4263 οἷς
937 4199 1050 4269 ἔχει
1079 4197 1216 4270 (57)’
1250 4196 1445 4268 ἀρίστη
1479 4196 1537 4250 δὲ
1552 4197 1746 4268 χρῆσις
1769 4195 1879 4252 τῶν
1906 4184 1915 4191 “

299 4297 636 4371 περιόντων,
674 4292 741 4347 τὰ
764 4292 874 4363 (58)
924 4291 1077 4345 κοινὰ
1119 4288 1431 4363 προτιθέναι
1485 4290 1598 4353 τοῖς
1644 4287 1818 4356 φίλοις
1849 4285 1886 4342 ἃ

299 4386 517 4457 ἔχουσι·
566 4382 717 4455 φίλος
764 4381 821 4435 δέ
874 4398 964 4451 μοι
1015 4379 1233 4434 πάντων
1288 4377 1523 4449 μάλιστα
1567 4376 1655 4431 διὰ
1704 4377 1885 4448 πάσης

300 4476 652 4548 γνησιότητος
708 4472 1147 4546 συνηρμοσμένος
1169 4510 1186 4536 ,
1242 4470 1272 4523 ὁ
1337 4470 1710 4532 ποθεινότατος
1771 4468 1885 4532 υίὸς

315 4569 681 4640 Ἀλέξανδρος
711 4566 1088 4637 παρακλήθητι
1116 4562 1284 4629 δεῖξαι
1321 4561 1468 4633 αὐτῷ
1498 4562 1589 4615 τὸν
1624 4561 1755 4632 ὲμὺν
1788 4561 1886 4631 θη-

308 4656 508 4729 σαυρόν
526 4673 541 4687 ·
596 4656 689 4710 καὶ
746 4655 820 4727 μὴ
878 4654 1045 4720 δεῖξαι
1101 4652 1283 4724 μόνον,
1308 4650 1467 4707 ’ἀλλὰ
1508 4653 1603 4706 καὶ
1650 4651 1888 4720 δαψιλῶς

307 4750 610 4821 παρασχεῖν
638 4748 1034 4819 ἐμφορηθῆναι,
1083 4745 1160 4816 τῷ
1200 4746 1496 4818 προστῆναι
1543 4744 1707 4797 αὐτοῦ
1749 4744 1885 4815 (59),

307 4834 555 4913 ὑπὲρ’ὧν
587 4840 733 4910 ἥκει,
764 4838 863 4907 τῆς
909 4837 1009 4908 σῆς
1055 4837 1388 4907 προστασίας
1434 4837 1719 4906 δεόμενοςο
1745 4834 1887 4900 λέξει

303 4937 365 4991 δὲ
397 4935 463 4988 δι’
500 4931 693 4989 ἑαυτοῦ
712 4931 780 4985 τὰ
810 4930 1006 4984 πάντα.
1036 4929 1193 4984 Οὕτω
1227 4929 1336 5001 γὰρ
1361 4931 1819 5002 εὐπρεπέστερον,
1850 4929 1885 5002 ἢ

299 5026 380 5082 τὰ
411 5025 533 5079 καθ’
560 5025 787 5079 ἕκαστον
825 5023 923 5094 ἐμὲ
950 5019 1198 5085 διεξιέναι
1226 5020 1304 5090 τῷ
1335 5023 1641 5092 γράμματι.

1984 3930 2032 3984 si
2064 3929 2131 3984 ad
2174 3935 2386 3984 aetatem
2430 3943 2605 3984 meam
2652 3936 2707 3984 et
2742 3937 2895 3985 tuum
2962 3922 3175 3985 vivendi
3238 3932 3547 3988 institutum

1984 4020 2263 4091 respiciat.
2305 4018 2443 4073 Nam
2491 4028 2545 4075 et
2585 4021 2844 4076 canitiem
2888 4037 2994 4075 non
3029 4024 3184 4078 decet
3227 4026 3549 4090 assentatio,

1986 4124 2089 4166 nec
2141 4116 2401 4167 senectus
2455 4110 2755 4167 adulationi
2789 4122 2913 4181 apta
2945 4122 3058 4179 est;
3115 4116 3211 4169 tibi
3245 4126 3425 4171 autem
3457 4119 3553 4172 int-

1985 4199 2183 4269 pertita
2215 4200 2337 4256 laus
2381 4202 2733 4272 quantumvis
2766 4202 3008 4257 adulatio
3049 4218 3251 4260 nosme
3299 4210 3555 4263 convenio

1990 4296 2074 4344 ret
2103 4290 2272 4352 aetati,
2318 4290 2372 4343 in
2406 4290 2615 4345 nullam
2654 4303 2802 4346 certe
2851 4293 3241 4348 asscntationis
3272 4297 3551 4365 suspicio-

1991 4396 2115 4437 nem
2140 4380 2434 4447 incideret,
2466 4396 2592 4437 eum
2622 4383 2747 4438 vita:
2784 4391 2890 4438 tuae
2925 4385 3062 4438 ratio
3093 4385 3170 4437 ttil
3197 4385 3376 4439 verbis
3400 4395 3556 4454 egeat

1991 4483 2052 4529 ut
2076 4489 2136 4529 se
2172 4474 2321 4528 omni
2366 4474 2526 4529 laude
2563 4474 2783 4543 dignam
2831 4491 2956 4531 esse
3000 4475 3274 4530 ostendat.
3321 4475 3387 4529 At
3424 4490 3556 4531 vero

1985 4579 2111 4620 cum
2175 4581 2363 4621 eorum
2415 4567 2510 4637 qui
2553 4568 2747 4622 divites
2801 4567 2941 4621 scite
2982 4565 3389 4638 prudenterque
3430 4585 3554 4625 esse

1986 4667 2226 4725 norunt,
2282 4661 2562 4730 proprium
2616 4659 2687 4712 sit
2735 4658 2877 4711 scire
2923 4657 3032 4713 illis
3087 4659 3165 4712 uti
3217 4659 3377 4715 bonis
3436 4677 3557 4730 qum

1988 4751 2305 4821 possident;
2359 4750 2599 4819 Optimus
2657 4755 2841 4802 autem
2888 4748 3203 4803 divitiarum
3265 4765 3398 4805 usus
3461 4754 3555 4816 sit,

1988 4842 2195 4895 amicos
2240 4854 2428 4895 eorum
2478 4853 2598 4907 qua:
2637 4837 2985 4907 possidemus
3015 4840 3309 4910 participes
3346 4841 3558 4911 facere;

1992 4933 2126 4986 mihi
2155 4940 2336 4987 autem
2369 4930 2581 4985 amicus
2610 4930 2685 4985 sit
2707 4931 2906 4985 eximia
2931 4946 3042 5000 pra:
3062 4933 3275 4987 czeteris
3303 4933 3561 4987 omnibus

1995 5023 2313 5079 sinceritate
2369 5021 2722 5090 coniunctus,
2781 5020 3179 5076 dilectissimus
3245 5022 3391 5077 tilius
3446 5024 3565 5077 Ale-

306 5120 563 5177 xander:
601 5120 722 5177 sine
754 5125 816 5173 ut
856 5130 1039 5172 meum
1083 5118 1400 5171 thesaurum
1434 5118 1541 5188 ipsi
1576 5118 1863 5174 ostendam
1887 5158 1904 5175 .
1942 5134 2045 5174 nec
2078 5118 2364 5175 ostendam
2437 5116 2849 5183 tantummodo,
2897 5116 2995 5172 sed
3059 5125 3116 5171 et
3142 5116 3370 5172 ellieiam
3410 5128 3469 5174 ut
3500 5134 3565 5173 eo

384 5324 500 5394 (55)
534 5322 763 5394 Ἐπίστ.
818 5320 1087 5394 inscripta
1120 5319 1436 5390 perhibetur
1474 5321 1530 5376 in
1576 5336 1683 5376 ms.
1742 5320 1882 5377 Med.

320 5390 696 5463 Ἀντιοχιανῷ,
730 5401 921 5462 estque
945 5390 1031 5444 Vl.

389 5459 1149 5531 (54)"Fnrtasse'legendunt
1210 5459 1525 5531 τροπαίοις,
1567 5469 1791 5531 framea.
1822 5490 1893 5500 -—

315 5529 756 5604 τρόποιςηΜεά.
783 5529 1080 5604 τροπαίοις,
1107 5529 1528 5604 utemijiciebat
1566 5529 1887 5604 zacaguius.

391 5604 505 5674 (55)
527 5603 769 5674 Μέλλει.
795 5600 870 5674 Id.
902 5601 1022 5674 cod.
1071 5600 1384 5674 panov._Et
1418 5614 1545 5674 mox
1572 5600 1732 5653 αὐτὸν
1755 5603 1892 5653 ἐκεῖ·

319 5669 430 5729 νον.
487 5669 797 5739 Pattcisque
846 5669 1168 5739 interjectis,
1213 5669 1386 5724 ταῦτα
1428 5669 1667 5737 λέγοντι,
1728 5681 1890 5740 prout

312 5743 633 5803 emendavit
666 5740 861 5797 editor.

2065 5318 2174 5388 (56)
2203 5317 2280 5371 lta
2306 5315 2920 5388 emendandttm‘censui
2961 5316 3275 5371 Vaticanum
3298 5319 3564 5383 codicem,

1992 5389 2046 5442 in
2076 5385 2193 5456 quo
2221 5388 2438 5457 legitur,
2464 5387 2647 5457 ταυτα
2668 5385 2863 5457 λέγων.

2059 5449 2171 5529 ($7)
2203 5449 2304 5524 Οἷξ-
2338 5449 2484 5526 ἔχει.
2517 5455 2707 5512 Medic.
2741 5449 2827 5519 οἷς
2857 5455 3059 5527 ἔχουσι.
3106 5457 3171 5509 Et
3217 5458 3379 5527 paulo
3417 5469 3565 5524 ante,

1989 5529 2174 5591 καλῶς
2209 5529 2399 5581 πλουτ.

2018 5639 2022 5643 .
2059 5597 2339 5720 (58)6Τῶν
2372 5598 2717 5666 περιόντων,
2746 5594 2836 5649 τά.
2877 5595 2980 5651 Ms.
3030 5594 3167 5651 Med.
3213 5596 3321 5652 τῶν
3368 5596 3568 5668 παρόν-

2021 5686 2230 5720 ων.τ.

1989 5686 2230 5727 των,το.

2061 5740 2172 5809 (59)
2214 5738 2429 5797 Αὑτοῦ.
2463 5738 2541 5794 Id.
2580 5738 2703 5794 cod.
2736 5738 2937 5794 αὐτῶν.
