4068 6154
579 350 720 407 10εὸ

1816 345 1872 401 S.
1913 345 2238 403 GREGORII
2271 344 2566 400 NYSSENI

3693 341 3813 398 1045

575 464 672 538 qui
711 461 1023 520 exsultandi
1056 462 1408 520 occasionem
1457 463 1576 520 seni
1625 462 1952 534 praebuerat.
1984 461 2148 531 Ulys-

2251 462 2568 534 Τηλέμαχον
2597 462 2764 533 μάχη,
2800 462 2848 515 εἰ
2893 460 2987 514 καὶ
3013 462 3079 534 τῇ
3109 460 3298 532 μνήμῃ
3325 459 3437 530 (55)
3469 458 3580 511 τῶν
3610 458 3814 527 Κεφαλ-

577 558 657 615 sis
699 570 823 612 cum
868 553 1201 612 Telemacho
1228 553 1299 611 de
1333 555 1538 612 virtute
1581 562 1859 611 certamen
1901 553 2048 624 quod
2097 562 2152 608 et

574 646 952 719 Cephalleniis
990 654 1358 713 memoratur,
1408 646 1479 702 ad
1509 647 1687 704 nostri
1716 646 1988 702 sermonis
2027 659 2154 701 sco-

575 755 704 810 pum
748 735 1007 808 confert;
1039 741 1488 815 quandoquidem
1516 740 1854 811 excipientes
1886 753 1975 795 me
2003 753 2152 795 nunc

576 841 634 895 tu
682 843 738 888 et
777 838 932 904 pater
962 841 1115 897 tuus,
1146 832 1611 905 quemadmodum
1642 832 1721 886 illi
1751 830 2025 897 Laertem,
2052 831 2153 886 bo-

575 938 712 981 nore
742 931 797 979 et
829 925 1214 980 benevolentia
1251 940 1381 996 erga
1412 939 1538 987 nos,
1576 924 1645 980 de
1670 923 1982 995 principatu
2023 937 2150 978 cum

578 1016 852 1075 muniﬁcis
892 1017 1205 1088 quibusque
1244 1032 1309 1073 ac
1342 1016 1629 1089 generosis
1684 1014 1821 1073 viris
1864 1014 2153 1070 contendi-

574 1109 703 1172 stis,
749 1110 839 1166 bic
867 1110 1090 1181 quidem
1126 1125 1290 1167 suum
1319 1110 1376 1165 in
1419 1107 1669 1176 modum,
1701 1116 1759 1163 tu
1786 1121 1915 1163 vero
1946 1120 1978 1162 e
2006 1104 2152 1177 Cap-

576 1201 808 1271 padocia
854 1218 955 1272 per
1000 1203 1215 1259 litteras
1267 1200 1644 1273 singularibus
1681 1200 1845 1270 plane
1887 1213 2016 1269 erga
2065 1212 2152 1253 me

576 1290 781 1346 ofﬁciis
819 1299 1119 1350 certantes.
1156 1292 1299 1360 Quid
1330 1292 1501 1362 igitur
1542 1306 1645 1363 ego
1688 1289 1891 1348 senex?
1926 1287 2154 1344 Felicis-

576 1381 774 1434 simam
804 1395 1005 1436 censeo
1034 1396 1153 1436 eam
1191 1382 1356 1446 diem,
1387 1382 1443 1436 in
1472 1396 1581 1453 qua
1616 1380 1783 1436 talem
1818 1378 1980 1435 video
2009 1378 2152 1432 inter

579 1481 784 1539 patrem
818 1471 1120 1544 filiumque
1149 1474 1585 1530 contentionem.
1619 1471 1699 1527 Ne
1737 1471 1928 1541 itaque
1965 1483 2153 1526 cesses

573 1560 722 1627 justa
766 1560 897 1615 boni
945 1569 1000 1615 et
1046 1561 1361 1617 admirandi
1403 1562 1579 1633 patris
1620 1568 1750 1618 vota
1796 1560 2050 1630 implere,
2095 1566 2152 1615 et

578 1652 857 1721 praaclaris
897 1651 1062 1710 factis
1107 1661 1395 1725 paternam
1424 1654 1658 1726 gloriam
1705 1667 1992 1724 superare.
2037 1651 2151 1724 Ego

576 1758 712 1801 sane
759 1746 1028 1802 ambobus
1063 1746 1222 1802 vobis
1250 1745 1554 1817 gratiosum
1597 1761 1685 1801 me
1720 1745 1960 1815 iudicem
2007 1759 2148 1815 prae-

578 1835 736 1901 bebo,
792 1837 893 1892 tibi
942 1837 1165 1908 quidem
1216 1838 1452 1908 palmam
1501 1836 1570 1894 de
1613 1842 1773 1909 patre
1816 1835 2148 1902 concedens,

578 1927 720 1997 patri
751 1943 879 1985 vero
907 1927 976 1986 de
1003 1937 1075 1985 te.
1107 1927 1220 1986 Nos
1254 1936 1440 1985 autem
1476 1943 1752 2001 asperam,
1793 1942 1906 1983 non
1931 1934 2041 1982 tam
2076 1929 2154 1982 la-

578 2018 798 2088 pidibus
829 2034 997 2090 quam
1053 2020 1428 2097 habitatorum
1472 2016 1743 2085 moribus,
1792 2015 2031 2072 Ithacam
2074 2013 2155 2070 fe-

577 2124 778 2175 remus,
812 2111 870 2165 in
911 2125 1018 2182 qua
1061 2110 1223 2167 multi
1267 2110 1425 2181 proci
1479 2117 1537 2165 et
1578 2109 1855 2165 bonorum
1900 2105 2153 2177 expetita:

576 2201 644 2256 ad
678 2202 903 2272 nuptias
934 2202 1184 2258 mulieris
1220 2208 1606 2273 occupatores,
1639 2201 1737 2271 qui
1767 2198 1852 2255 vel
1892 2198 1996 2255 hoc
2030 2197 2154 2268 ipso

576 2309 836 2365 sponsam
880 2295 1218 2350 contumelia
1251 2292 1517 2359 alliciunt,
1552 2291 1699 2364 quod
1744 2289 2031 2347 modestia;
2072 2296 2156 2344 at-

573 2402 684 2457 que
726 2385 926 2457 pudori
960 2385 1186 2457 nuptias
1231 2384 1536 2454 minantur,
1581 2384 1882 2453 Melantho,
1930 2384 2017 2441 vel
2062 2384 2158 2440 ali-

575 2493 685 2549 qua
733 2479 840 2533 alia
899 2478 1149 2548 ejusdem
1197 2479 1417 2551 generis
1471 2478 1723 2545 muliere,
1780 2487 1841 2533 ut
1888 2477 2154 2544 arbitror,

574 2570 739 2641 digna
783 2578 1203 2641 perpetranles;
1253 2570 1350 2627 sed
1381 2570 1476 2640 qui
1536 2584 1667 2624 arcu
1716 2568 1919 2638 valeat,
1969 2568 2157 2624 nullus

575 2664 835 2734 suppetit.
883 2661 1051 2719 Vides
1106 2677 1273 2734 quam
1334 2662 1583 2719 seniliter
1622 2661 1678 2716 in
1729 2661 1850 2726 his,
1902 2676 2026 2732 qua:
2074 2660 2155 2716 nil

574 2756 736 2810 nobis
774 2755 1135 2817 conveniunt,
1171 2754 1359 2824 nugati
1394 2768 1608 2810 smnus.
1648 2751 1755 2808 Sed
1786 2752 1921 2809 mihi
1954 2752 2024 2808 ob
2057 2767 2153 2807 ca-

574 2845 766 2898 nitiem
825 2845 983 2900 venia
1037 2846 1183 2901 ultro
1236 2845 1416 2900 danda
1471 2846 1611 2911 erit;
1669 2845 1952 2916 proprium
2009 2844 2152 2900 enim

577 2936 876 2989 senectutis
915 2946 1019 2999 est,
1048 2936 1507 3005 quemadmodum
1538 2936 1732 2992 oculos
1754 2936 2046 3008 gravedine
2066 2937 2154 2993 in-

580 3026 779 3084 festare
819 3038 874 3084 et
919 3030 1183 3085 membris
1243 3031 1500 3085 omnibus
1539 3037 1818 3101 torporem
1866 3030 2150 3098 inducere,

577 3121 649 3174 ita
690 3128 744 3174 et
788 3121 1067 3190 garrulam
1103 3131 1266 3190 atque
1311 3121 1599 3177 verbosam
1630 3136 1775 3179 esse.
1824 3120 1939 3178 Τιι·
1967 3130 2148 3180 autem

574 3211 823 3275 volubili,
881 3210 1092 3266 fervido
1139 3219 1306 3282 atque
1347 3212 1578 3269 incitato
1611 3228 1869 3270 sermone
1914 3229 2038 3280 nos,
2085 3222 2147 3271 ut

571 3306 828 3373 juvenem
867 3304 1047 3369 decet,
1092 3305 1397 3374 excipiens,
1447 3305 1833 3377 mejuventuti
1876 3309 2145 3377 quodam—

2183 1806 2226 1861 Β

2251 555 2442 625 λήνων,
2474 553 2610 626 πρὸς
2641 553 2731 608 τὸν
2763 553 2963 607 σκοπὸν
2988 550 3085 605 τοῦ
3110 551 3268 621 λόγου
3296 550 3676 622 συμϐάλλεται.
3707 551 3813 604 Ὀτι

2256 663 2323 717 με
2353 646 2699 709 διαλαϐόντες
2730 646 2849 700 νυνὶ
2876 645 3012 717 (56),
3044 644 3108 698 σύ
3139 662 3199 699 τε
3222 643 3316 698 καὶ
3343 645 3372 698 ὁ
3401 642 3469 697 τὰ
3496 642 3675 696 πάντα
3696 641 3812 695 θαυ-

2255 736 2450 807 μάσιος
2480 738 2509 791 ὀ
2539 735 2719 808 πατὴρ
2742 738 2771 791 ὁ
2798 737 2913 802 σὸς,
2956 736 3144 809 ὥσπερ
3187 737 3280 790 τὸν
3317 733 3565 806 Λαέρτην
3601 735 3807 795 ἐκεῖνοι,

2254 829 2570 900 φιλοτίμους
2615 829 2769 894 ὅλους
2803 830 2861 884 ὲν
2888 831 2954 902 τῇ
2980 829 3118 901 πρὸς
3151 830 3297 900 ἡμᾶς
3320 829 3452 897 τιμῇ
3479 844 3538 880 τε
3568 826 3665 879 καὶ
3690 824 3810 893 φιλο-

2252 921 2495 993 φροσύνῃ
2540 921 2667 993 περὶ
2711 920 2820 974 τῶν
2864 920 3148 993 πρωτείων
3194 916 3610 991 διαγωνίζεσθε,
3656 918 3683 969 ὁ
3726 917 3807 987 μὲν

2250 1012 2422 1076 οὕτως
2456 1013 2595 1084 (57),
2646 1012 2710 1066 σὺ
2753 1012 2810 1066 δὲ
2839 1013 2945 1068 ἀπὸ
2972 1011 3367 1074 Καππαδοκίας
3399 1012 3510 1072 τοῖς
3543 1008 3809 1079 γράμμασι

2254 1104 2556 1177 βάλλοντες.
2586 1104 2652 1158 Τί
2676 1098 2768 1159 οὖν
2796 1105 2824 1158 ὁ
2848 1104 3025 1177 γέρων
3052 1102 3193 1173 syth;
3239 1100 3593 1173 Μακαριστὸν
3619 1100 3809 1169 τίθεμαι

2250 1197 2349 1269 τὴν
2375 1196 2610 1269 ἡμέραν,
2637 1197 2695 1251 ὲν
2790 1195 2969 1268 βλέπω
2995 1195 3248 1266 τοιαύτην
3280 1195 3431 1249 παιδὶ
3460 1193 3604 1265 πρὸς
3622 1193 3810 1262 πατέρα

2252 1291 2350 1362 τὴν
2398 1289 2650 1358 ἅμιλλαν.
2694 1291 2787 1362 Μή
2822 1308 2953 1345 ποτε
2999 1286 3091 1344 οὖν
3138 1288 3392 1352 παύσαιο,
3443 1284 3686 1358 χρηστοῦ
3737 1285 3811 1340 καὶ

2252 1379 2567 1453 θαυμαστοῦ
2596 1380 2803 1452 πατρὸς
2848 1381 3012 1454 εὐχὴν
3059 1380 3272 1435 δικαίαν
3317 1376 3654 1449 ἀποπληρῶν
3678 1417 3693 1440 ,
3734 1376 3811 1429 καὶ

2250 1475 2363 1538 τοῖς
2393 1471 2617 1543 ἀγαθοῖς
2646 1473 3025 1545 προτερήμασι
3052 1471 3152 1545 τήν
3182 1471 3453 1542 πατρικὴν
3483 1468 3647 1533 δόξαν
3673 1468 3814 1538 ὑπερ-

2253 1565 2583 1637 ϐαλλόμενος
2617 1565 2752 1637 (58).
2801 1563 2940 1637 Παρ’
2969 1564 3297 1637 ἀμφοτέροις
3342 1562 3469 1634 ὑμῖν
3511 1561 3703 1632 ἔσομαι
3737 1576 3814 1613 κει

2252 1657 2582 1730 χαρισμένος
2624 1658 2819 1729 κριτής
2843 1674 2859 1690 ο
2916 1658 2999 1711 σοὶ
3046 1656 3146 1728 μὲν
3193 1655 3264 1711 τὰ
3292 1655 3537 1725 πρωτεῖα
3569 1654 3708 1725 πρὸς
3738 1651 3815 1704 τὸν

2254 1750 2465 1822 πατέρα
2490 1749 2690 1822 νέμων,
2724 1747 2803 1820 τῷ
2834 1748 3002 1820 πατρὶ
3023 1748 3082 1803 δὲ
3105 1746 3243 1820 πρὸς
3270 1745 3331 1800 σέ
3349 1762 3363 1777 ο
3408 1745 3569 1817 ἡμεῖς
3607 1744 3666 1797 δὲ
3694 1743 3816 1797 chao

2257 1859 2354 1913 μεν
2379 1841 2478 1915 τὴν
2500 1843 2759 1914 τραχεῖαν
2817 1839 3053 1911 Ἰθάκην,
3094 1838 3156 1893 οὐ
3195 1837 3365 1902 λίθοις
3390 1835 3670 1899 τοσοῦτον,
3710 1835 3816 1888 ὅσον

2251 1935 2363 1998 τοῖς
2394 1932 2550 2005 ήθεσι
2580 1931 2690 1989 τῶν
2717 1931 3017 2004 οἰκητόρων
3045 1927 3467 2002 τραχυνομένην,
3496 1927 3556 1982 ὲν
3653 1924 3818 1979 πολλοὶ

2255 2026 2565 2099 μνηστῆρες
2587 2065 2605 2093 ,
2654 2025 2751 2081 καὶ
2792 2024 2900 2080 τῶν
2929 2023 3223 2095 κτημάτων
3266 2022 3368 2093 τῆς
3394 2015 3819 2090 μνηστευομένης

2252 2119 2523 2192 κρατῆρες
2556 2117 2693 2189 (59),
2723 2117 2773 2171 oi
2799 2116 2892 2171 καὶ
2915 2114 3064 2185 αὐτῷ
3091 2113 3268 2185 τούτῳ
3289 2113 3391 2185 τὴν
3420 2110 3646 2181 νύμφην
3678 2106 3818 2177 ὑδρί-

2252 2210 2454 2274 ζοντες,
2483 2209 2562 2281 τῷ
2586 2211 2900 2265 ἐπαπειλεῖν
2929 2208 3020 2262 τὸν
3045 2207 3222 2278 γάμον
3254 2206 3322 2277 τῇ
3351 2199 3823 2274 σωφροσύνῃ,-Με-

2251 2298 2479 2366 λανθοῦς
2521 2301 2655 2374 (60),
2700 2296 2875 2371 οἶμαι,
2912 2300 3076 2365 τινος,
3110 2299 3144 2372 ἢ
3196 2296 3365 2367 ἄλλης
3392 2293 3652 2365 τοιαύτης
3675 2291 3822 2358 ἀξίως

2253 2394 2603 2467 πράττοντες.
2630 2390 2878 2465 Οὐδαμοῦ
2908 2392 2965 2447 δὲ
2989 2392 3018 2446 ὁ
3052 2388 3400 2462 σωφρονίζων
3426 2387 3504 2458 τῷ
3527 2386 3673 2456 τόξῳ
3699 2381 3823 2454 (Gl).

2255 2488 2420 2542 Ὅσον
2456 2485 2837 2559 πρεσϐυτικῶς
2880 2485 2974 2539 ἐπὶ
3019 2483 3089 2539 τὰ
3124 2483 3289 2555 μηδὲν
3323 2481 3677 2553 προσήκοντα
3708 2476 3824 2547 ἡμῖν

2254 2578 2753 2651 παρεληρήσαμενί
2797 2577 2958 2632 Ἀλλά
2991 2594 3081 2648 μοι
3122 2574 3413 2647 πρόχειρος
3451 2572 3596 2625 ἔστω
3627 2568 3714 2623 διὰ
3739 2566 3825 2637 τὴν

2254 2666 2444 2723 πολιὰν
2470 2665 2831 2738 ή“συγγνώμη
2851 2683 2865 2698 ·
2901 2667 3031 2720 ἴδιον
3059 2664 3167 2736 γὰρ
3198 2664 3369 2733 αὐτῆς
3394 2660 3527 2733 (62),
3559 2658 3749 2727 ὥσπερ
3775 2654 3827 2707 τὸ

2254 2758 2616 2833 κορυζοῦσθαι
2638 2759 2707 2814 τὰ
2732 2758 2975 2831 ὄμματα,
3004 2756 3099 2811 καὶ
3124 2755 3195 2811 τὰ
3229 2755 3365 2826 μέλη
3399 2753 3575 2809 πάντα
3605 2749 3711 2805 sua
3740 2747 3827 2818 τῆς

2251 2850 2347 2905 τοῦ
2379 2852 2562 2922 γήρως
2593 2848 2849 2914 ἀπονοίας
2883 2849 2996 2920 (6'5)
3043 2846 3408 2920 βαρύνεσθαι,
3452 2842 3600 2897 οὕτω
3643 2840 3736 2895 καὶ
3774 2837 3829 2890 εδ

2255 2940 2561 3012 ἀδολεσχεῖν
2584 2940 2642 2995 ὲν
2670 2940 2748 3012 τῷ
2772 2940 2936 3013 λόγῳ.
2963 2940 3037 2995 Σὺ
3067 2938 3124 2992 δὲ
3151 2937 3297 3010 ήμᾶς
3328 2936 3440 2998 τοῖς
3465 2929 3751 3005 τροχαλοξ
3777 2942 3829 2981 τε

2255 3034 2350 3088 καὶ
2380 3032 2827 3106 διεγηγερμένοις
2856 3031 2962 3087 τῶν
2983 3030 3159 3100 λόγων
3186 3026 3449 3089 νεανικῶς
3473 3022 3830 3093 δεξιούμενος.

2179 3160 2221 3219 C
2254 3125 2537 3219 ἁνανεώσῃ
2556 3125 2618 3180 τὸ
2638 3124 2836 3219 γῆρας,
2864 3126 2931 3219 τῇ
3156 3121 3249 3219 καὶ
3596 3128 3833 3219 γηρωκο-

2273 3221 2372 3294 μεᾳ
2400 3218 2574 3294 ταύτῃ
2601 3218 2663 3273 τὺ
2698 3220 2763 3273 ὲκ
2797 3216 2971 3291 μηκδς
3004 3215 3114 3291 (δι)
3147 3215 3245 3288 τῆς
3279 3212 3489 3285 ήλικῑας
3514 3202 3835 3279 ἐπανορθού-

2271 3330 2450 3384 μενος.

576 3398 741 3455 modo
792 3399 1014 3464 reddes,
1064 3400 1294 3471 pulchra
1349 3407 1516 3473 atque
1567 3400 1784 3460 decenti
1842 3402 1947 3460 bac
1985 3420 2148 3462 senes
2186 3408 2423 3463 curandi
2501 3409 2738 3474 ratione,
2787 3405 3188 3480 longaevitatem
3233 3410 3483 3459 nostram
3523 3398 3587 3456 in
3656 3393 3837 3453 melio-

577 3510 689 3557 scin
722 3504 923 3553 statum
953 3495 1266 3557 restituens.

1116 3783 1455 3842 EPISTOLA
1495 3786 1616 3841 ΧΠ.

2733 3787 3080 3843 ΕΠΙΣΤΟΛΗ
3117 3786 3195 3840 IB'
3232 3784 3367 3857 (65).

583 3937 666 3992 Em
695 3939 1122 4013 Imiusepjstolw
1155 3947 1406 3994 contextu
1445 3946 1666 4009 apparet
1693 3956 1812 4013 eam
1852 3942 2110 4013 scriptam
2138 3942 2303 4011 fuisse
2338 3943 2408 3998 ad
2439 3942 2809 4013 Cappadocem
2840 3943 3097 4013 virumin
3126 3941 3355 4011 quodam
3396 3938 3574 4013 Ponti
3609 3938 3723 4013 loco
3743 3936 3829 4013 de-

649 4019 870 4089 gentem.
903 4009 1271 4089 Morisaulcm
1292 4018 1436 4089 lano
1464 4019 1578 4063 erat
1603 4012 1822 4089 anticus
1847 4009 2268 4089 lod‘oelebfjores
2298 4009 2628 4089 festivitates,
2648 4014 2966 4089 (prasertim
2998 4009 3314 4089 Raso/totis,
3343 4009 3828 4089 ιιιιᾳ-Δοειεζπριιςξα

648 4078 888 4150 ἰιιυὶιανε,
917 4087 973 4132 ιιι
1004 4088 1149 4148 patet
1181 4094 1246 4132 ea:
1282 4079 1616 4135 Nazianzem'
1646 4079 1903 4150 Epistolis
1927 4081 2017 4149 99,
2047 4083 2173 4149 100,

647 4149 818 4201 dium.

647 4323 759 4379 Nec
785 4323 930 4379 velis
960 4323 1139 4395 gratia
1173 4337 1397 4396 repente
1435 4341 1500 4380 ac
1548 4334 1664 4382 tota
1698 4327 1871 4384 simul
1908 4329 2154 4388 emicare

579 4420 755 4486 solet;
787 4417 883 4472 sed
920 4417 1075 4472 verni
1111 4418 1381 4486 temporis
1411 4419 1637 4473 exordia
1675 4420 1811 4476 ﬁunt
1839 4420 1976 4477 solis
2010 4421 2150 4476 radii

578 4525 739 4567 terra:
777 4511 1037 4566 duritiem
1085 4509 1292 4564 blande
1338 4511 1704 4577 emollientes,
1762 4519 1819 4569 et
1867 4512 2032 4568 ﬂores
2066 4513 2154 4568 di-

646 4692 757 4782 (βό)
813 4692 877 4746 Et
925 4694 1021 4749 hic
1069 4694 1301 4749 fortasse
1361 4692 1672 4763 legendum,
1722 4694 1756 4763 ή
1819 4692 1915 4748 καὶ
1961 4693 2021 4747 ὲν
2083 4696 2151 4766 τῇ

580 4781 685 4829 υινη
697 4782 791 4832 an-

651 4782 988 4905 Νυνὶ.
1034 4834 1174 4890 Med.
1223 4833 1405 4905 μέσον.
1470 4835 1650 4894 Paulo
1674 4844 1815 4904 post,
1859 4833 2154 4905 φιλοτίμως

572 4902 711 4974 πρὸς
740 4902 1032 4972 ἀλλήλους.

648 4973 997 5045 (Sina-ﬁrme.
1037 4973 1114 5028 Id.
1148 4976 1268 5030 cod.
1316 4979 1379 5031 ἐκ
1411 4977 1505 5033 τοῦ
1536 4976 1764 5030 Πόντου.
1798 4974 1863 5029 Ει
1899 4991 2022 5031 ιιιοκ
2054 4992 2155 5045 μα-

575 5060 863 5098 χαριστην.

649 5183 761 5251 (59)
786 5183 1108 5260 Κρατῆρες.
1132 5183 1296 5260 Medi
1322 5183 1626 5260 βρωτῆρες.
1652 5196 1965 5242 eomestores
1988 5199 2006 5235 :
2040 5199 2155 5260 _vox

575 5253 644 5309 ad
665 5254 1000 5327 sententiam
1034 5253 1522 5323 aptissimal'Moi'
1564 5266 1744 5312 autem
1779 5253 2152 5327 σωφρονούσῃ.

575 5324 778 5378 -Etsi
816 5324 1215 5398 incompertum
1274 5328 1406 5382 mihi
1462 5331 1532 5384 sit
1579 5343 1647 5382 an
1704 5343 1805 5382 vox
1858 5324 2153 5398 κρατῆρες,

577 5411 678 5464 pro
701 5395 1147 5467 occupatoribus.
1172 5412 1238 5452 eo
1266 5412 1428 5454 sensu
1458 5415 1487 5453 a
1509 5398 1764 5467 quopiam
1801 5395 2153 5466 accepta'sit,

577 5481 686 5534 quo
720 5467 945 5539 verbum
983 5466 1198 5537 κρατέω
1222 5466 1602 5539 saepenumero
1624 5466 1920 5539 usurpatur
1940 5475 2158 5539 gtamen

579 5551 687 5589 non
713 5537 872 5590 video
910 5549 1149 5602 quonam
1185 5536 1319 5594 alio'
1341 5540 1555 5595 meliori
1599 5536 1777 5595 sensu'
1803 5536 1909 5592 hoc
1947 5537 2004 5592 in
2035 5537 2156 5593 loco

581 5603 775 5676 Latine
808 5605 963 5676 reddi
1001 5606 1196 5676 possit.

657 5673 768 5748 (60)
806 5673 1112 5748 Notuni'est
1142 5678 1399 5746 eruditis,
1434 5681 1541 5735 hoc
1566 5678 1793 5748 nomine
1829 5676 2154 5748 appellatam

584 5743 757 5805 fuisse
791 5758 910 5821 eam
942 5742 1235 5821 Penelopia.
1268 5742 1547 5818 ancillam,
1590 5764 1713 5821 quae
1740 5742 2012 5819 Ulyssem,
2051 5746 2156 5803 sub

586 5812 843 5884 pauperis
875 5813 1062 5871 habitu
1094 5812 1371 5891 latentem,
1423 5812 1559 5881 adeo
1604 5812 2072 5889 aversabaturmt
2100 5825 2154 5874 et

2213 4095 2262 4139 et
2290 4077 2415 4152 102,
2445 4083 2515 4139 ad
2554 4077 2848 4151 Eulalium,
2869 4084 3075 4154 junctis
3105 4082 3361 4153 Epistolis
3393 4080 3518 4147 2'50,
3544 4079 3620 4135 ad
3652 4077 3831 4135 Pauo-

2325 4332 2462 4388 Οὐδὲ
2481 4332 2577 4387 τοῦ
2618 4331 2779 4404 ἔαρος
2799 4333 2832 4403 ή
2855 4332 3014 4404 χάρις
3047 4331 3371 4402 διαλάμπειν
3394 4328 3535 4385 κατὰ
3558 4329 3623 4383 τὺ
3647 4325 3826 4399 ἀθρόον

2257 4425 2501 4495 πέφυκεν
2521 4441 2537 4458 ο
2575 4424 2710 4480 ἀλλὰ
2735 4422 2996 4496 προοίμια
3023 4425 3123 4494 τῆς
3147 4423 3297 4495 ὥρας
3316 4422 3560 4490 γίνονται
3592 4420 3745 4482 άκτις
3773 4433 3823 4470 τε

2257 4516 2543 4589 προσηνῶς
2577 4517 2637 4571 τὸ
2669 4517 2913 4587 πεπηγὸς
2940 4517 3039 4587 τῆς
3065 4515 3169 4584 γῆς
3197 4514 3594 4579 ὲπιθάλπουσα,
3630 4511 3720 4565 καὶ
3741 4508 3825 4562 άν-

2249 4693 2482 4749 verbera
2510 4693 2561 4747 ei
2595 4693 2918 4757 minaretur,
2957 4690 3063 4748 nisi
3090 4708 3120 4747 e
3151 4691 3437 4758 Penel0pis
3471 4690 3641 4746 domo
3667 4688 3820 4743 disce-

2251 4766 2427 4831 deret,
2476 4770 2537 4817 ut
2563 4763 2748 4818 videre
2794 4772 2881 4818 est
2937 4763 2992 4817 in
3044 4761 3267 4817 Homeri
3315 4760 3483 4831 θάνε.
3537 4760 3641 4816 lib.
3674 4772 3818 4822 xvm,

2253 4850 2401 4890 vers.
2431 4832 2557 4897 M9,
2585 4841 2641 4887 et
2673 4834 2768 4887 lib.
2807 4849 2924 4895 am,
2964 4848 3110 4889 vers.
3142 4832 3232 4886 65.

2323 4903 2745 4976 (6|)__Rcspicit_
2794 4901 3076 4973 Nyssenus
3130 4903 3196 4956 ad
3232 4916 3543 4976 (procorum
3603 4911 3822 4976 necem,

2251 4966 2429 5039 quam;
2459 4966 2685 5035 Ulv'sses
2730 4966 2897 5039 iactis
2946 4988 3079 5028 arcu
3128 4966 3368 5043 sagiitis,
3402 4970 3665 5041 patravit.
3704 4966 3827 5022 Vide

2260 5042 2672 5123 [inmeripdgm
2829 5059 2967 5123 xxii.

2329 5107 2674 5183 (62)Αὺτῆς.
2708 5112 2785 5167 id.
2810 5114 2970 5184 αὐτῇ.
2996 5110 3116 5167 Mox
3155 5127 3287 5167 vero
3308 5109 3512 5184 clarius
3542 5117 3603 5165 et
3637 5107 3827 5180 optimc

2258 5181 2478 5247 ἀπονίας
2498 5181 3186 5255 prodaovoiaquuscc.
3216 5198 3269 5255 ρ.
3301 5181 3391 5255 95.
3679 5249 3695 5255 _
3802 5242 3826 5255 -

2329 5256 2440 5325 (65)
2481 5249 2587 5307 Ant
2616 5254 2706 5307 hic
2741 5255 2994 5325 mendum
3031 5249 3247 5321 aliquod
3279 5251 3489 5325 subest,
3518 5258 3639 5315 aut,
3669 5249 3702 5319 ἠ
3742 5249 3828 5300 τοῦ

2258 5321 2447 5397 γήρως
2497 5324 2746 5397 dimisero,
2784 5322 2923 5377 idem
2951 5338 3050 5397 per
3088 5321 3639 5397 circumlocutionem
3665 5325 3749 5397 est
3773 5329 3831 5370 ac

2260 5388 2510 5464 simplex,
2557 5394 2620 5446 τὸ
2655 5394 2854 5464 γῆρας,
2901 5388 3048 5465 quod
3094 5401 3434 5464 postremum
3481 5394 3538 5445 in
3587 5388 3831 5446 versione

2258 5476 2447 5522 nostra
2482 5465 2652 5520 secuti
2688 5479 2899 5519 sumus.

2333 5535 2446 5608 (ιιι)
2477 5536 2581 5589 Ἐκ
2596 5535 2819 5608 μηκός.
2853 5533 2988 5589 Cod.
3007 5531 3160 5608 ﬁeri.
3208 5531 3511 5608 κεκμηκός,
3556 5528 3709 5608 quod
3734 5528 3844 5608 Aloi

2261 5600 2463 5661 cumet
2489 5600 2711 5661 sensum
2744 5605 2908 5674 plane
2937 5604 3110 5659 reiicit
3141 5621 3156 5658 :
3185 5604 3247 5658 τὸ
3275 5600 3559 5674 κεκμηκὸς
3580 5600 3700 5672 τῆς
3725 5600 3831 5672 ήλιο

2260 5676 2406 5740 κὶας,
2436 5673 2760 5730 laboriosam
2785 5684 3013 5730 artatem.
3050 5674 3289 5731 Cnseo.
3308 5688 3363 5743 p.
3396 5673 3486 5730 93.

2332 5746 2444 5818 (65)
2486 5748 2709 5801 Ἐπιστ.
2734 5743 3056 5818 lnscribitur
3093 5745 3181 5818 τῷ
3209 5741 3380 5818 αὐτῷ,
3410 5742 3607 5813 cidem,
3648 5741 3707 5801 in
3727 5752 3827 5797 ms.

2263 5814 2457 5875 Metlie'.
2492 5825 2684 5891 estque
2710 5830 2860 5874 num.
2888 5814 2973 5871 lx.
