4068 6154
387 313 524 370 1045

1579 313 1956 370 ΕΡΙδΤΟῙΑἰ.
1993 343 2063 352 —-
2099 315 2315 373 EPIST.
2348 317 2460 374 Xll.

3492 309 3649 362 tota

383 431 474 497 θος
487 436 522 504 η
533 432 773 502 μιιρανῶς
788 435 852 502 τῇ
882 432 1034 503 βώλῳ
1055 435 1260 504 ὑποκρυ
1268 435 1364 487 πτό
1371 451 1548 504 μενον,
1571 435 1663 488 καὶ
1678 431 1837 506 αὖραι
1856 434 1953 500 τὴν

2061 433 2222 486 midia
2256 438 2338 490 sui
2373 446 2524 504 parte
2552 435 2722 506 glebis
2755 434 2902 497 tecti,
2944 442 2996 486 et
3027 446 3172 484 aura:
3207 438 3409 484 terram
3440 429 3648 482 amati--

383 524 486 593 γῆν
502 521 871 586 ἐπιπνέουσαι,
893 523 967 584 ὼς
981 523 1066 575 διὰ
1084 522 1277 592 βάθους
1287 525 1348 575 τὸ
1360 525 1424 576 ἐκ
1448 523 1538 576 τοῦ
1557 525 1719 594 ἀέρος
1735 524 1957 592 γόνιμόν

382 627 442 662 τε
460 612 554 663 καὶ
570 610 842 677 ζωόφυτον
858 611 936 671 είς
948 610 1307 680 αὐτὴνλδιαδύε
1317 612 1455 664 σθαι.
1477 613 1629 664 Ἐστι
1665 614 1757 664 καὶ
1773 612 1956 665 νεοθα-

383 700 447 768 λῆ
481 701 614 752 πόαν
631 698 947 762 θεάσασθαι,
967 702 1056 754 καὶ
1071 702 1297 771 ὀρνίθων
1313 702 1585 762 ἐπάνοδον,
1605 701 1698 765 οὒς
1710 705 1738 755 ὁ
1753 703 1957 772 χειμὼν

382 788 709 853 ἁπεξένωσε,
725 789 996 844 καὶπολλὰ
1006 790 1247 855 τοιαῦτα,
1263 791 1298 846 ἃ
1312 793 1511 862 σημεῖα
1526 791 1724 861 μᾶλλόν
1737 793 1827 844 ἐστ
1837 810 1851 843 ι
1861 790 1954 844 τοῦ

385 877 562 947 ἔαρος,
582 879 682 931 οὐκ
698 879 826 932 αὐτὸ
842 879 902 932 τὸ
917 879 1036 951 ἔαρ.
1066 880 1212 951 Πλὴν
1228 881 1341 934 ἀλλ’
1375 882 1474 952 ήδῆ
1489 883 1580 935 καὶ
1608 879 1798 947 ταῦτα,
1825 881 1955 934 διότι

385 969 598 1022 καὶτῶν
613 970 842 1041 ἡδίστων
873 971 1009 1041 μηνύ
1019 988 1161 1041 ματα
1178 972 1286 1042 (66)
1320 973 1545 1040 γίνεται.
1577 971 1640 1025 Τί
1657 968 1748 1026 οὖν
1760 973 1788 1025 ὁ
1802 972 1958 1040 λόγος

388 1077 475 1130 μοι
496 1060 738 1129 βούλεται
759 1077 772 1127 ;
804 1061 1017 1133 Ἐπειδὴ
1035 1063 1337 1135 πρόδρομος
1365 1064 1474 1118 τῶν
1495 1065 1551 1116 ἐν
1570 1065 1651 1116 σο)⁵
1671 1063 1957 1134 θησαυρῶν

385 1154 416 1221 ἡ
452 1152 539 1206 διὰ
572 1153 680 1204 τῶν
707 1154 1047 1224 γραμμάτων
1083 1173 1176 1209 σου
1226 1155 1588 1228 φιλοφροσύνη
1637 1156 1772 1225 πρὸς
1808 1159 1956 1227 ἡμᾶς

383 1243 630 1309 ἐλθοῦσα,
663 1244 809 1315 καλῴ
838 1247 1107 1317 προοιμίῳ
1135 1247 1192 1300 τὸ
1214 1249 1362 1320 παρα
1393 1248 1483 1301 σοῦ
1516 1250 1956 1320 προσδοκώμενον

386 1337 514 1404 ἡμῖν
544 1336 986 1405 εὐαγγελίζεται·
1036 1340 1130 1393 καὶ
1159 1341 1258 1411 τὴν
1288 1341 1346 1394 ἐν
1372 1341 1579 1404 τούτοις
1621 1343 1777 1412 χάριν
1804 1343 1956 1412 δεχό-

389 1427 548 1495 μεθα,
577 1426 654 1490 ὥς
701 1447 751 1482 τι
790 1431 1144 1500 πρωτοφανές
1191 1431 1347 1495 ἄνθος
1377 1433 1469 1485 τοῦ
1498 1433 1674 1502 ἔαρος,
1707 1433 1800 1485 καὶ
1831 1433 1958 1501 ὅλης

385 1517 684 1571 ἀπολαῦσαι
730 1519 828 1588 τῆς
879 1518 1026 1590 ὥρας
1068 1523 1126 1574 ὲν
1160 1522 1240 1575 σοὶ
1280 1523 1549 1592 εὐχόμεθα
1578 1525 1686 1592 (67)
1735 1523 1820 1576 διὰ
1859 1526 1955 1576 rdi-

383 1625 529 1678 χους.
560 1609 770 1679 Σφόδρα
798 1608 927 1682 γὰρ,
958 1607 1015 1664 εὖ
1050 1611 1176 1677 ἴσθι,
1210 1613 1410 1684 σφόδρα
1455 1614 1531 1682 τῷ
1566 1613 1721 1684 θυμῷ
1759 1615 1851 1668 κα)⁸
1889 1618 1954 1685 τῇ

383 1701 576 1771 πικρίᾳ
595 1700 702 1753 τῶν
727 1701 1033 1773 ἐπιχωρίων
1057 1702 1201 1772 ἠθῶν
1224 1705 1628 1773 πεπονήκαμενο
1654 1703 1746 1756 καὶ
1767 1703 1956 1774 ὥσπερ

2065 537 2145 578 tes
2181 533 2236 577 ut
2278 527 2596 580 seminalem
2647 533 2816 594 atque
2858 524 3227 595 generativam
3270 519 3414 575 aeris
3453 519 3624 572 virtu-

2061 623 2166 666 tem
2198 615 2249 668 in
2283 617 2403 683 ejus
2436 617 2620 672 abdita
2671 617 2972 670 insinuent.
3004 613 3157 667 Licet
3187 620 3239 666 et
3283 626 3473 665 recens
3509 610 3623 678 pul-

2062 705 2320 760 lulantem
2360 708 2583 762 herbam
2640 709 2865 772 intueri,
2908 717 2961 762 et
3015 706 3218 767 avium,
3267 718 3405 773 quos
3450 703 3626 756 hiems

2059 800 2311 854 exsulare
2350 801 2537 869 jussit,
2587 801 2848 863 reditum,
2891 807 2946 853 et
2990 799 3098 852 alia
3153 796 3323 851 multa
3371 794 3624 863 hujusce-

2061 890 2226 955 modi,
2266 906 2386 960 qua:
2417 891 2668 961 quamvis
2699 893 2854 961 signa
2900 891 3082 961 potius
3111 889 3254 945 veris
3296 887 3428 952 sint,
3462 903 3623 956 quam

2059 997 2153 1035 ver
2200 983 2398 1051 ipsum,
2436 991 2676 1037 attamen
2729 992 2785 1037 et
2836 983 2952 1052 ipsa
2993 981 3235 1051 jucunda
3291 987 3442 1043 sunt,
3490 994 3624 1048 quo-

2061 1073 2202 1124 niam
2261 1087 2348 1127 res
2393 1072 2550 1141 longe
2593 1071 3034 1141 jucundissimas
3079 1070 3435 1141 portendunt.
3483 1069 3624 1135 Quid

2060 1163 2227 1230 igitur
2271 1163 2374 1218 sibi
2423 1164 2540 1217 vult
2591 1177 2772 1217 sermo
2815 1162 3045 1217 noster?
3075 1161 3346 1226 Quoniam
3393 1160 3602 1214 benevo

2059 1252 2225 1306 lentia
2276 1259 2391 1318 tua,
2436 1252 2680 1308 thesauri
2725 1253 2778 1306 in
2818 1259 2870 1306 te
2911 1250 3136 1320 repositi
3174 1247 3499 1318 praenuntia,
3531 1263 3618 1316 pet

2059 1343 2267 1398 litteras
2293 1343 2358 1397 ad
2385 1358 2486 1398 nos
2507 1344 2753 1405 veniens,
2783 1341 3340 1412 pulchroinitiobona
3370 1354 3491 1410 qua:
3515 1354 3543 1392 a
3572 1347 3625 1392 te

2055 1438 2458 1498 exspectamus,
2491 1430 2806 1495 annuntiat;
2845 1445 2944 1484 nos
2999 1429 3216 1499 quidem
3256 1427 3476 1484 insitam
3516 1427 3646 1481 illis.

2056 1519 2309 1586 gratiam,
2344 1520 2510 1575 veluti
2549 1518 2836 1590 quemdam
2857 1519 3035 1588 primo
3064 1519 3208 1573 veris
3239 1525 3484 1587 tempore
3529 1532 3634 1587 ap-.

2057 1619 2336 1677 parentem
2374 1609 2582 1677 ﬂorem,
2641 1611 2995 1680 suscipimus,
3031 1610 3197 1664 etiam
3247 1617 3414 1678 atque
3459 1609 3622 1663 etiam

2059 1707 2342 1768 rogantes,
2378 1709 2436 1752 ut
2482 1701 2647 1770 pleno
2680 1708 2786 1753 tua:
2815 1700 3105 1770 probitatis
3150 1715 3276 1754 vere
3311 1714 3474 1768 quam
3510 1698 3625 1768 pri-

381 1791 493 1850 τοῖς
525 1789 812 1859 δωματίοις
851 1793 913 1843 ἐκ
940 1790 1046 1854 τῶν
1077 1791 1464 1862 ἐπεισρεόντων
1493 1793 1698 1846 ὑδάτων
1726 1793 1948 1864 ὑποτρέ-

2063 1805 2208 1842 mum
2244 1805 2343 1844 nos
2374 1789 2479 1844 frui
2509 1790 2700 1846 facias.
2729 1789 2952 1845 Multum
2981 1791 3150 1855 enim,
3185 1799 3244 1844 ut
3268 1790 3434 1860 probe
3457 1791 3622 1852 nosi,

382 1896 538 1946 φεται
577 1881 901 1950 κρύσταλλος
932 1880 1040 1949 (68)
1079 1882 1372 1952 (χρήσομαι
1403 1883 1510 1956 γὰρ
1536 1886 1598 1937 ἐκ
1626 1885 1734 1937 τῶν
1762 1884 1956 1955 ἡμετέ-

383 1985 493 2038 ρων
521 1969 596 2038 τῷ
630 1969 1026 2038 ὑποδείγματι),
1058 1969 1200 2023 οὕτω
1229 1971 1340 2043 (69)
1377 1974 1753 2045 καταῤῥέουσα
1790 1977 1952 2042 νοτὶς,

381 2061 428 2113 εί
461 2059 540 2130 τῷ
572 2061 839 2132 πεπηγότι
865 2063 1231 2129 ὲπιπολάσειε,
1265 2063 1504 2117 λιθοῦται
1538 2067 1667 2138 περὶ
1703 2066 1793 2120 τὸν
1825 2067 1958 2138 κρύ-

381 2155 621 2214 σταλλον,
655 2156 744 2209 καὶ
775 2157 1053 2228 προσθήκη
1101 2156 1194 2210 τοῦ
1243 2157 1402 2226 ὄγκου
1445 2157 1670 2226 γίνεται.
1707 2157 1957 2211 Τοιοῦτόν

379 2262 432 2297 τι
483 2245 722 2315 βλεπέτω
751 2247 862 2318 (70)
914 2251 1026 2312 τοῖς
1079 2249 1292 2313 πολλοῖς
1336 2247 1446 2303 τῶν
1493 2249 1633 2302 κατὰ
1672 2250 1762 2302 τὸν
1792 2250 1955 2303 τόπον

380 2335 846 2405 ἐπιχωριαζόντων
892 2337 950 2391 τὸ
983 2335 1134 2410 ἦθος,
1184 2337 1258 2402 ὡς
1305 2339 1388 2392 ἀεί
1424 2357 1476 2393 τι
1524 2344 1954 2410 προσεπινοείται

381 2426 510 2495 παρ’
538 2425 714 2480 αὐτῶν
759 2429 838 2490 είς
890 2431 1114 2498 πικρίαν
1163 2431 1256 2482 καὶ
1302 2430 1703 2500 ἐφευρίσκεται,
1754 2434 1848 2484 καὶ
1878 2430 1955 2502 τῷ

381 2519 938 2590 προκατειργασμένῳ
993 2520 1178 2591 ἕτερον
1233 2521 1400 2574 κακὸν
1429 2521 1814 2590 ἐπιπήγνυται,
1858 2524 1956 2576 κὰ-

383 2606 542 2678 κείνῳ
577 2609 724 2676 ἄλλο,
773 2611 865 2663 καὶ
909 2611 1068 2663 πάλιν
1117 2612 1335 2683 ἕτερον,
1381 2614 1472 2666 καὶ
1523 2612 1678 2666 τοῦτο
1719 2616 1955 2686 συνεχῶς

385 2699 592 2769 ὑπαντᾷ
620 2700 753 2770 (71),
786 2703 876 2756 καὶ
920 2702 1096 2767 οὐδεὶς
1124 2703 1267 2775 αὐτῷ
1313 2706 1436 2775 ὅρος
1479 2705 1573 2758 τοῦ
1616 2709 1804 2778 μίσους
1862 2709 1956 2762 καὶ

379 2790 479 2860 τῆς
510 2791 617 2845 τῶν
648 2793 831 2846 κακῶν
864 2794 1212 2866 ἐπανξήσεως
1237 2812 1248 2825 ·
1304 2797 1442 2851 ὣστε
1478 2798 1684 2852 πολλῶν
1709 2801 1835 2870 ὑμῖν
1865 2803 1956 2854 εὑ-

382 2881 490 2951 χῶν
518 2882 629 2954 (72)
671 2880 810 2937 εἶναι
857 2885 1078 2957 χρείαν,
1129 2887 1448 2941 ἐπιπνεῦσαι
1497 2889 1585 2944 διὰ
1631 2890 1828 2960 τάχους
1858 2892 1956 2963 τὴν

381 2973 540 3042 χάριν
570 2972 662 3027 τοῦ
695 2973 1029 3046 Πνεύματος,
1073 2977 1165 3030 καὶ
1191 2977 1400 3047 διαχέαι
1441 2979 1540 3049 τὴν
1593 2980 1816 3050 πικρίαν
1860 2981 1953 3034 τοῦ

2059 1881 2288 1934 multutn
2315 1881 2579 1937 molestiae
2607 1883 2769 1938 nobis
2797 1883 2979 1936 attulit
3024 1882 3217 1937 feritas
3256 1888 3310 1936 et
3353 1881 3622 1950 asperitas

2058 1987 2291 2036 morum,
2326 1973 2418 2043 qui
2455 1975 2596 2044 apud
2629 1975 2792 2044 hujus
2823 1974 3060 2044 regionis
3091 1974 3298 2028 incolas
3327 1973 3541 2044 vigent;
3573 1984 3624 2028 et

2055 2064 2515 2131 quemadmodum
2550 2065 2605 2117 in
2647 2064 2935 2118 domorum
2981 2063 3138 2118 tectis
3168 2077 3231 2117 ex
3273 2056 3636 2117 inﬂuentibus

2057 2155 2212 2224 aquis
2260 2155 2462 2224 glacies
2514 2155 2778 2211 accrescit
2845 2155 3117 2224 (exemplo
3161 2153 3308 2210 enim
3355 2169 3386 2208 e
3436 2160 3624 2208 nostra

2057 2244 2278 2313 regione
2334 2256 2550 2314 sumpto
2595 2248 2776 2315 utar),
2829 2253 2884 2301 et
2938 2245 3182 2302 defluens
3230 2259 3406 2301 novus
3472 2258 3626 2312 aqua:

2059 2338 2275 2400 humor,
2323 2336 2370 2390 si
2425 2351 2592 2405 super
2632 2351 2788 2406 aqua:
2829 2336 2942 2405 jam
2995 2335 3237 2389 densataa
3279 2334 3622 2404 superficiem

2056 2427 2339 2491 dilatetur,
2377 2427 2429 2480 in
2458 2427 2690 2498 glaciem
2717 2437 2770 2483 et
2817 2428 2936 2498 ipse
2969 2426 3234 2490 durescit,
3267 2424 3624 2496 ejusdemque

2059 2531 2296 2571 massam
2345 2517 2618 2589 adauget:
2663 2517 2844 2574 simile
2890 2516 3171 2588 quidpiam
3207 2515 3260 2570 in
3307 2524 3621 2571 nostrorum

2056 2608 2435 2680 indigenarum
2491 2611 2737 2666 moribus
2782 2610 3030 2665 obtinere
3069 2609 3300 2676 videtur,
3357 2622 3480 2662 cum
3521 2608 3623 2660 ali-

2057 2701 2188 2770 quid
2234 2716 2450 2770 semper
2495 2701 2563 2756 ad
2607 2710 2846 2756 veterem
2899 2700 3253 2778 asperitatem
3313 2699 3626 2770 excogitent

2056 2799 2220 2861 atque
2248 2791 2618 2857 adinveniant,
2646 2799 2700 2846 et
2729 2791 2872 2846 malo
2893 2789 3004 2858 jam
3032 2796 3364 2860 perpetrato,
3392 2789 3622 2843 alterum

2057 2885 2258 2938 malum
2293 2884 2576 2954 adjiciant,
2618 2891 2672 2939 et
2709 2883 2800 2939 isti
2831 2882 2978 2936 aliud
3008 2882 3262 2950 aliudque
3294 2896 3508 2945 rursus,
3542 2879 3622 2934 id-

2055 2993 2162 3048 que
2204 2985 2470 3047 perpetuo
2507 2976 2727 3038 accidit,
2768 2983 2824 3032 et
2859 2975 3043 3030 nullus
3087 2974 3197 3029 odii
3249 2982 3304 3028 et
3355 2973 3623 3028 malorum

384 3063 594 3133 μίσους,
647 3066 741 3117 καὶ
769 3065 1058 3137 διαθρύψαι
1095 3067 1184 3120 τὸν
1231 3070 1294 3120 ἐκ
1346 3069 1446 3139 τῆς
1483 3071 1745 3141 πονηρίας
1773 3072 1953 3136 αὐτοῖς

2059 3069 2380 3124 incrementi
2421 3069 2688 3125 terminus
2722 3073 2982 3137 apparet;
3015 3066 3089 3121 ita
3132 3072 3189 3120 ut
3225 3065 3414 3119 multis
3443 3063 3623 3136 preci-

383 3157 723 3228 πηγνύμενον
753 3159 1104 3230 κρύσταλλον.
1134 3159 1231 3211 Διά
1262 3158 1434 3212 ταῦτα
1461 3159 1630 3229 γλυκὺ
1655 3160 1717 3214 τὸ
1739 3161 1838 3233 ἔαρ
1860 3165 1954 3216 καὶ

381 3249 520 3301 κατὰ
556 3248 714 3314 φύσιν
764 3250 1039 3320 ὑπάρχον,
1085 3248 1277 3303 ἑαυτοῦ
1331 3249 1700 3322 ποθεινότερον
1745 3251 1952 3320 γίνεται

379 3342 489 3401 τοῖς
520 3340 626 3391 ἀπὸ
673 3339 925 3392 τοιούτων
958 3357 1017 3393 σε
1051 3340 1501 3411 προσδεχομένοις
1528 3341 1827 3412 χειμώνων.
1861 3343 1952 3414 Μὴ

381 3425 472 3482 οὖν
494 3429 796 3500 βραδυνέτω
819 3434 851 3500 ἡ
873 3431 1028 3501 χάρις
1057 3445 1070 3460 ⁶
1103 3430 1276 3494 ἄλλως
1307 3448 1365 3484 τε
1390 3431 1483 3484 καὶ
1509 3433 1606 3502 τῆς
1639 3432 1797 3501 ἁγίας
1820 3435 1952 3504 ήμίν

382 3522 592 3593 ἡμέρας
626 3521 1047 3594 πλησιαζούσης,
1093 3521 1453 3592 εὐλογώτερον
1503 3523 1568 3577 ἂν
1602 3525 1709 3595 εἴη,
1738 3525 1836 3596 τὴν
1869 3527 1954 3578 ἐν-

383 3612 651 3680 εγκοῦσαν
703 3616 814 3677 τοῖς
865 3614 1014 3678 ίδίοις
1083 3615 1282 3686 μᾶλλον
1351 3615 1383 3686 ἢ
1441 3616 1531 3668 τὸν
1592 3616 1789 3668 Πόντον
1846 3621 1957 3681 τοῖς

381 3705 663 3775 ἡμετέροις
696 3705 1074 3776 σεμνύνεσθαι.
1119 3706 1269 3758 Ἐλθὲ
1299 3700 1411 3769 οὖν,
1451 3699 1496 3758 ὦ
1547 3705 1674 3774 φίλη
1724 3706 1956 3776 κεφαλὴ,

381 3794 560 3867 φέρων
605 3796 733 3864 ἡμῖν
779 3793 995 3861 ἀγαθῶν
1048 3792 1282 3864 πλῆθος,
1335 3792 1529 3844 σαυτόν
1567 3809 1580 3820 ·
1639 3792 1798 3845 τοῦτο
1849 3794 1956 3865 γὰρ

380 3887 532 3938 ἔσται
552 3887 656 3939 τῶν
690 3883 910 3953 ἀγαθῶν
937 3886 1044 3938 τῶν
1081 3883 1360 3955 ἡμετέρων
1389 3884 1450 3937 τὸ
1480 3885 1776 3955 πλήρωμα.

381 3981 597 4040 alienis.
655 3981 758 4034 hoc
805 3989 911 4046 est,
963 3980 1170 4036 nostris
1217 3979 1413 4050 Opibus
1464 3980 1736 4036 decorari.

2056 3160 2160 3215 bus
2187 3160 2348 3214 nobis
2375 3175 2514 3229 opus
2553 3159 2645 3224 sit,
2682 3165 2762 3221 ut,
2794 3156 3038 3228 Spiritus
3062 3157 3236 3211 sancti
3257 3155 3430 3227 gratia
3461 3169 3621 3224 quani

2054 3250 2165 3304 cito
2199 3264 2300 3304 nos
2332 3247 2570 3312 aﬂlante,
2609 3247 2722 3302 odii
2753 3244 3065 3301 amaritudo
3100 3245 3399 3316 dissipetur
3425 3251 3479 3299 ct
3509 3245 3625 3314 gla-

2056 3343 2170 3396 cies
2217 3341 2351 3410 ipsis
2403 3355 2470 3395 ex
2519 3339 2726 3394 malitia
2788 3339 3062 3394 inhaerens
3113 3345 3451 3392 conteratur.
3493 3336 3625 3390 l‘ro-

2057 3443 2264 3504 pterea,
2296 3432 2396 3488 etsi
2426 3447 2520 3486 ver
2556 3439 2750 3499 suapte
2784 3439 2977 3483 natura
3020 3429 3324 3497 jucundum
3357 3428 3450 3490 sit,
3487 3438 3624 3480 atta-

2057 3541 2180 3580 men
2213 3539 2274 3580 se
2305 3524 2424 3593 ipso
2465 3521 2886 3577 desiderabilius
2924 3521 3046 3574 illis
3084 3519 3285 3583 evadit,
3319 3519 3415 3589 qui
3461 3520 3620 3572 talem

2057 3615 2288 3669 hiemem
2320 3612 2587 3682 perpessi,
2615 3619 2668 3666 te
2695 3613 3100 3682 prmstolantur.
3134 3609 3285 3664 Istud
3316 3611 3500 3679 itaque
3529 3610 3623 3663 be-

2055 3705 2309 3759 neficium
2335 3712 2499 3773 atque
2535 3703 2711 3774 gratia
2751 3718 2860 3756 non
2889 3701 3212 3766 dilferatur;
3249 3715 3373 3754 nam
3401 3707 3461 3754 et
3483 3701 3622 3753 alio-

2056 3796 2174 3865 qui,
2202 3803 2393 3850 sancta
2433 3795 2520 3850 die
2541 3794 2652 3863 jam
2685 3794 3176 3864 appropinquante,
3205 3791 3624 3846 convenientius

2057 3893 2244 3960 utique
2272 3891 2398 3954 erit,
2441 3888 2674 3958 patriam
2704 3886 2941 3956 prepriis
2967 3886 3168 3955 potius,
3198 3899 3363 3955 quam
3387 3885 3621 3938 Pontum

1817 3980 1949 4040 Veni
1987 3987 2193 4056 itaque,
2240 3999 2429 4041 carum
2476 3989 2680 4053 caput;
2712 3980 2792 4036 fer
2865 3980 3024 4035 nobis
3094 3981 3359 4034 bonorum
3400 3978 3624 4033 allluen-

379 4073 534 4139 tiam,
571 4082 623 4128 te
663 4072 874 4127 scilicet
917 4073 1139 4143 ipsum:
1184 4073 1288 4129 hoc.
1332 4075 1478 4130 enim
1519 4077 1786 4131 bonorum
1836 4090 2163 4136 nostrorum'
2191 4079 2649 4149 complementum
2681 4077 2805 4132 erit.

453 4270 564 4338 (66)
591 4270 938 4342 Μηνύματᾳ.
975 4266 1050 4342 Ita
1075 4271 1292 4339 quidem
1317 4283 1535 4342 propter
1561 4291 1724 4331 casus
1753 4278 1947 4330 immu-

381 4342 642 4395 tationem
697 4339 952 4394 emendat
990 4339 1333 4410 Zacagniusf
1366 4339 1470 4397 Séd
1517 4345 1572 4398 in
1629 4347 1753 4400 cod.
1803 4346 1943 4402 Med.

383 4411 562 4484 nullus
587 4424 784 4484 error_:
818 4419 901 4484 est
935 4413 1077 4484 enim
1125 4411 1433 4484 μιμῄματα.
1493 4414 1725 4470 Caatcc.
1771 4434 1822 4484 p.
1858 4418 1946 4472 95.

380 4506 449 4517 -
477 4480 549 4557 ita
573 4479 946 4557 emendandus
979 4479 1209 4536 fortasse
1229 4479 1522 4538 vaticanus
1540 4487 1731 4554 codex,
1761 4479 1813 4540 in
1842 4503 1950 4557 quo

380 4563 439 4604 se
449 4549 658 4619 ribitur.
693 4550 1045 4619 μηνυμάτων.

452 4618 796 4695 (θηεὺχρμ.
828 4620 963 4695 Cod.
1005 4619 1145 4695 Med.
1184 4621 1278 4695 δια
1305 4624 1504 4693 τάχους
1545 4625 1834 4695 εὐχόμεθα.
1886 4627 1952 4682 Et

383 4705 528 4762 mox,
555 4689 748 4762 κρυμῷ
777 4706 873 4759 pro
906 4690 1078 4761 θυμῷ⁸
1136 4691 1280 4762 quod
1327 4689 1544 4762 praestat
1585 4689 1951 4751 {convenien-

381 4758 490 4810 tius
519 4768 603 4833 est
629 4758 1090 4833 enimallegoriie.
1117 4758 1221 4829 qua
1258 4758 1428 4816 utitur
1448 4761 1745 4833 Nysseuus.
1778 4765 1950 4822 Paulo

381 4828 678 4902 post-idern
716 4829 849 4902 cod._
881 4830 1278 4902 ὑπορρεόντων.
1315 4833 1390 4888 hl.
1415 4849 1468 4902 p.
1497 4828 1588 4888 95.

454 4897 564 4972 (θὸ)
605 4893 718 4972 _Vox
752 4893 1080 4972 κρύσταλλος
1114 4902 1385 4970 duplicem
1417 4893 1570 4972 'apud
1611 4902 1829 4959 ϐιαιως
1872 4907 1945 4959 si-

381 4969 782 5042 gniﬁcationem
828 4967 1020 5033 habet;
1067 4967 1419 5042 nam'etipro
1457 4967 1627 5042 glaeie
1673 4977 1941 5040 sumitur,

382 5044 544 5104 atque
593 5037 756 5091 etiam
811 5053 906 5105 pro
955 5055 1040 5100 eo,
1093 5040 1236 5108 quod
1295 5037 1482 5096 Latini
1533 5044 1700 5096 etiam
1747 5037 1943 5100 vocant

381 5108 723 5176 crystallum,
775 5121 1092 5180 usurpatur.
1136 5108 1244 5162 Nos
1289 5124 1468 5166 autem
1507 5114 1730 5180 glaciem
1780 5116 1942 5169 verti-

383 5190 524 5241 nius,
567 5192 688 5232 cum
744 5178 1054 5233 nesciamus
1093 5195 1162 5233 an
1203 5181 1346 5249 apud
1399 5178 1565 5237 ullum
1615 5184 1938 5253 scriptorem

2054 4277 2297 4348 crystalli
2343 4275 2793 4348 inﬁCappadoeia
2837 4274 3118 4348 irascentis
3161 4273 3365 4348 mentio
3401 4273 3514 4348 fiat,
3568 4281 3625 4348 _ct

2059 4341 2261 4417 alioqui
2296 4349 2363 4402 de
2395 4341 2752 4416 Cappadocia:
2795 4345 3013 4400 nivibus
3035 4347 3252 4417 jocalur
3281 4341 3540 4417 |.ibatii_its
3568 4343 3622 4417 in

2059 4410 2287 4484 epistola
2314 4417 2413 4471 156
2444 4410 2583 4471 int-er
2619 4417 2803 4471 Basilii
2851 4410 3134 4484 epistolas,
3170 4413 3446 4484 it,it)llltlllt!__
3469 4410 3625 4464 Basi-

2057 4479 2166 4542 li'us
2199 4497 2313 4540 tum
2342 4487 2570 4557 epistola
2609 4479 2897 4556 sequentif
2921 4494 3034 4537 tum
3065 4483 3286 4557 passim
3318 4479 3384 4533 de
3408 4480 3620 4550 Cappa-

2055 4557 2229 4611 doci:e
2261 4555 2456 4612 hiemis
2488 4555 2785 4611 acerbitate
2815 4555 3190 4621 conqueritur.

2129 4627 2239 4696 (69)
2266 4628 2447 4680 Οὕτω.
2478 4627 2563 4681 Nil
2596 4629 2650 4681 in
2677 4642 2790 4682 rem
2827 4617 3130 4680 sentcntiae.
3172 4620 3334 4674 Recte
3383 4620 3436 4674 in
3478 4617 3617 4674 Med.

2057 4696 2151 4749 καὶ
2179 4699 2234 4750 ἡ.
2261 4697 2337 4750 Id.
2358 4697 2488 4750 ibit].

2607 4763 2800 4818 Sensui
2853 4762 3039 4829 nequit
3083 4760 3504 4832 accommodari.
3553 4760 3622 4832 At

2052 4835 2190 4888 Med.
2227 4834 2645 4905 Blénw,i_quod_
2669 4845 2753 4887 est
2782 4833 3156 4905 aptissimum.
3185 4831 3306 4905 Mox
3353 4846 3482 4886 vero
3529 4831 3619 4884 ubi

2055 4905 2173 4958 Vat.
2199 4901 2274 4968 ὡς
2302 4905 2408 4967 ἀεί,
2439 4901 2576 4955 Meti.
2618 4903 2693 4964 ὡς
2726 4904 2942 4955 omittit.
2983 4901 3054 4952 id.
3089 4901 3218 4952 ibid.

2122 4975 2232 5043 (7|)
2303 4971 2587 5038 ’Υτταντᾷ⁸
2646 4973 2783 5028 Meti.
2829 4975 3057 5039 γίνεται.
3098 4971 3216 5024 Mox
3249 4970 3433 5043 αύτοῖς
3489 4971 3615 5039 ὅρος

2050 5040 2267 5111 praefert
2291 5043 2431 5113 idem
2463 5043 2588 5096 cod.
2620 5044 2766 5113 quod
2797 5051 2880 5098 est
2911 5043 3144 5096 orationi
3185 5040 3354 5110 magis
3393 5056 3621 5095 consen-

2048 5122 2293 5167 taneum.
2316 5111 2392 5165 ld.
2418 5112 2547 5165 ihid.

2117 5183 2227 5250 (7:!)
2267 5181 2436 5249 Ὑμῖν
2460 5181 2673 5250 εὐχῶν.
2699 5182 2834 5236 Cod.
2861 5181 2997 5235 Med.
3020 5181 3192 5250 εὒχῶν
3222 5181 3372 5251 ἡμῖν.
