4068 6154
488 271 621 328 I041

994 469 1329 527 EPISTOLA
1363 469 1500 526 XIII.

1744 267 1801 324 S.
1836 263 2160 323 GII‘EGOIIII
2202 261 2499 317 NYSSENE

3583 257 3718 312 1038

2621 465 2964 518 ΕΠΙΣΤΟΛΗ
3004 464 3080 517 ll"
3122 464 3256 534 (τε).

486 636 700 688 l.:’banio
742 636 991 706 sophista:
1015 635 1124 689 Ιιαέ
1157 635 1380 703 epistola
1404 635 1740 690 inscribenda
1761 646 1862 700 est,
1887 653 2038 706 quem
2072 637 2244 691 sancti
2271 634 2458 690 Basilii
2481 635 2804 706 magistrum
2832 633 3331 706 exstitissenorunt
3350 632 3570 686 eruditi.
3597 631 3720 706 ῌιτε

552 715 722 758 autem
751 701 973 771 epistola
1003 722 1122 758 cum
1154 701 1388 776 sequenti
1422 715 1544 759 tunc
1582 708 1839 776 temporis
1870 701 1909 759 α
1945 705 1996 758 Ν
2004 723 2190 776 gueno
2227 707 2426 774 scripta
2467 701 2632 771 fuisse
2657 702 2885 766 videtur,
2918 717 3037 755 cum
3075 703 3383 773 eloquentia
3405 711 3571 767 artes,
3609 701 3720 756 Na-

557 777 808 829 zinnzeno
844 783 972 828 teste
999 776 1053 829 in
1083 776 1314 844 epistola
1337 775 1429 842 4’5,
1464 775 1668 845 publice
1680 775 2048 845 proﬁtebatur.

553 954 747 1009 Audivi
831 956 1101 1012 medicum
1186 957 1462 1013 insolitam
1545 957 1838 1028 quamdam
1883 965 2124 1020 natu-A

486 1063 558 1102 ιντο
622 1045 961 1103 affectionem
1027 1056 1398 1104 enarrantem.
1458 1047 1590 1119 Ejus
1645 1059 1827 1105 autem
1867 1065 2052 1105 narra-

485 1141 564 1193 tio
592 1139 718 1194 talis
748 1147 866 1193 crat
903 1157 917 1194 :
952 1137 1324 1194 Distinebatur
1368 1155 1478 1194 non
1527 1155 1688 1196 nemo
1732 1141 2054 1197 tliﬂicillimo

483 1229 720 1296 quodam
753 1227 966 1294 morbo,
1005 1236 1287 1298 artemque
1316 1229 1624 1296 incusabat,
1671 1230 1819 1300 quod
1873 1230 2055 1287 minus

486 1332 647 1386 quam
683 1317 1054 1386 polliceretur,
1086 1329 1348 1388 praestare
1371 1327 1596 1388 posset;
1634 1335 1757 1374 nam
1789 1321 2064 1392 quidquid‘

487 1409 556 1462 ad
590 1407 711 1476 ejus
747 1409 1084 1463 curationem
1119 1409 1506 1476 adhibebatur,
1538 1421 1856 1482 exspectato
1901 1427 2058 1468 care-

492 1499 584 1548 bat
615 1493 833 1550 ell'ectu.
859 1495 982 1551 Mox
1011 1511 1135 1552 cum
1163 1505 1482 1568 exoptatum
1505 1499 1779 1571 quoddam
1803 1501 2055 1555 nuntium

489 1595 690 1656 praeter
727 1601 878 1656 spem
919 1587 1023 1657 ipsi
1053 1588 1279 1643 allatum
1305 1587 1524 1654 fuisset,
1572 1591 1707 1647 artis
1743 1591 1914 1647 vicem
1937 1607 2061 1662 sup-

491 1678 647 1748 plcns
675 1693 861 1741 casus,
891 1678 1168 1735 hominem
1209 1679 1406 1735 morbo
1438 1681 1714 1746 liberavit,
1743 1682 1856 1738 sive
1877 1682 2060 1736 anima

491 1768 675 1838 gaudii
705 1777 867 1840 atque
887 1770 1182 1840 voluptatis
1198 1771 1534 1827 abundantia
1581 1774 1826 1843 corporis
1842 1787 2062 1844 quoque

491 1863 871 1918 habitudinem
901 1863 969 1918 ad
1007 1863 1093 1918 sui
1125 1865 1299 1934 ipsius
1357 1864 1701 1921 affectionem
1750 1865 2063 1920 conforma-

492 1955 650 2019 verit,
680 1955 795 2010 sive
829 1954 937 2009 alio
971 1956 1229 2025 quopiam
1261 1956 1425 2010 modo
1444 1955 1500 2011 id
1531 1955 1818 2020 acciderit,
1853 1971 2065 2025 nequeo

493 2045 698 2110 dicere,
730 2060 853 2101 cum
889 2045 1023 2100 mihi
1074 2046 1142 2100 de
1171 2047 1373 2103 talibus
1415 2039 1842 2119 philoSOphandi
1892 2049 2063 2102 otium

494 2136 657 2200 desit,
694 2150 1031 2207 causamque
1060 2137 1225 2208 hujus
1257 2138 1336 2194 rei
1355 2152 1466 2193 non
1491 2138 1778 2209 adjecerit,
1816 2139 1908 2210 qui
1941 2153 2069 2192 nar-

498 2226 655 2281 ravit.
694 2225 1054 2282 Commodum
1088 2235 1292 2293 autem,
1320 2237 1377 2282 ut
1410 2227 1673 2290 arbitror,
1733 2226 2067 2281 narrationis

495 2317 663 2387 hujus
697 2332 847 2371 nunc
905 2317 1164 2384 memini;
1232 2333 1357 2372 cum
1392 2318 1538 2374 enim
1592 2318 1775 2374 minus
1807 2319 2066 2380 valerem,

493 2425 658 2480 quam
683 2409 738 2462 in
770 2409 911 2464 votis
943 2417 1089 2465 esset
1143 2409 1364 2480 (causas
1417 2419 1598 2466 autem
1653 2409 2065 2476 adversitatum,

497 2515 619 2571 quae
647 2515 712 2555 ex
751 2514 816 2555 eo
841 2509 1086 2570 tempore
1137 2516 1249 2571 quo
1289 2499 1432 2572 apud
1463 2517 1560 2557 vos
1587 2500 1688 2567 fui,
1723 2501 1855 2555 mihi
1899 2515 2072 2570 usque

499 2608 646 2647 nime
671 2607 924 2657 evenere,
955 2593 1031 2647 nil
1063 2607 1201 2663 Opus
1228 2604 1310 2649 est
1342 2601 1532 2649 exacte
1559 2608 1705 2648 nunc
1739 2591 2070 2662 recensere),

498 2685 566 2738 de
593 2685 893 2753 improviso
920 2685 1085 2738 allata
1109 2690 1192 2739 est
1217 2683 1351 2739 mihi
1380 2697 1409 2736 a
1439 2691 1495 2738 te
1519 2684 1636 2738 viro
1697 2684 2073 2739 eruditissimo

499 2774 748 2844 epistola,
778 2790 940 2843 quam
968 2775 1059 2828 ubi
1083 2775 1272 2845 accepi
1315 2783 1482 2844 atque
1499 2774 1816 2831 avidissime
1845 2775 2070 2844 perlegi,

503 2868 687 2920 statim
729 2865 945 2935 quidem
1005 2867 1250 2920 animum
1285 2880 1468 2920 meum
1529 2865 1600 2920 ita
1660 2864 1863 2931 affecit,
1918 2864 2077 2934 quasi

504 2958 575 3011 ab
601 2957 916 3011 hominibus
941 2957 1153 3013 cunctis
1170 2957 1238 3011 de
1257 2956 1642 3026 pulcherrimis
1674 2956 1838 3011 rebus
1861 2955 2075 3010 laudem

506 3061 910 3118 consequerer;
934 3053 1088 3105 tanto
1117 3047 1172 3101 in
1211 3048 1387 3116 pretio
1407 3047 1551 3117 apud
1580 3061 1666 3101 me
1693 3057 1811 3102 erat
1834 3048 2081 3102 testimo-

511 3140 658 3194 nium
723 3138 869 3210 quod
923 3153 1020 3209 per
1081 3139 1364 3208 epistolam
1425 3139 1586 3195 nobis
1639 3137 2078 3208 impcrtiebaris;

509 3229 706 3286 deinde
731 3245 862 3284 vero
880 3230 1129 3300 corporis
1156 3229 1418 3285 habitudo
1443 3229 1497 3284 in
1529 3229 1726 3283 melius
1750 3229 1933 3284 statim
1951 3244 2083 3283 con-

510 3337 670 3377 versa
698 3331 816 3378 est:
844 3321 990 3376 unde
1016 3331 1067 3377 et
1094 3322 1211 3392 ipse
1239 3337 1355 3377 rem
1382 3323 1536 3376 valde
1562 3320 1838 3376 insolitam
1865 3320 1962 3375 tibi
1995 3336 2081 3374 re-

516 3411 651 3476 fero,
685 3427 770 3466 me
784 3411 994 3467 scilicet
1018 3427 1180 3466 unam
1201 3411 1556 3482 eamdemque
1571 3411 1855 3482 epistolam
1886 3410 2084 3481 partim

511 3504 1091 3574 :egrotantem,partim
1107 3519 1236 3559 vero
1256 3503 1460 3574 optime
1477 3503 1747 3559 valentem
1768 3501 2082 3572 perlegisse.

2224 959 2469 1014 Ἥκουσά
2510 973 2654 1021 τινος
2706 955 2951 1028 ἰατρικοῦ
3002 956 3136 1027 (74),
3179 954 3488 1026 παράλογόν
3531 974 3588 1010 τι
3624 957 3722 1026 φύ-

2157 1066 2291 1112 σεως
2323 1049 2494 1112 πάθος
2517 1048 2628 1118 (75)
2656 1047 3032 1118 διηγουμένου.
3063 1047 3135 1100 Τὸ
3166 1047 3223 1100 δὲ
3247 1047 3493 1118 διήγημα
3523 1047 3725 1101 τοιοῦτο

2152 1136 2239 1210 ἦν.
2267 1138 2613 1210 ΚατέΜχετό
2635 1156 2736 1204 τις,
2756 1140 2908 1211 φησί,
2932 1139 3321 1211 ἀρῤωστήματί
3338 1157 3442 1193 τινι
3462 1139 3574 1193 τῶν
3603 1141 3722 1194 δυσ·

2155 1229 2534 1302 τροπωτέρων,
2571 1229 2664 1284 καὶ
2689 1229 2787 1300 τὴν
2840 1229 3035 1300 τέχνην
3067 1221 3364 1299 διήλεγχεν,
3391 1229 3613 1284 ἔλαττον
3633 1232 3723 1301 τῆς

2157 1322 2486 1392 ἐπαγγελίας
2519 1321 2806 1394 ἰσχύουσαν
2829 1339 2844 1355 ο
2890 1324 2998 1376 πᾶν
3027 1322 3134 1392 γὰρ
3158 1321 3218 1374 τδ
3247 1323 3626 1392 ἐπινοούμωον
3653 1325 3726 1384 εἰς

2158 1413 2471 1485 Θεραπείαν,
2497 1412 2777 1483 ἄπρακτον
2821 1407 2911 1483 ἦν.
2961 1407 3096 1465 Εἶτά
3143 1430 3287 1476 τινος
3323 1413 3586 1481 ἀγγελίας
3627 1413 3726 1467 τῶν

2159 1504 2508 1574 καταθυμιῶν
2534 1506 2662 1574 παρ’
2698 1504 2916 1568 ἐλπίδας
2938 1503 3086 1574 αύτῷ
3118 1503 3467 1576 μηνυθείσηςν
3494 1505 3614 1558 ἀντὶ
3633 1505 3726 1576 τῆς

2157 1598 2412 1668 τέχνηςή
2441 1597 2696 1668 συντυχία
2724 1597 2954 1664 γίνεται,
2987 1596 3187 1650 λύουσα
3219 1594 3295 1667 τῷ
3333 1595 3606 1668 ἀνθρώπῳ
3636 1596 3725 1667 τὴν

2160 1687 2314 1740 νόσον
2338 1701 2351 1715 ·
2385 1687 2494 1740 εἴτε
2522 1687 2620 1758 τῆς
2654 1686 2832 1757 ψυχῆς
2862 1687 2939 1757 τῷ
2972 1685 3214 1758 περιόντι
3240 1686 3338 1756 τῆς
3360 1687 3600 1750 ἀνέσεως
3638 1687 3726 1740 καὶ

2160 1779 2262 1850 τὴν
2285 1780 2380 1834 τοῦ
2430 1778 2677 1849 σώματος
2719 1778 2832 1843 ἕξιν
2869 1779 3033 1848 ἑαυτῇ
3075 1776 3472 1848 συνδιαθείσης,
3509 1777 3616 1830 εἴτε
3645 1777 3730 1829 καὶ

2163 1871 2371 1936 ἄλλως,
2417 1871 2514 1942 ούχ
2547 1870 2655 1941 ἔχω
2686 1870 2864 1938 λέγειν
2887 1886 2910 1900 ’ν
2959 1869 3081 1922 οὔτε
3133 1870 3240 1940 γὰρ
3284 1870 3406 1939 ἐμοὶ
3451 1869 3619 1941 σχολὴ
3668 1869 3732 1922 τὰ

2163 1960 2387 2015 τοιαῦτα
2415 1961 2742 2029 φιλοσοφεῖν,
2767 1959 2860 2012 καὶ
2887 1959 2986 2028 τὴν
3019 1958 3195 2012 αἰτίαν
3224 1960 3253 2010 ὁ
3281 1958 3449 2011 εἰπὼν
3493 1959 3555 2010 οὺ
3581 1974 3732 2028 προσ-

2166 2053 2378 2124 έθηκεν.
2416 2053 2538 2106 Ἐπὶ
2566 2051 2754 2122 καιροῦ
2777 2051 2832 2104 δὲ
2868 2049 2961 2104 νῦν
3003 2050 3296 2120 ἐμνήσθην,
3331 2049 3408 2113 ὡς
3438 2047 3616 2120 οἴμαι,
3647 2046 3729 2101 τοῦ

2166 2145 2503 2215 διηγήματος
2532 2159 2544 2172 ο
2575 2140 2910 2211 διακείμενος
2937 2139 3066 2210 γάρ,
3094 2139 3168 2202 ὡς
3203 2140 3302 2192 οὐκ
3328 2137 3394 2193 ἄν
3441 2138 3732 2210 ἐϐουλόμην

2171 2235 2287 2304 (τὰς
2312 2235 2369 2288 δὲ
2397 2233 2572 2294 αἰτίας
2594 2231 2744 2285 οὐδέν
2769 2229 2960 2300 δέομαι
3008 2229 3120 2300 (76)
3155 2229 3398 2300 ἀκριϐῶς
3436 2228 3537 2281 νῦν
3579 2244 3732 2281 κατα-

2169 2326 2344 2395 λέγειν
2388 2325 2497 2379 τῶν
2528 2325 2620 2393 ἀφ’
2654 2317 2712 2376 οὗ
2745 2322 2942 2391 γέγονα
2975 2321 3103 2393 παρ’
3136 2323 3264 2392 ὑμῖν
3310 2321 3403 2376 καὶ
3455 2322 3619 2392 μέχρι
3644 2319 3732 2373 τοῦ

2169 2415 2264 2470 νῦν
2339 2413 2814 2485 συμπεπτωκότων
2872 2427 2960 2482 μοι
3021 2408 3342 2480 λυπηρῶν),
3409 2406 3733 2479 μηνύσαντος

2172 2506 2382 2578 ἀθρόως
2418 2506 2507 2576 μοί
2546 2522 2690 2568 τινος
2730 2505 2859 2574 περϊ
2885 2503 2994 2556 τῶν
3022 2501 3362 2573 γραμμάτων
3393 2499 3496 2570 τῆς
3523 2517 3733 2571 μονογε-

2173 2596 2296 2659 νοῦς
2325 2613 2416 2649 σου
2449 2594 2802 2657 παιδεύσεως,
2833 2592 3020 2664 ἐπειδὴ
3062 2592 3292 2661 τάχιστα
3337 2590 3432 2654 τὴν
3457 2587 3734 2658 ἐπιστολὴν

2175 2686 2460 2757 ἐδεξάμην,
2497 2686 2590 2739 καὶ
2636 2687 2746 2747 τοῖς
2779 2681 3180 2754 γεγραμμένοις
3228 2680 3554 2750 ἐπέδραμον,
3585 2677 3736 2740 εὐθὺς

2179 2779 2276 2849 μὲν
2305 2779 2403 2847 τὴν
2431 2777 2606 2846 ψυχὴν
2634 2775 2838 2828 διέθετο
2874 2774 3008 2843 (77),
3044 2774 3118 2835 ὡς
3168 2773 3261 2826 ἐπὶ
3304 2771 3607 2832 καλλίστοις
3650 2769 3736 2822 ἐπὶ

2178 2869 2396 2924 πάντων
2443 2865 2744 2937 ἀνθρώπων
2781 2863 3289 2935 άνακηρυσσόμενος
3354 2860 3608 2913 τοσούτου
3646 2858 3738 2928 τὴν

2181 2963 2279 3032 σὴν
2311 2958 2612 3032 μαρτυρίαν
2650 2956 3029 3026 ἐτιμησάμην,
3077 2955 3144 3025 ἦν
3179 2953 3268 3006 διὰ
3309 2951 3410 3022 τῆς
3459 2949 3736 3018 ἐπιστολῆς

2179 3055 2308 3124 ἡμῖν
2342 3051 2666 3122 κεχάρισαι·
2702 3049 2890 3101 ἔπειτα
2923 3047 2982 3100 δέ
3026 3065 3115 3118 μοι
3157 3045 3249 3100 καὶ
3293 3046 3326 3114 ἡ
3372 3043 3468 3097 τοῦ
3504 3042 3739 3112 σώματος

2181 3143 2293 3209 ἕξις
2317 3141 2477 3204 εὐθὺς
2505 3140 2641 3209 πρὸς
2661 3139 2720 3192 τὸ
2748 3139 2992 3208 κρεῖττον
3029 3137 3364 3205 μετεποιεῖτο
3385 3149 3400 3166 ·
3450 3135 3547 3188 καί
3579 3149 3656 3184 σοι
3682 3129 3738 3183 τὸ

2185 3234 2297 3286 ἴσον
2330 3230 2632 3304 παράδοξον
2671 3231 2764 3283 καὶ
2807 3229 2966 3290 αὐτὸς
3001 3227 3242 3296 διήγημα
3272 3223 3504 3294 δίδωμι,
3547 3225 3626 3276 ὅτι
3651 3222 3739 3290 τῆς

2183 3323 2352 3394 αὐτῆς
2383 3323 2692 3392 ἐπιστολῆς,
2732 3319 2800 3372 τὰ
2833 3319 2928 3389 μὲν
2953 3317 3270 3388 ἀρρωστῶν,
3304 3315 3372 3368 τὰ
3407 3315 3464 3369 δὲ
3503 3312 3739 3384 καθαρῶς

2185 3415 2460 3481 ὑγιαίνων,
2496 3414 2821 3482 ἐπέδραμον.
2863 3411 2974 3462 Καὶ
3003 3408 3174 3462 ταῦτα
3222 3411 3320 3478 μὲν
3349 3410 3430 3470 εἰς
3475 3407 3737 3460 τοσοῦτον.

2199 3505 2351 3559 Ἐπεὶ
2393 3503 2451 3558 δέ
2504 3519 2593 3574 μοι
2635 3502 2732 3572 τῆς
2769 3500 2988 3571 χάριτος
3032 3499 3236 3566 ταύτης
3275 3501 3302 3550 ὁ
3334 3498 3603 3570 Κυνήγιος
3639 3495 3738 3562 (78)

514 3593 579 3646 Et
611 3594 678 3648 dc
709 3593 794 3649 his
828 3593 1048 3663 quidem
1089 3593 1374 3649 hactenus.
1424 3591 1694 3658 Quoniam
1731 3607 1862 3646 vero
1910 3593 2077 3661 Cyne-

2189 3597 2442 3658 ὑπόθεσις
2481 3594 2723 3664 γέγονεν,
2765 3590 2876 3654 οἷος
2911 3587 2962 3644 εἴ
2987 3589 3063 3660 τῷ
3088 3589 3329 3660 περιόντι
3351 3592 3452 3659 τῆς
3485 3590 3561 3651 εἰς
3581 3588 3638 3640 ea
3661 3587 3740 3637 εὐ·

514 3686 635 3754 gius
654 3699 820 3740 causa
849 3685 948 3738 fuit
968 3700 1066 3739 cur
1085 3685 1216 3739 mihi
1240 3686 1336 3740 abs
1365 3692 1418 3738 te
1433 3683 1608 3755 gratia
1626 3685 1729 3739 ista
1750 3686 2082 3753 proveniret,

515 3776 1070 3846 tu,superabundanti
1087 3777 1177 3830 illa
1194 3785 1287 3830 tua
1306 3775 1372 3829 ad
1394 3771 1847 3830 benefaciendum
1862 3770 2087 3826 faculta-

518 3879 591 3932 te,
615 3883 723 3922 non
751 3885 852 3924 nos
872 3876 1082 3923 tantum
1104 3867 1387 3924 beneﬁciis
1414 3864 1671 3936 prosequi
1699 3872 1854 3934 potes
1871 3901 1886 3927 ,
1909 3863 2003 3918 sed
2035 3873 2087 3918 et

516 3975 613 4015 eos
660 3960 755 4029 qui
807 3975 908 4014 nos
967 3958 1248 4015 beneﬂciis
1308 3957 1766 4033 complectuntur.
1813 3954 2088 4026 Cynegius

519 4061 724 4114 autem,
758 4061 816 4105 ut
844 4050 1110 4114 diximus,
1146 4049 1398 4106 beneﬁcii
1422 4050 1583 4106 nobis
1619 4057 1702 4105 est
1729 4055 1944 4113 auctor,
1993 4047 2086 4117 qui

521 4143 739 4199 occasio
792 4148 847 4197 et
874 4156 1043 4196 causa
1077 4141 1179 4198 fuit
1210 4157 1309 4198 cur
1337 4143 1436 4198 abs
1479 4151 1530 4197 te
1555 4142 1764 4197 litteras
1814 4140 2093 4210 accipere-

524 4250 685 4300 mus,
742 4241 797 4290 et
853 4241 1144 4304 propterea
1181 4233 1380 4304 dignus
1436 4236 1528 4302 qui
1580 4233 1746 4288 etiam
1812 4229 2092 4286 beneﬁciis

523 4325 812 4380 adiciatur.
844 4324 1017 4380 Porro
1045 4325 1094 4381 si
1143 4325 1344 4394 quaeris
1395 4323 1710 4394 magistros,
1773 4337 1840 4376 ex
1892 4321 2093 4391 quibus

525 4420 772 4474 nonnihil
801 4434 903 4475 nos
933 4418 1194 4474 didicisse
1221 4417 1492 4480 videmur,
1520 4415 1769 4477 Paulum,
1806 4411 2092 4480 Joannem,

528 4519 865 4580 metet-osque
895 4510 1174 4584 apostolo_s
1203 4517 1257 4565 et
1283 4508 1580 4580 prephetas
1613 4507 1896 4562 exstitisse
1938 4519 2095 4575 repe-

529 4603 657 4667 ries,
691 4601 796 4656 nisi
831 4601 972 4658 forte
1001 4601 1265 4656 audacius
1293 4599 1563 4662 videatur,
1609 4597 1728 4668 ejus
1756 4596 1916 4650 nobis
1963 4595 2094 4651 artis

529 4692 815 4747 scientiam
843 4707 1080 4755 sumere,
1105 4692 1159 4746 in
1200 4706 1330 4762 qua,
1364 4699 1628 4761 quantum
1666 4693 1874 4758 spectat
1899 4686 1965 4741 ad
2009 4700 2097 4741 res

529 4783 837 4854 disciplina:
866 4793 1080 4850 vestrae,
1117 4783 1254 4839 adeo
1282 4783 1532 4850 excellis,
1561 4791 1617 4835 ut
1653 4782 1771 4850 ejus
1827 4778 1904 4834 rei
1941 4777 2096 4848 periti

605 5011 716 5081 (75)
752 5011 981 5081 Ἐπιστ.
1007 4999 1232 5081 In_Med.
1255 5005 1493 5074 Λιϐανίῳ
1523 5003 1874 5081 inscribitur:
1919 5008 2110 5081 estque

533 5071 709 5137 extra'
725 5078 992 5155 ordin_em_
1008 5077 1360 5155 cpistolarum
1387 5071 1511 5155 poét
1531 5071 1840 5155 librumHDe‘
1878 5071 2098 5155 animo;

535 5165 781 5206 unacum
798 5140 1155 5218 epistolarum
1185 5159 1324 5218 quas
1347 5140 1436 5218 hic
1479 5143 1692 5218 edimus
1734 5141 1897 5209 (inl‘ra

534 5221 781 5288 ciendas)
805 5208 978 5286 prima
1010 5208 1218 5288 Joanni'
1237 5215 1522 5288 inscripta.
1541 5208 1774 5288 Canace.
1799 5227 1942 5288 _pag.
1980 5208 2104 5288 Ilii.

607 5291 721 5361 (74)
765 5279 1076 5356 Ἶατρικοῦ.
1119 5279 1524 5361 ξίατροῦ-ἰιὰὺοι
1543 5282 1666 5361 cad.
1697 5279 1835 5336 Med.
1862 5279 1986 5335 nam
2023 5280 2105 5331 ἰα-

535 5352 722 5433 τρικῷς
745 5375 854 5433 non
887 5352 988 5413 'est
1014 5352 1274 5433 medicus—1
1297 5352 1371 5433 Id.
1407 5367 1528 5433 pag.
1562 5352 1650 5433 9'5“.
1811 5420 1822 5433 _
2044 5415 2082 5433 η

611 5415 723 5500 (75)
760 5431 1002 5493 Φύσεως
1017 5427 1228 5500 πάθος.
1260 5423 1336 5478 Id.
1373 5415 1504 5477 cod:
1540 5421 1708 5484 πάθος
1755 5420 1986 5490 φύσεως.
2044 5415 2110 5470 Et

540 5496 664 5554 mox
677 5541 690 5559 ,
716 5500 1029 5568 κατείχετο,
1045 5496 1232 5568 φησί-ν..

614 5568 726 5634 (76)
754 5559 980 5635 Aéoﬁat.
1013 5559 1150 5619 Med.
1169 5564 1355 5635 δέομαι
1384 5561 1476 5635 νῦν
1507 5559 1746 5630 ἀκριϐῶς
1780 5561 1968 5614 καταλ.

615 5631 732 5699 (77⁷)
765 5631 1018 5689 Διέθετο.
1061 5635 1135 5687 Id.
1169 5631 1292 5687 cod.
1314 5631 1578 5699 διετέθην.

617 5642 703 5696 (77
765 5642 1018 5689 Διέθετο.
1061 5642 1135 5687 Id.
1169 5642 1578 5699 εοσ.διετευην.

617 5642 735 5776 ('18;
780 5706 840 5757 '0
878 5709 1019 5757 Krr.
1059 5703 1181 5758 Idm)
1214 5703 1325 5764 υἱὸς
1365 5703 1650 5770 Κυνήγιος.

2187 3691 2430 3762 εργετεῖν
2474 3685 2740 3754 ἐξουσίας,
2782 3683 2879 3754 οὐχ
2925 3683 3071 3753 ἡμᾶς
3115 3682 3297 3751 μόνον,
3335 3679 3471 3733 ἀλλὰ
3506 3678 3598 3731 καὶ
3628 3677 3741 3738 τοὺς

2187 3781 2476 3851 εὐεργέτας
2515 3776 2670 3848 ήμῶν
2719 3774 2898 3837 καλῶς
2942 3774 3112 3826 ποιεῖν
3134 3789 3149 3803 ·
3185 3771 3474 3841 εὐεργέτης
3508 3769 3563 3822 δὲ
3601 3767 3741 3837 ήμῶν

2187 3869 2360 3938 οὗτος,
2410 3868 2590 3933 καθὼς
2633 3870 2865 3938 εἴρηται,
2914 3865 3025 3918 τῶν
3062 3864 3214 3935 παρὰ
3276 3861 3370 3916 σοῦ
3420 3860 3741 3932 γραμμάτων

2188 3963 2409 4035 ἀφορμὴ
2442 3960 2731 4030 γενόμενος
2757 3960 2902 4028 ήμῖνῖ
2926 3955 3022 4009 καὶ
3052 3954 3326 4016 ὑπόθεσις,
3363 3954 3456 4005 καὶ
3491 3951 3576 4004 διὰ
3600 3951 3741 4002 τοῦτο

2188 4052 2246 4108 εὖ
2278 4053 2466 4108 παθεῖν
2491 4051 2659 4116 ἄξιος.
2691 4046 3052 4109 Διδασκάλους
3092 4045 3148 4098 ἃ
3186 4046 3311 4108 τοὺς
3351 4044 3668 4113 ἡμετέρους,
3698 4035 3740 4089 εἰ

2190 4146 2290 4216 μὲν
2311 4139 2385 4200 ὧν
2414 4161 2468 4196 τι
2503 4141 2613 4214 (79)
2642 4137 2905 4209 δοκοῦμεν
2930 4135 3328 4208 μεμαθηκέναι,
3355 4132 3590 4203 ζητοίης,
3618 4125 3742 4216 Παῦ-

2188 4215 2277 4290 λον
2302 4235 2554 4306 εὑρήσεις
2592 4233 2686 4285 καὶ
2721 4229 2994 4299 Ἰωάννην,
3019 4227 3113 4281 καὶ
3143 4226 3271 4289 τοὺς
3291 4225 3511 4286 λοιποὺς
3537 4215 3742 4275 ἀποστάς

2188 4325 2311 4388 λους
2349 4341 2407 4376 τε
2443 4321 2534 4374 καὶ
2589 4320 2889 4390 προφήτας,
2940 4317 3056 4384 εῐγε
3091 4315 3166 4386 μὴ
3198 4313 3625 4384 τολμηρὸνήμῖν
3659 4307 3741 4375 τὴν

2188 4413 2534 4471 διδασκαλίαν
2566 4410 2895 4466 οἰκειοῦσθαι
2946 4408 3054 4462 τῶν
3086 4404 3343 4459 τοιούτων
3389 4399 3739 4474 διηγημάτων,

2190 4501 2271 4568 οἷς
2301 4503 2414 4576 (80)
2447 4501 2700 4574 περὶτῆς
2731 4497 2997 4569 ὑμετέρας
3027 4495 3206 4562 λέγοις
3230 4491 3440 4560 σοφίας,
3465 4491 3531 4559 ἢν
3561 4486 3742 4576 κρίνειν

2199 4572 2556 4663 ἐπιστήμονές
2599 4607 2750 4659 φασι,
2777 4587 2885 4641 ἀπὸ
2915 4585 3009 4639 σοῦ
3050 4579 3422 4655 πηγάζουσαν,
3469 4581 3527 4633 ὲν
3568 4572 3741 4663 μετοχῇ

2200 4685 2295 4739 τοῦ
2335 4662 2523 4738 λοιποῦ
2571 4678 2815 4750 γίνεσθαι
2855 4676 2969 4749 (81)
3003 4678 3188 4738 πᾶσιν,
3235 4668 3316 4738 οἷς
3368 4687 3510 4734 τινος
3551 4668 3636 4722 καὶ
3665 4662 3742 4733 μέε

2197 4793 2344 4831 τεστι
2373 4773 2552 4842 λόγου.
2583 4770 2769 4826 Ταῦτα
2791 4769 2901 4840 γὰρ
2928 4769 3139 4839 ἥκουσα
3165 4765 3301 4836 πρὸς
3329 4762 3538 4825 πάντας
3561 4759 3743 4824 διηγου-

2287 4999 2305 5064 t
2313 4993 2399 5059 79)
2431 4992 2677 5064 Legata
2710 4990 2806 5064 μὲν
2829 4989 2924 5064 ,ὑφ’
2947 4979 3127 5064 ᾧντι.
3163 4985 3281 5042 Nisi
3317 4985 3443 5056 quis
3470 4978 3744 5038 emcndan-

2215 5053 2340 5121 duin
2369 5053 2667 5123 censuerit,
2697 5053 2745 5132 si
2785 5053 3007 5132 μὲνοῦν
3044 5075 3118 5111 τι.
3166 5119 3190 5132 _
3259 5125 3311 5132 __
3336 5053 3351 5056 “
3441 5123 3455 5132 ,
3637 5117 3649 5132 ,

2279 5133 2390 5200 (80)
2418 5119 2703 5200 Τοισύτώϊ
2715 5119 3108 5200 διὴᾼγημάτωε,
3125 5119 3236 5190 οἷς.
3259 5125 3334 5200 1ιίΣ
3359 5123 3500 5200 cod..
3517 5119 3747 5200 τριοὺτων

2211 5192 2419 5273 ἀνδρῶν
2441 5218 2454 5232 ·
2489 5202 2547 5273 εἰ
2571 5199 2647 5252 δέ.
2673 5192 3016 5273 Rectissirne.
3047 5195 3114 5249 Et
3137 5211 3282 5258 mox,
3307 5194 3374 5264 ἢν
3400 5192 3664 5273 οἰκρινειν
3686 5213 3742 5273 -:

2213 5261 2725 5344 cpaétv._—_Locys,
2767 5261 3365 5344 ni_fa_llorncorruptus.
3405 5261 3542 5344 yide
3588 5268 3744 5344 “Ime

2214 5325 2282 5396 an
2320 5325 2583 5395 articulus
2610 5325 2692 5400 οἷς
2714 5325 2785 5390 ad
2816 5325 3257 5407 ﬂpivjrel‘eratur,
3283 5341 3344 5387 ut
3374 5334 3462 5397 sit,
3488 5332 3599 5407 ejus
3620 5325 3748 5407 nobis

2215 5413 2350 5466 artis
2375 5410 2650 5464 scientiam
2678 5401 2900 5472 sumere,
2931 5405 2996 5459 de
3042 5406 3227 5474 quibus
3257 5415 3404 5457 tuam
3455 5401 3746 5471 sapientiam

2214 5481 2494 5556 mirificus,
2529 5494 2688 5549 quam
2713 5478 2826 5556 eius
2848 5478 2924 5556 re_i
2954 5477 3108 5556 periti
3128 5475 3384 5556 ληίζεσθαι
3399 5481 3500 5556 etc.

2288 5552 2401 5617 (δι)
2434 5538 2528 5602 Ἐ’-ν
2542 5538 2770 5616 ίιιετοχῦ
2810 5547 2916 5617 τοῦ
2942 5538 3156 5617 ⁵ἶοιπρῦ
3177 5545 3458 5617 γίνεσθαι.
3497 5538 3746 5617 mellae».

2219 5602 2396 5673 xaiév'
2422 5602 2764 5682 τοῖξλοιπὸῗξ
2785 5615 3053 5684 γενέσθαι.
3083 5615 3148 5669 Ει
3176 5602 3339 5686 paulo
3363 5621 3501 5686 post,
3551 5602 3747 5673 διεξιόν·

2221 5709 2328 5752 τος,
2365 5704 2462 5760 pro
2495 5688 2868 5758 διηγουμένου.
