4068 6154
384 326 520 381 tom

1544 317 1929 374 ΕΡΓΞΤΟΙΑΕ.
1972 350 2034 359 -
2077 317 2294 373 EPIST.
2330 313 2468 371 ΧΠ.

3505 306 3648 361 ﬁlii!)

387 439 549 498 μένου
575 435 670 488 τοῦ
711 435 802 488 σοῦ
834 435 930 504 μὲν
959 434 1218 504 μαθητοῦ,
1244 433 1445 504 πατρὸς
1477 435 1531 487 δὲ
1558 435 1714 504 ἐμοῦ,
1755 438 1848 489 καὶ
1886 435 1956 488 δι-

2069 434 2271 498 iudlces
2317 431 2549 500 hujusce
2588 428 2726 484 artis
2763 433 3030 498 praecepta
3062 440 3090 478 a
3136 432 3206 488 te,
3238 423 3384 478 velut
3419 436 3486 478 ex
3522 423 3638 490 plc-

383 528 651 582 δασκάλου
683 525 774 579 τοῦ
805 524 1120 594 θαυμαστοῦ
1170 524 1469 579 Βασιλείου.
1505 527 1643 579 Ἵσθι
1681 544 1747 598 με
1797 527 1961 597 μηδὲν

385 620 574 688 ἔχοντα
604 615 831 682 λιπαρὸν
862 614 977 684 (8‘2)
1021 616 1080 668 έν
1107 616 1220 676 τοῖς
1262 613 1371 667 τῶν
1408 614 1742 671 διδασκάλων
1769 614 1962 684 διηγή-

387 727 570 780 μασιν,
596 709 683 761 ὲπ⁹
706 707 882 777 ὀλίγον
904 707 980 778 τῷ
1009 705 1226 777 ἀδελφῷ
1249 707 1632 776 συγγεγονότα,
1661 708 1756 760 καὶ
1782 705 1964 759 τοσοῦ-

381 816 473 853 τον
504 799 656 870 παρὰ
685 798 784 867 τῆς
817 797 965 860 θείας
986 795 1232 866 γλώττης
1259 795 1633 867 ὲκκαθαρέντα
1662 796 1799 866 (83),
1841 795 1964 847 ὅσον

382 887 680 958 ἐπιγνῶναι
721 888 884 958 μόνον
910 886 1006 958 τὴν
1052 886 1313 959 [ἄγνοιαν
1344 885 1492 959 (84)]
1547 886 1656 938 τῶν
1705 887 1965 956 ἀμυήτων

384 979 480 1033 τοῦ
507 979 668 1046 λόγου
693 994 707 1008 ’
759 976 949 1030 ἔπειτα
981 977 1251 1046 μέντοιγε,
1281 977 1377 1029 καὶ
1403 975 1579 1047 τούτῳ
1619 975 1752 1046 (85),
1783 976 1964 1029 εῐποτε

390 1065 590 1136 σχολὴν
616 1065 827 1135 ἄγοιμι,
861 1063 1004 1117 κατὰ
1050 1063 1285 1134 σπουδὴν
1317 1065 1498 1118 πᾶσαν
1540 1063 1963 1134 ἐνδιατρίϐοντα,

386 1154 622 1229 ὲραστὴν
657 1155 905 1226 γενέσθαι
951 1155 1047 1209 τοῦ
1084 1154 1351 1226 ὑμετέρου
1404 1155 1670 1219 κάλλους,
1717 1155 1812 1207 καὶ
1871 1171 1966 1207 τυο

387 1252 505 1319 χεῖν
534 1248 644 1318 (86)
682 1248 737 1302 δὲ
771 1247 998 1318 μηδέπω
1033 1246 1130 1299 τοῦ
1155 1246 1375 1317 ἔρωτος.
1411 1247 1475 1300 Ei
1509 1247 1606 1316 μὲν
1638 1241 1754 1308 οῦν,
1779 1244 1966 1316 ὥσπερ

387 1340 548 1403 αὐτὸς
577 1337 687 1407 ἐγὼ
715 1338 884 1408 κρίνω
912 1338 981 1391 τά
1009 1339 1130 1392 καθ’
1162 1341 1328 1410 ἡμᾶς,
1366 1339 1516 1392 ἐστὶν
1556 1337 1792 1410 οὐδαμοῦ
1821 1339 1850 1390 ὁ
1890 1337 1968 1390 δι-

389 1429 649 1490 δάσκαλος
676 1428 788 1498 (87)
824 1430 1001 1500 ἡμῶν.
1036 1430 1100 1482 Εἰ
1123 1428 1179 1482 δὲ
1199 1430 1298 1500 τὴν
1336 1430 1434 1501 σὴν
1464 1429 1750 1501 ὑπόληψιν,
1782 1430 1852 1500 ἢν
1881 1428 1968 1496 ἐφ’

386 1523 517 1591 ἡμῖν
546 1519 722 1590 ἔσχες,
771 1521 846 1591 μὴ
899 1519 1184 1590 ἀληθεύειν
1228 1522 1288 1574 ού
1333 1521 1531 1592 θέμις·
1587 1520 1701 1573 ἀλλ’
1751 1519 1970 1589 ἀληθεῖς

386 1627 533 1673 τινες
562 1611 619 1664 έν
638 1608 716 1680 τῷ
737 1610 882 1680 λόγῳ
906 1611 1001 1664 καὶ
1027 1611 1202 1682 ὑμεῖς,
1233 1612 1328 1664 καὶ
1353 1611 1512 1681 ἡμεῖς
1538 1611 1638 1664 ούκ
1671 1611 1968 1679 ἀπόϐλητοι

391 1702 542 1772 παρὰ
580 1701 727 1770 σοίγε
768 1704 964 1773 κριτῇο
1009 1703 1098 1764 δὸς
1137 1702 1399 1772 τολμῆσαί
1444 1719 1525 1755 σοι
1569 1700 1677 1754 τῶν
1714 1701 1970 1754 τοιούτων

2068 525 2298 581 nissitno
2325 523 2478 578 fonte
2513 521 2859 592 profluentia,
2885 519 2940 574 in
2971 517 3128 580 alios,
3171 521 3437 586 quotquot
3461 512 3644 579 aliqua

2063 615 2283 673 dicendi
2319 613 2580 669 facultate
2608 613 2834 682 pollent,
2865 609 3100 664 derivari
3121 607 3455 662 existiment.
3481 601 3640 656 Talia

2063 707 2209 763 enirn
2235 714 2387 760 tuum
2423 701 3018 775 quidemdiscipulum,
3054 708 3265 770 patrem
3311 709 3643 750 vero‘meum

2065 806 2232 869 atque
2262 795 2610 870 magistrum,
2650 792 3030 848 admirabilem
3065 792 3217 846 illum
3280 789 3539 844 Basilium
3577 787 3647 842 de

2067 897 2122 945 te
2153 889 2332 959 palam
2371 888 2644 943 dicentem
2695 885 2896 955 saepius
2925 883 3131 938 audivi.
3169 881 3327 936 Scias
3370 894 3456 934 me
3492 878 3640 932 nulla

2067 979 2123 1034 in
2159 977 2480 1035 hauriendis
2537 976 2922 1046 magistrorum
2983 972 3334 1030 documentis
3385 969 3644 1025 felicitate

2067 1084 2228 1125 usum
2281 1069 2476 1132 fuisse,
2547 1067 2750 1138 quippe
2805 1065 2907 1136 qui
2942 1063 3161 1118 modico
3216 1070 3463 1131 tempore
3513 1074 3644 1114 cum

2065 1158 2239 1214 fratre
2266 1167 2523 1215 versatus
2551 1157 2772 1224 fuerim,
2806 1165 2863 1228 et
2893 1163 3107 1210 tantum
3147 1169 3242 1209 me
3282 1153 3466 1208 divina
3520 1151 3644 1220 ejus

2067 1249 2256 1320 lingua
2287 1251 2499 1305 cultum
2535 1249 2950 1320 expolitumque
3006 1245 3326 1308 reddiderit,
3365 1251 3638 1313 quantum

2067 1341 2208 1394 satis
2266 1347 2352 1395 cst
2382 1339 2450 1393 ad
2509 1353 2702 1395 corum
2756 1335 3169 1408 (ignorantiam)
3218 1332 3643 1404 dignoscendam

2068 1431 2160 1500 qui
2186 1431 2516 1500 eloquentiae
2561 1431 2738 1485 sacris
2768 1428 2911 1483 haud
2952 1411 3153 1482 initiati
3214 1433 3380 1490 sunt;
3443 1423 3648 1479 deinde

2065 1535 2197 1576 vero
2227 1535 2350 1574 cum
2383 1522 2523 1590 ipso,
2559 1519 2607 1576 si
2639 1519 2860 1589 quando
2875 1518 3044 1573 otium
3067 1513 3414 1585 suppetebat,
3437 1512 3648 1567 studio-

2069 1611 2290 1666 sissime
2339 1621 2787 1675 conversantem,
2850 1620 3054 1679 magno
3111 1615 3311 1662 vestrae
3365 1601 3648 1674 elegantia

2069 1714 2258 1754 amore
2290 1698 2578 1769 ﬂagrasse,
2608 1714 2708 1754 nec
2734 1708 2916 1753 tamen
2950 1697 3100 1753 illius
3130 1696 3298 1765 hujus
3337 1699 3646 1762 compotem

388 1793 488 1861 τὴν
519 1791 696 1847 αἰτίαν
727 1793 1003 1846 ἀναθεῖναι
1038 1792 1172 1864 (88).
1211 1794 1272 1845 Εί
1303 1793 1414 1862 γὰρ
1441 1792 1720 1856 Βασίλειος
1749 1791 1847 1862 μὲν
1873 1789 1967 1844 τοῦ

2073 1805 2318 1860 unquam
2347 1789 2542 1846 fuisse.
2583 1789 2750 1860 Igitur
2782 1789 2851 1856 si,
2882 1794 3149 1859 quantum
3180 1787 3246 1840 ad
3283 1799 3383 1840 nos
3428 1781 3646 1843 attinet,

386 1885 656 1957 ἡμετέρου
700 1885 1010 1957 προστάτης
1062 1884 1244 1954 λόγου,
1287 1885 1481 1956 ὲκείνῳ
1503 1885 1560 1937 δὲ
1599 1885 1628 1937 ὁ
1655 1884 1882 1946 πλοῦτος
1906 1883 1971 1936 ὲκ

386 1976 495 2028 τῶν
523 1975 632 2029 σῶν
657 1971 726 2048 ἦν
768 1976 1055 2046 θησαυρῶν
1075 1989 1096 2011 ⁸
1123 1977 1193 2030 τὰ
1227 1976 1296 2029 σά
1329 1974 1663 2046 κεκτήμεθα,
1696 1974 1788 2028 καὶ
1819 1976 1866 2026 εί
1899 1974 1968 2026 δι’

387 2067 589 2138 ἑτέρων
632 2067 1024 2138 ὑπεδεξάμεθα,
1091 2067 1152 2120 Εί
1199 2067 1254 2120 δὲ
1299 2067 1455 2135 ὀλίγα
1501 2066 1674 2119 ταῦτα
1714 2083 1727 2096 ο
1788 2065 1967 2131 ὀλίγον

387 2159 446 2210 ὲν
498 2160 612 2222 τοῖς
663 2159 966 2230 ἅμφορεῦσι
1017 2159 1079 2213 τὸ
1131 2157 1304 2231 ὕδωρ,
1357 2158 1471 2212 ἀλλ’
1523 2159 1588 2210 ἐκ
1636 2155 1728 2210 τοῦ
1773 2156 1966 2210 Νείλου

387 2248 557 2318 ὅμως.

2071 1883 2598 1948 nullus,utcenseo,
2625 1881 2892 1951 magister
2923 1895 3027 1935 nos
3055 1879 3243 1934 docuit
3269 1894 3284 1942 ;
3331 1883 3385 1930 et
3405 1873 3646 1942 alioquin

2068 1976 2114 2030 si
2139 1974 2478 2046 opinionem,
2519 1987 2687 2043 quam
2725 1971 2791 2027 de
2823 1971 2982 2026 nobis
3011 1969 3206 2032 habes,
3243 1965 3400 2022 nefas
3433 1971 3518 2019 est
3545 1962 3648 2016 fal-

2068 2070 2103 2122 li
2133 2087 2147 2136 ;
2187 2067 2318 2137 quin
2350 2067 2531 2137 potius
2560 2080 2724 2119 verax
2754 2073 2840 2118 est
2875 2077 3058 2118 sermo
3085 2067 3288 2124 vester,
3321 2065 3375 2112 ct
3402 2070 3524 2118 nos,
3559 2053 3648 2108 vei

2066 2167 2118 2212 te
2153 2159 2274 2227 ipso
2304 2157 2512 2226 judice,
2537 2153 2823 2224 rejiciendi
2858 2166 3086 2222 prorsus
3126 2165 3236 2204 non
3290 2161 3481 2202 sumus
3511 2163 3524 2198 :
3577 2143 3648 2196 da

2063 2247 2223 2312 mihi,
2260 2255 2321 2301 ut
2350 2246 2515 2316 hujus
2557 2245 2632 2299 rei
2667 2243 2937 2312 originem
2979 2253 3317 2308 causamque
3353 2235 3419 2290 ad
3475 2241 3528 2288 te
3558 2246 3649 2287 re-

393 2341 586 2395 feram.
609 2338 743 2394 Nam
798 2342 843 2397 si
887 2341 1123 2397 Basilius
1185 2341 1405 2412 quidem
1462 2352 1666 2396 nostra!
1717 2340 2121 2410 qualiscunque
2181 2341 2235 2393 in
2301 2339 2535 2394 dicendo
2580 2336 2859 2392 facultatis
2891 2341 3086 2387 auctor
3114 2339 3234 2396 est,
3293 2328 3412 2398 ejus
3465 2331 3650 2380 autem

389 2433 593 2486 divitiae
627 2449 659 2488 e
695 2435 807 2489 tuis
853 2434 1128 2490 thesauris
1186 2433 1524 2505 depromptae
1590 2445 1751 2499 sunt,
1815 2434 1925 2488 tuis
1976 2435 2166 2503 utique
2219 2432 2380 2486 bonis
2421 2431 2685 2501 potimur,
2741 2428 2844 2483 etsi
2895 2441 2993 2496 per
3046 2424 3185 2480 alios
3238 2419 3649 2492 acceperimus;

388 2524 473 2580 sin
506 2539 635 2579 vero
667 2527 860 2597 exigua
886 2527 1002 2584 haec
1036 2539 1183 2596 sunt,
1215 2543 1409 2600 parum
1435 2529 1602 2584 etiam
1647 2542 1804 2596 aquae
1829 2527 1930 2582 etsi
1961 2527 2015 2581 in
2047 2526 2327 2598 amphoris
2359 2527 2454 2591 sit,
2495 2540 2526 2583 e
2574 2523 2697 2580 Nilo
2729 2531 2909 2578 tamen
2945 2529 3048 2577 est.

860 2841 1205 2896 enrxroan
1241 2841 1320 2896 IA’
1358 2842 1494 2913 (89).

2582 2832 2927 2890 EPISTOLA
2958 2832 3100 2890 XIV.

394 2975 706 3044 Res-pumice
737 2983 816 3029 est
842 2975 952 3028 hcce
977 2973 1203 3043 epistola
1241 2973 1309 3028 ad
1336 2973 1582 3038 alteram,
1614 2973 1845 3042 fortasse
1891 2971 2122 3056 ιῇίιιιηξὶ,
2166 2971 2468 3042 epistolam,
2499 2977 2560 3024 ut
2589 2984 2653 3025 es:
2692 2983 2880 3023 rursus
2925 2965 3072 3035 facta
3123 2965 3342 3038 Cynegii
3387 2967 3650 3026 mentione

1823 3060 2016 3097 comm
2046 3053 2234 3097 votest.

1823 3060 2016 3112 οοημει
2045 3060 2234 3114 ροιεσι.

477 3197 700 3270 Ἑορτὴν
746 3198 900 3266 ἄγειν
949 3197 1178 3268 σύνηθες
1223 3200 1335 3258 τοῖς
1379 3196 1672 3268 Ῥωμαίοις
1715 3198 1843 3269 περὶ
1869 3199 1967 3268 τὴν

2140 3195 2364 3253 Festum
2395 3213 2556 3271 agerc
2583 3212 2736 3256 more
2784 3198 3026 3270 quodam
3081 3195 3260 3272 patrio
3323 3204 3647 3258 consuetum

395 3291 669 3362 γειμέριον
699 3287 870 3362 ὥραν,
903 3291 1100 3361 τρόπον
1137 3289 1280 3344 κατά
1307 3307 1430 3342 τινα
1453 3289 1680 3359 πάτριον
1709 3289 1844 3360 (90),
1877 3289 1968 3342 ὅτε

391 3383 486 3436 τοῦ
509 3383 654 3451 ἡλίου
677 3382 812 3452 πρὸς
836 3381 936 3451 τὴν
955 3382 1065 3436 ἄνω
1087 3380 1269 3452 χώραν
1297 3379 1728 3445 άναποδίζοντος,
1751 3380 1969 3435 πλεονά-

394 3474 506 3538 ζειν
535 3472 760 3544 ἄρχεται
805 3472 866 3525 τὸ
910 3473 1210 3544 ἡμερήσιον
1255 3471 1471 3543 μέτρον.
1531 3471 1674 3543 Ἱερὰ
1718 3473 1774 3526 δὲ
1817 3473 1966 3526 νενό-

397 3582 583 3634 μισται
611 3564 701 3618 τοῦ
733 3564 898 3635 μηνὸς
921 3567 954 3634 ἡ
977 3565 1140 3636 ἁρχὴ,
1162 3566 1254 3617 καὶ
1283 3565 1370 3618 διὰ
1393 3563 1597 3635 ταύτης
1625 3565 1723 3634 τῆς
1755 3564 1969 3635 ἡμέρας

392 3659 453 3709 τὸ
481 3659 592 3710 πᾶν
609 3656 726 3720 ἔτος
752 3656 1140 3727 οίωνιζόμενοι,
1163 3656 1342 3722 δεξιάς
1370 3673 1520 3719 τινας
1548 3655 1852 3724 συντυχίας,
1875 3655 1970 3708 καὶ

395 3748 750 3818 εὐφροσύνας,
775 3748 868 3801 καὶ
889 3747 1088 3818 πόρους
1118 3747 1512 3816 ἐπιτηδεύουσι.
1552 3747 1617 3799 Τί
1652 3745 1971 3818 βουλόμενος

398 3840 639 3894 ἐντεῦθεν
686 3839 780 3892 τοῦ
817 3839 1142 3909 γράμματος
1183 3839 1456 3909 ἄρχομαι;
1508 3839 1631 3892 Ὅτι
1674 3838 1768 3892 καὶ
1813 3839 1973 3903 αὐτὸς

395 3931 652 4001 διήγαγον
678 3929 774 4001 τὴν
803 3929 995 4000 ἑορτὴν
1023 3928 1227 4000 ταύτην
1249 3968 1264 3992 ,
1317 3928 1715 4000 παραπλησίως
1746 3929 1975 3992 ἐκείνοις

396 4021 812 4092 χρυσοφορήσας
835 4037 850 4050 ⁹
893 4015 1024 4091 ἦ).οε
1054 4020 1162 4090 γὰρ
1187 4021 1308 4073 τότε
1339 4022 1432 4074 καὶ
1457 4021 1538 4084 είς
1565 4020 1664 4084 τὰς
1690 4021 1826 4092 εμὰς
1859 4023 1974 4090 χεῖ,

398 4131 493 4184 ρας
522 4112 742 4184 χρυσὸς,
766 4110 826 4164 ού
841 4129 923 4165 τοι
949 4111 1088 4166 κατὰ
1114 4111 1206 4165 τὸν
1251 4113 1530 4184 πάνδημον
1561 4113 1750 4167 τοῦτον
1776 4112 1975 4183 χρυσὸν

393 4206 453 4259 δν
480 4204 766 4274 ἀγαπῶσιν
794 4205 843 4258 οί
875 4203 1133 4275 ἄρχοντες
1171 4205 1265 4258 καὶ
1297 4200 1694 4276 δωροφοροῦσιν
1734 4204 1783 4257 οί
1823 4203 1974 4273 ἔχον-

391 4315 504 4363 τες,
549 4297 610 4350 τὸ
647 4297 782 4369 βαρὺ
811 4298 906 4352 καὶ
934 4296 1156 4368 αίσχρὸν
1208 4296 1302 4350 καὶ
1341 4295 1544 4366 ἄψυχον
1576 4295 1762 4366 κτῆμα
1787 4313 1802 4327 ο
1851 4296 1970 4350 ἀλλ’

394 4389 424 4443 ὅ
465 4389 662 4454 παντὸς
704 4388 936 4443 πλούτου
981 4391 1164 4457 τοῖσγε
1199 4387 1322 4442 νοῦν
1377 4385 1591 4458 ἔχουσιν
1639 4386 1970 4458 ὑψηλότερον

465 4571 873 4643 (82)-Ἕχοντα
891 4573 1166 4640 λιπαρόν.
1194 4572 1506 4628 Commutat
1541 4571 1845 4643 Zacagnins
1877 4571 1963 4624 λυ.

397 4641 532 4712 πρόν
557 4641 827 4715 ν-ιιιζοιιιη
859 4643 1106 4715 λιπαρόν,
1147 4643 1294 4713 quod
1318 4645 1376 4715 _ei
1406 4641 1762 4715 contrarium.
1801 4643 1968 4715 ﬂecte

397 4711 529 4765 sane
558 4713 629 4766 ob
667 4713 948 4768 sententiae
991 4711 1279 4772 rationem.
1312 4712 1417 4766 Sed
1464 4727 1566 4766 ms.
1619 4712 1756 4768 Med.
1803 4711 1968 4767 habet

396 4781 665 4852 λαμπρόν.
687 4782 918 4836 Canace.
938 4797 993 4852 p.
1016 4783 1106 4852 96.
1129 4781 1283 4836 —lta
1310 4783 1398 4838 hic
1421 4783 1579 4852 locus~
1594 4782 1966 4837 emendandus

397 4849 531 4923 mihi
554 4849 770 4923 videtur
793 4868 808 4916 ;
834 4849 957 4903 naui
977 4853 1032 4906 in
1065 4851 1324 4923 Vaticano
1351 4852 1542 4907 codice
1567 4850 1771 4923 λυπρόν
1788 4893 1803 4918 ,
1829 4867 1966 4906 con-

395 4919 569 4972 trario
602 4919 758 4986 plane
786 4935 952 4974 sensu
982 4921 1260 4975 scribitur.

470 4989 583 5063 (85)
613 4989 1089 5063 Ἐλικᾳθαριιξν-τιιζ
1109 4990 1289 5063 Codex
1343 4991 1481 5063 Med.
1532 4991 1958 5063 ἐκκαθαρθέντα.

398 5059 521 5114 Mox
560 5057 1014 5132 lafttnulamVat.
1054 5058 1362 5132 Zacagnius
1399 5062 1641 5132 implevit
1687 5057 1819 5116 voce
1863 5061 1962 5130 ἄγ-

396 5147 564 5183 νοιαν.
596 5129 701 5183 Sed
734 5131 1026 5197 prmclarns
1072 5129 1346 5186 Mediceus
1383 5129 1520 5187 liber
1560 5132 1725 5186 nullis
1753 5129 1964 5187 lacunis

397 5207 670 5266 turpatus,
701 5200 862 5254 habet
886 5198 1086 5268 ζημίαν
1111 5201 1321 5268 optimo
1346 5217 1534 5257 sensu.
1565 5201 1640 5257 ιδ.
1667 5201 1798 5255 ibid.

471 5269 585 5337 (84)
637 5269 837 5342 Vocem
891 5269 1446 5342 uncinjsinclusam
1506 5287 1608 5326 nos
1679 5271 1963 5342 supplevi-

396 5355 540 5396 mus.
568 5355 691 5394 cum
721 5341 774 5393 in
806 5339 994 5393 codice
1031 5337 1298 5392 Vaticano
1322 5341 1512 5394 lacuna
1533 5343 1623 5396 sit.

470 5409 602 5476 (85)
641 5410 880 5464 Ἔπειτα
917 5407 1211 5477 μέντοιγε,
1271 5410 1368 5462 καὶ
1423 5411 1627 5475 τούτῳ.
1655 5411 1790 5464 Cod.
1824 5408 1960 5464 Med.

396 5476 586 5548 ἔπειτα
617 5479 798 5548 μέντοι
820 5476 930 5542 τοῖς
964 5481 1095 5543 σοῖς.
1130 5479 1306 5547 Longe
1340 5479 1411 5532 ita
1429 5481 1602 5535 satius
1636 5497 1649 5532 :
1681 5496 1804 5534 cum
1836 5478 1958 5534 Vat.

399 5547 636 5620 lectione
663 5548 746 5620 bis
773 5550 1016 5602 eamdem
1047 5550 1371 5620 sententiam
1398 5565 1503 5620 non
1534 5551 1651 5605 sine
1669 5551 1963 5620 tautologia

400 5615 675 5688 posuisset
702 5615 980 5688 Nyssenus
1005 5636 1018 5672 :
1047 5618 1158 5687 jam
1196 5620 1340 5673 enim
1375 5619 1536 5687 paulo
1580 5629 1706 5673 ante
1750 5615 1965 5673 dixerat

399 5703 523 5740 cum
557 5685 765 5741 Basilio
801 5704 860 5743 se
890 5685 1297 5743 conversatum.
1335 5685 1517 5742 Sittins
1554 5690 1716 5752 igitur
1751 5691 1856 5743 erit
1907 5700 1963 5742 ut

400 5755 656 5828 deinceps
686 5756 828 5814 dicat
858 5773 918 5814 se
956 5756 1126 5816 fuisse
1182 5776 1300 5816 cum
1358 5760 1666 5816 hominibus
1715 5761 1831 5829 ejus
1877 5761 1962 5813 cui

2067 3301 2153 3350 est
2184 3293 2471 3361 Romanis,
2505 3309 2632 3349 eum
2665 3295 2898 3351 hiberno
2932 3304 3178 3367 tempore
3207 3299 3290 3353 sol
3333 3299 3648 3368 superiores

2067 3385 2193 3440 οωιί
2243 3395 2424 3454 partes
2479 3393 2754 3455 repetens,
2793 3385 2977 3441 diurni
3039 3389 3204 3456 spatii
3250 3389 3645 3444 incrementum

2070 3475 2316 3530 inchoat.
2335 3474 2567 3529 Sacrum
2601 3483 2784 3530 autem
2803 3491 2929 3531 esse
2959 3485 3154 3546 putant
3182 3479 3390 3534 mensis
3407 3479 3646 3544 initium,

2069 3573 2128 3620 et
2167 3581 2234 3619 ex
2265 3564 2368 3618 hac
2397 3563 2488 3618 die
2513 3578 2676 3620 omen
2705 3565 2878 3620 totius
2897 3566 3027 3620 anni
3057 3568 3362 3636 capientes,
3392 3567 3646 3624 felicibus

2067 3659 2316 3722 eventis,
2353 3659 2819 3728 prosperitatibus
2855 3667 2910 3713 et
2955 3659 3226 3715 bonorum
3269 3662 3512 3715 omnium
3563 3660 3648 3715 af-

2068 3748 2312 3805 fluentiis
2340 3749 2696 3818 auspicandis
2724 3758 2940 3804 vacant.
2965 3748 3241 3816 Quorsum
3271 3751 3376 3806 hoc
3395 3751 3649 3822 epistolae

2069 3840 2379 3896 exordium.
2429 3841 2698 3908 Quoniam
2735 3847 2790 3894 et
2827 3841 2967 3910 ipse,
3022 3857 3177 3911 teque
3225 3857 3290 3898 ac
3357 3843 3457 3909 illi,
3523 3845 3647 3899 auri

2071 3931 2276 3986 donum
2311 3931 2565 4002 adeptus,
2625 3931 2825 3988 festum
2862 3932 3012 3988 hunc
3044 3933 3188 3988 diem
3240 3934 3357 4004 egi:
3418 3949 3542 3988 nam
3577 3936 3646 3990 ad

2077 4038 2228 4078 meas
2257 4039 2476 4093 quoque
2501 4031 2633 4078 tunc
2665 4039 2860 4079 manus
2883 4025 3129 4092 pervenit
3154 4040 3375 4089 aurum,
3395 4041 3505 4080 non
3523 4028 3643 4081 vul-

2080 4126 2209 4183 gare
2257 4112 2393 4167 illud
2427 4113 2576 4182 quod
2622 4128 2782 4184 reges
2819 4113 2872 4166 in
2905 4113 3083 4183 pretio
3131 4113 3356 4179 habent,
3410 4123 3467 4170 et
3498 4113 3648 4170 dono

2083 4205 2216 4259 dant
2253 4204 2346 4274 qui
2376 4219 2442 4260 eo
2465 4204 2770 4271 abundant,
2803 4219 2918 4260 rem
2957 4220 3151 4275 nempe
3196 4221 3514 4270 onerosam,
3560 4207 3647 4262 vi-

2075 4297 2181 4352 lem
2214 4305 2268 4352 et
2306 4297 2636 4361 inanimem,
2667 4295 2762 4351 sed
2794 4296 2941 4367 quod
3000 4297 3144 4368 apud
3186 4299 3447 4354 cordatos
3497 4299 3646 4354 viros

2076 4387 2330 4442 omnibus
2359 4386 2568 4443 divitiis
2599 4387 2959 4444 excellentius
2993 4397 3098 4458 est,
3124 4389 3497 4460 pulcherrima
3512 4403 3646 4444 sane

2077 4573 2275 4630 scribit
2309 4576 2618 4645 epistolam.
2658 4573 2735 4630 ld.
2759 4590 2814 4641 ρ.
2841 4575 2931 4630 95.

2146 4646 2258 4714 (86)
2295 4641 2401 4701 Κὰὶ
2426 4663 2559 4714 τυχ.
2599 4647 2707 4698 Καί
2739 4645 2956 4714 abesta
2990 4641 3129 4698 Med.
3174 4642 3336 4712 paulo
3380 4650 3515 4714 post
3550 4643 3643 4714 od-

2069 4713 2163 4767 δέν
2191 4716 2354 4771 habet
2408 4713 2720 4775 idfcodex,
2770 4713 2915 4783 quod
2961 4714 3102 4768 valet
3141 4729 3280 4775 non,
3309 4713 3475 4783 veluti
3509 4713 3643 4766 nihii

2069 4783 2336 4847 latinum;
2367 4793 2420 4840 et
2480 4785 2637 4852 longe
2682 4781 2903 4853 praestat
2942 4783 3020 4853 τῷ
3066 4783 3302 4853 οὐδαμοῦ
3355 4781 3642 4836 Vaticani:

2070 4857 2250 4908 solum
2295 4855 2438 4924 enim
2484 4853 2588 4907 sibi
2639 4869 2748 4924 non
2804 4852 3391 4924 fuisse'praeceptores
3421 4867 3646 4906 monere

2069 4924 2186 4993 ipse
2213 4923 2347 4976 vult.
2375 4923 2454 4993 id.
2491 4923 2733 4993 νειμ-94.

2142 4993 2252 5064 (87)
2293 4993 2345 5044 Ὀ
2363 4991 2499 5064 διδ,
2518 4991 2656 5044 Med.
2688 4992 2715 5064 δ
2735 4991 2792 5045 δὲ
2819 4991 2918 5044 διδ.

2143 5059 2254 5130 (88)
2321 5063 2610 5116 Τοιούτων
2652 5061 2767 5126 τὴν
2816 5061 3012 5114 αἰτίαν
3055 5061 3379 5116 ἀναθεῖναι.
3435 5059 3488 5114 Id
3510 5059 3637 5113 cod.

2069 5132 2353 5205 ἡμετέρων
2378 5131 2651 5205 ἀναθεῖναι
2680 5132 2779 5201 τὴν
2807 5131 3007 5205 αἰτίαν”
3053 5146 3090 5205 _a
3136 5147 3246 5205 quo
3278 5133 3450 5205 etiam
3479 5130 3643 5205 abest

2070 5199 2471 5272 postremavox
2505 5202 2670 5270 ὅμως.
2700 5199 2770 5272 ςέ-
2806 5200 2886 5272 lta
2937 5201 3024 5272 hic
3053 5199 3339 5272 legendum
3402 5199 3640 5266 videtur,

2067 5269 2196 5326 licet
2240 5272 2294 5325 in
2320 5269 2584 5324 Vaticano
2613 5270 2802 5324 codice
2830 5271 2901 5324 sit
2929 5269 3145 5324 τούτου.

2139 5340 2258 5412 (89),
2291 5341 2518 5394 Ἐπιστ.
2536 5339 2611 5412 "In
2654 5355 2757 5394 ms.
2783 5339 2922 5394 Med.
2947 5340 3309 5412 ba:c__epistol_a
3329 5338 3644 5396 inscribitur

2068 5411 2306 5480 Λιϐανίῳ
2338 5411 2560 5480 σοφιστῇ
2589 5425 2600 5436 ·
2639 5417 2830 5480 estque
2862 5426 3015 5464 num.
3048 5408 3113 5480 Χ,

2139 5481 2250 5551 (90)
2280 5477 2447 5548 ’Περὶ
2493 5477 2608 5551 τὴν
2647 5509 2716 5519 -
2741 5477 3012 5551 ξιτάτριον.
3066 5478 3189 5551 Ms._
3208 5478 3346 5534 Med.
3376 5477 3506 5550 περ).
3541 5477 3641 5548 τὴν

2079 5549 2356 5622 χειμέριον
2387 5550 2592 5620 τροπὴν
2621 5549 2765 5622 κατά
2794 5566 2847 5602 τι
2878 5549 3124 5622 πάτριον.
3150 5549 3396 5622 Egregie.
3431 5549 3642 5604 Sensus

2070 5620 2273 5689 optime
2305 5621 2798 5690 εοηειιιιοτροπή,
2829 5620 3156 5690 vocabulum
3205 5620 3275 5673 ad
3333 5628 3638 5688 temporum
3699 5655 3702 5658 .

2073 5688 2460 5761 conversiones
2491 5688 2716 5761 scilit'et.
2737 5688 3036 5757 pertinens.
3063 5688 3127 5761 Et
3155 5689 3331 5761 τροπὴ
3384 5705 3484 5761 pro
3525 5691 3640 5761 sol:

2073 5761 2223 5817 stitio
2247 5759 2488 5830 profecto
2518 5753 2802 5837 accipitur,
2830 5759 3122 5833 χειμερινῷ
3167 5753 3251 5816 νὀι
3297 5753 3512 5831 θερινῷ.
3554 5753 3643 5812 Nil
