4068 6154
443 311 585 370 1033

1617 322 1998 380 ΕΡΙΞΤΟΙ..·Ε.
2043 352 2115 370 —-
2151 329 2373 386 EPIST.
2418 333 2523 388 XV.

3565 355 3700 412 1054

439 426 588 496 ἥλιον
618 421 776 478 εἶναι.
825 427 1030 480 Οὐκοῦν
1059 429 1178 482 οὐδὲ
1222 429 1317 500 τὴν
1344 431 1538 487 ἀκτῖνα
1565 433 1674 486 τῶν
1705 436 1813 489 σῶν
1842 436 2007 504 λόγων

2118 440 2300 496 aditus
2343 444 2752 515 praecludatur;
2787 450 2882 504 sed
2919 455 3102 521 potius
3155 454 3270 508 vult
3308 461 3366 509 ut
3401 457 3554 514 orbis
3585 475 3702 515 mo-

437 514 812 586 ἀμαυροῦσθαι
843 517 1021 582 καλῶς
1047 518 1158 588 ἔχει
1201 519 1291 573 διὰ
1329 523 1453 585 τοὺς
1483 525 1792 593 μεμυκότας
1823 525 1892 578 τὰ
1918 527 2015 598 τῆς

436 608 612 678 ψυχῆς
654 608 1001 680 αἰσθητήρια.
1045 610 1149 663 Τὸν
1196 611 1253 663 δὲ
1299 613 1568 682 Κυνήγιον
1615 614 1844 686 εὔχομαι
1895 617 2012 686 μὲν,

434 698 574 753 ὥστε
608 699 839 769 μάλιστα
869 701 965 770 μὲν
993 701 1182 772 πόρρω
1215 703 1313 772 τῆς
1359 703 1546 772 κοινῆς
1591 699 1728 759 εἶναι
1763 707 1918 760 νόσου
1979 707 2014 778 ἥ

435 787 530 840 νῦν
571 789 697 854 τοῦς
745 791 899 855 νέους
943 793 1272 864 κατείληφεο
1325 795 1609 866 προσέχειν
1658 795 1714 849 δὲ
1763 798 1904 851 κατά
1952 799 2012 850 τὸ

436 880 684 934 ἑκούσιον
714 881 791 952 (1)
816 884 880 953 τῇ
911 883 1043 954 περὶ
1068 885 1195 948 τοὺς
1223 883 1415 952 λόγους
1441 883 1667 956 σπουδῇ.
1692 886 1824 939 me:
1843 886 2014 950 ἄλλως

435 970 569 1041 ἔχει,
602 971 806 1026 δίκαιόν
839 974 952 1028 ἐστι
1014 975 1106 1028 καὶ
1159 975 1233 1047 μὴ
1269 975 1588 1046 βουλόμενον
1635 976 1796 1028 αὑτὸν
1830 976 2014 1030 ἐκϐιά-

437 1061 645 1126 ζεσθαι,
677 1066 734 1117 ἐν
783 1056 827 1133 ᾧ
864 1064 958 1118 νῦν
980 1065 1128 1130 ὄντες
1157 1066 1230 1138 (2)
1261 1069 1310 1120 οί
1345 1066 1450 1137 πρὸ
1478 1065 1670 1118 τούτου
1703 1066 1808 1120 τῶν
1839 1067 2014 1135 λόγων

437 1154 924 1226 ἀποστατήσαντες,
976 1157 1193 1212 ἐλεεινοί
1237 1157 1380 1222 τινές
1426 1158 1563 1211 εἰσιν
1613 1158 1703 1211 ὑπ’
1749 1157 2013 1230 αίσχύνης

437 1245 846 1316 καταδυόμενοι.

2115 529 2427 586 deratorem
2459 535 2766 604 imitentur,
2801 546 2895 609 qui
2941 543 3144 612 probos
3195 559 3351 614 mque
3382 561 3446 602 ac
3495 549 3700 619 impro-

2115 619 2213 675 bos
2269 625 2514 678 omnium
2565 630 2752 685 tnundi
2789 632 3058 687 bonorum
3091 645 3381 692 consortes
3420 637 3573 692 facit.
3619 641 3697 693 Ad

2119 708 2234 765 haec
2284 713 2627 783 respiciens,
2663 719 2747 774 vir
2801 721 3159 792 admirande,
3208 726 3372 781 talem
3413 736 3467 784 te
3516 730 3696 799 ipsum

2111 816 2260 857 nunc
2293 804 2476 872 praebe
2516 809 2736 877 qualem
2781 815 3116 882 praeteritum
3167 824 3384 888 tempus
3429 822 3693 876 ostendit.

2112 891 2300 963 Neque
2332 896 2479 950 enim
2517 901 2691 955 solem
2737 918 2847 958 non
2895 919 3022 961 esse
3071 907 3241 961 solem
3273 909 3405 964 caeci
3449 893 3696 980 unquam

2111 982 2392 1041 eﬂ‘ecerint
2421 1004 2435 1040 :
2467 1005 2645 1060 neque
2674 1009 2774 1062 par
2799 1003 2881 1050 est
2916 1003 3134 1050 tuorum
3162 1012 3479 1053 sermonum
3509 1001 3696 1058 radios

2109 1085 2334 1145 prepter
2381 1093 2478 1136 eos
2515 1082 2802 1138 obscurari
2851 1086 2944 1154 qui
3000 1085 3200 1141 habent
3228 1088 3426 1143 animae
3475 1104 3692 1147 sensus.

2111 1166 2414 1237 Cynegium
2463 1178 2644 1226 autem
2699 1173 2768 1228 ab
2833 1173 2936 1229 hoc
2986 1177 3266 1232 communi
3321 1179 3560 1246 morbo,
3597 1183 3694 1250 qui

2115 1261 2542 1328 nuncjuniorcs
2597 1277 2851 1334 quosque
2902 1266 3194 1336 corripuit,
3248 1283 3415 1336 quam
3452 1273 3694 1327 maxime

439 1341 636 1395 abesse
687 1351 741 1396 et
789 1343 1120 1414 eloquentia:
1177 1344 1377 1401 studiis
1413 1345 1560 1398 ultro
1611 1358 1676 1399 ac
1714 1353 1910 1414 sponte
1945 1346 2264 1407 incumbere
2295 1354 2453 1410 valde
2483 1365 2632 1424 Opto.
2667 1357 2822 1423 Quod
2859 1360 2906 1414 si
2962 1360 3122 1414 aliter
3186 1362 3405 1429 sentiat,
3475 1379 3691 1434 acquum

433 1437 520 1486 cst
571 1440 630 1486 ut
686 1441 741 1488 et
803 1436 1079 1490 nolentem
1139 1449 1424 1507 cogamus,
1470 1443 1757 1506 pr0pterca
1821 1436 1968 1505 quod
2028 1440 2214 1495 miseri
2294 1443 2406 1498 sint
2483 1461 2792 1519 magnoque
2852 1448 3120 1506 dedecore
3181 1466 3330 1506 nunc
3383 1453 3694 1509 afﬁciantur

435 1529 526 1601 qui
563 1537 690 1587 ante
738 1530 844 1587 hoc
898 1539 1112 1602 tempus
1161 1533 1490 1602 eloquentiae
1535 1531 1716 1588 studia
1749 1530 2138 1590 deseruerunt.

907 1863 1252 1920 summa
1288 1865 1369 1920 IE'
1408 1866 1506 1936 (5).

2644 1865 2986 1926 EPISTOLA
3043 1871 3161 1927 XV.

438 2043 517 2098 Ad
556 2061 832 2115 quemnam
865 2047 975 2101 Iuro
1015 2049 1239 2117 epistola
1270 2053 1466 2119 scripta
1500 2051 1601 2124 sit,
1632 2051 1870 2124 divinare
1898 2068 1999 2105 non
2025 2067 2345 2124 possumus;
2374 2070 2604 2121 quanam
2647 2065 2821 2108 autem
2859 2054 3132 2109 occasione
3169 2054 3366 2123 scripta
3406 2055 3597 2124 fuerit,
3622 2071 3688 2111 ex

760 2124 762 2127 ’
1543 2121 1780 2189 ejusdem
1826 2123 2044 2176 lectione
2083 2123 2290 2192 liquido
2341 2133 2577 2190 apparet.

501 2323 613 2378 Καὶ
655 2321 764 2377 τῶν
795 2322 970 2378 ἄλλων
996 2324 1248 2380 ἁπάντων
1276 2325 1472 2397 μικροῦ
1520 2325 1631 2380 δεῖν
1655 2367 1672 2392 ,
1722 2329 1822 2381 ὅσα
1867 2331 2007 2380 ποιεῖ

2183 2327 2319 2382 Cum
2385 2343 2570 2382 rerum
2643 2326 2756 2384 fere
2831 2331 3075 2384 omnium
3156 2345 3278 2401 qum
3338 2345 3692 2402 possessores

430 2413 558 2478 τοῦς
589 2414 958 2485 κεκτημένους
996 2416 1334 2487 εὐδαίμονας,
1364 2416 1594 2487 πένητες
1629 2419 1679 2470 οἱ
1710 2419 2005 2472 Καππάδο-

432 2521 526 2568 κες
551 2505 628 2576 (4)
652 2505 831 2576 ἡμεῖς,
855 2506 1019 2561 πλέον
1047 2507 1103 2560 δὲ
1132 2507 1348 2560 πάντων
1380 2507 1608 2577 πένητες
1635 2507 1742 2561 τῶν
1773 2508 2006 2579 γράφειν

429 2596 742 2668 δυναμένων
775 2599 874 2668 (5).
923 2599 1094 2652 Τοῦτό
1125 2616 1207 2652 τοι
1242 2599 1335 2652 καὶ
1362 2599 1463 2669 τῆς
1495 2600 1693 2670 πολλῆς
1727 2599 1818 2653 τοῦ
1847 2601 2005 2668 λόγου

434 2687 761 2762 βραδύτητος
787 2693 977 2744 αἴτιον.
1013 2692 1128 2763 Πρὸ
1155 2691 1397 2754 πλείονος
1427 2692 1535 2762 γάρ
1570 2710 1659 2763 μοι
1689 2693 1880 2765 χρόνου
1913 2709 2007 2744 πε-

431 2784 740 2855 πονημένης
763 2787 860 2856 τῆς
886 2786 1022 2855 πρὸς
1053 2787 1152 2856 τὴν
1205 2787 1412 2858 αἵρεσιν
1457 2788 1826 2857 ἀντιρρήσεως
1850 2785 1950 2857 (6),
1979 2787 2008 2840 ὁ

435 2878 798 2948 μεταγράφων
830 2878 928 2931 οὐκ
951 2873 1040 2950 ἦν,
1090 2877 1360 2950 [τοσαύτη
1395 2877 1523 2950 τῶν]
1569 2877 1824 2949 γραφέων
1855 2877 1928 2948 (7)
1972 2878 2006 2948 ἡ

377 3030 380 3034 ,
431 2969 652 3040 ἀπορία,
703 2971 974 3042 ῥᾳθυμίας
1013 2973 1165 3042 ἡμῖν,
1217 2971 1356 3025 κατά
1396 2970 1456 3024 τὸ
1496 2970 1661 3034 εἰκὸς,
1691 2969 1725 3040 ἦ
1752 2970 1849 3039 τῆς
1880 2969 2007 3040 περὶ

431 3061 522 3115 τὸν
548 3061 706 3131 λόγον
759 3062 1041 3126 ἀσθενείας
1097 3060 1694 3134 προσε[νεγκοῦσα(8)ι
1728 3060 2002 3114 ὑπόνοιαν.

443 3155 581 3209 Ἀλλ’
609 3155 795 3228 ἐπειδὴ
823 3155 917 3210 νῦν
944 3155 1074 3226 γοῦν
1101 3155 1243 3210 κατά
1273 3155 1408 3208 Θεοῦ
1437 3154 1596 3225 χάριν
1624 3153 1653 3205 ὅ
1675 3169 1732 3205 τε
1757 3151 2004 3222 γράφων,

431 3247 525 3299 καὶ
548 3247 576 3300 ὁ
607 3246 912 3318 δοκιμάζων
945 3246 1015 3304 τά
1045 3245 1402 3316 γεγραμμένα
1435 3243 1660 3316 [παρῆνν
1686 3242 1875 3296 τοῦτον
1904 3240 2004 3313 (9η

432 3336 744 3391 ἀπέσταλκα
768 3339 918 3408 ὑμῖν,
962 3335 1024 3390 οὐ
1065 3336 1245 3400 καθώς
1276 3352 1438 3406 φησιν
1471 3337 1500 3388 ὁ
1545 3335 1878 3406 Ἰσοκράτης,
1908 3333 2008 3386 δῶ-

437 3445 527 3499 ρον
566 3427 657 3482 τὸν
697 3428 852 3497 λόγον
885 3427 996 3499 (10)
1023 3444 1038 3460 ο
1084 3427 1204 3482 οὐδὲ
1245 3427 1353 3498 γὰρ
1381 3425 1643 3499 τοι[οὖτον
1672 3422 1832 3496 εἶναι]
1865 3421 2006 3492 λογί-

433 3520 615 3592 ξομαι,
637 3521 711 3586 ὡς
736 3522 856 3576 ἀντὶ
884 3523 1160 3594 κτήματος
1185 3521 1267 3592 τῷ
1296 3520 1564 3592 δεξομένῳ
1593 3517 1864 3588 γενέσοαγ
1892 3517 2004 3570 ἀλλ’

433 3611 507 3676 ὡς
532 3611 600 3667 ἂν
624 3613 830 3682 γένοιτο
857 3615 985 3685 ήμϊν
1016 3613 1164 3686 [τοὺς
1193 3615 1249 3666 ὲν
1280 3612 1358 3682 τῷ
1387 3612 1504 3665 νυνὶ
1530 3609 1678 3682 (11)]
1730 3610 2003 3681 σφριγῶν-

434 3719 531 3766 τας
558 3706 624 3775 τῇ
656 3705 808 3776 ἀκμῇ
838 3704 940 3774 τῆς
971 3703 1224 3774 νεότητος
1267 3699 1680 3771 καταθαρσῆσαι
1725 3700 1823 3768 τῆς
1869 3699 2003 3768 πρὸς

433 3792 560 3857 τοὺς
589 3793 860 3858 ἐναντίους
907 3792 1105 3865 μάχης,
1150 3795 1209 3846 ὲν
1250 3793 1317 3862 τῇ
1344 3791 1438 3845 τοῦ
1469 3790 1698 3862 [ἀγῶνος
1722 3786 1914 3860 πείρᾳ]
1944 3787 2006 3840 τὸ

501 4015 584 4140 ρ)
614 4015 942 4070 Ἕκούσιον.
967 4015 1187 4086 Optima
1203 4015 1364 4070 etiam
1390 4013 1504 4067 hazc
1524 4009 1821 4072 restitutio,
1839 4022 2005 4078 quam

523 4095 606 4140 ert
641 4101 744 4140 ms.
783 4085 922 4140 Med.
951 4115 1020 4125 —-
1045 4086 1112 4139 Et
1143 4085 1231 4138 hic
1262 4083 1576 4140 necessario
1603 4080 2005 4137 emendandum

437 4080 606 4140 refert
641 4101 744 4140 ms.
783 4085 922 4140 Med.
951 4080 1112 4139 -Ἐι
1143 4085 1231 4138 hic
1262 4083 1576 4140 necessario
1603 4080 2006 4137 emendandum

436 4171 639 4212 censeo
669 4155 993 4212 Vaticanum
1025 4154 1295 4222 codicem,
1326 4154 1384 4208 in
1432 4168 1544 4224 quo
1583 4152 1784 4221 legitur
1840 4149 2008 4202 ἀκού-

439 4243 470 4278 σ
475 4243 572 4282 ιον.

509 4296 582 4366 (2)
615 4293 744 4351 Levi
773 4296 1073 4366 mutatjone
1095 4296 1242 4350 hunc
1261 4296 1440 4350 locum
1471 4289 1856 4364 corrigendum
1886 4305 2008 4346 esse

440 4360 774 4442 putavimus,
807 4366 893 4442 ἐφ’
926 4360 970 4434 ᾧ
999 4366 1312 4442 νῦνῇρντως.
1487 4434 1496 4442 _
1542 4441 1545 4442 ν
1593 4360 1647 4442 ’⁷
1684 4433 1694 4442 _
1838 4430 1870 4442 η
1898 4430 1909 4441 θ

509 4436 584 4506 (3)
625 4431 1064 4492 ‘Emozﬁln'ms.
1089 4435 1231 4491 Med.
1269 4437 1384 4490 hate
1413 4434 1645 4506 epistola
1682 4431 2008 4488 inscribitur

341 4536 343 4538 -
438 4502 658 4577 Ἰωάννῃ
700 4508 793 4559 καὶ
828 4507 1180 4577 ᾼΜαξιμιανῷξ
1236 4502 1570 4577 estque—du.

512 4576 588 4643 (4)
624 4574 1034 4642 Καππάδοκες.
1068 4574 1208 4632 Med.
1241 4574 1621 4629 Καππαδόκαι.

513 4647 588 4716 (5)
620 4645 694 4702 De
716 4647 818 4702 hac
839 4649 1188 4702 librariorum
1217 4647 1360 4716 apud
1387 4645 1736 4716 Cappadoces
1753 4643 2005 4716 penuria,

443 4715 592 4788 clare
623 4719 786 4788 etiam
822 4719 1180 4788 conqueritur
1219 4715 1278 4771 S.
1320 4715 1555 4788 Basilius
1596 4717 1653 4768 in
1700 4716 1806 4769 [ine
1840 4715 2004 4783 epist.

445 4786 568 4856 167,
597 4785 1024 4856 et_subobscure
1048 4788 1101 4840 in
1134 4788 1364 4856 epistola
1398 4785 1524 4839 541.

515 4854 592 4926 (6)
631 4853 1046 4927 Videturloqui
1079 4853 1360 4927 Nyssenus
1391 4871 1504 4927 non
1519 4854 1604 4927 de
1633 4853 2008 4927 Autirrlietico

442 4923 716 4993 adversus
754 4923 1166 4992 Apollinarem}
1198 4927 1293 4980 sed
1351 4927 1416 4980 de
1459 4925 1568 4978 alio
1631 4925 1755 4993 ejus
1811 4940 2009 4993 magno

441 5010 607 5066 opere
636 4992 923 5066 adversus
977 4994 1307 5050 Eunomium
1339 5014 1356 5062 ;
1388 4995 1590 5064 prioris
1639 4992 1799 5066 enim,
1821 4992 2009 5066 operis

442 5063 553 5120 non
584 5063 878 5136 admodum
918 5065 1141 5136 prolixi
1165 5063 1443 5136 exemplar
1471 5079 1642 5136 unum
1681 5064 1838 5119 facile
1868 5063 2010 5134 Nys-

443 5151 609 5191 scnus
665 5132 936 5189 coniicere
997 5132 1632 5204 potuisset;'posterius
1687 5150 1817 5204 vero
1869 5132 2008 5204 opus

445 5207 633 5260 multis
689 5205 866 5273 iisque
914 5203 1255 5270 longissimis
1291 5203 1446 5260 libris
1491 5210 1732 5259 constat.
1789 5203 2008 5275 Scripta

442 5284 526 5330 est
552 5277 738 5347 itaque
777 5278 892 5330 hanc
920 5276 1149 5347 epistola
1179 5276 1342 5347 paulo
1385 5282 1509 5344 post
1538 5275 2009 5345 Constantinopo-

444 5343 668 5400 litanani
706 5343 1089 5415 [generalem
1155 5343 1462 5414 synodum;
1519 5360 1646 5400 natu
1715 5360 1826 5398 uno
1881 5343 2008 5401 ante

441 5417 565 5486 ejus
585 5413 1223 5486 synodiﬁcelebrmionem
1251 5430 1396 5486 anno
1425 5415 1596 5486 libros
1625 5416 1748 5470 illos
1766 5415 2008 5486 edidisse

444 5434 471 5469 e
501 5433 565 5472 us
585 5433 778 5486 synont
805 5433 1223 5472 celebrationem
1251 5433 1396 5469 anno
1425 5433 1596 5470 lllll'OS
1625 5433 1748 5470 tuos
1766 5433 2005 5472 eatatsse

444 5433 776 5556 lilyssenum,
808 5487 946 5540 scite
1000 5485 1196 5554 probat
1253 5483 1606 5542 Hermantius
1660 5486 1717 5540 in
1777 5485 1895 5540 Vita
1945 5487 2005 5542 S.

447 5554 639 5609 Basilii
670 5555 766 5609 lib.
798 5571 914 5620 vttl,
947 5570 1068 5624 cap.
1103 5557 1194 5609 25.

517 5625 594 5695 (7)
630 5626 893 5698 Τοσαύτη
942 5623 1060 5678 τῶὀρ
1082 5623 1608 5698 γραφέωνηιᾱηκαῖ.
1654 5627 1721 5697 τῇ
1763 5625 2010 5698 ὑπογρα-

446 5692 611 5764 φέὼν.
630 5692 690 5747 In
706 5694 810 5750 hac
839 5692 894 5750 et
918 5692 1278 5762 sequentibus
1309 5695 1560 5763 epistolis
1588 5692 2011 5751 lacunae'm'u'lta:

453 5765 794 5837 .eporiuntur
819 5765 876 5823 in
917 5765 1106 5825 codice
1131 5765 1548 5837 Vaticano,non
1579 5766 1793 5826 librarii
1827 5767 2007 5837 culpa,

2108 2434 2240 2475 suos
2275 2419 2464 2475 felices
2501 2421 2728 2485 faciunt,
2765 2436 3034 2492 pauperes
3059 2439 3162 2479 nos
3188 2423 3548 2495 Cappadoces
3611 2426 3687 2480 si-

2105 2526 2251 2574 mus,
2281 2527 2392 2581 pra}
2439 2513 2650 2567 caeteris
2678 2519 2860 2567 tamen
2886 2528 3075 2568 eorum
3106 2515 3340 2581 penuria
3371 2515 3688 2569 laboramus

2107 2601 2198 2668 qui
2225 2600 2608 2657 describendis
2633 2603 2788 2659 libris
2823 2619 3046 2674 operam
3081 2612 3322 2672 navant;
3358 2604 3521 2673 idque
3545 2619 3682 2658 sane

2106 2705 2272 2745 causa
2297 2689 2394 2746 fuit
2429 2707 2529 2746 cur
2564 2699 2676 2746 tam
2724 2707 2850 2746 sero
2899 2701 2952 2748 te
2987 2693 3189 2750 litteris
3219 2695 3494 2765 alloquar.
3548 2693 3686 2746 Nam

2107 2797 2232 2836 cum
2268 2793 2393 2838 ante
2444 2783 2675 2837 multum
2735 2786 3002 2854 temporis
3047 2785 3321 2841 haereseos
3356 2785 3689 2840 confutatio-

2107 2889 2231 2928 nem
2281 2874 2731 2939 elucubrassem,
2789 2875 3028 2930 hominis
3063 2876 3154 2946 qui
3218 2877 3369 2930 illam
3415 2875 3687 2930 transcri-

2107 2965 2259 3020 heret
2305 2965 2462 3034 copia
2503 2979 2613 3018 non
2649 2970 2806 3030 erat;
2840 2965 3039 3034 (tanta)
3068 2965 3421 3020 librariorum
3456 2965 3688 3036 penuria

2107 3055 2264 3110 nobis
2289 3063 2408 3119 est,
2444 3071 2566 3126 quae
2609 3070 2743 3110 sane
2773 3055 2829 3109 in
2876 3070 3000 3113 eam
3037 3056 3354 3128 opinionem
3395 3073 3496 3113 nos
3540 3057 3686 3111 haud

2109 3149 2381 3203 immerito
2398 3157 2576 3219 potest
2593 3149 2907 3219 (adducere)
2951 3161 3010 3205 ut
3039 3153 3422 3216 socordes,vel
3449 3151 3518 3206 ad
3547 3151 3688 3207 scri-

2109 3238 2346 3294 bendqu
2403 3239 2606 3294 intirmi
2647 3250 2811 3312 atque
2852 3241 3153 3296 imbecilles
3207 3256 3331 3297 esse
3380 3241 3683 3297 videamur.

2107 3328 2374 3396 Quoniam
2431 3339 2564 3386 vero
2611 3347 2760 3387 nunc
2813 3331 2912 3385 Dei
2938 3347 3165 3386 munere
3193 3332 3354 3387 nobis
3397 3331 3596 3402 (adest)
3631 3341 3688 3384 et

2106 3422 2198 3492 qui
2223 3422 2494 3478 describat
2517 3432 2570 3476 et
2589 3423 2682 3492 qui
2714 3423 2782 3477 ab
2822 3423 2944 3478 aliis
2963 3422 3236 3492 descripta
3257 3422 3522 3491 corrigat,
3558 3423 3683 3477 misi

2114 3511 2271 3569 vobis
2312 3528 2422 3566 non
2455 3513 2701 3566 muneris
2730 3513 2874 3577 loco,
2911 3511 3374 3581 quemadmodum
3405 3513 3681 3568 Isocrates
3739 3535 3759 3552 ο

2113 3605 2212 3668 ait,
2247 3613 2542 3658 tractatum
2577 3605 2744 3658 istum
2774 3621 2787 3658 :
2818 3619 2997 3674 neque
3025 3604 3170 3659 enim
3204 3603 3390 3668 (talem
3421 3603 3564 3674 esse)
3598 3619 3684 3658 ar-

2109 3693 2283 3746 bitror
2315 3700 2372 3747 ut
2407 3692 2544 3746 lucri
2563 3693 2646 3746 vel
2676 3693 3052 3763 possessionis
3084 3692 3319 3760 alicujus
3345 3693 3468 3747 loco
3487 3693 3678 3748 haberi

2113 3780 2288 3851 possit
2320 3798 2334 3836 :
2372 3779 2468 3837 sed
2518 3789 2579 3835 ut
2612 3782 2772 3838 nobis
2806 3780 2971 3836 facile
3021 3780 3238 3836 accidat
3267 3797 3368 3838 vos
3402 3783 3596 3854 (nunc)
3628 3783 3683 3836 in

2113 4003 2207 4058 sed
2242 4003 2370 4072 quia
2403 4002 2456 4055 in
2515 4001 2622 4056 alio
2667 4001 2888 4065 codice,
2922 4017 2988 4057 ex
3032 4017 3142 4072 quo
3183 4009 3310 4057 ante
3351 4001 3686 4072 quingentos

2117 4071 2296 4128 annos
2329 4071 2630 4125 Vaticanus
2663 4073 3030 4142 transcriptus
3051 4071 3191 4137 fuit,
3217 4071 3492 4126 nonnulla:
3526 4079 3685 4126 erant

2111 4145 2341 4213 paginae,
2369 4145 2425 4195 in
2479 4157 2588 4194 una
2641 4156 2861 4213 carut_n_
2892 4149 3137 4197 extrema
3196 4150 3354 4211 parte
3408 4149 3684 4196 vetustate

2108 4211 2470 4277 consumpta},
2506 4226 2738 4279 quarum
2771 4211 3045 4266 defectum
3088 4220 3349 4268 accurate
3395 4213 3532 4266 adeo
3576 4225 3686 4263 .an-

2109 4285 2298 4352 tiquus
2331 4281 2580 4336 Vaticani
2615 4280 2822 4336 codicis
2866 4283 3105 4352 scriptor
3151 4280 3586 4352 repraesentavit,
3626 4289 3686 4332 ut

2107 4354 2480 4408 deﬁcientium
2550 4355 2843 4406 verborum
2904 4367 3231 4414 numerum,
3277 4352 3472 4405 relicto
3535 4365 3686 4402 nunc

2109 4423 2326 4491 majori,
2353 4438 2498 4476 nunc
2533 4421 2735 4478 minori
2765 4422 2942 4491 spatio
2974 4420 3394 4492 diligentissime
3423 4419 3683 4492 designa-

2108 4488 2267 4548 verit.
2304 4492 2414 4546 Nos
2445 4501 2650 4554 autem,
2683 4507 2750 4545 ne
2781 4488 2861 4546 tot
2889 4488 3156 4545 hiatus'in
3211 4488 3526 4543 earumdem
3560 4489 3682 4555 epi-

2108 4565 2372 4617 stularum
2425 4571 2687 4617 contextu
2733 4561 3220 4629 conspicerentur,
3257 4559 3485 4629 lacunas
3536 4558 3682 4618 illas,

2110 4634 2296 4687 habita
2337 4634 2550 4687 ratione
2586 4632 2812 4698 majoris
2848 4627 3151 4683 minorisve
3204 4627 3683 4698 intervalli,_quod

2111 4705 2372 4771 antiquus
2393 4702 2653 4756 librarius
2673 4696 2926 4766 reliquit,
2947 4699 3260 4771 cxingenio
3287 4696 3682 4771 supplevimus,

2109 4782 2164 4825 et
2218 4767 2564 4839 conjecturas
2626 4778 2846 4823 nostras
2899 4768 3272 4839 semicirculis
3328 4767 3682 4839 inclusimus,

2109 4858 2176 4896 ne
2213 4837 2438 4908 eas—pro
2467 4839 2696 4908 Nysseni
2741 4839 2925 4908 verbis
2971 4837 3257 4908 quispiam,
3280 4837 3578 4908 acciperet.

2179 4912 2257 4976 (8)
2288 4907 2810 4977 Προσενετκοῦσα.
2849 4907 2923 4960 Id.
2971 4907 3370 4977 προσετρίψατο
3401 4907 3486 4977 ἄν.

2182 4975 2260 5048 (9)
2294 4975 2520 5045 Παρῆν,
2561 4975 2794 5031 τοῦτον.
2832 4977 2910 5048 Id.
2945 4975 3265 5048 εὑρέθησαν.
3322 4975 3492 5030 Paulo
3537 4986 3684 5047 post,

2108 5046 2225 5104 οὐδὲ
2245 5046 2364 5168 ’γάρ
2384 5067 2434 5100 τι
2454 5049 2693 5100 τοιοῦτον
2731 5048 2788 5100 ὲν
2811 5046 3008 5114 τούτῳ.

2181 5119 2292 5168 (10)
2357 5126 2411 5168 ta
2453 5119 2597 5168 hunc
2635 5119 2816 5168 locum
2861 5132 3008 5168 emet]

2181 5119 2292 5186 (10)
2335 5115 2411 5171 lla
2453 5119 2597 5170 hunc
2635 5119 2816 5171 locum
2861 5115 3274 5171 enteudavimus
3322 5132 3387 5169 cx
3421 5115 3688 5186 lsocratis

2111 5189 2367 5243 Oratione
2413 5187 2482 5240 ad
2532 5186 2896 5247 Demonicum,
2941 5185 2996 5239 in
3045 5186 3206 5254 cujus
3260 5185 3531 5254 exordio,
3558 5201 3684 5254 quae

2108 5259 2392 5329 Nysseuus
2423 5257 2630 5329 laudat,
2677 5257 2977 5329 habentur;
3008 5253 3135 5329 na_m
3185 5253 3688 5329 in_Va‘ti_canoigo-

2112 5317 2236 5384 dice
2263 5317 2676 5396 corruptissime
2687 5317 3004 5396 scribitur,
3036 5317 3199 5396 εὗρον
3224 5325 3316 5396 τὸν
3337 5394 3345 5396 _
3365 5323 3542 5396 λόγον.
3593 5322 3686 5396 Sic

2113 5401 2258 5454 idem
2288 5391 2568 5466 Nyssenus
2591 5395 2644 5449 in
2675 5391 3126 5466 Epist.p_rimarad
3152 5391 3462 5466 Eusebium,
3497 5393 3688 5466 d);__5t&

2108 5467 2266 5522 τοῦτο
2304 5463 2477 5538 δῶρον
2516 5464 2614 5536 τὴν
2661 5463 2947 5535 ἐπιστολὴν
2978 5465 3090 5528 τοῖς
3125 5465 3431 5533 φιλολόγοις
3466 5463 3687 5536 νομίζε-

2115 5539 2261 5592 σθαι.

2182 5605 2500 5680 (Ηλᾞμῖν
2527 5603 2668 5680 τοὺς
2704 5602 2872 5680 ἐτίτῷ
2898 5603 3058 5680 rmi-
3091 5602 3168 5658 ιδ·
3201 5603 3354 5675 ὑμῶν
3381 5601 3685 5680 smmi.-

2111 5672 2424 5731 ὥστείΜοὶί
2476 5691 2606 5732 vero
2633 5678 2690 5730 ὲν
2729 5677 2795 5746 τῇ
2830 5675 2928 5729 τοῦ
2983 5672 3252 5746 γέροντος
3277 5672 3578 5746 προρυμίᾲ.
3619 5672 3686 5724 Et

2113 5748 2276 5819 paulo
2303 5753 2446 5819 post,
2475 5748 2565 5803 καὶ
2587 5747 2695 5818 τῆς
2725 5743 2894 5817 ἀκοῆς
2923 5746 3014 5801 τοῦ
3056 5743 3517 5820 σοφιστοῦάξιον.
