4068 6154
383 187 522 244 1059

1605 169 1664 226 S.
1701 164 2028 225 GREGORII
2060 163 2357 223 NYSSENI

3487 168 3630 229 l060

379 315 508 356 cum
533 296 849 355 humilitate
874 300 1065 352 nostra
1090 290 1439 350 sanctissime
1456 288 1824 362 conjunxerit.
1849 286 1952 344 Sed

2059 290 2181 361 ραίς
2209 304 2340 352 τισι,
2372 287 2442 359 τῇ
2469 285 2660 359 ἀγάπῃ
2687 284 2788 360 τὴν
2817 285 3127 359 βραχῦτητα
3153 287 3308 359 ὑμῶν
3329 288 3629 362 συνδήσανα

381 389 635 461 quamvis
660 388 903 445 debitum
932 384 1222 442 charitatis
1259 384 1518 449 oﬂicium,
1559 398 1661 440 nec
1698 397 1728 437 a
1763 381 1946 450 nobis,

380 494 572 534 curam
612 477 872 534 Ecclesiae
900 483 1094 532 vestra:
1127 473 1512 545 impendendo,
1555 487 1659 529 nec
1701 486 1734 526 a
1770 478 1948 528 vestra

381 571 760 643 religiositate,
793 568 861 624 ad
891 568 945 624 id
969 583 1071 625 nos
1093 567 1458 632 adhortando,
1487 567 1762 637 expletum
1787 573 1948 621 antea

269 715 275 721 ,
382 660 585 728 fuerit;
615 667 799 714 tamen
829 659 1130 729 assumptis
1174 673 1319 712 nunc
1349 656 1569 713 demum
1600 657 1655 711 in
1696 665 1947 711 votorum

381 760 694 805 nostrorum
727 750 1044 804 societatem
1073 749 1328 819 precibus
1354 748 1572 813 vestris,
1626 747 1796 801 Deum
1822 760 1949 800 ora-

381 856 526 907 mus,
582 850 641 895 ut
688 855 792 896 nos
823 855 990 910 quam
1033 840 1287 896 celeriter
1321 838 1438 894 ﬂeri
1476 839 1698 909 poterit,
1752 838 1820 893 ad
1848 852 1947 893 vos

379 932 568 987 venire
615 932 917 1002 permittat,
967 939 1029 985 ut
1053 931 1287 986 invicem
1317 931 1689 996 consolemur,
1719 939 1800 995 et,
1835 928 1947 983 Deo

379 1024 526 1079 viam
563 1025 942 1094 rationemque
988 1031 1351 1091 monstrante,
1396 1038 1618 1093 operam
1651 1021 1845 1076 demus
1886 1026 1948 1074 ut

382 1116 453 1171 iis
500 1129 623 1184 qua:
658 1113 863 1167 dudum
895 1126 1147 1177 evenere,
1197 1112 1355 1167 malis
1384 1126 1767 1176 occurramus,
1797 1118 1851 1165 et
1888 1109 1947 1164 in

380 1211 660 1275 posterum
710 1202 891 1259 securi
923 1217 1045 1258 esse
1096 1192 1392 1272 possimus,
1445 1217 1516 1258 ne
1560 1188 1795 1271 amplius
1843 1200 1947 1254 hac

381 1302 563 1350 vestra
609 1294 885 1349 discordia
930 1292 1166 1348 invicem
1208 1293 1432 1357 divulsi,
1483 1293 1613 1347 dum
1661 1292 1801 1347 alius
1840 1291 1946 1345 alio

381 1384 614 1440 consilio
666 1399 786 1441 sese
829 1384 898 1438 ab
944 1383 1189 1440 Ecclesia
1238 1393 1475 1456 separat,
1526 1383 1744 1439 diabolo
1796 1382 1945 1438 risus

383 1474 669 1530 materiam
723 1474 1033 1544 praebentis,
1082 1475 1240 1544 cujus
1289 1475 1543 1530 voluntas
1575 1478 1758 1544 fatque
1806 1488 1946 1544 opus

380 1575 465 1622 est
492 1565 694 1620 divina:
725 1566 990 1620 voluntati
1020 1568 1388 1630 contrarium,
1431 1567 1705 1621 neminem
1731 1564 1941 1621 salvum

383 1657 500 1712 ﬁeri
536 1664 590 1712 et
619 1656 688 1711 ad
708 1657 957 1712 veritatis
986 1658 1351 1728 cognitionem
1379 1657 1684 1728 pervenire.
1728 1656 1949 1722 Quanto

381 1748 527 1802 enim
567 1748 797 1817 putatis,
825 1746 1044 1813 fratres,
1076 1748 1265 1805 dolore
1298 1763 1400 1804 nos
1445 1749 1593 1819 angi,
1626 1748 1756 1803 dum
1782 1763 1848 1804 ex
1880 1748 1950 1805 iis

382 1837 477 1906 qui
509 1837 581 1892 de
604 1836 770 1893 rebus
798 1840 997 1893 vestris
1017 1840 1273 1893 nuntium
1312 1838 1564 1903 aﬂ'erunt,
1595 1838 1950 1910 intelligimus

386 1929 592 1984 nullam
643 1944 830 1984 rerum
880 1931 1024 2001 apud
1062 1946 1159 1987 vos
1211 1932 1567 1986 mutationem
1617 1930 1687 1986 de
1737 1931 1952 2001 integro

384 2020 582 2075 factam
615 2034 758 2089 esse,
801 2021 897 2077 sed
929 2037 1025 2077 eos
1056 2021 1152 2092 qui
1203 2023 1370 2078 semel
1402 2037 1433 2076 a
1470 2031 1659 2077 mutua
1682 2022 1953 2079 cbaritate

381 2113 750 2182 declinarunt,
779 2114 969 2169 codem
997 2129 1212 2183 semper
1239 2114 1443 2183 impetu
1477 2112 1645 2168 ferri?
1664 2111 1730 2168 Et
1758 2128 1951 2183 quem-

380 2204 679 2260 admodum
718 2203 764 2261 si
795 2218 952 2276 aqua:
977 2204 1130 2259 rivus
1182 2202 1493 2273 frequenter
1526 2203 1824 2275 marginem
1858 2218 1954 2258 su-

383 2304 558 2369 peret,
587 2309 641 2354 et
670 2297 1049 2353 sinistrorsum
1075 2295 1354 2367 delapsus,
1391 2293 1615 2362 deﬂuat,
1660 2311 1803 2366 aegre
1835 2295 1953 2351 ﬁeri

381 2396 559 2459 potest
596 2394 655 2443 ut
700 2389 768 2443 ad
806 2387 1104 2458 pristinum
1139 2401 1366 2442 cursum
1412 2392 1721 2452 revocetur,
1769 2385 1955 2455 subja-

379 2487 563 2545 eente,
605 2478 859 2534 videlicet
914 2477 1034 2534 solo
1096 2493 1252 2548 aquae
1311 2478 1514 2548 impetu
1561 2486 1842 2547 cxcavato,
1898 2479 1952 2534 ni

383 2573 562 2637 locus,
598 2570 744 2625 unde
768 2584 910 2641 aqua
941 2569 1149 2635 deﬂuit,
1196 2569 1558 2637 obstruatur;
1593 2570 1667 2624 ita
1693 2579 1953 2627 eteorum

374 2663 476 2733 qui
530 2677 560 2714 a
605 2660 833 2716 fratrum
883 2660 1272 2716 communione
1316 2660 1732 2727 discesserunt,
1787 2663 1956 2717 animi

384 2754 621 2821 aﬂ'ectio,
653 2754 818 2810 semel
851 2768 881 2806 a
908 2761 1060 2809 recta
1094 2763 1147 2808 et
1178 2754 1397 2809 sincera
1421 2752 1548 2820 ﬂde,
1591 2770 1703 2825 prae
1726 2765 1957 2811 conten-

384 2847 554 2903 tionis
580 2857 736 2912 testu,
771 2846 939 2901 veluti
979 2846 1215 2902 distorto
1248 2862 1438 2911 cursu,
1485 2844 1798 2915 deﬂectens,
1830 2861 1957 2917 pro—

2053 399 2165 443 τος.
2210 381 2351 437 ’Δλλθ
2379 383 2429 435 εί
2461 381 2554 437 καὶ
2585 381 2661 453 μὴ
2681 380 2944 454 πρότερον
2970 379 3034 435 τὸ
3054 381 3153 453 τῆς
3185 379 3405 452 ἀγάπης
3440 382 3622 451 χρέος,

2053 473 2087 545 ἢ
2119 472 2249 544 παρ’
2276 471 2431 545 ὑμῶν
2472 472 2561 528 διὰ
2607 476 2704 545 τῆς
2735 471 3094 542 ἐπισκέψεως,
3122 471 3156 543 ἢ
3190 470 3345 543 παρὰ
3368 470 3469 542 τῆς
3494 473 3632 542 ὑμε-

2053 567 2216 639 τέρας
2244 565 2356 637 (52)
2376 564 2657 628 εὐλαϐείας
2673 563 2761 619 διὰ
2778 563 2879 635 τῆς
2899 563 3211 636 προτροπῆς
3229 561 3629 633 ἀπεπληρώθη,
3705 575 3710 578 ·

2053 658 2151 712 νῦν
2177 657 2308 726 γοῦν
2334 655 2608 727 εὐχόμεθα
2627 655 2705 727 τῷ
2727 654 2867 725 Θεῷ,
2895 653 3183 725 σύμμαχον
3214 654 3350 727 πρὸς
3376 654 3482 723 τὴν
3512 654 3633 706 ἐπι-

2053 747 2255 818 θυμίαν
2289 746 2446 817 ἡμῶν
2483 747 2577 800 καὶ
2634 745 2734 816 τὴν
2776 745 3048 815 ὑμετέραν
3088 744 3251 815 εὐχὴν
3304 743 3437 815 πρὸς
3492 743 3631 796 Θεὸν

2053 836 2595 910 συμπαραλαϐόντες,
2618 835 2707 890 διὰ
2737 835 2935 906 τάχους
2959 835 3093 906 (55),
3131 834 3206 898 ὡς
3235 834 3352 887 ἐστι
3375 834 3627 896 δυνατὸν,

2050 930 2386 1002 ἐπιδημῆσαι
2435 946 2495 984 τε
2552 930 2701 1000 ὑμῖν,
2766 927 2862 980 καὶ
2905 925 3430 997 συμπαρακληθῆναι
3453 963 3469 988 ,
3530 926 3632 978 καὶ

2054 1023 2445 1088 συσπουδάσαι,
2477 1023 2553 1086 ὡς
2608 1021 2674 1076 ἂν
2727 1020 3002 1091 ὑφηγῆται
3028 1021 3056 1073 ὀ
3086 1019 3309 1090 Κύριος,
3345 1018 3485 1073 ὥστε
3529 1016 3631 1072 καὶ

2050 1116 2159 1169 τῶν
2187 1115 2288 1186 ἤδη
2322 1113 2702 1184 γεγενημένων
2748 1111 3009 1182 λυπηρῶν
3035 1110 3318 1181 διόρθωσιν
3360 1108 3627 1178 ἐξευρεῖν,

2052 1207 2145 1261 καὶ
2180 1207 2258 1270 είς
2282 1206 2375 1260 τὸν
2430 1205 2630 1276 ἐφεξῆς
2656 1203 2843 1275 χρόνον
2882 1202 3209 1272 ἀσφάλειαν’
3239 1201 3379 1255 ὥστε
3424 1202 3628 1272 μηκέτι

2052 1300 2196 1369 ὑμᾶς
2226 1298 2339 1370 (54)
2375 1299 2432 1350 ἐν
2465 1299 2533 1368 τῇ
2562 1294 2889 1367 ἀσυμφωνία
2943 1295 3113 1365 ταύτῃ
3162 1292 3626 1364 διεσπασμένους,

1991 1435 1997 1439 .
2050 1391 2210 1446 ἄλλου
2237 1391 2354 1444 κατ’
2383 1388 2548 1460 ἀλλην
2579 1389 2754 1459 ὁρμὴν
2783 1386 2975 1440 ἐαυτὸν
3002 1386 3100 1456 τῆς
3133 1384 3456 1452 Ἐκκλησίας
3510 1384 3626 1437 ἀπ-

2050 1484 2296 1553 άγοντος,
2324 1480 2536 1550 γέλωτα
2565 1478 2886 1550 προκεῖσθαι
2924 1475 3004 1547 τῷ
3029 1475 3279 1546 διαϐόλῳ,
3306 1470 3352 1543 ᾧ
3377 1474 3627 1545 βούλημα

2050 1574 2143 1628 καὶ
2181 1572 2338 1646 ἔργον
2392 1572 2538 1626 ἐστὶν
2569 1570 2630 1635 ἐξ
2658 1569 2896 1624 ἐναντίου
2948 1566 3026 1639 τῷ
3075 1567 3203 1639 θείῳ
3237 1566 3519 1638 θελήματι,
3564 1563 3629 1619 τὸ

1981 1635 2024 1692 Β
2054 1635 2534 1739 μηδέναῇσωθῆναι,
2563 1662 2697 1735 μηδὲ
2726 1664 2806 1727 εις
2827 1635 3116 1730 ἐπίγνωσιν
3138 1635 3394 1731 ἀληθείας
3423 1659 3626 1713 ἐλθεῖν.

2049 1760 2175 1824 Πῶς
2201 1762 2311 1831 γὰρ
2354 1757 2530 1812 οῐεσθε
2564 1757 2732 1828 ἡμᾶς,
2765 1754 3005 1825 ἀδελφοὶ,
3031 1752 3303 1807 θλίϐεσθαι
3350 1752 3487 1823 πρὸς
3521 1752 3628 1822 τὴν

2050 1852 2218 1924 ἀκοὴν
2248 1852 2357 1906 τῶν
2386 1848 2803 1920 διαγγειλάντων
2826 1848 2961 1917 ἡμῖν
2997 1844 3067 1901 τὰ
3089 1846 3349 1917 ὑμέτερα,
3371 1846 3452 1898 ὅτι
3472 1843 3629 1896 οὐδε-

2055 1944 2152 2015 μία
2183 1943 2371 2012 γέγονε
2408 1941 2525 1999 ,τῶν
2580 1935 2898 2009 ἐφεστώτων
2942 1937 3277 2005 ἐπιστροφή·
3305 1932 3475 2003 ἀλλ’ἢ
3513 1932 3627 1985 τῶν

2051 2036 2198 2104 ἅπαξ
2217 2034 2620 2090 ἀποκλινάντων
2652 2032 2968 2103 προαίρεσις
3009 2030 3100 2082 ἐπὶ
3128 2027 3224 2097 τῆς
3250 2026 3420 2094 αὐτῆς
3446 2025 3627 2095 ὁρμῆς

2051 2130 2141 2182 ἀεὶ
2195 2127 2438 2200 φέρεται,
2483 2125 2580 2181 καὶ
2628 2124 2817 2194 ὥσπερ
2856 2125 2921 2177 ἐκ
2956 2119 3051 2174 τοῦ
3098 2117 3287 2190 ὀχετοῦ
3321 2118 3431 2187 (55)
3476 2115 3625 2187 ὕδωρ

2052 2199 2310 2283 πολλάκις
2336 2220 2415 2280 είς
2443 2217 2540 2288 τὴν
2568 2213 2978 2287 παρακειμένην
3010 2210 3173 2281 ϐχθην
3210 2212 3621 2282 ὑπερεκχείται,

2053 2312 2147 2365 καὶ
2175 2308 2316 2363 κατά
2345 2309 2406 2363 τὸ
2431 2307 2656 2376 πλάγιον
2690 2305 2919 2370 διαδυέν,
2947 2305 3226 2375 ἀπορρέει,
3271 2302 3347 2374 μὴ
3379 2304 3623 2370 ἀποσφα-

2052 2403 2233 2466 λέντος
2261 2402 2316 2456 δέ
2349 2401 2443 2455 τοῦ
2470 2400 2717 2455 ὑπαιτίου
2758 2400 2944 2463 τόπου,
2970 2395 3368 2466 δυσανάκλητον
3391 2395 3623 2463 γίνεται,

2055 2494 2423 2558 κοιλανθέντος
2457 2493 2551 2548 τοῦ
2586 2489 2967 2564 ὑποκειμένου,
2987 2488 3123 2558 πρὸς
3153 2490 3253 2560 τὴν
3279 2487 3371 2541 τοῦ
3406 2487 3625 2558 ῥείθρου

2057 2588 2261 2659 φοράν·
2296 2586 2469 2651 οὕτως
2500 2587 2534 2656 ἡ
2579 2583 2689 2638 τῶν
2731 2582 3081 2637 ἀποστάντων
3117 2580 3282 2652 ὁρμὴ,
3339 2580 3484 2645 ἅπαξ
3522 2582 3626 2651 τῆς

2055 2678 2269 2742 εὐθείας
2288 2694 2346 2732 τε
2387 2679 2483 2731 καὶ
2507 2675 2675 2748 ὀρθῆς
2706 2674 2940 2737 πίστεως
2964 2675 3029 2727 ἐκ
3049 2673 3376 2743 φιλονεικίας
3409 2676 3626 2746 παραρο

2058 2772 2265 2842 ῥυεῖσα,
2297 2765 2615 2823 ἐνεϐἀθυνεν
2660 2765 2760 2838 ήδη
2797 2767 2862 2836 τῇ
2901 2764 3176 2836 συνηθείᾳ,
3204 2765 3298 2817 καὶ
3334 2765 3433 2819 οὐκ
3471 2767 3627 2835 εὐχε-

2061 2861 2169 2934 ρῶς
2205 2861 2298 2914 ἐπὶ
2325 2859 2424 2932 τὴν
2464 2857 2696 2930 ἀρχαίαν
2721 2857 3078 2928 ἐπανέρχεται
3120 2856 3299 2927 χάριν.
3334 2856 3425 2909 Διὸ
3457 2855 3624 2925 σοφοῦ

386 2939 609 2993 fundam
636 2936 959 3010 jamdudum
980 2938 1377 2994 consuetudine
1406 2937 1611 2993 fossam
1639 2939 1749 3010 egit
1791 2954 1952 3009 aegre-

2058 2971 2202 3016 τινος
2227 2953 2322 3007 καὶ
2369 2951 2602 3023 μεγάλου
2645 2948 2835 3022 χρῄζει
2863 2949 2933 3003 τὰ
2982 2947 3101 3002 καθ’
3134 2949 3277 3019 ὑμᾶς
3311 2947 3625 3013 ἐπιστάτου,

385 3046 494 3102 que
547 3030 617 3086 ad
680 3031 970 3102 pristinam
1004 3024 1347 3105 ‘charitatem
1384 3030 1958 3103 benevolentiamque

386 3122 698 3177 revertitur.
772 3122 1121 3191 Quapmpter
1188 3127 1403 3177 rectore
1469 3122 1655 3192 aliquo
1713 3123 1957 3193 sapiente

386 3223 553 3284 atque
603 3212 805 3268 eximio
846 3226 937 3267 res
985 3206 1192 3267 vestra!
1211 3226 1351 3282 opus
1381 3212 1600 3280 habent,
1648 3214 1742 3284 qui
1790 3215 1958 3284 probe

388 3307 527 3360 sciat
554 3304 610 3359 in
637 3304 848 3359 alveum
881 3301 1283 3374 quodammodo
1314 3304 1634 3361 aberrantes
1659 3305 1954 3372 _rcducere,

391 3405 450 3452 ut
474 3398 817 3453 inordinatus
844 3396 1008 3467 hujus
1037 3395 1227 3452 ﬂuenti
1255 3397 1523 3453 decursus
1552 3397 1617 3452 ad
1640 3397 1956 3468 primaevum

389 3490 637 3546 ordinem
667 3490 860 3545 iterum
890 3489 1066 3560 possit
1106 3489 1370 3556 revocari,
1409 3496 1465 3542 et
1497 3503 1692 3544 rursus
1739 3488 1958 3560 pietatis

390 3591 602 3653 segetes
626 3582 782 3637 vobis
805 3581 1259 3651 multiplicentur,
1284 3580 1618 3652 perennibus
1648 3580 1958 3636 concordiae

389 3674 547 3743 aquis
579 3673 837 3744 irrigatm.
865 3672 923 3727 In
959 3673 1064 3727 hoc
1112 3674 1299 3744 itaque
1335 3673 1553 3744 negotio
1580 3674 1809 3729 multum
1840 3684 1958 3729 stu-

390 3765 463 3820 dii
499 3773 661 3836 atqne
684 3764 984 3820 alacritatis
1024 3765 1403 3835 unusquisque
1432 3772 1673 3819 vestrum
1700 3765 1960 3821 adhibere

389 3858 573 3922 debet,
636 3865 699 3911 ut
752 3857 878 3913 talis
931 3856 1223 3927 episcopus
1264 3856 1441 3911 sancti
1494 3854 1736 3926 Spiritus
1782 3858 1958 3927 gratia

390 3950 734 4020 designetur,
759 3948 855 4018 qui
886 3948 1151 4015 studiose,
1174 3962 1295 4017 qua:
1319 3946 1409 4002 Dei
1433 3955 1581 4015 sunt,
1614 3948 1958 4004 solummodo

391 4038 762 4112 (intueatur),
823 4044 877 4092 et
925 4053 1206 4108 nunquam
1249 4040 1317 4094 ad
1357 4054 1421 4094 ca
1461 4039 1529 4095 de
1565 4042 1766 4111 quibus
1819 4041 1958 4098 adeo

391 4134 447 4188 in
484 4132 588 4186 hac
615 4129 727 4185 vita
759 4129 981 4185 solliciti
1012 4146 1227 4197 sumus,
1263 4131 1458 4187 oculos
1492 4132 1732 4200 adjiciat.

458 4221 758 4292 Pr0pterea
790 4223 935 4277 enim
971 4223 1252 4293 (antiqua)
1286 4223 1397 4287 lex,
1442 4224 1704 4289 arbitror,
1733 4224 1956 4281 Levitas

2057 3046 2237 3110 καλῶς
2263 3044 2332 3100 τὰ
2363 3042 2583 3098 τοιαῦτα
2620 3040 2891 3113 ὀχετεύειν
2920 3039 3028 3111 (56)
3061 3040 3443 3108 ἐπισταμένου,
3484 3037 3626 3092 ὥστε

2055 3137 2345 3209 δυνηθῆναι
2391 3134 2552 3188 πάλιν
2592 3132 2688 3204 τὴν
2734 3131 2965 3185 ἄτακτον
3003 3129 3096 3183 τοῦ
3127 3129 3394 3201 ῥεύματος
3434 3128 3626 3183 τούτου

2056 3226 2392 3301 περιτροπὴν
2411 3228 2491 3290 είς
2512 3223 2574 3279 τὸ
2598 3225 2822 3296 ἀρχαῖον
2851 3221 3044 3284 κάλλος
3066 3220 3521 3285 ἀνακαλέσασθαι,
3548 3220 3627 3283 ὡς

2057 3321 2123 3376 ἂν
2145 3319 2304 3374 πάλιν
2338 3318 2466 3388 ὑμῖν
2520 3315 2588 3370 τὰ
2633 3315 2730 3386 τῆς
2766 3312 3043 3376 εὐσεϐείας
3073 3311 3351 3382 ἀδρύνοιτο
3380 3310 3524 3383 λήῖα,
3555 3314 3625 3381 τῇ

2056 3413 2152 3483 τῆς
2178 3410 2398 3481 εἰρήνης
2432 3409 2659 3479 ἐπιρροῇ
2703 3404 3100 3476 καταρδόμενα.
3134 3403 3233 3457 Διά
3258 3403 3432 3456 ταῦτα
3456 3403 3628 3475 πολλὴ

2056 3504 2408 3574 χρεωστείται
2426 3500 2503 3571 τῷ
2528 3499 2808 3570 πράγματι
2825 3496 2975 3566 παρά
3001 3497 3217 3550 πάντων
3247 3495 3399 3565 ὑμῶν
3421 3495 3625 3565 σπουδή

2057 3612 2116 3648 τε
2156 3596 2251 3648 καὶ⁸
2298 3592 2584 3663 ἐπιθυμία,
2616 3591 2752 3660 πρὸς
2783 3590 2845 3642 τὸ
2886 3588 3269 3659 ἀναδειχθῆναι
3314 3587 3625 3658 προστάτην

2057 3687 2162 3741 ὑπὸ
2203 3685 2295 3739 τοῦ
2343 3685 2498 3753 ἀγίου
2553 3683 2867 3754 Πνεῦματος
2935 3680 3172 3734 τοιοῦτον
3198 3720 3214 3744 ,
3270 3679 3329 3743 ὃς
3387 3679 3493 3748 ὅλῳ
3546 3678 3627 3749 τῷ

2055 3775 2317 3847 ὀφθαλμῷ
2349 3774 2419 3829 τὰ
2444 3773 2536 3828 τοῦ
2569 3773 2703 3826 Θεοῦ
2743 3772 2935 3844 [βλέψῃ
2969 3770 3113 3842 (57)]
3160 3771 3314 3842 μόνα,
3347 3771 3479 3840 πρὸς
3535 3771 3629 3825 οὐκ

2056 3867 2144 3921 δὲν
2184 3867 2291 3921 τῶν
2338 3868 2395 3920 ἐν
2431 3867 2496 3936 τῇ
2539 3863 2651 3934 ζωῇ
2697 3862 3138 3926 σπουδαζομένων
3183 3864 3526 3933 μετεωρίζων
3564 3863 3629 3917 τὸ

2057 3958 2231 4030 ὄμμα.

2128 4225 2226 4279 Διά
2245 4224 2435 4278 τούτου
2455 4224 2563 4293 γὰρ
2592 4217 2742 4294 οἶμαι
2768 4221 2859 4276 τὸν
2891 4220 3164 4293 [παλαιὸν]
3209 4219 3371 4290 νόμον
3390 4218 3627 4288 ἀπόκλη-

392 4323 625 4368 terrenze
671 4312 1011 4368 hereditatis
1059 4320 1304 4368 exsortes
1336 4328 1460 4369 esse
1501 4314 1692 4384 jussit,
1742 4325 1801 4370 ut
1834 4316 1952 4385 ejus

2062 4334 2154 4388 ρον
2172 4317 2271 4387 τῆς
2294 4316 2489 4386 γητνης
2515 4315 2876 4387 κληρονομίας
2892 4314 2984 4367 τὸν
3008 4315 3238 4382 Λευῖτην
3259 4315 3450 4379 ποιεῖν,
3465 4313 3539 4376 ὠς
3561 4310 3625 4365 ἀν

390 4405 760 4476 possessionis
789 4406 913 4461 loco
948 4405 1125 4460 solum
1157 4404 1328 4460 Deum
1362 4404 1646 4476 (privatim
1674 4422 1739 4462 ac
1765 4410 1959 4478 praeci-

2065 4407 2255 4480 μερίδα
2307 4408 2553 4477 κτήσεως
2601 4406 2721 4460 καθ’
2756 4405 2967 4478 [ἐαυτὸν
2999 4403 3147 4477 (58)]
3178 4405 3268 4459 τὸν
3305 4405 3437 4460 Θεὸν
3473 4405 3626 4475 μόνον

390 4498 527 4569 pue)
580 4498 870 4564 haberent,
928 4512 1166 4570 eumque
1210 4498 1280 4553 de
1326 4498 1560 4555 terrenis
1612 4500 1778 4556 rebus
1819 4500 1952 4556 nihil

2061 4502 2195 4573 ἔχοι,
2239 4501 2333 4555 καὶ
2384 4499 2540 4555 τοῦτο
2597 4501 2848 4570 περιέποι
2892 4499 2979 4554 διὰ
3023 4500 3222 4565 παντὸς
3270 4500 3330 4552 ἐν
3357 4498 3536 4567 ἐαυτῷ
3568 4497 3627 4551 τὸ

389 4589 681 4661 (ζεοιιίοἰιὶ)
739 4590 882 4661 apud
915 4606 974 4646 se
1023 4602 1287 4663 perpetuo
1317 4592 1678 4649 custodirent.
1713 4593 1867 4660 Quod
1910 4596 1952 4653 si

2061 4599 2264 4668 κτῆμα,
2296 4594 2433 4667 πρὸς
2483 4594 2635 4649 οὐδὲν
2690 4594 2888 4656 ὑλῶδες
2915 4593 3260 4668 [ἀποϐλέπων
3291 4591 3405 4663 ('59)
3505 4590 3625 4644 εί.δέ

389 4681 642 4737 nonnulli
672 4682 813 4752 apud
849 4696 967 4749 vos,
996 4690 1091 4736 aut
1118 4683 1280 4738 etiam
1305 4685 1683 4754 unusquisque
1715 4695 1952 4742 vestrum

2059 4693 2203 4756 τινες
2232 4693 2388 4759 εἰσιν,
2418 4690 2451 4762 ἢ
2475 4690 2569 4745 καὶ
2588 4689 2752 4760 ὲσμέν
2774 4689 3074 4758 ἀδιάφοροι,
3108 4685 3295 4757 μηδεὶς
3325 4686 3463 4756 πρὸς
3477 4683 3627 4737 τοῦτο

390 4784 641 4831 neutram
687 4775 742 4830 iu
789 4785 997 4845 partem
1038 4777 1366 4848 propendat,
1399 4792 1511 4833 non
1554 4778 1765 4835 idcirco
1796 4780 1952 4836 debet

2065 4784 2273 4854 βλέπων
2302 4783 2395 4837 ἐπὶ
2431 4782 2607 4840 τῶν...
2657 4780 2873 4835 πτέσθω
2905 4779 3035 4851 (40).
3073 4780 3148 4833 Οὐ
3180 4779 3289 4849 γὰρ
3326 4778 3486 4847 νόμος
3514 4775 3627 4827 ἐστὶ

464 5001 576 5076 (5?)
610 5001 745 5076 Male
771 5003 826 5076 in
856 5000 1119 5076 Vaticano
1145 5001 1355 5076 codice,
1391 5004 1684 5076 ἡμετέρας.

463 5072 573 5148 (55)
602 5073 711 5128 Kal
731 5072 845 5148 τὴν
880 5074 1045 5148 ἡμετ.
1075 5101 1141 5113 -
1164 5073 1261 5127 διὰ
1284 5072 1525 5148 τςὶχρῷς.
1562 5072 1704 5148 Med.
1734 5074 1945 5148 καῖιτὴι

2059 5022 2156 5064 oro
2182 5006 2432 5061 παλαιόν.

2127 5078 2412 5150 (38)Ka0’
2442 5077 2679 5150 éayrdr.
2714 5073 2793 5128 ld.
2813 5072 2995 5137 καθὼς
3042 5072 3369 5142 γέγραπται.
3410 5069 3474 5122 Et
3507 5086 3627 5123 mox

390 5143 664 5231 ὑμερέραν
715 5142 849 5213 πρὸς
896 5142 1026 5196 Θεὸν
1057 5143 1573 5215 συμπαραλαϐόντες
1611 5147 1698 5199 διὰ
1756 5142 1954 5216 τάχους
2064 5142 2345 5231 τὸςῇτῇμα
2373 5145 2571 5231 ἐαυτῷ.

388 5215 572 5337 angi)
610 5281 811 5337 'I‘ucic.
846 5281 986 5337 Med.
1016 5282 1144 5337 lenit
1173 5296 1294 5336 etim
1327 5282 1453 5336 Vat.
1485 5284 1651 5337 ἡμᾶς.
1708 5283 1775 5337 Ει
1805 5300 1952 5337 mox.

459 5281 571 5354 (54)
598 5281 811 5354 λ’Υμᾶς.
846 5281 1294 5354 Μοιίκιεεὶιίοιιιη
1327 5282 1453 5336 Vat.
1485 5284 1651 5354 ἡμᾶς.
1708 5283 1775 5337 Ει
1805 5300 1952 5350 mox,

2152 5278 2237 5356 40)
2370 5284 2736 5356 πτέσθω.](1.
2774 5285 2919 5338 ἰδίων
2941 5278 3303 5356 βλαπτέσθωε
3338 5278 3461 5333 Mori
3479 5296 3628 5356 vero,

390 5348 510 5425 κατ’
527 5348 689 5425 dum}
711 5348 1127 5425 oppﬁv.—L_eg'o
1144 5353 1307 5425 ὑμᾶς,
1339 5348 1594 5409 εεηειιῖιε
1612 5348 1947 5425 postulante,

2054 5348 2234 5419 ἄλλοις
2273 5371 2370 5425 pro
2398 5355 2597 5417 καλῶς.
2636 5355 2701 5408 Ει
2731 5356 2893 5425 paulo
2923 5348 3080 5425 post,
3106 5353 3253 5425 ὅπως
3279 5348 3345 5403 ἂν
3373 5350 3537 5425 -πρὸς
3572 5352 3631 5403 τὸ

392 5421 899 5493 Ιίοοινὶη-Υαιὶιὲιιιὶο
929 5421 1117 5493 codice
1139 5423 1212 5477 sit
1245 5423 1411 5493 ἡμᾶς.

2057 5420 2301 5502 κρεῖττον
2328 5427 2544 5502 γένοιτο.
2568 5425 2720 5502 ήτῆς
2733 5420 3044 5502 ’ἐκκλησίας
3067 5421 3304 5502 ἐπίδοσις
3330 5420 3626 5502 τῶν-διεσκε

465 5491 577 5564 (ἒξ)
609 5490 862 5564 Fortasse
878 5492 1184 5564 legendum,
1221 5493 1268 5544 εί
1288 5490 1388 5546 ’τοῦ
1418 5493 1631 5564 ὀχετοῦ.

2060 5490 2398 5551 -ἔ-Ροτιαεειέ
2421 5495 2510 5549 hic
2534 5490 2817 5563 legendum
2853 5490 3329 5563 supplendumque
3374 5499 3461 5563 est
3496 5491 3629 5559 πρὸς

466 5561 581 5635 (59)
610 5561 962 5635 plere-risv.
989 5561 1129 5635 Med.
1165 5561 1481 5635 ὀχετηγεῖνξ
1680 5631 1691 5635 Α
1901 5631 1913 5635 _
2058 5566 2209 5617 τοῦτο
2244 5564 2455 5635 βλέπων
2475 5565 2583 5617 τῶν
2605 5561 2702 5635 μὴ
2739 5561 2965 5616 δεόντων
2981 5561 3287 5635 -ἀπτᾶσθως
3345 5561 3450 5615 nisi
3480 5563 3631 5635 _q‘uis

465 5631 579 5700 (57)
600 5630 829 5697 Βλὲψῃ.
857 5631 931 5684 Id.
986 5630 1171 5700 ὄψεται
1198 5629 1228 5665 ἶ
1251 5629 1494 5703 οιρευιο
1525 5640 1649 5703 post
1679 5631 1947 5688 λευιτικόν

2060 5629 2351 5703 ιιιίιιίι,’ὲπ¹ι
2367 5634 2433 5688 τὰ
2461 5635 2535 5702 μὴ
2570 5629 2756 5688 δέοντα
2775 5632 3129 5698 καμπτέσθω,
3190 5632 3272 5687 vel
3321 5629 3627 5685 κυπτέσθω.

3015 5212 3159 5282 ψυχῇ
3205 5209 3627 5282 -καθελκόμενοί
