4068 6154
409 237 539 296 1061

1525 242 1910 302 ΕΗΒΤΟΙΛΕ.
1951 273 2022 287 —-
2052 242 2273 301 EPIST.
2318 242 2485 301 XVII.

3525 255 3664 313 106‘}.

402 364 514 426 τοῖς
536 360 729 427 ἁπλοῖς
757 362 894 436 πρὸς
920 362 984 418 τό
1015 362 1090 437 μὴ
1120 362 1189 419 τὰ
1233 364 1417 420 δέοντα
1445 366 1734 437 πράσσειν,
1763 368 1825 422 τὸ
1850 369 1979 440 παρ’

2082 367 2286 439 aliquis
2310 368 2382 424 ad
2421 368 2633 441 agenda
2658 381 2725 427 ea
2753 382 2877 442 quas
2920 384 3035 427 non
3064 369 3245 441 decet,
3284 342 3529 431 animum
3558 379 3661 434 ad-

405 456 616 526 ἐτέροις
659 453 883 527 [καλῶς]
908 458 1215 529 γινόμενον*
1246 458 1359 514 ἀλλ’
1387 460 1532 530 ὑμᾶς
1556 461 1661 532 χρὴ
1691 460 1760 515 τὰ
1775 460 1987 515 ἐαυτῶν

406 546 644 615 βλέπειν,
671 548 819 612 ὅπως
843 548 910 603 ἂν
931 548 994 604 τὸ
1011 552 1256 623 κρεῖττον
1279 552 1488 620 γένοιτο
1512 554 1545 622 ή
1580 551 1805 624 [σπουδὴ
1822 550 1982 623 (41)),

402 639 514 693 τῶν
548 639 1052 711 διεσκορπισμένων
1094 642 1258 697 πάλιν
1289 644 1372 708 εἰς
1401 643 1500 714 τὴν
1530 642 1624 697 τοῦ
1657 644 1773 708 ἐνὸς
1801 643 1986 715 σώμα-

400 745 492 792 τος
514 729 780 800 ἁρμονίαν
804 731 1231 798 ἐπανελθόντων,
1255 735 1349 788 καὶ
1379 734 1478 804 τῆς
1504 735 1881 806 πνευματικῆς
1904 736 1983 788 εῖ-

404 811 576 888 ρήνης
609 818 740 892 [ὑπὸ
769 821 879 876 τῶν
905 822 1062 897 (42)]
1089 823 1331 889 εὐσεϐῶς
1373 825 1465 879 τὸν
1499 826 1632 881 Θεὸν
1655 826 1983 892 δοξαζόντων

400 909 822 983 εὐθηνουμένης.
858 914 1003 986 Πρὸς
1056 914 1217 969 τοῦτο
1257 916 1442 980 καλῶς
1477 915 1590 987 ἔχει
1639 916 1773 987 (45),
1806 912 1979 988 οἶμαι,

404 1003 627 1057 σκοπεῖν
669 1001 739 1056 τὰ
776 1004 917 1059 καλὰ
942 1007 1008 1076 τῇ
1036 1004 1281 1078 ἐκίλογῇ,
1309 1006 1409 1079 ὡς]
1438 1006 1504 1061 ἂν
1532 1010 1560 1061 6
1596 1007 1984 1079 ἀναδεικνύμε-

402 1108 491 1156 νος
522 1093 603 1155 είς
632 1095 965 1166 προστασίαν
1018 1098 1338 1169 ἐπιτηδείως
1379 1099 1492 1170 ἐχοι
1517 1116 1531 1130 ο
1561 1100 1721 1169 γένος
1766 1101 1843 1167 δὲ,
1887 1103 1984 1156 καὶ⁹

401 1181 653 1246 πλοῦτον,
700 1185 795 1237 καὶ
840 1186 1136 1259 κοσμικ[ὴν
1178 1190 1532 1259 περιφάνειαν
1559 1190 1719 1263 (6:6)]
1758 1193 1817 1245 ἐν
1868 1195 1980 1257 τοῖς

399 1273 774 1338 ἐπισκοπικοῖς
808 1276 1222 1347 κατορθώμασιν
1244 1280 1273 1331 6
1297 1279 1649 1344 ἀποστολικὸς
1671 1283 1772 1335 οὐκ
1791 1284 1981 1353 ἐνομο-

400 1364 598 1437 θέτησε
622 1367 810 1436 λόγος·
843 1368 958 1423 ἀλλ’
991 1370 1039 1422 εί
1070 1368 1205 1442 [πᾶν
1230 1370 1408 1444 τοῦτο]
1452 1372 1755 1444 αὐτόματον
1797 1374 1982 1429 ἐποιτο

397 1458 511 1521 τοῖς
540 1459 995 1530 προηγουμένοις,
1043 1460 1121 1524 ὡς
1154 1462 1312 1516 σκιὰν
1360 1462 1502 1517 κατὰ
1522 1463 1582 1517 τὸ
1614 1464 1828 1536 συμϐὰν
1854 1466 1980 1520 ἁκο-

399 1546 712 1615 >νουθοῦσαν,
744 1551 845 1603 οὑκ
875 1551 1270 1623 ἀποϐάλλομεν,
1300 1553 1438 1625 (ἀλλ’
1466 1554 1619 1609 ουδέν
1652 1555 1790 1629 (45)]
1816 1552 1979 1630 ἦττον

397 1638 755 1710 ἀγαπήσομεν
788 1641 856 1693 τὰ
879 1641 1269 1714 προτιμότερα,
1301 1643 1405 1697 κᾶν
1436 1644 1605 1715 χωρὶς
1627 1645 1786 1719 τύχῃ.
1812 1648 1978 1702 Δῖπό-

398 1727 490 1792 λος
510 1723 578 1800 ἦν
594 1731 622 1783 6
646 1730 929 1802 προφήτης
959 1729 1198 1803 [Ἀμῶς]
1220 1769 1236 1797 ,
1264 1732 1445 1797 ἁλιεὺς
1464 1735 1492 1787 6
1516 1733 1742 1806 Πέτρος,
1769 1737 1980 1809 καὶτῆς

399 1819 570 1891 αὐτῆς
616 1821 808 1892 τέχνης
846 1821 875 1874 ὃ
914 1838 973 1875 τε
1016 1820 1204 1876 τούτου
1249 1823 1475 1893 ἁδελφὸς
1516 1824 1791 1897 Ἀνδρέας,
1824 1829 1921 1883 καὶ
1952 1831 1981 1884 6

400 1911 602 1984 ὑψηλὸς
639 1909 904 1982 Ἰωάννης,
932 1911 1309 1982 σκηνορῤάφος
1341 1914 1369 1967 6
1388 1912 1620 1978 Παῦλος,
1651 1916 1746 1970 καὶ
1778 1916 1806 1969 6
1827 1917 1980 1971 Ματ-

399 2004 548 2067 θαῖος
578 2003 836 2075 τελώνης,
870 2003 962 2056 καὶ
987 2004 1037 2057 oi
1072 2002 1221 2058 ἄλλοι
1264 2002 1407 2058 κατὰ
1454 2005 1547 2059 τὸν
1584 2006 1747 2061 αὐτὸν
1780 2009 1981 2080 τρόπον

396 2081 597 2166 ὁμοίως
626 2096 884 2159 ἅπαντες,
909 2092 1028 2166 [οὐχ
1045 2094 1263 2167 Mrta-col
1282 2112 1446 2162 τινες,
1478 2096 1568 2151 καὶ
1592 2098 1976 2171 στρατηλάται,

398 2185 493 2240 καὶ⁵
552 2184 807 2256 ὕπαρχοι,
856 2184 890 2258 ἢ
948 2183 1093 2240 κατὰ
1155 2185 1473 2258 ῥητορικὴν,
1526 2187 1621 2241 καὶ
1665 2187 1980 2259 φιλοσοφίαν

396 2275 751 2349 περίϐλεπτοι
775 2293 790 2309 ·
853 2275 990 2330 ἀλλὰ
1037 2275 1286 2348 πένητες,
1322 2278 1418 2331 καὶ
1478 2277 1702 2345 ίδιῶται,
1739 2280 1835 2334 καὶ
1870 2279 1980 2335 ἀπὸ

395 2368 506 2420 τῶν
564 2366 966 2438 ταπεινοτέρων
1010 2366 1454 2438 ἐπιτηδευμάτων
1496 2368 1839 2441 ὁρμώμενοι·
1885 2372 1979 2425 καὶ

391 2457 546 2527 ὅμως
575 2457 682 2522 Εἰς
715 2454 922 2512 πᾶσαν
948 2456 1065 2526 τὴν
1089 2455 1207 2528 γῆν
1242 2456 1503 2527 ἐξῆλθεν
1533 2461 1566 2515 δ
1594 2462 1851 2531 φθόγγος
1880 2462 1980 2517 αὺ-

397 2545 534 2612 τῶν,
565 2546 663 2600 καὶ
702 2547 790 2613 εις
822 2547 894 2601 τὰ
919 2546 1149 2616 πέρατα
1162 2545 1271 2617 τῆς
1290 2547 1644 2619 οἰκουμένης
1664 2551 1979 2623 animum:

396 2635 614 2693 αὐτῶν.
644 2638 927 2705 Βλέπετε,
946 2641 1099 2710 φησι,
1123 2640 1237 2708 τὴν
1258 2640 1486 2709 κλῆσιν
1503 2642 1688 2712 ὑμῶν,
1706 2643 1977 2715 ἀδελφοὶ,

394 2730 487 2784 ὅτι
511 2732 584 2786 οὺ
611 2733 830 2787 πολλοὶ
867 2733 1047 2803 σοφοὶ
1086 2732 1235 2790 κατὰ
1274 2734 1495 2803 σάρκα,
1521 2739 1593 2793 οὐ
1622 2740 1840 2795 πολλοὶ
1876 2742 1978 2797 δυο

394 2824 587 2889 νατοί,
609 2824 682 2880 οὐ
713 2825 932 2880 πολλοὶ
952 2825 1216 2897 εὐγενεῖς
1238 2844 1251 2859 ·
1282 2828 1442 2884 ἀλλὰ
1460 2829 1533 2884 τὰ
1557 2830 1725 2900 μωρὰ
1748 2831 1856 2887 τοῦ
1880 2836 1977 2889 κόσ

394 2929 555 2986 σμου
578 2915 899 2982 ἐξελέξατο
922 2919 958 2972 ό
978 2918 1144 2985 Θεός.
1171 2919 1329 2984 Ἴσως
1363 2936 1416 2973 τι
1448 2921 1630 2992 μωρὸν
1664 2923 1758 2976 καὶ
1792 2922 1886 2978 νῦν
1918 2925 1977 2980 ἐν

393 3011 509 3073 τοῖς
539 3000 881 3080 φαινομένοις
902 3008 1013 3063 τῶν
1039 3008 1329 3081 ὀφθαλμῶν
1357 3011 1469 3065 τῶν
1504 3010 1857 3085 ἀνθρωπίνων
1888 3033 1977 3072 νο-

396 3070 637 3170 μὶξεται,
659 3070 785 3155 ὅταν
811 3070 1035 3165 ἀσθενὲς
1067 3070 1171 3155 61:6
1200 3070 1409 3169 πενίας,
1443 3102 1477 3175 ἢ
1505 3070 1688 3170 ἄδοξον
1761 3108 1850 3163 διὰ
1877 3070 1976 3180 την
2005 3070 2048 3127 C

398 3189 713 3261 σωματικὴν
738 3190 1073 3259 δυσγένειαν.
1109 3190 1269 3245 Ἀλλὰ
1305 3192 1390 3255 τίς
1430 3188 1589 3257 οἶδεν,
1620 3196 1667 3248 εί
1698 3195 1774 3266 μὴ
1803 3197 1976 3270 τούτῳ

395 3282 457 3334 τὸ
489 3282 656 3349 κέρας
684 3283 783 3353 τῆς
820 3281 1051 3354 χρίσεως
1078 3281 1228 3354 παρὰ
1253 3283 1351 3354 τῆς
1374 3284 1594 3355 χάριτος
1618 3287 1973 3354 ἐπικλίνεται,

396 3372 499 3426 κᾶν
529 3372 638 3426 τῶν
667 3373 882 3447 ὑψηλῶν
898 3390 957 3426 τε
986 3373 1079 3428 καὶ
1106 3375 1524 3448 ἐμφανεστὲρων
1555 3379 1875 3451 μικρότερος
1900 3377 1971 3453 ᾖς

396 3460 463 3511 Ti
487 3460 921 3530 λυσιτελέστερον
952 3455 1021 3532 ἦν
1056 3464 1121 3534 τῇ
1160 3462 1445 3534 Ῥωμαίων
1478 3464 1627 3518 πόλει
1671 3467 1733 3521 τὸ
1771 3486 1976 3541 καταρ-

397 3550 541 3621 χὰς;
579 3551 687 3606 τῶν
720 3551 1059 3624 εὐπατριδῶν
1104 3571 1224 3608 τινα
1265 3552 1357 3608 καὶ
1411 3555 1731 3629 ὑπερόγκων
1779 3562 1843 3613 ἐκ
1876 3562 1975 3633 τῆς

401 3642 603 3696 ὑπάτου
663 3641 856 3714 βουλῆς
894 3645 974 3707 είς
1002 3643 1338 3713 προστασίαν
1385 3643 1593 3710 λαϐεῖν,
1623 3647 1657 3717 ἢ
1695 3648 1785 3701 τὸν
1821 3648 1974 3704 ἁλιέα

396 3732 626 3804 πέτρον,
655 3726 701 3801 ᾧ
732 3733 895 3805 μηδὲν
921 3730 989 3805 ἦν
1009 3736 1072 3787 ὲκ
1092 3734 1185 3786 τοῦ
1210 3734 1413 3806 κόσμου
1438 3736 1628 3790 τούτου
1660 3737 1797 3809 πρὸς
1824 3739 1974 3792 εὐδο-

398 3824 518 3890 ξίαν
545 3825 791 3893 ἐφόλκιον
812 3825 923 3896 (46)
946 3844 961 3892 ;
990 3825 1086 3889 Τίς
1106 3826 1271 3891 οίκία,
1290 3826 1434 3891 τίνες
1447 3828 1674 3894 οῖκέται,
1698 3831 1824 3884 ποία
1843 3832 1975 3903 κτῆ-

400 3933 484 3980 σις
501 3916 588 3970 διὰ
609 3918 883 3989 προσόδων
897 3917 1105 3989 τρυφὴν
1126 3917 1435 3989 χορηγοῦσα
1452 3935 1470 3980 ;
1502 3919 1639 3973 Ἀλλ’
1654 3922 1683 3973 6
1697 3919 1862 3987 ξένος,
1881 3924 1974 3977 καὶ

396 4008 645 4076 ἄστεγος,
674 4008 769 4061 καὶ
805 4008 1135 4079 ἀτράπεζος,
1152 4007 1260 4060 τῶν
1282 4008 1349 4060 τὰ
1369 4008 1543 4063 πάντα
1565 4009 1796 4081 ἐχόντων
1820 4011 1975 4066 πλου-

400 4094 658 4168 σιὼτερος
690 4091 778 4167 ἦν,
810 4098 892 4149 ὅτι
933 4095 1022 4150 διὰ
1046 4096 1139 4149 τοῦ
1173 4097 1337 4167 μηδὲν
1365 4097 1529 4167 ἔχειν,
1560 4099 1649 4152 τὸν
1676 4099 1808 4154 Θεὸν
1830 4099 1974 4172 εἶχεν

394 4188 536 4243 ὅλον.
593 4186 750 4242 Οὕτω
796 4188 889 4242 καὶ
937 4190 986 4241 oi
1039 4188 1511 4259 Μεσοποταμῖται,
1573 4189 1974 4262 βαρυπλούτους

400 4278 611 4347 ἔχοντες
639 4280 696 4330 ἐν
748 4270 960 4346 ἐαυτοξ
1000 4278 1356 4347 σατραπείας,
1394 4278 1607 4333 πάντων
1650 4282 1973 4352 ἐδοκίμασαν

396 4368 488 4420 τὸν
516 4368 715 4439 Θωμᾶν
745 4370 823 4430 είς
852 4367 1173 4422 ἐπιστασίαν
1196 4368 1404 4421 ἑαυτῶν
1428 4370 1818 4443 προτιμότερον
1837 4373 1969 4444 (47),

399 4461 494 4513 καὶ
544 4461 701 4513 Τῖτον
762 4462 978 4532 Κρῆτες
986 4498 1008 4535 θ
1062 4461 1155 4514 καὶ
1210 4460 1632 4532 Ἱεροσολυμῖται
1695 4466 1971 4533 Ἰάκωϐον,

400 4553 493 4605 καὶ
524 4553 684 4624 ἡμεῖς
700 4552 750 4605 oi
773 4552 1140 4606 Καππαδόκαι
1164 4551 1256 4604 τὸν
1295 4551 1863 4626 Ἐκατόνταρχονί48),
1887 4558 1977 4611 τὸν

468 4694 489 4725 τ
513 4692 656 4750 Psal.
684 4709 837 4760 mu,
874 4693 928 4748 5.
1004 4691 1027 4724 ³
1055 4691 1217 4747 lCor.
1247 4708 1285 4758 l,
1316 4689 1406 4748 26.

474 4849 585 4922 (41)
624 4848 758 4905 Vide
776 4848 1059 4927 an_melius
1082 4849 1174 4915 sil,
1267 4849 1636 4971 πραγματεία.

475 4920 777 4971 ιᾹΞὶΓΥπὸ
799 4935 936 4971 των.
970 4918 1044 4971 Id.
1080 4921 1137 4971 ἐν
1161 4937 1239 4971 τω
1270 4937 1310 4971 π
1345 4920 1462 4971 ήθει
1488 4935 1619 4971 των.

475 4918 777 4989 (49.“)1⁹Υαὸ
970 4918 1137 4989 Ιιίηέν
1161 4918 1239 4988 τῷ
1270 4918 1462 4989 πλήθει
1488 4920 1619 4971 τῶν.

476 4988 798 5074 (Humili)?
833 4987 979 5074 aget.
1012 4987 1093 5074 id.
1125 4987 1486 5074 saaﬁq‘éxew.
1545 4990 1613 5072 Ιξι
1664 5002 1809 5074 iuris,
1841 5003 1968 5042 σκο-

398 5056 525 5114 πεῖν
554 5056 622 5114 τὰ
654 5058 794 5111 καλὰ
817 5060 883 5129 τῇ
913 5056 1176 5129 ἐκκλησίᾳ
1208 5056 1547 5127 βουλόμενον,
1564 5059 1714 5120 ὅπως
1729 5058 1816 5111 ἄν.

476 5132 589 5202 (ﬂ)
633 5133 825 5198 Κοσμ.
854 5126 1160 5202 περιεοίῇιζ
1206 5126 1473 5202 κοσμικὴν
1511 5128 1980 5202 περιφᾲνειανιζη.

402 5197 534 5256 τεῖν.
556 5197 724 5259 Paulo
763 5197 886 5269 post
910 5213 1007 5267 pro
1038 5198 1147 5251 πᾶν
1176 5197 1332 5251 τοῦτο
1364 5197 1438 5252 id.
1466 5197 1595 5253 cod.
1635 5198 1734 5269 μέν
1769 5216 1825 5251 τι
1854 5197 1981 5251 τούμ-

403 5289 513 5325 των
544 5270 685 5325 κατὰ
706 5271 785 5322 τό.

476 5343 589 5413 (65)
638 5340 801 5413 ’ᾼλχ
834 5336 1035 5392 οὐδέν.
1090 5334 1166 5390 Id.
1202 5336 1251 5389 εί
1295 5336 1351 5388 δὲ
1411 5340 1487 5413 μὴ
1535 5333 1702 5391 οὐδέν.
1740 5336 1805 5393 Et
1831 5352 1977 5403 mox,

404 5410 575 5487 χωρὶς
598 5410 821 5487 τούτων.

473 5474 585 5552 (Ilii)
626 5477 881 5533 Fortasse
907 5475 1221 5552 legendum,
1246 5474 1484 5552 ἐφόδιον·
1510 5475 1603 5530 sed
1631 5484 1686 5531 et
1706 5477 1814 5531 dici
1846 5489 1974 5552 pos-

408 5544 491 5608 set
516 5544 827 5621 Nyssenuni
842 5544 1031 5601 ludere
1056 5548 1110 5599 in
1130 5560 1286 5621 voce,
1311 5544 1579 5621 ἐφόλκιον,
1607 5562 1729 5621 qua:
1747 5544 1973 5621 navicu-

409 5625 537 5686 lam,
564 5616 661 5675 seu
690 5617 937 5687 cymbam
970 5619 1192 5686 proprie
1213 5616 1509 5687 signilieat.
1544 5617 1705 5687 quasi
1740 5616 1969 5680 diceret,

410 5685 629 5747 Petrum
669 5685 746 5742 nil
785 5702 852 5741 ex
893 5685 1127 5744 terrenis
1167 5685 1329 5740 rebus
1361 5685 1704 5755 possedisse,
1734 5687 1968 5757 quibus,

2080 460 2278 531 jicere.
2310 458 2500 532 Neque
2522 459 2671 517 enim
2692 462 2840 532 quod
2866 462 3009 533 apud
3039 464 3180 521 alios
3215 465 3426 539 (recte)
3458 468 3660 539 agitur,

2085 552 2140 607 id
2169 552 2570 622 simpliciorum
2602 554 2816 610 animos
2844 554 2909 609 ad
2938 570 3027 612 res
3050 556 3190 612 male
3215 560 3481 628 gerendas
3503 561 3663 617 debet

2084 641 2508 709 indueere,.sed
2537 650 2758 713 Oportet
2783 658 2847 698 ea
2876 653 3091 699 tantum
3145 662 3267 717 quae
3301 649 3367 704 ad
3403 665 3502 709 vos
3537 667 3665 721 per-

2084 736 2282 798 tinent,
2315 734 2620 799 attendere,
2673 742 2732 789 ut
2763 734 3086 807 (conatibus
3117 740 3346 811 vestris)
3379 743 3660 797 meliorem

2083 820 2293 875 exitum
2332 822 2716 888 sortientibus,
2766 823 2823 878 id
2870 827 3088 881 tandem
3116 832 3558 900 consequamini,
3601 842 3661 887 ut

2081 912 2177 981 qui
2208 911 2279 967 ab
2311 911 2559 968 Ecclesia
2612 923 2987 982 secesserunt,
3038 918 3236 973 iterum
3269 921 3336 975 ad
3382 922 3502 992 ejus
3537 925 3662 977 uni-

2081 1007 2247 1055 tatem
2274 1010 2665 1067 revertantur,
2699 1012 2755 1059 et
2786 1006 3093 1075 spiritualis
3124 1023 3225 1077 pax
3263 1011 3394 1081 (ab)
3426 1013 3531 1076 his,
3566 1014 3660 1082 qui

2080 1093 2172 1160 pie
2186 1090 2359 1147 Deum
2388 1094 2719 1164 gloriﬁcant,
2750 1096 3115 1152 instauretur.
3138 1103 3402 1157 Praeterea
3428 1103 3658 1157 multum

2079 1184 2339 1253 expedire
2378 1185 2638 1253 arbitror,
2693 1195 2752 1241 ut
2787 1189 2874 1257 (in
2903 1189 3149 1259 episcopi
3180 1191 3479 1264 electione)
3513 1194 3659 1263 quod

2076 1274 2311 1343 justum,
2384 1287 2708 1346 rectumque
2769 1287 2874 1345 est,
2932 1294 3048 1349 pra:
3112 1283 3290 1337 oculis
3350 1284 3658 1350 habeatur,

2081 1372 2140 1418 ut
2180 1380 2378 1436 nempe
2423 1365 2654 1422 idoneus
2710 1366 2779 1422 ad
2821 1383 2943 1424 eam
2983 1369 3304 1440 dignitatem
3340 1388 3662 1441 promovea-

2079 1464 2210 1523 tur;
2266 1474 2442 1529 genus
2490 1469 2670 1514 autem
2703 1461 2940 1528 clarum,
2983 1462 3229 1529 divitias,
3285 1473 3342 1520 et
3369 1466 3661 1522 mundana:

2072 1549 2419 1618 (nobilitatis
2464 1552 2845 1625 splendorem)
2905 1556 3150 1626 episcopi
3206 1557 3428 1613 dotibus
3479 1571 3660 1613 annu-

2078 1638 2340 1693 meranda
2409 1655 2534 1697 esse
2616 1657 2899 1714 nunquam
2980 1645 3287 1713 apostolica
3369 1647 3660 1704 sanctione

2010 1715 2056 1773 Β
2087 1736 2353 1783 statutum
2384 1728 2533 1799 fuit;
2585 1731 2679 1787 sed
2718 1733 2766 1788 si
2804 1732 2826 1803 (
2848 1732 2963 1787 haec
3001 1734 3226 1802 omnia)
3265 1734 3410 1790 ultro
3444 1746 3500 1791 et
3545 1751 3657 1793 non

2087 1819 2318 1890 quaesita
2395 1819 2453 1876 in
2514 1821 2777 1893 episcopo
2850 1823 3237 1893 reperiantur,
3298 1840 3363 1880 ea
3424 1828 3655 1898 utique,

2088 1911 2236 1966 velut
2288 1911 2543 1966 umbram
2587 1928 2721 1968 casu
2755 1921 2811 1969 et
2852 1913 3080 1969 fortuito
3121 1916 3474 1971 comitantem
3498 1958 3512 1981 ,
3545 1934 3656 1974 non

2086 2002 2403 2072 rejicimus;
2428 2003 2446 2067 ί
2452 2013 2504 2056 at
2536 2003 2732 2073 nihilo)
2755 2003 2939 2059 minus
2958 2018 3080 2074 quae
3096 2007 3484 2075 praestantiora
3505 2008 3658 2064 hisce

2086 2093 2253 2149 rebus
2283 2104 2432 2158 sunt,
2464 2094 2633 2148 animi
2668 2093 2881 2149 scilicet
2912 2094 3105 2159 dotes,
3138 2098 3335 2165 majori
3373 2097 3431 2152 in
3480 2102 3657 2169 pretio

2086 2184 2434 2250 habebimus,
2458 2186 2682 2241 tametsi
2702 2186 2812 2242 illis
2838 2186 3095 2241 omnibus
3119 2189 3421 2242 caruerint.
3453 2190 3659 2260 Capra.

2086 2276 2204 2331 rius
2234 2284 2353 2331 erat
2379 2275 2594 2347 (Amos)
2625 2275 2891 2346 propheta
2913 2315 2930 2340 ,
2960 2275 3205 2346 piscator
3236 2275 3433 2334 Petrus
3454 2317 3469 2343 ,
3501 2294 3654 2334 eain-

2085 2370 2317 2441 demque
2366 2378 2539 2426 artem
2572 2369 2739 2439 hujus
2777 2367 2950 2423 frater
2989 2368 3239 2424 Andreas
3300 2374 3356 2422 et
3405 2368 3656 2425 sublimis

2083 2461 2327 2518 Joannes
2367 2462 2682 2527 exercebat,
2724 2459 3145 2517 scenol‘actorire
3181 2457 3389 2514 Paulus
3431 2472 3655 2530 operam

2084 2552 2267 2618 dabat,
2292 2552 2620 2623 publicanus
2638 2558 2757 2607 erat
2780 2551 3069 2631 blatthaeus
3093 2590 3109 2616 ,
3133 2549 3431 2620 ceterique
3464 2565 3657 2607 omnes

2085 2642 2344 2712 discipuli
2371 2640 2644 2706 similiter,
2677 2641 2835 2711 (non)
2863 2641 3141 2707 consules,
3174 2655 3283 2696 non
3312 2639 3655 2696 exercituum

2085 2733 2341 2789 ductores
2366 2742 2565 2799 erant,
2596 2749 2707 2788 non
2744 2732 2986 2804 praefecti
3020 2733 3308 2803 praetorio,
3341 2747 3444 2787 nec
3475 2732 3658 2787 rheto-

2085 2824 2219 2881 ricis
2256 2830 2311 2879 et
2351 2825 2750 2895 philosophiels
2780 2824 3030 2881 scientiis
3063 2823 3372 2893 conspicui,
3397 2822 3491 2877 sed
3519 2836 3654 2892 pau-

2080 2931 2244 2987 peres
2278 2915 2465 2971 idiotte
2487 2955 2504 2981 ,
2538 2924 2593 2970 et
2621 2930 2654 2971 e
2690 2915 2983 2970 vilioribus
3023 2913 3239 2968 artibus
3280 2913 3571 2977 accersiti;
3600 2920 3657 2967 et

2084 3015 2267 3062 tamen
2298 3006 2362 3062 In
2397 3022 2601 3062 omnem
2634 3015 2831 3061 terram
2862 3006 3023 3061 exivit
3051 3021 3213 3059 sonus
3248 3020 3429 3060 eorum
3456 3044 3469 3065 ,
3503 3012 3553 3058 et
3601 3006 3657 3059 iu

2083 3098 2212 3167 ﬁnes
2243 3098 2386 3154 orbis
2419 3108 2573 3153 terra:
2604 3096 2759 3153 verba
2784 3114 2967 3152 eorum
2995 3098 3037 3153 ⁷.
3084 3095 3281 3156 Videte.
3313 3098 3389 3150 ait
3421 3097 3659 3165 Aposto-

2084 3191 2192 3254 lus,
2214 3193 2539 3248 vocationem
2562 3201 2813 3255 vestram,
2845 3190 3064 3260 fratres,
3091 3191 3216 3261 quia
3248 3205 3351 3243 nou
3382 3189 3536 3243 multi
3561 3204 3657 3242 sa-

2082 3281 2281 3348 pientes
2328 3280 2614 3335 secundum
2647 3295 2891 3346 carnem,
2924 3295 3030 3334 non
3061 3277 3217 3333 multi
3244 3286 3481 3347 potentes
3502 3316 3517 3339 ,
3553 3292 3655 3331 non

2083 3372 2241 3425 multi
2256 3371 2452 3425 nobiles
2466 3388 2487 3436 ;
2501 3371 2593 3424 sed
2613 3385 2730 3440 qua:
2749 3369 2916 3423 stulta
2937 3378 3059 3423 sunt
3082 3370 3264 3422 mundi
3278 3367 3431 3438 elegit
3453 3368 3593 3422 Deus
3610 3371 3652 3421 ".

2080 3459 2335 3515 Fortasse
2370 3473 2516 3514 nunc
2545 3458 2708 3513 etiam
2750 3459 2979 3514 stultum
3010 3457 3145 3527 quid
3192 3457 3447 3511 humanis
3479 3456 3657 3512 oculis

2082 3555 2172 3608 ille
2204 3550 2442 3612 videtur,
2470 3550 2562 3619 qui
2591 3555 2818 3619 propter
2848 3556 3228 3618 paupertatem
3262 3546 3537 3610 inﬁrmus,
3567 3547 3653 3602 vel

2083 3651 2302 3713 propter
2325 3642 2592 3711 corporis,
2616 3655 2724 3695 non
2746 3654 2879 3694 vero
2916 3639 3082 3692 animi
3110 3637 3511 3707 ignobilitatem
3555 3637 3657 3692 ob-

2084 3746 2285 3787 scurus
2335 3739 2585 3802 apparet.
2633 3729 2738 3785 Sed
2762 3731 2888 3800 quis
2926 3729 3054 3792 scit,
3097 3744 3165 3782 an
3198 3744 3364 3799 super
3387 3728 3654 3797 ejusmodi

2082 3824 2390 3888 hominem,
2442 3821 2664 3877 tametsi
2741 3819 3071 3877 sublimibus
3131 3826 3296 3888 atque
3347 3814 3656 3874 illustribus

2081 3918 2215 3973 viris
2236 3918 2396 3988 longe
2417 3914 2758 3979 inferiorem,
2779 3914 2964 3970 divina
2983 3914 3162 3985 gratia
3181 3913 3459 3969 unctionis
3480 3927 3653 3969 cornu

2084 4008 2346 4063 inclinet?
2373 4006 2642 4074 Quidnam
2666 4006 2786 4061 urbi
2825 4004 3012 4061 Romae
3040 4004 3285 4075 antiquis
3316 4005 3655 4075 temporibus

2087 4099 2263 4170 magis
2293 4096 2665 4162 conducebat,
2690 4095 3004 4150 nobilenme
3053 4094 3289 4164 aliquem
3315 4100 3480 4163 atque
3507 4092 3654 4147 fastu

2082 4200 2383 4245 tumentem
2408 4188 2676 4244 senatorii
2702 4187 2917 4242 ordinis
2939 4188 3116 4242 virum
3138 4187 3193 4242 in
3224 4185 3486 4242 Ecclesiae
3510 4200 3652 4256 prie-

2081 4283 2323 4353 positum
2370 4280 2654 4350 accipere,
2699 4293 2771 4333 an
2816 4278 3002 4349 potius
3031 4278 3256 4335 Petrum
3286 4279 3612 4349 piscatorem
3634 4314 3650 4340 ,

2080 4374 2171 4429 cui
2198 4373 2273 4427 nil
2309 4371 2374 4426 ad
2407 4371 2638 4441 gloriam
2663 4387 2732 4426 ex
2765 4370 3060 4427 mundanis
3095 4372 3263 4427 rebus
3296 4368 3656 4439 suppetebat?

2077 4464 2210 4531 Quae
2232 4463 2450 4527 domus,
2469 4463 2563 4535 qui
2594 4462 2808 4527 famuli,
2827 4478 2950 4533 qua:
2978 4462 3360 4532 possessiones
3384 4459 3656 4528 proventi-

2082 4557 2187 4612 bus
2218 4557 2338 4613 suis
2355 4571 2539 4611 rerum
2563 4556 2809 4611 omnium
2843 4554 3175 4609 afﬂuentiam
3203 4550 3653 4623 suppeditantes?

2079 4849 2244 4904 veluti
2287 4848 2532 4919 quadam
2573 4848 2858 4917 navicula,
2900 4848 2967 4902 ad
3015 4847 3308 4904 mundanae
3346 4848 3652 4907 nobilitatis

2076 4917 2716 4989 gloriamfadnavigaret.

2147 4987 2263 5059 (47)
2317 4985 2587 5042 Thomam
2642 4989 2969 5059 Apostolum
3028 4985 3251 5042 Parthis
3294 4986 3650 5057 Evangelium

2116 5058 2415 5130 raedicassc
2455 5059 2666 5130 antiqui
2700 5058 3026 5130 scriptores
3054 5072 3185 5130 Auno
3228 5073 3324 5112 ore
3358 5066 3650 5130 testantur.

2076 5071 2415 5179 praedicasse
2455 5071 2666 5127 antiqui
2723 5071 3026 5130 scriptores
3074 5072 3185 5112 uno
3228 5073 3324 5112 ore
3358 5071 3650 5113 teatantur.

2105 5126 2193 5198 loc
2225 5128 2463 5197 amplius
2493 5128 2765 5184 allirmare
2810 5127 3025 5183 videtur
3049 5126 3335 5198 Nyssenus
3355 5169 3369 5195 ,
3402 5128 3654 5182 eumdem

2077 5195 2329 5266 primum
2348 5198 2757 5266 Mesopotamiae
2792 5195 3113 5267 episcopum
3147 5195 3342 5252 fuisse.
3376 5197 3653 5252 Caeterum

2078 5275 2365 5338 satrapas,
2391 5277 2445 5322 et
2494 5269 2765 5338 satrapias
2815 5283 2845 5321 a
2876 5267 3060 5322 Persis
3114 5274 3168 5319 et
3197 5267 3445 5322 ﬁnitimis
3474 5269 3651 5335 genti-

2080 5337 2182 5391 bus
2217 5348 2434 5391 vocatas
2467 5337 2988 5408 fuisseprovincias
3038 5352 3343 5407 earumque
3386 5346 3650 5401 rectores,

2081 5414 2277 5460 notum
2308 5416 2393 5461 est
2419 5407 2678 5461 eruditis.

2150 5474 2381 5559 (δίψει
2438 5477 2545 5531 hoc
2586 5475 2821 5559 Nysseni
2869 5476 2999 5559 locp
3032 5476 3302 5559 discimus
3343 5473 3652 5559 Longinum

2078 5543 2460 5617 centurionem
2486 5588 2503 5611 ,
2558 5543 2671 5617 qui,
2706 5548 2899 5603 lancea
2940 5546 3148 5617 Christi
3197 5546 3366 5617 latus
3392 5545 3444 5599 in
3478 5543 3655 5599 Cruce

2081 5615 2341 5687 perfodit,
2385 5615 2620 5687 primum
2645 5616 2911 5673 (ἷκε-»ποτε
2938 5616 3261 5687 episcopum
3295 5615 3485 5687 fuisse.
3511 5620 3656 5687 bane

2081 5681 2137 5741 in
2173 5681 2419 5743 ltomanb
2451 5687 2684 5759 aliisque
2713 5688 2940 5743 vetustis
2973 5681 3392 5759 'martyrologiis
3422 5681 3649 5754 Longini
