4068 6154
464 203 603 262 ,οθδ
1733 187 1802 244 s.
1841 183 2059 244 sane:

2164 181 2166 236 ζ
2202 181 2292 238 ΝΥ
2303 181 2496 239 SSENI
3576 174 3725 231 10θᾶ

461 320 559 377 sed
583 316 903 389 peregrinus
927 313 1121 379 homo,
1143 310 1307 366 domo
1347 314 1400 363 et
1423 307 1572 363 victu
1603 321 1822 370 carens.
1861 305 2028 360 ditior

2164 305 2221 358 πὶ
2254 303 2347 356 τοῦ
2399 301 2603 364 πάθους
2649 299 2748 373 τὴν
2805 298 3035 369 θεότητα
3071 297 3165 351 τοῦ
3198 297 3403 368 Κυρίου
3447 296 3728 370 ὁμολογή-

465 409 579 463 illis
609 414 732 462 erat
759 447 775 470 ,
810 403 903 473 qui
936 400 1118 456 omnia
1157 395 1534 468 possidebant,
1565 395 1694 464 quia
1727 393 1868 448 nihil
1903 406 2030 462 pos-

2167 411 2322 458 αντα,
2359 392 2568 447 πολλῶν
2611 392 2778 445 όντων
2809 392 2948 444 κατὰ
2987 391 3076 444 τὸν
3109 391 3298 461 χρόνον
3327 389 3534 441 ἐκεῖνον
3572 389 3727 459 λαμ-

465 498 715 563 sidendo,
748 496 916 549 Deum
951 499 1128 547 totum
1157 487 1418 544 obtinuit.
1445 486 1522 540 lta
1553 494 1611 540 et
1632 482 2037 552 McsOpotamize

2164 483 2285 554 ερῶν
2319 485 2377 536 ἐν
2402 483 2548 551 γένει
2580 482 2675 535 καὶ
2721 481 3064 551 ἱπποτρόφων
3112 481 3206 532 καὶ
3239 480 3348 541 τοῖς
3380 479 3437 529 ἐν
3468 479 3538 546 τῇ
3591 491 3729 545 συγ-

464 588 688 650 incolae,
724 584 942 638 tametsi
985 582 1128 635 inter
1172 579 1322 649 ipsos
1369 576 1628 631 ditissimi
1673 573 2036 643 satrapiarum

2164 575 2316 644 ιλήτφ
2337 572 2624 644 πρωτείοις
2643 571 2756 641 (49)
2792 569 3220 641 σεμνυνομένων,
3244 569 3339 622 καὶ
3365 565 3508 622 κατά
3538 567 3733 620 πᾶσαν

465 685 708 732 rectores
750 683 959 740 essent,
1012 669 1370 726 nihilominus
1410 667 1674 721 Thomam
1709 664 1925 719 cunctis
1950 663 2038 716 di-

2165 665 2192 717 ἐ
2229 665 2556 734 Ἐκκλησίαν
2587 662 2738 734 [ίδεῖν
2769 662 2906 734 ἔστι]
2946 663 3070 725 τοὺς
3093 663 3232 715 κατὰ
3259 661 3390 714 Θεὸν
3426 659 3730 738 μεγάλους,

466 769 713 839 gniorem
743 781 864 820 esse
886 771 1243 824 censuerunt,
1285 774 1446 830 quem
1489 757 1595 813 sibi
1623 756 1757 827 ipsis
1794 754 2038 826 praelice-

2164 757 2234 826 τῆς
2262 755 2532 826 κοσμικῆς
2564 755 2917 827 περιφανείας
2945 754 3397 824 προτιμηθέντας.

467 873 607 921 rent.
643 861 721 916 lta
749 869 803 914 et
833 860 1340 922 TitumCretenses,
1367 861 1422 909 et
1454 851 1844 921 Hierosolyma:
1885 849 2034 904 cives
2069 846 2334 904 Jacobum
2401 852 2457 904 in
2495 849 2813 920 episcopum
2884 849 3197 919 elegerunt,
3240 861 3451 918 nosque
3515 847 3730 918 Cappa-

466 951 630 1008 doces
678 950 1054 1006 centurionem
1094 948 1284 1009 illum,
1327 943 1420 1014 qui
1460 943 1732 1013 passionis
1774 949 2017 1011 tempore
2045 941 2397 996 divinitatem
2421 941 2640 996 Domini
2659 940 2843 996 fassus
2865 948 2970 1005 est,
3021 940 3125 996 etsi
3181 940 3337 994 nmlti
3393 949 3528 994 tunc
3592 950 3731 993 tem-

468 1048 620 1118 poris
647 1045 789 1114 apud
818 1058 918 1098 nos
945 1047 1128 1096 essent
1157 1040 1401 1093 illustres
1418 1052 1616 1108 genere
1648 1045 1705 1092 et
1737 1037 2039 1090 nutritores
2071 1049 2372 1105 equorum,
2404 1035 2611 1105 quique
2677 1033 2886 1104 primas
2929 1033 2986 1087 in
3026 1041 3223 1087 senatu
3262 1040 3444 1102 partes
3508 1033 3733 1089 obtine-

469 1148 612 1193 rent.
637 1138 778 1203 Quin
807 1143 861 1189 et
884 1149 980 1203 per
1001 1130 1635 1186 univcrsamEcclcsiam
1667 1130 1914 1197 (cernere
1935 1127 2042 1198 est)
2083 1129 2252 1193 viros,
2281 1129 2374 1198 qui
2417 1126 2720 1183 secundum
2756 1126 2926 1182 Deum
2958 1127 3148 1196 magni
3178 1135 3330 1190 sunt,
3381 1127 3508 1182 aliis
3567 1138 3731 1180 mun‘

471 1237 614 1289 daua
645 1232 930 1286 nobilitate
957 1227 1280 1295 conspicuis
1303 1225 1586 1296 praelatos.

540 1349 918 1417 Opportunum
949 1349 1130 1396 autem
1173 1341 1417 1395 arbitror
1441 1381 1456 1406 ,
1489 1347 1548 1393 ut
1591 1339 1645 1393 in
1681 1337 1940 1408 praesenti
1972 1336 2040 1391 ad

472 1442 589 1495 hac
618 1450 838 1507 quoque
867 1433 1200 1504 respiciatis,
1230 1433 1275 1486 si
1298 1432 1365 1486 de
1409 1431 1641 1500 antiqua
1673 1428 1932 1484 Ecclesiae
1956 1443 2043 1482 ve-

473 1538 602 1584 strae
652 1527 914 1595 dignitate
957 1522 1266 1592 reparanda
1314 1521 1538 1576 solliciti
1580 1521 1735 1575 estis.
1769 1517 1855 1573 Nil
1889 1519 2038 1573 enim

472 1619 629 1674 vobis
659 1627 846 1672 notum
889 1617 1066 1685 magis
1093 1620 1174 1668 est
1220 1627 1386 1682 quam
1426 1620 1624 1666 vestrae
1654 1612 1830 1681 gentis
1859 1611 2040 1664 histo-

471 1713 602 1772 ria,
637 1723 701 1762 ex
731 1707 931 1775 quibus
962 1705 1106 1774 apud
1151 1718 1249 1757 vos
1279 1705 1348 1757 ab
1388 1703 1635 1778 antiquis
1660 1701 2039 1770 temporibus,

472 1803 799 1871 priusquam
859 1797 1039 1849 vicina
1089 1795 1247 1849 vobis
1293 1794 1488 1848 civitas
1525 1792 1910 1857 elIloresceret,
1951 1807 2042 1846 re-

2218 1334 2362 1405 Πρδς
2389 1333 2562 1388 ταῦτα
2617 1332 2835 1404 βλέπειν
2885 1332 2978 1385 ἐπὶ
3016 1332 3109 1386 τοῦ
3151 1335 3414 1404 παρόντος
3442 1333 3602 1408 οἶμαι
3625 1341 3734 1396 δεῖν

2149 1427 2241 1481 καὶ
2273 1427 2438 1496 ὑμᾶς,
2460 1426 2513 1478 εί
2549 1441 2613 1494 γε
2658 1423 2900 1495 μέλλοιτε
2934 1425 3095 1478 πάλιν
3125 1426 3185 1479 τὸ
3213 1428 3435 1498 ἀρχαῖον
3466 1430 3574 1499 τῆς
3615 1432 3736 1484 Ἐκ-

2150 1517 2378 1588 κλησίας
2433 1517 2586 1588 ὑμῶν
2655 1517 3038 1571 ἀνακαλεῖσθαι
3089 1518 3324 1588 ἀξίωμα.
3375 1521 3572 1575 Οἴδατε
3627 1525 3735 1596 γὰρ

2147 1611 2348 1674 παντὸς
2367 1609 2568 1680 μᾶλλον
2589 1607 2656 1662 τὰ
2684 1608 2925 1680 ὑμέτερα
2942 1608 3271 1680 διηγήματα,
3299 1611 3380 1664 ὅτι
3409 1613 3468 1677 ἐξ
3498 1615 3736 1684 ἀρχαίου

2149 1703 2276 1774 πρὶν
2325 1702 2423 1773 τὴν
2468 1701 2686 1770 γείτονα
2719 1701 2829 1770 (50)
2877 1700 3031 1772 ὑμῶν
3065 1701 3352 1773 ἐξανθῆσαι
3389 1706 3569 1771 πόλιν,
3605 1713 3734 1779 παρ’

2151 1795 2279 1864 ὑμῖν
2299 1789 2366 1864 ἦν
2403 1793 2472 1846 τὰ
2503 1791 2746 1861 βασίλεια
2769 1793 2904 1863 (51),
2933 1794 3027 1846 καὶ
3065 1794 3123 1846 τὸ
3153 1795 3381 1867 προέχον
3421 1797 3477 1850 ἐν
3513 1800 3737 1852 πόλεσιν

473 1870 615 1965 giatn
639 1889 820 1944 sedem
844 1887 1140 1947 exstitisse.
1168 1886 1482 1953 nullamque
1499 1883 1662 1936 aliam
1684 1891 2046 1952 praeterquam

2164 1885 2290 1957 5πέρ
2318 1883 2414 1954 τὴν
2435 1883 2704 1954 ὑμετέραν
2727 1883 2826 1936 οὐκ
2859 1878 2957 1954 ἦν’
2985 1885 3078 1938 κα)⁸
3110 1884 3204 1938 νῦν
3230 1886 3341 1956 (52)
3374 1887 3402 1940 ὁ
3434 1889 3549 1940 τῶν
3590 1893 3737 1944 οἰκο-

478 1983 668 2036 urbem
699 1987 939 2033 vestram
980 1976 1351 2046 principatum
1397 1974 1566 2028 latius
1609 1973 1906 2043 provincia:
1948 1972 2048 2025 ob-

477 2073 713 2127 tinuisse
743 2077 985 2124 constat.
1017 2067 1082 2120 Et
1114 2080 1263 2120 nunc
1292 2065 1512 2135 quidem
1542 2063 1904 2118 aedificiorum
1931 2063 2048 2131 pul-

477 2161 731 2217 cliritudo
769 2167 933 2228 atque
954 2157 1362 2227 magniﬁcentia
1384 2157 1549 2226 periit
1572 2155 1699 2222 ;sed
1722 2155 1874 2210 urbis
1898 2169 2046 2223 pars,

478 2270 601 2326 qua:
618 2269 684 2308 ex
705 2251 918 2307 civibus
935 2257 1174 2314 constat,
1200 2250 1412 2319 utique,
1451 2250 1597 2318 quod
1629 2247 1695 2301 ad
1729 2248 2048 2302 earumdem

479 2353 594 2400 tum
618 2343 1028 2398 multitudinem
1057 2352 1170 2396 tum
1213 2341 1587 2411 prastantiam
1611 2339 1828 2402 attinet,
1857 2337 2049 2407 pristi-

480 2451 610 2490 num
635 2435 812 2489 adhuc
831 2433 1176 2504 splendorem
1201 2432 1421 2487 retinet.
1448 2430 1793 2502 Quapropter
1816 2431 2053 2484 maxime

481 2526 637 2582 decet
662 2526 736 2580 nil
767 2525 1030 2580 humilius
1062 2523 1172 2578 illis
1195 2539 1316 2594 qum
1343 2523 1513 2586 ,vobis
1538 2531 1859 2593 suppetunt,
1883 2522 2052 2576 bonis

482 2619 688 2692 (animo
740 2617 1096 2686 concipere),
1135 2615 1231 2670 sed
1270 2630 1370 2685 par
1421 2622 1582 2684 atque
1634 2615 1860 2684 dignum
1901 2613 2054 2667 urbis

481 2720 677 2767 vestrm
708 2709 992 2766 nobilitate
1025 2707 1078 2762 in
1111 2707 1370 2778 praesenti
1403 2707 1626 2777 negotio
1667 2706 1910 2762 studium
1953 2705 2053 2760 ad—

483 2802 719 2864 hibere,
755 2811 815 2854 ut
839 2801 1004 2854 talem
1040 2800 1183 2853 inter
1245 2799 1392 2853 cives
1443 2806 1658 2853 vestros
1698 2798 2048 2867 praepositum

485 2891 702 2947 tandem
738 2891 983 2946 invenire
1028 2890 1292 2961 possitis,
1347 2889 1441 2958 qui
1503 2905 1561 2946 se
1616 2905 1726 2943 non
1771 2889 2054 2959 indignum

485 2990 665 3038 vestra
698 2981 988 3034 nobilitate
1029 2981 1286 3048 prabeat.
1330 2981 1611 3050 Siquidem
1646 2987 1805 3050 turpe
1842 2989 1928 3034 est
1996 2993 2061 3034 ac

487 3088 714 3144 prorsus
761 3069 1102 3142 (absurdum)
1149 3071 1304 3125 navis
1355 3071 1577 3140 quidem
1621 3080 1892 3126 rectorem
1935 3086 2060 3126 eum

2151 1975 2484 2046 δομημὰτων
2538 1974 2650 2044 (55)
2697 1973 3082 2044 καλλωπισμὸς
3127 1975 3418 2047 ἠφανίσθη,
3451 1978 3574 2031 ἀλλ’
3615 1981 3649 2049 ὴ
3681 1981 3738 2033 ἐν

2152 2071 2264 2130 τοῖς
2292 2065 2599 2138 ἀνθρώποις
2642 2066 2905 2130 πόλις,’ἐν
2939 2066 3209 2136 πλήθειτε
3241 2068 3335 2120 καὶ
3357 2069 3736 2140 δοκιμοτάτοις

2156 2159 2285 2231 (τῶν
2341 2157 2609 2230 πολιτῶν]
2665 2158 2800 2228 πρὸς
2830 2158 2890 2210 τὸ
2933 2159 3158 2229 ἀρχαῖον
3204 2158 3473 2223 ἐξισοῦται
3521 2162 3736 2226 κάλλος.

2161 2247 2372 2302 Οὐκοῦν
2416 2249 2626 2318 πρέπον
2671 2249 2738 2302 ἂν
2768 2250 2873 2319 εἴη,
2909 2248 2980 2318 μὴ
3016 2249 3392 2321 ταπεινότερον
3428 2252 3539 2303 τῶν
3576 2269 3736 2320 προσ-

2155 2341 2322 2394 όντων
2348 2341 2475 2409 ὑμῖν
2502 2338 2722 2407 ἀγαθῶν
2747 2338 2986 2410 [φρονεῖν
3023 2337 3178 2409 (54η,
3207 2338 3344 2392 ἀλλά
3388 2343 3738 2412 συνεπαίρειν

2155 2432 2222 2501 τῇ
2259 2429 2586 2501 περιφανείᾳ
2613 2429 2710 2499 τῆς
2740 2429 2967 2507 πόλεως,
3008 2430 3105 2500 τὴν
3147 2429 3407 2502 περὶτῶν
3442 2432 3738 2502 προκειμέ-

2156 2539 2262 2576 νων
2317 2521 2572 2592 σπουδὴν,
2627 2521 2701 2584 ὡς
2730 2521 2795 2574 ἂν
2825 2521 3060 2573 τοιοῦτον
3099 2519 3296 2592 εὕρητε
3338 2523 3430 2575 ἐπὶ
3470 2523 3570 2576 τοῦ
3610 2523 3737 2577 λαοῦ

2156 2613 2590 2686 καθηγούμενον,
2655 2613 2730 2676 ὼς
2790 2612 2870 2684 μὴ
2919 2612 3134 2676 ἀνάξιον
3183 2613 3312 2682 ὑμῖν
3345 2615 3735 2686 ἐπιδειχθῆναι.

2157 2705 2391 2778 Αίσχρὸν
2459 2704 2567 2776 γὰρ
2622 2703 2876 2775 ἀδελφοὶ,
2929 2705 3022 2757 καὶ
3076 2705 3422 2760 παντάπασιν
3471 2704 3737 2778 [ἄτοπον.

2160 2799 2253 2853 τὸν
2275 2797 2413 2870 (55)]
2443 2797 2540 2868 μὲν
2565 2797 2902 2868 κυϐερνήτην
2931 2796 3007 2866 μὴ
3041 2796 3302 2864 γίνεσθαι,
3346 2799 3394 2850 εί
3417 2799 3492 2868 μὴ
3519 2800 3620 2869 τῆς
3650 2817 3739 2852 κυο

2162 2891 2485 2962 ϐερνητικῆς
2515 2889 2829 2959 ἐπιστήμων
2873 2888 2997 2957 εἰή⁹
3042 2888 3130 2941 τὸν
3173 2887 3229 2940 δέ
3263 2889 3494 2943 ἐπὶτῶν
3543 2891 3738 2945 οίάκων

2165 2985 2265 3052 τῆς
2303 2979 2624 3050 Ἐκκλησίας
2657 2978 2986 3049 καθήμενον,
3013 2978 3224 3046 ἀγνοεῖν
3247 2980 3394 3044 ὃπως
3423 2981 3490 3035 ἂν
3509 2983 3611 3045 τὰς
3637 2982 3739 3035 τῶν

2171 3073 2551 3144 συμπλεόντων
2585 3071 2761 3142 ψυχὰς
2787 3072 2866 3135 είς
2914 3072 3003 3125 τὸν
3031 3071 3226 3142 λιμίένα
3253 3072 3347 3125 τοῦ
3378 3073 3512 3126 Θεοῦ
3545 3074 3736 3143 καθορ-

489 3164 605 3219 ﬁeri
630 3204 644 3227 ,
682 3164 773 3234 qui
813 3163 934 3232 ejus
977 3161 1345 3232 gubernanda:
1383 3178 1588 3231 gnarus
1641 3179 1750 3218 non
1797 3165 1902 3230 sit;
1937 3180 2059 3218 eum

2171 3166 2368 3236 μίσειε.
2391 3165 2540 3218 Πόσα
2567 3162 2703 3235 [γὰρ
2732 3162 2945 3237 γέγονε]
2971 3164 3040 3216 δι’
3061 3165 3313 3237 ἀπειρίας
3337 3165 3443 3218 τῶν
3477 3166 3740 3235 καθηγου-

485 3269 636 3318 veru,
663 3255 755 3324 qui
793 3253 860 3308 ad
891 3252 1146 3308 Ecclesiae
1171 3254 1384 3308 ciavum
1413 3254 1590 3317 sedet,
1608 3263 1782 3309 artem
1809 3255 2063 3323 ignorare

488 3358 597 3413 qua
621 3358 808 3397 secum
841 3343 1217 3413 navigantium
1245 3345 1456 3399 animas
1489 3345 1545 3399 in
1565 3345 1658 3401 Dei
1681 3355 1845 3414 portu
1880 3346 2063 3400 salvas

487 3434 747 3488 eollocet.
779 3432 922 3498 Quot
985 3433 1174 3504 (enim)
1220 3443 1446 3505 propter
1507 3445 1786 3490 rectorum
1841 3435 2064 3506 imperi-

489 3525 620 3579 tiam
683 3523 970 3595 naul‘ragia
1037 3525 1148 3594 jam
1226 3527 1514 3597 (fecerunt)
1569 3526 1870 3583 Ecclesia}?
1929 3527 2066 3594 Quis

487 3630 811 3669 enumerare
861 3617 1060 3684 poterit
1114 3633 1235 3686 qua:
1276 3618 1507 3686 (nostris
1555 3619 1735 3673 oculis
1766 3619 2068 3674 observan-

491 3706 597 3774 tur)
625 3707 761 3759 mala
780 3749 793 3771 ,
826 3723 1103 3774 nunquam
1151 3711 1397 3777 profecto
1419 3718 1681 3764 eventura
1703 3750 1717 3773 ,
1742 3711 1792 3765 si
1853 3710 2044 3766 Eccle-

491 3799 587 3852 sia:
619 3801 825 3866 peritos
856 3799 1069 3868 aliquos
1098 3801 1495 3870 gubernatores
1522 3802 1850 3856 habuissent
1877 3802 2063 3868 ?Quiu

491 3899 546 3944 et
574 3889 783 3943 fabrilis
814 3891 955 3944 artis
997 3907 1106 3945 non
1141 3892 1370 3947 rudibus
1393 3933 1408 3956 ,
1457 3893 1553 3947 sed
1588 3894 1777 3960 gnaris
1804 3933 1820 3959 ,
1859 3894 2067 3950 ferrum

494 3978 563 4032 ad
589 3977 912 4031 fabricanda
970 3994 1098 4032 vasa
1155 3979 1464 4046 tradimus;
1515 3980 1681 4051 igitur
1726 3989 1782 4035 et
1829 3981 2068 4037 ﬁdelium

492 4068 690 4121 animae
773 4067 842 4122 iis
918 4067 1325 4124 committeme
1374 4078 1538 4135 sunt,
1608 4072 1701 4141 qui
1743 4087 1837 4128 eas
1901 4075 2072 4144 probe

497 4160 714 4224 sciant,
798 4156 969 4211 divini
1013 4156 1255 4228 Spiritus
1298 4159 1515 4218 fervore
1571 4164 1785 4218 sublata
1834 4164 2069 4234 duritie,

498 4416 666 4490 hujus
711 4415 856 4490 apud
886 4415 1192 4490 Caesaream
1237 4417 1594 4490 cappadociac
1635 4421 1818 4490 passi,
1863 4424 2068 4476 mentio

499 4486 735 4541 habetur
765 4486 945 4557 idibus
970 4487 1146 4541 Martii
1169 4506 1183 4554 ;
1208 4489 1303 4543 sed
1321 4486 1505 4557 ipsum
1528 4486 1885 4544 Cmsaricnsis
1911 4494 2066 4548 urbis

499 4560 814 4629 episcopum
846 4556 1040 4629 fuisse,
1065 4573 1187 4629 nec
1224 4556 1610 4629 martyrologia
1652 4574 1752 4611 nec
1774 4569 1895 4613 acta
1921 4562 2070 4629 ejus-

498 4625 622 4681 dem
647 4625 904 4696 Longini,
936 4631 1004 4680 ab
1026 4628 1296 4698 Hesychio
1312 4625 1458 4698 circa
1478 4625 1689 4683 Christi
1714 4637 1918 4683 annum
1940 4625 2069 4695 R9,

501 4705 560 4750 ut
601 4703 824 4763 putant,
867 4697 1182 4766 conscripta
1254 4707 1309 4753 et
1362 4713 1392 4751 a
1436 4697 1702 4752 Bollando
1742 4699 1889 4755 edita
1916 4739 1932 4767 ,
1995 4711 2076 4757 te-

501 4777 740 4820 stantur.

571 4836 682 4904 (49)
721 4836 1055 4909 ΔΠρῳτειζοις.
1086 4834 1213 4909 _Ms.
1267 4836 1406 4909 Med.
1448 4837 1702 4909 πρώτοις.
1750 4839 1894 4900 Mox.
1931 4840 2074 4893 κατὰ

500 4906 686 4977 πάσας
716 4905 1010 4977 ἐκκλησίας
1055 4904 1203 4977 εὖροι
1240 4924 1323 4970 τις
1350 4908 1437 4962 ἄν.
1463 4904 1532 4947 ἐν
1553 4910 1628 4961 Ita
1673 4911 2072 4965 emendandum

501 4975 690 5048 censui
724 4973 1245 5048 y:iticanu_rn_c'od.,
1280 4977 1335 5029 in
1370 4992 1479 5046 quo
1521 4979 1783 5034 scribitur
1815 4980 2070 5048 πρώτοις.

573 5045 683 5115 (50)
720 5044 1242 5118 Νίοωοιη-Βζιιιγηιω
1271 5044 1461 5118 urbem
1500 5049 1776 5118 intelligit,
1799 5044 1919 5118 quae
1943 5059 2075 5106 tunc

505 5115 764 5183 temporis
816 5115 882 5187 ad
938 5115 1303 5187 Metropoleos
1357 5115 1700 5187 dignitatem
1726 5115 1836 5187 jam
1884 5131 2072 5174 eVecta

506 5188 705 5245 fuerat,
749 5186 911 5256 cujus
955 5186 1341 5240 contentiones
1371 5186 1439 5239 de
1473 5186 1879 5256 priinatu’cum
1911 5191 2070 5246 Nico-

505 5255 878 5309 mediensibus
909 5256 1208 5309 notissima:
1236 5263 1364 5309 sunt
1390 5255 1525 5312 viris
1562 5257 1805 5315 eruditis.

573 5323 687 5392 (5|)
729 5324 953 5398 Antiqui
983 5326 1127 5378 enim
1155 5325 1608 5398 Bithyniwregcs
1644 5329 1786 5397 apud
1819 5327 2075 5386 Nicome-

502 5393 1152 5470 diam-sedemlixerant;
1183 5393 1317 5464 quin
1347 5406 1402 5470 et
1431 5393 1801 5454 Diocletianus
1835 5401 2073 5470 impera-

503 5459 954 5536 torﬁicornedize
995 5459 1176 5519 sedem
1199 5459 1429 5534 'posuit,
1462 5482 1692 5536 eamque
1717 5459 2074 5525 aediﬁciorum

506 5532 857 5610 multitudine
912 5549 976 5587 ac
1019 5532 1418 5610 magnificentia
1483 5532 1619 5610 urhi'
1659 5537 1846 5610 Romae
1892 5557 2075 5610 parem

507 5599 734 5657 reddere
763 5610 992 5658 conatus
1017 5599 1135 5660 est:
1155 5603 1288 5660 Vide
1320 5605 1665 5662 Lactantium
1701 5609 1768 5662 de
1814 5599 2078 5665 Mdu-tibus

2172 3256 2348 3325 μένων
2397 3254 2669 3325 αὔτανδρα
2707 3255 2815 3308 τῶν
2849 3255 3183 3325 Ἐκκλησιῶν
3210 3257 3309 3327 ἤδη
3354 3258 3619 3324 ναυάγια)
3652 3257 3738 3318 Τίς

2169 3343 2235 3399 ἀν
2283 3345 2715 3416 ἐξαριθμήσηται
2769 3345 2838 3400 τὰ
2884 3348 2942 3401 ἐν
2980 3345 3354 3420 ό[φθαλμοῖς],
3389 3348 3463 3420 μὴ
3514 3350 3584 3403 ἂν
3613 3365 3740 3417 συμ-

2171 3438 2359 3503 ϐάντα,
2395 3437 2449 3490 εί
2466 3454 2550 3500 τις
2573 3433 2642 3508 ἦν
2670 3454 2772 3490 που
2798 3439 2854 3491 ἐν
2876 3440 2986 3502 τοῖς
3025 3439 3449 3509 καθηγουμένοις
3483 3440 3738 3508 κυϐερνη-

2165 3527 2293 3600 τικὴ
2318 3529 2612 3599 ἐμπειρίας
2647 3527 2784 3582 ἀλλά
2834 3528 2927 3581 καὶ
2975 3529 3068 3582 τὸν
3106 3529 3322 3600 σίδηρον
3354 3529 3434 3601 [οὺ
3460 3531 3597 3603 τοῖς]
3626 3530 3737 3582 ὁ.τέ-

2167 3641 2332 3694 χνοις,
2389 3625 2503 3686 τοῖς
2547 3623 2604 3676 δέ
2637 3623 2961 3693 ἐπιστήμοσι
2990 3622 3090 3692 τῆς
3119 3623 3483 3695 χαλκευτικῆς
3524 3628 3604 3687 εὶς
3645 3623 3736 3692 τὴν

2167 3712 2278 3766 τῶν
2339 3712 2550 3766 σκευῶν
2607 3711 2948 3782 ἀπεργασίαν
2999 3713 3488 3783 καταπιστεύομεν.
3541 3711 3736 3766 Οὐκοῦν

2167 3803 2383 3865 καὶτὰς
2433 3801 2611 3873 ψυχὰς
2664 3803 2742 3873 τῷ
2768 3802 2945 3866 καλῶς
2989 3803 3335 3874 ἐπισταμένῳ
3373 3807 3438 3875 τῇ
3467 3804 3560 3856 τοῦ
3597 3803 3733 3872 ἁγίου

2165 3893 2482 3964 Πνεύματος
2538 3893 2684 3957 ζέσει
2740 3893 3200 3964 καταμαλάσσειν,
3254 3896 3640 3966 ἐγχειριστέον,
3681 3893 3734 3956 ὃς

2167 3985 2256 4038 διὰ
2281 3985 2381 4054 τῆς
2404 3985 2510 4038 τῶν
2535 3984 2769 4053 λογικῶν
2789 3985 3034 4055 ὀργάνων
3055 3985 3370 4051 τυπώσεως,
3395 3987 3587 4052 σκεῦος
3599 3987 3734 4041 ἐκλο-

2171 4075 2273 4144 γῆς
2294 4092 2352 4127 τε
2379 4076 2472 4128 καὶ
2515 4074 2812 4146 εὔχρηστον
2853 4077 2965 4147 (56)
3005 4075 3236 4132 ἕκαστον
3288 4079 3443 4149 ὑμῶν
3500 4079 3731 4134 ἐπιτελέ-

2175 4183 2304 4222 σειε.
2333 4167 2570 4222 Τοιαῦτα
2609 4168 2875 4222 ποιεῖσθαι
2927 4169 3026 4238 τὴν
3071 4170 3326 4240 πρόνοιαν
3351 4172 3378 4223 ό
3401 4171 3537 4236 θεῖος
3587 4173 3731 4226 ’Λπό-

2177 4440 2593 4505 pet-secutorum
2633 4451 2754 4505 cap.
2793 4437 2844 4491 7.

2241 4502 2502 4585 (52)]ίαζ
2520 4503 2656 4585 νῦις,
2682 4502 2822 4562 Med.
2842 4507 2935 4562 νῦν
2961 4510 3008 4560 εἰ
3033 4511 3146 4563 καί.
3170 4512 3340 4567 Paulo
3366 4523 3513 4585 post,
3535 4513 3728 4585 δοκιμά-

2172 4587 2292 4642 τητι
2307 4571 2438 4642 ᾲτῶνλ
2456 4573 2771 4642 οἰκητόρων.

2246 4640 2364 4716 (55)
2399 4639 2711 4716 Nicomedia
2771 4647 3040 4716 siquidem
3090 4657 3248 4705 terrm
3290 4661 3443 4708 motu
3498 4655 3727 4710 funditus

2177 4711 2445 4810 alibyae-rga
2468 4712 2634 4810 “guilt,
2674 4711 2872 4810 vicinis
2919 4719 3147 4774 urbibus
3186 4734 3454 4810 exmparte
3494 4727 3726 4810 servatis.

2177 4780 2410 4860 Datiano
2467 4789 2522 4860 et
2561 4782 2783 4860 cereale
2851 4799 2998 4860 coss.
3051 4805 3196 4845 anno
3252 4780 3358 4849 368
3419 4780 3542 4849 rene
3595 4793 3728 4848 Chri-

2182 4851 2402 4911 stianae,
2439 4858 2500 4904 ut
2532 4851 2701 4908 refert
2734 4855 3056 4912 Ammianus
3099 4861 3448 4920 Marcellinus
3489 4867 3583 4919 lib.
3612 4876 3726 4918 xvn.

2174 4935 2297 4999 cap.
2350 4921 2442 4984 15,
2482 4921 2688 4999 ldat_ius
2723 4925 2776 4978 in
2807 4923 3012 4999 festis,
3042 4929 3303 4990 Socrates
3346 4935 3399 4987 in
3451 4930 3726 4989 1“erch

2328 5004 2366 5069 ιι
2388 5031 2401 5053 ,
2427 5005 2548 5071 cap.
2574 4993 2653 5071 5’29
2673 5035 2686 5057 ,
2715 5003 2783 5071 et
2809 4989 3174 5071 Hieronymus
3207 5003 3260 5056 in
3288 4989 3584 5059 Chronico.
3616 5001 3728 5053 Vide

2173 5057 2464 5136 [filianium
2565 5061 2824 5118 Monoa'ia
2841 5067 2909 5120 de
2930 5057 3175 5136 ejusdem
3198 5057 3352 5127 urbis
3371 5057 3725 5130 suliversiunr.

2177 5127 2282 5213 fied
2323 5138 2376 5182 et
2430 5130 2698 5213 reliquam
2759 5127 3134 5213 Nicomediam
3178 5127 3398 5198 Juliano
3442 5127 3730 5213 imperante

2176 5207 2338 5279 terrae
2362 5207 2510 5279 metu
2540 5203 2837 5273 collapsam
2859 5206 3038 5279 [uisse
3070 5213 3212 5265 idem
3255 5203 3576 5269 Ammianus
3607 5212 3729 5266 Mur-

2172 5268 2524 5346 cel‘linuslib.
2566 5268 2822 5346 {xu—cap.
2858 5277 2947 5339 51,
2977 5289 3230 5334 testatur.

2206 5338 2951 5426 Φρονζεῒν.-ιι1.’ξχειν
3002 5350 3062 5401 τὸ
3121 5353 3392 5424 φρόνημα.
3451 5354 3570 5408 Mox
3621 5363 3728 5406 vero

2174 5415 2372 5479 εὖρητε
2407 5415 2555 5479 παρὰ
2585 5415 2677 5465 τοῦ
2709 5415 2866 5470 Θεοῦ.

2247 5478 2358 5550 (ξᾷ)
2395 5478 2524 5535 Τόν.
2570 5481 2646 5534 Id.
2686 5486 2869 5538 τὸν-
2897 5489 3050 5550 νεώς.

2177 5546 2356 5687 τη(δὲ
2383 5551 2760 5620 Εὒχρηστον.
2805 5555 2946 5612 Med.
2983 5546 3333 5631 εῦχρηστίας.
3394 5562 3510 5617 Mox
3569 5556 3723 5616 τοιαύ-
