4068 6154
315 347 458 409 1063

1426 337 1814 402 EPISTOL/B.
1864 375 1936 388 —
1983 338 2206 404 EPIST.
2245 347 2409 403 XVII.

3433 352 3572 409 1066

313 470 500 534 στολος
521 467 889 538 ὲγκελεύεται,
925 459 1015 521 διὰ
1041 465 1142 536 τῆς
1157 464 1294 535 πρὸς
1319 465 1583 536 Τιμόθεον
1614 465 1891 536 ἐπιπολῆς

2005 466 2198 523 molles
2230 469 2460 525 reddere
2481 509 2495 533 ,
2527 474 2582 525 ct
2603 468 2699 540 qui
2754 469 3032 526 rationum
3086 470 3383 529 momentis
3404 510 3421 539 ,
3470 488 3573 531 ceu

311 565 449 618 πᾶσι
476 560 779 633 νομοθετῶν
808 560 920 623 τοῖς
974 556 1284 624 ἀκοῦουσιν,
1316 558 1374 610 ὲν
1399 552 1481 622 οἷς
1502 574 1636 628 φησι
1667 559 1776 611 δεῖν
1804 558 1896 611 τὸν

312 657 609 711 ἐπίσκοπον
651 651 1018 721 ἀνεπίληπτον
1053 646 1213 707 εἶναι.
1248 645 1482 723 *Αρόὖν
1512 637 1699 703 τούτου
1732 651 1895 721 μόνου

310 745 389 816 τῷ
457 741 763 812 ’Δποστόλῳ
815 740 987 813 μέλε.,
1049 743 1198 806 ὅπως
1228 744 1257 796 6
1289 742 1391 811 τῆς
1428 740 1725 812 ἱερωσύνης
1760 758 1895 813 προ-

309 832 576 906 εστηκὼς,
628 832 870 898 τοιοῦτος
924 833 1047 904 εἴης
1095 834 1204 887 Καὶ
1225 832 1277 885 τί
1313 830 1564 886 τοσοῦτον
1602 832 1812 903 κέρδος,
1846 832 1896 883 εἰ

309 928 368 979 ὲν
396 916 478 979 ἑνὶ
508 923 569 979 τὸ
603 922 808 993 ἀγαθὸν
853 924 1262 989 κατακλείοιτο;
1312 924 1452 978 Ἀλλ’
1502 919 1660 989 οἶδεν,
1696 925 1781 978 ὅτι
1817 923 1896 994 τῷ

310 1017 603 1090 προσχόντι
634 1012 745 1089 (57)
779 1014 1199 1087 συμμορφοῦται
1242 1015 1304 1068 τὸ
1340 1015 1673 1087 ὑποχείριον,
1708 1016 1802 1069 καὶ
1826 1015 1896 1068 τά

311 1109 709 1182 κατορθώματα
737 1107 831 1162 τοῦ
857 1107 1293 1180 καθηγουμένου,
1320 1106 1428 1160 τῶν
1450 1108 1731 1178 ἑπομένων
1746 1107 1894 1176 γίνε-

310 1222 419 1259 ται.
461 1206 526 1257 Ὅ
557 1203 666 1274 γάρ
695 1203 843 1256 ἐστιν
866 1203 895 1255 6
924 1200 1266 1265 διδάσκαλος,
1295 1200 1452 1253 τοῦτο
1479 1201 1574 1254 καὶ
1600 1200 1690 1253 τὸν
1722 1199 1895 1271 μαθη-

309 1295 410 1366 τὴν
446 1292 854 1365 ἀπεργάζεται·
899 1292 960 1345 οὺ
1009 1292 1117 1362 γὰρ
1162 1292 1277 1345 ἐστι
1316 1292 1407 1345 τὸν
1442 1293 1508 1363 τῇ
1563 1292 1891 1363 χαλκευτικῇ

310 1389 472 1459 τέχνῃ
497 1386 954 1459 μαθητευὸμενον,
979 1385 1277 1455 ὑφαντικὴν
1300 1383 1667 1456 έξασκῆσαι,ἢ
1694 1386 1896 1456 ἱστουρ⁴

309 1483 426 1549 γεῖν
458 1478 864 1549 διδασκόμενον,
919 1477 1143 1548 ῥήτορα,
1180 1476 1212 1547 ἢ
1256 1476 1577 1545 γεωμέτρην
1603 1476 1892 1544 γενέσθαιο

309 1570 424 1623 ἀλλ’
451 1571 586 1641 ὅπερ
624 1571 681 1622 ὲν
739 1567 816 1639 τῷ
856 1567 1252 1637 καθηγουμένῳ
1300 1566 1486 1637 βλέπει
1532 1569 1560 1620 6
1621 1566 1891 1639 μαθητὴς,

309 1656 467 1709 τοῦτο
509 1657 604 1711 καὶ
662 1657 743 1720 είς
792 1656 981 1709 ἑαυτὸν
1022 1652 1362 1726 μετατίθησι.
1401 1655 1499 1707 Διά
1526 1655 1681 1708 τοῦτό
1720 1674 1889 1727 φησι·

309 1748 794 1818 Κατηρτισμένος
813 1747 984 1801 ἔσται
1000 1745 1119 1813 πᾶς
1131 1746 1425 1817 μαθητὴς,
1450 1748 1530 1813 ὡς
1549 1751 1581 1801 ό
1609 1746 1895 1801 διδάσκα-

308 1843 419 1908 λος
439 1838 641 1893 αὐτοῦ.

378 1930 443 1984 Τί
475 1927 586 1995 οὖν,
620 1930 876 2000 ἀδελφοί;
908 1926 1018 2002 ἆρα
1045 1929 1270 1983 δυνατὸν
1316 1928 1714 2000 ταπεινόφρονα
1738 1927 1894 1995 γενέ-

309 2022 455 2083 σθαι,
497 2024 591 2076 κα“ι
638 2022 1070 2092 κατεσταλμένον
1119 2021 1198 2092 τῷ
1229 2022 1371 2092 ἤθει,
1412 2022 1508 2075 καὶ
1533 2021 1771 2093 μέτριον,
1803 2022 1896 2074 καὶ

309 2114 682 2185 φιλοκερδείας
729 2113 1033 2183 κρείττονα,
1088 2113 1184 2166 καὶ
1212 2112 1279 2165 τὰ
1314 2112 1432 2166 θεῖα
1462 2112 1643 2181 σοφὸν,
1672 2113 1764 2165 καὶ
1793 2128 1895 2165 πε-

307 2206 668 2277 παιδευμένον
688 2204 789 2275 τὴν
816 2207 873 2258 ὲν
908 2209 1023 2268 τοῖς
1058 2205 1281 2276 τρόποις
1305 2206 1508 2277 ἀρετήν
1540 2218 1621 2270 τε,
1654 2205 1749 2258 xa‘t
1777 2205 1896 2257 ém-

306 2300 536 2365 είκειαν,
561 2299 736 2352 ταῦτα
761 2299 819 2350 ὲν
848 2297 924 2369 τῷ
951 2295 1252 2367 διδασκάλῳ
1287 2296 1360 2367 μὴ
1412 2296 1674 2367 βλέποντα
1701 2313 1715 2363 ;
1756 2295 1893 2348 Ἀλλ’

303 2392 409 2445 οὐκ
461 2374 579 2443 οἴδα
627 2390 744 2453 πῶς
790 2384 901 2442 οἷόν
927 2406 987 2442 τε
1031 2389 1121 2443 τὸν
1155 2388 1434 2459 κοσμικῶς
1466 2388 1891 2459 μαθητευθέντα,

306 2481 677 2551 πνευματικὸν
726 2480 996 2549 γενέσθαι.
1028 2479 1152 2544 Πῶς
1184 2481 1294 2552 γὰρ
1325 2480 1391 2534 ἂν
1427 2481 1500 2552 μὴ
1541 2479 1663 2533 κατ’
1687 2481 1896 2533 ἐκεῖνον

306 2570 418 2627 εἷεν
440 2574 490 2627 oi
517 2573 653 2645 πρὸς
686 2573 845 2627 αὐτὸν
884 2572 1256 2644 ὁμοιούμενοις
1302 2570 1368 2626 Τί
1411 2572 1602 2644 κέρδος
1637 2571 1756 2625 ἐστὶ
1782 2573 1895 2634 τοῖς

304 2665 502 2736 διψῶσι
558 2665 656 2735 τῆς
700 2663 795 2718 τοῦ
852 2666 1063 2737 ὑδρείου
1117 2665 1539 2737 μεγαλουργίας,
1594 2662 1785 2726 ὓδατος
1834 2662 1894 2716 ὲν

307 2757 460 2825 αὗτῷ
518 2757 595 2828 μὴ
646 2757 840 2821 liv-cog;
879 2756 981 2810 κᾶν
1028 2758 1087 2810 ἐν
1119 2757 1384 2820 ποικίλοις
1422 2756 1748 2828 σχήμασινή
1783 2753 1893 2810 τῶν

307 2851 504 2905 κιόνων
536 2851 839 2923 ἐπάλληλος
873 2852 1022 2915 θέσις
1047 2852 1139 2904 ἐπὶ
1159 2852 1251 2905 τοῦ
1281 2850 1449 2921 ὕψους
1468 2851 1646 2921 ἀνέχει
1672 2849 1783 2921 (58)
1801 2848 1891 2903 τὸν

307 2941 565 3005 ⁴πέτασον,
597 2939 651 2993 τί
678 2940 879 3012 μᾶλλον
900 2940 966 2995 ἂν
994 2943 1022 2996 6
1042 2941 1210 3010 διψῶν
1231 2943 1403 2994 ἕλοιτο
1426 2941 1564 3013 πρὸς
1579 2941 1673 3012 τὴν
1697 2938 1889 2994 ἑαυτοῦ

306 3034 517 3105 χρείαν;
548 3033 725 3098 λίθους
777 3030 837 3089 εὖ
887 3034 1262 3105 διακειμένους
1296 3034 1543 3105 βλέπειν,
1595 3033 1629 3104 ἦ
1665 3033 1889 3106 κρουνὸν

306 3127 508 3197 εὑρεῖν,
526 3125 629 3180 κᾶν
676 3127 784 3180 ἀπὸ
834 3126 1044 3192 ξυλίνου
1081 3126 1317 3197 σωλῆνος
1349 3126 1466 3198 ῥέῃ,
1513 3126 1673 3196 μόνον
1699 3125 1889 3187 διειδές

302 3312 417 3375 τοῖς
447 3311 582 3381 πρὸς
596 3312 694 3383 τὴν
710 3311 990 3365 εὐσέϐειαν
1026 3311 1336 3381 βλέπουσιν,
1370 3311 1670 3380 ἀμελητέον
1704 3310 1770 3363 ἂν
1803 3311 1886 3380 εἴη

302 3402 406 3473 τῆς
431 3402 535 3468 ἔξω
560 3407 784 3476 σκηνῆς,
811 3405 845 3476 ἢ
874 3404 927 3457 εἴ
950 3420 1032 3469 τις
1058 3404 1207 3474 κομᾷ
1227 3403 1421 3471 φίλοις,
1454 3401 1548 3457 καὶ
1569 3402 1891 3470 καταλόγοις

302 3496 631 3567 ἀξιωμάτων
665 3496 990 3569 ἁϐρύνεται,
1034 3498 1127 3551 καὶ
1165 3496 1366 3559 πολλὰς
1402 3494 1623 3566 ἐτησίας
1668 3493 1890 3566 [προσό-

300 3587 424 3651 δους
474 3587 787 3658 λαμῦἀνων,
816 3591 1081 3658 καυχᾶται
1120 3588 1231 3659 (59)
1254 3587 1272 3658 1
1296 3629 1310 3650 ,
1357 3587 1453 3640 καὶ
1484 3586 1618 3656 πρὸς
1643 3584 1706 3637 τὸ
1731 3585 1888 3652 γένος

301 3678 498 3732 ἑαυτοῦ
525 3678 791 3750 [ἀφορῶν,
825 3678 1184 3749 μεγαλύνεται
1220 3675 1380 3747 (60)],
1413 3676 1509 3729 καὶ
1553 3674 1890 3743 πανταχόθεν

300 3769 383 3839 τῷ
434 3768 588 3840 τύφῳ
655 3769 1084 3840 περιαυτίζεται,
1144 3765 1388 3820 τοιοῦτον
1439 3766 1557 3835 ἑᾷν,
1595 3763 1672 3826 ὼς
1727 3762 1889 3833 ξηρὸν

304 3856 536 3928 ὑδρεῖον,
585 3857 744 3929 εἴπερ
777 3856 851 3926 μὴ
876 3856 988 3927 έχοι
1044 3857 1102 3908 ἐν
1130 3855 1208 3926 τῷ
1239 3854 1340 3930 βίῳ
1364 3853 1433 3907 τὰ
1470 3852 1887 3926 προηγούμενα*

300 3949 594 4018 ἀναζητεῖν
641 3949 720 4015 δὲ,
768 3948 949 4011 καθὼς
1008 3947 1074 4001 ἂν
1114 3943 1421 4021 ᾖδυνατὸν,
1461 3945 1540 4016 τῷ
1581 3939 1761 4016 λύχνῳ
1793 3943 1888 3998 τοῦ

300 4042 621 4111 Πνεύματος
657 4042 795 4113 πρὸς
844 4042 943 4113 τὴν
992 4042 1218 4110 ἔρευναν
1269 4040 1625 4112 κεχρημένοι,
1680 4034 1890 4107 Κῆπος

300 4131 729 4201 κεκλεισμένος
762 4132 895 4203 (6|),
927 4133 1022 4185 καὶ
1045 4130 1205 4199 πηγὴ
1236 4129 1707 4200 ἐσφραγισμένη,
1744 4129 1890 4185 καθά

301 4239 467 4293 φησιν
494 4225 527 4293 ἡ
564 4224 755 4294 Γραφὴ
774 4266 787 4286 ,
814 4224 902 4277 ἵνα
923 4222 1009 4276 διὰ
1046 4215 1145 4292 τῆς
1170 4223 1594 4293 χειροτονίας....
1621 4221 1700 4293 τῷ
1730 4223 1891 4293 κήπῳ

318 4315 512 4386 -ρυφῆς
541 4315 672 4383 (62),
710 4316 803 4369 καὶ
832 4313 1309 4386 ἀναστομῖωθέντος
1327 4312 1420 4367 τοῦ
1451 4313 1550 4383 τῆς
1566 4313 1748 4385 πηγῆς
1771 4311 1891 4366 ὓδα-

297 4423 411 4469 τος,
444 4405 622 4459 κοινὸν
641 4405 866 4476 γένηται
893 4405 1080 4476 κτῆμα
1097 4406 1196 4475 τῆς
1221 4402 1516 4473 καθολικῆς
1541 4400 1886 4470 Ἑκκλησίας.

2003 556 2328 613 malleorum
2358 559 2560 617 ictibus
2584 601 2599 624 ,
2622 576 3072 634 unumquemque
3115 572 3366 620 nostrum
3395 565 3453 620 in
3478 582 3577 623 vas

2002 652 2289 708 electionis
2312 692 2326 716 ,
2362 661 2416 708 et
2434 651 2667 708 Domino
2692 669 2801 708 non
2827 654 3022 711 inutile
3053 655 3234 710 valeat
3263 655 3575 714 ell’ormare.

2004 740 2182 809 Hujus
2209 742 2287 796 rei
2320 757 2422 797 nos
2446 742 2713 797 rationem
2753 744 2954 800 habere
2988 745 3207 801 divinus
3230 745 3388 817 jubet
3434 746 3580 818 Apo-

2004 835 2183 892 stolus
2206 876 2221 899 ,
2258 834 2385 889 dum
2420 835 2475 889 in
2504 835 2746 904 Epistola
2786 836 2853 890 ad
2892 834 3237 892 Timotheum
3267 838 3336 894 de
3363 839 3580 909 episco-

2003 941 2200 998 porum
2238 927 2484 982 moribus
2518 927 2733 997 legem,
2791 927 3052 985 ﬁdelibus
3113 931 3332 985 cunctis
3395 931 3581 988 obser-

2004 1018 2239 1073 vandam
2272 1058 2288 1083 ,
2325 1019 2585 1088 sancivit,
2619 1020 2875 1091 inquiens
2899 1061 2916 1088 ,
2963 1030 3218 1090 oportere
3256 1022 3575 1095 episcopum

2005 1110 2542 1182 irreprehensibilem
2564 1128 2688 1169 csse
2710 1113 2750 1168 '.
2784 1112 3045 1184 Nunquid
3067 1114 3212 1168 enim
3238 1114 3342 1169 hoc
3363 1123 3578 1170 tantum

2003 1214 2164 1258 curat
2188 1205 2529 1273 Apostolus,
2565 1205 2745 1275 utqui
2780 1207 3088 1262 sacerdotio
3119 1206 3396 1278 fungitur,
3453 1208 3580 1263 talis

2003 1294 2113 1350 sit?
2140 1292 2363 1365 Ecquod
2396 1311 2654 1366 magnum
2680 1296 2895 1350 lucrum
2929 1305 3111 1361 esset,
3155 1297 3202 1354 si
3225 1312 3333 1371 uno
3364 1306 3579 1355 tantum

2002 1389 2227 1444 homine
2286 1390 2531 1459 probitas
2596 1390 3017 1445 contineretur?
3069 1392 3175 1447 Sed
3214 1392 3376 1461 plane
3425 1395 3581 1447 novit

2001 1482 2334 1552 Apostolus,
2393 1483 2811 1551 praepositorum
2846 1485 3093 1540 moribus
3138 1486 3395 1542 subditos
3446 1502 3580 1541 con-

2005 1574 2258 1640 formari,
2287 1583 2341 1628 et
2364 1583 2514 1630 recta
2541 1577 2700 1631 ducis
2736 1575 2879 1632 facta
2906 1617 2919 1640 ,
2961 1578 3180 1632 illorum
3224 1579 3388 1634 etiam
3409 1616 3424 1645 ,
3483 1581 3578 1650 qui

2003 1666 2181 1736 ipsum
2203 1675 2529 1737 sequuntur,
2562 1668 2784 1738 propria
2832 1667 2969 1725 ﬁeri.
3002 1671 3218 1724 Etenim
3257 1672 3439 1741 qualis
3493 1680 3579 1729 est

2002 1758 2302 1827 magister,
2369 1759 2529 1813 talem
2587 1767 2641 1813 et
2683 1759 3012 1830 discipulum
3070 1762 3270 1827 efﬁcit;
3315 1776 3441 1816 nam
3484 1764 3577 1832 qui

1932 1832 1971 1885 Β
1999 1850 2105 1903 arti
2144 1847 2325 1904 fabrili
2352 1866 2577 1921 operam
2614 1859 2813 1915 navat,
2871 1853 2919 1908 is
2968 1861 3149 1908 textor
3202 1853 3317 1908 lieri
3353 1857 3575 1925 nequit,

2000 1940 2143 1995 sicut
2171 1956 2273 1995 nec
2297 1942 2389 2011 qui
2422 1950 2602 1997 texere
2638 1942 2871 2007 didicit,
2932 1943 3151 2010 rhetor,
3190 1945 3272 2000 vel
3301 1958 3578 2015 geometra

1997 2041 2176 2103 potest
2224 2036 2500 2101 evadere;
2557 2033 2650 2089 sed
2706 2037 2853 2106 quod
2908 2036 2963 2090 in
3002 2038 3266 2106 magistro
3318 2038 3577 2095 observat

1997 2124 2340 2194 discipulus,
2398 2125 2454 2180 id
2490 2126 2682 2196 utique
2726 2127 2780 2181 in
2824 2142 2882 2183 se
2918 2128 3227 2183 imitatione
3273 2128 3575 2195 transfert;

1997 2227 2309 2290 propterea,
2344 2219 2524 2290 inquit
2566 2206 2885 2290 Scriptura,
2939 2218 3216 2290 Perfectus
3248 2222 3350 2274 erit
3402 2221 3577 2276 omnis

1997 2309 2310 2375 discipulus,
2331 2309 2774 2379 quemadmodum
2818 2311 3072 2379 magister
3102 2309 3216 2380 ejus
3238 2310 3305 2364 ¹⁰.

2069 2401 2210 2467 Quid
2242 2402 2431 2472 igitur,
2454 2403 2699 2459 fratres?
2722 2402 2979 2472 Nunquid
3006 2402 3251 2465 humilis,
3269 2400 3572 2469 modestus,
3597 2398 3601 2402 ’

2000 2492 2316 2548 moderatus
2338 2533 2353 2554 ,
2382 2495 2537 2548 lucro
2566 2509 2675 2549 non
2701 2494 2956 2550 addictus
2990 2535 3005 2560 ,
3035 2480 3462 2566 divinarumque
3489 2512 3578 2553 re-

1997 2598 2120 2638 rum
2155 2585 2384 2653 peritus,
2420 2594 2473 2640 et
2501 2601 2714 2640 morum
2748 2587 3042 2656 probitate,
3064 2593 3228 2657 atque
3252 2596 3578 2642 mansuetu-

1997 2672 2128 2730 dine
2180 2677 2443 2745 przeditus
2467 2717 2481 2739 ,
2521 2678 2634 2731 tieri
2672 2678 2869 2747 poterit
2897 2716 2911 2741 ,
2947 2676 3039 2748 qui
3068 2678 3186 2732 haec
3219 2677 3276 2732 in
3308 2678 3575 2749 magistro

1996 2781 2108 2822 non
2136 2767 2521 2836 conspexerit?
2544 2766 2746 2821 Verum
2782 2782 2890 2821 non
2923 2767 3081 2822 video
3111 2808 3124 2829 ,
3162 2768 3439 2838 quomodo
3478 2768 3575 2839 qui

1996 2856 2274 2913 mundana
2303 2865 2516 2912 tantum
2544 2858 2759 2924 didicit,
2782 2859 3092 2927 spiritualis
3119 2858 3354 2916 evadere
3369 2859 3570 2916 valeat.

1995 2947 2283 3013 Quomodo
2329 2950 2475 3003 enim
2526 2951 2760 3020 alicujus
2798 2950 3030 3005 formam
3068 2952 3417 3022 speciemque
3459 2960 3593 3008 non

1990 3036 2283 3109 referant,
2323 3044 2416 3112 qui
2450 3042 2515 3097 ad
2544 3044 2794 3098 eumdem
2828 3060 2951 3098 sese
2991 3046 3376 3113 componunt?
3428 3044 3574 3111 Quid

471 3134 629 3192 ννκᾶν
676 3134 784 3180 ἀπὸ
834 3134 1044 3192 ξυλίνου
1081 3134 1317 3197 σωλῆνος
1349 3134 1466 3198 ῥέῃ,
1513 3134 1673 3196 μόνον
1699 3134 1889 3187 διειδές
1920 3188 1959 3227 (ν
1996 3134 2224 3204 prodest
2270 3135 2593 3190 sitientibus
2624 3137 2838 3205 aquarii
2870 3135 3276 3207 magnificentia
3302 3177 3316 3203 ,
3350 3138 3397 3193 si
3432 3153 3574 3208 aqua

471 3221 492 3272 ὶ
525 3219 753 3273 πότιμον
784 3218 845 3273 τὸ
869 3222 1016 3273 νᾶμα
1046 3219 1381 3273 προχέονται
1408 3219 1616 3273 Οὕτως.
1647 3216 1887 3273 ἀδελφοὶ.
1936 3220 1959 3242 ³
1999 3241 2230 3273 vacuum
2266 3226 2375 3273 sit?
2404 3226 2676 3273 ﬂtlnmvis
2713 3228 2861 3273 enim
2906 3229 3274 3273 multifnrnmg
3301 3231 3574 3273 nnlmnnm

302 3234 365 3274 τε
400 3221 492 3273 καὶ
525 3219 753 3291 πότιμον
784 3218 845 3273 τὸ
869 3222 1016 3290 νᾶμα
1046 3219 1381 3289 προχέοντα;
1408 3219 1616 3282 Οὕτως,
1647 3218 1887 3286 ἀδελφοὶ,

1999 3241 2230 3279 vacuum
2266 3226 2375 3280 sit?
2404 3226 2676 3293 Quamvis
2713 3228 2861 3283 enim
2906 3229 3274 3286 multiformes
3301 3231 3577 3286 columna:

1991 3319 2264 3372 concinne
2326 3318 2644 3389 disposita),
2708 3320 2985 3391 fastigium
3061 3322 3357 3376 sustollant
3410 3322 3578 3376 inal-

1993 3416 2127 3469 tum,
2173 3410 2305 3479 quid
2336 3410 2521 3480 potius
2562 3411 2616 3466 in
2670 3426 2829 3466 usum
2860 3426 3019 3465 suum
3057 3412 3254 3468 sitiens
3304 3413 3573 3483 eligeret,

1993 3501 2274 3570 lapidesne
2328 3501 2533 3556 all‘abre
2577 3501 2880 3571 dispositos
2935 3504 3168 3568 intueri,
3236 3505 3320 3559 vel
3366 3504 3572 3560 fontem

1992 3592 2279 3657 invenire,
2337 3591 2694 3661 quantumvis
2746 3606 2810 3646 ex
2866 3593 3045 3665 ligneo
3100 3594 3276 3649 canali
3331 3594 3571 3660 deﬂuat,

1992 3684 2282 3754 solumque
2347 3683 2687 3754 pellucidos,
2767 3694 2820 3740 et
2896 3685 3048 3755 potui
3117 3694 3302 3757 gratos
3384 3687 3574 3743 latices

1990 3775 2333 3844 profundat?
2382 3777 2506 3843 lta,
2564 3775 2808 3840 fratres,
2871 3777 2940 3833 iis
3003 3778 3094 3846 qui
3148 3778 3403 3848 pietatem
3462 3796 3575 3850 prae

1992 3867 2170 3920 oculis
2226 3866 2466 3932 habent,
2530 3868 2682 3921 nulla
2745 3867 2886 3922 ratio
2956 3867 3204 3923 habenda
3265 3878 3411 3925 esset
3472 3886 3574 3927 ex~

1993 3958 2211 4013 terioris
2260 3960 2498 4029 speciei,
2542 3967 2707 4029 atque
2739 3974 2989 4030 pompm;
3054 3967 3110 4014 et
3172 3958 3216 4013 si
3265 3961 3389 4030 quis
3436 3960 3575 4014 ami-

1992 4064 2181 4103 corum
2238 4064 2467 4104 numero
2548 4048 2811 4114 el't'ertur,
2878 4059 2932 4106 et
3004 4051 3330 4121 dignitatum
3414 4052 3573 4121 copia

1993 4142 2259 4211 superbit,
2296 4149 2349 4196 et
2385 4142 2572 4197 multis
2612 4142 2834 4212 (annuis
2873 4142 3178 4199 redditibus
3214 4143 3425 4209 fruens,
3478 4158 3576 4198 ex-

1990 4233 2262 4302 tollitur),
2302 4240 2358 4288 et
2412 4232 2479 4287 ad
2530 4248 2703 4303 genus
2753 4248 2911 4287 suum
2957 4233 3322 4303 (respiciens,
3376 4233 3576 4304 gloria-

1993 4321 2569 4396 tur).etundequaque
2612 4325 2757 4381 fastu
2792 4327 3132 4388 intumescit,
3183 4325 3349 4380 talem
3384 4325 3575 4393 utique

1993 4412 2272 4468 hominem
2304 4414 2536 4468 missum
2579 4412 2762 4469 facere
2807 4423 3045 4485 oportet,
3072 4423 3335 4484 tanquam
3362 4412 3575 4467 siccum

303 4492 540 4565 [Γένοιτο
572 4494 628 4548 δὲ
659 4494 819 4567 (65)],
851 4497 947 4549 καὶ
970 4495 1241 4566 παράσχοι
1280 4493 1311 4546 6
1350 4491 1557 4562 Κύριος
1596 4490 1886 4562 εὑρεθῆναι

1996 4504 2303 4573 aquarium,
2321 4504 2427 4559 nisi
2458 4505 2528 4560 iis
2547 4504 2810 4575 praeditus
2828 4505 2899 4560 sit
2929 4505 3197 4566 moribus,
3216 4501 3310 4571 qui
3337 4500 3575 4570 primum

297 4584 386 4638 διὰ
419 4585 616 4656 τάχους
638 4587 696 4639 ἐν
716 4588 844 4659 ὑμῖν
867 4585 1129 4650 τοιοῦτον,
1154 4586 1212 4650 ὃς
1233 4586 1388 4639 ἔσται
1419 4583 1612 4647 σκεῦος
1632 4582 1885 4653 ἐκλογῆς,

1996 4572 2053 4650 in
2082 4605 2233 4652 recta
2262 4598 2389 4653 vitae
2421 4572 2769 4654 institutione
2802 4601 2982 4652 locum
3015 4596 3288 4659 obtinent,
3328 4600 3384 4648 et
3406 4592 3575 4663 spiri-

299 4676 491 4741 στύλος
512 4676 922 4753 [Ἑκκλησίας].
966 4680 1300 4750 Πιστεύομεν
1333 4678 1390 4733 δὲ
1420 4675 1498 4747 τῷ
1530 4675 1740 4747 Κυρίῳ,
1770 4673 1891 4727 ἔσε-

298 4767 424 4821 σθαι
453 4770 646 4835 ταῦτα,
680 4772 840 4843 εἴπερ
862 4773 1018 4844 ὑμεῖς
1059 4771 1407 4843 βουληθείητε
1432 4766 1520 4822 διὰ
1540 4767 1639 4837 τῆς
1658 4768 1889 4849 ὁμονοη-

295 4861 458 4933 τικῆς
519 4861 762 4935 (χάριτος
816 4865 877 4919 τὸ
923 4864 1063 4937 (64)]
1113 4864 1318 4935 ἀγαθὸν
1369 4860 1678 4935 συμφώνως
1738 4859 1888 4928 ίδεῖν,

369 5072 392 5105 ⁸
429 5071 451 5126 Ι
489 5072 630 5128 Tim.
670 5087 765 5140 tu,
794 5072 850 5130 Ξ.
927 5074 971 5107 ’⁸
1001 5072 1137 5131 Luc.
1172 5091 1247 5141 vt,
1274 5076 1364 5131 40.
1447 5077 1490 5108 “
1534 5073 1916 5143 Cant.tv,12.

369 5233 482 5305 (57)
507 5233 863 5305 Προᾳχόνζι.
891 5229 973 5305 ω.
989 5304 995 5305 ί
1012 5231 1317 5302 προέχοντι.

528 5302 768 5375 ’Ᾱνέχὲι.
796 5303 937 5358 Med.
976 5304 1166 5375 ἀνέχῃ,

393 5309 483 5359 58ἐ
528 5309 768 5375 Ἀνέχει.
797 5309 937 5358 Med.
976 5309 1166 5373 ἀνέχῃ.

368 5309 1068 5459 Ἐτησίας.-καυχ.
1104 5372 1184 5430 Id.
1209 5369 1459 5443 ἐτησίους
1489 5372 1875 5446 ἀναριθμεῖται

297 5444 613 5501 προσόδους.

259 5463 792 5586 ’πρῗὲίῗᾷῗᾴξέορῶνρ
828 5516 1044 5586 pera}.
1093 5512 1175 5569 Id.
1202 5510 1415 5586 βλέπων
1465 5514 1873 5586 περιογκοῦται.

371 5583 484 5655 (till
514 5583 897 5656 κεχρημένοι.
916 5583 998 5626 ⁷-
1024 5583 1472 5656 κεκλε-ισμέῖρς.
1499 5583 1645 5656 Med.
1675 5601 1878 5655 κεχρη-

298 5654 454 5729 μένοι
478 5656 534 5710 εί
551 5654 761 5729 πουιτίς
785 5657 901 5708 ἐστι
921 5654 1324 5729 κ-εκλεισμένος.
1347 5654 1477 5729 Mox
1497 5654 1576 5729 id.
1604 5654 1879 5729 cod.;po_st

296 5724 633 5799 χειροτονίας
656 5726 906 5799 lacunam
950 5727 1039 5799 ita
1059 5725 1295 5799 supplet,
1336 5725 1676 5799 ἀνοιχθείσης
1719 5724 1876 5797 ἡμῶν

294 5794 478 5855 ῑν.Ἐι
512 5798 676 5870 paulo
709 5798 853 5867 po‘st,
891 5794 1141 5848 καθόλου
1168 5794 1329 5852 έκκλ.

623 5891 897 5953 Ρλτιιοι.
945 5888 1064 5951 Gn.
1110 5888 1339 5955 XLVI.

1997 4688 2132 4743 tuali
2152 4690 2375 4754 lucerna
2407 4688 2475 4744 ad
2497 4690 2854 4745 scrutandum
2885 4686 3151 4750 adhibita,
3185 4683 3569 4755 inquirendus,

1996 4790 2259 4850 quantum
2294 4781 2408 4836 ﬂeri
2442 4790 2641 4852 potest,
2689 4780 2888 4835 Hortus
2914 4779 3215 4841 conclusus,
3248 4785 3297 4830 et
3332 4775 3449 4845 fons
3483 4773 3575 4826 ob-

1997 4875 2240 4944 signatas
2256 4877 2321 4939 ¹¹,
2337 4875 2826 4945 quemadmodum,
2849 4874 3028 4945 inquit
3052 4873 3362 4942 Scriptura,
3388 4876 3447 4924 ut
3461 4866 3569 4939 (re-

2001 4968 2204 5036 serato)
2224 4982 2320 5036 per
2336 4967 2738 5022 ordinationem
2754 4966 3054 5037 voluptatis
3072 4965 3256 5030 horto,
3274 4970 3328 5020 et
3355 4961 3572 5019 recluso

2057 5231 2169 5303 (62)
2198 5229 2426 5284 Videtur
2458 5228 2549 5282 hic
2579 5228 2871 5303 legendum
2922 5226 3396 5303 supplendumquc
3422 5244 3570 5295 esse,

1985 5294 2073 5356 ἵνα
2100 5294 2187 5355 διὲι
2226 5303 2322 5371 τῆς
2351 5294 2681 5377 χειροτονίας
2714 5294 3061 5377 ἀνεῳγμένου
3099 5294 3407 5377 τουκήπου
3444 5294 3574 5369 “cpu-

1986 5374 2113 5443 φῆς,
2158 5367 2322 5442 quam
2353 5367 2670 5425 "lectionem
2718 5369 2774 5423 in
2822 5367 3073 5424 versione
3107 5367 3301 5423 Latina
3346 5367 3572 5426 secutus

1986 5459 2130 5499 sum.

2057 5513 2169 5585 (65)
2225 5511 2471 5585 [ξένοιτο
2516 5509 2635 5585 δέῃ
2666 5507 2741 5585 Id.
2796 5509 2829 5581 ἡ
2882 5510 2950 5585 ἐν
2974 5510 3167 5585 ἐκείνῳ
3187 5508 3368 5585 χάρις.
3394 5507 3568 5567 Paulo

1985 5580 2356 5656 p0$t,iiﬂ6?.0;
2375 5599 2432 5635 τε
2460 5581 2554 5656 κοιλἷ
2585 5580 2864 5656 ἑδραίωμα
2888 5581 2987 5656 τῆς
3015 5580 3271 5656 ἀληθείας
3295 5596 3459 5656 πιστ.
3500 5649 3512 5656 _
3572 5583 3581 5592 '

2057 5654 2171 5726 (64)
2200 5654 2466 5726 Χάριτος-
2487 5652 2583 5726 τό..
2625 5648 2701 5726 Id.
2736 5648 3036 5726 συμπνοίας
3079 5648 3217 5726 πρὸς
3261 5648 3320 5726 τὸ
3349 5649 3567 5726 Δκοινᾷν.

1984 5719 2107 5782 Mox
2141 5719 2298 5795 vero,
2324 5721 2529 5796 Κυρίου
2561 5720 2716 5794 ἡμῶν
2755 5719 2928 5794 Ἰησοῦ
2965 5719 3203 5795 Χριστοῦ
3250 5720 3311 5774 τὸ
3336 5719 3565 5789 ἀγαθόν.

3211 5852 3305 5963 θιξ
