4068 6154
522 312 658 369 ίθϐἳ
1749 308 1807 363 S.
1834 306 2111 364 GREGOR

2211 306 2485 365 iYSSENI
3658 304 3790 367 1063

524 447 685 503 aquae
720 430 889 493 fonte,
926 432 980 484 in
1015 444 1364 484 communem
1393 428 1654 484 Ecclesiae
1676 431 2096 484 catholicaeuti-

2211 436 2639 503 προτιμήσαντες
2658 431 2766 484 τῶν
2801 431 2945 485 ἰδίων
2979 432 3320 504 θελημάτων,
3351 431 3411 485 τὸ
3458 430 3677 503 θέλημα
3700 432 3789 484 τοῦ

520 526 728 580 litatem
762 523 941 578 cedat.
978 521 1170 593 (Faxit
1206 531 1389 577 autem
1412 521 1452 593 ),
1507 520 1887 593 concedatque
1927 521 2093 585 Deus,

2211 524 2411 595 Κυρίου
2436 526 2470 595 ἡ
2481 522 2596 594 μῶν
2632 520 2751 594 [καὶ
2788 522 2847 575 τὸ
2875 522 3024 594 αὐτῷ
3053 523 3323 597 δοκίμιον]
3356 523 3449 576 καὶ
3477 522 3786 594 εὐάρεστον,

520 625 581 672 ιιι
609 630 773 686 quam
807 615 920 669 cito
943 614 1086 671 inter
1116 630 1218 670 vos
1255 614 1380 669 talis
1412 614 1499 668 vir
1527 615 1865 679 inveniatur,
1896 615 1991 683 qui
2026 613 2097 669 sit

2211 617 2299 669 καὶ
2334 614 2558 679 τέλειον,
2608 615 2696 668 ἵνα
2743 615 3176 687 κατορθούμενον
3204 619 3262 671 ἐν
3295 617 3426 686 ὑμῖν
3448 613 3697 668 τοιοῦτον
3732 609 3786 687 ᾖ,

520 724 617 765 vas
642 707 955 773 electionis,
989 716 1044 763 et
1078 707 1338 762 columna
1366 706 1720 779 (Ecclesiae).
1756 704 2098 760 Conﬁdimus

2211 701 2249 776 ᾧ
2274 706 2369 759 καὶ
2404 708 2562 777 ἡμεῖς
2587 704 2872 777 [χαίρομεν
2911 705 3155 778 (65),καὶ
3185 706 3369 779 ὑμεῖς]
3402 707 3785 777 ἐντρυφήσετε,

518 811 703 857 autem
723 800 778 854 in
809 799 1066 866 Domino,
1096 800 1215 855 fore
1244 807 1305 854 ut
1330 800 1446 854 haec
1480 798 1758 865 accidant,
1785 799 1830 853 si
1854 798 2094 869 (gratia),

2211 798 2299 852 καὶ
2326 798 2355 849 ὁ
2375 797 2505 860 Θεὸς
2535 798 2643 851 τῶν
2664 797 2800 852 ὅλων
2818 798 3290 870 ἐνδοξασθήσεται,
3322 792 3367 866 ᾧ
3383 799 3586 870 πρέπει
3615 799 3650 868 ἡ
3669 793 3786 858 δόξα

518 906 641 962 qua:
666 906 857 963 pacem
892 891 1358 961 concordiamque
1389 888 1643 946 ﬁdelibus
1675 890 1953 952 conciliat,
1997 890 2098 944 ad-

2211 890 2285 952 είς
2306 889 2432 952 τοὺς
2457 889 2679 954 αἰῶνας.

516 985 645 1056 juti,
666 985 733 1040 ad
758 985 814 1039 id
841 983 989 1054 quod
1014 984 1218 1039 bonum
1246 989 1572 1053 rectumque
1599 990 1705 1046 est,
1733 981 2089 1040 .concorditer
2127 980 2371 1034 animum
2394 980 2680 1036 intendere
2702 981 2902 1047 velitis,
2966 990 3164 1039 vestra:
3223 981 3516 1047 voluntati,
3572 980 3781 1035 Domini

518 1078 701 1135 nostri
752 1076 1093 1133 voluntatem
1135 1079 1223 1147 (et
1282 1073 1427 1147 quod
1465 1074 1574 1145 ipsi
1643 1072 1967 1145 probatur),
2018 1080 2073 1127 et
2131 1073 2331 1143 placet,
2381 1073 2639 1144 quodque
2692 1075 2995 1145 perlectum
3044 1087 3148 1141 est,
3183 1076 3577 1146 praxierentes;
3609 1074 3685 1129 ita
3731 1081 3783 1128 ut

518 1181 671 1231 recte
701 1174 845 1229 facta
893 1180 1079 1230 vestra
1110 1174 1239 1228 talia
1283 1173 1416 1241 sint,
1452 1172 1654 1243 quibus
1700 1179 1755 1227 et
1797 1185 1898 1226 nos
1951 1170 2330 1242 (gaudeamus
2369 1182 2423 1226 et
2492 1172 2626 1244 vos)
2691 1172 3006 1237 exsultetis,
3040 1181 3093 1228 et
3159 1174 3544 1230 universorum
3614 1171 3785 1229 Domi-

518 1283 626 1325 nus
661 1267 1022 1341 gloriﬁcetur,
1052 1282 1214 1339 quem
1247 1267 1402 1324 decet
1433 1268 1610 1338 gloria
1639 1268 1697 1321 in
1736 1266 1957 1322 sarcula.

1025 1595 1365 1653 EPISTULA
1406 1595 1589 1651 XVIII.

2670 1595 3014 1650 ΕΠΙΣΤΟΛΗ
3054 1594 3138 1649 ur
3177 1593 3310 1668 (66).

520 1750 732 1823 Dehltac
769 1753 995 1823 epistola
1033 1753 1131 1807 hoc
1171 1770 1334 1808 unum
1375 1762 1583 1808 tantum
1623 1752 1877 1823 conjicere
1914 1768 2152 1823 possum,
2195 1754 2448 1821 scriptam
2490 1768 2670 1819 nempe
2708 1752 2873 1820 fuisse
2899 1793 2913 1815 ,
2965 1769 3068 1823 quo
3119 1760 3348 1822 tempore
3405 1749 3687 1823 Nyssenus
3724 1751 3783 1805 ab

594 1821 836 1879 Ecclesia
874 1823 1152 1879 exsulabat
1184 1842 1203 1890 ;
1241 1840 1367 1878 nam
1406 1840 1469 1879 ea
1508 1825 1571 1878 de
1606 1840 1660 1878 re
1698 1821 2061 1894 conqueritur,
2100 1824 2362 1894 simulque
2401 1824 2653 1878 miserum
2694 1821 3056 1878 Ecclesiarum
3092 1824 3237 1877 Asiae
3276 1821 3477 1877 statum
3513 1822 3782 1880 describit.

594 1982 767 2048 Quam
799 1982 1030 2053 pulchra
1059 1997 1241 2037 rerum
1276 1981 1628 2052 pulchrarum
1661 1980 1965 2036 similitudo
1993 1989 2101 2044 est,
2135 1989 2178 2043 Β

523 2085 649 2125 cum
700 2086 1019 2141 expressam
1077 2071 1419 2142 primigeniae
1465 2071 1771 2127 venustatis
1808 2070 2104 2142 imaginem

523 2163 837 2232 (servant)!
859 2160 995 2217 Nam
1026 2163 1224 2218 animae
1255 2171 1360 2218 tuae
1392 2177 1585 2218 revera
1616 2163 1855 2234 pulchrae
1880 2177 2106 2234 expres-

524 2253 805 2319 sissimam
841 2255 1136 2324 imaginem
1173 2255 1284 2310 vidi
1322 2256 1379 2311 in
1422 2255 1772 2312 suavissimis
1815 2255 1925 2310 tuis
1958 2255 2108 2310 litte-

521 2348 638 2413 ris,
673 2350 849 2419 (quas
885 2349 979 2419 ut)
1011 2349 1213 2403 alicubi
1249 2346 1607 2418 Evangelium
1634 2350 1711 2402 ait
1743 2348 1807 2415 “,
1840 2363 1906 2403 ex
1931 2347 2107 2401 abun-

525 2440 716 2494 dantia
752 2438 938 2495 cordis
975 2440 1055 2494 tui
1096 2440 1334 2496 mellitas
1372 2438 1702 2507 reddidisti;
1746 2439 2106 2510 quamobrem

523 2543 578 2591 te
616 2536 793 2604 ipsum
834 2533 1077 2598 intueri,
1122 2532 1391 2603 (tuaque)
1428 2534 1846 2600 benevolentia,
1881 2546 1980 2602 per
2010 2547 2106 2587 co-

522 2627 770 2682 mitatem
825 2624 1012 2688 illam,
1055 2639 1176 2695 quae
1215 2624 1275 2678 in
1313 2623 1524 2679 eisdem
1564 2624 1771 2679 litteris
1810 2622 2104 2687 elucebat,

522 2718 689 2788 potiri
725 2716 1063 2779 arbitrabar,
1105 2730 1311 2786 easque
1343 2730 1724 2786 saepenumero
1760 2715 1847 2785 (in
1880 2714 2107 2782 manus)

525 2821 786 2871 sumens,
817 2806 1150 2875 assidueque
1198 2819 1575 2879 percurrens,
1628 2804 1840 2874 majore
1888 2819 2108 2875 semper

524 2911 713 2951 earum
772 2894 1053 2951 desiderio
1119 2894 1401 2966 (allectus
1459 2896 1670 2965 sum);
1731 2895 1991 2966 nullaque
2051 2895 2104 2949 id

526 2987 726 3060 agendi
788 2987 1016 3044 satietas
1071 2996 1226 3055 erat,
1281 2989 1487 3058 quippe
1539 3003 1701 3059 qttae,
1742 2996 1803 3042 ut
1844 2989 1901 3042 in
1941 2989 2133 3045 rebus'

528 3088 722 3152 suapte
767 3088 963 3135 natura
1019 3078 1267 3150 pulchris
1321 3087 1486 3151 atque
1544 3080 1781 3151 egregiis
1823 3097 1928 3137 usu
1984 3096 2110 3137 eve-

527 3175 645 3242 nit,
682 3172 1017 3243 voluptatem
1051 3186 1116 3226 ex
1160 3172 1268 3227 tuis
1307 3172 1510 3228 litteris
1549 3180 1726 3227 ortam
1771 3173 2103 3245 (excipere,

527 3280 593 3321 ac
646 3264 948 3321 terminare
993 3263 1321 3333 neutiquam
1364 3263 1599 3335 potest.)
1645 3263 1778 3318 Nam
1820 3280 1921 3320 nec
1970 3265 2105 3321 solis

528 3359 831 3414 continuus
898 3365 953 3413 et
1021 3357 1163 3413 liber
1218 3365 1476 3429 aspectus
1524 3356 1647 3427 ejus
1699 3356 1951 3412 intuendi
2009 3371 2105 3411 cu-

528 3450 815 3520 piditatem
865 3449 1097 3515 minuit,
1153 3462 1331 3519 neque
1386 3447 1722 3503 valetudinis
1757 3446 2106 3519 prosperitas

530 3541 618 3597 sui
671 3539 1009 3596 desiderium
1062 3539 1245 3606 tollit;
1304 3539 1385 3594 sic
1428 3539 1595 3594 etiam
1645 3539 1854 3594 nullam
1887 3539 2112 3595 satieta-

529 3641 640 3689 tem
675 3632 793 3688 dari
826 3646 990 3703 posse
1032 3630 1313 3686 credimus
1345 3630 1467 3700 ejus
1504 3631 1804 3702 voluptatis
1827 3671 1842 3698 ,
1882 3646 2005 3703 quae
2042 3647 2110 3687 ex

528 3726 802 3796 probitate
834 3731 930 3779 tua
969 3726 1210 3795 capitur,
1261 3724 1421 3796 cujus
1472 3724 1893 3789 excellentiam,
1947 3732 2113 3795 atque

531 3818 909 3889 praestantiam
944 3832 1089 3887 saepe
1119 3831 1344 3882 coram,
1383 3832 1532 3872 nunc
1568 3824 1750 3871 autem
1804 3817 1968 3872 etiam
2014 3832 2114 3887 per

530 3911 747 3965 litteras
776 3909 926 3964 clare
958 3911 1344 3979 cognovimus.
1387 3907 1493 3964 Sed
1527 3908 1990 3979 quemadmodum
2032 3908 2115 3963 af-

534 4000 625 4054 fici
658 4001 875 4063 solent,
910 4002 1006 4070 qui
1044 4001 1322 4072 ingentem
1358 4016 1426 4057 ex
1466 4002 1650 4072 aliqua
1690 4017 1751 4057 re
1788 4002 1934 4058 sitim
1974 4016 2110 4058 con-

532 4091 766 4147 trahunt
792 4110 808 4159 ;
841 4093 917 4146 ita
950 4102 1006 4149 et
1034 4108 1133 4149 nos
1156 4109 1268 4164 quo
1292 4094 1468 4166 magis
1490 4095 1601 4152 tuis
1624 4094 1789 4151 bonis
1807 4095 2111 4166 explemur,

530 4195 599 4235 eo
632 4179 809 4252 magis
844 4182 1164 4237 eorumdem
1197 4183 1602 4253 quodammodo
1632 4184 1725 4241 siti
1752 4185 2108 4256 corripimur.

531 4271 690 4340 Quod
726 4273 773 4328 si
803 4273 1016 4328 nullam
1056 4276 1489 4335 assentationem
1511 4320 1526 4344 ,
1563 4278 1880 4348 nullamque
1912 4277 2107 4332 falsam

529 4364 904 4423 adulationem
934 4366 1099 4422 dictis
1129 4366 1284 4424 hisee
1319 4370 1530 4426 nostris
1562 4371 1747 4426 inesse
1778 4370 2067 4426 censueris
2086 4408 2105 4438 ,

529 4461 676 4533 quod
706 4460 957 4532 profecto
986 4460 1160 4517 facies
1181 4499 1197 4526 ,
1227 4475 1353 4517 cum
1382 4475 1598 4532 semper
1624 4465 1702 4518 sis
1731 4478 1861 4532 erga
1892 4476 2106 4526 omnes,

530 4531 597 4606 ac
621 4531 927 4623 présertim
958 4566 1088 4623 erga
1119 4569 1221 4609 nos
1249 4552 1437 4608 animo
1460 4592 1475 4617 ,
1505 4531 1560 4608 Isi
1592 4531 1887 4624 quisquam
1928 4553 2069 4609 alius
2092 4591 2109 4619 ,
2141 4531 2187 4587 Β

528 4645 746 4701 liberali
785 4652 841 4701 et
884 4645 1245 4701 humanitatis
1275 4646 1473 4716 pleno,
1511 4645 1672 4701 [idem
1707 4646 1840 4707 mibi
1882 4661 2112 4716 prorsus

529 4735 758 4792 habebis
778 4776 794 4801 ,
822 4737 919 4793 tibi
950 4737 1162 4793 diserte
1186 4736 1509 4802 allirmanti,
1545 4745 1763 4793 tuarum
1801 4738 2109 4793 litterarum

529 4828 858 4884 suavitatem
896 4827 1035 4884 meis
1072 4828 1274 4894 oculis,
1314 4827 1512 4884 medici
1547 4829 1841 4900 cujusdam
1882 4828 2113 4885 remedii

527 4923 726 4988 instar,
760 4921 1082 4991 adhibitam,
1110 4923 1430 4979 continuum
1465 4923 1836 4996 lacrymarum
1867 4937 2112 4979 mearum

610 5105 649 5135 ¹²
684 5101 877 5157 Matth.
903 5118 1004 5167 ιιι,
1036 5103 1126 5158 54.

604 5290 716 5359 (65)
753 5289 1067 5358 Χαίρομεγ.
1104 5286 1182 5341 Id.
1213 5284 1696 5359 ἐγκαυχησόμεθα.

602 5354 711 5431 (66)
744 5354 1069 5431 Ἐπὶσὲηιη
1114 5354 1264 5431 cod.‘
1301 5354 1461 5431 Μςᾱῖ
1486 5354 2114 5431 inscripta__perhibetur

541 5424 773 5501 Ὀτρηῖῳ
804 5427 1438 5501 ἐπισκόπῳ-Μελιτηνῆς,
1463 5424 1829 5501 εειιιυεΧξίι.

551 5552 562 5561 ,
600 5496 710 5571 (67)
745 5496 1332 5571 Χαρηδιαᾰώζονταὶ.
1377 5496 1458 5551 Id.
1507 5497 1832 5569 χαρακτῆρα
1884 5496 1977 5549 καὶ
2022 5498 2109 5565 ἐφ’

529 5568 739 5655 ιαυξξξν
762 5568 1120 5655 Ξιάσώζηται.

628 5634 717 5711 68)
752 5634 1123 5711 Γλυκςᾶπερ
1160 5640 1260 5711 ὡς.
1313 5639 1391 5694 Id.
1420 5636 1577 5711 γλυκ.
1612 5634 1692 5711 οἷς
1715 5638 1861 5711 ἡμᾶς
1899 5637 2100 5711 καθώς.

625 5706 716 5778 69)
780 5709 889 5765 Καὶ
920 5711 989 5763 τό
1019 5706 1136 5765 σου
1166 5706 1410 5778 εὖφρον.
1446 5707 1528 5761 Id.
1563 5708 1658 5760 καὶ
1690 5706 1788 5777 τὴν
1811 5710 1869 5759 ἐν
1901 5707 2100 5776 ὀφθαλ-

530 5778 654 5856 μοῖς
678 5778 1040 5856 εὐφροσύνην.
1077 5781 1145 5839 Et
1176 5795 1302 5840 mox
1327 5778 1416 5849 ὑφ’
1444 5778 1636 5848 ἡδονῆς
1668 5793 1767 5848 pro
1789 5780 1868 5842 εἰς
1896 5781 2099 5850 χεῖρας.

2286 1981 2375 2045 Ὠς
2415 1981 2555 2035 καλά
2597 1981 2704 2034 τῶν
2754 1980 2935 2035 καλῶν
2976 1982 3092 2035 ἐστι
3145 1981 3214 2035 τὰ
3270 1980 3623 2053 ὁμοιώματα,
3666 1981 3785 2033 ὅταν

2207 2074 2411 2145 ἐναργῆ
2431 2073 2526 2126 τοῦ
2556 2073 2912 2145 πρωτοτύπου
2943 2073 3172 2137 κάλλους
3192 2072 3285 2126 τὸν
3314 2073 3641 2144 χαρακτῆρα
3662 2071 3785 2145 [δια-

2210 2165 2467 2230 σώζονται
2499 2163 2669 2237 (67)]!
2702 2166 2812 2235 Τῆς
2833 2165 2941 2237 γάρ
2967 2163 3143 2236 ψυχῆς
3168 2182 3263 2218 σου
3285 2165 3384 2236 τῆς
3414 2164 3591 2229 ὅντως
3623 2163 3784 2233 καλῆς

2206 2253 2344 2312 εἶδον
2389 2257 2796 2329 ἐναργεστάτην
2833 2242 3019 2311 εἰκόνα
3064 2258 3123 2308 ἐν
3166 2259 3233 2328 τῇ
3280 2255 3389 2310 τῶν
3444 2256 3786 2327 γραμμάτων

2207 2349 2529 2420 γλυκύτητι,
2560 2348 2750 2422 [ἂπερ,
2774 2348 2849 2413 ῶς
2882 2348 3020 2421 (68)]
3048 2348 3180 2420 φησί
3208 2366 3311 2403 που
3340 2349 3401 2402 τὸ
3431 2349 3780 2419 Εὐαγγέλιον,

2208 2442 2273 2493 ἐκ
2301 2440 2396 2495 τοῦ
2425 2441 2860 2512 περισσεύματος
2897 2442 2998 2511 τῆς
3021 2440 3251 2512 καρδίας
3278 2458 3372 2493 σου
3416 2440 3781 2510 ἐμελίτωσας·

2208 2530 2303 2584 καὶ
2331 2529 2418 2584 διὰ
2447 2529 2607 2583 τοῦτο
2650 2531 2811 2583 αὐτόν
2846 2548 2907 2583 σε
2938 2531 3233 2603 προσορᾷν,
3268 2531 3360 2584 καὶ
3401 2529 3485 2601 [τό
3517 2547 3615 2584 σου
3654 2527 3782 2601 (69)]

2208 2617 2406 2692 εὖφρον
2437 2621 2782 2692 καρποῦσθαι
2811 2620 2901 2675 διὰ
2940 2622 3038 2692 τῆς
3066 2623 3124 2674 ἐν
3158 2623 3273 2684 τοῖς
3298 2622 3595 2692 γράμμασι
3639 2619 3783 2689 φιλο-

2210 2710 2483 2782 φροσύνης
2508 2710 2776 2782 ἐνόμιζον,
2807 2711 2902 2766 καὶ
2931 2710 3191 2774 πολλάκις
3215 2708 3321 2783 [εἰς
3349 2708 3563 2783 χεῖρας]
3592 2711 3784 2764 trram.

2208 2803 2498 2874 λαμϐάνων
2538 2804 2608 2857 τὰ
2647 2804 2975 2876 γράμματα,
3018 2804 3113 2857 καὶ
3160 2803 3397 2874 συνεχῶς
3435 2801 3610 2856 ἐπιὼν
3657 2800 3787 2874 πρὸς

2212 2896 2434 2967 μείζονα
2465 2896 2566 2967 τῆς
2591 2896 2944 2960 ἀπολαύσεως
2979 2895 3274 2966 ἐπιθυμίαν
3303 2895 3602 2968 [κατέστην
3631 2892 3781 2966 (70)].

2209 2989 2304 3042 καὶ
2334 2989 2494 3061 κόρος
2522 2988 2629 3042 τῶν
2662 2989 2967 3059 γινομένων
2991 2988 3093 3043 οὐκ
3120 2985 3208 3059 ἦν.
3251 2991 3366 3055 Ὃς,
3402 2988 3497 3042 καὶ
3523 2989 3603 3052 ὡς
3636 2987 3785 3044 ἄλλου

2207 3082 2352 3146 τινὸς
2382 3083 2490 3136 τῶν
2518 3082 2659 3136 κατὰ
2707 3082 2870 3153 φύσιν
2913 3081 3100 3137 καλῶν
3138 3082 3234 3136 καὶ
3273 3082 3491 3153 τιμίων,
3543 3083 3645 3153 τὴν
3674 3082 3788 3154 ἡδο-

2208 3170 2305 3242 νὴν
2334 3172 2421 3226 δια
2438 3171 2653 3244 [παύειν
2678 3172 2739 3224 οὐ
2762 3172 2984 3227 δύναται
3013 3170 3170 3244 (71)].
3203 3170 3341 3226 Οῠτε
3366 3172 3475 3244 γάρ
3502 3172 3600 3225 τοῦ
3628 3187 3787 3242 προσ-

2209 3266 2340 3336 ορᾷν
2394 3264 2487 3317 τὸν
2541 3265 2691 3335 ἥλιον
2749 3265 2784 3336 ή
2847 3263 3077 3335 συνεχὴς
3158 3263 3416 3335 μετουσία
3462 3262 3567 3333 τὴν
3620 3260 3788 3335 ὄρεξιν

2210 3356 2503 3428 ἧμὸλυνεν,
2531 3356 2655 3410 οὔτε
2677 3357 2774 3428 τῆς
2805 3355 2992 3425 ὑγείας
3018 3358 3050 3427 ή
3082 3356 3337 3427 διηνεκὴς
3370 3354 3671 3417 ἀπόλαυσις
3693 3353 3786 3422 τὴν

2209 3450 2506 3522 ἐπιθυμίαν
2551 3448 2800 3522 ἔστησεν,
2844 3448 2967 3504 οὗτε
3008 3450 3110 3521 τῆς
3160 3451 3259 3520 σῆς
3312 3448 3669 3520 ἀγαθότητος,
3718 3445 3781 3516 ἢν

2212 3542 2359 3597 κατά
2378 3543 2668 3614 πρόσωπον
2700 3542 2813 3612 (72)
2845 3541 3126 3606 πολλάκις,
3158 3543 3253 3596 καὶ
3274 3542 3369 3596 νῦν
3390 3540 3479 3595 διὰ
3505 3540 3602 3595 τοῦ
3624 3539 3785 3610 γράμ-

2217 3653 2384 3708 ματος
2402 3636 2670 3706 ἐγνωμεν,
2693 3635 2922 3706 δύναμιν
2942 3633 3050 3705 (73)
3078 3635 3421 3706 πεπείσμεθα
3442 3635 3607 3707 μέχρι
3634 3634 3782 3704 κόρου

2215 3726 2498 3796 προελθεῖν
2530 3726 2847 3780 ἀπόλαυσιν.
2896 3726 3034 3780 Ἀλλ’
3063 3722 3174 3780 οἷόν
3220 3745 3273 3782 τι
3304 3728 3609 3798 πάσχουσιν
3651 3728 3697 3780 οἱ
3725 3727 3783 3779 ἐκ

2214 3836 2359 3883 τινος
2382 3819 2753 3890 περιστάσεως
2775 3819 3038 3890 διψῶντες
3054 3820 3334 3884 ἀτέλεστα,
3355 3818 3498 3873 οὕτω
3520 3821 3618 3874 καὶ
3636 3820 3782 3890 ἡμεῖς

2214 3909 2338 3963 ὅσον
2380 3908 2766 3980 ἐμφορούμεθα
2794 3909 2903 3963 τῶν
2936 3910 3042 3964 σῶν
3069 3910 3310 3979 ἀγαθῶν,
3341 3910 3568 3963 τοσοῦτο
3599 3910 3781 3979 μᾶλλον

2215 4001 2465 4071 διψώδεις
2493 4001 2777 4073 γινόμεθα.
2818 4004 2881 4056 Ei
2913 4002 2968 4056 δέ
2992 4002 3065 4073 μὴ
3089 4003 3326 4057 θωπείαν
3363 4002 3485 4056 τινὰ
3510 4000 3777 4071 καὶψευδῆ

2216 4094 2504 4148 κολακείαν
2540 4095 2632 4147 τὸν
2659 4095 2929 4167 ἡμέτερον
2973 4096 3127 4164 λόγον
3165 4096 3416 4167 ὑπολήψῃ
3450 4095 3696 4167 (πάντως
3727 4091 3777 4145 δὲ

2215 4185 2313 4255 οὐχ
2344 4184 2594 4257 ύπολήψῃ
2631 4186 2765 4256 (74),
2814 4186 2884 4240 τά
2910 4203 2970 4240 τε
3002 4186 3139 4240 ἄλλα
3178 4186 3418 4250 τοιοῦτος
3457 4185 3555 4252 ῶν,
3584 4179 3689 4247 οἷος
3713 4176 3774 4243 εἴ.

2218 4280 2311 4331 καὶ
2342 4279 2469 4348 περὶ
2501 4280 2647 4350 ἡμᾶς
2685 4278 3071 4350 διαφερόντως,
3106 4282 3155 4333 εί
3197 4280 3290 4333 καί
3326 4297 3412 4343 τις
3451 4279 3629 4341 ἄλλος,
3656 4292 3776 4347 χρη-

2218 4371 2341 4433 στός
2368 4387 2426 4423 τε
2460 4373 2553 4424 καὶ
2587 4370 2856 4442 γνήσιος),
2894 4373 3114 4436 πάντως
3147 4370 3464 4435 πιστεύσεις
3490 4373 3603 4434 τοῖς
3641 4370 3775 4435 λεγο-

2219 4461 2418 4532 μένοις,
2452 4464 2533 4516 ὃτι
2562 4463 2658 4534 τὴν
2689 4465 2888 4535 συνεχῆ
2919 4465 3028 4517 τῶν
3050 4464 3300 4535 δακρύων
3328 4465 3594 4537 ἐπιρῤοὴν
3619 4466 3650 4534 ἡ
3678 4461 3775 4515 τῶν

2214 4554 2563 4629 γραμμάτων
2595 4555 2776 4627 χάρις,
2808 4552 2919 4610 οἷόν
2948 4574 2999 4609 τι
3051 4557 3340 4627 φάρμακον
3381 4558 3643 4628 ἰατρικὸν,
3675 4555 3773 4616 τοῖς

2214 4645 2509 4717 ὀφθαλμοῖς
2539 4648 2893 4717 ἐγγενομένη,
2928 4646 3226 4711 ἀνέστειλε,
3258 4649 3351 4701 καὶ
3384 4647 3774 4718 προσδοκῶμεν,

2214 4740 2280 4808 τῇ
2312 4737 2420 4790 τῶν
2454 4737 2627 4807 ἁγίων
2656 4737 2829 4807 εὐχῶν
2856 4754 2951 4791 σου
2983 4738 3194 4809 ἰατρείᾳ
3216 4739 3315 4801 τάς
3342 4738 3565 4802 ἐλπίδας
3593 4733 3775 4790 ἑαυτῶν

2215 4827 2609 4899 ἐπερείδοντες,
2640 4828 2722 4880 ὅτι
2748 4828 2890 4899 τάχα
2929 4828 3025 4881 καὶ
3057 4827 3285 4882 καθόλου
3324 4828 3387 4882 τὸ
3431 4828 3669 4882 τοιοῦτον
3689 4825 3776 4892 τῆς

2215 4918 2396 4989 ψυχῆς
2436 4918 2597 4991 ἡμῶν
2629 4917 2801 4983 πάθος
2851 4919 3270 4992 ἐξιασθήσεται·
3324 4920 3448 4973 ἐπεὶ
3498 4919 3559 4972 τό
3592 4934 3651 4986 γε
3693 4912 3776 4967 νῦν

2292 5285 2794 5370 (70).-Κξιτέστην.
2840 5288 2920 5344 Id.
2968 5288 3295 5362 ἐξεκαιόμην
3323 5308 3335 5321 ·
3393 5299 3446 5346 el
3499 5305 3622 5345 mox
3678 5300 3772 5341 non

2214 5357 2463 5429 agnoscit
2490 5357 2586 5421 ὡς.

2432 5430 2754 5503 Αιαπαύειν
2784 5431 2856 5484 οὺ
2882 5430 3149 5503 δύναται.
3175 5428 3252 5485 Id.
3281 5431 3701 5503 διαλυμαίνεται.

2287 5497 2399 5574 (ἒξ)
2436 5499 2694 5574 Fortasse
2726 5500 3036 5574 legendum,
3077 5497 3311 5574 ﬁgurari
3340 5497 3648 5574 πρόσωπον-

2288 5568 2403 5639 (75)
2434 5572 2717 5640 Δύναμιν.
2750 5571 2824 5625 Id.
2860 5570 3081 5625 δυνατὸν
3099 5568 3273 5627 ἐῖναι.

2284 5640 2399 5711 (7-4)
2440 5641 2514 5696 lta
2540 5639 2642 5696 hoc
2686 5644 2738 5696 in
2769 5645 2887 5697 loco
2912 5641 3314 5698 emendandum
3356 5641 3541 5698 censui
3569 5639 3767 5693 Vatica-

2211 5727 2342 5769 num
2372 5712 2637 5782 codicem,
2666 5712 2851 5785 inquo
2879 5712 3157 5781 scribitur,
3194 5713 3294 5784 οὐχ
3321 5712 3467 5780 ἅπαξ
3485 5711 3645 5784 λήψῃ.
