4068 6154
537 302 667 359 1071

1745 242 1829 357 Ρ5.
1862 301 2186 360 (ΙΠΕΟΟῙΗΙ
2224 302 2515 358 ΝῩΞΞΕΝΙ

3653 295 3791 352 1072

534 423 682 478 modi
726 422 1006 488 invenies;
1051 422 1437 476 dointmculam
1495 423 1568 477 ita
1615 433 1844 491 arctam,
1879 435 1938 479 ut
1969 441 2105 494 pene

2211 424 2488 495 περιρρέοι
2534 422 2672 476 κατὰ
2718 422 2778 476 τὸ
2812 423 3036 489 πλάγιον
3082 421 3235 495 ἡμῶν
3270 423 3299 493 ἡ
3351 417 3581 482 διπλοῖς,
3617 417 3791 471 ταῦτα

535 513 786 578 suffocet,
821 522 874 567 et
906 514 1110 583 algore,
1138 513 1403 577 tenebris,
1435 514 1712 583 angustia,
1741 514 2108 583 omnibusque

535 603 658 659 aliis
692 603 743 658 id
788 619 959 674 genus
998 604 1160 659 bonis
1197 606 1614 670 abundantem;
1652 605 1818 658 vitam
1862 607 2106 658 omnium

535 696 812 760 censuris,
858 706 914 751 et
959 696 1483 766 reprehensionibus
1534 696 1852 758 obnoxiam,
1895 710 2103 761 vocem,

532 786 819 841 oculorum
863 786 1193 852 contuitum,
1225 776 1504 851 vestitum,
1552 800 1751 841 manus
1783 794 2013 851 motum,
2054 793 2108 841 et

530 876 731 949 pedum
786 877 1114 947 posituram,
1167 878 1347 947 qualis
1406 892 1601 947 nempe
1661 878 1755 944 sit,
1799 885 2106 947 casteraque

532 967 720 1023 omnia
772 968 994 1024 curiose
1035 969 1199 1023 nimis
1242 970 1568 1034 observata;
1625 977 1678 1021 et
1727 969 1833 1023 nisi
1884 982 2104 1037 gravem

533 1057 734 1127 szepius
779 1058 1080 1114 anhelitum
1129 1060 1281 1122 edas,
1326 1061 1486 1130 eique
1535 1068 1801 1131 perpetua
1838 1060 2104 1130 adjungas

533 1149 792 1219 suspiria,
823 1165 853 1206 e
883 1165 1020 1205 zona
1055 1151 1241 1205 tunica
1275 1151 1513 1218 difﬂuat,
1548 1154 1633 1207 vel
1665 1163 1719 1207 et
1753 1153 1929 1223 ipsum
1956 1167 2107 1205 zonae

530 1252 694 1293 usum
741 1240 1002 1311 negligas,
1050 1255 1115 1295 ac
1158 1242 1395 1312 denique
1439 1244 1826 1298 sinistrorsum
1884 1242 2103 1312 pallium

529 1330 768 1398 decidat,
796 1332 930 1397 haec,
958 1334 1207 1403 inquam,
1230 1336 1415 1389 omnia
1452 1336 1506 1389 ni
1544 1335 1700 1401 ﬁant,
1742 1335 1869 1389 belli
1909 1334 2107 1389 adver-

532 1435 629 1476 sus
669 1436 773 1477 nos
812 1425 1032 1479 occasio
1075 1426 1270 1491 oritur,
1316 1434 1371 1481 et
1402 1426 1556 1482 hisce
1590 1428 1657 1482 de
1702 1427 1866 1481 rebus
1900 1424 2105 1496 singuli

2210 518 2389 571 πάντα
2435 515 2508 587 μὴ
2555 515 2834 585 γινόμενα,
2882 516 3123 586 πολέμου
3170 514 3262 568 τοῦ
3308 512 3419 585 (87)
3465 511 3605 582 πρὸς
3642 511 3791 580 ἡμᾶς

2212 607 2467 670 ὑπόθεσις
2511 607 2740 675 γίνεται,
2792 607 2885 659 καὶ
2924 606 3016 658 ἐπὶ
3046 605 3255 669 τούτοις
3287 607 3407 658 κατ’
3440 602 3661 672 ἄνδρας,
3700 602 3790 653 καὶ

2209 696 2432 768 δήμους,
2478 697 2574 749 καὶ
2621 695 2896 766 ἐσχατιὰς,
2944 694 3081 766 πρὸς
3123 695 3221 766 τὴν
3253 694 3373 748 καθ’
3419 692 3573 763 ὑμῶν
3615 692 3790 761 μάχην

2212 790 2576 862 συνίστανται.
2623 787 2839 859 Ἐπειδὴ
2869 788 2971 841 οὐκ
3004 788 3117 840 ἔστι
3159 786 3247 840 διὰ
3278 785 3496 839 πάντων
3529 785 3789 854 πράττειν

2212 882 2412 944 καλῶς,
2441 880 2473 950 ἥ
2519 880 2723 942 κακῶς·
2756 880 3018 950 μέμικται
3059 879 3164 951 γὰρ
3191 878 3265 941 ὡς
3303 875 3535 931 ἐπιπολὺ
3566 874 3659 928 διὰ
3686 874 3790 927 τῶν

2212 972 2470 1026 ἐναντίων
2502 973 2667 1025 πᾶσιν
2695 970 2723 1021 ὁ
2754 970 2867 1041 βίος
2891 986 2905 999 ’
2942 972 2991 1022 εί
3030 970 3088 1023 δὲ
3115 970 3176 1022 τὸ
3203 969 3293 1021 σὺν
3322 970 3455 1038 ἡμῖν
3491 966 3634 1019 κατὰ
3654 963 3787 1016 Θεοῦ

2212 1064 2370 1134 χάριν
2413 1063 2673 1132 διηνεκῶς
2721 1061 2944 1132 παρείη,
2990 1061 3286 1129 ὑποίσομεν
3330 1060 3431 1130 τὴν
3477 1057 3585 1111 τῶν
3613 1055 3790 1126 ἀηδῶν

2211 1152 2512 1221 δαψίλειαν,
2564 1154 2649 1205 ἐπ’
2694 1152 2869 1204 ἐλπίδι
2919 1150 3009 1204 τοῦ
3039 1151 3138 1221 τῆς
3181 1153 3279 1220 σῆς
3325 1150 3667 1218 ἀγαθότητος
3708 1146 3791 1199 διὰ

2212 1244 2411 1307 παντὸς
2443 1244 2711 1314 μετέχειν.
2736 1244 2827 1313 Μή
2852 1260 2980 1296 ποτε
3013 1238 3106 1296 οὖν
3128 1242 3362 1296 παύσαιο
3387 1240 3612 1293 τοιαῦτα
3635 1254 3791 1308 χαρι-

2213 1334 2457 1403 ζόμενος,
2480 1334 2546 1386 δι’
2577 1328 2650 1387 ὦν
2680 1335 2773 1387 καὶ
2797 1335 2943 1404 ἡμᾶς
2972 1333 3324 1399 ἀναπαύσεις,
3362 1332 3457 1385 καὶ
3496 1329 3687 1400 σαυτῷ
3706 1330 3793 1385 τὸν

2213 1426 2305 1479 ἐπὶ
2336 1429 2455 1489 ταῖς
2485 1425 2724 1489 ἐντολαῖς
2758 1425 2948 1496 μισθὸν
2979 1425 3148 1480 πλείω
3187 1422 3655 1495 παρασκευάσεις.

531 1513 736 1584 quique
770 1515 890 1584 viri,
923 1516 1130 1586 populi,
1164 1516 1405 1586 ipsaeque
1431 1517 1775 1581 solitudines,
1801 1528 1853 1572 et
1881 1515 2288 1586 provinciarum
2344 1515 2480 1571 lines
2537 1516 2604 1569 ad
2663 1531 2899 1587 pugnam
2939 1510 3205 1571 adverSus
3242 1531 3345 1571 nos
3417 1514 3792 1570 concitantur.

532 1601 735 1658 Verum
776 1620 879 1661 nec
924 1616 1191 1677 perpetuo
1238 1607 1424 1664 felices
1483 1624 1736 1679 prorsus,
1781 1605 2183 1675 fortunatique,
2226 1620 2327 1661 nec
2361 1606 2585 1660 omnino
2620 1606 2807 1661 miseri
2846 1620 2971 1661 esse
2992 1620 3309 1676 possumus,
3343 1601 3791 1674 quandoquidem

531 1699 826 1754 contrariis
862 1703 1146 1757 eventibus
1191 1704 1460 1769 omnium,
1517 1712 1576 1757 ut
1634 1704 1952 1774 plurimum,
1996 1702 2105 1756 vita
2145 1709 2497 1772 temperatur.
2541 1701 2611 1754 At
2652 1702 2696 1756 si
2735 1710 2828 1756 tua
2868 1701 3246 1757 benevolentia
3278 1699 3459 1763 nobis,
3529 1696 3650 1753 Deo
3714 1698 3797 1769 ju-

532 1795 715 1854 vante,
760 1790 964 1861 jugiter
995 1800 1195 1862 praesto
1242 1794 1335 1858 sit,
1386 1801 1592 1849 tantam
1630 1794 1895 1847 malorum
1964 1791 2387 1856 multitudinem,
2460 1801 2624 1863 atque
2676 1793 2876 1849 molem
2927 1791 3346 1857 sustinebimus,
3379 1805 3443 1846 ea
3484 1804 3584 1859 spe
3646 1788 3790 1852 freti,

531 1882 650 1939 fore
688 1894 752 1941 ut
791 1884 1011 1942 tandem
1055 1887 1352 1957 aliquando
1404 1897 1493 1941 tua
1534 1888 1808 1958 probitate
1840 1894 2103 1957 perpetuo
2140 1887 2301 1941 nobis
2337 1885 2445 1941 frui
2479 1889 2658 1943 liceat.
2699 1887 2826 1943 Haec
2859 1889 3043 1959 itaque
3075 1888 3236 1942 nobis
3307 1869 3578 1956 impertiri
3648 1899 3789 1939 nun-

530 1990 696 2046 quam
722 1976 965 2044 desinas,
1008 1979 1210 2049 quibus
1247 1986 1301 2033 et
1336 1979 1495 2033 nobis
1525 1995 1633 2033 non
1673 1993 1865 2049 parum
1902 1978 2084 2034 solatii
2117 1976 2332 2046 aﬂ'eres,
2356 1987 2411 2033 et
2432 1981 2760 2051 promissam
2808 1981 2866 2036 in
2898 1980 3100 2037 divinis
3142 1978 3416 2035 mandatis
3454 1977 3788 2044 mercedem,

533 2071 824 2145 largiorem
856 2070 957 2127 tibi
993 2072 1343 2143 comparabis
1372 2072 1505 2144 (88).

956 2385 1289 2442 EPISTULA
1332 2384 1452 2439 XIX
1496 2384 1629 2454 (89).

2750 2379 3096 2433 ΕΠΙΣΤΟΛΗ
3152 2377 3253 2432 ΙΘ’.

535 2564 830 2634 Cujusdam
875 2563 1106 2620 Joannis
1140 2564 1401 2618 antistitis
1458 2563 1566 2634 (uti
1606 2562 1660 2617 iu
1693 2562 1796 2631 ﬁne
1823 2560 2059 2634 epistola:
2108 2558 2384 2634 manifeste
2421 2555 2788 2627 signiﬁcatur)
2828 2554 3067 2624 epistola:
3101 2553 3440 2634 respondens,
3478 2553 3542 2608 de
3576 2556 3647 2609 iis
3680 2572 3794 2626 quae

601 2626 835 2690 Joannes
886 2635 1281 2699 sciscitabatur,
1334 2626 1658 2687 conscribere
1693 2626 1801 2685 'aut
1849 2626 2131 2700 quidquam
2171 2631 2429 2697 inquirere
2467 2626 2577 2700 tum
2614 2643 2764 2692 posse
2796 2634 3069 2700 scpnegat,
3110 2626 3206 2700 otii
3243 2626 3472 2693 inopiam
3509 2640 3790 2684 excusans,

603 2706 1074 2775 acerbissimasqne
1103 2694 1437 2757 calamitates
1466 2694 2013 2775 quibusppremebatur
2032 2716 2049 2753 :
2071 2716 2201 2775 quas
2224 2694 2613 2775 enumeratione
2636 2694 2969 2775 prosequitur
2998 2711 3031 2747 a
3063 2694 3292 2775 quadam
3322 2712 3500 2750 sorore
3532 2711 3791 2775 exorsus;

603 2776 674 2828 ad
708 2791 865 2845 quant
913 2766 1030 2842 post
1064 2766 1633 2845 diuturnumrtempns
1658 2766 1964 2845 intuendam
2009 2766 2367 2845 cuin_lmigunt
2413 2771 2679 2837 ingressus
2722 2776 2870 2845 esset.
2898 2766 3018 2827 iter,
3056 2766 3682 2845 vix-conspectam-tertia
3712 2766 3795 2818 die

605 2834 827 2898 mortem
872 2834 1253 2897 accumbentem
1300 2844 1501 2906 amisit,
1523 2834 1643 2894 'cni.
1660 2840 1848 2895 deinde
1869 2842 2021 2909 justo
2045 2840 2189 2905 fecit.
2223 2834 2410 2891 Rerum
2444 2834 2722 2909 sacrarum
2769 2834 3082 2888 Galatarum
3111 2835 3287 2909 clades
3317 2838 3571 2904 exponit;
3612 2835 3795 2889 Ibero-

603 2929 819 2983 rumque
850 2913 1173 2983 legationes;
1206 2924 1262 2964 ut
1294 2904 1496 2983 eorum,
1530 2922 1736 2965 mortuo
1764 2904 2021 2983 antistite,
2048 2904 2235 2962 curam
2273 2917 2417 2983 gerat
2444 2925 2460 2970 ;
2494 2906 2985 2983 et_Se_bastenorum
3011 2946 3025 2969 ,
3063 2914 3120 2956 ut
3147 2904 3498 2983 adversarum
3523 2916 3792 2983 sectarum

609 2975 1001 3036 incursionibus
1038 2982 1279 3034 obsistat.
1315 2980 1484 3035 lbera:
1510 2983 1802 3034 antistitem
1832 2981 2164 3050 designatum
2195 2994 2248 3031 se
2276 2975 2513 3030 declarat
2544 2977 2765 3050 invitum
2787 2991 2816 3050 ;Δ
2841 2988 3113 3036 motasque
3140 2975 3195 3027 in
3228 2977 3396 3050 sacris
3428 2993 3614 3050 eorum
3640 2978 3791 3050 rebus

603 3052 920 3107 seditionum
944 3056 1126 3103 turbas
1159 3051 1376 3103 indicat.
1417 3051 1831 3119 Babyloniorum
1855 3045 2228 3113 dissensiones,
2253 3063 2518 3119 nioresqne
2549 3045 2933 3119 perditissimus
2963 3053 3198 3119 enarrat.
3246 3045 3471 3101 Tandem
3491 3046 3792 3119 epistolam

604 3123 867 3177 concludit
909 3119 1110 3175 Joanni
1144 3120 1393 3189 pollicens
1438 3112 1807 3175 obsécutur'um
1832 3136 1884 3174 se
1906 3121 1953 3174 ei
1996 3130 2043 3175 et
2077 3120 2235 3189 ﬁdem
2269 3112 2631 3183 liberaturum,
2656 3116 2701 3168 si
2735 3125 2825 3168 aut
2865 3125 3067 3184 tempus
3095 3112 3285 3168 habeat
3314 3126 3404 3170 aut
3433 3117 3502 3170 ad
3535 3112 3717 3185 ipsum
3749 3117 3795 3168 is

609 3193 787 3247 adeat.

536 3350 783 3406 Eoistola
804 3350 874 3404 ad
888 3349 1162 3421 quemdam
1193 3347 1452 3403 Joannem
1477 3349 1541 3402 de
1559 3349 1908 3421 quarumdam
1933 3364 2106 3402 rerum

2225 3346 2551 3421 Ἐπιστολὴ
2586 3347 2735 3421 πρός
2764 3363 2896 3421 τινα
2919 3345 3219 3421 ζΙωᾴικν-ην
3245 3348 3394 3421 ἐτερί
3426 3362 3608 3421 τινων
3651 3350 3795 3421 ὑπο-

606 3415 930 3493 ᾳνθιιηιεηιῖδ
955 3436 974 3485 ;
1001 3437 1084 3493 iac
1144 3421 1477 3493 de__actione,
1504 3432 1552 3474 et
1571 3415 1828 3474 instituto
1862 3420 1977 3473 rita;
2012 3436 2106 3471 cu.

2283 3417 2533 3493 θέσεωις
2566 3418 2664 3470 καὶ
2697 3416 2829 3493 περὶ
2871 3415 2993 3493 τῆςΔ
3014 3415 3324 3493 διαζωγῆς,
3362 3417 3791 3493 θεαὶ-καταιγτὰ-

598 3485 817 3560 jusdam
839 3492 1038 3546 sororis
1071 3507 1181 3545 sua:
1206 3488 1483 3544 Macrince.

2278 3502 2429 3553 σεως
2461 3485 2571 3555 τῆς
2609 3489 2889 3554 τοιαύτης
2923 3485 3412 3555 ἀδελφῆςοὺτοῦ
3457 3488 3788 3556 Naupli-nc.

602 3602 740 3659 Novi
775 3602 1041 3673 quosdam
1076 3602 1317 3672 pictores
1361 3602 1609 3658 inutilem
1661 3603 1809 3656 illaut
1855 3602 2108 3659 ambitio-

533 3710 659 3753 nem
682 3695 980 3766 gratiﬂcari
1026 3704 1254 3766 aspectu
1307 3695 1464 3749 valde
1494 3695 1747 3765 turpibus
1789 3697 2017 3762 amicis;
2051 3696 2104 3751 in

533 3801 750 3853 eorum,
781 3792 842 3841 ut
865 3801 962 3840 sua
984 3787 1167 3856 imago
1190 3786 1469 3856 pingatur,
1501 3785 1684 3839 animo
1709 3799 2103 3854 prepensorum

532 3876 766 3932 formam
810 3878 1023 3947 pictura
1074 3876 1412 3930 immutando
1450 3894 1464 3930 :
1496 3877 1834 3930 contrarium
1886 3878 2106 3947 quidem

535 3966 669 4036 quid
698 3964 986 4031 facientes,
1015 3981 1178 4035 quam
1211 3967 1311 4035 ipsi
1359 3967 1561 4021 vellent
1595 3986 1608 4021 :
1641 3968 1695 4020 in
1730 3968 1932 4037 quibus
1962 3969 2107 4024 enim

535 4057 765 4127 picturae
789 4056 1096 4112 imitatione
1126 4065 1376 4112 naturam
1410 4059 1801 4128 propemodum
1833 4062 2108 4131 corrigere

533 4148 728 4202 volunt
753 4146 1000 4217 pulchre,
1027 4148 1368 4218 multumque
1387 4147 1596 4204 ﬂoridis
1617 4150 1895 4207 coloribus
1918 4169 1931 4217 ;
1962 4151 2108 4220 quod

534 4237 729 4294 forma
760 4237 1117 4309 iniucundum
1150 4247 1232 4295 est
1269 4241 1372 4295 sub
1416 4242 1601 4295 tabula
1622 4242 1963 4298 occultantes
1989 4243 2109 4298 elli-

534 4333 676 4403 giem
721 4331 798 4385 ita
844 4338 1177 4401 permutant.
1215 4329 1331 4386 Illis
1362 4332 1441 4386 sic
1477 4331 1720 4400 profecto
1750 4347 1862 4386 non
1892 4334 2105 4387 lucrum

534 4429 621 4476 est
669 4420 838 4475 ullum
882 4418 1021 4476 ﬂava
1069 4434 1229 4476 coma
1277 4430 1332 4476 et
1378 4422 1687 4492 profunda;
1724 4423 2010 4478 incurvata
2052 4426 2106 4479 in

537 4512 737 4577 fronte,
770 4520 936 4583 atque
979 4511 1448 4584 circumfulgens;
1494 4524 1546 4570 et
1589 4515 1699 4579 ille,
1730 4516 1824 4585 qui
1865 4516 1919 4569 in
1952 4517 2110 4573 labiis

534 4604 658 4671 ﬂos,
682 4612 738 4661 et
765 4606 858 4676 qui
877 4620 1044 4676 super
1066 4619 1235 4675 genas
1264 4604 1469 4672 rubor;
1507 4606 2000 4676 palpebrarumque
2022 4622 2111 4661 or-

2277 3595 2409 3652 Οἷδα
2441 3597 2591 3661 τινὰς
2613 3597 2720 3650 τῶν
2749 3597 3053 3669 ζωγράφων
3087 3597 3395 3668 φιλοτιμίαν
3421 3598 3683 3668 ἀνόνητον
3702 3616 3793 3670 χαο

2211 3690 2455 3764 ρίζεσθαι
2489 3693 2599 3755 τοῖς
2647 3689 3071 3760 είδεχθὲστέροις
3105 3690 3211 3743 τῶν
3247 3690 3435 3760 φίλων,
3481 3689 3540 3744 ἐν
3582 3692 3665 3762 τῷ
3698 3710 3788 3764 με·

2208 3783 2511 3855 ταγρὰφειν
2558 3782 2659 3850 τὴν
2709 3782 2922 3853 μορφὴν
2962 3784 3043 3845 είς
3075 3781 3260 3835 εἰκόνα
3296 3782 3789 3854 προθυμουμένων,

2209 3874 2448 3926 ἐναντίον
2493 3872 2548 3925 δέ
2591 3890 2640 3925 τι
2694 3872 2991 3927 ποιούντων
3037 3873 3069 3944 ἦ
3122 3872 3422 3943 βούλονται·
3454 3874 3511 3926 ὲν
3562 3869 3651 3938 οἷς
3690 3877 3792 3946 γὰρ

2209 3963 2543 4035 διορθοῦνται
2570 3963 2732 4033 δῆθεν
2758 3966 2825 4035 τῇ
2856 3965 3085 4034 μιμήσει
3117 3964 3214 4035 τὴν
3246 3964 3407 4034 φύσιν
3430 3966 3544 4028 τοῖς
3573 3965 3789 4020 εὐανθε-

2213 4055 2419 4125 στέροις
2442 4056 2548 4108 τῶν
2587 4056 2914 4127 χρωμάτων,
2937 4056 2995 4108 τὸ
3032 4057 3129 4127 τῆς
3158 4060 3373 4128 μορφῆς
3400 4057 3560 4126 ἀηδὲς
3585 4060 3681 4112 ἐπὶ
3700 4058 3786 4111 τοῐι⁹

2211 4145 2435 4208 πίνακος
2456 4145 2809 4217 κρύπτοντες,
2832 4147 2920 4199 τὸν
2946 4148 3273 4218 χαρακτῆρα
3302 4148 3783 4218 παραλλάττουσιν.

2223 4238 2309 4300 Ὠς
2355 4234 2446 4291 οὖν
2478 4238 2563 4291 ἐπ’
2607 4238 2831 4292 ἐκείνων
2877 4239 3067 4310 κέρδος
3120 4241 3219 4293 οὐκ
3270 4240 3416 4293 ἔστιν
3465 4241 3618 4295 οὐδὲν
3651 4243 3784 4311 κόμη

2210 4328 2376 4399 ξανθὴ
2405 4330 2499 4383 καὶ
2554 4330 2764 4400 βαθεῖα,
2811 4332 3246 4403 ὲπικυρτουμένη
3298 4332 3376 4403 τῷ
3422 4332 3661 4404 μετώπῳ
3698 4336 3783 4386 καὶ

2212 4421 2652 4491 περιστίλϐουσα,
2693 4423 2787 4475 καὶ
2822 4424 2882 4476 τὸ
2918 4423 3009 4476 ἐπὶ
3041 4423 3132 4476 τοῦ
3159 4424 3368 4494 χείλους
3404 4425 3587 4490 ἄνθος,
3618 4428 3705 4480 καὶ
3727 4425 3780 4477 τὸ

2211 4513 2303 4564 ἐπὶ
2329 4513 2428 4582 τῆς
2453 4516 2683 4586 παρειαῖς
2713 4514 3020 4586 ὲρύθρημα,
3044 4514 3326 4587 βλεφάρων
3351 4534 3412 4569 τε
3434 4516 3635 4583 κύκλος
3654 4560 3668 4584 ,
3694 4517 3781 4571 καὶ

2212 4604 2365 4666 ἀκτὶς
2395 4605 2677 4674 ὀμμάτων,
2708 4608 2800 4660 καὶ
2823 4606 3024 4676 ὀφρύες
3045 4607 3100 4660 ὲν
3129 4607 3205 4677 τῷ
3237 4607 3429 4677 μέλανι
3461 4610 3777 4671 στίλϐουσαι,

535 4696 644 4763 bis,
680 4704 734 4751 et
765 4696 1051 4750 oculorum
1082 4693 1306 4761 radius;
1349 4702 1513 4763 atque
1560 4694 1778 4763 nigrore
1825 4693 2105 4749 illucentia

2211 4698 2300 4748 καὶ
2331 4696 2637 4767 ἐπιλάμπον
2684 4701 2749 4770 τῇ
2802 4699 2966 4771 ὀφρύϊ
3014 4700 3295 4770 μέτωπον*
3327 4701 3422 4753 καὶ
3471 4701 3528 4754 εἴ
3569 4720 3622 4756 τι
3667 4702 3781 4756 ἄλλο

538 4785 868 4857 supercilia;
908 4799 972 4839 ac
999 4784 1053 4839 in
1094 4784 1406 4853 superciliis
1430 4783 1582 4840 frons
1613 4798 1949 4849 coruscans;
1985 4794 2037 4841 et
2061 4785 2106 4841 si

2211 4786 2412 4840 τοιοῦτο
2440 4789 2540 4857 τὴν
2568 4789 2666 4857 τῆς
2697 4791 2908 4861 μορφῆς
2941 4790 3090 4861 ὤραν
3120 4792 3592 4863 συναπργάζεται
3613 4836 3627 4860 ,
3664 4794 3778 4865 (ἐὰν

536 4878 669 4949 quid
697 4876 844 4933 aliud
885 4876 991 4931 tale
1018 4875 1208 4932 formae
1238 4874 1463 4930 coniicit
1492 4876 1981 4946 opportunitatem.
2017 4878 2113 4932 Et-

535 4970 683 5025 enim
714 4969 762 5025 si
788 4975 1031 5023 anatura
1066 4982 1129 5023 ea
1160 4982 1272 5021 non
1301 4967 1540 5035 habeat;
1583 4967 1895 5038 cuicunque
1931 4969 2110 5040 picto-

2204 4878 2314 4949 γὰρ
2344 4880 2418 4950 μὴ
2439 4880 2591 4957 παρὰ
2617 4880 2717 4951 τῆς
2761 4881 2973 4950 φύσεως
2996 4883 3094 4955 ἔχῃ
3117 4884 3338 4937 τοιαῦτα
3364 4888 3392 4938 ὁ
3414 4886 3492 4957 τῷ
3518 4886 3780 4957 ζωγράφῳ

2210 4970 2495 5042 προτεθεὶς
2524 4972 2604 5035 είς
2635 4971 2733 5042 τὴν
2767 4972 3019 5044 μίμησιν,
3047 4975 3198 5028 οὐδὲν
3220 4974 3474 5029 ἀπώνατο
3497 4976 3598 5047 τῆς
3614 4975 3779 5031 τοιαύ-

537 5077 660 5117 rum
709 5060 1028 5132 propositus
1072 5058 1120 5114 is
1171 5061 1261 5125 sit,
1315 5068 1374 5113 ut
1420 5059 1631 5129 pictura
1666 5060 1986 5128 simuletur;
2038 5062 2106 5115 nil

2211 5078 2308 5131 της
2349 5061 2804 5135 φιλανθρωπίας)·
2838 5065 2928 5118 τὸν
2958 5066 3117 5119 αὑτὸν
3162 5068 3363 5139 τρόπον
3403 5069 3552 5121 δοκεῖ
3597 5088 3703 5140 μοι,
3735 5070 3780 5121 εί

536 5164 765 5222 prorsus
803 5148 1057 5204 utilitatis
1086 5162 1155 5203 et
1180 5147 1494 5218 hujusmodi
1520 5148 1895 5204 benevolentia
1918 5165 2110 5207 conse-

538 5250 758 5315 quetur.
814 5239 1017 5297 Eodem
1058 5237 1219 5295 modo
1266 5238 1319 5294 id
1355 5239 1575 5295 evenire
1618 5240 1751 5294 mihi
1790 5241 2029 5308 videtur,
2062 5245 2109 5300 si

540 5335 666 5406 quis
696 5340 922 5407 propter
967 5331 1264 5388 amicitiam
1312 5331 1363 5387 ei
1405 5346 1565 5403 quem
1611 5330 1852 5400 adamat,
1885 5335 2108 5391 laudum

518 5517 1030 5646 νκαὲιξἸλμὲἓλέμου
1054 5515 1185 5572 τοῦ.
1223 5514 1297 5572 Id.
1339 5516 1739 5589 πολεμούντων.
1766 5516 1935 5573 Paulo
1960 5529 2107 5590 post,

518 5627 1023 5729 θηῖεέίᾜεῖοιεηυε
1051 5673 1118 5715 ex
1146 5656 1386 5716 editione
1408 5664 1465 5714 et
1492 5657 1943 5729 interpretatione
1959 5658 2106 5715 Lau-

538 5727 710 5792 rentii
742 5727 1016 5803 Zacagni”

2213 5171 2296 5218 τις
2342 5154 2447 5208 ὑπὸ
2494 5155 2673 5224 φιλίας
2710 5157 2945 5211 ἐπαίνων
2990 5158 3295 5231 ὑπερϐολὰς
3328 5160 3405 5230 τῷ
3440 5161 3776 5233 ἀγαπωμένῳ

2215 5244 2506 5316 χαρίζοιτο,
2543 5246 2639 5298 καὶ
2688 5246 3022 5302 ἀναπλάσσει
3053 5250 3130 5322 τῷ
3172 5250 3313 5321 λόγῳ
3346 5251 3421 5322 μὴ
3469 5247 3582 5315 οἷός
3623 5255 3776 5316 ἐστιν,

2215 5337 2328 5391 ἀλλ’
2344 5331 2454 5391 οἷον
2473 5332 2610 5391 εἶναι
2633 5341 2899 5411 προσήκει
2914 5340 3005 5395 τὸν
3026 5342 3086 5394 ὲν
3101 5342 3262 5395 παντὶ
3275 5342 3335 5395 τὸ
3351 5343 3558 5396 τέλειον
3578 5345 3777 5414 ἔχοντα,

2436 5523 2737 5605 Sequentes
2771 5529 3063 5605 e_pistol_as_
3088 5539 3296 5602 septem
3337 5533 3526 5592 Graece
3579 5537 3774 5605 primus

2212 5592 2464 5678 edidit?
2502 5592 2723 5678 {latinas
2760 5592 2907 5678 iccit
2950 5599 3000 5657 J.
3029 5600 3089 5655 Β.
3127 5592 3449 5665 Caraccioli.
3493 5613 3510 5678 (
3542 5592 3774 5661 G'alland.

2212 5660 2469 5721 Bibliotlt.
2508 5664 2595 5737 vn,
2624 5667 2777 5742 σει.)
