4068 6154
294 4908 310 4953 Ψ

293 4979 313 5030 ἒ

328 335 467 393 1073

1504 331 1882 388 EPISTOLJZ.
1914 362 1983 370 —
2016 332 2232 387 EPIST.
2279 332 2406 391 .\'l.\'.

3457 327 3592 382 1οη

325 457 405 526 τῷ
431 455 530 528 μὲν
555 455 698 526 λόγῳ
730 454 817 507 τὸν
849 453 1005 525 ὀρθὸν
1037 452 1147 522 βίον
1194 448 1532 514 ἐτυπῶσᾳτο,
1557 450 1646 503 τὸν
1669 449 1725 502 δὲ
1760 449 1910 518 φίλον

2022 450 2435 518 cxsuperantias
2472 447 2832 518 gratiticetur,
2877 454 2930 502 et
2959 445 3137 516 ipsum
3170 459 3423 499 sermone
3448 445 3592 498 ciliu-

326 549 387 602 οὐ
421 546 620 617 μᾶλλον
647 546 907 616 ἐσέμνυνε
933 548 1053 608 ταῖς
1087 542 1194 596 τῶν
1230 542 1462 596 ἐπαίνων
1495 539 1840 611 ὑπερϐολαῖς,
1870 540 1903 611 ἢ

326 636 602 708 διήλεγξεν
651 635 1142 705 ἀντιφθεγγόμενον
1185 633 1273 687 διὰ
1315 632 1405 686 τοῦ
1455 631 1570 703 βίου
1616 629 1694 702 τῷ
1728 630 1902 701 λόγῳ,

328 729 423 781 καὶ
442 726 601 781 ἀλλον
627 725 972 795 δεικνύμενον
993 724 1026 797 ἢ
1055 719 1165 787 οἷος
1184 723 1483 795 νομίζεται.
1509 722 1574 775 Τί
1595 717 1689 776 οῦν
1707 724 1733 775 ό
1753 721 1908 790 λόγος

326 835 422 888 μοι
469 816 755 886 βούλεται;
790 812 944 868 Εἶδον
978 817 1035 868 ἐν
1077 817 1190 878 τοῖς
1226 814 1515 884 γράμμασι
1548 812 1649 883 τῆς
1690 812 1910 882 ἀγάπης

330 927 423 963 σου
452 906 565 962 οἷον
592 908 879 980 ἀνδριάντα
922 908 1042 962 τινὰ
1082 906 1219 979 πρὸς
1255 906 1315 959 τὸ
1350 906 1646 980 ἀκρότατον
1672 905 1910 975 ἀπηκρι-

329 1000 615 1074 6ωμένον,
678 995 722 1069 ᾧ
764 1000 933 1071 ὄνομα
983 996 1051 1071 ἦν
1096 999 1207 1070 ὲγῶ
1238 1016 1252 1032 ο
1299 1000 1398 1069 ἐμὲ
1453 997 1561 1070 γὰρ
1617 997 1806 1069 ἐδήλου
1849 997 1911 1050 τὸ

329 1094 584 1166 γράμμα.
632 1093 768 1173 Ἀλλ’
814 1092 1000 1164 ἐπειδὴ
1051 1091 1238 1164 ὥσπερ
1270 1092 1328 1144 ἐν
1368 1091 1655 1161 κατόπτρῳ
1697 1087 1774 1159 τῷ
1810 1088 1910 1159 βίῳ

332 1183 444 1253 ἐγὼ
463 1183 539 1254 τῷ
564 1182 796 1255 ἐμαυτοῦ
825 1182 966 1235 κατὰ
993 1184 1172 1235 πᾶσαν
1197 1180 1477 1252 ἀκρίϐειαν
1499 1179 1706 1245 ἐνιδὼν,
1738 1178 1910 1247 ἔγνων

329 1274 565 1346 ἐμαυτὸν
610 1273 868 1345 πάμπολυ
913 1274 1313 1344 κεχωρισμένον
1352 1272 1450 1343 τῆς
1491 1270 1580 1326 διά
1628 1270 1909 1340 τοῦλόγου

329 1369 545 1438 γραφῆς
569 1382 583 1398 ο
620 1365 679 1419 σέ
712 1366 810 1436 μέν
842 1364 1210 1437 ἀπεδειξάμην
1242 1366 1334 1420 καὶ
1360 1366 1447 1418 διὰ
1474 1364 1676 1418 τούτων
1710 1364 1767 1417 τὸ
1788 1364 1909 1432 φιλ-

330 1456 533 1524 άγαθον
575 1455 843 1522 δείξαντα.
879 1457 956 1508 Δι’
985 1449 1061 1508 ῶν
1089 1456 1195 1527 γάρ
1228 1455 1467 1509 τοιοῦτον
1497 1452 1636 1509 εἶναι
1663 1455 1908 1521 νομίσας,

328 1547 580 1600 τοσοῦτον
610 1547 924 1616 ἠγάπησας,
960 1547 1362 1617 ἐναργεστάτην
1383 1545 1654 1610 ἀπόδειξιν
1679 1547 1777 1617 τῆς
1803 1546 1911 1600 τῶν

328 1638 545 1708 τρόπων
580 1655 672 1691 σου
702 1639 1003 1709 πεποίησαι
1041 1638 1367 1709 δεξιότητος.
1404 1640 1491 1701 Ὠς
1530 1638 1785 1708 οὐδεμίαν
1817 1637 1910 1692 ἄλ-

330 1730 429 1799 λην
454 1728 547 1783 τοῦ
592 1730 813 1800 ἀγαπᾷν
844 1729 1098 1801 ἀφορμὴν
1133 1729 1270 1801 πλὴν
1316 1729 1411 1801 τὴν
1453 1730 1675 1801 ἀρετὴν,
1715 1726 1784 1802 ἧς
1817 1732 1910 1784 καὶ

2009 547 2122 609 gat,
2160 553 2269 592 non
2322 538 2499 608 qualis
2548 546 2651 604 est,
2681 539 2777 594 sed
2812 538 3033 608 qualem
3077 551 3199 591 esse
3243 534 3400 591 decet
3438 550 3589 598 eum,

2010 628 2125 697 qui,
2156 628 2302 697 quod
2347 630 2569 683 omnino
2606 628 2905 699 perfectum
2942 637 3047 695 est,
3097 629 3324 683 obtinet.
3375 628 3591 682 Oratio-

2012 736 2078 774 ne
2108 719 2328 789 quidem
2371 728 2575 775 rectam
2613 720 2760 775 illius
2791 720 2959 775 vitam
2996 721 3042 775 is
3078 719 3303 790 ﬁgurat;
3352 719 3588 773 amicum

2011 825 2141 865 vero
2164 825 2225 865 ea
2255 809 2475 865 laudum
2514 811 2883 881 superlatione
2904 827 3011 864 non
3038 813 3210 879 magis
3233 809 3587 865 veneratione

2012 902 2235 970 dignum
2272 901 2482 967 reddet,
2516 918 2677 972 quam
2710 902 3002 973 redargnet
3042 902 3278 956 orationi
3311 903 3421 956 vita
3456 918 3590 956 con-

2014 994 2404 1061 tradiccntem;
2426 1004 2479 1048 et
2503 993 2668 1048 alium
2698 1010 2819 1050 sese
2854 994 3258 1058 ostendentem,
3277 1010 3439 1064 quam
3456 1009 3593 1064 qua-

2011 1087 2082 1142 lis
2124 1088 2493 1142 existimatur.
2537 1085 2678 1153 Quid
2710 1087 2878 1157 igitur
2913 1087 3025 1141 sibi.
3046 1088 3159 1141 vult
3180 1102 3334 1142 meus
3366 1086 3593 1142 sermo?

2013 1178 2136 1234 Vidi
2182 1179 2238 1234 in
2280 1179 2479 1235 litteris
2525 1179 2809 1235 charitatis
2860 1188 2967 1234 tua:
3017 1178 3196 1248 qualis
3233 1186 3415 1233 statua
3444 1190 3590 1248 quae-

2012 1272 2137 1326 dam
2190 1287 2406 1331 summa
2457 1272 2741 1345 diligentia
2797 1279 2918 1327 erat
2971 1272 3043 1326 ibi
3112 1271 3390 1326 elaborata
3436 1287 3450 1323 :
3500 1272 3589 1325 cui

2013 1380 2211 1421 nomen
2247 1380 2398 1419 eram
2433 1380 2552 1435 ego.
2605 1363 2691 1419 Me
2737 1363 2939 1419 etenim
2973 1362 3261 1416 manifeste
3311 1360 3592 1415 indicabat

2012 1458 2265 1528 epistola.
2288 1458 2352 1511 At
2379 1457 2599 1521 deinde,
2623 1456 2703 1510 uti
2729 1457 2781 1510 in
2806 1455 3051 1526 speculo,
3080 1454 3135 1507 in
3161 1453 3383 1508 meimet
3415 1453 3591 1523 ipsius

2013 1552 2128 1604 vita
2175 1549 2323 1604 omni
2367 1550 2654 1619 diligentia
2693 1564 2793 1620 ego
2842 1563 2928 1603 me
2977 1546 3307 1619 inspiciens,
3356 1546 3591 1616 cognovi

2014 1658 2102 1697 tne
2128 1642 2308 1711 ipsum
2334 1642 2560 1696 omnino
2592 1642 2661 1696 ab
2699 1656 2764 1696 eo
2801 1641 3012 1710 scripto
3044 1647 3266 1710 propter
3293 1640 3447 1693 illum
3469 1652 3589 1693 ser-

2014 1749 2233 1788 monem
2272 1734 2479 1789 distare
2512 1743 2677 1803 atque
2716 1732 3016 1797 recedere;
3063 1741 3113 1787 te
3143 1746 3274 1786 vero
3306 1732 3593 1802 perspicue

330 1825 463 1893 ήμῖν
490 1840 544 1875 τι
588 1823 827 1891 μετεῖναι
859 1820 1116 1891 νομίζων,
1148 1824 1205 1874 ἐν
1238 1823 1351 1882 τοῖς
1388 1820 1780 1890 γνησιωτάτοις
1806 1820 1915 1874 τῶν

2022 1826 2170 1882 sensi
2203 1840 2351 1893 eum,
2391 1825 2487 1895 qui
2514 1825 2594 1879 vel
2617 1832 2844 1896 propter
2875 1824 2990 1879 haec
3022 1822 3313 1893 probitatis
3347 1836 3592 1876 aniorem

330 1913 501 1981 φίλων
524 1911 700 1983 ἔσχες.
732 1912 824 1965 Διὸ
847 1912 1026 1973 καλῶς
1053 1911 1195 1983 ἔχειν
1218 1911 1404 1982 ᾠήθην
1423 1910 1489 1965 δι’
1517 1911 1754 1982 ἐμαυτοῦ
1782 1912 1917 1982 μᾶλ-

332 2006 423 2060 λον
455 2005 516 2059 τὸ
536 2004 777 2076 ἐμαυτοῦ
802 2004 1114 2074 γινώσκειν,
1138 2004 1173 2076 ἢ
1207 2008 1327 2067 ταῖς
1361 2005 1561 2076 ἐτέρων
1590 2005 1917 2077 μαρτυρίαις

331 2097 697 2169 παράγεσθαι·
745 2095 848 2150 κᾶν
882 2098 940 2150 ἐν
976 2097 1089 2159 τοῖς
1115 2095 1294 2159 ἄλλοις
1326 2096 1491 2150 πᾶσιν
1534 2089 1753 2175 ἀληθεῖς
1784 2089 1917 2150 ὦσιν

331 2191 382 2243 οἱ
421 2190 714 2261 μάρτυρες.
765 2188 935 2242 Τοῦτο
981 2187 1090 2258 γάρ
1135 2189 1228 2241 καὶ
1268 2190 1297 2241 ὀ
1331 2187 1707 2263 παροιμιώδης
1757 2187 1918 2258 λόγος

333 2283 653 2354 παρεγγυᾷ·
686 2281 894 2335 ἐαυτῶν
923 2280 1303 2351 ἐπιγνώμονας
1329 2282 1597 2349 γίνεσθαι,
1627 2282 1753 2345 τοὺς
1787 2282 1917 2351 μὲλ-

332 2374 526 2437 λοντας
567 2371 708 2425 κατά
745 2371 836 2424 τὸν
887 2369 1085 2437 ἔξωθεν
1128 2370 1284 2438 λόγον
1335 2372 1561 2434 ἑαυτοὺς
1604 2369 1917 2439 γινώσκειν.

347 2465 510 2518 Ἀλλά
530 2463 704 2517 ταῦτα
731 2463 829 2529 μὲν
850 2463 931 2526 είς
950 2463 1223 2526 τοσοῦτον,
1248 2462 1323 2525 ὡς
1346 2461 1412 2515 ἂν
1436 2463 1509 2534 μὴ
1535 2462 1748 2533 δοκοίην
1769 2462 1918 2534 αὐτῷ

333 2557 413 2628 τῷ
450 2556 835 2628 παραιτεῖσθαι
876 2555 967 2609 τὸν
1016 2555 1257 2617 ἔπαινον,
1308 2555 1415 2608 τῶν
1458 2554 1696 2609 ἐπαίνων
1734 2572 1919 2610 κατει-

338 2646 689 2720 ρωνεύεσθαι.
733 2647 887 2700 Ἐπεὶ
932 2646 989 2700 δέ
1025 2646 1349 2700 διεκελεύσω
1388 2646 1577 2713 λόγους
1607 2644 1760 2710 τινὰς
1790 2647 1920 2716 περὶ

334 2739 444 2794 τῶν
471 2741 603 2810 ἡμῖν
632 2728 979 2810 ζητουμένων
1003 2739 1317 2809 πονήσαντα
1340 2736 1619 2807 ὠφελῆσαί
1645 2753 1697 2789 τι
1725 2736 1786 2789 τὸ
1808 2754 1921 2790 κοι-

335 2833 427 2886 νὸν
447 2833 535 2886 διὰ
553 2832 651 2903 τῆς
672 2829 926 2902 τοιαύτης
949 2829 1187 2899 σπουδῆς
1204 2847 1218 2861 ο
1246 2829 1480 2898 γίνωσκε
1504 2826 1753 2881 τοσοῦτον
1773 2829 1922 2898 ἡμᾶς

341 2924 735 2995 μετεσχηκέναι
763 2924 980 2993 σχολῆς,
1012 2923 1135 2976 ὅσον
1169 2920 1365 2992 μικροῦ
1395 2920 1507 2973 δεῖν
1526 2920 1753 2984 ἐκεῖνος,
1792 2919 1920 2990 περὶ

337 3014 400 3072 οὒ
432 3017 564 3089 φησί
608 3033 693 3081 τις
743 3016 850 3069 τῶν
898 3015 1192 3087 προφητῶν
1222 3015 1304 3067 ὅτι
1342 3012 1681 3085 συμπλακεὶς
1724 3012 1919 3077 λέοντι,

338 3108 434 3162 καὶ
474 3106 632 3177 μόγις
676 3105 890 3167 διεκδὺς
937 3105 998 3157 τὸ
1038 3103 1246 3173 χάσμα,
1286 3103 1380 3155 καὶ
1418 3101 1516 3171 τὴν
1560 3101 1668 3154 τῶν
1711 3100 1917 3171 ὀνύχων

337 3165 689 3265 ἀκμήνίκάθ
718 3193 746 3246 δ
772 3165 933 3264 μέρος
1116 3165 1357 3262 φεύγειν,
1391 3165 1547 3245 ἔλαθε
1586 3190 1722 3245 κατά
1744 3165 1916 3262 στόμα
1942 3165 1984 3224 c

337 3286 439 3356 τῆς
464 3286 665 3358 ἄρκτου
691 3286 1001 3355 γενόμενος.
1027 3280 1159 3338 Εἶτα
1183 3283 1403 3354 διαδρὰς
1429 3284 1525 3337 σὺν
1549 3284 1720 3351 ἀγῶνι
1740 3282 1917 3353 πολλῷ

339 3378 435 3433 καὶ
458 3378 645 3432 τοῦτον
672 3378 762 3430 τὸν
795 3377 1056 3441 κίνδυνον,
1093 3376 1187 3430 καὶ
1218 3376 1353 3446 πρὸς
1387 3376 1478 3429 τὸν
1517 3378 1696 3445 τοῖχον
1732 3376 1918 3438 ἐαυτὸν

340 3469 655 3536 ἀναπαύων,
705 3469 899 3539 ἐνέδρᾳ
953 3469 1047 3522 καὶ
1093 3468 1328 3539 δήγματι
1372 3468 1548 3537 ὄφεως
1597 3465 1917 3537 συνηνέχθη.

339 3560 576 3630 Τοιαύτη
606 3576 688 3622 τις
719 3558 909 3627 γέγονε
947 3558 1056 3610 τῶν
1086 3557 1560 3629 συμπεπτωκότων
1601 3556 1733 3626 ἡμῖν
1765 3556 1920 3608 ἀνια-

344 3653 456 3725 ρῶν
488 3654 521 3722 ή
558 3652 825 3722 συνέχεια.
856 3651 967 3705 Καὶ
990 3650 1163 3714 οὑτως
1202 3649 1492 3719 ἐπάλληλοι
1524 3634 1634 3700 τῶν
1662 3645 1921 3716 λυπηρῶν

342 3746 400 3798 αἱ
428 3734 671 3814 διαδοχαὶ
698 3744 785 3798 ἀεὶ
822 3746 940 3806 ταῖς
977 3740 1304 3812 ὑπερϐολαῖς
1351 3739 1460 3792 τῶν
1498 3736 1920 3807 ἐπιγενομένων,

346 3837 517 3908 μικρά
546 3836 616 3889 τά
657 3836 939 3904 φθάσαντα
981 3832 1157 3884 δοκεῖν
1200 3828 1340 3883 εἶναι
1387 3827 1921 3900 παρασκευάζουσαι.

341 3928 407 3981 Εί
430 3927 488 3980 δὲ
513 3926 589 3997 μὴ
624 3925 876 3996 φορτικόν
903 3924 1019 3976 ἐστι
1058 3921 1234 3993 λύπην
1267 3924 1380 3984 τοῖς
1412 3919 1669 3989 ἀγαπῶσι
1693 3920 1925 3990 χαρίσα-
1958 3944 1964 3949 ε

344 4019 470 4073 σθαι
491 4022 603 4082 τοῖς
637 4018 983 4089 σκυθρωποῖς
1018 4016 1373 4085 διηγήμασιν,
1408 4013 1711 4084 ἐκθήσομαι
1751 4030 1833 4066 σοι
1859 4012 1924 4065 δι’

341 4111 526 4179 ὀλίγου
548 4110 648 4179 τὴν
673 4108 846 4179 κακὴν
877 4107 1137 4178 ἱστορίαν.
1169 4102 1276 4160 Ἦν
1305 4107 1435 4176 ἡμῖν
1464 4104 1664 4175 ἀδελφὴ
1690 4103 1783 4157 τοῦ
1811 4103 1925 4174 βίου

342 4201 697 4267 διδάσκαλος,
722 4202 756 4270 ή
813 4198 950 4269 μετά
993 4198 1092 4269 τὴν
1140 4197 1352 4269 μητέρα
1406 4197 1611 4268 μήτηρ,
1662 4194 1929 4266 τοσαύτην

343 4294 542 4366 ἔχουσα
574 4292 673 4363 τὴν
697 4291 830 4363 πρὸς
858 4290 992 4343 Θεὸν
1020 4288 1353 4361 παρρησίαν,
1385 4287 1526 4341 ὥστε
1566 4286 1771 4358 πύργον
1798 4288 1928 4358 ἡμῖν

348 4386 531 4456 ἰσχύος
578 4381 737 4447 εἶναι,
781 4382 877 4437 καὶ
926 4382 1088 4435 ὅπλον
1136 4381 1413 4456 εὐδοκίας,
1461 4378 1644 4442 καθώς
1684 4396 1849 4449 φησιν
1894 4379 1929 4448 ή

344 4450 558 4549 Γραφὴ,
584 4476 678 4530 καὶ
702 4474 855 4528 πόλιν
879 4472 1141 4545 περιοχῆς
1170 4450 1264 4526 κᾶι
1285 4472 1391 4524 πᾶν
1413 4469 1708 4539 ἀσφαλείας
1734 4469 1922 4539 ὄνομα,

344 4570 434 4623 διὰ
459 4570 559 4641 τὴν
593 4566 902 4640 προσοῦσαν
945 4569 1009 4619 ἐκ
1049 4564 1145 4619 τοῦ
1189 4565 1305 4636 βίου
1340 4564 1479 4634 αὑτῇ
1514 4563 1647 4634 πρὸς
1679 4562 1768 4616 τὸν
1797 4562 1927 4615 Θεὸν

346 4658 678 4729 παρρησίαν.
712 4657 867 4726 ᾭκει
894 4656 951 4709 δὲ
982 4654 1076 4709 τοῦ
1107 4654 1309 4708 Πόντου
1334 4653 1400 4707 τά
1439 4653 1661 4722 ἔσχατα,
1693 4653 1787 4706 τοῦ
1812 4652 1930 4721 βίου

342 4749 456 4803 τῶν
480 4748 782 4819 ἀνθρώπων
807 4740 1015 4818 ἑαυτὴν
1033 4746 1365 4812 ἐξοικίσασα.
1393 4746 1569 4817 Χορὸς
1589 4741 1656 4817 ἦν
1688 4750 1816 4816 περὶ
1841 4745 1930 4800 αὑ-

282 4832 306 4913 ’:
343 4842 448 4913 τὴν
474 4839 762 4911 παρθένων
781 4839 969 4903 πολύς.
1010 4841 1109 4903 ’Δς
1132 4838 1270 4909 αὑτὴ
1298 4838 1383 4891 διά
1410 4838 1519 4892 τῶν
1544 4837 1930 4907 πνευματικῶν

343 4933 553 4986 ὠδίνων
584 4931 911 5002 γεννήσασα,
943 4930 1038 4983 καὶ
1066 4932 1145 4993 είς
1182 4930 1458 5002 τελείωσιν
1479 4928 1566 4983 διά
1594 4929 1772 4998 πάσης
1810 4931 1930 4981 ἐπι-

347 5023 565 5095 μελείας
595 4995 930 5095 προάγουσα,
951 5021 1050 5091 τὴν
1081 5020 1189 5073 τῶν
1229 4995 1474 5088 ἀγγέλων
1507 4995 1755 5089 ἐμιμεῖτο
1785 5019 1928 5088 ζωὴν

343 5116 404 5167 ἐν
434 5113 762 5185 ἀνθρωπίνῳ
786 5111 867 5182 τῷ
905 5111 1134 5182 σώματι.
1171 5112 1283 5164 Οὐκ
1310 5108 1377 5181 ἦν
1403 5112 1672 5181 διάκρισις
1702 5112 1757 5162 ἐν
1790 5113 1929 5182 αὑτῇ

344 5204 542 5267 νυκτὸς
597 5204 691 5258 καὶ
735 5202 948 5275 ἡμέρας
974 5217 989 5231 ·
1022 5194 1153 5254 ἀλλὰ
1192 5202 1285 5254 καὶ
1330 5202 1423 5265 νὺξ
1466 5201 1685 5273 ἐνεργὸς
1735 5203 1791 5253 ἐν
1820 5204 1930 5263 τοῖς

344 5292 439 5348 τοῦ
474 5295 650 5365 φωτὸς
685 5294 867 5366 ἔργοις
908 5294 1215 5357 ἐδείκνυτο,
1245 5293 1338 5345 καὶ
1377 5293 1555 5363 ἡμέρα
1594 5292 1690 5364 τὴν
1736 5310 1929 5346 νυκτε-

347 5386 504 5460 ρινὴν
542 5387 769 5458 ἡσυχίαν
811 5385 891 5456 τῷ
939 5385 1200 5455 ἀταράχῳ
1242 5382 1340 5451 τῆς
1388 5382 1533 5451 ζωῆς
1581 5384 1924 5455 ὑπεκρίνετο.

344 5477 568 5547 ⁴Ιθωνῆεν
598 5473 664 5547 ἦν
686 5477 821 5548 αὑτῇ
842 5477 929 5530 διὰ
955 5475 1157 5538 παντὸς
1181 5474 1371 5545 χρόνου
1401 5475 1463 5526 τὸ
1483 5475 1705 5545 οἴκημα,
1735 5475 1926 5539 νυκτὸς

347 5571 443 5625 καί
489 5569 702 5643 ἡμέρας
745 5572 864 5633 ταῖς
902 5567 1241 5641 ψαλμῳδίαις
1285 5567 1730 5637 περιηχούμενον.
1779 5565 1932 5630 Εἶδες

2015 1924 2069 1972 et
2109 1917 2352 1972 studium
2399 1926 2919 1972 commoustrares:
2964 1930 3060 1984 per
3106 1931 3227 1986 qua:
3272 1914 3474 1970 etenim
3504 1928 3593 1969 me

2016 2008 2181 2063 talem
2209 2023 2333 2066 esse
2357 2008 2686 2064 existimans
2713 2014 2926 2062 tantum
2963 2007 3158 2063 amasti
3184 2023 3201 2074 ;
3243 2006 3485 2062 instituti
3508 2004 3593 2060 tui

2016 2101 2257 2155 solertia:
2286 2100 2716 2156 declarationem
2746 2099 2929 2155 fecisti
2969 2100 3440 2156 cvidentissimam
3468 2116 3484 2165 ;
3531 2103 3595 2153 ut

2016 2190 2223 2244 nullam
2251 2190 2413 2244 aliam
2437 2205 2626 2244 amore
2646 2188 3036 2259 complectaris
3058 2187 3373 2243 facultatem
3397 2195 3596 2257 praeter

2017 2283 2278 2337 virtutem
2312 2298 2324 2335 :
2358 2283 2520 2353 cujus
2546 2291 2600 2337 et
2630 2283 2787 2339 nobis
2828 2284 3127 2354 quidquam
3153 2282 3324 2350 partis
3354 2295 3476 2336 esse
3502 2279 3595 2350 ju-

2017 2373 2230 2438 dicans,
2276 2373 2421 2428 inter
2470 2375 2719 2429 omnium
2771 2376 3009 2430 maxime
3064 2374 3336 2445 legitimos
3384 2372 3591 2427 amicos

2019 2482 2120 2521 nos
2152 2467 2343 2522 habes.
2383 2465 2531 2522 Bene
2557 2467 2769 2522 idcirco
2791 2481 2914 2523 esse
2943 2468 3130 2537 putavi
3157 2482 3223 2521 ex
3251 2473 3449 2521 memet
3473 2466 3596 2536 ipso

2019 2558 2228 2631 magis,
2278 2574 2403 2630 qua:
2442 2559 2499 2613 in
2540 2575 2628 2614 me
2669 2560 2791 2631 ipso
2820 2567 2984 2626 sunt,
3021 2559 3389 2630 dignoscere,
3429 2571 3598 2628 quam

2020 2650 2251 2705 aliorum
2284 2649 2617 2706 testimoniis
2665 2650 2894 2714 seduci,
2934 2648 3039 2704 etsi
3071 2649 3126 2702 in
3168 2648 3292 2702 aliis
3333 2648 3596 2702 omnibus

2020 2743 2138 2798 veri
2193 2742 2299 2812 ipsi
2355 2743 2468 2797 sint
2514 2749 2731 2799 testes:
2767 2742 2874 2796 hoc
2922 2742 3068 2796 enim
3116 2750 3172 2794 et
3233 2738 3598 2809 proverbialis

2020 2846 2208 2886 sermo
2258 2834 2619 2901 pronuntiat:
2658 2830 2756 2886 Sui
2806 2832 2982 2902 ipsius
3028 2831 3413 2901 exploratores
3464 2828 3600 2883 ﬁant

2021 2925 2121 2990 illi,
2163 2925 2255 2995 qui
2288 2940 2347 2981 se
2377 2926 2526 2995 ipsos
2560 2940 2793 2982 noscere
2826 2926 3026 2981 debent
3064 2925 3219 2994 juxta
3251 2938 3337 2987 ea,
3363 2938 3486 2993 quae
3523 2924 3592 2979 ab

2020 3015 2263 3069 externis
2290 3015 2396 3069 sibi
2438 3014 2720 3070 dicuntur.
2752 3014 2819 3067 At
2852 3029 2983 3069 vero
3020 3014 3134 3068 lnec
3166 3029 3279 3068 non
3314 3013 3439 3069 ideo
3468 3013 3598 3083 qui-

2025 3105 2148 3162 dem
2200 3114 2427 3159 narrata
2467 3107 2579 3160 sint
2605 3143 2620 3168 ,
2657 3121 2722 3160 ac
2760 3105 2807 3161 si
2833 3147 2846 3168 ,
2885 3120 3009 3160 cum
3063 3105 3278 3160 laudem
3325 3118 3597 3169 recusem,

2021 3198 2156 3251 mihi
2206 3197 2393 3252 videar
2445 3212 2473 3250 a
2506 3197 2618 3252 tuis
2672 3197 2932 3252 laudibus
2969 3212 3065 3266 per
3100 3195 3602 3252 dissimulationem

2020 3288 2239 3343 illusus.
2266 3286 2757 3361 Quoniam.autem
2785 3289 3112 3342 cohortatus
3144 3302 3228 3353 es,
3266 3295 3326 3341 ut
3349 3285 3604 3357 quaedam

2021 3379 2090 3435 de
2144 3381 2213 3435 iis
2259 3395 2383 3449 quae
2448 3395 2478 3434 a
2535 3380 2694 3434 nobis
2747 3378 2992 3449 quaesisti
3067 3378 3244 3432 dicam
3292 3378 3450 3449 ipse,
3509 3377 3604 3447 qui

2024 3470 2342 3540 hujusmodi
2404 3485 2572 3540 Opera
2626 3479 2681 3524 et
2731 3470 2914 3524 studio
2966 3470 3250 3539 publicum
3302 3468 3603 3539 quidquam

2020 3564 2221 3633 juvare
2252 3562 2481 3617 elaboro
2522 3581 2534 3615 :
2568 3562 2710 3618 scito
2741 3564 2878 3616 tanti
2905 3563 3002 3615 otii
3047 3571 3303 3632 expertes
3336 3577 3437 3618 nos
3458 3578 3601 3629 esse,

2020 3650 2289 3722 ‘quantum
2314 3652 2485 3707 lerme
2508 3654 2621 3715 ille,
2649 3659 2709 3706 ut
2736 3653 2965 3708 haberet
2994 3653 3084 3708 ille
3105 3693 3119 3715 ,
3152 3654 3220 3707 de
3245 3667 3356 3724 quo
3378 3652 3606 3723 quidam

2025 3745 2419 3814 prophetarum
2451 3745 2593 3799 dixit
2613 3745 2652 3778 ¹³
2678 3763 2691 3799 :
2717 3744 2866 3815 quod
2886 3761 3011 3799 cum
3040 3746 3196 3800 leone
3217 3746 3604 3816 complicatus,

2024 3843 2082 3890 et
2110 3851 2257 3907 aegre
2301 3835 2428 3891 inde
2469 3836 2710 3892 evadens
2734 3877 2749 3901 ,
2805 3852 2902 3906 per
2942 3852 3106 3906 quam
3134 3843 3344 3906 partem
3380 3836 3609 3907 putabat

2026 3929 2142 3985 oris
2190 3929 2399 3983 hiatum
2443 3930 2894 4001 ungularumque
2932 3929 3215 3999 cuspidem
3245 3928 3438 3999 fugere
3460 3968 3475 3995 ,
3508 3944 3607 3998 per

2026 4036 2146 4076 eam
2190 4020 2401 4076 inscius
2447 4028 2615 4091 atque
2655 4022 2971 4091 imprudens
3011 4037 3151 4077 ursae
3180 4037 3245 4078 os
3274 4036 3444 4092 prope
3481 4019 3605 4076 fuit.

2029 4106 2240 4162 Deinde
2285 4116 2337 4162 et
2370 4124 2434 4163 ex
2474 4110 2579 4164 hoc
2612 4111 2861 4179 periculo
2901 4124 3108 4178 magno
3151 4125 3278 4165 cum
3307 4110 3610 4166 certamine

2029 4198 2315 4267 dilapsus,
2358 4208 2522 4270 atque
2559 4217 2720 4257 secus
2774 4217 2992 4256 murum
3048 4216 3110 4258 se
3157 4203 3337 4273 ipsum
3391 4202 3609 4274 requie-

2033 4306 2220 4353 scens,
2253 4307 2378 4345 cum
2408 4293 2624 4347 insidiis
2646 4303 2700 4348 et
2724 4308 2913 4349 morsu
2937 4296 3212 4366 serpentis
3236 4296 3471 4351 collatus
3499 4303 3606 4350 est.

2036 4378 2185 4435 Talis
2220 4380 2472 4451 quasdam
2511 4381 2671 4437 nobis
2710 4381 2855 4437 facta
2887 4390 2974 4439 est
3011 4384 3340 4440 acerborum
3380 4398 3611 4439 casuum

2034 4473 2381 4527 continuatio
2415 4492 2427 4528 :
2468 4481 2521 4526 et
2572 4475 2645 4527 ita
2675 4482 2881 4529 mutuae
2908 4474 3155 4530 tristium
3192 4489 3377 4530 rerum
3404 4514 3419 4538 ,
3454 4488 3612 4528 exsu-

2036 4564 2287 4633 perantia
2337 4581 2553 4635 semper
2594 4565 3006 4622 advenientium
3034 4605 3050 4629 ,
3088 4565 3479 4622 successiones
3525 4567 3612 4620 vi-

2032 4656 2235 4711 dentur
2288 4665 2412 4727 post
2466 4674 2636 4728 parva
2690 4660 3057 4729 przecedentia
3108 4673 3234 4714 esse
3271 4666 3492 4728 paratae.
3550 4658 3610 4713 Si

2033 4757 2217 4804 autem
2255 4765 2425 4819 grave
2460 4766 2570 4803 non
2608 4760 2730 4815 est,
2767 4753 3074 4806 molestiam
3108 4750 3190 4806 eis
3217 4750 3309 4821 qui
3346 4750 3611 4805 adaman-

2032 4849 2145 4904 tur,
2190 4842 2243 4894 in
2283 4842 2496 4895 tetricis
2530 4842 2942 4898 narrationibus
2977 4842 3277 4912 gratiﬁcari
3303 4886 3316 4907 ,
3352 4842 3610 4897 miseram

2033 4930 2331 4985 historiam
2365 4932 2465 4984 tibi
2520 4933 2713 5000 paucis
2746 4948 3039 5001 exponam.
3091 4931 3265 4987 Soror
3290 4940 3411 4987 erat
3447 4932 3611 4987 nobis

2035 5021 2163 5075 vita:
2216 5021 2521 5090 magistra;
2573 5036 2693 5091 quae
2744 5028 2868 5091 post
2924 5030 3150 5075 matrem
3203 5022 3362 5076 nobis
3408 5030 3610 5089 mater,

2036 5119 2249 5165 tantum
2294 5111 2527 5164 habebat
2574 5113 2639 5164 ad
2691 5109 2861 5166 Deum
2918 5111 3240 5165 interiorem
3274 5127 3607 5180 accessum,

2038 5215 2097 5258 ut
2129 5215 2183 5259 et
2214 5203 2383 5257 turris
2418 5205 2577 5260 nobis
2601 5213 2748 5259 esset
2775 5203 3115 5258 fortitudinis
3144 5212 3196 5259 et
3222 5204 3382 5259 bonre
3416 5206 3615 5260 volun-

2039 5296 2166 5348 tatis
2193 5301 2497 5355 armatura,
2524 5295 2689 5349 sicuti
2720 5296 2795 5348 ait
2832 5293 3128 5364 Scriptura
3156 5281 3310 5362 “,et
3332 5297 3465 5353 urbs
3494 5312 3615 5351 mu-

2038 5385 2287 5448 nitionis,
2321 5392 2375 5439 et
2424 5400 2585 5440 omne
2619 5386 2802 5439 tutela:
2834 5401 3031 5439 nomen
3061 5403 3076 5450 ;
3117 5396 3338 5456 propter
3365 5402 3490 5441 eum
3519 5390 3614 5457 qui

2038 5477 2142 5548 ipsi
2175 5493 2241 5531 ex
2270 5477 2394 5545 ejus
2426 5477 2536 5530 vita
2571 5477 2782 5542 aderat,
2815 5493 3098 5533 accessum
3136 5479 3203 5533 ad
3227 5479 3418 5534 Deum.
3455 5480 3613 5535 lneo-

2043 5570 2187 5625 lebat
2224 5579 2407 5627 autem
2462 5569 2624 5627 Ponti
2678 5582 2961 5637 extrema,
3031 5586 3156 5627 cum
3217 5589 3283 5631 ex
3327 5574 3620 5649 hominum

428 5777 471 5811 ”
502 5777 692 5832 Amos.
716 5792 767 5846 ν,
806 5774 890 5830 l9.
972 5775 1184 5832 “Psal.
1216 5778 1388 5847 “,3;
1427 5793 1475 5845 ν,
1515 5776 1603 5847 15,
1650 5794 1774 5846 xxx,
1813 5777 1913 5847 25;
1950 5794 2080 5848 cvn,
2120 5780 2205 5834 11.
