4068 6154
548 358 688 415 i075

1833 353 1889 407 S.
1926 352 2250 409 GREGORII
2289 352 2585 409 NYSSENI

3681 359 3809 413 1076

551 474 807 543 convictu
839 485 1071 543 prorsus
1120 468 1468 540 emigrasset.
1516 469 1736 526 Chorus
1771 480 1891 525 erat
1922 473 2133 527 circum

2236 469 2303 525 ἂν
2339 473 2570 543 πρᾶγμα
2603 471 2697 525 καὶ
2736 471 3033 544 ὀφθαλμοῖς
3081 473 3495 546 ἀπιστούμενον,
3529 475 3707 547 σάρκα
3740 479 3807 545 μὴ

548 574 727 641 ipsam
762 565 1033 634 virginum
1086 563 1318 618 mullus.
1355 562 1505 628 Quas
1536 564 1655 634 ipsa
1689 564 1929 634 spiritali
1964 573 2127 634 partu

551 659 767 737 genitas
797 655 862 708 ad
890 668 1106 707 morum
1139 668 1363 723 quoque
1389 652 1783 722 perfectionem
1825 654 1973 707 omni
1996 667 2131 707 cura

551 748 898 811 adducebat,
936 745 1257 816 angelorum
1309 744 1478 799 vitam
1514 744 1569 798 in
1617 745 1859 799 humano
1901 759 2134 814 corpore

549 839 785 892 imitata.
833 835 1054 890 Nullum
1111 835 1168 888 in
1204 847 1266 886 ea
1303 834 1602 897 discrimen
1650 843 1768 889 erat
1804 834 1986 888 noctis
2012 876 2027 899 ,
2079 841 2134 889 et

548 932 680 984 diei.
722 928 829 983 Sed
866 937 918 984 et
961 944 1069 983 nox
1113 928 1255 983 lucis
1287 926 1551 1003 operibus
1598 940 1833 995 operosa
1866 925 2129 980 ostende-

548 1023 758 1088 batur;
801 1031 854 1076 et
876 1022 997 1076 dies
1030 1029 1361 1074 nocturnam
1393 1019 1635 1088 quietem
1670 1018 1835 1073 nullis
1863 1018 1985 1071 vita:
2009 1025 2129 1070 tur-

548 1113 634 1167 bis
676 1113 993 1166 simulabat.
1040 1112 1241 1167 Vocalc
1267 1110 1501 1165 habebat
1538 1110 1656 1181 ipsa
1697 1110 1847 1164 omni
1885 1116 2130 1177 tempore

2235 561 2500 631 ζητοῦσαν
2524 563 2593 615 τὰ
2620 561 2746 615 ίδιαο
2778 563 3039 635 γαστέρα,
3068 563 3318 635 καθάπερ
3343 566 3436 619 ἐπὶ
3456 564 3556 633 τῆς
3584 566 3808 618 ἀναπά-

2237 670 2372 715 σεως
2414 653 2812 723 ὑποπτεύομεν,
2843 654 2980 725 πρὸς
3028 653 3127 719 τὰς
3154 655 3362 719 οἰκείας
3388 656 3566 726 ὁρμάς
3608 673 3807 725 κατηρ-

2235 745 2481 816 γημένην
2500 763 2511 775 ·
2542 744 2791 817 δακρύων
2825 746 3045 810 λιϐάδας
3083 748 3219 819 πρὸς
3250 749 3312 801 τὸ
3342 749 3442 818 τῆς
3475 747 3689 810 πόσεως
3720 748 3808 816 μέ-

2236 854 2363 908 τρον
2394 836 2793 907 ἐξησκημένας
2828 838 3000 907 στόμα
3034 838 3270 909 μελετῶν
3300 839 3473 892 διόλου
3507 839 3600 893 τὸν
3629 839 3802 907 νόμον

2237 929 2406 1000 ἀκοὴν
2434 933 2546 993 τοῖς
2577 930 2740 993 θείοις
2776 930 3158 999 σχολάζουσανο
3191 933 3346 1001 χεῖρα
3381 931 3519 1002 πρὸς
3545 930 3646 993 τὰς
3667 932 3806 982 ἐντο-

2237 1022 2335 1085 λὰς
2386 1022 2708 1092 ἀεικίνητον.
2761 1023 2872 1075 Καὶ
2920 1023 3036 1086 πῶς
3077 1023 3141 1077 ἄν
3192 1040 3272 1086 τις
3325 1023 3417 1075 ὑπ’
3466 1022 3587 1091 ὄψιν
3623 1022 3806 1090 ἀγάγοι

2241 1115 2471 1182 πρᾶγμα
2501 1113 2825 1183 ὑπερϐαῖνον
2851 1113 2953 1185 τὴν
2978 1113 3067 1167 διὰ
3093 1114 3200 1167 τῶν
3227 1114 3402 1184 λόγων
3429 1115 3680 1185 γραφήνς

549 1209 932 1278 domicilium,
998 1216 1162 1263 noctu
1219 1207 1567 1277 interdiuque
1620 1207 1797 1260 sacris
1851 1206 2107 1260 cantibus
2146 1208 2591 1263 circumsonans.
2653 1207 2884 1263 Videres
2942 1225 3056 1263 rem
3108 1209 3191 1265 vel
3235 1209 3341 1263 sub
3371 1206 3807 1263 oculisincredi-

547 1301 751 1365 bilem:
787 1316 1007 1355 carnem
1042 1300 1263 1370 propria
1302 1315 1408 1353 non
1444 1306 1818 1369 quaerentem;
1851 1306 2121 1362 ventrem,
2163 1306 2325 1367 prout
2361 1314 2427 1353 ex
2458 1298 2579 1368 ejus
2604 1298 2958 1353 demolitione
2995 1300 3367 1368 suspicamur,
3398 1313 3428 1351 a
3499 1296 3624 1352 suis
3691 1310 3812 1364 prc-

548 1396 687 1474 pz-iis
715 1395 1152 1465 appetitionibus
1182 1393 1911 1465 vacantem;laerymarum
1977 1401 2167 1465 guttas
2240 1393 2309 1448 ad
2365 1402 2529 1463 potus
2591 1409 2907 1449 mensuram
2958 1395 3276 1459 exercitas;
3337 1409 3400 1449 os
3452 1392 3686 1447 omnino
3736 1391 3809 1444 le-

548 1506 671 1570 gem
730 1489 1038 1557 meditans;
1104 1491 1351 1545 auditum
1424 1491 1631 1548 divinis
1695 1492 1863 1547 rebus
1932 1500 2264 1561 vacantem;
2350 1510 2577 1549 manum
2640 1497 2708 1550 ad
2803 1494 3067 1549 mandata
3122 1494 3331 1565 jugiler
3386 1491 3674 1547 mobilem.
3750 1485 3809 1540 Et

549 1598 791 1651 quanam
837 1584 1053 1639 ratione
1086 1584 1214 1654 quis
1246 1585 1350 1639 sub
1384 1594 1671 1656 aspectum
1714 1602 1829 1641 rem
1865 1586 2138 1642 adducere
2210 1588 2386 1661 possit
2438 1590 2711 1646 sermonis
2757 1588 3187 1660 descriptionem
3263 1602 3492 1659 prorsus
3542 1596 3803 1653 superer

552 1679 838 1747 cedentem
861 1678 885 1731 ’ί

621 1815 918 1886 Postquam
958 1816 1124 1889 igitur
1150 1833 1180 1872 a
1204 1818 1361 1874 vobis
1394 1819 1458 1873 ad
1493 1819 1848 1890 Cappadoces
1888 1820 2126 1891 primum
2162 1824 2204 1882 Β

549 1909 799 1975 constiti,
833 1908 1082 1978 quaedam
1130 1911 1198 1966 de
1247 1926 1311 1966 ea
1367 1911 1580 1967 auditio
1624 1928 1725 1967 nos
1766 1914 2127 1983 perturbavit.

550 1999 751 2056 Decem
789 2001 971 2056 adhuc
1005 2002 1220 2057 dierum
1258 2004 1583 2059 intermedia
1615 2005 1703 2059 via
1739 2014 1878 2060 erat.
1912 2005 2130 2059 Etcum

550 2090 696 2145 hanc
736 2105 954 2145 omnem
980 2131 993 2155 ,
1032 2101 1300 2161 quantum
1350 2093 1464 2147 fieri
1509 2094 1724 2163 potuit,
1776 2094 2132 2150 festinatione

548 2178 931 2249 perfecissent,
966 2180 1034 2235 ad
1059 2181 1294 2236 Pontum
1335 2183 1530 2238 adsum
1560 2200 1574 2234 :
1608 2193 1661 2238 et
1694 2185 1930 2255 inspexi,
1968 2196 2023 2241 et
2054 2187 2132 2240 in-

551 2277 775 2337 spectus
815 2269 916 2324 fui.
959 2270 1028 2324 At
1074 2287 1208 2327 vero
1252 2272 1715 2342 quemadmodum
1772 2275 1820 2328 si
1862 2275 1989 2345 quis
2033 2292 2133 2346 per

547 2358 841 2414 meridiem
886 2359 990 2415 iter
1024 2360 1237 2417 habens
1284 2362 1403 2417 sole
1435 2377 1667 2433 corpore
1695 2365 2127 2436 circumseptus,

550 2451 620 2506 ad
647 2452 938 2521 quemdam
968 2452 1173 2509 fontem
1198 2469 1521 2519 accurrens,
1559 2457 1716 2536 prius
1740 2474 1904 2528 quam
1929 2474 2127 2529 aquam

553 2543 811 2614 attingat,
838 2545 993 2613 prius
1013 2559 1175 2614 quam
1202 2544 1445 2615 linguam
1464 2546 1786 2617 refrigeret,
1811 2548 2126 2615 confestim,

551 2634 656 2701 ipsi
687 2634 965 2689 exsiccato
1010 2632 1182 2701 fonte,
1216 2636 1496 2706 pulverem
1530 2637 1780 2692 effectam
1821 2654 2018 2708 aquam
2054 2639 2132 2693 in-

550 2725 774 2793 veniat;
826 2726 898 2779 ita
930 2711 987 2781 et
1020 2727 1172 2796 ipse,
1216 2742 1341 2781 cum
1393 2743 1511 2783 eam
1562 2744 1727 2797 quam
1776 2730 2128 2800 exoptabam,

553 2832 675 2885 quae
710 2817 903 2874 matris
929 2818 1053 2873 loco
1095 2819 1228 2873 mihi
1261 2829 1315 2875 et
1359 2800 1639 2892 magistra:
1686 2830 1743 2876 et
1785 2821 1915 2876 boni
1948 2821 2131 2878 onmis

551 2916 691 2970 erat,
726 2923 872 2963 anno
906 2910 1122 2965 decimo
1159 2928 1439 2969 cernerem
1465 2953 1481 2978 ,
1526 2913 1682 2984 prius
1710 2929 1873 2983 quam
1907 2914 2130 2970 deside-

552 3001 695 3053 rium
737 3001 1053 3072 expleretur
1079 3042 1094 3064 ,
1136 3006 1301 3059 tertia
1339 3005 1427 3060 die
1465 3006 1543 3060 illi
1573 3008 1856 3076 parentavi
1881 3049 1895 3073 ,
1922 3016 1977 3062 et
2005 3008 2131 3062 inde

552 3094 775 3149 diverti.
805 3094 1131 3164 l’lujusmodi
1159 3098 1294 3151 mihi
1326 3096 1551 3153 fuerunt
1584 3097 1746 3167 primi
1778 3098 1970 3169 patrim
2005 3108 2129 3168 post

2316 1818 2530 1890 Ἐπειδὴ
2559 1819 2736 1872 τοίνυν
2764 1817 2998 1885 ἐπέστην
3032 1816 3160 1887 παρ’
3196 1813 3349 1885 ὑμῶν
3374 1815 3485 1876 τοῖς
3505 1798 3811 1866 Καππαδόσ

2232 1929 2376 1975 καις,
2409 1910 2571 1975 εὐθύς
2621 1928 2706 1973 τις
2742 1910 2889 1980 ἡμᾶς
2928 1909 3064 1980 ἀκοὴ
3115 1908 3242 1979 περὶ
3283 1906 3454 1975 αὐτῆς
3506 1901 3807 1976 διετάραξε.

2230 2003 2373 2055 Δέκα
2401 1998 2468 2073 ἦν
2500 2000 2722 2073 ἡμερῶν
2744 2001 2831 2055 διὰ
2855 2003 2947 2054 τού
2983 2000 3154 2072 μέσου
3182 1999 3299 2063 ὁδός
3319 2016 3332 2030 ·
3362 2000 3455 2051 καί
3481 1998 3693 2067 ταύτην
3719 1998 3810 2049 τιᾶ-

2233 2110 2331 2144 σαν
2356 2092 2446 2145 διὰ
2476 2091 2576 2161 τῆς
2608 2092 2962 2163 ἐνδεχομένης
3000 2090 3260 2156 ἐπείξεως
3284 2090 3559 2153 διανύσας,
3590 2092 3806 2158 γίνομαι

2230 2184 2372 2238 κατὰ
2395 2184 2485 2238 τὸν
2516 2184 2742 2238 Πόντον·
2782 2185 2876 2237 καὶ
2898 2180 3058 2249 εἶδον,
3094 2185 3185 2237 καὶ
3215 2182 3422 2254 ὤφθην.
3463 2182 3603 2234 Ἀλλ’
3632 2181 3810 2251 ῶσπερ

2230 2278 2381 2340 εἴτις
2410 2276 2498 2330 διὰ
2534 2276 2881 2348 μεσημϐρίαν
2912 2276 3108 2330 ὁδεύων
3151 2274 3529 2347 καταφραγεὶς
3569 2273 3653 2343 τῷ
3685 2274 3811 2344 ἡλίῳ

2228 2368 2289 2421 τὸ
2321 2368 2480 2436 σῶμα
2516 2370 2607 2421 ἐπί
2633 2385 2755 2421 τινα
2790 2370 2997 2439 κρήνην
3026 2367 3375 2438 ἀναδραμὼν,
3411 2368 3541 2437 πρὶν
3575 2364 3804 2434 ἐπιψαῦ·

2232 2474 2322 2510 σαι
2343 2457 2438 2510 τοῦ
2467 2455 2680 2521 ὓδατος,
2714 2458 2844 2527 πρὶν
2867 2456 3171 2526 καταψύξαι
3191 2456 3287 2527 τὴν
3307 2456 3579 2525 γλῶσσαν,
3601 2454 3811 2525 ἀθρόως

2230 2547 2379 2617 αὐτῷ
2396 2550 2494 2619 τῆς
2516 2550 2697 2620 πηγῆς
2726 2548 2896 2619 ὑποξη
2907 2549 3213 2620 ρανθείσης,
3247 2549 3393 2602 κόνιν
3417 2547 3565 2618 εὖροι
3588 2547 3656 2599 τὸ
3675 2546 3813 2615 ὕδωρ

2230 2641 2518 2710 γενόμενον
2538 2658 2551 2672 ο
2578 2639 2721 2694 οὕτω
2747 2640 2842 2694 καὶ
2870 2640 3035 2705 αὐτὸς
3062 2639 3291 2711 ἐνιαυτῷ
3318 2639 3529 2709 δεκάτῳ
3561 2638 3668 2708 τὴν
3700 2637 3814 2690 ἀντὶ

2235 2731 2444 2803 μητρός
2496 2749 2583 2802 μοι
2623 2733 2719 2785 καὶ
2758 2730 3076 2784 διδασκάλου
3113 2731 3208 2783 καὶ⁹
3245 2730 3446 2793 παντὸς
3484 2728 3697 2797 ἀγαθοῦ
3724 2745 3815 2780 πο-

2231 2821 2500 2893 θουμένην
2536 2821 2679 2884 ἰδὼν,
2717 2822 2846 2893 πρὶν
2877 2821 3273 2894 ἀποπληρῶσαι
3298 2822 3390 2875 τὸν
3412 2820 3600 2887 πόθον,
3636 2822 3813 2891 ἡμέρᾳ.

2229 2915 2388 2987 τρίτῃ
2428 2915 2696 2979 κηδεύσας
2727 2915 3085 2986 ὑπέστρεφον.
3122 2913 3306 2967 Ταῦτά
3355 2930 3444 2983 μοι
3484 2912 3589 2981 τῆς
3624 2912 3814 2983 πατρί-

2230 3004 2318 3069 δος
2348 3005 2485 3074 μετὰ
2519 3007 2614 3075 τὴν
2638 3005 2894 3059 ἐπάνοδόν
2919 3023 3020 3076 μου
3037 3004 3136 3074 τὴν
3155 3003 3215 3068 ἐξ
3243 3003 3576 3073 Ἀντιοχείας
3595 3003 3663 3056 τά
3681 3004 3812 3054 εἰσιο

2230 3096 2411 3167 τήρια.
2433 3092 2567 3147 Εἶτά
2600 3112 2689 3167 μοι
2708 3096 2837 3165 πρὶν
2854 3094 3268 3164 καταπεφθῆναι
3300 3093 3399 3163 τὴν
3421 3093 3733 3164 συμφορὰν,
3768 3093 3814 3144 oi

552 3187 790 3240 reditum
847 3202 1029 3243 meum
1086 3204 1151 3243 ex
1211 3189 1503 3244 Antiochia
1556 3192 1864 3261 ingressus.
1919 3190 2128 3247 Deinde

2233 3184 2593 3258 πρό[σ]χωροι
2626 3186 2726 3256 τῆς
2743 3187 2879 3256 ἐμῆς
2896 3185 3218 3256 Ἐκκλησίας
3229 3185 3486 3247 Γαλάται,
3507 3184 3572 3237 τὸ
3588 3183 3814 3254 σύνηθες

551 3285 847 3342 antequam
881 3274 996 3330 haec
1036 3274 1091 3330 in
1137 3292 1223 3332 me
1258 3279 1658 3349 decoqueretur
1688 3281 1976 3336 calamitas
2000 3324 2015 3349 ,
2048 3297 2132 3338 ac-

553 3366 690 3419 colae
718 3363 976 3421 Ecclesiae
1008 3383 1142 3423 mea:
1180 3366 1387 3425 Galatae.
1434 3378 1760 3426 consuetum
1797 3371 1929 3441 ipsis
1959 3371 2134 3428 haere-

552 3473 675 3513 sum
709 3461 964 3515 morbum
995 3461 1374 3533 compluribus
1414 3463 1470 3517 in
1522 3478 1655 3518 meae
1701 3463 1964 3519 Ecclesia:
1994 3465 2131 3521 locis

551 3548 789 3603 latenter
838 3549 1200 3607 subserentes
1226 3590 1240 3615 ,
1299 3560 1583 3609 certamen
1614 3554 1747 3609 mihi
1782 3555 2133 3625 praebuerunt

552 3656 663 3694 non
694 3641 990 3710 exiguum,
1037 3651 1098 3697 ut
1148 3644 1375 3700 omnino
1410 3644 1503 3700 Dei
1539 3660 1640 3716 ope
1671 3661 1815 3716 aagre
1864 3647 2130 3701 valuerim

550 3750 619 3786 ex
660 3733 828 3787 animi
882 3736 1180 3791 alllictione
1227 3737 1341 3790 vita
1400 3738 1631 3793 servari.
1681 3738 1875 3794 Postea
1911 3739 1979 3793 ad
2017 3741 2132 3793 ha'c

553 3825 684 3877 alia.
720 3824 880 3881 lbora
926 3828 1125 3883 civitas
1170 3838 1257 3883 est
1288 3829 1354 3883 ad
1397 3827 1552 3884 Ponti
1589 3829 1834 3885 conﬁnes
1863 3831 2129 3896 habitata,

552 3915 621 3968 ad
654 3931 756 3970 nos
791 3933 856 3972 ex
898 3919 1131 3988 antiquo
1158 3927 1429 3988 tempore,
1472 3928 1526 3974 et
1548 3919 1617 3973 ad
1654 3921 1931 3998 salubrem
1969 3920 2130 3974 [idem

553 4021 845 4081 propensa.
877 4008 1014 4062 Cum
1046 4025 1177 4063 vero
1213 4010 1301 4064 ille
1339 4011 1432 4080 qui
1482 4009 1551 4063 ad
1595 4010 1715 4079 ejus
1755 4026 1945 4065 curam
1991 4011 2133 4065 invi-

552 4098 795 4168 gilabat,
836 4113 1030 4155 recens
1060 4116 1090 4155 e
1122 4101 1231 4155 vita
1278 4101 1608 4165 excesserit,
1653 4103 1721 4156 ab
1745 4103 2003 4158 universo
2036 4119 2133 4172 po-

555 4190 687 4259 pulo
743 4191 1048 4260 legationes
1107 4194 1175 4248 ad
1226 4209 1327 4249 nos
1379 4193 1776 4262 mittebantur,
1831 4211 1900 4251 ne
1956 4197 2129 4266 ipsam

553 4282 867 4351 despectum
898 4282 1226 4339 haberemus
1252 4285 1509 4340 manibus
1536 4285 1983 4341 adversariorum
2011 4302 2133 4356 pro-

552 4374 724 4429 ditam
746 4374 1172 4429 dilacerandam.
1199 4374 1339 4429 Hinc
1366 4377 1641 4446 lacrymae,
1667 4391 1852 4442 casus,
1873 4377 2129 4445 gannitus,

552 4466 916 4536 precationes.
962 4465 1157 4521 Omnia
1202 4466 1318 4521 hanc
1356 4482 1421 4522 ea
1468 4476 1636 4531 sunt,
1671 4484 1768 4537 per
1798 4483 1922 4538 quae
1968 4468 2127 4524 nobis
2160 4486 2205 4541 ι)

551 4556 904 4626 praesentium
948 4558 1217 4612 malorum
1267 4558 1410 4611 facta
1466 4565 1553 4613 est
1605 4559 1965 4612 consectatio.
2023 4557 2126 4613 Ubi

552 4646 734 4705 autem
780 4651 928 4705 circa
961 4648 1197 4705 Pontum
1228 4665 1451 4705 eramus
1476 4689 1491 4713 ,
1526 4657 1582 4704 et
1609 4650 1757 4704 circa
1793 4650 1972 4704 locum
1998 4650 2130 4705 illuc

553 4742 919 4807 pertinentem
945 4741 1188 4811 ipsorum
1213 4743 1470 4797 Ecclesiae
1486 4756 1674 4797 curam
1696 4743 2125 4810 susceperimus,

549 4830 647 4885 Dei
696 4846 867 4900 opera
925 4843 979 4887 et
1031 4833 1239 4887 auxilio
1287 4833 1451 4889 simul
1505 4833 1788 4901 adjuncto,
1836 4833 2019 4886 statim
2054 4833 2127 4888 ibi

552 4932 937 4991 assequuntur
981 4940 1084 4978 nos
1120 4923 1319 4979 similis
1350 4924 1568 4995 generis
1594 4924 1902 4993 legationes
1925 4966 1940 4989 ,
1968 4940 1999 4978 a
2028 4925 2126 4979 Se-

624 5096 739 5170 (90)
774 5098 984 5170 Ἴϐωρα
1012 5102 1190 5167 πόλις
1219 5102 1370 5155 ἐστι.
1397 5101 1529 5168 Qua:
1561 5104 1632 5158 sit
1656 5102 1967 5169 huiusmodi
1995 5105 2132 5157 civi-

553 5179 659 5244 tas.
706 5169 843 5225 Satis
869 5169 1153 5244 Nyssenus
1186 5172 1403 5244 definit.
1428 5172 1501 5226 De
1533 5188 1595 5227 ea
1621 5175 1762 5244 apud
1794 5176 2135 5244 geographize

552 5240 855 5313 sgﬁriptores
910 5240 1250 5313 _tnentior_t_em
1315 5242 1518 5295 nullam
1571 5240 1847 5312 propriam
1894 5240 2129 5313 inspexi.

551 5308 686 5381 biisi’
717 5310 762 5365 si
797 5325 861 5381 ea
909 5308 1094 5381 [borea
1133 5310 1508 5380 llelletmponti
1548 5308 1743 5367 civitas
1789 5323 1894 5380 est,
1929 5308 2132 5381 quaaa

552 5378 928 5435 Constantino
1005 5378 1457 5450 Porphyrogenn.
1519 5383 1693 5435 'I‘Item.
1749 5381 1804 5436 2.
1857 5378 2131 5437 memora-

555 5457 687 5523 tur:
722 5450 883 5523 cujus
919 5450 1084 5523 urbis
1114 5453 1344 5505 antistes
1382 5451 1760 5523 I’antnphylus
1785 5454 2131 5523 subsignavit

557 5517 1019 5594 decretisconcil.
1046 5517 1576 5594 gonstantinopolit.
1610 5517 1653 5574 ιζ
1674 5522 1921 5594 Namque
1946 5517 2067 5594 ipsa
2100 5539 2130 5577 a

557 5584 864 5643 Justiniano
902 5588 1110 5644 Novell.
1154 5591 1244 5652 ‘28,
1275 5599 1328 5644 et
1359 5584 1434 5644 ali
1469 5590 1721 5645 llicroCIe
1757 5584 1909 5647 Ibora
1951 5584 2132 5646 nomi-

560 5665 747 5730 natur.
782 5657 846 5711 Et
875 5657 1324 5728 llcllenopoutus,
1362 5660 1899 5730 seuillelcnopontus
1928 5664 2130 5717 dicitur

561 5734 613 5796 et
647 5725 869 5801 Ponttts
910 5746 923 5780 :
967 5730 1073 5783 imo
1102 5725 1237 5797 pars
1269 5729 1614 5801 etiamponti
1657 5725 1876 5799 putatur
1917 5750 1950 5801 ει
1995 5749 2129 5785 non-

565 5796 752 5859 nullis.
787 5797 966 5858 Quarc
1003 5796 1121 5853 non
1149 5801 1368 5855 obstare
1403 5796 1789 5871 videtur,'quo
1838 5796 2016 5858 minus
2063 5818 2124 5858 ea

2235 3279 2419 3342 αὐτοῖς
2478 3279 2608 3350 περὶ
2655 3278 2753 3341 τὰς
2804 3278 3049 3352 αἱρέσεις
3116 3277 3482 3349 ἀρρώστημα,
3533 3274 3805 3345 πολλαχοῦ

2233 3369 2333 3439 τῆς
2356 3369 2492 3440 ἐμῆς
2526 3369 2852 3440 Ἐκκλησίας
2872 3369 3015 3423 κατὰ
3042 3367 3103 3422 τὸ
3122 3368 3344 3439 λεληθὸς
3358 3370 3812 3440 ὑποσπείραντες,

2234 3458 2421 3527 ἀγῶνα
2456 3459 2729 3530 παρέσχον
2769 3460 2830 3511 οὐ
2859 3459 3072 3530 μικρὸν,
3097 3458 3238 3513 ὥστε
3262 3457 3540 3528 πανταχοῦ
3573 3458 3667 3512 διὰ
3686 3457 3813 3512 Θεὸν

2237 3552 2397 3623 μόγις
2428 3550 2688 3621 ἐξίσχυσα
2732 3550 3114 3621 περιγενέσθαι
3153 3549 3250 3603 τοῦ
3289 3550 3517 3613 πάθους.
3556 3546 3692 3604 Εἶτα
3726 3549 3813 3601 ἐπὶ

2233 3645 2442 3707 τούτοις
2478 3643 2630 3698 ἄλλα·
2670 3643 2874 3714 Ἰϐωρα
2905 3643 3059 3707 πόλις
3089 3644 3205 3695 ἐστὶ
3231 3642 3343 3714 (90)
3372 3645 3484 3706 τοῖς
3516 3642 3694 3713 ὁρίοις
3724 3639 3812 3694 τοῦ

2234 3738 2435 3790 Πόντου
2472 3735 2880 3807 κατῳκισμένη,
2927 3734 3128 3805 ἔχουσα
3156 3733 3293 3805 πρὸς
3322 3736 3470 3805 ἡμᾶς
3495 3732 3560 3798 ἐξ
3588 3734 3813 3804 ἀρχαίου

2233 3829 2327 3881 καὶ
2373 3828 2509 3898 πρὸς
2558 3827 2907 3895 ὑγιαίνουσαν
2952 3826 3136 3879 πίστιν
3181 3825 3514 3899 ἐπιρρητῶς.
3570 3827 3686 3879 Καὶ
3726 3824 3812 3876 τοῦ

2233 3918 2658 3981 ἐπισκοποῦντος
2704 3917 2872 3988 αὐτὴν
2922 3917 3252 3986 προσφάτως
3305 3916 3695 3981 ὑπεξελθόντος
3729 3918 3812 3968 τὸν

2236 4010 2368 4081 βίον,
2403 4009 2675 4080 πανδημεὶ
2703 4009 2838 4079 πρὸς
2866 4011 3013 4080 ἡμᾶς
3044 4008 3513 4082 ἐπρεσϐεύσαντο,
3560 4010 3638 4079 μὴ
3670 4025 3812 4073 περι-

2235 4104 2364 4156 ιδεῖν
2392 4101 2559 4172 αὐτὴν
2586 4102 2798 4155 ἔκδοτον
2818 4105 2936 4165 ταῖς
2968 4103 3124 4173 χερσὶ
3151 4101 3258 4155 τῶν
3285 4100 3544 4155 ἐναντίων
3571 4117 3811 4171 σπαρασ-

2235 4193 2485 4264 σομένην.
2517 4193 2758 4263 Δάκρυα,
2797 4192 3197 4263 προσπτώσεις,
3227 4193 3485 4263 οἰμωγαὶ,
3518 4192 3807 4263 ίκετηρίαι,

2233 4283 2412 4336 πάντα
2441 4285 2509 4336 τὰ
2538 4282 2762 4336 τοιαῦτα
2801 4282 2868 4335 δι’
2898 4277 2973 4336 ὧν
3002 4283 3223 4352 ἐγένετο
3258 4284 3391 4353 ἡμῖν
3421 4283 3585 4351 ἡτῶν
3616 4282 3809 4351 παρόν-

2234 4392 2340 4428 των
2369 4374 2553 4428 κακῶν
2596 4372 2905 4427 ἀκολουθία.
2954 4372 3169 4443 Ἐπειδὴ
3195 4374 3302 4446 γὰρ
3340 4371 3647 4443 ἐγενόμεθα
3677 4368 3809 4424 κατὰ

2231 4467 2323 4520 τὸν
2349 4466 2582 4529 Πόντον,
2612 4466 2707 4519 καὶ
2748 4464 2890 4518 κατὰ
2920 4464 3011 4517 τὸν
3040 4467 3386 4536 προσήκοντα
3423 4465 3524 4535 τῆς
3554 4465 3685 4535 παρ’
3721 4463 3809 4515 αὑ-

2233 4563 2344 4624 τοῖς
2388 4559 2713 4630 Ἐκκλησίας
2752 4558 3167 4630 ἐπιμελήθημεν
3197 4558 3309 4628 (9|)
3350 4557 3618 4628 συνεργίᾳ
3657 4554 3804 4607 Θεοῦσ

2237 4654 2398 4717 εὐθὺς
2440 4654 2591 4724 ἡμᾶς
2622 4653 2715 4704 ἐπὶ
2756 4651 2848 4704 τοῦ
2879 4651 3041 4704 τόπου
3089 4650 3608 4721 καταλαμϐάνουσιν
3636 4644 3805 4717 ὁμοιόο

2236 4758 2426 4812 τρόποι
2452 4740 2738 4812 πρεσϐεῖαι
2763 4739 2911 4811 παρᾶ
2935 4740 3027 4793 τοῦ
3058 4740 3293 4811 πλήθους
3312 4738 3421 4791 τῶν
3442 4735 3805 4806 Σεϐαστηνῶν.

2236 4835 2440 4902 φθάσαι
2467 4833 2567 4904 τὴν
2600 4831 2708 4885 τῶν
2742 4832 3036 4902 αἰρετικῶν
3063 4831 3360 4903 ἐπιδρομὴν
3389 4829 3708 4895 ἀξιούντων.
3736 4826 3806 4879 Τὰ

2233 4927 2290 4981 δὲ
2320 4926 2413 4980 ἐπὶ
2454 4925 2665 4988 τούτοις
2700 4925 2912 4994 σιωπῆς
2948 4924 3094 4993 ἄξια,
3140 4926 3234 4978 καὶ
3261 4924 3583 4996 στεναγμῶν
3618 4920 3807 4989 ἀλαλή-

2235 5106 2335 5169 sit;
2367 5108 2512 5174 quod
2550 5105 2846 5176 Gregorius
2881 5107 2934 5161 in
2959 5107 3117 5162 Ponti
3160 5104 3470 5161 confinibus
3503 5113 3695 5174 ponat.

2304 5177 2415 5249 (9|)
2463 5176 2956 5249 Ἐπιμελήθημεν.
2988 5177 3148 5233 Juxta
3176 5178 3599 5249 grammaticam
3638 5177 3806 5245 legem

2232 5245 2361 5299 dum
2397 5245 2830 5317 ἐπεμελήθεμεν.
2866 5247 3079 5317 l’aritcr
3132 5245 3410 5316 superius,
3447 5247 3539 5301 ubi
3578 5259 3662 5317 est
3693 5248 3805 5300 ἐπί-

2234 5332 2385 5385 στην,
2413 5316 2815 5387 cmendandum
2841 5316 2893 5369 id
2916 5326 2999 5370 est
3031 5318 3106 5387 τῷ
3137 5319 3389 5384 ἐπέστην,
3419 5327 3513 5371 aut
3546 5316 3799 5385 ἑφίςτην,

2231 5396 2453 5454 propter
2484 5386 2729 5440 eamdem
2757 5389 3049 5441 rationem.
3079 5386 3488 5440 Advertendum
3546 5402 3680 5439 vero
3715 5402 3802 5439 eo.

2229 5457 2406 5509 dicem
2456 5456 2775 5527 hunc__n0n
2833 5472 2960 5511 raro
3020 5458 3293 5527 negligere
3344 5466 3645 5525 augmenta
3702 5458 3808 5509 haec

2244 5523 2710 5597 verborum._Ubi
2748 5542 2878 5579 vero
2930 5523 3120 5597 paucis
3175 5523 3323 5579 retro
3378 5523 3610 5597 vocibus
3660 5527 3806 5597 adest

2238 5596 2331 5648 καὶ
2369 5595 2507 5667 κατὰ
2538 5595 2627 5667 τὸν
2658 5594 3035 5667 προσήκοντα.
3072 5597 3519 5650 substituendunt
3578 5596 3633 5647 in
3679 5594 3805 5667 defi-

2235 5666 2433 5719 cientis
2466 5666 2620 5719 vocis
2654 5664 2829 5720 vicem’
2873 5667 2935 5719 τὸ
2967 5665 3142 5720 locum
3177 5681 3197 5720 :
3228 5678 3283 5721 et
3313 5681 3455 5733 δευρί)
3487 5664 3801 5733 praepositio

2235 5736 2377 5858 κα¹τῗ
2431 5736 2680 5793 defectus
2722 5735 3041 5807 bujusmodi
3096 5737 3172 5791 ita
3231 5735 3566 5808 supplendos
3621 5734 3805 5793 subire

2235 5820 2386 5858 soe.

2234 5816 2386 5860 SOlCl.
