4068 6154
284 334 287 339 ⁴
359 373 497 430 1077

1510 385 1892 445 ΕΡΙδἸῸΙιίΕ.
1925 422 1994 433 -
2022 389 2240 446 EPIST.
2278 390 2413 445 XIX.

3434 348 3620 436 ’1073

357 525 487 573 των,
517 504 610 558 καὶ
649 503 949 573 κατηφείας
997 504 1298 574 διηνεκοῦς,
1331 507 1425 558 καὶ
1475 506 1704 572 πένθους
1750 509 1849 578 τὴν
1881 512 1946 583 ἐκ
1975 500 2398 571 Α’ὺοειοηοτυτη
2452 469 3170 567 multitudineyadeuntes,
3227 510 3447 569 aequum
3498 512 3622 555 esse

359 597 453 649 τοῦ
482 597 672 668 χρόνου
703 594 854 648 λύσιν
879 596 980 648 οὐκ
1008 596 1383 665 ἀναμένοντος.
1417 596 1497 649 Τὰ
1528 598 1626 667 μὲν
1649 598 1757 673 γὰρ
1782 599 1944 655 λοιπά

359 686 467 740 τῶν
487 687 670 739 κακῶν
692 686 772 756 τῷ
794 686 1148 758 προσεθισμῷ
1169 689 1300 758 ῥᾷον
1322 690 1373 741 οἱ
1397 688 1672 762 ἄνθρωποι
1697 691 1943 764 φέρουσι·

360 778 428 831 τά
453 777 509 830 δὲ
529 776 762 831 ἐνταῦθα
784 778 1024 847 προῖόντι
1050 778 1129 848 τῷ
1144 781 1322 851 χρόνῳ
1348 783 1467 845 ταῖς
1491 782 1810 856 ἐφευρέσεσι
1833 784 1945 855 (92)

360 868 469 921 τῶν
499 868 841 939 ἀηδεστέρων
866 866 1206 934 συναύξεται.
1246 871 1406 926 Ἀλλά
1434 872 1543 944 γὰρ
1562 874 1783 945 γίνομαι
1809 874 1947 944 μετά

361 959 471 1012 τῶν
500 959 704 1014 λοιπῶν
724 960 1037 1014 ἐπισκόπων
1061 961 1170 1014 τῶν
1198 963 1276 1025 είς
1302 962 1433 1016 αὐτὸ
1458 964 1617 1017 τοῦτο
1646 964 1949 1036 συγκεκλη-

369 1051 566 1120 μένων,
602 1051 678 1115 ὡς
723 1049 936 1123 ψήφους
986 1053 1125 1124 ὑπὲρ
1170 1054 1504 1125 χειροτονίας
1550 1055 1860 1126 δεξάμενος,
1911 1059 1944 1128 ἡ

364 1141 545 1210 ψῆφος
572 1141 630 1195 δὲ
661 1142 809 1212 ἥμην
832 1141 961 1211 ἐγώ.
997 1145 1109 1197 Καὶ
1135 1145 1364 1213 ἠγνόουν
1394 1145 1504 1216 (95)
1532 1148 1559 1200 ὁ
1586 1146 1817 1211 δείλαιος
1838 1151 1949 1211 τοῖς

367 1232 607 1304 ἐμαυτοῦ
644 1236 865 1304 πτεροῖς
911 1235 1284 1305 ἁλισκόμενος.
1336 1238 1561 1302 Στάσεις
1592 1239 1684 1291 ἐπὶ
1716 1239 1948 1303 τούτοις,

368 1325 626 1393 ἀνάγκαι,
686 1325 932 1397 δάκρυα,
976 1320 1398 1397 προσπτώσεις,
1453 1330 1713 1398 φυλακαὶ,
1764 1331 1950 1402 τάγμα

371 1418 776 1487 στρατιωτικὸν,
832 1419 926 1471 καὶ
981 1418 1144 1484 αὐτὸς
1204 1421 1233 1472 ὁ
1286 1422 1713 1492 ἐπιτεταγμένος
1766 1421 1951 1487 αὐτοῖς

368 1508 547 1579 κόμης
578 1507 688 1578 (94)
722 1509 843 1563 καθ’
878 1508 1034 1580 ήμῶν
1075 1511 1417 1582 στρατηγῶν,
1452 1514 1545 1567 καὶ
1572 1514 1671 1585 τὴν
1709 1513 1802 1568 τοῦ
1834 1517 1954 1586 ἡγε-

372 1602 533 1670 μόνος
564 1600 882 1666 δυναστείαν
914 1602 1000 1670 ὲφ’
1041 1603 1190 1672 ἡμᾶς
1221 1603 1407 1669 κινῶν,
1441 1605 1535 1657 καὶ¹
1569 1607 1748 1659 πᾶσαν
1777 1607 1949 1678 ἀφορ-

375 1691 481 1763 μὴν
519 1692 654 1764 πρὸς
679 1691 777 1763 τὴν
814 1693 1104 1762 τυραννίδα
1125 1694 1225 1765 τὴν
1246 1693 1368 1748 καθ’
1402 1694 1559 1767 ἡμῶν
1594 1699 1951 1769 συναγείρων.

373 1782 516 1845 ’Ἐως
560 1783 820 1853 ὲνεφῆκεν
848 1784 994 1861 ἡμᾶς
1031 1782 1141 1856 (95)
1171 1787 1285 1849 τοῖς
1329 1785 1690 1851 Βαϐυλωνίοις
1728 1790 1915 1853 κακοῖς
1937 1804 1952 1820 ⁸

373 1874 504 1944 παρ’
532 1868 612 1938 οἷς
635 1852 882 1945 τοσαύτη.
906 1893 988 1939 τις
1016 1852 1238 1946 γέγονεν
1270 1879 1304 1945 ἡ
1349 1878 1478 1948 περὶ
1512 1879 1611 1951 τὴν
1640 1879 1819 1933 πίστιν
1848 1878 1957 1933 τῶν
1988 1852 2032 1913 Β

374 1951 674 2037 ἀνθρώπων
707 1969 771 2021 ὲκ
804 1967 1048 2045 παλαιῶν
1075 1970 1282 2039 χρόνων
1307 1970 1559 2042 διαφορὰ,
1592 1971 1733 2025 ὥστε
1772 1972 1959 2036 αὐτοῖς

375 2060 777 2130 ὲνσκιρωθῆναι
809 2060 909 2131 τὴν
953 2062 1129 2125 νόσον,
1178 2063 1273 2116 καὶ
1316 2064 1598 2118 ἀδιάλυτον
1635 2065 1746 2135 (96)
1784 2060 1956 2117 εἶναι·

373 2150 470 2203 καὶ
503 2150 775 2221 μάχεσθαι
797 2151 933 2223 πρὸς
959 2154 1086 2216 τοὺς
1116 2153 1439 2226 θεραπεύειν
1468 2154 1877 2226 ἐπιχειροῦντας
1897 2155 1961 2208 τὸ

372 2242 569 2306 ῖπάθος.
618 2243 813 2308 Βαθεῖς
852 2246 961 2316 γὰρ
999 2246 1171 2309 ἄλλως
1215 2246 1388 2314 ὄντες,
1435 2248 1528 2301 καὶ
1577 2248 1675 2318 τὴν
1708 2247 1960 2316 γλῶσσαν

376 2332 539 2386 πλέον
572 2332 605 2404 ἢ
644 2328 930 2405 βάρϐαροι,
974 2334 1152 2398 δασεῖς
1188 2351 1247 2387 τε
1276 2335 1375 2405 τὴν
1410 2333 1592 2405 φωνὴν
1631 2335 1725 2387 καὶ
1755 2332 1958 2405 θηριώ-

373 2427 485 2487 δεις
503 2443 515 2455 ·
547 2426 646 2498 τὴν
669 2426 877 2480 δίαιταν
906 2426 1048 2480 κατά
1077 2427 1144 2480 τὰ
1172 2426 1285 2479 δολε
1296 2427 1364 2498 ρὰ
1388 2425 1494 2479 τῶν
1519 2425 1720 2495 Θηρίων
1740 2428 1805 2496 τῇ
1826 2424 1962 2496 πρὸς

374 2517 436 2571 τὸ
464 2517 633 2571 κακὸν
658 2519 963 2591 εὐμηχανίᾳ
989 2518 1159 2581 οὕτως
1191 2519 1541 2590 ὲξήσκηνται,
1574 2518 1650 2581 ὡς
1683 2517 1849 2588 μηδὲν
1868 2517 1963 2570 αύ-

375 2613 486 2673 τοῖς
535 2605 670 2663 εἶναι
719 2610 810 2663 τὸν
855 2611 1220 2682 Ἀρχιμήδηνο
1255 2610 1455 2680 μᾶλλον
1498 2611 1575 2673 δὲ,
1627 2611 1879 2680 Σίσυφον,
1925 2611 1959 2681 ἦ

376 2699 702 2770 Κερκύωνα,
739 2699 771 2770 ἢ
804 2701 1101 2771 Σκείρωνα,
1128 2699 1160 2771 ἢ
1193 2701 1246 2752 εἷ
1283 2716 1436 2761 τινας
1459 2699 1732 2763 τοιούτους
1770 2698 1962 2763 ἄλλους

304 2778 331 2868 ς
380 2792 438 2845 ὲν
458 2776 587 2854 ταῖς
622 2792 886 2862 ἱστορίαις
920 2791 1214 2861 ἀκούομεν.
1255 2791 1329 2844 Τὸ
1364 2790 1462 2861 μὲν
1490 2774 1598 2861 γὰρ
1626 2789 1821 2859 ψεῦδος
1856 2789 1962 2843 πά-

383 2901 482 2955 σης
509 2884 765 2955 ἀληθείας
796 2884 944 2938 ἐστὶν
970 2885 1153 2947 αὐτοῖς
1187 2883 1547 2955 ἑτοιμότερον.
1572 2882 1731 2938 Οὕτω
1754 2883 1810 2936 δὲ
1842 2884 1966 2936 ἐπι-

380 2978 671 3050 θαρσοῦσιν
686 2978 776 3030 ὑπ’
796 2977 1179 3047 ἀναισχυντίας
1198 2975 1276 3047 τῷ
1296 2976 1609 3047 ψεύδεσθαι,
1631 2976 1708 3041 ὡς
1728 2977 1849 3031 οὐδὲ
1868 2976 1962 3030 τοῦ

378 3069 666 3140 ἀληθεύειν
703 3070 752 3123 oi
777 3070 905 3141 περὶ
936 3067 1094 3122 τοῦτο
1124 3068 1364 3139 σφοδροί.
1398 3069 1507 3130 Καὶ
1548 3068 1610 3121 τὸ
1640 3068 1963 3140 ἐλεγχθῆναι

378 3163 513 3232 παρ’
547 3163 732 3226 αὐτοῖς
777 3161 870 3214 ἐπὶ
900 3163 1012 3223 τοῖς
1049 3160 1326 3230 μεγίστοις
1364 3162 1577 3226 κακοῖς,
1614 3159 1838 3232 ἀφορμὴ
1865 3161 1963 3231 τῆς

2048 602 2388 656 censentium
2415 638 2429 661 .
2464 607 2524 653 ut
2552 599 2939 653 haereticorum
2967 591 3340 649 incursionem
3370 596 3624 644 antever-

2048 702 2312 745 teremus.
2347 686 2453 744 Sed
2482 697 2603 757 quae
2642 686 2710 741 ad
2738 686 2870 740 haec
2909 688 3350 754 consequuntur,
3403 677 3626 734 silentio

2048 782 2214 853 digna
2258 786 2427 845 sunt,
2466 785 2520 834 et
2564 777 2871 851 ploratibus
2906 772 3370 831 inenarrabilibus
3395 813 3409 838 ,
3443 770 3627 827 conti-

2049 871 2313 939 nentique
2339 868 2577 923 mo'erore
2602 874 2655 922 et
2693 867 2864 930 luctu,
2895 865 2991 936 qui
3022 864 3402 921 remissionem
3432 877 3463 917 a
3500 869 3632 917 tem-

2050 976 2184 1033 pore
2227 956 2459 1015 minime
2504 958 2881 1029 prestolatur.
2924 954 3060 1010 Nam
3096 955 3313 1025 reliqua
3358 952 3631 1035 malorum

2052 1050 2413 1129 assuetudine
2458 1051 2681 1120 quidem
2731 1048 2894 1104 facile
2941 1046 3194 1103 homines
3247 1045 3469 1111 ferunt;
3510 1057 3633 1113 quae

2053 1152 2235 1199 autem
2255 1143 2356 1219 hic
2384 1132 2696 1214 sequuntur
2725 1139 2849 1196 cum
2878 1138 3258 1197 invasionibus
3286 1137 3634 1193 acerbiorum

2052 1251 2281 1299 rerum,
2356 1234 2689 1304 praecedenti
2745 1228 2976 1301 tempori
3032 1235 3192 1283 aucta
3256 1226 3631 1290 cumulantur.

2054 1326 2271 1383 Etenim
2302 1322 2430 1382 cum
2478 1324 2710 1396 reliquis
2757 1321 3005 1378 consisto
3046 1319 3390 1375 antistitibus
3434 1316 3636 1371 adhoc

2053 1420 2233 1490 ipsum
2274 1417 2557 1489 negotium
2599 1414 2958 1481 convocatis,
3004 1414 3088 1468 uti
3123 1411 3219 1483 qui
3260 1408 3521 1480 suffragia
3567 1408 3636 1462 de

2056 1507 2686 1585 antistite‘designando
2740 1506 3129 1577 susciperem,
3197 1509 3252 1557 et
3308 1498 3635 1570 suffragium

2056 1605 2200 1659 inter
2242 1618 2345 1657 nos
2386 1602 2557 1656 latum
2600 1600 2718 1671 ipse
2761 1599 2971 1656 fueram
2996 1637 3010 1662 ,
3062 1611 3128 1652 ac
3168 1595 3430 1666 ignorans
3470 1592 3640 1648 miser

2059 1697 2281 1752 meimet
2331 1694 2509 1764 ipsius
2556 1700 2754 1763 captus
2814 1706 2936 1748 sum
2969 1690 3094 1746 alis.
3147 1687 3459 1744 Seditiones
3486 1693 3641 1756 post-

2058 1786 2194 1853 haec,
2225 1785 2405 1841 aversi
2445 1784 2681 1854 durique
2710 1798 2895 1849 casus,
2921 1784 3198 1854 lacrymae.
3229 1787 3496 1843 terrores,
3535 1791 3637 1832 cu-

2061 1877 2277 1943 stodim,
2308 1877 2456 1932 acies
2478 1876 2755 1943 militaris,
2778 1883 2832 1931 et
2858 1876 2974 1946 ipse
2996 1873 3328 1930 constitutus
3351 1871 3433 1927 eis
3455 1882 3640 1925 comes

2062 1986 2207 2038 sum,
2239 1969 2543 2025 exercitum
2570 1974 2766 2024 contra
2795 1982 2896 2023 nos
2918 1966 3071 2036 ipsos
3102 1965 3312 2020 ducens
3339 1979 3354 2028 ;
3391 1968 3640 2033 potesta-

2062 2072 2284 2134 temque
2328 2062 2489 2117 ducis
2532 2061 2800 2118 adversus
2838 2060 2991 2130 ipsos
3023 2074 3125 2115 nos
3156 2072 3405 2119 movens,
3435 2065 3491 2112 et
3522 2070 3644 2111 om-

2063 2170 2186 2208 nem
2218 2167 2562 2224 congregans
2590 2160 2955 2222 opportunam
2982 2149 3272 2206 materiam
3299 2147 3367 2203 ad
3405 2161 3639 2219 regnum

2063 2252 2257 2301 contra
2324 2260 2425 2300 nos
2484 2243 2861 2300 excitandum.
2920 2241 3144 2299 Interim
3189 2239 3257 2295 ad
3302 2239 3646 2312 Babylonen-

2065 2337 2206 2393 Sium
2253 2335 2439 2391 clades
2482 2334 2717 2391 adversa
2758 2333 2979 2393 fortuna
3035 2348 3139 2390 nos
3187 2331 3464 2387 immisit:
3500 2329 3646 2400 apud

2063 2444 2204 2498 quos
2229 2434 2379 2483 tanta
2415 2425 2666 2495 quaedam
2717 2426 2868 2481 circa
2901 2424 3061 2482 [idem
3102 2424 3173 2480 ab
3220 2438 3305 2490 ea,
3355 2437 3479 2494 quae
3526 2430 3647 2478 erat

2064 2519 2349 2575 hominum
2376 2518 2729 2588 antiquorum
2758 2527 3087 2588 temporum,
3119 2514 3267 2570 facta
3287 2512 3645 2571 estdiﬂeren-

2063 2612 2161 2676 tia,
2193 2618 2253 2664 ut
2276 2609 2503 2665 morbus
2536 2624 2764 2680 prorsus
2792 2609 2847 2664 in
2875 2608 3012 2679 ipsis
3042 2607 3405 2673 obduruerit;
3465 2606 3647 2677 sitque

2064 2703 2467 2760 indissolubilis
2489 2721 2504 2759 :
2538 2701 2677 2758 adeo
2695 2710 2756 2757 ut
2778 2699 2997 2759 affectio
3016 2716 3184 2773 prava
3208 2701 3474 2757 adversus
3491 2713 3648 2754 cura-

2065 2796 2272 2851 tionem
2304 2795 2681 2868 aggredientes
2712 2804 2933 2866 pugnet.
2957 2794 3095 2850 Cum
3124 2795 3272 2850 enim
3299 2792 3520 2864 ingenio
3538 2790 3647 2847 sint

2064 2890 2344 2944 incassum
2366 2887 2623 2957 profundi
2651 2904 2666 2955 ;
2697 2887 2883 2958 lingua
2904 2900 3035 2941 vero
3061 2885 3184 2956 plus
3208 2898 3373 2955 quam
3396 2881 3647 2948 barbari;

2065 2994 2367 3049 vocemque
2423 2978 2650 3035 deusam
2682 2977 2949 3032 habentes
3007 2982 3062 3031 et
3118 2973 3387 3043 ferinam;
3429 2970 3649 3028 vivendi

2067 3072 2333 3127 rationem
2357 3070 2514 3140 juxta
2547 3069 2787 3125 ferarum
2828 3069 2984 3124 dolos
3012 3074 3192 3123 astuta
3218 3065 3286 3122 ad
3316 3065 3522 3121 malum
3562 3078 3646 3119 ar-

1990 3190 2036 3252 c
2069 3170 2121 3217 te
2147 3161 2308 3216 talem
2343 3168 2633 3224 exercent,
2671 3167 2733 3214 ut
2760 3158 2899 3214 nihil
2927 3173 3039 3230 pra.
3064 3158 3204 3229 ipsis
3250 3154 3649 3221 Archimedes,

381 3251 531 3324 παρά
561 3254 674 3315 τοῖς
723 3250 936 3314 πολλοῖς
983 3249 1385 3320 εὐδοκιμήσεως
1417 3249 1627 3317 γίνεται
1651 3266 1665 3279 ⁵
1711 3249 1869 3320 ὕϐρις
1903 3267 1963 3302 τε

2067 3255 2190 3325 plus
2222 3253 2399 3309 dicam
2421 3292 2436 3319 ,
2464 3252 2739 3329 Sisyphus
2756 3253 2846 3319 sit,
2871 3261 2966 3307 aut
2995 3252 3266 3323 Cercyon,
3298 3247 3608 3320 Scironque
3633 3288 3649 3313 ,

381 3346 475 3399 καὶ
501 3343 776 3416 θρασύτης
809 3343 905 3396 καὶ
946 3341 1294 3412 ἀναισθησία,
1330 3341 1482 3411 καὶὴ
1523 3340 1634 3394 τῶν
1659 3341 1965 3411 λεγομένων

382 3433 616 3489 δυσωδία
643 3431 958 3501 πολιτισμὸς
985 3428 1145 3496 εἶναι,
1181 3431 1276 3484 καί
1306 3446 1390 3493 τις
1415 3429 1639 3500 τοιαύτη
1680 3429 1966 3498 φιλοκαλία

385 3525 679 3597 νομίζεται.
714 3524 901 3580 Ταῦτά
948 3540 1028 3576 σοι
1070 3522 1179 3577 ἀπὸ
1222 3521 1430 3577 πολλῶν
1466 3521 1642 3591 ὀλίγα,
1675 3521 1966 3592 φεύγοντες

383 3619 482 3689 τὴν
515 3616 781 3689 ἀμετρίαν
826 3616 923 3686 τῆς
971 3614 1285 3684 ἐπιστολῆς,
1323 3613 1641 3684 ὲξεθέμεθα,
1675 3614 1750 3678 ὡς
1786 3614 1853 3667 ἂν
1890 3615 1965 3685 μὴ

389 3709 656 3781 ρᾳθυμίαν
699 3708 856 3780 ἡμῶν
890 3706 1319 3775 καταγινώσκοις
1362 3705 1425 3757 τὸ
1469 3705 1828 3776 λογογραφεῖν
1874 3706 1969 3757 ἐπὶ

385 3800 479 3856 τοῦ
517 3800 628 3873 (97)
672 3800 767 3854 νῦν
814 3798 1289 3868 ἀναϐαλλομένοις.
1352 3796 1491 3852 Ἀλλ’
1526 3799 1580 3851 εἷ
1628 3815 1709 3850 σοι
1753 3799 1970 3862 πάντως

462 4032 577 4103 (92)
630 4030 1003 4103 Ἐφευρέσεσιί
1033 4030 1281 4103 Graecum
1311 4030 1582 4103 scriptum
1608 4029 1774 4103 habet
1802 4029 1964 4100 ἐφεύ-

390 4099 562 4175 ρεσιν,
603 4099 900 4175 ὲερεύρεσις
930 4100 1039 4153 τῶν
1066 4099 1271 4175 κακῶν,
1306 4101 1624 4175 adiuventio
1655 4100 1921 4154 malorum
1949 4118 1964 4168 ;

386 4166 498 4226 τῶν
527 4166 962 4241 ὲκκλησὶαστῶν,
1000 4180 1056 4241 et
1093 4166 1379 4241 sacrarum
1432 4171 1768 4241 scriptorum
1800 4166 1966 4225 voca?

388 4244 581 4300 bulum
604 4281 619 4304 ,
655 4239 804 4309 quod
847 4241 991 4295 valet
1033 4240 1301 4306 incursio,
1339 4239 1566 4295 invasio'
1603 4239 1842 4295 cladium
1864 4280 1878 4304 ,
1912 4247 1969 4295 et

392 4314 537 4368 male
563 4312 960 4381 intelligeretur
982 4310 1043 4362 τὸ
1073 4309 1217 4363 mala
1247 4326 1363 4380 qua:
1386 4311 1660 4364 inveniunt
1695 4326 1789 4364 nos
1820 4310 1967 4381 sacri

390 4383 541 4445 libri,
578 4396 674 4452 pro
715 4379 859 4434 niala
900 4379 1317 4452 quarreperiunt
1362 4397 1477 4435 nos.
1505 4381 1598 4435 Est
1626 4381 1772 4452 enim
1798 4379 1965 4442 mala,

393 4468 516 4524 quae
549 4450 819 4507 invadunt
850 4466 951 4524 nos
989 4470 1000 4505 :
1032 4451 1181 4524 licet,
1228 4467 1325 4524 n_qs
1351 4452 1612 4524 _invenire
1644 4450 1811 4524 mata,
1839 4464 1968 4524 esse

392 4519 601 4595 possit,
637 4540 733 4577 nos
767 4522 996 4595 reperire
1028 4521 1206 4595 mala,
1250 4520 1443 4595 Vade,
1479 4530 1534 4576 et
1575 4519 1967 4595 venio_eodem

395 4589 561 4649 sensu
605 4594 780 4663 accipi
821 4607 984 4661 posse
1023 4591 1298 4663 interdum
1338 4592 1466 4659 quis
1497 4591 1707 4663 nescit?
1734 4589 1865 4643 Dico
1889 4597 1971 4663 ta?

395 4680 542 4726 men,
571 4660 923 4719 rarissimum
956 4677 1079 4717 esse
1101 4661 1315 4732 invenio
1346 4661 1675 4732 (ὲφευρίσκω
1695 4700 1710 4723 ,
1746 4660 1973 4732 reperio)

398 4749 498 4854 Ριιῗ
527 4734 742 4854 invadi,
770 4732 980 4797 Graec,
1015 4739 1068 4787 et
1100 4729 1313 4800 Latine,
1335 4729 1421 4788 est
1455 4729 1759 4803 ὲπέρχομαι
1785 4729 1976 4800 (venio

398 4821 453 4854 in
501 4843 513 4854 .
546 4820 666 4854 mvu
709 4822 760 4854 ο.

398 4804 513 4870 in).
546 4804 760 4859 invado.

471 4873 584 4941 (93)
619 4873 727 4926 Kal
760 4872 1044 4942 ἠγνόουν.
1079 4872 1359 4929 lborensis
1390 4872 1556 4942 igitur
1577 4871 1810 4942 antistes
1835 4885 1975 4942 quo-

398 4940 506 5012 que
539 4942 640 4996 fuit
676 4942 766 4997 hic
803 4940 1122 5012 Qregorius.
1154 4943 1309 5008 Quod
1333 4940 1483 4997 nunc
1515 4943 1755 5012 primum
1796 4940 1973 5012 histo-

401 5010 533 5067 rieis
575 5028 641 5067 ex
688 5014 789 5066 hac
824 5010 1068 5079 Epistula
1102 5013 1438 5079 innotescet;
1489 5010 1614 5067 cum
1661 5018 1820 5065 antea
1870 5010 1976 5065 hoc

401 5084 534 5137 nulli
574 5083 918 5152 posteritatis
951 5085 1225 5137 memoria:
1264 5082 1707 5137 commendatum
1740 5080 1809 5134 ab
1839 5081 1976 5150 ipsis

403 5151 590 5209 fuerit.
633 5151 713 5208 Ex
763 5165 924 5207 saera
954 5167 1084 5206 vero
1129 5153 1359 5208 historia
1388 5153 1501 5219 jam
1553 5152 1689 5207 satis
1723 5153 1977 5205 noscitur

401 5224 677 5347 angstites
746 5221 928 5278 creari
992 5237 1102 5276 non
1157 5238 1284 5277 raro
1349 5223 1587 5278 aliorum
1653 5220 1965 5276 antistitum

404 5308 467 5347 su
519 5309 705 5347 ramis.

404 5308 705 5348 suuramls.

476 5309 852 5434 ίῐᾶἒξιίὲόμης.
901 5362 1130 5434 Κόμης,
1176 5361 1318 5434 apud
1363 5359 1736 5434 llesyehium,
1764 5368 1817 5434 et
1847 5359 1976 5434 S_ui-

403 5430 579 5519 δοίητ’
605 5430 1000 5519 σει-ῥινὶιιοςρξ,
1019 5430 1150 5499 dux,
1178 5430 1491 5519 praefectus.
1520 5431 1767 5515 Meminit
1795 5432 1966 5519 huius

304 5540 313 5551 .
404 5503 656 5559 vocabuli
703 5500 1047 5566 Eustathius,
1097 5500 1349 5558 scribens
1385 5501 1489 5556 hoc
1536 5503 1759 5556 nomine
1797 5500 1908 5555 dici
1939 5513 1969 5553 a

406 5572 810 5628 recentioribus
864 5573 1187 5628 auctoribus
1246 5585 1406 5642 quem
1463 5572 1673 5641 antiqui
1704 5570 1976 5642 ναύαρχον

407 5643 685 5697 dicebant.
722 5642 969 5697 Meminit
990 5652 1045 5698 et
1070 5643 1219 5699 illius
1252 5640 1673 5711 Etymologicun.
1694 5640 1764 5711 At
1798 5640 1975 5696 liben-

409 5712 625 5767 tissime
676 5714 744 5769 ad
805 5714 1130 5768 sententiam
1174 5712 1240 5767 Η.
1288 5710 1549 5780 Stephani
1603 5710 1854 5780 pedibus,
1884 5724 1971 5773 eo,

411 5783 630 5836 Graecos
659 5783 992 5838 recentiores
1025 5789 1301 5839 mutuatos
1328 5777 1449 5837 esse
1481 5777 1619 5835 illud
1651 5796 1714 5836 ex
1738 5777 1969 5834 Latinis.

412 5850 524 5908 Nos
552 5850 744 5909 ducem
778 5852 1119 5927 interpretati
1155 5869 1347 5911 sumus
1364 5852 1523 5925 juxta
1552 5851 1670 5925 ejus
1691 5850 1973 5923 propriam

412 5987 505 5997 ..υ-α...

2003 4573 2048 4628 D

2062 3357 2156 3400 aut
2180 3347 2226 3401 si
2256 3360 2396 3416 quos
2427 3346 2568 3401 alios
2594 3345 2732 3402 tales
2766 3346 2821 3401 in
2848 3345 3100 3401 historiis
3123 3344 3403 3399 audimus.
3426 3341 3648 3397 Menda-

2062 3439 2207 3493 cium
2231 3445 2411 3491 autem
2427 3437 2574 3490 omni
2599 3437 2773 3506 magis
2796 3436 3088 3490 veritatein
3108 3442 3366 3505 promptu
3388 3431 3649 3504 estipsis;

2062 3535 2119 3582 et
2137 3527 2229 3583 tali
2253 3525 2588 3595 impudentia
2610 3525 2665 3578 in
2696 3524 3007 3580 mentiendo
3024 3524 3330 3589 confidunt,
3359 3531 3418 3578 ut
3435 3528 3649 3578 tantum

2072 3620 2130 3672 in
2159 3616 2389 3673 veritate
2418 3631 2530 3670 non
2564 3615 2735 3670 fidant
2763 3616 3036 3687 loquenda
3055 3617 3149 3687 qui
3183 3616 3238 3671 in
3268 3630 3333 3671 ea
3353 3616 3650 3672 vehemen-

2073 3716 2160 3761 ter
2175 3716 2538 3776 occupantur.
2567 3705 2636 3760 Et
2666 3707 2815 3778 apud
2848 3707 3000 3778 ipsos
3042 3708 3097 3762 in
3142 3706 3398 3764 maximis
3444 3706 3650 3776 impro-

2077 3796 2339 3854 bitatibus
2370 3797 2652 3870 redargui,
2696 3800 2917 3856 occasio
2967 3799 3110 3870 apud
3146 3799 3350 3855 multos
3391 3798 3450 3853 fit
3494 3797 3649 3853 bonae

2076 4029 2529 4101 significationem
2554 4071 2570 4094 ,
2616 4039 2671 4085 et
2696 4027 2953 4100 Hesychii
2975 4068 2992 4093 ,
3024 4027 3318 4099 Stiidaeque
3344 4026 3653 4096 expositio:-

2075 4100 2223 4160 nem,
2257 4110 2312 4154 et
2334 4100 2491 4168 juxta
2530 4101 2633 4154 loci
2667 4101 3021 4155 sententiam.

2148 4170 2262 4238 (95)
2300 4171 2455 4235 Ἕως
2484 4168 2789 4239 ἐνερῆκεν
2812 4168 2988 4239 ἡμᾶς.
3028 4168 3190 4224 Deest
3223 4182 3386 4224 casus
3423 4173 3649 4222 rectus:

2075 4246 2130 4294 et
2157 4242 2539 4310 supplemento
2572 4243 2885 4296 necessarie
2919 4239 3225 4309 explendus
3259 4247 3381 4294 erat
3413 4239 3479 4310 in_
3507 4251 3653 4310 ven-

2075 4307 2277 4378 sione’j
2303 4318 2397 4364 aut
2417 4310 2589 4365 codex
2612 4310 2946 4379 judicandus
2971 4307 3060 4364 hic
3090 4310 3342 4371 mutilus,
3378 4316 3434 4379 et
3467 4307 3651 4379 hians.

2074 4380 2145 4433 At
2182 4374 2311 4435 vero
2344 4379 2435 4434 vix
2466 4374 2688 4450 possum
2716 4380 2950 4444 adduci,
2991 4387 3052 4434 ut
3086 4381 3160 4444 ita
3182 4377 3487 4450 scripsisse
3513 4374 3654 4447 Nys-

2076 4465 2267 4505 senum
2291 4446 2536 4506 credain.
2564 4450 2697 4516 Quae
2717 4453 2863 4506 enim
2894 4453 2999 4506 ista
3026 4448 3232 4504 locutio
3255 4454 3340 4501 est
3362 4446 3483 4501 sine
3499 4446 3652 4516 recto

2075 4534 2207 4592 casu
2231 4519 2255 4592 2
2280 4520 2534 4592 Profecto
2566 4515 2635 4575 ne
2667 4520 3024 4592 Cappadoces
3046 4519 3271 4588 quidem
3299 4515 3647 4592 bubulci‘ita

2077 4589 2245 4645 locuti
2321 4589 2543 4654 forent;
2610 4583 2809 4646 nedu'n'i
2857 4583 3085 4651 tantus,
3132 4596 3187 4642 et
3233 4595 3346 4640 tam
3389 4583 3648 4656 dxpt6jjg,

2078 4657 2294 4715 Libanii
2342 4653 2672 4729 discipulus,
2702 4668 2756 4729 et
2796 4659 3128 4729 eloquentia:
3162 4653 3493 4729 ditissimus.
3537 4653 3648 4711 Sed

2077 4745 2110 4784 0
2143 4732 2354 4785 utinam
2394 4726 2540 4786 esset
2579 4742 2686 4784 tam
2737 4726 2920 4785 facile'
2939 4742 3128 4782 verum
3168 4726 3439 4790 invenire,
3481 4740 3649 4790 quam

2076 4797 2276 4855 falsum
2326 4815 2589 4870 arguere;
2638 4801 2749 4854 imo
2797 4808 2904 4870 tam
2956 4798 3116 4853 facile
3161 4796 3426 4851 hariolari
3447 4796 3479 4870 l_
3500 4796 3650 4870 Usus

2076 4884 2241 4952 supra
2269 4876 2353 4924 est
2375 4865 2536 4951 etiam
2566 4865 2698 4954 voce
2729 4869 3262 4954 upéemwatc'ﬁuae
3284 4881 3393 4954 non
3415 4865 3572 4946 adest
3592 4866 3651 4920 in

2075 4934 2276 5007 priscis
2328 4939 2712 5008 scriptoribus.
2757 4934 2863 4993 Sed
2913 4947 2998 4993 est
3037 4934 3240 5008 πτῶμα
3288 4944 3383 5008 aut
3412 4934 3644 5008 πτῶσις.

2077 5002 2218 5074 Quid
2257 5016 2370 5062 tum
2392 5008 2415 5062 ‘2
2441 5002 2639 5063 'Noune
2673 5024 2774 5078 pro
2821 5009 2998 5062 nihilo
3034 5008 3089 5061 id
3124 5002 3479 5078 habendum}
3512 5002 3648 5058 Item

2076 5081 2241 5133 etiam
2273 5078 2517 5149 nondum
2554 5074 2791 5149 perierat
2818 5087 2931 5132 tum
2963 5078 3184 5148 lingua:
3211 5091 3384 5149 quare
3406 5074 3651 5143 aliquam

2077 5148 2478 5218 aliquantulum
2511 5146 2709 5204 novam
2738 5163 2926 5203 vocem
2950 5146 3168 5203 suniere
3207 5146 3378 5216 probe
3405 5150 3644 5218 poterat.

2074 5215 2293 5282 Licuit,
2347 5234 2677 5288 semperque
2711 5219 2897 5274 licebit
2948 5235 2965 5272 :
3004 5219 3169 5273 modo
3209 5215 3437 5282 tamen,
3471 5215 3648 5282 dices,

2077 5289 2296 5343 licentia
2332 5298 2550 5358 sumpta
2583 5290 2867 5358 pudenter.

2147 5358 2259 5427 (96)
2277 5355 2634 5427 Ἀδιάλυτοκ.
2651 5357 2814 5415 Liber
2828 5356 3264 5427 Ιιοὺειδιάλυτον.
3280 5355 3484 5427 Atlege
3501 5355 3650 5410 ἀδιά-

2074 5426 2254 5482 λυτονῤ
2287 5426 2484 5483 Nescio
2513 5443 2581 5483 an
2611 5430 2834 5484 alterius
2861 5428 3060 5483 veteris
3085 5426 3257 5483 Graeci
3282 5426 3439 5482 sacri
3458 5436 3650 5481 aucto-

2076 5499 2153 5568 ris
2195 5498 2764 5568 scriptamiseriorem
2797 5504 3001 5554 sortem
3044 5498 3335 5559 subierint,
3367 5512 3533 5565 quam
3579 5495 3644 5568 ί).

2075 5565 2322 5691 ῗϐτῐῗεῗοιυίἰ
2366 5565 2622 5638 Nysseni,
2656 5571 2711 5625 in
2755 5568 3175 5640 quampluribus
3218 5568 3428 5625 mendis
3470 5566 3651 5639 perfe-

2177 5659 2195 5691 l
2219 5657 2284 5691 IS.

2076 5653 2284 5695 I'CIIlIlS.

2132 5709 2260 5835 ἧξηέ
2289 5709 2415 5766 Τοῦ.
2451 5709 2787 5776 Scriberet?
2808 5708 2940 5781 quid
2960 5706 3031 5764 sit
3049 5707 3139 5766 hic
3158 5708 3292 5767 illud
3318 5706 3651 5765 τοῦιιοιιὶιι-

2191 5798 2221 5835 ιι
2264 5820 2278 5835 ο

2074 5787 2278 5854 ιοιιιεο.
