4068 6154
834 277 871 293 η.

329 325 461 385 1081

1520 331 1905 387 EPISTOLIE.
1942 363 2013 374 —
2045 330 2262 387 iiPlST.
2321 330 2433 385 XX.

3456 332 3598 387 {089.

328 434 442 494 οἷον
468 440 600 511 ἡμῖν
622 440 655 511 ἡ
684 438 942 493 υύανὼτα
965 441 1076 505 τοῖς
1096 438 1317 506 οἰκείοις
1341 442 1654 510 ἐπεδείξατο
1678 442 1904 507 κάλλος;
1935 477 1945 502 λ

2045 443 2161 497 ibus
2192 442 2557 507 transfusum,
2585 442 2743 497 valde
2773 450 3074 496 memorata
3090 440 3295 511 Tempe
3312 440 3597 500 Thessalis

331 529 457 585 Εἴτε
480 531 588 600 γάρ
615 547 699 593 τις
726 530 827 599 τὴν
854 531 1088 602 φυσικὴν
1107 531 1390 604 ὲπιζητοίη
1416 532 1511 587 τοῦ
1539 534 1703 585 τόπου
1731 533 1909 603 χάριν,

332 621 603 691 ἀπροδεής
629 621 748 672 ἐστι
776 621 882 673 τῶν
914 623 978 675 ἐκ
1003 624 1100 693 τῆς
1132 624 1329 695 τέχνης
1361 625 1541 679 καλῶν
1561 641 1573 654 ·
1613 625 1723 678 εἴτε
1752 625 1819 677 τὰ
1849 624 1914 675 ὲκ

334 714 433 783 τῆς
459 711 863 782 ἐπιτεχνήσεως
890 714 1295 784 προσγινόμενα
1325 714 1536 786 βλέποι,
1571 713 1797 768 τοιαῦτα
1823 712 1915 766 καὶ

334 803 575 859 τοσαῦτά
606 806 786 869 ἐστιν,
811 804 887 868 ὡς
926 805 1020 859 καὶ
1051 804 1266 876 φύσεως
1297 806 1558 861 δύνασθαι
1587 805 1916 876 δυσκληρίαν

335 896 576 966 νικῆσαι.
613 898 683 949 Ἀ
713 895 812 966 μὲν
836 896 944 967 γὰρ
974 898 1007 969 ἡ
1042 897 1202 967 φύσις
1224 897 1303 969 τῷ
1335 899 1490 968 τόπῳ
1516 897 1825 970 χαρίζεται,
1850 898 1916 967 τῇ

339 986 701 1059 ἀκατασκεύῳ
759 986 943 1059 χάριτι
993 989 1091 1060 τὴν
1145 991 1249 1060 γῆν
1299 989 1644 1061 ὼραῖζουσα,
1692 987 1920 1043 τοιαῦτά

340 1083 459 1135 ἐστι
484 1099 497 1113 ο
528 1082 786 1139 Κάτωθεν
814 1082 1059 1154 ποταμὸς
1081 1082 1249 1147 ’Δλυς
1284 1085 1402 1147 ταῖς
1429 1082 1617 1153 ὄχθαις
1643 1081 1921 1136 καλλωπί-

343 1176 453 1241 ζων
485 1175 576 1229 τὸν
604 1174 768 1229 τόπον
793 1191 808 1206 ο
851 1169 960 1229 οἷόν
1009 1194 1091 1237 τις
1132 1176 1313 1231 ταινία
1358 1179 1531 1248 χρυσῆ
1576 1176 1664 1229 διὰ
1702 1175 1923 1246 βαθείας

342 1268 655 1339 ἁλουργίὸος
691 1266 1025 1335 ὑποστίλϐει,
1053 1268 1141 1322 διὰ
1174 1272 1275 1340 τῆς
1318 1268 1462 1334 ίλύος
1495 1267 1831 1341 ὲρυθραίνων
1863 1266 1926 1321 τὸ

345 1360 578 1433 ῥεῖθρον.
617 1360 714 1413 Ἐκ
733 1360 790 1413 δὲ
816 1358 910 1413 τοῦ
929 1359 1134 1414 ἀνωθεν
1161 1361 1357 1433 μέρους
1378 1359 1503 1431 ὅρος
1524 1358 1840 1431 ἀμφιλαφές
1862 1375 1925 1412 τε

344 1455 441 1510 καὶ
468 1453 687 1520 λάσιον,
740 1455 927 1526 μακρᾷ
956 1456 1023 1526 τῇ
1061 1455 1226 1528 ῥαχίᾳ
1273 1455 1697 1527 παρατείνεται,
1738 1453 1928 1525 δρυσὶν

346 1544 721 1615 ἁπανταχόθεν
749 1546 1081 1617 κατάκομον,
1110 1546 1258 1613 ἀξιον
1293 1547 1536 1617 Ὀμήρου
1566 1545 1717 1608 τινὸς
1742 1547 1929 1598 ἐπιτυ-

345 1638 464 1706 χεῖν
493 1636 797 1701 ἐπαινέτου,
833 1636 1032 1708 μᾶλλον
1059 1636 1093 1708 ἢ
1128 1638 1188 1690 τὸ
1215 1637 1452 1707 Νήριτον
1486 1637 1660 1691 ἐκεῖνο
1686 1635 1747 1688 τὸ
1789 1634 1916 1689 Ἰθα-

348 1730 573 1797 κήσιον·
607 1728 636 1781 ὅ
674 1745 838 1799 φησιν
878 1729 907 1780 6
949 1729 1179 1798 ποιητὴς
1213 1727 1520 1798 ἀριπρεπές
1557 1744 1617 1780 τε
1650 1721 1791 1780 εἶναι
1834 1725 1930 1779 καὶ

349 1820 736 1889 εἰνοσίφυλλον.
796 1820 1188 1875 Ἐπικατιοῦσα
1238 1818 1294 1872 δὲ
1351 1818 1604 1889 πρὸς.τὺ
1633 1816 1844 1890 πρανὲς
1896 1817 1930 1887 ἡ

348 1911 656 1984 αὐτόματος
707 1912 806 1983 om
855 1915 968 1977 τοῖς
1019 1914 1126 1967 ἀπὸ
1173 1916 1268 1984 τῆς
1320 1910 1597 1983 γεωργίας
1644 1908 1786 1963 κατὰ
1834 1909 1932 1979 τὴν

352 2003 630 2076 ὑπώρειαν
671 2007 1016 2059 συνάπτεται.
1054 2004 1231 2066 Εὐθὺς
1263 2003 1372 2072 γὰρ
1417 2002 1652 2074 ἄμπελοι
1689 2000 1933 2069 διηπλω-

354 2093 514 2161 μέναι
545 2094 685 2145 κατὰ
726 2092 792 2146 τὰ
840 2092 1046 2160 πλάγιά
1075 2109 1134 2144 τε
1179 2093 1272 2145 καὶ
1301 2092 1466 2145 ὕπτια
1502 2093 1596 2145 καὶ
1641 2092 1797 2144 κοῖλα
1835 2091 1934 2162 τῆς

352 2184 651 2254 ὑπωρείας,
687 2180 798 2239 οἷον
838 2185 1049 2253 ἱμάτιόν
1091 2202 1144 2237 τι
1189 2185 1407 2255 χλοερὸν
1454 2186 1517 2255 τῇ
1571 2184 1717 2254 βαφῇ
1756 2184 1937 2237 πάντα

352 2271 449 2326 τὸν
498 2274 854 2344 ὑποκείμενον
895 2273 1072 2345 χῶρον
1107 2273 1576 2344 ἀπολαμϐάνουσι.
1617 2272 1935 2342 Προσετίθει

351 2364 414 2418 δὲ
447 2367 511 2436 τῇ
545 2363 664 2435 ὥρᾳ
710 2365 805 2417 καὶ
856 2367 884 2417 ό
921 2365 1134 2436 καιρὸς,
1185 2364 1468 2418 θεσπέσιόν
1498 2383 1551 2418 τι
1594 2365 1784 2435 χρῆμα
1828 2363 1936 2417 τῶν

359 2453 601 2526 βοτρύων
631 2454 970 2519 ύποδεικνύς.
1018 2457 1083 2509 Ὃ
1116 2455 1173 2508 δὲ
1206 2455 1301 2508 καὶ
1340 2455 1541 2525 μᾶλλον
1569 2456 1647 2518 είς
1676 2453 1938 2525 ἔκπληξιν

354 2540 492 2616 ἦγεν
514 2562 525 2573 ·
555 2545 657 2607 ὃτι,
688 2544 787 2617 τῆς
817 2545 1052 2612 γείτονος
1077 2547 1257 2617 χώρας
1285 2548 1341 2600 ὲν
1368 2545 1577 2617 ὄμφακι
1610 2546 1698 2599 τὸν
1728 2548 1939 2617 καρπὸν

358 2635 666 2707 ὃεικνύσης,
703 2636 938 2691 ἐνταῦθα
969 2639 1324 2709 κατατρυφᾷν
1358 2637 1486 2707 ἐξῆν
1515 2636 1625 2692 τῶν
1658 2636 1898 2708 βοτρύων
1921 2652 1935 2667 ·

360 2730 456 2782 καὶ
487 2728 608 2781 κατ’
639 2728 886 2795 ἐξουσίαν
933 2730 1289 2800 ἐμφορεῖσθαι
1314 2730 1414 2801 τῆς
1442 2730 1611 2802 ὧρας.
1643 2724 1775 2783 Εἶτα
1807 2729 1941 2802 1:69-

366 2816 537 2887 ρωθεν
577 2819 710 2889 ἡμῖν
734 2813 844 2873 οἷόν
873 2837 956 2882 τις
987 2819 1195 2890 πυρσὸς
1218 2822 1282 2873 ὲκ
1310 2821 1663 2891 φρυκτωρίας
1694 2819 1939 2890 μεγάλης

363 2907 398 2978 ή
427 2907 535 2961 τῶν
574 2908 1022 2979 οἰκοδομημάτων
1067 2911 1227 2980 χάρις
1268 2910 1602 2981 ὲπέλαμπεν.
1651 2910 1942 2982 Ἀριστερὰ

369 3000 468 3074 μὲν
505 3001 779 3055 εἰσιόντων
818 3003 846 3054 6
880 3002 1167 3074 εύκτήριος
1216 3001 1291 3073 (2)
1322 2995 1471 3066 οἶκος
1513 3004 1625 3065 τοῖς
1674 3003 1941 3075 μάρτυσιν

367 3094 796 3165 ἡτοιμασμένος*
843 3093 995 3148 ούπω
1032 3096 1130 3166 μὲν
1171 3096 1232 3149 τὸ
1278 3096 1480 3149 τέλειον
1522 3097 1620 3167 τῆς
1663 3097 1942 3168 δομήσεως

369 3185 527 3255 ἔχων,
580 3185 696 3239 ἀλλ’
741 3185 820 3238 ἔτι
869 3186 946 3257 τῷ
994 3186 1175 3257 ὀρόφῳ
1222 3187 1575 3261 λειπόμενος,
1617 3189 1848 3260 λάμπων
1889 3188 1946 3242 δὲ

369 3279 538 3348 ὅμως.
594 3277 843 3332 Κατευθὺ
898 3278 955 3332 δὲ
1007 3273 1076 3349 ἦν
1112 3283 1213 3350 τῆς
1260 3279 1379 3333 όδοῦ
1425 3279 1494 3333 τὰ
1533 3281 1632 3351 τῆς
1681 3281 1947 3351 οἰκήσεως

371 3370 565 3441 κάλλη,
597 3371 723 3426 ἄλλο
759 3373 896 3441 πρὸς
938 3371 1066 3425 ἄλλο
1096 3389 1149 3424 τι
1188 3372 1297 3426 τῶν
1336 3372 1477 3426 κατά
1513 3372 1724 3444 τρυφὴν
1769 3374 1949 3425 ἐπινι-

374 3460 652 3530 νοημένων
683 3462 1076 3532 μεμερισμένα.
1119 3461 1352 3533 Πύργων
1384 3462 1647 3534 προϐολαὶ
1687 3463 1780 3515 καὶ
1812 3479 1951 3532 σύμ-τ

375 3551 578 3604 ποσίων
618 3552 965 3624 παρασκευαὶ
1007 3555 1063 3608 ὲν
1093 3553 1423 3625 εύρυχώροις
1449 3570 1508 3608 τε
1542 3554 1634 3606 καὶ
1660 3552 1950 3623 ὑψορόφοις

379 3644 601 3714 στίχοις,
631 3645 735 3717 1:96
761 3645 866 3699 τῶν
887 3645 1066 3719 θυρῶν
1092 3646 1480 3715 στεφανοῦντες
1504 3648 1602 3715 τὴν
1630 3645 1833 3698 εἴσοδον
1849 3646 1946 3714 (3)).

378 3734 509 3790 Εἶτα
535 3738 663 3807 περὶ
689 3737 817 3801 τοὺς
845 3739 1024 3801 οἴκους
1052 3738 1101 3791 οί
1133 3737 1361 3792 Φαιακοὶ
1388 3740 1555 3809 κῆποι
1580 3753 1594 3768 ο
1638 3735 1836 3806 μᾶλλον
1859 3737 1916 3790 δὲ
1935 3777 1949 3800 ,

384 3831 458 3901 μὴ
493 3828 798 3899 ὑϐριζέσθω
832 3831 899 3901 τῇ
931 3830 1068 3900 πρὸς
1105 3830 1290 3884 ἐκεῖνα
1320 3828 1603 3900 συγκρίσει
1638 3828 1707 3883 τὰ
1737 3826 1956 3882 Οὐανώ-

380 3938 489 3975 των
527 3920 717 3991 κάλλη.
753 3921 868 3974 Ούκ
894 3916 1032 3975 εἶδεν
1066 3920 1311 3992 Ὅμηρος
1345 3922 1445 3991 τὴν
1479 3920 1714 3974 ἐνταῦθα
1752 3920 1956 3990 μηλέαν

381 4011 482 4081 τὴν
538 4010 922 4081 ἀγλαόκαρπον
971 4008 1073 4081 (4),
1115 4011 1252 4081 πρὸς
1301 4008 1398 4080 τὴν
1437 4008 1529 4062 τοῦ
1580 4009 1711 4062 ίδίου
1763 4008 1958 4071 ἄνθους

383 4102 574 4174 χροιὰν
628 4100 707 4173 τῷ
745 4100 1135 4172 ὑπερϐάλλοντι
1175 4102 1275 4172 τῆς
1319 4100 1573 4172 εύχροίας
1614 4098 1961 4153 ἐπανιοῦσαν.

388 4195 502 4247 Οὐκ
538 4189 645 4247 εἶδε
679 4192 776 4265 τὴν
808 4193 1007 4265 ὄγχνην
1049 4192 1379 4265 λευκοτέραν
1397 4188 1501 4246 ’τοῦ
1539 4191 1817 4257 νεοξέστου
1856 4191 1965 4245 ἐλέ-

389 4302 610 4357 φαντος.

2013 534 2245 592 efﬁcere.
2272 534 2414 600 Quid
2445 535 2589 589 enim
2617 535 2725 587 tale
2748 541 2834 589 est
2870 534 3013 602 apud
3046 534 3263 605 singula
3292 551 3358 589 ex
3392 534 3556 590 dictis
3579 575 3597 599 ,

2013 627 2230 696 qualem
2261 625 2422 681 nobis
2452 623 2661 679 Vanota
2714 628 3018 681 venustatis
3069 626 3307 696 speciem
3359 628 3601 698 propriis

2017 716 2176 771 bonis
2211 714 2645 769 demonstravit?
2671 713 2726 767 Si
2758 712 2883 784 quis
2906 713 3051 768 enim
3081 714 3387 768 naturalem
3420 715 3603 786 inqui-

2018 818 2105 862 rat
2136 807 2240 860 loci
2269 807 2503 877 gratiam
2534 815 2587 859 et
2620 806 2967 877 elegantiam,
3004 806 3154 861 nulla
3198 806 3409 861 ratione
3440 822 3604 877 pror-

2019 918 2115 958 sus
2137 900 2444 957 artiﬁciosae
2464 900 2890 971 pulchritudinis
2912 900 2959 955 is
2976 908 3059 955 est
3086 901 3361 971 indigens.
3395 899 3451 954 Si
3476 916 3609 956 vero

2021 1013 2142 1067 quae
2165 1012 2231 1052 ex
2275 997 2410 1051 artis
2439 996 2755 1051 inventione
2804 994 3235 1065 proliciscuntur
3280 995 3481 1050 intueri
3510 1011 3605 1049 νου
3704 986 3708 991 ’

2021 1092 2084 1145 lit
2111 1135 2127 1158 ,
2159 1090 2288 1146 talia
2313 1098 2577 1160 tantaque
2605 1096 2755 1154 sunt,
2780 1098 2838 1143 ut
2870 1089 2956 1143 vel
2987 1088 3163 1157 ipsius
3194 1096 3405 1143 natura:
3436 1087 3605 1143 mise-

2023 1196 2140 1236 ram
2168 1189 2371 1236 sortem
2403 1188 2626 1251 possent
2649 1180 2868 1234 vicisse.
2903 1177 3009 1233 Sed
3037 1193 3160 1249 quae
3189 1188 3409 1240 natura,
3433 1177 3607 1247 impa-

2024 1281 2145 1330 rato
2184 1275 2382 1330 decore
2420 1281 2624 1339 terram
2664 1278 2973 1342 Opportune
3011 1269 3296 1340 pulchram
3335 1268 3609 1329 reddens.

2026 1365 2147 1420 loco
2180 1365 2420 1436 gratiose
2460 1364 2764 1427 concessit,
2810 1368 2941 1418 sunt
2994 1358 3289 1431 ejusmodi.
3338 1357 3610 1414 Deorsum

2028 1456 2194 1527 Halys
2232 1455 2463 1523 ﬂuvius,
2503 1457 2640 1527 ripis
2668 1462 2898 1510 venuste
2927 1454 3109 1510 locum
3147 1465 3456 1518 exornans;
3492 1454 3609 1518 qui,

2028 1548 2175 1603 haud
2208 1547 2367 1604 aliter
2391 1563 2556 1620 quam
2594 1547 2840 1617 quaedam
2887 1560 3054 1601 aurea
3103 1544 3262 1599 taenia
3301 1558 3399 1613 per
3436 1542 3609 1613 proli-

2028 1655 2154 1695 xam
2188 1655 2522 1711 purpuream
2545 1647 2755 1695 vestem
2785 1638 3055 1694 collucet:
3088 1637 3220 1691 limo
3252 1634 3607 1705 proﬂuentem

2032 1730 2339 1786 rubicundo
2365 1729 2539 1784 inﬁcit
2574 1730 2777 1785 colore.
2825 1728 2904 1782 Ex
2944 1727 3213 1798 superiori
3245 1733 3428 1781 autem
3460 1731 3614 1795 parte

2031 1839 2192 1879 mons
2217 1837 2524 1893 magnoque
2562 1822 2772 1877 ambitu
2808 1821 3261 1890 comprehensus,
3296 1818 3616 1888 densusque

2034 1913 2196 1984 longo
2221 1912 2389 1967 dorso
2425 1910 2791 1982 protenditur,
2821 1909 3049 1966 undevis
3084 1908 3400 1978 quercubus
3429 1920 3614 1960 coma-

2034 2011 2155 2067 tus,
2202 2001 2553 2057 Homericum
2593 2002 2830 2070 aliquem
2874 1999 3212 2054 laudatorem
3252 1999 3474 2070 assequi
3529 1998 3615 2052 di-

2033 2110 2203 2164 gnus,
2250 2094 2424 2164 magis
2452 2107 2616 2163 quam
2644 2091 2890 2146 Neritum
2933 2090 3068 2145 illud
3099 2092 3385 2146 lthacense
3412 2130 3430 2158 ,
3469 2088 3616 2159 quod

2034 2186 2171 2241 dicit
2198 2184 2365 2240 Poeta
2406 2183 2606 2239 decore
2644 2194 2911 2254 praestans
2938 2197 3083 2248 esse,
3110 2190 3164 2237 et
3203 2181 3441 2236 immane
3466 2180 3618 2236 iron-

2036 2276 2254 2331 dosum.
2294 2274 2540 2329 Demissa
2579 2289 2710 2329 vero
2739 2273 2806 2328 ad
2838 2273 3079 2342 proclive
3100 2278 3297 2341 sponte
3325 2270 3461 2327 silva
3491 2285 3616 2326 cum

2037 2368 2107 2423 iis
2140 2354 2263 2438 quae
2300 2382 2329 2420 a
2361 2377 2521 2421 terrae
2549 2380 2715 2436 opere
2760 2365 3053 2435 prodeunt,
3100 2363 3258 2434 juxta
3293 2363 3500 2418 montis
3534 2363 3618 2417 la-

2035 2467 2129 2515 tus
2153 2458 2461 2528 colligatur.
2487 2456 2554 2511 Et
2586 2466 2735 2512 recta
2757 2457 2847 2511 via
2870 2457 3010 2511 vites
3050 2464 3104 2510 et
3137 2453 3388 2524 oblique,
3420 2462 3477 2510 et
3525 2469 3623 2509 su-

2037 2552 2230 2618 blime,
2263 2557 2318 2605 et
2357 2565 2424 2606 ex
2451 2563 2588 2604 cava
2632 2548 2806 2619 ipsius
2834 2547 3037 2603 montis
3067 2556 3223 2615 parte
3263 2552 3455 2600 mutuo
3515 2543 3620 2598 im-

2032 2645 2275 2715 plicatae,
2308 2642 2623 2698 universum
2645 2640 2958 2709 subjectum
2990 2638 3168 2692 locum
3191 2635 3347 2706 quasi
3381 2634 3623 2688 tinctura

2040 2737 2269 2794 viridem
2300 2734 2595 2806 quamdam
2626 2739 2832 2788 vestem
2851 2730 3245 2800 intercipiunt:
3280 2727 3627 2796 addebatque

2042 2829 2271 2884 multum
2317 2824 2592 2881 venustati
2626 2824 2712 2878 vel
2764 2823 2883 2893 ipsa
2917 2821 3178 2890 temporis
3216 2816 3625 2890 opportunitas,

2041 2923 2292 2992 ingentes
2312 2934 2400 2974 res
2419 2930 2763 2972 racemorum
2796 2915 3114 2970 ostendens.
3140 2912 3296 2979 Quod
3314 2919 3495 2965 autem
3512 2923 3628 2963 ma-

2044 3015 2125 3085 gis
2150 3014 2313 3069 etiam
2345 3012 2400 3066 in
2432 3019 2711 3080 stuporem
2742 3007 2938 3077 agebat
2970 3013 3112 3071 erat,
3160 3003 3334 3075 quod,
3392 3001 3630 3056 ﬁnitima

1970 3114 2012 3171 α
2046 3118 2189 3159 terra
2219 3103 2446 3158 acerbos
2481 3100 2661 3155 adhuc
2694 3100 2909 3155 fructus
2937 3103 3427 3160 commonsu'ante,
3452 3095 3543 3149 hic
3570 3093 3631 3147 li-

2045 3196 2202 3250 cebat
2231 3193 2352 3249 uvis
2381 3192 2627 3247 deliciari
2650 3234 2665 3258 ,
2702 3199 2758 3244 et
2784 3191 2931 3245 omni
2977 3190 3200 3246 licentia
3231 3188 3480 3258 speciosa
3537 3184 3631 3239 illa

2046 3297 2334 3343 venustate
2364 3282 2696 3339 exsaturari.
2728 3281 2808 3337 Ex
2860 3281 3162 3351 longinquo
3211 3278 3408 3335 deinde
3455 3275 3634 3347 qualis

2052 3378 2300 3447 quaedam
2326 3375 2545 3429 ﬂamma
2598 3391 2664 3428 ex
2713 3388 2906 3444 magna
2957 3374 3202 3427 emicans
3233 3372 3442 3426 elevata
3495 3367 3632 3426 face.

2046 3470 2401 3527 aediﬁciorum
2433 3467 2606 3535 gratia
2636 3474 2689 3519 et
2714 3463 3067 3534 pulchritudo
3102 3463 3263 3516 nobis
3295 3460 3515 3515 affulsit.
3549 3457 3636 3511 Si-

2054 3563 2230 3616 nistra
2259 3573 2388 3611 vero
2424 3555 2832 3611 introeuntibus
2867 3554 3070 3608 sacella
3131 3552 3502 3613 cernebantur
3536 3563 3636 3619 pro

2056 3650 2391 3721 martyribus
2411 3655 2600 3717 parata
2623 3666 2636 3702 :
2659 3662 2770 3701 non
2794 3647 3016 3717 quidem
3046 3653 3326 3701 structura
3368 3641 3635 3713 perfecta,

2058 3740 2153 3797 sed
2176 3740 2512 3794 adhuctecto
2532 3737 2815 3801 destituta,
2835 3735 3196 3790 nihilominus
3216 3733 3473 3788 illustria.
3533 3731 3641 3785 lte-

2061 3841 2257 3903 ctaque
2268 3832 2356 3886 via
2377 3830 2659 3899 elegantiae
2680 3830 2876 3885 aedium
2901 3835 3079 3892 erant,
3095 3827 3281 3881 alterae
3297 3833 3420 3895 post
3440 3823 3642 3877 alteras

2063 3920 2464 3993 quodammodo
2513 3918 2814 3976 secundum
2870 3914 3231 3988 quarumdam
3264 3912 3641 3966 inventionum

2064 4013 2290 4069 delicias
2318 4012 2652 4080 dispertitaa:
2691 4010 2927 4066 turrium
2981 4006 3313 4070 eminentiae,
3369 4012 3425 4059 et
3454 4001 3644 4057 convi—

2063 4105 2277 4160 viorum
2308 4113 2625 4173 apparatus,
2653 4104 2709 4157 in
2741 4099 3020 4171 praecelsis
3072 4099 3416 4169 platanorum
3435 4094 3648 4150 ordini-

2063 4195 2188 4258 bus,
2221 4193 2693 4263 spatioquelatis,
2737 4202 2863 4247 ante
2895 4191 3098 4261 januas
3141 4190 3448 4260 ingressum
3492 4199 3648 4240 coro-

2060 4292 2277 4339 nantes.
2307 4283 2441 4340 Dein
2462 4284 2608 4340 circa
2638 4283 2780 4339 aedes
2810 4281 3171 4337 Phaeacenses
3195 4280 3364 4343 horti,
3395 4276 3491 4333 sed
3528 4288 3647 4328 am-

390 4380 563 4456 plius:
588 4376 909 4445 noninjuria
935 4389 1060 4430 cum
1085 4372 1424 4431 Vanotorum
1457 4375 1956 4447 pulchritudinibus
1995 4377 2172 4447 agitor
2221 4377 2439 4431 illarum
2524 4377 2956 4447 comparatione.
3033 4373 3152 4428 Non
3206 4371 3343 4426 vidit
3382 4369 3650 4424 llonierus

465 4597 543 4670 (Ξ)
576 4599 925 4669 Εὐκτήριον.
947 4599 1176 4666 Quidam
1196 4600 1337 4655 mala
1362 4599 1655 4670 Latinitate
1669 4607 1956 4670 verterunt

2133 4598 2211 4668 (ὅ)
2265 4597 2717 4669 Στεφανοῦντες
2761 4596 2878 4669 τὴν
2919 4593 3189 4669 εἴσοδος.
3235 4589 3649 4659 Σταφανοῦντες

1669 4648 1957 4724 ιἰῑὶιὶῆέἆί
1989 4648 2035 4704 D
2065 4648 2226 4742 habet
2258 4648 2871 4742 codex:athlegenditin
2898 4662 3283 4742 στεφανοιῖσαι.

395 4741 572 4794 crario
637 4743 811 4810 magis
850 4743 965 4807 uti;
1024 4741 1159 4810 quae
1195 4757 1299 4797 vox
1340 4743 1465 4795 licet
1525 4756 1637 4795 non
1695 4747 1967 4795 consonet

396 4810 588 4881 Graeco
617 4812 900 4881 vocabulo,
927 4812 1013 4864 cui
1042 4812 1214 4881 magis
1234 4827 1539 4881 congruere
1567 4811 1781 4864 videtur
1827 4824 1961 4865 ora-

398 4879 634 4944 torium;
680 4878 965 4951 εύκτῂριον
1014 4878 1158 4951 enini
1204 4878 1414 4951 derivat
1451 4881 1518 4934 ab
1547 4881 1710 4951 εὐχήο
1743 4882 1967 4934 omnino

397 4956 580 5003 tamen
610 4949 862 5004 convenit
895 4951 990 5004 rei.
1048 4949 1283 5004 Orator-ii
1315 4949 1509 5004 Latina
1537 4966 1642 5004 vox
1669 4949 1773 5004 'vix
1805 4964 1969 5005 aenea)

398 5019 575 5089 aetatis
603 5034 705 5074 usu
731 5021 895 5089 recipi
923 5028 1107 5088 posset
1131 5037 1145 5074 :
1175 5028 1401 5089 tumque
1446 5021 1500 5073 in
1528 5028 1732 5074 nostra:
1786 5035 1964 5074 sacrae

400 5088 662 5145 doctrinae
687 5090 849 5144 rebus
866 5091 1198 5144 tolerabilior
1224 5088 1562 5144 redderetur.
1597 5089 1702 5143 Sed
1732 5089 1968 5144 maxime

403 5158 647 5228 adhibita
677 5158 780 5214 fuit
809 5159 1008 5219 ferreo.
1038 5166 1092 5213 et
1129 5161 1273 5213 luteo
1297 5174 1432 5213 aevo.
1468 5159 1747 5215 Potuisset
1766 5167 1820 5214 et
1846 5173 1968 5228 pro~

404 5227 530 5300 ferri
552 5228 840 5284 Lararium
855 5244 952 5300 pro
967 5228 1239 5300 εὐκτηρίῳ
1255 5230 1443 5300 eadem
1470 5231 1681 5284 ratione
1701 5246 1715 5294 ;
1746 5227 1969 5300 sednon

406 5298 566 5369 modo
597 5298 1059 5369 profana._'_verum
1092 5298 1255 5353 etiam
1288 5298 1497 5355 fallacis
1555 5298 1836 5369 religionis
1871 5299 1971 5353 ob-

404 5366 633 5440 sistebat
661 5384 786 5425 vox.
836 5366 1161 5440 Προσευχή,
1191 5384 1311 5437 qua:
1361 5376 1445 5423 est
1497 5366 1757 5439 precatio,
1791 5369 1973 5440 valere

406 5438 568 5508 etiam
598 5445 775 5506 potest
830 5437 982 5493 idem
1017 5452 1081 5491 ac
1106 5437 1434 5508 είηιτήριον⁹
1465 5437 1521 5493 et
1555 5441 1628 5492 ita
1686 5441 1862 5503 locus,
1920 5437 1974 5490 in

350 5546 356 5551 .
407 5522 516 5575 quo
540 5505 713 5562 Judaei
739 5516 1074 5578 cogebantur
1100 5511 1165 5561 ail
1216 5505 1403 5562 sacras
1437 5522 1650 5577 preces,
1717 5518 1776 5563 et
1807 5511 1983 5562 obse-

409 5578 704 5642 crationes,
750 5579 1067 5633 vocabatur.
1109 5578 1312 5644 Quare.
1350 5592 1474 5631 cum
1508 5578 1632 5644 ipsi,
1682 5589 1736 5633 et
1784 5591 1979 5631 eorum

411 5646 594 5716 omnia
626 5646 903 5716 despectui
935 5649 1294 5711 haberentur,
1338 5646 1462 5702 Juv.
1529 5646 1642 5702 Sat.
1676 5663 1760 5713 ιιι,
1801 5647 1980 5702 dixit:

418 5715 531 5771 Ede
575 5716 664 5770 ubi
709 5715 1011 5785 consistas;
1046 5721 1099 5774 in
1155 5734 1259 5790 qua
1318 5727 1366 5774 te
1412 5733 1591 5788 quwro
1653 5716 1942 5787 Μοῖσαι-[ια
1969 5756 1985 5786 ,

414 5793 756 5861 contemptus
789 5803 975 5846 causa.
1068 5836 1073 5839 _

2137 4739 2214 4806 (4)
2260 4728 2734 4808 Ἀγλαόκαρπῖνν.
2771 4733 2902 4808 Non
2941 4728 3105 4808 modo
3136 4730 3431 4808 Homerum
3487 4728 3646 4808 citat,

2064 4817 2119 4863 et
2142 4797 2276 4878 ‘ej'us
2301 4797 2603 4862 sententias
2638 4803 2945 4878 usurpat_in
2990 4803 3093 4856 hac
3121 4800 3351 4878 epistola
3412 4808 3466 4853 et
3494 4797 3651 4878 'alibi

2066 4866 2381 4950 Nyssentts;
2402 4892 2603 4950 “verum
2633 4882 2714 4950 _et
2758 4866 2967 4950 profert
3025 4866 3190 4927 verba
3219 4884 3439 4950 quoque
3491 4866 3650 4950 ipsa;

2065 4937 2212 5018 quod
2245 4947 2333 5018 hic
2360 4937 2559 5007 eﬂ‘ecit,
2594 4943 2695 5018 τῂν
2732 4937 2940 5018 μηλέαν
2971 4937 3298 5018 nuncupatis
3334 4937 3653 5018 ἀγλαόκαρ-

2066 5009 2188 5082 πον,
2220 5017 2298 5069 uti
2331 5031 2451 5070 eam
2488 5009 3082 5083 appellav'it'Hotnerus
3145 5010 3363 5083 Odyss.‘
3397 5009 3493 5083 lib_.
3538 5021 3652 5083 vn,

2072 5076 2217 5141 vers.
2247 5084 2369 5148 “5,
2393 5095 2445 5139 et
2467 5076 2659 5138 ﬁli-XI.
2685 5097 2832 5137 vers.
2864 5081 2987 5136 588.
3022 5081 3139 5147 Qua
3168 5076 3322 5135 dere
3352 5081 3405 5133 in
3441 5076 3656 5148 Homeri

2077 5157 2310 5227 lectione
2326 5144 2690 5227 exercitatior
2709 5160 2762 5206 et
2785 5144 3300 5227 versatus'prol‘eeto
3327 5159 3412 5227 est
3434 5148 3524 5201 ille
3548 5144 3662 5227 (ιιι-

2076 5224 2505 5281 cendns.Actum
2537 5224 2697 5293 plane
2722 5236 2960 5293 agerem,
2984 5224 3031 5276 si
3053 5219 3454 5293 ostendendum
3479 5219 3658 5293 susci-

2080 5310 2285 5367 perem,
2318 5297 2373 5348 in
2423 5286 2599 5367 poetis
2655 5301 2710 5367 e_t
2742 5286 2956 5367 (fateris
2991 5290 3239 5361 proianis
3262 5286 3662 5367 _scriptoribus

2080 5359 2299 5435 operam
2332 5371 2385 5419 et
2405 5359 2651 5435 studium
2688 5362 2825 5416 bene
2839 5359 3142 5435 collocasse
3169 5359 3407 5426 majores
3422 5365 3660 5435 Postros

2086 5426 2368 5492 sacrarum
2404 5432 2727 5486 Litterarum
2759 5430 3049 5500 magistros
3076 5439 3129 5486 et
3180 5437 3389 5485 veteres
3422 5426 3614 5480 Patres
3641 5441 3659 5488 ;

2086 5521 2264 5575 neque
2288 5519 2395 5558 non
2422 5503 2745 5575 assiduum,_
2765 5507 2859 5575 aut
2894 5501 3117 5575 minime
3137 5500 3428 5575 vehemens
3451 5513 3465 5550 :
3486 5508 3662 5575 secus

2089 5569 2366 5630 memoriae
2420 5572 2566 5626 dicta
2609 5569 2902 5625 tradidisse
2948 5571 2984 5624 ii
3026 5586 3136 5625 non
3190 5569 3660 5642 potuissent_tan}

2090 5645 2270 5710 facile,
2300 5654 2352 5699 et
2376 5643 2499 5712 sine
2518 5642 2866 5695 cunctatione
2911 5634 3237 5712 praesentia,
3292 5647 3352 5695 ut
3401 5634 3664 5697 scribenti

2093 5731 2268 5789 prono
2293 5716 2446 5771 alveo
2475 5711 2853 5769 decurrerent.
