4068 6154
516 307 660 364 1085

1752 309 1811 364 S.
1853 308 2181 366 GREGORII
2213 309 2516 366 NYSSE‘NI
2940 322 2947 329 ’
3637 314 3763 373 1086

513 445 635 483 eam
668 444 789 499 quae
822 427 910 481 hic
948 427 1276 496 inclytorum
1313 428 1586 483 fructuum
1614 432 1791 487 malus
1832 444 1967 497 erat,
2019 432 2087 487 ad
2125 432 2505 487 excellentiam
2539 432 2729 502 optimi
2769 434 2969 490 coloris
3023 449 3189 506 supra
3218 436 3420 506 proprii
3474 436 3635 495 floris
3673 456 3764 495 co-

519 520 689 578 lorem
722 523 882 577 elata.
929 519 1048 573 Non
1086 520 1223 575 vidit
1266 520 1572 577 silvestrem
1617 524 1795 593 pirum
1830 525 2069 593 expolito
2103 538 2296 579 recens
2324 524 2488 579 ebore
2521 524 2918 579 candidiorem.

585 619 653 670 At
681 614 808 685 quid
839 614 962 684 quis
986 623 1171 668 narret
1210 613 1443 669 Persica:
1465 615 1608 684 pomi
1644 616 1847 669 variant
1884 620 2069 673 multi-

2243 615 2309 669 Τί
2334 616 2377 670 δ’
2406 618 2471 672 ἄν
2496 635 2579 681 τις
2618 619 2761 672 εἴποι
2790 619 2889 689 τῆς
2911 617 3185 690 Περσικῆς
3223 619 3444 692 ὀπώρας
3478 620 3542 675 τὸ
3589 623 3762 675 ποικί-

517 707 818 780 pliccmque
860 706 1094 776 speciem
1142 721 1206 760 ex
1249 706 1437 761 alteris
1484 706 1863 773 commistam,
1924 718 2089 781 atque

517 798 910 869 compositam?
954 796 1126 851 Sicuti
1162 797 1305 851 enim
1359 797 1709 853 hircocervos
1748 801 1976 870 pingunt
2025 819 2089 858 ac

519 896 975 965 bippocentauros
1021 890 1233 957 aliaque
1278 888 1547 956 ejusmodi
1582 905 1647 943 ex
1691 889 1848 960 longe
1881 892 2088 950 dissitis

520 1001 630 1039 una
664 985 845 1047 mista,
882 983 977 1051 qui
1016 982 1098 1035 vel
1132 994 1293 1049 supra
1340 979 1510 1048 ipsam
1542 987 1790 1033 naturam
1828 983 2086 1051 sapiunt;

519 1076 594 1129 ita
628 1081 680 1128 et
726 1088 790 1127 ex
840 1070 1151 1139 hujusmodi
1196 1084 1354 1138 pomo
1399 1070 1556 1122 aliam
1600 1069 1665 1122 ad
1720 1072 2087 1141 amygdalum,

520 1162 682 1215 aliam
719 1161 784 1215 ad
828 1174 1044 1220 nucem,
1086 1156 1153 1210 ad
1191 1156 1502 1211 doracinam
1546 1157 1818 1225 persicum
1863 1159 2087 1213 alteram

520 1253 781 1308 insertam
813 1266 937 1304 cum
971 1247 1267 1303 secundum
1302 1262 1521 1309 nomen,
1554 1246 1840 1315 tumjuxta
1870 1256 2089 1318 gustum

519 1342 589 1395 ab
615 1350 732 1395 arte
761 1341 1030 1394 violenter
1059 1340 1321 1406 imperata
1338 1337 1515 1391 eli'ecit
1534 1346 1749 1390 natura.
1785 1337 1849 1390 Et
1876 1338 1941 1391 ad
1974 1339 2088 1392 haec

520 1431 704 1486 omnia
727 1471 742 1495 ,
777 1430 1070 1485 multitudo
1104 1444 1324 1499 quoque
1358 1444 1388 1483 e
1427 1429 1657 1498 singulis
1700 1437 1895 1498 praeter
1921 1445 2089 1484 venu-

521 1530 715 1577 Statem
747 1522 1168 1581 ostendebatur;
1211 1535 1391 1573 verum
1417 1528 1470 1574 et
1501 1520 1554 1572 in
1602 1521 1931 1588 plantatioue
1977 1522 2090 1576 dis-

522 1616 740 1684 positio,
774 1629 1176 1682 numerosaque
1221 1613 1313 1666 illa
1343 1612 1573 1682 pictura.
1604 1613 1684 1666 Re
1734 1628 1859 1667 vera
1887 1614 2086 1668 etenim

522 1705 750 1774 pictoris
773 1705 963 1773 magis,
997 1719 1158 1773 quam
1196 1704 1445 1772 agricola;
1485 1702 1807 1756 miraculum
1844 1702 2088 1772 appella-

521 1811 633 1851 rcs.
667 1794 787 1860 Quo
818 1802 977 1865 pacto
1007 1802 1187 1848 autem
1224 1794 1494 1847 desiderio
1528 1809 1716 1847 eorum
1744 1795 1835 1866 qui
1864 1794 1979 1848 haec
2013 1795 2088 1849 ita

523 1887 935 1957 disposuerunt,
986 1895 1181 1940 natura
1228 1885 1387 1940 facile
1438 1885 1604 1939 fuerit
1640 1886 1924 1952 obsecuta,
1976 1901 2087 1940 non

524 1950 660 2049 put-0
686 1978 800 2033 ﬁeri
845 1994 1006 2049 posse
1037 1986 1095 2031 ut
1130 1992 1379 2032 sermone
1416 1978 1755 2032 ostendatur.
1789 1950 2089 2032 Sub-arbu-
2121 1950 2163 2009 Β

524 2069 694 2122 Stivas
726 2068 939 2138 quidem
998 2068 1132 2121 vites
1172 2067 1365 2121 semita
1407 2074 1460 2122 et
1489 2066 1731 2136 jucunda
1771 2067 1860 2120 illa
1904 2067 2093 2121 umbra

524 2174 590 2214 ex
624 2159 854 2215 racemis
894 2158 1170 2227 praestita;
1210 2172 1478 2226 novaque.
1524 2173 1555 2213 e
1598 2159 1879 2222 lateribus,
1924 2157 2092 2213 ramis

525 2265 795 2315 rosarum,
824 2257 878 2302 et
898 2250 1213 2319 palmitibus
1229 2249 1439 2313 vitium,
1470 2264 1592 2318 qua:
1621 2257 1808 2303 mutuo
1842 2250 2091 2318 implexae

522 2342 845 2410 innexzeque
897 2340 1012 2394 vice
1053 2340 1315 2409 parietum
1360 2340 1522 2393 etiam
1572 2348 1731 2393 erant
1774 2340 1980 2394 aditum
2021 2339 2087 2393 ad

525 2440 868 2488 transversas
904 2439 1090 2498 partes
1123 2430 1486 2497 struentium,
1527 2430 1669 2484 muri
1713 2430 1903 2485 ell‘ecta
1939 2440 2087 2485 stru-

525 2535 701 2579 ctura.
736 2523 840 2578 Sed
872 2524 1022 2576 illam
1052 2522 1117 2576 ad
1141 2523 1403 2576 curriculi
1438 2521 1603 2591 hujus
1630 2538 1902 2577 summum
1936 2540 2091 2594 aquae

525 2615 813 2685 piscinam,
854 2614 1018 2685 inque
1062 2612 1178 2681 ipsa
1220 2612 1491 2666 enutritos
1536 2614 1715 2681 pisces
1750 2615 1872 2682 quis
1917 2616 2095 2668 valeat

535 2723 635 2777 pro
666 2706 934 2777 dignitate
963 2705 1215 2759 oratione
1239 2703 1661 2759 demonstrare?
1689 2705 1836 2758 Inter
1860 2706 1976 2759 haec
2001 2720 2097 2758 au-

531 2809 637 2851 tem
679 2798 885 2863 omnia,
925 2796 1134 2851 liberali
1167 2797 1403 2865 quadam
1436 2795 1838 2862 benevolentia,
1870 2796 1963 2865 qui
1993 2797 2094 2851 do-

525 2887 721 2940 micilii
762 2901 950 2940 curam
986 2886 1221 2956 agebant
1264 2885 1683 2954 generositatem
1724 2892 1874 2938 tuam
1903 2885 2096 2940 sedulo

526 2986 1048 3041 commemorarunt,
1092 2975 1694 3045 demonstraruntque;
1752 2977 2091 3047 singulatim,

527 3085 652 3140 quae
695 3079 787 3124 tua
817 3082 983 3139 opera
1018 3067 1297 3121 elaborata
1333 3066 1576 3133 fuerunt,
1612 3066 1997 3134 ostendentes;
2030 3083 2094 3123 ac

528 3164 572 3217 si
608 3162 707 3215 tibi
744 3162 846 3230 ipsi
890 3173 986 3228 per
1030 3173 1133 3212 nos
1174 3172 1287 3211 rem
1336 3156 1580 3212 facerent
1628 3165 1860 3228 gratam.
1898 3156 1967 3210 At
2009 3158 2094 3213 hic

2188 708 2278 761 λον
2302 726 2361 761 τε
2388 708 2481 762 καὶ
2504 709 2795 772 πολυειδὲς,
2818 711 2911 762 καὶ
2937 709 2996 774 ἐξ
3022 711 3347 782 ἑτερογενῶν
3370 713 3761 782 συμμεμιγμέ-

2190 815 2279 852 νον
2310 800 2404 851 ml.
2434 796 2684 851 σύνθετον
2709 815 2724 865 ;
2759 799 2969 870 Ὥσπερ
3006 799 3114 871 γὰρ
3140 801 3191 852 οί
3235 802 3356 864 τοὺς
3387 801 3762 871 τραγελάφους

2190 889 2284 942 καὶ
2335 888 2795 961 ἱπποκενταύρους
2835 891 2931 944 καὶ
2977 890 3044 944 τὰ
3089 890 3315 946 τοιαῦτα
3365 891 3660 961 μιγνύντες
3703 894 3760 946 ἐκ

2189 975 2478 1046 διαφόρων,
2510 977 2602 1028 καὶ
2646 976 2744 1048 τὴν
2783 976 2943 1046 φύσιν
2989 981 3488 1051 παρασοφιζόμενοι
3529 983 3762 1052 γράφου-

2191 1084 2274 1119 σιν
2292 1083 2305 1094 ·
2333 1065 2473 1119 οὕτω
2502 1069 2595 1120 καὶ
2620 1069 2711 1120 ἐπὶ
2754 1068 2852 1137 τῆς
2881 1068 3100 1141 ὀπώρας
3132 1072 3332 1141 ταύτης
3352 1089 3365 1103 ·
3392 1073 3456 1126 τὸ
3492 1073 3596 1143 μὲν
3635 1075 3759 1146 πρὸς

2190 1158 2521 1226 ἀμυγδαλῆν,
2555 1158 2616 1211 τὸ
2643 1158 2699 1211 δὲ
2752 1158 2890 1229 πρὸς
2933 1161 3135 1231 κάρυον
3156 1204 3170 1228 ,
3202 1163 3389 1234 ἕτερον
3432 1164 3493 1217 δέ
3526 1164 3666 1235 πρὸς
3705 1164 3757 1217 τὸ

2188 1250 2466 1321 δοράκινον
2496 1251 2568 1321 (5)
2612 1250 2755 1304 κατά
2783 1268 2842 1304 τε
2874 1252 2935 1305 τὸ
2970 1253 3140 1323 ὄνομα
3172 1254 3265 1307 καὶ
3301 1256 3398 1324 τὴν
3444 1255 3641 1323 γεῦσιν
3668 1273 3758 1326 ρε-

2192 1342 2451 1412 μιγμένον
2499 1343 2887 1414 τυραννηθεῖσα
2936 1344 3088 1414 παρά
3138 1348 3237 1416 τῆς
3283 1346 3483 1418 τέχνης
3531 1349 3565 1417 ἡ
3614 1347 3761 1414 φύσις

2189 1434 2430 1505 ἐποίησε.
2463 1436 2570 1488 Καὶ
2596 1435 2687 1488 ἐπὶ
2713 1437 2845 1488 πᾶσι
2876 1436 3084 1500 τούτοις
3111 1437 3172 1490 τὸ
3202 1438 3286 1507 ἐφ’
3321 1440 3541 1509 ἑκάστῳ
3573 1439 3758 1507 πλῆθος

2189 1524 2329 1595 ὑπὲρ
2375 1524 2436 1576 τὸ
2480 1524 2674 1587 κάλλος
2732 1525 3022 1579 ἐδείκνυτο.
3092 1527 3252 1581 Ἀλλὰ
3302 1529 3399 1581 καὶ
3440 1529 3544 1599 τὴν
3598 1531 3653 1581 ἐν
3699 1530 3757 1599 τῇ

2189 1615 2380 1687 φυτεία
2412 1615 2675 1680 διάθεσιν,
2707 1617 2800 1670 καὶ
2832 1617 2931 1687 τὴν
2958 1616 3226 1688 εῠρυθμον
3260 1618 3585 1688 ζωγραφίαν
3624 1621 3755 1673 ἐκεί.

2188 1723 2303 1777 νην.
2355 1707 2591 1777 Ἀληθῶς
2637 1708 2745 1779 γὰρ
2777 1709 3030 1777 γραφέως
3076 1709 3275 1779 μᾶλλον
3316 1711 3349 1780 ἢ
3382 1711 3661 1778 γεωπόνου
3704 1713 3758 1763 τὸ

2190 1798 2388 1870 θαῦμα.
2430 1798 2588 1854 Οὕτω
2618 1802 2682 1870 τῇ
2716 1800 2978 1871 ἐπιθυμίᾳ
3008 1801 3114 1853 τῶν
3142 1800 3317 1855 ταῦτα
3347 1802 3697 1856 διατιθέντων
3726 1805 3756 1872 ἡ

2190 1889 2349 1959 φύσις
2378 1890 2611 1952 εὐκόλως
2640 1890 3099 1961 ἐπηκολούθησεν,
3125 1891 3225 1943 οὐκ
3253 1887 3406 1960 οἶμαι
3437 1892 3665 1946 δυνατὸν
3688 1889 3760 1944 εἷα

2194 1997 2281 2035 ναι
2308 1980 2395 2033 διὰ
2426 1981 2599 2048 λόγων
2642 1979 2994 2048 ἐνδείξασθαι.
3031 1980 3142 2052 Τὴν
3182 1980 3239 2034 δέ
3274 1982 3379 2034 ὑπὸ
3410 1981 3515 2045 τὰς
3550 1982 3754 2036 ἀναδεν-

2193 2072 2391 2144 δράδας
2417 2072 2531 2125 ὁδὸν
2551 2073 2643 2125 καὶ
2662 2074 2758 2142 τὴν
2783 2071 3039 2138 γλυκεῖαν
3072 2071 3282 2140 ἐκείνην
3307 2072 3371 2123 ἐκ
3395 2071 3508 2124 τῶν
3530 2071 3756 2141 βοτρύων

2200 2163 2375 2216 σκιάν·
2400 2164 2491 2216 καλ¹
2515 2163 2614 2232 τὴν
2641 2162 2831 2232 καινὴν
2860 2163 2923 2213 ἐκ
2950 2159 3192 2230 πλαγίων
3219 2161 3577 2229 τειχοποιίαν,
3606 2162 3758 2233 ῥόδων

2199 2254 2397 2325 δρπηξι
2422 2253 2514 2305 καὶ
2538 2252 2862 2322 κληματίσιν
2885 2250 3142 2321 ἀμπέλων
3169 2250 3424 2321 ἀλλήλαις
3454 2251 3759 2303 συνδιαπὶε-

2203 2345 2466 2412 κομὲνων,
2504 2343 2595 2395 καὶ
2625 2343 2745 2394 ἀντὶ
2774 2342 2966 2411 τοίχων
2995 2341 3427 2410 διατειχιζόντων
3452 2342 3557 2410 τὴν
3585 2343 3675 2395 ἐπὶ
3699 2340 3761 2395 τά

2201 2435 2401 2500 πλάγια
2433 2432 2660 2504 πάροδον
2685 2448 2698 2462 ο
2730 2434 2829 2503 τήν
2862 2442 2922 2485 τε
2952 2432 3092 2485 κατὰ
3122 2433 3182 2484 τὸ
3207 2433 3373 2503 ἄκρον
3402 2431 3498 2486 τοῦ
3535 2433 3757 2485 τοιούτου

2196 2524 2393 2595 δρόμου
2424 2524 2496 2595 (li)
2530 2522 2913 2592 κολυμϐήθραν
2944 2521 3038 2574 τοῦ
3071 2522 3282 2587 ὓδατος,
3304 2520 3399 2575 ’καὶ
3426 2523 3555 2585 τοὺς
3589 2524 3643 2574 ἐν
3662 2523 3760 2575 ,αὐ-

2196 2613 2272 2682 τῷ
2300 2614 2661 2684 τρεφομένους
2692 2612 2900 2682 ἰχθύας,
2930 2612 3012 2675 τίς
3040 2611 3103 2665 ἂν
3128 2613 3421 2677 ἐνδείξαιτο
3448 2613 3586 2683 πρὸς
3611 2612 3756 2675 ἀξίαν

2194 2704 2270 2775 τῷ
2298 2705 2473 2774 λόγῳς
2520 2704 2606 2756 Ἐν
2638 2705 2742 2774 γὰρ
2780 2702 2988 2766 τούτοις
3032 2704 3163 2755 πᾶσι
3212 2702 3351 2772 μετὰ
3383 2720 3530 2767 τινος
3559 2701 3759 2755 ἐλευθε-

2198 2796 2312 2867 ρίου
2344 2795 2754 2866 φιλοφροσύνης,
2779 2796 2827 2847 οί
2861 2794 2957 2864 τὴν
2986 2794 3161 2846 οίκίαν
3189 2793 3639 2864 ἐπιτροπεύοντες
3666 2784 3755 2863 τῆς

2194 2887 2468 2954 εὐγενείας
2509 2903 2601 2939 σου
2640 2886 2779 2939 κατὰ
2822 2884 3053 2956 σπουδὴν
3105 2885 3490 2956 περιηγοῦντο,
3532 2885 3622 2938 xui.
3663 2884 3757 2937 ὐπ-

2195 2977 2466 3030 εδείκνυον
2484 3017 2499 3042 ,
2529 2976 2597 3029 τὰ
2621 2975 2956 3029 καθὲκαστον
2987 2974 3093 3027 τῶν
3122 2991 3202 3027 σοι
3239 2974 3624 3045 πεπονημένων
3653 2975 3768 3026 ἐπιο’

2193 3068 2561 3138 δεικνύμενοι,
2591 3067 2666 3130 ὡς
2695 3066 2759 3119 διν
2790 3065 2937 3143 αύτῷ
2973 3066 3055 3118 σοὶ
3100 3065 3167 3119 δι’
3210 3064 3366 3135 ἡμῶν
3402 3065 3755 3136 χαριζόμενοι.

2198 3160 2365 3212 Ἔνθα
2393 3159 2483 3213 καί
2508 3177 2589 3221 τις
2613 3157 2721 3210 τῶν
2749 3157 3068 3220 νεανίσκων,
3105 3155 3355 3227 καθάπερ
3384 3172 3463 3215 τις
3498 3157 3758 3226 θαυματο·

527 3254 750 3323 quidam
785 3250 1248 3313 adolescentulus,
1282 3250 1437 3318 quasi
1471 3250 1666 3319 aliquis
1705 3250 2091 3320 praestigiator,

2197 3250 2380 3313 ποιὸς,
2412 3249 2721 3314 ἐπεδείξατο
2759 3251 2886 3318 ἡμῖν
2918 3247 3096 3316 θέαμα
3130 3246 3203 3317 μὴ
3245 3246 3364 3299 λίαν
3409 3246 3755 3317 ἐπιχωριάζον

529 3344 900 3414 spectaculum
934 3341 1171 3396 ostendit
1204 3341 1362 3395 nobis
1393 3355 1499 3393 non
1533 3340 1696 3395 nimis
1730 3349 1937 3394 naturae
1965 3356 2094 3396 sue-

526 3445 665 3490 tum.
696 3434 1145 3504 Quandoquidem
1173 3431 1240 3485 ad
1272 3430 1499 3484 fundum
1524 3431 1866 3486 descendens
1900 3445 1996 3499 pro
2028 3431 2094 3483 li~

526 3527 656 3581 hera
710 3533 974 3595 potestate
1016 3538 1156 3592 quos
1207 3537 1275 3576 ex
1323 3520 1491 3574 animi
1535 3519 1807 3575 sententia
1858 3520 2093 3587 volebat,

525 3618 849 3673 sustollcbat
890 3617 1116 3688 pisces;
1155 3621 1209 3669 et
1256 3613 1331 3667 illi
1375 3612 1441 3665 ad
1487 3611 1786 3681 piscatoris
1831 3620 2093 3666 attactum

526 3727 634 3766 non
677 3720 935 3780 tanquam
983 3708 1048 3762 ad
1086 3707 1425 3777 peregrinam
1462 3704 1644 3759 sedem
1683 3704 1944 3770 adibant;
1977 3706 2092 3758 vel-

527 3805 605 3857 uti
649 3803 868 3872 quidam
915 3799 1188 3855 mansueti
1239 3798 1427 3858 catuli,
1462 3811 1600 3863 quos
1646 3797 1858 3849 cicures
1898 3811 2093 3851 manus

528 3894 663 3946 artis
686 3892 840 3960 periti
877 3892 1262 3958 subjectosque
1301 3888 1402 3941 sibi
1442 3887 1687 3940 haberet.
1728 3886 1970 3940 Posthac
2006 3903 2094 3943 me

528 3984 594 4035 azl
629 3982 889 4050 quasdam
920 3982 1063 4033 aedes
1103 3978 1447 4032 deduxerunt
1478 3978 1866 4046 propemodum
1902 3986 1962 4031 ut
2003 3993 2092 4033 re-

529 4071 860 4141 quieturum.
885 4068 1055 4124 [Edes
1078 4070 1221 4124 enim
1246 4068 1741 4147 ostendebatnobis
1767 4070 2049 4140 ingressus
2075 4086 2090 4135 ;

530 4171 587 4216 at
616 4177 740 4216 cum
784 4162 926 4215 intra
961 4161 1186 4231 januam
1228 4161 1448 4225 fuimus,
1488 4177 1595 4215 non
1642 4162 1841 4215 domus
1883 4163 2097 4230 excepit

529 4269 652 4320 nos,
682 4268 867 4308 verum
902 4251 1160 4322 porticus.
1194 4251 1447 4307 Porticus
1478 4259 1658 4306 autem
1694 4252 1927 4307 sublime
1958 4267 2090 4321 peu-

2198 3345 2263 3411 τῇ
2296 3340 2473 3410 φύσει.
2510 3338 2780 3399 Καταϐὰςν
2812 3337 2920 3408 γὰρ
2949 3337 3040 3390 ἐπὶ
3066 3337 3127 3389 τὸ
3168 3336 3329 3407 βάθος
3374 3338 3495 3390 κατ’
3529 3336 3756 3402 ἐξουσίαν

2198 3433 2449 3503 ἀνῃρεῖτο
2486 3430 2594 3483 τῶν
2642 3428 2838 3500 ἰχθύων
2886 3430 3011 3492 τοὺς
3052 3428 3194 3481 κατὰ
3234 3427 3459 3500 γνώμην
3483 3445 3497 3457 ·
3534 3429 3755 3481 κάκεῖνοι

2201 3524 2336 3594 πρὸς
2362 3523 2461 3592 τὴν
2486 3521 2699 3590 ἐπαφὴν
2726 3520 2817 3572 τοῦ
2843 3521 3036 3583 ἁλιέως
3060 3520 3158 3572 οὐκ
3188 3518 3487 3585 ἐξενίζοντο
3507 3564 3525 3588 ,
3552 3514 3656 3572 οἷόν
3684 3534 3755 3569 τι·

2200 3634 2289 3678 νες
2315 3619 2615 3688 χειροήθεις
2644 3617 2908 3679 σκύλακες
2938 3615 3182 3669 τιθασσοὶ
3218 3616 3369 3679 ὄντες
3412 3619 3476 3687 τῇ
3511 3616 3648 3686 χειρὶ
3670 3610 3750 3666 τοῦ

2200 3710 2438 3780 τεχνίτου
2479 3713 2572 3764 καὶ
2610 3710 2927 3780 ὑποχείριοι.
2960 3705 3094 3762 Εἶτά
3133 3725 3199 3778 με
3230 3712 3477 3780 παρῆγον
3514 3709 3602 3761 ἐπί
3642 3722 3749 3759 τινα

2200 3797 2345 3853 οἷκον
2366 3800 2522 3871 δῆθεν
2545 3801 2619 3863 ὡς
2641 3800 3101 3868 ἀναπαυσόμενον.
3125 3794 3285 3853 υἷκον
3308 3800 3416 3869 γὰρ
3437 3798 3747 3851 ἐνεδείκνυτο

2202 3889 2330 3958 ἡμῖν
2367 3891 2399 3958 ἡ
2449 3888 2669 3951 εἴσοδος.
2727 3887 2865 3939 Ἀλλ’
2910 3887 3058 3950 ἐντὸς
3090 3888 3188 3956 τῆς
3234 3888 3404 3959 θύρας
3447 3887 3749 3957 γενομένους

2200 3980 2346 4049 ἡμᾶς
2387 3979 2508 4048 οὐχὶ
2556 3974 2722 4042 οἶκος,
2773 3978 2907 4031 ἀλλά
2958 3979 3086 4032 στοὰ
3115 3977 3400 4044 διεδέξατο.
3454 3982 3531 4033 Ἡ
3552 3980 3604 4032 δέ
3637 3976 3748 4030 στοὰ

2203 4069 2472 4138 μετέωρος
2502 4063 2568 4138 ἦν
2589 4107 2603 4131 ,
2633 4068 2794 4138 λίμνῃ
2824 4068 3014 4139 βαθείᾳ
3044 4071 3107 4122 ἐκ
3132 4069 3328 4123 πολλοῦ
3360 4071 3454 4123 τοῦ
3478 4070 3640 4140 ὕψους
3666 4071 3749 4121 ἐπ-

2198 4161 2493 4230 ηωρημένη
2514 4161 2607 4229 (7).
2636 4160 3040 4230 Προσεκλύζετο
3068 4162 3124 4214 δὲ
3153 4161 3232 4233 τῷ
3260 4162 3414 4215 ὕδατι
3435 4164 3469 4233 ἡ
3503 4162 3691 4233 κρηπὶς
3717 4160 3744 4227 ἡ

2195 4251 2290 4323 τὴν
2327 4252 2485 4304 στοὰν
2518 4251 2784 4322 ἀνέχουσα
2834 4252 3082 4323 τριγώνῳ
3124 4253 3201 4324 τῷ
3248 4255 3530 4325 σχήματι,
3567 4250 3665 4306 οἷόν
3700 4266 3744 4302 τι

601 4472 922 4550 (ἓῇγΈτερρν
943 4470 1012 4523 δὲ
1024 4468 1173 4550 πρὸς
1197 4469 1263 4550 τὸ
1285 4467 1619 4550 δορίξκινοιο.
1646 4468 1937 4549 Δοράκινον
1959 4469 2095 4550 Περτ

2206 4469 2490 4550 Gregorio.
2532 4467 2721 4550 Latin-e
2758 4468 2977 4550 quidem
3019 4467 3357 4550 duraciuum,
3386 4482 3511 4550 non
3559 4462 3740 4518 demti-

532 4540 732 4613 σικήν,
782 4543 1030 4613 arborem
1076 4540 1715 4613 Persica_m_doracinam
1770 4554 1877 4591 non
1916 4540 2097 4613 inveni

534 4608 677 4687 apud
705 4612 1105 4687 quamplu_rim_a
1134 4609 1320 4675 λεξικά
1340 4608 1527 4687 graece
1544 4619 1917 4687 merueratam.
1940 4608 2097 4687 _Nova

531 4678 845 4751 igitur-vox
872 4678 1016 4735 'erit.
1060 4682 1128 4751 Et
1174 4678 1488 4748 quanquam
1539 4678 1710 4732 Grmci
1753 4678 1853 4731 hac
1900 4679 2101 4751 plantas

530 4748 718 4820 specie
764 4765 1040 4818 nunquam
1090 4749 1326 4803 fortasse
1372 4752 1698 4814 caruerint,
1740 4755 1925 4820 tamen
1971 4748 2099 4820 aliis

528 4816 812 4876 vocabulis
855 4816 973 4874 eam
1025 4820 1415 4887 expresserim.
1464 4834 1688 4872 necesse
1722 4826 1823 4872 est.
1881 4816 2099 4887 Persica

531 4892 700 4961 igitur
729 4891 993 4961 duraeiua
1041 4885 1193 4961 sunt,
1221 4905 1340 4956 quae
1374 4890 1512 4961 dura
1533 4897 1671 4961 sunt
1717 4903 1905 4961 carne,
1954 4885 2097 4941 Plin.

530 4957 624 5016 lib.
662 4976 716 5023 v,
752 4974 874 5028 cap.
911 4960 996 5022 12,
1021 4959 1183 5012 sicuti
1217 4974 1331 5011 uva:
1357 4957 1653 5021 duracinaa,
1692 4973 1811 5026 qua:
1846 4957 2018 5018 firma,
2047 4965 2101 5011 et

530 5032 669 5085 dura
714 5039 844 5084 sunt
899 5029 1125 5090 cortice,
1168 5029 1251 5081 vel
1290 5028 1443 5081 duris
1501 5028 1704 5089 acinis;
1752 5028 1826 5083 id.
1854 5029 1949 5081 lib.
1985 5042 2098 5090 xw,

530 5116 652 5170 cap.
691 5103 742 5153 1.
774 5102 1056 5170 Augustus
1089 5113 1182 5152 cas
1206 5098 1452 5170 maxime
1492 5100 1809 5170 appetebat;
1847 5098 2102 5170 vesceba-

531 5165 733 5239 turque
772 5165 1035 5239 vel'dtim
1061 5166 1260 5239 essedo
1284 5165 1593 5239 Velleretttr.
1628 5165 1799 5239 Verba
1823 5167 1967 5220 enim
2006 5167 2102 5239 ip—

532 5235 732 5295 sittsin
784 5239 905 5303 ejus
940 5235 1203 5304 Epistolis
1250 5243 1418 5289 sunt:
1456 5235 1597 5288 Dum
1634 5238 1813 5290 lectica
1849 5252 1913 5289 ea:
1955 5237 2103 5305 regia

530 5310 744 5363 domum
774 5308 948 5369 redeo,
980 5308 1130 5372 panis
1155 5308 1363 5359 unciam
1401 5321 1516 5358 cum
1562 5309 1744 5373 paucis
1791 5307 1957 5359 acinis
1992 5322 2102 5359 uva:

532 5380 805 5433 duracinae
850 5376 1073 5432 comedi.
1114 5376 1341 5430 Sueten.
1380 5375 1518 5445 Aug.
1546 5378 1617 5428 vit
1653 5393 1774 5446 cap.
1816 5376 1902 5430 76.
1934 5374 2101 5429 Recte

532 5463 664 5518 vero
706 5449 829 5515 ejus
875 5446 1100 5518 generis
1136 5446 1392 5518 arborem
1421 5446 1753 5518 duracinam
1811 5446 2102 5518 appellavit

532 5515 831 5586 Gregorius
857 5515 960 5581 {et
992 5517 1197 5586 optime
1236 5516 1344 5569 dici
1382 5515 1435 5569 id
1463 5523 1654 5586 potest
1681 5516 1867 5570 Graece
1902 5516 1972 5568 ob
2001 5516 2103 5567 du-

532 5582 738 5649 ritiém.
778 5582 1046 5651 Quoniam
1093 5582 1282 5654 δούρον
1324 5592 1420 5654 est
1462 5585 1700 5653 lignum;
1735 5586 1880 5639 unde
1909 5587 2103 5654 ἐτυμο-

533 5655 721 5722 λογίαν
756 5655 924 5709 habet
956 5654 1124 5722 durus
1152 5651 1364 5715 Latine.
1392 5651 1574 5720 Quare
1594 5655 1717 5709 vide
1747 5670 1815 5711 ne
1841 5651 2103 5708 duracina

536 5721 684 5780 dicta
720 5725 812 5793 sit,
841 5733 898 5779 et
940 5738 1050 5777 non
1092 5721 1371 5791 doracina,
1406 5722 1570 5780 veluti
1605 5734 1687 5780 est
1727 5724 1781 5780 in
1827 5724 2038 5794 codice,
2072 5740 2103 5779 a

2203 4557 2327 4597 num
2362 4539 2639 4592 dixerunt.
2670 4538 3057 4593 Animadverte
3090 4549 3267 4590 autem
3300 4540 3353 4591 in
3386 4539 3471 4590 his
3506 4549 3740 4591 eualran-

2203 4615 2306 4675 dis,
2338 4610 2564 4662 arbores
2592 4624 2620 4659 a
2647 4608 2897 4679 Nysseno
2929 4608 3251 4676 signiﬁcari.
3274 4624 3390 4679 non
3433 4608 3666 4679 fructus:
3694 4604 3738 4654 in

2201 4680 2489 4736 arboribus
2530 4674 2712 4745 enim;
2743 4695 2853 4733 non
2896 4680 2950 4732 in
2986 4674 3131 4743 Villis,
3181 4678 3473 4733 insitiones
3519 4674 3739 4732 efﬁciun-

2201 4763 2312 4806 tur.

2273 4821 2347 4890 (6)
2370 4821 2629 4891 Δρόμου.-
2646 4817 2825 4873 Calles
2850 4817 3013 4891 igitur
3033 4818 3347 4891 hortorum,
3371 4816 3735 4891 pomariorum,

2203 4883 2386 4944 llaltce
2406 4883 2568 4950 λήξειε,
2593 4888 2779 4942 (ἔναιρε
2807 4883 3077 4941 curricula
3103 4883 3397 4948 dicuntur;
3429 4901 3549 4954 qua:
3582 4883 3738 4954 Italice

2202 4961 2377 5022 corsi;
2403 4961 2530 5013 item
2561 4960 2723 5012 etiam
2749 4958 2982 5012 corridoi
3012 4974 3030 5011 :
3058 4958 3249 5026 quales
3284 4952 3540 5024 majores.
3571 4960 3618 5007 et
3640 4952 3737 5003 lon-

2203 5031 2383 5097 giores
2421 5030 2685 5098 porticus,
2718 5031 2948 5082 excelsae
2986 5029 3174 5086 etiam,
3214 5027 3513 5098 interdum,
3544 5026 3594 5077 in
3632 5034 3739 5098 non-

2203 5094 2372 5154 nullis
2407 5094 2614 5153 aedibus
2650 5100 2809 5151 modo
2842 5110 3251 5166 nuncupantur.
3282 5094 3414 5149 Nam
3450 5094 3733 5147 CUI‘I‘ICUIUS

2203 5182 2287 5225 est
2315 5185 2514 5238 parvus
2548 5184 2778 5233 currus;
2809 5170 3191 5238 curricultun,
3216 5167 3392 5227 locus,
3424 5166 3481 5217 in
3515 5177 3615 5238 quo
3639 5174 3740 5238 cur-

2206 5234 2374 5304 ritur;
2403 5239 2481 5293 vel
2522 5239 2699 5306 ipsum
2748 5237 3005 5292 currendi
3047 5236 3332 5306 officium;
3370 5242 3509 5306 teste
3546 5234 3735 5306 Charis.

2206 5310 2312 5363 Sed
2350 5303 2614 5362 incertum
2645 5307 2697 5361 id
2720 5318 2804 5361 est
2837 5327 2849 5361 :
2885 5307 3122 5359 maxime
3153 5309 3277 5369 quia
3318 5305 3370 5357 in
3406 5303 3644 5372 pluribus
3663 5311 3738 5376 ca;-

2205 5380 2359 5433 sibus
2409 5378 2649 5446 obliquis
2691 5377 3185 5446 dill‘crentiamapud
3227 5383 3483 5446 auctores
3516 5379 3731 5446 conspm

2203 5450 2412 5518 nequit.
2435 5446 2498 5499 Et
2525 5440 2747 5518 adverte
2775 5447 2860 5518 hic
2887 5440 3132 5518 τοιοῦτος
3159 5460 3256 5513 pro
3280 5443 3401 5507 hic;
3432 5444 3533 5518 nisi
3559 5440 3644 5518 sit"
3657 5447 3735 5518 pf?

2204 5505 2477 5580 τοσοῦτος,
2505 5516 2822 5584 dignitatem
2851 5516 2957 5569 loci
2983 5505 3337 5584 exprimens;
3368 5505 3513 5582 quod
3542 5505 3736 5564 difﬁcile

2205 5588 2406 5641 dicenti
2436 5589 2758 5642 asseutirer.
2896 5654 2914 5655 ί
3007 5654 3015 5655 ί
3132 5653 3139 5655 _
3414 5651 3425 5655 _
3562 5646 3589 5655 η
3653 5636 3730 5655 ,,.

2277 5657 2352 5725 (7)
2404 5655 2841 5727 Ἐπηωρημένηο
2893 5654 3089 5727 Legite
3128 5651 3515 5727 ἐπῃωρημένη.
3560 5646 3734 5727 Scriptt

2206 5724 2423 5783 codices
2457 5725 2569 5782 iota
2606 5726 2914 5798 subscripta
2946 5733 3004 5780 ut
3039 5724 3333 5796 plurinuum
3377 5724 3732 5792 aspernantur.
