4068 6154
402 359 544 416 {085

1581 355 1965 413 EPISTOLIE.
2001 360 2308 420 —EPIST.
2352 363 2493 419 XXI.

3518 370 3655 428 {086

407 474 739 545 προπύλαιον
768 473 867 545 τῆς
892 472 1037 527 ἔνδον
1072 470 1300 543 τρυφῆς.
1332 468 1470 524 Κατ’
1502 471 1716 531 εὐθείας
1743 470 1850 541 γὰρ
1889 473 1982 524 ἐπὶ

2113 476 2219 529 ἶοιιε
2252 488 2390 541 erat,
2426 478 2706 548 profunda:
2740 481 2952 536 lacuna:
2976 495 3006 535 e
3034 480 3207 534 multa
3239 479 3527 534 altitudine
3553 481 3657 534 im-

405 566 474 619 τὰ
500 563 647 626 ἐντὸς
685 557 828 624 οἶκός
855 579 939 625 τις
965 560 1060 631 τὴν
1088 558 1182 613 τοῦ
1214 556 1482 629 τριγώνου
1511 556 1779 626 προϐολὴν
1807 556 1977 608 διεδέ-

409 671 549 724 χετο,
583 652 781 721 ὑψηλὸς
808 651 898 704 τὸν
935 652 1151 721 ὄροφον,
1177 648 1508 718 πανταχόθεν
1547 648 1662 710 ταῖς
1696 644 1791 699 τοῦ
1825 646 1977 716 ἡλίου

406 746 588 798 ἀκτῖσι
611 741 1099 813 περιλαμπόμενος,
1121 742 1358 813 γραφαῖς
1381 739 1648 801 ποικίλαις
1666 736 1980 809 διηνθισμέ-

408 854 515 899 νος.
543 836 705 888 Ὥστε
728 835 874 906 ήμᾶς
906 852 971 887 πε
982 837 1032 904 pl.
1063 833 1151 887 τὸν
1174 833 1337 886 τόπον
1363 831 1549 884 τοῦτον
1582 830 1751 901 λήθην
1782 824 1979 899 μικροῦ

407 927 517 980 δεῖν
567 925 675 980 τῶν
723 924 1100 996 προλαϐόντων
1150 922 1500 993 ποιήσασθαι.
1559 922 1618 975 '0
1668 916 1816 982 οἶκος
1848 919 1983 989 πρὸς

412 1018 603 1087 ἑαυτὸν
633 1017 979 1071 ἐπεσπάσατο
1004 1033 1016 1044 ·
1049 1017 1081 1086 ἡ
1112 1014 1242 1068 στοά
1268 1014 1430 1067 πάλιν
1470 1012 1560 1065 ἐπὶ
1590 1011 1753 1083 λίμνῃ
1779 1010 1906 1063 ἴδιόν
1933 1027 1985 1061 τι

413 1110 594 1180 θέαμα
614 1104 702 1180 ἦν.
732 1110 792 1162 Οί
817 1107 926 1178 γὰρ
955 1107 1216 1177 βέλτιστοι
1251 1105 1429 1176 ἰχθύες
1454 1103 1645 1174 ὥσπερ
1670 1094 1984 1171 ἐξεπίτηδες

412 1202 537 1264 τοὺς
591 1200 878 1271 χερσαίους
934 1200 1079 1269 ἡμᾶς
1112 1197 1504 1260 διαπαίζοντες,
1555 1197 1618 1248 ὲκ
1659 1194 1767 1248 τῶν
1812 1192 1985 1264 βυθῶν

415 1293 505 1345 ἐπὶ
548 1291 645 1362 τὴν
692 1290 1011 1360 ἐπιφάνειαν
1050 1290 1415 1359 ἀνενήχοντο,
1463 1284 1572 1341 οἷόν
1618 1286 1988 1356 τινεςνπτηνοὶ

415 1385 511 1437 καὶ
539 1383 703 1436 αὐτοῦ
730 1382 819 1436 τοῦ
844 1382 1004 1452 ἀέρος
1030 1380 1521 1448 κατασκιρτῶντες.
1564 1379 1886 1448 Ἦμιφανεῖς
1911 1378 1986 1449 (8)

416 1476 525 1544 γὰρ
555 1474 857 1545 γινόμενοι,
900 1474 997 1527 καὶ
1037 1469 1489 1533 διακυσιστῶντες
1516 1470 1608 1522 τὸν
1639 1469 1797 1539 ἀέρα,
1828 1467 1989 1521 πάλιν

419 1570 497 1633 εἰς
527 1565 617 1619 τὸν
642 1565 798 1635 βυθὸν
825 1563 1161 1618 κατεδύοντο.
1196 1562 1377 1615 ’Λλλοι
1402 1562 1459 1614 δὲ
1481 1561 1602 1613 κατ’
1629 1559 1829 1628 ἀγέλας
1850 1576 1992 1612 στοι-

419 1660 580 1729 χηδὸν
610 1658 858 1728 ἀλλήλοις
892 1657 1144 1727 ἑπόμενοι
1167 1695 1181 1718 ,
1210 1654 1388 1723 θέαμα
1420 1655 1532 1716 τοῖς
1578 1652 1802 1723 ἀήθεσιν
1830 1647 1989 1722 ἦσαν.

348 1752 355 1759 ’
419 1749 528 1806 Ἶῐν
557 1752 613 1806 δὲ
645 1752 771 1805 ἰδεῖν
804 1749 1031 1821 ἑτέρωθι
1049 1748 1212 1819 ἄλλην
1243 1746 1439 1817 ἰχθύων
1469 1745 1672 1814 ἀγέλην
1703 1743 1779 1815 (9)
1811 1743 1998 1814 βοτρυ-

2081 564 2324 632 pendens
2347 609 2361 632 ,
2397 568 2858 638 proluebaturque
2888 585 3051 639 aqua,
3089 585 3210 639 qum
3242 570 3450 623 circum
3489 571 3657 638 porti-

2081 669 2229 718 cum,
2264 657 2505 725 crepida,
2540 660 2862 729 triangulari
2905 662 3080 730 ﬁgura
3113 676 3492 730 consurgens;
3544 661 3658 714 vel-

2082 746 2161 798 uti
2220 747 2493 815 quoddam
2540 751 2870 819 vestibulum
2932 751 3257 806 interiorum
3314 752 3654 805 deliciarum.

2083 835 2250 890 Recta
2268 838 2410 892 enim
2441 838 2505 892 ad
2525 839 2810 895 interiores
2833 852 3013 912 partes
3038 842 3285 912 quaedam
3312 843 3457 897 :edes
3488 844 3661 897 trian-

2085 929 2196 997 guli
2234 930 2652 997 prominentiam
2673 933 3047 1002 suscipiebant
3071 951 3085 998 ;
3111 950 3233 1002 qua:
3251 935 3502 998 excelsaa,
3526 935 3660 988 solis

2085 1019 2311 1086 spiculis
2345 1019 2492 1073 circa
2526 1029 2725 1075 tectum
2754 1023 3113 1091 undecunque
3147 1025 3460 1090 micabant,
3490 1029 3661 1082 variis

2085 1109 2315 1177 pitturis
2342 1110 2655 1167 efﬂorentes
2676 1131 2691 1179 ;
2716 1115 2790 1166 ita
2819 1122 2878 1167 ut
2905 1116 3053 1168 circa
3081 1115 3227 1170 hunc
3258 1118 3436 1171 locum
3471 1134 3660 1186 parum

2089 1196 2347 1288 abfuerit,
2399 1200 2535 1268 quin
2579 1201 2911 1256 oblivionem
2967 1212 3362 1272 praeceptarum
3412 1208 3666 1276 volupta-

2091 1297 2204 1340 tum
2240 1304 2340 1342 nos
2374 1289 2704 1346 faceremus.
2741 1291 2949 1348 Domus
2978 1295 3042 1348 ad
3082 1311 3141 1349 se
3171 1297 3344 1365 ipsam
3391 1299 3662 1353 trahebat.

2088 1365 2341 1430 Porticus
2385 1392 2579 1433 rursus
2614 1379 2670 1433 in
2717 1396 2819 1435 suo
2851 1389 3048 1452 stagno
3082 1386 3359 1453 peculiare
3391 1387 3664 1456 quoddam

2089 1473 2206 1518 erat
2222 1469 2613 1537 spectaculum.
2634 1469 2835 1541 Optimi
2862 1475 3009 1528 enim
3036 1475 3217 1543 pisces
3241 1477 3423 1531 studio
3451 1479 3504 1531 in
3523 1487 3667 1531 terra

2091 1559 2298 1625 positos
2315 1575 2415 1613 nos
2433 1559 2799 1626 ludificantes,
2820 1580 2886 1619 ex
2912 1564 3083 1620 fundo
3101 1565 3167 1620 ad
3182 1567 3526 1635 superﬁciem
3540 1583 3670 1622 ena-

2091 1648 2282 1702 tabant
2302 1692 2316 1716 ,
2346 1653 2500 1719 quasi
2531 1653 2755 1722 quidam
2787 1658 3063 1722 volucres,
3091 1658 3184 1727 qui
3227 1666 3281 1712 et
3316 1658 3512 1719 illic,in
3543 1674 3671 1714 aere

2093 1740 2467 1805 exsultarent;
2498 1741 2727 1797 dimidia
2774 1753 2956 1799 autem
3005 1758 3159 1815 parte
3187 1747 3467 1815 conspicui
3520 1747 3667 1812 facti,

421 1841 510 1894 δὸν
546 1842 674 1912 περὶ
718 1840 921 1912 τρύφος
955 1841 1118 1910 ἄρτου
1159 1837 1645 1907 πεπυκνωμένους,
1693 1835 1788 1888 καὶ
1833 1835 1989 1889 ἄλλον

2113 1845 2298 1899 terque
2342 1846 2451 1885 arra
2503 1833 2559 1887 in
2583 1841 2745 1903 caput
2781 1837 3129 1901 saltitantes,
3184 1852 3379 1892 rursus
3436 1838 3671 1907 gurgitis

424 1936 515 1988 ὑπ’
544 1934 701 1987 ἄλλου
729 1932 1216 2004 παρωθουμένους,
1251 1931 1345 1984 καὶ
1373 1929 1561 1999 ἕτερον
1605 1927 1993 1997 ὲφαλλόμενον,

423 2027 517 2080 καὶ
545 2025 700 2080 ἄλλον
723 2024 1099 2094 ὑποδυόμενον.
1140 2023 1302 2076 Ἀλλὰ
1337 2022 1429 2073 καὶ
1461 2019 1670 2072 τούτων·
1700 2018 1872 2073 ἐποίει
1894 2018 1993 2089 λή-

424 2114 523 2185 θην
546 2117 607 2168 ὲν
641 2114 953 2184 κληματίσι,
983 2115 1074 2167 κάὶ
1097 2113 1349 2184 ταλάροις
1382 2114 1409 2164 ὁ
1438 2110 1632 2180 βότρυς
1659 2112 1790 2180 ἡμῖν
1819 2110 1996 2162 εἰσκο-

429 2202 736 2273 μιζὸμενος,
768 2204 860 2257 καὶ
890 2205 922 2272 ἡ
957 2204 1175 2273 ποικίλη
1202 2204 1299 2273 τῆς
1324 2200 1542 2271 ὀπώρας
1573 2198 1877 2269 φιλοτιμία,
1901 2200 1996 2251 καὶ

423 2296 457 2362 ἡ
489 2292 581 2345 τοῦ
624 2291 845 2362 ἀρίστου
882 2288 1203 2362 παρασκευὴ
1226 2331 1239 2352 ,
1276 2287 1463 2362 καὶτὰ
1509 2287 1728 2340 ποικίλοι
1766 2285 1871 2354 ὄψα
1903 2287 1995 2338 καὶ

426 2387 714 2455 καρυκεῖαι
760 2385 854 2437 καὶ
907 2382 1192 2453 πέμματα,
1241 2381 1335 2434 καλ⁵
1377 2378 1684 2449 φιλοτησίαι
1740 2376 1849 2448 (10)
1904 2377 1997 2430 καὶ

426 2470 664 2534 κύλικες.
714 2470 862 2523 Ἐπεὶ
899 2466 993 2524 οὖν
1028 2470 1129 2540 ήδη
1172 2470 1313 2523 κατά
1358 2468 1447 2521 τὸν
1477 2466 1803 2538 κόρον-πρὸς
1832 2464 1995 2518 ὕπνον

427 2561 845 2632 κατεφερόμην,
917 2560 1410 2632 παραστησάμενος
1465 2559 1555 2611 τὸν
1613 2557 1997 2627 ὑπογράφοντα

428 2651 649 2722 ταύτην,
686 2650 778 2705 σοῦ
804 2654 869 2723 τῇ
901 2652 1169 2721 λογιότητι
1190 2650 1441 2720 καθάπερ
1469 2649 1717 2703 ἐνύπνιον
1749 2648 1847 2720 τὴν
1882 2650 2000 2700 ἐπι-

432 2744 622 2813 στολὴν
663 2744 1006 2816 ἀπελήρησα.
1048 2744 1289 2815 Εΰχομαι
1330 2743 1387 2796 δὲ
1422 2741 1497 2812 μὴ
1543 2740 1629 2795 διὰ
1677 2740 1878 2811 χάρτου
1909 2740 2000 2792 καὶ

437 2835 684 2906 μέλανος,
718 2834 852 2888 ἀλλά
889 2835 957 2888 δι’
984 2834 1155 2905 αὐτῆς
1186 2836 1287 2903 τῆς
1322 2830 1558 2902 ἐμαυτοῦ
1588 2831 1770 2900 φωνῆς
1808 2846 1867 2881 τε
1908 2829 2002 2881 καὶ

433 2923 675 2994 γλώττης
711 2924 780 2978 τά
819 2924 970 2995 παρά
1008 2925 1090 2977 σοὶ
1134 2924 1273 2977 καλά
1307 2923 1449 3000 (1.1),
1485 2921 1565 2974 σοί
1602 2938 1663 2973 τε
1708 2918 1857 2990 αὐτῷ
1907 2918 2001 2972 καὶ

433 3017 545 3077 τοῖς
565 3014 816 3082 ἀγαπῶσι
843 3032 901 3068 σε
928 3014 1016 3069 διὰ
1037 3015 1236 3078 παντὸς
1257 3012 1577 3085 διηγεῖσθαι.

2099 1924 2267 1975 altum
2310 1923 2587 1978 subibant.
2622 1926 2729 1979 Alii
2765 1937 2947 1980 autem
2979 1928 3243 1998 gregatim
3302 1928 3495 1983 ordine
3533 1929 3673 1983 alios

2099 2013 2452 2083 insequentes
2510 2016 2649 2069 mira
2717 2018 2982 2086 spectatio
3056 2026 3212 2072 erant
3263 2018 3422 2074 nobis
3482 2018 3671 2072 talium

2101 2101 2353 2155 insuetis.
2385 2103 2623 2159 Cernere
2650 2118 2781 2158 vero
2813 2114 2931 2159 crat
2962 2105 3089 2160 alibi
3116 2107 3278 2159 alium
3297 2107 3528 2176 piscium
3553 2123 3675 2176 gre-

2102 2207 2245 2261 gem,
2275 2196 2591 2248 racematim
2620 2196 2686 2249 ad
2719 2198 2874 2266 panis
2902 2196 3134 2252 frustum
3169 2198 3559 2253 condensatum
3581 2216 3597 2265 ;
3620 2205 3675 2251 et

2103 2284 2290 2350 alium,
2314 2286 2405 2354 qui
2439 2288 2863 2356 propulsabatur
2883 2288 2951 2343 ab
2980 2290 3123 2355 alio;
3153 2290 3385 2345 alterum
3422 2304 3554 2343 vero
3583 2304 3677 2342 su-

2102 2386 2199 2444 pra
2235 2375 2587 2442 insilientem,
2634 2378 2784 2433 illum
2829 2389 3008 2435 autem
3060 2381 3525 2437 succumbentem.
3568 2378 3674 2434 Sed

2101 2472 2155 2519 et
2185 2465 2378 2520 horum
2399 2468 2728 2525 oblivionem
2750 2469 2931 2526 ellecit
2957 2472 3011 2526 in
3039 2473 3377 2543 palmitibus,
3411 2481 3465 2527 et
3494 2473 3676 2541 qualis

2102 2571 2208 2608 uva
2246 2558 2407 2613 nobis
2449 2559 2765 2629 importata,
2817 2564 3078 2634 variaque
3115 2564 3363 2619 autumni
3418 2562 3674 2629 ambitio;

2103 2647 2431 2717 prandiique
2457 2653 2738 2720 apparatio
2758 2694 2773 2715 .
2802 2663 2856 2707 et
2884 2653 3089 2719 diversi
3117 2655 3337 2725 generis
3355 2654 3600 2717 obsonia,
3623 2663 3679 2707 et

2106 2738 2351 2793 ciborum
2383 2742 2754 2806 condimenta,
2788 2755 2842 2800 et
2874 2745 3121 2809 bellaria,
3157 2758 3210 2803 et
3240 2747 3677 2817 propinationes,

2107 2837 2161 2882 et
2184 2830 2407 2886 calices.
2454 2830 2553 2887 Ubi
2589 2834 2755 2905 igitur
2783 2845 2906 2906 post
2937 2837 3284 2892 saturitatem
3317 2837 3429 2905 jam
3457 2838 3522 2889 ad
3551 2836 3681 2889 dor-

2107 2922 2644 2981 miendum‘delatus
2670 2943 2792 2983 sum
2813 2969 2829 2996 ,
2866 2945 2952 2984 me
2980 2930 3227 3000 epistolae
3268 2930 3434 2999 hujus
3466 2928 3681 2984 descri-

2109 3020 2319 3081 ptorem
2354 3015 2611 3083 praestiti,
2663 3025 2718 3072 et
2761 3020 2917 3089 quasi
2970 3019 3301 3079 insomnium
3328 3063 3342 3086 ,
3392 3020 3678 3090 epistolam

435 3107 758 3176 eloquentia
815 3115 920 3162 tuae
972 3115 1213 3176 nugatus
1267 3121 1409 3160 sum.
1459 3104 1660 3159 Precor
1695 3109 1900 3164 autem,
1943 3107 2002 3155 ut
2057 3118 2167 3157 non
2223 3121 2319 3173 per
2341 3106 2590 3161 chartam
2617 3116 2671 3163 et
2718 3118 3109 3176 atramentum,
3152 3128 3339 3166 verum
3379 3127 3477 3180 per
3505 3112 3680 3178 ipsam

436 3206 637 3257 memet
675 3199 851 3269 ipsius
892 3214 1079 3254 vocem
1110 3207 1165 3253 et
1192 3198 1457 3266 linguam,
1490 3210 1612 3265 qua:
1651 3194 1794 3265 apud
1826 3200 1879 3248 te
1919 3193 2054 3250 adeo
2086 3196 2317 3267 pulchra
2341 3206 2475 3252 sunt
2516 3206 2625 3253 tam
2672 3200 2750 3255 tui
2817 3203 3014 3273 ipsius,
3054 3219 3217 3275 quam
3267 3202 3344 3257 tui
3379 3202 3684 3256 amantium

440 3289 751 3356 commodo,
786 3291 992 3362 possim
1039 3287 1393 3345 enarratione
1434 3285 1657 3341 omnino
1689 3299 1992 3340 recensere.

965 3527 1310 3582 ΕΠΙΣΤΟΑΗ
1356 3529 1486 3582 KA'.

2568 3517 2903 3574 EPlSTOLA
2942 3517 3058 3571 XXI
3097 3518 3230 3589 (ιδ).

445 3657 727 3715 Ablabium
788 3664 1100 3722 antistitem.
1155 3662 1305 3729 cujus
1367 3677 1469 3713 non
1519 3659 1677 3713 nimis
1723 3655 1986 3729 entendati
2026 3664 2298 3713 mores.ut
2344 3652 2585 3729 rectioris
2643 3653 2763 3729 vitm
2814 3653 3069 3729 rationem
3097 3661 3347 3721 sequatur
3385 3650 3455 3703 ad
3495 3648 3675 3703 melio-

521 3747 627 3784 rem
664 3732 866 3801 frugem
898 3752 952 3787 se
989 3722 1264 3801 recipiens,
1301 3732 1548 3781 hortatur
1575 3770 1590 3794 ,
1634 3726 2060 3780 moderatissima
2099 3724 2522 3789 commonitione,
2545 3730 2593 3775 et
2618 3723 2749 3776 scito
2776 3722 3005 3790 artiﬁcio
3040 3738 3187 3775 usus.

919 3871 1193 3936 Ἇϐλαϐῑῳ
1234 3869 1563 3934 ἐπισκόπῳ.

521 3961 697 4029 Τέχνη
739 3959 821 4022 τίς
873 3959 989 4011 ἐστι
1038 3957 1374 4028 περιστερῶν
1424 3952 1718 4027 θηρευτικὴ
1776 3951 2018 4019 τοιαύτη·

453 4051 623 4103 Ὅταν
654 4054 752 4119 τῆς
797 4050 925 4118 μιᾶς
972 4051 1258 4118 ἐγκρατεῖς
1308 4049 1570 4116 γένωνται
1603 4048 1652 4097 οἱ
1696 4044 1766 4097 τά
1802 4043 2022 4095 τοιαῦτα

454 4140 877 4205 σπουδάζοντες,
931 4142 1023 4192 καὶ
1078 4139 1334 4210 χειροήθη
1390 4138 1559 4208 αὐτὴν
1617 4138 1711 4190 καὶ
1765 4136 2023 4207 ὁμότιμον

454 4233 876 4307 ἀπεργάσωνται
903 4233 1036 4303 (12),
1072 4231 1192 4284 τότε
1230 4231 1385 4302 μύρῳ
1422 4231 1519 4293 τὰς
1552 4229 1827 4302 πτέρυγας
1857 4229 2024 4297 αὐτῆς

520 4390 606 4473 ⁸(8)
651 4388 1179 4473 Ἠμιφιανεῖςὶιῐορι
1199 4388 1378 4443 adsint
1405 4388 1699 4473 cptnposita
1733 4387 1901 4440 multa
1928 4401 2032 4439 no-
2080 4352 2085 4359 ι

459 4458 607 4515 mina
640 4476 671 4514 a
703 4458 1024 4530 (parhg,_fcoﬁ
1049 4460 1267 4526 φανέος·
1305 4459 1448 4530 quod
1484 4458 1659 4525 ipsum
1709 4467 1886 4509 tamen
1922 4471 2029 4530 non

460 4540 545 4585 est
583 4530 638 4584 in
672 4526 867 4598 priscis
897 4528 1099 4584 Graecis
1162 4526 1559 4598 scriptoribus;
1619 4537 1855 4598 attamen
1929 4526 2029 4598 hoc

461 4595 742 4670 ἡμιιρανῆς
771 4600 823 4652 ἰιι
858 4599 965 4653 illis
994 4615 1098 4653 non
1133 4595 1428 4670 invenitur.
1463 4595 1604 4670 Ideni
1639 4595 1930 4670 dicendum
1963 4596 2030 4649 de

463 4667 846 4729 διακυϐιστάω,
871 4678 924 4722 et
942 4668 1321 4738 κατασκιρτάω
1338 4710 1350 4731 ,
1370 4682 1489 4738 qtae
1512 4669 1564 4720 in
1594 4667 1726 4734 ipsis
1752 4681 1855 4716 non
1878 4674 2026 4738 sunt,

462 4750 612 4792 recte
641 4739 857 4805 quidem
881 4735 1190 4795 κυϐιστάωξ
1216 4746 1269 4791 et
1301 4736 1557 4808 σκιρτὰω.
1613 4740 1681 4789 At
1709 4749 1835 4788 vero
1861 4735 2030 4804 signi-

470 4809 751 4861 licationes
786 4822 894 4860 non
929 4810 1164 4861 variant.

507 4945 519 4954 _
536 4876 618 4954 _(9)
664 4875 872 4954 ξΑγέέη
906 4878 1047 4930 enim
1074 4885 1156 4954 est
1187 4877 1508 4954 vocabulum
1545 4874 1914 4954 multitudinis
1936 4914 1950 4938 ,
1981 4880 2033 4926 et

470 4944 627 4999 ἄλλον
661 4945 752 4998 ὑπ’
784 4945 942 4997 ἄλλου
982 4954 1066 4999 est
1127 4945 1236 4999 l'ere
1279 4947 1366 5000 hic
1432 4948 1551 4999 loco
1591 4944 1832 5005 adverbii
1864 4962 1879 5000 :
1938 4958 2034 4997 seu

472 5030 573 5084 pro
600 5014 885 5082 ἀλλήλους.

544 5085 653 5154 (10)
681 5084 1048 5150 Φιλοτησίαι.
1067 5083 1161 5138 Est
1187 5084 1426 5153 profecto
1445 5084 1750 5154 propinatio
1779 5088 2041 5154 postem-

475 5169 599 5207 nam
633 5152 1021 5208 benevolentim
1048 5152 1212 5221 ergo;
1243 5162 1295 5207 et
1326 5152 1572 5208 invitatio
1616 5154 1679 5208 ad
1714 5152 2035 5222 potandum.

478 5223 792 5293 φιλοτησίας
817 5222 1098 5305 προπξνειν
1119 5223 1390 5305 Demosth.
1410 5243 1422 5277 :
1445 5223 1591 5305 quod
1620 5221 2041 5305 latitie,'poculis

476 5290 740 5363 poscere,
800 5290 1128 5363 φιλοτήσιος,
1199 5307 1286 5346 res
1351 5290 1604 5349 incitans.
1658 5290 2038 5363 illecebra_ad

476 5360 896 5432 propinandum,
929 5362 1233 5431 φιλοτήσιος
1274 5364 1486 5432 κρατήρ
1511 5379 1524 5393 ο
1563 5371 1617 5417 et
1650 5363 1718 5414 τὰ
1760 5360 2042 5430 φιλοτήσια

477 5441 606 5488 Sunt
643 5433 711 5484 τὰ
735 5432 1169 5485 συνουσιαστικά.

446 5524 449 5525 ν
546 5502 656 5569 (ll)
719 5502 792 5554 Τὰ
820 5502 976 5569 παρὰ
1013 5503 1109 5554 σοὶ
1139 5500 1313 5554 καλά.
1374 5499 1486 5554 llac
1531 5499 1783 5568 loquendi
1831 5500 2042 5553 ratione

482 5571 732 5624 indicare
779 5570 1061 5638 Nyssenns
1093 5572 1313 5625 videtur
1351 5571 1541 5625 hortos
1580 5586 1702 5624 esse
1752 5569 2036 5638 Adelphii;

481 5641 576 5694 sed
609 5656 673 5692 ex
715 5637 945 5708 epistola
982 5642 1096 5709 ipsa
1125 5650 1180 5695 et
1210 5642 1330 5709 ejus
1370 5640 1680 5696 sententiis.
1707 5650 1761 5691 et
1786 5656 1849 5693 ex
1878 5637 2039 5709 modo

482 5725 590 5778 quo
614 5711 701 5762 illa
733 5708 1021 5774 scribitur,
1049 5713 1158 5764 imo
1215 5708 1282 5765 co
1333 5713 1461 5777 quia
1493 5710 1760 5778 ejusmodi
1800 5708 2045 5761 narratio

483 5782 641 5850 longa
676 5779 894 5835 domino
913 5780 1014 5835 loci
1054 5796 1159 5835 non
1192 5788 1486 5846 tcxcrctur,
1524 5779 1668 5835 credi
1696 5780 1747 5833 id
1785 5795 1892 5833 non
1923 5793 2048 5848 pos-

2049 3869 2096 3930 C

2644 3861 2870 3915 Ablabio
2911 3858 3172 3913 Antistiti.

2198 3957 2304 4011 Ars
2328 3953 2579 4025 quaedam
2615 3961 2700 4008 est
2722 3950 3081 4022 aucupatoria
3114 3946 3514 4009 columbarum,
3546 3943 3695 4013 ejus-

2130 4044 2301 4099 modi.
2335 4041 2566 4108 Quando
2597 4055 2704 4094 una
2750 4040 3003 4094 columba
3038 4038 3195 4108 potiti
3224 4045 3352 4091 sunt
3386 4035 3478 4105 qui
3506 4034 3698 4103 hujus-

2132 4136 2276 4190 modi
2307 4134 2474 4189 rebus
2504 4132 2747 4197 student,
2792 4131 3077 4201 ipsamque
3113 4135 3452 4183 mansuetam
3495 4134 3551 4179 et
3593 4123 3700 4180 sibi

2131 4228 2397 4297 collegam
2422 4223 2757 4292 ell'ecerunt;
2786 4231 2902 4278 tum
2927 4223 3105 4293 ipsam
3136 4222 3238 4277 alis
3271 4225 3554 4290 unguento
3577 4230 3700 4289 per-

2137 4392 2241 4439 set.
2286 4382 2457 4437 Dubia
2507 4397 2597 4436 res
2630 4380 2889 4450 quidem:
2923 4386 3246 4448 argumenta
3286 4375 3423 4429 satis
3459 4387 3571 4450 non
3608 4372 3704 4450 ad-

2138 4461 2265 4509 sunt
2297 4468 2416 4507 eam
2450 4439 2832 4521 dignoscendi.
2850 4439 3072 4521 Certum
3098 4460 3398 4521 verumque
3418 4448 3521 4521 est,
3546 4439 3706 4521 Adel-

2135 4524 2246 4593 phii
2276 4536 2441 4589 opera
2469 4514 2538 4576 ef
2564 4521 2746 4575 studio
2780 4520 2948 4593 multa
2996 4519 3048 4571 in
3103 4517 3277 4570 hortis
3327 4514 3471 4567 facta
3504 4529 3516 4563 :
3549 4517 3607 4562 ut
3648 4514 3704 4563 in

2135 4591 2365 4663 epistola
2404 4607 2579 4663 supra
2607 4591 2952 4663 enuntiatum
2985 4596 3091 4663 est.

2206 4663 2317 4730 (1‘2)
2337 4662 2442 4714 Καὶ
2473 4649 2753 4728 ὃμότιμον
2777 4656 3245 4730 ἀίτ-εργάοξωνται.
3270 4649 3704 4730 Elegantissima,

2133 4740 2187 4787 et
2209 4719 2517 4800 ‘priecipue'
2553 4719 2782 4800 venusta
2825 4719 3057 4800 Nisseni
3082 4719 3413 4800 metaphora
3437 4759 3475 4800 ,Ι
3499 4719 3705 4800 ingenii

2134 4788 2295 4872 plena
2315 4788 2420 4872 ;_aé
2441 4802 2581 4872 inter
2610 4797 2842 4852 eximias
2876 4788 3193 4872 Homericas
3217 4788 3396 4872 locum
3425 4788 3590 4869 digna
3626 4797 3707 4872 te-

2136 4857 2286 4926 nere.
2316 4857 2543 4937 Nysseni
2576 4881 2739 4921 sensu
2771 4879 2876 4937 vos
2911 4861 3154 4937 adhibita
3187 4860 3429 4937 ejusdem
3462 4857 3708 4937 ministe-

2136 4941 2205 4995 rii
2244 4928 2576 4992 iunctionem
2623 4941 2775 4988 notat
2795 4949 2819 5003 :7
2843 4932 3102 5003 ὁμότιμος
3143 4933 3287 4984 enim
3326 4928 3706 5003 est-aqualem

2140 5010 2403 5063 honorem
2463 5020 2587 5058 cum
2645 5005 2752 5057 alio
2810 4995 3039 5064 habens,
3086 5000 3314 5062 honore,
3358 4998 3438 5051 vel
3482 4995 3709 5048 honoris

2140 5077 2455 5133 conditione
2469 5088 2713 5142 compar,
2739 5071 2966 5139 aequalis
2986 5071 3074 5142 got
3098 5070 3348 5142 ὁμότιμοι
3378 5064 3708 5142 (homotimi)

2144 5153 2272 5201 sunt
2312 5147 2403 5213 qui
2446 5145 2515 5197 ab
2570 5133 3147 5213 honoris-aequalitate
3178 5133 3711 5213 ita'voc'antttt'.mSic

2146 5201 2410 5283 Philclph.
2453 5213 2594 5282 apud
2632 5201 2986 5283 chophont.
3016 5208 3170 5261 dicti.
3205 5206 3280 5260 Ita
3319 5205 3480 5283 etiam
3515 5219 3550 5283 ει
3582 5201 3710 5256 Plu-

2148 5272 2337 5339 tarcho
2358 5272 2660 5337 senatores.
2696 5272 2833 5332 Hinc
2861 5293 3204 5346 consequens
3222 5284 3326 5338 est,
3362 5283 3422 5346 ut
3451 5272 3713 5346 ὁμότιμος

2148 5357 2217 5410 sit
2243 5367 2461 5422 quoque
2495 5350 2801 5422 cpllega_jn_
2815 5341 3060 5422 munere
3080 5346 3354 5401 obeundo.
3378 5341 3556 5412 Atque
3582 5341 3714 5422 hinc

2146 5410 2399 5479 columba
2425 5410 2861 5475 eisdemvofﬁeiis
2893 5419 3122 5485 fungens
3151 5432 3273 5470 cum
3305 5410 3554 5485 aucupe,_
3581 5410 3711 5465 dum

2148 5510 2277 5547 aves
2337 5492 2404 5545 ad
2458 5506 2517 5545 se
2576 5488 2893 5556 conscripto
2951 5479 3184 5540 artiﬁcio
3226 5479 3558 5556 peliicitfuei
3627 5485 3715 5532 est

2120 5564 2431 5633 ὁμότιμος.
2466 5549 2817 5633 ιιοιιιοιὶιιιοεῖ
2860 5556 3073 5633 Idcirco
3102 5549 3269 5633 igitur
3297 5555 3372 5633 ita
3396 5568 3431 5633 ξι
3464 5549 3714 5633 Nysseno

2151 5617 2506 5688 subtilissime
2535 5628 2637 5681 fuit
2667 5635 2998 5694 nuncupata.
3028 5617 3284 5678 Naiianz.
3316 5624 3373 5678 in
3392 5617 3544 5677 Orat.
3578 5617 3718 5681 dixit

2152 5704 2313 5758 etiam
2346 5701 2583 5769 ὁμότιμα
2611 5699 2710 5764 τὴν
2738 5696 3011 5769 ἀσέϐειαν.

2232 5719 2313 5754 am
2346 5718 2371 5752 ο
2419 5718 2583 5753 artua.
2611 5718 2710 5764 την
2738 5718 3011 5750 ασευειαν.

2226 5771 2336 5843 ([5)
2375 5718 2572 5826 iterum
2598 5784 2660 5824 ex
2690 5766 2931 5824 editione
2956 5763 3007 5821 J.
3031 5762 3091 5819 B.
3125 5760 3447 5821 Caraccioli.
