4068 6154
457 248 600 305 1087

1749 260 1807 316 5.
1854 260 2191 347 GREGORII
2229 266 2525 325 NYSSENI

3575 277 3721 337 I038

456 364 611 419 litam
634 365 972 424 sinuntcum
1004 370 1147 434 aliis,
1184 386 1304 442 qtta‘.
1340 373 1475 429 foris
1501 386 1628 431 sunt
1661 388 2025 451 congregatae.

2136 385 2522 458 ὑποχρίσαντες
2545 390 2681 462 (Ib),
2706 391 2837 444 ὲῶσι
2865 394 3337 463 συναγελασθῆναι
3352 395 3471 458 ταῖς
3491 393 3716 460 ἔξωθεν.

452 453 589 521 Quae
619 458 838 528 quidem
877 461 1142 532 unguenti
1187 453 1357 518 odore
1390 465 1584 521 harum
1621 485 1864 540 gregem,
1907 487 2031 541 quae

449 547 561 615 jam
592 550 675 603 sui
699 549 961 618 estjuris,
992 553 1231 608 cicurem
1263 571 1482 627 quoque
1514 557 1675 613 cﬁicit
1709 562 1758 614 ei
1788 563 1879 630 qui
1907 577 2028 618 eam

452 638 684 696 dimisit.
728 640 810 694 Ad
845 643 966 697 illas
999 646 1201 700 etenim
1235 662 1357 717 qua:
1401 649 1603 704 bonum
1643 652 1856 720 spirant
1889 654 2027 709 odo-

452 745 606 794 rem,
664 739 719 785 et
790 734 1014 804 reliquae
1084 737 1402 811 immigrant
1455 741 1630 797 simul
1699 754 2023 814 prosecutae.

451 819 592 885 Quid
623 822 755 875 mihi
794 825 917 878 volo
945 827 1073 881 inde
1106 827 1406 896 praefatus?
1441 830 1596 896 Quod
1627 848 1821 902 nempe
1851 833 2023 887 ﬁlium

450 910 711 967 Basiliam
743 917 1135 983 quondam.....
1168 920 1357 977 divino
1389 932 1665 992 unguento
1693 927 1888 980 animae
1924 927 2026 982 alis

451 1005 759 1060 delibutum
795 1009 861 1062 ad
890 1009 1171 1064 colendam
1206 1015 1569 1069 reverentiam
1600 1025 1747 1071 tuam
1785 1018 1931 1083 misi,
1966 1025 2025 1073 ut

450 1102 505 1147 ct
531 1111 653 1149 cum
674 1097 792 1167 ipso
814 1099 868 1152 in
901 1099 1069 1153 altum
1104 1110 1161 1156 tu
1193 1105 1453 1160 convolcs
1475 1148 1489 1170 ,
1522 1114 1578 1159 et
1606 1107 1793 1161 nidum
1827 1123 2024 1178 appre-

451 1183 683 1250 hendas,
720 1202 882 1255 quem
930 1188 1075 1257 apud
1117 1205 1219 1245 nos
1247 1192 1544 1261 prcedictus
1583 1195 1686 1249 sibi
1729 1197 2022 1266 compegit.

450 1273 508 1327 Si
546 1275 660 1330 haec
698 1277 851 1341 ﬁant,
894 1287 947 1332 et
980 1280 1166 1337 videre
1208 1283 1440 1352 possim,
1482 1285 1610 1338 dum
1643 1285 1788 1350 vivo,
1822 1288 2022 1350 nobili-

451 1371 620 1419 tatem
657 1373 805 1420 tuam
854 1369 921 1423 ad
957 1371 1311 1426 excelsiorem
1344 1375 1508 1426 vitam
1560 1382 2021 1444 transmutatam;

451 1453 632 1509 debita
678 1472 708 1511 a
734 1473 819 1514 me
845 1460 1144 1530 gratiarum
1171 1465 1312 1518 actio
1342 1463 1659 1533 plenissime
1686 1465 1794 1521 Deo
1824 1467 2026 1537 poterit

449 1547 725 1614 praestari.

963 1772 1301 1829 EPISTOLA
1335 1774 1500 1830 XXII.

1050 1892 1409 1946 Antistitibus.

521 1978 647 2037 Dies
678 1989 789 2035 tres
814 1990 1006 2045 erant,
1042 1998 1165 2052 quae
1195 1984 1516 2053 prophetam
1551 1986 1604 2041 in
1630 1992 1749 2041 cete
1777 1985 2028 2041 detinue-

449 2080 601 2127 runt.
646 2073 751 2128 Sed
793 2082 974 2128 tamen
1009 2073 1178 2130 Jonas
1211 2075 1371 2130 taedio
1407 2076 1695 2132 confectus
1748 2075 1868 2131 fuit.
1917 2075 2027 2147 Ego

448 2177 583 2219 vero
616 2171 826 2218 tantum
860 2173 1077 2235 tempus
1112 2167 1166 2221 in
1203 2168 1287 2222 his
1321 2168 1395 2222 nil
1446 2183 1673 2238 prorsus
1709 2167 2026 2237 paenitenti-

451 2254 556 2309 bus
580 2254 872 2321 Ninivitis,
907 2259 1075 2313 veluti
1109 2259 1162 2313 in
1202 2260 1331 2314 ferae
1360 2260 1672 2315 visceribus
1706 2269 1897 2315 teneor
1922 2302 1936 2327 ,
1973 2268 2027 2315 ct

450 2345 694 2398 nondum
727 2347 879 2416 potui
920 2349 988 2403 ab
1030 2348 1115 2404 his
1160 2351 1331 2406 vastis
1370 2349 1626 2405 faucibus
1667 2350 1866 2404 evomi.
1895 2347 2026 2403 Pre-

449 2450 546 2490 ces
574 2437 744 2506 igitur
772 2438 983 2494 fundite
1008 2440 1151 2507 Deo,
1183 2449 1243 2496 ut
1271 2442 1445 2512 gratia
1478 2440 1824 2505 conﬁciatur,
1849 2448 1909 2492 ut
1934 2453 2027 2493 ve-

2142 475 2210 528 'H
2245 477 2303 529 δὲ
2347 477 2440 530 τοῦ
2475 478 2650 550 μύρου
2681 483 2747 551 τῇ
2788 481 2985 551 εὐωδίᾳ
3035 481 3132 553 τὴν
3172 482 3472 553 αὐτόνομον
3509 485 3722 556 ταύτην

2129 565 2329 635 ἀγέλην
2369 567 2623 624 τιθασσὸν
2660 573 2894 625 ποιεῖται
2938 571 3017 641 τῷ
3068 573 3375 643 προεμένῳ.
3417 576 3564 645 Πρὸς
3603 575 3724 646 γὰρ

2126 657 2226 721 τὰς
2249 657 2480 724 εῦπνους
2498 660 2664 727 οῦσας
2710 664 2801 717 καὶ
2823 664 2882 717 αἱ
2903 662 3086 717 λοιπαὶ
3112 665 3507 733 συνεφέπονταί
3529 683 3592 719 τε
3616 667 3721 719 καὶ

2127 748 2527 811 είσοικίζονται.
2549 751 2613 804 Τί
2637 752 2957 825 βουλόμενος
2983 753 3231 808 ἐντεῦθεν
3257 755 3717 827 προοιμιάζομαι;

2129 837 2250 892 Ὀτι
2281 843 2373 896 τὸν
2408 842 2521 895 υἱὸν
2548 843 2825 899 Βασίλειον
2871 847 2964 899 τόν
2993 863 3124 899 ποτε
3153 846 3421 915 διογέν....
3463 847 3544 918 τῷ
3580 847 3717 917 θείῳ

2130 930 2287 1002 μύρῳ
2311 932 2408 996 τὰς
2442 934 2544 1004 τῆς
2568 934 2747 1005 ψυχῆς
2781 934 3060 1007 πτέρυγας
3099 935 3382 1006 διαχρίσας
3422 936 3715 1008 ἐξέπεμψα

2127 1021 2263 1091 πρὸς
2307 1023 2406 1094 τὴν
2455 1024 2554 1095 σὴν
2589 1027 3048 1097 σεμνοπρέπειαν.
3102 1029 3263 1080 Ὥστε
3305 1028 3399 1081 καὶ
3442 1029 3501 1082 σὲ
3560 1028 3715 1098 αὐτῷ

2132 1113 2556 1186 συναναπτῆναι,
2584 1118 2678 1170 καὶ
2720 1116 3049 1171 καταλαϐεῖν
3081 1115 3180 1188 τὴν
3224 1115 3439 1183 καλιὰν,
3466 1116 3538 1187 ἢν
3579 1117 3717 1186 παρ’

2130 1205 2262 1276 ἡμῖν
2292 1209 2320 1259 ὁ
2344 1208 2743 1280 προειρημένος
2772 1208 3030 1279 ἐπήξατο.
3066 1209 3127 1261 EI
3149 1207 3323 1262 ταῦτα
3356 1207 3587 1276 γένοιτο,
3616 1209 3721 1261 καὶ

2133 1293 2295 1365 ἴδοιμι
2322 1298 2415 1350 ἐπὶ
2436 1299 2534 1368 τῆς
2557 1299 2695 1370 ἐμῆς
2719 1300 2864 1368 ζωῆς
2899 1298 2999 1369 τὴν
3025 1298 3123 1369 σὴν
3146 1298 3425 1367 εὐγένειαν
3451 1299 3593 1369 πρὸς
3619 1298 3719 1352 τὸν

2134 1384 2466 1458 ὑψηλότερον
2516 1388 2629 1459 βίον
2669 1390 3080 1461 μετατεθεῖσαν,
3122 1389 3219 1461 τὴν
3260 1389 3735 1465 χρεωστουμένηνι

2133 1476 2263 1548 παρ’
2295 1478 2429 1549 ἐμοῦ
2466 1478 2543 1551 τῷ
2574 1480 2691 1552 Θεῷ
2728 1482 3082 1554 εὐχαριστίαν
3118 1480 3605 1553 ἀποπληρὼσαιμι.

2658 1787 3005 1842 ΕΠΙΣΤΟΛΗ
3043 1788 3172 1841 KB’.

2655 1900 2788 1966 Τοῖς
2814 1902 3191 1964 ἐπισκόποις.

2206 1988 2366 2059 Τρεῖς
2401 1984 2542 2060 ἦσαν
2577 1989 2776 2060 ἡμέραι
2811 1991 2864 2042 ai
2897 1989 2986 2044 τὸν
3022 1990 3307 2060 προφήτην
3340 1988 3397 2041 ὲν
3427 1985 3504 2057 τῷ
3550 1988 3717 2056 κήτει

2138 2079 2479 2149 κατέχουσαι.
2519 2079 2656 2131 Ἀλλ’
2683 2080 2831 2149 ὅμως
2854 2082 2883 2133 ὁ
2920 2080 3101 2141 Ἰωνᾶς
3125 2078 3436 2150 ὴκηδίασεν.
3484 2074 3625 2143 Ἐγὼ
3652 2076 3717 2129 δὲ

2135 2170 2386 2222 τοσοῦτον
2407 2169 2594 2241 χρόνον
2621 2169 2728 2240 ἔχω
2753 2172 2810 2222 ὲν
2838 2173 2946 2235 τοῖς
2970 2171 3355 2242 ἀμετανοήτοις
3378 2169 3717 2230 Νινευῖταις,

2136 2262 2193 2314 ὲν
2218 2264 2327 2324 τοῖς
2348 2261 2672 2331 σπλάγχνοις
2695 2262 2789 2315 τοῦ
2813 2262 2999 2333 θηρίου
3023 2261 3410 2333 κρατούμενος·
3440 2260 3534 2313 καὶ
3555 2257 3717 2312 οὔπω

2134 2351 2462 2425 ἐξεμηθῆναι
2492 2354 2592 2424 τῆς
2619 2353 2851 2425 ἀχανοῦς
2882 2354 3084 2424 ταύτης
3113 2353 3390 2424 φάρυγγος
3415 2350 3716 2422 ἠδυνήθην.

2128 2441 2369 2506 Εῧῖξζοισθε
2400 2439 2494 2497 οῦν
2527 2444 2605 2515 τῷ
2636 2445 2824 2516 Κυρίῳ
2860 2445 3208 2515 τελειωθῆναι
3257 2443 3356 2513 τὴν
3387 2443 3569 2512 χάριν,
3618 2441 3716 2493 ἵνα

450 2526 566 2579 niat
616 2527 854 2582 edictum
905 2531 1048 2600 quod
1101 2547 1169 2585 ex
1220 2530 1536 2602 hujusmoJi
1589 2530 1870 2601 pressibus
1924 2544 2025 2584 nos

2134 2531 2256 2605 ἔλθῃ
2280 2531 2340 2584 τὸ
2376 2533 2701 2605 πρόσταγμα
2730 2534 2790 2587 τὸ
2809 2535 2906 2606 τῆς
2938 2533 3165 2603 συνοχῆς
3194 2532 3394 2603 ταύτης
3422 2532 3712 2601 ῥυόμενον»

449 2625 645 2685 eruat;
683 2628 737 2675 et
766 2635 946 2677 meum
980 2624 1393 2680 tabernaculum
1423 2638 1688 2694 assequar
1719 2636 1853 2695 ego,
1884 2630 1939 2676 et
1970 2621 2026 2674 in

2134 2622 2223 2675 καὶ
2263 2624 2552 2678 καταλάϐω
2592 2625 2690 2697 τὴν
2726 2625 2963 2698 ἐμαυτοῦ
2995 2625 3221 2696 σκηνὴν,
3269 2623 3363 2677 καὶ
3408 2621 3503 2675 ὑπ’
3537 2620 3716 2690 αὐτὴν

447 2708 570 2779 ipso
598 2712 964 2782 requiescam.

2134 2713 2554 2785 ἀναπαύσωμαι.

2039 2860 2110 2873 -α

953 2954 1294 3011 EPISTOLA
1331 2953 1518 3009 XXIII.

904 3068 1036 3135 Quae
1069 3069 1180 3122 sine
1214 3069 1575 3138 inscriptione.

518 3154 700 3213 Pareo
740 3158 912 3213 multo
953 3161 1230 3226 sermoni,
1277 3160 1538 3229 quoniam
1584 3158 1696 3213 tuis
1740 3157 2026 3214 laboribus

451 3263 685 3318 parcere
731 3251 874 3305 volo.
937 3251 1409 3307 Commoneiacito
1469 3267 1589 3322 quae
1632 3252 1701 3307 ad
1747 3259 1797 3306 te
1846 3253 2024 3322 ipsum

2648 2957 2991 3012 ΕΠΙΣΤΟΔΗ
3044 2958 3171 3012 Kl".

2697 3070 3147 3141 Ἀνεπίγραερος.

2202 3162 2455 3232 Φείδομαι
2495 3160 2703 3215 πολλῶν
2731 3162 2922 3230 λόγων,
2958 3160 3146 3232 ἐπειδὴ
3176 3161 3427 3231 φείδομαι
3461 3158 3569 3211 τῶν
3596 3158 3714 3214 σῶν

2134 3254 2412 3322 καμάτων.
2460 3254 2868 3324 ’Υπομνήσθητι
2920 3252 3026 3306 τῶν
3082 3251 3341 3318 σεαυτοῦ,
3389 3252 3483 3304 καὶ
3529 3251 3711 3304 πάντα

454 3349 751 3412 spectant,
787 3351 841 3397 et
872 3343 1054 3397 omnia
1089 3343 1227 3398 bene
1270 3343 1549 3399 habebant
1592 3343 1647 3397 in
1690 3344 1895 3399 illustri
1934 3360 2027 3414 po-

2134 3346 2239 3412 ἕξει
2269 3344 2345 3415 τῷ
2371 3345 2607 3415 φαιδίμῳ
2630 3345 2829 3409 καλῶς.
2861 3346 3072 3415 Τάχους
3093 3345 3251 3416 χρεία
3272 3346 3337 3415 τῇ
3364 3342 3566 3414 χάριτι.
3596 3342 3712 3395 Mé-

455 3435 582 3490 sita.
619 3432 915 3489 Celeritate
950 3450 1088 3506 opus
1121 3443 1208 3491 est
1237 3437 1425 3507 gratiae
1470 3435 1835 3492 conferendae.
1885 3435 2029 3491 llac-

455 3535 616 3583 tenus
641 3533 836 3582 nostra
870 3527 1201 3583 adhortatio.

972 3750 1309 3807 EPISTULA
1348 3750 1538 3806 XXIV.

458 3883 774 3940 Divinarum
811 3902 988 3941 rerum

2136 3454 2226 3508 χρι
2262 3435 2446 3488 τούτου
2481 3434 2636 3506 ἡμῶν
2669 3439 2702 3506 ή
2746 3435 3109 3506 παράκλησις.

2673 3744 3017 3802 ΕΠΙΣΤΟΛΠ
3055 3748 3145 3800 ΚΔ
3165 3788 3181 3803 .

1024 3888 1149 3955 ﬁdei
1184 3904 1447 3941 sermones
1486 3888 1649 3941 libero
1685 3905 1893 3953 animo,
1934 3899 1982 3943 et
2019 3900 2163 3945 recta
2201 3896 2369 3943 mente
2405 3893 2643 3954 exceptos
2696 3895 2882 3955 aperta
2922 3883 3267 3955 intelligentia
3317 3899 3418 3936 non
3468 3894 3707 3939 carentes

533 3957 807 4025 prwfatur.
847 3956 972 4009 Rem
1011 3953 1370 4012 Christianam
1409 3972 1474 4010 ea:
1510 3959 1708 4012 duobus
1748 3972 1986 4013 constare
2024 3961 2266 4014 docuisse
2305 3953 2577 4011 Christum
2604 3997 2617 4020 ,
2660 3953 2823 4008 tradit
2865 3970 2884 4007 :
2925 3971 2989 4009 ea:
3037 3953 3293 4025 doctrina,
3338 3955 3705 4018 decretorum,

532 4033 583 4077 et
617 4023 681 4076 eis
717 4036 866 4098 parte
897 4027 1135 4098 morali:
1172 4027 1392 4098 humani
1426 4038 1601 4080 autem
1640 4033 1837 4097 generis
1875 4029 2075 4083 hostem
2115 4036 2287 4098 prima
2326 4036 2476 4095 parte
2514 4042 2630 4098 qua:
2666 4026 3028 4098 pt'rrstantior.
3072 4023 3239 4091 magis
3263 4024 3525 4098 impetere
3561 4040 3655 4077 nos
3683 4065 3701 4088 ,

534 4094 971 4167 utpericulosior
1008 4105 1058 4148 et
1095 4096 1324 4150 validior
1362 4097 1458 4162 ﬁat
1499 4094 1785 4167 aggréssio.
1833 4099 1958 4152 Tres
1998 4094 2369 4153 subsistentias
2408 4094 2531 4149 esse
2555 4097 2612 4148 in
2652 4096 2828 4147 divina
2871 4094 3128 4167 Trinitate
3164 4108 3219 4167 re
3256 4095 3390 4164 ipsa,
3411 4110 3523 4167 non
3548 4109 3706 4167 vocn—

534 4161 673 4220 bulis
713 4164 883 4234 solum
920 4165 1233 4231 distinctas,
1276 4161 1734 4231 ostenditf'unam
1773 4185 1893 4222 vero
1949 4179 2233 4228 naturam.
2288 4182 2570 4234 earumque
2620 4167 2966 4231 proprietates
3024 4161 3286 4231 principes
3341 4166 3573 4230 exponit.
3632 4162 3701 4216 In

530 4243 731 4312 natura
777 4233 870 4312 {)ei
910 4245 1110 4312 monet,
1151 4239 1275 4305 quia
1313 4255 1414 4312 non
1454 4238 1807 4312 perceptibilis
1846 4240 1962 4312 ipsu
1988 4279 2003 4301 ,
2042 4255 2134 4312 nec
2173 4238 2314 4290 dicto
2353 4233 2697 4312 exponenda,
2738 4234 2943 4312 nullam
2978 4235 3146 4312 inesse
3176 4235 3567 4312 Aseparutionem
3605 4242 3699 4285 aut

530 4302 930 4375 (ti/ferentium;
967 4306 1092 4359 bene
1129 4300 1302 4358 tamen
1340 4300 1476 4367 has'.
1511 4318 1560 4361 et
1600 4300 1839 4362 ordinem
1866 4300 2061 4363 'adesse
2096 4310 2149 4362 in
2209 4300 2444 4375 personis
2505 4307 2620 4358 sine
2665 4305 3004 4375 confusione.
3047 4300 3274 4375 Dictum
3334 4304 3515 4375 [idem
3547 4319 3701 4375 sacro

532 4374 740 4447 lavacro
779 4391 1063 4447 consonam
1093 4392 1210 4447 esse
1249 4386 1484 4442 oportere
1521 4380 1740 4433 edocet:
1776 4373 2324 4447 existimationemque
2361 4384 2616 4447 nostram
2638 4373 2702 4427 de
2739 4373 2894 4447 huius
2921 4373 3056 4447 A/idei
3094 4377 3245 4447 rebus
3284 4389 3403 4426 cum
3441 4373 3545 4447 ﬁde
3583 4374 3695 4439 ipsa

530 4445 658 4499 dicit
701 4445 903 4516 (unum
942 4445 1006 4498 ab
1046 4445 1217 4498 altera
1255 4439 1658 4514 distinguens),
1699 4464 1984 4517 congruere
2040 4450 2165 4503 bene
2221 4439 2372 4515 posse
2429 4455 2478 4498 et
2533 4444 2737 4499 debere.
2797 4439 3028 4513 Denique
3080 4439 3290 4498 divinas
3346 4439 3696 4512 proprietates

530 4524 853 4580 enumerat,
894 4517 1125 4584 wquales
1162 4532 1383 4585 prorsus
1421 4518 1644 4586 singulis
1682 4533 2029 4586 personarum
2065 4536 2155 4572 eas
2190 4517 2584 4572 demonstrans.

938 4652 987 4706 11
993 4652 1260 4709 eracliano
1293 4654 1553 4710 hteretico.

529 4745 783 4800 Salubris
814 4745 936 4800 ﬁdei
977 4761 1161 4801 sermo
1193 4745 1338 4816 apud
1377 4762 1474 4800 eos
1496 4786 1510 4809 ,
1548 4745 1640 4815 qui
1678 4752 1827 4800 recto
1860 4759 2029 4799 sensu

458 4855 487 4893 a
522 4839 711 4893 divino
745 4839 945 4909 spiritu
979 4838 1227 4908 proditas
1257 4854 1419 4893 voces
1441 4841 1496 4892 in
1528 4839 1880 4908 simplicitate
1909 4853 2032 4893 sus-

457 4930 709 5000 cipiunt,
751 4931 858 4982 vim
886 4930 1107 4999 quidem
1141 4930 1302 4984 habet
1330 4946 1345 4995 ;
1386 4930 1645 4998 nullaque
1671 4928 1879 4998 indiget
1910 4943 2031 4983 ora-

456 5021 628 5076 tionis
669 5020 1066 5089 intelligentia,
1119 5028 1177 5074 ut
1223 5020 1343 5089 ejus
1394 5021 1596 5075 veritas
1645 5018 2028 5083 conﬁrmetur,

463 5131 590 5170 cum
630 5114 1147 5184 comprehensibilis
1190 5129 1249 5169 se
1296 5114 1418 5185 ipso
1452 5115 1557 5177 sit,
1589 5114 2032 5183 manifestusquc

455 5222 520 5263 es
555 5207 734 5279 prima
768 5206 890 5276 ejus
925 5206 1263 5273 traditione;
1299 5222 1463 5276 quam
1509 5222 1575 5261 cx
1610 5205 1824 5261 Domini
1858 5221 2023 5269 voce,

529 5342 640 5413 (14)
706 5342 1187 5413 Ὑποχρίσαντες.
1240 5340 1858 5413 Maleintcrpretaretur
1906 5339 2031 5409 quis

456 5411 549 5486 hic
575 5412 843 5486 ὑποχρίῳ,
875 5428 1019 5483 ungo
1038 5415 1141 5467 sub
1167 5413 1403 5486 aliquem
1434 5411 1609 5467 locum
1637 5421 1747 5486 ;uL
1763 5411 2033 5464 columbae

459 5481 650 5553 subter
686 5478 894 5553 ‘asillas
936 5478 1215 5553 unguento
1250 5478 1665 5553 i‘nungercntnr.
1709 5478 1877 5534 Recte
1915 5496 2031 5553 rue-

460 5551 678 5607 hercle:
709 5552 991 5607 allicercnt
1017 5549 1158 5607 tunc
1180 5549 1411 5608 scilicet'
1431 5567 1508 5606 ea:
1538 5551 1831 5606 volitantes
1865 5549 1933 5603 ad
1972 5565 2031 5605 se

459 5626 690 5707 ctetcras
727 5621 915 5699 odore,
954 5624 997 5677 si
1028 5638 1097 5676 ne
1136 5620 1370 5707 πτερρῦν
1402 5621 1622 5707 quidem
1654 5630 1770 5699 tum
1817 5618 2030 5707 potuis-

461 5696 610 5755 sent,
662 5699 758 5745 aut
809 5691 973 5748 etiam
1029 5691 1775 5762 ntepuyiqew,'rolaturirc;
1833 5691 2032 5746 nedum

1456 5821 1537 5831 ,σι-,-

2063 4656 2110 4711 D

2587 4650 2977 4720 Ἡρακλείανῷ
3001 4649 3288 4719 αἰρετικῷ.

2219 4744 2275 4798 '0
2301 4744 2399 4814 τῆς
2438 4743 2785 4813 ὑγιαινούσης
2834 4743 3069 4805 πίστεως
3100 4742 3257 4809 λόγος
3287 4743 3401 4802 τοῖς
3433 4741 3703 4813 εὐγνωμόο

2135 4855 2237 4902 νως
2272 4838 2368 4901 τὰς
2403 4837 2789 4899 θεοπνεύστους
2836 4836 3021 4905 φωνὰς
3049 4836 3507 4906 παραδεχομένους
3548 4838 3606 4888 ἐν
3638 4837 3698 4904 cf

2138 4928 2394 4997 ἁπλότητι
2422 4928 2518 4997 τὴν
2540 4926 2690 4995 ἰσχὺν
2715 4925 2849 4995 ἔχει,
2867 4927 2961 4979 καὶ
2981 4926 3233 4994 οὐδεμιᾶς
3253 4924 3410 4993 λόγου
3428 4925 3702 4996 περινοίας

2138 5024 2217 5083 εἰς
2234 5019 2573 5090 παράστασιν
2594 5019 2688 5089 τῆς
2715 5017 2968 5088 ἀληθείας
2999 5018 3308 5088 προσδεῖται
3332 5030 3345 5043 ·
3380 5016 3604 5071 αὐτόθεν
3633 5015 3704 5069 ὢν

2138 5112 2337 5183 ληπτὺς
2363 5151 2376 5174 ,
2410 5111 2504 5164 καὶ
2548 5110 2722 5181 σαφὴς
2745 5112 2809 5162 ὲκ
2835 5108 2933 5178 τῆς
2967 5108 3188 5179 πρώτης
3220 5107 3568 5179 παραδόσεως
3589 5147 3604 5169 ,
3640 5108 3703 5178 ἢν

2134 5207 2198 5257 ἐκ
2226 5205 2322 5274 τῆς
2353 5200 2448 5254 τοῦ
2481 5201 2684 5271 Κυρίου
2711 5201 2891 5270 φωνῆς
2914 5197 3289 5269 παρελάϐομεν
3317 5199 3375 5250 ἐν
3400 5195 3479 5266 τῷ
3497 5195 3704 5266 λουτρῷ

2140 5339 2308 5392 libere
2358 5353 2388 5390 a
2439 5337 2561 5391 loco
2595 5337 2812 5390 avolare
2853 5342 3174 5406 :unguento
3217 5335 3362 5388 enim
3406 5333 3505 5389 alae
3540 5332 3705 5406 veluti

2139 5410 2292 5463 visco
2313 5408 2526 5476 corpori
2562 5403 3002 5460 inhaerescerent'.
3039 5404 3184 5476 Tum
3215 5406 3379 5476 etiam
3416 5406 3543 5474 quia
3571 5403 3707 5476 odor

2139 5471 2948 5553 debiliter'etllaretll'noxpito
2996 5484 3079 5531 est
3120 5474 3284 5545 igitur
3330 5471 3559 5553 inuugo,

2140 5564 2238 5618 pro
2272 5549 2477 5618 in;pro
2503 5562 2610 5618 qua
2638 5547 3023 5616 praepositione
3050 5561 3160 5601 non
3190 5559 3339 5612 raro,
3372 5546 3614 5600 maxime
3643 5546 3701 5598 in

2140 5617 2650 5688 Compositionibus,
2685 5618 2846 5673 valet.
