4068 6154
317 316 451 377 1089

1476 297 1857 359 EPISTOLE.
1890 326 1958 338 —--
1981 293 2202 352 EPIST.
2239 289 2409 348 XXIV

3424 277 3561 335 1090

318 438 415 507 τῆς
448 430 861 503 παλιγγενεσίας
892 429 953 484 τὺ
979 431 1077 502 τῆς
1124 426 1398 500 σωτηρίας
1435 426 1731 497 μυστήριον
1781 440 1887 476 πα·
1922 440 1933 484 Α

2035 434 2116 473 um
2150 415 2346 473 salutis
2380 409 2612 482 prtcbuit
2648 406 3006 480 mysterium,
3042 403 3354 474 accepimus
3388 401 3444 454 in
3493 403 3564 453 la-

323 503 591 599 ραδόντος.
639 520 1034 590 Πορευθέντες
1073 517 1216 589 γὰρ,
1269 518 1432 589 φησι,
1479 515 1891 586 μαθητεύσατε

2035 523 2186 571 mero,
2236 507 2292 559 in
2338 519 2450 573 quo
2494 503 2694 556 iterum
2747 510 3076 569 generamur
3132 513 3146 550 :

320 617 517 670 πάντα
547 612 722 681 ἔθνη.
756 609 1147 677 βαπτίζοντες
1190 609 1411 673 αὐτοὺς
1461 609 1551 673 εἰς
1590 607 1653 660 τὸ
1707 605 1894 674 ὄνομα

320 706 430 761 τοῦ
458 703 687 785 Πατρός
715 701 941 756 καὶτοῦ
985 700 1124 756 Υἱοῦ
1149 700 1247 756 καὶ
1286 700 1390 754 τοῦ
1425 699 1595 768 ἁγίου
1628 699 1895 767 Πνεύμα-

323 814 447 864 τοςο
480 794 870 860 διδάσκοντες
897 792 1102 862 τηρεῖν
1134 790 1330 846 πάντα
1360 790 1476 844 ὅσα
1505 789 1896 858 ἐνετειλάμην

326 888 490 960 ὑμῖν.
523 886 758 957 Διαιρῶν
778 884 887 955 γὰρ
921 886 1000 947 εἰς
1026 882 1119 937 δύο
1153 884 1253 954 τὴν
1290 881 1397 935 τῶν
1423 880 1763 953 Χριστιανῶν
1796 896 1896 932 1:0—

326 979 552 1040 λιτείαν,
579 975 657 1041 εἷς
685 992 745 1029 τε
766 974 826 1028 τὸ
850 973 1038 1044 ἠθικὸν
1063 973 1246 1044 μέρος,
1273 973 1364 1025 καὶ
1390 971 1468 1037 εἰς
1495 971 1592 1042 τὴν
1617 970 1898 1039 δογμάτων

330 1068 634 1141 ἀκρίϐειαν,
663 1066 724 1118 τὸ
755 1065 853 1132 μὲν
884 1065 1146 1136 σωτήριον
1180 1063 1357 1132 δόγμα
1385 1064 1442 1116 ὲν
1475 1064 1539 1133 τῇ
1584 1060 1677 1114 τοῦ
1707 1060 1901 1130 βαπτί-

333 1175 538 1228 σματος
573 1156 866 1228 παραδόσει
893 1154 1351 1223 κατησφαλίσατο·
1388 1152 1477 1205 τὸν
1505 1152 1561 1204 δὲ
1597 1151 1709 1223 βίον
1747 1148 1903 1221 ἡμῶν

330 1249 418 1302 διὰ
441 1248 540 1318 τῆς
571 1248 855 1318 τηρήσεως
883 1244 993 1297 τῶν
1035 1243 1262 1298 ἐντολῶν
1310 1241 1472 1298 αὐτοῦ
1507 1242 1903 1313 κατορθοῦσθαι

332 1338 560 1395 κελεύει.
626 1336 784 1391 Ἀλλὰ
813 1338 873 1390 τὸ
909 1336 1006 1406 μὲν
1044 1335 1186 1389 κατὰ
1213 1335 1311 1399 τὰς
1347 1334 1564 1397 ἐντολὰς
1595 1335 1759 1405 μέρος
1785 1374 1799 1396 ,
1831 1334 1907 1398 ὡς

338 1430 663 1504 μικροτέραν
696 1429 858 1500 φέρον
884 1430 948 1498 τῇ
981 1427 1126 1497 ψυχῇ
1159 1427 1257 1497 τὴν
1287 1427 1509 1497 ζημίαν,
1530 1427 1727 1498 ἠφείθη
1758 1424 1909 1496 παρὰ

334 1521 427 1575 τοῦ
464 1520 708 1574 διαῦόλου
760 1518 1248 1590 ἀπαρεγχείρητον.
1308 1518 1433 1570 Ἐπί
1471 1518 1528 1570 δὲ
1575 1517 1910 1589 κυριωτέρου

341 1611 435 1665 καὶ
458 1609 701 1680 μείζονος
722 1609 754 1680 ἡ
784 1610 931 1662 πᾶσα
958 1608 1145 1677 γέγονε
1166 1607 1258 1659 τοῦ
1277 1607 1676 1678 Ἀντικειμένου
1706 1607 1908 1679 σπουδὴ

328 1701 436 1757 ετοῦ
469 1701 895 1772 παρατραπῆναι
911 1698 1016 1753 τῶν
1047 1699 1254 1753 πολλῶν
1285 1699 1382 1762 τὰς
1413 1700 1589 1769 ψυχὰς
1617 1701 1696 1762 εἰς
1720 1700 1776 1752 τὸ
1807 1717 1911 1770 μη-

340 1788 398 1848 δὲ
432 1792 532 1846 είτι
558 1791 643 1846 διὰ
669 1790 775 1846 τῶν
804 1790 1030 1844 ἐντολῶν
1070 1788 1384 1861 κατορθωθῇ
1418 1790 1605 1858 κέρδος
1631 1787 1788 1843 εἶναι·
1814 1790 1912 1861 τῆς

346 1884 586 1957 μεγάλης
626 1884 719 1938 καὶ
750 1883 971 1955 πρώτης
997 1882 1207 1946 ἐλπίδος
1256 1883 1314 1935 ὲν
1360 1885 1428 1952 τῇ
1470 1883 1595 1954 περὶ
1637 1883 1699 1936 τὸ
1737 1882 1913 1952 δόγμα

344 1977 520 2048 πλάνῃ
550 1979 660 2040 τοῖς
689 1963 1012 2048 ἀπατηθεῖσι
1062 1975 1135 2046 μὴ
1172 1976 1583 2047 συμπαρούσης.
1619 1975 1719 2028 Διὰ
1760 1975 1916 2029 τοῦτο

346 2065 803 2139 συμϐουλεύομεν,
842 2069 939 2138 τῆς
986 2065 1287 2137 ἁπλότητος
1324 2068 1432 2119 τῶν
1466 2066 1695 2137 πρώτων
1736 2067 1909 2137 ρημάσ

346 2176 455 2213 των
502 2159 603 2229 τῆς
649 2159 882 2222 πίστεως
914 2159 989 2230 μὴ
1041 2159 1345 2231 ἀποχωρεῖν
1385 2158 1511 2220 τοὺς
1541 2158 1917 2229 ἀντιποιουμέ-

346 2266 472 2314 νους
491 2253 590 2321 τῆς
620 2248 828 2303 ἑαυτῶν
862 2249 1154 2320 σωτηρίας·
1189 2248 1327 2302 ἀλλὰ
1359 2248 1830 2319 παραδεχομένους
1864 2250 1920 2302 ὲν

348 2343 416 2413 τῇ
464 2341 607 2411 ψυχῇ
643 2340 862 2413 Πατέρα
914 2339 1008 2392 καὶ
1040 2330 1167 2391 Υἰδν
1206 2338 1300 2392 καὶ
1348 2337 1571 2409 Πνεῦμα
1614 2338 1787 2407 ἆγιον,
1848 2337 1922 2409 μὴ

355 2433 484 2503 μίαν
508 2431 797 2486 ὑπόστασιν
832 2430 1181 2502 πολυώνυμον
1202 2425 1338 2483 εἶναι
1360 2429 1601 2500 νομίζειν
1621 2447 1633 2459 ’
1666 2430 1790 2483 οὔτε
1816 2430 1924 2502 γὰρ

351 2523 575 2578 δυνατόν
607 2527 723 2578 ἐστι
760 2522 850 2576 τὸν
877 2523 1097 2593 Πατέρα
1146 2521 1337 2575 ἑαυτοῦ
1372 2522 1592 2593 Πατέρα
1640 2521 1923 2591 λέγεσθαι,

361 2617 434 2689 μὴ
464 2616 678 2687 ἀληθῶς
704 2616 763 2680 ἐξ
792 2614 956 2669 αὑτοῦ
983 2615 1075 2668 τοῦ
1105 2614 1235 2668 Υἰοῦ
1263 2615 1341 2685 τῷ
1373 2615 1549 2685 Πατρί
1593 2614 1691 2685 τὴν
1735 2614 1928 2684 κλῆσιν

278 2717 285 2723 ’
359 2707 780 2781 ἐπαληθεύοντος
805 2724 819 2738 ⁸
874 2706 999 2761 οὔτε
1032 2706 1091 2760 τὸ
1123 2706 1344 2777 Πνεῦμα
1375 2705 1432 2758 ἓν
1480 2706 1585 2760 τῶν
1624 2705 1929 2777 εἰρημένων

360 2796 497 2855 εἶναι
523 2799 763 2870 νομίζειν
782 2841 797 2865 ,
823 2797 965 2852 ὥστε
1002 2799 1080 2863 εἰς
1112 2798 1321 2868 Πατρός
1347 2798 1381 2868 ἢ
1422 2797 1551 2852 Υἰοῦ
1591 2798 1796 2852 ἔννοιαν
1842 2798 1931 2851 διὰ

359 2891 459 2961 τῆς
519 2889 613 2944 τοῦ
689 2887 1006 2959 Πνεύματος
1062 2887 1431 2959 προσηγορίας
1484 2887 1772 2956 ὲνάγεσθαι
1842 2888 1932 2941 τὸν

360 2980 643 3035 ἀκούοντα.
683 2979 821 3033 Ἀλλ’
849 2978 1011 3043 ἰδίως,
1037 2978 1132 3031 καὶ
1152 2981 1419 3048 ἀποτεταγ
1430 2978 1606 3049 μένως
1636 2980 1694 3032 ὲν
1719 2980 1934 3050 ἑκάστῳ

359 3072 469 3126 τῶν
505 3071 783 3142 ὀνομάτων
814 3069 1247 3124 συνυπακούεται
1276 3072 1309 3139 ἠ
1349 3071 1781 3142 ένσημαινομένη
1814 3073 1935 3135 ταῖς

362 3160 752 3235 προσηγορίαις
771 3161 1086 3224 ὑπόστασις.
1107 3162 1215 3213 Καὶ
1234 3161 1324 3213 τὸν
1345 3162 1562 3232 Πατέρα
1584 3161 1934 3227 ἀκούσαντες,

361 3254 460 3324 τὴν
487 3250 581 3305 τοῦ
623 3252 820 3314 παντὸς
853 3250 1028 3304 αἰτίαν
1065 3249 1396 3321 ἠκούσαμεν·
1443 3252 1535 3305 τὸν
1564 3251 1621 3304 δὲ
1668 3253 1796 3307 Υἰὸν
1837 3270 1941 3323 μα-

364 3344 574 3407 θόντες,
601 3343 699 3415 τὴν
730 3344 794 3396 ὲκ
821 3341 921 3412 τῆς
954 3342 1176 3415 πρώτης
1210 3343 1388 3406 αἰτίας
1425 3343 1818 3414 ἀναλάμψασαν
1850 3344 1940 3399 δύ-

365 3452 528 3504 ναμιν
561 3435 641 3499 εἰς
671 3434 771 3504 τὴν
802 3434 895 3487 τοῦ
937 3434 1134 3498 παντὸς
1175 3433 1433 3487 σύστασιν
1463 3436 1839 3507 ἐδιδάχθημεν·
1882 3438 1942 3491 τὸ

367 3526 424 3581 δὲ
456 3526 678 3598 Πνεῦμα
706 3526 944 3595 γνόντες,
970 3525 1067 3596 τὴν
1095 3526 1441 3597 τελειωτικὴν
1474 3526 1703 3598 δύναμιν
1728 3527 1836 3581 τῶν
1857 3527 1943 3582 διὰ

368 3620 598 3683 κτίσεως
609 3622 688 3682 εἰς
702 3618 763 3671 τὸ
777 3614 914 3672 εἶναι
933 3635 1081 3688 παρα
1089 3617 1430 3691 [δε]δομένων
1447 3620 1509 3670 ὲκ
1525 3619 1618 3671 τοῦ
1632 3622 1746 3673 Πατ
1754 3619 1841 3689 pb;
1858 3619 1945 3673 διὰ

369 3712 460 3766 τοῦ
482 3711 610 3765 Υίοῦ
638 3712 957 3783 ὲνοήσαμεν.
988 3710 1052 3762 Αἰ
1086 3710 1182 3778 μὲν
1210 3705 1302 3762 οὖν
1333 3709 1658 3771 ὑποστάσεις
1687 3708 1830 3760 κατὰ
1855 3708 1945 3760 τὸν

372 3803 658 3876 εἰρημένον
701 3803 901 3874 τρόπον
935 3799 1252 3870 ἀσυγχύτως
1291 3799 1385 3851 ἀπ’
1419 3799 1660 3869 ἀλλήλων
1685 3799 1947 3869 διακεκω-

375 3895 626 3970 ρισμέναι
654 3895 780 3948 εἰσίο
810 3892 1021 3964 Πατρός
1048 3892 1191 3958 λέγω
1213 3891 1305 3944 καὶ
1326 3891 1456 3944 Υἰοῦ
1477 3893 1568 3945 καὶ
1592 3893 1747 3960 ἁγίου
1777 3891 1949 3945 Πνεύ-

376 4004 564 4059 ματος.
609 3987 674 4040 Ἦ
719 3985 776 4039 δὲ
812 3984 968 4038 οὐσία
1024 3984 1234 4050 αὑτῶν,
1280 3984 1401 4054 ἣτις
1440 3985 1568 4037 ποτὲ
1612 3984 1751 4055 αῦτη
1802 3986 1950 4037 ἐστὶν

376 4078 675 4149 (ἄφραστος
701 4076 808 4147 γάρ
832 4076 948 4128 ἐστι
973 4074 1114 4143 λόγῳ
1134 4116 1149 4140 ,
1175 4075 1269 4127 καὶ
1308 4075 1538 4144 νοήματι
1567 4075 1848 4147 ἄληπτος),
1874 4079 1951 4140 εἰς

377 4168 673 4240 ἑτερότητα
693 4185 813 4221 τινα
837 4166 1050 4237 φύσεως
1070 4168 1130 4220 οὐ
1151 4166 1545 4239 διαμερίζεται.
1574 4168 1716 4221 Διότι
1738 4168 1799 4221 τὸ
1823 4170 1950 4223 ἀκα·

376 4263 652 4331 ταληπτον
682 4260 776 4314 καῖ⁹
809 4259 1162 4331 ἀπερινόητον
1201 4258 1295 4311 καὶ
1335 4257 1617 4329 λογισμοῖς
1652 4260 1953 4331 ἀπερίδρα-

379 4367 508 4408 κτον
544 4349 660 4407 ῖσόν
699 4353 846 4406 ἐστιν
886 4353 970 4421 ἐφ’
1005 4351 1219 4422 ἑκάστῳ
1245 4349 1354 4403 τῶν
1381 4352 1439 4402 ἐν
1461 4352 1526 4422 τῇ
1562 4351 1747 4422 Τριάδι
1796 4369 1953 4405 πεπι-

385 4446 696 4517 στευμένων
729 4442 1051 4515 προσώπων.
1092 4442 1151 4496 '0
1178 4442 1286 4513 γὰρ
1313 4442 1609 4514 ἐρωτηθεὶς
1633 4442 1685 4495 τί
1711 4445 1829 4497 κατ’
1860 4443 1951 4497 οὑ-

387 4535 507 4591 σίαν
540 4538 689 4591 ἐστὶν
715 4538 743 4590 ό
768 4535 957 4607 Πατὴρ
978 4575 992 4599 ,
1040 4534 1396 4604 εὐγνωμόνως
1444 4533 1538 4587 καί
1582 4534 1793 4605 ἀληθῶς
1822 4537 1954 4607 ὀμο-

384 4626 605 4698 λογήσει
634 4626 694 4680 τὸ
717 4624 856 4699 ὑπὲρ
883 4627 1082 4694 γνῶσιν
1111 4620 1249 4678 εἶναι
1284 4624 1344 4677 τὸ
1374 4624 1725 4695 ζητούμενον.
1768 4625 1962 4681 Ὡσαύ-

385 4736 495 4784 τως
538 4719 633 4773 καί
661 4721 788 4791 περὶ
815 4717 909 4771 τοῦ
958 4714 1274 4788 μονεγενοῦς
1304 4713 1437 4768 Υἰοῦ
1477 4715 1653 4770 οὐδενί
1695 4716 1836 4786 λόγῳ
1864 4717 1962 4789 τὴν

389 4810 578 4864 οὐσίαν
611 4808 1021 4878 καταληφθῆναι
1049 4806 1272 4861 δυνατὸν
1299 4801 1439 4859 εἶναι
1467 4805 1809 4877 συνθήσεται.
1845 4808 1964 4877 Τὴν

390 4896 501 4969 γὰρ
530 4894 740 4967 γενεὰ-ν
768 4893 975 4958 αὑτοῦ,
1002 4895 1154 4963 φησι,
1184 4894 1275 4960 τίς
1303 4892 1649 4961 διηγήσεται
1672 4911 1692 4960 ;
1733 4895 1965 4965 ὐμοίως

392 4987 449 5042 δὲ
485 4986 579 5040 καὶ
609 4983 739 5056 περὶ
782 4983 876 5036 τοῦ
918 4985 1231 5055 Πνεῦματος
1279 4986 1371 5040 τοῦ
1416 4986 1570 5055 ἁγίου
1612 4990 1673 5040 τὸ
1711 4983 1830 5043 ίσον
1865 4991 1964 5062 τῆς

393 5076 537 5131 κατὰ
574 5075 672 5147 τὴν
703 5073 1004 5145 κατάληψιν
1045 5075 1352 5145 ἀμηχανίας
1383 5079 1411 5130 ὁ
1449 5075 1542 5130 τοῦ
1576 5079 1780 5148 Κυρίου
1809 5079 1966 5149 λόγος

397 5168 727 5223 ἐνδείκνυται
751 5167 946 5235 λέγων,
977 5167 1058 5219 ὅτι
1078 5167 1176 5237 τῆς
1201 5166 1298 5238 μὲν
1322 5169 1504 5239 φωνῆς
1531 5169 1695 5223 αὑτοῦ
1724 5170 1964 5234 ἀκούεις,

396 5261 498 5315 οὐκ
524 5254 669 5322 οἶδας
697 5259 755 5313 δὲ
784 5254 947 5312 πόθεν
965 5257 1203 5329 ἔρχεται,
1236 5258 1330 5310 καὶ
1356 5259 1459 5312 ποῦ
1489 5260 1703 5329 ὑπάγει.
1752 5260 1971 5333 Ἐπειδὴ

397 5353 577 5407 τοτνυν
600 5350 853 5422 οὐδεμίαν
878 5353 935 5404 ὲν
966 5348 1041 5420 τῷ
1081 5349 1448 5420 ἀκαταλήπτῳ
1480 5350 1589 5404 τῶν
1613 5352 1778 5423 τριῶν
1801 5369 1968 5424 προσ-

400 5442 564 5497 ὡπων
575 5440 838 5512 διαφορὰν
865 5436 1152 5508 ἐννοοῦμεν
1174 5436 1256 5508 (οὐ
1283 5438 1392 5508 γὰρ
1411 5438 1472 5491 τὸ
1497 5439 1594 5508 μὲν
1621 5439 1820 5509 μᾶλλον
1840 5439 1971 5491 duca-

400 5534 694 5607 τάληπτον,
722 5532 783 5586 τὸ
808 5533 863 5587 δὲ
889 5528 1067 5607 ἥττον’
1087 5529 1200 5584 ἀλλ’
1229 5524 1308 5594 εἷς
1332 5530 1424 5583 ἐπὶ
1444 5533 1541 5601 τῆς
1565 5531 1793 5603 Τριάδος
1815 5533 1843 5585 ὁ
1872 5531 1972 5601 τῆς

506 5712 553 5747 ⁸⁸
584 5710 771 5766 Matth.
801 5727 987 5777 xxvm,
1024 5711 1109 5775 i9,
1149 5684 1219 5765 26
1317 5707 1360 5740 ¹⁶
1392 5709 1496 5761 Isa.
1522 5721 1638 5770 LIII,
1665 5705 1719 5762 8.

3206 493 3404 548 Euntes
3421 533 3436 556 ,
3487 491 3566 545 ait

1993 600 2170 661 enim,
2203 600 2377 651 docete
2409 609 2585 648 omnes
2611 600 2784 661 gentes
2809 632 2822 655 ,
2874 589 3199 657 baptizanles
3245 602 3330 639 eos
3369 585 3424 638 in
3469 599 3567 637 no-

1995 693 2134 745 mine
2169 690 2349 745 Patris
2377 696 2424 741 et
2452 685 2573 740 Filii
2604 693 2649 737 et
2680 680 2907 750 Spiritus
2940 679 3150 741 sancti;
3186 678 3428 732 docentes
3461 690 3570 730 ser-

1996 800 2119 839 vare
2159 783 2335 835 omnia
2370 790 2687 848 quwcunque
2718 774 2859 826 vobis
2892 770 3137 824 mandavi
3173 768 3233 821 "'.
3267 767 3482 821 Etenim
3514 766 3569 819 in

1998 872 2108 925 duo
2152 867 2402 923 dividens
2450 863 2780 918 Christianae
2825 858 3141 928 reipublicae
3185 864 3390 911 statum
3427 862 3483 910 et
3515 854 3572 908 in

2000 964 2267 1016 moralem
2300 968 2508 1030 partem
2533 998 2547 1020 ,
2581 964 2634 1010 et
2673 955 2725 1008 in
2759 954 3105 1008 decretorum
3139 955 3456 1002 accuratam
3488 961 3575 999 ra-

2002 1053 2243 1118 tionem,
2289 1052 2535 1106 salutare
2573 1045 2795 1116 quidem
2850 1045 3136 1100 decretum
3180 1041 3234 1095 in
3281 1038 3579 1093 traditione

2001 1143 2355 1214 baptismatis
2386 1140 2624 1195 ﬁrmavit
2645 1154 2658 1205 ;
2681 1140 2848 1192 vitam
2881 1144 3064 1190 autem
3095 1141 3341 1188 nostram
3370 1143 3578 1201 praece-

2006 1251 2221 1311 ptorum
2257 1250 2488 1290 suorum
2527 1232 2916 1289 observatione
2956 1226 3121 1295 dirigi
3171 1223 3450 1294 prtecepit.
3485 1222 3583 1275 At-

2006 1341 2193 1385 tamen
2219 1327 2288 1381 ab
2318 1342 2379 1380 ea
2410 1335 2562 1395 parte
2590 1339 2712 1394 quas
2742 1332 2824 1377 est
2852 1325 3253 1391 praeceptorum
3278 1354 3292 1379 ,
3319 1323 3582 1383 tanquam

2009 1422 2078 1476 ab
2112 1421 2203 1474 illa
2234 1433 2357 1489 quae
2394 1417 2591 1471 animm
2626 1415 2811 1468 minus
2847 1407 3169 1466 detrimenti
3206 1404 3415 1460 inferre
3450 1417 3585 1472 pos-

2012 1514 2121 1576 sit,
2156 1511 2424 1566 abstinuit
2456 1522 2690 1579 prorsus
2722 1505 3000 1579 diabolus,
3030 1501 3181 1556 nullo
3208 1513 3329 1553 eam
3361 1495 3588 1550 adortus

2011 1613 2234 1658 conatu.
2267 1600 2440 1655 Omne
2471 1596 2776 1653 adversarii
2806 1575 3047 1649 studium
3068 1631 3084 1657 ,
3117 1590 3418 1644 multorum
3468 1599 3592 1653 per—

2012 1693 2259 1750 vertendi
2292 1692 2505 1746 animas
2530 1729 2545 1754 ,
2582 1690 2636 1742 in
2667 1685 3049 1758 principaliori
3080 1680 3407 1749 meliorique
3437 1682 3594 1746 parte

1948 1772 1988 1831 Β
2018 1786 2317 1858 praestitum
2346 1790 2431 1838 est
2451 1822 2465 1848 ,
2490 1790 2550 1836 ut
2577 1796 2646 1836 ne
2673 1780 2727 1834 id
2751 1777 2974 1849 quidem
2997 1815 3012 1841 ,
3046 1773 3093 1830 si
3122 1771 3425 1843 quidquam
3458 1781 3595 1837 prie-

2018 1879 2194 1948 ceptis
2220 1883 2369 1931 recte
2410 1881 2655 1945 geratur,
2702 1871 2775 1926 sit
2816 1870 3029 1923 lucrum
3057 1906 3072 1929 ,
3129 1878 3253 1919 cum
3302 1874 3497 1931 magna
3542 1866 3598 1914 et

2019 1972 2194 2042 prima
2227 1982 2353 2038 spes
2385 1982 2495 2021 non
2539 1963 2778 2034 amplius
2821 1961 2877 2015 in
2925 1956 3174 2014 seductis
3216 1967 3407 2009 errore
3449 1951 3598 2005 circa

2023 2063 2244 2117 decreta
2281 2059 2462 2114 inesse
2490 2054 2688 2126 possit.
2722 2052 3027 2108 Consilium
3061 2056 3355 2121 propterea
3382 2042 3597 2113 praebe-

2025 2170 2181 2216 mus.
2212 2169 2280 2207 ne
2313 2167 2343 2205 a
2378 2149 2732 2218 simplicitate
2780 2145 3082 2214 primorum
3132 2141 3425 2194 verborum
3477 2134 3602 2189 ﬁdei

2027 2244 2327 2315 quidquam
2376 2239 2677 2296 abscedant
2714 2238 2779 2301 ii,
2813 2234 2902 2305 qui
2938 2247 3036 2302 pro
3065 2246 3163 2287 sua
3195 2240 3363 2300 agunt
3389 2228 3602 2292 salute;

2029 2333 2125 2389 sed
2155 2340 2213 2385 ut
2242 2331 2296 2385 in
2329 2330 2511 2383 anima
2541 2325 2759 2398 quidem
2788 2323 3158 2391 suscipientes
3190 2317 3405 2373 Patrem
3435 2325 3492 2371 et
3517 2315 3606 2369 Fi-

2030 2425 2161 2478 lium
2193 2430 2247 2477 et
2286 2419 2551 2491 Spiritum
2584 2424 2838 2474 sanctum
2860 2454 2875 2480 ,
2910 2429 3021 2467 non
3050 2426 3215 2466 unam
3268 2407 3605 2481 bypostasim

2032 2513 2331 2567 multorum
2378 2508 2661 2563 nominum
2693 2519 2816 2560 esse
2847 2502 3170 2557 existiment
3201 2517 3214 2554 :
3253 2512 3432 2567 neque
3462 2496 3608 2550 enim

2036 2604 2149 2659 ﬁeri
2196 2609 2375 2673 potest
2415 2599 2634 2655 Patrem
2681 2598 2764 2655 sui
2815 2596 2990 2665 ipsius
3034 2593 3245 2647 Patrem
3290 2589 3443 2656 dici;
3486 2602 3611 2644 eum

2035 2712 2146 2751 non
2180 2710 2306 2751 vere
2335 2693 2487 2747 Patri
2518 2696 2972 2763 cognomentum.
3007 2685 3100 2755 qui
3151 2683 3224 2738 sit
3271 2682 3357 2738 sui
3399 2679 3573 2736 Filius
3595 2719 3611 2744 ,

2036 2801 2227 2843 verum
2285 2784 2531 2839 etlieiat:
2586 2797 2766 2852 neque
2812 2789 2873 2835 ut
2921 2777 3284 2842 existiment,
3345 2772 3612 2844 Spiritum

2040 2892 2205 2932 unam
2236 2891 2350 2931 rem
2382 2890 2506 2930 esse
2534 2889 2601 2929 ex
2633 2871 2941 2942 praedictis,
2974 2870 3049 2925 ita
3086 2876 3146 2923 ut
3201 2868 3257 2921 in
3298 2864 3478 2919 Patris
3522 2870 3618 2917 aut

2040 2968 2168 3024 Filii
2204 2966 2570 3038 cognitionem
2603 2980 2702 3036 per
2742 2961 2984 3033 Spiritus
3023 2958 3482 3030 appellationem,
3523 2955 3619 3026 qui

2045 3059 2269 3125 audiat,
2300 3057 2613 3111 inducatur.
2652 3055 2722 3106 At
2754 3066 2884 3108 vero
2915 3051 3141 3122 proprie
3162 3090 3176 3115 ,
3214 3064 3278 3103 ac
3322 3057 3466 3103 stata
3499 3062 3620 3101 cer-

2044 3163 2208 3223 taque
2241 3152 2458 3205 ratione
2490 3151 2545 3202 in
2577 3147 2812 3217 singulis
2852 3146 3139 3200 nominum
3173 3159 3281 3198 una
3329 3141 3493 3197 simul
3533 3140 3621 3194 in-

2045 3245 2269 3298 auditur
2297 3240 2604 3313 signiﬁcata
2655 3239 2710 3292 in
2760 3235 3221 3308 appellationibus
3263 3233 3620 3304 hypostasis;

2044 3339 2317 3409 Patreque
2375 3336 2603 3402 audito,
2662 3332 2909 3387 omnium
2975 3342 3202 3407 causam
3268 3324 3622 3385 audivimus;

2045 3431 2243 3487 Filium
2297 3438 2477 3484 autem
2523 3428 2832 3487 discentes,
2887 3437 2953 3477 ex
2999 3423 3177 3490 prima
3232 3432 3399 3472 causa
3451 3414 3620 3470 reful-

2046 3529 2261 3593 gentem
2291 3524 2615 3588 potestatem
2646 3513 2713 3567 ad
2745 3510 2986 3566 universi
3018 3509 3465 3564 constitutionem
3494 3507 3625 3559 edo-

2047 3612 2123 3665 cti
2179 3624 2419 3673 sumus;
2480 3605 2692 3675 Spiritu
2749 3617 2883 3659 vero
2939 3601 3186 3670 cognito,
3244 3598 3624 3668 perfectrieem

2049 3699 2367 3753 facultatem
2401 3710 2590 3752 eorum
2621 3708 2741 3764 quae
2770 3708 2865 3763 per
2905 3692 3244 3746 creationem
3280 3704 3308 3742 a
3340 3689 3499 3741 Patre
3532 3703 3629 3757 per

2050 3791 2250 3846 Filium
2282 3791 2335 3843 in
2363 3788 2745 3844 exsistentiam
2779 3786 2979 3840 tradita
3025 3789 3185 3847 sunt,
3230 3781 3625 3836 intelleximus.

2054 3883 2443 3939 Subsistentia:
2470 3881 2640 3951 igitur
2664 3880 2821 3951 juxta
2852 3878 3058 3932 dictum
3087 3875 3308 3929 modum
3339 3870 3629 3927 ineonl‘use
3685 3869 3688 3872 ’

2051 3977 2285 4030 invicem
2317 3980 2587 4044 separatae
2624 3979 2787 4032 sunt,
2822 3968 3004 4024 Patris
3027 4008 3042 4033 ,
3084 3967 3210 4022 dico
3232 4003 3247 4028 ,
3284 3973 3337 4021 et
3369 3963 3529 4029 Filii,
3574 3973 3632 4019 et

2054 4068 2233 4124 sancti
2265 4065 2529 4136 Spiritus.
2564 4061 2816 4118 Essentia
2863 4072 3046 4116 autem
3093 4061 3338 4131 ipsorum
3370 4071 3635 4127 quaecun-

2054 4174 2161 4231 que
2206 4159 2326 4229 ipsa
2354 4172 2599 4227 unquam
2630 4156 2703 4211 sit
2734 4154 2924 4226 (dicto
2954 4153 3100 4209 enim
3136 4152 3247 4207 diei
3282 4149 3515 4220 nequit,
3548 4147 3633 4200 in-

2056 4249 2472 4320 telligentiaque
2495 4255 2581 4304 est
2613 4243 3141 4317 incomprehensa),
3178 4243 3231 4297 in
3255 4240 3629 4296 diversitatem

2057 4341 2295 4410 aliquam
2325 4347 2535 4393 natura:
2560 4339 2712 4392 nullo
2735 4345 2895 4409 pacto
2918 4335 3261 4407 dispertitur.
3285 4333 3635 4398 Quapropter

1985 4476 2030 4531 Β
2058 4431 2204 4505 quod
2251 4430 2769 4501 incomprehensum
2808 4436 2895 4484 est
2938 4442 3005 4482 ac
3054 4433 3238 4480 mente
3284 4436 3394 4475 non
3439 4433 3634 4489 perce-

2059 4536 2247 4597 ptum,
2279 4533 2332 4580 et
2362 4524 2510 4595 quod
2551 4521 3072 4578 ratiocinationibus
3111 4513 3490 4582 circumplecti
3539 4527 3635 4565 ne-

2059 4617 2307 4688 quimus,
2360 4615 2569 4687 aequale
2618 4621 2704 4669 est
2757 4613 2812 4667 in
2871 4607 3104 4680 singulis
3161 4617 3520 4675 personarum
3579 4601 3637 4656 in

2062 4709 2337 4765 Trinitate
2365 4706 2726 4762 creditarum.
2758 4703 3136 4772 Interrogatus
3166 4697 3310 4752 enim
3335 4736 3350 4759 ,
3387 4694 3517 4765 quid
3567 4694 3637 4748 sit

2064 4801 2367 4858 secundum
2424 4798 2722 4854 essentiam
2776 4793 2984 4861 Pater,
3040 4799 3190 4847 recta
3252 4787 3526 4843 sententia
3584 4793 3640 4840 et

2065 4906 2193 4945 vere
2224 4887 2487 4943 fatebitur
2516 4885 2804 4956 qumsitum
2833 4897 2956 4938 esse
2976 4921 2992 4945 ,
3023 4881 3170 4952 quod
3207 4886 3291 4934 est
3333 4893 3500 4948 supra
3541 4891 3641 4930 nec

2070 4985 2297 5037 tionem.
2332 4978 2696 5033 Tantumdem
2730 4977 2778 5031 is
2816 4982 2871 5031 et
2902 4974 2972 5030 de
3016 4972 3302 5043 unigenito
3341 4968 3481 5023 Filio
3528 4982 3641 5021 non

2073 5072 2189 5128 ﬂeri
2233 5086 2432 5142 posse,
2479 5077 2537 5123 ut
2573 5069 2683 5124 ulla
2731 5068 2945 5121 ratione
2996 5064 3238 5121 essentia
3284 5060 3643 5130 comprehen-

2070 5164 2257 5224 datur.
2306 5162 2631 5217 constituet.
2686 5157 3083 5214 Generationem
3132 5155 3276 5210 enim
3339 5150 3486 5220 ejus,
3537 5148 3642 5213 ait,

2071 5259 2187 5329 quis
2218 5256 2493 5310 enarrabit
2522 5255 2609 5309 “‘2
2649 5252 2883 5310 Perinde
2924 5265 3058 5307 vero
3085 5258 3138 5306 et
3178 5248 3246 5304 de
3278 5244 3482 5316 Spiritu
3518 5256 3649 5296 san-

2075 5358 2165 5403 cto
2192 5346 2563 5417 aequalitatem
2612 5346 2811 5416 inopia:
2848 5342 3152 5401 secundum
3197 5332 3648 5407 comprehensio-

2076 5456 2202 5498 nem
2224 5440 2440 5496 Domini
2471 5454 2653 5495 sermo
2679 5443 3099 5503 commonstrat,
3134 5433 3345 5494 dicens,
3379 5427 3526 5500 quod
3551 5440 3651 5480 vo—

2079 5546 2198 5589 cem
2226 5531 2400 5604 ipsius
2430 5531 2624 5597 audis;
2648 5530 2791 5586 unde
2814 5537 2994 5585 autem
3018 5526 3164 5581 venit
3184 5533 3236 5581 et
3258 5537 3368 5594 quo
3392 5517 3610 5577 deducit
3629 5552 3646 5579 ,
