4068 6154
456 252 587 310 1091
639 273 644 278 ·
1680 251 1738 306 S.
1779 248 2104 304 GREGORII
2143 248 2434 305 NYSSENI
3565 244 3718 302 i092

451 381 562 420 non
592 364 777 421 noscis
805 365 868 420 ".
901 363 1134 420 Proinde
1162 362 1332 434 igitur
1363 362 1576 419 nullum
1621 362 1920 422 discrimen
1963 363 2019 417 in

2123 361 2502 434 ἀκαταληψίας
2529 361 2708 430 λόγος,
2740 358 2829 415 διὰ
2865 359 3024 415 τοῦτὸ
3051 375 3247 430 φαμεν,
3279 356 3429 430 αὐτῷ
3459 357 3537 429 τῷ
3565 360 3714 430 ἀλή-

452 471 552 520 eo,
583 457 728 526 quod
757 466 843 512 est
875 457 1039 510 trium
1069 469 1433 525 personarum
1462 455 1640 509 incum
1651 457 1980 524 prehensum
2001 493 2018 520 ,

2122 473 2236 526 πτῳ
2291 456 2387 508 καὶ
2423 455 2776 525 ἀκατανοήτῳ
2841 453 3379 524 χειραγωγούμενοι,
3429 451 3709 522 μηδεμίαν

451 547 834 618 intelligimus.
871 544 993 600 Non
1031 545 1177 600 enim
1209 547 1444 600 alterum
1475 547 1694 616 quidem
1731 545 1906 616 magis
1939 545 2022 596 in-

453 637 910 706 comprehensum
932 645 1066 712 cest,
1107 637 1340 690 alterum
1377 651 1512 692 vero
1554 637 1739 692 minus
1769 653 1784 700 ;
1817 644 1872 688 at
1915 650 2022 689 una

453 742 680 796 prorsus
711 727 1182 796 incomprehensze
1211 727 1288 781 rei
1321 728 1460 781 ratio
1488 729 1542 780 in
1570 726 1856 780 Trinitate.
1888 724 2021 778 Pro-

452 829 636 887 pterea
661 818 927 883 dicimus,
959 832 1026 873 eo
1053 819 1198 888 quod
1229 820 1434 889 percipi
1467 819 1657 888 nequit
1683 858 1697 882 ,
1731 826 2022 888 menteque

451 911 602 965 nullo
629 921 788 980 pacto
816 912 1080 982 intelligi,
1113 928 1213 967 nos
1243 928 1406 966 manu
1435 912 1740 967 deducente
1767 955 1782 979 ,
1815 913 2020 965 nullam

450 1003 705 1056 essentiae
751 1003 805 1056 in
853 1011 1044 1057 saneta
1074 1001 1344 1058 Trinitate
1383 1003 1702 1058 adinvenire
1734 1018 1834 1058 nos
1869 1002 2025 1056 diffe-

450 1093 681 1148 rentiam
713 1135 726 1157 ,
775 1103 971 1164 prazter
1011 1103 1192 1148 tamen
1233 1095 1481 1150 ordinem
1526 1110 1920 1165 personarum,
1967 1101 2022 1146 et

449 1185 934 1239 subsistentiarum
961 1185 1390 1240 confessionem.
1419 1185 1553 1240 Nam
1583 1196 1769 1242 certus
1797 1185 2021 1255 quidam

450 1275 586 1328 ordo
631 1275 688 1328 in
738 1275 1034 1344 Evangelio
1083 1278 1336 1346 proditus
1384 1288 1507 1342 est,
1559 1277 1716 1346 juxta
1756 1292 1916 1344 quem
1953 1290 2022 1328 ex

449 1363 609 1418 Patre
628 1365 762 1420 fides
798 1367 1068 1434 incipiens
1088 1384 1182 1438 per
1203 1369 1589 1423 intermedium
1609 1366 1802 1422 Filium
1823 1369 1876 1420 in
1898 1366 2024 1435 Spi-

447 1457 610 1509 ritum
643 1469 894 1512 sanctum
943 1459 1166 1513 desinit.
1189 1459 1505 1513 Differcntia
1541 1466 1724 1512 autem
1756 1473 2022 1528 persona-

2117 547 2217 617 τῆς
2247 546 2434 610 οὐσίας
2481 547 2573 600 ἐπὶ
2605 544 2702 614 τῆς
2739 544 2898 614 ἁγίας
2931 543 3160 616 Τριάδος
3187 542 3449 620 διαφορᾲν
3493 543 3708 613 ἐξευρί-

2121 658 2269 694 σκειν
2295 657 2308 670 ·
2356 640 2512 702 ἐκτὸς
2544 639 2642 710 τῆς
2696 637 2900 700 τάξεως
2938 637 3044 690 τῶν
3088 635 3428 708 προσώπων,
3466 639 3562 691 καὶ
3602 639 3709 709 τῆς

2117 730 2226 782 τῶν
2265 728 2610 782 ὐποστάσεων
2649 726 2958 798 ὁμολογίας.
2993 727 3158 790 Tagi;
3203 726 3300 798 μὲν
3329 729 3438 799 γάρ
3465 731 3615 781 ἐστιν
3647 730 3706 780 ἐν

2125 821 2201 891 τῷ
2230 819 2542 890 Εὐαγγελίῳ
2573 818 2956 890 παραδοθεῖσα,
2985 817 3106 870 καθ’
3127 819 3192 888 ἣν
3217 820 3282 872 ἐκ
3319 820 3578 890 Πατρὸςή
3611 821 3709 873 πί-

2127 929 2242 975 στις
2267 909 2565 982 ἀρχομένη,
2595 910 2679 962 διά
2711 909 2875 979 μέσου
2905 909 3000 961 τοῦ
3031 909 3160 961 Υἱοῦ
3191 911 3266 973 εἰς
3297 909 3359 962 τὸ
3389 913 3615 980 Πνεῦμα
3643 911 3708 964 τὸ

2127 1001 2278 1068 ἆγιον
2299 999 2615 1068 καταλήγει,
2641 997 2712 1050 ’Ἦ
2737 998 2792 1050 δὲ
2813 998 3042 1068 διαφορὰ
3064 998 3172 1052 τῶν
3201 999 3530 1070 προσώπων,
3563 1002 3705 1074 αὐτῇ

2125 1093 2190 1161 τῇ
2220 1090 2369 1154 τάξει
2392 1091 2490 1159 τῆς
2510 1088 2616 1142 τῶν
2635 1091 2986 1143 ἀποστάσεων
3009 1090 3358 1160 παραδόσεως
3375 1093 3705 1163 φαινομένη,

2125 1181 2377 1251 οὐδεμίαν
2402 1181 2660 1251 σύγχυσιν
2691 1182 2905 1251 ἐμποιεῖ
2932 1182 3043 1244 τοῖς
3067 1177 3381 1252 δυναμένοις
3413 1184 3711 1237 ἐπακολου-

2127 1271 2238 1325 θεῖν
2271 1273 2391 1334 ταῖς
2423 1271 2720 1341 σημασίαις
2744 1269 2836 1323 τοῦ
2865 1271 3045 1339 λόγου,
3087 1272 3221 1324 ἰδίαν
3253 1272 3458 1327 ἔννοιαν
3486 1275 3585 1345 τῆς
3605 1275 3707 1328 τοῦ

2126 1363 2338 1434 Πατρδς
2372 1363 2741 1433 προσηγορίας
2770 1361 3160 1432 ὲμφαινούσης,
3193 1363 3400 1418 καὶτοῦ
3429 1363 3558 1418 Υἱοῦ
3592 1368 3708 1420 πά-

2125 1455 2209 1508 λιν
2237 1456 2332 1508 καὶ
2359 1453 2450 1508 τοῦ
2489 1454 2644 1522 ἁγίου
2683 1453 2998 1524 Πνεύματος
3027 1456 3184 1507 ἰδίαν·
3216 1459 3337 1510 κατ’
3371 1457 3560 1511 οὐδένα
3587 1459 3713 1531 τρό-

447 1559 568 1596 rum
618 1545 738 1613 ipso
788 1547 882 1600 illo
931 1549 1134 1602 tradito
1181 1547 1376 1602 ordine
1417 1549 1808 1602 distantiarum
1855 1563 2019 1617 appa-

2127 1561 2225 1597 πον
2257 1544 2365 1597 τῶν
2395 1543 2804 1614 σημαινομένων
2843 1545 2899 1595 ὲν
2931 1543 3180 1613 ἀλλήλοις
3214 1544 3610 1616 συγχεομένων.

447 1652 608 1703 rens,
639 1640 846 1694 nullam
913 1657 1142 1710 prorsus
1189 1644 1572 1699 confusionem
1617 1645 1778 1698 efﬁcit
1825 1645 1927 1706 iis,

1999 1643 2092 1711 qui
2132 1641 2406 1696 sermonis
2456 1641 2672 1710 insequi
2724 1648 2953 1710 possunt
3011 1641 3484 1711 significationes;
3544 1659 3710 1700 suam

447 1729 722 1797 prepriam
776 1731 1194 1802 intelligentiam
1238 1733 1415 1788 Patris
1459 1736 1826 1805 appellatione
1868 1733 2274 1805 patefaciente,
2337 1731 2575 1802 Filiique
2608 1747 2842 1797 rursus,
2911 1738 2968 1788 et
3017 1730 3255 1802 Spiritus
3331 1736 3508 1789 sancti
3574 1751 3714 1806 pro-

447 1823 622 1891 priam
649 1865 664 1889 ,
696 1823 1000 1878 secundum
1053 1827 1263 1880 nullum
1303 1842 1532 1898 prorsus
1563 1829 1784 1883 modum
1820 1829 2258 1897 signiticetarum
2291 1841 2477 1880 rerum
2516 1825 2749 1879 invicem
2778 1823 3162 1880 confusorum.

516 1913 861 1984 Baptizamur
891 1917 1077 1988 igitur,
1107 1920 1272 1974 veluti
1312 1921 1644 1990 accepimus,
1671 1935 1769 1990 per
1802 1917 2015 1974 Patrem

443 2013 497 2062 et
529 2003 726 2061 Filium
765 2017 819 2062 et
865 2007 1129 2080 Spiritum
1169 2020 1442 2080 sanctum,
1471 2013 1750 2068 credimus
1792 2022 1972 2067 autem
1997 2051 2012 2076 ,

443 2099 610 2162 veluti
665 2099 1020 2166 haptizamur.
1079 2101 1387 2178 consonam
1422 2105 1570 2158 enim
1619 2119 1742 2160 esse
1789 2101 2017 2159 addecet

442 2192 777 2248 confessioni
826 2193 1003 2248 fidem.
1059 2193 1340 2249 Sentimus
1397 2210 1524 2250 vero
1581 2196 1660 2250 uti
1716 2195 2012 2250 credimus.

443 2284 562 2340 Non
585 2287 729 2340 enim
761 2294 1013 2341 naturam
1042 2287 1205 2342 habet
1237 2287 1424 2358 opinio
1459 2303 1582 2342 cum
1613 2289 1718 2344 fide
1749 2305 2012 2360 pugnare.

447 2375 553 2431 Sed
586 2377 638 2430 in
665 2392 788 2448 quae
823 2379 1120 2440 credimus,
1155 2377 1270 2432 haec
1319 2386 1373 2432 et
1413 2380 1701 2434 sentimus.
1748 2380 2017 2446 Quoniam

446 2470 612 2539 igitur
656 2469 710 2522 in
765 2468 977 2525 Patrem
1027 2479 1080 2525 et
1133 2469 1328 2524 Filium
1364 2479 1418 2525 et
1457 2469 1722 2541 Spiritum
1765 2480 2017 2526 sanctum

447 2559 580 2615 fides
614 2569 728 2624 est,
768 2560 1132 2630 insequuntur
1178 2569 1360 2616 autem
1391 2577 1452 2617 se
1496 2571 1684 2616 mutuo
1717 2561 1870 2626 fides,
1903 2563 2020 2633 opi-

445 2652 556 2717 nio,
589 2652 855 2722 baptisma
885 2671 899 2708 :
933 2661 1155 2724 pmpter
1186 2655 1290 2709 hoc
1320 2663 1374 2710 et
1417 2655 1602 2724 opinio
1642 2670 1750 2709 non
1784 2655 2024 2711 secerni-

445 2753 556 2806 tur,
585 2760 650 2798 ea
679 2760 800 2814 quae
829 2747 898 2800 de
925 2745 1088 2800 Patre
1123 2755 1234 2810 est,
1268 2762 1330 2801 ea
1367 2763 1488 2816 quae
1539 2747 1606 2802 de
1657 2745 1814 2811 Filio,
1862 2755 1915 2802 et
1958 2762 2022 2800 ea

445 2852 567 2907 qua:
595 2837 660 2890 de
688 2835 898 2906 Spiritu
927 2846 1142 2893 sancto.
1180 2838 1304 2893 "me
1333 2855 1458 2894 vere
1479 2839 1833 2906 existimatio,
1861 2855 2020 2908 quam

446 2928 682 2998 propria
732 2936 942 2984 naturae
995 2929 1308 2994 referimus,
1358 2932 1437 2985 nil
1477 2932 1623 2986 aliud
1667 2939 1772 2993 est,
1821 2941 2020 3000 praeter

447 3034 610 3088 quam
659 3019 930 3074 bonorum
961 3035 1082 3088 qua;
1129 3021 1182 3074 in
1215 3022 1500 3091 majestate
1537 3032 1664 3078 sunt
1701 3021 1897 3076 divina:
1924 3039 2020 3077 na-

446 3120 582 3167 turae
620 3113 916 3167 confessio.
957 3112 1076 3167 Non
1105 3114 1250 3167 enim
1289 3131 1356 3168 ex
1390 3125 1578 3168 nostra
1623 3115 1880 3170 facultate
1923 3115 2024 3168 ho-

444 3187 632 3282 norem
665 3207 990 3276 apponimus
1033 3206 1372 3261 inhonoratae
1415 3215 1662 3274 naturai;
1711 3216 1764 3261 at
1794 3222 1858 3261 ea
1903 3222 2026 3276 quae.

446 3294 694 3366 profecto
746 3294 947 3348 adsunt
1002 3294 1342 3364 profitentes,
1389 3295 1652 3350 honorem
1702 3296 2019 3366 elargimur.

443 3384 712 3450 Quoniam
750 3383 915 3454 igitur
963 3384 1111 3440 inest
1149 3385 1382 3455 singulis
1427 3385 1482 3438 in
1530 3393 1718 3440 sancta
1759 3385 2024 3441 Trinitate

443 3477 775 3534 creditarum
801 3492 1157 3547 personarum
1182 3477 1696 3547 incorruptibilitas,
1720 3479 2020 3544 aeternitas,

443 3569 846 3631 immortalitas.
875 3569 1120 3634 bonitas,
1155 3577 1418 3639 potestas,
1461 3572 1764 3636 sanctitas,
1804 3571 2024 3640 sapien-

445 3659 542 3723 tia,
574 3661 752 3714 omnis
794 3659 1191 3730 intelligentia,
1232 3661 1634 3732 magnificaque
1685 3669 1740 3715 et
1781 3663 2020 3728 excelsa,

442 3751 570 3806 dum
603 3753 716 3806 haec
739 3746 1027 3834 bonadquae
1049 3753 1260 3819 insunt,
1284 3753 1576 3809 dicuntur:
1604 3753 1812 3808 idcirco
1833 3755 2022 3810 existi-

443 3844 702 3899 mationis
732 3843 1046 3914 hujusmodi
1092 3843 1358 3899 eﬂieimur
1388 3845 1538 3914 ipsis
1573 3845 1914 3913 praebitores.
1959 3847 2024 3898 Et

443 3934 718 4008 quoniam;
737 3912 920 3986 omnia
951 3934 1170 4002 quidem
1196 3948 1316 4002 qua:
1341 3912 1520 3988 Patris
1561 3912 1709 3996 sunt.
1745 3935 1906 3989 habet
1933 3934 2026 3988 Fi-

443 4023 584 4088 lius;
613 4023 794 4075 omnia
818 4030 998 4077 autem
1040 4019 1160 4075 Filii
1200 4021 1341 4074 bona
1380 4021 1433 4074 in
1483 4021 1689 4092 Spiritu
1719 4022 2022 4092 inspiciun-

443 4119 572 4166 tur:
605 4112 807 4166 nullam
856 4112 912 4166 in
957 4120 1147 4166 saneta
1173 4109 1461 4187 Trinitate,
1507 4104 1807 4168 secundum
1855 4113 2014 4169 celsi-

443 4203 706 4258 tudinem-
739 4203 1181 4268 existimationis,
1219 4205 1584 4262 differentiam
1641 4214 1832 4263 ll'lltlUO
1877 4208 2024 4264 inter

2194 1915 2575 1988 Βαπτιζὸμεθα
2602 1917 2800 1982 τοίνυν,
2825 1917 2899 1980 ὡς
2930 1916 3332 1988 παρελάϐομεν,
3362 1921 3442 1983 είς
3482 1921 3710 1994 Πατέρα

2125 2009 2217 2061 καὶ
2245 2007 2370 2062 Υίὸν
2393 2009 2486 2060 καὶ
2520 2005 2742 2078 Πνεῦμα
2768 2007 2941 2076 ἅγιον.
2974 2009 3308 2080 Πιστεύομεν
3333 2012 3389 2065 δὲ
3407 2013 3482 2075 ὡς
3509 2013 3709 2083 βαπτι-

2125 2098 2360 2170 ζόμεθαο
2396 2099 2683 2170 σύμφωνον
2716 2099 2825 2170 γάρ
2856 2096 2994 2154 εἶναι
3038 2105 3304 2173 προσήκει
3334 2107 3400 2173 τῇ
3442 2105 3708 2178 ὁμολογίᾳ

2121 2194 2221 2263 τὴν
2261 2192 2461 2246 πίστιν.
2510 2186 2813 2262 Δοξάζομεν
2841 2190 2895 2244 δὲ
2925 2186 3000 2256 ὡς
3044 2193 3390 2266 πιστεύομεν.
3429 2197 3563 2250 Οὐδὲ
3591 2200 3706 2270 γὰρ

2123 2285 2235 2357 ἔχει
2274 2285 2434 2354 φύσιν
2470 2283 2736 2356 μάχεσθαι
2762 2287 2829 2356 τῇ
2858 2285 3039 2338 πίστει
3086 2285 3183 2358 τὴν
3225 2286 3403 2352 δόξαν.
3451 2287 3590 2342 Ἀλλ’
3618 2291 3704 2354 είς

2122 2377 2158 2432 ἃ
2188 2376 2532 2448 πιστεύομεν,
2576 2367 2752 2430 ταῦτα
2783 2377 2876 2430 καὶ
2914 2376 3228 2448 δοξάζομεν.
3268 2378 3485 2449 Ἐπειδὴ
3523 2379 3704 2434 τοίνυν

2123 2471 2203 2532 εἰς
2222 2468 2442 2540 Πατέρα
2465 2469 2559 2522 καὶ
2582 2467 2710 2522 Υίὸν
2731 2469 2824 2522 καὶ
2849 2469 3072 2540 Πνεῦμα
3097 2471 3248 2538 ἀγιον
3275 2473 3309 2542 ἠ
3331 2459 3511 2536 πίστις
3526 2472 3701 2526 ἐστίν’

2125 2557 2404 2613 ἀκολουθεῖ
2431 2559 2486 2612 δὲ
2507 2558 2752 2630 ἀλλήλοις
2779 2561 2812 2630 ὴ
2838 2560 3040 2624 πίστις,
3070 2563 3104 2632 ἡ
3129 2561 3274 2627 δόξα,
3298 2563 3360 2616 τὸ
3391 2563 3700 2636 βάπτισμαο

2123 2652 2210 2706 διὰ
2237 2651 2392 2706 τοῦτο
2424 2651 2582 2722 καὶὴ
2630 2649 2756 2716 δόξα
2789 2651 2848 2705 οὐ
2893 2651 3227 2723 διακρίνεται
3265 2656 3299 2726 ἡ
3352 2655 3562 2726 Πατρδς
3601 2657 3706 2712 καὶ

2123 2742 2254 2795 Υἱοῦ
2288 2742 2382 2794 καὶ
2411 2741 2570 2810 ἁγίου
2600 2740 2938 2812 Πνεύματος.
2965 2735 3113 2814 Αὕτη
3141 2743 3198 2796 δὲ
3233 2739 3436 2816 ήδόξα,
3466 2747 3531 2816 ῆν
3564 2749 3702 2802 ἀνα-

2123 2833 2436 2904 πέμπομεν,
2457 2835 2525 2903 τῇ
2559 2832 2664 2904 ἰδίᾳ
2689 2831 2848 2902 φύσει
2873 2829 3023 2886 οὐδὲν
3049 2825 3177 2887 ἄλλο
3206 2835 3371 2902 ἐστὶν,
3402 2831 3560 2908 ἀλλ’ἢ
3592 2839 3705 2892 τῶν

2126 2924 2433 2996 προσόντων
2448 2927 2514 2995 τῇ
2548 2923 2929 2994 μεγαλειότητι
2953 2926 3052 2995 τῆς
3072 2919 3223 2988 θείας
3249 2925 3462 2993 φύσεως
3484 2927 3707 2997 ἀγαθῶν

2123 3013 2398 3085 ὁμολογία.
2431 3015 2505 3066 Οὐ
2537 3015 2645 3084 γὰρ
2669 3011 2729 3078 ἐξ
2749 3015 3019 3086 ἡμετέρας
3046 3014 3328 3086 δυνάμεως
3354 3019 3517 3089 τιμὴν
3537 3036 3705 3090 προσδ

2123 3105 2342 3178 τίθεμεν
2367 3108 2432 3178 τῇ
2481 3107 2731 3177 ἀτιμητῳ
2781 3105 2972 3175 φύσει,
2999 3107 3134 3161 ἀλλὰ
3172 3108 3241 3162 τά
3275 3110 3541 3179 προσόντα
3571 3113 3705 3182 ὀμο-

2123 3197 2447 3268 λογήσαντες
2464 3197 2560 3268 τὴν
2576 3197 2740 3266 τιμὴν
2765 3195 3229 3270 [ὲ]πληρώσαμεν.
3249 3199 3400 3253 Ἐπεὶ
3415 3197 3508 3256 οὖν
3535 3205 3706 3276 πρόσ·

2123 3305 2270 3341 εστιν
2301 3288 2516 3359 ἑκάστῳ
2549 3289 2656 3341 τῶν
2689 3291 2746 3342 ὲν
2785 3291 2849 3359 τῇ
2893 3289 3026 3361 ἁγίᾳ
3075 3291 3118 3342 Τ
3126 3290 3266 3361 ριάδι
3299 3294 3703 3362 πιστευομένων

2124 3381 2430 3452 προσώπων
2459 3381 2760 3453 ἀφθαρσία,
2787 3381 3026 3453 ἀῐδιότης
3045 3423 3058 3448 ,
3087 3381 3374 3449 ἀθανασία,
3405 3384 3700 3454 ἀγαθότης,

2123 3472 2369 3542 δύναμις,
2400 3471 2692 3543 ἁγιασμὸς,
2725 3473 2906 3542 σοφία,
2943 3475 3052 3527 πᾶν
3075 3474 3254 3544 νόημα
3289 3476 3703 3545 μεγαλοπρεπές

2122 3580 2180 3616 τε
2205 3564 2300 3617 καὶ
2327 3563 2528 3634 ὑψηλὸν
2551 3565 2606 3616 ὲν
2628 3563 2705 3635 τῷ
2721 3562 2901 3632 λέγειν
2923 3563 2992 3617 τά
3013 3567 3280 3637 προσόντα
3301 3567 3498 3635 ἀγαθά·
3527 3567 3704 3639 τούτῳ

2123 3657 2220 3726 τῆς
2243 3655 2400 3726 δόξης
2432 3655 2730 3726 ποιούμεθα
2768 3657 2866 3728 τὴν
2899 3657 3174 3711 ἀπόδοσιν.
3210 3657 3320 3710 Καὶ
3363 3659 3482 3712 ἐπεὶ
3525 3661 3704 3714 πάντα.

2127 3750 2224 3818 μὲν
2244 3749 2312 3801 τὰ
2338 3749 2430 3801 τοῦ
2462 3749 2674 3818 Πατρὺς
2701 3750 2729 3800 ὁ
2759 3749 2886 3811 Tib;
2915 3747 3048 3819 ἔχει,
3080 3749 3254 3802 πάντα
3275 3749 3330 3802 δὲ
3357 3749 3426 3804 τά
3449 3750 3542 3804 τοῦ
3567 3741 3699 3804 Υίοῦ

2123 3836 2304 3905 ἀγαθά
2335 3837 2677 3908 ὲνθεωρεῖται
2703 3837 2780 3908 τῷ
2818 3837 3097 3908 Πνεύματι
3119 3856 3134 3870 ·
3169 3839 3421 3910 οὐδεμίαν
3462 3841 3704 3912 εὑρίσκο-

2126 3944 2222 3997 μεν
2247 3929 2304 3980 ἐν
2327 3930 2394 3999 τῇ
2423 3929 2550 3998 ἁγίᾳ
2572 3923 2762 3999 Τριάδι
2789 3930 2929 3982 κατά
2954 3929 3045 3982 τοῦ
3075 3929 3240 3999 ὕψους
3263 3931 3360 4000 τῆς
3383 3929 3539 4002 δόξης
3564 3934 3700 4002 πρὶς

2122 4018 2321 4088 ἑαυτὴν
2365 4019 2644 4090 διαφοράν.
2702 4017 2838 4072 Οὐτε
2883 4021 2992 4092 γάρ
3021 4021 3162 4075 κατά
3207 4039 3329 4075 τινα
3383 4025 3700 4094 σωματικὴν

2125 4110 2430 4187 σύγκρισιν,
2457 4115 2518 4166 τὸ
2553 4115 2648 4184 μὲν
2681 4113 3010 4186 ὑψηλότερόν
3039 4115 3177 4178 ἐστι,
3217 4115 3278 4168 τὸ
3306 4107 3364 4168 δὲ
3387 4117 3702 4170 ταπεινότε-

2125 4223 2236 4277 ρον·
2271 4204 2332 4258 τὸ
2381 4204 2488 4276 γὰρ
2534 4205 2786 4277 ἀόρατον,
2822 4205 2916 4258 καὶ
2953 4206 3362 4277 ἀσχημάτιστον
3413 4207 3592 4278 μέτρῳ
3635 4209 3695 4260 οὗ

443 4293 618 4364 ipsam
664 4292 1051 4362 comperimus.
1095 4291 1232 4346 Non"
1261 4295 1406 4348 enim
1457 4297 1759 4351 secundum
1816 4313 2009 4368 corpo-

2123 4295 2622 4376 καταλαμϐάνεται.
2654 4295 2792 4350 Οὔτε
2813 4297 2955 4351 κατὰ
2980 4297 3208 4368 δύναμιν
3235 4298 3269 4369 ἢ
3300 4299 3610 4369 ἀγαθότητα
3636 4289 3699 4352 τδ

443 4398 591 4438 ream
643 4383 931 4452 quamdam
991 4384 1454 4454 comparationem
1503 4386 1735 4441 alterum
1795 4387 2016 4456 quidem

443 4472 728 4542 procerius
767 4479 870 4536 est,
901 4473 1128 4526 alterum
1180 4489 1309 4528 vero
1363 4474 1640 4530 humilius.
1686 4474 1838 4541 Quod
1873 4478 2017 4530 enim

444 4562 591 4619 cerni
626 4561 816 4630 nequit
844 4562 1134 4630 omnisque
1183 4577 1378 4631 expers
1431 4572 1517 4617 est
1570 4561 1772 4632 figurae,
1801 4561 2016 4618 dimen-

443 4652 600 4710 sione
632 4668 740 4708 non
772 4653 1272 4724 comprehenditur.
1301 4652 1486 4724 Neque
1532 4655 1836 4709 secuadum
1865 4663 2017 4723 pote-

444 4751 642 4800 statem
679 4753 774 4798 aut
816 4744 1136 4807 bonitatem,
1168 4744 1466 4816 quidquam
1493 4743 1748 4800 differens
1786 4760 2010 4814 compa-

443 4842 563 4890 ra'te
611 4837 666 4890 in
724 4843 914 4892 sancta
963 4831 1233 4890 Trinitate
1281 4835 1638 4906 comperitur,
1688 4844 1748 4890 ut
1799 4837 2014 4891 dicatur

439 4932 596 5002 juxta
629 4932 750 5002 plus
783 4940 849 5004 et
872 4932 1055 4988 minus
1097 4931 1152 4986 in
1187 4931 1322 5004 ipsis
1367 4948 1489 4988 esse
1533 4932 1872 4988 varietatem.
1909 4933 2014 4998 Qui

441 4999 586 5078 enim
618 4999 893 5093 potentius
921 5037 1088 5077 unum
1125 4999 1296 5078 altero
1323 5021 1500 5090 dicat,
1527 5023 1693 5078 tacite
1723 5021 1903 5080 fassus
1931 5029 2016 5078 est

443 5113 496 5168 id
532 5117 678 5184 quod
719 5115 776 5170 in
809 5122 1078 5185 potestate
1119 5115 1303 5171 minus
1337 5123 1443 5178 est,
1497 5115 1822 5172 imbecillius
1864 5115 2018 5170 infir-

441 5207 696 5278 miusque
732 5221 856 5262 esse
887 5206 1201 5277 potentiori.
1236 5203 1350 5262 Hoc
1393 5215 1572 5262 autem
1623 5215 1881 5262 extremae
1927 5215 2015 5262 est

439 5295 737 5366 impietatis
758 5337 774 5361 ,
806 5295 1068 5349 indicium
1100 5293 1322 5365 aliquod
1347 5292 1755 5362 imbecillitatis,
1787 5307 1880 5350 aut
1915 5295 2017 5349 im-

441 5386 765 5456 potentiam,
789 5386 903 5441 sive
930 5387 983 5441 in
1011 5402 1198 5457 parva,
1231 5387 1348 5442 sive
1376 5387 1431 5440 in
1455 5387 1654 5457 majori
1681 5403 1741 5443 re
1770 5389 1824 5442 in
1856 5389 2018 5443 unice

441 5477 624 5548 genito
689 5475 820 5541 Deo,
869 5487 922 5533 et
969 5479 1026 5532 in
1088 5477 1295 5548 Spiritu
1357 5476 1474 5546 Dei,
1527 5485 1708 5536 mente
1753 5480 2013 5552 cogitare.

518 5655 559 5743 ¹ξ¹
597 5653 755 5710 Joan.
792 5673 851 5710 tn
875 5697 890 5722 ,
922 5657 978 5714 8.

2115 4387 2368 4458 διάφορον
2403 4386 2779 4460 συγκριτικῶς
2815 4387 2909 4440 ἐπὶ
2943 4387 3041 4456 τῆς
3076 4387 3237 4456 ἁγίας
3274 4389 3502 4458 Τριάδος
3550 4389 3696 4460 εὐρί-

2117 4493 2326 4542 σκεται,
2357 4475 2433 4540 ὡς
2460 4479 2658 4540 εἰπεῖν,
2699 4459 2850 4548 πα⁶ρά
2879 4477 2940 4529 τὸ
2970 4477 3152 4530 πλεῖον
3181 4477 3278 4531 καὶ
3301 4479 3518 4532 ἔλαττον
3560 4475 3695 4532 εἶναι

2113 4570 2170 4620 ἐν
2199 4567 2409 4630 τούτοις
2445 4563 2822 4638 παραλλαγήν.
2869 4567 2926 4620 Ὀ
2973 4565 3082 4640 γάρ
3133 4567 3484 4641 ἰσχυρότερον
3531 4572 3592 4624 τ’»
3636 4571 3695 4623 ἓν

2113 4658 2204 4714 τοῦ
2279 4660 2466 4732 ἐτέρου
2523 4659 2714 4726 εἰπὼν,
2759 4659 2900 4712 κατὰ
2955 4659 3016 4712 τὸ
3085 4657 3438 4730 σιωπώμενον
3496 4661 3696 4731 ὡμολὸ-

2112 4769 2250 4822 γησε
2299 4754 2360 4805 τὸ
2408 4748 2795 4822 ἐλαττούμενον
2847 4753 2904 4803 ὲν
2949 4753 3015 4822 τῇ
3061 4750 3284 4822 δυνάμει
3312 4745 3699 4824 ἀσθενέστερον

2114 4837 2253 4898 εἶναι
2289 4843 2381 4896 τοῦ
2423 4843 2810 4914 δυνατωτέρου.
2859 4841 3028 4894 Τοῦτο
3059 4838 3116 4894 δὲ
3157 4843 3256 4913 τῆς
3304 4836 3542 4915 ἐσχάτης
3583 4847 3701 4898 ἀσε-

2117 4937 2268 5000 ϐείας
2312 4937 2479 4990 ἐστίν·
2536 4935 2770 5006 ἐμφασίν
2815 4951 2937 4988 τινα
2986 4935 3268 4999 ἀσθενείας
3324 4936 3359 4996 ἢ
3398 4937 3699 5008 ἀδυναμίαν

2116 5027 2228 5080 εἴτε
2268 5029 2324 5079 ὲν
2367 5027 2534 5096 ὀλίγῳ
2585 5027 2694 5079 εἴτε
2750 5027 2808 5080 ἐν
2851 5026 3055 5080 πλείονι
3100 5029 3230 5098 περὶ
3287 5029 3380 5083 τὸν
3435 5033 3699 5102 μονογενῆ

2118 5115 2268 5179 Θεὸν,
2303 5117 2399 5170 καὶ
2429 5116 2555 5188 περὶ
2585 5117 2646 5170 τὸ
2679 5117 2902 5187 Πνεῦμα
2933 5115 3028 5170 τοῦ
3055 5114 3192 5172 Θεοῦ
3231 5121 3448 5174 ἐννοεῖν.
3483 5121 3699 5176 Τὲλειον

2121 5211 2230 5280 γάρ
2275 5213 2334 5263 ὲν
2378 5209 2606 5280 δυνάμει
2653 5209 2748 5262 καὶ
2799 5208 3096 5282 ἀγαθότητι
3140 5212 3235 5268 καὶ
3277 5213 3562 5286 ἀφθαρσίᾳ
3609 5217 3700 5270 καὶ

2123 5302 2256 5354 πᾶσι
2305 5303 2418 5364 τοῖς
2451 5293 2673 5371 ὑψηλοῖς
2719 5302 2952 5370 νοήμασι
2979 5340 2994 5366 ,
3047 5304 3263 5357 καὶτὸν
3314 5304 3444 5358 Υἱὺν
3495 5309 3591 5361 καὶ
3641 5307 3702 5360 τὸ

2123 5392 2346 5463 Πνεῦμα
2389 5393 2418 5444 ὁ
2465 5393 2564 5462 τῆς
2607 5391 2866 5463 ἀληθείας
2909 5395 3241 5465 παραδίδωσι
3276 5396 3454 5465 λόγος.
3508 5400 3572 5453 ΕΞ
3609 5396 3700 5454 οὖν

2125 5484 2325 5548 παντὸς
2371 5482 2575 5552 ἀγαθοῦ
2617 5485 2650 5555 ἡ
2696 5483 2967 5556 τελειότης
2997 5486 3210 5558 ἑκάστῳ
3240 5488 3348 5543 τῶν
3383 5491 3440 5544 ἐν
3472 5494 3540 5562 τῇ
3573 5492 3702 5565 ἁγία
