3950 6156
424 283 564 342 i095

1665 289 1730 345 S.
1770 288 2097 347 GREGORII
2134 289 2430 348 NYSSENI

3575 297 3735 353 1096

417 408 634 456 cturam
677 414 895 456 omnem
951 399 1223 455 orationis
1267 399 1646 471 descriptione
1688 405 1785 461 tibi
1841 408 2000 459 mani-

2125 409 2608 482 συλλογισθήσεται
2628 426 2641 439 ·
2672 403 2733 465 οὗ
2763 411 2924 482 χάριν
2956 410 3187 484 φανερόν
3215 428 3296 466 σοι
3324 413 3553 485 ποιῆσαι
3596 431 3732 468 πει-

416 496 617 549 festam
676 493 860 547 facere
916 492 1363 547 couabor.Crux
1422 505 1508 549 est
1566 497 1756 551 saeclli
1818 497 2013 567 figura;

415 598 677 658 quatuor,
705 586 786 640 uti
819 596 1060 655 oportet,
1094 586 1307 642 aedibus
1336 602 1401 642 ex
1447 589 1596 641 omni
1636 598 1791 659 parte
1837 591 2018 660 reple-

414 687 490 732 ta.
527 680 598 732 At
625 677 1103 748 comprehendunt
1160 694 1284 734 sese
1342 688 1536 734 mutuo
1579 680 1778 735 aedium
1819 697 2015 750 nexus,

414 771 882 840 quemadmodum
918 772 973 827 in
996 772 1318 827 cruciformi
1363 774 1536 843 figura
1570 774 1776 843 ubique
1809 773 2014 828 factum

413 864 688 918 videmus.
724 864 888 918 Cruci
925 874 1106 918 autem
1143 865 1387 920 circulus
1418 876 1544 919 octo
1589 868 1805 936 angulis
1845 868 2016 921 inter-

381 1026 395 1040 .
415 968 608 1028 ceptus
638 958 910 1029 injicitur.
944 958 1009 1013 Et
1037 961 1308 1015 circulum
1355 969 1578 1031 propter
1612 961 2041 1025 circumferens

415 1046 571 1108 tiam,
606 1054 918 1117 octogonon
978 1048 1262 1103 nominavi
1329 1049 1602 1120 figuram;
1658 1050 1734 1104 ita
1787 1059 1847 1104 ut
1885 1051 2015 1107 bina

414 1140 673 1208 octogeni
726 1140 898 1194 latera
945 1150 1137 1196 mutuo
1191 1152 1383 1197 contra
1419 1141 1895 1212 perdiametrum
1927 1144 2015 1213 ja-

416 1233 623 1292 centia,
658 1247 754 1301 per
795 1231 1067 1287 fornicum
1101 1243 1432 1289 curvaturas
1465 1234 1738 1289 circulum
1770 1236 1910 1304 ipsis
1958 1236 2013 1289 in

416 1332 657 1391 quatuor
687 1331 871 1393 partes
902 1325 1285 1393 adjaceutibus
1324 1325 1534 1381 aedibus
1576 1327 1631 1380 in
1670 1327 1849 1381 medio
1880 1343 2016 1381 con-

416 1422 660 1467 uectant.
721 1415 839 1468 Alia
898 1432 1027 1469 vero
1089 1428 1331 1485 quatuor
1385 1418 1640 1487 oetogoni
1696 1418 1870 1473 latera
1934 1419 2005 1472 in-

414 1515 500 1561 ter
527 1508 828 1577 quadratas
884 1511 1029 1565 aedes
1068 1510 1424 1580 pertinentia,
1482 1525 1590 1563 non
1639 1512 1756 1580 ipsa
1792 1511 2013 1579 quidem

412 1602 766 1656 continenter
812 1604 865 1657 in
916 1604 1065 1657 mdes
1099 1603 1541 1672 protendentur:
1578 1617 1771 1656 verum
1808 1604 1863 1656 in
1901 1603 2015 1657 siu-

414 1695 560 1764 gulis
624 1697 871 1765 ipsarum
938 1695 1333 1766 hemicyclium
1397 1695 1818 1763 circumjacebit
1879 1709 2013 1748 con-

2125 500 2362 573 ράσομαι
2392 504 2573 556 πᾶσαν
2622 504 2720 573 τὴν
2761 504 3109 576 κατασκευὴν
3139 505 3229 559 διὰ
3273 507 3376 577 τῆς
3405 507 3503 560 τοῦ
3553 506 3726 576 λόγου

2120 594 2361 664 γραφῆς.
2391 593 2634 664 Σταυρός
2665 595 2782 647 ἐστι
2810 595 2905 649 τοῦ
2939 595 3231 668 εύκτηρίου
3260 597 3321 650 τὸ
3350 598 3564 669 σχῆμα,
3589 600 3727 653 τέσ-

2121 696 2280 751 σαρσι
2304 720 2319 744 ,
2353 679 2430 744 ὡς
2454 681 2623 746 εἰκὸς,
2669 681 2839 747 οἴκοις
2871 685 3246 755 ἁπανταχόθεν
3291 687 3727 760 ἀναπληρούμεο

2118 787 2229 835 νος.
2264 769 2420 824 Ἀλλὰ
2446 771 2960 843 καταλαμϐάνουσιν
2982 775 3218 847 ἀλλήλας
3236 777 3291 831 αἱ
3318 780 3723 849 συμϐολαὶ-τῶι

2117 862 2306 923 οἴκων,
2348 861 2539 934 ὥσπερ
2586 863 2804 936 ὁρῶμεν
2837 866 3114 938 πανταχοῦ
3148 870 3206 921 ὲν
3256 869 3334 940 τῷ
3378 873 3727 942 σταυροειδεί

2117 952 2273 1023 τύπῳ
2304 953 2614 1023 γενόμενον.
2680 956 2819 1008 Ἀλλ’
2864 956 3111 1026 ἔγκειται
3139 959 3216 1030 τῷ
3248 961 3466 1033 σταυρῷ
3513 962 3725 1026 κύκλος

2116 1045 2263 1099 ὀκτὼ
2286 1046 2510 1115 γωνίαις
2555 1047 2957 1119 διειλημμένος.
2993 1051 3206 1105 Κύκλον
3241 1052 3297 1106 δὲ
3340 1053 3428 1106 διὰ
3460 1054 3523 1107 τὸ
3560 1073 3724 1124 περι-

2119 1140 2281 1209 φερὲς
2320 1139 2581 1209 ὠνόμασα
2610 1141 2671 1194 τὸ
2697 1141 3007 1210 ὀκτάγωνον
3041 1144 3247 1215 σχῆμα,
3280 1144 3424 1198 ὥστε
3482 1147 3589 1208 τὰς
3624 1148 3724 1201 δύο

2117 1230 2210 1283 τοῦ
2241 1231 2552 1299 ὁκταγὼνου
2584 1232 2826 1303 πλευρὰς
2850 1275 2864 1302 ,
2895 1235 2993 1298 τὰς
3018 1238 3082 1289 ὲκ
3119 1237 3410 1309 διαμέτρου
3446 1238 3722 1311 ἀλλήλαις

2119 1324 2536 1394 ἀντικειμένας,
2581 1325 2647 1378 δι’
2682 1325 2886 1395 ἀψίδων
2932 1330 3044 1390 τοῖς
3080 1328 3317 1399 τετραχῆ
3359 1332 3721 1401 παρακειμέ-

2116 1432 2229 1478 νοις
2252 1415 2422 1479 οἴκοις
2454 1416 2545 1470 τὸν
2574 1420 2632 1472 ἐν
2661 1418 2738 1490 τῷ
2776 1420 2928 1491 μέσῳ
2963 1422 3257 1481 συνάπτειν
3299 1421 3527 1476 κύκλονο
3567 1425 3627 1476 αἱ
3659 1424 3721 1475 δὲ

2116 1507 2273 1561 ἄλλαι
2319 1509 2582 1579 τέσσαρες
2623 1511 2719 1564 τοῦ
2761 1511 3073 1581 όκταγώνου
3124 1513 3374 1586 πλευραὶ,
3409 1516 3467 1567 αἱ
3501 1515 3718 1584 μεταξῦ

2117 1598 2223 1651 τῶν
2267 1600 2625 1671 τετραγώνων
2665 1601 2829 1655 οἴκων
2861 1603 3164 1673 διήκουσαι,
3201 1604 3319 1657 οὐδὲ
3361 1604 3526 1657 αὑταὶ
3569 1604 3719 1659 κατὰ

2116 1687 2177 1740 τὸ
2223 1688 2446 1759 συνεχὲς
2493 1690 2572 1754 εἰς
2611 1690 2795 1755 οἴκους
2837 1692 3296 1765 ἀποταθήσονται’
3346 1693 3459 1748 ἀλλ’
3497 1695 3717 1767 ἑκάστῃ
3760 1752 3769 1757 ,

413 1786 691 1845 chiformi.
742 1787 915 1858 figura
998 1801 1220 1843 sursum
1298 1804 1493 1843 versus
1563 1787 1713 1841 circa
1786 1785 2000 1840 fornicis

2119 1778 2325 1834 τούτων
2374 1781 2697 1852 ἡμικύκλιον
2756 1784 3131 1854 περικείσεται
3187 1784 3549 1855 κογχλοειδῶς
3602 1785 3717 1856 (18)

414 1880 773 1948 perimetrnm
826 1881 1087 1934 desinens
1136 1900 1148 1934 :
1203 1888 1263 1933 ut
1325 1888 1378 1933 et
1430 1888 1554 1934 octo
1609 1880 1722 1934 sint
1774 1878 2014 1935 fornices

413 1989 641 2037 omnes,
702 1989 796 2043 per
850 1989 993 2044 quos
1051 1975 1183 2042 ipsae
1238 1982 1433 2026 mutuo
1487 1972 1777 2042 quadratae
1841 1975 2009 2038 aedes,

413 2073 468 2119 ct
513 2067 837 2136 hemicyclia
870 2064 935 2118 ad
980 2066 1221 2119 medium
1259 2065 1501 2119 habeant
1557 2062 2012 2133 conliguifatem.

414 2157 667 2212 lnteriori
719 2166 873 2226 parte
902 2172 1033 2212 vero
1080 2160 1311 2211 laterum
1354 2157 1730 2226 diagonalium
1766 2153 2013 2224 quadra-

412 2256 594 2303 torum
640 2250 882 2318 aaquales
931 2265 1168 2304 numero
1198 2249 1462 2303 astabunt
1511 2249 1807 2313 columnae,
1843 2260 2012 2298 orna-

412 2344 583 2398 menti
617 2350 671 2397 et
708 2343 928 2397 roboris
954 2344 1151 2413 gratia.
1191 2342 1559 2397 Sustinebunt
1586 2349 1768 2394 autem
1794 2347 1848 2393 et
1877 2340 2011 2409 ipsa!

412 2449 580 2500 super
601 2450 661 2490 se
689 2434 961 2499 fornices,
988 2451 1144 2504 atque
1171 2444 1339 2505 atque
1369 2435 1406 2487 ii
1436 2434 1531 2504 qui
1563 2434 1733 2494 intus,
1758 2438 2011 2486 constru-

410 2535 552 2583 ctos.
590 2526 768 2598 Supra
805 2530 908 2584 hos
953 2536 1133 2583 autem
1187 2537 1314 2583 octo
1357 2527 1599 2582 fornices
1650 2524 2009 2596 proportione

411 2621 802 2690 superiniectis
831 2621 1112 2689 fenestris,
1140 2632 1408 2691 octogona
1442 2619 1641 2674 domus
1668 2618 1734 2672 ad
1768 2626 2008 2687 quatuor

409 2713 627 2767 cubitos
649 2720 936 2768 cxcrescet
961 2731 975 2778 ;
1006 2729 1070 2767 ex
1109 2728 1170 2767 ea
1199 2729 1329 2767 vero
1355 2711 1596 2767 exstabit
1623 2710 1784 2765 turbo
1805 2711 1995 2766 conoi-

409 2799 531 2860 des.
581 2802 809 2870 figurari:
848 2802 1056 2858 habens
1093 2803 1459 2857 involutionis
1514 2802 1642 2855 tecti
1681 2816 1745 2856 ex
1793 2801 1905 2855 lato
1940 2801 1995 2855 in

411 2900 640 2949 acutum
659 2908 894 2948 cuneum
919 2895 1174 2950 occlusae.
1201 2893 1480 2950 Distantia:
1497 2907 1630 2948 vero
1653 2892 1995 2964 singularum

2120 1873 2258 1926 κατὰ
2289 1874 2346 1926 τὺ
2387 1874 2499 1941 ἅχω
2529 1878 2657 1944 περὶ
2685 1876 2873 1945 did/€60;
2904 1876 3339 1946 ἀναπαυόμενον·
3386 1877 3533 1931 ὥστε
3566 1878 3718 1932 ὀκτὼ

2116 1964 2370 2032 γενέσθαι
2416 1965 2613 2037 ἁψίδας
2645 1967 2744 2032 τὰς
2793 1969 2992 2034 πάσας,
3029 1968 3093 2022 δι’
3128 1963 3205 2023 ὧν
3246 1972 3310 2023 ὲκ
3353 1970 3715 2040 παραλλήλου

2114 2056 2184 2109 τὰ
2217 2057 2536 2128 τετράγωνά
2571 2076 2629 2111 τε
2668 2059 2762 2112 καὶ
2809 2060 3112 2130 ἡμικύκλια
3156 2060 3292 2132 πρὸς
3325 2061 3385 2113 τὸ
3418 2060 3587 2131 μέσον
3612 2062 3716 2132 τὴν

2118 2145 2412 2213 συνάφειαν
2446 2147 2580 2217 ἔχει.
2615 2146 2859 2201 Ἔσωθεν
2893 2149 2950 2201 δὲ
2987 2148 3096 2202 τῶν
3137 2149 3436 2217 διαγωνὶων
3486 2152 3715 2204 πεσσῶν

2119 2239 2397 2310 ἰσάριθμοι
2432 2242 2879 2313 παραστήσονται
2927 2243 3140 2307 κίονες,
3172 2244 3472 2314 εὐκοσμίας
3503 2263 3567 2298 τε
3612 2246 3716 2298 καὶ

2118 2331 2302 2400 ἰσχύος
2333 2331 2515 2403 χάριν.
2571 2332 2848 2400 ’Λνέξουσι
2892 2333 2948 2387 δὲ
2993 2335 3088 2388 καὶ
3131 2329 3276 2388 οὗτοι
3314 2336 3457 2406 ὑπὲρ
3489 2337 3714 2393 ἑαυτῶν

2115 2424 2310 2493 ἁψῖδας
2346 2427 2467 2488 ταῖς
2512 2423 2724 2479 ἔνδοθεν
2771 2426 2838 2479 δι’
2892 2427 3006 2479 ἷσου
3058 2431 3708 2500 συγκατεσκευασμένας.

2116 2518 2262 2571 Ἀνω
2290 2517 2347 2571 δὲ
2372 2517 2479 2571 τῶν
2504 2517 2647 2571 ὀκτὼ
2669 2517 2873 2573 τούτων
2900 2518 3103 2588 ἀψίδων
3125 2520 3210 2573 διὰ
3232 2521 3329 2590 τὴν
3352 2524 3710 2594 συμμετρίαν

2112 2606 2220 2661 τῶν
2249 2606 2662 2678 ὑπερκειμένων
2713 2605 2964 2678 Θυρίδων,
3006 2610 3035 2661 ὁ
3066 2608 3372 2677 ὀκτάγωνος
3408 2607 3559 2675 οἶκος
3607 2614 3710 2666 ἐπὶ

2105 2699 2376 2771 τέσσαρας
2409 2697 2778 2770 αὐξηθήσεται
2830 2701 3062 2770 πήχεις⁶
3113 2702 3173 2754 τὸ
3224 2701 3280 2755 δὲ
3333 2703 3425 2754 ἀπ’
3482 2703 3705 2757 ἐκείνου

2106 2793 2384 2867 στρόϐιλος
2436 2793 2590 2847 ἔσται
2640 2791 2929 2864 κωνοειδὴς
2986 2793 3122 2863 (19).
3173 2795 3272 2864 τῆς
3320 2794 3582 2865 εἱλήσεως
3633 2796 3705 2849 τὸ

2107 2889 2291 2958 σχῆμα
2331 2885 2425 2939 τοῦ
2457 2884 2651 2957 ὀρόφου
2693 2888 2757 2938 ὲκ
2786 2884 3015 2949 πλατέος
3052 2887 3132 2949 εἰς
3161 2885 3285 2950 ὀξὺν
3318 2886 3493 2958 σφῆνα
3525 2905 3709 2942 κατα-

480 3099 594 3175 (18)
627 3095 1034 3175 Κογχλρειδῷς
1066 3098 1426 3175 ᾐίιικύκλιοφς
1457 3100 1874 3175 περικείσεται.
1908 3099 1998 3172 Τῷ

2106 3112 2192 3175 tur
2218 3101 2477 3175 utrolibet
2517 3101 2680 3156 modo
2724 3101 2828 3175 legi
2877 3107 3084 3175 posset,
3122 3098 3215 3175 sed
3256 3098 3702 3175 convenientiori

409 3169 734 3243 κογχοειδῶς
759 3170 838 3222 vel
863 3169 1202 3243 κοχλοειδῶς,
1229 3169 1567 3243 emendanda
1597 3186 1698 3243 vox
1728 3171 1841 3243 haec
1871 3169 1992 3243 est':

406 3239 625 3299 diversa
655 3249 836 3295 autem
881 3240 1194 3313 significant
1232 3239 1492 3313 litec’duo
1515 3242 1819 3313 vocabulaL
1844 3242 1887 3294 si
1932 3244 1998 3296 dc

409 3313 632 3385 propria
682 3313 977 3385 loquamur
1018 3309 1278 3385 dictionis
1317 3309 1739 3385 significatione.
1782 3310 1994 3364 Etenim

408 3380 637 3439 omnino
668 3383 887 3437 diversa
936 3396 1023 3436 res
1074 3389 1159 3450 est
1204 3382 1232 3432 ὁ
1269 3380 1484 3450 κόγχος,
1510 3381 1740 3443 concha,
1769 3397 1930 3450 quam
1971 3385 1999 3435 ὁ

408 3455 621 3525 κόχλος,
650 3452 909 3525 cochlea.
950 3450 1055 3505 Sed
1082 3449 1357 3525 Hcsychio
1392 3453 1534 3525 idem
1568 3449 1811 3525 indicare
1838 3467 1999 3525 posse

407 3522 587 3581 visum
639 3524 741 3579 fuit
798 3533 1026 3592 propter
1074 3524 1280 3593 figurae,
1314 3523 1532 3591 opinor,
1577 3522 1995 3576 similitudinem

406 3595 750 3651 nonnullam.
801 3593 1035 3647 Cochlca
1078 3592 1299 3661 pi'0prie
1332 3600 1418 3646 est
1468 3599 1610 3646 testa
1654 3593 1900 3653 Iimacis,
1944 3603 2000 3647 et

453 3664 805 3736 ετωνυμικῶς
834 3665 995 3717 litnax
1028 3664 1166 3734 ipse.
1203 3661 1423 3716 Concha
1470 3678 1598 3716 vero
1626 3672 1709 3717 est
1754 3666 1998 3736 conchy-

453 3683 805 3736 ετωνυμικως
834 3683 995 3717 mnax
1028 3683 1166 3734 Ipse.
1203 3683 1423 3716 honcua
1470 3683 1598 3716 vero
1626 3683 1709 3717 esu.
1754 3683 1996 3732 conrny-

406 3683 539 3791 Eum
575 3755 589 3791 :
625 3736 786 3790 sicuti
845 3749 1121 3804 purpura,
1172 3748 1391 3797 murex,
1446 3740 1718 3796 ostreum,
1768 3733 1996 3804 κόγχος,

406 3806 712 3877 κογχύλιον,
738 3805 1014 3876 πορφύρα,
1042 3804 1265 3875 ὄστρεον
1285 3846 1302 3877 _,
1326 3806 1798 3877 qpisciuurgcnera
1846 3815 1995 3865 Sunt,

405 3873 825 3947 qui-seabram,
866 3873 1230 3943 as‘peram'et
1284 3874 1407 3947 ideo
1449 3873 1743 3947 firmiorem
1798 3881 1995 3927 testam

408 3943 631 4001 habent.
674 3947 983 4013 Utrumque
1025 3954 1205 3996 autem
1240 3946 1441 3995 animal
1487 3943 1658 3996 tortili
1707 3943 1884 3996 forma
1912 3952 1998 3997 est

406 4024 461 4071 et
495 4017 793 4077 turbinata,
830 4015 982 4084 gyris
1015 4014 1347 4081 quibusdam
1405 4014 1713 4075 inductum,
1746 4015 1850 4068 etsi
1883 4014 1998 4070 dis-

407 4087 677 4142 similiter.
712 4083 1106 4138 Hinc’cochlea
1137 4093 1222 4138 est
1256 4099 1424 4137 unum
1467 4099 1532 4138 ex
1580 4086 1871 4155 praecipuis
1911 4087 1995 4139 in-

407 4156 730 4226 strumentis
797 4156 1391 4226 mechanicisviriom
1448 4165 1726 4210 momento
1784 4165 1992 4226 aptum.

407 4224 647 4290 Vitruvi,
699 4225 793 4280 lib.
845 4241 943 4296 vr;
981 4225 1106 4278 item
1158 4225 1586 4280 instrumentum
1629 4224 1827 4296 aquas
1855 4228 1992 4279 hau—

407 4296 582 4351 riendi
608 4336 625 4359 ,
655 4296 799 4367 quod
834 4295 1066 4350 barbare
1098 4306 1293 4364 pompa
1325 4314 1354 4349 a
1381 4298 1568 4350 Graeca
1602 4313 1732 4352 voce
1765 4306 1995 4367 accepta

406 4377 718 4423 vocaretur.
747 4365 867 4420 Non
906 4373 990 4419 est
1024 4375 1203 4419 autem
1242 4369 1383 4421 idem
1429 4376 1592 4434 atque
1650 4368 1806 4427 illud,
1848 4365 1995 4437 quod
2040 4398 2057 4407 ι

2103 3173 2169 3226 ad
2216 3188 2328 3225 rem
2377 3173 2610 3243 ratione,
2661 3174 2827 3227 totius
2868 3172 3086 3225 :edilicii
3251 3171 3586 3240 κατασκευῇ.
3636 3180 3701 3225 et

2104 3243 2277 3293 forma
2320 3250 2586 3293 snectata.
2624 3255 2785 3293 nrout
2841 3241 3119 3293 stseuus
3207 3240 3468 3293 escribit.
3516 3241 3700 3293 satius

2104 3243 2277 3295 forma
2320 3240 2587 3311 spectata,
2624 3255 2785 3312 prout
2841 3241 3119 3312 Nysscuus
3167 3240 3468 3312 describit,
3516 3241 3700 3297 satius

2100 3322 2184 3367 est
2216 3313 2450 3384 deligere
2474 3312 2535 3365 τὸ
2563 3311 2906 3384 κογχοειδῶς.
2945 3312 3118 3367 Unius
3143 3321 3323 3384 autem
3352 3311 3547 3384 litterae
3581 3328 3702 3384 niu-

2102 3384 2235 3437 tatio
2264 3380 2541 3453 in’Grzeco
2572 3380 2781 3453 scripto
2828 3383 3041 3436 utr-ovis
3097 3383 3260 3435 modo
3289 3388 3383 3453 est;
3418 3380 3693 3437 facienda.

2175 3454 2287 3521 (l9)
2334 3452 2403 3506 Τὸ
2449 3452 2659 3507 δὲάπὸ
2697 3454 2935 3507 ἐκείνου
2987 3454 3307 3520 στρόϐιλος
3352 3452 3528 3504 ἔσται
3577 3470 3695 3505 κων

2101 3522 2359 3594 νοειδής.
2399 3523 2702 3593 Στρόϐιλος,
2755 3524 2897 3577 idem
2939 3537 3003 3577 ac
3039 3522 3265 3594 στρόϐος
3292 3564 3307 3587 ,
3353 3529 3439 3575 est
3475 3532 3691 3578 vortex.

2101 3593 2286 3660 Quare
2333 3595 2572 3662 procella
2621 3596 2768 3648 venti
2813 3593 3117 3652 vorticosa.’
3163 3608 3258 3646 seu
3297 3601 3484 3662 vortex
3541 3595 3691 3648 venti

2104 3666 2175 3718 ita
2202 3661 2433 3729 dicitur;
2455 3664 2546 3733 qui
2580 3665 2742 3719 etiam
2772 3663 2990 3733 λαὶλαψ.
3024 3663 3307 3717 Aristotel.
3348 3661 3420 3714 De
3451 3664 3649 3715 mundo
3669 3679 3691 3717 :

2099 3734 2299 3806 λαῖλαψ
2323 3734 2376 3787 δὲ
2403 3737 2499 3788 καὶ
2524 3734 2820 3806 στρόϐιλος,
2852 3734 3069 3805 πνεῦμα
3097 3733 3237 3806 εἱλού
3249 3749 3407 3806 μενον
3442 3733 3693 3786 κάτωθεν

2099 3806 2231 3859 ἄνω,
2265 3802 2358 3859 Est
2389 3806 2553 3858 etiam
2591 3802 2780 3867 turbo,
2831 3802 3006 3874 quem
3024 3805 3145 3858 coni
3182 3806 3352 3873 figura
3385 3802 3594 3856 ferrum
3634 3806 3691 3858 in

2102 3876 2307 3930 vertice
2348 3885 2683 3943 praeacutum
2738 3876 3028 3929 habentem
3057 3877 3266 3928 scutica
3310 3874 3466 3942 pueri
3507 3888 3537 3925 a
3569 3891 3691 3927 ver-

2101 3945 2206 4009 tice
2233 3946 2314 4001 cis
2353 3945 2559 4000 ferrum
2592 3948 2898 4010 involvunt,
2930 3954 2984 3999 et
3016 3946 3068 3998 in
3099 3960 3226 3999 aera
3263 3946 3335 3997 ita
3374 3943 3687 3999 involutum

2101 4032 2268 4069 manu
2301 4025 2447 4070 retro
2478 4028 2597 4071 acta
2625 4017 3003 4085 ejaculantur;
3036 4018 3129 4086 qui
3163 4017 3295 4069 f'une
3332 4014 3684 4081 displicatus,

2104 4085 2230 4139 ferri
2259 4087 2377 4140 acie
2408 4087 2463 4141 in
2506 4096 2709 4156 puncto
2740 4089 2842 4141 fixa
2887 4087 3094 4154 jugiter
3135 4088 3486 4153 persistente,
3517 4098 3685 4156 quam

2102 4156 2369 4228 citissime
2397 4155 2721 4214 conStanter
2748 4172 2904 4228 aequo
2929 4165 3077 4228 motu
3106 4157 3521 4228 circumagitur:
3544 4155 3687 4228 Tro-

2100 4227 2265 4299 chum
2299 4234 2480 4282 autem
2506 4244 2787 4299 nunquam
2811 4223 3121 4298 significare
3150 4235 3331 4296 potest
3359 4223 3639 4299 στρόϐιλος
3661 4270 3678 4294 ,

2103 4298 2149 4353 si
2191 4312 2295 4353 suo
2327 4300 2548 4369 proprio
2581 4295 2746 4355 sensu
2800 4295 3028 4353 truchus
3058 4295 3401 4369 accipiatur;
3445 4295 3535 4365 qui
3570 4312 3679 4369 nou

2102 4375 2209 4429 est,
2240 4376 2300 4422 ut
2328 4366 2688 4425 isit'trochus
2738 4370 2940 4434 turbo;
2995 4368 3089 4423 sed
3125 4366 3266 4430 rota,
3312 4374 3413 4419 'aut
3446 4366 3678 4434 quodvis

404 4439 631 4521 antliam
701 4437 1243 4521 nominanturccenti
1305 4438 1528 4521 invento
1595 4436 1991 4521 cxc0gitatum.
2029 4465 2072 4521 ο
2103 4439 2251 4521 aliud
2288 4440 2710 4521 instrumentum
2750 4441 2930 4521 (figura
2965 4452 3097 4521 reue
3144 4449 3445 4519 tornatum.
3479 4436 3678 4521 arebat

406 4509 646 4565 Tandem
678 4516 733 4564 et
779 4516 866 4563 est
917 4507 1045 4560 ostii
1090 4522 1269 4578 genus
1308 4513 1655 4578 tortuosum,
1672 4520 1725 4561 et
1772 4510 1997 4576 oblique

402 4581 606 4634 desum
666 4581 739 4634 ita
794 4575 1191 4647 nuncupatum.
1226 4575 1354 4630 Var.
1389 4577 1468 4630 De
1502 4575 1568 4629 R.
1621 4576 1710 4641 R.,
1760 4578 1856 4633 lib.
1907 4575 1992 4636 in.

402 4650 657 4705 Profecto
689 4650 979 4705 diversitas
1012 4649 1163 4703 verbi
1194 4650 1298 4720 vel
1339 4663 1405 4702 ex
1458 4649 1748 4717 proverbio
1788 4650 1995 4720 κόγχην

400 4721 593 4775 διελεῖν
621 4724 905 4775 evidenter
947 4719 1335 4789 cognoscitur;
1389 4720 1457 4773 de
1516 4734 1626 4788 quo
1677 4735 1860 4774 sermo
1894 4719 1997 4776 est

400 4793 544 4862 apud
573 4792 823 4846 eumdem
858 4788 1191 4862 Hesychium
1223 4788 1538 4862 etrSuidam
1563 4806 1579 4856 ;
1608 4790 1817 4845 concha
1844 4792 1993 4845 enim

399 4861 561 4918 unica
596 4870 735 4917 testa
770 4861 1143 4931 voluminibus
1184 4861 1514 4931 quibusdam
1576 4862 1996 4918 circumvolutis

398 4941 685 4996 constans,
716 4947 822 4986 non
853 4941 961 4986 tam
987 4930 1144 4987 facile
1164 4930 1219 4985 in
1244 4931 1383 4986 duas
1415 4938 1597 5000 partes
1619 4931 1991 5003 diffring'ctur,

398 5014 494 5060 aut
526 5005 689 5059 etiam
719 5003 1094 5070 discludetur;
1127 5017 1289 5057 secus
1324 5003 1566 5073 cochlea,
1607 5018 1729 5073 quae
1773 5004 1994 5060 duabus

396 5076 565 5132 veluti
604 5075 842 5130 scutulis
877 5074 1264 5141 concluditur;
1292 5088 1416 5142 quae
1459 5072 1865 5140 facili’negotio
1906 5076 1995 5131 di-

395 5148 692 5202 velluutur.
729 5145 883 5200 Sicut
906 5159 1244 5215 quoqueAex
1291 5146 1385 5198 illo
1433 5144 1638 5215 κόγχης
1680 5144 1836 5215 ,ἄξιον
1889 5162 1993 5213 pro

395 5218 608 5282 οὐδενὸς
646 5215 817 5284 ἄξιον,
857 5212 1095 5279 εὐτελές.
1130 5212 1237 5270 Sed
1286 5229 1395 5269 non
1447 5212 1625 5285 solum
1679 5212 1992 5285 Hesychius

394 5289 588 5344 eodem
622 5302 790 5344 sensu
825 5294 1114 5356 utramque
1146 5299 1334 5341 vocem
1371 5284 1691 5356 sumendam
1723 5284 1945 5341 censuit
1976 5307 1988 5341 :

395 5374 587 5416 verum
634 5366 691 5413 et
742 5360 905 5430 vulgo
953 5355 1254 5430 scriptores
1301 5355 1989 5430 caeteri_promiscue__usi

395 5441 549 5495 sum,
582 5430 746 5485 veluti
776 5424 1097 5494 ostendunt,
1125 5442 1248 5498 quae
1293 5427 1449 5482 affert
1492 5424 1826 5498 Stephanus.
1862 5425 1990 5483 Uno

394 5502 584 5564 verbo,
614 5502 838 5557 cochlea
866 5511 953 5555 est
980 5496 1159 5555 terrea
1182 5500 1415 5566 concha,
1436 5504 1491 5551 et
1519 5496 1730 5552 concha
1756 5500 1989 5555 cochlea

392 5572 646 5644 marina,
681 5579 924 5644 propter_
958 5569 1375 5626 similitudinem
1401 5565 1631 5644 ’_forma3
1672 5569 1987 5644 :_anima1is

391 5642 541 5697 enim
587 5638 759 5707 genus
783 5638 967 5698 'dubio
1002 5648 1059 5695 et
1095 5638 1475 5695 controversia
1516 5639 1707 5709 procul
1757 5647 1845 5694 est
1882 5655 1985 5694 va-

391 5714 558 5772 rium.
594 5711 839 5781 Utraque
869 5725 1003 5766 vero
1038 5710 1108 5781 ad
1141 5724 1237 5765 vas
1266 5709 1732 5781 iureunrrnodrum
1760 5723 1982 5781 cavum,

388 5790 450 5843 et
481 5779 815 5846 scutulatum
846 5780 1148 5837 notandum
1174 5779 1460 5850 accipitur.
1495 5779 1607 5837 lloc
1639 5780 1693 5835 in
1725 5781 1845 5836 loco
1875 5780 1983 5852 igi-

2022 5350 2083 5372 υ

2104 4511 2218 4563 haec
2256 4509 2543 4581 evidenter
2590 4512 2708 4581 ipsa
2746 4505 2933 4581 figurae
2988 4513 3147 4569 ratio,
3197 4510 3339 4581 quia,
3373 4505 3672 4581 στράσιλος.

2099 4580 2305 4650 aliquid
2338 4597 2462 4637 esse
2491 4578 2652 4636 debet
2677 4578 2980 4644 κωνοειδές,
3030 4581 3258 4635 formam
3291 4578 3550 4632 nimirum
3580 4594 3672 4646 ge-

2099 4666 2228 4705 rens
2256 4652 2417 4715 coni;
2447 4667 2567 4721 qua:
2610 4654 2663 4706 in
2699 4652 2976 4720 fastigium
3017 4652 3379 4705 convolvatur
3404 4663 3433 4701 a
3481 4657 3673 4701 rotun-

2097 4720 2266 4791 ditate
2296 4722 2350 4774 in
2377 4720 2633 4776 verticem
2658 4732 2923 4777 exacuata
2952 4739 2965 4773 :
3007 4724 3054 4775 οἱ
3083 4722 3267 4791 τροχοὶ
3294 4734 3443 4785 vero,
3470 4727 3527 4773 et
3554 4734 3673 4787 qua:

2096 4789 2172 4860 τῷ
2187 4792 2379 4862 ’τροχῷ
2417 4793 2618 4847 similia
2653 4801 2803 4856 sunt,
2839 4789 3513 4862 rotumlitate‘necessario
3536 4805 3672 4862 pra:-

2095 4862 2210 4916 dita
2237 4860 2382 4919 esse
2421 4862 2641 4919 debent.
2696 4862 3115 4917 Ilallucinantur
3163 4863 3329 4931 igitur
3370 4862 3419 4912 οἱ
3464 4860 3673 4927 λεξικοο

2096 4935 2296 5005 γράφοι
2352 4934 2560 5005 (neque
2614 4935 2715 4989 hoc
2768 4949 2959 4989 errore
3008 4933 3271 4987 immunis
3323 4938 3409 4985 est
3453 4937 3511 4984 et
3558 4933 3672 5001 ipse

2097 5004 2437 5074 Stephanus)
2467 5019 2590 5059 cum
2627 5020 2794 5059 unum
2836 5019 2960 5058 cum
3005 5005 3180 5057 altero
3211 5016 3495 5072 perperam
3523 5016 3671 5055 com.

2096 5075 2346 5129 miscent.
2398 5074 2498 5129 Ubi
2546 5090 2675 5130 vero
2717 5077 2785 5130 de
2828 5074 3370 5129 denominationibus
3423 5086 3609 5125 rerum
3642 5088 3669 5125 a

2097 5144 2280 5215 figuris
2312 5146 2553 5215 acceptis
2574 5146 2778 5215 agitur,
2805 5144 3207 5207 difficillimum,
3234 5151 3290 5199 et
3318 5141 3670 5215 rarissimum

2091 5211 2176 5272 est
2203 5211 2534 5271 mutationes
2585 5211 2766 5281 efﬁci;
2816 5224 2909 5270 aut
2955 5216 3095 5269 κατὰ
3127 5211 3477 5285 μετωνυμίαν
3514 5211 3673 5283 quid-

2082 5297 2256 5357 uuam
2300 5289 2445 5355 dici;
2508 5288 2585 5341 uti
2628 5288 2879 5342 noverint
2930 5286 3098 5340 docti.
3130 5284 3214 5340 Ab
3243 5284 3438 5338 horum
3489 5296 3669 5357 autem

2092 5356 2268 5411 forma
2301 5353 2581 5429 στρόϐιλος
2616 5359 2820 5413 dicitur
2852 5373 2963 5413 nux
2999 5357 3179 5429 pinea,
3211 5370 3359 5429 Aqua:
3408 5362 3465 5408 et
3499 5353 3671 5429 κῷνος

2089 5429 2254 5482 etiam
2285 5425 2554 5498 vocatur;
2602 5437 2658 5484 et
2698 5428 2879 5484 nuclei
2931 5425 3036 5499 ipsi
3096 5425 3505 5499 nucispinete;
3559 5425 3670 5478 imo

2088 5508 2142 5553 ct
2185 5502 2305 5569 ipsa
2350 5505 2515 5554 arbor
2539 5496 2733 5571 pinus.
2768 5500 2899 5556 lude
2947 5496 3151 5552 factum
3186 5506 3273 5554 est
3300 5496 3548 5558 tandem,
3613 5503 3671 5547 ut

2091 5584 2193 5622 vox
2226 5571 2293 5624 ad
2322 5571 2746 5626 architecturam
2774 5571 2936 5624 etiam
2972 5576 3370 5633 transmearet;
3405 5575 3673 5635 notalque

2089 5640 2377 5711 incurvum
2410 5657 2571 5711 opus,
2619 5650 2677 5698 et
2719 5648 3190 5711 concameratum,
3244 5638 3338 5694 sed
3369 5637 3523 5711 coni,
3570 5651 3669 5711 seu

2089 5710 2327 5783 turbinis
2367 5707 2594 5782 ﬁguram
2643 5711 3027 5783 prreseferens.
3060 5709 3177 5764 Hoc
3214 5723 3377 5783 sensu
3412 5707 3503 5761 hic
3523 5708 3673 5760 acci-

2090 5782 2257 5851 pitur,
2314 5790 2368 5839 et
2413 5781 2693 5853 profertur
2727 5798 2757 5838 a
2799 5781 3086 5854 Nysseno;
3133 5781 3541 5848 verteudusque
3584 5784 3670 5833 est
