3950 6156
284 335 421 395 1097

1427 329 1811 388 ΕΡΙΒΤΟΙΛΕ.
1849 356 1920 369 --
1952 325 2164 382 EPIST.
2218 325 2383 382 XXV.

3393 327 3532 389 £098

273 457 584 532 ⁴Διλειούειης.
614 459 897 530 Διάστημα
923 458 980 513 δὲ
1006 458 1155 512 κάτω
1182 457 1244 511 τὸ
1270 458 1469 522 πλάτος
1491 457 1601 528 (20)
1627 456 1854 510 ἑκάστου

1968 425 2582 521 [ιυοιίιιιιιοι-υιηίεάἰυω
2628 459 2753 507 octo
2797 450 3003 507 cubitis
3045 451 3303 507 deorsum
3341 448 3532 503 latitu-

274 552 386 607 τῶν
412 551 768 624 τετραγώνων
790 551 953 604 οἴκων
975 549 1117 605 ὀκτὼ
1146 552 1374 621 πήχεσιν
1407 550 1558 603 ἔσται
1578 591 1592 614 ,
1624 545 1854 618 ἡμιολίῳ

273 645 331 700 δὲ
363 645 562 698 πλέονα
600 645 681 707 είς
708 643 768 697 τὸ
801 644 994 714 μῆκος,
1025 642 1157 712 ὕψος
1195 643 1253 696 δὲ
1278 643 1453 711 ὅσονή
1482 640 1742 709 ἀναλογία
1759 636 1855 692 τοῦ

275 736 510 798 πλάτους
537 732 804 803 βούλεται.
825 731 1092 786 Τοσοῦτον
1111 733 1262 786 ἔσται
1275 733 1368 786 καὶ
1385 732 1476 786 ἐπὶ
1493 729 1852 801 ὴμικυκλίων.

283 825 556 889 Ὡσαύτως
570 825 691 879 ὅλον
710 825 809 896 μὲν
831 825 906 888 εἰς
929 824 1072 878 ὀκτὼ
1089 826 1282 895 πήχεις
1301 824 1360 877 τὸ
1381 823 1582 895 μεταξὺ
1599 823 1706 877 τῶν
1729 840 1856 876 πεσ-

275 916 382 969 σῶν
407 917 804 986 διαμετρεῖται.
830 917 993 970 Ὅσον
1023 916 1080 969 δὲ
1113 915 1274 969 δώσει
1309 918 1334 987 ἡ
1367 915 1460 968 τοῦ
1485 915 1739 986 διαϐήτου
1769 932 1858 968 πε-

276 1009 517 1079 ριγραφὴ
539 1011 594 1061 ὲν
610 1007 688 1078 τῷ
707 1007 855 1078 μέσῳ
874 1008 970 1079 τῆς
991 1007 1230 1079 πλευρᾶς
1260 1007 1605 1079 πηγνυμένου
1622 1006 1714 1060 τοῦ
1737 1006 1847 1059 κέν-

272 1118 427 1170 τρου,
457 1101 550 1153 καὶ
576 1100 666 1152 ἐπὶ
699 1100 761 1152 τὸ
797 1099 966 1169 ἄκρον
995 1099 1163 1169 αὐτῆς
1190 1098 1574 1162 διαϐαίνοντος,
1605 1095 1858 1150 τοσοῦτον

274 1190 474 1251 πλάτος
488 1188 617 1251 ἕξει.
639 1189 712 1241 Τὸ
726 1189 782 1241 δὲ
805 1189 937 1258 ὕψος
951 1191 984 1258 ἡ
1005 1189 1264 1256 ἀναλογία
1287 1187 1381 1241 τοῦ
1399 1188 1635 1250 πλάτους
1655 1186 1749 1240 καὶ
1767 1187 1858 1239 ἐπὶ

271 1281 476 1333 τούτων
508 1281 741 1352 ποιήσει.
773 1281 847 1334 Τὸ
875 1281 932 1333 δὲ
961 1280 1056 1333 τοῦ
1092 1281 1272 1351 τοίχου
1305 1281 1466 1350 βάθος
1509 1278 1623 1350 (2|)
1655 1277 1857 1332 ἔσωθεν

273 1371 382 1424 τῶν
403 1371 543 1425 κατὰ
572 1371 630 1423 τὸ
649 1371 800 1434 sub;
824 1389 1068 1443 μεμετρη
1080 1372 1253 1442 μένων
1276 1371 1548 1440 διάστημα
1568 1369 1677 1423 τῶν
1693 1369 1858 1440 τριῶν

276 1463 473 1529 ποδῶν,
503 1464 623 1517 ὅλον
656 1464 1073 1535 περιδραμεῖται
1098 1464 1160 1516 τὸ
1189 1463 1370 1534 ἔργον.
1412 1462 1602 1516 Ταῦτά
1636 1479 1730 1515 σου
1761 1464 1860 1533 τῆς

275 1557 612 1626 ἀγαθότητος
648 1555 789 1608 κατὰ
827 1555 1067 1625 σπουδῆς
1111 1554 1460 1626 κατελήροισα
1489 1552 1678 1606 τοῦτον
1721 1552 1860 1622 ἔχων

280 1647 480 1699 σκοπὸν
518 1646 652 1714 (92),
685 1645 825 1699 ὥστε
859 1663 918 1698 σε
945 1647 1034 1699 διά
1053 1663 1111 1698 τε
1137 1645 1229 1699 τοῦ
1262 1645 1458 1715 βάθους
1487 1643 1595 1697 τῶν
1641 1643 1857 1712 τοίχων,

276 1737 370 1790 καὶ
413 1736 499 1790 διὰ
553 1737 663 1789 τῶν
712 1739 769 1789 ὲν
813 1736 961 1807 μέσῳ
1007 1735 1391 1806 διαστημάτων
1436 1732 1734 1801 ἐπιγνῶναι
1791 1732 1857 1785 δι’

1957 540 2083 594 dine
2114 548 2311 594 erunt:
2347 543 2726 612 sesquialterae
2755 557 2890 598 vero
2927 541 3165 613 majores
3197 543 3252 596 in
3295 539 3533 610 longitu-

1958 632 2144 687 dinem
2174 650 2188 699 ;
2236 632 2474 688 altitudo
2517 643 2721 699 autem,
2774 643 3039 703 quantum
3069 633 3312 704 postulat
3342 632 3532 686 latitu-

1958 723 2106 779 dinis
2148 725 2458 794 proportio,
2500 723 2626 790 ﬁet;
2681 731 3009 796 tantumque
3049 734 3211 780 erunt
3237 721 3402 780 etiam
3436 738 3535 792 pro

1960 816 2349 872 semicirculis.
2378 814 2554 870 Simili
2580 815 2793 872 ratione
2819 817 3042 887 quidem
3073 824 3200 871 octo
3218 816 3533 872 cubitorum

1959 922 2220 963 mensura
2252 907 2357 962 erit
2394 907 2563 962 totius
2608 907 2919 964 intermedii
2957 908 3188 963 laterum
3240 908 3536 978 quadrato-

1959 1016 2103 1054 rum.
2138 998 2416 1065 Quantum
2446 1008 2628 1055 autem
2660 999 2814 1055 dabit
2841 1002 3286 1071 circumscriptio
3315 1001 3534 1065 circini,

1961 1092 2014 1145 in
2047 1091 2240 1146 lateris
2267 1091 2449 1146 medio
2477 1091 2568 1145 ﬁxi
2601 1102 2814 1157 centro,
2864 1101 2920 1147 et
2952 1093 3018 1146 ad
3049 1094 3223 1162 ipsius
3259 1108 3537 1148 summum

1959 1182 2294 1252 permeantis
2331 1201 2342 1234 :
2381 1190 2592 1236 tantum
2628 1182 2862 1238 latitudo
2896 1197 3086 1239 eorum
3118 1183 3363 1239 habebit.
3401 1185 3537 1238 Alti-

1960 1272 2204 1325 tudinem
2247 1281 2430 1327 autem
2466 1273 2524 1327 in
2569 1273 2654 1330 bis
2691 1273 2852 1328 etiam
2904 1276 3187 1345 proportio
3227 1276 3538 1331 latitudinis

1959 1361 2176 1416 efﬁciet.
2244 1361 2387 1418 Muri
2442 1379 2572 1420 vero
2632 1365 2976 1435 profunditas
3032 1382 3129 1437 per
3189 1367 3538 1422 intervallum

1963 1454 2130 1507 trium
2163 1454 2361 1524 pedum
2395 1456 2544 1510 intus
2574 1456 2962 1514 demensorum
3011 1473 3152 1529 opus
3207 1467 3386 1513 totum
3424 1460 3538 1514 cir-

1962 1560 2085 1600 cum
2114 1544 2451 1603 intrinsecus
2472 1559 2778 1618 -percurret.
2809 1550 2935 1606 llaec
2964 1551 3196 1606 bonitati
3223 1560 3330 1606 tuae
3357 1552 3541 1608 studio

1961 1636 2270 1706 denugatus
2306 1652 2450 1705 sum,
2481 1639 2629 1694 hunc
2655 1641 2863 1698 habens
2894 1657 3146 1715 scopum,
3181 1653 3241 1699 ut
3274 1651 3332 1700 tu
3357 1655 3410 1701 et
3443 1662 3537 1716 per

1964 1741 2246 1781 murorum
2292 1727 2664 1796 altitudinem,
2698 1739 2756 1787 et
2789 1749 2888 1802 per
2932 1749 2997 1790 ea
3048 1750 3169 1806 quae
3213 1737 3539 1793 intermedia

276 1827 563 1897 ἀκριϐείας
593 1828 672 1890 είς
695 1828 723 1880 ὅ
760 1803 824 1880 τι*
847 1803 1142 1894 κειραλαίου
1267 1825 1465 1896 μέτρον
1494 1826 1522 1878 ὁ
1543 1823 1652 1879 τῶν
1682 1824 1857 1879 ποδῶν

1968 1825 2117 1883 sunt,
2155 1818 2444 1874 intervalla
2476 1820 2670 1876 sedulo
2694 1837 3041 1892 agnosceres,
3065 1803 3239 1897 cujus
3269 1843 3543 1885 mensurae

277 1920 528 1991 ἀριθμός.
550 1919 692 1972 Διότι
715 1919 1014 1991 περιδέξιός
1033 1919 1149 1972 ἐστί
1175 1935 1257 1971 σοι
1276 1917 1494 1971 πάντων
1519 1919 1552 1989 ἡ
1573 1917 1854 1988 φρόνησις,

274 2014 518 2082 ὅπουπερ
551 2012 616 2065 ἂν
652 2011 840 2082 θέλῃς,
883 2014 940 2064 ἐν
984 2011 1176 2081 ἐκείνῳ
1219 2009 1358 2062 κατὰ
1387 2007 1522 2061 Θεοῦ
1561 2009 1721 2078 χάριν
1766 2009 1857 2060 εύ-

274 2103 556 2173 οδουμένη.
587 2103 699 2156 Καὶ
726 2102 947 2157 δυνατὸν
973 2101 1125 2154 ἔσται
1149 2117 1229 2153 σοι
1263 2098 1353 2153 διὰ
1385 2099 1486 2168 τῆς
1503 2098 1645 2152 κατὰ
1664 2098 1858 2152 λεπτὸν

276 2195 758 2267 συναριθμήσεως,
805 2194 1099 2262 ἐπιγνῶναι
1161 2193 1222 2246 τὸ
1268 2190 1750 2264 συναθροιζόμενον
1795 2194 1860 2246 ὲκ

276 2287 498 2341 πάντων
524 2286 838 2356 κεφάλαιον,
864 2287 939 2349 ὼς
966 2287 1103 2356 μήτε
1125 2283 1397 2349 πλείονας,
1424 2284 1559 2354 μήτε
1587 2282 1860 2344 ὲνδέοντας

275 2381 378 2452 τῆς
399 2380 588 2451 χρείας
621 2380 752 2449 ἡμῖν
776 2380 899 2442 τοὺς
919 2377 1230 2448 οἰκοδόμους
1252 2375 1550 2446 ἐκπέμψαι.
1576 2373 1777 2428 Τούτου
1801 2374 1858 2427 δὲ

281 2472 516 2542 μάλιστα
543 2467 922 2541 παρακλήθητι
966 2467 1165 2538 πολλὴν
1197 2466 1524 2538 ποιήσασθαι
1566 2464 1662 2536 τὴν
1696 2480 1860 2535 φρον-

276 2561 426 2628 τίδα,
455 2561 530 2624 ὡς
558 2556 696 2612 εἶναί
722 2575 874 2623 τινας
909 2556 968 2621 ἐξ
1012 2557 1190 2611 αὐτῶν
1229 2555 1323 2610 καὶ
1359 2556 1459 2626 τὴν
1490 2554 1859 2609 ἀνυπόσκευον

278 2654 483 2724 εἴλησιν
511 2650 930 2721 ἐπισταμένους.
965 2647 1208 2718 Ἔμαθον
1236 2647 1345 2720 γὰρ
1373 2648 1454 2701 ὅτι
1482 2645 1690 2701 τοιοῦτο
1717 2646 1862 2716 γινόο

281 2761 442 2814 μενον
493 2741 864 2814 μονιμώτερὸν
914 2743 1029 2795 ἐστι
1075 2740 1169 2793 τοῦ
1213 2739 1700 2810 ὲπαναπαυομὲνου
1747 2740 1862 2802 τοῖς

279 2834 676 2907 ὑπερείδουσιν.
721 2834 786 2887 Ἠ
815 2832 923 2904 γὰρ
951 2832 1060 2886 τῶν
1097 2831 1268 2898 ξύλων
1313 2833 1507 2896 σπάνις
1552 2833 1630 2895 είς
1657 2831 1860 2903 ταύτην

278 2929 402 2997 ἄγει
429 2927 574 2998 ἡμᾶς
609 2926 704 2997 τὴν
740 2925 1000 2990 ἐπίνοιαν,
1031 2922 1172 2976 ὥστε
1203 2921 1372 2986 λίθοις
1409 2922 1601 2993 ὲρέψαι
1634 2921 1694 2974 τὸ
1721 2923 1861 2976 οίκο-
1901 2952 1906 2956 ~

277 3019 500 3090 δόμημα
521 3017 660 3070 ὅλον·
679 3015 768 3071 διὰ
789 3015 850 3069 τὸ
874 3014 948 3086 μὴ
978 3016 1233 3086 παρεῖναι
1259 3016 1370 3077 τοῖς
1396 3013 1579 3076 τόποις
1600 3013 1860 3085 ὲρέψιμον

1961 1923 2190 1964 summa:
2235 1926 2500 1968 numerus
2547 1915 2619 1967 sit
2666 1916 2903 1983 pedum:
2957 1927 3298 1988 quapropter
3355 1936 3539 1977 rerum

1959 2001 2203 2054 omnium
2235 2016 2368 2057 cura
2397 2003 2520 2068 tibi,
2565 2005 2656 2060 ubi
2691 2007 2843 2072 velis,
2878 2006 2972 2063 Dei
3005 2011 3182 2080 gratia
3201 2020 3353 2067 recto
3379 2013 3542 2068 modo

1961 2092 2107 2146 cedit
2142 2093 2196 2147 in
2225 2095 2445 2162 negotio
2474 2095 2569 2152 illo
2596 2113 2611 2161 ;
2645 2103 2700 2152 et
2745 2099 3010 2168 possibile
3039 2101 3138 2157 tibi
3169 2102 3274 2157 erit
3307 2119 3404 2173 per
3437 2104 3542 2158 mi-

1962 2192 2151 2238 nutam
2201 2188 2752 2243 connumerationem
2805 2203 3106 2260 agnoscere
3142 2193 3428 2247 collectam
3473 2209 3541 2248 ex

1962 2276 2127 2332 rebus
2176 2278 2431 2334 omnibus
2467 2295 2738 2336 summam
2787 2299 2802 2335 :
2856 2281 2934 2335 ita
2988 2289 3046 2336 ut
3093 2298 3272 2354 neque
3303 2285 3542 2354 majores

1961 2381 2142 2437 neque
2174 2369 2441 2436 minores,
2478 2386 2642 2441 quam
2674 2386 2835 2442 opus,
2875 2373 3036 2430 nobis
3069 2375 3256 2431 mittas
3295 2377 3540 2432 aedifica-

1962 2461 2220 2516 tores.ln
2271 2477 2339 2517 eo
2387 2475 2568 2520 autem
2621 2465 2862 2522 maxime
2911 2466 3258 2523 exhortatum
3316 2478 3366 2526 te
3417 2487 3542 2528 esse

1961 2552 2147 2616 velim,
2187 2561 2246 2608 ut
2282 2555 2450 2609 multa
2485 2563 2775 2625 praestetur
2797 2572 2953 2625 cura,
2989 2567 3046 2614 ut
3078 2559 3189 2614 sint
3219 2561 3444 2631 quidam
3471 2579 3540 2618 ex

1962 2641 2121 2712 ipsis,
2150 2643 2247 2713 qui
2293 2659 2433 2714 opus
2467 2646 2630 2701 etiam
2688 2649 3096 2704 involutionum
3151 2652 3539 2708 substructura

1961 2737 2266 2792 carentium
2329 2738 2527 2793 sciant.
2593 2737 2773 2794 Didici
2821 2743 2987 2807 enim,
3045 2742 3365 2814 hujusmodi
3400 2761 3540 2816 opus

1963 2830 2196 2886 solidius
2235 2845 2379 2895 esse,
2416 2846 2578 2901 quam
2615 2831 2749 2887 illud
2785 2834 2931 2905 quod
2976 2835 3035 2889 in
3067 2836 3314 2892 materiis
3345 2837 3542 2892 sull‘ul-

1962 2920 2236 2978 cientibus
2262 2921 2582 2992 requiescit.
2606 2921 2904 2994 Lignorum
2921 2940 3052 2981 vero
3073 2927 3298 2996 penuria
3323 2928 3376 2981 in
3399 2928 3540 2986 hanc

1963 3029 2065 3068 nos
2099 3013 2328 3068 adduxit
2355 3015 2744 3083 cogitationem
2775 3026 2835 3071 ut
2857 3019 3008 3073 saxis
3031 3019 3322 3073 aediﬁcium
3349 3029 3542 3076 conte-

278 3109 433 3181 ὓλην.
459 3107 747 3162 Πεπείσθω
772 3107 828 3160 δὲ
855 3109 889 3178 ή
916 3106 1154 3177 ἀψευδής
1188 3123 1280 3159 σου
1313 3105 1478 3176 ψυχὴ,
1514 3106 1597 3158 ὅτι
1639 3105 1747 3158 τῶν
1774 3107 1858 3158 ὲν-

1968 3113 2125 3175 gatur
2159 3112 2369 3171 totum;
2411 3113 2702 3176 propterea
2747 3108 2890 3178 quod
2938 3124 3048 3163 non
3089 3110 3247 3165 adest
3281 3111 3367 3166 his
3401 3112 3541 3166 locis

276 3204 450 3259 ταῦοά
474 3221 620 3266 τινες
646 3201 944 3274 τριάκοντά
973 3218 1062 3271 μοι
1088 3199 1337 3270 τεχνίτας
1361 3198 1644 3252 συνέθεντο
1668 3200 1748 3262 είς
1766 3198 1859 3252 τὸν

278 3294 531 3367 χρύσινον
561 3293 653 3346 ἐπὶ
683 3291 761 3361 τῷ
783 3288 1154 3362 τετραπεδικῷ
1185 3287 1350 3360 ἔργῳ,
1385 3285 1586 3357 δηλαδὴ
1626 3285 1718 3338 καὶ
1759 3286 1860 3356 τῆς

279 3403 340 3440 τε
393 3384 723 3455 τυπωμένης
769 3383 978 3454 τροφῆς
1025 3380 1104 3453 τῷ
1152 3379 1393 3452 χρυσίνῳ
1436 3377 1855 3447 ἀκολουθούσης.

289 3478 450 3548 Ἡμῖν
486 3476 542 3530 δὲ
585 3478 619 3547 ἠ
668 3473 891 3544 τοιαύτη
937 3471 1046 3526 τῶν
1093 3470 1255 3524 λίθων
1298 3469 1359 3522 ού
1408 3468 1690 3540 πάρεστιν,
1741 3467 1858 3521 ἀλλ’

277 3569 574 3640 ὀστρακίνη
602 3567 819 3630 πλίνθος
841 3567 952 3638 (25)
981 3565 1082 3636 om
1103 3563 1197 3617 τοῦ
1220 3561 1475 3632 οίκοδομή
1485 3577 1652 3632 ματος
1680 3558 1856 3623 ἔσται,

277 3665 375 3716 καὶ
404 3663 454 3716 οἱ
482 3661 862 3732 περιτυχόντες
887 3658 1052 3712 λίθοι·
1092 3657 1167 3718 ὼς
1202 3655 1275 3726 μὴ
1306 3649 1446 3706 εἶναι
1476 3652 1656 3713 αὐτοῖς
1689 3650 1860 3717 ἀνάγ-

275 3771 386 3826 κην
442 3752 646 3823 τρίϐειν
685 3751 775 3804 τὸν
801 3751 993 3821 χρόνον
1023 3751 1080 3802 ὲν
1103 3746 1180 3816 τῷ
1207 3747 1278 3798 τὰ
1312 3744 1541 3814 μέτωπα
1566 3740 1674 3794 τῶν
1697 3739 1861 3792 λίθων

280 3843 528 3914 συγχέειν
553 3841 885 3912 ὲναρμονίως
910 3838 1046 3911 πρὸς
1072 3835 1292 3906 ἄλληλα.

363 4045 506 4116 Ἐγὼ
545 4045 602 4097 δὲ
639 4041 780 4095 κατὰ
825 4041 921 4112 τὴν
951 4039 1144 4110 τέχνην
1169 4035 1309 4091 κατὰ
1329 4035 1426 4106 τὴν
1457 4035 1585 4106 περὶ
1626 4033 1736 4104 (24)
1768 4034 1858 4087 τὸν

284 4137 481 4209 μισθὸν
501 4132 939 4204 εὐγνωμοσύνην,
958 4131 1262 4200 ἐπίσταμαι
1285 4127 1408 4188 τοὺς
1424 4125 1653 4178 αὐτόθεν
1680 4123 1860 4194 κρείτ-ι

274 4384 434 4454 juxta
457 4393 630 4454 nuper
650 4378 794 4433 dicta
815 4375 943 4454 περὶ
968 4371 1266 4454 στροϐίλουι,
1298 4372 1461 4454 turbo
1484 4388 1521 4454 ;_
1544 4372 1638 4454 qui
1664 4372 1854 4454 eadem

1965 3196 2395 3266 contignationis
2427 3197 2676 3252 materia.
2710 3197 3114 3256 Persuadeatur
3159 3209 3340 3258 autem
3376 3219 3537 3259 verax

1966 3288 2148 3340 anima
2186 3299 2299 3352 tua,
2333 3289 2478 3359 quod
2511 3289 2600 3344 hic
2653 3291 2874 3362 quidam
2904 3291 3127 3363 triginta
3171 3293 3304 3348 mihi
3334 3296 3544 3350 consti-

1965 3385 2191 3432 tuerunt
2217 3378 2461 3435 artiﬁces
2488 3379 2542 3433 in
2569 3394 2797 3435 aureum
2827 3363 2928 3450 pro
2957 3397 3122 3452 opere
3153 3384 3426 3454 quadrato
3450 3426 3465 3451 ,
3489 3394 3546 3442 et

1964 3469 2249 3539 designato
2277 3469 2534 3525 videlicet
2573 3471 2740 3526 etiam
2768 3473 2916 3526 victu
2954 3489 3185 3528 aureum
3220 3478 3540 3534 comitante.

1963 3559 2135 3616 Nobis
2168 3575 2299 3615 vero
2328 3575 2436 3614 non
2466 3561 2571 3615 alia
2606 3562 2730 3617 talis
2769 3563 3012 3633 lapidum
3051 3566 3236 3634 ﬁglina
3284 3570 3542 3626 materies

1967 3651 2143 3713 adest,
2180 3657 2566 3720 praterquam-
2597 3659 2874 3722 testacea;
2908 3655 3023 3710 haac
3065 3658 3293 3713 materia
3327 3660 3543 3715 aedilicii

1967 3738 2112 3802 erit,
2161 3738 2480 3810 lapidesque
2519 3738 2773 3806 fortuiti;
2813 3750 2874 3797 ut
2917 3745 3052 3814 ipsis
3092 3749 3393 3804 necessitas
3433 3765 3542 3806 non

1969 3827 2040 3883 sit
2084 3834 2304 3897 tempus
2354 3830 2568 3885 terendi
2619 3833 2675 3886 in
2718 3840 2912 3889 mutuo
2945 3844 3071 3906 apte
3117 3840 3543 3897 commiscendis

1967 3921 2207 3992 lapidum
2239 3921 2534 3980 frontibus.

2034 4038 2105 4090 At
2123 4052 2224 4107 ego
2244 4037 2426 4108 quoad
2453 4039 2588 4094 artis
2615 4039 2868 4110 peritiam
2900 4049 2954 4098 et
2976 4042 3370 4114 benignitatem
3395 4048 3544 4103 circa

1960 4127 2302 4197 mercedem,
2336 4130 2463 4186 novi
2502 4131 2760 4188 meliores
2805 4148 2928 4190 esse
2962 4146 3152 4192 nostro
3178 4153 3281 4194 usu
3316 4154 3410 4194 eos
3448 4141 3545 4212 qui

2035 4374 2148 4444 (21)
2183 4376 2352 4452 mea
2379 4377 2486 4432 τοῦ
2519 4379 2724 4448 τοίχου
2749 4379 2960 4448 βάθος.
2994 4381 3167 4446 Βάθος
3197 4381 3547 4452 'prolundita-

282 4443 494 4507 ratione
526 4443 592 4502 ad
627 4464 715 4503 res
748 4443 1200 4500 architectonicas
1222 4443 1588 4513 designandos
1616 4443 1859 4497 traduci-
1889 4456 1937 4513 ι)
1965 4450 2075 4499 tem
2128 4443 2430 4513 vertimus;
2482 4457 2567 4504 est
2611 4443 2797 4504 autem
2849 4443 3161 4507 crassitudo
3207 4443 3368 4504 inuri.
3424 4451 3546 4508 Non

281 4533 391 4576 tur.
426 4521 698 4575 Potuisset
725 4519 888 4590 etiam
931 4515 1074 4569 sumi
1129 4513 1718 4590 pro__interpretatione
1749 4529 1858 4590 nux
1964 4529 2095 4590 vero
2127 4531 2219 4590 me
2249 4518 2378 4572 latet
2405 4519 2561 4586 longe
2585 4518 2831 4576 Latinius
2864 4521 2971 4575 dici
2998 4521 3350 4590 profundum,
3382 4535 3544 4588 quam

280 4595 479 4662 pinea;
513 4591 607 4644 sed
633 4586 940 4662 elcga_ntiu_s
967 4592 1023 4662 et
1051 4583 1342 4662 rotundius
1387 4598 1492 4662 vox
1525 4598 1634 4662 una
1666 4583 1720 4638 id
1744 4583 1862 4662 qui-

281 4653 400 4716 dem
433 4653 748 4732 praestabat;
768 4654 1054 4732 ⁸Στρόμϐος
1077 4669 1207 4709 vero
1236 4653 1376 4732 idem
1402 4654 1568 4732 valet,
1603 4668 1668 4706 ac
1703 4655 1861 4732 στρός

280 4733 393 4794 6ος,
434 4723 544 4787 ’σου
576 4723 896 4800 στρόϐιλος,
922 4723 1056 4794 qua:
1105 4725 1286 4800 omnia
1329 4723 1641 4800 signiﬁcare
1683 4725 1859 4800 etiam

278 4791 512 4872 possunt
537 4791 760 4872 conchae
787 4791 978 4872 genus,
1010 4810 1106 4849 seu
1131 4791 1443 4872 coclileani,
1479 4795 1556 4848 uti
1583 4809 1650 4872 ex
1683 4791 1859 4872 βεργ-

278 4863 406 4927 chio
443 4869 724 4924 noscimus
749 4905 764 4929 ,
793 4863 881 4918 'ob
913 4865 1097 4932 figura:
1146 4863 1580 4918 similitudinem.
1612 4863 1861 4916 Scholia-

279 4952 392 4996 stes
434 4941 578 4995 enim
624 4934 882 4988 Nicandri
926 4936 1001 4986 ait
1033 4947 1176 4986 vers.
1225 4933 1330 4987 593
1374 4933 1805 5001 Alexipltarmac.
1839 4949 1858 4987 :

277 5012 393 5081 Τὸν
414 5006 682 5081 στρόμϐον
711 5004 906 5081 ᾳέλεγον
937 5005 986 5055 οἱ
1024 5003 1254 5081 άρχαῖοι⁵
1281 5004 1563 5081 δπρακον-
1587 5003 1693 5056 τῶν
1724 5019 1858 5081 κογτ

278 5072 500 5150 χιλύωνζ
531 5072 620 5150 οἷς,
642 5075 733 5128 καὶ
759 5073 996 5143 ἐχρῶντο
1020 5072 1140 5125 ἀντὶ
1172 5072 1490 5150 σάλπιγγος.
1522 5072 1587 5128 Ει
1608 5081 1692 5128 est
1724 5073 1858 5127 illud

279 5145 526 5218 Virgilii:
557 5149 682 5218 dum
719 5153 1200 5218 personarwquora
1241 5145 1456 5218 concha.

352 5212 464 5288 (ΞΟ)
493 5217 795 5288 Aidanum
821 5213 889 5265 δὲ
915 5213 1070 5288 κάτει)
1097 5213 1162 5266 τὸ
1188 5213 1434 5288 πλάτος.
1466 5212 1668 5282 Διαστῆ
1693 5221 1783 5288 es_t_
1802 5212 1858 5288 i_n

277 5281 467 5346 Graeco
501 5281 812 5342 codiceIAt
862 5298 963 5335 vox
1012 5281 1196 5337 Graaca
1235 5284 1458 5338 minime
1500 5300 1562 5339 ea
1597 5281 1700 5339 est.
1745 5282 1860 5337 Erit

278 5364 444 5430 igitur
473 5375 572 5412 vox
603 5355 946 5424 διαστήματα
972 5351 1081 5430 dumb
1108 5352 1216 5430 τοῦΔ
1231 5352 1504 5430 διάστημα
1533 5352 1855 5430 supplenda,

278 5421 474 5502 plurali
505 5421 920 5502 numero;'i:um
954 5423 1096 5502 adsit
1133 5421 1288 5502 infra_
1308 5421 1538 5494 ἡμιολίῳ
1567 5421 1858 5502 seriem

276 5493 356 5564 εἰς
386 5501 446 5553 τὸ
471 5501 660 5567 μῆκος.
697 5495 764 5566 Et
779 5493 1204 5567 conjiciendum,
1238 5493 1336 5563 τὴν
1371 5494 1860 5567 περικεκαμμένην

278 5563 587 5642 προσῳδίαν
635 5563 853 5642 nonnisi
903 5563 1164 5618 indicium
1205 5579 1330 5642 esse
1371 5579 1400 5642 a
1445 5563 1664 5642 notario
1694 5563 1858 5642 indu-

277 5634 451 5701 ctum,
484 5651 672 5691 vocem
706 5635 850 5688 illam
879 5651 973 5704 per
1002 5643 1184 5688 notam
1224 5634 1486 5703 scriptam
1526 5634 1696 5689 fuisse
1733 5635 1859 5704 (co-

276 5713 382 5766 dex
411 5708 554 5763 enim
581 5707 668 5760 hic
690 5713 875 5778 noster
903 5704 1423 5778 emendatissimus;
1452 5719 1576 5760 nam
1601 5721 1852 5778 προπαρ-

280 5779 530 5848 οξύτονον
558 5784 644 5833 est
670 5777 732 5830 τὸ
758 5774 1082 5846 διάστημα).

474 5875 748 5938 ΡΑτιιοι..
806 5870 1019 5933 (ἔκλα.
1062 5872 1283 5934 XLVI.

1963 4584 2308 4660 profunditas
2335 4605 2347 4640 :
2381 4584 2523 4660 atid
2550 4605 2738 4660 verum
2757 4591 2861 4643 erit
2890 4584 3013 4642 cuni
3039 4589 3265 4660 fundum
3300 4584 3543 4660 dicitur;

1962 4669 2072 4708 non
2099 4657 2322 4725 quando
2369 4659 2600 4713 altitudo
2634 4659 3020 4714 dimensionis.
3064 4659 3128 4712 Et
3160 4660 3423 4714 vocabula
3457 4657 3548 4716 ar-

1959 4725 2096 4796 tium
2127 4727 2386 4796 religiose
2431 4738 2561 4782 sunt
2601 4729 2890 4782 servanda.
2923 4728 3040 4794 Qua
3072 4731 3138 4784 de
3169 4743 3227 4783 re
3255 4732 3435 4783 omnia
3468 4748 3548 4786 re-

1961 4793 2314 4872 tinuimus'in
2344 4798 2712 4872 architectura
2757 4793 3014 4870 descripti
3059 4800 3222 4869 hujus
3251 4798 3546 4872 εὐκτηρίου

1962 4863 2016 4918 in
2053 4866 2154 4919 hac
2184 4866 2444 4935 epistola.

2032 4935 2144 5005 (22)
2179 4936 2574 5004 Κατελήρασα
2615 4937 2831 4992 τοῦτον
2877 4938 3035 5006 ἔχων
3061 4939 3317 4992 σκοπόν.
3354 4937 3409 4993 Si
3466 4940 3544 4995 ita

1959 5003 2131 5078 liabet
2177 5006 2346 5078 codex
2382 5003 2576 5076 (quam
2606 5003 2976 5078 conditionem
3030 5009 3083 5063 in
3122 5010 3318 5078 quavis
3352 5025 3544 5078 emcn-

1959 5075 2191 5147 datisne
2209 5075 2458 5147 effectam
2489 5093 2776 5133 monemus
2819 5097 2830 5132 :
2887 5077 2978 5132 sed
3013 5078 3085 5132 ita
3118 5075 3332 5147 semper
3366 5077 3544 5135 fuisse

1963 5161 2077 5218 non
2104 5145 2500 5218 dubitandum;
2534 5163 2659 5218 ngam
2693 5157 2806 5201 tum
2841 5147 3096 5218 ἀκριϐής,
3127 5145 3253 5202 cuni
3288 5148 3390 5202 fide
3416 5165 3542 5203 cer-

1959 5214 2208 5286 tissimus
2239 5217 2401 5286 liomo
2437 5225 2520 5271 est
2548 5215 2840 5282 Cocchius,
2879 5214 2972 5286 qui
3001 5214 3176 5273 dixit:
3215 5233 3317 5271 nos
3349 5228 3536 5273 autem

1959 5285 2144 5357 omnia
2168 5285 2481 5357 singillatim
2505 5288 2756 5342 conferre
2782 5285 2988 5342 nostris
3007 5290 3182 5343 oculis
3213 5304 3321 5342 non
3357 5291 3540 5357 potui-

1961 5356 2126 5429 mus),
2153 5356 2530 5429 emendandus
2559 5358 2713 5413 locus
2739 5365 2825 5413 est
2853 5357 2931 5429 τῷ
2958 5359 3334 5428 κατελήρασας
3357 5356 3499 5429 ἔχων
3522 5399 3538 5424 ,

1960 5427 2042 5479 vel
2066 5443 2174 5496 Ῠκατ
2183 5425 2427 5496 ελήρασα
2461 5426 2619 5496 ἔχων.

2031 5495 2145 5564 (23)
2184 5495 2724 5569 H1£r60¢._l_1)t£veog
2751 5497 2974 5569 laterem
3006 5498 3316 5569 signiﬁcat:
3353 5499 3460 5569 sed
3479 5508 3534 5554 et

1959 5565 2122 5619 etiam
2155 5582 2372 5620 omnem
2395 5567 2750 5620 aediﬁciorum
2786 5568 3023 5635 figlinam
3045 5564 3322 5623 materiem
3351 5585 3364 5622 :
3396 5564 3536 5625 late-

1961 5650 2072 5697 res,
2103 5636 2382 5698 imbrices,
2423 5639 2633 5706 tegulas
2663 5677 2676 5700 ,
2711 5645 2766 5692 et
2799 5639 2902 5691 alia
2937 5638 3275 5706 hujusmodi.

2031 5705 2143 5778 (24)
2170 5708 2329 5761 Κατὰ
2349 5707 2462 5775 τὴν
2488 5705 2551 5764 π.
2579 5706 2835 5766 Fortasse
2861 5710 2958 5763 καὶ
2982 5705 3142 5775 κατὰ,
3168 5726 3266 5767 seu
3294 5712 3436 5765 κατά
3452 5724 3534 5764 τι.

3247 5870 3326 5930 35.
