3950 6156
411 275 551 334 1099

1660 262 1717 316 S.
1751 258 2081 316 GREGORII
2120 259 2414 316 NYSSENI

3534 270 3686 325 “00

410 392 571 449 istinc
601 398 750 454 sunt,
784 387 893 442 illis
922 385 1017 455 qui
1059 385 1146 438 hic
1195 381 1508 450 liujusmodi
1551 387 1720 450 agunt
1775 392 1982 431 merca-

2101 396 2208 443 τους
2233 374 2371 432 εἶναι
2394 379 2500 432 τῶν
2524 379 2757 435 ἐνταῦθα
2781 383 3337 454 κατεμπορευομένων
3360 386 3458 456 τῆς
3479 388 3685 458 χρείας

348 519 354 524 -
409 492 580 539 turas.
620 480 770 550 Opus
801 493 928 533 vero
964 476 1344 547 poliendorum
1382 474 1625 545 lapidum
1667 490 1777 527 non
1805 473 1981 526 solum

407 583 493 630 est
526 575 580 626 in
611 571 884 626 columnis
915 585 1036 640 qua:
1064 577 1189 623 octo
1217 576 1388 632 sunt;
1423 582 1560 637 quas
1595 574 1808 636 oportet
1837 565 1987 634 ipsos

409 673 638 719 venuste
669 652 722 716 iii
745 662 1024 717 meliorem
1051 660 1278 716 reddere
1307 659 1538 714 formam
1563 677 1576 726 ;
1607 673 1794 713 verum
1821 658 1985 712 etiam

409 755 590 824 spiras
621 753 862 821 speciem
895 753 1089 806 altaris
1118 751 1418 806 referentes
1454 749 1587 804 illud
1623 747 1884 818 postulat,
1933 753 1987 800 et

408 846 648 916 capitula
679 845 745 900 ad
783 846 1123 900 Corinthiam
1160 845 1385 914 ﬁguram
1429 842 1637 897 calata.
1673 841 1988 911 Ingressus-

409 952 515 1006 que
542 951 608 990 ex
651 936 1023 990 marmoribus
1069 935 1173 989 erit
1208 935 1411 989 decoro
1443 941 1643 988 ornatu
1697 929 1986 986 confectis.

411 1025 695 1096 Superque
727 1026 844 1094 ipsa
871 1026 1018 1080 fores
1054 1025 1519 1094 super-iacebunt,
1541 1023 1679 1077 tales
1720 1020 1986 1091 quasdam

409 1117 649 1187 picturas
678 1115 906 1180 aﬁabre,
935 1118 1011 1171 uti
1041 1132 1158 1172 mos
1187 1125 1292 1178 est,
1341 1116 1513 1169 factas
1544 1117 1610 1167 ad
1648 1121 1988 1167 venustatem

409 1224 570 1263 secus
601 1210 922 1279 suggrumlii
967 1208 1392 1278 prominentiam
1425 1207 1709 1260 habentes.
1741 1203 1987 1269 Quorum

409 1300 631 1368 quidem
669 1300 914 1353 omnium
959 1298 1216 1353 materias
1252 1295 1606 1352 manifestum
1651 1303 1735 1349 est
1766 1309 1794 1346 a
1828 1293 1990 1347 nobis

409 1399 787 1461 comparatum
819 1392 907 1446 iri.
935 1391 1040 1446 Sed
1068 1391 1312 1444 materia:
1334 1405 1425 1444 ars
1449 1388 1680 1442 formam
1705 1385 1987 1455 praebebit.

409 1486 490 1539 Ad
528 1485 641 1539 haec
688 1486 742 1538 in
786 1485 1048 1555 peristylo
1080 1484 1244 1538 etiam
1291 1483 1564 1538 columnae
1608 1495 1719 1535 non
1749 1479 1990 1534 minores

410 1575 774 1645 quadraginta
797 1585 962 1630 erunt
988 1594 1002 1630 :
1031 1576 1256 1644 istaaque
1277 1588 1498 1644 quoque
1521 1573 1680 1642 plane
1719 1571 1990 1640 pertinent

411 1667 479 1721 ad
526 1683 666 1736 opus
708 1667 955 1736 lapidum
1007 1663 1413 1734 poliendorum.
1451 1661 1592 1732 Ergo
1624 1661 1670 1715 si
1701 1659 1990 1730 diligenter

411 1759 672 1828 patefecit
724 1772 862 1826 opus
921 1756 1123 1816 oratio,
1187 1752 1446 1822 possibile
1496 1753 1588 1804 ﬁat
1636 1750 1826 1820 pietati
1865 1757 1991 1813 tuac,

411 1849 559 1921 quod
594 1865 732 1918 opus
763 1856 869 1910 est,
893 1843 1279 1914 conspicienti.
1312 1853 1574 1912 praastare
1602 1841 1760 1895 nobis
1786 1840 1839 1893 in
1873 1853 1990 1893 om-

411 1943 577 1997 nibus
614 1941 766 1994 circa
799 1938 1044 1994 artiﬁces
1081 1939 1456 1992 securitatem.
1495 1934 1554 1990 Si
1592 1948 1722 1989 vero
1763 1948 1793 1986 a
1831 1932 1991 1988 nobis

413 2050 538 2090 cum
571 2033 782 2088 artiﬁce
812 2039 970 2101 pacta
1013 2028 1397 2085 constituenda
1448 2028 1582 2091 sint,
1628 2033 1989 2096 proponatur,

413 2127 460 2182 si
488 2105 708 2196 quidem
747 2131 834 2178 est
863 2121 1144 2191 possibile,
1181 2118 1475 2175 manifesta
1520 2133 1782 2173 mensura
1808 2117 1992 2189 Operis

420 2216 627 2280 diurni,
663 2230 730 2270 ne
773 2229 897 2269 cum
921 2214 967 2268 is
991 2213 1067 2266 nil
1094 2210 1376 2267 clIiciendo
1402 2209 1725 2281 praeterierit
1753 2216 1989 2278 tempus,

414 2316 626 2379 postea,
656 2323 796 2376 opus
829 2305 974 2375 quod
1006 2304 1261 2360 ostendat
1297 2318 1407 2357 non
1457 2302 1689 2366 habens,
1731 2310 1993 2369 tanquam

414 2409 494 2455 tot
535 2399 729 2455 diebus
756 2398 916 2454 nobis
949 2405 1238 2467 operatus,
1269 2410 1436 2465 super
1461 2409 1528 2450 ea
1559 2400 1770 2464 repetat
1796 2406 1997 2448 merce-

414 2493 558 2548 dem.
585 2490 720 2546 Novi
760 2490 1015 2562 equidem
1049 2490 1237 2544 multis
1278 2503 1378 2542 nos
1413 2487 1682 2557 quosdam
1720 2485 1895 2540 visum
1929 2485 1996 2538 iri

417 2582 680 2636 minutam
712 2582 980 2636 rationem
1027 2579 1248 2634 sordide
1282 2586 1336 2634 et
1386 2592 1665 2647 praparce
1717 2577 1992 2640 ineuntes,

415 2672 508 2742 qui
530 2680 638 2725 tam
663 2671 940 2741 exquisita
960 2670 1246 2740 diligentia
1271 2670 1554 2738 pactiones
1579 2669 1992 2739 persequimur:

417 2772 656 2819 attamen
701 2764 1049 2818 exhortatum
1085 2772 1136 2817 te
1164 2776 1286 2818 esse
1315 2761 1441 2816 volo
1493 2761 1561 2816 ad
1593 2761 1809 2816 veniam
1859 2760 1998 2816 dan-

417 2857 563 2912 dam.
598 2856 847 2910 Maniona
881 2857 1028 2911 enim
1073 2856 1186 2921 ille,
1242 2842 1432 2912 multis
1462 2855 1745 2912 multoties
1776 2869 1804 2908 a
1835 2856 1998 2912 nobis

419 2951 562 3004 male
613 2949 680 3003 de
731 2964 788 3004 se
838 2949 1082 3011 auditis,
1134 2948 1353 3003 demum
1403 2964 1432 3002 a
1464 2948 1624 3004 nobis
1672 2948 1808 3018 ipsis
1835 2964 1998 3017 quam

419 3042 738 3113 longissime
765 3040 1072 3109 emigravit,
1118 3039 1243 3093 odio
1281 3039 1508 3099 habens.
1539 3054 1684 3103 reor,
1720 3055 1838 3109 qua:
1861 3054 2002 3094 sem—

419 3151 518 3206 per
542 3133 810 3188 adversus
837 3132 1014 3201 ipsum
1046 3138 1176 3186 sunt
1202 3130 1468 3184 blaterata
1496 3147 1510 3196 ;
1543 3145 1607 3184 ac
1636 3129 1873 3200 quodam
1905 3131 2002 3184 im-
2030 3104 2077 3167 Ο

419 3225 738 3296 permeabili
770 3225 916 3280 hiatu
953 3223 1316 3292 (paupertate
1354 3221 1509 3292 dico)
1542 3220 1685 3277 inter
1715 3238 1773 3278 se
1818 3223 2001 3292 ipsum

421 3323 476 3372 et
506 3331 606 3371 nos
639 3330 854 3369 murum
889 3314 1164 3370 obstruxit
1189 3353 1204 3378 ,
1253 3321 1312 3367 ut
1344 3328 1517 3382 neque
1548 3313 1636 3367 ille
1666 3313 1730 3366 ad
1772 3328 1872 3368 nos
1901 3329 1999 3369 ve-

420 3407 542 3462 nire
574 3407 770 3477 possit,
810 3421 984 3475 neque
1013 3421 1116 3461 nos
1159 3406 1228 3461 ad
1275 3406 1428 3459 illum
1455 3406 1821 3476 pertransire.
1855 3407 2004 3472 Quo-

421 3499 568 3554 circa
596 3499 817 3569 plurimi
850 3497 992 3552 facio
1017 3499 1274 3568 opiﬁcum
1301 3497 1690 3568 benignitatem
1711 3539 1727 3564 ,
1762 3505 1819 3552 ut
1841 3498 2002 3554 nobis

421 3591 488 3645 ad
525 3591 864 3661 prepositum
903 3590 1215 3644 institutum
1263 3588 1442 3644 facere
1479 3589 1613 3644 satis
1655 3589 1692 3642 ii
1739 3591 1998 3660 possint,

422 3683 498 3738 nil
543 3697 768 3752 prorsus
799 3683 868 3736 ab
913 3683 1094 3752 inopia
1131 3681 1449 3748 (laudabili,
1486 3681 1853 3751 precibusque
1904 3699 2001 3737 ex-

422 3773 659 3843 petendo
691 3775 870 3843 malo)
905 3775 1183 3844 prohibiti.
1223 3773 1332 3828 Sed
1378 3774 1434 3827 in
1471 3773 1558 3827 bis
1587 3772 1807 3844 quidem
1843 3773 2005 3842 quid-

424 3879 585 3934 quam
613 3864 724 3934 joci
759 3865 1110 3920 commisth
1140 3870 1245 3918 est.
1283 3863 1361 3916 Tu
1397 3873 1594 3927 autem,
1632 3863 1786 3918 homo
1815 3863 1911 3918 Dei
1934 3867 2001 3928 ",

426 3956 505 4010 uti
539 3956 802 4024 possibile
846 3965 900 4011 et
938 3955 1241 4027 legitimum
1287 3955 1378 4020 sit,
1423 3956 1496 4010 ita
1526 3970 1651 4010 cum
1692 3957 2007 4012 hominibus

427 4047 734 4117 pacisceris,
782 4048 976 4101 nuntia
1009 4048 1347 4103 conﬁdenter
1374 4049 1633 4104 omnibus
1677 4049 1812 4119 ipsis
1839 4051 2033 4113 bene-.

427 4137 740 4202 volentiam,
773 4154 894 4207 quae
927 4153 957 4192 a
982 4139 1140 4195 nobis
1164 4140 1533 4211 praestabitur,
1559 4143 2006 4213 mercediumque

2090 469 2263 538 ἡμῶν.
2314 471 2387 522 Τὸ
2430 470 2486 523 δὲ
2527 469 2632 523 τῶν
2662 471 2894 536 λαοξόων
2935 473 3092 543 ἔργον
3138 474 3197 528 οὐ
3245 476 3403 545 μόνον
3453 478 3510 530 ἐν
3559 481 3687 538 τοῖς

2089 561 2259 615 κίοσίν
2281 565 2395 616 ἐστι
2423 566 2534 627 τοῖς
2559 563 2704 617 ὀκτὼ
2728 562 2822 628 οὓς
2841 564 2948 636 χρὴ
2978 566 3173 630 αὐτοὺς
3197 567 3272 638 τῷ
3296 567 3685 638 καλλωπισμῷ

2091 652 2376 722 βελτιῶσαι
2397 695 2410 717 ,
2448 655 2585 708 ἀλλὰ
2625 655 2936 732 βωμοειδεῖς
2984 658 3212 730 σπείρας
3243 661 3465 714 ἀπαιτεῖ
3494 659 3558 713 τὸ
3586 660 3686 730 ἔρ-

2089 762 2208 813 γον,
2263 749 2356 800 καὶ
2395 747 2688 816 κεφαλίδας
2735 748 3062 819 διαγλύφους
3108 751 3251 805 κατὰ
3279 751 3340 804 τὸ
3385 751 3684 822 Κορίνθιον

2091 832 2248 901 εἶδος.
2268 839 2378 891 Καὶ
2399 839 2602 902 εἴσοδος
2626 841 2689 893 ἐκ
2714 839 3016 911 μαρμάρων
3037 843 3143 894 τῶν
3163 843 3466 914 καθήκοντι
3478 843 3683 914 κόσμῳ

2091 930 2588 1000 κατειργασμένων.
2622 930 3114 1003 Καθυπερκείμενα
3133 933 3339 988 τούτων
3370 934 3685 1006 θυρώματα

2091 1020 2363 1084 τοιαύταις
2392 1025 2630 1092 γραφαῖς
2660 1039 2798 1087 τισι,
2824 1023 3004 1086 καθὼς
3029 1024 3147 1088 ἔθος
3171 1025 3337 1092 ἐστὶν,
3365 1028 3446 1088 εἰς
3477 1026 3683 1091 κάλλος

2091 1113 2233 1165 κατά
2258 1114 2358 1184 τὴν
2397 1113 2493 1167 τοῦ
2526 1115 2732 1183 γεισίου
2779 1114 3048 1185 προϐολὴν
3091 1117 3516 1188 ὲξησκημέναις.
3575 1112 3682 1172 Ὧν

2092 1204 2308 1257 πάντων
2336 1205 2393 1258 αἱ
2426 1205 2525 1276 μὲν
2548 1205 2672 1258 ὗλαι
2694 1205 2848 1276 δῆλον
2873 1207 2953 1259 ὅτι
2981 1207 3110 1278 παρ’
3134 1210 3166 1277 ἡ
3177 1208 3289 1278 μῶν
3312 1209 3684 1279 πορισθήσον-

2091 1314 2201 1362 ται,
2230 1297 2290 1350 τὸ
2319 1297 2375 1350 δὲ
2409 1299 2501 1350 ἐπὶ
2523 1300 2589 1369 τῇ
2621 1297 2719 1369 ὕλῃ
2753 1293 2890 1362 εἶδος
2917 1301 2950 1370 η
2985 1299 3146 1370 τέχνη
3176 1298 3354 1352 δώσει.
3378 1301 3525 1372 Πρὸς
3549 1303 3683 1354 τού-

2091 1407 2205 1452 τοις
2227 1389 2283 1440 δὲ
2311 1390 2405 1443 καὶ
2429 1391 2570 1443 κατὰ
2594 1389 2654 1442 τὸ
2677 1389 2977 1460 περίστωον
2996 1390 3169 1452 κίονες
3189 1391 3286 1461 οὐχ
3306 1393 3503 1462 ἥττους
3522 1393 3686 1455 ὄντες

2091 1481 2200 1535 τῶν
2227 1481 2651 1552 τεσσαράκοντα.
2684 1481 2946 1548 Λαοξικὸν
2978 1481 3135 1552 ἔργον
3165 1485 3256 1535 καὶ
3286 1479 3430 1538 οὗτοι
3458 1485 3687 1548 πάντως

2094 1577 2248 1632 εἰσίν.
2295 1578 2359 1630 Εἰ
2399 1577 2576 1630 τοίνυν
2608 1575 2862 1646 ἐνέφηνεν
2904 1578 2931 1628 ὁ
2969 1576 3124 1642 λόγος
3171 1576 3236 1629 δι’
3287 1577 3578 1648 ἀκριϐείας
3623 1580 3688 1631 τὸ

2097 1667 2276 1738 ἔργον,
2307 1666 2528 1720 δυνατὸν
2560 1665 2625 1719 ἂν
2647 1666 2856 1734 γένοιτό
2889 1683 2982 1719 σου
3012 1668 3076 1736 τῇ
3104 1667 3338 1736 ὁσιότητι
3369 1668 3677 1739 κατιδούσῃ

2025 1747 2068 1804 Β
2096 1756 2192 1828 τὴν
2226 1757 2433 1827 χρείαν,
2465 1755 2554 1810 διὰ
2590 1757 2805 1810 πάντων
2839 1757 2968 1827 ἡμῖν
3001 1759 3303 1828 παρασχεῖν
3333 1757 3394 1810 τὸ
3431 1759 3528 1812 ἐπὶ
3569 1765 3687 1824 τοῖς

2097 1851 2365 1919 τεχνίταις
2414 1849 2738 1920 ἀμέριμνον.
2783 1850 2846 1902 Εἰ
2878 1849 2934 1902 δὲ
2982 1847 3227 1920 μέλλοιτο
3272 1847 3409 1918 πρὸς
3451 1848 3619 1919 ἡμῶν
3657 1852 3688 1902 ὁ

2097 1942 2344 2012 τεχνίτης
2365 1938 2736 2004 συντίθεσθαι,
2768 1940 3076 2011 προκείσθω
3104 1940 3262 2011 εἴπερ
3291 1935 3400 1994 οἷόν
3421 1957 3481 1992 τε
3511 1957 3686 2009 φανε-

2102 2032 2195 2103 ρὸν
2225 2031 2422 2102 μέτρον
2464 2030 2556 2084 τοῦ
2602 2031 2764 2102 ἔργου
2800 2034 2866 2102 τῇ
2902 2029 3108 2102 ἡμέρᾳ,
3152 2029 3239 2082 ἵνα
3280 2029 3354 2101 μὴ
3397 2028 3690 2098 ἄπρακτος

2101 2122 2386 2194 παρελθὼν
2411 2122 2502 2176 τὸν
2539 2123 2750 2193 χρόνον,
2790 2121 2927 2193 μετὰ
2953 2121 3124 2174 ταῦτα
3149 2120 3222 2191 μὴ
3251 2120 3388 2190 ἔχων
3415 2119 3687 2185 ἐπιδεῖξαι

2100 2214 2160 2266 τὸ
2208 2213 2388 2284 ἔργον,
2431 2213 2506 2276 ὡς
2529 2213 2817 2278 τοσαύταις
2859 2212 3094 2283 ἡμέραις
3127 2214 3259 2282 ἡμῖν
3299 2211 3685 2284 ἐργασάμενος

2100 2305 2191 2358 τὸν
2219 2305 2360 2376 ὑπὲρ
2391 2304 2568 2359 αὐτῶν
2595 2305 2783 2376 μισθὸν
2805 2306 3031 2376 ἀπαιτῇ.
3066 2300 3195 2356 Οἶδα
3225 2304 3281 2356 δὲ
3312 2305 3394 2357 ὅτι
3426 2304 3690 2376 μικρολὸ-

2101 2413 2186 2464 γοι
2209 2396 2320 2466 (25)
2359 2396 2501 2460 τινὲς
2541 2397 2652 2459 τοῖς
2696 2395 2910 2458 πολλοῖς
2945 2393 3192 2464 δόξομεν,
3227 2391 3372 2444 οὕτω
3416 2391 3547 2461 περὶ
3586 2392 3689 2454 τὰς

2105 2489 2372 2560 συνθήκας
2415 2486 2876 2558 διακριϐούμενοι.
2934 2484 3096 2538 Ἀλλὰ
3132 2483 3510 2555 παρακλήθητι
3554 2501 3691 2552 συγ-

2102 2581 2328 2652 γνώμην
2353 2580 2512 2651 ἔχειν.
2553 2581 2612 2633 '0
2640 2579 2749 2651 γὰρ
2772 2579 3037 2650 μαμωνᾶς
3064 2579 3266 2640 ἐκεῖνος
3294 2576 3465 2630 πολλά
3487 2577 3690 2632 πολλάο

2105 2691 2189 2736 κις
2217 2674 2346 2743 παρ’
2376 2671 2532 2742 ήμῶν
2556 2671 2794 2735 ἀκούσας
2821 2669 3027 2737 κακῶς,
3065 2669 3218 2732 τέλος
3245 2669 3538 2740 ἀπῴκησεν
3565 2671 3691 2723 ἐαυ-

2104 2765 2193 2819 τὸν
2221 2765 2376 2836 ἡμῶν
2422 2763 2497 2827 ὡς
2541 2762 2878 2835 πορρωτάτω
2897 2779 2910 2792 ο
2958 2767 3192 2830 μισήσας
3216 2800 3230 2824 ,
3259 2758 3441 2832 οἶμαι,
3472 2758 3571 2828 τὴν
3598 2759 3691 2812 ἀεὶ

2106 2858 2396 2928 γινομένην
2439 2856 2559 2910 κατ’
2589 2855 2754 2909 αὐτοῦ
2801 2852 3092 2924 φλυαρίαν.
3138 2853 3246 2906 Καί
3289 2869 3396 2904 τινι
3440 2850 3691 2921 χάσματι

2107 2949 2408 3019 ἀδιαϐάτῳ,
2437 2949 2502 3018 τῇ
2534 2947 2696 3016 πενίᾳ.
2722 2945 2897 3014 λέγω,
2929 2943 3119 2996 ἑαυτὸν
3152 2942 3305 3013 ἡμῶν
3341 2941 3690 3010 διετείχισεν,

2107 3043 2182 3106 ὡς
2213 3043 2348 3114 μήτε
2384 3042 2590 3093 ἐκεῖνον
2621 3038 2758 3110 πρὸς
2790 3039 2934 3108 ἡμᾶς
2966 3036 3157 3098 ἐλθεῖν,
3197 3037 3331 3106 μήτε
3371 3037 3516 3105 ἡμᾶς
3551 3034 3695 3104 πρὸς

2109 3137 2313 3189 ἐκεῖνον
2333 3133 2680 3204 διαπερᾶσαι.
2719 3131 2920 3184 Τούτου
2943 3129 3101 3201 χάριν
3127 3145 3194 3180 πε
3202 3130 3255 3200 ρί
3279 3121 3474 3181 πολλοῦ
3508 3125 3695 3180 ποιοῦ-

2114 3245 2211 3298 μαι
2239 3226 2338 3298 τὴν
2367 3223 2785 3296 εὐγνωμοσύνην
2825 3223 2931 3277 τῶν
2966 3220 3243 3291 τεχνιτῶν,
3284 3219 3424 3274 ὥστε
3461 3219 3696 3289 δυνηθῆ-

2109 3337 2198 3374 ναι
2229 3318 2366 3390 πρὸς
2407 3319 2505 3388 τὴν
2541 3316 2909 3388 προκειμένην
2939 3316 3084 3385 ἡμᾶς
3112 3313 3399 3385 ἐξαρκέσαι
3430 3311 3697 3382 σπουδήν·

2115 3412 2188 3482 μὴ
2223 3410 2561 3472 κωλυθέντας
2599 3411 2665 3479 τῇ
2697 3408 2880 3478 πενίᾳ,
2910 3405 2988 3477 τῷ
3019 3405 3288 3475 ὲπαινετῷ
3328 3405 3420 3458 καὶ
3455 3403 3693 3473 εὐκταίῳ

2111 3502 2285 3574 κακῷ.
2334 3501 2494 3555 Ἀλλά
2521 3501 2733 3563 τούτοις
2777 3499 2875 3570 μέν
2904 3516 2956 3552 τι
3001 3500 3094 3552 καὶ
3125 3497 3340 3561 παιδιᾶς
3383 3497 3695 3567 καταμέμι-

2107 3612 2254 3648 κται.
2287 3595 2370 3648 Σὺ
2412 3593 2478 3648 δέ
2510 3610 2634 3662 μοι,
2670 3591 2717 3644 ὦ
2747 3592 3019 3660 ἄνθρωπε
3061 3591 3166 3645 τοῦ
3218 3590 3385 3654 Θεοῦ,
3432 3591 3578 3652 ὅπως
3627 3589 3695 3642 ἄν

2111 3687 2334 3740 δυνατὸν
2365 3687 2460 3740 καὶ
2503 3683 2890 3755 νενομισμένον
2919 3681 2984 3757 ᾗ,
3031 3683 3174 3736 οὕτω
3214 3685 3327 3746 τοῖς
3382 3681 3694 3752 ἀνθρώποις

2111 3776 2434 3846 συνθέμενος
2460 3773 2678 3844 θαρρῶν
2707 3774 3005 3842 ὲπάγγειλε
3035 3775 3202 3825 πᾶσιν
3227 3773 3409 3834 αὐτοῖς
3432 3769 3529 3841 τὴν
3562 3771 3694 3838 παρ’

2109 3865 2268 3937 ἡμῶν
2312 3860 2750 3932 εὐγνωμοσύνην,
2791 3862 2883 3914 καὶ
2915 3860 3014 3930 τὴν
3047 3859 3153 3912 τῶν
3205 3857 3410 3929 μισθῶν
3445 3855 3696 3923 ἀποπλή-

2114 3973 2301 4028 ρωσιν.
2348 3953 2599 4024 Δώσομεν
2628 3952 2736 4022 γὰρ
2761 3950 3059 4013 ἀνελλιπῶς
3092 3948 3161 4003 τὰ
3189 3949 3385 4010 πάντα,
3414 3945 3510 3999 τοῦ
3558 3944 3692 3997 Θεοῦ

2111 4048 2198 4102 διὰ
2225 4046 2332 4101 τῶν
2363 4045 2472 4098 σῶν
2497 4042 2672 4114 εὐχῶν
2707 4043 2802 4097 καὶ
2842 4043 2973 4114 ἡμῖν
2997 4041 3096 4111 τὴν
3132 4043 3290 4112 χεῖρα
3314 4039 3412 4110 τῆς
3443 4037 3694 4108 εὐλογίας

2113 4141 2438 4208 ἀνοίγοντος.

427 4229 642 4298 plenam
693 4229 928 4298 cepiam.
1001 4229 1304 4290 Trademus
1353 4234 1500 4288 enim
1567 4234 1753 4288 omnia
1807 4235 1956 4289 nulla
1996 4252 2056 4294 re
2095 4237 2449 4298 deﬁcientes;
2510 4229 2643 4296 DeO.
2696 4243 2795 4299 per
2836 4234 2960 4282 luas
3015 4239 3229 4299 preces,
3287 4219 3694 4280 Μηεδίαῖοηίε

428 4338 649 4378 manum
685 4324 844 4380 nobis
871 4324 1036 4379 etiam
1069 4335 1370 4384 reserante.

497 4447 545 4479 “
575 4443 596 4498 ι
623 4443 764 4499 Tim.
789 4462 861 4511 iv,
889 4446 939 4502 1.

501 4603 614 4675 (25)
643 4605 1016 4675 Μικρολότοι.
1051 4603 1163 4658 Hoc
1194 4603 1250 4658 in
1281 4605 1383 4658 hoc
1420 4602 1541 4675 loco
1570 4603 1710 4675 valet
1747 4602 2003 4674 μικρολό-

430 4692 546 4743 γος.
574 4673 638 4727 Ει
664 4673 1065 4745 quamvishuic
1098 4674 1486 4744 signiﬁcationi
1541 4673 1776 4728 addatur
1809 4673 2002 4738 etiam,

433 4753 492 4800 ut
532 4747 670 4799 ratio
703 4749 919 4801 ineatur
945 4747 1012 4801 de
1041 4761 1100 4801 re
1129 4753 1458 4816 contempta,
1489 4745 1686 4815 pusilla
1713 4761 1728 4811 ;
1760 4751 2005 4816 atta_men

431 4830 584 4888 cave,
618 4824 674 4872 ut
709 4817 797 4873 bic
831 4817 905 4872 ita
949 4817 1191 4887 explices
1223 4824 1275 4873 et
1303 4813 1581 4889 intelligas
1609 4829 1822 4875 vocem.
1855 4813 2006 4870 Con-

2023 5042 2099 5053 .—-.

2111 4611 2220 4659 stat
2244 4603 2388 4659 enim
2420 4617 2515 4673 per
2538 4609 2707 4657 totam
2731 4601 3022 4672 epistolam
3061 4594 3356 4673 aediﬁcium
3388 4612 3497 4656 non
3520 4596 3696 4673 solum

2112 4675 2274 4729 vilem
2323 4666 2437 4755 aut"
2463 4673 2715 4755 exiguam
2760 4666 2876 4729 rem
2935 4685 3045 4726 non
3088 4666 3244 4738 fore,
3295 4683 3490 4725 verum
3542 4669 3694 4738 longe

2115 4753 2675 4816 sumptuosissimuni.
