3950 6156
369 312 500 375 lilii

890 426 1238 484 ΕΠΙΣΤΟΛΗ
1270 428 1410 496 Kq'.

1496 308 1879 367 EPISTOLAS.
1920 342 1988 352 —
2020 308 2239 368 EPIST.
2284 306 2469 364 XXVI.

3473 308 3659 366 “0‘2.

2555 422 2893 480 EPISTOLA
2924 422 3113 478 XXVI.

367 584 455 644 Ea:
483 584 713 642 editione
736 581 993 638 Maurina
1024 599 1236 654 operum
1269 582 1326 639 S.
1351 583 1590 654 Gregorii
1626 583 1982 644 Nazianzeni.
2002 594 2130 636 tom.
2162 582 2322 706 ll,
2350 580 2472 661 196..
2512 579 2588 635 De
2622 581 2719 663 liae
2740 580 2966 662 epistola
2998 579 3222 636 domnus
3260 580 3617 665 Clemencetus

437 658 549 706 Imm
585 653 739 706 habet
766 668 783 706 :
815 653 1060 706 Enistola
1085 656 1153 706 ad
1179 656 1486 706 Evaarium.
1517 671 1633 706 aute
1665 655 1802 706 inter
1841 654 2109 706 orationes
2145 651 2204 706 S.
2286 653 2478 706 reaorti
2504 649 2772 705 Nazianz.
2810 651 2937 703 olim
2973 651 3061 706 45.
3089 668 3190 705 ηοη
3216 668 3491 706 aenumus.
3525 655 3617 706 sed

437 658 549 712 Ita’c
585 653 739 709 habet
766 668 783 706 :
815 651 1064 722 Epistola
1085 651 1486 725 ad_l£vagrium,
1517 671 1633 725 quae
1665 655 1802 725 inter
1841 654 2109 725 orationes

2341 653 2478 722 gorii
2504 649 2772 705 Nazianz.
2810 651 2937 703 olim
2973 651 3061 717 45,
3089 668 3190 705 non
3215 654 3491 721 genuinus,
3525 655 3618 708 sed

434 721 915 801 supposi‘titiusuest
947 725 1104 801 [etus.
1136 723 1245 780 Fas
1284 721 1353 801 sit
1384 721 1698 801 dicereeum
1752 723 1967 801 Patavio
1987 724 2099 794 (1):
2144 721 2214 777 Ut
2245 721 2388 801 enim
2422 736 2735 801 germanam
2764 736 2887 801 esse
2922 737 3029 801 non
3050 729 3276 801 putem,
3316 725 3462 793 cogit
3501 731 3616 779 tum

437 790 564 867 st'yli
604 790 1169 867 dissimilitudoLtum
1202 796 1475 864 pedestris
1510 794 1758 867 illius_ac
1788 790 2266 867 plebeius'scrmo,
2301 792 2637 867 minimeque
2653 790 2980 867 Iiazia-nzeni
3014 790 3339 867 elegantiam
3365 790 3420 848 et
3448 809 3617 867 grana

434 858 663 922 diiatem
694 865 968 920 redolens.
1006 858 1377 920 Tillemontius
1423 880 1626 933 quoque
1664 858 1804 917 hanc
1832 862 2111 932 epistolam
2160 878 2275 933 non
2310 877 2426 933 esse
2461 858 2702 933 Gregorii
2741 861 3036 933 existimat,
3074 858 3164 915 n'ec
3203 858 3619 933 eloquentissimi
3677 908 3682 917 .

435 936 631 1006 stylum
673 935 1195 1006 oratorisredolere,
1229 938 1334 1006 imo
1368 929 1557 1006 ineptis
1596 929 1892 1006 rationibus
1918 929 2630 1006 votjbnsque‘ipsoindignis
2656 939 2900 1006 scatere._
2929 929 3185 1006 Obseroat
3216 929 3403 1006 doctus
3428 930 3616 1006 ροισι.

436 999 515 1077 (2)
555 1005 835 1077 epistolam
863 1004 931 1077 ad
968 1004 1253 1077 Evagrium
1281 999 1545 1077 Theologo
1576 1003 1736 1077 tribui
1766 1004 1825 1077 in
1851 1020 1953 1077 ms.
1981 999 2149 1077 Regio
2171 1000 2308 1077 l78_9
2339 1002 2480 1077 circa
2507 999 2663 1068 ﬁnem
2690 999 3059 1077 .Quwstionum
3095 1002 3389 1077 Anastasii.
3428 1002 3619 1077 Verum

434 1068 749 1144 etin-editis
769 1068 1008 1144 ejusdem
1041 1068 1318 1129 Anastasii
1344 1068 1964 1144 QuaestionibusiBasilio
1994 1068 2855 1144 eadem_ad§cribitur,_-multoque
2882 1072 3048 1144 etiam
3077 1072 3401 1140 probabilius
3429 1074 3485 1127 in
3515 1092 3618 1129 ms.

434 1147 617 1200 itidem
647 1138 807 1214 Regio
836 1145 995 1208 H72,
1018 1145 1144 1200 item
1179 1163 1244 1200 ue
1272 1138 1517 1201 Casareo
1555 1144 1694 1213 apud
1723 1143 2065 1198 Lambecium
2107 1141 2227 1196 706.
2262 1138 2513 1212 Gregorio
2537 1138 2779 1210 Nysseno
2823 1138 3097 1208 tribuitur,
3123 1152 3173 1196 et
3196 1152 3449 1213 tanquam
3473 1144 3620 1202 illius

435 1216 692 1268 laudatur
722 1215 787 1268 ab
822 1163 1431 1268 Eutltumio.(i’anonliaa
1458 1216 1630 1268 prima
1656 1223 1827 1268 vorte.
1861 1213 2017 1267 titulo
2045 1210 2292 1266 secundo.

435 1216 692 1271 laudatur
722 1215 787 1268 ab
822 1215 1130 1287 Euthymio,

469 1374 626 1444 Πρὸς
652 1374 945 1445 ΕὐάγῬιον
975 1374 1260 1444 μοναχὸν,
1292 1375 1423 1443 περὶ
1460 1376 1746 1444 Θεότητος
1769 1378 1868 1447 (5).

434 1514 646 1583 Σφόδρα
698 1530 758 1565 τε
812 1511 1076 1583 θαυμάζω
1126 1512 1220 1566 καὶ
1268 1512 1389 1567 λίαν
1436 1515 1801 1587 ὲκπλήττομαι
1846 1518 1950 1589 τῆς

364 1603 774 1675 νηφαλιότητος,
815 1603 963 1665 ὅπως
1008 1605 1260 1658 τοιούτων
1306 1604 1679 1677 θεωρημάτων
1712 1608 1805 1660 καὶ
1853 1624 1945 1678 τη-

364 1694 622 1749 λικούτων
656 1692 935 1764 ζητήσεων
964 1694 1040 1764 (4)
1068 1695 1238 1759 αἴτιος
1264 1694 1607 1762 καθίστασαι,
1643 1700 1762 1761 ταῖς
1786 1699 1947 1769 ἀκριν

362 1786 512 1839 ϐἐσιν
541 1786 617 1854 (ὅ)
643 1786 995 1856 ἐρωτήσεσιν,
1032 1788 1112 1849 είς
1155 1786 1397 1858 ἀνάγκην
1446 1789 1595 1858 ἡμᾶς
1638 1788 1732 1842 τοῦ
1770 1787 1949 1857 λέγειν

361 1878 457 1931 καὶ
481 1876 718 1945 ἀγωνίαν
748 1876 1072 1942 ἀποδείξεως
1107 1878 1412 1949 περιιστάς,
1442 1881 1741 1951 ἐρωτήσεις
1777 1882 1947 1950 ἀναγ-

362 1970 523 2032 καίας
570 1970 663 2022 καὶ
712 1970 1016 2040 χρησίμους
1056 1971 1188 2041 ἡμῖν
1232 1971 1473 2039 ἐπάγων.
1524 1974 1680 2025 Πᾶσα
1711 1973 1950 2042 δηλονότι

362 2060 546 2116 λοιπὸν
599 2060 837 2130 ἀνάγκη,
880 2061 1108 2115 κατόπιν
1147 2061 1256 2114 τῶν
1304 2063 1623 2133 ἐρωτήσεων
1661 2065 1808 2134 ἡμᾶς
1861 2065 1950 2117 ἐν·

363 2153 555 2222 αργεϊς
582 2150 853 2205 ποιεῖσθαι
890 2151 988 2214 τὰς
1032 2152 1368 2223 ἀποκρίσεις.
1403 2153 1514 2206 Καὶ
1554 2152 1647 2206 νῦν
1682 2153 1953 2206 τοίνυν-τὸ

364 2241 724 2313 προσενεχθὲν
770 2241 1033 2313 ἐρώτημα
1086 2244 1238 2313 παρὰ
1284 2242 1378 2296 σοῦ
1419 2243 1621 2296 τοιόνδε
1686 2243 1778 2297 καὶ
1824 2245 1953 2315 περὶ

364 2332 516 2385 τοῦδε
547 2328 636 2403 ἦν,
665 2331 741 2396 ὥς
776 2349 897 2387 τινα
928 2332 1127 2404 τρόπον
1154 2333 1219 2387 ἀν
1246 2335 1331 2405 εἴη
1369 2335 1579 2406 Πατρός
1615 2352 1675 2389 τε
1706 2337 1800 2389 καὶ
1822 2335 1951 2389 Υἱοῦ

365 2425 460 2478 καὶ
489 2423 646 2491 ἁγίου
681 2422 995 2493 Πνεύματος
1026 2425 1058 2494 ἡ
1095 2423 1256 2492 φύσις
1286 2424 1374 2495 (ἢν
1407 2424 1472 2479 ἄν
1505 2441 1589 2488 τις
1638 2424 1814 2497 ὀρθῶς
1859 2427 1952 2479 οὑ-

368 2517 488 2569 σίαν
517 2515 714 2586 μᾶλλον
738 2515 771 2587 ἢ
795 2516 955 2586 φύσιν
984 2516 1218 2587 καλοίη),
1247 2516 1478 2587 πότερον
1500 2516 1647 2589 ἁπλῆ
1669 2535 1753 2581 τις
1776 2518 1809 2589 ἢ
1836 2519 1955 2573 σύν-

367 2608 548 2671 θετος;
574 2607 636 2661 Εἰ
664 2609 761 2678 μὲν
779 2607 887 2678 γὰρ
912 2608 1079 2678 ἁπλῆ,
1106 2608 1222 2671 πῶς
1237 2609 1329 2661 τὸν
1349 2610 1497 2679 τρεῖς
1515 2608 1821 2674 ὲπιδέξεται
1844 2609 1952 2666 τῶν

368 2701 779 2772 προειρημένων
825 2700 1095 2771 ἁριθμόν;
1145 2700 1218 2753 Τὸ
1261 2699 1371 2771 γὰρ
1418 2699 1643 2765 ἁπλοῦν,
1679 2701 1949 2772 μονοειδὲς
1980 2743 2021 2799 Β

369 2794 460 2848 καὶ
503 2792 824 2864 ἀνάριθμον.
856 2794 928 2847 Τὸ
966 2793 1022 2846 δὲ
1060 2792 1314 2864 ἀριθμοῖς
1355 2792 1680 2857 ύποπίπτον,
1732 2795 1945 2865 ἀνάγκη

367 2884 678 2955 τέμνεσθαι,
727 2886 831 2938 κᾶν
869 2884 942 2955 μὴ
975 2883 1227 2952 ἀριθμοῖς
1269 2882 1608 2954 ὑποϐάληται
1633 2882 1710 2954 (6)
1733 2900 1747 2916 ο
1791 2884 1852 2937 τδ
1889 2884 1949 2937 δὲ

369 2977 722 3045 τεμνόμενον,
750 2975 1021 3046 ἐμπαθές-ο
1056 2974 1223 3037 πάθος
1255 2973 1363 3044 γὰρ
1404 2974 1437 3043 ἡ
1477 2974 1638 3045 τομή.
1682 2975 1745 3029 Εί
1770 2974 1949 3029 τοίνυν

370 3069 513 3140 ἁπλῆ
544 3068 638 3121 τοῦ
668 3068 990 3139 Κρείττονος
1032 3070 1064 3137 ή
1106 3066 1265 3135 φύσις
1295 3066 1395 3135 (7),
1428 3066 1654 3138 περιττὴ
1686 3066 1794 3120 τῶν
1828 3067 1946 3120 ὀνο-

373 3161 557 3231 μάτων
590 3159 798 3231 ήθὲσις
823 3160 900 3230 (8)
918 3177 930 3190 ο
957 3159 1003 3209 εί
1038 3157 1095 3210 δὲ
1125 3155 1231 3209 τῶν
1257 3156 1534 3226 ὀνομάτων
1562 3153 1765 3227 ἀληθὴς
1793 3156 1826 3227 ἠ
1861 3154 1948 3208 θέ-

371 3267 474 3314 σις,
506 3252 598 3305 καί
625 3252 707 3305 δεῖ
736 3253 849 3310 τοῖς
883 3250 1109 3320 ὀνόμασι
1146 3245 1444 3311 πείθεσθαι,
1478 3247 1540 3300 τὸ
1570 3246 1837 3318 μονοειδὲς
1869 3246 1947 3318 (9)

369 3345 463 3398 καὶ
482 3343 684 3398 ἁπλοῦν
704 3342 864 3406 εὐθὺς
887 3340 1126 3395 ἐκποδὼν
1157 3340 1382 3409 οἴχεται.
1414 3338 1510 3402 Τίς
1534 3334 1626 3392 οὖν
1649 3339 1715 3394 ἂν
1737 3338 1823 3408 εἴη
1851 3336 1946 3392 τοῦ

370 3436 693 3507 πράγματος
723 3437 756 3506 ἡ
791 3433 981 3505 φύσις;
1017 3432 1200 3487 Ταῦτα
1232 3429 1367 3499 πρὸς
1387 3432 1533 3501 ἡμᾶς
1562 3430 1817 3499 ἔφασκες.
1846 3423 1948 3484 Ὧν

369 3528 468 3591 τὰς
510 3527 810 3593 ἀποδείξεις
850 3529 879 3580 ὁ
915 3528 1013 3597 τῆς
1051 3525 1305 3599 ἀληθείας
1331 3525 1576 3598 ἀκριϐῶς
1606 3522 1947 3595 παραστήσει

368 3619 546 3687 λόγος,
589 3617 651 3669 οὐ
689 3617 923 3678 πίστεως
965 3616 1353 3670 ἀναποδείκτου
1406 3613 1708 3684 φαντασίαν
1745 3609 1949 3682 ἀπορίᾳ

370 3713 469 3781 τῆς
513 3709 836 3775 ἀποδείξεως
878 3708 1088 3776 ἀλόγως
1122 3707 1535 3778 προϊσχόμενος,
1585 3703 1707 3755 οὐδὲ
1758 3701 1941 3771 μύθων

369 3802 614 3856 παλαιῶν
645 3799 967 3870 μαρτυρίαις
993 3796 1055 3848 τὸ
1085 3795 1280 3865 σαθρὸν
1303 3795 1401 3864 τῆς
1427 3789 1801 3861 πεποιθήσεως
1826 3790 1948 3842 ἐαυ-

367 3892 462 3948 τοῦ
493 3893 787 3948 καλύπτειν
814 3887 1170 3960 πειρώμενος,
1211 3885 1345 3940 ἀλλά
1378 3885 1658 3955 ζητήσεως
1689 3880 1948 3952 ἀκριϐοῦς

368 3986 693 4056 κατανοήσει
741 3982 833 4036 καὶ
876 3978 1152 4048 λογισμῶν
1191 3977 1440 4048 ὀρθότητι
1478 3977 1578 4045 τὴν
1618 3974 1710 4029 τοῦ
1741 3974 1949 4046 θεωρή-

371 4096 538 4151 ματος
581 4076 844 4130 πίστωσιν
881 4075 959 4135 εἰς
982 4069 1289 4141 τούμφανὲς
1328 4067 1735 4140 προτιθέμενος.

1974 1384 2022 1442 Α

1200 1216 1431 1287 anopliae
1456 1210 1630 1284 prima
1655 1223 1827 1284 parte,
1861 1213 2017 1267 titulo
2045 1210 2292 1266 secundo.

2243 1375 2324 1428 Ad
2362 1373 2643 1445 Euagrium
2673 1376 3005 1440 monac/tum,
3029 1375 3094 1429 de
3127 1373 3432 1433 Divinitate.

2119 1506 2486 1564 Vehementer
2519 1515 2573 1565 te
2612 1509 2878 1580 suspicio,
2913 1524 2977 1565 ac
3006 1524 3357 1581 summopere
3383 1511 3624 1580 pruden-

2050 1600 2182 1653 tiam
2224 1608 2374 1654 tuam
2428 1600 2693 1666 admiror,
2752 1602 2846 1672 qui
2912 1602 3116 1658 talibus
3154 1602 3624 1673 speculationibus

2050 1692 2331 1762 tantisque
2361 1694 2762 1762 quaestionibus
2792 1711 3016 1750 causam
3059 1698 3291 1764 praebes,
3323 1713 3420 1767 per
3459 1714 3626 1755 accu-

2048 1792 2200 1837 ratas
2237 1782 2698 1854 interrogationes
2754 1785 2916 1840 nobis
2956 1786 3174 1840 dicendi
3233 1789 3622 1844 necessitatem

2049 1888 2113 1927 ac
2141 1873 2484 1944 probationis
2510 1874 2754 1930 laborem
2779 1878 3087 1947 imponens.
3121 1878 3251 1933 dum
3283 1883 3624 1938 necessarias

2050 1972 2214 2034 atque
2243 1964 2403 2020 utiles
2431 1965 2763 2034 quaestiones
2794 1966 2849 2020 in
2881 1966 3121 2022 medium
3163 1967 3346 2025 affers.
3384 1970 3625 2027 Proinde

2049 2054 2210 2111 nobis
2234 2056 2459 2111 omnino
2501 2054 2814 2110 faciendum
2847 2067 2953 2123 est,
2990 2065 3050 2112 ut
3078 2059 3448 2129 quaestionum
3498 2072 3622 2118 tua-

2050 2161 2172 2201 rum
2202 2147 2451 2218 vestigiis
2473 2147 2803 2214 hzereamus,
2836 2163 3042 2220 easque
3068 2154 3231 2207 claro
3244 2159 3298 2208 et
3328 2155 3624 2225 perspicuo

2051 2253 2321 2306 responso
2344 2240 2705 2309 explicemus.
2733 2241 2974 2306 Qumstio
3006 2242 3172 2314 igitur
3202 2261 3231 2299 a
3256 2252 3308 2300 te
3342 2246 3623 2316 proposita

2050 2339 2170 2388 erat
2206 2332 2519 2402 hujusmodi
2551 2352 2564 2388 :
2607 2333 2857 2400 Quonam
2881 2336 3046 2391 modo
3075 2352 3198 2393 esse
3232 2347 3399 2408 queat
3442 2339 3622 2396 Patris

2050 2429 2104 2475 et
2150 2417 2277 2475 Filii
2336 2429 2391 2475 et
2431 2419 2675 2490 Spiritus
2721 2424 2898 2479 sancti
2951 2433 3150 2480 natura
3187 2427 3394 2499 (quam
3440 2437 3623 2485 tamen

2051 2511 2352 2566 essentiam
2384 2512 2610 2576 rectius,
2643 2528 2807 2583 quam
2839 2523 3113 2583 naturam,
3146 2520 3422 2589 quispiam
3454 2536 3623 2577 voca-

2050 2604 2270 2675 verit),
2299 2604 2533 2675 simplex
2581 2620 2650 2660 an
2701 2609 3051 2677 composita?
3084 2609 3140 2664 Si
3186 2610 3333 2665 enim
3367 2613 3621 2683 simplex,

2051 2694 2329 2765 quomodo
2356 2695 2655 2750 ternarium
2679 2711 2893 2763 eorum,
2916 2714 3039 2768 quae
3075 2707 3201 2754 ante
3225 2701 3489 2765 diximus.
3521 2719 3624 2757 nua

2052 2803 2265 2845 merum
2317 2790 2592 2860 recipiet?
2632 2789 2767 2845 Nam
2826 2791 2971 2861 quod
3028 2791 3259 2863 simplex
3305 2803 3409 2858 est,
3456 2796 3624 2852 unius

2049 2880 2197 2936 modi
2225 2888 2330 2942 est,
2365 2881 2693 2950 numerique
2720 2896 2918 2952 expers
2949 2900 2963 2936 :
3018 2884 3164 2953 quod
3213 2892 3396 2939 autem
3432 2886 3489 2940 in
3520 2902 3625 2942 nus

2052 2958 2238 3029 meros
2276 2972 2442 3037 cadit,
2480 2973 2654 3029 scindi
2691 2987 2923 3029 necesse
2966 2980 3073 3037 est,
3117 2974 3337 3032 etiamsi
3377 2978 3624 3033 numeris

2049 3064 2275 3118 minime
2304 3063 2651 3132 subjiciatur.
2680 3063 2836 3130 Quod
2863 3078 3026 3133 porro
3052 3065 3350 3133 scinditur,
3379 3067 3622 3136 passioni

2050 3155 2243 3225 utique
2272 3155 2569 3210 obnoxium
2598 3175 2611 3211 :
2637 3156 2809 3212 sectio
2830 3155 2976 3210 enim
2999 3158 3185 3227 passio
3210 3165 3315 3215 est.
3353 3159 3623 3225 Quocirca

2050 3245 2096 3301 si
2117 3244 2344 3315 simplex
2369 3245 2679 3301 Deinatura
2709 3242 2814 3314 est,
2845 3263 3252 3319 supervacanea
3273 3248 3626 3305 iueritnomi-

2049 3351 2182 3390 num
2209 3336 2560 3404 constitutio;
2590 3338 2675 3392 sin
2699 3348 2877 3393 autem
2907 3354 3034 3395 vera
3049 3349 3135 3396 est
3154 3340 3440 3396 nominum
3476 3343 3627 3412 posi-

2051 3426 2150 3491 tio,
2180 3426 2606 3497 nominibusque
2633 3429 2770 3497 ipsis
2805 3431 3105 3499 parendum
3137 3440 3241 3495 est,
3283 3432 3450 3488 unius
3476 3434 3622 3489 modi

2048 3521 2190 3575 ratio
2206 3534 2270 3575 ac
2286 3520 2612 3588 simplicitas
2630 3522 2814 3575 statim
2846 3537 2877 3577 e
2903 3522 3081 3577 medio
3100 3523 3341 3579 tolletur.
3359 3524 3622 3590 Quaenam

2049 3612 2216 3682 igitur
2233 3611 2398 3681 hujus
2415 3612 2490 3666 rei
2506 3620 2700 3667 natura
2718 3621 2802 3669 est
2820 3613 2984 3669 Hisce
3001 3616 3066 3669 ad
3086 3630 3185 3670 nos
3203 3615 3447 3672 dicebas.
3471 3616 3623 3682 Quo-

2049 3718 2173 3760 rum
2231 3703 2731 3762 demonstrationes
2788 3708 3039 3764 veritatis
3096 3709 3348 3763 doctrina
3428 3719 3623 3766 exacte

2052 3795 2331 3861 ostendet,
2386 3809 2497 3849 non
2537 3794 2684 3862 ﬁdei,
2722 3811 2843 3867 qua:
2894 3797 3364 3855 demonstratione
3413 3809 3620 3867 careat,

2052 3886 2272 3943 inanem
2297 3886 2591 3957 quamdam
2634 3889 2875 3958 speciem
2917 3899 3140 3959 propter
3173 3899 3621 3962 argumentorum

2050 3978 2293 4048 inopiam
2321 3980 2489 4035 stulte
2518 3980 2891 4051 praetendens,
2922 3996 3025 4037 nec
3042 3989 3285 4037 veterum
3311 3982 3621 4038 fabularum

2054 4072 2390 4128 testimoniis
2409 4073 2788 4143 persuasionis
2820 4088 2934 4129 suae
2968 4072 3399 4131 imbecillitatem
3432 4076 3621 4131 occul-

368 4184 487 4230 tare
525 4171 775 4235 studens,
804 4182 995 4222 verum
1027 4181 1127 4236 per
1158 4177 1432 4221 accuratae
1457 4178 1521 4219 ac
1563 4163 1822 4233 perfectae
1853 4165 2231 4235 inquisitionis
2291 4170 2702 4240 perceptionem
2766 4177 2821 4226 et
2880 4170 3148 4227 rationum
3210 4173 3619 4239 rectitudinem,

366 4262 724 4322 theorematis
788 4262 955 4330 hujus
1013 4259 1488 4314 conﬁrmationem
1554 4257 1610 4311 in
1681 4264 1932 4326 apertum
1975 4260 2286 4330 proferens.
2874 4261 2882 4268 ’

443 4361 574 4426 ’Ἄγε
632 4357 696 4429 δὴ
758 4355 940 4409 λοιπὸν
1005 4355 1135 4425 ἡμῖν
1200 4353 1229 4405 ὁ
1298 4352 1453 4419 λόγος
1511 4349 1756 4405 ἐντεῦθεν
1818 4351 1944 4405 θια-

2121 4357 2236 4428 Age
2274 4358 2462 4429 igitur,
2507 4359 2638 4414 hinc
2683 4359 3127 4430 disputationem
3153 4360 3525 4428 suspicemur,
3566 4367 3621 4414 et

368 4451 572 4506 σευέτω
618 4448 752 4520 (10),
801 4447 896 4500 καὶ
945 4446 1061 4506 πῶς
1127 4445 1207 4498 δεῖ
1242 4445 1303 4498 τὸ
1345 4444 1496 4497 Θεῖον
1542 4443 1941 4514 ὑπολαμϐάνειν

366 4544 640 4615 φασκέτω,
682 4541 908 4611 πότερον
955 4536 1178 4601 ἀπλοῦν,
1220 4538 1252 4608 ἢ
1295 4537 1602 4608 τριπλεκές.
1640 4535 1793 4589 Οὕτω
1832 4538 1938 4609 γάρ

366 4637 515 4708 ἡμᾶς
560 4634 654 4688 καὶ
697 4633 875 4702 λέγειν
925 4633 958 4703 ἡ
1005 4631 1111 4684 τῶν
1146 4631 1423 4700 ὀνομάτων
1461 4630 1676 4700 τριττὺς
1719 4629 1812 4681 καὶ
1850 4645 1939 4681 m-

369 4728 577 4783 στεύειν
626 4726 896 4798 βιάζεται,
958 4724 1052 4780 καὶ
1106 4723 1314 4787 τούτοις
1354 4720 1795 4793 ἀποχρησάμενοί
1826 4720 1936 4791 (M)

443 4928 520 4999 (l)
559 4928 744 4999 Eetav.
774 4926 983 4999 tom._l.
1014 4925 1198 4993 Dogm.
1228 4923 1461 4999 theol._c.
1495 4921 1598 4999 6L§
1636 4923 1692 4986 5,
1724 4938 1778 4999 p.
1806 4921 1928 4976 £37.

444 4930 488 4999 (l
559 4928 744 4982 Pctav.
774 4934 906 4980 tom.
939 4928 983 4978 1.
1014 4928 1198 4993 Dogm.
1228 4928 1385 4978 theol.
1409 4938 1461 4977 c.
1495 4928 1598 4992 6,§
1636 4928 1692 4986 5,
1724 4938 1778 4990 p.
1806 4928 1928 4976 £37.

444 4928 521 5067 ('2)
563 4997 718 5053 Tom.
759 4995 849 5060 Ill,
904 4994 1228 5049 Monument.
1270 4994 1470 5048 Eccles.
1526 4991 1696 5047 Graec.
1734 4993 1785 5046 in
1818 5001 1932 5045 not.

415 5113 426 5124 .
462 5068 587 5122 550.

371 5089 1025 5209 ν’(ἓῖυὴερὶθεότητος.
1066 5132 1220 5187 Colb.
1264 5134 1298 5186 5
1355 5134 1504 5187 addit
1561 5131 1805 5205 μαθητὴν
1849 5133 1936 5184 αύ-

368 5210 486 5267 τοῦ.
502 5208 505 5209 ⁷
521 5208 837 5276 discipulum
877 5220 1052 5276 suum.

440 5279 517 5347 (4)
564 5272 942 5347 Τηλικούτωνμ
1003 5272 1324 5343 ζητήσεων.
1389 5272 1545 5344 Apud
1594 5273 1832 5326 Montac.
1884 5280 1938 5326 et

371 5345 560 5404 Morel.
601 5348 883 5417 ζητήσεων
913 5345 1085 5417 deest.

442 5418 516 5488 (5)
563 5412 696 5484 Ταῖς
724 5412 1051 5486 ἀκριϐέσιν.
1097 5412 1222 5468 Par.
1274 5430 1313 5478 ι,
1354 5412 1470 5475 ταῖς
1518 5412 1791 5476 ἀσεϐέσιν,
1848 5427 1937 5476 per

366 5503 582 5542 animas.

446 5505 979 5627 fd?s'.rao6d.1ntat.
1007 5553 1138 5627 Reg.
1170 5549 1557 5627 bmﬁaillqcat.

555 5625 665 5700 Τοῦ
685 5617 1033 5700 Κρείττονοςέ
1063 5617 1334 5700 ἧ-ςρύσις.
1358 5617 1933 5700 Meliori_s,__prt_rstan-

374 5691 551 5757 tio'ris,
584 5691 836 5764 dignioris
866 5691 1534 5764 natura.Verum,_inqnit
1565 5691 1682 5745 Bill.
1704 5732 1717 5754 ,
1745 5692 1847 5745 hoc
1880 5692 1933 5743 in

377 5770 499 5825 loco
524 5765 612 5819 τοῦ
643 5762 956 5835 Κρείττονος
991 5764 1206 5821 nomine
1248 5762 1587 5816 divinitatem
1616 5777 1932 5835 summum-

2050 4448 2330 4515 quomodo
2359 4447 2607 4502 divinum
2640 4464 2845 4504 numen
2893 4448 3069 4518 accipi
3123 4448 3334 4510 debeat,
3376 4464 3620 4517 expona-

2049 4554 2194 4601 mus,
2220 4540 2528 4609 simplexne
2559 4556 2628 4595 an
2663 4542 2885 4610 triplex.
2925 4540 3017 4593 Sic
3047 4539 3193 4594 enim
3242 4554 3342 4593 nos
3375 4548 3429 4594 et
3470 4532 3618 4611 loqui

2047 4638 2100 4685 et
2134 4631 2366 4685 credere
2397 4632 2685 4686 nominum
2718 4632 2894 4687 ternio
2925 4630 3088 4701 cOgit,
3130 4636 3293 4698 atque
3336 4631 3423 4685 bis
3460 4635 3618 4691 abusi

2047 4722 2300 4779 nonnulli
2338 4723 2592 4777 homines
2620 4722 2835 4775 inﬁrma
2867 4723 3135 4792 planeque
3158 4721 3383 4777 rancida
3430 4734 3483 4779 et
3517 4726 3619 4782 ob-

2040 4937 2145 4991 que
2184 4921 2383 4974 nurrien
2426 4916 2719 4991 signiﬁcat,
2747 4919 3163 4991 principemque
3206 4919 3617 4991 etprimariam

2040 4988 2356 5049 essentiam,
2396 4988 2856 5057 quemadmodum
2896 4988 3170 5058 plerisque
3201 4988 3325 5043 aliis
3351 4989 3487 5043 locis
3520 4990 3621 5043 hu-

2036 5059 2129 5129 jus
2157 5066 2447 5112 tractatus.

2115 5130 2191 5197 (8)
2228 5126 2474 5195 Περιττὴ
2522 5126 2639 5182 τῶν
2689 5126 2995 5196 ὀνομάτων
3038 5129 3075 5194 ἡ
3126 5127 3314 5193 θέσις.
3353 5127 3618 5197 Superva-

2042 5196 2207 5252 canea
2254 5197 2412 5265 fuerit
2469 5200 2757 5261 nominum,
2801 5197 2979 5251 Patris
3025 5199 3225 5252 scilicet
3268 5206 3319 5251 et
3374 5196 3507 5252 Filii
3557 5216 3619 5251 ac

2044 5270 2283 5337 Spiritus
2302 5269 2472 5319 sancti
2495 5269 2820 5321 constitutio.

2108 5339 2185 5405 (9)
2224 5335 2293 5390 Τὸ
2305 5336 2633 5406 μονοειδές.
2691 5338 2849 5390 Bill.:
2886 5334 3255 5406 Uniformitas.

2111 5409 2221 5475 (10)
2248 5406 2611 5481 ριασευέτω,
2655 5406 2831 5476 inquit
2867 5405 3135 5481 Combef.,
3170 5407 3326 5481 quasi
3343 5423 3438 5478 pro
3459 5406 3617 5481 ὲξαρ⁴

2041 5478 2203 5548 χέτω,
2248 5476 2444 5548 Βυαιεο
2484 5485 2710 5548 auctore
2739 5478 3034 5548 pontpatice
3061 5476 3333 5547 procedat.

2112 5548 2221 5624 (ll)
2259 5547 2506 5624 Τοιῖντοίς⁸
2536 5545 3068 5624 ἀποχρη(Τά-μενοι.⁷
3096 5545 3614 5624 Sabellis-uivida}

2040 5627 2157 5679 cet.
2194 5618 2370 5684 inquit
2410 5616 2529 5671 Bill.
2555 5657 2568 5679 ,
2603 5618 2697 5686 qui
2745 5618 2815 5671 ob
2849 5617 2992 5672 hanc
3025 5633 3250 5675 causam
3300 5616 3604 5676 divinitati!

2040 5690 2468 5743 contractionem
2506 5688 2845 5741 invexerunt.
