3950 6156
332 259 471 318 1105

1601 265 1658 318 S.
1698 263 2026 320 GREGOlilI
2090 267 2130 321 Ν
2143 268 2382 326 YSSENI

3444 271 3592 326 1104

329 376 503 431 soleta
559 373 815 445 dogmata
864 380 1324 436 construxerunt,
1379 377 1678 430 essentiam
1732 378 1888 430 simul

2003 397 2142 443 τινες
2178 381 2350 453 σαθρᾶ
2386 381 2478 435 καί
2507 383 2848 437 παντάπασιν
2877 381 3020 436 ἕωλα
3046 382 3438 452 συνεστήσαντο
3461 381 3593 448 δόγ-

328 483 454 522 cum
507 468 791 522 nominum
834 469 1286 538 pronuntiatione
1334 468 1624 526 divisionis
1680 471 1898 540 passio-

329 578 452 618 nem
489 563 766 618 sustinere
799 570 1114 616 censentes.
1147 559 1349 616 Verum
1387 577 1481 617 eos
1506 577 1660 630 sane,
1694 571 1753 617 ut
1783 564 1898 632 ipse

327 654 426 720 ais,
453 654 650 708 missos
677 651 966 710 faciamus.
997 651 1116 706 ﬁdei
1148 667 1260 706 sua:
1287 653 1591 706 doctrinam
1623 653 1897 708 imbecillo

325 745 638 818 patrocinio
674 743 1006 798 inicientes:
1042 759 1142 798 nos
1181 751 1361 797 autem
1403 744 1471 797 ad
1513 760 1695 798 veram
1747 746 1897 814 agni-

325 839 490 893 tionis
517 836 928 906 perceptionem
971 836 1191 890 animos
1233 846 1456 890 nostros
1489 843 1895 890 convertamns.

324 929 570 984 Primum
602 927 805 998 itaque,
855 926 988 997 quid
1026 927 1167 980 Deus
1211 926 1303 989 sit,
1343 926 1784 982 constituemus:
1816 935 1901 979 at-

323 1037 430 1090 que
460 1021 535 1073 ita
564 1019 764 1075 deinde
792 1019 862 1073 ad
889 1018 1267 1088 probationes
1303 1025 1457 1071 certa
1509 1015 1764 1071 methodo
1802 1031 1895 1070 ve-

323 1113 562 1167 niemus.

393 1206 632 1274 Simplex
666 1202 910 1273 profecto
950 1209 1033 1257 est
1060 1216 1124 1256 ac
1153 1199 1443 1256 divisionis
1475 1215 1672 1270 expers
1709 1214 1894 1255 essen-

325 1298 420 1358 tia,
441 1297 853 1367 simplicitatem
887 1294 1248 1364 corporisque
1277 1295 1602 1348 vacuitatem
1639 1307 1669 1346 a
1703 1301 1895 1346 natura

323 1387 554 1442 habens.
594 1387 663 1440 At
690 1385 926 1441 fortasse
956 1385 1251 1441 divisionis
1276 1385 1562 1439 nominum
1587 1385 1728 1438 ratio
1763 1384 1894 1438 mihi

323 1481 378 1534 in
411 1480 748 1534 contrarium
796 1479 1043 1533 occurrit
1075 1491 1130 1532 et
1169 1478 1512 1540 adversatur,
1565 1492 1660 1546 per
1694 1476 1896 1530 ternio-

321 1573 408 1626 nis
445 1584 734 1625 numerum
769 1568 969 1625 summi
1019 1569 1264 1622 numinis
1300 1568 1708 1637 simplicitatem
1739 1566 1895 1621 aufe-

321 1662 493 1717 rens?
553 1660 693 1726 Quid
739 1659 915 1729 ergo?
955 1667 1015 1712 ut
1070 1659 1477 1728 simplicitatem
1535 1658 1891 1723 retineamus,

321 1753 502 1808 Patris
532 1761 587 1808 et
616 1751 737 1806 Filii
769 1750 1089 1822 et'Spiritns
1118 1749 1298 1804 sancti
1345 1747 1750 1803 confessionem
1803 1748 1891 1802 fu-

319 1861 449 1916 gere
477 1845 636 1899 nobis
653 1843 775 1899 erit
805 1842 1076 1898 necesse?
1104 1842 1329 1895 Avertat
1363 1842 1467 1894 hoc
1519 1839 1664 1895 Deus
1694 1841 1704 1892 l
1755 1841 1891 1895 sim-

321 1937 515 2008 plicem
547 1935 690 1990 enim
731 1932 828 1988 Dei
859 1934 1115 1988 unionem
1154 1933 1440 1987 nominum
1480 1931 1682 2001 positio
1715 1931 1892 1987 haud-

318 2041 595 2098 quaquam
622 2023 997 2080 labefactabit.
1035 2021 1168 2088 Quze
1197 2023 1342 2076 enim
1380 2021 1564 2076 animo
1597 2030 1650 2077 et
1680 2024 1892 2079 ratione

319 2118 724 2188 intelliguntur,
785 2116 1035 2187 quamvis
1087 2113 1298 2169 inﬁnita
1356 2115 1576 2168 nomina
1631 2115 1888 2180 habeant,

319 2207 786 2280 (quandoquidem
828 2209 883 2261 in
931 2211 1260 2276 unaquaque
1305 2207 1522 2260 natione
1555 2207 1893 2276 quampluri-

317 2302 424 2356 mis
458 2300 773 2354 nominibus
817 2298 1209 2369 appellantur),
1258 2304 1439 2351 tamen
1478 2304 1630 2351 extra
1675 2311 1890 2352 omnem

319 2393 736 2463 appellationem
775 2391 954 2461 posita
980 2397 1110 2446 sunt
1136 2407 1149 2443 :
1173 2389 1433 2460 quoniam
1467 2403 1650 2443 rerum
1679 2403 1890 2455 earnm,

317 2499 440 2554 quae
486 2485 670 2538 animo
705 2484 1088 2553 intelliguntur
1128 2497 1191 2536 ac
1246 2495 1481 2551 corpore
1522 2490 1742 2548 vacant,
1791 2497 1892 2536 no-

318 2592 441 2631 men
485 2576 764 2646 pr0prium
816 2575 1026 2630 nullum
1082 2581 1190 2630 est.
1247 2571 1496 2639 Quonam
1543 2567 1689 2628 enim
1729 2571 1892 2628 modo

317 2669 542 2738 proprio
569 2668 794 2722 nomine
827 2665 1011 2721 vocari
1031 2671 1258 2735 queant,
1289 2679 1412 2734 quae
1445 2678 1513 2718 ne
1537 2663 1594 2717 in
1623 2677 1892 2735 conspec-

2002 487 2187 539 ματα,
2238 473 2335 541 τὴν
2377 472 2564 525 οὐσίαν
2613 471 2747 543 ὁμοῦ
2794 476 2859 543 τῇ
2905 471 3014 526 τῶν
3061 472 3336 541 ὀνομάτων
3386 472 3593 540 ἐπηγο-

2002 561 2092 632 ρίᾳ
2141 562 2249 634 (12)
2303 563 2473 628 πάθος
2526 564 2840 635 διαιρέσεως
2903 564 3194 634 ὑπομένειν
3246 561 3590 627 δοξάζοντες.

2012 652 2146 704 Ἀλλ’
2194 654 2432 718 ἐκείνους
2477 656 2594 726 μὲν,
2645 655 2722 719 ὼς
2771 655 2934 721 αὐτὸς
2961 653 3085 725 φὴς,
3130 654 3335 718 ἐατέον,
3373 653 3594 724 σαθρῶς

1997 744 2074 816 τῷ
2122 746 2220 814 τῆς
2268 747 2585 818 ὑπολήψεως
2632 747 2812 802 αὑτῶν
2860 747 3292 818 συνηγοροῦντας
3325 747 3588 816 δόγματι’

1998 835 2124 905 περὶ
2175 835 2230 888 δὲ
2273 837 2370 906 τὴν
2413 836 2578 906 ὀρθὴν
2617 837 2714 907 τῆς
2761 834 3104 904 ἐπιγνώσεως
3133 835 3456 905 κατάληψιν,
3486 834 3594 906 τὴν

1997 926 2204 979 ἑαυτῶν
2232 926 2468 981 διάνοιαν
2495 927 2931 999 ὲπιστρέφωμεν.
2972 929 3037 980 Ὃ
3068 927 3247 981 τοίνυν
3282 928 3398 979 ἐστὶ
3427 925 3588 989 Θεὸς,

1996 1019 2261 1090 πρότερον
2293 1019 2709 1090 ὑποστησόμεθα
2727 1036 2741 1049 ο
2772 1019 2864 1073 καὶ
2886 1013 2985 1072 εἷθ’
3013 1017 3183 1082 οὑτως
3217 1016 3308 1071 ἐπὶ
3331 1017 3427 1081 τὰς
3451 1020 3592 1072 ἀπο-

1995 1111 2190 1178 δείξεις
2218 1113 2326 1183 (15)
2359 1113 2602 1184 ἀκριϐῶς
2637 1113 2860 1182 ἥξομεν.

2077 1203 2250 1274 Ἀπλῆ
2275 1204 2490 1268 πάντως
2519 1205 2636 1258 ἐστὶ
2659 1205 2751 1258 καὶ
2775 1204 3068 1276 ἀμέριστος
3091 1205 3150 1256 οὑ
3161 1203 3274 1268 σία,
3297 1202 3358 1256 τὺ
3381 1202 3593 1256 ἁπλοῦν

1996 1297 2088 1350 καὶ
2121 1295 2408 1366 ἀσώματον
2455 1298 2519 1349 ὲκ
2557 1298 2770 1365 φύσεως
2799 1294 3042 1366 ὲκτυχών
3086 1295 3220 1366 (14).
3267 1295 3404 1348 Ἀλλ’
3457 1297 3594 1358 ἴσως

1995 1386 2023 1438 ὀ
2068 1386 2169 1456 τῆς
2229 1385 2360 1458 (15)
2419 1387 2736 1459 διαιρέσεως
2787 1387 2896 1440 τῶν
2953 1388 3229 1458 ὀνομάτων
3279 1387 3593 1440 ἀντιπίπτει

1999 1494 2090 1546 μοι
2132 1475 2244 1546 (16)
2273 1477 2450 1546 λόγος,
2477 1476 2556 1546 τῷ
2589 1481 2736 1548 τρεῖς
2769 1476 2988 1548 ἀριθμῷ
3024 1477 3084 1531 τὸ
3127 1475 3222 1530 τοῦ
3265 1476 3594 1548 Κρείττονος

1999 1569 2268 1640 μονοειδὲς
2313 1568 2732 1640 ἀφαιρούμενος.
2764 1564 2888 1640 'Ap‘
2933 1564 3026 1622 οὖν
3076 1567 3164 1621 διὰ
3208 1567 3268 1621 τὸ
3317 1566 3594 1639 μονοειδὲς

1999 1660 2251 1726 ἐκφυγεῖν
2293 1658 2441 1728 ἡμᾶς
2483 1657 2582 1730 τὴν
2622 1658 2911 1729 ὁμολογίαν
2954 1656 3168 1728 Πατρὸς
3199 1657 3292 1711 καὶ
3321 1655 3454 1709 Υίοῦ
3487 1655 3591 1709 καὶ

1923 1715 1968 1775 Β
1995 1715 2160 1819 ἁγίου·
2181 1715 2496 1820 Πνεὺματος
2528 1715 2834 1818 ἐπάναγκές
2859 1766 2874 1815 ;
2931 1749 3024 1820 Μὴ
3066 1715 3275 1817 γένοιτο
3301 1751 3314 1802 !
3345 1749 3444 1818 τὴν
3473 1750 3590 1820 γὰρ

1994 1840 2178 1912 ἀμερῆ
2223 1840 2316 1894 τοῦ
2362 1841 2684 1912 Κρείττονος
2738 1841 2929 1895 ἕνωσιν
2975 1841 3036 1897 οὐ
3095 1840 3431 1910 καταϐλάψει
3473 1841 3590 1894 τῶν

1993 1932 2272 2003 ὀνομάτων
2320 1934 2354 2003 ἡ
2401 1931 2567 1996 θέσις.
2620 1932 2700 1986 Τὰ
2739 1933 2847 2003 γὰρ
2884 1931 3068 2002 νοητὰ,
3110 1933 3202 1986 καὶ
3254 1930 3586 2003 μυριώνυμα

1998 2022 2097 2092 μὲν
2131 2021 2342 2094 (ἐπειδὴ
2375 2022 2726 2094 παμπληθέσι
2766 2023 2886 2077 καθ’
2910 2023 3136 2077 ἕκαστον
3165 2022 3315 2086 ἔθνος
3354 2023 3584 2094 ὀνόμασι

1993 2110 2318 2183 κέκληται),
2381 2112 2750 2183 προσηγορίας
2808 2112 2865 2166 δὲ
2923 2112 3102 2185 πάσης
3154 2113 3344 2176 ἐκτός·
3393 2114 3584 2184 ἐπειδὴ

1993 2204 2181 2276 κύριον
2229 2204 2400 2275 ὄνομα
2448 2203 2556 2258 τῶν
2602 2206 2806 2276 νοητῶν
2837 2223 2896 2259 τε
2932 2206 3025 2259 κα)⁸
3057 2206 3360 2276 ἀσωμάτων
3404 2207 3581 2260 οὐδέν.

1993 2294 2117 2358 Πῶς
2146 2295 2254 2368 γὰρ
2284 2295 2487 2366 κυρίως
2514 2295 2834 2367 ὲπικληθείη
2873 2282 2942 2350 τά
2985 2297 3120 2369 μηδὲ
3171 2296 3356 2365 ὄψεσιν
3378 2297 3581 2368 ἡμετέ-

1997 2403 2118 2458 ραις
2150 2387 2542 2450 ὑποπίπτοντα,
2572 2388 2692 2458 μηδ⁹
2735 2389 2871 2453 ὂλως
2922 2389 3280 2460 ἀνθρωπίνοις
3318 2387 3584 2460 αἰσθητηυ

1999 2478 2131 2550 ρίοις
2175 2479 2285 2549 (17)
2331 2479 2533 2534 ἀλῶναι
2583 2479 2853 2551 δυνάμενα
2909 2480 3053 2552 (18);
3114 2481 3471 2552 λαμϐανέσθω
3520 2481 3581 2534 δὲ

1996 2572 2127 2641 ἡμῖν
2158 2571 2220 2624 τὸ
2249 2569 2584 2642 βραχύτατον
2615 2571 2724 2625 τῶν
2751 2573 2952 2642 νοητῶν
2983 2572 3169 2644 μόριον
3196 2574 3229 2644 ἡ
3256 2572 3422 2644 ψυχὴ,
3443 2573 3582 2644 πρὸς

1999 2662 2093 2717 τοῦ
2122 2663 2329 2727 Παντὸς
2351 2663 2554 2734 ἀκριϐῆ
2591 2666 2775 2734 νόησιν
2802 2664 2934 2734 (19).

322 2768 432 2810 tum
486 2757 705 2826 quidem
741 2763 1014 2810 .nostrum
1069 2754 1307 2816 cadunt,
1366 2766 1470 2806 nec
1531 2752 1899 2808 humanorum
1939 2767 2197 2808 sensuum
2226 2753 2611 2810 instrumentis
2641 2753 2753 2808 ullo
2782 2756 2944 2809 modo
2999 2756 3120 2826 capi
3152 2758 3427 2827 possunt?
3481 2761 3580 2813 At-

317 2866 429 2921 que
445 2857 780 2904 ut-exactam
810 2846 983 2902 divini
1013 2848 1255 2899 numinis
1285 2844 1703 2916 intelligentiam
1733 2859 2114 2916 assequamur,
2153 2845 2392 2899 animam
2425 2859 2548 2915 qua:
2614 2846 2860 2901 omnium
2927 2861 3116 2903 earum
3180 2863 3388 2916 rerum,
3456 2868 3580 2922 quae

321 2943 599 2999 intellectu
647 2940 1047 3010 percipi-untur,
1101 2937 1424 2992 brevissima
1460 2937 1730 3008 particula
1773 2946 1880 3003 est,
1923 2937 2284 3007 accipiamus.

392 3033 584 3086 Anima
610 3031 777 3094 enim,
803 3028 1014 3082 tametsi
1038 3027 1257 3085 nomine
1278 3025 1513 3082 femineo
1559 3027 1882 3098 appelletur,

2059 3027 2220 3100 Ψυχὴ
2268 3026 2366 3098 μὲν
2401 3027 2506 3098 γὰρ
2565 3027 2788 3099 ὀνόματι
2833 3027 3048 3102 θηλυκῷ
3094 3032 3578 3104 προσαγορεύεται,

321 3126 390 3181 ab
415 3124 564 3180 omni
601 3133 784 3177 tamen
837 3119 1068 3174 feminea
1100 3124 1296 3172 natura
1328 3124 1536 3172 remota
1563 3127 1672 3184 est,
1703 3125 1892 3188 utpote

319 3230 460 3287 quae,
486 3220 750 3284 quantum
782 3209 851 3265 ad
891 3209 1214 3275 essentiam,
1253 3222 1356 3264 nec
1385 3223 1524 3275 mas,
1557 3223 1658 3264 nec
1689 3207 1892 3264 femina
1938 3211 1941 3214 ’

318 3307 412 3364 sit.
440 3303 726 3359 Consimili
745 3316 960 3372 quoque
989 3299 1202 3354 ratione
1223 3314 1424 3364 sermo,
1453 3298 1546 3369 qui
1577 3299 1646 3354 ab
1670 3313 1733 3353 ea
1765 3312 1893 3368 pro-

318 3405 562 3462 creatur,
598 3395 903 3450 masculum
932 3392 1152 3463 quidem
1187 3407 1386 3447 nomen
1421 3392 1604 3458 habet,
1632 3399 1891 3446 caeterum

316 3490 436 3559 ipse
482 3501 725 3558 quoque,
756 3492 817 3541 ut
867 3485 1126 3552 dicimus,
1157 3485 1224 3540 ab
1258 3483 1409 3538 omni
1455 3489 1568 3537 tum
1621 3483 1889 3549 masculo,

315 3587 434 3632 tum
489 3577 725 3633 femineo
791 3589 1024 3646 corpore
1073 3583 1317 3630 remotus
1363 3581 1469 3629 est.
1519 3573 1674 3640 Quod
1708 3573 1756 3630 si
1801 3588 1886 3639 ea,

317 3686 436 3741 quae
466 3670 606 3725 inter
633 3685 722 3725 res
752 3668 1067 3740 spirituales
1106 3673 1443 3738 postremum
1473 3664 1653 3720 locum
1683 3673 1886 3732 tenent,

317 3764 579 3817 nimirum
608 3763 791 3816 anima
833 3768 888 3816 et
913 3774 1114 3825 sermo,
1156 3758 1380 3829 proprio
1406 3758 1624 3813 nomine
1653 3765 1842 3812 carent
1869 3775 1884 3824 ;

316 3869 425 3923 quo
474 3854 694 3908 tandem
742 3853 907 3907 modo
966 3866 1052 3917 ea,
1107 3865 1227 3920 quae
1265 3850 1416 3904 inter
1441 3864 1530 3904 res
1568 3849 1885 3920 spirituales

316 3945 680 4016 principatum
719 3944 991 4006 obtinent,
1042 3941 1334 3995 imoultra
1366 3940 1670 4010 spiritualia
1703 3943 1886 3997 omnia

317 4045 473 4102 sunt,
509 4037 747 4105 propriis
781 4032 1110 4088 nominibus
1161 4031 1424 4102 appellari
1458 4031 1749 4088 dicemus?
1777 4031 1884 4088 Sed

317 4137 372 4182 et
419 4127 573 4182 utilis
618 4132 702 4182 est
743 4125 984 4180 nominis
1024 4137 1161 4180 usus
1193 4122 1258 4178 ad
1295 4122 1666 4193 spiritualium
1699 4124 1882 4180 notio-

1994 3117 2177 3190 πάσης
2237 3117 2294 3172 δὲ
2344 3117 2735 3190 θηλυδριώδους
2785 3121 3001 3190 φύσεως
3063 3122 3402 3195 ἀφέστηκεν,
3453 3124 3579 3179 οὔτε

1994 3207 2182 3280 ἀρῤεν,
2214 3208 2336 3264 οὔτε
2372 3211 2504 3283 θῆλυ
2529 3213 2650 3267 κατ’
2688 3213 2874 3269 οὐσίαν
2907 3215 3244 3286 ὑπάρχουσα.
3276 3219 3386 3273 Καὶ
3424 3219 3579 3288 λόγος

1993 3301 2050 3355 δὲ
2087 3303 2288 3373 ὁμοίως
2317 3306 2346 3359 ὀ
2372 3305 2509 3378 πρὸς
2547 3307 2716 3377 αὑτῆς
2745 3307 2856 3379 (20)
2890 3308 3378 3380 ἀποκυΐσκόμενος,
3411 3311 3579 3384 ἀρρε-

1995 3393 2143 3448 νικὸν
2198 3395 2296 3465 μὲν
2341 3395 2454 3466 ἔχει
2503 3396 2761 3470 τοῦνομα,
2810 3401 2991 3472 πάσης
3026 3401 3082 3454 δὲ
3133 3402 3228 3455 καὶ
3278 3402 3461 3468 αὑτὸς,
3503 3404 3578 3468 ῶς

1998 3501 2198 3555 φαμεν,
2226 3487 2614 3559 ἀῤῥενοθήλεος
2651 3490 2806 3555 ἐκτός
2835 3493 2950 3545 ἐστι
2991 3493 3396 3566 σωματότητος.
3431 3497 3494 3549 Εἰ
3520 3496 3578 3550 δὲ

1994 3575 2066 3629 τὰ
2107 3575 2214 3630 τῶν
2261 3577 2464 3648 νοητῶν
2496 3578 2719 3650 ἔσχατα,
2764 3581 2911 3653 ψυχὴ
2957 3582 3050 3636 καὶ
3084 3583 3259 3652 λόγος,
3299 3585 3484 3655 κύριον
3513 3586 3577 3638 οὑ

1994 3667 2252 3739 κέκτηται
2291 3668 2560 3742 τοῦνομα,
2604 3672 2722 3737 πῶς
2764 3672 2830 3727 ἂν
2875 3673 2944 3728 τά
2987 3675 3182 3746 πρῶτα
3222 3677 3317 3730 καὶ
3360 3677 3578 3732 πάντων

1993 3759 2250 3814 ἐπέκεινα
2301 3761 2410 3816 τῶν
2449 3762 2654 3832 νοητῶν
2699 3765 2866 3836 νοητά
2912 3767 3122 3839 κυρίοις
3163 3768 3420 3840 ὀνόμασιν
3456 3771 3576 3823 ἐπιδ

1994 3853 2292 3923 κεκλῆσθαι
2326 3856 2603 3926 φήσομεν;
2647 3856 2785 3911 Ἀλλ’
2834 3859 2867 3928 ἡ
2923 3860 3021 3930 μὲν
3069 3860 3334 3932 ὀνομασία
3388 3864 3575 3933 χρησί-

1996 3961 2070 4015 μη
2113 3943 2247 4016 (21),
2274 3945 2362 3999 διὰ
2391 3947 2452 4000 τὸ
2479 3949 2771 4015 ἀναγκαῖον
2798 3950 2879 4014 είς
2909 3951 3149 4006 ἐπίνοιαν
3183 3954 3331 4023 ἡμᾶς
3367 3955 3576 4021 ἄγουσα

1991 4034 2098 4088 τῶν
2142 4036 2366 4106 νοητῶν.
2414 4038 2570 4104 Τινὲς
2610 4040 2666 4094 δὲ
2712 4044 2833 4105 ταῖς
2875 4045 3265 4116 προσηγορίαις
3299 4043 3432 4114 ὁμοῦ
3479 4046 3574 4099 καὶ

1989 4125 2087 4198 τὴν
2138 4129 2328 4184 οὑσίαν
2375 4133 2707 4204 παχυμερῶς
2760 4134 3178 4209 συνδιαιρεῖσθαι
3229 4135 3569 4206 δοξάζοντες,

324 4420 338 4437 ο
390 4349 501 4419 (l2)
539 4346 894 4437 ςΕπηγ-ορίᾳ.
919 4349 999 4401 Ita
1038 4347 1275 4401 Montac.
1323 4356 1376 4403 et
1413 4347 1600 4403 Morel.
1649 4347 1708 4402 In
1746 4346 1886 4403 Edit.

2003 4350 2153 4437 χῶν..
2177 4353 2248 4407 At
2277 4354 2434 4437 Colb.
2472 4356 2506 4410 5
2546 4365 2594 4411 et
2618 4356 2866 4437 Qombef.
2899 4360 2964 4413 έκ
2995 4360 3212 4437 φύσεως
3233 4359 3431 4429 τυχών,
3453 4376 3570 4431 qua:

316 4419 608 4487 ὑπηγορίᾳ.

352 4435 662 4559 Ἔζδρξῇ
701 4488 806 4553 τὰς
829 4487 1191 4559 ἀποδείξεις,
1222 4497 1330 4541 etc.
1363 4487 1607 4559 Montac.
1657 4495 1713 4559 et
1765 4487 1885 4542 Mo-

315 4561 420 4616 rel.
444 4557 536 4612 ἐπὶ
564 4559 661 4623 τὰς
689 4557 1027 4626 ἀποκρίσεις.
1072 4559 1196 4612 Bill.
1248 4565 1539 4626 utramque
1595 4557 1884 4612 lectionem

314 4631 634 4700 complexus
681 4635 764 4682 est
792 4644 806 4690 ;
838 4629 1001 4700 vertit
1045 4633 1189 4683 enim
1222 4645 1236 4682 :
1269 4627 1350 4680 Ad
1388 4627 1751 4700 responsiones
1794 4627 1886 4680 de-

314 4695 834 4768 monstrationesque
885 4699 1183 4768 veniemus;
1234 4705 1291 4750 at
1338 4711 1449 4750 non
1509 4695 1686 4768 reddit
1727 4697 1886 4768 ἀκρι-

314 4771 444 4832 ϐῶς.
475 4768 785 4823 Comhetisii
824 4766 1332 4836 interpretationem
1362 4766 1727 4836 praetulimns.

276 4849 288 4883 ξ
385 4834 986 4912 (14))-Αᾳῴματον-έιί
1011 4839 1251 4912 φύσεως
1291 4834 1584 4912 ἐκτιζχών.
1639 4834 1762 4889 Bill.
1791 4836 1882 4912 _ad

272 4905 646 4971 .foram'libri,
671 4905 846 4975 inquit
888 4905 1100 4967 Morel.,
1131 4922 1240 4960 non
1273 4922 1335 4960 ex
1371 4907 1483 4960 ullo
1531 4921 1660 4967 ms.,
1712 4905 1808 4961 sed
1853 4921 1885 4962 e

313 4979 632 5048 conjectura
661 4981 975 5048 scripserat,
1021 4986 1075 5031 et
1102 4992 1223 5048 mox
1257 4975 1536 5048 deleverat
1579 4975 1742 5048 έχων,
1773 4992 1882 5048 Δνεξ-

312 5045 434 5102 runi
468 5049 521 5102 in
553 5045 786 5102 scholiis’
806 5062 925 5100 eam
963 5047 1162 5101 astruit
1194 5046 1507 5100 lectionem.
1561 5045 1653 5098 Ait
1697 5045 1878 5101 enim:

252 5125 255 5128 '
318 5137 337 5169 ι
372 5117 495 5173 Haec
547 5118 712 5172 verba
765 5117 899 5170 satis
957 5116 1049 5170 diu
1091 5117 1333 5170 animum
1394 5124 1711 5180 torserunt,
1767 5127 1880 5170 tum

311 5196 534 5258 prepter
559 5187 992 5258 constructionis
1018 5187 1232 5250 vitium,
1271 5193 1384 5258 tum
1415 5193 1638 5255 propter
1679 5201 1880 5242 sensus

312 5254 729 5314 absurditatem.
769 5254 957 5324 Neque
995 5258 1138 5312 enim
1184 5254 1456 5327 τυγχάνω,
1498 5254 1622 5310 cum
1672 5259 1881 5327 assequi

312 5328 604 5397 signiﬁcat,
649 5327 944 5380 accusandi
998 5327 1150 5382 casui
1191 5326 1461 5397 jungitur,
1502 5327 1693 5397 saltem
1736 5326 1879 5396 apud

311 5396 580 5461 oratores,
612 5399 891 5466 multoque
923 5397 1102 5452 minus
1145 5396 1480 5466 ἐκτυγχάνω,
1522 5396 1668 5467 quod
1716 5412 1877 5467 pror-

312 5484 409 5524 sus
437 5469 735 5537 genitivum
789 5464 1030 5532 asciscit,
1076 5473 1130 5522 et
1178 5464 1406 5537 nimium
1451 5464 1773 5529 absurdum,
1811 5482 1879 5522 ne

314 5536 494 5593 dicam
526 5538 750 5606 impium
781 5537 946 5606 fuerit
973 5537 1158 5591 dicere
1183 5536 1350 5591 Deum
1377 5549 1406 5588 a
1426 5544 1632 5606 natura
1668 5537 1878 5605 simpli-

311 5607 534 5663 citatem
564 5605 1049 5676 consequi.Quare
1091 5621 1192 5676 pro
1235 5605 1662 5676 éxtuxtbv,_lego
1715 5606 1873 5676 ἔχων,

309 5678 363 5736 id
393 5684 498 5743 est,
530 5674 765 5731 Itabemf
785 5696 802 5728 ι
832 5675 988 5733 Colb.
1013 5674 1200 5735 tamen
1235 5676 1288 5743 6,
1319 5676 1350 5731 9
1370 5674 1450 5732 ac
1489 5674 1679 5732 Morel.
1708 5674 1868 5730 ἐκτυ-

1993 4422 2528 4514 sim‘p’ief‘efapqtura
2557 4437 2606 4514 et
2629 4429 2940 4514 incorporea
2955 4422 3213 4514 35:39:93.

2058 4493 2172 4615 (15)
2200 4496 2358 4576 Ἀλλξ
2389 4495 2534 4561 ἴσως
2569 4497 2751 4565 ὁτῆς.
2775 4493 2851 4551 Ita
2874 4497 3028 4554 Colb.
3048 4501 3118 4582 .3,
3143 4498 3199 4564 6,
3231 4497 3284 4564 9,
3315 4507 3378 4580 et
3408 4499 3571 4554 Com-

1987 4560 2217 4682 ἳὲεὲεόη
2264 4563 2407 4620 Edlt.
2470 4565 2585 4619 ἀλλ’
2639 4567 2768 4632 ῐσως
2810 4570 2906 4622 καὶ
2949 4571 2977 4621 ὁ
3013 4587 3132 4640 της,
3169 4576 3219 4623 et
3255 4579 3415 4623 etiam
3457 4570 3568 4640 [or-

2013 4647 2149 4687 (1888.

2059 4702 2184 4774 (16)
2226 4703 2593 4774 Ἀντιπίπτει
2641 4725 2766 4774 μοι.
2818 4705 2975 4764 Colb.
3026 4709 3060 4763 5
3110 4709 3425 4762 ἀντιπίπτει
3457 4725 3560 4763 σοι.

1985 4767 2102 4856 Nec
2118 4767 2278 4853 aliter
2309 4767 2727 4856 legendumfait
2774 4776 3048 4843 Combef.,
3102 4780 3196 4833 tibi
3246 4778 3474 4843 obsistit,
3509 4781 3562 4832 in

1985 4851 2309 4894 contrarian:
2345 4851 2500 4898 venit.

2056 4910 2597 4992 (17)Ἀνθρωπίνοις
2624 4917 3056 4985 αἰσθητηρίοις.
3090 4917 3340 4972 Combef.
3383 4934 3397 4972 :
3446 4916 3532 4970 lla

1985 4983 2158 5035 manis
2190 4983 2451 5036 sensibus.

2055 5050 2187 5132 (18).
2212 5052 2540 5132 Aemiliam.
2589 5052 2663 5108 Ita
2728 5056 2860 5126 Reg.
2923 5055 2988 5112 Η.
3047 5057 3252 5128 aliique
3289 5057 3451 5111 codd.
3501 5057 3556 5111 In

1985 5120 2132 5192 Edit.
2150 5120 2457 5192 δυνάμεθα.

2055 5191 2416 5270 (19)-Ἀκρι6ῆ
2447 5194 2682 5260 νόησιν.
2733 5194 2971 5270 Montac.
3020 5205 3074 5251 et
3116 5197 3306 5252 Morel.
3356 5199 3560 5270 ἀκριϐῆ

1982 5264 2332 5351 κατιξιχόησιν,
2364 5266 3003 5351 eaactamfog'nitip‘nem.

2051 5331 2444 5406 (20)-’οΑπρὸς
2471 5331 2797 5406 αὐτῆς-ξιιίι
2831 5334 2962 5406 Reg.
2999 5334 3063 5389 Η.
3103 5344 3160 5392 et
3203 5337 3362 5392 Colb.
3395 5337 3450 5392 9.
3495 5339 3562 5391 At

1981 5401 2132 5475 Coii).
2173 5404 2225 5475 ὅ,
2246 5401 2361 5475 ·6,ὀ
2391 5404 2527 5475 πρὸς
2555 5405 2743 5475 αὑτήν.
2779 5404 2835 5458 In
2865 5401 3009 5461 Edit.
3043 5407 3074 5458 ὀ
3096 5406 3270 5472 όοδι.

2051 5471 2163 5546 (21)
2195 5472 2348 5546 ᾉλευϊ
2382 5473 2421 5539 ἡ
2442 5471 2563 5542 μὲν
2594 5471 2888 5542 ὀνομασία
2913 5471 3203 5546 χρησίμη,
3233 5483 3340 5531 etc.
3383 5474 3559 5530 Vertit

1980 5541 2107 5612 Bill.
2142 5560 2155 5594 :
2193 5540 2294 5595 Sed
2326 5540 2498 5597 tamen
2521 5540 2735 5612 propter
2772 5540 3137 5600 mammam
3167 5540 3321 5600 utilis
3357 5555 3437 5599 est
3470 5562 3562 5600 no-

1980 5611 2136 5664 minis
2160 5627 2309 5671 usus.
2337 5628 2428 5680 per
2461 5611 2627 5683 quem
2659 5613 2730 5666 ad
2763 5616 3125 5684 spiritualium
3172 5631 3352 5672 rerum
3392 5617 3565 5673 notio-

1986 5697 2099 5736 nem
2127 5684 2610 5754 conceptionemque
2629 5687 2981 5753 pervehimur.
