3950 6156
403 378 543 440 Ιίῡδ

1555 389 1937 449 EPISTOLE.
1970 428 2036 437 --
2072 398 2285 458 EPIST.
2343 403 2533 463 XXVI.

3524 411 3667 469 “'06

401 503 599 569 ἀνάξια
630 506 940 573 παντάπασι
990 506 1097 561 τῶν
1144 507 1302 563 θείων
1348 511 1466 574 ταῖς
1512 511 1719 565 ἑαυτῶν
1761 514 1953 568 ἐννοίας

2097 541 2214 579 nem
2249 529 2562 584 necessario
2594 545 2694 585 nos
2731 529 3056 600 provehens.
3088 528 3289 584 Verum
3322 527 3547 599 quidam
3581 545 3675 586 cs-

399 597 728 663 δοξάζουσιν.

368 856 375 879 ’
470 870 682 927 Είδέναι
712 871 769 927 δέ
794 873 1084 927 ἀκόλουθον
1111 876 1256 947 ήμᾶς
1281 876 1407 941 τοὺς
1440 878 1537 947 τῆς
1577 880 1835 951 ἀληθείας
1864 886 1983 937 ἐπι-

395 962 700 1034 γνώμονας,
733 965 809 1029 ὡς
847 965 1151 1038 ἀδιαίρετός
1192 970 1309 1022 ἐστι
1352 971 1447 1024 καὶ
1483 972 1757 1045 μονοειδὴς
1785 976 1818 1046 ἡ
1862 974 1981 1028 θεία

395 1070 454 1106 τε
505 1053 599 1107 καὶ
644 1054 852 1127 ἀμερὴς
893 1056 987 1109 τοῦ
1034 1059 1355 1130 Κρείττονος
1395 1061 1581 1116 οὐσία·
1635 1064 1770 1136 πρὸς
1820 1064 1876 1119 δὲ
1920 1066 1982 1119 τὸ

393 1147 662 1217 χρήσιμον
699 1147 799 1218 τῆς
844 1146 1115 1220 ἡμετέρας
1162 1151 1270 1205 τῶν
1317 1152 1506 1224 ψυχῶν
1551 1155 1840 1226 σωτηρίας,
1885 1156 1981 1211 καὶ

395 1236 713 1308 μερίζεσθαι
761 1241 881 1303 ταῖς
926 1241 1240 1312 ὀνομασίαις
1291 1242 1471 1310 δοκεῖ,
1523 1246 1616 1299 καὶ
1663 1246 1979 1319 διαιρέσεως

389 1328 600 1399 ἀνάγκῃ
641 1328 965 1398 ὑφίστασθαι
995 1332 1130 1404 (22),
1158 1334 1340 1400 καθὼς
1377 1336 1606 1409 ἔφαμεν.
1644 1340 1739 1393 “Ov
1779 1340 1979 1411 τρόπον

387 1419 496 1511 γάρ
525 1421 558 1491 ἡ
580 1421 728 1511 ψυχὴ
751 1424 915 1495 νοητή
945 1441 1029 1490 τις
1059 1426 1398 1500 ὑπάρχουσα,
1422 1432 1708 1503 νοημάτων
1736 1435 1978 1511 ἀπείρων

387 1509 714 1563 ἀποκυΐσκει
753 1511 976 1583 πλῆθος,
1007 1516 1157 1586 ὅμως
1196 1516 1319 1572 οὔτε
1374 1521 1642 1591 νοήματος
1688 1509 1977 1598 διαιρεῖται

386 1598 569 1668 πάθει,
596 1600 721 1656 οὔτε
756 1603 850 1657 τοῦ
897 1605 1136 1677 πλήθους
1162 1608 1270 1663 τῶν
1298 1613 1586 1682 νοημάτων
1618 1614 1765 1688 ψυχὴ
1796 1617 1883 1672 διὰ
1909 1620 1979 1674 τά

383 1689 666 1758 φθάσαντα
715 1696 985 1767 πτωχεύει
1036 1700 1186 1768 ποτὲ,
1232 1701 1603 1776 πλουσιωτέρα
1655 1706 1711 1760 δέ
1754 1709 1974 1779 μᾶλλον,

383 1784 416 1855 ἢ
454 1788 756 1860 πενεστέρα
779 1789 1018 1857 γίνεται·
1048 1791 1108 1844 ὃν
1133 1794 1331 1862 τρόπον
1358 1795 1415 1848 δὲ
1458 1796 1551 1849 καὶ
1584 1797 1613 1848 ὀ
1642 1802 1975 1872 προφορικὸς

2096 618 2328 672 sentiam
2365 620 2526 674 simul
2560 635 2687 675 cum
2729 622 3044 677 nominibus
3078 636 3268 677 crasse
3304 620 3473 676 dividi
3507 628 3673 691 atque

2093 706 2357 778 distingui
2381 709 2781 779 existimantes,
2812 710 3033 782 indigna
3063 725 3291 782 prorsus
3327 711 3492 767 rebus
3528 711 3671 766 divi-

2095 798 2178 852 nis
2212 797 2270 852 in
2301 799 2501 855 animis
2533 800 2647 855 suis
2672 802 2935 856 sentiunt.

2165 887 2459 945 Sciendum
2479 899 2563 948 est
2579 892 2842 963 deinceps
2865 894 3041 959 nobis,
3065 896 3161 966 qui
3188 894 3470 950 veritatem
3495 910 3669 966 agno-

2091 980 2318 1049 scimus,
2349 983 2497 1054 quod
2538 984 2724 1040 divina
2754 993 2808 1042 et
2841 986 3075 1056 simplex
3117 987 3212 1041 Dei
3244 988 3483 1043 essentia
3520 988 3667 1041 indi-

2091 1072 2253 1127 vidua
2292 1074 2565 1144 uniusque
2594 1075 2740 1132 modi
2768 1083 2893 1139 est;
2939 1084 3195 1132 caaterum
3224 1076 3290 1131 ad
3322 1077 3516 1133 salutis
3551 1078 3671 1130 ani-

2088 1179 2299 1218 marum
2344 1174 2659 1221 nostrarum
2701 1167 3014 1234 utilitatem,
3049 1168 3399 1238 partitionem
3446 1182 3668 1239 quoque

2087 1262 2307 1324 propter
2336 1256 2731 1326 appellationes
2762 1259 2948 1313 subire
2990 1259 3229 1325 videtur,
3263 1260 3667 1330 divisionisque

2087 1346 2397 1401 necessitati
2427 1346 2650 1417 subjici,
2677 1354 2735 1401 ut
2752 1347 2865 1415 jam
2882 1362 2910 1400 a
2931 1348 3091 1403 nobis
3109 1349 3316 1402 dictum
3336 1357 3438 1405 est.
3458 1349 3664 1416 Quem-

2087 1436 2377 1491 admodum
2409 1438 2555 1493 enim
2609 1429 2812 1503 anima,
2865 1455 2987 1509 quae
3017 1439 3083 1494 de
3111 1454 3301 1494 eorum
3331 1455 3527 1511 genere
3553 1445 3659 1504 est,

2087 1541 2209 1596 qtae
2256 1527 2617 1598 intelligentia
2656 1530 3057 1599 percipiuntur,
3094 1530 3351 1600 quamvis
3391 1531 3659 1585 inﬁnitam

2087 1617 2479 1687 cogitationum
2511 1618 2918 1675 multitudinem
2947 1622 3144 1691 pariat,
3179 1629 3360 1675 tamen
3385 1637 3486 1676 nec
3510 1621 3661 1692 cogi-

2086 1707 2351 1761 tationum
2393 1709 2648 1778 passione
2678 1710 2962 1778 dividitur,
2998 1726 3096 1766 nec
3143 1713 3536 1783 cogitationum
3564 1728 3658 1783 pe-

2085 1798 2264 1864 nuria,
2285 1809 2511 1869 prepter
2528 1811 2590 1856 ea
2613 1817 2733 1872 quae
2752 1812 3173 1873 prazcesserunt,
3194 1820 3432 1876 unquam
3457 1804 3659 1874 premi-

381 1877 564 1931 ούτοσὶ
597 1880 691 1933 καὶ
723 1881 900 1945 κοινὸς
930 1882 1130 1937 ἅπασιν
1163 1885 1293 1956 ἡμῖν
1325 1885 1503 1954 λόγος,
1530 1888 1835 1959 ἀδιαίρετος
1868 1896 1953 1963 μέγ

2074 1901 2181 1952 tur.
2214 1894 2348 1962 quin
2379 1892 2546 1948 ditior
2580 1896 2780 1962 potius,
2814 1912 2978 1958 quam
3030 1896 3325 1967 pauperior
3366 1897 3606 1951 efﬁcitur
3639 1914 3653 1949 :

382 1968 498 2022 ἐστι
535 1971 635 2041 τῆς
664 1975 1176 2046 προσενεγκαμένης
1205 1975 1315 2049 (25)
1350 1977 1546 2050 ψυχῆς,
1577 1981 1671 2034 καὶ
1721 1985 1840 2047 ταῖς
1868 1984 1969 2053 ψυο

380 2059 501 2127 χαῖς
528 2058 585 2112 δέ
613 2059 721 2113 τῶν
747 2063 1111 2133 ἀκροωμένων
1142 2064 1293 2118 οὐδὲν
1329 2061 1491 2137 ἧττον
1517 2069 1575 2121 ἐν
1609 2069 1792 2142 ταύτῷ
1829 2072 1963 2125 καθ-

382 2147 612 2215 ίσταται,
664 2152 924 2224 κάκείνης
973 2153 1047 2226 μὴ
1091 2156 1455 2229 χωριζόμενος
1486 2160 1599 2229 (21)
1640 2163 1733 2216 καὶ
1759 2163 1966 2230 τούτοις

378 2239 785 2314 εὑρισκόμενος,
820 2245 1011 2301 ἕνωσιν
1036 2248 1094 2301 δέ
1125 2249 1325 2319 μᾶλλον
1353 2249 1669 2326 ήδιαίρεσιν
1698 2254 1876 2309 αὐτῶν
1903 2273 1963 2309 τε

378 2332 472 2384 καὶ
517 2334 627 2387 τῶν
668 2337 950 2407 ἡμετέρων
990 2340 1178 2412 ψυχῶν
1225 2343 1617 2416 ἐργαζόμενος·
1670 2347 1812 2402 οὕτω
1868 2367 1959 2419 μοι

377 2421 486 2475 νόει
529 2424 620 2479 καὶ
665 2426 755 2480 τὸν
808 2429 936 2482 Υἱδν
980 2430 1073 2484 τοῦ
1120 2432 1331 2504 Πατρδς
1366 2435 1439 2505 μὴ
1480 2437 1814 2508 χωρισθέντα
1847 2438 1960 2491 πώ-

376 2531 530 2579 ποτε,
584 2518 677 2570 καὶ
720 2518 908 2573 τούτου
951 2521 1008 2574 δὲ
1057 2522 1218 2577 πάλιν
1268 2524 1329 2578 τὸ
1388 2526 1611 2598 Πνεῦμα
1663 2529 1724 2583 τὸ
1778 2530 1954 2596 ἅγιον,

374 2605 574 2679 ὁμοίως
599 2610 655 2663 ἐν
679 2610 756 2681 τῷ
783 2611 859 2683 νῷ
888 2613 985 2686 τὴν
1005 2614 1320 2687 ἐνθύμησιν.

456 2792 545 2857 Ὦς
576 2793 683 2865 γάρ
725 2794 825 2848 οὐκ
855 2795 969 2850 ἐστι
1003 2798 1204 2868 μεταξὺ
1233 2798 1327 2853 νοῦ
1362 2800 1456 2853 κα).
1483 2800 1832 2873 ἐνθυμήσεως
1857 2807 1954 2859 καὶ

373 2883 549 2954 ψυχῆς
584 2884 845 2956 διαίρεσιν
874 2888 1227 2959 ἐπινοηθῆναι
1278 2907 1400 2944 τινα
1427 2892 1518 2944 ταὶ
1539 2892 1712 2964 τομήν
1735 2908 1749 2923 ·
1779 2893 1953 2960 οὕτως

374 2974 492 3027 ούδέ
520 2974 613 3028 τοῦ
643 2975 796 3044 ἁγίου
826 2976 1160 3048 Πνεύματος,
1188 2979 1283 3033 καὶ
1310 2980 1403 3034 τοῦ
1432 2981 1702 3052 Σωτῆρος,
1735 2984 1827 3036 καὶ
1855 2982 1950 3037 τοῦ

373 3063 607 3135 Πατρδς,
625 3065 683 3118 ἐν
707 3066 856 3137 μέσῳ
875 3068 1046 3137 τομὴν
1068 3069 1100 3139 ἢ
1122 3069 1386 3141 διαίρεσιν
1413 3073 1770 3144 ἐπινοηθῆναί
1794 3091 1946 3128 ποτε·

2070 1986 2533 2056 quemadmodum
2565 1987 2793 2058 insuper
2815 1989 3019 2043 vocalis
3054 1989 3143 2044 hic
3174 2002 3357 2044 sermo
3386 1985 3657 2059 nobisque

2070 2074 2329 2129 omnibus
2362 2076 2698 2142 communis,
2736 2075 2947 2132 etiamsi
2985 2091 3014 2130 a
3058 2086 3285 2146 parente
3322 2078 3505 2132 anima
3553 2079 3656 2132 mi-

2072 2164 2216 2219 nime
2260 2164 2556 2232 dividatur,
2605 2166 2967 2223 nibilosecius
2996 2175 3175 2222 tamen
3215 2169 3268 2222 in
3310 2169 3651 2224 audientium

2067 2270 2288 2326 quoque
2314 2256 2513 2311 animis
2541 2256 2706 2313 simul
2732 2265 2839 2323 est,
2866 2274 2966 2314 nec
2995 2259 3062 2314 ab
3084 2274 3148 2315 ea
3181 2260 3466 2328 sejunctus
3487 2268 3653 2329 atque

2066 2354 2378 2417 separatus,
2408 2354 2464 2403 et
2489 2347 2545 2402 in
2580 2348 2690 2404 illis
2717 2348 3003 2415 inventus,
3037 2351 3148 2405 imo
3183 2351 3438 2406 unionem
3467 2352 3651 2421 potius

2064 2455 2228 2511 quam
2263 2438 2590 2496 divisionem
2626 2456 2819 2496 eorum
2861 2441 3282 2513 animarumque
3332 2452 3648 2498 nostrarum

2069 2529 2316 2587 efﬁciens
2335 2547 2352 2586 ι
2369 2532 2449 2586 sic
2466 2542 2521 2587 tu
2546 2547 2767 2605 quoque
2794 2532 3027 2604 cogites,
3056 2532 3254 2589 Filium
3279 2549 3309 2589 a
3328 2534 3488 2590 Patre
3511 2551 3649 2589 mm-

2064 2635 2229 2692 quam
2260 2629 2571 2693 separatum
2602 2639 2746 2689 esse,
2790 2639 2892 2680 nec
2921 2639 3114 2681 rursus
3144 2626 3212 2680 ab
3248 2625 3354 2680 hoc
3384 2623 3645 2694 Spiritum

2063 2718 2340 2775 sanctum,
2378 2711 2570 2766 eodem
2610 2711 2772 2766 modo
2798 2726 2907 2782 quo
2934 2711 3319 2782 cogitationem
3349 2712 3402 2765 in
3445 2721 3642 2766 mente.

2134 2800 2203 2856 Ut
2234 2802 2379 2858 enim
2427 2801 2572 2857 inter
2610 2810 2848 2858 mentem
2895 2810 2949 2857 et
2998 2803 3389 2871 cogitationem
3436 2809 3492 2856 ct
3527 2801 3648 2856 ani-

2055 2909 2198 2948 mam
2230 2893 2375 2949 nulla
2409 2892 2607 2949 divisio
2646 2905 2740 2948 aut
2772 2896 2946 2950 sectio
2966 2894 3264 2964 excogitari
3308 2901 3486 2962 potest
3517 2912 3530 2948 :
3563 2892 3645 2949 sic

2054 3000 2231 3057 neque
2275 2985 2420 3057 inter
2476 2985 2738 3054 Spiritum
2787 2992 3039 3039 sanctum
3091 2991 3146 3038 et
3197 2983 3537 3036 Salvatorem
3589 2991 3642 3037 et

2054 3075 2271 3130 Patrem
2309 3077 2419 3131 ulla
2448 3091 2689 3148 unquam
2709 3077 2879 3132 sectio
2909 3085 2999 3130 aut
3029 3074 3226 3129 divisio
3259 3074 3641 3129 intercessisse

369 3151 502 3207 διότι
531 3152 639 3207 τῶν
686 3155 912 3226 νοητῶν,
952 3156 1027 3221 ὼς
1060 3156 1288 3229 ἔφαμεν,
1316 3159 1411 3213 κα)⁵
1449 3160 1609 3215 θείων
1642 3163 1945 3236 ἀδιαίρετος

2066 3166 2344 3237 cogitanda
2389 3175 2475 3223 est
2522 3185 2536 3222 :
2584 3166 2842 3238 quoniam
2894 3165 3262 3236 spiritualium
3321 3173 3378 3220 et
3425 3165 3640 3220 divino-

368 3245 402 3315 ή
443 3242 623 3315 φύσις.
665 3246 737 3299 Ἢ
770 3247 865 3300 καὶ
886 3247 946 3300 ὃν
974 3249 1175 3321 τρόπον
1202 3251 1298 3320 οὐχ
1327 3246 1437 3304 οἷόν
1465 3268 1526 3304 τε
1561 3253 1722 3307 πάλιν
1752 3256 1955 3325 ὁμοίως

370 3336 431 3387 ἐν
459 3335 608 3408 μέσῳ
627 3337 827 3392 κύκλου
859 3339 1102 3411 (25),καὶ
1132 3340 1233 3411 τῆς
1261 3342 1476 3405 ἀκτῖνος
1512 3343 1772 3416 διαίρεσιν
1800 3347 1953 3420 εὐρέ-

370 3425 521 3492 σθαι,
572 3426 660 3481 διὰ
699 3428 763 3482 τὺ
794 3430 1006 3495 ἀπαθὲς
1053 3430 1150 3485 καὶ
1191 3430 1482 3503 ἀσώματον
1513 3435 1731 3489 ’ἁπλοῦν
1765 3455 1823 3491 τε
1856 3440 1952 3495 καὶ

369 3517 592 3590 ἀμερὲς,
621 3519 737 3573 ἀλλ’
767 3522 800 3591 ή
832 3521 931 3593 μὲν
956 3523 1113 3588 ἀκτὶς
1144 3524 1412 3594 συνῆπται
1440 3524 1518 3597 τῷ
1552 3525 1756 3598 κύκλῳ,
1782 3529 1949 3601 τοῦμο

368 3607 530 3662 παλιν
560 3609 617 3663 δὲ
657 3612 686 3665 ὁ
716 3611 950 3680 κύκλος,
990 3606 1103 3667 οἷόν
1146 3631 1231 3677 τις
1278 3614 1557 3687 ὀφθαλμὸς
1579 3656 1595 3681 ,
1638 3619 1950 3689 ποταμηδὸν

366 3702 651 3772 ἐπιχεῖτῷ
702 3707 864 3759 παντὶ
901 3706 1001 3770 τὰς
1048 3708 1273 3770 ἀκτῖνας
1299 3747 1315 3772 ,
1371 3710 1794 3780 κατακλυσμοὺς
1837 3709 1947 3763 ὥσ-

368 3811 474 3865 περ
519 3795 672 3859 τινάς
717 3796 895 3864 φωτὸς
936 3798 1068 3867 ἡμῖν
1116 3797 1512 3867 ἐργαζόμενος,
1567 3798 1663 3852 καὶ
1721 3799 1948 3867 πελαγί-

368 3887 476 3952 ζων
499 3886 708 3959 ἀθρόως
737 3887 836 3959 τὴν
855 3888 1211 3961 διακόσμησιν
1238 3890 1383 3961 (26)·
1406 3891 1549 3945 οὕτω
1568 3892 1631 3963 δὴ
1661 3892 1756 3946 καὶ
1782 3893 1947 3946 οἱονεί

363 3994 509 4043 τινες
548 3979 642 4032 τοῦ
676 3980 887 4051 Πατρδς
940 3981 1157 4045 ἀκτῖνες
1205 3981 1590 4054 ἀπεστάλησαν
1634 3983 1721 4052 ἐφ’
1776 3985 1944 4055 ἡμᾶς,

364 4073 394 4126 ὅ
439 4089 498 4124 τε
539 4070 823 4143 φεγγώδης
871 4073 1105 4144 Ἰησοῦς,
1162 4074 1256 4126 καὶ
1306 4074 1366 4127 τὸ
1404 4074 1629 4146 Πνεῦμα
1662 4076 1724 4129 τὸ
1766 4075 1941 4145 ἀγιον.

365 4163 580 4236 Ὠσπερ
605 4152 715 4235 γάρ
744 4163 914 4219 αἰτοῦ
941 4165 1118 4234 φωτὸς
1134 4165 1351 4228 ἀκτῖνες
1377 4165 1673 4236 ἀμέριστον
1715 4166 1935 4238 ἔχουσαι

361 4256 505 4310 κατά
537 4255 697 4327 φύσιν
732 4257 832 4328 τὴν
862 4256 1001 4329 πρὸς
1044 4255 1280 4327 ἀλλήλας
1308 4257 1513 4327 σχέσιν,
1543 4256 1669 4312 οὔτε
1705 4260 1799 4314 τοῦ
1832 4278 1944 4331 φω-

361 4349 452 4412 τὸς
479 4347 821 4419 χωρίζονται,
855 4347 979 4401 οὔτε
1004 4347 1249 4418 ἀλλήλων
1277 4348 1693 4420 ἀποτέμνονται,
1716 4352 1810 4406 καὶ
1840 4353 1941 4423 μέ·-

320 4488 325 4492 .
360 4455 484 4509 χρις
508 4438 667 4509 ήμῶν
707 4439 808 4510 τὴν
838 4438 997 4511 χάριν
1024 4439 1120 4493 τοῦ
1155 4439 1333 4508 φωτὸς
1362 4441 1749 4497 ἀποστέλλουσι
1775 4461 1791 4476 ·
1849 4446 1942 4499 τὸν

2055 3273 2200 3324 rum,
2233 3266 2294 3313 ut
2327 3258 2589 3325 diximus,
2617 3259 2903 3315 divisionis
2931 3273 3130 3330 expers
3163 3265 3360 3312 natura
3391 3266 3495 3312 est.
3534 3257 3639 3312 Aut

2052 3349 2238 3415 etiam,
2272 3349 2729 3421 quemadmodum
2763 3352 2906 3405 inter
2938 3350 3125 3405 orbem
3155 3356 3208 3403 et
3237 3349 3476 3412 radium,
3511 3364 3635 3417 pro-

2051 3452 2174 3513 pter
2227 3443 2724 3515 impassibilitatem
2778 3440 3138 3511 corporisque
3192 3440 3522 3493 vacuitatem
3582 3449 3637 3493 et

2051 3532 2454 3602 simplicitatem
2515 3538 2680 3601 atque
2723 3529 3183 3598 individuitatem,
3236 3529 3387 3583 nulla
3438 3530 3636 3583 divisio

2049 3621 2280 3692 reperiri
2325 3631 2524 3691 potest,
2572 3637 2760 3677 verum
2801 3628 2863 3676 ut
2911 3621 3099 3676 radius
3138 3620 3256 3675 orbi
3309 3620 3635 3691 conjunclus

2048 3720 2153 3778 est,
2187 3714 2259 3767 ita
2288 3728 2486 3769 rursus
2516 3714 2690 3778 orbis,
2738 3713 2885 3768 oculi
2928 3712 3218 3781 cujusdam
3267 3713 3469 3778 instar,
3504 3713 3634 3766 uni-

2038 3804 2300 3861 versitati
2352 3804 2537 3860 radios
2567 3818 2700 3860 suos
2728 3804 2973 3860 numinis
3017 3805 3072 3858 in
3110 3818 3315 3859 rnorem
3367 3802 3630 3869 infundit,

2049 3893 2188 3951 lucis
2234 3894 2394 3950 nobis
2438 3897 2585 3951 velut
2634 3895 3019 3951 inundationes
3057 3894 3318 3964 quasdam
3365 3894 3629 3962 efﬁciens,

2047 3984 2420 4053 mundumque
2470 3990 2692 4054 repente
2744 3983 2987 4039 obruens
3024 4001 3037 4037 :
3072 3982 3217 4037 haud
3266 3997 3428 4039 secus
3465 3983 3628 4038 etiam

2046 4073 2226 4131 Patris
2250 4077 2398 4131 velut
2430 4075 2568 4129 radii
2594 4075 2814 4145 quidam
2850 4074 2915 4129 ad
2946 4089 3048 4130 nos
3075 4074 3298 4130 demissi
3335 4085 3482 4137 sunt,
3513 4084 3627 4131 tum

2045 4165 2364 4235 splendidus
2407 4164 2587 4232 Iesus,
2632 4174 2747 4220 tum
2794 4165 3033 4237 Spiritus
3083 4177 3324 4223 sanctus.
3363 4167 3432 4222 Ut
3481 4169 3625 4223 enim

2044 4256 2184 4312 lucis
2210 4257 2370 4322 radii,
2404 4264 2651 4312 mutuam
2691 4256 3018 4312 relationem
3059 4266 3257 4313 natura
3289 4260 3623 4314 individuam

2045 4346 2328 4411 habentes,
2379 4362 2482 4404 nec
2515 4362 2547 4402 a
2598 4349 2719 4403 luce
2754 4347 3166 4420 disiunguntur,
3204 4365 3305 4405 nec
3342 4366 3370 4403 a
3403 4366 3461 4404 se
3492 4351 3625 4404 invi-

2046 4453 2163 4495 cem
2195 4439 2604 4505 discinduntur,
2652 4440 2901 4511 lucisque
2942 4441 3266 4496 beneﬁcium
3299 4442 3365 4494 ad
3408 4457 3510 4496 nos
3542 4458 3626 4499 us-

360 4517 522 4583 αὑτδν
542 4528 742 4600 τρόπον
769 4530 863 4584 καὶ
882 4532 911 4583 ὁ
928 4527 1119 4600 Σωτὴρ
1146 4530 1174 4581 ὁ
1200 4528 1484 4601 ἡμέτερος,
1521 4532 1698 4587 καὶτὸ
1711 4534 1938 4606 Πνεῦμα

2066 4546 2154 4601 |ue
2194 4531 2518 4600 trajiciunt:
2551 4531 2740 4587 eodem
2789 4531 2952 4586 modo
2988 4530 3239 4585 Salvator
3269 4545 3487 4602 quoque
3525 4548 3625 4588 no-

358 4619 420 4674 τὺ
453 4621 629 4691 ἅγιον,
659 4624 694 4694 ή
740 4622 958 4693 δίδυμος
1000 4623 1093 4676 τοῦ
1124 4621 1339 4693 Πατρὸς
1377 4623 1557 4689 ἀκτὶς,
1602 4626 1697 4679 καὶ
1744 4627 1938 4699 μέχρις

364 4700 515 4783 ήμῶν
541 4714 864 4769 διακονεῖται
886 4713 986 4785 τῆς
1002 4714 1257 4786 ἀληθείας
1287 4715 1348 4768 τὸ
1378 4714 1516 4785 φῶς,
1541 4700 1634 4772 καὶ
1668 4716 1746 4789 τῷ
1760 4719 1934 4791 Πατρὶ

359 4808 680 4876 συνήνωται.

433 4897 530 4949 Ὃν
557 4895 614 4949 δὲ
651 4896 848 4968 τρόπον
872 4897 1016 4950 κάπό
1036 4913 1177 4960 τινος
1201 4896 1410 4952 ὑδάτων
1431 4899 1614 4968 πηγῆς
1637 4899 1933 4972 νεκταριῶ-

351 4985 442 5048 δες
472 4983 720 5053 ἀφθόνως
752 4985 1084 5056 προϊεμένης
1117 4983 1293 5056 ὕδωρ,
1333 4986 1621 5058 συμϐαίνει
1657 4987 1836 5060 ῥεῦμά
1877 5007 1932 5044 τι

356 5077 700 5150 παμπληθὲς.
731 5077 825 5132 καὶ
856 5077 1070 5149 ῥεῖθρον
1103 5080 1493 5152 ἀκατάσχετον,
1540 5081 1620 5145 είς
1650 5081 1930 5151 ποταμοὺς

350 5168 448 5224 δύο
479 5168 561 5240 τῷ
604 5168 839 5242 ῥεύματι
877 5167 1191 5239 τέμνεσθαι,
1237 5169 1366 5240 μίαν
1406 5171 1467 5236 ἐξ
1502 5170 1621 5234 ἐνὸς
1649 5170 1928 5243 ὀφθαλμοῦ

428 5346 539 5435 (22)
563 5345 853 5435 putrefer
906 5346 1296 5435 Ῡφίσταιζθαι.
1332 5346 1595 5409 Montac..
1644 5348 1835 5404 Morel.
1877 5354 1932 5404 et

348 5414 599 5487 Coiubef.
634 5414 879 5487 ἀνάγκην
908 5414 1255 5487 ὑφίστασθαι.

401 5486 537 5609 ἑ(225)
565 5485 1154 5559 Προσενεγκαμὲνης.
1189 5486 1346 5544 Colb.
1376 5486 1430 5553 5,
1453 5486 1507 5552 6,
1539 5487 1931 5559 9,προενεγκα-

431 5573 546 5618 νης.

356 5573 660 5709 μεῖξιῗὶ
683 5625 1087 5698 χωριζόμενος.
1101 5626 1227 5681 Bill.
1253 5640 1363 5682 non
1387 5626 1931 5709 bene,_inquitCom-

355 5695 491 5752 bef..
527 5696 806 5751 distinctus
864 5709 1019 5752 atoue
1077 5707 1379 5752 separatus.
1413 5711 1573 5752 quasi
1624 5699 1737 5752 haec
1766 5714 1930 5752 svnoo

355 5707 491 5761 bet.,
527 5707 806 5751 distinctus
864 5709 1019 5767 atque
1077 5707 1379 5768 separatus,
1413 5707 1573 5767 quasi
1624 5707 1737 5754 haec
1766 5714 1930 5770 synoo

355 5780 521 5850 pyma
541 5767 843 5850 gregorius
864 5768 1082 5832 habeat,
1113 5777 1209 5850 aut
1231 5783 1335 5850 vo_x_
1365 5767 1600 5850 id_sonet
1625 5787 1638 5823 :
1669 5768 1932 5827 differunt

356 5835 475 5892 haec
502 5835 797 5911 plurimum
830 5838 884 5894 in
914 5839 1258 5897 accuratiore
1293 5837 1585 5911 theologia.

2042 4627 2154 4675 ster
2200 4629 2254 4676 et
2299 4619 2537 4692 Spiritus
2576 4630 2823 4686 sanctus,
2873 4619 3125 4689 geminus
3166 4619 3257 4674 ille
3315 4619 3491 4676 Patris
3533 4637 3623 4675 ra-

2041 4710 2187 4779 dius,
2230 4711 2394 4767 simul
2443 4719 2498 4766 et
2540 4710 2608 4765 ad
2648 4725 2749 4765 nos
2771 4725 2948 4780 usque
2978 4710 3221 4767 veritatis
3253 4709 3428 4765 lucem
3466 4711 3624 4767 mini-

2040 4811 2240 4869 strant,
2269 4813 2321 4859 et
2352 4802 2499 4857 Patri
2533 4800 2672 4856 uniti
2703 4809 2858 4856 sunt.

2111 4893 2583 4962 Quemadmodum
2634 4892 2798 4947 etiam
2859 4892 2928 4948 ab
2983 4908 3094 4947 uno
3148 4908 3413 4963 aquarum
3474 4892 3622 4949 fonto

2037 4995 2347 5043 nectaream
2390 4999 2588 5057 aquam
2641 4999 2856 5041 summa
2892 4984 3050 5054 copia
3094 4992 3369 5054 cgerente,
3414 4983 3618 5040 ﬂuxum

2036 5076 2325 5148 quemdam
2389 5090 2786 5146 permagnum,
2859 5089 2924 5131 ac
2978 5074 3303 5142 proﬂuvium
3359 5075 3622 5130 eﬁrenato

2039 5171 2286 5243 quodam
2305 5169 2504 5239 impetu
2538 5184 2791 5236 currens,
2821 5167 2943 5239 ipso
2973 5165 3125 5222 ﬂuxu
3161 5167 3215 5221 in
3258 5167 3369 5223 duo
3393 5167 3619 5222 ﬁumina

2111 5346 2235 5416 (25)
2262 5346 2366 5400 Ἕν
2384 5344 2552 5416 μέσῳ
2572 5346 2824 5416 κύκλου.
2854 5343 3059 5416 Notant
3082 5343 3321 5416 Montac.
3350 5350 3405 5398 et
3429 5341 3615 5416 Morel.

2038 5412 2137 5488 pro
2174 5412 2679 5488 xdxlou'Savilium
2712 5431 2779 5488 es
2810 5415 3131 5488 conjectura
3168 5414 3366 5488 legisse
3399 5412 3577 5488 ἡλίου.

2111 5486 2223 5558 (26)
2250 5483 2596 5558 ΔΠείαῖᾳγίζωιι
2631 5484 2857 5558 ἀθρόως
2888 5483 3003 5553 τὴν
3040 5482 3468 5558 διακᾷονμησιὰθ.
3504 5482 3619 5539 Hoc

2037 5554 2184 5622 loco,
2213 5555 2290 5611 ait
2315 5555 2461 5619 Bill.,
2495 5554 2856 5624 διακόσμησις
2884 5554 3150 5608 mundum
3185 5554 3618 5624 buncaspecta-

2039 5627 2202 5684 bilem
2244 5625 2544 5696 signiﬁcat,
2591 5622 3052 5696 quemadmodum
3099 5624 3259 5696 apud
3295 5622 3618 5696 Dionysium

2039 5693 2423 5766 Areopagi'tam
2476 5693 2623 5766 saepe
2680 5710 2781 5765 pro
2830 5694 3038 5766 angelis
3070 5693 3377 5766 accipitur.
3412 5693 3615 5766 Verum

2039 5710 2182 5753 meo
2223 5712 2252 5750 a
2293 5710 2423 5751 itam
2476 5711 2623 5766 saepe
2680 5710 2781 5765 pro
2830 5710 3038 5766 angens
3088 5710 3202 5748 acc:
3248 5710 3377 5748 lllll'.
3422 5710 3615 5747 verum

2039 5713 2320 5823 Comgeﬁz
2357 5766 2731 5837 Digestamque
2761 5781 2939 5821 rerum
2971 5763 3162 5819 molem
3205 5710 3319 5818 race
3348 5760 3521 5833 pelagi
3559 5759 3619 5814 in

2044 5853 2239 5893 morem
2271 5848 2479 5907 repente
2508 5839 2759 5892 obruens.
