3950 6156
1354 230 1367 267 ί

359 334 496 392 1107

1601 334 1657 388 S.
1701 329 2026 389 GliEGORll
2062 328 2355 385 NYSSENI

3477 322 3628 380 ΗΘΒ

355 449 533 509 scindi
564 451 852 520 contingit,
879 448 1026 520 quod
1072 449 1142 505 ab
1172 465 1280 505 uno
1306 451 1525 521 quidem
1571 452 1734 508 fontis
1776 452 1931 507 oculo

2046 449 2135 519 τῆς
2170 451 2350 519 πηγῆς
2375 447 2471 517 τὴν
2515 446 2643 518 ῥοὴν
2674 444 2732 511 ἐξ
2770 444 2942 515 ἀρχῆς
2972 443 3202 514 ἐσχηκός
3226 460 3239 473 '
3276 441 3532 515 δίρῤυτοξ
3569 442 3627 495 δὲ

355 542 591 611 primum
623 548 960 604 manaverat,
998 554 1210 606 verum,
1248 538 1429 597 ﬂuviis
1460 543 1641 612 specie
1686 543 1759 596 ita
1795 556 1928 596 con-

354 631 628 695 formatis,
666 628 886 700 ‘duplici
958 629 1105 685 ﬂuxu
1153 631 1419 699 decurrit,
1471 649 1572 687 nec
1625 642 1803 687 tamen
1860 648 1927 687 ex

352 718 667 788 hujusmodi
694 718 969 776 divisione
1013 720 1347 775 incommodi
1387 722 1688 792 quidquam
1738 728 1791 776 et
1836 722 1929 776 de-

357 810 620 874 trimenti,
669 818 937 880 quantum
979 811 1047 865 ad
1100 813 1420 878 essentiam,
1464 813 1664 883 accipit
1709 814 1927 884 (etenim

354 899 638 954 ﬂuminum
683 901 789 956 situ
836 901 909 955 ita
958 901 1284 972 proﬂuvium
1319 903 1601 969 dividitur,
1651 911 1711 958 ut
1764 919 1925 957 unam

356 996 538 1044 tamen
567 998 730 1062 atque
759 991 1003 1046 eamdem
1033 992 1284 1049 humoris
1305 995 1619 1064 qualitatem
1649 997 1925 1063 obtineat;

354 1081 605 1152 quamvis
659 1082 802 1136 enim
860 1091 1085 1153 uterque
1135 1085 1575 1156 supradictorum
1639 1086 1926 1141 ﬂuviorum

355 1174 545 1243 procul
574 1181 728 1228 extra
766 1175 1030 1230 terminos
1063 1174 1216 1242 ferri,
1262 1176 1532 1248 longoque
1578 1178 1864 1233 intervallo
1897 1194 1926 1231 a

356 1261 507 1319 fonte
539 1264 745 1318 distare
771 1265 1040 1329 videatur,
1076 1266 1407 1337 principium
1449 1275 1631 1322 tamen
1663 1268 1729 1323 ad
1761 1266 1930 1323 fontis

356 1353 773 1421 perpetuitatem
812 1368 933 1407 cum
965 1363 1190 1423 parente
1226 1371 1326 1410 sua
1369 1355 1724 1426 conjunctttm
1767 1365 1930 1425 atque

357 1444 570 1497 unitum
623 1444 788 1498 habet
830 1446 884 1514 ):
934 1445 1078 1500 haud
1130 1445 1385 1502 dissimili
1444 1447 1606 1503 modo
1659 1449 1927 1503 bonorum

358 1549 575 1603 quoque
606 1535 847 1589 omnium
874 1535 1040 1600 Deus,
1076 1537 1165 1592 ille
1193 1538 1442 1593 veritatis
1478 1547 1681 1606 rector,
1721 1549 1775 1595 et
1807 1539 1929 1593 Sal-

357 1628 564 1681 vatoris
593 1625 775 1690 Pater,
806 1628 979 1699 prima
1020 1628 1109 1682 illa
1137 1631 1260 1684 vita:
1302 1645 1489 1691 causa,
1528 1640 1583 1686 et
1628 1632 1794 1703 stirps
1831 1633 1932 1687 im-

360 1718 733 1785 mortalitatis,
768 1720 857 1775 ille
890 1722 1238 1791 sempiterna:
1263 1723 1385 1777 vitae
1420 1722 1565 1788 fons,
1602 1724 1767 1777 billua
1796 1739 1931 1794 qua-

2036 537 2142 590 τῶν
2170 535 2428 606 ποταμῶν
2463 533 2940 604 σχηματισθέντων
2992 535 3105 595 τοῖς
3153 529 3356 596 εἴδεσι,
3419 531 3629 602 βλαϐὲν

2034 627 2090 679 δὲ
2122 628 2270 697 ὅμως
2296 626 2445 679 οὐδὲν
2476 628 2555 689 είς
2597 624 2696 695 τὴν
2721 624 2908 678 οὐσίαν
2936 625 3000 677 ὲκ
3028 624 3127 693 τῆς
3157 622 3478 693 διαιρέσεως
3519 624 3627 693 (τῇ

2038 721 2134 790 μὲν
2158 718 2265 788 γὰρ
2294 718 2407 771 τῶν
2434 717 2696 788 ποταμῶν
2723 717 2870 770 θέσει
2892 716 2952 769 τὸ
2983 715 3194 786 ῥεῖθρον
3214 715 3491 787 διῄρηται,
3521 715 3630 784 τὴν

2034 812 2091 864 δὲ
2118 811 2213 863 τοῦ
2243 808 2419 880 χυμοῦ
2442 810 2702 879 ποιότητα
2735 808 2863 877 μίαν
2884 808 2977 861 καὶ
3002 806 3099 877 τὴν
3123 806 3293 876 αὐτὴν
3320 806 3590 875 κέκτηται
3609 822 3624 833 ’

2035 901 2137 955 κᾶν
2164 901 2272 972 γὰρ
2303 899 2834 970 ἀποτερματίζεσθαι
2868 899 3056 971 πόρρω
3088 916 3190 950 που
3220 897 3328 951 τῶν
3356 897 3627 965 ποταμῶν

2033 992 2262 1057 ἕκαστος
2299 991 2408 1045 τῶν
2436 991 2842 1064 προειρημένων
2870 990 2998 1061 δοκῇ
3024 1029 3039 1053 ,
3069 989 3165 1043 καὶ
3188 989 3288 1061 τῆς
3312 989 3493 1058 πηγῆς
3516 988 3629 1056 dc?-

2029 1084 2249 1138 εστάναι
2264 1083 2498 1156 μακρὰν,
2512 1082 2609 1153 τὴν
2626 1082 2753 1151 γοῦν
2768 1082 2941 1154 ἀρχὴν
2957 1083 3023 1152 τῇ
3045 1081 3211 1151 μητρὶ
3227 1080 3361 1152 πρὸς
3376 1080 3436 1132 τὸ
3448 1081 3629 1148 διηνε-

2032 1176 2125 1238 κὲς
2158 1175 2259 1244 τῆς
2289 1175 2473 1245 πηγῆς
2511 1174 2893 1244 συνηνωμένην
2922 1171 3076 1245 ἔχει)·
3100 1170 3497 1242 παραπλησίως
3528 1164 3629 1223 οὖν

2028 1268 2122 1321 καὶ
2139 1269 2166 1320 6
2180 1266 2289 1322 τῶν
2310 1266 2528 1334 ἀγαθῶν
2548 1266 2800 1323 ἁπάντων
2816 1264 2970 1329 Θεὸς,
2982 1267 3008 1317 6
3023 1267 3120 1334 τῆς
3136 1262 3390 1332 ἀληθείας
3407 1260 3630 1332 πρύτα-

2030 1375 2130 1422 νις,
2143 1356 2342 1411 καὶτοῦ
2355 1356 2605 1427 Σωτῆρος
2624 1356 2831 1426 Πατὴρ,
2846 1355 2906 1408 τὸ
2923 1356 3136 1426 πρῶτον
3152 1354 3320 1407 αἴτιον
3335 1353 3429 1424 τῆς
3449 1353 3626 1422 ζωῆς,

2031 1450 2125 1504 καὶ
2138 1450 2198 1503 τὸ
2217 1451 2313 1521 τῆς
2332 1447 2628 1511 ἀθανασίας
2648 1448 2833 1517 φυτὸν,
2848 1450 2881 1518 ἡ
2899 1447 2997 1518 τῆς
3023 1445 3276 1511 ἀειζωῗας
3295 1444 3470 1514 πηγὴ,
3502 1444 3629 1515 δερ-

2033 1542 2190 1613 ῥυτόν
2212 1558 2333 1594 τινα
2362 1539 2456 1593 τοῦ
2493 1557 2553 1592 τε
2590 1538 2719 1592 Υἱοῦ
2751 1538 2961 1592 καὶτοῦ
2989 1538 3147 1608 ἁγίου
3175 1536 3491 1607 Πνεύματος
3522 1535 3627 1607 τὴν

2032 1633 2222 1705 νοητὴν
2257 1636 2332 1698 εἰς
2364 1634 2512 1705 ἡμᾶς
2539 1632 2860 1696 ἀποστείλας
2878 1632 3036 1703 χάριν
3064 1630 3201 1702 (27),
3227 1628 3336 1682 οὔτ’
3366 1627 3535 1690 αὐτὸς
3571 1644 3628 1679 τι

2033 1725 2298 1779 πέπονθεν
2328 1726 2407 1789 εἰς
2428 1725 2523 1795 τὴν
2551 1723 2737 1778 οὐσίαν
2771 1723 2987 1794 βλαϐεὶς
3019 1721 3100 1791 (ού
3128 1722 3235 1791 γὰρ
3265 1719 3489 1791 μείωσιν
3520 1720 3629 1771 ὑπ-

359 1808 483 1863 dam
520 1820 573 1865 et
617 1811 777 1866 biﬁda
827 1812 948 1866 Filii
993 1824 1047 1868 et
1091 1814 1329 1883 Spiritus
1362 1815 1535 1870 sancti
1578 1817 1931 1871 intellectuali

2046 1818 2170 1888 έστη
2193 1818 2312 1872 τινὰ
2334 1819 2422 1870 διὰ
2438 1816 2534 1887 τὴν
2556 1820 2635 1881 είς
2656 1819 2804 1887 ἡμᾶς
2824 1817 3045 1871 ἐκείνων
3064 1813 3290 1885 ἄφιξιν),
3304 1813 3397 1867 καὶ
3421 1813 3626 1884 μέχρις

360 1900 429 1954 ad
480 1917 581 1957 nos
639 1902 805 1957 missa
858 1904 1056 1974 gratia,
1106 1920 1207 1959 nec
1258 1905 1375 1975 ipse
1424 1908 1718 1962 essentiam
1776 1922 1932 1963 suam

361 1993 659 2063 quidquam
710 1994 845 2050 laesit
878 1995 997 2065 (uec
1044 1995 1186 2050 enim
1230 1997 1299 2051 ob
1334 1997 1551 2052 illorum
1600 1999 1664 2052 ad
1706 2014 1808 2055 nos
1838 1999 1937 2054 ad-

360 2093 584 2138 ventum
616 2085 1056 2141 imminutionem
1089 2087 1254 2140 ullam
1296 2088 1506 2161 subiit),
1561 2095 1615 2143 et
1646 2089 1700 2142 hi
1732 2090 1798 2144 ad
1834 2105 1934 2146 nos

2042 1911 2074 1980 ή
2082 1909 2197 1980 μῶν
2221 1908 2644 1981 προσεχώρησαν
2667 1908 2801 1978 (28),
2825 1906 3025 1962 καὶτοῦ
3050 1906 3260 1978 Πατρὸς
3285 1905 3437 1958 οὐδὲν
3456 1898 3627 1975 ἦττον

2041 2000 2331 2072 ἀχώριστοι
2356 1999 2778 2071 καθεστήκασιν.
2832 1999 3070 2070 Ἀμερὴς
3106 1998 3216 2069 γὰρ
3240 2038 3255 2060 ,
3296 1997 3371 2058 ὠς
3407 1995 3627 2065 ἔφαμεν

2042 2092 2100 2158 ἐξ
2130 2091 2325 2163 ἀρχῆς,
2361 2089 2526 2162 ἡτῶν
2560 2089 2882 2161 κρειττόνων
2914 2089 3075 2157 φύσις
3106 2088 3243 2157 (29).

362 2191 537 2246 usque
566 2184 970 2246 processerunt,
1007 2192 1104 2232 nec
1149 2185 1331 2233 tamen
1370 2193 1400 2231 a
1432 2175 1596 2233 Patre
1623 2178 1734 2234 ullo
1765 2182 1928 2235 modo
1969 2191 2310 2252 separantur.
2347 2178 2630 2235 lndividua
2667 2178 2836 2242 enim,
2901 2187 2958 2232 ut
3003 2177 3242 2233 diximus
3286 2176 3356 2231 ab
3424 2173 3612 2239 initio,

361 2269 727 2340 spiritualium
768 2275 962 2322 natura
985 2277 1090 2324 est.

429 2361 696 2426 Plurima,
729 2362 811 2417 vir
841 2362 1187 2428 charissime,
1220 2363 1454 2420 inveniri
1483 2371 1758 2434 poterant,
1792 2365 1931 2420 mul-

360 2463 527 2526 toque
555 2455 733 2525 plura,
763 2470 927 2526 quam
965 2470 1087 2525 quae
1118 2457 1424 2522 attulimus,
1472 2457 1540 2512 ad
1582 2457 1803 2514 unionis
1830 2457 1931 2513 Pa-

358 2545 465 2601 tris
500 2553 555 2601 et
575 2543 699 2599 Filii
746 2552 801 2599 et
829 2542 1071 2614 Spiritus
1109 2547 1283 2601 sancti
1319 2561 1577 2618 perquam
1608 2549 1932 2604 necessariae

358 2634 692 2690 luculentam
723 2634 1273 2702 demonstrationem,
1308 2653 1415 2708 quo
1454 2638 1716 2694 nimirum
1768 2640 1930 2695 modo

359 2740 424 2781 ea
471 2726 792 2796 accipienda
844 2727 918 2784 sit
966 2745 981 2782 :
1028 2726 1124 2783 sed
1166 2729 1425 2798 quoniam
1473 2736 1529 2783 et
1591 2730 1687 2785 tibi
1732 2738 1785 2785 et
1853 2733 1932 2786 tui

360 2818 632 2874 similibus
681 2817 842 2874 facile
883 2827 967 2876 est
1016 2836 1082 2876 ex
1109 2822 1302 2890 paucis
1344 2821 1578 2891 plurima
1622 2824 1927 2893 percipere,

359 2909 569 2965 idcirco
596 2911 918 2980 quaestionis
959 2911 1124 2981 hujus
1158 2913 1469 2969 tractationi
1492 2913 1654 2969 tinem
1699 2914 1788 2970 hic
1831 2915 1931 2969 im-

359 3015 564 3075 ponere
581 3015 796 3072 :equum
828 3015 952 3057 esse
977 3002 1307 3057 existimavi.

436 3181 551 3256 (27)
579 3183 704 3256 Thr
729 3184 1026 3256 νοητὴν...
1060 3184 1260 3256 χάριν.
1291 3185 1570 3242 Combel‘.:
1607 3186 1741 3254 Qua:
1764 3196 1935 3243 mente

362 3252 701 3322 intelligitur,
729 3252 980 3322 spiritali.

435 3320 557 3396 (2.8):
580 3320 1078 3396 Προσὲχώρηᾳαν.
1104 3323 1328 3396 Legisse
1355 3325 1575 3379 videtur
1601 3324 1937 3381 Montaeutio

363 3391 672 3465 B_il’i_l_)_aldus
723 3391 1163 3465 προσεχώρησεν,
1184 3391 1310 3450 ἐοιι
1355 3396 1474 3451 sine
1515 3410 1687 3451 causa
1728 3396 1936 3450 dictum

366 3461 436 3534 a_b
466 3462 560 3517 illo
590 3471 695 3531 est,
723 3461 1117 3534 inquit'M'orel.
1146 3467 1238 3521 Sic
1270 3466 1416 3520 enim
1452 3466 1614 3519 vertit
1645 3465 1895 3520 Bilibald.
1923 3484 1937 3520 :

367 3531 863 3604 Propter‘istorum
894 3533 962 3588 ad
994 3536 1089 3590 nos
1116 3552 1277 3604 usque
1321 3552 1610 3590 accessum.
1649 3536 1725 3589 lta
1758 3537 1941 3604 potius

367 3602 717 3678 scribendum
735 3613 891 3678 esset
919 3605 1012 3678 καὶ
1048 3602 1244 3678 μέχρις
1264 3608 1297 3676 ἡ
1309 3606 1423 3676 μῶν
1456 3602 1867 3678 νπροσχῴρησιν.

434 3670 544 3744 (29)
564 3674 865 3743 Ἀμερὴς...
881 3673 1003 3729 τῶν
1016 3670 1367 3744 κρεὶὲτόνῶν
1387 3670 1589 3744 φύσίις.
1606 3670 1767 3729 mea
1796 3690 1942 3741 raro,

366 3739 721 3811 aitCo’mhetl,
748 3739 955 3804 Graecis
981 3739 1347 3817 τὸᾞρεῑττον,
1382 3739 1521 3801 Deus
1545 3739 1564 3812 ξ
1585 3746 1653 3799 τὰ
1670 3739 1936 3816 Κρείττω,

2110 2362 2343 2415 Πλεῖστα
2380 2361 2476 2430 μὲν
2505 2353 2618 2424 οὖν,
2656 2352 2700 2412 ὦ
2731 2357 3046 2429 τιμιώτατε,
3078 2356 3300 2410 δυνατὸν
3333 2353 3402 2429 ἦν
3439 2359 3626 2429 εὑρεῖν

2039 2454 2133 2507 καὶ
2164 2452 2383 2505 πλείονα
2409 2451 2518 2504 τῶν
2559 2450 2897 2522 εἰρημένων,
2933 2449 3070 2519 πρὸς
3106 2448 3377 2514 ἀπόδειξιν
3406 2451 3621 2521 ἐναργῆ

2035 2546 2137 2618 τῆς
2170 2544 2605 2614 ἀναγκαιοτάτης
2625 2544 2837 2615 Πατρὸς
2867 2544 2960 2597 καὶ
2983 2542 3114 2596 Υἱοῦ
3141 2545 3235 2596 καὶ
3264 2543 3419 2610 ἁγίου
3449 2543 3627 2597 Πνεύ-

2041 2653 2208 2707 ματος
2240 2633 2484 2695 ἐνώσεως
2509 2632 2644 2701 (50),
2674 2632 2733 2686 ὃν
2773 2633 2970 2702 τρόπον
3000 2631 3143 2702 ἔχειν
3172 2632 3341 2702 αὐτὴν
3371 2630 3625 2701 ὑπολαμ-

2039 2729 2221 2783 ϐάνειν
2261 2728 2371 2782 δεῖ-
2415 2726 2528 2781 ἀλλ’
2571 2724 2756 2795 ἐπειδὴ
2791 2724 2873 2778 σοί
2920 2743 2979 2778 τε
3026 2726 3120 2779 καὶ
3151 2726 3263 2788 τοῖς
3307 2725 3392 2777 σοὶ
3438 2741 3624 2795 παρα-

2039 2821 2282 2894 πλησίοις
2309 2821 2438 2891 ῥᾷον
2477 2818 2535 2883 ἐξ
2563 2818 2756 2887 ὀλίγων
2786 2819 2852 2872 τὰ
2884 2819 3109 2872 πλεῖστα
3152 2816 3618 2888 καταμανθάνειν,

2037 2913 2226 2966 τούτου
2266 2912 2423 2982 χάριν
2464 2909 2701 2963 ἐνταῦθα
2747 2911 2837 2965 τὸν
2879 2912 3005 2982 περ)⁸
3054 2909 3245 2964 τούτου
3281 2910 3473 2980 στῆσαι
3521 2910 3617 2966 τοῦ

2044 3004 2395 3076 θεωρήματος
2425 3002 2630 3057 δίκαιον
2660 3003 2847 3075 ᾠήθην
2885 3002 3062 3070 λόγον.

2081 3186 2241 3240 lurali
2271 3200 2501 3240 numero
2532 3198 2800 3254 nusquam
2834 3183 3105 3240 invenies.
3134 3183 3427 3254 Perperam
3452 3183 3625 3254 igitur

2089 3256 2163 3310 ill.
2199 3254 2309 3309 τῶν
2337 3256 2681 3325 κρειττόνων,
2717 3257 2909 3307 summi
2954 3255 3185 3308 numinis
3217 3265 3447 3315 natura;
3493 3269 3622 3325 ver-

2038 3325 2266 3381 tendum
2309 3323 2488 3395 potius
2516 3326 2623 3377 τῶν
2651 3325 2998 3396 κρειττόνων,
3035 3325 3085 3378 id
3118 3332 3221 3388 est,
3258 3326 3366 3376 τῶν
3390 3323 3619 3396 νοητῶν,

2041 3393 2433 3466 spiritualium,
2492 3402 2552 3448 ut
2598 3393 2787 3449 revera
2833 3394 2973 3448 dixit
3022 3398 3320 3466 superius._
3356 3393 3619 3466 mentium

2041 3462 2238 3590 attempt:
2274 3473 2327 3519 et
2360 3479 2550 3519 eorum
2582 3480 2705 3536 quae
2737 3475 2921 3520 mente
2973 3462 3496 3535 sola'pcrcipiuntur
3531 3464 3620 3517 in-

2083 3550 2217 3589 msa
2250 3543 2467 3589 natura.

2083 3535 2217 3589 ivisa
2250 3543 2467 3589 natura.

2118 3605 2230 3676 (30)
2270 3604 2594 3670 Ἑνώσεως.
2629 3603 3051 3676 εἰρίνιρεεηᾲιιηι
3095 3602 3336 3676 videtur.
3379 3599 3439 3676 l_u
3471 3598 3620 3655 Edit.

2045 3670 2394 3746 ἐρωτήσεως,
2415 3676 2690 3746 vertitque
2722 3670 2882 3729 Billi:
2919 3674 3243 3740 Quwstiom's
3287 3672 3351 3746 de
3377 3670 3543 3726 Patre
3573 3681 3623 3727 et

2049 3741 2274 3800 Filio'et
2304 3743 2510 3814 Spiritu
2538 3741 2722 3800 saucto
2750 3760 3001 3815 perquam
3041 3741 3373 3798 necessarie.

398 3949 3623 3987 Μ

1061 4123 1691 4234 FBAGMEN
1701 4124 1871 4230 TA

1998 4126 2175 4228 EX
2291 4126 2925 4234 OPEBIBUS

1292 4352 1369 4429 S.
1425 4349 1917 4429 GREGORlI
1983 4347 2611 4427 DEPEBDITIS
2647 4333 2760 4403 (ί)-

1965 4553 2034 4567 ἢ

719 4796 1145 4868 Supplementum
1189 4809 1361 4855 textus
1386 4799 1664 4855 Orationis
1696 4801 1961 4855 adversus
2004 4800 2352 4861 fornicarios.
2382 4819 2445 4856 ex
2477 4802 2736 4855 Vaticano
2766 4804 2944 4859 codice
2978 4820 3125 4857 num.
3154 4802 3287 4863 “5,

1176 4871 1313 4941 quod
1349 4872 1402 4926 in
1433 4870 1576 4925 edita
1609 4871 1901 4940 Appendice
1936 4888 2152 4941 operum
2192 4872 2420 4928 Nttssuut
2453 4872 2808 4928 desideratur.
3265 4894 3276 4902 -

1036 4987 1190 5057 Apud
1250 4986 1389 5042 Zac
1414 5003 1694 5044 AGNIUM
1732 4989 1957 5047 Collect.
2007 4991 2251 5048 Monum.
2292 4991 2441 5048 Eccl.
2489 4991 2606 5058 Gr.,
2645 5006 2783 5065 'pag.
2814 4994 2939 5049 552.

437 5138 626 5196 Perire
673 5140 805 5196 sinit
858 5142 1007 5197 hunc
1048 5142 1214 5198 Deus.
1276 5142 1544 5214 Optabam
1593 5159 1624 5198 a
1676 5145 1831 5202 vobis
1879 5160 1931 5200 ιιι

2116 5149 2329 5221 Φθείρει
2354 5150 2542 5204 τοῦτον
2560 5149 2589 5202 6
2616 5149 2772 5214 Θεός.
2810 5149 3144 5221 Ἐϐουλόμην
3166 5147 3320 5218 ὑμῶν
3342 5146 3479 5218 μηδὲ
3498 5146 3637 5217 πρὸς

368 5246 665 5302 parumper
691 5234 911 5303 quidem
952 5234 1216 5307 disjungi.
1248 5237 1389 5302 Quid
1412 5238 1557 5291 enint
1598 5239 1826 5295 suavius
1853 5255 1943 5309 pa-

366 5329 531 5378 terna
571 5326 996 5382 conversatione
1019 5328 1213 5383 amatis
1242 5328 1405 5385 ﬁliis?
1436 5329 1541 5385 Sed
1574 5332 1833 5401 quoniam
1856 5332 1941 5385 in-

370 5412 509 5466 vitat
539 5413 606 5467 ad
634 5429 837 5485 agones
872 5418 1093 5486 pietatis
1138 5418 1301 5485 ratio,
1343 5435 1568 5476 necesse
1600 5429 1686 5476 est
1718 5421 1784 5476 ad
1834 5431 1947 5477 sta-

372 5500 463 5555 dia
503 5517 747 5569 currere,
793 5508 1093 5576 assumptis
1135 5506 1399 5564 Ecclesiae
1425 5524 1650 5580 precum
1680 5509 1942 5579 adiutori-

372 5597 498 5655 bus.
525 5598 915 5658 Verumtamen
948 5604 1050 5659 hoc
1074 5605 1297 5673 postulo
1331 5621 1360 5658 ιι
1402 5605 1671 5661 charitate
1720 5612 1941 5662 vestra:

464 5775 546 5850 (l)
581 5773 835 5833 Galland.
873 5779 1013 5833 Bibl.
1045 5780 1218 5847 Pam,
1254 5780 1344 5846 VI,
1378 5783 1502 5836 708.

2058 5240 2250 5311 μικρὸν
2291 5239 2725 5309 διαζεύγνυσθαι.
2784 5242 2850 5293 Τί
2900 5241 3011 5313 γὰρ
3056 5239 3388 5311 γλυκύτερον
3428 5238 3634 5307 πατρὶς

2056 5329 2338 5393 συνουσίας
2397 5330 2777 5401 ἀγαπωμένων
2825 5330 2996 5396 υίῶν;
3064 5330 3203 5383 Ἀλλ’
3246 5329 3437 5397 ἐπειδὴ
3481 5327 3637 5380 καλεί

2056 5422 2192 5493 πρὸς
2221 5421 2436 5491 ἀγῶνας
2466 5422 2563 5492 τῆς
2588 5423 2867 5485 εὐσεϐείας
2892 5423 2921 5475 6
2942 5422 3117 5491 λόγος,
3140 5422 3222 5474 δεῖ
3247 5421 3478 5491 δραμεῖν
3502 5419 3633 5489 πρὸς

2056 5514 2123 5567 τὰ
2161 5515 2479 5585 σκάμματα,
2526 5515 2630 5584 τῆς
2675 5514 2996 5585 Ἐκκλησίας
3025 5512 3200 5582 εὐχῶν
3236 5512 3533 5582 συνεργοὺς
3562 5512 3637 5563 εί-

2056 5606 2311 5676 ληφότας.
2357 5606 2500 5661 Ἀλλ’
2535 5609 2712 5662 ἐκεῖνο
2738 5604 3035 5661 παρακαλῶ
3059 5604 3159 5677 τὴν
3192 5604 3470 5675 ὑμετέραν
3498 5601 3638 5673 ἀγί-
