  <div class='ocr_page' id='page_1' title='image "/cluster/home/n/w/nwhite01/storage/ocr_20150623/46/mdp.39015011915447/562.png"; bbox 0 0 3950 6156; ppageno 0'>
   <div class='ocr_carea' id='block_1_1' title="bbox 306 359 444 421">
    <p class='ocr_par' dir='ltr' id='par_1_1' title="bbox 306 359 444 421">
     <span class='ocr_line' id='line_1_1' title="bbox 306 359 444 421; baseline -0.014 -1"><span class='ocrx_word' id='word_1_1' title='bbox 306 359 444 421; x_wconf 72' lang='grc' dir='ltr'><strong>Ηθξ)</strong></span> 
     </span>
    </p>
   </div>
   <div class='ocr_carea' id='block_1_2' title="bbox 1625 369 2148 437">
    <p class='ocr_par' dir='ltr' id='par_1_2' title="bbox 1625 369 2148 437">
     <span class='ocr_line' id='line_1_2' title="bbox 1625 369 2148 437; baseline 0.006 -13"><span class='ocrx_word' id='word_1_2' title='bbox 1625 426 1638 437; x_wconf 68' lang='grc'><strong>,</strong></span> <span class='ocrx_word' id='word_1_3' title='bbox 1705 369 2148 428; x_wconf 75' lang='lat' dir='ltr'><strong>FRAGMENTA.</strong></span> 
     </span>
    </p>
   </div>
   <div class='ocr_carea' id='block_1_3' title="bbox 3421 378 3560 436">
    <p class='ocr_par' dir='ltr' id='par_1_3' title="bbox 3421 378 3560 436">
     <span class='ocr_line' id='line_1_3' title="bbox 3421 378 3560 436; baseline 0.022 -3"><span class='ocrx_word' id='word_1_4' title='bbox 3421 378 3560 436; x_wconf 74' lang='lat'><strong>“£0</strong></span> 
     </span>
    </p>
   </div>
   <div class='ocr_carea' id='block_1_4' title="bbox 300 482 1915 567">
    <p class='ocr_par' dir='ltr' id='par_1_4' title="bbox 300 482 1915 561">
     <span class='ocr_line' id='line_1_4' title="bbox 300 482 1915 561; baseline 0.006 -24"><span class='ocrx_word' id='word_1_5' title='bbox 300 501 412 556; x_wconf 89' lang='grc' dir='ltr'><strong>πην</strong></span> <span class='ocrx_word' id='word_1_6' title='bbox 436 502 449 515; x_wconf 82' lang='grc'><em>’</em></span> <span class='ocrx_word' id='word_1_7' title='bbox 488 482 788 538; x_wconf 76' lang='grc' dir='ltr'>Ψυλάττετε</span> <span class='ocrx_word' id='word_1_8' title='bbox 835 484 932 555; x_wconf 84' lang='grc' dir='ltr'>τὴν</span> <span class='ocrx_word' id='word_1_9' title='bbox 977 486 1432 561; x_wconf 79' lang='grc' dir='ltr'>ὲκκλησιαστικὴν</span> <span class='ocrx_word' id='word_1_10' title='bbox 1465 490 1738 558; x_wconf 79' lang='grc' dir='ltr'><strong>εὐταξίαν,</strong></span> <span class='ocrx_word' id='word_1_11' title='bbox 1767 495 1869 547; x_wconf 71' lang='grc' dir='ltr'>κᾶν</span> <span class='ocrx_word' id='word_1_12' title='bbox 1898 511 1915 557; x_wconf 61' lang='grc' dir='ltr'><em>Α</em></span> 
     </span>
    </p>
   </div>
   <div class='ocr_carea' id='block_1_5' title="bbox 1996 482 3562 567">
    <p class='ocr_par' dir='ltr' id='par_1_5' title="bbox 1996 493 3562 567">
     <span class='ocr_line' id='line_1_5' title="bbox 1996 493 3562 567; baseline 0.002 -19"><span class='ocrx_word' id='word_1_13' title='bbox 1996 495 2221 552; x_wconf 88' lang='lat' dir='ltr'><strong>[‘uemini</strong></span> <span class='ocrx_word' id='word_1_14' title='bbox 2249 494 2685 551; x_wconf 74' lang='lat' dir='ltr'><strong>ecclesiasticam</strong></span> <span class='ocrx_word' id='word_1_15' title='bbox 2719 494 3065 567; x_wconf 88' lang='lat' dir='ltr'><strong>disciplinam</strong></span> <span class='ocrx_word' id='word_1_16' title='bbox 3095 513 3107 548; x_wconf 94' lang='lat'><strong>:</strong></span> <span class='ocrx_word' id='word_1_17' title='bbox 3143 493 3360 550; x_wconf 86' lang='lat' dir='ltr'><strong>tametsi</strong></span> <span class='ocrx_word' id='word_1_18' title='bbox 3386 497 3562 551; x_wconf 71' lang='lat' dir='ltr'><strong>turbae</strong></span> 
     </span>
    </p>
   </div>
   <div class='ocr_carea' id='block_1_6' title="bbox 299 574 1915 658">
    <p class='ocr_par' dir='ltr' id='par_1_6' title="bbox 299 574 1878 656">
     <span class='ocr_line' id='line_1_6' title="bbox 299 574 1878 656; baseline 0.005 -28"><span class='ocrx_word' id='word_1_19' title='bbox 299 592 446 637; x_wconf 85' lang='grc' dir='ltr'>τινες</span> <span class='ocrx_word' id='word_1_20' title='bbox 484 574 727 645; x_wconf 82' lang='grc' dir='ltr'>ταραχὰς</span> <span class='ocrx_word' id='word_1_21' title='bbox 772 576 1227 646; x_wconf 76' lang='grc' dir='ltr'>παρεμϐάλλωσι,</span> <span class='ocrx_word' id='word_1_22' title='bbox 1288 582 1474 634; x_wconf 81' lang='grc' dir='ltr'><strong>νικᾶτε</strong></span> <span class='ocrx_word' id='word_1_23' title='bbox 1527 583 1878 656; x_wconf 77' lang='grc' dir='ltr'><strong>μακροθυμίᾳ</strong></span> 
     </span>
    </p>
   </div>
   <div class='ocr_carea' id='block_1_7' title="bbox 1996 574 3562 658">
    <p class='ocr_par' dir='ltr' id='par_1_7' title="bbox 1996 585 3562 658">
     <span class='ocr_line' id='line_1_7' title="bbox 1996 585 3562 658; baseline 0.001 -17"><span class='ocrx_word' id='word_1_24' title='bbox 1996 587 2229 657; x_wconf 69' lang='grc' dir='ltr'>ιιιεειιειιι</span> <span class='ocrx_word' id='word_1_25' title='bbox 2272 587 2617 653; x_wconf 89' lang='lat' dir='ltr'><strong>oboriantur,</strong></span> <span class='ocrx_word' id='word_1_26' title='bbox 2666 587 2871 643; x_wconf 86' lang='lat' dir='ltr'><strong>vincite</strong></span> <span class='ocrx_word' id='word_1_27' title='bbox 2915 586 3330 658; x_wconf 89' lang='lat' dir='ltr'><strong>longanimitate</strong></span> <span class='ocrx_word' id='word_1_28' title='bbox 3361 585 3562 654; x_wconf 85' lang='lat' dir='ltr'><strong>hujus-</strong></span> 
     </span>
    </p>
   </div>
   <div class='ocr_carea' id='block_1_8' title="bbox 299 663 1878 747">
    <p class='ocr_par' dir='ltr' id='par_1_8' title="bbox 299 663 1878 747">
     <span class='ocr_line' id='line_1_8' title="bbox 299 663 1878 747; baseline 0.007 -29"><span class='ocrx_word' id='word_1_29' title='bbox 299 663 401 727; x_wconf 85' lang='grc' dir='ltr'><strong>τὰς</strong></span> <span class='ocrx_word' id='word_1_30' title='bbox 433 665 676 734; x_wconf 85' lang='grc' dir='ltr'>ταραχάς</span> <span class='ocrx_word' id='word_1_31' title='bbox 699 682 715 699; x_wconf 77' lang='grc'><em>’</em></span> <span class='ocrx_word' id='word_1_32' title='bbox 752 666 905 721; x_wconf 82' lang='grc' dir='ltr'>ἔσται</span> <span class='ocrx_word' id='word_1_33' title='bbox 934 670 1040 740; x_wconf 83' lang='grc' dir='ltr'>γὰρ</span> <span class='ocrx_word' id='word_1_34' title='bbox 1073 672 1173 725; x_wconf 88' lang='grc' dir='ltr'><strong>οὐκ</strong></span> <span class='ocrx_word' id='word_1_35' title='bbox 1216 673 1297 735; x_wconf 82' lang='grc' dir='ltr'><strong>είς</strong></span> <span class='ocrx_word' id='word_1_36' title='bbox 1336 671 1553 745; x_wconf 79' lang='grc' dir='ltr'>μακρὰν</span> <span class='ocrx_word' id='word_1_37' title='bbox 1584 674 1692 727; x_wconf 84' lang='grc' dir='ltr'><strong>τῶν</strong></span> <span class='ocrx_word' id='word_1_38' title='bbox 1718 675 1878 747; x_wconf 82' lang='grc' dir='ltr'>θορύ-</span> 
     </span>
    </p>
   </div>
   <div class='ocr_carea' id='block_1_9' title="bbox 1981 679 3562 750">
    <p class='ocr_par' dir='ltr' id='par_1_9' title="bbox 1981 679 3562 750">
     <span class='ocr_line' id='line_1_9' title="bbox 1981 679 3562 750; baseline 0 -15"><span class='ocrx_word' id='word_1_39' title='bbox 1981 679 2130 735; x_wconf 88' lang='lat' dir='ltr'><strong>modi</strong></span> <span class='ocrx_word' id='word_1_40' title='bbox 2165 683 2389 746; x_wconf 84' lang='lat' dir='ltr'><strong>turbas;</strong></span> <span class='ocrx_word' id='word_1_41' title='bbox 2420 680 2563 735; x_wconf 86' lang='lat' dir='ltr'><strong>haud</strong></span> <span class='ocrx_word' id='word_1_42' title='bbox 2600 681 2744 734; x_wconf 87' lang='lat' dir='ltr'><strong>enim</strong></span> <span class='ocrx_word' id='word_1_43' title='bbox 2788 680 2864 733; x_wconf 90' lang='lat' dir='ltr'><strong>ita</strong></span> <span class='ocrx_word' id='word_1_44' title='bbox 2905 682 3080 734; x_wconf 86' lang='lat' dir='ltr'><strong>multo</strong></span> <span class='ocrx_word' id='word_1_45' title='bbox 3120 688 3242 750; x_wconf 78' lang='lat' dir='ltr'><strong>post</strong></span> <span class='ocrx_word' id='word_1_46' title='bbox 3270 679 3562 749; x_wconf 86' lang='lat' dir='ltr'><strong>quiescent</strong></span> 
     </span>
    </p>
   </div>
   <div class='ocr_carea' id='block_1_10' title="bbox 302 755 1915 839">
    <p class='ocr_par' dir='ltr' id='par_1_10' title="bbox 302 755 1878 839">
     <span class='ocr_line' id='line_1_10' title="bbox 302 755 1878 839; baseline 0.008 -31"><span class='ocrx_word' id='word_1_47' title='bbox 302 755 412 810; x_wconf 82' lang='lat' dir='ltr'><strong>6wv</strong></span> <span class='ocrx_word' id='word_1_48' title='bbox 431 756 732 827; x_wconf 86' lang='grc' dir='ltr'><strong>διόρθωσις.</strong></span> <span class='ocrx_word' id='word_1_49' title='bbox 763 760 854 830; x_wconf 77' lang='grc' dir='ltr'><strong>Μὴ</strong></span> <span class='ocrx_word' id='word_1_50' title='bbox 884 763 1212 833; x_wconf 85' lang='grc' dir='ltr'>ταράττεσθε</span> <span class='ocrx_word' id='word_1_51' title='bbox 1236 765 1467 836; x_wconf 80' lang='grc' dir='ltr'><strong>φήμαις,</strong></span> <span class='ocrx_word' id='word_1_52' title='bbox 1491 765 1564 837; x_wconf 80' lang='grc' dir='ltr'>μὴ</span> <span class='ocrx_word' id='word_1_53' title='bbox 1588 767 1878 839; x_wconf 82' lang='grc' dir='ltr'><strong>φλυαρίαις</strong></span> 
     </span>
    </p>
   </div>
   <div class='ocr_carea' id='block_1_11' title="bbox 1996 755 3563 839">
    <p class='ocr_par' dir='ltr' id='par_1_11' title="bbox 1996 770 3563 834">
     <span class='ocr_line' id='line_1_11' title="bbox 1996 770 3563 834; baseline 0.002 -10"><span class='ocrx_word' id='word_1_54' title='bbox 1996 771 2252 828; x_wconf 85' lang='lat' dir='ltr'><strong>.umultus</strong></span> <span class='ocrx_word' id='word_1_55' title='bbox 2280 771 2354 825; x_wconf 88' lang='lat' dir='ltr'><strong>hi.</strong></span> <span class='ocrx_word' id='word_1_56' title='bbox 2389 770 2467 826; x_wconf 86' lang='lat' dir='ltr'><strong>Ne</strong></span> <span class='ocrx_word' id='word_1_57' title='bbox 2503 771 2821 827; x_wconf 87' lang='lat' dir='ltr'><strong>terreamini</strong></span> <span class='ocrx_word' id='word_1_58' title='bbox 2858 773 3199 834; x_wconf 89' lang='lat' dir='ltr'><strong>rumoribus,</strong></span> <span class='ocrx_word' id='word_1_59' title='bbox 3254 782 3361 827; x_wconf 86' lang='lat' dir='ltr'><strong>neu</strong></span> <span class='ocrx_word' id='word_1_60' title='bbox 3403 772 3563 827; x_wconf 82' lang='lat' dir='ltr'><strong>vanis</strong></span> 
     </span>
    </p>
   </div>
   <div class='ocr_carea' id='block_1_12' title="bbox 303 847 1879 928">
    <p class='ocr_par' dir='ltr' id='par_1_12' title="bbox 303 847 1879 928">
     <span class='ocr_line' id='line_1_12' title="bbox 303 847 1879 928; baseline 0.008 -29"><span class='ocrx_word' id='word_1_61' title='bbox 303 847 694 918; x_wconf 76' lang='grc' dir='ltr'>παρακινεῖσθε</span> <span class='ocrx_word' id='word_1_62' title='bbox 715 889 731 914; x_wconf 91' lang='grc'><strong>,</strong></span> <span class='ocrx_word' id='word_1_63' title='bbox 763 851 879 905; x_wconf 85' lang='grc' dir='ltr'>ἀλλ’</span> <span class='ocrx_word' id='word_1_64' title='bbox 910 853 1073 924; x_wconf 81' lang='grc' dir='ltr'>εὐχὰς</span> <span class='ocrx_word' id='word_1_65' title='bbox 1104 856 1235 926; x_wconf 77' lang='grc' dir='ltr'>ἡμῖν</span> <span class='ocrx_word' id='word_1_66' title='bbox 1270 856 1599 928; x_wconf 86' lang='grc' dir='ltr'>συνοπόρους</span> <span class='ocrx_word' id='word_1_67' title='bbox 1629 859 1705 928; x_wconf 73' lang='grc'>(2)</span> <span class='ocrx_word' id='word_1_68' title='bbox 1736 860 1879 928; x_wconf 71' lang='grc' dir='ltr'><strong>πέμο</strong></span> 
     </span>
    </p>
   </div>
   <div class='ocr_carea' id='block_1_13' title="bbox 301 934 1879 1018">
    <p class='ocr_par' dir='ltr' id='par_1_13' title="bbox 301 934 1879 1018">
     <span class='ocr_line' id='line_1_13' title="bbox 301 934 1879 1018; baseline 0.008 -29"><span class='ocrx_word' id='word_1_69' title='bbox 301 934 441 1004; x_wconf 74' lang='grc' dir='ltr'>ψατε</span> <span class='ocrx_word' id='word_1_70' title='bbox 465 977 480 1002; x_wconf 96' lang='grc'><strong>,</strong></span> <span class='ocrx_word' id='word_1_71' title='bbox 530 938 618 992; x_wconf 82' lang='grc' dir='ltr'>ἵνα</span> <span class='ocrx_word' id='word_1_72' title='bbox 646 942 768 1002; x_wconf 86' lang='grc' dir='ltr'>ταῖς</span> <span class='ocrx_word' id='word_1_73' title='bbox 798 940 984 1011; x_wconf 80' lang='grc' dir='ltr'><strong>εὐχαῖς</strong></span> <span class='ocrx_word' id='word_1_74' title='bbox 1026 943 1179 1014; x_wconf 84' lang='grc' dir='ltr'>ὑμῶν</span> <span class='ocrx_word' id='word_1_75' title='bbox 1209 944 1606 1016; x_wconf 85' lang='grc' dir='ltr'>δυναμώμενοι,</span> <span class='ocrx_word' id='word_1_76' title='bbox 1638 949 1879 1018; x_wconf 79' lang='grc' dir='ltr'>εἴπωμεν</span> 
     </span>
    </p>
   </div>
   <div class='ocr_carea' id='block_1_14' title="bbox 303 1029 1877 1110">
    <p class='ocr_par' dir='ltr' id='par_1_14' title="bbox 303 1029 1877 1110">
     <span class='ocr_line' id='line_1_14' title="bbox 303 1029 1877 1110; baseline 0.009 -30"><span class='ocrx_word' id='word_1_77' title='bbox 303 1029 363 1080; x_wconf 82' lang='grc' dir='ltr'>ὲν</span> <span class='ocrx_word' id='word_1_78' title='bbox 394 1029 554 1083; x_wconf 78' lang='grc' dir='ltr'>παντὶ</span> <span class='ocrx_word' id='word_1_79' title='bbox 579 1031 773 1102; x_wconf 81' lang='grc' dir='ltr'>καιρῷ,</span> <span class='ocrx_word' id='word_1_80' title='bbox 801 1032 953 1105; x_wconf 75' lang='grc' dir='ltr'>παρὰ</span> <span class='ocrx_word' id='word_1_81' title='bbox 983 1035 1084 1106; x_wconf 76' lang='grc' dir='ltr'>τῆς</span> <span class='ocrx_word' id='word_1_82' title='bbox 1107 1035 1256 1100; x_wconf 81' lang='grc' dir='ltr'>θείας</span> <span class='ocrx_word' id='word_1_83' title='bbox 1286 1036 1637 1109; x_wconf 89' lang='grc' dir='ltr'>βοηθούμενοι</span> <span class='ocrx_word' id='word_1_84' title='bbox 1664 1039 1845 1110; x_wconf 77' lang='grc' dir='ltr'><strong>ἰσχύος</strong></span> <span class='ocrx_word' id='word_1_85' title='bbox 1864 1057 1877 1070; x_wconf 88' lang='grc'>·</span> 
     </span>
    </p>
   </div>
   <div class='ocr_carea' id='block_1_15' title="bbox 301 1119 1878 1199">
    <p class='ocr_par' dir='ltr' id='par_1_15' title="bbox 301 1119 1878 1199">
     <span class='ocr_line' id='line_1_15' title="bbox 301 1119 1878 1199; baseline 0.007 -25"><span class='ocrx_word' id='word_1_86' title='bbox 301 1119 509 1174; x_wconf 83' lang='grc' dir='ltr'><strong>Πάντα</strong></span> <span class='ocrx_word' id='word_1_87' title='bbox 553 1124 744 1193; x_wconf 74' lang='grc' dir='ltr'>ἰσχύω</span> <span class='ocrx_word' id='word_1_88' title='bbox 768 1124 840 1179; x_wconf 80' lang='grc' dir='ltr'><strong>ἐν</strong></span> <span class='ocrx_word' id='word_1_89' title='bbox 884 1125 965 1191; x_wconf 81' lang='grc' dir='ltr'>τῷ</span> <span class='ocrx_word' id='word_1_90' title='bbox 1021 1127 1457 1197; x_wconf 76' lang='grc' dir='ltr'><strong>ἐνδυναμοῦντί</strong></span> <span class='ocrx_word' id='word_1_91' title='bbox 1482 1146 1560 1199; x_wconf 80' lang='grc' dir='ltr'><strong>με</strong></span> <span class='ocrx_word' id='word_1_92' title='bbox 1608 1131 1841 1198; x_wconf 82' lang='grc' dir='ltr'><strong>Χριστῷ</strong></span> <span class='ocrx_word' id='word_1_93' title='bbox 1864 1150 1878 1163; x_wconf 75' lang='grc' dir='ltr'><strong>ο</strong></span> 
     </span>
    </p>
   </div>
   <div class='ocr_carea' id='block_1_16' title="bbox 304 1211 1716 1293">
    <p class='ocr_par' dir='ltr' id='par_1_16' title="bbox 304 1211 1716 1293">
     <span class='ocr_line' id='line_1_16' title="bbox 304 1211 1716 1293; baseline 0.008 -28"><span class='ocrx_word' id='word_1_94' title='bbox 304 1211 385 1283; x_wconf 82' lang='grc' dir='ltr'>τῷ</span> <span class='ocrx_word' id='word_1_95' title='bbox 408 1214 441 1283; x_wconf 80' lang='grc' dir='ltr'>ἡ</span> <span class='ocrx_word' id='word_1_96' title='bbox 466 1214 594 1280; x_wconf 81' lang='grc' dir='ltr'><strong>δόξα</strong></span> <span class='ocrx_word' id='word_1_97' title='bbox 621 1217 703 1280; x_wconf 88' lang='grc' dir='ltr'><strong>είς</strong></span> <span class='ocrx_word' id='word_1_98' title='bbox 729 1218 855 1282; x_wconf 85' lang='grc' dir='ltr'><strong>τούς</strong></span> <span class='ocrx_word' id='word_1_99' title='bbox 877 1218 1079 1283; x_wconf 75' lang='grc' dir='ltr'>αἰῶνας</span> <span class='ocrx_word' id='word_1_100' title='bbox 1106 1220 1214 1274; x_wconf 83' lang='grc' dir='ltr'>τῶν</span> <span class='ocrx_word' id='word_1_101' title='bbox 1245 1220 1477 1276; x_wconf 80' lang='grc' dir='ltr'>αἰώνων.</span> <span class='ocrx_word' id='word_1_102' title='bbox 1520 1223 1716 1293; x_wconf 82' lang='grc' dir='ltr'>Ἀμήν.</span> 
     </span>
    </p>
   </div>
   <div class='ocr_carea' id='block_1_17' title="bbox 1980 862 3562 932">
    <p class='ocr_par' dir='ltr' id='par_1_17' title="bbox 1980 862 3562 932">
     <span class='ocr_line' id='line_1_17' title="bbox 1980 862 3562 932; baseline -0.001 -15"><span class='ocrx_word' id='word_1_103' title='bbox 1980 862 2441 917; x_wconf 81' lang='lat' dir='ltr'><strong>commoveamini</strong></span> <span class='ocrx_word' id='word_1_104' title='bbox 2465 862 2802 932; x_wconf 84' lang='lat' dir='ltr'><strong>garritibus;</strong></span> <span class='ocrx_word' id='word_1_105' title='bbox 2836 864 2931 919; x_wconf 93' lang='lat' dir='ltr'><strong>sed</strong></span> <span class='ocrx_word' id='word_1_106' title='bbox 2952 864 3297 919; x_wconf 84' lang='lat' dir='ltr'><strong>orationibus</strong></span> <span class='ocrx_word' id='word_1_107' title='bbox 3320 878 3422 919; x_wconf 92' lang='lat' dir='ltr'><strong>nos</strong></span> <span class='ocrx_word' id='word_1_108' title='bbox 3462 878 3562 932; x_wconf 89' lang='lat' dir='ltr'><strong>op-</strong></span> 
     </span>
    </p>
   </div>
   <div class='ocr_carea' id='block_1_18' title="bbox 1987 954 3562 1026">
    <p class='ocr_par' dir='ltr' id='par_1_18' title="bbox 1987 954 3562 1026">
     <span class='ocr_line' id='line_1_18' title="bbox 1987 954 3562 1026; baseline -0.001 -18"><span class='ocrx_word' id='word_1_109' title='bbox 1987 954 2257 1024; x_wconf 27' lang='lat' dir='ltr'><strong>portunis.</strong></span> <span class='ocrx_word' id='word_1_110' title='bbox 2289 954 2570 1021; x_wconf 87' lang='lat' dir='ltr'><strong>deducite,</strong></span> <span class='ocrx_word' id='word_1_111' title='bbox 2614 970 2724 1026; x_wconf 87' lang='lat' dir='ltr'><strong>quo</strong></span> <span class='ocrx_word' id='word_1_112' title='bbox 2764 956 3015 1026; x_wconf 87' lang='lat' dir='ltr'><strong>precibus</strong></span> <span class='ocrx_word' id='word_1_113' title='bbox 3053 956 3255 1012; x_wconf 87' lang='lat' dir='ltr'><strong>vestris</strong></span> <span class='ocrx_word' id='word_1_114' title='bbox 3294 955 3562 1018; x_wconf 84' lang='lat' dir='ltr'><strong>roborati,</strong></span> 
     </span>
    </p>
   </div>
   <div class='ocr_carea' id='block_1_19' title="bbox 1989 1043 3563 1117">
    <p class='ocr_par' dir='ltr' id='par_1_19' title="bbox 1989 1043 3563 1117">
     <span class='ocr_line' id='line_1_19' title="bbox 1989 1043 3563 1117; baseline -0.003 -18"><span class='ocrx_word' id='word_1_115' title='bbox 1989 1044 2238 1102; x_wconf 89' lang='lat' dir='ltr'><strong>dicamus</strong></span> <span class='ocrx_word' id='word_1_116' title='bbox 2265 1046 2414 1101; x_wconf 90' lang='lat' dir='ltr'><strong>omni</strong></span> <span class='ocrx_word' id='word_1_117' title='bbox 2448 1056 2690 1117; x_wconf 88' lang='lat' dir='ltr'><strong>tempore</strong></span> <span class='ocrx_word' id='word_1_118' title='bbox 2719 1045 2902 1101; x_wconf 83' lang='lat' dir='ltr'><strong>divina</strong></span> <span class='ocrx_word' id='word_1_119' title='bbox 2936 1046 3106 1116; x_wconf 91' lang='lat' dir='ltr'><strong>adjuti</strong></span> <span class='ocrx_word' id='word_1_120' title='bbox 3145 1047 3349 1100; x_wconf 90' lang='lat' dir='ltr'><strong>virtute</strong></span> <span class='ocrx_word' id='word_1_121' title='bbox 3386 1063 3399 1098; x_wconf 90' lang='lat'><strong>:</strong></span> <span class='ocrx_word' id='word_1_122' title='bbox 3431 1043 3563 1099; x_wconf 85' lang='lat' dir='ltr'><strong>0m-</strong></span> 
     </span>
    </p>
   </div>
   <div class='ocr_carea' id='block_1_20' title="bbox 1989 1133 3563 1209">
    <p class='ocr_par' dir='ltr' id='par_1_20' title="bbox 1989 1133 3563 1209">
     <span class='ocr_line' id='line_1_20' title="bbox 1989 1133 3563 1209; baseline -0.003 -19"><span class='ocrx_word' id='word_1_123' title='bbox 1989 1138 2081 1190; x_wconf 84' lang='lat' dir='ltr'><strong>m&#39;a</strong></span> <span class='ocrx_word' id='word_1_124' title='bbox 2112 1152 2329 1205; x_wconf 77' lang='lat' dir='ltr'><strong>possum</strong></span> <span class='ocrx_word' id='word_1_125' title='bbox 2368 1138 2425 1193; x_wconf 83' lang='lat' dir='ltr'><strong>in</strong></span> <span class='ocrx_word' id='word_1_126' title='bbox 2468 1154 2545 1201; x_wconf 85' lang='lat' dir='ltr'><strong>eo,</strong></span> <span class='ocrx_word' id='word_1_127' title='bbox 2571 1139 2662 1209; x_wconf 89' lang='lat' dir='ltr'><strong>qui</strong></span> <span class='ocrx_word' id='word_1_128' title='bbox 2694 1154 2775 1192; x_wconf 83' lang='lat' dir='ltr'><strong>me</strong></span> <span class='ocrx_word' id='word_1_129' title='bbox 2804 1137 3095 1207; x_wconf 78' lang='lat' dir='ltr'><strong>confortat,</strong></span> <span class='ocrx_word' id='word_1_130' title='bbox 3135 1135 3350 1191; x_wconf 76' lang='lat' dir='ltr'><strong>Christo</strong></span> <span class='ocrx_word' id='word_1_131' title='bbox 3377 1134 3393 1166; x_wconf 91' lang='grc'>¹</span> <span class='ocrx_word' id='word_1_132' title='bbox 3424 1152 3437 1189; x_wconf 91' lang='lat'><strong>:</strong></span> <span class='ocrx_word' id='word_1_133' title='bbox 3473 1133 3563 1188; x_wconf 88' lang='lat' dir='ltr'><strong>cui</strong></span> 
     </span>
    </p>
   </div>
   <div class='ocr_carea' id='block_1_21' title="bbox 1992 1228 3217 1299">
    <p class='ocr_par' dir='ltr' id='par_1_21' title="bbox 1992 1228 3217 1299">
     <span class='ocr_line' id='line_1_21' title="bbox 1992 1228 3217 1299; baseline 0.002 -16"><span class='ocrx_word' id='word_1_134' title='bbox 1992 1237 2077 1283; x_wconf 90' lang='lat' dir='ltr'><strong>est</strong></span> <span class='ocrx_word' id='word_1_135' title='bbox 2107 1229 2282 1299; x_wconf 81' lang='lat' dir='ltr'><strong>gloria</strong></span> <span class='ocrx_word' id='word_1_136' title='bbox 2314 1231 2366 1283; x_wconf 91' lang='lat' dir='ltr'><strong>in</strong></span> <span class='ocrx_word' id='word_1_137' title='bbox 2404 1229 2603 1285; x_wconf 67' lang='lat' dir='ltr'><strong>smcula</strong></span> <span class='ocrx_word' id='word_1_138' title='bbox 2636 1231 2988 1284; x_wconf 71' lang='lat' dir='ltr'><strong>saeculorum.</strong></span> <span class='ocrx_word' id='word_1_139' title='bbox 3021 1228 3217 1285; x_wconf 75' lang='lat' dir='ltr'><strong>Amen.</strong></span> 
     </span>
    </p>
   </div>
   <div class='ocr_carea' id='block_1_22' title="bbox 1354 1448 2519 1514">
    <p class='ocr_par' dir='ltr' id='par_1_22' title="bbox 1354 1448 2519 1514">
     <span class='ocr_line' id='line_1_22' title="bbox 1354 1448 2519 1514; baseline 0.007 -11"><span class='ocrx_word' id='word_1_140' title='bbox 1354 1448 1439 1504; x_wconf 80' lang='lat' dir='ltr'><strong>Ea:</strong></span> <span class='ocrx_word' id='word_1_141' title='bbox 1462 1467 1702 1509; x_wconf 73' lang='lat' dir='ltr'><strong>sermone</strong></span> <span class='ocrx_word' id='word_1_142' title='bbox 1732 1455 1787 1508; x_wconf 92' lang='lat' dir='ltr'><strong>in</strong></span> <span class='ocrx_word' id='word_1_143' title='bbox 1814 1454 2130 1513; x_wconf 86' lang='lat' dir='ltr'><strong>Orationem</strong></span> <span class='ocrx_word' id='word_1_144' title='bbox 2160 1457 2519 1514; x_wconf 89' lang='lat' dir='ltr'><strong>Dominicam.</strong></span> 
     </span>
    </p>
   </div>
   <div class='ocr_carea' id='block_1_23' title="bbox 984 1564 2900 1646">
    <p class='ocr_par' dir='ltr' id='par_1_23' title="bbox 984 1564 2900 1646">
     <span class='ocr_line' id='line_1_23' title="bbox 984 1564 2900 1646; baseline 0.006 -29"><span class='ocrx_word' id='word_1_145' title='bbox 984 1564 1132 1634; x_wconf 80' lang='lat' dir='ltr'><strong>Apud</strong></span> <span class='ocrx_word' id='word_1_146' title='bbox 1166 1565 1325 1621; x_wconf 76' lang='lat' dir='ltr'><strong>Mica.</strong></span> <span class='ocrx_word' id='word_1_147' title='bbox 1367 1565 1625 1630; x_wconf 71' lang='lat' dir='ltr'><strong>quumu.</strong></span> <span class='ocrx_word' id='word_1_148' title='bbox 1671 1568 1999 1626; x_wconf 88' lang='lat' dir='ltr'><strong>Dissertat.l</strong></span> <span class='ocrx_word' id='word_1_149' title='bbox 2035 1572 2315 1638; x_wconf 90' lang='lat' dir='ltr'><strong>Damasc.,</strong></span> <span class='ocrx_word' id='word_1_150' title='bbox 2345 1574 2565 1645; x_wconf 76' lang='lat' dir='ltr'><strong>§x1.vn,</strong></span> <span class='ocrx_word' id='word_1_151' title='bbox 2604 1589 2725 1646; x_wconf 86' lang='lat' dir='ltr'><strong>pag.</strong></span> <span class='ocrx_word' id='word_1_152' title='bbox 2766 1590 2900 1630; x_wconf 69' lang='grc' dir='ltr'>χιιι.</span> 
     </span>
    </p>
   </div>
   <div class='ocr_carea' id='block_1_24' title="bbox 376 1682 1885 1754">
    <p class='ocr_par' dir='ltr' id='par_1_24' title="bbox 376 1682 1885 1754">
     <span class='ocr_line' id='line_1_24' title="bbox 376 1682 1885 1754; baseline 0 -17"><span class='ocrx_word' id='word_1_153' title='bbox 376 1682 445 1737; x_wconf 85' lang='grc'><strong>⁸⁸0</strong></span> <span class='ocrx_word' id='word_1_154' title='bbox 479 1698 539 1735; x_wconf 86' lang='grc' dir='ltr'><strong>τε</strong></span> <span class='ocrx_word' id='word_1_155' title='bbox 568 1682 679 1754; x_wconf 81' lang='grc' dir='ltr'>γὰρ</span> <span class='ocrx_word' id='word_1_156' title='bbox 720 1682 847 1746; x_wconf 83' lang='grc' dir='ltr'><strong>Υἱὸς</strong></span> <span class='ocrx_word' id='word_1_157' title='bbox 890 1684 955 1736; x_wconf 80' lang='grc' dir='ltr'>ὲκ</span> <span class='ocrx_word' id='word_1_158' title='bbox 989 1682 1085 1736; x_wconf 89' lang='grc' dir='ltr'><strong>τοῦ</strong></span> <span class='ocrx_word' id='word_1_159' title='bbox 1139 1683 1353 1754; x_wconf 78' lang='grc' dir='ltr'>Πατρὸς</span> <span class='ocrx_word' id='word_1_160' title='bbox 1395 1684 1646 1754; x_wconf 79' lang='grc' dir='ltr'>ἐξῆλθεν,</span> <span class='ocrx_word' id='word_1_161' title='bbox 1700 1684 1885 1749; x_wconf 86' lang='grc' dir='ltr'>καθώς</span> 
     </span>
    </p>
   </div>
   <div class='ocr_carea' id='block_1_25' title="bbox 2061 1686 3563 1760">
    <p class='ocr_par' dir='ltr' id='par_1_25' title="bbox 2061 1686 3563 1760">
     <span class='ocr_line' id='line_1_25' title="bbox 2061 1686 3563 1760; baseline 0.004 -20"><span class='ocrx_word' id='word_1_162' title='bbox 2061 1686 2197 1742; x_wconf 86' lang='lat' dir='ltr'><strong>Nam</strong></span> <span class='ocrx_word' id='word_1_163' title='bbox 2228 1695 2284 1744; x_wconf 86' lang='lat' dir='ltr'><strong>et</strong></span> <span class='ocrx_word' id='word_1_164' title='bbox 2317 1687 2493 1744; x_wconf 88' lang='lat' dir='ltr'><strong>Filius</strong></span> <span class='ocrx_word' id='word_1_165' title='bbox 2538 1689 2706 1743; x_wconf 83' lang='lat' dir='ltr'><strong>exivit</strong></span> <span class='ocrx_word' id='word_1_166' title='bbox 2745 1704 2775 1743; x_wconf 91' lang='lat' dir='ltr'><strong>a</strong></span> <span class='ocrx_word' id='word_1_167' title='bbox 2824 1688 3007 1753; x_wconf 85' lang='lat' dir='ltr'><strong>Patre,</strong></span> <span class='ocrx_word' id='word_1_168' title='bbox 3050 1696 3109 1743; x_wconf 93' lang='lat' dir='ltr'><strong>ut</strong></span> <span class='ocrx_word' id='word_1_169' title='bbox 3141 1689 3218 1742; x_wconf 87' lang='lat' dir='ltr'><strong>ait</strong></span> <span class='ocrx_word' id='word_1_170' title='bbox 3252 1689 3563 1760; x_wconf 88' lang='lat' dir='ltr'><strong>Scriptura,</strong></span> 
     </span>
    </p>
   </div>
   <div class='ocr_carea' id='block_1_26' title="bbox 241 1773 1915 1850">
    <p class='ocr_par' dir='ltr' id='par_1_26' title="bbox 241 1773 1884 1847">
     <span class='ocr_line' id='line_1_26' title="bbox 241 1773 1884 1847; baseline 0.007 -30"><span class='ocrx_word' id='word_1_171' title='bbox 241 1813 245 1817; x_wconf 80' lang='lat'><strong>.</strong></span> <span class='ocrx_word' id='word_1_172' title='bbox 307 1791 471 1844; x_wconf 81' lang='grc' dir='ltr'>φησιν</span> <span class='ocrx_word' id='word_1_173' title='bbox 520 1775 554 1844; x_wconf 78' lang='grc' dir='ltr'>ἡ</span> <span class='ocrx_word' id='word_1_174' title='bbox 598 1773 824 1843; x_wconf 82' lang='grc' dir='ltr'>Γραφὴ,</span> <span class='ocrx_word' id='word_1_175' title='bbox 871 1773 966 1825; x_wconf 83' lang='grc' dir='ltr'>καὶ</span> <span class='ocrx_word' id='word_1_176' title='bbox 997 1773 1060 1826; x_wconf 82' lang='grc' dir='ltr'><strong>τὸ</strong></span> <span class='ocrx_word' id='word_1_177' title='bbox 1106 1773 1336 1847; x_wconf 78' lang='grc' dir='ltr'><strong>Πνεῦμα</strong></span> <span class='ocrx_word' id='word_1_178' title='bbox 1378 1775 1443 1826; x_wconf 83' lang='grc' dir='ltr'>ὲκ</span> <span class='ocrx_word' id='word_1_179' title='bbox 1484 1774 1579 1828; x_wconf 85' lang='grc' dir='ltr'><strong>τοῦ</strong></span> <span class='ocrx_word' id='word_1_180' title='bbox 1609 1774 1744 1829; x_wconf 87' lang='grc' dir='ltr'><strong>Θεοῦ</strong></span> <span class='ocrx_word' id='word_1_181' title='bbox 1790 1776 1884 1829; x_wconf 75' lang='grc' dir='ltr'>καὶ</span> 
     </span>
    </p>
   </div>
   <div class='ocr_carea' id='block_1_27' title="bbox 1996 1773 3567 1850">
    <p class='ocr_par' dir='ltr' id='par_1_27' title="bbox 1996 1777 3567 1850">
     <span class='ocr_line' id='line_1_27' title="bbox 1996 1777 3567 1850; baseline 0.001 -14"><span class='ocrx_word' id='word_1_182' title='bbox 1996 1787 2045 1836; x_wconf 86' lang='grc' dir='ltr'><strong>ει</strong></span> <span class='ocrx_word' id='word_1_183' title='bbox 2076 1779 2317 1849; x_wconf 82' lang='lat' dir='ltr'><strong>Spiritus</strong></span> <span class='ocrx_word' id='word_1_184' title='bbox 2348 1794 2416 1834; x_wconf 80' lang='lat' dir='ltr'><strong>ex</strong></span> <span class='ocrx_word' id='word_1_185' title='bbox 2452 1778 2564 1834; x_wconf 84' lang='lat' dir='ltr'><strong>Deo</strong></span> <span class='ocrx_word' id='word_1_186' title='bbox 2592 1786 2647 1835; x_wconf 92' lang='lat' dir='ltr'><strong>et</strong></span> <span class='ocrx_word' id='word_1_187' title='bbox 2672 1779 2836 1834; x_wconf 86' lang='lat' dir='ltr'><strong>Patre</strong></span> <span class='ocrx_word' id='word_1_188' title='bbox 2861 1778 3131 1849; x_wconf 81' lang='lat' dir='ltr'><strong>procedit.</strong></span> <span class='ocrx_word' id='word_1_189' title='bbox 3159 1777 3265 1834; x_wconf 89' lang='lat' dir='ltr'><strong>Sed</strong></span> <span class='ocrx_word' id='word_1_190' title='bbox 3300 1781 3567 1850; x_wconf 83' lang='lat' dir='ltr'><strong>quemad-</strong></span> 
     </span>
    </p>
   </div>
   <div class='ocr_carea' id='block_1_28' title="bbox 307 1853 1915 1954">
    <p class='ocr_par' dir='ltr' id='par_1_28' title="bbox 307 1864 1887 1939">
     <span class='ocr_line' id='line_1_28' title="bbox 307 1864 1887 1939; baseline 0.002 -21"><span class='ocrx_word' id='word_1_191' title='bbox 307 1865 459 1937; x_wconf 80' lang='grc' dir='ltr'>παρὰ</span> <span class='ocrx_word' id='word_1_192' title='bbox 487 1866 698 1936; x_wconf 85' lang='grc' dir='ltr'>Πατρὸς</span> <span class='ocrx_word' id='word_1_193' title='bbox 729 1864 1105 1936; x_wconf 81' lang='grc' dir='ltr'>ἐκπορεύεται.</span> <span class='ocrx_word' id='word_1_194' title='bbox 1172 1866 1309 1919; x_wconf 82' lang='grc' dir='ltr'>Ἀλλ’</span> <span class='ocrx_word' id='word_1_195' title='bbox 1343 1868 1534 1939; x_wconf 83' lang='grc' dir='ltr'>ὥσπερ</span> <span class='ocrx_word' id='word_1_196' title='bbox 1556 1868 1617 1920; x_wconf 84' lang='grc' dir='ltr'><strong>τὸ</strong></span> <span class='ocrx_word' id='word_1_197' title='bbox 1643 1868 1772 1922; x_wconf 81' lang='grc' dir='ltr'>ἄνευ</span> <span class='ocrx_word' id='word_1_198' title='bbox 1803 1870 1887 1922; x_wconf 88' lang='grc' dir='ltr'>αί-</span> 
     </span>
    </p>
   </div>
   <div class='ocr_carea' id='block_1_29' title="bbox 1996 1853 3565 1954">
    <p class='ocr_par' dir='ltr' id='par_1_29' title="bbox 1996 1869 3565 1949">
     <span class='ocr_line' id='line_1_29' title="bbox 1996 1869 3565 1949; baseline 0.001 -24"><span class='ocrx_word' id='word_1_199' title='bbox 1996 1870 2210 1926; x_wconf 90' lang='lat' dir='ltr'><strong>modum</strong></span> <span class='ocrx_word' id='word_1_200' title='bbox 2253 1871 2375 1927; x_wconf 91' lang='lat' dir='ltr'><strong>sine</strong></span> <span class='ocrx_word' id='word_1_201' title='bbox 2412 1871 2686 1949; x_wconf 82' lang='lat' dir='ltr'><strong>principio</strong></span> <span class='ocrx_word' id='word_1_202' title='bbox 2718 1884 2864 1933; x_wconf 87' lang='lat' dir='ltr'><strong>esse,</strong></span> <span class='ocrx_word' id='word_1_203' title='bbox 2902 1884 3028 1924; x_wconf 91' lang='lat' dir='ltr'><strong>cum</strong></span> <span class='ocrx_word' id='word_1_204' title='bbox 3056 1869 3128 1924; x_wconf 90' lang='lat' dir='ltr'><strong>sit</strong></span> <span class='ocrx_word' id='word_1_205' title='bbox 3153 1870 3334 1926; x_wconf 85' lang='lat' dir='ltr'><strong>Patris</strong></span> <span class='ocrx_word' id='word_1_206' title='bbox 3366 1872 3565 1940; x_wconf 89' lang='lat' dir='ltr'><strong>solius,</strong></span> 
     </span>
    </p>
   </div>
   <div class='ocr_carea' id='block_1_30' title="bbox 305 1953 1886 2031">
    <p class='ocr_par' dir='ltr' id='par_1_30' title="bbox 305 1953 1886 2031">
     <span class='ocr_line' id='line_1_30' title="bbox 305 1953 1886 2031; baseline 0.002 -22"><span class='ocrx_word' id='word_1_207' title='bbox 305 1957 426 2021; x_wconf 83' lang='grc' dir='ltr'>τίας</span> <span class='ocrx_word' id='word_1_208' title='bbox 471 1953 637 2022; x_wconf 81' lang='grc' dir='ltr'>εἶναι,</span> <span class='ocrx_word' id='word_1_209' title='bbox 676 1958 841 2028; x_wconf 86' lang='grc' dir='ltr'>μόνου</span> <span class='ocrx_word' id='word_1_210' title='bbox 893 1956 987 2010; x_wconf 79' lang='grc' dir='ltr'><strong>τοῦ</strong></span> <span class='ocrx_word' id='word_1_211' title='bbox 1021 1958 1234 2028; x_wconf 83' lang='grc' dir='ltr'>Πατρὸς</span> <span class='ocrx_word' id='word_1_212' title='bbox 1281 1958 1361 2024; x_wconf 82' lang='grc' dir='ltr'>ὃν,</span> <span class='ocrx_word' id='word_1_213' title='bbox 1415 1959 1495 2030; x_wconf 79' lang='grc' dir='ltr'>τῷ</span> <span class='ocrx_word' id='word_1_214' title='bbox 1534 1960 1647 2030; x_wconf 79' lang='grc' dir='ltr'>Υίῷ</span> <span class='ocrx_word' id='word_1_215' title='bbox 1694 1959 1886 2031; x_wconf 78' lang='grc' dir='ltr'>καὶτῷ</span> 
     </span>
    </p>
   </div>
   <div class='ocr_carea' id='block_1_31' title="bbox 306 2047 1888 2123">
    <p class='ocr_par' dir='ltr' id='par_1_31' title="bbox 306 2047 1888 2123">
     <span class='ocr_line' id='line_1_31' title="bbox 306 2047 1888 2123; baseline 0.004 -23"><span class='ocrx_word' id='word_1_216' title='bbox 306 2047 585 2117; x_wconf 87' lang='grc' dir='ltr'>Πνεύματι</span> <span class='ocrx_word' id='word_1_217' title='bbox 617 2047 1019 2119; x_wconf 77' lang='grc' dir='ltr'>ὲναρμοσθῆναι</span> <span class='ocrx_word' id='word_1_218' title='bbox 1044 2051 1102 2101; x_wconf 91' lang='grc' dir='ltr'><strong>οὐ</strong></span> <span class='ocrx_word' id='word_1_219' title='bbox 1136 2049 1384 2117; x_wconf 88' lang='grc' dir='ltr'>δύναται,</span> <span class='ocrx_word' id='word_1_220' title='bbox 1403 2050 1545 2103; x_wconf 79' lang='grc' dir='ltr'>οὕτω</span> <span class='ocrx_word' id='word_1_221' title='bbox 1566 2052 1627 2104; x_wconf 82' lang='grc' dir='ltr'><strong>τὸ</strong></span> <span class='ocrx_word' id='word_1_222' title='bbox 1650 2052 1888 2123; x_wconf 80' lang='grc' dir='ltr'>ἔμπαλιν</span> 
     </span>
    </p>
   </div>
   <div class='ocr_carea' id='block_1_32' title="bbox 306 2140 1885 2214">
    <p class='ocr_par' dir='ltr' id='par_1_32' title="bbox 306 2140 1885 2214">
     <span class='ocr_line' id='line_1_32' title="bbox 306 2140 1885 2214; baseline 0.003 -18"><span class='ocrx_word' id='word_1_223' title='bbox 306 2142 368 2196; x_wconf 79' lang='grc' dir='ltr'><strong>τὸ</strong></span> <span class='ocrx_word' id='word_1_224' title='bbox 397 2143 457 2208; x_wconf 76' lang='grc' dir='ltr'>ἐξ</span> <span class='ocrx_word' id='word_1_225' title='bbox 482 2144 661 2208; x_wconf 81' lang='grc' dir='ltr'>αἰτίας</span> <span class='ocrx_word' id='word_1_226' title='bbox 693 2140 834 2197; x_wconf 78' lang='grc' dir='ltr'>εἶναι</span> <span class='ocrx_word' id='word_1_227' title='bbox 854 2184 867 2208; x_wconf 92' lang='grc'><strong>,</strong></span> <span class='ocrx_word' id='word_1_228' title='bbox 923 2144 1059 2214; x_wconf 81' lang='grc' dir='ltr'>ὅπερ</span> <span class='ocrx_word' id='word_1_229' title='bbox 1084 2142 1215 2198; x_wconf 77' lang='grc' dir='ltr'>ἴδιόν</span> <span class='ocrx_word' id='word_1_230' title='bbox 1245 2145 1365 2198; x_wconf 78' lang='grc' dir='ltr'>ἐστι</span> <span class='ocrx_word' id='word_1_231' title='bbox 1388 2144 1485 2199; x_wconf 88' lang='grc' dir='ltr'><strong>τοῦ</strong></span> <span class='ocrx_word' id='word_1_232' title='bbox 1511 2146 1638 2200; x_wconf 83' lang='grc' dir='ltr'>Υίοῦ</span> <span class='ocrx_word' id='word_1_233' title='bbox 1668 2147 1761 2200; x_wconf 82' lang='grc' dir='ltr'>καὶ</span> <span class='ocrx_word' id='word_1_234' title='bbox 1792 2146 1885 2200; x_wconf 87' lang='grc' dir='ltr'><strong>τοῦ</strong></span> 
     </span>
    </p>
   </div>
   <div class='ocr_carea' id='block_1_33' title="bbox 306 2232 1887 2307">
    <p class='ocr_par' dir='ltr' id='par_1_33' title="bbox 306 2232 1887 2307">
     <span class='ocr_line' id='line_1_33' title="bbox 306 2232 1887 2307; baseline 0.006 -22"><span class='ocrx_word' id='word_1_235' title='bbox 306 2232 448 2286; x_wconf 80' lang='grc' dir='ltr'>Πνεύ</span> <span class='ocrx_word' id='word_1_236' title='bbox 457 2250 646 2303; x_wconf 88' lang='grc' dir='ltr'>ματος,</span> <span class='ocrx_word' id='word_1_237' title='bbox 677 2232 753 2304; x_wconf 80' lang='grc' dir='ltr'>τῷ</span> <span class='ocrx_word' id='word_1_238' title='bbox 774 2234 946 2304; x_wconf 80' lang='grc' dir='ltr'>Πατρὶ</span> <span class='ocrx_word' id='word_1_239' title='bbox 968 2233 1407 2306; x_wconf 85' lang='grc' dir='ltr'>ὲπιθεωρηθῆναι</span> <span class='ocrx_word' id='word_1_240' title='bbox 1436 2235 1598 2305; x_wconf 82' lang='grc' dir='ltr'>φύσιν</span> <span class='ocrx_word' id='word_1_241' title='bbox 1623 2237 1724 2289; x_wconf 84' lang='grc' dir='ltr'><strong>οὐκ</strong></span> <span class='ocrx_word' id='word_1_242' title='bbox 1751 2235 1887 2307; x_wconf 72' lang='grc' dir='ltr'>ἔχει.</span> 
     </span>
    </p>
   </div>
   <div class='ocr_carea' id='block_1_34' title="bbox 305 2322 1884 2398">
    <p class='ocr_par' dir='ltr' id='par_1_34' title="bbox 305 2322 1884 2398">
     <span class='ocr_line' id='line_1_34' title="bbox 305 2322 1884 2398; baseline 0.003 -22"><span class='ocrx_word' id='word_1_243' title='bbox 305 2323 505 2378; x_wconf 77' lang='grc' dir='ltr'>Κοινοῦ</span> <span class='ocrx_word' id='word_1_244' title='bbox 557 2325 612 2377; x_wconf 84' lang='grc' dir='ltr'><strong>δὲ</strong></span> <span class='ocrx_word' id='word_1_245' title='bbox 661 2323 812 2388; x_wconf 76' lang='grc' dir='ltr'>ὄντος</span> <span class='ocrx_word' id='word_1_246' title='bbox 842 2322 921 2395; x_wconf 86' lang='grc' dir='ltr'>τῷ</span> <span class='ocrx_word' id='word_1_247' title='bbox 948 2323 1065 2396; x_wconf 81' lang='grc' dir='ltr'><strong>Υίῷ</strong></span> <span class='ocrx_word' id='word_1_248' title='bbox 1106 2326 1200 2378; x_wconf 80' lang='grc' dir='ltr'>καὶ</span> <span class='ocrx_word' id='word_1_249' title='bbox 1240 2324 1318 2397; x_wconf 83' lang='grc' dir='ltr'>τῷ</span> <span class='ocrx_word' id='word_1_250' title='bbox 1349 2325 1628 2396; x_wconf 87' lang='grc' dir='ltr'>Πνεύματι</span> <span class='ocrx_word' id='word_1_251' title='bbox 1665 2326 1758 2380; x_wconf 87' lang='grc' dir='ltr'><strong>τοῦ</strong></span> <span class='ocrx_word' id='word_1_252' title='bbox 1807 2326 1884 2398; x_wconf 79' lang='grc' dir='ltr'>μὴ</span> 
     </span>
    </p>
   </div>
   <div class='ocr_carea' id='block_1_35' title="bbox 305 2412 1890 2490">
    <p class='ocr_par' dir='ltr' id='par_1_35' title="bbox 305 2412 1890 2490">
     <span class='ocr_line' id='line_1_35' title="bbox 305 2412 1890 2490; baseline 0.002 -21"><span class='ocrx_word' id='word_1_253' title='bbox 305 2415 622 2487; x_wconf 83' lang='grc' dir='ltr'>ἀγεννήτως</span> <span class='ocrx_word' id='word_1_254' title='bbox 665 2412 838 2481; x_wconf 69' lang='grc' dir='ltr'>εἶναι,</span> <span class='ocrx_word' id='word_1_255' title='bbox 869 2415 945 2480; x_wconf 86' lang='grc' dir='ltr'>ὡς</span> <span class='ocrx_word' id='word_1_256' title='bbox 996 2415 1062 2470; x_wconf 77' lang='grc' dir='ltr'>ἂν</span> <span class='ocrx_word' id='word_1_257' title='bbox 1106 2417 1178 2488; x_wconf 86' lang='grc' dir='ltr'>μή</span> <span class='ocrx_word' id='word_1_258' title='bbox 1227 2434 1310 2480; x_wconf 84' lang='grc' dir='ltr'><strong>τις</strong></span> <span class='ocrx_word' id='word_1_259' title='bbox 1354 2417 1615 2488; x_wconf 85' lang='grc' dir='ltr'>σύγχυσις</span> <span class='ocrx_word' id='word_1_260' title='bbox 1656 2417 1782 2490; x_wconf 76' lang='grc' dir='ltr'>περὶ</span> <span class='ocrx_word' id='word_1_261' title='bbox 1828 2420 1890 2473; x_wconf 84' lang='grc' dir='ltr'>τὺ</span> 
     </span>
    </p>
   </div>
   <div class='ocr_carea' id='block_1_36' title="bbox 307 2507 1890 2581">
    <p class='ocr_par' dir='ltr' id='par_1_36' title="bbox 307 2507 1890 2581">
     <span class='ocr_line' id='line_1_36' title="bbox 307 2507 1890 2581; baseline -0.001 -19"><span class='ocrx_word' id='word_1_262' title='bbox 307 2508 667 2578; x_wconf 82' lang='grc' dir='ltr'>ὑποκείμενον</span> <span class='ocrx_word' id='word_1_263' title='bbox 714 2507 1050 2579; x_wconf 79' lang='grc' dir='ltr'><strong>θεωρηθείη,</strong></span> <span class='ocrx_word' id='word_1_264' title='bbox 1087 2510 1247 2562; x_wconf 74' lang='grc' dir='ltr'>πάλιν</span> <span class='ocrx_word' id='word_1_265' title='bbox 1304 2507 1452 2562; x_wconf 75' lang='grc' dir='ltr'>ἔστιν</span> <span class='ocrx_word' id='word_1_266' title='bbox 1512 2510 1744 2578; x_wconf 81' lang='grc' dir='ltr'><strong>ἄμικτον</strong></span> <span class='ocrx_word' id='word_1_267' title='bbox 1793 2509 1890 2581; x_wconf 84' lang='grc' dir='ltr'>τὴν</span> 
     </span>
    </p>
   </div>
   <div class='ocr_carea' id='block_1_37' title="bbox 309 2598 1891 2674">
    <p class='ocr_par' dir='ltr' id='par_1_37' title="bbox 309 2598 1891 2674">
     <span class='ocr_line' id='line_1_37' title="bbox 309 2598 1891 2674; baseline 0.003 -23"><span class='ocrx_word' id='word_1_268' title='bbox 309 2601 366 2652; x_wconf 79' lang='grc' dir='ltr'>ὲν</span> <span class='ocrx_word' id='word_1_269' title='bbox 405 2603 518 2663; x_wconf 88' lang='grc' dir='ltr'>τοῖς</span> <span class='ocrx_word' id='word_1_270' title='bbox 563 2598 846 2670; x_wconf 84' lang='grc' dir='ltr'>ίδιώμασιν</span> <span class='ocrx_word' id='word_1_271' title='bbox 881 2601 1057 2655; x_wconf 79' lang='grc' dir='ltr'>αὐτῶν</span> <span class='ocrx_word' id='word_1_272' title='bbox 1099 2601 1359 2671; x_wconf 71' lang='grc' dir='ltr'>διαφορὰν</span> <span class='ocrx_word' id='word_1_273' title='bbox 1397 2601 1673 2674; x_wconf 80' lang='grc' dir='ltr'>ἐξευρεῖν,</span> <span class='ocrx_word' id='word_1_274' title='bbox 1715 2602 1790 2665; x_wconf 83' lang='grc' dir='ltr'>ὼς</span> <span class='ocrx_word' id='word_1_275' title='bbox 1824 2601 1891 2656; x_wconf 84' lang='grc' dir='ltr'><strong>ἂν</strong></span> 
     </span>
    </p>
   </div>
   <div class='ocr_carea' id='block_1_38' title="bbox 308 2681 1886 2763">
    <p class='ocr_par' dir='ltr' id='par_1_38' title="bbox 308 2681 1886 2763">
     <span class='ocr_line' id='line_1_38' title="bbox 308 2681 1886 2763; baseline 0.001 -20"><span class='ocrx_word' id='word_1_276' title='bbox 308 2688 405 2743; x_wconf 70' lang='grc' dir='ltr'><strong>καὶ</strong></span> <span class='ocrx_word' id='word_1_277' title='bbox 436 2688 499 2743; x_wconf 81' lang='grc' dir='ltr'><strong>τὸ</strong></span> <span class='ocrx_word' id='word_1_278' title='bbox 524 2690 700 2745; x_wconf 82' lang='grc' dir='ltr'>κοινὸν</span> <span class='ocrx_word' id='word_1_279' title='bbox 725 2691 1044 2762; x_wconf 80' lang='grc' dir='ltr'>φυλαχθείη,</span> <span class='ocrx_word' id='word_1_280' title='bbox 1081 2681 1174 2746; x_wconf 64' lang='grc' dir='ltr'>καὶ</span> <span class='ocrx_word' id='word_1_281' title='bbox 1202 2692 1263 2745; x_wconf 81' lang='grc' dir='ltr'><strong>τὸ</strong></span> <span class='ocrx_word' id='word_1_282' title='bbox 1297 2692 1428 2745; x_wconf 79' lang='grc' dir='ltr'>ἴδιον</span> <span class='ocrx_word' id='word_1_283' title='bbox 1463 2691 1539 2763; x_wconf 82' lang='grc' dir='ltr'>μὴ</span> <span class='ocrx_word' id='word_1_284' title='bbox 1572 2692 1886 2763; x_wconf 85' lang='grc' dir='ltr'>συγχυθείη.</span> 
     </span>
    </p>
   </div>
   <div class='ocr_carea' id='block_1_39' title="bbox 321 2781 1892 2858">
    <p class='ocr_par' dir='ltr' id='par_1_39' title="bbox 321 2781 1892 2858">
     <span class='ocr_line' id='line_1_39' title="bbox 321 2781 1892 2858; baseline 0.002 -24"><span class='ocrx_word' id='word_1_285' title='bbox 321 2781 379 2834; x_wconf 79' lang='grc'><strong>’0</strong></span> <span class='ocrx_word' id='word_1_286' title='bbox 398 2782 507 2852; x_wconf 85' lang='grc' dir='ltr'>γὰρ</span> <span class='ocrx_word' id='word_1_287' title='bbox 537 2781 830 2853; x_wconf 86' lang='grc' dir='ltr'>μονογενὴς</span> <span class='ocrx_word' id='word_1_288' title='bbox 847 2783 973 2846; x_wconf 77' lang='grc' dir='ltr'><strong>Υἱὸς</strong></span> <span class='ocrx_word' id='word_1_289' title='bbox 1005 2785 1070 2837; x_wconf 84' lang='grc' dir='ltr'>ὲκ</span> <span class='ocrx_word' id='word_1_290' title='bbox 1089 2783 1183 2838; x_wconf 87' lang='grc' dir='ltr'><strong>τοῦ</strong></span> <span class='ocrx_word' id='word_1_291' title='bbox 1205 2784 1413 2856; x_wconf 81' lang='grc' dir='ltr'>Πατρὸς</span> <span class='ocrx_word' id='word_1_292' title='bbox 1436 2785 1587 2858; x_wconf 77' lang='grc' dir='ltr'>παρὰ</span> <span class='ocrx_word' id='word_1_293' title='bbox 1608 2784 1708 2855; x_wconf 85' lang='grc' dir='ltr'>τῆς</span> <span class='ocrx_word' id='word_1_294' title='bbox 1729 2784 1892 2853; x_wconf 81' lang='grc' dir='ltr'><strong>ἁγίας</strong></span> 
     </span>
    </p>
   </div>
   <div class='ocr_carea' id='block_1_40' title="bbox 308 2873 1894 2948">
    <p class='ocr_par' dir='ltr' id='par_1_40' title="bbox 308 2873 1894 2948">
     <span class='ocr_line' id='line_1_40' title="bbox 308 2873 1894 2948; baseline 0.003 -22"><span class='ocrx_word' id='word_1_295' title='bbox 308 2873 530 2944; x_wconf 85' lang='grc' dir='ltr'>Γραφῆς</span> <span class='ocrx_word' id='word_1_296' title='bbox 563 2875 909 2946; x_wconf 77' lang='grc' dir='ltr'>ὀνομάζεται,</span> <span class='ocrx_word' id='word_1_297' title='bbox 964 2877 1060 2929; x_wconf 76' lang='grc' dir='ltr'><strong>καὶ</strong></span> <span class='ocrx_word' id='word_1_298' title='bbox 1092 2876 1254 2948; x_wconf 79' lang='grc' dir='ltr'>μέχρι</span> <span class='ocrx_word' id='word_1_299' title='bbox 1278 2878 1469 2931; x_wconf 76' lang='grc' dir='ltr'>τούτου</span> <span class='ocrx_word' id='word_1_300' title='bbox 1495 2876 1523 2928; x_wconf 88' lang='grc' dir='ltr'>ὁ</span> <span class='ocrx_word' id='word_1_301' title='bbox 1551 2876 1709 2945; x_wconf 82' lang='grc' dir='ltr'>λόγος</span> <span class='ocrx_word' id='word_1_302' title='bbox 1740 2876 1894 2948; x_wconf 75' lang='grc' dir='ltr'>ἵστη-</span> 
     </span>
    </p>
   </div>
   <div class='ocr_carea' id='block_1_41' title="bbox 313 2965 1886 3040">
    <p class='ocr_par' dir='ltr' id='par_1_41' title="bbox 313 2965 1886 3040">
     <span class='ocr_line' id='line_1_41' title="bbox 313 2965 1886 3040; baseline 0.001 -21"><span class='ocrx_word' id='word_1_303' title='bbox 313 2983 397 3019; x_wconf 91' lang='grc' dir='ltr'><strong>σιν</strong></span> <span class='ocrx_word' id='word_1_304' title='bbox 425 2965 573 3036; x_wconf 80' lang='grc' dir='ltr'>αὐτῷ</span> <span class='ocrx_word' id='word_1_305' title='bbox 602 2966 663 3019; x_wconf 86' lang='grc' dir='ltr'>τὸ</span> <span class='ocrx_word' id='word_1_306' title='bbox 698 2967 910 3039; x_wconf 83' lang='grc' dir='ltr'>ἰδίωμα.</span> <span class='ocrx_word' id='word_1_307' title='bbox 943 2968 1016 3022; x_wconf 84' lang='grc' dir='ltr'>Τὸ</span> <span class='ocrx_word' id='word_1_308' title='bbox 1035 2969 1091 3022; x_wconf 84' lang='grc' dir='ltr'><strong>δὲ</strong></span> <span class='ocrx_word' id='word_1_309' title='bbox 1123 2969 1277 3038; x_wconf 81' lang='grc' dir='ltr'>ἅγιον</span> <span class='ocrx_word' id='word_1_310' title='bbox 1308 2968 1531 3040; x_wconf 82' lang='grc' dir='ltr'>Πνεῦμα</span> <span class='ocrx_word' id='word_1_311' title='bbox 1572 2970 1666 3023; x_wconf 73' lang='grc' dir='ltr'><strong>καὶ</strong></span> <span class='ocrx_word' id='word_1_312' title='bbox 1696 2970 1761 3023; x_wconf 83' lang='grc' dir='ltr'>ὲκ</span> <span class='ocrx_word' id='word_1_313' title='bbox 1792 2967 1886 3022; x_wconf 86' lang='grc' dir='ltr'><strong>τοῦ</strong></span> 
     </span>
    </p>
   </div>
   <div class='ocr_carea' id='block_1_42' title="bbox 311 3058 1892 3136">
    <p class='ocr_par' dir='ltr' id='par_1_42' title="bbox 311 3058 1892 3136">
     <span class='ocr_line' id='line_1_42' title="bbox 311 3058 1892 3136; baseline 0.003 -26"><span class='ocrx_word' id='word_1_314' title='bbox 311 3058 522 3130; x_wconf 85' lang='grc' dir='ltr'>Πατρὸς</span> <span class='ocrx_word' id='word_1_315' title='bbox 562 3059 812 3128; x_wconf 83' lang='grc' dir='ltr'>λέγεται,</span> <span class='ocrx_word' id='word_1_316' title='bbox 852 3061 950 3114; x_wconf 78' lang='grc' dir='ltr'><strong>καὶ</strong></span> <span class='ocrx_word' id='word_1_317' title='bbox 983 3060 1053 3115; x_wconf 77' lang='grc' dir='ltr'>ἐκ</span> <span class='ocrx_word' id='word_1_318' title='bbox 1096 3060 1203 3115; x_wconf 77' lang='grc' dir='ltr'><strong>τοῦ</strong></span> <span class='ocrx_word' id='word_1_319' title='bbox 1236 3061 1373 3115; x_wconf 83' lang='grc' dir='ltr'>Υἱοῦ</span> <span class='ocrx_word' id='word_1_320' title='bbox 1401 3059 1554 3116; x_wconf 77' lang='grc' dir='ltr'>εἶναι</span> <span class='ocrx_word' id='word_1_321' title='bbox 1602 3078 1892 3136; x_wconf 88' lang='grc' dir='ltr'>προσμαρ-</span> 
     </span>
    </p>
   </div>
   <div class='ocr_carea' id='block_1_43' title="bbox 309 3150 1889 3223">
    <p class='ocr_par' dir='ltr' id='par_1_43' title="bbox 309 3150 1889 3223">
     <span class='ocr_line' id='line_1_43' title="bbox 309 3150 1889 3223; baseline 0.004 -21"><span class='ocrx_word' id='word_1_322' title='bbox 309 3153 573 3221; x_wconf 84' lang='grc' dir='ltr'>τυρεῖται.</span> <span class='ocrx_word' id='word_1_323' title='bbox 618 3154 687 3204; x_wconf 84' lang='lat' dir='ltr'><em>El</em></span> <span class='ocrx_word' id='word_1_324' title='bbox 738 3152 845 3222; x_wconf 81' lang='grc' dir='ltr'>γάρ</span> <span class='ocrx_word' id='word_1_325' title='bbox 894 3169 986 3218; x_wconf 82' lang='grc' dir='ltr'><strong>τις</strong></span> <span class='ocrx_word' id='word_1_326' title='bbox 1017 3153 1263 3222; x_wconf 84' lang='grc' dir='ltr'><strong>Πνεῦμα</strong></span> <span class='ocrx_word' id='word_1_327' title='bbox 1292 3150 1552 3222; x_wconf 83' lang='grc' dir='ltr'>Χριστοῦ</span> <span class='ocrx_word' id='word_1_328' title='bbox 1595 3156 1707 3209; x_wconf 80' lang='grc' dir='ltr'><strong>οὐκ</strong></span> <span class='ocrx_word' id='word_1_329' title='bbox 1743 3155 1889 3223; x_wconf 75' lang='grc' dir='ltr'>ἔχει,</span> 
     </span>
    </p>
   </div>
   <div class='ocr_carea' id='block_1_44' title="bbox 313 3237 1892 3316">
    <p class='ocr_par' dir='ltr' id='par_1_44' title="bbox 313 3237 1892 3316">
     <span class='ocr_line' id='line_1_44' title="bbox 313 3237 1892 3316; baseline 0.003 -21"><span class='ocrx_word' id='word_1_330' title='bbox 313 3241 512 3312; x_wconf 72' lang='grc' dir='ltr'>φησιν,</span> <span class='ocrx_word' id='word_1_331' title='bbox 558 3237 735 3309; x_wconf 85' lang='grc' dir='ltr'>οὗτος</span> <span class='ocrx_word' id='word_1_332' title='bbox 786 3245 897 3297; x_wconf 79' lang='grc' dir='ltr'><strong>οὐκ</strong></span> <span class='ocrx_word' id='word_1_333' title='bbox 944 3243 1116 3299; x_wconf 78' lang='grc' dir='ltr'>ἔστιν</span> <span class='ocrx_word' id='word_1_334' title='bbox 1161 3245 1370 3301; x_wconf 75' lang='grc' dir='ltr'>αὐτοῦ.</span> <span class='ocrx_word' id='word_1_335' title='bbox 1434 3243 1644 3300; x_wconf 85' lang='grc' dir='ltr'>Οὐκοῦν</span> <span class='ocrx_word' id='word_1_336' title='bbox 1684 3245 1746 3299; x_wconf 81' lang='grc' dir='ltr'>τὸ</span> <span class='ocrx_word' id='word_1_337' title='bbox 1793 3246 1892 3316; x_wconf 79' lang='grc' dir='ltr'><strong>μὲν</strong></span> 
     </span>
    </p>
   </div>
   <div class='ocr_carea' id='block_1_45' title="bbox 312 3334 1897 3408">
    <p class='ocr_par' dir='ltr' id='par_1_45' title="bbox 312 3334 1897 3408">
     <span class='ocr_line' id='line_1_45' title="bbox 312 3334 1897 3408; baseline 0.001 -19"><span class='ocrx_word' id='word_1_338' title='bbox 312 3334 542 3403; x_wconf 81' lang='grc' dir='ltr'>Πνεῦμα</span> <span class='ocrx_word' id='word_1_339' title='bbox 588 3337 653 3388; x_wconf 84' lang='grc' dir='ltr'>ὲκ</span> <span class='ocrx_word' id='word_1_340' title='bbox 699 3335 792 3390; x_wconf 87' lang='grc' dir='ltr'><strong>τοῦ</strong></span> <span class='ocrx_word' id='word_1_341' title='bbox 835 3336 992 3404; x_wconf 85' lang='grc' dir='ltr'>Θεοῦ,</span> <span class='ocrx_word' id='word_1_342' title='bbox 1041 3338 1135 3392; x_wconf 79' lang='grc' dir='ltr'>καὶ</span> <span class='ocrx_word' id='word_1_343' title='bbox 1194 3338 1330 3391; x_wconf 87' lang='grc' dir='ltr'>Θεοῦ</span> <span class='ocrx_word' id='word_1_344' title='bbox 1364 3338 1589 3408; x_wconf 83' lang='grc' dir='ltr'>Πνεῦμά</span> <span class='ocrx_word' id='word_1_345' title='bbox 1611 3339 1776 3392; x_wconf 78' lang='grc' dir='ltr'>ἐστιν.</span> <span class='ocrx_word' id='word_1_346' title='bbox 1837 3338 1897 3391; x_wconf 82' lang='grc'><strong>’0</strong></span> 
     </span>
    </p>
   </div>
   <div class='ocr_carea' id='block_1_46' title="bbox 312 3423 1894 3498">
    <p class='ocr_par' dir='ltr' id='par_1_46' title="bbox 312 3423 1894 3498">
     <span class='ocr_line' id='line_1_46' title="bbox 312 3423 1894 3498; baseline 0.001 -21"><span class='ocrx_word' id='word_1_347' title='bbox 312 3423 371 3477; x_wconf 83' lang='grc' dir='ltr'><strong>δὲ</strong></span> <span class='ocrx_word' id='word_1_348' title='bbox 399 3423 528 3487; x_wconf 86' lang='grc' dir='ltr'>Υίὸς</span> <span class='ocrx_word' id='word_1_349' title='bbox 573 3425 637 3477; x_wconf 81' lang='grc' dir='ltr'>ἐκ</span> <span class='ocrx_word' id='word_1_350' title='bbox 671 3424 805 3479; x_wconf 80' lang='grc' dir='ltr'>Θεοῦ</span> <span class='ocrx_word' id='word_1_351' title='bbox 857 3424 964 3490; x_wconf 83' lang='grc' dir='ltr'><strong>ὢν,</strong></span> <span class='ocrx_word' id='word_1_352' title='bbox 1013 3426 1197 3481; x_wconf 77' lang='grc' dir='ltr'>οὐκέτι</span> <span class='ocrx_word' id='word_1_353' title='bbox 1248 3428 1343 3481; x_wconf 78' lang='grc' dir='ltr'>καὶ</span> <span class='ocrx_word' id='word_1_354' title='bbox 1376 3427 1723 3498; x_wconf 86' lang='grc' dir='ltr'>Πνεύματος,</span> <span class='ocrx_word' id='word_1_355' title='bbox 1769 3425 1894 3480; x_wconf 75' lang='grc' dir='ltr'>οὔτε</span> 
     </span>
    </p>
   </div>
   <div class='ocr_carea' id='block_1_47' title="bbox 311 3515 1892 3592">
    <p class='ocr_par' dir='ltr' id='par_1_47' title="bbox 311 3515 1892 3592">
     <span class='ocr_line' id='line_1_47' title="bbox 311 3515 1892 3592; baseline 0.003 -24"><span class='ocrx_word' id='word_1_356' title='bbox 311 3516 478 3579; x_wconf 75' lang='grc' dir='ltr'>ἐστὶν,</span> <span class='ocrx_word' id='word_1_357' title='bbox 507 3515 630 3570; x_wconf 81' lang='grc' dir='ltr'>οὔτε</span> <span class='ocrx_word' id='word_1_358' title='bbox 661 3517 898 3586; x_wconf 83' lang='grc' dir='ltr'>λέγεται·</span> <span class='ocrx_word' id='word_1_359' title='bbox 925 3519 1044 3573; x_wconf 82' lang='grc' dir='ltr'>οὐδὲ</span> <span class='ocrx_word' id='word_1_360' title='bbox 1079 3519 1407 3592; x_wconf 79' lang='grc' dir='ltr'>ἀναστρέφει</span> <span class='ocrx_word' id='word_1_361' title='bbox 1438 3522 1471 3591; x_wconf 86' lang='grc' dir='ltr'>ἡ</span> <span class='ocrx_word' id='word_1_362' title='bbox 1506 3518 1728 3590; x_wconf 82' lang='grc' dir='ltr'>σχετικὴ</span> <span class='ocrx_word' id='word_1_363' title='bbox 1761 3519 1892 3573; x_wconf 82' lang='grc' dir='ltr'>ἀκο-</span> 
     </span>
    </p>
   </div>
   <div class='ocr_carea' id='block_1_48' title="bbox 312 3606 686 3682">
    <p class='ocr_par' dir='ltr' id='par_1_48' title="bbox 312 3606 686 3682">
     <span class='ocr_line' id='line_1_48' title="bbox 312 3606 686 3682; baseline 0.013 -22"><span class='ocrx_word' id='word_1_364' title='bbox 312 3606 498 3663; x_wconf 89' lang='grc' dir='ltr'>λουθία</span> <span class='ocrx_word' id='word_1_365' title='bbox 526 3608 686 3682; x_wconf 79' lang='grc' dir='ltr'>αὕτη.</span> 
     </span>
    </p>
   </div>
   <div class='ocr_carea' id='block_1_49' title="bbox 1988 1958 3567 2032">
    <p class='ocr_par' dir='ltr' id='par_1_49' title="bbox 1988 1958 3567 2032">
     <span class='ocr_line' id='line_1_49' title="bbox 1988 1958 3567 2032; baseline 0.001 -17"><span class='ocrx_word' id='word_1_366' title='bbox 1988 1961 2130 2016; x_wconf 86' lang='lat' dir='ltr'><strong>Filio</strong></span> <span class='ocrx_word' id='word_1_367' title='bbox 2152 1968 2206 2016; x_wconf 88' lang='lat' dir='ltr'><strong>et</strong></span> <span class='ocrx_word' id='word_1_368' title='bbox 2232 1960 2466 2032; x_wconf 88' lang='lat' dir='ltr'><strong>Spiritui</strong></span> <span class='ocrx_word' id='word_1_369' title='bbox 2506 1968 2699 2015; x_wconf 88' lang='lat' dir='ltr'><strong>sancto</strong></span> <span class='ocrx_word' id='word_1_370' title='bbox 2733 1958 3029 2013; x_wconf 87' lang='lat' dir='ltr'><strong>convenire</strong></span> <span class='ocrx_word' id='word_1_371' title='bbox 3067 1974 3178 2013; x_wconf 88' lang='lat' dir='ltr'><strong>non</strong></span> <span class='ocrx_word' id='word_1_372' title='bbox 3221 1968 3436 2030; x_wconf 88' lang='lat' dir='ltr'><strong>potest:</strong></span> <span class='ocrx_word' id='word_1_373' title='bbox 3484 1962 3567 2017; x_wconf 81' lang='lat' dir='ltr'><strong>sic</strong></span> 
     </span>
    </p>
   </div>
   <div class='ocr_carea' id='block_1_50' title="bbox 1987 2051 3566 2124">
    <p class='ocr_par' dir='ltr' id='par_1_50' title="bbox 1987 2051 3566 2124">
     <span class='ocr_line' id='line_1_50' title="bbox 1987 2051 3566 2124; baseline -0.002 -15"><span class='ocrx_word' id='word_1_374' title='bbox 1987 2061 2181 2109; x_wconf 90' lang='lat' dir='ltr'><strong>contra</strong></span> <span class='ocrx_word' id='word_1_375' title='bbox 2216 2068 2248 2107; x_wconf 89' lang='lat' dir='ltr'><strong>a</strong></span> <span class='ocrx_word' id='word_1_376' title='bbox 2280 2052 2554 2124; x_wconf 92' lang='lat' dir='ltr'><strong>principio</strong></span> <span class='ocrx_word' id='word_1_377' title='bbox 2580 2066 2728 2117; x_wconf 90' lang='lat' dir='ltr'><strong>esse,</strong></span> <span class='ocrx_word' id='word_1_378' title='bbox 2762 2051 2906 2122; x_wconf 91' lang='lat' dir='ltr'><strong>quod</strong></span> <span class='ocrx_word' id='word_1_379' title='bbox 2939 2058 3025 2106; x_wconf 90' lang='lat' dir='ltr'><strong>est</strong></span> <span class='ocrx_word' id='word_1_380' title='bbox 3052 2053 3335 2123; x_wconf 85' lang='lat' dir='ltr'><strong>preprium</strong></span> <span class='ocrx_word' id='word_1_381' title='bbox 3367 2051 3490 2107; x_wconf 88' lang='lat' dir='ltr'><strong>Filii</strong></span> <span class='ocrx_word' id='word_1_382' title='bbox 3513 2060 3566 2108; x_wconf 89' lang='lat' dir='ltr'><strong>et</strong></span> 
     </span>
    </p>
   </div>
   <div class='ocr_carea' id='block_1_51' title="bbox 1991 2143 3564 2215">
    <p class='ocr_par' dir='ltr' id='par_1_51' title="bbox 1991 2143 3564 2215">
     <span class='ocr_line' id='line_1_51' title="bbox 1991 2143 3564 2215; baseline -0.001 -16"><span class='ocrx_word' id='word_1_383' title='bbox 1991 2143 2252 2215; x_wconf 87' lang='lat' dir='ltr'><strong>Spiritus,</strong></span> <span class='ocrx_word' id='word_1_384' title='bbox 2285 2145 2341 2199; x_wconf 92' lang='lat' dir='ltr'><strong>in</strong></span> <span class='ocrx_word' id='word_1_385' title='bbox 2378 2143 2544 2199; x_wconf 87' lang='lat' dir='ltr'><strong>Patre</strong></span> <span class='ocrx_word' id='word_1_386' title='bbox 2576 2143 2913 2198; x_wconf 87' lang='lat' dir='ltr'><strong>considerari</strong></span> <span class='ocrx_word' id='word_1_387' title='bbox 2951 2151 3148 2197; x_wconf 87' lang='lat' dir='ltr'><strong>natura</strong></span> <span class='ocrx_word' id='word_1_388' title='bbox 3193 2160 3301 2198; x_wconf 89' lang='lat' dir='ltr'><strong>non</strong></span> <span class='ocrx_word' id='word_1_389' title='bbox 3336 2144 3564 2213; x_wconf 86' lang='lat' dir='ltr'><strong>patitur.</strong></span> 
     </span>
    </p>
   </div>
   <div class='ocr_carea' id='block_1_52' title="bbox 1987 2233 3567 2306">
    <p class='ocr_par' dir='ltr' id='par_1_52' title="bbox 1987 2233 3567 2306">
     <span class='ocr_line' id='line_1_52' title="bbox 1987 2233 3567 2306; baseline -0.003 -14"><span class='ocrx_word' id='word_1_390' title='bbox 1987 2236 2109 2292; x_wconf 82' lang='lat' dir='ltr'><strong>Jam</strong></span> <span class='ocrx_word' id='word_1_391' title='bbox 2139 2252 2265 2291; x_wconf 91' lang='lat' dir='ltr'><strong>cum</strong></span> <span class='ocrx_word' id='word_1_392' title='bbox 2309 2234 2449 2290; x_wconf 87' lang='lat' dir='ltr'><strong>Filio</strong></span> <span class='ocrx_word' id='word_1_393' title='bbox 2478 2242 2532 2291; x_wconf 89' lang='lat' dir='ltr'><strong>et</strong></span> <span class='ocrx_word' id='word_1_394' title='bbox 2564 2233 2795 2306; x_wconf 85' lang='lat' dir='ltr'><strong>Spiritui</strong></span> <span class='ocrx_word' id='word_1_395' title='bbox 2826 2243 3022 2289; x_wconf 86' lang='lat' dir='ltr'><strong>sancto</strong></span> <span class='ocrx_word' id='word_1_396' title='bbox 3048 2249 3340 2290; x_wconf 89' lang='lat' dir='ltr'><strong>commune</strong></span> <span class='ocrx_word' id='word_1_397' title='bbox 3373 2237 3463 2297; x_wconf 90' lang='lat' dir='ltr'><strong>sit,</strong></span> <span class='ocrx_word' id='word_1_398' title='bbox 3507 2244 3567 2290; x_wconf 92' lang='lat' dir='ltr'><strong>ut</strong></span> 
     </span>
    </p>
   </div>
   <div class='ocr_carea' id='block_1_53' title="bbox 1988 2326 3569 2400">
    <p class='ocr_par' dir='ltr' id='par_1_53' title="bbox 1988 2326 3569 2400">
     <span class='ocr_line' id='line_1_53' title="bbox 1988 2326 3569 2400; baseline -0.004 -15"><span class='ocrx_word' id='word_1_399' title='bbox 1988 2344 2101 2385; x_wconf 89' lang='lat' dir='ltr'><strong>non</strong></span> <span class='ocrx_word' id='word_1_400' title='bbox 2138 2328 2381 2400; x_wconf 78' lang='lat' dir='ltr'><strong>ingenito</strong></span> <span class='ocrx_word' id='word_1_401' title='bbox 2425 2327 2590 2383; x_wconf 89' lang='lat' dir='ltr'><strong>modo</strong></span> <span class='ocrx_word' id='word_1_402' title='bbox 2614 2326 2912 2391; x_wconf 84' lang='lat' dir='ltr'><strong>exsistant,</strong></span> <span class='ocrx_word' id='word_1_403' title='bbox 2958 2341 3028 2381; x_wconf 88' lang='lat' dir='ltr'><strong>ne</strong></span> <span class='ocrx_word' id='word_1_404' title='bbox 3061 2341 3167 2397; x_wconf 84' lang='lat' dir='ltr'><strong>qua</strong></span> <span class='ocrx_word' id='word_1_405' title='bbox 3220 2327 3274 2379; x_wconf 90' lang='lat' dir='ltr'><strong>in</strong></span> <span class='ocrx_word' id='word_1_406' title='bbox 3318 2327 3569 2397; x_wconf 84' lang='lat' dir='ltr'><strong>subjecto</strong></span> 
     </span>
    </p>
   </div>
   <div class='ocr_carea' id='block_1_54' title="bbox 1989 2418 3569 2490">
    <p class='ocr_par' dir='ltr' id='par_1_54' title="bbox 1989 2418 3569 2490">
     <span class='ocr_line' id='line_1_54' title="bbox 1989 2418 3569 2490; baseline -0.003 -12"><span class='ocrx_word' id='word_1_407' title='bbox 1989 2421 2247 2478; x_wconf 77' lang='lat' dir='ltr'><strong>confusio</strong></span> <span class='ocrx_word' id='word_1_408' title='bbox 2288 2427 2606 2490; x_wconf 87' lang='lat' dir='ltr'><strong>spectetur:</strong></span> <span class='ocrx_word' id='word_1_409' title='bbox 2654 2435 2848 2474; x_wconf 87' lang='lat' dir='ltr'><strong>rursus</strong></span> <span class='ocrx_word' id='word_1_410' title='bbox 2888 2418 3463 2473; x_wconf 86' lang='lat' dir='ltr'><strong>incommunicahilem</strong></span> <span class='ocrx_word' id='word_1_411' title='bbox 3513 2419 3569 2473; x_wconf 86' lang='lat' dir='ltr'><strong>in</strong></span> 
     </span>
    </p>
   </div>
   <div class='ocr_carea' id='block_1_55' title="bbox 1990 2509 3568 2582">
    <p class='ocr_par' dir='ltr' id='par_1_55' title="bbox 1990 2509 3568 2582">
     <span class='ocr_line' id='line_1_55' title="bbox 1990 2509 3568 2582; baseline -0.004 -14"><span class='ocrx_word' id='word_1_412' title='bbox 1990 2528 2178 2568; x_wconf 86' lang='lat' dir='ltr'><strong>eorum</strong></span> <span class='ocrx_word' id='word_1_413' title='bbox 2213 2511 2648 2582; x_wconf 88' lang='lat' dir='ltr'><strong>proprietatibus</strong></span> <span class='ocrx_word' id='word_1_414' title='bbox 2683 2510 3047 2565; x_wconf 81' lang='lat' dir='ltr'><strong>diﬂerentiam</strong></span> <span class='ocrx_word' id='word_1_415' title='bbox 3085 2509 3331 2563; x_wconf 88' lang='lat' dir='ltr'><strong>invenire</strong></span> <span class='ocrx_word' id='word_1_416' title='bbox 3364 2523 3568 2578; x_wconf 88' lang='lat' dir='ltr'><strong>possu-</strong></span> 
     </span>
    </p>
   </div>
   <div class='ocr_carea' id='block_1_56' title="bbox 1991 2601 3569 2671">
    <p class='ocr_par' dir='ltr' id='par_1_56' title="bbox 1991 2601 3569 2671">
     <span class='ocr_line' id='line_1_56' title="bbox 1991 2601 3569 2671; baseline -0.003 -12"><span class='ocrx_word' id='word_1_417' title='bbox 1991 2620 2114 2659; x_wconf 88' lang='lat' dir='ltr'><strong>mus</strong></span> <span class='ocrx_word' id='word_1_418' title='bbox 2137 2643 2154 2667; x_wconf 92' lang='lat'><strong>,</strong></span> <span class='ocrx_word' id='word_1_419' title='bbox 2198 2611 2256 2657; x_wconf 91' lang='lat' dir='ltr'><strong>ut</strong></span> <span class='ocrx_word' id='word_1_420' title='bbox 2305 2613 2358 2658; x_wconf 89' lang='lat' dir='ltr'><strong>et</strong></span> <span class='ocrx_word' id='word_1_421' title='bbox 2394 2602 2537 2671; x_wconf 89' lang='lat' dir='ltr'><strong>quod</strong></span> <span class='ocrx_word' id='word_1_422' title='bbox 2569 2617 2864 2657; x_wconf 85' lang='lat' dir='ltr'><strong>commune</strong></span> <span class='ocrx_word' id='word_1_423' title='bbox 2893 2611 2976 2657; x_wconf 89' lang='lat' dir='ltr'><strong>est</strong></span> <span class='ocrx_word' id='word_1_424' title='bbox 3022 2610 3296 2667; x_wconf 84' lang='lat' dir='ltr'><strong>servetur,</strong></span> <span class='ocrx_word' id='word_1_425' title='bbox 3330 2609 3386 2655; x_wconf 90' lang='lat' dir='ltr'><strong>et</strong></span> <span class='ocrx_word' id='word_1_426' title='bbox 3422 2601 3569 2670; x_wconf 88' lang='lat' dir='ltr'><strong>quod</strong></span> 
     </span>
    </p>
   </div>
   <div class='ocr_carea' id='block_1_57' title="bbox 1992 2693 3571 2766">
    <p class='ocr_par' dir='ltr' id='par_1_57' title="bbox 1992 2693 3571 2766">
     <span class='ocr_line' id='line_1_57' title="bbox 1992 2693 3571 2766; baseline 0 -17"><span class='ocrx_word' id='word_1_427' title='bbox 1992 2695 2276 2766; x_wconf 89' lang='lat' dir='ltr'><strong>proprium</strong></span> <span class='ocrx_word' id='word_1_428' title='bbox 2305 2703 2389 2750; x_wconf 88' lang='lat' dir='ltr'><strong>est</strong></span> <span class='ocrx_word' id='word_1_429' title='bbox 2419 2710 2528 2749; x_wconf 91' lang='lat' dir='ltr'><strong>non</strong></span> <span class='ocrx_word' id='word_1_430' title='bbox 2570 2694 2965 2750; x_wconf 79' lang='lat' dir='ltr'><strong>confundatur.</strong></span> <span class='ocrx_word' id='word_1_431' title='bbox 3007 2693 3223 2748; x_wconf 85' lang='lat' dir='ltr'><strong>Etenim</strong></span> <span class='ocrx_word' id='word_1_432' title='bbox 3254 2694 3571 2764; x_wconf 81' lang='lat' dir='ltr'><strong>unigenitus</strong></span> 
     </span>
    </p>
   </div>
   <div class='ocr_carea' id='block_1_58' title="bbox 1993 2785 3571 2857">
    <p class='ocr_par' dir='ltr' id='par_1_58' title="bbox 1993 2785 3571 2857">
     <span class='ocr_line' id='line_1_58' title="bbox 1993 2785 3571 2857; baseline -0.001 -16"><span class='ocrx_word' id='word_1_433' title='bbox 1993 2787 2166 2842; x_wconf 85' lang='lat' dir='ltr'><strong>Filius</strong></span> <span class='ocrx_word' id='word_1_434' title='bbox 2185 2802 2251 2841; x_wconf 78' lang='lat' dir='ltr'><strong>ex</strong></span> <span class='ocrx_word' id='word_1_435' title='bbox 2276 2785 2438 2841; x_wconf 87' lang='lat' dir='ltr'><strong>Patre</strong></span> <span class='ocrx_word' id='word_1_436' title='bbox 2465 2787 2521 2841; x_wconf 89' lang='lat' dir='ltr'><strong>in</strong></span> <span class='ocrx_word' id='word_1_437' title='bbox 2544 2785 2829 2857; x_wconf 87' lang='lat' dir='ltr'><strong>Scriptura</strong></span> <span class='ocrx_word' id='word_1_438' title='bbox 2863 2800 3020 2841; x_wconf 87' lang='lat' dir='ltr'><strong>sacra</strong></span> <span class='ocrx_word' id='word_1_439' title='bbox 3046 2785 3272 2848; x_wconf 89' lang='lat' dir='ltr'><strong>dicitur,</strong></span> <span class='ocrx_word' id='word_1_440' title='bbox 3302 2796 3356 2839; x_wconf 91' lang='lat' dir='ltr'><strong>et</strong></span> <span class='ocrx_word' id='word_1_441' title='bbox 3385 2785 3571 2839; x_wconf 85' lang='lat' dir='ltr'><strong>hacte-</strong></span> 
     </span>
    </p>
   </div>
   <div class='ocr_carea' id='block_1_59' title="bbox 1993 2876 3574 2950">
    <p class='ocr_par' dir='ltr' id='par_1_59' title="bbox 1993 2876 3574 2950">
     <span class='ocr_line' id='line_1_59' title="bbox 1993 2876 3574 2950; baseline -0.003 -17"><span class='ocrx_word' id='word_1_442' title='bbox 1993 2893 2099 2934; x_wconf 89' lang='lat' dir='ltr'><strong>nus</strong></span> <span class='ocrx_word' id='word_1_443' title='bbox 2134 2879 2258 2949; x_wconf 87' lang='lat' dir='ltr'><strong>ejus</strong></span> <span class='ocrx_word' id='word_1_444' title='bbox 2296 2879 2689 2950; x_wconf 84' lang='lat' dir='ltr'><strong>proprietatem</strong></span> <span class='ocrx_word' id='word_1_445' title='bbox 2734 2878 2882 2933; x_wconf 90' lang='lat' dir='ltr'><strong>illius</strong></span> <span class='ocrx_word' id='word_1_446' title='bbox 2928 2877 3181 2934; x_wconf 88' lang='lat' dir='ltr'><strong>doctrina</strong></span> <span class='ocrx_word' id='word_1_447' title='bbox 3236 2876 3450 2932; x_wconf 89' lang='lat' dir='ltr'><strong>detinit.</strong></span> <span class='ocrx_word' id='word_1_448' title='bbox 3503 2876 3574 2930; x_wconf 84' lang='lat' dir='ltr'><strong>At</strong></span> 
     </span>
    </p>
   </div>
   <div class='ocr_carea' id='block_1_60' title="bbox 1995 2966 3572 3042">
    <p class='ocr_par' dir='ltr' id='par_1_60' title="bbox 1995 2966 3572 3042">
     <span class='ocr_line' id='line_1_60' title="bbox 1995 2966 3572 3042; baseline -0.004 -16"><span class='ocrx_word' id='word_1_449' title='bbox 1995 2970 2235 3042; x_wconf 88' lang='lat' dir='ltr'><strong>Spiritus</strong></span> <span class='ocrx_word' id='word_1_450' title='bbox 2282 2980 2508 3026; x_wconf 87' lang='lat' dir='ltr'><strong>sanctus</strong></span> <span class='ocrx_word' id='word_1_451' title='bbox 2558 2981 2610 3025; x_wconf 89' lang='lat' dir='ltr'><strong>et</strong></span> <span class='ocrx_word' id='word_1_452' title='bbox 2654 2986 2720 3024; x_wconf 83' lang='lat' dir='ltr'><strong>ex</strong></span> <span class='ocrx_word' id='word_1_453' title='bbox 2764 2968 2929 3025; x_wconf 88' lang='lat' dir='ltr'><strong>Patre</strong></span> <span class='ocrx_word' id='word_1_454' title='bbox 2973 2969 3195 3035; x_wconf 85' lang='lat' dir='ltr'><strong>dicitur,</strong></span> <span class='ocrx_word' id='word_1_455' title='bbox 3239 2977 3290 3023; x_wconf 77' lang='lat' dir='ltr'><strong>et</strong></span> <span class='ocrx_word' id='word_1_456' title='bbox 3326 2984 3395 3039; x_wconf 67' lang='lat' dir='ltr'><strong>ea:</strong></span> <span class='ocrx_word' id='word_1_457' title='bbox 3430 2966 3572 3021; x_wconf 78' lang='lat' dir='ltr'><strong>Filio</strong></span> 
     </span>
    </p>
   </div>
   <div class='ocr_carea' id='block_1_61' title="bbox 1991 3056 3574 3134">
    <p class='ocr_par' dir='ltr' id='par_1_61' title="bbox 1991 3056 3574 3134">
     <span class='ocr_line' id='line_1_61' title="bbox 1991 3056 3574 3134; baseline -0.006 -14"><span class='ocrx_word' id='word_1_458' title='bbox 1991 3081 2107 3120; x_wconf 70' lang='lat' dir='ltr'><strong>esse</strong></span> <span class='ocrx_word' id='word_1_459' title='bbox 2136 3062 2477 3134; x_wconf 88' lang='lat' dir='ltr'><strong>perhibetur.</strong></span> <span class='ocrx_word' id='word_1_460' title='bbox 2525 3060 2586 3117; x_wconf 90' lang='lat' dir='ltr'><strong>Si</strong></span> <span class='ocrx_word' id='word_1_461' title='bbox 2626 3062 2743 3132; x_wconf 73' lang='lat' dir='ltr'><strong>quis</strong></span> <span class='ocrx_word' id='word_1_462' title='bbox 2789 3060 2958 3126; x_wconf 89' lang='lat' dir='ltr'><strong>enim,</strong></span> <span class='ocrx_word' id='word_1_463' title='bbox 2989 3060 3089 3125; x_wconf 87' lang='lat' dir='ltr'><strong>ait,</strong></span> <span class='ocrx_word' id='word_1_464' title='bbox 3122 3058 3382 3128; x_wconf 74' lang='lat' dir='ltr'><strong>Spiritum</strong></span> <span class='ocrx_word' id='word_1_465' title='bbox 3418 3056 3574 3114; x_wconf 83' lang='lat' dir='ltr'><strong>Chri-</strong></span> 
     </span>
    </p>
   </div>
   <div class='ocr_carea' id='block_1_62' title="bbox 1993 3149 3574 3223">
    <p class='ocr_par' dir='ltr' id='par_1_62' title="bbox 1993 3149 3574 3223">
     <span class='ocr_line' id='line_1_62' title="bbox 1993 3149 3574 3223; baseline -0.004 -12"><span class='ocrx_word' id='word_1_466' title='bbox 1993 3156 2064 3211; x_wconf 73' lang='lat' dir='ltr'><strong>sti</strong></span> <span class='ocrx_word' id='word_1_467' title='bbox 2090 3171 2194 3211; x_wconf 81' lang='lat' dir='ltr'><strong>non</strong></span> <span class='ocrx_word' id='word_1_468' title='bbox 2238 3155 2411 3218; x_wconf 78' lang='lat' dir='ltr'><strong>habet,</strong></span> <span class='ocrx_word' id='word_1_469' title='bbox 2446 3153 2530 3208; x_wconf 82' lang='lat' dir='ltr'><strong>hic</strong></span> <span class='ocrx_word' id='word_1_470' title='bbox 2584 3170 2687 3208; x_wconf 84' lang='lat' dir='ltr'><strong>non</strong></span> <span class='ocrx_word' id='word_1_471' title='bbox 2729 3161 2808 3208; x_wconf 77' lang='lat' dir='ltr'><strong>est</strong></span> <span class='ocrx_word' id='word_1_472' title='bbox 2851 3153 3018 3221; x_wconf 77' lang='lat' dir='ltr'><strong>ipsius</strong></span> <span class='ocrx_word' id='word_1_473' title='bbox 3044 3152 3088 3208; x_wconf 71' lang='grc' dir='ltr'><strong>ί.</strong></span> <span class='ocrx_word' id='word_1_474' title='bbox 3134 3151 3304 3223; x_wconf 86' lang='lat' dir='ltr'><strong>Igitur</strong></span> <span class='ocrx_word' id='word_1_475' title='bbox 3334 3149 3574 3219; x_wconf 77' lang='lat' dir='ltr'><strong>Spiritus</strong></span> 
     </span>
    </p>
   </div>
   <div class='ocr_carea' id='block_1_63' title="bbox 1994 3241 3574 3317">
    <p class='ocr_par' dir='ltr' id='par_1_63' title="bbox 1994 3241 3574 3317">
     <span class='ocr_line' id='line_1_63' title="bbox 1994 3241 3574 3317; baseline -0.003 -16"><span class='ocrx_word' id='word_1_476' title='bbox 1994 3246 2089 3317; x_wconf 87' lang='lat' dir='ltr'><strong>qui</strong></span> <span class='ocrx_word' id='word_1_477' title='bbox 2118 3261 2183 3301; x_wconf 82' lang='lat' dir='ltr'><strong>ex</strong></span> <span class='ocrx_word' id='word_1_478' title='bbox 2213 3244 2325 3300; x_wconf 87' lang='lat' dir='ltr'><strong>Deo</strong></span> <span class='ocrx_word' id='word_1_479' title='bbox 2355 3252 2463 3307; x_wconf 85' lang='lat' dir='ltr'><strong>est.</strong></span> <span class='ocrx_word' id='word_1_480' title='bbox 2501 3243 2668 3298; x_wconf 91' lang='lat' dir='ltr'><strong>etiam</strong></span> <span class='ocrx_word' id='word_1_481' title='bbox 2722 3242 2817 3298; x_wconf 85' lang='lat' dir='ltr'><strong>Dei</strong></span> <span class='ocrx_word' id='word_1_482' title='bbox 2861 3242 3098 3314; x_wconf 88' lang='lat' dir='ltr'><strong>Spiritus</strong></span> <span class='ocrx_word' id='word_1_483' title='bbox 3127 3250 3234 3299; x_wconf 90' lang='lat' dir='ltr'><strong>est.</strong></span> <span class='ocrx_word' id='word_1_484' title='bbox 3271 3242 3340 3296; x_wconf 83' lang='lat' dir='ltr'><strong>At</strong></span> <span class='ocrx_word' id='word_1_485' title='bbox 3375 3241 3574 3305; x_wconf 88' lang='lat' dir='ltr'><strong>Filius,</strong></span> 
     </span>
    </p>
   </div>
   <div class='ocr_carea' id='block_1_64' title="bbox 1994 3333 3576 3405">
    <p class='ocr_par' dir='ltr' id='par_1_64' title="bbox 1994 3333 3576 3405">
     <span class='ocr_line' id='line_1_64' title="bbox 1994 3333 3576 3405; baseline -0.003 -13"><span class='ocrx_word' id='word_1_486' title='bbox 1994 3353 2117 3392; x_wconf 90' lang='lat' dir='ltr'><strong>cum</strong></span> <span class='ocrx_word' id='word_1_487' title='bbox 2150 3352 2216 3392; x_wconf 78' lang='lat' dir='ltr'><strong>ex</strong></span> <span class='ocrx_word' id='word_1_488' title='bbox 2250 3336 2359 3392; x_wconf 88' lang='lat' dir='ltr'><strong>Deo</strong></span> <span class='ocrx_word' id='word_1_489' title='bbox 2385 3337 2482 3398; x_wconf 89' lang='lat' dir='ltr'><strong>sit,</strong></span> <span class='ocrx_word' id='word_1_490' title='bbox 2518 3351 2626 3390; x_wconf 87' lang='lat' dir='ltr'><strong>non</strong></span> <span class='ocrx_word' id='word_1_491' title='bbox 2657 3335 2770 3405; x_wconf 85' lang='lat' dir='ltr'><strong>jam</strong></span> <span class='ocrx_word' id='word_1_492' title='bbox 2813 3341 2998 3390; x_wconf 87' lang='lat' dir='ltr'><strong>tamen</strong></span> <span class='ocrx_word' id='word_1_493' title='bbox 3022 3334 3190 3390; x_wconf 86' lang='lat' dir='ltr'><strong>Filius</strong></span> <span class='ocrx_word' id='word_1_494' title='bbox 3216 3333 3457 3405; x_wconf 90' lang='lat' dir='ltr'><strong>Spiritus</strong></span> <span class='ocrx_word' id='word_1_495' title='bbox 3480 3338 3576 3387; x_wconf 83' lang='lat' dir='ltr'><strong>aut</strong></span> 
     </span>
    </p>
   </div>
   <div class='ocr_carea' id='block_1_65' title="bbox 1995 3424 3568 3497">
    <p class='ocr_par' dir='ltr' id='par_1_65' title="bbox 1995 3424 3568 3497">
     <span class='ocr_line' id='line_1_65' title="bbox 1995 3424 3568 3497; baseline -0.005 -11"><span class='ocrx_word' id='word_1_496' title='bbox 1995 3437 2102 3496; x_wconf 88' lang='grc' dir='ltr'>εει,</span> <span class='ocrx_word' id='word_1_497' title='bbox 2153 3438 2248 3484; x_wconf 88' lang='lat' dir='ltr'><strong>aut</strong></span> <span class='ocrx_word' id='word_1_498' title='bbox 2285 3429 2493 3484; x_wconf 88' lang='lat' dir='ltr'><strong>dicitur</strong></span> <span class='ocrx_word' id='word_1_499' title='bbox 2526 3448 2537 3481; x_wconf 90' lang='lat'>:</span> <span class='ocrx_word' id='word_1_500' title='bbox 2570 3444 2747 3497; x_wconf 85' lang='lat' dir='ltr'><strong>neque</strong></span> <span class='ocrx_word' id='word_1_501' title='bbox 2800 3428 2915 3482; x_wconf 69' lang='lat' dir='ltr'><strong>haec</strong></span> <span class='ocrx_word' id='word_1_502' title='bbox 2969 3426 3198 3482; x_wconf 88' lang='lat' dir='ltr'><strong>relativa</strong></span> <span class='ocrx_word' id='word_1_503' title='bbox 3248 3424 3568 3484; x_wconf 82' lang='lat' dir='ltr'><strong>consecutio</strong></span> 
     </span>
    </p>
   </div>
   <div class='ocr_carea' id='block_1_66' title="bbox 1996 3521 2359 3575">
    <p class='ocr_par' dir='ltr' id='par_1_66' title="bbox 1996 3521 2359 3575">
     <span class='ocr_line' id='line_1_66' title="bbox 1996 3521 2359 3575; baseline -0.011 0"><span class='ocrx_word' id='word_1_504' title='bbox 1996 3521 2359 3575; x_wconf 76' lang='lat' dir='ltr'><strong>convertitur.</strong></span> 
     </span>
    </p>
   </div>
   <div class='ocr_carea' id='block_1_67' title="bbox 1199 3828 2735 3889">
    <p class='ocr_par' dir='ltr' id='par_1_67' title="bbox 1199 3828 2735 3889">
     <span class='ocr_line' id='line_1_67' title="bbox 1199 3828 2735 3889; baseline -0.003 -1"><span class='ocrx_word' id='word_1_505' title='bbox 1199 3834 1280 3888; x_wconf 78' lang='lat' dir='ltr'><strong>Ex</strong></span> <span class='ocrx_word' id='word_1_506' title='bbox 1309 3849 1548 3889; x_wconf 79' lang='lat' dir='ltr'><strong>sermone</strong></span> <span class='ocrx_word' id='word_1_507' title='bbox 1574 3834 1628 3887; x_wconf 87' lang='lat' dir='ltr'><strong>in</strong></span> <span class='ocrx_word' id='word_1_508' title='bbox 1655 3833 1788 3888; x_wconf 79' lang='lat' dir='ltr'><strong>illud</strong></span> <span class='ocrx_word' id='word_1_509' title='bbox 1817 3849 1835 3886; x_wconf 89' lang='lat'><strong><em>:</em></strong></span> <span class='ocrx_word' id='word_1_510' title='bbox 1870 3830 1971 3886; x_wconf 81' lang='lat' dir='ltr'><strong>Hic</strong></span> <span class='ocrx_word' id='word_1_511' title='bbox 1995 3837 2082 3887; x_wconf 84' lang='lat' dir='ltr'><strong>est</strong></span> <span class='ocrx_word' id='word_1_512' title='bbox 2109 3829 2283 3885; x_wconf 85' lang='lat' dir='ltr'><strong>Filius</strong></span> <span class='ocrx_word' id='word_1_513' title='bbox 2311 3843 2462 3885; x_wconf 88' lang='lat' dir='ltr'><strong>meus</strong></span> <span class='ocrx_word' id='word_1_514' title='bbox 2481 3828 2735 3884; x_wconf 88' lang='lat' dir='ltr'><strong>dilectus.</strong></span> 
     </span>
    </p>
   </div>
   <div class='ocr_carea' id='block_1_68' title="bbox 898 3942 2989 4020">
    <p class='ocr_par' dir='ltr' id='par_1_68' title="bbox 898 3942 2989 4020">
     <span class='ocr_line' id='line_1_68' title="bbox 898 3942 2989 4020; baseline -0.003 -14"><span class='ocrx_word' id='word_1_515' title='bbox 898 3949 1049 4020; x_wconf 73' lang='lat' dir='ltr'><strong>Apud</strong></span> <span class='ocrx_word' id='word_1_516' title='bbox 1078 3948 1135 4004; x_wconf 90' lang='lat' dir='ltr'><strong>S.</strong></span> <span class='ocrx_word' id='word_1_517' title='bbox 1171 3947 1414 4005; x_wconf 66' lang='lat' dir='ltr'><strong>Joannes:</strong></span> <span class='ocrx_word' id='word_1_518' title='bbox 1446 3946 1808 4004; x_wconf 61' lang='lat' dir='ltr'><strong>Danascsuuu</strong></span> <span class='ocrx_word' id='word_1_519' title='bbox 1833 3963 1899 4003; x_wconf 75' lang='lat' dir='ltr'><strong>ea:</strong></span> <span class='ocrx_word' id='word_1_520' title='bbox 1931 3945 2087 4002; x_wconf 85' lang='lat' dir='ltr'><strong>Sacr.</strong></span> <span class='ocrx_word' id='word_1_521' title='bbox 2125 3944 2381 4000; x_wconf 88' lang='lat' dir='ltr'><strong>Parallel.</strong></span> <span class='ocrx_word' id='word_1_522' title='bbox 2419 3954 2548 4000; x_wconf 75' lang='lat' dir='ltr'><strong>(om.</strong></span> <span class='ocrx_word' id='word_1_523' title='bbox 2580 3942 2667 4009; x_wconf 89' lang='lat' dir='ltr'><strong>II,</strong></span> <span class='ocrx_word' id='word_1_524' title='bbox 2706 3958 2829 4013; x_wconf 87' lang='lat' dir='ltr'><strong>pag.</strong></span> <span class='ocrx_word' id='word_1_525' title='bbox 2867 3942 2989 4000; x_wconf 78' lang='grc'><strong>775.</strong></span> 
     </span>
    </p>
   </div>
   <div class='ocr_carea' id='block_1_69' title="bbox 383 4063 1890 4135">
    <p class='ocr_par' dir='ltr' id='par_1_69' title="bbox 383 4063 1890 4135">
     <span class='ocr_line' id='line_1_69' title="bbox 383 4063 1890 4135; baseline -0.003 -16"><span class='ocrx_word' id='word_1_526' title='bbox 383 4065 450 4119; x_wconf 84' lang='grc' dir='ltr'><strong>Τί</strong></span> <span class='ocrx_word' id='word_1_527' title='bbox 471 4065 532 4118; x_wconf 85' lang='grc' dir='ltr'>τδ</span> <span class='ocrx_word' id='word_1_528' title='bbox 559 4064 833 4118; x_wconf 84' lang='grc' dir='ltr'>πιστεύειν</span> <span class='ocrx_word' id='word_1_529' title='bbox 853 4063 1101 4134; x_wconf 76' lang='grc' dir='ltr'>ἀφέντες,</span> <span class='ocrx_word' id='word_1_530' title='bbox 1121 4063 1544 4135; x_wconf 86' lang='grc' dir='ltr'>τεχνολογοῦμεν</span> <span class='ocrx_word' id='word_1_531' title='bbox 1561 4064 1662 4134; x_wconf 83' lang='grc' dir='ltr'><strong>τὴν</strong></span> <span class='ocrx_word' id='word_1_532' title='bbox 1687 4063 1890 4131; x_wconf 87' lang='grc' dir='ltr'>πίστιν,</span> 
     </span>
    </p>
   </div>
   <div class='ocr_carea' id='block_1_70' title="bbox 314 4154 1891 4229">
    <p class='ocr_par' dir='ltr' id='par_1_70' title="bbox 314 4154 1891 4229">
     <span class='ocr_line' id='line_1_70' title="bbox 314 4154 1891 4229; baseline -0.004 -14"><span class='ocrx_word' id='word_1_533' title='bbox 314 4159 411 4214; x_wconf 76' lang='grc' dir='ltr'>καὶ</span> <span class='ocrx_word' id='word_1_534' title='bbox 435 4156 750 4229; x_wconf 85' lang='grc' dir='ltr'>πληροῦμεν</span> <span class='ocrx_word' id='word_1_535' title='bbox 780 4157 876 4228; x_wconf 86' lang='grc' dir='ltr'><strong>τὴν</strong></span> <span class='ocrx_word' id='word_1_536' title='bbox 904 4156 1199 4227; x_wconf 76' lang='grc' dir='ltr'>ἐπιθυμίαν</span> <span class='ocrx_word' id='word_1_537' title='bbox 1231 4156 1325 4210; x_wconf 85' lang='grc' dir='ltr'><strong>τοῦ</strong></span> <span class='ocrx_word' id='word_1_538' title='bbox 1356 4156 1534 4210; x_wconf 86' lang='grc' dir='ltr'>κοινοῦ</span> <span class='ocrx_word' id='word_1_539' title='bbox 1562 4154 1891 4227; x_wconf 83' lang='grc' dir='ltr'>δυσμενοῦς;</span> 
     </span>
    </p>
   </div>
   <div class='ocr_carea' id='block_1_71' title="bbox 315 4230 1891 4320">
    <p class='ocr_par' dir='ltr' id='par_1_71' title="bbox 315 4230 1891 4320">
     <span class='ocr_line' id='line_1_71' title="bbox 315 4230 1891 4320; baseline -0.003 -15"><span class='ocrx_word' id='word_1_540' title='bbox 315 4250 683 4320; x_wconf 81' lang='grc' dir='ltr'>Λογισάμενος</span> <span class='ocrx_word' id='word_1_541' title='bbox 699 4248 808 4320; x_wconf 80' lang='grc' dir='ltr'>γὰρ</span> <span class='ocrx_word' id='word_1_542' title='bbox 829 4250 857 4302; x_wconf 85' lang='grc' dir='ltr'>ὁ</span> <span class='ocrx_word' id='word_1_543' title='bbox 879 4246 1142 4311; x_wconf 82' lang='grc' dir='ltr'>διάϐολος,</span> <span class='ocrx_word' id='word_1_544' title='bbox 1162 4247 1191 4299; x_wconf 76' lang='grc' dir='ltr'><strong>ὁ</strong></span> <span class='ocrx_word' id='word_1_545' title='bbox 1217 4230 1394 4312; x_wconf 72' lang='grc' dir='ltr'>κοινὸς</span> <span class='ocrx_word' id='word_1_546' title='bbox 1417 4249 1515 4317; x_wconf 84' lang='grc' dir='ltr'>τῆς</span> <span class='ocrx_word' id='word_1_547' title='bbox 1538 4247 1633 4301; x_wconf 87' lang='grc' dir='ltr'>ἀνθ</span> <span class='ocrx_word' id='word_1_548' title='bbox 1643 4246 1891 4318; x_wconf 85' lang='grc' dir='ltr'>ρωπότη-</span> 
     </span>
    </p>
   </div>
   <div class='ocr_carea' id='block_1_72' title="bbox 313 4338 1893 4412">
    <p class='ocr_par' dir='ltr' id='par_1_72' title="bbox 313 4338 1893 4412">
     <span class='ocr_line' id='line_1_72' title="bbox 313 4338 1893 4412; baseline -0.003 -16"><span class='ocrx_word' id='word_1_549' title='bbox 313 4360 407 4406; x_wconf 74' lang='grc' dir='ltr'><strong>τος</strong></span> <span class='ocrx_word' id='word_1_550' title='bbox 445 4340 682 4412; x_wconf 85' lang='grc' dir='ltr'>λυμεὼν,</span> <span class='ocrx_word' id='word_1_551' title='bbox 714 4341 794 4394; x_wconf 85' lang='grc' dir='ltr'><strong>ὅτι</strong></span> <span class='ocrx_word' id='word_1_552' title='bbox 828 4340 1068 4411; x_wconf 74' lang='grc' dir='ltr'>γαλήνης</span> <span class='ocrx_word' id='word_1_553' title='bbox 1100 4340 1156 4393; x_wconf 82' lang='grc' dir='ltr'>ὲν</span> <span class='ocrx_word' id='word_1_554' title='bbox 1190 4341 1322 4410; x_wconf 80' lang='grc' dir='ltr'>ἡμῖν</span> <span class='ocrx_word' id='word_1_555' title='bbox 1354 4338 1800 4410; x_wconf 81' lang='grc' dir='ltr'>πολιτευομένης,</span> <span class='ocrx_word' id='word_1_556' title='bbox 1824 4338 1893 4392; x_wconf 82' lang='grc' dir='ltr'>τὰ</span> 
     </span>
    </p>
   </div>
   <div class='ocr_carea' id='block_1_73' title="bbox 312 4430 1889 4505">
    <p class='ocr_par' dir='ltr' id='par_1_73' title="bbox 312 4430 1889 4505">
     <span class='ocr_line' id='line_1_73' title="bbox 312 4430 1889 4505; baseline -0.003 -17"><span class='ocrx_word' id='word_1_557' title='bbox 312 4434 415 4505; x_wconf 83' lang='grc' dir='ltr'><strong>τῆς</strong></span> <span class='ocrx_word' id='word_1_558' title='bbox 456 4432 736 4497; x_wconf 84' lang='grc' dir='ltr'>εὐσεϐείας</span> <span class='ocrx_word' id='word_1_559' title='bbox 774 4432 960 4496; x_wconf 82' lang='grc' dir='ltr'>ἀνθεῖ,</span> <span class='ocrx_word' id='word_1_560' title='bbox 1020 4432 1119 4501; x_wconf 79' lang='grc' dir='ltr'>τῆς</span> <span class='ocrx_word' id='word_1_561' title='bbox 1167 4431 1403 4493; x_wconf 84' lang='grc' dir='ltr'>πίστεως</span> <span class='ocrx_word' id='word_1_562' title='bbox 1451 4430 1508 4482; x_wconf 83' lang='grc' dir='ltr'>δὲ</span> <span class='ocrx_word' id='word_1_563' title='bbox 1558 4430 1889 4501; x_wconf 85' lang='grc' dir='ltr'>κρατούσης.</span> 
     </span>
    </p>
   </div>
   <div class='ocr_carea' id='block_1_74' title="bbox 314 4518 1891 4596">
    <p class='ocr_par' dir='ltr' id='par_1_74' title="bbox 314 4518 1891 4596">
     <span class='ocr_line' id='line_1_74' title="bbox 314 4518 1891 4596; baseline -0.003 -18"><span class='ocrx_word' id='word_1_564' title='bbox 314 4522 518 4589; x_wconf 75' lang='grc' dir='ltr'>εὐζωῖα</span> <span class='ocrx_word' id='word_1_565' title='bbox 551 4526 770 4596; x_wconf 87' lang='grc' dir='ltr'>κρατεῖ,</span> <span class='ocrx_word' id='word_1_566' title='bbox 822 4521 965 4590; x_wconf 78' lang='grc' dir='ltr'>φίλοι</span> <span class='ocrx_word' id='word_1_567' title='bbox 994 4537 1053 4574; x_wconf 86' lang='grc' dir='ltr'><strong>τε</strong></span> <span class='ocrx_word' id='word_1_568' title='bbox 1097 4519 1192 4573; x_wconf 89' lang='grc' dir='ltr'><strong>τοῦ</strong></span> <span class='ocrx_word' id='word_1_569' title='bbox 1224 4518 1565 4590; x_wconf 86' lang='grc' dir='ltr'>Δημιουργοῦ</span> <span class='ocrx_word' id='word_1_570' title='bbox 1608 4519 1891 4590; x_wconf 84' lang='grc' dir='ltr'>γινόμεθα,</span> 
     </span>
    </p>
   </div>
   <div class='ocr_carea' id='block_1_75' title="bbox 2072 4057 3583 4135">
    <p class='ocr_par' dir='ltr' id='par_1_75' title="bbox 2072 4057 3583 4135">
     <span class='ocr_line' id='line_1_75' title="bbox 2072 4057 3583 4135; baseline -0.001 -18"><span class='ocrx_word' id='word_1_571' title='bbox 2072 4061 2216 4129; x_wconf 86' lang='lat' dir='ltr'><strong>Quid</strong></span> <span class='ocrx_word' id='word_1_572' title='bbox 2253 4070 2359 4128; x_wconf 87' lang='lat' dir='ltr'><strong>est,</strong></span> <span class='ocrx_word' id='word_1_573' title='bbox 2397 4060 2544 4135; x_wconf 90' lang='lat' dir='ltr'><strong>quod</strong></span> <span class='ocrx_word' id='word_1_574' title='bbox 2578 4060 2807 4115; x_wconf 87' lang='lat' dir='ltr'><strong>dimissa</strong></span> <span class='ocrx_word' id='word_1_575' title='bbox 2854 4058 2960 4115; x_wconf 81' lang='lat' dir='ltr'><strong>ﬁde</strong></span> <span class='ocrx_word' id='word_1_576' title='bbox 3002 4057 3335 4115; x_wconf 81' lang='lat' dir='ltr'><strong>artiﬁciosos</strong></span> <span class='ocrx_word' id='word_1_577' title='bbox 3367 4058 3445 4118; x_wconf 85' lang='lat' dir='ltr'><strong>de</strong></span> <span class='ocrx_word' id='word_1_578' title='bbox 3479 4059 3583 4116; x_wconf 83' lang='lat' dir='ltr'><strong>ﬁdo</strong></span> 
     </span>
    </p>
   </div>
   <div class='ocr_carea' id='block_1_76' title="bbox 2001 4149 3581 4217">
    <p class='ocr_par' dir='ltr' id='par_1_76' title="bbox 2001 4149 3581 4217">
     <span class='ocr_line' id='line_1_76' title="bbox 2001 4149 3581 4217; baseline -0.003 -6"><span class='ocrx_word' id='word_1_579' title='bbox 2001 4169 2286 4212; x_wconf 87' lang='lat' dir='ltr'><strong>sermones</strong></span> <span class='ocrx_word' id='word_1_580' title='bbox 2302 4155 2594 4217; x_wconf 89' lang='lat' dir='ltr'><strong>nectimus,</strong></span> <span class='ocrx_word' id='word_1_581' title='bbox 2625 4160 2679 4208; x_wconf 85' lang='lat' dir='ltr'><strong>et</strong></span> <span class='ocrx_word' id='word_1_582' title='bbox 2709 4151 3019 4206; x_wconf 88' lang='lat' dir='ltr'><strong>communis</strong></span> <span class='ocrx_word' id='word_1_583' title='bbox 3051 4150 3226 4206; x_wconf 73' lang='lat' dir='ltr'><strong>hosﬁs</strong></span> <span class='ocrx_word' id='word_1_584' title='bbox 3242 4149 3581 4206; x_wconf 85' lang='lat' dir='ltr'><strong>desiderium</strong></span> 
     </span>
    </p>
   </div>
   <div class='ocr_carea' id='block_1_77' title="bbox 2000 4238 3584 4319">
    <p class='ocr_par' dir='ltr' id='par_1_77' title="bbox 2000 4238 3584 4319">
     <span class='ocr_line' id='line_1_77' title="bbox 2000 4238 3584 4319; baseline -0.004 -16"><span class='ocrx_word' id='word_1_585' title='bbox 2000 4246 2338 4319; x_wconf 88' lang='lat' dir='ltr'><strong>implemus?</strong></span> <span class='ocrx_word' id='word_1_586' title='bbox 2363 4238 2628 4300; x_wconf 89' lang='lat' dir='ltr'><strong>Diabolus</strong></span> <span class='ocrx_word' id='word_1_587' title='bbox 2654 4242 2928 4314; x_wconf 89' lang='lat' dir='ltr'><strong>siquidem</strong></span> <span class='ocrx_word' id='word_1_588' title='bbox 2956 4242 3315 4298; x_wconf 87' lang='lat' dir='ltr'><strong>humanitatis</strong></span> <span class='ocrx_word' id='word_1_589' title='bbox 3333 4257 3584 4296; x_wconf 84' lang='lat' dir='ltr'><strong>commu-</strong></span> 
     </span>
    </p>
   </div>
   <div class='ocr_carea' id='block_1_78' title="bbox 2002 4331 3583 4405">
    <p class='ocr_par' dir='ltr' id='par_1_78' title="bbox 2002 4331 3583 4405">
     <span class='ocr_line' id='line_1_78' title="bbox 2002 4331 3583 4405; baseline -0.004 -13"><span class='ocrx_word' id='word_1_590' title='bbox 2002 4339 2090 4394; x_wconf 86' lang='lat' dir='ltr'><strong>nis</strong></span> <span class='ocrx_word' id='word_1_591' title='bbox 2119 4338 2340 4393; x_wconf 83' lang='lat' dir='ltr'><strong>vitiator</strong></span> <span class='ocrx_word' id='word_1_592' title='bbox 2372 4336 2476 4391; x_wconf 89' lang='lat' dir='ltr'><strong>hoc</strong></span> <span class='ocrx_word' id='word_1_593' title='bbox 2509 4350 2698 4391; x_wconf 88' lang='lat' dir='ltr'><strong>secum</strong></span> <span class='ocrx_word' id='word_1_594' title='bbox 2721 4342 3008 4405; x_wconf 78' lang='lat' dir='ltr'><strong>reputans,</strong></span> <span class='ocrx_word' id='word_1_595' title='bbox 3039 4333 3184 4404; x_wconf 90' lang='lat' dir='ltr'><strong>quod</strong></span> <span class='ocrx_word' id='word_1_596' title='bbox 3220 4334 3265 4388; x_wconf 91' lang='lat' dir='ltr'><strong>si</strong></span> <span class='ocrx_word' id='word_1_597' title='bbox 3298 4331 3583 4402; x_wconf 78' lang='lat' dir='ltr'><strong>tranquilli</strong></span> 
     </span>
    </p>
   </div>
   <div class='ocr_carea' id='block_1_79' title="bbox 2001 4422 3586 4501">
    <p class='ocr_par' dir='ltr' id='par_1_79' title="bbox 2001 4422 3586 4501">
     <span class='ocr_line' id='line_1_79' title="bbox 2001 4422 3586 4501; baseline -0.005 -17"><span class='ocrx_word' id='word_1_598' title='bbox 2001 4444 2251 4501; x_wconf 81' lang='lat' dir='ltr'><strong>agamus,</strong></span> <span class='ocrx_word' id='word_1_599' title='bbox 2282 4427 2477 4499; x_wconf 88' lang='lat' dir='ltr'><strong>religio</strong></span> <span class='ocrx_word' id='word_1_600' title='bbox 2507 4425 2735 4494; x_wconf 85' lang='lat' dir='ltr'><strong>ﬂoreat;</strong></span> <span class='ocrx_word' id='word_1_601' title='bbox 2768 4424 3141 4481; x_wconf 60' lang='lat' dir='ltr'><strong>incalescente</strong></span> <span class='ocrx_word' id='word_1_602' title='bbox 3178 4437 3305 4478; x_wconf 86' lang='lat' dir='ltr'><strong>vero</strong></span> <span class='ocrx_word' id='word_1_603' title='bbox 3348 4422 3471 4487; x_wconf 76' lang='lat' dir='ltr'><strong>fide,</strong></span> <span class='ocrx_word' id='word_1_604' title='bbox 3502 4423 3586 4477; x_wconf 71' lang='lat' dir='ltr'><strong>vi-</strong></span> 
     </span>
    </p>
   </div>
   <div class='ocr_carea' id='block_1_80' title="bbox 1998 4512 3585 4575">
    <p class='ocr_par' dir='ltr' id='par_1_80' title="bbox 1998 4512 3585 4575">
     <span class='ocr_line' id='line_1_80' title="bbox 1998 4512 3585 4575; baseline -0.003 -4"><span class='ocrx_word' id='word_1_605' title='bbox 1998 4519 2249 4575; x_wconf 84' lang='lat' dir='ltr'><strong>vaciores</strong></span> <span class='ocrx_word' id='word_1_606' title='bbox 2291 4518 2486 4572; x_wconf 86' lang='lat' dir='ltr'><strong>ﬁamus</strong></span> <span class='ocrx_word' id='word_1_607' title='bbox 2531 4525 2586 4572; x_wconf 84' lang='lat' dir='ltr'><strong>et</strong></span> <span class='ocrx_word' id='word_1_608' title='bbox 2620 4517 2780 4571; x_wconf 85' lang='lat' dir='ltr'><strong>amici</strong></span> <span class='ocrx_word' id='word_1_609' title='bbox 2809 4515 3124 4570; x_wconf 84' lang='lat' dir='ltr'><strong>Conditoris</strong></span> <span class='ocrx_word' id='word_1_610' title='bbox 3156 4512 3476 4572; x_wconf 85' lang='lat' dir='ltr'><strong>evadamus,</strong></span> <span class='ocrx_word' id='word_1_611' title='bbox 3516 4528 3585 4568; x_wconf 91' lang='lat' dir='ltr'><strong>ne</strong></span> 
     </span>
    </p>
   </div>
   <div class='ocr_carea' id='block_1_81' title="bbox 316 4592 1915 4686">
    <p class='ocr_par' dir='ltr' id='par_1_81' title="bbox 316 4609 1895 4686">
     <span class='ocr_line' id='line_1_81' title="bbox 316 4609 1895 4686; baseline -0.004 -17"><span class='ocrx_word' id='word_1_612' title='bbox 316 4616 404 4669; x_wconf 80' lang='grc' dir='ltr'><strong>ἵνα</strong></span> <span class='ocrx_word' id='word_1_613' title='bbox 435 4616 509 4686; x_wconf 80' lang='grc' dir='ltr'>μὴ</span> <span class='ocrx_word' id='word_1_614' title='bbox 542 4614 889 4684; x_wconf 77' lang='grc' dir='ltr'>ἐπέλθωμεν,</span> <span class='ocrx_word' id='word_1_615' title='bbox 921 4611 1043 4665; x_wconf 84' lang='grc' dir='ltr'>ὅθεν</span> <span class='ocrx_word' id='word_1_616' title='bbox 1069 4613 1275 4675; x_wconf 82' lang='grc' dir='ltr'>ἐκεῖνος</span> <span class='ocrx_word' id='word_1_617' title='bbox 1315 4609 1592 4676; x_wconf 80' lang='grc' dir='ltr'>ἐξέπεσεν,</span> <span class='ocrx_word' id='word_1_618' title='bbox 1632 4612 1794 4681; x_wconf 85' lang='grc' dir='ltr'>ὁρᾷτε</span> <span class='ocrx_word' id='word_1_619' title='bbox 1841 4610 1895 4662; x_wconf 79' lang='grc' dir='ltr'><strong>τί</strong></span> 
     </span>
    </p>
   </div>
   <div class='ocr_carea' id='block_1_82' title="bbox 1996 4592 3580 4686">
    <p class='ocr_par' dir='ltr' id='par_1_82' title="bbox 2000 4598 3580 4679">
     <span class='ocr_line' id='line_1_82' title="bbox 2000 4598 3580 4679; baseline -0.008 -16"><span class='ocrx_word' id='word_1_620' title='bbox 2000 4609 2132 4663; x_wconf 89' lang='lat' dir='ltr'><strong>illuc</strong></span> <span class='ocrx_word' id='word_1_621' title='bbox 2160 4607 2305 4663; x_wconf 90' lang='lat' dir='ltr'><strong>unde</strong></span> <span class='ocrx_word' id='word_1_622' title='bbox 2334 4607 2536 4664; x_wconf 77' lang='lat' dir='ltr'><strong>excidit</strong></span> <span class='ocrx_word' id='word_1_623' title='bbox 2563 4604 2970 4679; x_wconf 79' lang='lat' dir='ltr'><strong>perveniamus,</strong></span> <span class='ocrx_word' id='word_1_624' title='bbox 3003 4601 3184 4655; x_wconf 84' lang='lat' dir='ltr'><strong>videte</strong></span> <span class='ocrx_word' id='word_1_625' title='bbox 3224 4599 3355 4667; x_wconf 86' lang='lat' dir='ltr'><strong>quid</strong></span> <span class='ocrx_word' id='word_1_626' title='bbox 3384 4598 3580 4668; x_wconf 84' lang='lat' dir='ltr'><strong>egerit,</strong></span> 
     </span>
    </p>
   </div>
   <div class='ocr_carea' id='block_1_83' title="bbox 316 4690 1915 4779">
    <p class='ocr_par' dir='ltr' id='par_1_83' title="bbox 316 4702 1899 4779">
     <span class='ocr_line' id='line_1_83' title="bbox 316 4702 1899 4779; baseline -0.003 -18"><span class='ocrx_word' id='word_1_627' title='bbox 316 4708 604 4779; x_wconf 84' lang='grc' dir='ltr'>πεποίηκε,</span> <span class='ocrx_word' id='word_1_628' title='bbox 643 4707 737 4761; x_wconf 75' lang='grc' dir='ltr'><strong>καὶ</strong></span> <span class='ocrx_word' id='word_1_629' title='bbox 765 4705 885 4770; x_wconf 85' lang='grc' dir='ltr'>πῶς</span> <span class='ocrx_word' id='word_1_630' title='bbox 913 4704 1237 4778; x_wconf 82' lang='grc' dir='ltr'>πανούργως</span> <span class='ocrx_word' id='word_1_631' title='bbox 1276 4703 1368 4758; x_wconf 75' lang='grc' dir='ltr'>τὸν</span> <span class='ocrx_word' id='word_1_632' title='bbox 1396 4702 1516 4756; x_wconf 87' lang='grc' dir='ltr'>καθ’</span> <span class='ocrx_word' id='word_1_633' title='bbox 1553 4702 1700 4773; x_wconf 79' lang='grc' dir='ltr'>ἡμᾶς</span> <span class='ocrx_word' id='word_1_634' title='bbox 1731 4702 1899 4774; x_wconf 78' lang='grc' dir='ltr'><strong>ὲρῥα-</strong></span> 
     </span>
    </p>
   </div>
   <div class='ocr_carea' id='block_1_84' title="bbox 1996 4690 3583 4779">
    <p class='ocr_par' dir='ltr' id='par_1_84' title="bbox 1998 4690 3583 4773">
     <span class='ocr_line' id='line_1_84' title="bbox 1998 4690 3583 4773; baseline -0.008 -16"><span class='ocrx_word' id='word_1_635' title='bbox 1998 4711 2053 4757; x_wconf 88' lang='grc' dir='ltr'><strong>ει</strong></span> <span class='ocrx_word' id='word_1_636' title='bbox 2083 4717 2246 4773; x_wconf 89' lang='lat' dir='ltr'><strong>quam</strong></span> <span class='ocrx_word' id='word_1_637' title='bbox 2266 4710 2448 4757; x_wconf 86' lang='lat' dir='ltr'><strong>astute</strong></span> <span class='ocrx_word' id='word_1_638' title='bbox 2480 4700 2680 4753; x_wconf 87' lang='lat' dir='ltr'><strong>bellum</strong></span> <span class='ocrx_word' id='word_1_639' title='bbox 2713 4696 3005 4751; x_wconf 85' lang='lat' dir='ltr'><strong>adversum</strong></span> <span class='ocrx_word' id='word_1_640' title='bbox 3034 4707 3136 4747; x_wconf 92' lang='lat' dir='ltr'><strong>nos</strong></span> <span class='ocrx_word' id='word_1_641' title='bbox 3156 4691 3443 4746; x_wconf 80' lang='lat' dir='ltr'><strong>struxerit.</strong></span> <span class='ocrx_word' id='word_1_642' title='bbox 3470 4690 3583 4744; x_wconf 86' lang='lat' dir='ltr'><strong>Ma-</strong></span> 
     </span>
    </p>
   </div>
   <div class='ocr_carea' id='block_1_85' title="bbox 315 4786 1915 4868">
    <p class='ocr_par' dir='ltr' id='par_1_85' title="bbox 315 4791 1898 4868">
     <span class='ocr_line' id='line_1_85' title="bbox 315 4791 1898 4868; baseline -0.006 -15"><span class='ocrx_word' id='word_1_643' title='bbox 315 4798 539 4868; x_wconf 76' lang='grc' dir='ltr'>ψῴδηκε</span> <span class='ocrx_word' id='word_1_644' title='bbox 574 4797 829 4867; x_wconf 87' lang='grc' dir='ltr'>πόλεμον.</span> <span class='ocrx_word' id='word_1_645' title='bbox 873 4796 931 4849; x_wconf 88' lang='lat'>&#39;0</span> <span class='ocrx_word' id='word_1_646' title='bbox 973 4795 1397 4866; x_wconf 74' lang='grc' dir='ltr'>μηχανορῤἀφος</span> <span class='ocrx_word' id='word_1_647' title='bbox 1425 4792 1533 4845; x_wconf 83' lang='grc' dir='ltr'><strong>τῶν</strong></span> <span class='ocrx_word' id='word_1_648' title='bbox 1561 4791 1768 4859; x_wconf 83' lang='grc' dir='ltr'>κακῶν,</span> <span class='ocrx_word' id='word_1_649' title='bbox 1803 4792 1898 4845; x_wconf 80' lang='grc' dir='ltr'><strong>καὶ</strong></span> 
     </span>
    </p>
   </div>
   <div class='ocr_carea' id='block_1_86' title="bbox 1996 4786 3581 4868">
    <p class='ocr_par' dir='ltr' id='par_1_86' title="bbox 1998 4786 3581 4854">
     <span class='ocr_line' id='line_1_86' title="bbox 1998 4786 3581 4854; baseline -0.009 -4"><span class='ocrx_word' id='word_1_650' title='bbox 1998 4795 2180 4850; x_wconf 86' lang='lat' dir='ltr'><strong>lorum</strong></span> <span class='ocrx_word' id='word_1_651' title='bbox 2235 4792 2588 4846; x_wconf 86' lang='lat' dir='ltr'><strong>machinator</strong></span> <span class='ocrx_word' id='word_1_652' title='bbox 2625 4786 3037 4854; x_wconf 44' lang='lat' dir='ltr'><strong>ille,,dolisque</strong></span> <span class='ocrx_word' id='word_1_653' title='bbox 3080 4798 3270 4853; x_wconf 82' lang='lat' dir='ltr'><strong>sagax,</strong></span> <span class='ocrx_word' id='word_1_654' title='bbox 3329 4788 3581 4836; x_wconf 83' lang='lat' dir='ltr'><strong>versutus</strong></span> 
     </span>
    </p>
   </div>
   <div class='ocr_carea' id='block_1_87' title="bbox 316 4870 1915 4957">
    <p class='ocr_par' dir='ltr' id='par_1_87' title="bbox 316 4883 1897 4957">
     <span class='ocr_line' id='line_1_87' title="bbox 316 4883 1897 4957; baseline -0.003 -15"><span class='ocrx_word' id='word_1_655' title='bbox 316 4887 480 4957; x_wconf 85' lang='grc' dir='ltr'>σοφὸς</span> <span class='ocrx_word' id='word_1_656' title='bbox 517 4889 575 4939; x_wconf 82' lang='grc' dir='ltr'>ἐν</span> <span class='ocrx_word' id='word_1_657' title='bbox 602 4886 871 4950; x_wconf 79' lang='grc' dir='ltr'>ἀπάταις,</span> <span class='ocrx_word' id='word_1_658' title='bbox 925 4886 1017 4938; x_wconf 76' lang='grc' dir='ltr'>καὶ</span> <span class='ocrx_word' id='word_1_659' title='bbox 1053 4886 1295 4949; x_wconf 80' lang='grc' dir='ltr'>ποικίλος</span> <span class='ocrx_word' id='word_1_660' title='bbox 1338 4887 1395 4938; x_wconf 83' lang='grc' dir='ltr'>ὲν</span> <span class='ocrx_word' id='word_1_661' title='bbox 1425 4883 1770 4951; x_wconf 76' lang='grc' dir='ltr'>ἐπιϐουλαῖς,</span> <span class='ocrx_word' id='word_1_662' title='bbox 1803 4885 1897 4939; x_wconf 73' lang='grc' dir='ltr'><strong>καὶ⁵</strong></span> 
     </span>
    </p>
   </div>
   <div class='ocr_carea' id='block_1_88' title="bbox 1996 4870 3582 4957">
    <p class='ocr_par' dir='ltr' id='par_1_88' title="bbox 1999 4870 3582 4951">
     <span class='ocr_line' id='line_1_88' title="bbox 1999 4870 3582 4951; baseline -0.011 -11"><span class='ocrx_word' id='word_1_663' title='bbox 1999 4886 2053 4941; x_wconf 90' lang='lat' dir='ltr'><strong>in</strong></span> <span class='ocrx_word' id='word_1_664' title='bbox 2082 4884 2324 4947; x_wconf 90' lang='lat' dir='ltr'><strong>insidiis,</strong></span> <span class='ocrx_word' id='word_1_665' title='bbox 2364 4890 2418 4938; x_wconf 89' lang='lat' dir='ltr'><strong>et</strong></span> <span class='ocrx_word' id='word_1_666' title='bbox 2460 4878 2717 4951; x_wconf 88' lang='lat' dir='ltr'><strong>pessimis</strong></span> <span class='ocrx_word' id='word_1_667' title='bbox 2754 4877 2969 4932; x_wconf 89' lang='lat' dir='ltr'><strong>artibus</strong></span> <span class='ocrx_word' id='word_1_668' title='bbox 3012 4875 3281 4944; x_wconf 90' lang='lat' dir='ltr'><strong>locuples,</strong></span> <span class='ocrx_word' id='word_1_669' title='bbox 3314 4870 3582 4942; x_wconf 82' lang='lat' dir='ltr'><strong>quosdam</strong></span> 
     </span>
    </p>
   </div>
   <div class='ocr_carea' id='block_1_89' title="bbox 316 4961 1915 5049">
    <p class='ocr_par' dir='ltr' id='par_1_89' title="bbox 316 4975 1896 5048">
     <span class='ocr_line' id='line_1_89' title="bbox 316 4975 1896 5048; baseline -0.004 -14"><span class='ocrx_word' id='word_1_670' title='bbox 316 4979 569 5043; x_wconf 90' lang='grc' dir='ltr'>πλούσιος</span> <span class='ocrx_word' id='word_1_671' title='bbox 599 4979 656 5031; x_wconf 77' lang='grc' dir='ltr'>ὲν</span> <span class='ocrx_word' id='word_1_672' title='bbox 695 4981 809 5041; x_wconf 88' lang='grc' dir='ltr'>τοῖς</span> <span class='ocrx_word' id='word_1_673' title='bbox 851 4977 1042 5040; x_wconf 85' lang='grc' dir='ltr'>κακοῖς</span> <span class='ocrx_word' id='word_1_674' title='bbox 1079 4977 1458 5048; x_wconf 79' lang='grc' dir='ltr'>μηχανήμασι,</span> <span class='ocrx_word' id='word_1_675' title='bbox 1492 4975 1896 5045; x_wconf 77' lang='grc' dir='ltr'>παρασκευάζει</span> 
     </span>
    </p>
   </div>
   <div class='ocr_carea' id='block_1_90' title="bbox 1996 4961 3581 5049">
    <p class='ocr_par' dir='ltr' id='par_1_90' title="bbox 1998 4961 3581 5049">
     <span class='ocr_line' id='line_1_90' title="bbox 1998 4961 3581 5049; baseline -0.011 -17"><span class='ocrx_word' id='word_1_676' title='bbox 1998 4977 2287 5041; x_wconf 88' lang='lat' dir='ltr'><strong>subornat,</strong></span> <span class='ocrx_word' id='word_1_677' title='bbox 2328 4971 2423 5043; x_wconf 90' lang='lat' dir='ltr'><strong>qui</strong></span> <span class='ocrx_word' id='word_1_678' title='bbox 2457 4974 2740 5040; x_wconf 88' lang='lat' dir='ltr'><strong>assumpta</strong></span> <span class='ocrx_word' id='word_1_679' title='bbox 2789 4967 3015 5039; x_wconf 86' lang='lat' dir='ltr'><strong>pietatis</strong></span> <span class='ocrx_word' id='word_1_680' title='bbox 3061 4964 3247 5036; x_wconf 89' lang='lat' dir='ltr'><strong>specie</strong></span> <span class='ocrx_word' id='word_1_681' title='bbox 3292 4962 3418 5017; x_wconf 77' lang='lat' dir='ltr'><strong>fidei</strong></span> <span class='ocrx_word' id='word_1_682' title='bbox 3465 4961 3581 5049; x_wconf 82' lang='lat' dir='ltr'><strong>bel-</strong></span> 
     </span>
    </p>
   </div>
   <div class='ocr_carea' id='block_1_91' title="bbox 312 5053 1915 5142">
    <p class='ocr_par' dir='ltr' id='par_1_91' title="bbox 312 5067 1892 5142">
     <span class='ocr_line' id='line_1_91' title="bbox 312 5067 1892 5142; baseline -0.004 -16"><span class='ocrx_word' id='word_1_683' title='bbox 312 5073 465 5135; x_wconf 79' lang='grc' dir='ltr'>τινὰς</span> <span class='ocrx_word' id='word_1_684' title='bbox 506 5073 568 5125; x_wconf 83' lang='grc' dir='ltr'>ὲν</span> <span class='ocrx_word' id='word_1_685' title='bbox 609 5070 958 5142; x_wconf 86' lang='grc' dir='ltr'>προσχήματι</span> <span class='ocrx_word' id='word_1_686' title='bbox 990 5069 1089 5139; x_wconf 83' lang='grc' dir='ltr'><strong>τῆς</strong></span> <span class='ocrx_word' id='word_1_687' title='bbox 1133 5068 1412 5132; x_wconf 86' lang='grc' dir='ltr'>εὐσεϐείας</span> <span class='ocrx_word' id='word_1_688' title='bbox 1460 5067 1892 5140; x_wconf 88' lang='grc' dir='ltr'>στρατεύσασθαι</span> 
     </span>
    </p>
   </div>
   <div class='ocr_carea' id='block_1_92' title="bbox 1996 5053 3580 5142">
    <p class='ocr_par' dir='ltr' id='par_1_92' title="bbox 1996 5053 3580 5132">
     <span class='ocr_line' id='line_1_92' title="bbox 1996 5053 3580 5132; baseline -0.011 -8"><span class='ocrx_word' id='word_1_689' title='bbox 1996 5070 2112 5124; x_wconf 91' lang='lat' dir='ltr'><strong>lum</strong></span> <span class='ocrx_word' id='word_1_690' title='bbox 2136 5065 2382 5122; x_wconf 81' lang='lat' dir='ltr'><strong>inferant</strong></span> <span class='ocrx_word' id='word_1_691' title='bbox 2413 5082 2426 5119; x_wconf 91' lang='lat'>:</span> <span class='ocrx_word' id='word_1_692' title='bbox 2453 5077 2754 5132; x_wconf 90' lang='lat' dir='ltr'><strong>omnesque</strong></span> <span class='ocrx_word' id='word_1_693' title='bbox 2784 5058 3068 5130; x_wconf 83' lang='lat' dir='ltr'><strong>religionis</strong></span> <span class='ocrx_word' id='word_1_694' title='bbox 3110 5056 3352 5111; x_wconf 88' lang='lat' dir='ltr'><strong>cultores</strong></span> <span class='ocrx_word' id='word_1_695' title='bbox 3386 5053 3580 5126; x_wconf 87' lang='lat' dir='ltr'><strong>horum</strong></span> 
     </span>
    </p>
   </div>
   <div class='ocr_carea' id='block_1_93' title="bbox 314 5147 1915 5235">
    <p class='ocr_par' dir='ltr' id='par_1_93' title="bbox 314 5160 1892 5235">
     <span class='ocr_line' id='line_1_93' title="bbox 314 5160 1892 5235; baseline -0.003 -17"><span class='ocrx_word' id='word_1_696' title='bbox 314 5165 459 5219; x_wconf 79' lang='grc' dir='ltr'>κατὰ</span> <span class='ocrx_word' id='word_1_697' title='bbox 486 5164 588 5235; x_wconf 85' lang='grc' dir='ltr'>τῆς</span> <span class='ocrx_word' id='word_1_698' title='bbox 622 5165 881 5229; x_wconf 87' lang='grc' dir='ltr'>πίστεως,</span> <span class='ocrx_word' id='word_1_699' title='bbox 904 5162 1000 5215; x_wconf 73' lang='grc' dir='ltr'><strong>καὶ</strong></span> <span class='ocrx_word' id='word_1_700' title='bbox 1028 5162 1163 5215; x_wconf 73' lang='grc' dir='ltr'>πᾶσι</span> <span class='ocrx_word' id='word_1_701' title='bbox 1187 5160 1298 5225; x_wconf 81' lang='grc' dir='ltr'>τοῖς</span> <span class='ocrx_word' id='word_1_702' title='bbox 1329 5160 1580 5214; x_wconf 74' lang='grc' dir='ltr'>εὐσεϐέσι</span> <span class='ocrx_word' id='word_1_703' title='bbox 1620 5160 1702 5214; x_wconf 85' lang='grc' dir='ltr'><strong>δι’·</strong></span> <span class='ocrx_word' id='word_1_704' title='bbox 1714 5160 1892 5214; x_wconf 87' lang='grc' dir='ltr'>αὐτῶν</span> 
     </span>
    </p>
   </div>
   <div class='ocr_carea' id='block_1_94' title="bbox 1996 5147 3579 5235">
    <p class='ocr_par' dir='ltr' id='par_1_94' title="bbox 1996 5147 3579 5230">
     <span class='ocr_line' id='line_1_94' title="bbox 1996 5147 3579 5230; baseline -0.009 -15"><span class='ocrx_word' id='word_1_705' title='bbox 1996 5160 2311 5230; x_wconf 90' lang='lat' dir='ltr'><strong>importuna</strong></span> <span class='ocrx_word' id='word_1_706' title='bbox 2342 5154 2697 5212; x_wconf 85' lang='lat' dir='ltr'><strong>contentione</strong></span> <span class='ocrx_word' id='word_1_707' title='bbox 2723 5154 2779 5209; x_wconf 90' lang='lat' dir='ltr'><strong>in</strong></span> <span class='ocrx_word' id='word_1_708' title='bbox 2811 5150 3111 5227; x_wconf 89' lang='lat' dir='ltr'><strong>perniciem</strong></span> <span class='ocrx_word' id='word_1_709' title='bbox 3144 5148 3450 5203; x_wconf 85' lang='lat' dir='ltr'><strong>animarum</strong></span> <span class='ocrx_word' id='word_1_710' title='bbox 3492 5147 3579 5201; x_wconf 83' lang='lat' dir='ltr'><strong>in-</strong></span> 
     </span>
    </p>
   </div>
   <div class='ocr_carea' id='block_1_95' title="bbox 314 5239 1915 5329">
    <p class='ocr_par' dir='ltr' id='par_1_95' title="bbox 314 5252 1896 5329">
     <span class='ocr_line' id='line_1_95' title="bbox 314 5252 1896 5329; baseline -0.003 -18"><span class='ocrx_word' id='word_1_711' title='bbox 314 5257 545 5329; x_wconf 79' lang='grc' dir='ltr'>ἄκαιρον</span> <span class='ocrx_word' id='word_1_712' title='bbox 576 5255 929 5326; x_wconf 82' lang='grc' dir='ltr'>φιλονεικίαν,</span> <span class='ocrx_word' id='word_1_713' title='bbox 978 5253 1071 5307; x_wconf 72' lang='grc' dir='ltr'>καὶ</span> <span class='ocrx_word' id='word_1_714' title='bbox 1103 5253 1442 5326; x_wconf 74' lang='grc' dir='ltr'>ψυχοφθόρον</span> <span class='ocrx_word' id='word_1_715' title='bbox 1488 5253 1709 5308; x_wconf 80' lang='grc' dir='ltr'>ἐνέϐαλε</span> <span class='ocrx_word' id='word_1_716' title='bbox 1739 5252 1896 5307; x_wconf 84' lang='grc' dir='ltr'>πόλε-</span> 
     </span>
    </p>
   </div>
   <div class='ocr_carea' id='block_1_96' title="bbox 1996 5239 3584 5329">
    <p class='ocr_par' dir='ltr' id='par_1_96' title="bbox 1996 5239 3584 5321">
     <span class='ocr_line' id='line_1_96' title="bbox 1996 5239 3584 5321; baseline -0.008 -14"><span class='ocrx_word' id='word_1_717' title='bbox 1996 5251 2141 5307; x_wconf 80' lang='lat' dir='ltr'><strong>festo</strong></span> <span class='ocrx_word' id='word_1_718' title='bbox 2166 5250 2365 5321; x_wconf 72' lang='lat' dir='ltr'><strong>prmlio</strong></span> <span class='ocrx_word' id='word_1_719' title='bbox 2400 5242 2673 5311; x_wconf 82' lang='lat' dir='ltr'><strong>adoritur,</strong></span> <span class='ocrx_word' id='word_1_720' title='bbox 2703 5260 2814 5316; x_wconf 91' lang='lat' dir='ltr'><strong>quo</strong></span> <span class='ocrx_word' id='word_1_721' title='bbox 2834 5242 3097 5298; x_wconf 67' lang='lat' dir='ltr'><strong>Ecclesiae</strong></span> <span class='ocrx_word' id='word_1_722' title='bbox 3119 5239 3364 5295; x_wconf 90' lang='lat' dir='ltr'><strong>membra</strong></span> <span class='ocrx_word' id='word_1_723' title='bbox 3388 5253 3584 5311; x_wconf 85' lang='lat' dir='ltr'><strong>manus</strong></span> 
     </span>
    </p>
   </div>
   <div class='ocr_carea' id='block_1_97' title="bbox 318 5331 1915 5420">
    <p class='ocr_par' dir='ltr' id='par_1_97' title="bbox 318 5345 1894 5420">
     <span class='ocr_line' id='line_1_97' title="bbox 318 5345 1894 5420; baseline -0.002 -18"><span class='ocrx_word' id='word_1_724' title='bbox 318 5365 452 5414; x_wconf 75' lang='grc' dir='ltr'>μον,</span> <span class='ocrx_word' id='word_1_725' title='bbox 502 5349 596 5402; x_wconf 72' lang='grc' dir='ltr'>καὶ</span> <span class='ocrx_word' id='word_1_726' title='bbox 649 5349 749 5420; x_wconf 79' lang='grc' dir='ltr'>τῆς</span> <span class='ocrx_word' id='word_1_727' title='bbox 792 5346 1118 5415; x_wconf 83' lang='grc' dir='ltr'>Ἐκκλησίας</span> <span class='ocrx_word' id='word_1_728' title='bbox 1182 5345 1252 5398; x_wconf 82' lang='grc' dir='ltr'>τὰ</span> <span class='ocrx_word' id='word_1_729' title='bbox 1294 5345 1430 5416; x_wconf 80' lang='grc' dir='ltr'>μέλη</span> <span class='ocrx_word' id='word_1_730' title='bbox 1477 5347 1598 5399; x_wconf 80' lang='grc' dir='ltr'>κατ’</span> <span class='ocrx_word' id='word_1_731' title='bbox 1647 5345 1894 5417; x_wconf 83' lang='grc' dir='ltr'>ἀλλήλων</span> 
     </span>
    </p>
   </div>
   <div class='ocr_carea' id='block_1_98' title="bbox 1996 5331 3583 5420">
    <p class='ocr_par' dir='ltr' id='par_1_98' title="bbox 1996 5331 3583 5406">
     <span class='ocr_line' id='line_1_98' title="bbox 1996 5331 3583 5406; baseline -0.008 -8"><span class='ocrx_word' id='word_1_732' title='bbox 1996 5345 2142 5399; x_wconf 90' lang='lat' dir='ltr'><strong>inter</strong></span> <span class='ocrx_word' id='word_1_733' title='bbox 2174 5358 2234 5399; x_wconf 89' lang='lat' dir='ltr'><strong>se</strong></span> <span class='ocrx_word' id='word_1_734' title='bbox 2263 5349 2579 5397; x_wconf 84' lang='lat' dir='ltr'><strong>conserant.</strong></span> <span class='ocrx_word' id='word_1_735' title='bbox 2622 5337 2991 5406; x_wconf 82' lang='lat' dir='ltr'><strong>Quamobrem</strong></span> <span class='ocrx_word' id='word_1_736' title='bbox 3031 5334 3087 5390; x_wconf 90' lang='lat' dir='ltr'><strong>in</strong></span> <span class='ocrx_word' id='word_1_737' title='bbox 3133 5340 3299 5403; x_wconf 87' lang='lat' dir='ltr'><strong>caput</strong></span> <span class='ocrx_word' id='word_1_738' title='bbox 3346 5331 3583 5401; x_wconf 87' lang='lat' dir='ltr'><strong>improbi</strong></span> 
     </span>
    </p>
   </div>
   <div class='ocr_carea' id='block_1_99' title="bbox 314 5424 1915 5511">
    <p class='ocr_par' dir='ltr' id='par_1_99' title="bbox 314 5437 1896 5511">
     <span class='ocr_line' id='line_1_99' title="bbox 314 5437 1896 5511; baseline -0.001 -19"><span class='ocrx_word' id='word_1_739' title='bbox 314 5440 663 5511; x_wconf 72' lang='grc' dir='ltr'>ἐστράτευσε.</span> <span class='ocrx_word' id='word_1_740' title='bbox 695 5439 1023 5511; x_wconf 76' lang='grc' dir='ltr'>Στρέψωμεν</span> <span class='ocrx_word' id='word_1_741' title='bbox 1048 5437 1228 5490; x_wconf 80' lang='grc' dir='ltr'>τοίνυν</span> <span class='ocrx_word' id='word_1_742' title='bbox 1255 5437 1394 5495; x_wconf 76' lang='grc' dir='ltr'>κατὰ</span> <span class='ocrx_word' id='word_1_743' title='bbox 1412 5438 1510 5505; x_wconf 84' lang='grc' dir='ltr'><strong>τῆς</strong></span> <span class='ocrx_word' id='word_1_744' title='bbox 1536 5437 1699 5492; x_wconf 86' lang='grc' dir='ltr'>αὐτοῦ</span> <span class='ocrx_word' id='word_1_745' title='bbox 1726 5455 1896 5508; x_wconf 86' lang='grc' dir='ltr'>κεφα-</span> 
     </span>
    </p>
   </div>
   <div class='ocr_carea' id='block_1_100' title="bbox 1996 5424 3584 5511">
    <p class='ocr_par' dir='ltr' id='par_1_100' title="bbox 2000 5424 3584 5510">
     <span class='ocr_line' id='line_1_100' title="bbox 2000 5424 3584 5510; baseline -0.011 -14"><span class='ocrx_word' id='word_1_746' title='bbox 2000 5437 2327 5510; x_wconf 84' lang='lat' dir='ltr'><strong>sapientiam</strong></span> <span class='ocrx_word' id='word_1_747' title='bbox 2369 5437 2514 5491; x_wconf 85' lang='lat' dir='ltr'><strong>hanc</strong></span> <span class='ocrx_word' id='word_1_748' title='bbox 2558 5441 2971 5494; x_wconf 81' lang='lat' dir='ltr'><strong>convertamus,</strong></span> <span class='ocrx_word' id='word_1_749' title='bbox 3023 5427 3260 5499; x_wconf 81' lang='lat' dir='ltr'><strong>ejusque</strong></span> <span class='ocrx_word' id='word_1_750' title='bbox 3315 5424 3584 5497; x_wconf 87' lang='lat' dir='ltr'><strong>gaudium</strong></span> 
     </span>
    </p>
   </div>
   <div class='ocr_carea' id='block_1_101' title="bbox 316 5521 1915 5604">
    <p class='ocr_par' dir='ltr' id='par_1_101' title="bbox 316 5529 1891 5604">
     <span class='ocr_line' id='line_1_101' title="bbox 316 5529 1891 5604; baseline -0.001 -18"><span class='ocrx_word' id='word_1_751' title='bbox 316 5532 416 5604; x_wconf 78' lang='grc' dir='ltr'>λῆς</span> <span class='ocrx_word' id='word_1_752' title='bbox 447 5532 606 5586; x_wconf 86' lang='grc' dir='ltr'>τοῦτο</span> <span class='ocrx_word' id='word_1_753' title='bbox 647 5533 713 5604; x_wconf 81' lang='grc' dir='ltr'><strong>δὴ</strong></span> <span class='ocrx_word' id='word_1_754' title='bbox 758 5533 819 5585; x_wconf 82' lang='grc' dir='ltr'><strong>τὸ</strong></span> <span class='ocrx_word' id='word_1_755' title='bbox 851 5531 1043 5601; x_wconf 74' lang='grc' dir='ltr'>σοφὸν,</span> <span class='ocrx_word' id='word_1_756' title='bbox 1098 5530 1194 5584; x_wconf 75' lang='grc' dir='ltr'>καὶ</span> <span class='ocrx_word' id='word_1_757' title='bbox 1222 5529 1320 5601; x_wconf 82' lang='grc' dir='ltr'>τὴν</span> <span class='ocrx_word' id='word_1_758' title='bbox 1364 5530 1702 5602; x_wconf 85' lang='grc' dir='ltr'>εὐφροσύνην</span> <span class='ocrx_word' id='word_1_759' title='bbox 1728 5530 1891 5585; x_wconf 88' lang='grc' dir='ltr'>αὐτοῦ</span> 
     </span>
    </p>
   </div>
   <div class='ocr_carea' id='block_1_102' title="bbox 1996 5521 3585 5604">
    <p class='ocr_par' dir='ltr' id='par_1_102' title="bbox 1998 5521 3585 5591">
     <span class='ocr_line' id='line_1_102' title="bbox 1998 5521 3585 5591; baseline -0.01 -4"><span class='ocrx_word' id='word_1_760' title='bbox 1998 5533 2055 5587; x_wconf 91' lang='lat' dir='ltr'><strong>in</strong></span> <span class='ocrx_word' id='word_1_761' title='bbox 2088 5529 2333 5586; x_wconf 88' lang='lat' dir='ltr'><strong>dolorem</strong></span> <span class='ocrx_word' id='word_1_762' title='bbox 2383 5535 2438 5582; x_wconf 90' lang='lat' dir='ltr'><strong>et</strong></span> <span class='ocrx_word' id='word_1_763' title='bbox 2478 5527 2687 5581; x_wconf 90' lang='lat' dir='ltr'><strong>luctum</strong></span> <span class='ocrx_word' id='word_1_764' title='bbox 2739 5521 3027 5581; x_wconf 82' lang='lat' dir='ltr'><strong>salaminis</strong></span> <span class='ocrx_word' id='word_1_765' title='bbox 3072 5525 3353 5591; x_wconf 71' lang='lat' dir='ltr'><strong>expertem</strong></span> <span class='ocrx_word' id='word_1_766' title='bbox 3403 5521 3585 5572; x_wconf 88' lang='lat' dir='ltr'><strong>mute-</strong></span> 
     </span>
    </p>
   </div>
   <div class='ocr_carea' id='block_1_103' title="bbox 390 5667 1438 5741">
    <p class='ocr_par' dir='ltr' id='par_1_103' title="bbox 390 5667 1438 5741">
     <span class='ocr_line' id='line_1_103' title="bbox 390 5667 1438 5741; baseline -0.005 -15"><span class='ocrx_word' id='word_1_767' title='bbox 390 5671 412 5705; x_wconf 77' lang='grc'>⁸</span> <span class='ocrx_word' id='word_1_768' title='bbox 436 5671 670 5741; x_wconf 85' lang='lat' dir='ltr'><strong>Philipp.</strong></span> <span class='ocrx_word' id='word_1_769' title='bbox 700 5687 774 5734; x_wconf 84' lang='grc' dir='ltr'><strong>ιν,</strong></span> <span class='ocrx_word' id='word_1_770' title='bbox 805 5672 887 5725; x_wconf 75' lang='lat' dir='ltr'><strong>l3.</strong></span> <span class='ocrx_word' id='word_1_771' title='bbox 964 5672 984 5701; x_wconf 82' lang='grc'><strong><em>²</em></strong></span> <span class='ocrx_word' id='word_1_772' title='bbox 1029 5668 1183 5724; x_wconf 80' lang='lat' dir='ltr'><strong>Rom.</strong></span> <span class='ocrx_word' id='word_1_773' title='bbox 1228 5683 1345 5731; x_wconf 87' lang='lat' dir='ltr'><strong>vm,</strong></span> <span class='ocrx_word' id='word_1_774' title='bbox 1384 5667 1438 5722; x_wconf 90' lang='lat'><strong>9.</strong></span> 
     </span>
    </p>
   </div>
   <div class='ocr_carea' id='block_1_104' title="bbox 391 5800 1915 5883">
    <p class='ocr_par' dir='ltr' id='par_1_104' title="bbox 391 5804 1915 5883">
     <span class='ocr_line' id='line_1_104' title="bbox 391 5804 1915 5883; baseline -0.003 -19"><span class='ocrx_word' id='word_1_775' title='bbox 391 5808 472 5883; x_wconf 72' lang='lat'><strong>(2)</strong></span> <span class='ocrx_word' id='word_1_776' title='bbox 496 5812 574 5867; x_wconf 78' lang='lat' dir='ltr'><strong>Ex</strong></span> <span class='ocrx_word' id='word_1_777' title='bbox 606 5811 921 5881; x_wconf 84' lang='lat' dir='ltr'><strong>conjectura</strong></span> <span class='ocrx_word' id='word_1_778' title='bbox 954 5810 1054 5866; x_wconf 75' lang='lat' dir='ltr'><strong>viri</strong></span> <span class='ocrx_word' id='word_1_779' title='bbox 1100 5809 1249 5867; x_wconf 90' lang='lat' dir='ltr'><strong>docti</strong></span> <span class='ocrx_word' id='word_1_780' title='bbox 1275 5815 1328 5864; x_wconf 85' lang='lat' dir='ltr'><strong>et</strong></span> <span class='ocrx_word' id='word_1_781' title='bbox 1351 5805 1671 5877; x_wconf 80' lang='lat' dir='ltr'><strong>interpretis</strong></span> <span class='ocrx_word' id='word_1_782' title='bbox 1709 5804 1915 5877; x_wconf 72' lang='lat' dir='ltr'><strong>legendi</strong></span> 
     </span>
    </p>
   </div>
   <div class='ocr_carea' id='block_1_105' title="bbox 1996 5800 2713 5883">
    <p class='ocr_par' dir='ltr' id='par_1_105' title="bbox 1996 5800 2713 5874">
     <span class='ocr_line' id='line_1_105' title="bbox 1996 5800 2713 5874; baseline -0.004 -14"><span class='ocrx_word' id='word_1_783' title='bbox 1996 5840 1997 5843; x_wconf 60' lang='grc' dir='ltr'><strong>η</strong></span> <span class='ocrx_word' id='word_1_784' title='bbox 2027 5804 2246 5861; x_wconf 81' lang='lat' dir='ltr'><strong>videtur</strong></span> <span class='ocrx_word' id='word_1_785' title='bbox 2281 5800 2713 5874; x_wconf 79' lang='grc' dir='ltr'>συνοδοιπόρους.</span> 
     </span>
    </p>
   </div>
  </div>
