3950 6156
417 280 553 341 HM

1677 294 1734 348 S.
1775 293 2105 352 GﬂEGURll
2137 295 2436 353 NYSSENI

3536 292 3690 350 {ll-2

417 413 564 454 mus.
595 393 793 454 Pacem
834 413 996 469 quam
1035 400 1126 455 ille
1157 399 1291 466 odit,
1327 403 1750 474 amplectamur.
1780 405 1823 458 A
1853 422 1987 463 con-
2014 458 2018 467 .

2102 410 2481 478 ιεταόάλωμεν
2513 411 2592 474 εἰς
2615 409 2827 482 ὀδύνην,
2857 411 2952 466 καὶ
2993 411 3188 475 πένθος
3222 408 3688 479 ἀπαρηγόρητον.

416 487 753 544 tentionibus
803 489 1197 556 abstineamus,
1233 499 1288 547 et
1337 509 1367 546 a
1406 495 1724 565 dogmatum
1764 499 1991 555 vocibus

418 579 815 651 cxpendendis.
859 579 1214 653 Nequaquam
1248 586 1391 640 ultra
1436 588 1823 658 magistrorum
1868 606 1992 647 esse

421 673 670 743 magistri
692 673 948 730 velimus.
987 675 1431 746 Disceptationes
1453 681 1758 749 oderimus,
1789 683 1992 754 quibus

420 764 700 820 auditores
747 765 1156 822 subvertantur.
1211 768 1284 823 Ita
1317 771 1630 841 credamus,
1672 774 1751 828 uti
1809 783 1994 844 patres

421 857 595 912 nostri
656 857 1023 914 tradiderunt.
1058 858 1315 917 Patribus
1373 865 1582 918 nostris
1635 865 1996 934 sapientiores

422 962 531 1002 non
579 963 792 1014 sumus,
831 965 941 1004 non
985 951 1309 1008 doctoribus
1362 954 1758 1010 accuratiores.
1809 955 1870 1009 In
1897 973 1997 1025 pa-

421 1055 530 1092 cem
576 1052 671 1094 rtos
707 1041 908 1095 vocavit
945 1041 1085 1097 Deus
1107 1043 1150 1111 ³,
1192 1059 1303 1100 non
1341 1045 1395 1099 in
1427 1061 1688 1116 pugnam.
1719 1046 1996 1113 Quemad-

422 1129 646 1184 modum
693 1147 885 1189 sumus
929 1135 1134 1200 vocati,
1187 1136 1269 1191 sic
1309 1138 1553 1208 mysticae
1581 1154 1784 1194 mensae
1814 1139 1997 1194 adbaa-

422 1235 646 1279 reamus
668 1239 724 1277 tn
747 1237 856 1293 qua
875 1228 1124 1284 coelestia
1143 1230 1561 1301 participamus.
1591 1230 1712 1286 Non
1743 1232 1988 1286 commit-

423 1324 626 1376 tamus.
656 1326 716 1374 ιιι
743 1335 912 1389 penes
944 1320 1085 1376 idem
1111 1338 1297 1379 mensa
1327 1337 1435 1376 una
1459 1323 1728 1391 fruamur,
1756 1339 1819 1378 ac
1839 1325 1998 1379 nobis

425 1404 660 1460 invicem
703 1407 1031 1465 insidiemur
1062 1430 1076 1467 :
1114 1429 1223 1468 non
1259 1412 1352 1468 hic
1394 1415 1801 1470 communionis
1837 1417 1995 1479 socii,

429 1511 491 1552 ac
525 1496 665 1554 foris
693 1500 1065 1559 insidiatores.

2098 501 2462 574 Πενῡήσωμεν
2483 503 2561 574 (5)
2588 504 2687 573 τὴν
2713 503 2954 574 εἰρήνην,
2974 505 3040 576 ἢν
3062 505 3270 565 ἐκεῖνος
3305 503 3472 572 μισεῖ.
3496 501 3690 552 Κατα-

2098 594 2368 665 λείψωμεν
2398 595 2459 648 τὸ
2491 595 2819 666 ζυγομαχεῖν
2838 636 2852 658 ,
2900 596 2994 648 καὶ
3022 593 3340 664 σταθμίζειν
3362 589 3461 654 τὰς
3501 590 3692 654 λέξεις

2099 686 2191 740 τοῦ
2220 686 2507 756 δόγματος.
2564 686 2910 752 Παυσώμεθα
2953 685 3047 739 τοῦ
3082 685 3256 738 θέλειν
3282 678 3422 736 εἶναι
3454 679 3570 734 τῶν
3598 678 3691 730 δε-

2100 777 2382 832 δασκάλων
2415 779 2740 833 διδάσκαλοι.
2771 779 3107 849 Μισήσωμεν
3135 777 3198 830 τὸ
3222 774 3552 844 λογομαχεῖν
3585 770 3689 822 ἐπὶ

2102 870 2451 939 καταστροφῇ
2484 869 2593 922 τῶν
2619 869 2945 923 ἀκουόντων.
2979 866 3362 935 Πιστεύσωμεν
3388 863 3462 925 ὡς
3491 863 3543 914 oi.
3574 877 3690 912 πα·-

2097 957 2255 1027 τέρες
2287 957 2444 1027 ἡμῶν
2483 956 2892 1028 παραδέδωκαν.
2945 957 3059 1010 Οὐκ
3096 955 3261 1024 ὲσμὲν
3284 953 3390 1006 τῶν
3421 951 3691 1019 πατέρων

2102 1047 2399 1116 σοφώτεροι
2418 1064 2431 1078 ’
2458 1048 2560 1100 οὐκ
2579 1049 2746 1118 ἐσμὲν
2771 1048 2879 1101 τῶν
2905 1046 3237 1102 διδασκάλων
3263 1042 3686 1114 ἀκριϐέστεροι.

2114 1140 2210 1191 Ἐν
2249 1139 2456 1208 εἰρήνῃ
2485 1139 2779 1193 ἐκάλεσεν
2817 1138 2976 1209 ’ἡμᾶς
3001 1141 3034 1192 ὀ
3062 1137 3206 1202 Θεὸς
3225 1175 3240 1199 ,
3291 1135 3390 1187 οὐκ
3423 1135 3481 1186 ἐν
3507 1131 3687 1201 μάχῃ.

2113 1231 2201 1294 Ὠς
2247 1229 2590 1302 ὲκλήθημεν,
2630 1229 2802 1294 οὕτως
2845 1229 3260 1301 προσμείνωμεν
3316 1229 3384 1296 τῇ
3434 1224 3690 1294 μυστικῇ

2103 1322 2371 1392 τραπέζῃ,
2407 1323 2465 1375 ἐν
2561 1322 2670 1374 τῶν
2705 1321 2963 1392 οὐρανίων
3009 1318 3522 1392 μεταλαμϐάνομεν.
3588 1312 3692 1381 Μὴ

2104 1413 2380 1484 γινώμεθα
2428 1415 2568 1468 κατὰ
2613 1413 2804 1468 ταυτὸν
2854 1411 3237 1484 ὁμοτράπεζοι,
3289 1411 3383 1464 καὶ
3431 1406 3694 1476 ἀλλήλων

2103 1505 2376 1558 ἐπίϐουλοι
2396 1523 2412 1539 ·
2439 1507 2511 1576 μὴ
2536 1505 2766 1560 ἐνταῦθα
2793 1506 3116 1573 κοινωνικοὶ,
3133 1506 3228 1558 καὶ
3248 1503 3352 1568 ἔξω
3369 1497 3690 1556 ἐπίϐουλοι.

2001 1643 2088 1697 IV.

1542 1756 1626 1809 Ea:
1649 1773 1885 1811 sermone
1914 1756 1966 1810 in
2003 1757 2225 1811 Mariam
2251 1764 2305 1812 et
2328 1755 2548 1826 Josepb.

991 1868 1147 1937 Apud
1172 1867 1431 1932 LEQUIEN.
1464 1869 1532 1923 ad
1571 1869 1706 1940 Opp.
1739 1868 1796 1925 S.
1826 1869 1985 1925 Jom.
2029 1870 2263 1924 Duasc.
2304 1876 2432 1924 tom.
2471 1866 2518 1930 ι,
2557 1882 2679 1937 pag.
2717 1866 2842 1932 258,
2877 1873 2987 1920 not.
3019 1866 3074 1919 2.

496 2011 764 2067 Dominus
815 2010 1217 2082 primogenitus
1268 2026 1336 2066 ex
1381 2010 1607 2083 Virgine
1645 2013 1840 2078 audiit,
1887 2027 1996 2068 non

2167 2011 2514 2082 Πρωτότοκος
2559 2009 2588 2061 ὁ
2619 2007 2821 2079 Κύριος
2857 2010 3088 2080 ἤκουσεν
3120 2009 3185 2062 ὲκ
3223 2008 3323 2078 τῆς
3356 2009 3646 2081 Παρθένου
3671 2054 3695 2079 ,

426 2105 549 2175 quia
580 2103 936 2175 posteriorem
971 2103 1259 2174 quemdam
1299 2105 1518 2172 generis
1565 2104 1814 2174 ejusdem
1849 2104 1994 2159 asci—

425 2195 536 2258 vit,
590 2193 685 2248 sed
727 2194 852 2263 quia
912 2192 1032 2248 sine
1079 2193 1192 2247 ulla
1239 2195 1656 2263 comparatione
1698 2209 1823 2249 cum
1871 2193 1996 2248 ﬁliis

427 2285 708 2341 hominum
768 2286 1167 2356 primogenitus
1219 2295 1323 2341 est.
1373 2285 1563 2357 Neque
1619 2287 1762 2342 enim
1807 2301 1873 2342 ex
1929 2300 1996 2342 eo

425 2376 569 2448 quod
592 2377 890 2448 Apostolus
915 2376 980 2432 de
1009 2385 1209 2432 aeterna
1238 2378 1449 2433 Domini
1477 2393 1542 2433 ex
1572 2375 1735 2432 Patre
1767 2391 1991 2448 genera-

425 2467 574 2523 tione
604 2465 753 2532 dicit,
783 2465 886 2532 Qui
929 2475 1005 2521 est
1045 2467 1422 2537 primogenitae
1462 2468 1634 2522 omnis
1673 2478 1933 2521 creatum
1950 2469 1993 2531 ⁸,

423 2559 532 2628 jam
565 2565 622 2613 et
648 2557 817 2612 ullum
850 2555 1062 2612 Domini
1097 2557 1319 2612 fratrem
1357 2573 1464 2613 una
1500 2557 1850 2629 significavit.
1883 2557 1996 2613 Nec

423 2666 618 2706 rursus
666 2664 790 2704 cum
818 2648 965 2704 idem
995 2664 1117 2705 eum
1171 2650 1589 2720 primogenitum.
1619 2665 1684 2703 ex
1724 2651 1948 2704 mortuis
1973 2651 1994 2682 '

425 2742 804 2808 nuncupavit,
833 2739 945 2810 jam
996 2748 1050 2795 et
1081 2739 1298 2794 Domini
1328 2755 1646 2811 germanum
1680 2740 1775 2809 qui
1815 2740 1998 2795 consi-

425 2831 540 2884 mili
569 2829 731 2885 modo
761 2829 1041 2886 infernum
1069 2831 1382 2897 calcaverit,
1417 2830 1612 2885 innuit.
1651 2829 1856 2886 Verum
1894 2829 1998 2885 Do-

425 2918 608 2973 minus
641 2919 1044 2989 primogenitus
1083 2935 1148 2973 ex
1186 2919 1345 2975 Patre
1386 2929 1442 2975 et
1484 2937 1550 2975 ex
1586 2921 1810 2992 Virgine
1848 2930 1904 2976 et
1931 2937 1993 2976 ex

423 3007 658 3062 mortuis
688 3007 910 3074 dicitur,
937 3016 998 3063 ut
1026 3010 1391 3080 undequaque
1419 3011 1719 3082 singularis
1751 3012 1870 3080 ejus
1900 3027 1997 3067 ex-

425 3098 685 3154 cellentia
714 3107 1082 3171 cognoscatur
1116 3119 1128 3154 :
1166 3115 1294 3153 nam
1336 3107 1492 3154 extra
1527 3102 1996 3172 comparationem

423 3197 510 3244 est
551 3187 766 3243 Domini
813 3199 1006 3260 partus
1047 3209 1060 3244 :
1107 3190 1196 3245 ubi
1234 3190 1439 3260 quippe
1481 3192 1634 3262 virgo
1679 3200 1854 3246 mater
1891 3200 1995 3257 est,

426 3292 546 3348 qua-
564 3280 777 3337 ratioue
809 3280 1074 3351 explicari
1101 3290 1292 3350 partus
1324 3281 1542 3352 possit?

2097 2103 2195 2173 οὐχ
2218 2103 2298 2155 ὅτι
2325 2102 2573 2172 δεύτερόν
2599 2119 2719 2154 τινα
2747 2102 3036 2171 ὁμοιογενῆ
3070 2102 3535 2172 προσεκαλέσατο,
3563 2103 3690 2157 ἀλλ’

2097 2195 2177 2246 ὅτι
2210 2194 2552 2264 πρωτότοκος
2577 2185 2920 2274 ἀσυγκρίτως
2941 2194 3057 2246 ἐστὶ
3089 2193 3225 2264 πρὸς
3248 2194 3375 2256 τοὺς
3402 2195 3554 2258 υίοῦς
3572 2194 3692 2249 τῶν

2098 2280 2418 2352 ἀνθρώπων.
2459 2280 2595 2334 Οὐδὲ
2614 2279 2725 2352 γὰρ
2753 2281 2839 2334 διὰ
2860 2281 2922 2334 τὸ
2954 2282 3126 2334 εἰπεῖν
3151 2283 3180 2334 ὁ
3223 2281 3547 2346 ’Δπόστολος
3581 2300 3691 2336 πε-

2101 2374 2155 2443 ρὶ
2178 2375 2279 2444 τῆς
2319 2372 2415 2426 τοῦ
2455 2372 2666 2441 Κυρίου
2703 2374 2768 2426 ὲκ
2807 2373 3020 2444 [ἰατρὸς
3065 2374 3302 2444 ἀνάρχου
3349 2377 3686 2445 γεννήσεως,

2100 2466 2210 2530 ’Ὀς
2257 2460 2388 2519 ἐστι
2431 2467 2802 2533 πρωτότοκος
2853 2465 3059 2533 πάσης
3103 2467 3383 2532 κτίσεως,
3431 2467 3532 2538 ἤδη
3585 2469 3688 2520 καὶ

2100 2559 2326 2628 ἀδελφὸν
2350 2556 2444 2611 τοῦ
2478 2558 2685 2628 Κυρίου
2737 2557 3131 2627 συνεγράψατο.
3183 2557 3304 2609 Οὐδ’
3350 2551 3416 2610 αὖ
3464 2557 3628 2610 πάλιν
3653 2559 3688 2611 ὁ

2101 2647 2282 2711 αὐτὸς,
2313 2646 2658 2718 πρωτότοκον
2681 2648 2745 2700 ὲκ
2773 2645 2880 2700 τῶν
2911 2645 3120 2716 νεκρῶν
3151 2646 3408 2710 καλέσας,
3447 2646 3549 2716 ἤδη
3581 2647 3686 2700 καὶ

2101 2738 2338 2808 ὅμαιμον
2370 2737 2466 2790 τοῦ
2499 2737 2707 2806 Κυρίου
2743 2738 3137 2808 παρεισήγαγε,
3160 2736 3554 2808 παραπλησίως
3583 2737 3686 2789 τὸν

2103 2829 2235 2900 ᾅδην
2264 2832 2602 2900 πατήσαντα.
2654 2829 2814 2883 Ἀλλὰ
2846 2831 3186 2901 πρωτότοκος
3213 2832 3241 2884 ὁ
3267 2831 3466 2901 Κύριος
3489 2833 3556 2884 ἐκ
3579 2829 3682 2883 τοῦ

2100 2921 2310 2994 Πατρδς
2356 2922 2450 2976 καὶ
2481 2923 2545 2976 ὲκ
2589 2922 2687 2992 τῆς
2729 2921 3006 2993 Παρθένου
3046 2922 3141 2975 καὶ
3175 2923 3240 2975 ἐκ
3291 2921 3399 2975 τῶν
3440 2921 3682 2992 νεκρῶν,

2101 3013 2186 3066 ἵνα
2236 3012 2324 3074 διὰ
2380 3013 2598 3067 πάντων
2645 3012 2826 3084 γνωθῇ
2873 3013 2934 3066 τὸ
2974 3012 3257 3082 μοναδικὸν
3293 3012 3393 3082 τῆς
3429 3011 3685 3084 υῐότητος

2099 3099 2334 3170 ἀξίωμα.
2395 3100 2746 3172 Ἀσύγκριτος
2767 3100 2875 3171 γὰρ
2917 3101 2945 3153 ὁ
2970 3098 3286 3163 δεσποτικὸς
3319 3099 3504 3162 τόκος-υ
3538 3100 3686 3152 ὅπου

2100 3191 2260 3261 γὰρὴ
2296 3193 2476 3266 μήτηρ
2507 3192 2792 3263 παρθένος,
2823 3190 2940 3255 πῶς
2966 3191 3118 3255 τόκος
3148 3191 3614 3262 ἑρμηνευόμενος;

2010 3392 2076 3446 γ.

1245 3512 1397 3580 Apud
1439 3511 1497 3566 S.
1527 3509 1773 3566 Joannem
1806 3511 2163 3568 DAHASCENUM
2192 3513 2286 3567 tib.
2320 3523 2513 3568 contra
2539 3512 2843 3576 Jacobitas,

1671 3624 1803 3696 Opp.
1843 3636 1967 3680 tant.
2014 3625 2066 3694 I,
2106 3642 2226 3698 pag.
2265 3626 2391 3683 424.

426 3746 614 3804 Sancti
655 3743 897 3815 Gregorii
930 3743 1184 3815 Nyssent',
1219 3759 1284 3824 ea:
1321 3744 1547 3814 epistola
1589 3743 1657 3799 ad
1687 3743 1995 3815 Philippum

2104 3744 2220 3799 Τοῦ
2255 3745 2428 3824 ἁγίου
2457 3722 2789 3824 Γρηγορίου
2826 3743 2905 3813 (4)
2932 3743 3267 3824 ἐςτέσκόπρυ
3294 3741 3574 3824 Νύσσης,
3608 3744 3683 3799 ἔτι

1034 3815 1384 3870 monachum.

490 3935 626 4000 Quae
669 3941 800 3989 sunt
843 3931 1091 4002 ejusdem
1136 3929 1479 3996 substantiae,
1519 3930 1623 3984 hoc
1671 3929 1896 3996 habent,
1938 3941 1997 3984 ut

424 4024 536 4082 siut
563 4024 708 4078 idem
747 4040 761 4077 :
794 4030 990 4077 contra
1034 4029 1238 4086 autem,
1261 4037 1384 4091 qua:
1416 4020 1667 4077 diversae.
1695 4020 1810 4077 Etsi
1849 4022 1994 4076 enim

424 4114 586 4169 ambo
619 4114 822 4167 unione
849 4127 972 4182 quae
1003 4113 1235 4183 exprimi
1269 4129 1378 4168 non
1419 4114 1614 4183 possit,
1648 4129 1814 4168 unum
1841 4120 1990 4176 sunt,

423 4217 534 4258 non
558 4209 743 4257 tamen
779 4208 998 4266 natura,
1025 4203 1154 4272 quia
1177 4218 1286 4257 non
1317 4202 1583 4258 confusae.
1617 4202 1871 4258 Christus
1892 4203 1994 4256 ita-

421 4311 529 4367 que
563 4309 688 4350 cum
713 4293 835 4348 duae
867 4300 1077 4348 natura:
1118 4295 1189 4349 sit
1213 4294 1268 4348 in
1295 4295 1496 4365 quibus
1535 4309 1660 4350 vere
1691 4309 1992 4366 cognosca-

422 4401 530 4457 tur,
562 4395 618 4446 et
654 4388 988 4462 singularem
1018 4386 1298 4443 ﬁliationis
1333 4401 1626 4458 personam
1659 4387 1844 4442 habet.

1996 4523 2082 4579 Vl.

2244 3812 2356 3883 τῆς
2386 3813 2524 3885 πρὸς
2558 3814 2824 3868 Φίλιππον
2855 3812 3158 3885 μονάζοντα
3182 3812 3532 3882 ἐπιστολῆς.

2175 3929 2255 3982 Τὰ
2286 3927 2385 3999 μὲν
2407 3927 2669 4000 ὁμοούσια
2705 3928 3013 3999 ταυτότητα
3046 3927 3305 3999 κέκτηται
3326 3943 3339 3957 ·
3382 3926 3452 3980 τὰ
3474 3926 3532 3980 δὲ
3562 3927 3684 3981 ἑτε-

2106 4021 2323 4091 ροούσια
2361 4019 2423 4073 τό
2473 4020 2762 4075 ἀνάπαλιν.
2821 4020 2938 4074 Κᾶν
2967 4020 3078 4092 γὰρ
3129 4021 3353 4092 ἀρρήτῳ
3383 4017 3574 4071 ὲνὼσει
3610 4017 3682 4071 τὰ

2101 4114 2385 4184 ἀμφότερα
2413 4113 2493 4178 ἓν,
2521 4113 2634 4167 ἀλλ’
2664 4115 2723 4166 οὐ
2750 4114 2815 4184 τῇ
2848 4113 3030 4182 φύσει,
3060 4113 3150 4166 διὰ
3183 4113 3242 4166 τὸ
3277 4109 3680 4181 ἀσύγχυτον.⁰ο

2099 4204 2277 4258 τοίνυν
2321 4205 2554 4276 Χριστὸς
2585 4203 2677 4258 δύο
2713 4204 2972 4273 ὑπάρχων
3003 4203 3213 4273 φύσεις,
3249 4203 3364 4257 ἀλλ’
3395 4204 3452 4255 ὲν
3482 4201 3678 4264 αὑταῖς

2096 4295 2312 4366 ἀληθῶς
2352 4296 2776 4367 γνωριζόμενος,
2817 4295 3104 4366 μοναδικὺν
3139 4294 3253 4366 ἔχει
3285 4293 3386 4363 τῆς
3430 4293 3681 4364 vi.qu

2094 4388 2154 4441 τὸ
2188 4390 2498 4460 πρόσωπον.

1338 4605 1439 4693 Ἐκ
1477 4638 1586 4708 τῆς
1611 4641 1834 4704 ,βίϐλου
1857 4643 1966 4712 τῆς
2006 4644 2340 4715 λεγομένης
2389 4643 2756 4711 Θεογνωσίας.

1471 4751 1724 4808 Ex-libro
1754 4755 2008 4825 inscripto
2043 4755 2119 4813 De
2159 4756 2475 4828 cognitione
2503 4753 2620 4810 Dei.

1197 4873 1350 4944 Apud
1401 4872 1842 4930 Euruvutuu
1927 4876 2384 4940 ZIGABENUI,
2427 4875 2933 4946 Panopl.Dogmat.

1407 4953 1547 5013 part.
1583 4961 1621 5011 ι,
1655 4947 1738 4998 tit.
1775 4947 1827 5013 Ι,
1857 4963 1977 5019 pag.
2015 4951 2066 5014 1,
2109 4947 2236 5002 edit.
2291 4947 2470 5002 Venet.
2509 4946 2669 5000 1575.

485 5057 644 5125 Quod
691 5059 738 5114 si
808 5073 874 5114 ex
938 5058 1271 5130 simplicium
1328 5060 1750 5125 elementorum,
1812 5073 1995 5129 terrae,
2031 5077 2076 5130 ι)
2106 5075 2165 5120 ut
2194 5065 2394 5120 asserit
2424 5062 2725 5134 Epicurus;
2761 5062 2907 5131 quod
2939 5061 3186 5133 genitum
3213 5067 3297 5115 est
3335 5074 3441 5114 non
3467 5057 3676 5130 genito,

412 5165 590 5220 aquae,
635 5147 802 5212 aeris,
853 5151 998 5222 ignis
1048 5152 1427 5223 permistione,
1469 5163 1563 5207 aut
1593 5170 1657 5209 ex
1695 5169 1998 5225 corpuscu-

413 5240 481 5298 lis
508 5240 810 5298 individuis
850 5243 1034 5296 omnia
1065 5257 1186 5313 qua:
1212 5245 1267 5297 in
1298 5244 1505 5299 mundo
1541 5253 1689 5310 sunt,
1714 5256 1993 5316 constent,

485 5378 506 5409 ⁸
545 5377 567 5432 I
600 5378 727 5435 Cor.
761 5395 860 5444 vn,
901 5379 989 5435 15.
1066 5379 1330 5438 ⁸001088.
1361 5399 1400 5450 ι,
1439 5384 1527 5438 15.
1569 5385 1591 5416 ⁸
1631 5385 1767 5440 ibid.
1809 5385 1895 5439 18.

507 5510 563 5578 5)
593 5513 768 5565 Hero.
803 5509 972 5580 Lego,
1003 5511 1224 5583 ποθήσω
1271 5531 1349 5567 εν.
1382 5513 1640 5578 LEQUIEN.

481 5510 564 5648 i4)
596 5581 708 5634 Τοῦ
728 5582 822 5648 ἀγ.
843 5585 1028 5648 Γρητ.
1058 5583 1204 5638 idem
1225 5531 1588 5648 ﬁagtnentum
1618 5601 1640 5637 r

509 5579 564 5649 4)
596 5581 708 5634 Τοῦ
728 5582 822 5652 ἁτε
843 5579 1028 5652 Γρητ.
1058 5579 1204 5638 idem
1225 5579 1588 5652 fragmentum
1618 5584 1997 5640 recitatLeon-

412 5649 527 5704 tius
549 5658 738 5703 contra
769 5649 1120 5724 Nestoriagos
1145 5662 1194 5706 et
1222 5649 1583 5724 Eutycht'anos
1607 5671 1624 5708 :
1661 5655 1904 5724 illudque
1919 5671 1986 5709 ex

416 5725 635 5778 vetusto
665 5735 768 5774 ms.
799 5721 987 5777 codice
1017 5720 1211 5778 Graeco
1244 5720 1459 5780 Venet-43
1494 5720 1836 5781 bibliothecae
1867 5726 1984 5781 vul-

2103 5157 2360 5228 quodque
2376 5155 2581 5211 factum
2599 5154 2875 5219 eﬁ‘ectore,
2895 5153 3018 5209 sine
3035 5152 3141 5208 ulla
3165 5152 3503 5208 dubitatione
3527 5157 3680 5202 tanta

2105 5249 2458 5321 praestantius
2479 5255 2642 5318 atque
2674 5245 2991 5318 praaclarius
3019 5243 3482 5315 deprehendetur,
3501 5255 3679 5314 quan-

2101 5515 2249 5584 gavit
2272 5512 2339 5570 ν.
2371 5512 2433 5567 C.
2467 5512 2738 5584 Antonius
2770 5508 3141 5584 Bongiovanni
3174 5509 3228 5562 in
3259 5507 3530 5576 Supplem.
3553 5526 3679 5562 con-

2100 5580 2192 5639 ἱὶι.
2215 5584 2473 5648 Lucensi,
2507 5593 2636 5637 tom.
2665 5580 2752 5648 Vl,
2773 5597 2896 5651 pag.
2927 5580 3052 5651 449.
3076 5580 3472 5651 Argumentth
3496 5589 3677 5651 autem

2097 5655 2342 5722 epistolae
2390 5655 2446 5706 in
2496 5652 2718 5707 laudato
2751 5648 2959 5722 codice;
2991 5650 3062 5702 ita
3101 5648 3359 5722 eﬂertur;
3399 5648 3536 5722 Περζι
3581 5648 3677 5713 τῆς

2089 5714 2202 5780 τῶν
2234 5722 2528 5793 Ἀρειανῶν
2555 5723 2898 5785 ἀντιθέσεως,
2928 5714 2995 5790 ἧς
3026 5722 3058 5789 ἡ
3091 5719 3255 5791 ἀρχή·
3290 5719 3353 5771 Ἡ
3393 5714 3568 5771 κακία
3585 5732 3681 5782 γε-
