3950 6156
336 379 481 439 “i3

1743 381 2189 439 FRAGMENTA.

3445 389 3584 446 HM

337 504 395 550 to
418 496 760 567 simplicibus
785 497 1071 555 elementis
1107 508 1164 555 et
1194 498 1544 570 corpusculis
1586 496 1719 564 illis,
1763 512 1904 568 quas
1933 503 1979 558 Α
2007 499 2248 567 elephas,
2291 504 2387 552 aut
2428 496 2474 552 si
2511 497 2659 568 quod
2700 497 2903 553 animal
2944 497 3234 568 elephants
3270 498 3450 570 majus
3476 515 3579 567 est,

331 595 553 642 atomos
573 587 783 656 dicunt,
823 590 990 646 homo
1039 592 1327 662 praeceliit.
1371 591 1640 646 Praeterea
1678 605 1908 661 quomo—

330 679 400 732 do
433 694 553 748 qua:
583 688 776 735 natura
803 681 947 736 inter
967 697 1029 738 se
1062 683 1344 738 contraria
1376 689 1524 747 sunt,
1557 689 1652 735 aut
1678 681 1798 737 sine
1813 680 1908 737 de-

329 771 590 826 trimento
608 771 677 826 ad
696 773 859 827 unius
880 773 1035 828 orbis
1053 773 1444 844 perfectionem
1467 778 1870 828 concurrerunt
1889 788 1904 823 :

328 870 423 915 aut
462 863 582 918 sine
617 865 852 920 consilio
877 865 1204 934 rationeque
1245 865 1609 921 conveniente
1655 864 1798 919 inter
1846 877 1906 919 se

327 959 381 1007 et
412 967 720 1024 congruere
741 963 1037 1026 potuerunt
1057 976 1070 1012 :
1089 969 1183 1012 aut
1215 957 1423 1012 homini
1453 956 1722 1010 rationem
1751 955 1902 1010 inse-

328 1058 471 1109 rere,
520 1059 630 1115 qua
673 1045 791 1117 ipsa
839 1053 1030 1102 carent
1068 1049 1316 1114 omnino,
1353 1047 1554 1117 quippe
1581 1060 1703 1116 qua:
1736 1042 1904 1098 animi

329 1148 395 1188 ac
435 1150 636 1191 sensus
669 1139 918 1206 expertia
962 1138 1114 1194 sint?
1163 1138 1345 1205 Quid?
1374 1137 1569 1194 Nonne
1595 1137 1905 1207 oportebat,

329 1225 421 1280 cui
465 1237 674 1282 natura:
710 1243 824 1286 suae
872 1230 1169 1300 plurimum
1214 1230 1563 1296 tribuissent,
1600 1229 1783 1299 qualis
1823 1236 1908 1284 est

2007 589 2060 644 id
2087 588 2392 643 minoribus
2409 589 2739 645 animalibus
2757 596 2816 643 ut
2840 589 3034 644 ducem
3052 605 3346 660 regemque
3365 602 3584 660 praesta—

2009 679 2102 736 re?
2141 677 2300 733 Nunc
2328 687 2510 734 autem
2540 679 2725 745 homo,
2768 681 3060 749 elephanto
3081 683 3335 752 corporis
3369 686 3586 754 magni-

2009 770 2199 826 tudine
2233 785 2298 824 ac
2330 770 2528 826 robore
2569 770 2756 825 multis
2784 772 3034 840 partibus
3064 771 3318 838 inferior,
3351 771 3586 844 imperat

2009 862 2085 916 illi
2117 870 2342 931 propter
2376 863 2652 916 rationem
2698 877 2807 932 qua
2835 862 2902 915 ab
2940 863 3137 932 epiﬁee
3176 878 3279 918 suo
3305 864 3467 934 plane
3499 864 3585 918 di-

2011 961 2160 1008 tatus
2189 961 2295 1009 est.
2338 952 2457 1008 Jam
2499 957 2591 1025 qui
2628 953 2745 1010 ﬁeri
2773 961 2974 1024 potest,
3000 961 3058 1008 ut
3086 971 3154 1008 ex
3191 955 3259 1011 iis
3302 969 3425 1024 qua.
3451 969 3587 1009 casu

2011 1052 2324 1116 temereque
2349 1044 2622 1112 feruntur,
2656 1045 2964 1102 consistant
2989 1061 3052 1100 ea
3083 1061 3204 1115 quae
3231 1047 3424 1103 ordine
3450 1061 3587 1102 con-

2014 1136 2206 1192 stituta
2241 1144 2371 1193 sunt
2391 1137 2413 1190 ?

1568 1343 1710 1398 Ibid.
1753 1343 1838 1397 tit.
1871 1342 1925 1410 8,
1955 1360 2077 1414 pag.
2119 1342 2191 1398 25
2215 1360 2354 1414 seqq.

486 1453 824 1530 Omniaquaa
844 1468 1140 1530 sequuntur
1175 1461 1372 1528 capita,
1413 1468 1626 1530 excepto
1661 1458 1844 1529 quinto
1874 1457 2012 1528 quod
2048 1467 2124 1512 est
2159 1456 2349 1530 Basilii
2382 1458 2590 1530 magni,
2645 1467 2858 1530 sumpta
2890 1466 3013 1512 sunt
3045 1473 3109 1530 ex
3153 1456 3288 1511 libro
3329 1457 3418 1528 qui

687 1528 998 1582 inscribitur
1017 1529 1092 1585 De
1117 1526 1430 1601 cognitione
1473 1526 1590 1596 Dei,
1624 1526 1776 1599 cujus
1802 1526 1989 1582 auctor
2025 1544 2138 1583 esse
2169 1528 2341 1598 fertur
2369 1526 2685 1586 Gnecomus
2711 1528 2905 1599 Nyssa:
2930 1528 3186 1599 pontifex.

399 1670 512 1728 Lex
557 1681 614 1728 et
669 1673 972 1744 pmphetse,
1016 1688 1252 1745 quorum
1310 1673 1592 1744 plenitudo
1650 1672 1906 1729 Christus
1937 1681 1980 1735 Β
2010 1674 2177 1732 Mosis
2221 1673 2431 1743 scripta
2479 1675 2616 1739 sint,
2648 1674 2919 1739 fvidentur
2969 1674 3242 1744 ignorare.
3285 1673 3377 1728 Sic
3405 1681 3586 1730 autem

329 1774 436 1832 est,
490 1766 674 1822 omnia
728 1782 851 1837 quae
906 1773 1021 1821 tum
1072 1767 1140 1821 ad
1198 1768 1377 1838 ipsum
1427 1765 1731 1830 Christum,
1790 1771 1906 1819 tum

328 1858 497 1914 etiam
532 1858 600 1912 ad
627 1868 875 1913 sanctam
920 1859 1199 1930 pertinent
1244 1856 1592 1924 Trinitatem,
1634 1858 1909 1915 subtiliter

329 1949 792 2020 perscripserunt.
823 1947 932 2004 Sed
960 1949 1149 2005 divina
1174 1948 1382 2006 factum
1427 1958 1513 2006 est
1540 1949 1906 2020 providentia,

331 2049 392 2094 ut
407 2040 578 2094 multa
601 2039 721 2096 fuse
745 2055 936 2110 sparsa
955 2039 1428 2111 disseminataque
1442 2041 1576 2104 sint,
1601 2047 1657 2095 et
1674 2040 1910 2097 obscure

329 2132 543 2203 posita;
579 2147 650 2188 ne
688 2146 814 2186 cum
845 2131 1024 2186 adhuc
1065 2139 1256 2188 essent
1303 2131 1542 2188 infantes
1581 2130 1776 2195 Judaei,
1809 2146 1908 2186 nec

329 2236 453 2292 quae
479 2221 801 2276 sublimiora
828 2227 958 2276 sunt
977 2230 1204 2292 possent
1229 2223 1531 2292 percipere,
1557 2222 1626 2277 ad
1650 2223 1909 2292 indignas

329 2312 622 2382 Opiniones
671 2312 1036 2378 declinarent,
1068 2321 1124 2370 et
1148 2314 1295 2384 quod
1324 2314 1396 2370 ab
1439 2315 1592 2369 omni
1619 2313 1910 2369 aﬂectione

328 2405 758 2460 remotissimum
783 2411 888 2469 est,
923 2403 1306 2461 aliectionibus
1334 2407 1636 2461 obnoxium
1675 2405 1910 2459 arbitra-

330 2505 541 2552 rentur.
585 2496 800 2553 Etenim
852 2512 976 2552 cum
1034 2498 1179 2552 Deus
1234 2499 1291 2552 in
1335 2498 1518 2554 Horeb
1569 2513 1666 2554 eos
1700 2498 1907 2567 alloqui

329 2589 610 2659 coepisset,
665 2589 939 2659 ejusmodi
982 2590 1235 2646 oratione
1279 2605 1435 2645 suam
1478 2591 1908 2646 imbecillitatem

329 2688 665 2738 excusarunt
691 2722 708 2748 ,
744 2681 870 2736 Non
905 2698 1204 2755 pergemus,
1237 2684 1572 2753 inquientes,
1604 2684 1792 2739 audire
1820 2702 1910 2740 vo-

331 2789 440 2830 cem
477 2774 687 2828 Domini
742 2775 840 2828 Dei
865 2775 1056 2840 nostri,
1109 2791 1202 2830 nec
1243 2776 1416 2846 ignem
1476 2776 1618 2829 hunc
1657 2793 1909 2847 magnum

332 2864 627 2920 videbimus
655 2865 906 2933 amplius,
941 2882 1005 2919 ne
1028 2867 1347 2920 moriamur.
1390 2864 1459 2919 Et
1482 2866 1618 2920 dixit
1647 2866 1907 2923 Dominus

332 2958 402 3011 ad
438 2973 518 3011 me
559 2956 706 3028 (haec
749 2966 879 3013 sunt
929 2957 1098 3012 verba
1143 2956 1311 3013 Mosis
1354 2957 1684 3028 scribentis)
1717 2977 1731 3013 :
1768 2960 1908 3013 Bene

332 3048 513 3102 omnia
551 3057 675 3100 sunt
711 3046 894 3101 locuti.
916 3045 1242 3116 Prophetam
1272 3047 1543 3102 suscitabo
1561 3050 1636 3102 eis
1658 3048 1722 3102 de
1741 3049 1908 3103 medio
1937 3033 1979 3090 ο

329 3141 565 3210 fratrum
601 3156 818 3194 suorum
867 3137 1098 3194 similem
1129 3138 1244 3203 tibi,
1280 3148 1329 3192 et
1356 3153 1551 3207 ponam
1596 3139 1755 3194 verba
1795 3155 1912 3193 mea

330 3235 385 3288 in
415 3248 505 3286 ore
545 3232 682 3301 ejus,
729 3239 779 3286 et
815 3232 1057 3301 loquetur
1102 3230 1172 3286 ad
1212 3247 1300 3286 eos
1344 3232 1525 3286 omnia
1561 3247 1679 3302 qua:
1716 3246 1912 3300 praeco

328 3342 454 3396 pero
495 3325 579 3378 illi
601 3325 642 3378 °.
707 3323 833 3379 llaec
874 3323 1097 3394 quidem
1140 3323 1216 3377 ita
1249 3337 1311 3378 se
1345 3321 1567 3377 habent.
1608 3319 1909 3376 Verborum

331 3425 512 3472 autem
558 3416 674 3471 haec
716 3423 802 3472 est
858 3417 1166 3472 sententia:
1206 3416 1475 3483 Quoniam
1523 3413 1629 3485 ipsi
1679 3428 1765 3468 me
1818 3427 1910 3467 ne-

330 3515 538 3579 queunt
568 3507 778 3574 audire,
814 3507 1132 3577 Prophetam
1165 3507 1433 3565 suscitabo
1459 3507 1535 3562 eis
1567 3506 1644 3577 (et
1676 3519 1798 3575 quae
1825 3519 1911 3560 se-

329 3603 617 3672 quuntur),
647 3601 742 3672 qui
779 3603 1056 3657 nuntiabit
1091 3601 1202 3658 illis
1237 3615 1301 3656 ea
1334 3614 1477 3670 quae,
1506 3609 1567 3652 ut
1603 3613 1749 3651 nunc
1787 3597 1910 3665 qui-

331 3691 455 3746 dem
494 3707 584 3747 res
621 3701 727 3757 est,
761 3693 1068 3764 intelligere
1100 3707 1215 3747 non
1263 3696 1515 3762 possunt.
1573 3688 1706 3754 Quae
1743 3686 1910 3741 nimi-

330 3800 453 3839 rum
488 3785 553 3838 ad
577 3783 796 3840 Patrem
824 3792 880 3839 et
911 3784 1112 3838 Filium
1143 3790 1199 3838 et
1231 3781 1501 3852 Spiritum
1541 3786 1815 3842 sanctum,
1858 3787 1912 3833 et

331 3873 401 3929 ad
438 3873 677 3930 divinam
709 3874 963 3929 humanae
1001 3881 1213 3930 natura:
1251 3875 1528 3945 pertinent
1571 3869 1908 3941 assumptio-

330 3981 478 4031 nem,
509 3975 564 4022 et
584 3967 688 4021 alia
717 3982 838 4037 qua:
864 3981 962 4036 per
987 3965 1344 4037 Evangelium
1375 3965 1722 4036 promulgata
1756 3971 1906 4018 sunt.

329 4056 467 4112 illud
519 4057 684 4121 enim,
717 4057 945 4112 similem
981 4056 1096 4124 tibi,
1131 4056 1552 4113 similitudinem
1601 4056 1656 4109 in
1697 4053 1909 4124 legibus

327 4149 642 4205 sanciendis
673 4151 1021 4213 potissimum
1056 4149 1286 4204 indicat.
1331 4151 1400 4203 At
1434 4147 1595 4204 Jesus
1623 4145 1772 4202 Nave
1813 4160 1910 4200 ne-

328 4255 438 4311 que
486 4239 554 4294 ad
598 4241 729 4295 talia
761 4240 878 4294 visa
914 4246 968 4294 et
1011 4239 1262 4304 oracula,
1297 4246 1359 4294 ut
1387 4237 1587 4305 Moses,
1629 4236 1908 4292 admissus

328 4341 436 4400 est,
479 4348 658 4403 neque
698 4333 1000 4404 legislator,
1046 4339 1105 4387 ut
1153 4332 1266 4396 ille,
1317 4331 1440 4398 fuit,
1480 4346 1660 4401 neque
1697 4336 1905 4384 tantam

329 4426 452 4482 iniit
482 4425 737 4496 gratiam,
767 4433 1032 4495 quantam
1087 4423 1204 4479 ille.
1243 4421 1500 4478 Christus
1525 4437 1658 4476 vero
1695 4436 1819 4475 cum
1851 4420 1905 4474 in

330 4514 572 4571 ferendis
601 4514 815 4586 legibus
841 4513 920 4568 illi
957 4513 1158 4570 similis
1185 4511 1393 4577 fuerit;
1445 4512 1502 4566 in
1533 4512 1784 4582 reliquis,
1827 4510 1908 4565 uti

330 4607 614 4674 Dominus,
645 4606 984 4663 antecelluit.
1013 4604 1172 4673 Quod
1207 4611 1390 4660 autem
1420 4604 1567 4659 filius
1601 4602 1751 4659 Nave
1795 4618 1906 4658 non

330 4699 404 4757 sit
441 4700 534 4755 ille
565 4699 828 4770 propheta
862 4712 1026 4769 quem
1058 4696 1206 4753 Deus
1235 4696 1518 4768 pollicitus
1544 4703 1654 4760 est,
1688 4695 1760 4749 ita
1791 4695 1909 4750 col-

329 4792 468 4862 lige:
511 4790 655 4846 Dixit
694 4790 872 4846 Moses
916 4789 986 4844 ad
1029 4789 1288 4860 populum
1327 4789 1383 4844 in
1417 4788 1845 4845 Deuteronomio
1886 4808 1900 4842 :

330 4883 652 4948 Prophetam
681 4897 709 4934 ε
739 4880 997 4950 fratribus
1035 4883 1237 4934 nostris
1265 4881 1548 4937 suscitabit
1584 4880 1682 4934 tibi
1719 4879 1906 4934 Domi-

326 4993 429 5032 rtus
458 4974 597 5030 Deus
627 4983 747 5027 tuus
763 4973 806 5026 ⁷.
839 4975 909 5026 At
938 4972 1084 5028 ﬁlius
1118 4971 1268 5029 Nave
1315 4975 1490 5029 multo
1512 4983 1640 5030 ante
1663 4989 1761 5044 per
1789 4989 1910 5029 ma-

327 5085 436 5126 nus
469 5068 639 5124 Musis
678 5081 710 5120 a
741 5063 849 5121 Deo
889 5064 1066 5121 fuerat
1101 5063 1442 5133 declaratus,
1484 5075 1544 5121 ut
1579 5066 1634 5121 in
1661 5066 1909 5124 Levitico

326 5159 584 5229 legimus.
617 5156 774 5212 Alius
804 5170 936 5226 ergo
969 5163 1166 5225 praeter
1195 5156 1345 5211 hunc
1369 5165 1490 5212 erat
1523 5158 1904 5215 suscitandus.

323 5249 502 5308 Judaei
537 5265 666 5306 vero
697 5264 820 5321 quae
845 5249 902 5304 in
928 5247 1341 5306 Deuteronomii
1373 5250 1481 5307 fine
1507 5259 1634 5320 post
1677 5244 1916 5306 mortenf

2015 1771 2265 1826 habent:
2313 1768 2437 1824 Non
2491 1768 2721 1822 surrexit
2787 1766 3041 1835 propheta
3087 1766 3142 1818 in
3213 1764 3415 1818 lsraele
3452 1767 3589 1820 sicut

2016 1861 2215 1930 Moses,
2244 1877 2397 1932 quem
2428 1860 2570 1914 nouit
2604 1858 2862 1912 Dominus
2891 1857 3030 1926 facie
3055 1856 3123 1910 ad
3156 1856 3410 1926 faciem”.
3443 1856 3592 1911 Con-
3637 1860 3644 1866 '

2016 1964 2336 2011 sentaneum
2367 1951 2586 2022 quidem
2623 1959 2764 2014 erat,
2799 1956 2861 2004 ut
2887 1965 3012 2004 cum
3054 1949 3200 2005 Deus
3243 1948 3379 2003 Mosi
3419 1948 3592 2003 dixis-

2016 2053 2122 2112 set,
2157 2061 2218 2102 se
2245 2043 2567 2115 prophetam
2593 2043 2992 2098 suscitaturum
3026 2041 3131 2103 eis,
3168 2049 3300 2095 tunc
3333 2041 3454 2111 ipse
3487 2040 3594 2094 Mo-

2017 2155 2109 2195 ses
2140 2139 2342 2209 populo
2381 2137 2749 2190 denuntiaret.
2787 2135 2856 2187 At
2890 2149 3016 2188 cum
3048 2130 3103 2187 id
3137 2133 3190 2186 in
3223 2131 3406 2186 Horeb
3433 2148 3592 2186 acce-

2016 2232 2211 2303 pisset,
2237 2238 2428 2301 postea
2470 2228 2527 2282 in
2571 2226 2998 2283 Deuteronomio
3027 2226 3092 2280 ad
3136 2225 3391 2296 populum
3426 2223 3594 2278 refert

2016 2324 2199 2381 dedita
2226 2336 2392 2393 opera
2425 2329 2755 2392 exspectans
2776 2317 2907 2374 Jesu
2938 2317 3033 2372 ﬁlii
3068 2316 3217 2372 Nave
3266 2316 3594 2371 declaratio-

2015 2434 2164 2482 nem,
2205 2431 2274 2471 ne
2304 2415 2450 2470 hunc
2478 2429 2602 2469 esse
2635 2413 2956 2484 prophetam
3001 2411 3154 2464 illum
3204 2409 3460 2464 similem.
3489 2409 3592 2463 sibi

2016 2511 2451 2580 suspicarentur.
2484 2506 2843 2575 Posteaquam
2869 2518 3000 2558 vero
3015 2501 3326 2556 declaratus
3345 2508 3428 2555 est
3446 2498 3594 2554 Nave

2018 2601 2183 2667 filius,
2243 2607 2358 2654 tum
2421 2598 2642 2653 deruunt
2699 2594 2834 2650 illud
2871 2595 3075 2664 populo
3125 2593 3370 2662 exponit.
3403 2591 3486 2644 Ἐι
3527 2591 3596 2646 de

2015 2693 2120 2748 hoc
2167 2692 2392 2761 quidem
2455 2689 2744 2743 hactenus.
2794 2686 2931 2740 Cum
2978 2692 3160 2739 autem
3221 2681 3595 2738 innumerabi-

2015 2785 2089 2840 lia
2138 2799 2307 2854 prope
2353 2783 2474 2836 loca
2521 2781 2631 2836 sint
2683 2781 2738 2834 in
2787 2793 2947 2833 sacra
2993 2763 3302 2845 Scriptura,
3356 2789 3479 2843 quae
3508 2774 3595 2828 vel

2016 2885 2144 2931 ante
2171 2875 2499 2930 denuntiant
2538 2888 2602 2928 ea
2633 2885 2759 2942 qua
2782 2871 2849 2924 ad
2883 2869 3160 2924 Christum
3188 2865 3478 2936 pertinent,
3511 2864 3596 2918 vel

2016 2968 2266 3024 indicant
2299 2966 2391 3020 illa
2420 2979 2543 3035 quae
2573 2964 2638 3017 ad
2671 2971 2914 3017 sanctam
2957 2963 3210 3030 Spectant
3243 2956 3592 3019 Trinitatem,

2013 3073 2117 3113 nos
2145 3059 2464 3114 omittemus
2487 3055 2681 3118 multa,
2710 3060 2764 3108 et
2801 3067 2866 3108 ea
2895 3051 3174 3122 praecipue
3213 3065 3335 3120 quae
3357 3049 3449 3104 isti
3479 3063 3594 3102 ma-

2013 3149 2160 3220 ligne
2185 3149 2581 3218 detorquentes
2613 3153 2887 3200 conantur
2919 3143 3082 3197 aliter
3113 3141 3486 3211 interpretari,
3525 3153 3596 3194 ne

2013 3238 2264 3308 improbe
2330 3235 2748 3291 contradicendi
2819 3233 3169 3289 occasionem
3228 3231 3591 3302 praebeamus.

2015 3327 2208 3384 Omnes
2257 3328 2396 3382 enim
2447 3326 2736 3390 Israelitw,
2787 3334 2844 3380 ut
2892 3326 3069 3395 inquit
3114 3323 3430 3388 Ezechiel’,
3470 3333 3592 3376 sunt

2013 3420 2345 3482 contentiosi,
2371 3427 2420 3472 et
2445 3418 2568 3472 duri
2589 3417 2766 3470 corde.
2818 3415 3000 3469 Pauca
3025 3423 3236 3468 tantum
3272 3430 3442 3484 eaque
3459 3414 3592 3470 adeo

2009 3511 2318 3580 perspicua,
2356 3517 2416 3563 ut
2449 3508 2678 3562 refutari
2717 3514 3015 3577 nequeant,
3044 3520 3436 3576 proponemus,
3473 3521 3596 3574 quae

2011 3603 2096 3657 vel
2150 3601 2540 3670 persuadeant,
2587 3600 2670 3654 vel
2710 3615 2809 3654 eos
2844 3599 3159 3669 pertinaces
3202 3605 3257 3653 et
3293 3596 3596 3652 obStinatos

2013 3701 2179 3762 atque
2210 3695 2488 3747 dementes
2516 3706 2638 3748 esse
2673 3692 3035 3746 convincam.

2574 3805 2726 3860 Libri
2761 3802 3040 3860 Geneseos.

2082 3922 2153 3977 Et
2181 3921 2320 3976 dixit
2371 3919 2514 3975 Deus
2541 3935 2558 3974 :
2584 3917 2876 3974 Faciamus
2911 3918 3176 3972 hominem
3210 3917 3281 3972 ad
3313 3916 3594 3986 imaginem

2009 4026 2062 4070 et
2111 4012 2519 4068 similitudinem
2595 4019 2834 4066 nostram
2866 4010 2929 4063 '°.
2981 4008 3143 4064 Pater
3193 4009 3456 4063 nimirum
3497 4023 3595 4063 cos

2013 4106 2334 4177 alloquitur,
2383 4103 2478 4174 qui
2535 4118 2604 4158 ex
2657 4101 2832 4171 ipsius
2876 4109 3008 4156 sunt
3059 4101 3322 4164 essentia,
3362 4115 3502 4169 quos
3537 4099 3589 4152 in

2013 4213 2226 4256 summa
2257 4194 2660 4268 procreationis
2684 4193 2870 4249 mundi
2903 4193 3167 4264 dignitate
3199 4193 3383 4250 socios
3403 4191 3587 4246 habet.

2012 4289 2201 4362 Neque
2232 4303 2364 4344 vero
2395 4286 2684 4343 referenda
2718 4295 2851 4342 sunt
2897 4285 3011 4340 haec
3043 4284 3110 4339 ad
3147 4283 3356 4340 Hebraei
3385 4296 3593 4338 sermo-

1939 4367 1984 4422 D
2013 4381 2100 4436 nis
2132 4378 2542 4452 proprietatem,
2577 4390 2685 4447 qua
2725 4391 2987 4430 numerus
3021 4376 3178 4446 plura
3220 4372 3476 4428 iudicans
3492 4385 3593 4440 pro

2011 4474 2106 4528 illo
2151 4473 2247 4543 qui
2291 4485 2462 4526 unum
2508 4468 2801 4540 significat,
2857 4475 3182 4536 usurpatur.
3229 4463 3366 4517 Nam
3407 4463 3450 4516 si
3490 4461 3592 4516 hac

2011 4562 2269 4634 loquendi
2293 4561 2696 4620 consuetudine
2727 4560 2806 4614 uti
2832 4559 3166 4613 voluerimus
3185 4555 3278 4609 ubi
3299 4570 3406 4608 non
3429 4569 3592 4624 opor-

2008 4662 2107 4720 tet,
2137 4653 2467 4710 confusione
2507 4650 2843 4721 replebimus
2876 4646 3345 4702 contradicentes.

2564 4762 2649 4816 Ea:
2670 4762 2853 4815 cadent
2882 4759 3034 4814 libro.

2090 4878 2154 4932 Et
2187 4879 2324 4931 dixit
2349 4874 2532 4929 Deus:
2567 4873 2701 4929 Ecce
2730 4873 2901 4926 Adam
2938 4872 3115 4941 factus
3152 4879 3252 4934 est,
3293 4869 3432 4923 sicut
3456 4885 3592 4926 unus

2009 4989 2037 5028 e
2066 4972 2316 5038 nobis“;
2351 4969 2446 5042 qui
2497 4983 2694 5025 sumus
2744 4967 3004 5023 nimirum
3053 4966 3109 5021 in
3151 4980 3262 5020 una
3309 4965 3594 5021 divinitate

2011 5079 2391 5136 personarum.
2453 5061 2572 5118 Hoc
2624 5061 2776 5117 enim
2838 5061 2942 5117 etsi
2987 5075 3112 5115 cum
3164 5060 3342 5115 ironia
3383 5060 3590 5114 dictum

2009 5165 2116 5222 est,
2164 5171 2329 5212 unam
2374 5163 2558 5212 tamen
2617 5154 2891 5210 duntaxat
2935 5167 3231 5224 personam
3281 5150 3595 5224 signiﬁcare

2019 5265 2128 5306 non
2164 5255 2370 5320 potest.

397 5415 421 5446 ⁸
455 5413 613 5470 Deut.
648 5429 807 5480 xvm,
843 5413 1022 5470 56-18.
1099 5414 1117 5446 ⁷
1149 5413 1280 5471 ibid.
1312 5415 1399 5469 15.
1477 5415 1498 5447 ⁸
1533 5415 1687 5472 Deut.
1732 5431 1918 5480 xxxiv,
1953 5415 2040 5470 10.
2117 5415 2137 5447 ⁸
2162 5413 2374 5472 Ezech.
2407 5428 2492 5480 tu,
2528 5413 2614 5468 17.
2695 5413 2740 5445 ιο
2772 5411 2908 5470 Gen.
2946 5427 2986 5478 ι,
3013 5409 3106 5466 26.
3147 5411 3188 5442 “
3215 5408 3353 5465 Gen.
3386 5422 3470 5473 ill,
3499 5406 3587 5460 32.

325 5616 545 5738 ἷὲἑῒὲἔῖἓι
560 5613 1018 5738 ’ῗσιῖἷηζξιῗέῖῖὶῖἐῒι
1048 5611 1898 5738 ἒζξαὲἓξῗῖἷὶεὲῗέέῗῖςῖἐέἓξςῖεἴιξῗιῖ

327 5696 545 5743 initium
565 5704 583 5741 :
610 5696 799 5740 Annus
829 5699 1018 5739 vmun
1048 5700 1168 5740 EST.
1200 5696 1280 5738 ιιι
1303 5696 1505 5753 quibus
1532 5696 1741 5743 videas,
1765 5696 1894 5750 qum

329 5754 678 5814 sentiendum
716 5755 784 5810 de
816 5754 1101 5824 Lequienii
1152 5767 1409 5815 censura,
1455 5752 1548 5822 qui
1580 5751 1740 5824 paulo
1775 5760 1898 5824 post

331 5828 400 5883 ad
429 5827 466 5882 ι.
498 5842 550 5882 c.
578 5821 926 5888 Damasceni'
949 5839 1073 5896 pag.
1105 5824 1232 5902 426,
1264 5821 1544 5880 auctorem
1579 5821 1746 5891 hujus
1788 5822 1904 5890 cpi-

2006 5611 2160 5665 stola:
2217 5607 2680 5664 Chalcedonensis
2742 5603 2936 5678 synodi
3001 5610 3162 5678 aetate
3224 5600 3589 5678 receptiorent

2005 5681 2320 5745 existimat,
2366 5678 2624 5750 adeoque
2683 5669 2962 5734 immerito
3031 5671 3283 5744 Gregorii
3354 5669 3588 5742 Nysaeai

2006 5765 2205 5807 nomen
2240 5749 2519 5821 praeferre.
