3950 6156
429 367 572 428 1115

982 486 1066 541 Ea:
1092 487 1272 542 eodem
1301 488 1457 546 libro.

502 596 574 653 Et
601 598 738 653 dixit
761 597 900 653 Deus
923 612 940 652 :
978 597 1182 663 Venite,
1209 598 1611 664 descendemus,
1636 612 1685 655 et
1710 602 2009 672 confunda-

431 708 545 745 mus
567 690 804 760 linguam
825 707 1007 745 eorum
1041 694 1104 746 ".
1134 691 1271 746 Illud
1293 692 1462 761 enim,
1504 692 1706 761 Venite,
1739 696 1878 753 duos
1900 698 2010 752 sal-

363 803 368 807 -
431 791 537 839 tem
574 780 871 852 signiﬁcat.
923 780 988 834 Et
1034 798 1177 837 unus
1205 791 1291 838 est
1315 823 1329 849 ,
1365 785 1457 854 qui
1492 784 1752 856 loquitur.
1795 788 1870 843 Ex
1899 807 2011 860 quo

428 874 672 930 Trinitas
707 874 948 943 perlecta
994 873 1328 930 declaratur.
1365 877 1518 943 Quod
1566 890 1743 933 autem
1780 896 1875 937 eos
1914 883 2010 952 qui

428 963 671 1032 ejusdem
699 965 986 1033 potestatis
1009 972 1063 1019 et
1091 967 1345 1021 essentia:
1371 976 1537 1033 sunt,
1570 969 1901 1040 alloquatur,
1926 988 2011 1027 ve-

428 1056 538 1108 nite
560 1057 841 1126 inquiens,
870 1064 925 1111 ct
947 1057 1050 1110 hoc
1081 1057 1366 1126 faciamus,
1395 1058 1552 1115 facile
1581 1071 1824 1131 apparet.
1853 1062 2011 1129 Quod

430 1142 476 1195 si
534 1143 758 1213 angelos
806 1143 1089 1200 ministros
1137 1146 1429 1200 allocutum
1473 1150 1845 1219 responderis,
1897 1153 2013 1208 sive

430 1242 621 1282 omnes
646 1270 660 1292 ,
689 1231 836 1299 quod
881 1230 1180 1285 absurdum
1222 1245 1340 1298 est,
1379 1235 1493 1289 sive
1521 1250 1726 1306 paucos
1761 1237 1966 1294 dixeris
1993 1279 2009 1302 ,

430 1330 556 1368 cum
604 1316 656 1368 id
699 1318 851 1370 nullo
887 1318 1187 1387 Scriptura:
1232 1323 1545 1377 testimonio
1588 1323 1784 1379 fultum
1816 1326 1922 1393 sit,
1954 1336 2015 1382 ut

432 1400 630 1455 falsum
659 1404 1111 1473 improbabimus.

504 1509 791 1577 Quomodo
822 1512 1065 1581 loquitur
1096 1512 1274 1570 Deus?
1303 1516 1453 1572 Eone
1492 1519 1655 1574 modo
1698 1535 1807 1590 quo
1836 1522 2013 1593 loqui-

434 1618 559 1655 mur
610 1603 747 1659 nos?
788 1604 1020 1675 Impium
1067 1607 1140 1660 sit
1183 1608 1259 1661 ita
1298 1612 1519 1665 sentire.
1551 1611 1686 1666 Nam
1723 1616 2012 1670 consilium

437 1692 680 1746 divinum
707 1736 721 1760 ,
752 1701 806 1749 et
838 1695 1047 1764 primus
1078 1697 1170 1752 ille
1200 1701 1400 1753 mentis
1431 1701 1787 1772 intelligentia
1833 1699 2014 1761 motus

435 1793 521 1838 est
546 1800 729 1839 sermo
757 1784 874 1852 Dei,
902 1803 1063 1858 quem
1096 1789 1177 1844 sic
1207 1790 1431 1860 exponit
1459 1801 1514 1846 et
1546 1795 1801 1864 exprimit
1826 1794 2016 1865 Scrip-

435 1882 579 1941 tura,
612 1883 671 1929 ut
699 1877 969 1946 signiﬁcet
992 1916 1007 1941 ,
1044 1878 1213 1933 Deum
1253 1894 1363 1934 non
1398 1881 1562 1935 modo
1593 1898 1885 1952 procreare
1910 1884 2005 1939 bo-

433 1967 635 2021 minem
682 1969 963 2037 voluisse,
1026 1972 1122 2027 sed
1162 1972 1399 2043 alicujus
1454 1990 1618 2045 opera
1672 1977 1724 2031 id
1773 1978 2012 2035 voluisse

434 2068 714 2128 praestare.
741 2059 962 2116 Poterat
991 2064 1136 2118 enim
1165 2073 1224 2118 ut
1257 2066 1326 2121 ab
1348 2065 1503 2121 initio
1536 2067 1684 2135 fecit,
1720 2071 1800 2125 sic
1828 2074 2010 2127 omnia

434 2153 709 2222 persequi.
738 2150 803 2205 In
830 2155 1089 2225 principio
1117 2157 1239 2225 fecit
1264 2157 1403 2213 Deus
1434 2161 1618 2214 cmlum
1646 2170 1692 2215 et
1726 2172 1917 2217 terram
1944 2164 2010 2219 “.

436 2242 641 2297 Deinde
697 2244 824 2299 fecit
879 2248 1088 2312 lucem,
1140 2258 1329 2318 postea
1382 2252 1804 2308 ﬁrmamentum.
1856 2255 2014 2312 Nunc

436 2346 615 2389 autem
659 2335 829 2390 Deum
876 2341 1036 2408 quasi
1082 2342 1485 2411 praecipientem
1529 2351 1583 2398 et
1611 2346 2010 2416 colloquentem

436 2427 700 2484 inducens
732 2445 856 2484 eum
888 2433 1110 2500 quicum
1152 2433 1423 2503 loquitur,
1458 2435 1622 2491 tacite
1653 2436 2010 2505 demonstrat,

437 2534 546 2573 non
601 2521 745 2587 quod
779 2522 937 2576 nobis
964 2524 1331 2593 cognitionem
1368 2525 1647 2595 invideat,
1686 2529 1779 2584 sed
1825 2540 1882 2585 ut
1914 2546 2014 2587 nos

438 2610 587 2666 illius
618 2616 802 2668 arcani
836 2616 1093 2670 incendat
1121 2618 1441 2688 cupiditate,
1476 2621 1635 2690 cujus
1666 2623 1896 2692 vestigia
1933 2624 2015 2677 in-

436 2703 603 2770 dicat,
628 2710 685 2761 et"
704 2708 911 2761 semina
931 2709 1177 2779 quaedam
1197 2710 1439 2779 subjicit.
1464 2711 1674 2766 Etenim
1694 2730 1813 2783 qua:
1832 2715 2015 2771 labore

437 2807 589 2865 parta
621 2807 786 2860 sunt,
830 2814 952 2853 cum
1003 2801 1190 2854 laetitia
1245 2802 1578 2871 percipimus
1623 2805 2016 2876 diligenterque

442 2899 846 2943 conservamus.
886 2888 1018 2954 Quae
1050 2906 1177 2945 vero
1209 2884 1367 2947 facile
1398 2908 1803 2963 comparamus,
1836 2897 2018 2966 despi-

437 2993 563 3034 cere
592 2990 644 3035 et
677 2979 949 3050 negligere
987 2985 1401 3039 consuevimus.
1448 2984 1632 3056 Itaque
1664 2988 1750 3041 via
1782 2989 2015 3058 quadam

436 3079 491 3125 et
526 3071 719 3125 ordine
750 3087 850 3126 nos
880 3071 945 3125 ad
978 3071 1257 3142 Unigeniti
1294 3076 1707 3146 intelligentiam
1755 3079 1906 3134 ducit
1963 3089 2017 3135 et

437 3161 629 3215 allicit.
654 3162 818 3232 Atqui
842 3163 1135 3247 sermonis,
1165 3165 1257 3233 qui
1288 3182 1387 3236 per
1415 3182 1598 3222 vocem
1623 3169 1860 3233 cll'ertur,
1885 3187 2018 3226 usus
2044 3181 2091 3242 ο

439 3268 549 3309 non
585 3261 703 3306 erat
732 3255 1082 3311 necessarius
1121 3266 1331 3313 natum
1378 3259 1456 3313 illi
1488 3262 1738 3329 corporis
1781 3262 2011 3332 experti,

437 3362 562 3401 cuin
583 3358 764 3416 posset
782 3349 1015 3418 cogitata
1037 3349 1155 3405 sine
1180 3352 1356 3407 verbis
1379 3353 1543 3407 simul
1568 3355 1749 3425 agenti
1769 3371 2015 3411 commu-

437 3439 644 3494 nicare.
675 3440 788 3494 Vox
813 3442 959 3495 enim
991 3450 1218 3512 propter
1247 3442 1519 3509 auditum,
1543 3454 1597 3500 et
1617 3446 1837 3502 auditus
1865 3449 2014 3506 vocis

436 3538 518 3586 est
540 3533 733 3603 gratia.
762 3530 866 3587 Ubi
893 3543 1074 3587 autem
1108 3550 1207 3589 nec
1242 3550 1336 3591 aer
1382 3546 1484 3604 est,
1525 3552 1626 3591 nec
1674 3538 1881 3609 lingua,
1914 3556 2017 3596 nec

438 3639 617 3688 aures,
636 3640 734 3679 nec
759 3626 997 3696 obliqua:
1018 3626 1121 3680 illm
1140 3627 1354 3682 aurium
1379 3630 1608 3691 semitae,
1624 3646 1789 3687 sanos
1809 3633 1875 3687 ad
1898 3652 2018 3690 sen-

438 3737 559 3778 sum
581 3722 672 3792 qui
693 3723 747 3777 in
769 3723 949 3792 capite
969 3732 1052 3779 est
1071 3724 1455 3795 perducentes,
1471 3725 1545 3780 ibi
1566 3727 1735 3780 verba
1761 3742 1867 3781 non
1888 3735 2017 3783 sunt

406 3816 751 3870 necessaria
772 3855 786 3879 ,
838 3815 931 3870 sed
977 3832 1042 3870 ex
1074 3818 1210 3887 ipsis
1235 3817 1451 3884 cordis,
1484 3827 1544 3871 ut
1574 3818 1648 3870 ita
1685 3818 1884 3885 dicam,
1922 3828 2017 3873 aut

438 3908 609 3962 animi
628 3908 946 3964 notionibus
963 3908 1324 3977 cogitationes
1343 3908 1626 3978 pateﬁunt.
1646 3908 2016 3975 Quamobrem

361 4031 364 4034 ~
440 3999 724 4069 Scriptura
756 4001 1035 4069 sapienter
1062 4008 1114 4054 et
1144 4001 1299 4063 scite,
1327 4010 1386 4054 ut
1413 4000 1676 4063 diximus,
1710 4001 1851 4056 hanc
1880 4002 2018 4072 ﬁgu-

438 4106 558 4145 ram
584 4098 834 4161 usurpat,
866 4098 923 4144 ut
946 4100 1179 4145 mentem
1203 4101 1445 4148 nostram
1470 4094 1536 4148 ad
1570 4110 1859 4165 personam
1891 4111 2014 4150 cum

440 4196 547 4252 qua
572 4196 755 4237 sermo
793 4182 1121 4249 instituitur,
1154 4186 1587 4256 investigandam
1619 4187 1881 4256 impellat.

985 4295 1069 4349 Ea:
1100 4295 1281 4351 cadent
1312 4292 1467 4355 libro.

508 4408 771 4480 Apparuit
817 4417 990 4463 autem
1038 4408 1122 4462 illi
1166 4409 1308 4462 Deus
1350 4411 1418 4462 ad
1456 4426 1706 4479 quercum
1740 4408 2014 4475 Mambre,

1675 369 1733 424 S.
1778 369 2106 428 CREGORII
2143 374 2441 432 NYSSENI

2034 497 2075 553 Α
2105 492 2470 549 divinitatem.
2518 492 2674 559 Quod
2721 495 2766 549 si
2816 509 2985 549 unum
3036 494 3258 565 quidem
3307 510 3436 550 esse
3488 496 3714 553 dixeris

3557 375 3714 434 “16

2114 582 2317 649 Deum,
2358 587 2582 656 angelos
2630 596 2813 641 autem
2870 588 3033 653 duos,
3075 588 3354 659 quomodo
3401 598 3714 659 potuerunt

2113 690 2238 731 cum
2274 675 2506 733 Domino
2537 678 2867 734 considere?

2660 789 2746 845 Ea:
2778 790 2959 845 eodem
2992 791 3148 846 libro.

2186 876 2443 933 Dominus
2470 879 2609 948 pluit
2636 896 2790 946 super
2815 879 3101 935 Sodomam
3122 891 3171 935 et
3199 880 3559 936 Comorrham
3588 883 3715 937 sul-

2112 968 2249 1037 phur
2283 979 2334 1023 et
2386 971 2557 1040 ignem
2604 989 2636 1026 a
2680 973 2907 1027 Domino
2946 976 3012 1027 de
3051 972 3177 1027 caelo
3202 974 3263 1029 ¹⁶.
3306 974 3441 1040 Quae
3474 976 3713 1043 quidem

2113 1062 2279 1115 verba
2310 1071 2362 1116 et
2385 1062 2525 1118 duas
2548 1064 2790 1119 indicant
2822 1082 3110 1136 personas,
3137 1076 3190 1120 ct
3212 1066 3354 1121 idem
3378 1069 3710 1133 consilium,

2112 1153 2490 1222 aequalemque
2510 1154 2793 1211 declarant
2811 1164 3158 1226 potestatem.
3189 1156 3331 1213 Duas
3359 1167 3549 1214 autem
3575 1174 3715 1213 con-

2124 1245 2373 1314 sequitur
2401 1246 2584 1312 tertia,
2612 1248 2869 1317 quoniam
2893 1256 3088 1317 mutuo.
3115 1248 3258 1302 inter
3285 1264 3344 1304 se
3372 1249 3603 1305 vinculo
3634 1250 3715 1304 ita

2114 1336 2428 1406 conjunctae
2455 1346 2605 1404 sunt,
2632 1349 2690 1393 ut
2720 1339 2966 1409 separari
2994 1354 3106 1394 non
3140 1341 3377 1410 possint.

2697 1451 3116 1506 Deuteronomii.

2186 1540 2351 1603 Audi.
2379 1539 2552 1596 Israel
2581 1557 2601 1594 :
2633 1541 2890 1597 Dominus
2925 1543 3062 1597 Deus
3094 1554 3239 1609 tuus,
3276 1540 3538 1597 Dominus
3569 1561 3713 1599 unus

2114 1642 2192 1687 est
2216 1633 2280 1687 ¹⁷.
2306 1630 2442 1688 Illud
2465 1632 2746 1700 Dominus,
2782 1643 2837 1689 et
2862 1633 3026 1697 Deus,
3045 1642 3120 1700 et,
3150 1634 3411 1689 Dominus
3436 1646 3556 1692 tres
3586 1653 3715 1707 per-

2117 1736 2287 1778 sonas
2318 1722 2579 1778 ostendit.
2629 1721 2769 1777 lllud
2807 1731 3014 1789 autem,
3051 1720 3199 1778 Unus
3223 1734 3323 1791 est,
3354 1725 3714 1781 divinitatem

2042 1845 2090 1905 B
2116 1821 2169 1868 et
2206 1821 2458 1869 naturam
2493 1802 2683 1869 unam.

2311 1927 2555 1996 Davidis,
2583 1938 2632 1983 et
2660 1928 2784 1994 Job,
2816 1941 2867 1984 et
2892 1927 3196 1994 Zacharias,
3221 1938 3271 1984 et
3305 1928 3497 1986 Isaite.

2186 2037 2253 2093 In
2278 2038 2388 2094 Deo
2418 2039 2652 2094 laudabo
2684 2042 2898 2094 verbum
2922 2083 2937 2107 ,
2987 2040 3040 2094 in
3074 2039 3303 2095 Domino
3327 2041 3570 2096 laudabo
3597 2061 3719 2099 ser-

2113 2148 2319 2187 monem
2348 2148 2366 2186 :
2393 2134 2446 2186 in
2470 2132 2580 2187 Deo
2622 2134 2851 2203 speravi,
2870 2148 2977 2186 non
3006 2132 3196 2186 timebo
3218 2133 3345 2200 quid
3373 2134 3547 2202 faciat
3582 2137 3716 2190 mihi

2112 2222 2267 2275 homo
2288 2222 2352 2277 η.
2377 2220 2445 2275 Et
2469 2237 2692 2277 rursum
2718 2240 2732 2277 :
2758 2220 2989 2275 Immola
3013 2219 3125 2274 Deo
3147 2222 3475 2289 sacriﬁcium
3502 2224 3713 2285 laudis,

2112 2323 2161 2366 et
2191 2311 2350 2366 redde
2380 2312 2658 2366 Altissimo
2687 2321 2808 2366 vota
2831 2322 2946 2377 tua,-
2979 2320 3029 2365 et
3054 2312 3241 2365 invoca
3271 2328 3359 2365 me
3394 2314 3449 2365 in
3484 2314 3576 2367 die
3611 2315 3717 2366 tri—

2114 2402 2405 2457 bulationis
2451 2412 2557 2458 tua:
2596 2403 2661 2460 η.
2710 2405 2777 2456 Et
2824 2418 3043 2457 rursum
3084 2421 3098 2457 :
3147 2402 3283 2457 Vivit
3331 2402 3621 2468 Dominus,
3662 2415 3715 2458 et

2115 2494 2419 2549 benedictus
2460 2494 2637 2558 Deus,
2670 2504 2720 2549 et
2763 2496 3031 2550 exaltetur
3058 2494 3200 2549 Deus
3244 2494 3437 2548 salutis
3480 2510 3612 2549 mea:
3640 2497 3713 2549 “.

2114 2586 2248 2640 Item
2280 2605 2293 2641 :
2319 2585 2386 2640 In
2414 2588 2614 2643 lumine
2639 2598 2729 2643 tuo
2752 2589 3037 2643 videbimus
3069 2588 3242 2642 lumen
3265 2587 3310 2619 ἰ
3368 2587 3483 2641 Hoc
3504 2596 3617 2652 est,
3655 2589 3715 2643 in

2116 2676 2255 2731 Filio
2288 2685 2383 2732 tuo
2412 2678 2721 2735 videbimus
2754 2679 3022 2750 Spiritum
3057 2685 3314 2733 sanctum
3347 2693 3483 2747 :per
3519 2679 3714 2748 ipsum

2114 2771 2262 2824 enim
2308 2769 2482 2824 multo
2530 2770 2738 2826 clarius
2779 2769 2996 2825 Patrem
3041 2779 3097 2825 et
3134 2769 3404 2839 Spiritum
3448 2777 3717 2823 sanctum

2116 2863 2498 2931 cognovimus.
2544 2861 2714 2916 Multa
2764 2869 3029 2933 praeterea
3076 2862 3449 2929 reperiemus,
3495 2859 3719 2929 quibus

2118 2963 2310 3008 sancta
2341 2953 2902 3008 Trinitasindicatur.
2934 2955 3182 3024 Hymnus
3221 2953 3383 3007 etiam
3416 2954 3715 3021 angelicus

2121 3045 2214 3098 ille
2234 3083 2249 3108 ,
2299 3045 2559 3109 Sanctus,
2588 3056 2808 3098 sanctus
2829 3082 2844 3108 ,
2876 3052 3091 3097 sanctus
3134 3042 3390 3096 Dominus
3414 3045 3460 3074 “
3486 3083 3501 3106 ,
3538 3055 3715 3097 terna:

2121 3137 2436 3193 sanctitatis
2464 3137 2838 3192 celebratione
2867 3143 2983 3191 tres
3024 3150 3294 3206 personas
3325 3136 3709 3199 demonstrat,

2120 3231 2291 3285 semel
2317 3237 2501 3285 autem
2533 3228 2826 3284 Dominum
2854 3228 3173 3289 nominans,
3205 3228 3425 3282 unicam
3456 3228 3714 3283 declarat

2116 3322 2487 3377 divinitatem.
2530 3320 2742 3377 Verum
2777 3322 2955 3376 multo
2990 3320 3397 3391 signiﬁcantius
3424 3319 3601 3373 David
3636 3320 3712 3376 de

2116 3413 2277 3470 Patre
2291 3422 2345 3470 et
2366 3413 2507 3469 Filio
2536 3413 2801 3484 loquitur,
2826 3428 2892 3468 ex
2912 3426 3145 3482 persona
3170 3410 3353 3466 Patris
3383 3411 3453 3465 ad
3474 3410 3707 3476 Filium,

2119 3504 2205 3558 Ea:
2231 3512 2403 3570 utero,
2435 3503 2723 3572 inquiens,
2763 3503 2916 3575 genui
2947 3514 2995 3557 te
3027 3503 3095 3556 ”.
3138 3501 3245 3557 Per
3273 3508 3487 3557 uterum
3519 3511 3713 3571 pater—

2119 3611 2247 3651 nam
2290 3595 2448 3651 decet
2488 3595 2786 3651 essentiam
2831 3603 2887 3651 et
2935 3602 3187 3649 naturam
3234 3593 3482 3664 intelligi.
3529 3593 3709 3659 Quem

2119 3699 2300 3744 autem
2322 3688 2530 3759 poteris
2552 3688 2720 3742 alium
2748 3688 2870 3743 sine
2887 3694 3136 3757 tempore
3155 3687 3398 3758 genitum
3426 3687 3710 3741 invenire?

2119 3778 2196 3833 Ex
2227 3795 2461 3851 persona
2508 3786 2693 3834 autem
2724 3777 2883 3844 Filii,
2936 3778 3229 3843 Dominus,
3259 3779 3535 3848 inquiens,
3566 3777 3715 3831 dixit

2118 3872 2187 3926 ad
2218 3888 2298 3926 me
2326 3891 2343 3927 :
2370 3870 2418 3925 F
2420 3874 2545 3926 ilius
2573 3889 2719 3928 meus
2739 3890 2794 3928 es
2825 3883 2902 3938 tu,
2928 3890 3021 3942 ego
3050 3874 3204 3928 hodie
3226 3876 3380 3944 genui
3404 3884 3452 3928 te
3473 3874 3544 3928 “.
3567 3873 3716 3929 Illud

2118 3965 2262 4019 enim
2295 4004 2311 4031 ,
2357 3963 2512 4019 hodie
2549 3967 2705 4035 genui
2745 3974 2796 4020 te
2817 4007 2831 4031 ,
2885 3974 3070 4020 ortum
3110 3966 3234 4036 ejus
3264 3966 3319 4019 in
3353 3973 3607 4036 tempore
3640 3981 3713 4021 ex

2118 4057 2332 4125 virgine
2358 4056 2653 4127 signiﬁcat.
2689 4056 2877 4122 Genui,
2908 4073 3008 4129 pro
3039 4073 3105 4113 eo
3140 4058 3288 4128 quod
3326 4066 3433 4120 est,
3469 4065 3523 4112 te
3552 4058 3713 4128 gigni

2121 4145 2254 4198 mihi
2306 4146 2550 4214 placuit,
2587 4148 2672 4201 vel
2706 4148 3010 4216 procreavi.
3052 4144 3195 4201 Huic
3232 4157 3414 4202 autem
3452 4162 3714 4216 persona:

2119 4233 2238 4289 Filii
2266 4239 2700 4305 congruitetiam
2733 4239 2867 4293 illud
2897 4239 3251 4295 Salomonis:
3281 4239 3543 4293 Dominus
3565 4256 3714 4293 crea-

2121 4329 2190 4382 vit
2225 4345 2306 4383 me
2328 4331 2406 4395 ’⁸,
2434 4338 2489 4385 et
2521 4346 2644 4400 quae
2675 4341 3006 4400 sequuntur.
3044 4331 3254 4387 Deinde
3283 4333 3508 4401 subjicit
3532 4350 3546 4387 :
3574 4334 3712 4386 Ante

2121 4437 2299 4475 omnes
2339 4422 2496 4476 colles
2531 4432 2744 4492 generat
2770 4440 2851 4478 me
2874 4425 2938 4478 ".
2969 4423 3108 4479 Illud
3140 4425 3289 4480 enim
3318 4466 3332 4490 ,
3369 4425 3567 4479 creavit
3601 4442 3705 4488 me,

439 4502 645 4557 sedente
674 4503 786 4571 ipso
816 4503 869 4556 in
896 4503 1028 4557 ostio
1056 4502 1386 4556 tabernaculi
1412 4505 1494 4556 sui
1536 4504 1589 4555 in
1621 4505 1856 4558 meridie.
1912 4504 2012 4558 Suo
2045 4511 2090 4568 ὓ
2118 4522 2299 4567 ortum
2347 4513 2500 4568 illius
2544 4514 2599 4567 in
2648 4522 2897 4584 tempore
2943 4516 3248 4570 humanum
3293 4517 3591 4586 signiﬁcat.
3634 4518 3708 4569 At

439 4596 664 4665 spis-iens
694 4604 868 4649 autent
898 4596 1062 4649 oculis
1089 4594 1199 4648 suis
1228 4595 1376 4649 vidit.
1410 4594 1478 4649 Et
1509 4611 1623 4650 ecce
1653 4606 1756 4651 tres
1786 4599 1882 4650 viri
1912 4606 2016 4652 ste-

441 4697 614 4742 terunt
645 4703 801 4756 super
824 4703 962 4751 eum,
991 4696 1039 4740 et
1070 4687 1247 4740 videns
1280 4687 1513 4741 cucurrit
1538 4687 1592 4740 in
1615 4703 1890 4742 occursum
1916 4690 2011 4754 eis,

436 4789 488 4834 et
517 4779 758 4833 adoravit
782 4795 937 4848 super
971 4787 1188 4844 terram,
1208 4787 1256 4832 et
1276 4779 1412 4832 dixit
1438 4794 1454 4831 :
1486 4778 1731 4843 Domine,
1756 4780 1802 4833 si
1830 4781 2015 4849 utique

439 4872 608 4925 iuveni
636 4870 867 4941 gratiam
889 4885 1067 4924 coram
1099 4879 1167 4933 te,
1193 4884 1255 4923 ne
1279 4879 1520 4924 transeas
1542 4884 1751 4947 servum
1778 4881 1924 4923 tuum
1949 4873 2011 4925 ’⁵.

438 4963 506 5019 Et
562 4965 724 5034 paulo
760 4973 882 5033 post
907 4964 951 4995 ¹³
983 4982 996 5017 :
1036 4962 1189 5016 Dixit
1220 4970 1396 5016 autem
1429 4961 1499 5017 ad
1535 4979 1655 5017 eum
1686 4978 1705 5018 :
1743 4961 1841 5017 Ubi
1875 4962 2014 5017 Sara

436 5075 575 5114 uxor
605 5060 738 5114 tua?
772 5058 865 5111 lllc
895 5064 1074 5111 autem
1109 5056 1446 5125 respondens
1474 5055 1613 5110 dixit
1646 5073 1661 5109 :
1686 5057 1820 5110 Ecce
1849 5057 1901 5108 in
1933 5066 2014 5109 ta-

438 5151 741 5207 bernacula.
779 5148 842 5203 Et
874 5149 989 5213 ait,
1031 5146 1309 5202 Revertens
1346 5148 1550 5202 veniam
1588 5147 1658 5201 ad
1690 5158 1738 5203 te
1762 5188 1776 5214 ,
1812 5158 1866 5205 et
1894 5164 2015 5218 qua:

440 5251 767 5312 sequuntur.
820 5240 958 5297 Ecce
1005 5242 1271 5311 scriptum
1332 5248 1418 5295 est
1471 5239 1640 5294 Deum
1692 5244 2016 5311 apparuisse

440 5334 753 5399 Abraham;
790 5341 903 5388 tres
943 5342 1123 5387 autem
1171 5330 1344 5387 fuisse
1387 5331 1482 5400 qui
1526 5342 1917 5402 apparuerunt.
1949 5334 2015 5389 Et

439 5441 562 5481 cum
600 5428 712 5481 sint
744 5436 854 5479 tres
874 5465 887 5487 ,
921 5440 1103 5479 sermo
1129 5440 1253 5478 cum
1288 5440 1398 5478 uno
1425 5432 1638 5477 tantum
1668 5425 1977 5481 instituitur
1996 5465 2011 5492 ,

438 5529 497 5572 ut
545 5525 757 5572 constet
801 5518 1023 5572 omnino
1046 5556 1062 5582 ,
1094 5531 1260 5571 unam
1295 5533 1417 5572 esse
1459 5519 1622 5572 trium
1656 5531 2011 5583 personarum

515 5698 559 5727 ¹²
598 5697 730 5750 Gen.
774 5715 849 5758 xi,
873 5700 926 5752 7.

442 5764 486 5797 ‘“
515 5767 657 5820 Psal.
693 5784 779 5827 LV,
807 5769 892 5822 ll.

439 5834 488 5870 ν’
526 5834 672 5893 l‘sal.
726 5852 800 5902 ll,
849 5840 897 5891 7.

1007 5700 1053 5732 ³³
1088 5700 1223 5757 Gen.
1255 5717 1290 5755 ι.
1318 5702 1367 5755 I.
1449 5701 1492 5733 "
1519 5701 1654 5757 Gen.
1691 5720 1845 5762 xvnt.
1894 5704 2010 5759 1-5.

1009 5841 1053 5871 ³⁸
1094 5839 1255 5894 Prov.
1285 5857 1419 5910 viti,
1458 5844 1547 5898 22.
1663 5847 1707 5877 "
1750 5845 1886 5902 ibid.
1916 5845 2006 5901 ‘33.

973 5769 1014 5801 ¹⁹
1037 5769 1181 5841 Psal.
1212 5788 1358 5832 uix,
1392 5773 1477 5828 Μ.
1554 5773 1598 5805 ⁸ο
1622 5773 1765 5828 Psal.
1792 5791 1924 5833 xvtt.
1948 5775 2038 5841 47,

2121 4604 2277 4669 illud,
2306 4613 2429 4659 ante
2458 4616 2639 4660 omnes
2661 4606 2847 4672 colles,
2867 4607 3104 4663 alterum
3136 4607 3289 4661 illum
3312 4608 3621 4667 ctelestem.
3652 4616 3708 4661 et

2119 4696 2240 4750 sine
2262 4704 2533 4766 tempore,
2566 4706 2624 4752 et
2647 4706 2777 4752 ante
2816 4699 3019 4753 saecula
3045 4699 3310 4754 declarat.
3347 4698 3479 4753 Item
3508 4697 3705 4759 David.

2129 4787 2296 4843 Verbo
2318 4827 2332 4850 ,
2370 4788 2586 4859 inquit,
2619 4788 2838 4844 Domini
2869 4790 2985 4845 coeli
3017 4790 3221 4859 ﬁrmati
3259 4800 3406 4853 sunt,
3435 4801 3485 4846 et
3512 4792 3706 4859 spiritu

2119 4880 2229 4932 oris
2264 4877 2379 4947 ejus
2414 4880 2584 4932 omnis
2619 4880 2789 4933 virtus
2817 4895 3000 4933 eorum
3023 4881 3066 4913 ³⁷
3087 4919 3102 4945 ,
3137 4879 3431 4935 Dominum
3469 4881 3708 4950 appellat

2121 4967 2341 5024 Patrem
2383 4988 2396 5024 :
2440 4967 2683 5024 Verbum
2731 4979 2912 5025 autem
2946 4969 3147 5025 Filium
3182 4971 3393 5040 ipsius,
3442 4972 3709 5040 quoniam

2119 5062 2197 5116 ita
2229 5077 2290 5116 se
2317 5062 2624 5117 habetcum
2656 5063 2838 5129 Patre,
2862 5071 2923 5119 ut
2956 5070 3139 5119 mente
3162 5064 3387 5119 verbum
3413 5071 3471 5119 et
3502 5064 3708 5125 oratio.

2123 5166 2232 5206 non
2279 5152 2458 5207 solum
2503 5160 2730 5224 propter
2761 5163 2948 5209 ortum
2983 5154 3078 5224 qui
3124 5154 3246 5210 sine
3272 5153 3386 5207 ulla
3434 5153 3544 5206 l’uit
3572 5152 3708 5207 θεῖε-

2122 5244 2334 5310 ctione,
2379 5260 2569 5301 verum
2616 5247 2782 5301 etiam
2824 5260 3046 5318 propter
3072 5245 3530 5316 conjunctionem
3582 5259 3708 5300 cum

2122 5334 2305 5400 Patre,
2339 5344 2395 5392 et
2431 5337 2561 5407 quia
2594 5339 2928 5393 voluntatem
2978 5338 3099 5408 ejus
3128 5338 3401 5392 enuntiat.
3436 5335 3706 5406 Spiritum

2122 5444 2254 5483 vero
2305 5439 2465 5484 vocat
2508 5428 2776 5500 Spiritum
2820 5438 3095 5486 sanctum.
3128 5428 3265 5485 Item
3305 5429 3376 5484 de
3422 5425 3612 5483 Verbo
3652 5436 3709 5483 et

2122 5520 2260 5576 Filio
2293 5541 2305 5577 :
2342 5521 2492 5578 Misit
2524 5527 2733 5578 verbum
2766 5540 2952 5588 suum,
2983 5523 3191 5594 inquit,
3225 5532 3275 5578 et
3302 5523 3513 5577 sanavit
3536 5519 3705 5577 eos".

2121 5707 2165 5738 "
2204 5706 2338 5760 ibid.
2385 5706 2447 5771 9,
2502 5708 2587 5763 lO.
2667 5710 2709 5740 ¹⁶
2750 5708 2885 5763 Gen.
2920 5723 3044 5773 xix,
3073 5704 3166 5760 9.4.

2116 5777 2158 5809 ²¹
2202 5775 2344 5831 Psal.
2381 5793 2561 5842 xxxv,
2600 5779 2685 5833 10.
2764 5780 2811 5809 ’⁸
2849 5779 2954 5834 Isa.
2988 5794 3072 5839 vr,
3114 5776 3168 5832 ὅ.

3246 5707 3288 5739 ⁸⁷
3330 5705 3490 5761 Deut.
3527 5722 3615 5770 vi.
3646 5708 3704 5765 ἔ.

3246 5777 3293 5811 ’⁸
3332 5775 3483 5833 Psal.
3505 5791 3624 5844 CIX,
3645 5777 3704 5835 3.

2086 5849 2130 5881 ³⁷
2154 5845 2302 5904 Psal.
2325 5864 2497 5917 xxxii,
2520 5849 2571 5902 6.
2650 5850 2695 5883 ’⁸
2728 5850 2870 5905 Psal.
2899 5864 3006 5917 ενι,
3034 5847 3118 5902 20.
