3950 6156
1160 333 1193 343 κ

243 370 380 431 HI?

1651 377 2098 437 FRAGMENTA.

3376 376 3513 434 1113

247 497 408 553 Pater
446 493 709 550 nimirum
739 494 892 550 misit
920 494 1144 560 Filium,
1178 502 1232 550 et
1258 496 1475 551 sanavit
1509 496 1835 565 ignorantiae
1864 507 1910 561 Α
1938 498 2166 554 salvabil
2218 513 2313 552 nos
2339 497 2407 552 “.
2456 495 2705 554 Aderens
2748 503 2933 553 autem
2981 494 3200 566 signum
3245 494 3513 553 adventus

245 589 444 643 morbo
473 588 813 643 laborantes.
849 586 918 640 At
939 587 1006 642 de
1037 585 1244 658 Spiritu
1275 599 1489 652 sancto,
1516 588 1720 653 Mittes,
1747 590 1831 643 in-

245 682 400 750 quit,
442 680 687 746 spiritum
726 688 914 745 tuum,
956 689 1006 734 et
1054 679 1376 734 creabantur
1401 720 1416 743 ,
1463 696 1605 735 nova
1643 683 1831 751 utique

247 774 531 829 creatione
561 790 575 825 :
607 782 656 826 et
680 774 952 827 renovabis
978 773 1170 844 facient
1199 784 1355 829 terrae
1380 776 1447 839 ’³,
1485 791 1607 844 qua
1638 791 1833 830 conse-

246 865 369 919 nuit
393 864 447 917 in
470 864 737 934 peccatis.
762 863 951 933 Neque
972 880 1103 920 vero
1129 868 1414 921 vocalibus
1446 867 1831 923 instrumentis

248 958 596 1014 enuntiatum
628 958 732 1012 hoc
761 958 1004 1013 Verbum
1053 959 1110 1013 in
1141 974 1268 1013 aera
1303 958 1634 1014 diﬁ‘unditur
1662 969 1828 1031 atque

249 1050 592 1107 dissolvitur.
649 1049 739 1104 Sic
786 1051 931 1104 enim
977 1050 1105 1106 alibi
1151 1050 1288 1106 dicit
1329 1068 1344 1104 :
1404 1051 1469 1105 In
1535 1052 1830 1114 siccatum,

248 1143 508 1208 Domine,
574 1142 802 1197 Verbum
845 1152 992 1197 tuum
1031 1156 1303 1214 permanet
1338 1147 1394 1199 in
1445 1145 1574 1200 ca'lo
1609 1146 1675 1199 ³ο.
1723 1145 1833 1199 Nec

253 1235 494 1307 Spiritus
545 1235 639 1290 ille
683 1236 932 1304 spirandi
972 1237 1358 1292 instrdmentis
1392 1237 1705 1307 expellitur,
1742 1244 1835 1290 aut

251 1329 531 1399 spargitur
570 1338 627 1383 et
655 1328 979 1397 dissipatur.
1012 1327 1139 1384 llaec
1170 1328 1314 1383 enim
1345 1328 1677 1398 corporibus
1701 1342 1835 1384 con-

250 1417 493 1485 tingunt.
526 1413 887 1487 PerSpicuum
937 1417 1104 1487 igitur
1138 1425 1243 1482 est,
1271 1416 1538 1481 Verbum,
1566 1428 1620 1473 et
1658 1415 1834 1487 Spiri-

250 1512 370 1559 tum
425 1506 479 1559 in
524 1520 623 1560 sua
672 1514 973 1577 utrumque
1010 1508 1278 1564 exsistere
1321 1522 1592 1579 persona,
1620 1516 1677 1564 et
1712 1523 1837 1563 esse

251 1603 539 1663 aeternum,
574 1604 629 1653 et
665 1609 994 1654 creatorem.
1030 1599 1301 1656 Praeterea
1340 1600 1443 1656 Job
1477 1601 1615 1656 dicit
1645 1619 1658 1655 :
1699 1600 1836 1654 l’irit

252 1688 421 1755 Deus,
442 1691 531 1759 qui
546 1691 623 1744 ita
644 1707 725 1744 me
732 1691 1018 1760 judicavit,
1043 1700 1093 1745 et
1116 1692 1460 1761 Omnipotens
1484 1693 1574 1758 qui
1592 1708 1836 1746 amaram

253 1780 481 1835 reddidit
505 1783 738 1836 animant
768 1799 958 1848 meam,
989 1793 1038 1838 et
1064 1782 1300 1852 Spiritus
1328 1783 1428 1838 Dei
1458 1783 1587 1837 milii
1609 1785 1664 1837 in
1688 1784 1836 1837 nari-

252 1871 350 1925 bus
378 1873 706 1926 circumit".
746 1874 812 1927 Et
844 1873 1142 1930 Zacharias
1176 1875 1452 1946 (Aggreus)
1496 1890 1562 1930 ex
1599 1889 1833 1946 persona

251 1961 350 2017 Dei
387 1970 441 2017 et
471 1962 655 2019 Patris
693 1984 708 2020 :
749 1965 857 2035 Ego
886 1968 1177 2030 vobiscum,
1214 1967 1415 2036 inquit,
1436 1983 1587 2032 sum,
1619 1976 1668 2020 et
1709 1966 1835 2021 Ver-

253 2051 375 2106 bum
410 2069 581 2107 meum
605 2096 619 2116 ,
655 2066 704 2109 et
746 2055 976 2124 Spiritus
1007 2074 1153 2111 meus
1185 2058 1248 2110 ”.
1289 2058 1352 2111 Et
1382 2055 1588 2122 lsaias,
1638 2054 1797 2111 Nunc
1818 2097 1832 2121 ,

253 2147 458 2217 inquit,
484 2147 744 2202 Dominus
776 2151 925 2203 misit
948 2166 1047 2216 me,
1082 2161 1129 2204 et
1158 2148 1390 2218 Spiritus
1421 2150 1556 2220 ejus.

732 2258 816 2315 Ex
851 2258 1061 2328 Genesi,
1097 2270 1147 2317 et
1176 2261 1352 2318 Isaia.

324 2372 478 2426 Dixit
518 2371 689 2426 Iacob
738 2372 807 2427 ad
849 2371 987 2428 duas
1018 2389 1208 2429 uxores
1238 2392 1366 2429 suas
1390 2390 1409 2429 :
1441 2373 1509 2427 Et
1538 2373 1675 2428 dixit
1708 2373 1838 2427 mihi

253 2464 475 2536 angelus
519 2464 613 2518 Dei
643 2466 698 2519 in
729 2468 932 2519 somnis
968 2482 986 2521 :
1030 2465 1152 2520 Vidi
1186 2482 1524 2537 quaecumque
1569 2468 1692 2535 fecit
1744 2466 1840 2519 tibi

255 2556 451 2613 Laban
476 2556 543 2620 ³⁸,
581 2564 637 2613 et
666 2573 788 2627 quae
817 2569 1149 2629 sequuntur.
1183 2558 1409 2625 Deinde,
1449 2557 1581 2629 Ego,
1618 2558 1837 2628 inquit,

258 2663 383 2702 sum
416 2645 554 2702 Deus
579 2687 594 2710 ,
628 2648 720 2717 qui
747 2650 972 2717 apparui
1003 2648 1100 2702 tibi
1131 2650 1186 2703 in
1220 2649 1334 2702 loco
1370 2649 1485 2704 Dei.
1521 2649 1579 2703 Si
1610 2650 1839 2719 angelus

252 2748 377 2796 erat
412 2755 559 2796 unus
611 2756 642 2796 e
698 2756 930 2797 numero
983 2741 1419 2797 ministrantium
1467 2751 1835 2813 potestatum,

255 2831 537 2902 quomodo
559 2847 618 2887 se
640 2833 822 2902 ipsum
849 2834 1091 2904 appellat
1109 2832 1276 2889 Deum
1296 2835 1318 2888 ?
1339 2834 1422 2888 An
1447 2834 1640 2905 utique
1667 2834 1839 2890 Filius

256 2932 417 2989 erat,
449 2925 543 2994 qui
572 2924 668 2980 Dei
709 2933 765 2981 et
791 2924 975 2981 Patris
1004 2934 1090 2982 est
1126 2929 1386 2998 angelus,
1417 2928 1524 2982 hoc
1555 2934 1662 2991 est,
1696 2943 1841 2982 nun-

259 3015 394 3077 tius,
437 3024 493 3068 ut
524 3016 724 3070 mentis
748 3015 911 3071 index
937 3023 1024 3072 est
1053 3016 1278 3072 verbum
1305 3025 1360 3071 et
1388 3016 1609 3071 sermo?
1639 3017 1840 3071 mentis

267 3108 416 3161 enim
441 3117 494 3161 et
516 3108 685 3161 animi
711 3123 932 3164 sensum
963 3109 1187 3163 indicat.
1226 3108 1356 3163 Post
1375 3109 1669 3161 humanam
1692 3109 1839 3162 enim

1929 590 2053 660 ejus
2085 591 2141 645 in
2182 602 2351 645 carne
2390 588 2677 660 subjungit
2709 589 2753 621 εί
2789 608 2804 642 :
2843 588 2992 643 Tunc
3024 590 3332 657 aperientur
3371 589 3513 643 oculi

1930 699 2212 750 caecorum,
2234 691 2285 737 et
2316 698 2471 736 aures
2491 680 2771 736 surderum
2803 680 3039 735 audient.
3076 679 3119 734 Τ
3123 697 3222 735 unc
3248 681 3425 746 saliet,
3453 692 3513 734 ut

1931 794 2134 842 cervus,
2159 775 2405 839 claudus,
2435 786 2483 830 et
2511 775 2712 830 diserta
2732 775 2831 828 erit
2856 775 3038 844 lingua
3061 773 3355 827 balborum.
3381 772 3515 839 Quae

1931 869 2153 938 quidem
2184 869 2370 923 omnia
2403 883 2463 923 re
2487 869 2601 938 ipsa
2625 865 2866 936 perfecta
2892 866 3184 920 humanam
3203 881 3419 920 carnem
3447 865 3516 921 ab

1932 960 2030 1014 illo
2047 968 2384 1029 assumptam
2425 958 2630 1013 indicio
2655 958 2967 1013 certissimo
3001 965 3293 1013 testantur.
3342 957 3515 1013 Idem-

1932 1068 2042 1123 que
2074 1067 2275 1107 rursus
2308 1052 2387 1106 ait
2417 1070 2430 1106 :
2468 1049 2591 1105 Non
2617 1050 2840 1121 legatus,
2871 1066 2977 1102 non
3007 1048 3248 1119 angelus,
3284 1049 3380 1103 sed
3405 1050 3514 1117 ipse

1935 1146 2194 1200 Dominus
2227 1145 2452 1199 servavit
2480 1160 2590 1199 eos.
2615 1142 2848 1211 Legatus
2869 1142 3012 1195 enim
3040 1150 3124 1196 est
3148 1143 3512 1205 intercessor,

1935 1238 2118 1307 qualis
2154 1237 2257 1292 fuit
2282 1236 2483 1304 Moses,
2513 1244 2569 1290 et
2598 1237 2643 1291 si
2675 1235 2802 1306 quis
2832 1236 2975 1290 alius
3006 1242 3132 1304 post
3162 1233 3389 1289 Mosem.
3425 1235 3503 1287 Ac

1936 1345 2035 1401 per
2071 1330 2280 1400 legatos
2310 1324 2531 1399 Quidem
2581 1338 2748 1398 atque
2790 1329 3016 1398 angelos
3057 1327 3210 1380 multi
3264 1342 3516 1393 saepenu-

1937 1436 2090 1476 mero
2123 1421 2327 1476 servati
2359 1428 2509 1486 sunt,
2542 1430 2602 1475 ut
2623 1420 2705 1474 illi
2740 1434 2878 1489 quos
2909 1419 2993 1473 vel
3028 1417 3210 1473 Moses
3239 1417 3325 1472 vel
3351 1415 3517 1471 Jesus

1935 1511 2084 1567 Nave
2114 1512 2261 1568 ﬁlius
2282 1550 2298 1576 ,
2332 1519 2385 1567 et
2417 1512 2511 1566 alii
2541 1510 2815 1582 ejusmodi
2857 1519 3121 1565 rexerant
3152 1516 3207 1563 et
3243 1509 3518 1581 guberna-
3606 1526 3618 1538 ·

1938 1610 2089 1658 runt.
2129 1602 2196 1657 Et
2228 1603 2321 1672 qui
2368 1601 2594 1658 fuerunt
2639 1603 2744 1658 sub
2778 1601 3011 1657 Esechia
3033 1602 3101 1667 δ’,
3133 1614 3246 1670 quo
3293 1599 3517 1670 quidem

1938 1708 2184 1767 tempore
2208 1697 2435 1765 angelus
2463 1710 2573 1750 una
2599 1703 2760 1750 nocte
2787 1704 3010 1749 centum
3035 1694 3319 1764 octoginta
3351 1693 3515 1763 quin-

1938 1806 2043 1860 que
2088 1790 2258 1845 millia
2303 1788 2657 1859 Assyriorum
2707 1787 2931 1842 delevit.
2986 1784 3110 1840 Htec
3142 1785 3393 1855 profecto
3428 1786 3521 1839 Dei

1936 1880 2434 1953 peregrinationem
2464 1878 2773 1934 clarissime
2804 1875 3170 1948 patefaciunt.

2645 2011 2830 2067 lsaitv.

2007 2129 2171 2184 Dabit
2197 2126 2452 2182 Dominus
2483 2126 2591 2194 ipse
2613 2124 2756 2179 vobis
2790 2125 3022 2193 signum.
3050 2122 3188 2178 Ecce
3218 2125 3366 2196 virgo
3395 2142 3524 2181 con-

1938 2224 2135 2293 cipiet,-
2149 2233 2196 2277 et
2226 2222 2397 2290 pariet
2428 2220 2603 2289 ﬁlium
2625 2219 2691 2271 ⁸³.
2726 2218 2921 2274 Omnis
2955 2219 3102 2274 enim
3129 2236 3250 2290 quae
3277 2218 3445 2274 letum
3467 2220 3521 2275 in

1939 2324 2098 2371 utero
2141 2314 2323 2385 gerit,
2366 2328 2479 2368 non
2525 2320 2610 2369 est
2655 2312 2827 2382 virgo.
2880 2310 3007 2367 Haec
3049 2320 3230 2367 autem
3268 2312 3437 2368 fetum
3467 2314 3522 2367 in

1941 2419 2097 2464 utero
2127 2422 2327 2479 gerens
2343 2406 2448 2462 erit
2477 2407 2655 2477 virgo.
2685 2405 2842 2472 Quod
2869 2406 3090 2476 quidem
3117 2414 3175 2460 ut
3199 2406 3526 2461 admirabile

1942 2500 2320 2556 testimonium
2349 2506 2517 2570 atque
2547 2498 2813 2554 indicium
2841 2498 3190 2569 proponitur.

2601 2632 2875 2705 Ejusdem.

2010 2751 2299 2821 Antequam
2349 2749 2485 2804 sciat
2529 2765 2660 2818 puer
2708 2750 2901 2804 bonum
2951 2755 3042 2801 aut
3074 2749 3275 2801 malum
3297 2747 3380 2813 “,
3408 2728 3525 2802 dis-

1941 2841 2135 2895 suadet
2163 2839 2370 2893 malitia
2417 2838 2621 2908 eligere
2651 2838 2880 2892 bonum.
2930 2838 3158 2893 Cuinam
3203 2852 3374 2907 puero
3413 2836 3529 2891 hate

1950 2931 2102 2986 dices
2133 2930 2472 2985 convenire?
2513 2929 2677 2986 Solus
2704 2929 2960 2985 Christus
2986 2939 3281 2999 peccatum,
3326 2928 3526 2998 inquit,

1942 3040 2045 3077 non
2070 3022 2212 3091 fecit,
2243 3038 2333 3076 nec
2360 3023 2597 3078 inventus
2620 3029 2697 3075 est
2718 3020 2869 3073 dolus
2898 3021 2951 3073 in
2978 3036 3066 3073 ore
3099 3020 3212 3088 ejus
3233 3018 3308 3087 ης
3340 3018 3390 3071 id
3421 3027 3526 3082 est,

1945 3133 2123 3186 neque
2158 3132 2217 3170 re
2256 3130 2434 3184 neque
2484 3113 2672 3168 verbis
2726 3112 2994 3182 peccavit.
3047 3112 3296 3165 Aliorum
3342 3118 3529 3166 autem

259 3211 486 3251 carnem
528 3205 872 3268 assumptam
908 3199 1172 3253 nuntians
1203 3199 1366 3254 nobis
1400 3196 1585 3253 Patris
1617 3212 1839 3259 nomen,
1870 3182 1911 3239 (ἶ
1947 3182 2192 3267 (nn—nium
2220 3182 2421 3274 ηιιιιίη,
2459 3208 2660 3278 inquit,
2685 3223 2853 3278 pum,
2879 3225 2912 3261 α
2941 3206 3154 3261 "meum
3180 3205 3247 3261 to.

264 3287 567 3353 Nuntiavi,
616 3290 827 3359 inquit,
871 3306 1058 3344 nomen
1106 3300 1255 3343 tuum
1305 3289 1608 3344 hominibus
1659 3289 1726 3344 ³⁸.
1780 3288 1845 3342 Ει

263 3380 443 3449 magni
468 3380 676 3433 consilii
699 3381 924 3450 Angelus
953 3388 1182 3435 vocatur
1208 3380 1278 3435 ab
1306 3379 1443 3435 Isaia
1464 3421 1480 3447 ,
1516 3389 1571 3435 et
1620 3395 1842 3450 magnus

262 3470 634 3535 consiliarius,
666 3477 721 3525 et
752 3469 895 3523 Deus
925 3469 1104 3539 fortis,
1134 3478 1182 3523 et
1209 3478 1394 3538 potens
1418 3467 1483 3523 ".
1515 3468 1652 3535 Quis
1677 3483 1844 3538 porro

262 3563 625 3620 consiliarius
680 3561 812 3628 Dei,
864 3562 967 3618 nisi
1010 3561 1103 3632 qui
1143 3561 1391 3632 ejusdem
1438 3570 1525 3616 est
1568 3562 1842 3626 essentiae,

262 3653 623 3725 ejusdemque
651 3653 938 3723 potestatis
965 3660 1023 3708 et
1050 3652 1338 3723 dignitatis
1370 3652 1600 3721 aequalis
1631 3652 1844 3708 Filius?

266 3746 572 3804 Consilium
604 3745 969 3813 voluntasque
1013 3742 1195 3797 Patris
1237 3750 1322 3797 est
1370 3742 1655 3797 hominum
1697 3746 1849 3800 salus

267 3854 366 3911 per
389 3838 705 3909 evangelica
728 3837 1005 3889 mandata.
1033 3833 1216 3889 Patris
1243 3820 1372 3889 vero
1393 3843 1446 3889 et
1462 3833 1587 3890 Filii
1615 3837 1850 3891 conSilio

268 3931 464 3989 eadem
489 3931 749 3985 voluntas
779 3926 1146 3997 signiﬁcatur.
1175 3926 1335 3993 Quod
1359 3935 1541 3983 autem
1565 3927 1738 3984 Filius
1761 3929 1849 3984 hic

268 4031 327 4079 et
366 4022 511 4077 Deus
534 4006 757 4075 carnem
789 4020 1087 4073 humanam
1122 4018 1398 4082 induerit,
1431 4021 1674 4075 ostendit
1708 4020 1848 4075 idem

269 4115 465 4179 Isaias,
494 4111 655 4177 Puer,
680 4110 957 4180 inquiens,
991 4120 1147 4165 natus
1178 4120 1256 4165 est
1290 4113 1440 4165 nobis
1460 4152 1474 4176 ,
1510 4121 1560 4165 et
1587 4112 1732 4180 ﬁlius
1755 4114 1852 4165 da-

272 4217 358 4263 tus
375 4214 454 4261 est
476 4205 626 4259 nobis
650 4205 715 4259 ".
740 4190 971 4272 Propter
1003 4216 1105 4256 nos
1125 4201 1271 4256 enim
1297 4211 1466 4257 natus
1487 4211 1572 4257 est
1597 4217 1731 4272 puer
1762 4203 1854 4258 ille

272 4295 484 4362 Filius,
516 4304 571 4351 et
607 4296 897 4351 nobiscum
929 4304 1183 4349 versatus
1219 4303 1323 4350 est.
1355 4293 1491 4349 Nam
1526 4294 1593 4348 de
1636 4295 1729 4351 illo
1750 4296 1852 4365 qui

274 4406 405 4446 vere
449 4387 623 4449 Filius
666 4396 771 4450 est,
820 4401 933 4440 non
981 4392 1163 4439 autem
1196 4383 1264 4440 de
1295 4384 1543 4455 quolibet
1578 4384 1693 4441 ﬁlio
1740 4385 1855 4440 hare

275 4480 531 4555 praedixit
550 4478 834 4551 propheta.
858 4478 922 4532 Et
948 4492 1088 4547 opus
1111 4479 1215 4533 hoc
1232 4487 1293 4533 ut
1312 4476 1695 4533 admirandum
1717 4491 1856 4546 prte-

275 4577 446 4634 dicat.
479 4573 619 4642 Quid
649 4580 830 4628 autem
883 4571 1295 4637 admirandum,
1328 4584 1453 4624 eum
1499 4568 1593 4639 qui
1639 4569 1854 4639 simpli-

277 4670 418 4724 citer
464 4665 609 4720 ﬁlius
637 4664 743 4729 sit,
779 4678 1010 4733 puerum
1053 4660 1243 4718 nasci?
1272 4662 1638 4728 Quamobrem
1667 4669 1721 4715 et
1748 4660 1857 4715 cla-

274 4759 427 4814 riora
464 4756 722 4825 deinceps
754 4754 1027 4825 subjecit,
1082 4761 1141 4806 ut
1189 4751 1533 4807 divinitatem
1574 4749 1759 4814 illius,
1806 4757 1861 4805 et

277 4846 645 4905 differentiam
691 4846 833 4900 inter
883 4860 1010 4900 eum
1053 4852 1107 4899 et
1134 4844 1375 4912 reliquos
1402 4843 1497 4914 qui
1537 4840 1863 4912 simpliciter

281 4941 379 4999 ﬁlii
410 4946 561 5003 sunt,
589 4935 882 4992 indicaret.

800 5046 1035 5113 Baruch,
1067 5056 1117 5100 et
1152 5045 1336 5102 Isaite.

358 5164 467 5221 Hie
488 5174 569 5220 est
595 5163 734 5220 Deus
756 5171 935 5217 noster
965 5168 1063 5215 wet
1092 5176 1195 5214 non
1225 5162 1580 5216 wstimabitur
1608 5160 1745 5216 alius
1767 5163 1863 5215 ad-

282 5274 466 5315 versus
503 5272 623 5311 eum
662 5255 729 5310 ³⁸.
766 5253 973 5309 Deinde
1004 5251 1159 5306 addit
1197 5251 1241 5284 ³³
1272 5275 1283 5306 ε
1318 5251 1444 5306 Post
1484 5252 1595 5307 Ita’c
1622 5253 1678 5306 in
1709 5251 1864 5306 terris

282 5352 433 5407 visus
483 5359 606 5411 est,
647 5357 696 5403 et
739 5362 861 5402 cum
907 5344 1207 5399 hominibus
1266 5355 1599 5399 conversatus
1652 5355 1749 5399 est.
1800 5342 1867 5397 Et

282 5440 498 5506 Isaias,
530 5437 694 5503 Ecce,
726 5438 942 5507 inquit,
979 5435 1121 5490 Deus
1173 5443 1371 5488 noster.
1412 5434 1532 5505 Ipse
1584 5435 1767 5503 veniet,
1817 5445 1865 5489 et

366 5599 413 5632 "
450 5595 600 5652 Psal.
653 5596 770 5657 Clil,
816 5594 904 5648 50.
1018 5592 1063 5625 ³ο
1087 5593 1227 5648 Psal.
1260 5608 1450 5657 cxvm,
1480 5594 1568 5649 89.

293 5671 342 5704 ³⁵
379 5668 516 5723 Gen.
563 5680 714 5720 xxxr.
765 5664 922 5718 11-13.
1000 5663 1231 5719 ³⁸10311.
1270 5681 1403 5727 xvn,
1443 5667 1495 5718 ϐ.

296 5754 467 5802 xxxv,
497 5737 551 5791 1.
626 5736 669 5767 ’⁵³
709 5733 840 5804 ibid.
867 5733 992 5804 5-6;
1036 5734 1139 5789 lsa.
1193 5750 1325 5788 LXIII
1354 5776 1367 5791 τ
1408 5734 1440 5789 9
1470 5734 1624 5804 juxta
1674 5733 1837 5790 LXX.

1664 5594 1707 5626 ³¹
1749 5593 1850 5649 Job
1890 5608 2063 5655 xxv",
2097 5592 2151 5655 9.,
2205 5593 2260 5648 3.

1576 5663 1919 5728 3°lsa.tx,6.
2024 5665 2188 5718 "Ibit

1576 5745 1624 5788 ta
1674 5733 1837 5788 LXX.
1942 5735 1985 5766 δ’
2023 5732 2091 5788 lV
2148 5733 2188 5786 ﬂ

2612 3342 2667 3399 Μ
2676 3344 2875 3400 ἱσΙιωιε.

2020 3461 2091 3517 Et
2121 3471 2177 3516 tu
2200 3460 2489 3524 Bethleem,
2514 3467 2657 3512 terra
2673 3456 2704 3508 J
2714 3455 2843 3519 uda,
2876 3471 3206 3526 nequaquam
3235 3455 3458 3508 minima
3479 3471 3533 3508 es

1949 3560 2003 3611 in
2035 3554 2363 3626 principibus
2384 3549 2549 3605 Iuda.
2578 3548 2664 3602 Ea:
2692 3556 2738 3603 te
2762 3549 2902 3602 enim
2928 3547 3059 3600 mihi
3094 3545 3257 3599 exibit
3283 3546 3416 3611 dum,
3444 3547 3536 3615 qui

1951 3657 2093 3717 regat
2124 3643 2373 3715 populum
2410 3657 2583 3697 meum
2607 3639 2867 3695 Israelem
2894 3639 2963 3693 ⁸⁷.
3012 3636 3216 3693 Verum
3260 3645 3321 3692 ut
3349 3645 3536 3692 osten-

1949 3738 2105 3793 deret
2151 3735 2299 3790 hunc
2345 3748 2457 3788 non
2508 3745 2633 3787 esse
2674 3730 2954 3785 hominem
2997 3727 3207 3782 nudum
3237 3734 3291 3783 et
3317 3728 3533 3789 solum,

1953 3828 2047 3883 sed
2080 3841 2205 3881 cum
2242 3823 2351 3880 Deo
2377 3822 2764 3892 conjunctum,
2815 3817 3019 3888 adjecit
3054 3833 3068 3870 :
3103 3815 3289 3870 Exitus
3316 3816 3430 3885 ejus
3472 3817 3538 3869 ab

1960 3918 2115 3974 initio
2136 3958 2150 3981 ,
2186 3934 2217 3970 a
2251 3916 2436 3969 diebus
2465 3912 2652 3969 saeculi
2672 3912 2738 3964 “.
2768 3911 3032 3965 Actiones
3051 3948 3066 3973 ,
3097 3909 3294 3978 inquit,
3322 3907 3441 3977 ejus
3470 3905 3538 3960 ad

1953 4010 2297 4067 divinitatem
2347 4007 2686 4079 pertinentes
2707 4044 2721 4068 ,
2746 4003 2834 4059 vel
2877 4010 3036 4058 ortus
3063 4000 3186 4070 ejus
3206 4040 3221 4065 ,
3253 4000 3322 4054 ab
3348 4000 3533 4064 initio,

1953 4118 2017 4158 ex
2052 4100 2240 4156 saeculi
2282 4097 2601 4161 intervallo,
2629 4096 2734 4150 hoc
2763 4103 2884 4157 est,
2918 4093 2988 4147 ab
3023 4091 3173 4147 omni
3203 4092 3534 4146 aeternitate.

1955 4191 2258 4247 Zorohabel
2294 4198 2477 4243 autem
2510 4187 2787 4258 Babylone
2822 4192 2985 4240 natus
3007 4192 3114 4240 est.
3143 4183 3309 4239 Vides
3340 4182 3538 4251 exqui-

1955 4282 2220 4341 sitissime
2254 4280 2580 4336 subductam
2622 4278 2893 4334 rationem
2930 4275 2997 4331 ad
3024 4277 3208 4332 locum
3244 4290 3445 4345 usque,
3481 4274 3538 4328 in

1954 4388 2065 4445 quo
2094 4380 2258 4429 natus
2292 4378 2379 4427 est
2405 4369 2683 4427 Christus.

2645 4498 2854 4556 Daniel.

2046 4616 2294 4673 Videbam
2336 4617 2390 4669 in
2438 4616 2633 4669 visione
2674 4614 2876 4674 noctis,
2919 4619 2969 4665 et
3009 4626 3122 4663 erce
3167 4625 3283 4661 cum
3319 4606 3542 4661 nubibus

1967 4711 2084 4766 εαξη
2132 4710 2287 4780 quasi
2319 4707 2494 4761 Filius
2539 4705 2767 4758 hominis
2792 4702 3046 4766 veniebat,
3072 4711 3121 4756 et
3158 4700 3228 4755 ad
3259 4701 3548 4769 Antiquam

1967 4803 2170 4856 dierum
2202 4799 2443 4859 accessit,
2475 4805 2522 4850 et
2551 4794 2619 4848 ad
2649 4795 2767 4864 ejus
2792 4801 3126 4860 conspectum
3158 4789 3419 4844 adductus
3444 4799 3545 4851 est,

1968 4905 2018 4946 et
2050 4892 2208 4944 datus
2253 4896 2331 4942 est
2374 4886 2460 4939 illi
2510 4885 2679 4938 honor
2717 4893 2766 4938 et
2808 4883 3088 4952 imperium
3127 4891 3176 4935 et
3216 4895 3467 4950 regnum;
3497 4889 3549 4932 et

1972 4998 2148 5037 omnes
2180 4976 2381 5050 populi,
2420 4976 2589 5030 tribus
2612 5018 2626 5040 ,
2659 4975 2855 5044 linguae
2893 4975 3124 5027 serviunt
3166 4972 3267 5026 illi.
3304 4971 3547 5033 Potestas

1968 5072 2083 5141 ejus
2123 5078 2354 5138 potestas
2394 5067 2712 5135 sempiterna
2750 5080 2867 5135 qua:
2927 5081 3029 5118 non
3073 5062 3449 5130 pcrtransibit,
3500 5072 3549 5116 et

1973 5176 2190 5232 regnum
2218 5159 2366 5213 illius
2400 5175 2505 5213 non
2533 5166 2792 5212 evertetur
2813 5156 2880 5210 δ’.
2917 5155 3120 5225 Ecquis
3147 5161 3231 5209 est
3261 5154 3352 5207 hic
3387 5154 3547 5224 quasi

1973 5251 2118 5305 ﬁlius
2152 5247 2412 5310 hominis,
2442 5247 2535 5317 qui
2567 5256 2889 5317 potestatem
2923 5245 3121 5315 accipit
3151 5243 3458 5299 absolutam
3497 5244 3551 5297 in

1973 5358 2165 5398 omnes
2185 5355 2248 5396 ac
2276 5340 2703 5410 sempiternam?
2731 5339 2907 5393 Homo
2929 5338 3149 5407 quidem
3177 5337 3401 5391 omnino
3428 5335 3553 5389 nul-

1973 5436 2098 5501 lus,
2143 5433 2239 5490 sed
2287 5433 2405 5504 ipse
2452 5430 2597 5487 Deus
2627 5438 2681 5487 et
2715 5432 2881 5486 homo
2924 5429 3198 5485 Christus.
3241 5428 3317 5484 De
3351 5444 3462 5499 quo
3498 5434 3552 5482 et

2361 5593 2423 5663 ’i
2446 5592 2561 5663 Aes

2329 5664 2373 5696 ³⁸
2401 5661 2614 5717 Βειίαειι
2641 5678 2724 5729 III,
2758 5661 2847 5716 '56.

2195 5750 2280 5805 eg.
2313 5752 2433 5800 six;
2487 5734 2531 5788 ll
2588 5732 2767 5805 Par-al.
2796 5746 2969 5787 xxx".

2568 5635 2580 5648 .
2635 5608 2696 5656 II,
2736 5591 2797 5653 5,
2834 5589 2888 5644 ﬁ.
2966 5588 3013 5620 ³³
3055 5587 3157 5643 lsa.
3195 5602 3405 5646 XLVIII.
3451 5584 3546 5656 16.

2943 5660 2988 5692 ³⁸
3022 5658 3155 5713 ibid.
3184 5659 3274 5714 58.
3358 5657 3405 5690 ‘°
3444 5655 3549 5711 lsa.

2943 5751 2969 5785 ι.
3083 5727 3127 5760 ⁸³
3165 5727 3267 5782 lsa.
3304 5743 3403 5793 vn,
3459 5724 3549 5785 14.

2024 5665 2067 5695 ³⁷
2089 5663 2227 5718 Ibid.

294 5816 346 5848 “
384 5799 522 5895 ibid.
575 5805 661 5864 16.
740 5802 828 5859 ⁸⁸1
866 5799 986 5860 ναι(
1029 5804 1102 5872 ll,
1141 5805 1231 5861 22.
1311 5799 1535 5861 “Prov.
1573 5821 1675 5872 xx,
1718 5806 1769 5862 .9.
1848 5804 2075 5860 “Mich.
2122 5799 2254 5869 ν,ἳῖ
2331 5805 2375 5839 ἰθ
2399 5799 2533 5861 ibid.
2611 5804 2655 5837 ’⁵³
2697 5802 2830 5859 Dan.
2873 5818 2990 5868 vn,
3020 5800 3125 5864 13,
3161 5799 3247 5857 11.
