3950 6156
486 362 626 416 1119

1720 365 1775 424 S.
1818 363 2142 423 GRECORII
2183 363 2477 421 NYSSENI

3637 364 3777 418 11Ξο

485 481 655 536 David
685 480 857 538 Deum
897 490 952 539 et
989 482 1204 540 Patrem
1234 483 1317 542 sic
1347 485 1651 558 alloquitur
1679 505 1692 542 :
1723 486 1882 554 Deus,
1906 488 2056 557 judi—
2082 490 2134 550 Α
2157 485 2382 541 Christo
2415 485 2567 540 dices
2609 485 2947 540 convenire?
2979 484 3181 541 Eadem
3225 497 3323 554 per
3356 481 3564 538 lsaiam
3598 483 3679 536 de
3715 499 3775 538 se

483 574 625 625 cium
656 581 804 626 tuum
828 571 955 644 Regi
986 573 1078 642 da,
1113 586 1164 630 et
1188 577 1466 647 justitiam
1500 586 1646 633 tuam
1678 580 1790 649 ﬁlia
1817 580 1967 651 Regis
1989 581 2057 635 '°.

481 663 736 720 Christus
768 666 914 720 enim
946 674 1001 722 et
1028 670 1108 722 uti
1149 669 1290 726 Deus
1320 670 1434 726 Rex
1462 680 1569 738 est,
1599 680 1654 728 et
1687 673 1831 729 filius
1872 673 2058 744 Regis.

482 753 547 807 Et
579 756 656 808 uti
690 755 856 812 homo
887 757 1068 815 factus
1097 768 1184 815 cst
1216 760 1327 816 Rex
1349 800 1363 823 ,
1397 771 1452 816 et
1479 763 1624 820 ﬁlius
1651 765 1826 835 regis,
1869 781 2062 836 nempe

480 844 727 901 Davidis.
763 845 842 901 Ex
871 864 982 917 quo
1010 859 1224 920 postea,
1256 852 1398 906 Data
1431 864 1529 917 est,
1568 855 1772 924 inquit,
1806 856 1936 910 mihi
1959 874 2063 910 om-

481 937 562 990 nis
585 947 816 1006 potestas
865 941 919 994 in
963 943 1093 996 creto
1121 952 1170 996 et
1201 944 1253 997 in
1291 953 1435 998 terra
1473 947 1542 1000 ⁸¹.
1569 947 1650 1002 Ad
1682 963 1846 1018 quem
1880 947 2060 1012 Pater,

482 1037 772 1100 postquam
793 1070 808 1094 ,
839 1040 899 1086 ut
928 1031 1113 1094 homo,
1156 1042 1484 1103 potestatem
1518 1039 1768 1108 accepit,
1801 1037 1952 1104 Sede,
1983 1039 2066 1092 in-

481 1121 617 1190 quit,
651 1140 684 1177 a
713 1123 914 1178 dextris
939 1127 1088 1180 meis.
1118 1125 1268 1180 Dixit
1303 1129 1448 1183 enim
1474 1170 1488 1192 ,
1521 1139 1581 1183 ut
1612 1133 1688 1184 ait
1725 1129 1916 1194 David,
1954 1131 2060 1184 Do-

482 1217 652 1270 minus
684 1216 912 1271 Domino
941 1234 1092 1272 meo:
1123 1218 1255 1274 Sede
1288 1237 1318 1273 a
1348 1220 1552 1275 dextris
1586 1224 1714 1276 meis
1735 1264 1749 1286 ,
1787 1224 1950 1279 donec
1973 1240 2066 1293 po-

480 1324 606 1360 nam
661 1309 900 1364 inimicos
965 1320 1081 1365 tuos
1145 1312 1438 1366 scabellum
1492 1310 1685 1382 pedum
1741 1326 1952 1369 tuorum
1994 1317 2064 1372 δ’.

481 1400 715 1466 Quinam
757 1411 888 1458 sunt
927 1403 980 1458 hi
1015 1405 1125 1460 duo
1173 1405 1387 1461 Domini
1425 1408 1600 1478 ipsius
1646 1408 1906 1476 Davidis,
1959 1411 2066 1467 nisi

484 1495 583 1548 hos
611 1497 992 1552 concesseris?
1022 1498 1091 1550 At
1116 1514 1238 1555 cum
1278 1499 1513 1556 dixisset
1541 1499 1712 1554 David
1742 1519 1754 1555 :
1786 1500 1947 1565 Deus,
1975 1503 2070 1572 ju-

481 1587 680 1642 dicium
705 1598 851 1642 tuum
884 1589 1011 1660 Regi
1044 1591 1114 1645 da
1135 1633 1148 1655 ,
1177 1601 1230 1647 et
1259 1609 1381 1663 quae
1415 1604 1761 1662 sequuntur,
1793 1597 2066 1664 subjecit,

482 1681 740 1750 quoniam
769 1693 891 1736 ante
922 1684 1086 1739 solem
1118 1695 1396 1754 permanet
1423 1703 1610 1740 nomen
1636 1687 1750 1756 ejus
1777 1689 1844 1753 ⁸³,
1869 1703 2068 1742 nomen

485 1772 617 1826 illud
643 1774 828 1844 utique
850 1775 995 1845 quod
1026 1776 1180 1831 illum
1207 1778 1397 1844 Deum,
1427 1788 1520 1833 aut
1551 1779 1752 1832 Filium
1780 1779 1920 1849 (Dei)
1947 1795 2068 1835 esse

483 1863 846 1921 demonstrat.
900 1865 1128 1936 Semper
1160 1869 1306 1923 enim
1343 1878 1642 1940 utrumque
1688 1870 1810 1926 fuit.
1864 1871 2066 1941 Ecquis

487 1955 652 2025 igitur
677 1957 948 2026 ejusmodi
983 1956 1118 2022 Rex,
1157 1959 1263 2014 nisi
1305 1961 1436 2014 hic?
1471 1962 1569 2015 Cui
1609 1962 1923 2017 servierunt
1951 1978 2070 2016 om-

486 2062 584 2102 nes
604 2061 812 2118 gentes,
833 2050 938 2104 nisi
963 2049 1212 2107 Christo?
1234 2053 1404 2118 Quem
1433 2053 1537 2108 nisi
1561 2054 1839 2110 Christum
1866 2055 2068 2109 collau-

485 2139 728 2204 darunt,
785 2141 1118 2212 beatumque
1179 2144 1659 2213 praedicaverunt?
1725 2144 1821 2201 Sin
1888 2148 2071 2202 adhuc

484 2229 662 2300 ipsum
693 2242 999 2303 exspectas,
1025 2235 1206 2304 quoad
1232 2247 1536 2306 praecurrat
1561 2239 1706 2295 Elias
1726 2281 1741 2304 ,
1765 2229 2069 2295 sec'undum

489 2319 800 2377 Servatoris
829 2322 1157 2380 descensum
1182 2339 1493 2396 exschtas,
1518 2343 1643 2382 cum
1676 2329 1854 2384 aderit
1881 2329 2071 2384 mundi

488 2413 632 2470 linis.
663 2413 800 2468 Nam
834 2431 959 2470 cum
991 2417 1102 2472 duo
1141 2417 1252 2473 sint
1285 2419 1491 2474 Christi
1537 2420 1838 2477 descensus
1865 2463 1880 2488 ,
1928 2439 2072 2478 unus

485 2521 608 2561 cum
633 2507 700 2562 ad
725 2515 977 2563 naturam
999 2510 1294 2564 humanam
1320 2513 1708 2568 assumendam
1735 2514 1906 2579 venit,
1937 2515 2073 2569 alter

484 2610 609 2650 cum
638 2597 818 2652 veniet
841 2597 908 2652 ad
930 2597 1292 2668 judicandum
1315 2602 1504 2656 orbem
1531 2602 1849 2658 universum
1874 2619 1887 2654 :
1922 2604 2074 2672 prior

483 2689 597 2756 jam
650 2687 788 2755 fuit,
836 2690 996 2759 cujus
1036 2707 1349 2761 praecursor
1413 2701 1680 2764 tanquam
1737 2695 1875 2749 alter
1931 2694 2074 2751 Elias

485 2777 726 2836 Joannes
755 2782 1004 2850 exstitit;
1061 2784 1332 2853 posterior
1361 2785 1490 2850 erit,
1522 2795 1576 2840 ct
1608 2785 1778 2840 Eliam
1813 2795 2074 2856 tanquam

508 2869 718 2922 :llerum
741 2869 1009 2926 Joannem
1037 2873 1259 2928 habebit
1283 2890 1705 2944 praecursorem.
1731 2875 1905 2932 Ambo
1928 2877 2074 2932 enim

489 2970 616 3014 sunt
659 2962 906 3031 ejusdem
950 2962 1228 3033 Spiritus,
1270 2976 1323 3021 et
1371 2967 1620 3037 ejusdem
1671 2969 1864 3039 gratia:
1913 2979 2077 3041 atque

490 3053 736 3119 virtutis,
766 3062 1041 3125 quatenus
1073 3055 1352 3111 Christum
1393 3068 1761 3129 praecurrunt.

2163 579 2415 649 praedixit
2467 578 2723 633 Christus
2769 577 3051 632 :Dorsum
3107 594 3279 633 meum
3333 576 3773 646 percutientibus

2161 671 2386 740 prwbui,
2435 687 2594 742 genas
2642 669 2975 733 vellentibus,
3031 679 3081 724 et
3121 669 3319 739 faciem
3365 669 3430 722 ab
3463 668 3775 736 ignominia

2164 764 2561 834 conspuentium
2590 779 2695 818 non
2738 763 2902 817 averti
2928 762 2992 815 ⁸⁸.
3028 761 3093 816 Et
3129 776 3353 817 rursum
3404 759 3584 814 David
3617 779 3634 814 :
3675 758 3776 812 De-

2163 855 2374 918 derunt,
2415 856 2615 927 inquit,
2666 856 2719 908 in
2762 871 2940 909 escam
2987 871 3157 908 meam
3185 855 3278 924 fel,
3317 863 3368 908 et
3407 855 3463 907 in
3512 855 3610 907 siti
3659 871 3773 905 mea

2165 957 2478 1015 potaverunt
2517 964 2597 1001 me
2639 956 2784 1002 aceto
2805 947 2873 1001 ⁸⁹.
2905 946 3062 1013 Quod
3106 949 3154 1003 si
3208 947 3326 1001 hrec
3360 946 3654 1015 intelliges
3710 946 3775 998 de

2167 1039 2372 1110 populo
2400 1039 2456 1092 in
2487 1038 2813 1107 captivitate
2833 1037 3164 1102 constituto,
3201 1052 3326 1090 cum
3353 1042 3584 1089 constet
3619 1050 3771 1096 eum,

2167 1132 2294 1185 licet
2331 1130 2436 1183 alia
2474 1130 2648 1182 multa
2685 1129 2995 1197 pertulerit,
3043 1127 3362 1199 hujusmodi
3407 1135 3605 1180 tamen
3662 1139 3768 1178 non

2169 1221 2341 1277 fuisse
2391 1222 3058 1292 perpessumzseutentia
3095 1229 3190 1275 tua
3235 1221 3395 1274 facile
3446 1218 3764 1274 refelletur.

2169 1315 2396 1369 Mortem
2442 1314 2619 1384 ipsius
2659 1313 2920 1384 praedixit
2951 1312 3144 1376 Isaias,
3177 1323 3234 1365 ut
3265 1313 3405 1372 ovis,
3463 1312 3766 1380 inquiens,

2169 1406 2238 1460 ad
2282 1407 2594 1460 occisionem
2640 1405 2828 1458 ductus
2865 1413 2944 1458 est
2987 1405 3054 1460 ⁸⁸.
3109 1403 3311 1459 Verum
3355 1412 3417 1457 ut
3451 1418 3770 1472 cognosce-

2170 1511 2260 1552 res
2286 1511 2405 1551 eam
2444 1496 2603 1550 nobis
2653 1494 2822 1550 fuisse
2859 1495 3182 1559 salutarem,
3219 1510 3418 1548 rursus
3450 1494 3634 1557 idem,
3681 1491 3772 1544 Li-

2171 1604 2311 1649 vore,
2350 1587 2550 1656 inquit,
2606 1587 2720 1655 ejus
2760 1587 2940 1641 sanati
2969 1603 3148 1641 omnes
3173 1603 3354 1640 sumus
3379 1585 3449 1639 “.
3494 1583 3572 1640 Ut
3601 1583 3772 1637 intel-

2172 1683 2370 1752 ligeres
2401 1688 2582 1735 autem
2618 1681 2688 1734 ob
2711 1679 2834 1750 ejus
2869 1690 3102 1734 mortem
3132 1677 3448 1733 Iudaeorum
3489 1693 3682 1746 genus
3708 1677 3770 1730 ad

2173 1773 2398 1828 exitiqu
2445 1774 2784 1842 pervenisse,
2831 1772 3090 1842 subjecit,
3135 1769 3200 1823 Et
3241 1771 3379 1824 dabo
3433 1771 3642 1839 impios
3680 1787 3773 1838 pro

2177 1863 2291 1932 ejus
2341 1864 2702 1930 sepultura“.
2743 1863 2888 1930 Quid
2921 1861 3419 1935 enimIJudteorum
3481 1864 3775 1932 impietate

2179 1955 2527 2025 ﬂagitiosius,
2571 1955 2664 2026 qui
2704 1971 2830 2011 eum
2878 1971 2909 2008 a
2949 1971 3060 2026 quo
3103 1963 3214 2010 tam
3268 1956 3442 2010 multa
3493 1953 3771 2010 beneficia

2181 2056 2526 2118 acceperant,
2558 2046 2996 2102 interfecerunt?

2597 2205 2676 2261 De
2704 2204 2905 2261 Christi
2933 2205 3336 2260 resurrectione.

2252 2337 2377 2394 Non
2421 2338 2706 2409 relinques,
2759 2339 2941 2410 inquit
2989 2337 3181 2404 David,
3229 2341 3463 2394 animam
3501 2358 3684 2395 meam
3724 2345 3778 2398 iu

2181 2429 2422 2500 inferno,
2466 2447 2558 2484 nec
2590 2429 2742 2486 dabis
2773 2441 3018 2485 sanctum
3059 2441 3207 2484 tuum
3249 2433 3424 2486 videre
3463 2438 3779 2503 corruptio-

2181 2522 2385 2589 nem“,
2440 2538 2660 2594 nempe,
2707 2523 2982 2594 corporis.
3033 2523 3260 2589 Deinde,
3318 2521 3517 2589 Notos,
3563 2526 3776 2596 inquit,

2181 2615 2353 2684 fecisti
2387 2615 2518 2669 mihi
2545 2615 2656 2670 dies
2699 2617 2837 2670 vitm.
2871 2613 3044 2672 Oseas
3087 2616 3260 2670 multo
3296 2616 3505 2672 clarius
3536 2635 3552 2671 :
3586 2618 3662 2671 Et
3693 2636 3781 2672 sa-

2183 2706 2327 2759 nabit
2371 2723 2466 2762 nos
2493 2715 2609 2776 post
2651 2707 2786 2771 dies,
2816 2708 2869 2760 in
2903 2706 2988 2760 die
3029 2707 3207 2772 tertia,
3242 2716 3290 2760 et
3323 2723 3695 2778 resurgemus,
3729 2720 3780 2763 et

2182 2799 2407 2852 vivemus
2438 2800 2490 2853 in
2523 2807 2802 2868 conspectu
2832 2799 2946 2865 ejus
2967 2799 3031 2855 “.
3070 2797 3193 2853 Ilaec
3225 2806 3407 2853 autem
3452 2800 3603 2854 dicta
3641 2809 3781 2854 sunt

2181 2905 2248 2945 ex
2275 2905 2509 2960 persona
2542 2905 2734 2946 eorum
2765 2889 2856 2960 qui
2889 2890 3250 2955 dormierunt,
3275 2905 3510 2960 quorum
3531 2906 3782 2961 corpora

2183 2996 2308 3036 cum
2346 2981 2568 3038 Christo
2615 2992 2982 3037 surrexerunt
3025 2982 3187 3036 tertio
3226 2981 3314 3036 die
3343 2998 3452 3052 quo
3502 2999 3779 3039 surrexe-

2186 3071 2256 3124 rit
2299 3071 2458 3140 ipse,
2517 3081 2566 3124 et
2623 3081 2985 3140 apparuerunt
3027 3071 3229 3137 multis,
3297 3081 3358 3126 ut
3407 3071 3780 3141 Evangelium

565 3186 776 3240 Unctus
827 3187 918 3242 ille
957 3197 1013 3242 et
1065 3187 1296 3248 Messias
1334 3205 1498 3260 quem
1553 3193 1926 3260 exspectatis,
1989 3201 2075 3250 est
2106 3189 2150 3249 C
2185 3162 2430 3260 flocci“
2459 3161 2601 3260 Qui“
2630 3160 3103 3260 F‘iam_Jo_SePh“S
3132 3161 3392 3260 ηευνξξυεξ
3442 3166 3496 3219 in
3527 3181 3676 3260 71""
3711 3167 3781 3220 ῙῙ·

492 3293 665 3347 purus
719 3277 905 3342 homo,
966 3294 1034 3332 an
1085 3278 1227 3334 Deus
1257 3285 1312 3334 et
1366 3281 1565 3336 homo?
1615 3281 1749 3336 Nam
1808 3284 1854 3338 si
1905 3299 2076 3354 purus

494 3368 658 3423 homo
687 3376 794 3437 est,
831 3384 940 3424 non
979 3379 1064 3424 est
1099 3369 1190 3425 ille
1231 3386 1390 3440 quem
1439 3370 1814 3441 praedixerunt
1852 3376 2078 3445 prophe-

493 3471 581 3528 tze,
610 3462 702 3532 qui
725 3462 880 3533 signa
911 3465 962 3517 ei
990 3462 1296 3518 divinitatis
1325 3462 1723 3534 adjunxerunt,
1759 3473 1819 3520 ut
1844 3467 2020 3537 ipsum
2046 3485 2077 3523 a

495 3554 652 3620 puris
691 3561 746 3610 et
779 3555 945 3611 meris
996 3555 1315 3611 hominibus
1353 3567 1716 3626 separarent:
1763 3573 1861 3615 vos
1894 3569 2078 3616 autem

497 3659 528 3699 a
561 3646 765 3716 quibus
803 3647 928 3700 aliis
955 3648 1226 3705 didicistis
1257 3655 1418 3704 notas
1449 3658 1503 3704 et
1530 3651 1686 3720 signa
1710 3651 1881 3717 illius,
1910 3669 2077 3722 quem

494 3739 863 3804 exspectatis?
894 3737 990 3793 Sin
1022 3740 1165 3795 Dcus
1197 3748 1282 3796 est
1311 3750 1366 3795 et
1396 3741 1583 3806 homo,
1619 3758 1800 3798 nonne
1826 3744 2080 3798 animad-

495 3829 734 3895 vertitis,
777 3845 875 3886 vos
909 3832 1072 3886 aliam
1115 3833 1424 3887 divinitatis
1461 3849 1748 3902 personam
1791 3836 2082 3891 conﬁteri?

496 3919 683 3990 Neque
715 3923 861 3977 enim
893 3923 1091 3978 dicetis
1115 3924 1267 3978 hunc
1301 3940 1422 3980 esse
1458 3925 1694 3980 Patrem.
1724 3926 1882 3996 Nam,
1915 3927 2076 3995 Puer,

497 4019 697 4089 inquit,
723 4031 879 4076 natus
909 4032 987 4076 est
1021 4022 1170 4076 nobis
1187 4023 1254 4090 “,
1296 4022 1494 4091 Filius,
1531 4039 1640 4078 non
1682 4033 1864 4080 autem
1891 4025 2075 4082 Pater.

494 4106 613 4163 Jam
671 4109 922 4176 Messias,
974 4120 1030 4166 et
1082 4112 1377 4176 Christus,
1420 4121 1476 4169 et
1527 4123 1729 4172 unctus
1778 4117 1920 4172 idem
1971 4126 2077 4173 est.

497 4201 806 4270 .ntelligite,
836 4203 1142 4272 insipientes
1167 4207 1221 4258 in
1246 4206 1459 4277 populo,
1493 4215 1542 4261 et
1578 4207 1750 4272 stulti,
1787 4209 2077 4283 aliquando

503 4293 677 4362 capite
701 4294 770 4346 ⁵⁸.
808 4294 872 4348 Et
905 4294 1077 4352 Isaias
1106 4313 1208 4353 vos
1239 4300 1558 4368 alloquitur,
1598 4298 1762 4363 chi,
1798 4299 2074 4369 inquiens,

493 4385 757 4452 inspicite,
789 4397 837 4441 et
871 4388 1042 4453 surdi,
1071 4389 1252 4444 audite
1275 4391 1342 4444 ⁸⁸.
1378 4391 1607 4446 Ultrone
1641 4391 1772 4445 caeci
1809 4392 1968 4454 estis,
2007 4406 2077 4447 an

493 4475 720 4528 omnino
755 4476 1014 4532 sensibus
1053 4477 1300 4533 caretis?
1338 4477 1636 4549 Ecquando
1687 4481 1852 4549 igitur
1897 4484 2077 4536 nomi-

492 4581 624 4619 num
675 4567 1084 4639 ambiguitates,
1135 4579 1233 4624 aut
1272 4570 1564 4626 verborum
1614 4570 2071 4640 significationes,

492 4664 588 4708 aut
643 4655 946 4711 dictionum
1011 4657 1378 4727 proprietates
1431 4657 1810 4728 distinguetis,
1869 4659 2076 4729 quibus

492 4747 699 4804 veritas
736 4748 1268 4820 comprehenditur?

803 4899 884 4956 De
906 4899 1107 4954 Christi
1138 4901 1460 4956 cruciatibus
1488 4909 1540 4955 et
1571 4908 1758 4956 morte.

479 5033 482 5035 Α
565 5031 735 5089 David
765 5050 829 5090 ex
860 5050 1094 5106 persona
1119 5035 1348 5105 Christi,
1385 5037 1706 5102 Concilium,
1731 5037 2076 5108 inquinata-

494 5123 811 5194 lignantium
861 5125 1062 5181 obsedit
1113 5143 1211 5181 me.
1253 5126 1524 5182 Foderunt
1588 5145 1778 5183 manus
1827 5145 1989 5193 meas,
2028 5138 2079 5181 et

491 5217 644 5286 pedes
678 5234 841 5286 meos,
884 5219 1346 5275 dinumeraverunt
1379 5223 1560 5275 omnia
1607 5238 1731 5276 ossa
1766 5237 1902 5276 mea.
1936 5220 2080 5274 Divi-

492 5321 671 5364 serunt
714 5311 816 5366 sibi
861 5313 1167 5366 vestimenta
1209 5329 1343 5379 mea,
1383 5321 1434 5367 et
1476 5328 1632 5381 super
1677 5322 1868 5367 vestem
1908 5328 2079 5366 meam

494 5403 750 5457 miserunt
791 5406 1077 5459 sortem".
1131 5404 1254 5460 [iam
1299 5420 1423 5460 cum
1461 5404 1568 5459 illis
1604 5420 1726 5475 qua
1774 5412 2076 5459 narrantur

494 5491 548 5546 in
585 5492 896 5566 Evangeliis
928 5496 1086 5566 plane
1118 5496 1501 5566 congruentia,
1566 5496 1786 5549 cuinam
1821 5495 1936 5559 alii,
1967 5495 2072 5551 nisi

565 5669 611 5700 ¹⁰
654 5669 798 5725 Psal.
844 5687 991 5737 Lxxt,
1024 5673 1078 5726 Ξ.
1154 5673 1418 5728 “Matth.
1458 5689 1647 5738 xxvm,
1690 5673 1776 5728 18.
1853 5675 1896 5706 δ’
1934 5674 2080 5730 l’sal.
2108 5689 2220 5737 etx,
2259 5674 2309 5726 1.

498 5753 652 5802 xcm,
683 5740 735 5794 8.
811 5741 858 5772 ⁵⁸⁵
890 5740 992 5794 lsa.
1023 5759 1153 5808 xui,
1190 5744 1274 5798 18.

1386 5744 1601 5799 "l‘sal.
1645 5760 1756 5808 xxI,
1793 5744 1882 5808 17,
1925 5743 2008 5799 18.

499 5809 542 5842 ⁸⁸
577 5809 712 5866 ibid.
768 5811 821 5866 5.

901 5812 945 5844 η
988 5812 1123 5869 ibid.
1156 5813 1210 5869 9.
1286 5813 1332 5847 υ
1374 5813 1758 5884 Psal.xv,10,
1797 5816 1881 5871 ll.

1961 5745 2008 5799 Β.
2109 5745 2155 5776 ⁸⁸
2188 5744 2290 5799 lsa.
2340 5760 2390 5806 ι,
2447 5743 2499 5797 6.
2603 5745 2648 5778 δ’
2699 5743 2841 5796 Psal.
2881 5755 3071 5804 vant,
3115 5743 3204 5795 22.
3312 5743 3357 5769 "
3400 5743 3508 5792 Isa.
3556 5751 3678 5796 Lnt.

1961 5815 2006 5847 “
2050 5815 2190 5872 Osce
2226 5830 2298 5881 γι,
2337 5815 2390 5869 5.
2467 5814 2511 5845 ⁶³
2541 5812 2728 5868 Matth.
2765 5828 2934 5879 xxvu,
2969 5810 3055 5867 55.
3135 5811 3180 5843 ⁸⁸
3210 5809 3318 5865 lsa.
3344 5823 3515 5878 xxxv,
3557 5809 3609 5874 1,
3639 5804 3697 5860 2.

2183 3255 2282 3309 bro
2315 3253 2392 3308 De
2435 3255 2751 3326 antiquitate
2787 3254 3100 3311 Judworum
3147 3256 3215 3312 de
3264 3256 3488 3311 Christo
3526 3259 3781 3329 loquitur

2183 3345 2250 3400 ad
2294 3345 2442 3401 hunc
2490 3349 2708 3402 modum
2738 3366 2751 3402 :
2783 3347 2911 3402 Fuit
2965 3348 3146 3403 eodem
3183 3359 3413 3418 tempore
3454 3348 3641 3414 Iesus,
3696 3353 3783 3406 τίν

2181 3439 2410 3506 sapiens,
2439 3440 2486 3494 si
2517 3448 2692 3494 tamen
2718 3457 2836 3494 eum
2871 3441 3138 3512 appellare
3167 3443 3334 3495 uirum
3377 3442 3464 3511 {as
3493 3452 3596 3497 est.
3634 3443 3778 3498 Erat

2179 3530 2318 3583 enim
2357 3531 2686 3585 mirabilium
2737 3549 2954 3601 operum
2998 3535 3233 3604 effector,
3270 3544 3318 3588 et
3370 3534 3560 3588 doctor
3598 3537 3779 3590 homi-

2181 3637 2306 3675 num
2336 3623 2424 3691 qui
2447 3639 2565 3676 cum
2593 3623 2865 3694 voluptate
2887 3642 3004 3696 qua:
3025 3642 3146 3680 vera
3174 3634 3319 3688 sunt,
3348 3626 3770 3694 amplectuntur.

2179 3710 2258 3764 Ac
2284 3711 2478 3765 multos
2507 3712 2718 3782 quidem
2746 3723 2858 3768 tum
2883 3730 2947 3769 ea:
2976 3712 3211 3779 Judwis,
3247 3725 3358 3768 tum
3383 3731 3448 3768 ex
3475 3715 3602 3770 aliis
3639 3733 3772 3786 gen-

2182 3802 2320 3856 tibus
2355 3802 2601 3873 adjunxit
2627 3805 2748 3859 sibi.
2781 3805 2886 3859 Hic
2917 3815 3033 3860 erat
3065 3805 3331 3863 Christus.
3365 3807 3536 3872 Quem
3571 3821 3774 3864 nostra

2180 3895 2347 3966 gentis
2371 3895 2700 3965 principibus
2741 3901 3117 3953 accusantibus
3167 3917 3198 3953 a
3239 3899 3414 3954 Pilato
3448 3900 3773 3956 damnatum

2180 3985 2325 4038 cruci
2376 3984 2652 4053 aﬂixerunt
2703 3985 2901 4041 Juda'i.
2952 3986 3065 4041 Nec
3106 3996 3280 4041 tamen
3327 3987 3419 4057 qui
3466 4003 3589 4041 eum
3622 3990 3774 4057 prius

2179 4075 2499 4140 dilexerant,
2539 4075 2842 4131 doctrinam
2870 4079 3038 4148 ipsius
3066 4079 3402 4149 promulgare
3428 4081 3770 4134 destiterunt.

2182 4165 2358 4220 Tertio
2393 4183 2615 4236 namque
2639 4177 2756 4236 post
2794 4167 2878 4223 die
2909 4185 2965 4222 se
2999 4185 3186 4223 rursus
3214 4169 3466 4224 viventem
3502 4169 3616 4224 illis
3646 4187 3775 4223 con-

2179 4260 2507 4329 spiciendum
2560 4259 2821 4329 prwbuit,
2873 4277 2993 4314 cum
3024 4269 3073 4314 et
3119 4260 3230 4315 lucc
3283 4269 3334 4314 et
3393 4261 3507 4314 alia
3551 4260 3617 4315 de
3657 4261 3774 4328 ipso

2179 4349 2588 4405 innumerabilia
2626 4349 2790 4404 divini
2820 4350 3086 4420 propheta:
3120 4351 3530 4420 prtedixissent.

2600 4464 2680 4519 De
2714 4463 2960 4520 Ecclesia
2987 4481 3054 4520 ea:
3083 4466 3348 4536 gentibus.

2250 4574 2481 4641 Laztare,
2537 4576 2791 4643 solitudo,
2818 4577 3039 4635 sitiens.
3107 4574 3356 4630 Exsulta
3413 4574 3672 4639 solitudo,
3725 4585 3773 4628 et

2183 4666 2373 4738 ﬂoreat
2400 4670 2555 4739 quasi
2586 4670 2780 4722 lilium.
2826 4667 2890 4722 Et
2919 4669 3036 4723 loca
3067 4668 3275 4723 deserta
3296 4667 3559 4722 Iordanis
3593 4668 3775 4722 exsul—

2186 4759 2395 4826 tabunt,
2441 4767 2492 4814 et
2528 4759 2701 4830 gloria
2731 4758 2924 4813 Libani
2950 4760 3080 4812 data
3128 4766 3204 4814 est
3231 4759 3300 4822 ei,
3350 4767 3399 4812 et
3434 4758 3605 4812 honor
3631 4756 3774 4812 Car-

2185 4851 2394 4906 mali“.
2424 4851 2548 4907 llrec
2582 4866 2747 4907 sensu
2779 4851 3002 4922 quidem
3034 4865 3137 4906 nec
3169 4850 3313 4905 facta
3346 4860 3476 4905 sunt
3503 4866 3773 4919 unquam,

2187 4959 2365 5012 neque
2396 4944 2543 4997 fient.
2580 4943 2717 5009 Quis
2739 4944 2886 4998 enim
2922 4943 3277 4999 solitudinem
3317 4954 3371 4998 et
3394 4942 3514 4997 loca
3557 4941 3775 4998 deserta

2185 5035 2388 5105 deligat
2425 5034 2490 5088 ad
2539 5034 2919 5101 habitandum,
2953 5035 3064 5091 nisi
3095 5034 3234 5090 forte
3276 5033 3631 5090 Christianos
3660 5047 3774 5086 mo-

2185 5125 2393 5181 nachos
2434 5125 2677 5180 diseris?
2724 5126 2936 5195 Spiritu
2972 5133 3157 5180 autem
3201 5126 3364 5195 plane
3393 5125 3769 5195 contigerunt.

2184 5215 2319 5271 Nam
2348 5217 2590 5288 gentium
2621 5215 2870 5272 Ecclesia
2909 5217 3097 5272 nullos
3137 5224 3295 5271 antea
3352 5214 3575 5271 fructus
3606 5215 3777 5270 fer-en.

2181 5312 2318 5365 tium
2357 5317 2476 5364 erat
2509 5307 2760 5378 quaedam
2807 5307 2974 5363 veluti
3018 5307 3284 5373 solitudo,
3342 5307 3396 5361 in
3449 5322 3560 5377 qua
3607 5306 3774 5377 dege-

2176 5401 2310 5456 bant
2350 5400 2608 5454 vitiorum
2662 5397 2811 5455 ferae.
2859 5397 2986 5454 Hac
3036 5395 3133 5452 Dei
3187 5397 3568 5469 cognitionem
3624 5398 3775 5451 salu-

2173 5505 2391 5563 temque
2438 5492 2638 5547 sitiens
2676 5491 2896 5546 laetatur
2949 5497 3004 5545 et
3043 5489 3282 5545 exsultat
3328 5497 3384 5543 et
3417 5488 3604 5552 ﬂoret,
3660 5488 3775 5542 fru-

2388 5670 2820 5754 5'AP53|._L£XI,_
2842 5671 2929 5724 17.
3052 5667 3228 5754 “ista.
3261 5683 3357 5754 Ix...
3546 5668 3594 5704 ⁸⁸
3625 5664 3768 5754 Psal.

2603 5745 2648 5778 δ’
2699 5741 2841 5796 Psal.
2881 5755 3071 5804 vant,
3115 5741 3204 5795 22.
3312 5739 3357 5769 ”
3400 5737 3508 5792 lsa.
3556 5751 3678 5796 LIII.
3717 5738 3765 5790 7.
