3950 6156
198 226 325 279 1121

1607 223 2050 281 FRAGMENTA.

3312 226 3448 280 1122

193 355 379 402 ctuum
415 343 826 414 pulchritudine
874 353 930 400 et
983 343 1252 400 suavitate
1297 344 1574 402 decorata.
1625 344 1761 399 Data
1796 345 2129 405 AJeremias
2181 346 2311 400 item
2361 343 2740 414 pronuntiavit
2787 341 2873 399 his
2916 340 3143 400 verbis:
3174 339 3311 397 Ecce
3359 360 3448 398 ce-

193 444 365 491 autem
399 448 484 492 est
533 436 613 490 illi
649 436 825 505 gloria
876 435 1090 499 Libani,
1129 435 1235 491 hoc
1276 446 1380 499 est,
1414 435 1624 506 antiqui
1662 449 1760 505 po-

191 527 297 597 puli
330 542 492 596 quem
530 533 586 580 et
623 525 937 582 Carmelum
965 537 1148 592 vocat,
1176 526 1264 597 cui
1291 526 1466 598 gloria
1499 533 1555 581 et
1582 525 1762 580 honor

187 627 268 674 est
300 620 499 689 pietas,
539 619 731 688 religio
764 628 819 673 et
853 619 1098 671 amicitia
1130 616 1246 681 Dei,
1287 629 1339 672 et
1375 617 1565 688 gloria:
1598 615 1760 686 legis-

189 725 290 779 que
348 710 692 774 sublimitas,
751 717 806 763 et
872 709 1186 764 divinorum
1261 723 1550 764 munerum
1606 707 1763 776 copia

186 809 346 870 atque
390 803 692 870 gratiarum
740 800 1099 856 abundantia.
1132 799 1198 854 Et
1237 816 1455 856 rursum
1489 798 1763 864 :Ltetare,

187 893 404 959 sterilis,
437 909 555 962 qua:
584 910 688 958 non
719 893 887 960 paris,
919 908 1132 962 erumpe
1176 904 1224 946 st
1263 894 1464 956 clama,
1508 907 1626 962 quae
1659 907 1765 946 non

184 986 441 1054 parturis,
487 987 735 1056 quoniam
785 985 941 1040 multi
992 995 1113 1040 sunt
1165 985 1266 1055 ﬁlii
1309 987 1475 1054 magis
1513 984 1763 1050 desertae,

184 1093 346 1146 quam
380 1075 621 1128 habentis
669 1076 839 1128 uirum
865 1075 932 1128 ⁸⁷.
968 1073 1188 1128 Sterilis
1225 1074 1372 1128 enim
1418 1081 1538 1128 erat
1576 1071 1766 1127 Eccle-

184 1166 266 1220 sia
312 1179 475 1234 quam
506 1165 879 1228 ostendimus,
912 1178 1016 1219 nec
1048 1161 1192 1218 ullos
1245 1171 1375 1216 ante
1419 1160 1628 1216 ferebat
1654 1161 1768 1216 vir-

182 1264 359 1310 tutum
397 1254 631 1312 l‘ructus.
671 1253 800 1309 Post
823 1264 1034 1320 autem,
1071 1253 1328 1323 pietatem
1358 1260 1412 1306 et
1445 1252 1767 1321 religionem

181 1349 454 1418 amplexa,
489 1348 785 1402 multorum
811 1347 956 1401 facta
981 1353 1066 1402 est
1091 1334 1326 1400 ﬁliorum
1359 1354 1552 1412 mater,
1579 1342 1770 1399 Judai-

179 1455 415 1510 eamque
447 1453 786 1511 synagogam
820 1438 981 1509 cujus
1017 1445 1178 1492 antea
1211 1436 1297 1492 vir
1324 1444 1446 1490 erat
1473 1435 1638 1499 Deus,
1674 1435 1769 1504 qui

177 1546 300 1586 eam
346 1530 606 1601 diligebat
643 1536 698 1585 et
743 1528 1084 1600 providentia
1139 1543 1238 1583 sua
1278 1527 1498 1582 fovebat
1539 1541 1602 1581 ac
1650 1535 1769 1580 tue-

179 1623 370 1689 batur,
402 1624 488 1678 vel
522 1623 687 1678 etiam
720 1622 826 1686 lex,
860 1621 994 1676 vicit
1019 1620 1376 1676 fecunditate.
1429 1617 1672 1674 Rursum
1701 1633 1765 1673 ex

177 1731 419 1785 persona
462 1714 558 1770 Dei
598 1723 653 1770 et
694 1715 876 1770 Patris
917 1712 1116 1767 Filium
1150 1721 1204 1768 et
1256 1711 1428 1767 Deum
1479 1711 1767 1781 alloquens

179 1810 266 1864 sic
314 1809 393 1863 ait
443 1806 617 1863 Isaias
651 1827 663 1861 :
697 1806 831 1861 Ecce
872 1805 993 1860 dedi
1026 1814 1074 1860 te
1112 1806 1167 1858 in
1207 1804 1378 1874 fcedus
1407 1804 1664 1876 gentium,
1709 1812 1768 1855 ut

179 1911 386 1955 terram
430 1901 746 1964 constituas,
802 1896 1107 1952 solitudinis
1168 1897 1429 1966 suscipias
1481 1893 1768 1949 haeredita-

177 2004 286 2046 tem
313 1992 379 2055 “,
416 2001 470 2045 et
499 2006 618 2060 quin
645 1997 971 2060 sequuntur.
1001 1987 1157 2054 Quod
1185 1987 1348 2042 etiam
1386 2001 1482 2055 per
1507 1983 1767 2039 Davidem

173 2081 326 2138 Filio
357 2082 633 2152 pollicitus
663 2088 769 2142 est,
811 2079 878 2133 Et
899 2078 1059 2144 dabo,
1091 2077 1370 2147 inquiens,
1403 2085 1578 2146 gentes
1605 2075 1772 2130 luere-

169 2177 407 2230 ditatem
453 2173 685 2228 tuam".
722 2174 801 2228 Ac
842 2173 960 2241 ipse
989 2170 1212 2242 quidem
1243 2167 1418 2224 David
1449 2167 1665 2224 Patrem
1702 2167 1767 2222 ad

172 2269 285 2324 hoc
321 2267 664 2330 hortabatur,
694 2263 987 2329 Constitue,
1020 2263 1300 2334 inquiens,
1323 2259 1576 2326 Domine,
1613 2259 1771 2329 legis-

176 2361 415 2415 latorem
454 2373 610 2427 super
646 2373 732 2412 eos
769 2357 840 2409 ⁷ο.
889 2356 958 2410 At
991 2355 1161 2412 Isaias
1198 2370 1265 2410 ex
1301 2353 1466 2424 hujus
1493 2352 1771 2424 legislatu-

168 2455 254 2509 ris
288 2467 530 2523 persona
557 2493 572 2517 ,
603 2448 737 2516 Lex,
772 2449 976 2519 inquit,
1004 2446 1302 2518 egredietur
1336 2462 1370 2499 a
1401 2461 1483 2499 me
1516 2445 1571 2497 in
1601 2442 1770 2498 lucem

166 2547 436 2616 gentium,
462 2552 510 2598 et
532 2543 587 2595 in
621 2541 836 2596 brachio
865 2557 978 2596 meo
1012 2547 1190 2611 gentes
1216 2537 1583 2608 sperabunt“.
1613 2535 1773 2602 Quaa-

167 2651 306 2691 nam
337 2634 444 2689 alia
478 2645 562 2689 est
593 2633 704 2698 lex,
738 2642 936 2703 praeter
961 2631 1339 2700 evangelicam
1361 2669 1376 2696 ,
1412 2644 1535 2699 quae
1581 2636 1772 2699 gentes

171 2726 231 2781 in
276 2724 606 2795 ignorantiae
632 2722 874 2777 tenebris
915 2722 1239 2776 aberrantes
1266 2717 1606 2774 illustravit?
1633 2715 1771 2771 Nam

168 2816 262 2871 lex
297 2815 523 2884 quidem
549 2812 792 2867 Mosaica
818 2811 1009 2866 multis
1036 2810 1150 2879 jam
1178 2809 1338 2864 annis
1369 2814 1767 2864 antecesserat.

167 2904 299 2959 5am
336 2904 406 2958 de
443 2917 588 2957 novo
623 2900 909 2970 Evangelii
946 2906 1282 2954 testamento
1327 2913 1552 2953 rursum
1597 2895 1770 2952 Isaias

165 3005 306 3050 ante
349 2994 568 3049 locutus
595 3004 680 3048 est
711 3014 722 3048 :
750 2991 834 3045 Ex
865 2990 1018 3055 Sion,
1066 2990 1344 3061 inquiens,
1372 2988 1536 3043 exibit
1580 2988 1687 3052 leas,
1721 2997 1770 3042 et

163 3102 357 3142 sermo
390 3083 606 3138 Domini
644 3099 709 3138 ex
748 3081 1048 3137 Jerusalem
1071 3083 1139 3134 ".
1174 3080 1460 3150 Siquidem
1498 3079 1766 3134 Dominus

161 3184 374 3234 noster
407 3173 566 3231 Jesus
592 3175 846 3230 Christus
884 3187 1033 3227 nunc
1067 3171 1124 3226 in
1158 3181 1343 3226 monte
1393 3169 1530 3224 Sion
1571 3168 1769 3225 sedens

153 3276 223 3325 et
268 3267 508 3332 docens,
543 3281 693 3322 nunc
723 3266 780 3321 in
810 3265 1035 3322 civitate
1062 3261 1368 3320 Jerusalem
1400 3274 1653 3324 versans,
1698 3260 1770 3314 le-

153 3377 296 3434 gem
369 3366 423 3415 et
472 3359 781 3414 doctrinam
835 3355 1209 3428 evangelicam
1267 3351 1514 3408 tradidit.
1581 3351 1769 3422 Neque

157 3453 328 3509 enim
361 3451 429 3506 de
462 3449 700 3506 Mosaica
730 3450 848 3520 lege
891 3445 1160 3519 propheta
1187 3459 1336 3501 nunc
1362 3444 1632 3515 loquitur.
1663 3442 1767 3508 Qui

155 3544 325 3601 enim
371 3543 427 3596 id
463 3541 580 3597 ﬁeri
626 3541 831 3614 queat?
869 3555 996 3596 cum
1046 3555 1113 3595 ea
1164 3554 1278 3594 non
1313 3539 1370 3593 in
1396 3537 1533 3592 Sion
1582 3551 1684 3590 nec
1714 3535 1770 3588 in

151 3636 515 3704 Jerusalem,
560 3637 655 3691 sed
693 3636 747 3689 in
798 3641 984 3690 monte
1028 3631 1160 3687 Sina
1211 3631 1377 3686 fuerit
1423 3631 1555 3694 lata,
1598 3627 1772 3681 multo

155 3736 483 3798 antequam
511 3735 676 3782 natus
705 3736 851 3781 esset
882 3724 1054 3779 Isaias
1072 3765 1087 3788 ,
1115 3719 1577 3792 quemadmodum
1606 3732 1773 3774 evan-

153 3821 361 3893 gelica
403 3819 575 3872 multo
601 3826 728 3889 post
772 3816 951 3885 ipsum
996 3812 1193 3870 Isaiam
1247 3820 1492 3881 tempore
1522 3808 1772 3881 promul-

150 3923 298 3985 gata
337 3910 486 3965 fuit?
510 3907 1142 3980 Quapropter'apposite
1169 3904 1329 3970 dixit,
1384 3902 1588 3957 Exibit.
1621 3900 1773 3968 Quo-

150 4006 327 4061 niam
366 4003 594 4073 antiqua
633 4002 722 4057 lex
749 4000 862 4072 jam
911 4000 1144 4055 exierat.
1188 3995 1303 4052 Hoc
1334 4003 1513 4050 autem
1553 3999 1772 4062 tempus

1863 439 2016 490 niunt
2067 437 2202 503 dies,
2241 437 2370 491 dicit
2414 435 2694 498 Dominus.
2739 444 2790 490 et
2822 435 3014 504 feriam
3052 435 3316 490 uobiscum
3353 437 3450 506 fa:-

1863 527 1964 583 dus
2006 541 2217 593 novum,
2267 545 2371 582 non
2413 526 2699 581 secundum
2739 528 2875 580 illud
2924 526 3093 596 {trdus
3139 529 3276 597 quod
3321 528 3449 582 inici

1864 637 1984 674 cum
2021 620 2263 690 patribus
2292 621 2499 685 vestris,
2535 635 2638 690 qua
2669 618 2754 672 die
2785 634 3003 672 manum
3046 635 3228 673 eorum
3261 636 3450 688 apprc-

1864 711 2022 766 Itencli
2067 719 2125 764 ut
2159 709 2432 765 educerem
2480 727 2568 765 eos
2615 711 2679 763 de
2727 719 2868 764 terra
2909 707 3166 780 Egypti;
3198 712 3449 780 quoniam

1865 803 1952 856 illi
1994 801 2164 869 [trdus
2211 819 2383 856 meum
2436 819 2541 856 non
2591 801 2962 866 observarunt,
3017 810 3067 855 et
3111 819 3204 872 ego
3245 803 3450 874 neglexi

1865 894 2041 949 eos".
2075 892 2201 949 Haec
2232 901 2284 947 et
2327 894 2412 948 his
2447 893 2650 948 similia
2699 894 2933 948 obscure
2965 893 3165 947 tradita
3201 904 3352 958 sunt,
3383 911 3452 949 ne

1867 984 2185 1040 delerentur
2215 984 2365 1038 libri.
2401 982 2535 1036 Nam
2575 983 2669 1053 qui
2706 982 2984 1038 Christum
3019 990 3366 1052 praesentem,
3397 995 3452 1039 et

1866 1093 1958 1133 res
1992 1075 2350 1132 admirabiles
2389 1076 2731 1136 eﬂicientem,
2766 1081 2821 1129 et
2860 1073 3170 1128 certissima
3200 1075 3452 1131 divinita-

1870 1171 1941 1225 tis
1981 1184 2097 1225 suae
2135 1167 2458 1224 all‘erentem
2489 1166 2691 1221 indicia
2732 1172 3062 1220 contuentes
3102 1181 3212 1219 non
3265 1182 3453 1223 susce-

1869 1271 2090 1334 perunt,
2135 1263 2230 1318 sed
2270 1270 2505 1332 egerunt
2562 1259 2615 1312 in
2667 1273 2885 1312 crucem
2911 1299 2928 1323 ,
2963 1257 3021 1310 hi
3063 1257 3278 1314 scilicet
3318 1274 3451 1329 pro-

1870 1354 2076 1426 phetiis
2119 1353 2499 1424 pepercissent
2549 1351 2617 1406 de
2668 1350 2788 1420 ipso
2833 1350 3209 1418 loquentibus,
3263 1351 3312 1406 si
3357 1367 3452 1408 eas

1872 1445 2023 1500 nulla
2058 1451 2345 1498 contectas
2395 1443 2614 1508 umbra,
2653 1440 2748 1496 sed
2780 1447 3000 1510 apertas
3047 1455 3112 1496 ac
3141 1441 3320 1499 nudas
3360 1457 3452 1499 ac-

1871 1536 2168 1606 cepissent.

1939 1623 2061 1680 Jam
2090 1638 2220 1679 vero
2243 1638 2344 1678 nos
2371 1624 2575 1678 Christi
2597 1625 2822 1679 nomine
2855 1626 3187 1696 appellatum
3214 1624 3282 1680 iri
3313 1639 3454 1696 prae-

1871 1716 2007 1771 dixit
2034 1714 2228 1777 lsaias,
2279 1714 2398 1783 Vos,
2433 1716 2712 1786 inquiens,
2761 1717 2908 1770 tollet
2943 1726 3231 1788 avertetque
3263 1716 3453 1771 Domi-

1871 1824 1992 1862 nus.
2045 1806 2167 1862 Illis
2209 1816 2386 1862 autem
2439 1809 2530 1877 qui
2565 1809 2788 1862 servient
2839 1809 2989 1874 mihi,
3037 1825 3228 1864 novum
3267 1824 3454 1863 nomen

1870 1900 2138 1966 imponet,
2199 1897 2338 1968 quod
2397 1897 2452 1951 in
2502 1899 2748 1951 universa
2782 1959 2786 1961 ἓ
2815 1908 2962 1952 terra
3017 1897 3450 1953 celebrabitur“.

1870 1988 2129 2060 Idemque
2174 2006 2389 2054 rursus,
2445 1989 2729 2054 Videbunt,
2767 1987 2969 2060 inquit,
3005 2001 3182 2060 gentes
3225 1992 3454 2060 gloriam

1872 2090 2042 2146 tuam,
2077 2091 2127 2136 et
2167 2097 2344 2135 omnes
2376 2097 2517 2150 reges
2537 2080 2832 2149 justitiam.
2877 2079 2945 2133 Et
2976 2080 3246 2135 vocabitur
3267 2096 3453 2134 nomen

1871 2189 2083 2239 novum,
2139 2173 2278 2243 quod
2343 2173 2452 2238 ipse
2519 2172 2777 2226 Dominus
2821 2172 3187 2242 pronuntiabit
3208 2173 3276 2227 ⁷⁸.
3338 2171 3455 2226 Hoc

1871 2263 2043 2322 Oseas
2081 2266 2210 2320 item
2243 2266 2515 2337 praedixit,
2559 2264 2626 2318 Et
2648 2267 2773 2334 erit,
2816 2265 3096 2337 inquiens,
3145 2266 3200 2320 in
3227 2267 3454 2320 novissi-

1871 2353 1972 2407 mis
2026 2353 2346 2422 temporibus
2406 2370 2596 2409 nomen
2647 2355 2763 2424 ejus
2817 2355 3022 2410 illustre
3081 2358 3136 2410 in
3201 2358 3445 2411 universa

1873 2455 2036 2502 terra.
2083 2443 2154 2498 Et
2193 2447 2402 2500 nomine
2430 2446 2580 2500 illius
2611 2447 2768 2500 multi
2794 2448 2976 2515 populi
3022 2447 3452 2515 appellabuntur.

1871 2536 1941 2592 Et
1972 2538 2120 2592 ibunt
2151 2539 2210 2594 in
2244 2540 2344 2593 viis
2372 2538 2508 2608 ejus,
2536 2548 2586 2592 et
2615 2540 2782 2593 vivent
2808 2541 2865 2593 in
2899 2539 3028 2608 ipsis
3052 2540 3120 2592 ⁷⁸.

2517 2627 2796 2696 Ejusdem.

1941 2717 2013 2773 Et
2044 2721 2099 2774 in
2149 2729 2198 2774 te
2256 2719 2633 2788 precabantur.
2678 2720 2946 2785 Quoniam
2999 2721 3055 2775 in
3101 2730 3150 2775 te
3192 2720 3455 2776 Dominus

1871 2819 1969 2864 est.
2014 2809 2081 2864 Et
2129 2828 2233 2865 non
2270 2823 2348 2865 est
2391 2810 2535 2865 Deus
2585 2822 2780 2880 prwter
2822 2821 2889 2866 te.
2936 2810 3005 2865 Et
3061 2829 3166 2866 non
3213 2814 3458 2883 cognovi-

1871 2918 1989 2957 mus
2009 2903 2075 2957 ⁷⁷.
2107 2901 2245 2957 Illud
2278 2914 2326 2957 et
2363 2905 2722 2972 precabantur
2753 2905 2805 2957 in
2843 2915 2911 2967 te,
2942 2904 3330 2975 praesigniﬁcat
3361 2920 3457 2961 eos

1799 3022 1842 3082 ο
1876 2994 1970 3064 qui
2025 2995 2381 3050 crediderunt
2428 2995 2486 3048 in
2527 2993 2828 3051 Christum.
2883 2993 3018 3050 Illud
3066 3005 3273 3060 autem,
3312 2995 3456 3060 Qut.-

1876 3085 2021 3138 niam
2069 3085 2124 3137 in
2156 3093 2203 3138 te
2252 3084 2393 3138 Deus
2417 3093 2516 3150 est,
2562 3085 2616 3138 in
2659 3099 2827 3140 carne
2861 3093 3144 3155 assumpta
3186 3100 3458 3155 praemon-

1875 3183 2016 3231 strat
2037 3174 2400 3229 divinitatem.
2428 3176 2498 3229 At
2533 3175 2689 3240 illud,
2727 3175 2806 3230 Tu
2834 3178 2970 3230 enim
3001 3193 3055 3231 es
3082 3176 3241 3242 Deus,
3273 3186 3321 3230 et
3355 3192 3458 3230 non

1875 3267 2246 3337 cognovimus,
2311 3267 2728 3323 excusationem
2781 3267 2987 3322 indicat
3033 3267 3346 3323 Iudaeorum
3402 3269 3461 3324 in

1871 3357 2086 3428 judicio
2115 3355 2324 3421 futuro,
2360 3373 2483 3427 quae
2514 3359 2682 3412 stulta
2713 3367 2882 3427 atque
2909 3359 3093 3414 inanis
3120 3359 3244 3414 erit.

1947 3445 2005 3501 Si
2046 3445 2307 3501 Christus
2357 3446 2624 3514 impostor
2660 3444 2783 3510 fuit,
2829 3447 3106 3516 quomodo
3153 3462 3276 3517 qua:
3317 3464 3459 3518 prm-

1877 3539 2038 3602 dixit,
2085 3544 2284 3593 eventu
2319 3537 2675 3606 comprobata
2728 3546 2858 3594 sunt
2891 3540 3120 3594 omnia?
3160 3540 3309 3596 Utea
3339 3559 3461 3611 quae

1878 3627 1947 3682 ad
1995 3626 2180 3696 templi
2226 3627 2683 3693 destructionem,
2717 3643 2840 3698 qua:
2884 3629 2954 3684 ad
2994 3630 3270 3687 civitatem
3309 3630 3462 3686 Jero-

1880 3716 2216 3787 solymorum
2249 3717 2669 3786 expugnandam
2703 3718 3162 3790 evertendamque
3183 3729 3240 3776 et
3269 3722 3336 3777 ad
3377 3723 3462 3776 iu-

1878 3805 2251 3861 ternecionem
2276 3802 2611 3872 Judaaorum,
2636 3822 2867 3877 quaeque
2890 3807 2958 3863 ad
2982 3809 3285 3881 discipulos
3305 3826 3460 3876 suos,

1878 3907 1934 3957 et
1970 3898 2038 3953 ad
2086 3914 2176 3954 res
2224 3898 2580 3954 admirandas
2613 3915 2754 3970 quas
2789 3901 2845 3955 in
2898 3903 3123 3961 nomine
3157 3919 3260 3962 suo
3303 3913 3463 3962 erant

1880 3991 2110 4055 facturi,
2142 3991 2477 4062 pertinentia
2504 3993 2940 4064 praenuntiavit?

1447 4130 1597 4185 Idem
1625 4130 1708 4184 tit.
1739 4129 1796 4196 9,
1836 4145 1960 4200 pag.
1995 4127 2066 4182 30
2090 4143 2199 4197 seq.

762 4277 849 4332 Ex
884 4277 1019 4332 libro
1046 4276 1136 4346 qui
1171 4274 1454 4329 Gneoomo
1482 4249 1676 4343 Nyssce
1708 4268 1949 4341 pontiﬁci
1979 4265 2291 4334 ascribitur,
2324 4264 2400 4322 De
2430 4266 2748 4340 cognitione
2775 4268 2893 4326 Dei.

232 4420 321 4477 Et
359 4418 607 4482 tenebris,
635 4415 814 4486 inquit
843 4414 1044 4481 Moses,
1073 4426 1228 4471 erant
1261 4431 1416 4485 super
1437 4417 1683 4486 abyssum
1701 4412 1770 4467 ⁷⁸.
1807 4415 1850 4470 ι)
1880 4411 2199 4470 struuntur,
2246 4405 2468 4461 evenire
2523 4407 2833 4464 consuevit.
2893 4409 2964 4462 At
3021 4409 3216 4466 harum
3261 4412 3462 4468 divisio

143 4514 247 4572 Ex
311 4525 436 4583 quo
483 4509 758 4565 malitiose
801 4508 893 4563 isti
940 4508 1339 4564 ratiocinantes
1385 4507 1578 4562 dicunt
1625 4515 1778 4561 tene-

140 4609 310 4664 bras
338 4602 539 4666 fuisse,
570 4615 804 4672 quarum
830 4599 1076 4656 eﬂ‘ectrix
1101 4615 1266 4656 causa
1293 4601 1366 4656 sit
1385 4601 1586 4654 malum
1617 4599 1775 4670 prin-

130 4698 423 4768 cipium.
461 4692 688 4759 Deinde,
722 4696 794 4747 Et
809 4693 992 4747 divisit
1016 4691 1158 4748 Deus
1193 4695 1331 4748 inter
1365 4681 1536 4748 lucem
1562 4704 1625 4748 et.
1642 4702 1779 4748 tene-

139 4790 297 4843 bras
328 4787 407 4837 ⁸⁷⁸.
463 4782 520 4836 Si
560 4783 654 4836 lux
698 4793 802 4849 est,
840 4793 894 4838 et
926 4786 1166 4840 tenebrae
1210 4795 1360 4850 sunt,
1403 4801 1544 4856 quas
1587 4800 1618 4840 a
1652 4785 1775 4840 luce

136 4881 480 4949 sejunctas
528 4873 811 4943 intelligis.
869 4871 996 4928 Haec
1036 4874 1367 4931 tenebricosi
1415 4876 1530 4943 isti,
1566 4874 1660 4945 qui
1717 4875 1772 4930 in

134 4973 292 5027 luce
336 4964 674 5020 caecutiunt.
720 4963 830 5019 Nos
877 4972 1059 5020 autem
1092 4965 1330 5023 dicimus
1368 4967 1626 5023 tenebras
1660 4982 1771 5022 non

132 5075 291 5118 esse
357 5063 617 5110 naturam
656 5056 848 5118 ullam,
900 5055 994 5110 sed
1027 5058 1308 5123 accidens,
1358 5066 1413 5114 et
1447 5059 1582 5114 nihil
1627 5059 1772 5114 aliud

129 5147 273 5205 nisi
306 5143 471 5199 lucis
499 5145 828 5199 absentiam.
861 5143 1074 5200 Etenim
1101 5160 1226 5201 cum
1263 5147 1463 5203 etelum
1497 5150 1656 5205 initio
1690 5149 1777 5204 in-

130 5240 512 5293 volveretur
545 5251 733 5290 eorum
764 5251 885 5306 quae
911 5236 1120 5291 circum
1159 5246 1318 5292 erant
1348 5239 1588 5308 objectu,
1623 5247 1777 5297 tene-

125 5327 278 5386 bras
322 5322 698 5378 exstiterunt.
740 5323 893 5390 Quod
926 5324 1089 5379 etiam
1136 5339 1289 5380 nunc
1325 5324 1380 5378 in
1430 5325 1498 5381 iis
1529 5342 1652 5397 quae
1681 5328 1782 5383 oh—

220 5509 280 5541 "
319 5506 451 5559 Isa.
486 5517 595 5567 Liv,
625 5505 676 5558 l.

782 5503 962 5577 "*Isa.
1005 5520 1129 5577 1.1x,
1176 5504 1230 5559 6.
1345 5505 1388 5537 ⁸ο
1422 5503 1568 5562 Psal.
1607 5524 1668 5577 ιι,
1701 5509 1755 5566 8.

123 5582 187 5616 ﬂ
223 5574 791 5650 JCI'?DI._X}XIL§‘1,
828 5575 915 5628 32.
966 5577 1036 5650 ⁸⁷⁵
1077 5575 1184 5650 lsa‘.
1214 5591 1348 5650 xxv,
1387 5577 1476 5644 15,
1513 5577 1601 5644 16,
1655 5574 1773 5636 'sec.
1813 5577 1976 5634 LXX.
2015 5581 2060 5612 ⁷⁸
2093 5574 2369 5650 15³.ἰ.ιιι,
2397 5581 2457 5640 2.

122 5666 294 5712 ιιν,
317 5642 450 5720 114,
486 5643 568 5697 15.
645 5644 688 5675 ⁷³
713 5643 847 5700 Gen.
876 5660 914 5712 ι,
961 5645 1017 5703 2.
1078 5646 1122 5682 "
1151 5646 1284 5704 ibid.
1319 5645 1372 5702 4.

1883 4503 1968 4551 est
2010 4495 2248 4566 spatium
2301 4495 2456 4563 illud,
2497 4497 2641 4566 quod
2678 4497 2820 4553 lucis
2857 4499 3106 4554 absentia
3141 4500 3458 4557 demetitur.

1877 4589 2011 4657 Quae
2058 4589 2280 4661 quidem
2309 4590 2453 4646 lucis
2499 4592 2749 4648 absentia
2783 4599 2836 4644 et
2869 4592 3102 4661 privatio
3127 4605 3212 4649 est
3245 4595 3463 4651 habitus

1876 4681 2285 4753 quodammodo
2319 4693 2374 4736 et
2413 4681 2654 4736 essentia
2701 4681 3074 4737 tenebrarum.
3121 4683 3460 4756 Principium

1878 4781 2062 4829 autem
2087 4774 2307 4843 jmalum
2352 4788 2462 4828 non
2504 4782 2610 4828 est.
2649 4772 2786 4828 Nam
2824 4777 2870 4830 si
2903 4775 3045 4832 Deus
3084 4786 3190 4844 est,
3231 4795 3341 4834 non
3373 4791 3460 4836 est

1875 4864 2107 4931 malum,
2139 4863 2245 4918 hoc
2279 4871 2386 4928 est,
2416 4862 2561 4920 Deus
2595 4865 2772 4921 malus
2798 4881 2908 4920 non
2935 4876 3038 4923 est.
3072 4867 3208 4924 Nam
3242 4871 3287 4926 si
3316 4870 3461 4927 Deus

1877 4963 1986 5020 est,
2039 4971 2149 5010 non
2189 4962 2273 5010 est
2309 4957 2510 5021 malus,
2561 4972 2688 5012 cum
2742 4958 3007 5013 bonitatis
3046 4961 3118 5016 sit
3163 4961 3287 5018 fons
3323 4981 3338 5017 :
3372 4964 3460 5018 sin

1879 5053 2079 5118 malus,
2126 5068 2236 5107 non
2269 5061 2355 5108 est
2399 5053 2561 5109 Deus.
2599 5054 2890 5121 Quomodo
2925 5057 3074 5112 enim
3121 5058 3266 5116 Deus
3301 5061 3461 5114 mali-

1880 5144 1977 5210 tia,
2023 5151 2118 5198 aut
2159 5151 2441 5214 peccatum
2489 5159 2612 5201 esse
2662 5148 2881 5216 potest?
2927 5146 3062 5212 Quae
3114 5149 3358 5221 quidem,
3413 5152 3461 5208 si

1885 5235 2032 5292 Deus
2065 5243 2170 5304 est,
2203 5235 2385 5291 omnia
2415 5246 2650 5307 pereunt
2687 5247 2742 5293 et
2769 5246 3113 5296 evertuntur.

1860 5509 1906 5542 ⁷⁰
1955 5507 2100 5565 Psal.
2141 5525 2222 5576 ix,
2266 5510 2358 5564 21.
2457 5511 2502 5543 τί
2540 5509 2645 5566 Isa.
2696 5523 2772 5574 ιι,
2825 5509 2879 5571 4,
2915 5509 2968 5564 5.
3070 5509 3116 5540 τ’
3162 5509 3264 5564 lsa.
3309 5525 3370 5572 ιι,
3404 5509 3459 5568 5.

2539 5583 2586 5622 ⁷⁵
2616 5581 2754 5638 Osee
2785 5597 2823 5648 ι,
2872 5595 2932 5645 ιι,
2977 5581 3204 5651 passim.
3279 5581 3322 5613 ⁷⁷
3349 5580 3461 5637 lsa.
