3950 6156
503 240 643 299 1125

1115 354 1199 410 Ea:
1235 356 1428 411 eodem.

569 469 819 539 Quonam
837 476 998 541 pacto
1021 469 1131 523 duo
1154 479 1382 539 possunt
1409 467 1842 540 essc'principia,
1867 468 2067 523 bonum

498 577 694 626 unum,
748 561 983 614 alterum
1029 560 1270 614 malum?
1320 559 1527 613 Bonum
1579 559 1724 614 enim
1769 567 1825 612 et
1864 558 2067 611 malum

497 652 783 707 contraria
822 659 973 715 sunt,
1024 666 1192 722 seque
1223 652 1463 707 vicissim
1492 651 1838 715 interimunt,
1883 655 1938 704 et
1971 662 2069 704 ne-

498 752 706 816 queunt
746 746 908 801 simul
942 740 1270 802 consistere:
1305 744 1491 811 Quare
1525 753 1620 799 aut
1662 745 1720 799 in
1764 750 1919 813 parte
1947 742 2069 795 uni-

497 828 786 891 ver'sitatis
821 837 1053 891 alterum
1094 836 1221 901 erit,
1254 843 1308 889 et
1350 836 1419 890 ab
1456 849 1518 891 ea
1554 832 2067 895 circumscribctur,

499 934 597 981 aut
650 943 774 983 sese
818 928 1140 997 contingent
1182 935 1482 995 mutuoque
1526 932 1882 995 corrumpent
1910 966 1924 991 ,
1975 929 2069 977 aut

498 1017 643 1074 inter
677 1019 766 1072 illa
804 1018 1042 1073 medium
1073 1018 1293 1086 aliquod
1324 1017 1645 1082 intercedet,
1675 1024 1840 1085 atque
1866 1015 1940 1069 ita
1963 1015 2069 1069 tria

493 1113 608 1181 jam
662 1119 828 1165 erunt
868 1110 1160 1181 principia.
1207 1109 1476 1164 Praeterea
1527 1117 1619 1162 aut
1648 1123 1781 1178 pace
1821 1114 2064 1171 utentur,

496 1201 645 1271 quod
700 1202 905 1255 malum
959 1217 1066 1255 non
1130 1207 1470 1271 potestzaut
1523 1199 1860 1270 pugnabunt,
1923 1197 2069 1268 quod

496 1293 701 1346 bonum
736 1300 973 1348 recusat.
1008 1291 1142 1346 Nam
1172 1292 1305 1346 illud
1345 1292 1563 1362 quidem
1615 1292 1661 1346 si
1695 1298 1887 1344 utatur
1913 1304 2065 1359 pace,

495 1397 607 1436 non
634 1382 738 1435 erit
781 1381 1399 1449 bonum.Quamobrcm
1445 1396 1553 1436 non
1599 1389 1729 1438 sunt
1770 1381 1879 1437 duo
1912 1381 2066 1451 prin-

494 1472 660 1541 cipia,
692 1473 993 1541 priescrtim
1018 1473 1157 1526 inter
1190 1486 1248 1526 se
1271 1472 1548 1526 contraria
1580 1480 1634 1525 et
1656 1470 2063 1533 inimicissima,

494 1562 594 1616 sed
648 1578 839 1625 unum,
888 1562 1052 1631 idque
1096 1561 1321 1616 bonum.
1380 1560 1580 1616 Malum
1637 1564 1784 1618 enim
1832 1580 1942 1620 non
1984 1573 2069 1619 est

495 1655 852 1726 principium,
886 1656 981 1710 sed
1011 1655 1248 1726 privatio
1270 1665 1324 1711 et
1353 1657 1579 1712 amissio
1606 1657 1758 1713 boni.

1121 1768 1206 1824 Ex
1244 1770 1445 1824 eodem.

570 1885 627 1941 Si
656 1884 765 1941 duo
810 1895 940 1942 sunt
969 1883 1079 1953 dei,
1120 1884 1298 1943 bonus
1335 1886 1556 1957 quidem
1600 1902 1767 1952 unus,
1803 1886 1939 1941 alter
1967 1900 2069 1941 au-

496 1959 609 2035 tem
646 1979 825 2034 malus
863 1998 876 2033 :
907 1977 1057 2032 aliud
1105 1977 1383 2033 habebunt
1408 1976 1763 2048 principium.
1814 1975 2072 2029 Binarius

495 2070 643 2125 enim
694 2085 957 2125 numerus
1002 2084 1110 2124 non
1159 2077 1337 2139 potest
1381 2085 1506 2124 esse
1554 2068 1911 2139 principium,
1947 2081 2073 2123 eum

496 2162 615 2232 ipse
655 2164 722 2216 ab
779 2161 987 2216 unitate
1032 2160 1304 2232 principio
1355 2160 1757 2230 proﬁciscatur.
1810 2159 1968 2225 Quod
2022 2159 2071 2216 si

497 2253 828 2324 principium
876 2268 984 2306 non
1035 2262 1183 2316 sunt,
1233 2269 1303 2308 ne
1345 2252 1430 2307 dei
1469 2252 1689 2323 quidem
1744 2259 1905 2306 erunt
1953 2266 2073 2306 om-

495 2347 649 2401 nino.
701 2345 971 2413 Quoniam
1020 2346 1184 2416 igitur
1235 2344 1420 2399 unitas
1468 2354 1555 2400 est
1598 2359 1780 2399 rerum
1824 2343 2071 2399 omnium

494 2438 851 2509 principium,
875 2452 1020 2493 unus
1049 2437 1241 2509 utique
1269 2444 1323 2492 et
1353 2436 1499 2493 Deus
1528 2442 1615 2492 est
1642 2451 1828 2492 rerum
1855 2446 2070 2503 auctor,

492 2536 548 2584 et
573 2527 795 2585 eﬁector
816 2528 1083 2585 omnium.

1120 2638 1205 2693 Ea:
1234 2640 1435 2694 eodem.

567 2759 625 2813 Si
648 2759 850 2813 bonum
885 2773 982 2829 per
1011 2772 1071 2813 se
1097 2765 1199 2822 est,
1237 2759 1440 2813 malum
1475 2772 1584 2814 non
1624 2765 1729 2814 est.
1764 2756 1824 2812 Si
1864 2757 2069 2813 malum

491 2864 590 2921 per
621 2865 683 2903 se
720 2860 826 2913 est,
860 2864 970 2903 non
1001 2856 1085 2905 est
1123 2849 1353 2904 bonum.
1382 2848 1509 2903 Haec
1552 2857 1638 2905 est
1665 2837 1812 2904 enim
1848 2860 2069 2904 contra-

494 2938 702 2994 riorum
777 2939 956 2993 medio
1008 2942 1309 2995 carentium
1373 2942 1516 2995 ratio
1574 2950 1739 3010 atque
1799 2940 2067 2997 conditio.

492 3029 688 3099 Qualia
729 3038 857 3087 sunt
903 3031 1159 3087 valetudo
1202 3040 1258 3087 et
1314 3032 1601 3103 aegritudo,
1630 3033 1742 3088 vita
1793 3044 1847 3088 et
1890 3048 2061 3090 mors.
2091 3020 2137 3081 (ἶ

492 3121 614 3177 Νοιι
640 3120 806 3192 igitur
838 3120 981 3177 Deus
1017 3122 1215 3178 malus.

1124 3253 1208 3308 Ea:
1240 3256 1437 3311 eodem.

563 3366 709 3423 Deus
742 3367 921 3422 borius
950 3368 1193 3424 essentia
1222 3377 1275 3424 et
1303 3378 1501 3425 natura
1533 3371 1832 3428 bonitatem
1875 3372 2064 3441 habet,

494 3459 673 3513 malus
705 3457 971 3514 bonitatis
1002 3458 1363 3529 privationem
1404 3470 1463 3516 ut
1508 3462 1753 3516 habitum
1779 3463 2063 3521 obtinebit.

385 3579 398 3592 -
491 3549 779 3618 Quomodo
809 3558 990 3606 autem
1046 3549 1213 3618 Deus,
1258 3553 1349 3623 qui
1390 3568 1458 3608 eo
1508 3562 1718 3609 tantum
1766 3564 1872 3624 est,
1921 3556 2067 3628 quod

490 3641 695 3711 deﬁcit,
734 3652 908 3709 caret,
944 3658 1058 3698 non
1084 3645 1421 3715 assequitur,
1461 3656 1651 3702 etnon
1674 3648 1797 3704 est?

1085 3778 1171 3828 Ea:
1201 3774 1403 3830 eodem.

562 3884 622 3939 Si
658 3885 789 3950 duo,
824 3895 918 3941 aut
948 3894 1061 3943 tres
1104 3888 1360 3956 pluresve
1390 3898 1575 3946 essent
1608 3892 1717 3958 dei,
1754 3907 1879 3949 cum
1915 3894 2068 3951 aliud

490 3975 598 4030 alio
636 3978 800 4031 modo
825 3988 879 4032 et
920 3979 1138 4035 diversa
1187 3982 1402 4038 ratione
1436 3994 1690 4056 ageretur
1720 3994 1777 4043 et
1813 4003 2066 4046 movere-

489 4075 603 4134 tur,
631 4069 869 4125 mundus
892 4071 1006 4141 jam
1038 4073 1248 4142 pridem
1276 4075 1667 4136 intercidisset.
1696 4080 1855 4137 Nunc
1880 4091 2066 4139 autem

488 4173 616 4215 cum
670 4161 853 4215 omnia
896 4164 1107 4221 ratione
1152 4176 1304 4225 certa
1352 4178 1405 4225 et
1454 4173 1635 4228 stabili
1687 4189 1906 4246 semper
1956 4192 2069 4233 mo-

489 4261 724 4307 veantur
753 4260 807 4308 et
844 4255 1226 4325 disponantur,
1264 4261 1422 4319 ﬁrma
1448 4263 1564 4320 haec
1591 4275 1767 4337 ,atque
1804 4278 2067 4340 perpetua

1719 234 1777 292 S.
1819 234 2146 295 GBEGORH
2186 232 2481 292 NYSSENI

3620 232 3770 293 1128

2796 348 2882 403 Ea:
2921 348 3120 404 eodem.

2243 442 2303 496 Si
2338 440 2603 496 mundum
2629 440 2778 496 hunc
2796 441 3008 495 bonum
3038 452 3164 496 esse
3185 436 3555 502 conﬁtemini,
3583 436 3769 494 Deum

2171 542 2355 588 autem
2386 540 2441 588 et
2487 531 2709 601 Patrem
2741 533 2946 586 malum
2977 546 3087 587 non
3133 530 3366 601 hujusce
3398 529 3599 584 mundi
3630 529 3770 585 επο-

2170 632 2413 691 ctorem;
2441 624 2547 678 erit
2572 625 2766 695 utique
2799 622 3038 677 mundus
3068 623 3206 678 alter
3226 623 3405 677 malus
3445 637 3477 675 a
3514 622 3625 678 deo
3666 621 3768 676 illo

2169 714 2460 770 confectus
2484 714 2648 768 malo.
2677 714 2843 783 Atqui
2873 712 3112 769 mundus
3142 712 3459 769 istiusmodi
3489 727 3609 767 non
3627 724 3722 767 est
3749 732 3764 767 :

2170 821 2240 860 ne
2273 804 2421 860 Dens
2463 805 2634 876 igitur
2662 806 2881 875 quidem
2922 806 3125 861 malus.
3177 804 3309 858 Nam
3355 803 3499 860 Deus
3550 800 3767 874 princi-

2171 898 2321 968 pium
2347 905 2453 962 est,
2483 897 2846 969 eﬁectrixque
2874 913 3065 954 causa.
3101 897 3432 973 Quareqm
3462 912 3578 952 non
3610 896 3765 951 exsi-

2170 1000 2320 1046 stant
2353 1006 2474 1061 quae
2511 1006 2544 1045 a
2591 991 2862 1062 principio
2895 990 3089 1047 eﬁ'ecta
3121 999 3178 1045 et
3229 990 3457 1046 condita
3508 991 3652 1053 sint,
3692 1005 3764 1044 ne

2170 1085 2504 1156 principium
2535 1083 2753 1155 quidem
2784 1092 2889 1150 est,
2918 1099 3021 1139 nec
3060 1081 3204 1140 Deus
3241 1084 3408 1153 igitur
3435 1082 3648 1137 malus.

2789 1197 2875 1252 Ea:
2923 1197 3125 1253 eodem.

2243 1309 2485 1378 Veteris,
2542 1310 2829 1382 inquiunt,
2876 1308 3216 1366 Testamenti
3264 1309 3408 1366 Deus
3438 1326 3554 1367 non
3586 1326 3655 1366 ea
3678 1322 3765 1367 est

2170 1402 2529 1473 providentia
2580 1413 2634 1457 et
2692 1403 2926 1458 scientia
2958 1418 3079 1472 qua:
3112 1404 3294 1457 omnia
3325 1404 3762 1473 complectatur.

2169 1493 2476 1563 lnterrogat
2531 1493 2679 1548 enim
2714 1493 2911 1557 Adam,
2971 1492 3092 1560 Ubi,
3152 1493 3433 1562 inquiens,
3474 1510 3532 1547 es
3566 1493 3660 1546 ὀἳ
3701 1492 3766 1547 Et

2170 1585 2327 1653 Cain,
2367 1584 2467 1640 Ubi
2495 1595 2594 1651 est,
2643 1585 2922 1656 inquiens,
2956 1586 3124 1655 frater
3162 1595 3282 1641 tuus
3325 1585 3413 1640 “‘2
3466 1585 3558 1639 Et‘
3585 1585 3767 1641 Abra-

2099 1687 2147 1747 B
2175 1676 2322 1745 ham,
2358 1675 2457 1732 Ubi
2487 1687 2586 1744 est,
2628 1677 2909 1749 inquiens,
2940 1677 3081 1735 Sara
3111 1695 3249 1733 uxor
3286 1687 3377 1732 tua
3404 1679 3451 1710 ⁸³
3478 1678 3501 1733 i
3545 1677 3615 1731 Et
3653 1680 3766 1732 alia

2174 1771 2347 1824 multa
2414 1769 2483 1825 ad
2547 1771 2798 1826 eumdem
2851 1771 3100 1827 modum.
3164 1770 3263 1827 His
3322 1770 3765 1841 respondemus,

2173 1860 2444 1930 ejusmodi
2499 1861 2839 1933 interrogata
2876 1878 2986 1916 non
3025 1863 3094 1917 ab
3150 1862 3485 1932 ignorantia,
3525 1863 3627 1917 sed
3669 1878 3766 1932 po-

2172 1953 2286 2006 tius
2333 1967 2364 2007 a
2416 1954 2732 2024 cognitione
2788 1953 3095 2024 proficisci.
3160 1954 3279 2010 Nisi
3341 1954 3489 2010 enim
3548 1969 3767 2026 cogno-

2173 2045 2345 2101 visset
2376 2053 2431 2101 et
2458 2046 2631 2101 Adam
2662 2055 2716 2102 et
2755 2044 2891 2102 Cain
2927 2062 3216 2118 peccasse,
3248 2062 3362 2103 non
3409 2062 3512 2103 eos
3575 2047 3765 2102 conti-

2173 2151 2284 2192 nuo
2327 2136 2752 2209 interrogasset.
2811 2138 3152 2209 Cognovisse
3188 2147 3396 2205 autem,
3436 2154 3502 2193 ex
3538 2139 3609 2195 iis
3641 2155 3766 2210 qua:

2174 2236 2485 2300 sequuntur
2544 2229 2900 2300 perSpicuum
2964 2238 3070 2285 est.
3134 2228 3228 2285 Sic
3271 2230 3418 2285 enim
3449 2230 3767 2300 alloquitur

2172 2322 2344 2377 Adam
2401 2321 2556 2391 prius
2597 2337 2761 2392 quam
2810 2323 2903 2378 ille
2952 2338 3013 2379 se
3069 2322 3380 2379 comedisse
3440 2322 3763 2379 fateretur:

2172 2413 2370 2485 Ecquis
2400 2413 2656 2468 indicavit
2690 2413 2789 2467 tibi
2816 2424 2862 2469 te
2894 2417 3095 2468 nudum
3129 2431 3261 2476 esse.
3302 2416 3408 2469 nisi
3458 2421 3604 2486 quod
3629 2433 3662 2471 e
3700 2415 3768 2470 li-

2169 2523 2272 2579 gno
2317 2507 2380 2561 de
2411 2522 2512 2577 quo
2561 2505 2673 2561 solo
2701 2508 2928 2576 prwcepi
2981 2507 3076 2561 tibi
3127 2525 3189 2562 ne
3222 2490 3544 2577 comedens,
3577 2525 3768 2563 come-

2169 2599 2300 2654 disti
2348 2599 2435 2652 “"2
2481 2597 2614 2654 Cain
2655 2614 2808 2663 vero,
2846 2599 2938 2670 qui
2962 2600 3270 2656 conabatur
3287 2608 3341 2656 et
3364 2602 3483 2670 ipse
3504 2600 3767 2668 latitare,

2170 2692 2463 2763 compellat
2530 2691 2619 2747 his
2669 2691 2896 2749 verbis:
2963 2692 3077 2747 Vox
3119 2693 3393 2762 sanguini:
3446 2693 3647 2762 fratris
3683 2693 3772 2747 tui

2170 2786 2370 2838 clamat
2438 2783 2510 2837 ad
2581 2800 2660 2838 me
2708 2783 2775 2837 ⁸⁸⁵.
2846 2782 2974 2839 Haec
3039 2798 3153 2839 non
3220 2784 3528 2856 ignorantis
3590 2794 3770 2851 sunt,

2170 2877 2267 2933 sed
2295 2879 2457 2949 plane
2478 2885 2535 2930 et
2566 2876 2859 2947 perspicue
2892 2877 3304 2946 cognoscentis,
3337 2877 3433 2946 qui
3465 2891 3532 2931 ea
3560 2879 3770 2947 specie

2171 2968 2622 3039 interrogationis
2660 2967 2775 3021 vult
2826 2967 2896 3022 iis
2937 2967 3035 3037 qui
3078 2975 3466 3037 peccaverant,
3514 2983 3771 3038 persua-

2168 3062 2296 3116 dere
2330 3070 2388 3114 ut
2437 3059 2796 3129 resipiscant,
2830 3074 2956 3113 cum
2989 3073 3049 3114 se
3081 3057 3460 3128 deprehensos
3489 3059 3769 3116 animad—

2167 3158 2404 3208 vertant.
2439 3146 2515 3203 Ea
2550 3150 2679 3205 item
2739 3148 2907 3205 verba
2936 3166 2950 3203 :
3008 3146 3110 3202 Ubi
3139 3158 3217 3203 est
3248 3147 3385 3203 Sara
3434 3164 3576 3204 uxor
3603 3161 3713 3205 tua
3742 3154 3773 3207 .’

2166 3241 2456 3296 declarant
2496 3255 2623 3295 eum
2670 3255 2781 3295 non
2832 3239 3125 3309 ignorare,
3179 3239 3457 3295 Abraham
3514 3256 3767 3297 uxorem

2167 3333 2396 3398 habere,
2460 3345 2694 3402 eamque
2734 3331 2926 3386 vocari
2967 3329 3182 3386 Saram.
3234 3330 3339 3397 Qui
3392 3339 3578 3386 autem
3635 3332 3769 3391 hac

2165 3425 2292 3491 scit,
2337 3424 2385 3480 is
2415 3424 2665 3494 profecto
2696 3438 2809 3479 non
2841 3429 2964 3479 erat
2995 3423 3239 3487 nescius,
3272 3423 3363 3479 ubi
3394 3433 3543 3478 esset
3582 3424 3761 3480 Sara.

2165 3515 2356 3586 Neque
2414 3517 2582 3582 enim,
2618 3529 2744 3571 cum
2797 3514 2934 3570 Sara
2965 3524 3092 3586 post
3117 3515 3320 3570 ostium
3354 3523 3548 3583 staret,
3588 3517 3765 3572 risis-

2167 3614 2361 3676 setque
2393 3606 2534 3661 clam
2567 3605 2797 3661 audiens
2831 3621 2892 3663 se
2924 3616 3157 3662 matrem
3189 3607 3330 3670 fore.
3360 3607 3763 3674 dixisset,Cur

2166 3699 2288 3752 risit
2313 3696 2455 3754 Sara
2487 3698 2535 3730 ⁸⁸
2559 3698 2583 3751 ?
2610 3698 2762 3753 risus
2800 3698 2965 3754 etiam
3002 3712 3227 3754 causam
3264 3699 3526 3769 subjecit,
3557 3716 3761 3758 secum

2167 3789 2286 3859 ipsa
2309 3789 2564 3860 inquiens
2586 3808 2598 3845 :
2623 3789 2833 3846 Verene
2855 3791 3062 3860 pariam
3079 3792 3102 3845 ?
3118 3791 3243 3847 llam
3259 3793 3404 3848 enim
3424 3794 3578 3851 illius
3594 3804 3758 3863 sunt,

2167 3882 2262 3953 qui
2315 3896 2413 3937 cor
2458 3882 2624 3938 etiam
2667 3890 2831 3952 atque
2884 3883 3131 3938 animum
3178 3886 3350 3939 novit.
3382 3884 3759 3957 Interrogavit

2168 3982 2349 4030 autem
2376 4014 2391 4040 ,
2432 3973 2531 4029 Ubi
2579 3984 2656 4030 est
2712 3974 2851 4031 Sara
2899 3992 3036 4031 uxor
3090 3986 3181 4031 tua
3204 3960 3235 4035 ἐν
3279 3994 3345 4034 eo
3382 3982 3662 4045 consilio.
3698 3990 3760 4038 ut

2167 4067 2440 4121 Abraham
2498 4081 2838 4138 cognoscens
2894 4084 2955 4124 se
2999 4078 3125 4125 ante
3178 4084 3514 4141 cognoscere
3541 4081 3597 4127 et
3640 4090 3757 4128 om-

2169 4159 2259 4214 nia
2300 4159 2468 4225 scire,
2498 4160 2603 4216 sibi
2641 4170 2701 4215 ut
2740 4162 3115 4230 praestantiori
3163 4171 3407 4225 vacaret,
3464 4172 3521 4218 et
3569 4169 3756 4221 omni-

2168 4252 2274 4308 bus
2296 4268 2418 4323 quae
2444 4252 2702 4323 deinceps
2728 4254 3042 4309 dicerentur
3059 4254 3217 4310 ﬁdem
3244 4256 3549 4311 adhiberet.
3569 4258 3754 4328 Atque

492 4359 676 4400 rerum
707 4347 951 4401 omnium
976 4350 1344 4419 concinnitas,
1371 4364 1426 4409 et
1452 4358 1607 4425 ordo,
1640 4366 1695 4413 et
1730 4362 2058 4429 moderatio,

2171 4348 2335 4402 etiam
2378 4347 2533 4412 illud,
2569 4346 2715 4418 quod
2746 4347 2813 4403 de
2845 4347 3083 4402 Sodoma
3115 4357 3170 4404 et
3192 4348 3500 4403 Gomorrba
3536 4350 3749 4415 dictum

488 4446 547 4492 et
598 4441 948 4495 conservatio
1005 4457 1169 4497 unam
1232 4447 1588 4520 eamdemque
1643 4452 1883 4508 clamant
1943 4469 2064 4511 esse

489 4545 737 4596 causam,
782 4549 953 4589 unum
998 4545 1303 4605 auctorem,
1341 4555 1371 4594 3
1397 4557 1505 4611 quo
1535 4551 1590 4597 Cl
1630 4556 1916 4615 procreata
1949 4548 2064 4605 sint

487 4622 675 4676 omnia
698 4632 752 4679 et
775 4635 1037 4696 regantur
1067 4636 1122 4683 et
1153 4643 1565 4691 conserventur.

1110 4762 1197 4817 Ex
1233 4766 1429 4822 eodem.

554 4869 615 4927 Si
649 4873 832 4929 malus
852 4881 906 4929 et
937 4875 1207 4934 scelestus
1239 4889 1323 4936 est
1354 4882 1443 4937 bic
1466 4885 1704 4943 mundus
1729 4886 1979 4953 inferior,
2004 4898 2060 4946 et

484 4975 585 5017 vos
632 4962 895 5018 nimirum
943 4967 1074 5021 mali
1128 4969 1483 5042 scelestique,
1542 4977 1745 5047 quippe
1792 4981 1886 5049 qui
1933 4996 2061 5051 pars

486 5053 609 5109 sitis
632 5054 830 5125 ipsius.
864 5055 1025 5123 Quod
1054 5061 1101 5116 si
1131 5069 1332 5118 natura
1367 5066 1505 5121 estis
1542 5067 1774 5139 improbi
1810 5081 1864 5126 et
1904 5074 2057 5140 mali,

482 5145 691 5202 veritas
714 5162 827 5202 non
856 5149 1013 5207 adest
1045 5154 1224 5210 vobis.
1258 5156 1475 5215 Veritas
1498 5161 1642 5215 enim
1666 5162 1868 5218 bonum
1900 5167 2059 5235 plane

480 5244 586 5292 est.
620 5236 831 5295 Bonum
870 5252 957 5300 est
1000 5245 1237 5301 alienum
1283 5262 1315 5301 a
1360 5251 1525 5307 malo.
1553 5250 1672 5308 Jam
1704 5256 1798 5325 qui
1829 5259 2061 5314 veritate

480 5339 692 5395 carent,
722 5347 912 5388 eorum
953 5334 1199 5392 doctrina
1242 5339 1375 5396 falsa
1408 5344 1563 5399 nullo
1598 5347 1774 5402 solido
1805 5349 2064 5407 innititur

484 5418 863 5479 fundamento.
1858 5440 1864 5445 '

550 5603 958 5683 _G_en_.Am.A9.
1034 5614 1079 5645 δι
1114 5615 1249 5670 Gen.
1290 5635 1361 5683 Iv,

482 5671 528 5705 ⁸⁵
558 5674 690 5728 ibid.
725 5679 815 5734 Ἦ.
888 5681 927 5711 ετ
959 5683 1084 5737 ibid.
1122 5687 1211 5739 ΞΟ.

1410 5622 1448 5675 9.
1537 5623 1582 5655 ⁸³
1616 5626 1747 5681 Gen.
1804 5647 1955 5697 xvm,
1996 5635 2048 5689 9.
2097 5633 2144 5667 ⁸³
2185 5634 2321 5692 Gen.
2367 5652 2447 5700 ιιι,
2494 5637 2577 5691 Η.

2166 4444 2252 4492 est
2281 4455 2294 4492 :
2348 4436 2676 4491 Descendam
2729 4446 2779 4492 et
2824 4438 3004 4492 videbo
3038 4448 3218 4493 utrum
3244 4456 3302 4495 re
3333 4442 3450 4509 ipsa
3474 4457 3596 4511 quia
3623 4444 3745 4496 clo-

2168 4545 2285 4582 mor
2332 4528 2568 4596 ipsorum
2615 4528 2817 4581 indicat
2883 4529 3293 4597 compleverint,
3367 4547 3437 4584 an
3484 4548 3591 4585 non
3622 4572 3638 4597 ,
3688 4539 3745 4585 at

2165 4623 2330 4677 sciam
2372 4621 2442 4684 ⁸⁸,
2492 4620 2627 4690 quid
2673 4621 2823 4676 aliud
2881 4620 3179 4691 signiﬁcat,
3228 4621 3337 4677 nisi
3385 4637 3454 4677 eo
3514 4623 3745 4678 consilio

2167 4713 2338 4768 Deum
2400 4714 2478 4767 ita
2525 4714 2771 4768 locutum
2823 4729 2967 4778 esse,
3003 4723 3062 4769 ut
3105 4728 3209 4768 nos
3244 4714 3512 4778 crudirct,
3543 4729 3612 4769 ne
3643 4730 3743 4768 un-

2166 4820 2331 4876 quam
2366 4805 2676 4876 praacipites
2726 4807 3004 4861 irruamus
3034 4805 3102 4861 ad
3132 4805 3429 4875 irroganda
3456 4806 3740 4876 supplicia,

2170 4905 2459 4968 propterea
2513 4898 2660 4967 quod
2707 4897 3019 4968 aliquorum
3061 4895 3267 4968 ﬂagitia
3315 4897 3739 4967 prospiciamus,

2168 4990 2263 5046 sed
2301 4997 2707 5060 exspectemus,
2751 4999 2812 5045 ut
2844 5006 2903 5046 re
2951 4992 3071 5060 ipsa
3105 4989 3350 5060 perfecta
3408 4991 3566 5046 sint?
3614 4990 3739 5044 Nam

2169 5081 2216 5136 si
2276 5097 2387 5137 non
2445 5083 2820 5152 cognovisset,
2881 5082 3158 5152 quomodo
3208 5083 3479 5151 potuisset
3518 5082 3737 5136 dicere:

2169 5173 2391 5230 Clamor
2441 5173 2793 5230 Sodomorum
2849 5187 2897 5229 et
2939 5172 3244 5229 Gomorrlzaa
3269 5174 3407 5226 venit
3441 5172 3513 5224 ad
3555 5188 3636 5226 me
3662 5170 3743 5221 ’τι

2167 5268 2359 5331 Terra,
2412 5268 2616 5338 inquit,
2657 5270 2882 5333 clamat,
2919 5269 3086 5324 etiam
3142 5275 3270 5323 ante
3321 5282 3435 5322 res.
3497 5265 3565 5321 Et
3619 5266 3739 5337 ipsa

2163 5376 2253 5415 res
2300 5361 2677 5417 vociferantur
2721 5370 2774 5416 et
2804 5363 3066 5416 clamant.
3097 5359 3281 5415 Multae
3311 5368 3444 5417 sunt
3471 5358 3738 5430 ejusmodi

2163 5453 2631 5525 interrogationes
2661 5470 2770 5510 non
2813 5454 2992 5511 solum
3026 5453 3081 5507 in
3121 5452 3326 5519 Veteri,
3358 5454 3455 5508 sed
3490 5455 3657 5508 etiam
3687 5451 3737 5505 in

2657 5638 2700 5669 ⁸³
2731 5637 2863 5693 Gcn.
2920 5655 2971 5692 iv
3027 5640 3112 5696 10.
3190 5643 3235 5674 ⁸³
3282 5641 3420 5697 Gen.
3462 5655 3616 5705 ιγιιι,
3654 5636 3739 5696 i5.
