3950 6156
321 304 467 368 “25

1746 307 2188 366 FRAGMENTA.

3448 316 3475 370 ί
3486 317 3589 375 126

316 420 478 484 Nonio
510 427 895 497 Testamento,
932 446 1057 504 quae
1104 438 1290 487 tamen
1341 444 1537 485 omnes
1582 430 1902 500 mysterium
1933 442 1978 498 Α
2009 431 2189 497 inquit
2220 470 2235 494 ,
2296 444 2469 484 meum
2519 430 2725 501 justum
2772 441 2852 487 est
2907 431 2976 486 ⁸⁸.
3036 428 3192 498 Quod
3222 435 3406 487 autem
3443 449 3589 489 unus

318 525 630 584 continent,
665 531 718 575 et
750 521 958 592 aliquid
998 522 1147 577 aliud
1181 530 1372 593 agunt.
1428 520 1563 576 Nam
1620 520 1714 575 Dei
1775 535 1893 591 pro-

315 613 498 681 prium
553 621 637 667 est
684 624 885 668 cuncta
937 624 1394 686 cognoscere;et
1427 614 1521 685 qui
1576 613 1763 669 omnia
1788 629 1902 671 non

317 702 479 757 habet
510 703 752 773 cognita,
787 719 897 759 non
924 716 1009 761 est
1037 706 1204 762 Deus.

947 837 1032 892 Ea;
1058 839 1262 895 eodem.

385 972 683 1039 Quomodo
719 976 910 1031 dicitis
956 976 1184 1046 Antiqui
1242 975 1589 1031 Testamenti
1622 975 1902 1048 legislato-

314 1083 430 1122 rem
457 1068 693 1137 justum,
722 1066 859 1124 Novi
893 1077 1076 1123 autem
1116 1069 1343 1131 bonum,
1381 1077 1548 1139 atque
1571 1069 1696 1124 ideo
1731 1086 1900 1123 unum

314 1160 385 1214 ab
424 1160 533 1213 alio
559 1160 840 1215 diversum
877 1176 1002 1216 esse
1048 1161 1426 1216 contenditis?
1467 1159 1604 1214 Nam
1655 1161 1701 1216 si
1752 1162 1900 1233 quod

308 1247 521 1317 justum
579 1256 686 1317 est,
745 1250 948 1304 bonum
988 1260 1113 1318 est;
1146 1251 1333 1321 justus
1388 1251 1494 1306 erit
1543 1252 1719 1307 bonus
1776 1267 1899 1307 om-

311 1338 465 1392 nino.
521 1337 710 1410 Neque
760 1343 906 1394 enim
963 1345 1248 1396 contraria
1288 1351 1418 1398 sunt
1460 1342 1668 1412 justum
1708 1350 1761 1398 et
1804 1344 1901 1398 bo-

310 1446 441 1484 num
474 1448 488 1485 :
549 1432 646 1487 sed
688 1433 843 1501 justo
892 1442 1164 1505 repugnat
1198 1434 1487 1503 injustam,
1520 1442 1575 1489 et
1597 1434 1744 1489 bono
1785 1448 1902 1489 ma-

309 1522 422 1576 lum
474 1521 824 1578 adversatum.
885 1523 1161 1580 Praeterea
1222 1526 1269 1581 si
1343 1526 1549 1579 malum
1604 1525 1894 1595 injustum,

308 1613 512 1668 bonum
561 1617 750 1685 utique
796 1617 1032 1686 justum,
1081 1626 1136 1673 et
1185 1618 1364 1673 bonus
1423 1619 1884 1689 omninojustus.

312 1705 447 1762 Cum
491 1718 672 1764 autem
715 1711 1142 1767 innumerabilia
1171 1712 1283 1767 sint
1312 1712 1654 1781 testimonia,
1694 1714 1896 1786 quibus

2005 534 2169 594 atque
2207 524 2351 579 idem
2407 524 2479 580 sit
2529 524 2746 581 Veteris
2781 540 2845 579 ac
2873 524 3010 578 Novi
3048 524 3385 579 Testamenti
3417 523 3586 590 Deus,

2004 614 2266 685 pra-dixit
2317 612 2606 680 Jeremias,
2660 614 2810 678 Ecce,
2868 600 3146 685 inquiens,
3189 614 3299 667 dies
3358 615 3588 679 veniunt,

2004 703 2134 759 dicit
2184 701 2469 766 Dominus,
2521 712 2571 757 et
2618 704 2941 773 constituam
2994 703 3136 756 vobis
3197 701 3590 756 Testamentum

2005 811 2219 862 novum,
2254 810 2360 848 non
2401 803 2457 847 ut
2496 793 2889 848 Testamentum
2922 794 3058 847 illud
3096 794 3235 863 quod
3265 811 3381 847 cum
3418 797 3590 863 patri-

2006 890 2102 943 bus
2165 891 2357 944 vestris
2396 890 2666 954 constitui,
2716 905 2814 959 quo
2841 889 2926 942 die
2953 906 3165 942 manum
3195 905 3377 943 eorum
3401 905 3590 958 appre-

2002 980 2184 1045 hendi,
2222 990 2279 1034 ut
2303 980 2574 1035 educerem
2615 998 2701 1034 eos
2747 996 2811 1034 ea:
2850 980 3106 1051 Egypto.
3145 979 3285 1046 Quia
3332 981 3433 1050 ipsi
3483 997 3588 1034 non

2003 1080 2318 1126 manserunt
2372 1073 2429 1125 in
2487 1070 2823 1126 Testamento
2866 1088 2999 1125 meo.
3056 1071 3124 1123 Et
3166 1088 3258 1142 ego
3288 1073 3493 1141 neglexi
3522 1072 3588 1125 ii—

2006 1163 2084 1218 los
2112 1164 2181 1220 '°.
2219 1163 2283 1216 Et
2314 1164 2430 1233 ipse
2461 1170 2575 1216 tum
2609 1161 2860 1232 Antiqui,
2913 1170 3028 1216 tum
3066 1160 3200 1215 Novi
3246 1164 3585 1218 Testamenti

2001 1264 2195 1311 auctor
2224 1256 2503 1312 Christus.
2540 1254 2663 1309 Non
2700 1256 2837 1316 veni,
2867 1255 3068 1325 inquit,
3106 1263 3164 1307 ut
3208 1254 3369 1324 legem
3414 1255 3583 1310 solve-

2002 1368 2135 1411 rem.
2188 1350 2276 1404 sed
2315 1359 2374 1403 ut
2429 1366 2545 1404 eam
2599 1350 2873 1415 implerem
2931 1352 3000 1405 θ’.
3044 1350 3158 1404 lloc
3198 1361 3303 1417 est,
3341 1359 3398 1403 ut
3434 1352 3581 1404 illam

2000 1452 2227 1513 propter
2265 1441 2622 1497 llebrmorum
2659 1443 3131 1513 imperfectionem
3180 1443 3580 1513 imperfectam,

2000 1533 2211 1603 majore
2262 1534 2499 1603 quadam
2537 1543 2591 1588 et
2650 1535 2786 1588 viris
2841 1541 3181 1604 congruente
3234 1532 3581 1603 philosophia

1999 1626 2319 1697 perlicerent
2372 1634 2428 1681 et
2475 1627 2842 1682 absolverem.
2879 1626 2975 1680 Illa
3004 1627 3148 1680 enim
3181 1633 3298 1679 erat
3328 1625 3580 1695 paedago—

1999 1732 2097 1786 gus
2141 1717 2208 1782 θ’,
2245 1716 2336 1786 qui
2369 1716 2436 1769 ad
2469 1716 2822 1786 Evangelium
2865 1716 3280 1786 suscipiendum
3318 1715 3580 1771 institue-

309 1798 529 1857 Veteris
578 1801 918 1858 Testamenti
960 1803 1107 1860 Deus
1147 1820 1273 1861 esse
1320 1805 1635 1860 declaratur
1676 1806 1890 1872 bonus,
1928 1792 1970 1848 Β
2002 1809 2115 1863 bat.
2144 1808 2268 1862 Haec
2295 1815 2477 1862 autem
2511 1817 2595 1862 cst
2622 1815 2928 1877 praeceptor
2972 1808 3112 1877 ipse,
3146 1807 3241 1877 qui
3265 1807 3423 1861 docet
3450 1821 3575 1876 per-

307 1907 411 1963 ego
445 1909 612 1947 unum
648 1894 917 1949 duntaxat
951 1896 1006 1950 in
1045 1895 1225 1951 medio
1257 1896 1522 1954 atl'eram:
1581 1898 1756 1967 Dicat,
1813 1899 1893 1954 in-

306 1985 449 2054 quit,
478 1984 677 2052 Isratl,
726 1989 979 2058 quoniam
1011 1990 1176 2044 bonus
1229 1991 1323 2055 ⁸⁸;
1375 1998 1430 2048 et
1483 1992 1577 2062 qui
1632 1993 1891 2063 deinceps

305 2087 634 2146 sequuntur,
668 2079 778 2135 duo
816 2082 1089 2136 versiculi.
1134 2081 1314 2137 Unum
1368 2084 1522 2151 item,
1587 2100 1697 2155 quo
1751 2083 1891 2140 Novi

306 2167 816 2229 TestamentiDeus
848 2173 1037 2247 justus
1093 2176 1427 2233 ostenditur.
1486 2175 1555 2230 Et
1593 2176 1886 2246 judicium,

2001 1900 2248 1954 fectiora.
2307 1898 2373 1951 Et
2409 1899 2500 1952 illa
2538 1898 2761 1969 quidem
2805 1914 3041 1968 corpora
3071 1897 3428 1962 informabat,
3465 1899 3582 1952 haec

1998 2000 2182 2047 autem
2240 1992 2456 2047 animos
2514 1991 2719 2045 erudit.
2776 1988 2949 2045 Vetus
3003 2005 3135 2060 ergo
3194 1998 3280 2046 est
3327 1990 3579 2045 ministra

1996 2096 2192 2137 novat:
2237 2081 2304 2136 ad
2362 2095 2558 2135 novam
2613 2081 2761 2135 enim
2818 2080 2972 2134 ducit
3027 2089 3077 2134 et
3141 2080 3285 2135 viam
3335 2080 3580 2135 ostendit

1998 2182 2053 2230 et
2086 2182 2266 2244 parat.

1885 2285 1994 2341 VII.

1551 2398 1693 2455 Ibid.
1737 2400 1817 2454 tit.
1858 2402 1946 2466 Η,
1996 2415 2121 2470 pag.
2151 2400 2323 2469 7sqq.

1038 2512 1305 2569 Gnsoonn
1339 2511 1533 2583 Nysaee
1570 2515 1842 2583 pontiﬁcis
1876 2529 1946 2569 ea:
1981 2513 2239 2569 Oratione
2281 2521 2474 2567 contra
2521 2511 2841 2567 Ablabium.

374 2646 509 2703 Cum
562 2655 620 2702 et
671 2646 887 2703 Patrem
924 2646 1094 2704 Deum
1143 2649 1246 2721 (5),
1297 2658 1354 2705 et
1380 2649 1580 2705 Filium
1613 2650 1888 2717 Deum,et

305 2738 571 2810 Spiritum
628 2747 883 2796 sanctum
914 2740 1087 2797 Deum
1137 2756 1260 2799 esse
1295 2741 1586 2807 fateamur,
1632 2753 1733 2798 cur
1776 2758 1888 2799 non

302 2836 540 2911 dicimus
594 2845 707 2891 tres
766 2836 922 2899 deos,
954 2836 1049 2891 sed
1081 2852 1251 2891 unum
1281 2837 1450 2893 Deum
1480 2838 1503 2892 ?
1531 2836 1798 2903 Primum,
1829 2846 1889 2893 ut

301 2923 448 2992 quod
506 2923 560 2976 in
610 2930 867 2993 promptu
900 2934 984 2980 est
1007 2925 1483 2995 respondeamus,
1515 2943 1583 3007 ne
1618 2928 1888 2998 multipli-

302 3030 418 3071 cem
472 3015 700 3070 deorum
736 3016 954 3071 turbam
1001 3032 1032 3071 a
1080 3015 1289 3073 Graecis
1312 3019 1605 3073 conﬁctam
1640 3018 1885 3074 introdu-

299 3122 513 3162 camus.
573 3106 804 3174 Deinde,
861 3108 909 3163 si
958 3109 1093 3179 quid
1126 3109 1437 3179 elegantius
1477 3111 1763 3181 magisque
1796 3125 1885 3165 re-

1990 2634 2242 2689 homines
2294 2630 2987 2703 appellamuszsiquidem
3046 2631 3236 2698 homo,
3289 2633 3578 2689 et'huma—

1989 2727 2139 2781 nitas
2198 2726 2522 2780 universum
2565 2724 2828 2794 quiddam
2891 2723 3224 2793 significant,
3279 2727 3423 2794 quod
3459 2727 3575 2781 sin-

1992 2821 2207 2889 gularia
2273 2818 2695 2888 complectatur.
2739 2816 2948 2873 Deinde
2996 2818 3126 2872 illud
3180 2818 3438 2891 adjungo,
3473 2836 3574 2874 no-

1990 2930 2117 2968 men
2151 2912 2255 2967 hoe
2288 2912 2362 2967 rei
2396 2919 2652 2966 naturam
2691 2912 2975 2981 explicare
3006 2931 3020 2979 ;
3051 2912 3103 2966 in
3139 2910 3415 2968 Trinitate
3442 2930 3573 2969 vero

1990 3018 2115 3074 qua:
2163 3010 2346 3056 creata
2387 3017 2498 3056 non
2531 3008 2642 3066 est,
2685 3002 2898 3056 nullum
2931 3002 3163 3056 inveniri
3198 3018 3398 3058 nomen
3425 3005 3572 3074 quod

1990 3096 2111 3167 ejus
2146 3100 2406 3149 naturam
2439 3092 2702 3150 declaret.
2733 3093 2805 3147 At
2842 3108 2967 3158 cur,
2996 3108 3120 3147 cum
3158 3110 3426 3164 personas
3451 3090 3570 3151 sin;

299 3199 578 3253 conditum
638 3199 934 3255 dicendum
995 3209 1082 3255 est
1112 3239 1128 3264 ,
1189 3201 1456 3270 quoniam
1524 3216 1725 3256 nomen
1754 3201 1879 3267 hoc,
1909 3204 1952 3261 C
1986 3190 2144 3261 aulas
2195 3188 2536 3258 appellemus
2584 3185 2777 3249 Deum,
2812 3201 2922 3240 ηοη
2957 3186 3124 3241 eum“
3157 3201 3348 3242 earum
3384 3187 3573 3267 εῖηειι-

298 3289 465 3357 Deus,
506 3290 779 3346 actionem
834 3291 1165 3361 signiﬁcat:
1229 3307 1261 3347 a
1322 3294 1491 3348 verbo
1537 3294 1683 3347 enim
1736 3292 1878 3346 θέειν

299 3382 597 3438 deductum
654 3394 761 3448 est,
796 3384 942 3454 quod
995 3382 1200 3453 passim
1259 3391 1488 3453 currat;
1539 3385 1624 3440 vel
1654 3384 1878 3440 averbo

300 3473 565 3541 θεᾶσθαι,
605 3476 752 3546 quod
802 3482 998 3533 cernat
1042 3477 1269 3542 omnia;
1302 3478 1447 3532 vela
1482 3478 1653 3533 verbo
1682 3477 1876 3545 αἴθειν,

298 3569 445 3638 quod
499 3569 910 3639 improbitatem
963 3577 1161 3626 exurat
1212 3584 1279 3624 ac
1332 3571 1544 3639 perdat.
1598 3569 1877 3637 Quemad—

298 3661 520 3715 modum
555 3661 723 3731 igitur
756 3677 1100 3732 unaquazque
1140 3676 1379 3732 persona
1416 3661 1577 3716 talem
1604 3661 1877 3715 actionem

298 3748 599 3820 perfectam
649 3751 838 3815 habet,
874 3753 958 3807 sic
989 3766 1189 3805 nomen
1214 3750 1486 3804 actionem
1526 3750 1673 3804 illam
1702 3749 1878 3820 signi-

299 3842 472 3899 ﬁcans
503 3844 735 3910 obtinet,
770 3850 830 3898 ut
858 3851 911 3899 et
936 3843 1009 3898 sit
1037 3850 1094 3899 et
1118 3842 1428 3912 appelletur
1460 3842 1627 3896 Deus.
1660 3840 1875 3898 Rursus

296 3936 760 4006 quemadmodum
800 3950 910 3991 una
961 3944 1128 4006 atque
1182 3933 1648 3991 incommutabilis
1680 3933 1734 3987 in
1778 3933 1878 3988 tri-

294 4027 401 4083 bus
449 4035 538 4084 est
582 4028 747 4091 actio,
778 4027 860 4082 sic
908 4025 1074 4081 etiam
1101 4033 1187 4082 est
1210 4039 1319 4079 una
1341 4024 1600 4079 divinitas
1635 4031 1691 4079 et
1728 4037 1873 4079 unus

294 4116 441 4174 Deus
489 4117 546 4172 in
579 4115 1082 4187 tribus-personis.
1108 4114 1177 4167 At
1208 4114 1378 4178 enim,
1414 4112 1653 4181 inquies,
1678 4108 1877 4165 Petrus

292 4220 349 4266 et
382 4207 589 4265 Paulus
627 4215 684 4262 et
712 4205 956 4262 Joannes
988 4212 1102 4260 tres
1131 4219 1384 4275 persona:
1438 4219 1564 4258 cum
1609 4202 1743 4267 sint,
1790 4202 1877 4257 di-

293 4310 498 4357 cuntur
546 4301 715 4356 etiam
764 4306 875 4356 tres
907 4298 1180 4364 homines.
1227 4295 1576 4368 Respondeo,
1631 4295 1872 4367 primum

291 4410 396 4452 nos
445 4401 503 4452 et
547 4394 638 4450 hic
693 4392 848 4449 abuti
902 4392 1147 4450 hominis
1179 4389 1467 4455 vocabulo,
1498 4401 1625 4443 cum
1659 4402 1725 4443 eo
1757 4395 1873 4443 tres

1987 3283 2070 3338 las
2097 3280 2451 3334 Divinitatem
2485 3278 2831 3348 appellamus
2861 3277 2885 3331 ?
2911 3276 3183 3344 Quoniam
3208 3277 3570 3348 quemadmo-

1987 3375 2117 3428 dum
2151 3372 2281 3426 licet
2328 3370 2496 3425 homo
2542 3378 2596 3424 et
2621 3368 2934 3424 humanitas
2963 3369 3170 3438 pariter
3197 3368 3265 3423 de
3297 3370 3569 3424 universis

1985 3469 2262 3532 dicantur,
2315 3482 2428 3521 non
2478 3475 2657 3520 tamen
2701 3477 2857 3530 aeque
2888 3461 3152 3515 dicuntur
3194 3460 3262 3516 de
3293 3462 3565 3532 singulis:

1987 3560 2247 3615 Socrates
2274 3557 2419 3612 enim
2456 3554 2623 3608 homo
2647 3551 2756 3606 dici
2798 3558 2998 3620 potest.
3032 3550 3347 3605 humanitas
3385 3560 3568 3606 autem

1984 3663 2330 3719 nequaquam
2375 3650 2552 3716 potest
2597 3661 2611 3697 :
2654 3643 2734 3697 sic
2783 3643 2947 3695 etiam
2994 3640 3135 3695 Deus
3164 3648 3237 3723 iet
3290 3639 3565 3696 Divinitas

1981 3739 2206 3795 habent.
2256 3737 2403 3792 Deus
2443 3735 2590 3791 enim
2639 3740 2891 3804 agentem
2949 3732 3258 3803 significat;
3298 3731 3566 3787 Divinitas

1979 3840 2161 3887 autem
2193 3832 2485 3886 actionem.
2510 3826 2704 3881 Trium
2732 3840 2863 3881 vero
2895 3840 3256 3895 personarum
3282 3824 3430 3878 nulla
3456 3833 3562 3891 est,

1977 3940 2100 3994 quae
2129 3924 2201 3980 sit
2229 3923 2406 3989 actio;
2447 3920 2541 3978 sed
2577 3935 2748 3991 agens
2790 3918 2975 3990 potius
3011 3926 3097 3973 est
3126 3931 3466 3987 unaquaeque
3492 3918 3561 3971 il-

1974 4014 2174 4068 larum.
2210 4013 2454 4070 Dicimus
2496 4020 2676 4066 tamen
2711 4010 3048 4065 divinitatem
3081 4006 3261 4063 Patris
3309 4015 3363 4063 et
3419 4007 3561 4062 divi-

1970 4108 2199 4162 nitatem
2255 4106 2379 4161 Filii
2431 4114 2487 4161 et
2519 4104 2865 4160 divinitatem
2905 4101 3081 4157 sancti
3119 4100 3380 4172 Spiritus,
3415 4101 3559 4156 sicut

1976 4200 2377 4255 humanitatem
2422 4197 2671 4253 Socratis
2712 4205 2767 4251 et
2822 4195 3120 4250 essentiam
3169 4202 3225 4249 et
3281 4200 3556 4257 naturam,

1975 4301 2031 4350 et
2069 4292 2116 4348 si
2148 4291 2278 4363 quid
2315 4291 2463 4346 aliud
2495 4299 2580 4347 est
2608 4290 2860 4360 personis
2889 4302 3201 4344 commune.

397 4571 456 4642 ⁸³,
485 4571 630 4629 Psal.
661 4585 827 4636 cxvn,
862 4573 914 4628 1.
992 4567 1036 4601 ⁸⁸
1067 4566 1229 4624 Joan.
1261 4583 1317 4634 v,
1341 4566 1431 4623 50.
1474 4566 1551 4609 »⁸ο
1574 4564 1686 4622 Jer.
1725 4581 1877 4631 χχχι,

1991 4607 1994 4623 .
2026 4563 2117 4620 52.
2159 4564 2204 4598 ⁸³
2235 4562 2425 4619 Matth.
2467 4580 2521 4630 ν,
2554 4564 2606 4618 7.
2686 4565 2731 4596 ⁸³
2755 4562 2874 4619 Gal.
2915 4577 3000 4624 In,
3032 4560 3123 4612 2i.

360 4728 435 4798 (5)
477 4726 612 4783 Cum
633 4733 700 4798 “et
734 4722 1182 4798 Patrem__Deum,
1217 4731 1336 4798 etc:
1369 4721 1641 4798 Observat
1670 4715 1865 4798 Fabri-7

285 4790 584 4854 cius'Bt'bt.
619 4796 708 4850 Gr.
747 4804 884 4849 tom.
913 4793 1050 4855 VIII,
1076 4809 1199 4864 pag.
1235 4794 1360 4857 165,
1399 4807 1521 4863 quae
1545 4791 1636 4864 hic
1667 4790 1865 4864 recitat

284 4869 651 4942 Euthymius,
698 4880 808 4922 non
852 4859 1172 4922 exstare'in'
1212 4859 1485 4929 oratione,
1533 4860 1612 4916 De
1639 4876 1698 4915 eo
1725 4859 1864 4931 quod

1970 4735 2072 4774 non
2093 4718 2386 4789 putandum
2434 4720 2504 4773 sit
2550 4728 2652 4772 tres
2692 4715 2963 4789 deos__dici
2996 4721 3253 4789 oportere,
3286 4710 3351 4764 ad
3382 4709 3550 4789 Abla—

1971 4782 2144 4853 bium,
2190 4805 2312 4859 quae
2355 4789 2598 4859 occurrit
2641 4796 2773 4859 tom.
2818 4785 2919 4859 lll,
2955 4782 3366 4859 pa_g:_15_seqq.
3398 4782 3544 4859 edit.

1970 4849 2152 4919 Paris.
2180 4849 2335 4915 {638.
2362 4858 2616 4931 (Hujuse.
2647 4856 2856 4912 Patrot.
2892 4864 2931 4910 t.
2956 4849 3126 4921 XLV,
3157 4849 3309 4911 circa
3330 4849 3483 4923 init.)
