3950 6156
384 310 524 368 1127

2156 441 2185 448 ,
2198 417 3463 452 __.__.._—-———————-——-———-—-,
2779 432 3463 452 ___.._____.———

402 460 816 475 Μ

1607 295 1666 353 S.
1710 288 2038 348 GREGORII
2076 283 2370 341 NYSSENI

403 411 3655 492 ΜΞ.

1708 628 2349 750 ΙΙΠΒῙΔ-

892 1441 1013 1495 ΚΑΙ
1045 1438 1156 1492 ΕΙΣ
1192 1435 1282 1488 ΤΛ
1314 1433 1536 1488 NHIIIA
1569 1430 1661 1483 TA
1690 1427 1781 1482 EN
1810 1424 2003 1480 ΒΗΘΔ]

2089 1421 2141 1476 Μ
2175 1412 2669 1474 ΔΝΑΙΡΕΘΕΝΤΔ
2700 1410 2842 1465 ΥΠΟ
2873 1403 3166 1461 ΗΡΩΔΟΥ.

1496 1761 1589 1850 S.
1648 1761 1754 1849 P.
1828 1757 1948 1847 N.
1997 1748 2577 1845 GREGORII

723 1978 1251 2098 ORATIO
1334 1974 1480 2089 IN
1566 1971 1918 2087 DIEM
2006 1963 2684 2082 NATALEM
2751 1957 3342 2078 CHRISTI

905 2203 994 2260 ET
1053 2203 1123 2259 IN
1183 2197 1531 2259 INFANTES
1578 2193 1699 2264 QUI
1736 2192 1804 2248 IN
1843 2186 2218 2244 BETHLEEM
2249 2184 2480 2244 OCCISI
2521 2182 2706 2244 SUNT
2745 2182 2836 2239 AB
2871 2179 3176 2240 HERODE.

1670 2349 1933 2404 Frauciseo
1961 2346 2083 2399 Zino
2105 2345 2405 2408 interprete.

485 2667 790 2731 Buccinate,
819 2661 999 2734 inquit
1037 2658 1211 2716 David
1246 2659 1285 2722 ‘,
1325 2658 1379 2712 in
1421 2654 1715 2711 Neontenia
1752 2654 1900 2721 tuba,
1931 2655 1990 2709 in

2165 2618 2512 2705 Σαλπίσάτε
2539 2645 2608 2699 ὲν
2635 2644 2935 2714 Νεομηνίᾳ
2971 2640 3283 2710 σάλπιγγι,
3322 2639 3486 2710 φησὶν
3514 2641 3544 2693 ὁ
3574 2643 3692 2694 Δα-

416 2759 610 2829 insigui
643 2756 726 2810 die
756 2752 1102 2809 solcmnitatis
1131 2759 1332 2804 vestrm.
1382 2745 1640 2801 Ctelestis
1670 2752 1850 2799 autem
1890 2744 1990 2798 do-

416 2852 605 2904 ctrina:
635 2846 886 2900 instituta
923 2841 1148 2897 omnino
1179 2845 1309 2894 sunt
1345 2840 1521 2890 instar
1550 2836 1687 2906 legis
1722 2833 1866 2904 apud
1896 2848 1992 2889 eos

419 2941 511 3010 qui
562 2936 811 2990 audiunt.
844 2930 1233 2998 Quamobrem,
1267 2927 1525 2997 quoniam
1567 2925 1724 2978 adest
1762 2923 1994 2992 insignis

419 3028 541 3088 dies
570 3021 938 3082 solemuitatis
970 3027 1192 3082 nostrae,
1230 3031 1330 3069 nos
1359 3015 1488 3068 item
1522 3013 1879 3068 observemus
1916 3011 1994 3065 le-

417 3135 562 3191 gem,
596 3124 650 3172 et
678 3113 979 3169 clIieiamur
1012 3123 1186 3164 sacra:
1217 3105 1553 3160 celebritatis
1588 3103 1992 3158 liuceinatores.

417 3207 636 3280 Legalis
668 3213 847 3259 autem
883 3201 1034 3266 tuba,
1061 3207 1118 3252 ιιι
1155 3197 1400 3252 declarat
1429 3195 1748 3265 Apostolus,
1769 3201 1853 3247 est
1877 3205 1996 3245 ora-

420 3303 517 3356 tio.
547 3300 818 3353 lneertum
871 3295 1018 3347 enim
1053 3290 1235 3360 inquit
1264 3290 1284 3319 ²
1321 3288 1466 3341 tuba:
1507 3287 1826 3355 clangorem
1873 3298 1999 3338 esse

420 3408 528 3447 non
580 3396 856 3459 oportere,
901 3383 996 3440 sed
1040 3383 1196 3438 souis
1243 3379 1592 3443 distinctum,
1641 3386 1702 3430 ut
1751 3392 1837 3443 ca,
1878 3392 2000 3445 qua:

419 3485 700 3546 dicuntur,
745 3478 1035 3550 perspicua
1089 3475 1223 3530 sint.
1261 3471 1506 3527 Edamus
1546 3470 1716 3542 igitur
1760 3479 1820 3524 et
1871 3484 1998 3530 nos,

423 3576 641 3638 fratres,
685 3572 895 3625 clarum
946 3567 1182 3636 aliquem
1237 3563 1579 3633 sonum,qui
1645 3577 1756 3615 non
1814 3562 2000 3614 minus

421 3666 770 3727 exaudiatur,
795 3675 958 3732 quam
1005 3659 1051 3714 si
1091 3657 1351 3712 ederetur
1402 3670 1606 3710 cornea
1637 3655 1789 3710 tuba.
1813 3651 2002 3719 Quan-

420 3755 714 3827 doquidcm
745 3760 801 3808 et
835 3752 919 3805 lex
967 3749 1021 3802 in
1074 3748 1287 3803 umbrae
1315 3746 1504 3818 ﬁguris
1535 3753 1663 3800 ante
1702 3744 2002 3814 depingens

422 3850 730 3908 veritatem,
765 3845 820 3898 in
865 3841 1354 3897 tabernaculorum
1391 3838 1716 3892 celebritate
1757 3836 1901 3891 tubis
1943 3843 2003 3889 ut

422 3947 732 4000 caneretur,
757 3933 1094 3990 mandavit'.
1121 3931 1187 3985 Et
1211 3946 1456 4002 praesens
1481 3928 1818 3984 celebritatis
1840 3942 2002 3996 argu-

2095 2740 2200 2805 6ὶδ,
2225 2740 2294 2793 ἐν
2313 2739 2559 2807 εὐσήμῳ
2577 2735 2762 2804 ἡμέρᾳ
2789 2731 2999 2802 ἑορτῆς
3021 2730 3206 2802 ὑμῶν.
3237 2731 3319 2785 Τὰ
3345 2732 3403 2786 δὲ
3435 2733 3532 2803 τῆς
3561 2734 3690 2786 θεο-

2099 2831 2363 2886 πνεύστου
2394 2827 2737 2890 διδασκαλίας
2795 2825 3192 2896 προστάγματα
3219 2823 3380 2895 νόμος
3407 2826 3524 2878 ἐστὶ
3553 2825 3696 2879 πάνθ

2097 2941 2204 2988 τως
2235 2925 2348 2986 τοῖς
2374 2919 2680 2976 ἀκούουσιν.
2707 2915 2912 2972 Οὐκοῦν
2939 2917 3127 2988 ἐπειδὴ
3159 2916 3423 2987 πάρεστιν
3447 2918 3480 2987 ἡ
3515 2915 3692 2987 εὔση-

2101 3032 2201 3087 μος
2227 3013 2410 3084 ἡμέρα
2435 3011 2534 3080 τῆς
2563 3009 2756 3080 ἑορτῆς
2779 3006 2936 3079 ἡμῶν
2961 3048 2977 3074 ,
3007 3007 3384 3078 πληρώσωμεν
3405 3009 3496 3059 καὶ
3518 3011 3692 3078 ἡμεῖς

2097 3107 2188 3159 τὸν
2221 3105 2404 3173 νόμον,
2437 3100 2771 3169 σαλπιγκταὶ
2794 3100 2894 3168 τῆς
2923 3099 3242 3170 ἱερομηνίας
3275 3097 3571 3170 γινόμενοι.
3615 3101 3690 3154 Ἦ

2097 3196 2154 3248 δὲ
2172 3193 2370 3265 νομικὴ
2393 3190 2647 3260 σάλπιγξ,
2670 3188 2854 3253 καθὼς
2879 3187 3091 3242 κελεύει
3115 3191 3256 3242 νοεῖν
3277 3190 3307 3242 ὀ
3341 3189 3691 3254 lat-631010;,

2097 3289 2126 3339 ὁ
2154 3287 2310 3354 λόγος
2343 3283 2477 3338 ὲστί.
2505 3283 2643 3354 Φησὶ
2671 3282 2799 3353 γὰρ,
2839 3281 2913 3352 μὴ
2947 3281 3142 3350 ἄδηλον
3168 3281 3278 3336 δεῖν
3311 3282 3559 3350 γίνεσθαι
3589 3283 3692 3335 τὸν

2099 3378 2196 3448 τῆς
2228 3376 2524 3444 σάλπιγγος
2569 3370 2702 3445 ἦχον
2723 3412 2737 3437 ,
2781 3372 2917 3426 ἀλλὰ
2949 3372 3329 3444 διεσταλμένω
3360 3377 3473 3438 τοῖς
3517 3374 3694 3443 φθόγ-

2099 3483 2216 3535 γοις
2261 3466 2397 3536 πρὸς
2443 3466 2541 3536 τὴν
2582 3464 2690 3518 τῶν
2739 3462 3047 3517 ἀκουόντων
3098 3466 3416 3536 σαφήνειαν.
3476 3465 3693 3519 Οὐκοῦν

2101 3559 2396 3629 ἠχήσωμεν
2427 3557 2521 3610 καὶ
2549 3557 2729 3628 ἡμεῖς,
2778 3556 3028 3626 ἀδελφοὶ,
3078 3555 3340 3627 λαμπράν
3383 3572 3506 3609 τινα
3547 3555 3692 3627 ἠχὴν

2100 3654 2195 3704 καὶ
2221 3650 2565 3716 ἐξάκουστον,
2595 3648 2748 3702 οὐδὲν
2765 3652 2864 3720 τῆς
2891 3648 3181 3719 κερατίνης
3201 3649 3552 3720 ἀτιμοτέραν.
3578 3650 3694 3701 Καὶ

2101 3741 2209 3812 γὰρ
2237 3741 2332 3795 καὶ
2359 3743 2387 3794 ό
2414 3741 2576 3810 νόμος
2616 3741 2674 3793 ὲν
2714 3742 2826 3802 τοῖς
2851 3741 2950 3809 τῆς
2977 3741 3134 3802 σκιᾶς
3163 3738 3356 3802 τύποις
3381 3738 3694 3810 προδιαζω-

2103 3833 2331 3904 γραφῶν
2362 3835 2461 3903 τὴν
2489 3831 2770 3902 ἀλήθειαν,
2806 3833 2864 3884 ὲν
2887 3834 2953 3902 τῇ
2992 3831 3337 3903 σκηνοπηγίᾳ
3361 3831 3455 3884 τὸν
3487 3833 3556 3885 ὲκ
3580 3833 3696 3886 τῶν

2105 3924 2423 3993 σαλπίγγων
2474 3919 2606 3994 ἦχον
2650 3923 3030 3994 ἐνομοθέτησε.
3076 3924 3188 3978 Καὶ
3227 3925 3261 3995 ἡ
3305 3924 3556 3994 παροῦσα
3590 3925 3697 3994 τῆς

422 4039 689 4090 mentum,
716 4041 856 4080 verae
889 4022 1230 4078 tabernaculi
1261 4019 1653 4075 exstruetionis
1682 4018 2001 4090 mysterium

2107 4018 2302 4087 ἑορτῆς
2341 4015 2592 4078 ὑπόθεσις
2649 4015 2708 4068 τὸ
2739 4014 2838 4083 τῆς
2866 4015 3126 4086 ἀληθινῆς
3157 4016 3534 4085 σκηνοπηγίας
3568 4017 3695 4068 ἐστὶ

425 4119 608 4176 est.ln
633 4118 737 4171 hac
766 4116 909 4171 enim
942 4115 1247 4168 humanum
1271 4114 1318 4168 ei
1346 4112 1765 4168 tabernaculum
1799 4111 2001 4180 ligitur,

425 4212 519 4282 qui
551 4216 777 4279 propter
807 4222 907 4260 nos
945 4204 1173 4259 formam
1209 4203 1448 4258 hominis
1480 4202 1681 4266 induit,
1708 4202 1762 4255 in
1799 4201 1901 4254 hac
1923 4208 2006 4252 ta-

425 4301 732 4358 bernacula
747 4305 958 4360 nostra,
981 4309 1103 4364 qua:
1121 4302 1296 4348 morte
1321 4301 1667 4356 corruerant,
1693 4292 2008 4347 instauran-

425 4405 516 4449 tur
559 4393 630 4447 ab
682 4403 768 4454 eo,
800 4389 895 4459 qui
942 4388 1011 4441 ab
1062 4385 1221 4439 initio
1263 4391 1652 4438 construxerat
1689 4381 2004 4438 aedilicium.

428 4487 535 4542 Nos
565 4483 728 4540 etiam
757 4495 821 4536 ea
847 4479 1014 4534 verba
1043 4476 1243 4531 Psalmi
1269 4491 1394 4528 eum
1421 4477 1593 4530 vocali
1618 4473 1825 4530 Davide
1853 4474 2009 4544 plau-

429 4579 622 4632 dentes
659 4573 911 4628 dicamus
951 4587 968 4624 :
1011 4567 1350 4632 Benedictus,
1385 4567 1476 4636 qui
1524 4567 1660 4620 venit
1708 4567 1760 4619 in
1803 4568 2008 4620 nomine

433 4668 648 4725 Domini
678 4666 717 4720 ⁸.
738 4663 1024 4732 Quomodo
1051 4668 1232 4714 autem
1276 4658 1460 4712 venit?
1498 4657 1618 4711 Non
1651 4657 1892 4728 navigio,
1914 4667 2008 4712 aut

428 4776 598 4818 curru
650 4757 853 4828 aliquo,
886 4755 982 4810 sed
1029 4754 1348 4820 incorrupta
1396 4751 1714 4821 virginitate
1747 4751 1800 4804 in
1837 4751 2005 4805 vitam

429 4856 723 4908 humanam
784 4847 1022 4916 trajecit.
1050 4843 1151 4898 Hic
1201 4844 1338 4898 Deus
1373 4853 1571 4906 noster,
1607 4844 1691 4898 hic
1746 4843 2006 4898 Dominus

429 4945 608 5002 ilt’uxit
649 4940 857 5004 nobis',
893 4947 953 4992 ut
987 4938 1130 4991 diem
1177 4937 1322 4990 hanc
1353 4937 1661 4992 solemnem
1698 4937 2008 4991 constitue-

431 5046 513 5094 ret
564 5038 621 5091 in
677 5031 973 5089 condensis
1009 5045 1186 5099 usque
1234 5028 1303 5083 ad
1343 5043 1554 5083 cornua
1595 5029 1812 5085 altaris.
1850 5027 2006 5094 Quod

431 5137 611 5181 autem
647 5121 994 5194 mysterium,
1026 5118 1250 5183 fratres,
1287 5119 1342 5173 in
1376 5120 1469 5182 iis,
1501 5133 1624 5189 qua:
1669 5119 1818 5173 dicta
1853 5127 2006 5186 sunt,

430 5217 804 5276 contineatur,
842 5210 1164 5281 neutiquam
1217 5210 1581 5282 ignoramus:
1621 5209 1832 5264 scimus
1860 5211 2006 5264 enim

433 5311 720 5364 universas
751 5319 839 5359 res
862 5310 1182 5372 procreatas
1205 5315 1332 5355 esse
1353 5300 1519 5355 veluti
1551 5301 1811 5369 templum
1835 5299 2010 5368 quod-

2110 4111 2427 4181 μυστήριον.
2467 4109 2556 4163 Ἐν
2582 4108 2756 4182 ταύτῃ
2785 4107 2894 4180 γάρ
2925 4111 3351 4179 σκηνοπηγεῖται
3375 4109 3439 4161 τὸ
3470 4108 3693 4180 ἀνθρὼ-

2106 4217 2258 4255 πινον
2294 4202 2557 4271 σκήνωμα
2589 4198 2668 4269 τῷ
2711 4199 2777 4252 δι’
2810 4200 2958 4271 ἡμᾶς
2985 4199 3330 4270 ὲνδυσαμὲνῳ
3353 4199 3445 4252 τὸν
3473 4200 3694 4270 ἀνθρωο

2107 4309 2208 4346 πον
2231 4310 2244 4324 ο
2275 4292 2333 4346 ὲν
2358 4291 2530 4362 ταύτῃ
2557 4292 2626 4345 τὰ
2649 4291 3067 4345 διαπεπτωκότα
3089 4291 3246 4364 ἡμῶν
3266 4291 3371 4344 ὑπὸ
3394 4291 3488 4345 τοῦ
3519 4292 3692 4346 θανά-

2106 4402 2198 4439 του
2231 4384 2564 4456 σκηνώματα
2585 4384 2748 4438 πάλιν
2778 4385 3165 4455 συμπήγνυται
3189 4383 3293 4436 ὑπὸ
3313 4383 3406 4436 τοῦ
3437 4384 3496 4449 ἐξ
3515 4385 3694 4455 ἀρχῆς

2107 4474 2168 4527 τὸ
2213 4475 2528 4545 οἰκητήριον
2575 4473 2732 4545 ἡμῶν
2779 4475 3250 4546 οἰκοδομήσαντος.
3301 4476 3562 4545 Εῐπωμεν
3596 4477 3690 4529 καὶ

2107 4568 2267 4636 ἡμεῖς
2294 4566 2354 4618 τὸ
2380 4566 2481 4634 τῆς
2507 4565 2843 4636 ψαλμῳδίας,
2879 4565 2956 4637 τῷ
2987 4566 3354 4638 μεγαλοφώνῳ
3377 4567 3543 4620 Δαϐὶδ
3569 4585 3695 4637 συγ-

2107 4658 2440 4728 χορεύοντες,
2469 4659 2550 4710 ὃτι
2585 4659 3004 4728 Εὐλογημένος
3042 4662 3074 4712 ὁ
3102 4660 3425 4728 ἐρχόμενος
3461 4661 3533 4713 ἐν
3559 4661 3690 4714 ὀνόι

2103 4767 2243 4818 μανι
2293 4750 2535 4816 Κυρίου.
2597 4751 2721 4813 Πῶς
2765 4751 3094 4821 ἐρχόμενοςς
3159 4753 3234 4804 Οὐ
3293 4751 3547 4824 καθάπερ
3603 4753 3693 4806 διὰ

2111 4841 2293 4895 πλοίου
2349 4841 2514 4905 τινὸς,
2558 4841 2920 4912 ἧόχήματος,
2977 4843 3064 4897 διὰ
3112 4845 3169 4898 δὲ
3214 4844 3316 4915 τῆς
3357 4845 3695 4916 παρθενικῆς

2108 4932 2374 5005 ἀφθορίας
2397 4934 2489 4988 ἐπὶ
2509 4935 2598 4988 τὸν
2624 4933 2964 5004 ἀνθρώπινον
2983 4936 3096 5007 βίον
3111 4938 3468 5008 διαπεράσας.
3499 4935 3689 5004 Οὗτος

2109 5025 2142 5076 ό
2173 5022 2317 5088 Θεὸς
2361 5022 2550 5092 ἡμῶν,
2593 5020 2773 5091 οὗτος
2795 5029 2828 5079 ό
2861 5027 3075 5094 Κύριος
3109 5028 3411 5096 ἐπέφανεν
3432 5027 3582 5096 ἡμῖν
3612 5028 3690 5090 εἰς

2109 5117 2170 5168 τὸ
2218 5116 2588 5187 συστήσασθαι
2641 5117 2740 5190 τὴν
2788 5119 2984 5189 ἑορτὴν
3021 5118 3224 5191 ταύτην
3257 5122 3314 5172 ὲν
3356 5121 3471 5183 τοῖς
3513 5127 3697 5172 πυκά-

2110 5209 2314 5274 ζουσιν,
2357 5211 2460 5274 ἕως
2492 5211 2600 5265 τῶν
2629 5213 2877 5284 κεράτων
2903 5212 2996 5266 τοῦ
3027 5213 3434 5283 θυσιαστηρίου.
3471 5214 3698 5276 Πάντως

2111 5303 2167 5355 δὲ
2191 5303 2292 5356 οὐκ
2319 5302 2645 5374 ἀγνοοῦμεν,
2678 5305 2914 5373 ἀδελφοὶ,
2941 5305 3003 5358 τὸ
3031 5306 3090 5358 ἐν
3110 5308 3223 5368 τοῖς
3250 5307 3571 5376 εἰρημένοις
3600 5326 3698 5376 pu-

433 5401 557 5455 dam
578 5395 816 5461 Domini,
839 5409 869 5448 a
901 5409 1012 5462 quo
1029 5402 1332 5461 procreata:
1350 5400 1499 5446 sunt.
1529 5390 1752 5454 Verum,
1773 5390 1900 5458 quia
1924 5405 2003 5444 su-

2117 5396 2334 5466 στήριον
2355 5411 2368 5424 ⁸
2413 5397 2494 5450 ὅτι
2525 5398 2672 5450 πᾶσα
2702 5399 2736 5468 ἡ
2769 5397 2946 5460 κτίσις
2987 5398 3044 5450 ἓν
3084 5415 3134 5450 τι
3164 5397 3257 5450 τοῦ
3291 5398 3569 5451 Δεσπότου
3601 5400 3701 5468 τῆς

433 5491 758 5566 perinducto
784 5495 1008 5559 peccato
1033 5486 1315 5541 obstructa
1345 5495 1500 5540 erant
1519 5499 1616 5537 ora
1646 5483 2008 5553 ἰιιοινυιηρίιυί
2045 5515 2056 5524 -

433 5603 466 5642 ιι
507 5586 714 5641 malitia
751 5583 883 5636 victi
918 5580 1156 5647 fuerant,
1179 5579 1584 5635 'exsultationis
1623 5593 1724 5632 vox
1760 5577 2008 5633 obticue-

505 5752 525 5784 ι
553 5747 699 5805 Psal.
751 5761 912 5810 Lux,
947 5744 1000 5796 4.
1081 5746 1099 5776 ¹
1128 5743 1146 5798 I
1177 5744 1299 5798 (lor.
1350 5760 1454 5810 xw,
1498 5743 1527 5795 7
1553 5758 1672 5813 sqq.

2115 5484 2342 5549 κτίσεώς
2367 5486 2510 5539 ἐστιν
2531 5487 2848 5559 ἀνάκτορον.
2893 5488 3050 5551 Ἀλλ’,
3078 5487 3264 5560 ἐπειδὴ
3292 5490 3394 5559 τῆς
3424 5489 3697 5559 ἁμαρτίας

2115 5575 2531 5648 ἐπεισελθούσης
2561 5579 2774 5650 ὲφράγη
2806 5579 2913 5632 τῶν
2939 5582 3004 5650 τῇ
3041 5579 3208 5650 κακίᾳ
3240 5579 3704 5654 κατειλημμένων

1773 5742 1792 5774 ³
1845 5740 2018 5797 Levit.
2075 5757 2234 5810 χχιιι,
2287 5743 2378 5798 24.
2424 5743 2443 5774 ⁸
2475 5743 2620 5799 Psal.
2661 5760 2830 5813 cxvn,
2864 5745 2953 5800 25.
3026 5745 3044 5777 ⁸
3087 5744 3216 5799 ibid.
3246 5743 3341 5800 9.7.
