3950 6156
304 249 448 313 11⁸29

1451 243 1519 298 ΙΝ
1557 244 1719 300 DIE.“
1757 240 2087 299 NATALEM
2123 239 2422 297 CHRISTI.

3428 242 3571 301 H50

303 372 375 423 τὰ
405 366 649 438 στόματα
672 405 687 429 ,
730 365 832 418 ’καὶ
880 362 1249 434 κατεσπάσθη
1297 362 1450 434 φωνὴ
1491 361 1883 431 ἀγαλλιάσεως,

1998 368 2104 425 rat,
2132 368 2187 415 et
2223 361 2344 415 dies
2378 359 2549 415 festos
2579 356 2979 415 celebrantium
3016 372 3326 414 consensus
3364 358 3571 415 distra-

307 460 399 513 καὶ
425 455 726 526 διεσπάσθη
753 455 860 508 τῶν
886 457 1246 526 ἑορταζόντων
1267 456 1301 524 ἡ
1332 454 1640 522 συμφωνία,
1666 452 1766 522 τῆς
1790 454 1887 506 άν-

308 551 590 622 θρωπίνης
611 547 838 610 κτίσεως
864 547 924 600 ού
946 545 1408 618 συνεορταζούσης
1436 546 1500 615 τῇ
1535 543 1891 615 ύπερκοσμίῳ

307 642 492 713 φύσει,
527 639 616 694 διὰ
649 638 836 693 τοῦτον
878 634 1040 710 ἦλθον
1089 638 1147 691 αἱ
1173 637 1282 691 τῶν
1308 635 1602 709 προφητῶν
1630 636 1724 689 καὶ
1752 636 1885 688 ἁπο-

309 733 512 788 στᾶλων
561 731 860 800 σάλπιγγες
880 771 895 793 ,
920 729 987 795 ἃς
1032 728 1321 800 κερατίνας
1353 730 1382 782 ὁ
1408 728 1591 798 Νόμος
1620 728 1772 796 φησὶ.
1803 725 1891 779 διὰ

218 874 229 889 ,
305 827 368 880 τὸ
396 822 539 881 εἶναι
567 825 746 878 αὐτῶν
774 823 872 896 τὴν
900 821 1242 894 κατασκευὴν
1275 821 1340 875 ὲκ
1372 819 1465 873 τοῦ
1497 817 1752 890 ἀληθινοῦ
1796 836 1891 890 μο-

311 918 633 989 νοκέρωτος.
681 917 748 971 A2
797 916 939 970 κατά
981 916 1083 985 τὴν
1133 913 1225 967 τοῦ
1275 913 1588 985 Πνεύματος
1628 912 1890 982 δύναμιν,

308 1010 563 1064 σύντονον
607 1009 698 1063 τὸν
745 1009 846 1079 τῆς
889 1007 1149 1079 ἀληθείας
1190 1007 1402 1078 ἤχησαν
1431 1005 1609 1074 λόγον,
1659 1005 1747 1057 ἵνα
1795 1003 1893 1072 τῆς

305 1101 478 1172 ἀκοῆς
500 1100 609 1155 τῶν
632 1099 737 1154 ὖπδ
765 1103 863 1170 τῆς
890 1098 1165 1170 ἁμαρτίας
1195 1097 1672 1168 ὲμπεφραγμένων
1697 1095 1894 1148 διανοι-

310 1192 552 1264 χθείσης,
606 1192 704 1263 μία
732 1192 954 1261 γένηται
990 1190 1278 1261 σύμφωνος
1321 1187 1501 1260 ἑορτὴ,
1548 1187 1636 1240 διὲι
1662 1185 1755 1240 τοῦ
1788 1203 1892 1238 πυ-

311 1285 526 1356 κασμοῦ
553 1285 652 1356 τῆς
675 1283 1049 1356 σκηνοπηγίας
1077 1283 1176 1352 τῆς
1205 1282 1353 1334 κάτω
1384 1280 1613 1342 κτίσεως
1638 1278 1772 1350 πρὸς
1794 1276 1894 1340 τὰς

309 1376 601 1447 ὲξεχούσας
651 1375 746 1429 καὶ
791 1372 1236 1445 προϐεϐλημένας
1279 1370 1407 1442 περὶ
1445 1368 1505 1422 τὸ
1544 1368 1657 1423 ἄνω
1706 1367 1895 1419 θυσια-

313 1469 534 1539 στήριον
561 1467 821 1538 δυνάμεις
863 1463 1267 1535 συνυπηχοῦσα.
1320 1462 1402 1516 Td:
1431 1463 1538 1532 γάρ
1564 1460 1771 1531 κέρατα
1801 1456 1893 1510 τοῦ

311 1560 505 1632 νοητοῦ
552 1557 939 1628 θυσιαστηρίου
988 1558 1045 1610 αἱ
1090 1553 1529 1626 προϐεϐλημέναι
1576 1569 1635 1604 τε
1683 1550 1777 1603 καὶ
1809 1547 1896 1613 ἐξ·

311 1651 535 1721 έχουσαι
566 1652 664 1719 τῆς
691 1649 881 1719 νοερᾶς
916 1646 1129 1715 φύσεως
1149 1645 1417 1716 Δυνάμεις
1438 1640 1802 1712 εἰσὶν,’Ᾱρχαί
1834 1656 1893 1692 τε

1990 461 2113 507 ctus
2134 459 2274 515 erat,
2298 467 2421 506 cum
2451 451 2692 506 humana
2723 459 2921 505 natura
2952 464 3076 506 cum
3109 451 3392 513 beatarum
3418 466 3573 505 men-

1992 543 2129 597 tium
2164 550 2360 597 natura
2391 544 2445 596 in
2477 541 2813 597 celebrando
2841 557 2952 595 non
2987 539 3333 599 conveniret.
3359 540 3573 595 idcirco

1996 644 2268 689 venerunt
2293 633 2687 704 prophetarum
2725 641 2779 690 et
2808 634 3188 704 apostolorum
3219 633 3411 697 turbae,
3433 648 3574 703 quas

1995 725 2105 781 Lex
2141 740 2377 781 corncas
2408 734 2588 789 vocat,
2617 727 2747 797 quia
2772 742 2836 780 ex
2869 741 3000 782 vero
3023 726 3277 780 unicorni
3309 726 3575 780 confectae

1993 826 2143 874 sunt.
2167 817 2259 873 lla:
2287 816 2495 887 Spiritu
2526 826 2720 873 saneto
2743 818 2942 873 inﬂata:
2972 819 3293 873 continuum
3326 819 3575 873 veritatis

1994 926 2191 965 sonum
2224 909 2602 978 protulerunt,
2630 918 2690 964 ut
2718 910 2950 963 auribus
2977 924 3194 971 eorum,
3222 909 3316 979 qui
3346 915 3575 979 propter

1996 1010 2286 1074 peccatum
2324 1001 2755 1059 obsurdueraut.
2789 1001 3100 1070 patefactis,
3132 1016 3229 1070 per
3260 1000 3576 1055 condensa-

1996 1098 2199 1151 tionem
2236 1094 2579 1149 tabernaculi
2613 1092 2896 1148 inferioris
2931 1107 3055 1146 cum
3098 1090 3314 1145 eximiis
3354 1097 3409 1144 ct
3439 1104 3575 1159 pra:-

1996 1188 2275 1242 stantibus
2314 1186 2424 1241 illis
2457 1185 2780 1250 virtutibus,
2807 1199 2931 1252 qua:
2967 1184 3033 1236 ad
3075 1183 3249 1237 altare
3272 1195 3575 1252 supernum

1996 1285 2207 1342 astant,
2236 1278 2652 1339 concinentem,
2686 1291 2794 1330 una
2829 1273 3160 1329 solemnitas
3174 1272 3571 1326 celebraretur.

1998 1370 2179 1424 Dirini
2226 1368 2375 1425 enim
2410 1369 2562 1423 illius
2607 1366 2801 1421 altaris
2843 1379 3055 1421 cornua
3105 1371 3234 1418 sunt
3273 1362 3491 1416 eximia:
3521 1370 3579 1416 et

1997 1471 2322 1534 praestantes
2354 1461 2597 1517 cmlestis
2645 1468 2855 1515 natura:
2898 1458 3163 1519 Virtutes,
3196 1463 3252 1511 et
3292 1454 3579 1524 Principa-

1997 1562 2109 1614 tus,
2140 1560 2195 1606 et
2222 1549 2555 1614 Potestates,
2579 1557 2632 1604 et
2653 1548 2884 1614 Throni,
2908 1558 2967 1603 et
2991 1546 3425 1607 llomiuationes,
3455 1544 3578 1613 quiv

1998 1645 2231 1699 buscum
2264 1659 2359 1714 per
2383 1643 2729 1699 tabernaculi
2761 1641 3151 1698 excitationem
3177 1640 3231 1693 in
3256 1637 3579 1693 celebritate

310 1743 406 1797 καὶ
424 1741 712 1806 Ἐξουσίαι,
740 1739 833 1792 καὶ
855 1738 1065 1808 Θρόνοι,
1083 1737 1178 1791 καὶ
1201 1736 1549 1807 Κυριότητες’
1575 1731 1708 1804 πρὸς
1736 1731 1801 1792 ἃς
1830 1730 1891 1800 τῇ

2004 1734 2365 1807 coniungitur
2403 1735 2647 1790 humana
2709 1740 2930 1797 natura,
2974 1730 3334 1789 renovatione
3380 1743 3580 1798 corpo-

312 1834 568 1906 κοινωνίᾳ
612 1834 711 1905 τῆς
755 1832 954 1903 ἑορτῆς
999 1831 1329 1886 συνάπτεται
1371 1829 1464 1881 διὰ
1489 1828 1588 1898 τῆς
1626 1826 1766 1881 κατὰ
1792 1825 1892 1895 τὴν

308 1926 608 1981 ἀνάστασιν
637 1923 1008 1994 σκηνοπηγίας
1036 1924 1070 1993 ἡ
1111 1920 1425 1992 ἀνθρωπίνη
1455 1919 1637 1989 φύσις,
1664 1921 1731 1990 τῇ
1759 1919 1894 1972 ἀνα-

313 2014 546 2068 καινίσει
593 2012 703 2066 τῶν
733 2014 1000 2083 σωμάτων
1050 2009 1424 2082 πυκαζομένη.
1476 2010 1549 2061 Τὸ
1581 2008 1690 2080 γὰρ
1719 2008 1895 2061 πυκά·

308 2106 504 2171 ζεσθαι
549 2102 666 2159 ἶσόν
713 2107 830 2157 ἐστι
874 2103 951 2175 τῷ
999 2102 1323 2174 κοσμεῖσθαι
1370 2102 1405 2174 ἢ
1453 2101 1891 2174 περιϐάλλεσθαι,

311 2198 497 2261 καθὼς
547 2196 944 2269 ἑρμηνεύουσιν
994 2197 1043 2248 οί
1095 2195 1266 2250 ταῦτα
1307 2193 1681 2263 γινώσκοντες.
1735 2191 1898 2245 Δεῦτε

305 2291 491 2344 τοίνυν
513 2289 650 2358 πρὸς
673 2290 771 2358 τὴν
797 2287 1171 2359 πνευματικὴν
1196 2286 1413 2357 χορείαν
1436 2285 1530 2348 τὰς
1548 2283 1724 2355 ψυχὰς
1744 2283 1901 2354 ἡμῶν

308 2380 694 2452 διεγείραντες,
723 2378 950 2449 ἔξαρχον
981 2379 1074 2431 καὶ
1100 2376 1452 2448 καθηγεμόνα
1480 2376 1572 2430 καὶ
1600 2377 1898 2444 κορυφαῖον

1998 1844 2120 1882 rum
2165 1827 2527 1883 condensata.
2580 1826 2716 1881 Nam
2766 1825 3121 1887 condensari,
3168 1833 3222 1878 et
3271 1821 3481 1888 ornari,
3524 1827 3579 1874 et

1999 1919 2149 1975 indui
2185 1919 2329 1975 idem
2359 1926 2469 1984 est,
2500 1928 2560 1974 ut
2602 1918 2703 1978 illi,
2737 1918 2833 1987 qui
2882 1916 2997 1971 hare
3036 1916 3370 1986 intelligunt,
3402 1913 3576 1967 inter—

2000 2020 2307 2081 pretantur.
2332 2010 2496 2082 Agite
2524 2011 2710 2081 igitur,
2737 2009 2804 2066 a'l
2838 2008 3145 2078 Spiritalem
3171 2008 3427 2062 choream
3459 2003 3578 2058 ani-

2002 2119 2121 2158 mos
2154 2109 2375 2158 nostros
2411 2103 2741 2165 excitemus,
2773 2102 3044 2170 nobisque
3073 2101 3228 2153 chori
3276 2100 3496 2162 ducem,
3523 2104 3580 2151 et

2005 2194 2335 2264 principem,
2375 2203 2429 2250 et
2465 2193 2817 2264 coryphaeum
2857 2191 3120 2247 Davidem
3177 2202 3576 2261 proponamus,

2005 2292 2060 2338 et
2099 2299 2205 2337 una
2239 2300 2365 2340 cum
2416 2284 2512 2339 illo
2559 2284 2778 2339 dulcem
2814 2284 2960 2338 illam
2994 2283 3316 2339 emittamus
3361 2294 3572 2345 vocem,

2006 2388 2170 2442 quam
2205 2381 2331 2429 ante
2366 2374 2693 2430 cecinimus.

311 2470 413 2540 τῆς
443 2468 799 2540 χοροστασίας
834 2467 989 2539 ἡμῶν
1009 2509 1024 2533 ,
1077 2467 1170 2521 τὸν
1200 2466 1367 2522 Δαόὶδ
1395 2463 1851 2537 προστησώμεθαο
1892 2463 1987 2545 καὶ
2009 2464 2251 2535 εἴπωμεν
2272 2466 2390 2535 μετ’
2412 2465 2619 2519 ἐκείνου
2642 2464 2739 2536 τὴν
2771 2465 3029 2533 γλυκεῖαν
3060 2461 3242 2546 φωνῂν
3273 2460 3487 2531 ἐκείνην
3510 2459 3581 2531 ἣν

312 2565 621 2636 φθάσαντες
654 2564 1069 2636 ύμνῳδήσαμεν.

385 2658 495 2711 Καὶ
528 2657 689 2711 πάλιν
714 2656 882 2729 αὐτὴν
910 2656 1288 2728 ἀναλάϐωμεν,
1321 2657 1404 2711 ὅτι
1452 2657 1614 2724 Αὕτη
1642 2656 1681 2724 ἡ
1707 2654 1895 2726 ἡμέρα

314 2748 394 2818 ἢν
431 2751 720 2818 ἐποίησεν
748 2753 784 2805 ὁ
822 2751 1065 2818 Κύριος,
1112 2747 1613 2821 ἀγαλλωσώμεθα
1662 2748 1763 2803 καί
1798 2751 1896 2803 εὐ-

313 2840 667 2912 φρανθῶμεν
705 2843 774 2895 ἐν
817 2840 992 2910 αὐτῇ.
1060 2842 1148 2895 Ἐν
1193 2835 1228 2915 ᾖ
1281 2840 1566 2912 μειοῦσθαι
1602 2841 1663 2894 τὸ
1706 2841 1895 2904 σκότος

312 2932 543 3003 ἄρχεται
564 2971 579 2995 ,
624 2933 719 2988 καὶ
763 2933 832 2988 τά
873 2935 973 3006 τῆς
1006 2935 1199 2997 νυκτὸς
1235 2933 1410 3004 μέτρα
1440 2931 1517 3003 τῷ
1549 2932 1897 2995 πλεονάζοντι

312 3025 414 3095 τῆς
434 3025 650 3089 ἀκτῖνος
680 3027 997 3079 συνωθεῖται
1031 3025 1168 3097 πρὸς
1200 3024 1460 3095 ἔκλειψιν.
1489 3024 1564 3078 Οὐ
1599 3024 1892 3094 συντυχική

311 3133 418 3180 τις,
465 3116 717 3186 ἀδελφοὶ,
755 3116 947 3185 γέγονε
983 3115 1123 3170 κατά
1154 3115 1214 3169 τὸ
1244 3117 1549 3186 αὐτόματον
1592 3116 1625 3186 ἡ
1671 3114 1892 3186 τοιαύτη

315 3209 448 3279 περὶ
491 3207 590 3279 τὴν
637 3208 830 3280 ἑορτὴν
861 3208 1176 3279 οἰκονομία,
1225 3208 1287 3261 τὸ
1324 3207 1419 3260 νῦν
1452 3205 1783 3276 ἐπιφανῆναι
1819 3208 1888 3276 τῇ

312 3301 630 3374 ἀνθρωπίνῃ
658 3303 769 3372 ζωῇ
800 3300 897 3371 τὴν
922 3300 1069 3353 θείαν
1100 3300 1247 3370 ζωήν
1268 3318 1283 3331 ·
1334 3299 1469 3353 ἀλλά
1510 3316 1563 3351 τι
1595 3299 1891 3369 μυστήριον

308 3391 400 3446 διὰ
432 3390 541 3445 τῶν
582 3391 923 3462 φαινομένων
964 3394 1076 3454 τοῖς
1113 3390 1580 3463 διορατικωτέροις
1624 3390 1891 3462 διηγεῖται

312 3485 347 3555 ἡ
377 3485 572 3548 κτίσις,
607 3482 891 3555 μονονουχὶ
935 3484 1118 3555 φωνὴν
1165 3484 1387 3553 ἀφιεῖσα
1428 3482 1525 3538 καὶ
1565 3483 1890 3537 διδάσκουσα

312 3573 406 3627 τὸν
446 3572 662 3627 ἀκούειν
695 3572 1011 3644 δυνάμενον,
1042 3574 1097 3626 τί
1135 3572 1382 3644 βούλεται
1418 3573 1476 3627 ὲν
1509 3575 1576 3643 τῇ
1618 3573 1892 3644 παρουσίᾳ

312 3663 407 3717 τοῦ
433 3664 701 3718 Δεσπότου
730 3665 914 3736 ἡμέρα
942 3662 1447 3734 προσαυξανομένη,
1489 3662 1583 3715 καὶ
1610 3662 1706 3726 νὺξ
1737 3661 1890 3716 κολο-

309 3757 577 3828 6ουμένη.
646 3754 789 3825 Ἐγὼ
829 3756 937 3826 γάρ
973 3772 1063 3825 μοι
1091 3754 1232 3807 δοκῶ
1261 3752 1486 3807 τοιαῦτά
1517 3769 1637 3806 τινα
1668 3753 1891 3818 διεξιού-

311 3864 414 3915 σης
449 3847 667 3902 ἀκούειν
689 3847 788 3917 τῆς
813 3846 1042 3910 κτίσεως
1060 3885 1076 3913 ,
1124 3846 1207 3899 ὅτι
1236 3843 1419 3899 Ταῦτα
1452 3844 1685 3915 βλέπων,
1715 3839 1762 3898 ὦ
1793 3845 1891 3899 ἇν-

309 3940 520 4013 θρωπε,
560 3940 669 3994 νόει
696 3939 757 3993 τὸ
788 3939 877 3992 διὰ
910 3939 1017 3991 τῶν
1052 3939 1387 4009 φαινομένων
1416 3937 1656 4010 κρυπτόν
1690 3955 1772 3989 σοι
1798 3938 1891 4008 δη-

312 4032 592 4103 λούμενον.
626 4032 787 4102 Ὁρᾷς
812 4032 903 4084 ἐπὶ
924 4031 984 4083 τὸ
1002 4031 1299 4101 ἀκρότατον
1323 4031 1495 4101 μῆκος
1523 4028 1890 4099 προελθοῦσαν

311 4125 411 4195 τὴν
437 4123 628 4186 νύκτα,
659 4124 754 4175 καὶ
783 4123 1079 4194 ἱσταμένην
1109 4122 1206 4194 τῆς
1232 4123 1325 4176 ἐπὶ
1370 4122 1429 4175 τὸ
1477 4121 1664 4187 πρόσω
1695 4122 1888 4191 φορᾶς,

315 4217 410 4269 καὶ
433 4215 512 4279 είς
535 4215 596 4268 τὸ
619 4214 854 4286 ἔμπαλιν
883 4214 1249 4279 ἀναλύουσαν;
1278 4215 1488 4285 Νόησον
1515 4214 1596 4266 ὅτι
1623 4216 1654 4282 ἡ
1678 4213 1890 4283 πονηρά

311 4304 410 4373 τῆς
441 4304 709 4374 ἁμαρτίας
735 4305 851 4368 νὺξ,
885 4303 970 4373 ἐφ’
996 4305 1119 4357 ὅσον
1144 4298 1254 4358 οἷόν
1282 4323 1341 4357 τε
1371 4300 1438 4375 ἦν
1458 4304 1772 4373 αὐξηθεῖσα,
1799 4302 1892 4357 καὶ

308 4391 399 4444 διά
444 4393 624 4463 πάσης
672 4392 857 4446 κακῶν
905 4393 1146 4458 ἐπινοίας
1193 4394 1287 4446 ἐπὶ
1334 4393 1396 4446 τὸ
1449 4395 1747 4464 ἀκρότατον
1791 4395 1890 4464 τῆς
1924 4423 1968 4478 D

312 4486 576 4558 πονηρίας
629 4484 856 4556 μέγεθος
900 4485 1186 4554 φθάσασα,
1237 4486 1477 4557 σήμερον
1509 4486 1748 4557 ἀνεκόπη
1792 4488 1892 4557 τῆς

310 4577 406 4629 ἐπὶ
434 4578 616 4631 πλεῖον
644 4578 813 4648 νομῆς
832 4618 845 4640 ,
898 4578 991 4630 καὶ
1021 4577 1091 4630 τὰ
1122 4577 1230 4631 ἀπὸ
1265 4577 1455 4631 τούτου
1487 4577 1621 4647 πρὸς
1651 4576 1891 4647 ἔκλειψίν

310 4687 371 4722 τε
394 4670 488 4724 καὶ¹
507 4669 812 4740 ἀφανισμὸν
842 4669 1238 4724 συνελαύνεται.
1283 4671 1443 4740 Ὁρᾷς
1470 4671 1569 4739 τὴν
1592 4667 1685 4722 τοῦ
1716 4670 1892 4738 φωτὸς

311 4758 508 4809 ἀκτῖνα
537 4755 948 4829 διαρκεστέραν,
998 4758 1091 4811 καὶ
1118 4758 1444 4830 ὑψηλότερον
1474 4760 1572 4828 τῆς
1604 4760 1891 4830 συνηθείας

308 4847 406 4902 τὸν
432 4847 584 4918 ἥλιον
612 4864 626 4912 ;
652 4847 781 4899 Νόει
820 4848 911 4900 τοῦ
940 4848 1190 4918 ἀληθινοῦ
1227 4850 1404 4918 φωτὸς
1437 4850 1532 4920 τὴν
1562 4851 1886 4921 παρουσίαν,

309 4936 406 4990 τοῦ
446 4940 567 4999 ταῖς
599 4935 982 5003 εύαγγελικαῖς
1010 4938 1192 4991 ἀκτῖσι
1224 4941 1404 4993 πᾶσαν
1435 4939 1533 5009 τὴν
1567 4942 1891 5012 οἰκουμένην

309 5025 803 5094 καταφωτίζοντος.
836 5026 988 5096 Τάχα
1019 5027 1074 5079 δὲ
1108 5028 1202 5082 καὶ⁹
1228 5028 1321 5081 τοῦ
1352 5029 1426 5099 μὴ
1466 5031 1744 5101 καταρχὰς
1770 5033 1892 5084 ἐπι-

310 5118 551 5190 φανῆναι
594 5118 687 5172 τὸν
731 5117 935 5191 Κύριον
953 5159 968 5183 ,
1016 5118 1128 5172 ἀλλ’
1160 5120 1246 5172 ἐπ’
1276 5123 1520 5193 ἐσχάτων
1548 5123 1656 5177 τῶν
1683 5122 1892 5192 χρόνων

312 5211 639 5284 χαρίσασθαι
680 5212 747 5281 τῇ
779 5208 1093 5281 ἀνθρωπίνῃ
1127 5207 1240 5280 ζωῇ
1281 5211 1380 5281 τῆς
1427 5212 1680 5282 θεότητος
1723 5210 1889 5264 αὐτοῦ

311 5304 413 5375 τὴν
460 5302 792 5374 ἐμφάνειαν,
841 5300 1046 5371 ταύτην
1076 5299 1141 5355 ἄν
1178 5317 1261 5364 τις
1298 5300 1397 5373 τὴν
1431 5303 1610 5357 αἰτίαν
1653 5304 1891 5371 εὐλόγως

311 5394 681 5464 ὑπονοήσειεν,
710 5392 790 5446 δτι
814 5392 844 5445 ό
870 5390 1078 5462 μέλλων
1103 5393 1196 5445 ἐπὶ
1218 5390 1532 5464 καθαιρέσει
1563 5392 1660 5464 τῆς
1692 5391 1888 5455 κακίας

309 5485 389 5558 τῷ
407 5483 732 5556 ἀνθρωπίνῳ
756 5482 1188 5554 καταμίγνυσθαι
1218 5483 1338 5553 βίῳ,
1371 5484 1680 5551 ἀναγκαίως
1712 5485 1889 5536 πᾶσαν

278 5670 358 5755 ..3⁸
390 5669 535 5727 Psal.
587 5683 756 5736 cxvn,
788 5669 877 5726 2L
965 5671 1007 5701 ”
1046 5668 1240 5724 Matth.
1285 5685 1366 5727 Ill.
1411 5668 1492 5723 lO.

298 5755 397 5824 _
632 5765 903 5824 Ρηιιοι..
927 5763 1059 5824 Gn.
1096 5763 1318 5824 XLVI.

266 5798 440 5855 θ-Ξτλκς

309 5844 527 5860 -,νθ.-.

2072 2650 2165 2706 Sic
2190 2649 2360 2720 igitur
2391 2664 2619 2705 rursum
2650 2656 2984 2725 repctpmus.
3023 2648 3151 2704 [hac
3172 2658 3251 2704 est
3284 2650 3397 2703 dies
3414 2665 3578 2719 quam

1998 2742 2121 2813 fecit
2144 2740 2399 2797 Dominus
2422 2758 2441 2795 :
2461 2742 2808 2803 excutiemus,
2835 2751 2883 2796 et
2898 2741 3138 2797 lwtemur
3156 2742 3207 2794 in
3232 2758 3295 2795 ea
3313 2741 3376 2793 "‘.
3400 2739 3456 2793 In
3479 2742 3578 2793 hac

1998 2835 2241 2895 tenebrae
2272 2835 2543 2902 incipiunt
2586 2834 2781 2899 minui,
2822 2841 2877 2888 et
2915 2841 3206 2889 crescente
3258 2831 3574 2902 splendore,

1997 2929 2178 2984 noctis
2211 2926 2434 2982 termini
2462 2926 2888 2980 contrahuntur.
2914 2924 3101 2995 Neque
3125 2925 3271 2979 enim
3315 2940 3451 2979 casu
3481 2933 3577 2979 aut

2000 3029 2193 3090 Sponte
2223 3033 2324 3074 sua
2356 3017 2685 3087 contingunt
2715 3017 2849 3080 haec,
2884 3017 3107 3082 fratres,
3136 3017 3190 3071 in
3228 3017 3327 3070 hac
3357 3016 3448 3072 die
3481 3032 3575 3072 so-

2000 3111 2190 3174 lemni,
2214 3125 2323 3180 qua
2352 3109 2606 3163 humana:
2641 3109 2767 3164 vita:
2799 3108 3054 3177 splendet
3075 3108 3261 3162 divina
3300 3110 3409 3162 vita
3438 3125 3451 3162 :
3480 3110 3575 3164 sed

2001 3218 2095 3274 per
2121 3217 2185 3258 ea
2209 3217 2331 3272 qua:
2354 3210 2660 3256 cernuntur
2690 3202 2893 3256 mentis
2926 3200 3102 3256 aciem
3143 3200 3574 3265 intendentibus,

2000 3309 2269 3348 arcanum
2299 3293 2574 3363 quoddam
2601 3292 2848 3348 ostendit
2878 3301 3098 3355 natura,
3125 3308 3190 3348 ac
3219 3302 3430 3349 tantum
3463 3294 3574 3349 non

2000 3400 2187 3441 vocem
2215 3390 2475 3473 emittens
2502 3385 2663 3439 docet
2685 3399 2803 3447 eos,
2828 3384 2921 3451 qui
2947 3383 3141 3437 audire
3169 3394 3419 3454 possunt,
3444 3387 3577 3454 quid

1997 3478 2104 3533 sibi
2138 3477 2290 3541 velit,
2314 3475 2461 3544 quod
2495 3475 2551 3529 in
2582 3475 2817 3527 adventu
2842 3473 3054 3528 Domini
3087 3474 3206 3530 dies
3244 3488 3497 3547 augetur,
3519 3486 3575 3532 et

1998 3584 2105 3621 nox
2136 3567 2501 3625 imminuitur.
2527 3565 2653 3620 Mihi
2684 3566 2829 3619 enim
2865 3566 3057 3620 videor
3093 3581 3211 3619 eam
3243 3567 3323 3621 sic
3348 3568 3573 3638 loquen-

1996 3666 2105 3715 tem
2140 3659 2444 3713 exaudire:
2473 3657 2802 3717 Considera,
2837 3658 3025 3724 homo,
3054 3660 3149 3724 qui
3180 3659 3297 3714 haec
3340 3663 3570 3731 aspicis,

1996 3766 2061 3804 ex
2086 3751 2154 3804 iis
2188 3766 2311 3820 qua:
2348 3750 2628 3814 videntur,
2661 3766 2725 3804 ea
2756 3750 2852 3804 tibi
2887 3752 3090 3820 aperiri
3127 3768 3248 3820 quae
3291 3754 3573 3808 recondita

1997 3843 2145 3898 Sum.
2170 3842 2330 3899 Vides
2347 3849 2563 3895 noctem
2589 3841 2655 3894 ad
2677 3857 2944 3896 summam
2973 3842 3368 3911 longitudinem
3392 3862 3576 3914 pervc—

1998 3936 2168 3999 nisse,
2211 3942 2265 3989 et
2301 3949 2428 3988 cum
2477 3934 2730 4003 progredi
2792 3934 3024 3990 ulterius
3075 3945 3330 4005 nequeat,
3382 3939 3574 3995 cousi-

1997 4037 2165 4089 Slerc,
2199 4039 2261 4078 ac
2287 4023 2748 4093 regredi?Cogita
2774 4025 3067 4080 exitiosam
3099 4028 3304 4096 peccati
3330 4036 3572 4095 noctem,

1996 4132 2120 4186 qua:
2151 4114 2310 4168 malis
2333 4112 2592 4167 omnibus
2619 4114 2833 4168 artibus
2864 4125 3023 4170 aucta
3055 4115 3122 4169 ad
3152 4133 3429 4173 summum
3464 4138 3574 4175 ma-

1999 4208 2128 4262 litia:
2150 4206 2431 4261 cumulum
2464 4213 2710 4272 venerat,
2736 4205 2900 4260 hodie
2932 4209 3166 4263 recisam
3191 4226 3339 4275 esse,
3365 4226 3434 4266 ne
3461 4212 3574 4266 lon-

1997 4299 2122 4370 gius
2146 4305 2412 4369 serperet,
2448 4306 2612 4368 atque
2645 4299 2778 4354 illuc
2804 4300 3067 4372 deinceps
3100 4302 3296 4373 redigi,
3325 4313 3384 4358 ut
3412 4305 3575 4373 plane
3630 4340 3641 4347 -

1997 4389 2237 4451 deliciat,
2270 4403 2334 4443 ac
2372 4386 2641 4443 deleatur.
2665 4386 2831 4444 Vides
2862 4390 3149 4446 uberiores
3192 4391 3333 4444 lucis
3362 4392 3570 4454 radios,

1998 4490 2054 4537 et
2069 4482 2240 4536 solem
2262 4481 2426 4535 solito
2450 4480 2872 4537 sublimiorem?
2892 4483 3081 4550 Cogita
3105 4497 3246 4536 verse
3274 4483 3411 4538 lucis
3443 4500 3573 4553 prac-

1999 4570 2228 4626 sentiam
2273 4569 2550 4640 Evangelii
2599 4571 2771 4625 radiis
2828 4578 3002 4623 totum
3050 4570 3240 4625 orbem
3294 4579 3571 4628 terrarum

1998 4661 2296 4715 illustrare.
2319 4658 2473 4726 Quod
2513 4667 2696 4713 autem
2725 4659 2978 4713 humanae
3004 4659 3129 4713 vita:
3154 4676 3262 4715 non
3287 4662 3356 4716 ab
3384 4663 3567 4726 initio,

1997 4752 2092 4807 sed
2135 4752 2203 4806 ab
2234 4752 2498 4811 extremis
2537 4750 2877 4819 temporibus
2925 4750 3194 4807 Dominus
3227 4754 3567 4821 apparuerit,

1998 4844 2139 4897 hanc
2168 4850 2362 4895 merito
2399 4842 2633 4896 lortassc
2653 4856 2878 4896 causam
2909 4842 3182 4912 quispiam
3207 4844 3568 4912 existimabit,

1997 4934 2141 5002 quod
2192 4935 2307 5002 qui,
2357 4932 2618 4985 malitiam
2659 4940 2719 4985 ut
2758 4934 3007 4997 tolleret,
3054 4935 3347 4989 humanam
3396 4938 3569 4992 vitam

1994 5035 2113 5079 crat
2162 5026 2534 5094 ingressurus,
2562 5026 2906 5095 exspectavit
2948 5029 3283 5095 necessario,
3305 5037 3366 5083 ut
3408 5045 3573 5085 omne

1995 5119 2065 5172 ab
2087 5117 2314 5170 inimico
2336 5124 2515 5171 satmn
2546 5126 3015 5189 prepagatumque
3052 5130 3338 5190 peccatum
3364 5124 3571 5192 genui-

1996 5216 2171 5269 naret,
2195 5222 2260 5260 ac
2298 5216 2412 5260 tum
2444 5207 2691 5275 demum,
2719 5217 2779 5261 ut
2810 5209 3010 5279 legitur
3043 5209 3100 5264 in
3132 5209 3450 5281 Erangelio,
3476 5228 3574 5267 ra—

1994 5300 2101 5354 dici
2146 5298 2383 5353 securim
2433 5298 2677 5353 admovit
2699 5301 2762 5354 ".
2794 5300 2927 5354 Nam
2956 5310 3010 5356 et
3038 5302 3131 5372 qui
3158 5311 3418 5372 praestant
3455 5320 3571 5361 me-

1995 5391 2157 5445 dendi
2210 5390 2488 5453 facultate,
2525 5390 2654 5444 dum
2696 5390 2867 5449 febris
2896 5395 3076 5449 adhuc
3122 5411 3327 5466 corpus
3360 5399 3569 5455 exurit.

1998 5490 2049 5537 ct
2084 5498 2147 5537 ex
2181 5482 2364 5538 causis
2409 5481 2660 5536 morbum
2698 5483 3061 5542 cllirientibus
3094 5488 3356 5557 paulatim
3387 5489 3569 5545 inten-

3066 5692 3125 5708 ,μη

3155 5761 3233 5820 36
