3950 6156
380 237 511 295 tm
1544 216 1545 219 γ
1592 238 1648 291 s.
1691 235 1955 292 GREGOR

2058 237 2345 294 NYSSENI
2951 248 2959 261 ‘
3493 238 3516 291 ι
3542 233 3677 290 ιδῑ

380 357 546 413 ditur.
581 352 953 407 ebsecuudant
1000 349 1208 413 morbo,
1242 347 1420 419 quoad
1453 347 1534 402 ris
1571 349 1637 402 ad
1670 364 1944 403 summum

2058 350 2298 420 ἀνέμεινε
2328 351 2426 421 τὴν
2458 349 2605 421 παρὰ
2629 351 2721 405 τοῦ
2751 349 2975 422 Ἑχθροῦ
3003 349 3324 423 ριζωθεῖσαν
3350 349 3674 421 ἁμαρτίαν

381 444 713 514 pervenerit,
759 457 857 497 nec
904 442 1011 494 cibi
1063 439 1373 494 subsidium
1435 439 1603 491 ullum
1661 440 1947 507 aegrotanti

2058 442 2456 513 ἀναϐλαστῆσαι
2485 458 2497 472 ·
2547 436 2647 495 εἶθ’
2684 441 2855 505 οὕτως
2888 443 3157 512 ἐπήγαγε,
3189 441 3373 505 καθώς
3408 457 3557 511 φησι
3592 442 3670 492 τὸ

381 537 625 606 praebent
655 552 667 587 :
699 544 754 586 at
790 534 879 587 ubi
899 534 1121 586 ‘malum
1151 532 1483 599 constiterit,
1525 532 1797 601 patefacto
1837 531 1951 602 jam

2058 534 2404 602 Εὐαγγέλιον,
2433 534 2529 604 τὴν
2561 532 2746 604 ἀξίνην
2773 536 2838 605 τῇ
2866 533 3009 604 ῥίζῃ.
3043 534 3150 586 Καὶ
3168 531 3276 603 γὰρ
3295 532 3407 584 τῶν
3431 531 3667 601 ίατρῶν

381 640 497 687 toto
535 628 745 688 morbu,
787 636 917 680 lllllC
960 635 1132 681 artem
1184 626 1467 681 adhibent.
1500 627 1593 681 Sic
1637 627 1948 680 animorum

2058 629 2101 681 οἱ
2151 631 2216 698 τῇ
2259 627 2423 698 τέχνῃ
2471 626 2822 697 προέχοντες,
2867 625 3074 679 ἔνδοθεν
3116 625 3197 679 ἔτι
3235 626 3298 679 τὸ
3345 626 3513 695 σῶμα
3544 625 3662 678 τοῦ

383 720 765 789 mgrotantium
788 718 1031 773 medicus
1049 718 1411 788 exspectavit,
1431 718 1558 773 dum
1582 720 1800 773 malitiae
1816 734 1954 772 mor-

2058 719 2289 791 πυρετοῦ
2319 719 2731 788 διασμύχοντος,
2760 719 2853 772 καὶ
2880 719 3000 771 κατ’
3024 718 3202 786 ὀλίγον
3228 717 3334 770 ὑπὸ
3359 717 3472 770 τῶν
3490 734 3661 771 νοσο-

382 814 510 875 bus,
539 828 647 881 quo
681 822 871 864 natura
917 811 1198 863 hominum
1234 811 1379 864 victa
1421 811 1727 872 laborabat,
1752 827 1813 866 se
1863 819 1950 864 to-

2058 810 2222 863 ποιῶν
2265 810 2452 863 αἰτιῶν
2497 808 2863 879 ἐξαπτομένου
2886 848 2900 871 ,
2946 807 3202 861 ἐνδιδόασι
3234 807 3311 877 τῷ
3343 808 3658 878 ἀρρωστή-

381 914 495 957 ιιιιιι
535 903 791 973 aperiret,
820 917 885 955 ne
915 902 1089 956 latens
1121 901 1325 970 aliquid
1353 903 1664 957 incuratum
1698 904 1952 958 remane-

2058 919 2209 973 ματι,
2251 901 2441 972 μέχρις
2465 899 2534 954 ἂν
2575 901 2656 963 είς
2686 898 2868 970 ἀκμὴν
2897 897 3129 969 προέλθῃ
3164 898 3226 950 τὸ
3254 897 3450 962 πάθος,
3483 897 3655 952 οὐδε·

380 1004 485 1059 ret,
529 994 572 1048 si
605 1002 829 1046 curaret
875 991 924 1046 id
968 992 1145 1046 solum
1181 993 1326 1062 quod
1368 1005 1708 1049 cerneretur.
1762 993 1953 1064 Itaque

2058 994 2185 1064 μίαν
2223 994 2286 1045 ἐκ
2327 991 2434 1044 τῶν
2468 989 2652 1044 σιτίων
2697 990 2993 1058 ἐπάγοντες
3030 989 3106 1061 τῷ
3143 989 3463 1043 ἀσθενοῦντι
3508 987 3653 1058 βοή-

380 1102 482 1141 nee
513 1085 624 1140 Nec
657 1093 1005 1154 tempestate,
1038 1100 1162 1138 cum
1196 1084 1380 1140 omnis
1408 1101 1537 1140 caro
1571 1086 1955 1156 in‘iniquitatc

2058 1084 2225 1138 Oezav'
2276 1082 2493 1137 ἐπειδὰν
2535 1081 2590 1134 δὲ
2635 1081 2897 1150 στάσιμον
2935 1079 3155 1150 γένηται
3186 1078 3245 1132 τὸ
3282 1078 3479 1141 κακὸν,
3511 1080 3650 1131 τότε

380 1189 642 1247 corrupta
665 1185 834 1240 esset,
852 1175 1088 1229 adventu
1112 1191 1214 1230 suo
1239 1177 1566 1231 medicinam
1589 1177 1794 1241 attulit,
1822 1178 1951 1247 quia

383 1269 625 1323 nondum
662 1267 985 1322 Sodomitici
1026 1268 1253 1322 sceleris
1286 1284 1506 1339 germen
1544 1268 1951 1338 pullulaverat:

381 1376 485 1415 nec
527 1369 770 1429 tempore
808 1360 1111 1413 eversionis
1163 1358 1524 1415 Sodomorum
1558 1360 1820 1417 Dominus
1859 1363 1956 1415 ad-

379 1453 560 1515 venit,
605 1452 864 1519 quoniam
922 1451 974 1503 iu
1018 1449 1254 1504 humana
1306 1463 1500 1504 natura
1554 1451 1723 1503 multa
1778 1452 1955 1505 adhuc

382 1543 523 1595 mala
548 1541 852 1595 latitabaat.
878 1539 976 1595 Ubi
1003 1542 1148 1595 enim
1176 1541 1378 1611 impius
1403 1540 1650 1596 Pharao?
1673 1540 1772 1597 Ubi
1800 1542 1956 1598 inde—-

381 1633 514 1686 Inita
550 1632 930 1703 {Egyptiorum
974 1630 1220 1684 malitia?

2053 1176 2152 1247 τὴν
2174 1177 2367 1246 τέχνην
2408 1174 2721 1243 ἐπάγουσιν,
2749 1173 3074 1243 ἐκφανείσης
3102 1171 3281 1249 πάσης
3318 1173 3419 1243 τῆς
3449 1170 3645 1225 νόσου.

2056 1267 2241 1330 Οὕτως
2263 1266 2355 1319 καὶ
2377 1267 2405 1319 6
2430 1267 2556 1329 τοὺς
2584 1265 2768 1327 κακῶς
2788 1264 3006 1335 ἔχοντας
3025 1263 3122 1334 τὴν
3141 1263 3316 1335 ψυχὴν
3344 1264 3648 1333 ἰατρεύων,

2055 1359 2304 1428 ἀνέμεινε
2334 1358 2431 1428 τὴν
2460 1358 2524 1411 ἐκ
2556 1356 2753 1419 κακίας
2790 1357 2977 1421 νόσον,
3104 1355 3492 1426 κατεκρατήθη
3527 1355 3649 1407 τῶν

2055 1448 2353 1517 ἀνθρώπιον
2403 1451 2437 1520 ἡ
2486 1447 2673 1518 φύσις,
2728 1448 2907 1500 πᾶσαν
2957 1446 3392 1518 ἐκκαλυφθῆναι,
3443 1447 3522 1510 ὡς
3574 1447 3648 1500 ἂν

2059 1541 2225 1618 μηδὲν
2251 1541 2358 1593 τῶν
2399 1539 2794 1611 κεκρυμμένων
2835 1538 3206 1608 ἀθεράπευτον
3256 1538 3484 1607 μείνειε,
3540 1538 3649 1591 τοῦ

2061 1631 2246 1705 ἰατροῦ
2284 1633 2443 1701 μόνον
2468 1632 2528 1685 τὸ
2552 1632 2716 1701 φανὲν
2743 1630 3157 1703 θεραπεύοντος.
3188 1631 3285 1683 Διά
3317 1629 3480 1684 τοῦτο
3511 1629 3646 1683 οὔτε

382 1725 525 1778 κατὰ
546 1727 671 1788 τοὺς
704 1723 929 1794 καιροὺς
971 1721 1066 1777 τοῦ
1103 1725 1225 1776 Νῶε
1252 1723 1433 1794 πάσης
1460 1724 1660 1794 σαρκὸς
1718 1726 1776 1777 ἐν
1839 1725 2023 1798 ἀδικίᾳ
2063 1725 2522 1797 καταφθαρείσης,
2571 1725 2766 1794 ἐπάγει
2801 1724 2888 1779 διά
2917 1727 3016 1795 τῆς
3046 1723 3178 1786 ἰδίας
3200 1723 3510 1793 ’ἐμφανείας
3538 1724 3646 1793 τὴν

382 1817 559 1879 ἴασιν,
606 1816 687 1868 ὅτι
723 1814 875 1867 οὔπω
914 1815 1012 1884 τῆς
1047 1813 1398 1883 Σοδομιτικῆς
1436 1814 1633 1878 κακίας
1659 1817 1688 1867 6
1712 1815 1941 1884 βλαστὸς
1979 1817 2180 1888 ἐξεφύη
2206 1833 2220 1848 ·
2268 1815 2391 1870 οὔτε
2424 1816 2518 1869 τοῦ
2545 1815 2736 1887 καιροῦ
2776 1816 2874 1887 τῆς
2941 1815 3191 1884 Σοδόμων
3247 1814 3646 1885 καταστροφῆς

379 1910 409 1960 6
445 1907 643 1977 Κύριος
677 1904 944 1975 φαίνεται.
991 1903 1134 1956 Διότι
1180 1902 1346 1957 πολλὰ
1380 1904 1485 1957 τῶν
1516 1904 1824 1957 ὑπολοίπων
1860 1906 2046 1961 κακῶν
2089 1905 2170 1959 ἔτι
2213 1908 2280 1978 τῇ
2316 1904 2628 1979 ἀνθρωπίνῃ
2668 1906 3077 1977 κατεκρὺπτετο
3100 1905 3280 1976 φύσει.
3322 1902 3434 1957 Ποῦ
3469 1903 3586 1974 γὰρ
3615 1906 3646 1956 ὁ

384 2000 650 2072 θεομάχος
677 1998 900 2070 Φαραώ;
932 1997 1041 2052 Ποῦ
1069 1997 1177 2051 τῶν
1205 1999 1514 2066 Αἰγυπτίων
1542 2002 1575 2070 ἡ
1603 1999 1909 2071 ἀδάμαστος
1947 2001 2178 2073 πονηρία
2202 2017 2217 2067 ;

458 2092 565 2146 Nec
593 2101 720 2145 tunc
749 2092 912 2161 igitur
944 2097 1159 2159 tempus
1187 2088 1311 2149 fuit,
1343 2099 1401 2144 ut
1424 2097 1706 2161 reparator
1729 2091 1949 2146 univcr-

2125 2091 2198 2145 Οὐ
2230 2092 2339 2163 μὴν
2382 2091 2501 2146 οὐδὲ
2538 2091 2657 2145 τότε
2706 2088 2785 2161 τῷ
2827 2089 3090 2162 διορῦωτῇ
3138 2087 3233 2144 τοῦ
3284 2089 3497 2153 παντὸς
3546 2088 3646 2142 εὖ-

381 2186 455 2246 si,
484 2193 752 2253 tempore,
790 2183 1036 2253 inquam,
1078 2179 1463 2252 IE‘gyptiorum
1500 2183 1791 2247 malorum,
1822 2183 1952 2239 huic

382 2277 508 2330 vita:
540 2290 599 2330 se
641 2273 1188 2330 commisceretzsed
1235 2274 1539 2342 oportebat,
1576 2283 1632 2329 ut
1681 2276 1955 2331 lsmclita-

386 2384 507 2422 rnm
533 2367 793 2438 iniquitas
813 2366 1109 2436 pateﬁeret.
1130 2365 1446 2436 Oportebat,
1470 2375 1528 2421 ut
1554 2383 1776 2435 regnum
1798 2372 1957 2440 Assy-

384 2459 693 2523 riorum,et
747 2457 1005 2526 superbia
1052 2455 1577 2519 Nabuchodonosor,
1624 2458 1801 2511 adhuc
1830 2459 1955 2512 lati-

386 2560 532 2613 tans,
566 2551 618 2604 in
674 2549 786 2603 vita
823 2547 1230 2602 ostenderetur.
1261 2547 1587 2618 Oportebat,
1631 2556 1691 2602 ut
1738 2550 1955 2619 piorum

384 2644 562 2697 cmdes
629 2650 888 2711 tanquam
953 2640 1218 2695 scelera'a
1276 2643 1606 2712 spiuosaqne
1658 2642 1841 2711 planta
1888 2658 1955 2705 ex

386 2735 526 2787 mala
552 2733 755 2788 diaboli
800 2733 983 2787 radice
1014 2732 1275 2802 prodiret.
1299 2731 1618 2803 Oportebat,
1654 2742 1712 2786 ut
1742 2733 1957 2788 Iudico-

388 2838 507 2877 rmn
554 2825 851 2893 prophetas
882 2824 1272 2885 occidentium,
1304 2832 1357 2878 et
1388 2839 1417 2876 a
1444 2823 1555 2878 Deo
1586 2825 1784 2881 missos
1815 2825 1953 2895 lapi-

386 2916 549 2969 dibus
583 2915 953 2979 obruentinm,
992 2929 1053 2967 ac
1091 2913 1358 2970 Zacharia
1386 2916 1608 2970 tandem
1650 2916 1791 2971 inter
1821 2926 1956 2973 tem-

389 3010 533 3078 plum
563 3016 615 3060 et
651 3006 823 3059 altare
856 3004 1143 3059 interfecto
1165 3006 1227 3069 ιδ,
1250 3007 1525 3076 piaculum
1549 3009 1953 3064 admittentium

388 3099 568 3152 rabies
590 3095 957 3165 detegeretur.
982 3095 1058 3147 Ad
1087 3099 1476 3151 sceleratorum
1511 3100 1819 3169 germinum
1853 3118 1954 3156 nu-

386 3204 596 3245 merum
630 3188 768 3241 adde
795 3194 849 3240 et
880 3186 1168 3239 infantium
1206 3187 1275 3241 ab
1308 3187 1520 3243 llerode
1551 3200 1818 3260 patratam
1852 3208 1953 3248 ca:-

388 3281 533 3335 dem.
574 3281 707 3335 Cum
770 3279 935 3349 igitur
971 3277 1193 3332 malitia:
1234 3279 1314 3335 vis
1345 3295 1403 3335 se
1444 3291 1614 3336 totam
1641 3283 1951 3352 effudisset,

389 3373 689 3442 multisque
720 3372 1004 3427 luxurians
1044 3375 1221 3430 modis
1260 3374 1521 3429 crevisset
1550 3375 1601 3427 in
1636 3375 1837 3430 animis
1860 3392 1950 3431 eo-

2055 2201 2244 2257 καιρον
2276 2179 2366 2256 ἦν,
2400 2188 2468 2256 τῇ
2502 2184 2610 2237 τῶν
2657 2182 2967 2251 Αἰγυπτίων
3005 2182 3148 2250 λέγω
3175 2180 3362 2252 κακίᾳ,
3396 2199 3645 2253 καταμι-

2054 2277 2247 2348 χθῆναι
2278 2278 2359 2349 τῷ
2404 2278 2523 2349 βίῳ.
2570 2275 2711 2330 Ἀλλ’
2740 2275 2845 2329 ἔδει
2879 2274 2973 2328 καὶ
2996 2274 3104 2327 τῶν
3148 2274 3500 2344 Ἰσραηλιτῶν
3531 2276 3642 2344 τὴν

2055 2370 2402 2440 παρανομίαν
2457 2368 2817 2438 ἀναφανῆναι.
2864 2367 3012 2419 Ἔδει
3059 2368 3151 2419 καὶ
3193 2367 3292 2438 τὴν
3332 2368 3645 2438 ’Δσσυρὲων

2058 2457 2352 2529 βασιλείαν,
2384 2459 2476 2513 καὶ
2506 2457 2600 2511 τοῦ
2634 2457 3098 2529 Ναϐουχοδονόσορ
3132 2457 3230 2529 τὴν
3257 2459 3644 2530 ὑπερηφανίαν

2056 2550 2475 2620 ὑποσμύχουσαν
2522 2549 2600 2603 ἔτι
2627 2549 2704 2621 τῷ
2739 2550 2838 2621 βίῳ
2867 2550 3107 2620 φανερὰν
3149 2550 3420 2617 γενέσθαι.
3460 2551 3642 2616 Ἔδει,

2054 2643 2154 2715 τὴν
2193 2646 2332 2697 κατὰ
2373 2642 2480 2696 τῶν
2526 2643 2688 2695 ὁσίων
2732 2643 3061 2714 μιαιφωνίαν
3094 2636 3204 2696 οἷόν
3235 2660 3355 2695 τινα
3391 2644 3648 2714 πονηρὰν

2057 2738 2151 2790 καὶ
2179 2735 2461 2806 ἀκανθὼδη
2491 2734 2726 2805 βλάστην
2757 2734 2857 2804 τῆς
2888 2735 3061 2804 κακῆς
3090 2734 3183 2788 τοῦ
3206 2735 3449 2789 διαϐόλου
3474 2737 3645 2808 ῥίζης

2057 2826 2386 2896 ἀναδραμεῖν
2407 2842 2419 2854 ·
2457 2824 2563 2878 ἔδει
2593 2825 2690 2896 τὴν
2715 2824 2824 2878 τῶν
2866 2823 3135 2878 Ἰουδαίων
3169 2827 3308 2879 κατά
3333 2824 3442 2879 τῶν
3463 2826 3644 2894 ἁγίων

2055 2914 2149 2968 τοῦ
2192 2914 2326 2967 Θεοῦ
2361 2914 2743 2987 φανερωθῆναι
2786 2912 3009 2975 λύσσαν,
3057 2915 3165 2967 τῶν
3195 2914 3322 2978 τοὺς
3350 2918 3645 2987 προφήτας

2057 3005 2493 3061 ἀποκτεινάντων
2540 3006 2635 3060 καὶ
2661 3005 3077 3059 λιθοϐολοθντων
3126 3007 3253 3070 τοὺς
3285 3008 3642 3078 ἀπεσταλμέο

2058 3116 2202 3162 νους,
2253 3099 2349 3151 καὶ
2384 3098 2535 3162 τέλος
2575 3098 2777 3169 μεταξὺ
2805 3097 2899 3151 τοῦ
2935 3096 3062 3150 ναοῦ
3093 3096 3306 3150 καὶτοῦ
3341 3097 3643 3168 θυσιαστη-

2062 3189 2178 3258 ρίου
2232 3186 2295 3240 τὺ
2357 3186 2499 3240 κατά
2551 3185 2644 3239 τὸν
2701 3186 2974 3258 Ζαχαρίαν
3039 3186 3170 3254 άγος
3217 3187 3635 3258 ἐργασαμένων.

2058 3280 2298 3350 Πρόσθες
2332 3278 2411 3349 τῷ
2444 3278 2723 3349 καταλόγῳ
2768 3278 2875 3334 τῶν
2920 3278 3173 3351 πονηρῶν
3219 3279 3638 3352 βλαοτημάτων,

2060 3373 2154 3426 καὶ
2184 3363 2293 3425 τοῦ
2316 3372 2555 3443 Ἡρώδου
2600 3373 2699 3442 τὴν
2735 3371 3100 3440 παιδοφονίαν.
3150 3372 3299 3426 Ἐπεὶ
3345 3369 3438 3427 οὖν
3485 3376 3643 3429 πᾶσα

388 3463 644 3533 rum,qni
686 3462 916 3533 singulis
954 3465 1168 3519 smculis
1216 3465 1422 3520 scelere
1454 3464 1692 3535 insignes
1730 3468 1955 3521 exstite-

2061 3464 2159 3533 τῆς
2191 3440 2443 3532 κακίας-ἠ
2473 3440 2696 3534 δύναμις
2734 3465 2797 3516 ἐκ
2832 3464 2929 3534 τῆς
2977 3465 3217 3535 πονηρᾶς
3252 3463 3408 3535 ῥίζης
3435 3465 3640 3519 ἀνεδεί-

389 3566 536 3622 rant,
587 3568 717 3611 tunc
755 3555 916 3622 Deos,
963 3567 1020 3611 ut
1074 3560 1141 3610 ad
1185 3556 1552 3612 Athenienses
1606 3556 1808 3614 Paulus
1860 3560 1956 3627 ait,

386 3649 710 3720 ignorantia:
765 3658 1008 3720 tempora
1060 3649 1393 3719 despiciens,
1428 3649 1480 3704 iu
1513 3650 1708 3706 diebus
1750 3652 1959 3709 ultimis

386 3744 690 3808 advenit“,
736 3742 959 3814 quando
998 3756 1107 3796 non
1139 3751 1256 3796 erat
1296 3741 1605 3812 intelligens
1637 3760 1735 3798 nec
1770 3745 1959 3813 requi—

386 3850 514 3890 rens
551 3835 721 3889 Deum
757 3854 770 3889 :
801 3835 1022 3905 quando
1053 3835 1241 3889 cuncti
1286 3834 1693 3888 declinaverant
1729 3842 1782 3889 et
1830 3834 1956 3889 facti

386 3935 544 3982 erant
576 3925 801 3981 inutiles
820 3927 888 3991 ὀ,
912 3927 1132 3995 quando
1175 3925 1432 3979 conclusa
1468 3933 1624 3980 erant
1649 3926 1832 3980 omnia
1858 3926 1960 3982 sub

388 4022 615 4085 peccato
637 4016 702 4077 ¹¹,
727 4017 949 4085 quamlo
980 4016 1242 4086 iniquitas
1268 4016 1601 4080 abundabat,
1626 4018 1846 4088 quando
1881 4021 1960 4073 ri-

388 4108 587 4161 tiorum
612 4106 847 4160 tenebrm
878 4106 942 4159 ad
967 4121 1238 4162 summum
1270 4124 1443 4179 usque
1470 4110 1763 4164 terminum
1803 4126 1961 4165 reue—

388 4206 535 4251 rant.
556 4194 713 4271 .Tunc
741 4199 991 4267 apparuit
1019 4201 1215 4269 gratia,
1245 4208 1375 4254 tunc
1417 4216 1558 4256 verae
1588 4200 1726 4255 lucis
1759 4201 1959 4255 enituit

387 4289 595 4351 radius,
622 4295 752 4341 tunc
790 4289 845 4342 in
895 4291 1137 4345 tenebris
1164 4298 1219 4346 et
1245 4291 1437 4346 umbra
1479 4292 1676 4346 mortis
1713 4290 1959 4346 sedenti-

390 4380 494 4434 bus
538 4387 692 4434 ortus
730 4387 814 4434 est
841 4378 1066 4451 justitize
1112 4380 1263 4435 sol“
1290 4399 1304 4434 :
1333 4390 1464 4436 tunc
1498 4383 1788 4436 humanam
1838 4396 1959 4436 car-

390 4485 511 4524 nem
548 4469 772 4525 indutus
796 4471 964 4525 multa
996 4471 1270 4541 serpentis
1298 4472 1478 4541 capita
1512 4472 1645 4539 pede
1674 4474 1956 4537 contrivit,

389 4558 459 4614 ad
490 4567 806 4631 terramque
839 4562 1071 4616 allidens
1111 4562 1475 4617 coneulcavit.
1502 4561 1579 4618 Ne
1618 4565 1742 4633 quis
1774 4572 1955 4619 autem

390 4652 554 4718 mala,
580 4667 701 4722 qua}
734 4667 884 4708 nunc
926 4653 982 4707 in
1017 4654 1129 4707 vita
1159 4662 1308 4717 sunt,
1334 4655 1659 4725 respiciens,
1690 4654 1827 4708 falsa
1855 4672 1958 4712 nos

2061 3554 2186 3625 χθη,
2214 3555 2309 3607 καὶ
2342 3553 2543 3625 ηὔξησε
2590 3553 2882 3618 πολυειδῶς
2910 3555 2967 3608 ἐν
2998 3557 3119 3618 ταῖς
3145 3556 3495 3627 προαιρέσεσι
3528 3559 3641 3614 τῶν

2060 3646 2181 3700 καθ’
2212 3647 2448 3718 ἑκάστην
2491 3647 2683 3716 γενεὰν
2715 3649 2781 3719 τῇ
2828 3646 2996 3716 κακίᾳ
3043 3648 3332 3717 γνωρίμων
3365 3648 3641 3722 ὑλομανη-

2062 3754 2221 3800 σασα,
2248 3739 2387 3800 τότε,
2430 3737 2611 3802 καθώς
2635 3755 2767 3809 φησι
2819 3738 2956 3810 πρὸς
3000 3738 3314 3810 Ἀθηναίους
3346 3741 3375 3793 6
3402 3739 3635 3804 Παῦλος,

2059 3831 2185 3892 τοὺς
2212 3831 2438 3901 χρόνους
2480 3832 2577 3901 τῆς
2615 3830 2835 3899 ἀγνοίας
2871 3831 3138 3901 ὑπεριδὼν
3166 3832 3195 3884 6
3220 3831 3369 3897 056g,
3408 3833 3502 3886 ἐπὶ
3527 3833 3639 3888 τῶν

2061 3922 2301 3991 ἐσχάτων
2344 3921 2565 3994 ἡμερῶν
2607 3922 2986 3995 παραγίνεται,
3021 3923 3109 3976 ὅτε
3146 3923 3244 3976 οὐκ
3270 3918 3337 3994 ἦν
3379 3924 3409 3976 6
3442 3924 3639 3978 συνιὼν

2030 4012 2033 4015 ’
2060 4014 2156 4067 καὶ
2200 4013 2444 4085 ἐκζητῶν
2474 4013 2564 4067 τὸν
2620 4014 2753 4067 Θεόν
2772 4029 2787 4043 ·
2837 4015 2925 4068 ὅτε
2954 4014 3156 4077 πάντες
3184 4014 3479 4079 ἐξέκλιναν,
3520 4016 3637 4086 ἅμα

2060 4105 2439 4176 ἠχρεώθησαν
2474 4122 2489 4136 “
2538 4105 2626 4161 ὅτε
2660 4104 3009 4175 συνεκλείσθη
3038 4105 3107 4158 τὰ
3145 4104 3321 4160 πάντα
3347 4107 3426 4169 είς
3452 4107 3636 4177 ἀμαρ-

2058 4197 2177 4249 τίαν
2201 4213 2215 4226 ο
2266 4196 2354 4249 ὅτε
2396 4196 2720 4250 ἐπλεόνασεν
2758 4197 2793 4267 ἡ
2821 4195 3017 4266 ἀνομία
3039 4213 3054 4227 ο
3102 4197 3191 4249 ὅτε
3220 4196 3358 4267 πρὸς
3387 4197 3448 4250 τὺ
3471 4198 3638 4267 ἀπρόσ

2060 4307 2218 4344 τατον
2253 4291 2451 4362 μέτρον
2479 4293 2508 4345 6
2538 4291 2637 4362 τῆς
2673 4291 2870 4356 κακίας
2906 4291 3067 4361 ζόφος
3092 4291 3330 4364 ηὔξησε·
3368 4294 3491 4348 τότε
3537 4297 3633 4348 ἐπ-

2060 4383 2230 4452 εφάνη
2254 4383 2285 4452 ἡ
2309 4382 2486 4452 χάρις,
2517 4383 2637 4436 τότε
2659 4384 2691 4455 ἡ
2715 4382 2806 4437 τοῦ
2829 4384 3081 4454 ἀληθινοῦ
3103 4385 3278 4453 φωτὸς
3298 4386 3455 4449 ἀκτὶς
3474 4389 3637 4441 imr-

2060 4472 2251 4526 έτειλε.
2285 4473 2417 4525 Τότε
2450 4474 2683 4542 ἐπέφανε
2713 4475 2810 4544 τῆς
2838 4475 3181 4546 δικαιοσῦνης
3212 4478 3241 4530 6
3268 4477 3419 4548 ἥλιος
3442 4482 3555 4541 τοῖς
3581 4479 3637 4530 ἐν

2063 4564 2242 4617 σκότει
2268 4565 2361 4617 καὶ
2395 4567 2521 4635 σκιᾷ
2548 4564 2774 4621 θανάτου
2806 4568 3152 4639 καθημένοις,
3175 4570 3295 4623 τότε
3319 4569 3418 4634 τὰς
3441 4570 3639 4633 πολλάς

2060 4653 2301 4722 κεφαλάς
2331 4652 2426 4706 τοῦ
2477 4654 2768 4726 δράκοντος
2795 4658 3120 4712 συνέθλασεν
3148 4661 3345 4723 ἐπιϐάς
3372 4660 3450 4730 τῷ
3494 4661 3635 4724 ποδὶ,

389 4740 575 4801 dicere
622 4742 958 4811 suspicetur,
1001 4743 1146 4813 quod
1193 4743 1248 4796 in
1298 4744 1563 4799 extremis
1616 4745 1955 4813 temporibus

2062 4744 2151 4797 διὰ
2178 4744 2278 4814 τῆς
2306 4744 2650 4817 ἀνθρωπίνης
2686 4749 2904 4819 σαρκὸς,
2952 4751 3047 4803 καὶ
3087 4753 3154 4820 τῇ
3183 4753 3253 4821 γῇ
3290 4751 3638 4822 προσθλάσας

390 4834 738 4904 splendnisse
770 4833 928 4889 nobis
947 4832 1237 4888 Dominum
1262 4849 1594 4890 asseramus.
1618 4833 1753 4888 Nam
1782 4836 1801 4900 (
1816 4837 1956 4907 obji-

389 4925 499 4980 ciet
527 4925 762 4996 aliquis)
789 4925 880 4995 qui
908 4933 1179 4995 tempora,
1207 4924 1405 4994 quibus
1442 4925 1648 4979 malitia
1677 4934 1954 4996 retegcre-

388 5023 500 5077 tur,
545 5016 907 5085 exspectavit,
955 5022 1016 5070 ut
1064 5016 1212 5069 illam
1252 5022 1468 5069 auctam
1511 5015 1957 5086 cumulatamque

379 5105 659 5174 radicitus
687 5106 963 5167 evelleret,
998 5105 1081 5160 sic
1130 5119 1251 5159 eam
1281 5103 1492 5169 tollere,
1540 5113 1704 5174 atque
1739 5104 1959 5160 abolere

390 5208 644 5252 cunctam
672 5196 959 5261 debuerat,
991 5204 1051 5249 ut
1079 5194 1240 5250 nulla
1275 5194 1450 5264 ipsius
1481 5194 1535 5248 in
1572 5194 1678 5249 vita
1711 5194 1957 5264 reliquiae

390 5295 758 5343 remanerent.
786 5286 940 5341 Nunc
975 5296 1155 5342 autem
1187 5293 1241 5341 et
1273 5285 1591 5349 homicidia,
1619 5295 1673 5339 et
1708 5284 1872 5349 furta,
1903 5296 1958 5342 et

390 5376 681 5437 adulteria,
718 5383 772 5431 et
812 5376 1024 5445 reliqua
1053 5376 1237 5430 omnia
1268 5374 1473 5444 ﬂagitia
1511 5382 1567 5429 et
1606 5376 1812 5432 scelera
1863 5376 1961 5432 de-

392 5465 748 5519 baecbantur.
783 5465 834 5521 ls
865 5480 1019 5535 ergo,
1047 5466 1141 5535 qui
1178 5464 1292 5519 hac
1328 5473 1584 5535 spectans
1619 5465 1700 5520 sic
1741 5465 1954 5535 objicit,

2062 4836 2157 4889 καὶ
2184 4838 2597 4904 καταπατήσας,
2625 4837 2719 4891 καὶ
2751 4839 2938 4908 μηδεὶς
2964 4840 3104 4911 πρὸς
3136 4840 3202 4893 τὰ
3227 4839 3321 4894 νῦν
3352 4843 3410 4892 ἐν
3439 4840 3515 4910 τῷ
3538 4840 3638 4911 βίῳ

2062 4923 2276 4994 βλέπων
2301 4923 2733 4993 καταψεύδεσθαι
2760 4927 3026 4998 νομιζέτω
3069 4929 3161 4981 τὸν
3190 4929 3347 4997 λόγον
3367 4969 3383 4993 ,
3426 4929 3550 4982 καθ’
3579 4931 3638 4983 ὃν

2059 5016 2117 5066 ἐν
2139 5016 2250 5077 τοῖς
2274 5014 2602 5079 τελευταίοις
2632 5016 2838 5089 ἔφαμεν
2867 5020 3077 5091 χρόνοις
3103 5021 3408 5092 ἐπιλάμψαι
3435 5022 3513 5093 τῷ
3540 5020 3638 5094 βίῳ

2059 5103 2152 5157 τὸν
2198 5104 2423 5175 Κύριον.
2471 5106 2616 5176 Ἐρεῖ
2638 5106 2746 5178 γάρ
2794 5110 2823 5162 6
2868 5110 3165 5180 ἀντιλέγων
3211 5113 3395 5183 τυχὸν,
3425 5113 3505 5167 ὅτι
3549 5114 3640 5167 τὸν

2063 5195 2427 5265 ἀναμείναντα
2456 5197 2580 5260 τοὺς
2608 5198 2834 5269 χρόνους
2878 5200 3016 5270 πρὸς
3043 5200 3142 5271 τὴν
3181 5202 3282 5269 τῆς
3306 5203 3508 5266 κακίας
3539 5221 3640 5273 φας

2061 5284 2308 5357 νέρωσιν,
2342 5289 2490 5350 ὅπως
2518 5287 2842 5359 αὐξηθεῖοαν
2867 5289 3035 5362 αὐτὴν
3062 5290 3216 5363 ἐξέλῃ
3242 5293 3637 5365 προθέλυμνον,

2061 5378 2240 5430 πᾶσαν
2285 5377 2432 5442 εἰκὸς
2481 5380 2651 5451 αὐτὴν
2712 5382 3081 5453 ἀνῃρηκέναι,
3131 5383 3205 5446 ὡς
3256 5385 3421 5456 μηδὲν
3468 5387 3640 5455 αὐτῆς

2063 5469 2454 5540 ὑπολειφθῆναι
2486 5469 2562 5541 τῷ
2610 5472 2710 5543 βίῳ
2751 5473 3018 5540 λείψανον.
3072 5475 3210 5528 Νυνὶ
3254 5476 3310 5528 δέ
3342 5477 3437 5529 καὶ
3467 5478 3637 5545 φόνοι,

463 5643 506 5675 ⁸⁸
547 5642 737 5700 Μειιιιι.
766 5661 925 5717 xxiii,
952 5645 1042 5701 55.
1117 5647 1159 5680 ¹⁹
1191 5647 1311 5703 Act.
1344 5662 1477 5716 xvn,
1508 5647 1598 5705 '50.
1678 5649 1724 5683 ¹⁰
1755 5646 1901 5705 Psal.
1932 5663 1955 5702 1

2083 5648 2136 5705 2.
2216 5651 2256 5683 "
2293 5650 2454 5707 Rom.
2495 5668 2579 5721 ιιι,
2615 5653 2679 5723 5;
2715 5652 2892 5709 Galat.
2930 5669 3012 5721 in,
3043 5653 3132 5711 22.
3212 5656 3259 5688 ²²
3294 5654 3401 5713 lsa.
3439 5672 3517 5721 ix,
3541 5656 3601 5713 2.
