3950 6156
318 276 457 334 1335

1463 267 1533 323 ΙΝ
1570 267 1733 323 DIE.“
1766 266 2094 322 NATALEM
2130 264 2428 323 CHRISTI.

3445 270 3586 330 M56

319 402 416 453 καὶ
458 397 685 465 κλοπαὶ,
718 394 813 452 καὶ
864 366 1124 468 μοιχειαῖ,
1168 396 1262 451 καὶ
1293 392 1474 449 πάντα
1523 394 1792 464 τολμᾶται
1840 392 1909 446 τὰ

2013 392 2213 461 insigni
2262 391 2695 461 pervulgaloque
2737 389 2988 461 exemplo
3039 388 3399 461 qumstionem
3440 392 3584 461 ipsc-

320 496 685 563 πονηρότατα.
751 490 888 543 Ἀλλ’
936 492 964 544 6
1012 490 1146 562 πρὸς
1187 489 1348 543 τοῦτο
1401 487 1648 558 βλέπων,
1698 484 1911 540 ὑποδεί-

319 583 493 653 γματί
519 598 626 635 τινι
673 581 781 634 τῶν
815 580 1108 653 γνωρίμων
1160 580 1260 654 τὴν
1307 581 1438 651 περὶ
1480 577 1685 632 τούτων
1733 577 1896 647 ἀμφι·

319 669 507 725 δολίαν
549 670 786 725 λυσάτω.
842 670 1054 744 ’Ὠσπερ
1101 669 1210 742 γάρ
1240 670 1335 722 ἐπὶ
1364 669 1465 739 τῆς
1508 668 1618 722 τῶν
1664 666 1909 739 ἑρπετῶν

320 762 656 835 ἀναιρέσεως
689 762 837 817 ἐστιν
870 762 1002 817 ἰδεῖν
1032 764 1135 818 οὐκ
1160 762 1324 826 εὐθὺς
1361 761 1455 816 τὸν
1497 760 1726 814 κατόπιν
1755 759 1912 814 ὁλκὸν

318 856 387 925 τῇ
429 854 639 926 κεφαλῇ
670 854 1146 927 συννεκρούμενον,
1182 854 1298 910 ἀλλ’
1342 855 1375 925 ἡ
1413 854 1513 925 μὲν
1540 852 1805 923 τέθνηκε,
1848 849 1911 904 τὸ

321 948 379 1003 δὲ
402 948 482 1002 ἔτι
504 948 778 1018 ἐψύχωται
803 947 880 1019 τῷ
911 949 1026 1019 ίδίῳ
1055 948 1231 1021 θυμῷ,
1250 950 1345 1003 καὶ
1372 949 1471 1018 τῆς
1501 947 1738 1018 ζωτικῆς
1755 946 1912 1002 δυνά-

325 1057 472 1110 μεως
499 1039 598 1093 οὐκ
632 1039 959 1111 ἐστέρηται·
1007 1038 1150 1095 οὕτω
1178 1042 1272 1095 καὶ
1302 1043 1330 1095 6
1362 1039 1455 1095 τοῦ
1495 1040 1788 1111 δράκοντος
1813 1039 1909 1093 άν-

322 1132 587 1202 αιρέτηςο
639 1132 729 1185 ὅτε
773 1132 907 1186 πολὺ
956 1134 1148 1200 γέγονε
1196 1134 1259 1186 τὸ
1305 1133 1495 1205 θηρίον
1543 1132 1743 1197 πάσαις
1789 1134 1910 1197 ταῖς

324 1222 664 1277 καθέκαστον
699 1225 1032 1295 ωναυξηθέν
1061 1229 1275 1295 γενεαῖς
1301 1224 1411 1280 τῶν
1457 1226 1781 1299 ἀνθρώπων,
1812 1225 1911 1298 τὴν

323 1316 571 1387 κεφαλὴν
593 1317 821 1382 ἀνελὼν,
864 1319 1130 1382 τουτέστι,
1166 1319 1264 1392 τὴν
1291 1318 1612 1373 τῶνλκαλῶν
1641 1320 1913 1389 ἀναιρετι-

324 1409 428 1479 κὴν
455 1408 706 1480 δύναμιν,
736 1409 834 1482 τὴν
860 1410 1062 1475 πολλὰς
1088 1410 1319 1483 ἔχουσαν
1351 1414 1409 1467 ἐν
1450 1413 1616 1483 ἑαυτῇ
1646 1410 1910 1481 κεφαλάς,

324 1500 512 1554 οὐδένα
538 1499 631 1555 τοῦ
658 1501 887 1555 κατόπιν
909 1501 1070 1556 ὁλκοῦ
1103 1502 1398 1574 πεποίηται
1428 1502 1607 1571 λόγον,
1634 1503 1715 1564 είς
1739 1503 1914 1573 ἀφορ-

293 1612 300 1621 ·
330 1590 436 1662 μὴν
468 1590 768 1662 γυμνασίου
797 1594 913 1655 τοῖς
957 1592 1157 1663 ἐφεξῆς
1186 1592 1285 1665 τὴν
1318 1595 1377 1646 ἐν
1415 1589 1493 1663 τῷ
1529 1591 1710 1663 νεκρῷ
1738 1590 1912 1663 θηρίῳ

326 1683 543 1751 κίνησιν
585 1682 978 1754 ὑπολειφθῆναι
1010 1686 1261 1756 ποιήσας.
1308 1684 1405 1748 Τίς
1431 1679 1524 1737 οῦν
1553 1685 1587 1754 ἡ
1618 1676 1911 1737 θλασθεῖσα

327 1773 573 1846 κεφαλή;
630 1775 695 1828 Ἠ
743 1774 971 1830 θάνατον
1011 1776 1393 1844 είσενεγκοῦσα
1433 1778 1500 1847 τῇ
1537 1776 1748 1846 πονηρᾷ
1776 1792 1914 1846 συμ-

334 1861 523 1934 ϐουλῇ,
564 1864 598 1933 ὴ
627 1863 717 1917 τὸν
751 1864 1124 1937 θανατηφόρον
1158 1866 1234 1918 ἰὸν
1262 1864 1573 1936 ἐμϐαλοῦσα
1596 1862 1675 1934 τῷ
1704 1862 1915 1935 ἀνθρώ-

331 1971 417 2024 πῳ
445 1953 534 2007 διὰ
559 1952 654 2007 τοῦ
675 1954 970 2025 δήγματος.
1010 1955 1069 2008 Ὀ
1094 1954 1272 2008 τοίνυν
1301 1953 1607 2016 καταλύσας
1636 1952 1727 2006 τοῦ
1752 1952 1916 2007 θανάὲ

328 2061 422 2098 του
451 2044 511 2098 τὸ
542 2044 765 2116 κράτος,
794 2046 893 2116 τὴν
921 2048 980 2100 ὲν
1010 2049 1077 2118 τῇ
1113 2045 1323 2116 κεφαλῇ
1347 2045 1439 2099 τοῦ
1461 2046 1638 2115 δερεως
1661 2045 1911 2117 δύναμιν,

329 2136 514 2200 καθώς
546 2154 710 2207 φησιν
741 2138 770 2190 6
804 2138 1117 2210 Προφήτης,
1159 2137 1483 2192 συνέθλασεν
1506 2154 1520 2170 ⁸
1570 2140 1599 2193 6
1632 2138 1690 2192 δὲ
1729 2139 1914 2205 λοιπὸς

328 2228 424 2282 τοῦ
455 2229 647 2299 θηρίου
677 2228 833 2292 ὁλκὸς
860 2228 939 2300 τῷ
962 2228 1288 2300 ἀνθρωπίνῳ
1318 2230 1759 2302 συνεσπαρμένος
1790 2231 1910 2303 βίῳ,

330 2320 433 2384 ἕως
462 2319 527 2373 ἂν
619 2320 681 2374 τὸ
708 2320 1048 2392 ἀνθρώπινον
1072 2322 1131 2377 ἐν
1154 2323 1268 2386 τοῖς
1295 2322 1440 2376 κατὰ
1463 2324 1664 2377 κακίαν
1698 2324 1915 2395 κινήσεο

333 2428 438 2473 σιν,
490 2411 577 2464 ἀεὶ
609 2413 675 2482 τῇ
724 2411 898 2480 φολίδι
943 2414 1042 2484 τῆς
1076 2413 1352 2484 ἁμαρτίας
1394 2413 1782 2485 περἰτραχύνει
1822 2415 1914 2468 τὸν

332 2499 446 2571 βίον
466 2517 480 2530 ο
523 2503 591 2572 τῇ
639 2503 736 2572 μὲν
770 2501 999 2574 δυνάμει
1024 2504 1124 2575 ήδη
1154 2504 1347 2576 νεκρός
1372 2505 1510 2568 ἐστι,
1536 2503 1638 2575 τῆς
1670 2503 1913 2574 κεφαλῆς

330 2590 749 2663 ἀχρειωθείσης.
777 2590 1019 2647 Ἐπειδὰν
1047 2596 1101 2649 δὲ
1138 2596 1385 2669 παρέλθῃ
1405 2598 1432 2651 ὁ
1460 2596 1670 2667 χρόνος,
1700 2596 1794 2650 καὶ
1814 2598 1911 2667 στῇ

328 2680 400 2734 τὰ
441 2682 736 2753 κινούμενα
787 2682 930 2737 κατὰ
974 2684 1074 2751 τὴν
1124 2685 1580 2757 προσδοκωμένην
1628 2685 1727 2755 τῆς
1769 2684 1915 2756 ζωῆς

329 2773 530 2845 ταύτης
561 2774 890 2841 συντέλειαν,
917 2776 1038 2830 τότε
1054 2777 1115 2831 τὸ
1140 2778 1360 2850 οὐραῖόν
1387 2793 1446 2830 τε
1478 2778 1571 2832 καὶ
1599 2777 1660 2831 τὸ
1686 2777 1914 2848 ἔσχατον

328 2864 424 2917 τοῦ
468 2864 695 2935 Ἐχθροῦ
725 2870 1101 2940 καταργεῖται,
1131 2868 1290 2922 τοῦτο
1320 2869 1377 2922 δέ
1410 2871 1557 2923 ἐστιν
1586 2870 1615 2922 6
1645 2867 1872 2933 θάνατος
1895 2885 1910 2899 ’

330 2956 426 3009 καὶ
452 2955 625 3021 οῦτως
648 2958 677 3011 6
709 2961 977 3032 παντελὴς
1003 2962 1307 3034 άφανισμδς
1336 2964 1438 3035 τῆς
1464 2965 1662 3029 κακίας
1690 2966 1914 3035 γενήσε-

328 3065 443 3115 ται,
473 3051 689 3108 πάντων
724 3054 805 3117 εἰς
838 3053 981 3125 ζωὴν
1014 3055 1103 3108 διὰ
1143 3057 1241 3126 τῆς
1288 3057 1639 3122 ἀναστάσεως
1675 3058 1912 3128 ἀνακλη-
1939 3071 1982 3131 c

330 3142 531 3197 θέντων
556 3160 572 3175 ⁸
623 3144 732 3198 τῶν
769 3146 868 3215 μὲν
896 3146 1143 3211 δικαίων,
1190 3148 1352 3211 εὐθὺς
1384 3149 1462 3212 είς
1491 3147 1590 3219 τὴν
1629 3149 1742 3204 ἀνω
1765 3148 1916 3220 λῆξιν

331 3235 807 3303 μετοικισθέντων,
835 3237 943 3291 τῶν
972 3238 1028 3291 δὲ
1060 3241 1180 3302 ταῖς
1201 3238 1500 3309 ἁμαρτίαις
1530 3239 1913 3310 ἐνισχομένων,

330 3325 409 3397 τῷ
440 3326 541 3397 τῆς
571 3327 801 3398 γεέννης
830 3329 965 3400 πυρὶ
993 3330 1455 3402 παραδιδομένων.

413 3418 553 3471 Ἀλλ’
580 3420 965 3490 ἐπανέλθωμεν
995 3422 1088 3475 ἐπὶ
1138 3421 1236 3492 τὴν
1281 3421 1561 3494 παροῦσαν
1602 3421 1797 3495 χαρὰν,
1846 3422 1913 3494 ῆν

330 3508 771 3577 εὐαγγελίζονται
814 3514 928 3575 τοῖς
954 3512 1212 3582 ποιμέσιν
1256 3514 1305 3567 οἰ
1332 3513 1575 3582 ἄγγελοι,
1607 3515 1676 3586 ἢν
1719 3517 1768 3568 οἱ
1821 3515 1904 3568 ού-

331 3600 483 3671 ρανοὶ
523 3600 836 3670 διηγοῦνται
876 3606 988 3667 τοῖς
1028 3605 1240 3671 Μάγοις
1264 3641 1279 3667 ,
1330 3604 1397 3674 ἣν
1443 3604 1503 3657 τὸ
1550 3604 1767 3675 πνεῦμα
1809 3605 1911 3675 τῆς

328 3692 665 3763 προφητείας
703 3692 794 3746 διὰ
840 3691 1049 3746 πολλῶν
1091 3694 1185 3747 καὶ
1222 3694 1491 3766 διαφόρων
1518 3695 1907 3766 ἀνακηρύττει,

325 3782 402 3845 ὡς
432 3785 522 3835 καὶ
557 3783 682 3847 τοὺς
714 3784 938 3851 Μάγους
970 3784 1217 3854 κήρυκας
1245 3783 1498 3852 γενέσθαι
1525 3786 1623 3855 τῆς
1663 3784 1905 3856 χάριτος.

340 3871 399 3925 Ὀ
420 3871 528 3943 γὰρ
553 3871 857 3926 ἀνατέλλων
885 3873 975 3926 τὸν
997 3872 1147 3943 ἥλιον
1171 3872 1263 3925 ἐπὶ
1285 3872 1521 3938 δικαίους
1543 3872 1637 3927 καὶ
1666 3873 1905 3938 ἀδίκους,

327 3963 355 4016 ὁ
409 3962 618 4033 βρέχων
667 3964 759 4015 ἐπὶ
806 3964 1073 4036 πονηροὺς
1135 3964 1228 4018 καὶ
1273 3964 1532 4033 ἀγαθοὺς,
1578 3965 1776 4035 ἤνεγκε
1809 3965 1907 4037 τὴν

324 4053 521 4106 ἀκτῖνα
550 4054 650 4122 τῆς
680 4051 952 4119 γνώσεως,
1000 4056 1096 4108 καὶ
1133 4054 1230 4125 τὴν
1261 4054 1450 4126 δρόσον
1473 4055 1568 4108 τοῦ
1601 4054 1907 4127 πνεύματος

327 4144 421 4197 καὶ
450 4144 531 4207 εἰς
556 4143 812 4215 ἀλλότρια
841 4145 1085 4215 στόματα
1108 4163 1121 4177 ·
1173 4145 1314 4200 ὥστε
1343 4148 1408 4218 τῇ
1439 4146 1588 4220 παρά
1617 4147 1727 4201 τῶν
1753 4150 1906 4202 ἐναν-

325 4235 457 4288 τίων
507 4236 783 4306 μαρτυρίᾳ
829 4234 1193 4307 βεϐαιωθῆναι
1239 4237 1437 4308 μᾶλλον
1470 4239 1602 4309 ἡμῖν
1635 4241 1731 4311 τὴν
1775 4240 1905 4311 ἀλή-

326 4324 496 4378 θειαν.
531 4325 770 4391 ’Λκούεις
785 4327 880 4380 τοῦ
901 4327 1178 4382 οἰωνιστοῦ
1200 4328 1426 4400 Βαλαὰμ
1448 4331 1703 4402 ἐπιπνοίᾳ
1724 4331 1905 4402 κρείτ-

2013 491 2122 537 met
2153 483 2351 537 solvat.
2390 481 2885 547 Quemadmodum,
2919 496 3045 536 cum
3079 489 3362 550 serpentes
3408 482 3585 536 inter-

2014 574 2295 638 ﬁciuntur.
2346 590 2453 628 nou
2495 574 2761 627 continuo
2793 575 3036 645 reliquas
3085 584 3269 645 partes
3302 591 3411 631 una
3456 591 3583 631 cum
3622 637 3647 654 .

2013 665 2194 734 capite
2245 663 2385 718 mori
2443 664 2715 729 videmus,
2751 662 2872 727 sed,
2911 678 3037 718 cum
3092 664 3364 718 interierit
3395 671 3583 733 caput.

2011 759 2116 814 illae
2141 740 2327 812 tamen
2353 757 2534 811 adhuc
2557 756 2724 811 vitam
2757 757 3019 816 retinent.
3045 771 3146 811 nec
3176 757 3329 810 vitali
3359 758 3587 828 privan—

2013 855 2101 901 tur
2131 852 2283 900 motu
2313 844 2431 901 :sic
2457 845 2657 899 accidit
2685 846 2739 900 in
2776 846 3034 902 draconis
3082 846 3308 901 interitu
3334 865 3349 902 :
3379 847 3585 903 etenim

2013 938 2207 1009 ingens
2238 952 2363 991 cum
2399 946 2549 994 esset
2587 939 2881 993 admodum
2920 937 3056 1001 fera,
3089 940 3291 1010 quippe
3320 956 3440 1008 quae
3469 940 3588 996 sin-

2012 1029 2157 1098 gulis
2191 1027 2476 1082 hominum
2509 1029 2765 1083 aetatibus
2805 1036 3144 1092 excreverat,
3171 1030 3265 1099 qui
3303 1032 3585 1100 multiplex

2011 1118 2134 1188 ejus
2168 1116 2358 1188 capu‘t,
2393 1118 2444 1173 id
2475 1128 2560 1174 est
2596 1120 2707 1173 vim
2743 1120 2890 1174 illam
2923 1121 3193 1174 malorum
3229 1120 3584 1175 inventricem

2012 1208 2185 1264 multa
2221 1209 2276 1263 in
2312 1224 2371 1265 se
2414 1212 2594 1279 capita
2642 1211 3016 1266 continentem
3066 1211 3313 1274 sustulit,
3359 1225 3588 1263 cancru-

2013 1316 2134 1357 rum
2172 1301 2348 1373 ipsius
2392 1303 2631 1373 partium
2666 1310 2876 1359 tractus
2907 1304 3168 1375 neglexit,
3201 1312 3256 1358 ut
3290 1304 3591 1360 interfecta:

2019 1392 2149 1447 ferae
2176 1401 2384 1448 motum
2417 1396 2655 1464 posteris
2687 1395 2752 1449 ad
2791 1396 3207 1452 exercitationis
3240 1396 3588 1451 occasionem

2013 1484 2375 1554 relinqueret.
2419 1484 2639 1554 Ecquod
2690 1485 2859 1555 igitur
2900 1486 3152 1541 collisum
3198 1493 3252 1539 et
3303 1483 3590 1540 eﬂractttm

2011 1580 2097 1629 est
2125 1575 2328 1644 caput?
2354 1575 2484 1628 illud
2505 1576 2648 1644 quod
2684 1576 2849 1646 impio
2868 1577 3100 1637 consilio
3129 1583 3359 1631 mortem
3393 1576 3593 1630 intule-

2012 1674 2117 1729 rat,
2152 1666 2296 1734 quod
2328 1682 2512 1722 morsu
2561 1668 2905 1722 mortiferum
2946 1668 3151 1722 homini
3197 1669 3348 1724 virus
3383 1668 3589 1738 injece-

2018 1763 2122 1813 rat.
2153 1756 2523 1823 Quamobrem
2555 1758 2649 1829 qui
2684 1760 2882 1814 mortis
2913 1760 3114 1815 evertit
3145 1760 3459 1830 imperium,
3481 1761 3591 1816 vim

2016 1862 2139 1916 qua:
2169 1847 2223 1901 in
2254 1848 2431 1917 capite
2461 1850 2737 1919 serpentis
2766 1858 2908 1915 erat,
2942 1859 3001 1905 ut
3035 1853 3112 1905 ait
3140 1850 3436 1923 Pr0pheta,
3457 1861 3595 1907 co‘u-

2017 1939 2197 2011 fregit,
2230 1941 2439 2011 reliqua
2478 1957 2610 1997 vero
2639 1958 2765 2012 pars
2808 1945 3061 2014 corporis
3098 1944 3152 1999 in
3191 1961 3364 2016 genus
3396 1947 3593 2000 Imma-

2016 2047 2147 2087 num
2179 2033 2455 2104 dispersa,
2484 2052 2606 2105 qua:
2649 2035 2827 2106 quoad
2874 2036 3129 2094 homines
3163 2038 3423 2093 vitiorum
3477 2056 3594 2093 mo-

2016 2124 2263 2179 tionibus
2309 2136 2720 2197 permoventur,
2750 2144 2976 2200 squama
3022 2130 3232 2200 peccati
3263 2133 3428 2185 vitam
3467 2132 3595 2185 irri-

2016 2220 2117 2281 tat,
2149 2222 2318 2283 atque
2349 2231 2600 2286 asperam
2658 2220 2860 2284 reddit,
2899 2227 3172 2290 potestate
3201 2221 3422 2291 quidem
3472 2221 3588 2290 jam

2015 2315 2235 2363 mortua
2264 2318 2370 2372 est,
2392 2324 2517 2364 cum
2535 2310 2656 2379 ejus
2684 2320 2851 2383 caput
2877 2321 3174 2368 contusum
3202 2321 3370 2383 atque
3394 2313 3590 2368 inutile

2017 2399 2223 2455 factum
2285 2401 2376 2456 sit.
2404 2402 2494 2465 At,
2534 2401 2624 2456 tibi
2661 2410 2879 2473 tempus
2920 2404 3225 2469 transierit,
3252 2412 3306 2459 et
3339 2419 3423 2469 ea,
3471 2420 3595 2474 quae

2014 2500 2332 2559 moventur,
2390 2496 2772 2559 constiterint,
2813 2495 3206 2566 adveneritque
3254 2497 3379 2551 vitm
3423 2498 3590 2566 hujus

2014 2586 2308 2667 absolutio,
2332 2601 2494 2656 quant
2519 2596 2928 2658 exspectamus,
2961 2598 3092 2644 tunc
3121 2598 3177 2645 et
3210 2591 3384 2646 cauda
3416 2599 3470 2646 et
3497 2607 3594 2645 ex-

2019 2687 2195 2734 trema
2223 2694 2351 2750 pars
2380 2681 2615 2745 inimici,
2642 2696 2790 2736 mors
2825 2681 2941 2751 ipsa
2969 2683 3228 2738 nimirum
3256 2685 3592 2745 destruetur,

2016 2777 2183 2841 atque
2235 2771 2309 2825 ita
2360 2772 2632 2827 delehitur
2677 2774 2906 2828 omnino
2958 2785 3154 2829 cuneta
3192 2776 3426 2839 malitia,
3466 2790 3591 2829 cum

2015 2878 2210 2919 omnes
2254 2866 2308 2918 in
2342 2864 2508 2919 vitam
2565 2881 2660 2934 per
2704 2867 3167 2921 resurrectionem
3199 2867 3463 2931 revocati,
3495 2868 3592 2935 qui

2016 2953 2150 3024 justi
2187 2965 2372 3021 erunt,
2417 2957 2485 3011 ad
2519 2957 2799 3012 caelestem
2865 2959 3106 3027 quietem
3163 2959 3449 3025 accedent,
3494 2960 3589 3030 qui

2017 3055 2199 3102 autent
2234 3050 2478 3118 peccatis
2527 3049 2777 3115 obnoxii,
2809 3050 2864 3104 in
2895 3050 3160 3122 gehennae
3192 3051 3372 3123 ignem
3400 3050 3589 3107 detru-

2017 3136 2235 3194 dentur.

2085 3411 2191 3468 Sed
2218 3415 2283 3468 ad
2320 3429 2562 3484 praesens
2597 3415 2855 3486 gaudium
2890 3424 3256 3480 revertamur,
3290 3417 3439 3487 quod
3496 3430 3594 3487 pa-

2013 3507 2259 3563 storibus
2288 3508 2552 3562 nuntiant
2588 3508 2789 3578 angeli,
2838 3507 2963 3563 εαξη
2999 3515 3267 3562 enarrant
3310 3507 3505 3577 Magis,
3539 3516 3594 3562 et

2016 3598 2335 3676 prophetiaa;
2346 3599 2580 3667 spiritus
2600 3598 2791 3652 multis
2816 3599 3091 3668 variisque
3118 3598 3429 3653 rationibus
3459 3614 3594 3669 prat-
3622 3664 3625 3667 _

2010 3690 2180 3754 dicat,
2223 3697 2281 3743 ut
2310 3692 2477 3743 etiam
2526 3689 2664 3759 Magi
2700 3690 2889 3759 gratiae
2928 3704 3210 3760 praecones
3261 3691 3414 3745 ﬁant.
3455 3691 3591 3745 Nam

2007 3780 2103 3851 qui
2133 3779 2304 3837 solem
2333 3796 2495 3834 suum
2521 3781 2656 3835 oriri
2689 3781 2824 3836 facit
2849 3796 3017 3851 super
3038 3783 3226 3853 justos
3254 3788 3310 3836 et
3333 3781 3590 3852 iujnstos,

2007 3872 2214 3942 quique
2266 3871 2409 3941 pluit
2470 3886 2640 3942 super
2682 3873 2856 3927 malos
2901 3881 2960 3928 et
3006 3876 3211 3937 bonos,
3257 3872 3594 3942 cognitionis

2009 3960 2245 4026 radium,
2272 3971 2326 4016 et
2353 3977 2533 4017 rorem
2566 3962 2796 4032 spiritus
2820 3963 3018 4018 alienis
3048 3963 3215 4018 etiam
3252 3963 3460 4033 linguis
3492 3964 3593 4019 de-

1966 4044 1981 4057 “
2008 4052 2180 4115 misit,
2223 4060 2285 4106 ut
2337 4054 2785 4111 adversariorum
2832 4055 3150 4111 testimonio
3190 4056 3367 4127 magis
3422 4055 3590 4110 etiam

2009 4151 2153 4216 apud
2194 4161 2297 4203 nos
2338 4147 2544 4202 veritas
2594 4147 3041 4204 conﬁrmaretur.
3086 4147 3379 4217 Audivisti,
3411 4148 3594 4202 hario-

2008 4247 2119 4301 lum
2160 4251 2214 4300 et
2256 4242 2477 4298 Balaam
2524 4241 2738 4296 meliori
2780 4240 3004 4296 nomine
3050 4240 3295 4295 amatum
3343 4240 3426 4294 sic
3457 4241 3593 4294 alie-

2007 4338 2224 4408 nigenis
2262 4334 2649 4405 pratdicentem
2691 4350 2706 4388 :
2754 4332 2971 4388 Orietttr
3007 4333 3163 4387 stella
3211 4347 3278 4386 ea:
3318 4330 3488 4385 Iacob
3519 4332 3587 4385 ’³.

323 4433 436 4468 τονι
476 4418 590 4478 τοῖς
634 4416 948 4487 ἀλλοφύλοις
995 4417 1428 4483 ὲπιθειάζοντος,
1470 4419 1554 4472 ὅτι
1615 4419 1909 4475 Ἁνατελεῖ

2012 4427 2149 4482 Ecce
2174 4424 2295 4490 tibi,
2320 4425 2412 4495 qui
2444 4424 2511 4479 ab
2541 4438 2609 4478 eo
2634 4439 2809 4494 genus
2845 4424 3147 4489 duxerunt,
3178 4421 3317 4491 Magi
3351 4437 3418 4477 ex
3451 4437 3591 4492 prae-

325 4504 553 4575 ἇστρον
575 4505 646 4572 ἐξ
680 4506 901 4562 Ἰακώϐ.
952 4507 1114 4578 Ὁρᾷς
1144 4508 1269 4572 τοὺς
1297 4508 1391 4561 ἀπ’
1422 4508 1631 4562 ἐκείνου
1660 4508 1722 4561 τδ
1748 4509 1905 4576 γένος

325 4596 663 4666 κατάγοντας
691 4599 914 4666 Μάγους
934 4637 948 4663 ,
994 4599 1388 4680 ἐπιτηροῦντας
1418 4598 1561 4653 κατά
1586 4599 1686 4670 τὴν
1731 4599 1904 4670 πρόρ-

326 4686 486 4756 ρησιν
513 4685 607 4739 τοῦ
644 4689 987 4758 προπάτορος
1027 4686 1123 4759 τὴν
1156 4687 1247 4741 τοῦ
1294 4686 1481 4741 καινοῦ
1515 4687 1742 4758 ἀστέρος
1772 4688 1904 4741 ἀνα-

326 4776 507 4845 τολὴν,
535 4776 592 4839 ὃς
622 4778 773 4847 παρὰ
799 4780 899 4850 τὴν
925 4778 1031 4831 τῶν
1058 4778 1258 4832 λοιπῶν
1284 4779 1529 4851 ἀστέρων
1555 4778 1715 4849 φύσιν
1745 4780 1908 4849 μόνος

327 4871 422 4924 καὶ
450 4871 713 4941 κινήσεως
736 4873 986 4942 μετέσχε,
1018 4873 1110 4925 καὶ
1143 4873 1404 4936 στάσεως,
1442 4872 1577 4938 πρὸς
1595 4871 1693 4943 τὴν
1718 4872 1908 4944 χρείαν

328 4965 606 5035 ἑκατέρων
658 4964 860 5017 τούτων
928 4965 1285 5035 μεταϐαίνων.
1361 4965 1483 5020 Τῶν
1542 4965 1647 5037 γὰρ
1702 4965 1907 5019 λοιπῶν

327 5056 591 5126 ἀστέρων,
642 5055 751 5109 τῶν
789 5056 886 5125 μὲν
913 5056 1059 5122 ἅπαξ
1086 5058 1556 5129 καταπεπηγότων
1582 5061 1649 5130 τῇ
1678 5058 1909 5112 ἀπλανεϊ

329 5147 552 5219 σφαίρᾳ,
586 5148 679 5201 καὶ
726 5146 982 5217 ἀκίνητον
1016 5147 1306 5219 εἰληχότων
1331 5148 1430 5220 τὴν
1462 5149 1670 5214 στάσιν,
1710 5147 1818 5203 τῶν
1849 5148 1908 5202 δὲ

327 5239 404 5311 μὴ
435 5239 755 5310 παυομένων
784 5239 917 5291 ποτε
941 5238 1039 5309 τῆς
1070 5242 1334 5310 κινήσεως
1358 5257 1372 5271 ·
1417 5233 1571 5304 οὗτος
1604 5240 1698 5294 καὶ
1737 5241 1902 5293 κινεῖ-

330 5348 434 5397 ται,
469 5329 881 5401 προηγούμενος
928 5329 1036 5382 τῶν
1076 5330 1284 5399 Μάγων
1304 5370 1319 5395 ,
1351 5332 1444 5386 καὶ
1477 5332 1690 5386 ἵσταται
1724 5349 1898 5386 κατα-

325 5422 546 5495 μηνύων
584 5424 675 5477 τὸν
721 5422 903 5477 τόπον.
953 5422 1195 5486 Ἀκούεις
1236 5422 1331 5477 τοῦ
1375 5423 1595 5479 Ἡσαΐου
1647 5425 1898 5496 βοῶντος,

322 5514 402 5569 ὅτι
431 5513 679 5569 Παιδίον
704 5515 997 5587 ἐγεννήθη
1031 5515 1195 5587 ἡμῖν,
1232 5515 1331 5570 καὶ
1363 5517 1495 5587 υίὸς
1519 5517 1698 5588 ἐδόθη
1732 5518 1895 5593 ἡμῖν.

435 5696 483 5728 ⁸³
517 5693 677 5751 Num.
710 5712 862 5765 utv,
900 5698 990 5760 l7.
1065 5699 1113 5733 “
1147 5695 1254 5755 lsa.
1283 5710 1360 5767 lx,
1396 5698 1449 5757 6.

2006 4518 2254 4574 dictione
2308 4517 2484 4586 ipsius
2539 4532 2743 4570 novum
2792 4515 3095 4570 observant
3146 4521 3329 4567 ortum
3375 4515 3586 4578 stellae,

2007 4624 2130 4678 quae
2166 4616 2366 4679 praeter
2401 4608 2637 4661 aliarum
2677 4606 2965 4661 stellarum
3012 4613 3266 4658 naturam
3314 4614 3368 4660 et
3403 4615 3587 4671 motus

2009 4708 2064 4757 et
2088 4707 2270 4756 status
2307 4706 2395 4754 est
2424 4698 2724 4768 particeps,
2752 4702 2807 4749 et
2849 4694 2917 4749 ad
2953 4695 3246 4751 utilitatem
3285 4696 3387 4751 hac
3410 4697 3587 4752 utitur

2009 4789 2417 4847 vicissitudine.
2443 4786 2654 4842 Etenim
2687 4800 2813 4839 eum
2847 4795 3061 4841 cmteraa
3098 4787 3273 4842 stellae
3298 4791 3497 4856 partim
3529 4789 3585 4842 iu

2009 4883 2144 4936 orbe
2181 4895 2291 4934 non
2321 4886 2544 4934 errante
2577 4876 2745 4933 semel
2788 4876 2970 4931 inlita:
3003 4884 3208 4932 statum
3249 4878 3584 4935 immobilem

2008 4973 2216 5028 sortitm
2240 4971 2371 5038 sint,
2404 4970 2601 5039 partim
2635 4955 2916 5039 nunquam
2944 4980 3165 5025 cessent
3199 4986 3231 5026 a
3260 4978 3436 5034 motu,
3470 4972 3587 5026 haec

2005 5070 2063 5115 et
2091 5072 2363 5124 movetur,
2389 5061 2519 5114 dum
2560 5061 2737 5129 magis
2766 5076 2825 5116 se
2870 5062 3067 5116 ducem
3115 5062 3341 5130 praebet,
3366 5072 3423 5118 et
3452 5071 3583 5127 stat,

2005 5155 2135 5209 dum
2188 5155 2302 5211 illis
2342 5153 2589 5209 ostendit
2636 5155 2840 5210 locum.
2884 5154 3059 5211 Audis
3103 5154 3301 5211 Isaiam
3346 5158 3587 5211 claman-

2006 5256 2175 5303 tem:
2234 5245 2373 5300 Puer
2422 5256 2580 5301 nalus
2636 5256 2714 5302 est
2759 5247 2933 5313 nobis,
2990 5257 3040 5302 et
3085 5248 3234 5318 ﬁlius
3289 5248 3449 5302 datus
3506 5259 3588 5304 est

2007 5337 2158 5394 nobis
2197 5337 2266 5390 “.
2300 5337 2457 5393 Disce
2497 5339 2567 5395 ab
2615 5339 2808 5396 eodem
2853 5342 3142 5412 propheta,
3175 5342 3454 5412 quomodo
3490 5357 3590 5396 na-

2008 5438 2099 5485 tus
2138 5429 2211 5485 sit
2236 5444 2395 5500 puer,
2433 5431 2712 5500 quomodo
2734 5432 2896 5490 datus
2939 5434 3013 5488 sit
3048 5432 3217 5490 ﬁlius.
3243 5432 3388 5489 Num
3426 5434 3587 5506 juxta

2009 5534 2220 5577 natura:
2240 5522 2456 5593 legem?
2489 5524 2712 5581 minime
2744 5540 2898 5583 vero.
2945 5526 3148 5599 inquit,
3188 5527 3399 5601 legibus
3430 5528 3582 5584 enim
