3950 6156
466 323 608 379 H35
1666 312 1719 367 S.
1769 309 2090 368 GREGORII
2127 308 2416 365 NYSSENI
3116 368 3123 373 _
3571 315 3675 368 ιςειίς

468 450 678 492 natura:
717 449 823 489 non
865 441 1040 503 paret,
1072 433 1162 502 qui
1203 440 1411 487 natura!
1453 430 1714 484 Dmninns
1757 439 1860 484 est.
1899 430 2017 495 Qun

2117 430 2300 487 ,Μάθε
2344 431 2471 499 παρ’
2502 429 2665 482 αὐτοῦ
2717 430 2808 483 τοῦ
2840 430 3125 501 Προφήτου
3186 428 3300 492 πῶς
3351 428 3595 498 ἐγεννήθη
3633 431 3677 482 τὸ

470 527 634 581 modo
691 527 859 595 igitur
914 533 1077 578 natus
1137 534 1221 579 est
1248 522 1419 593 puer?
1471 522 1581 575 dic.
1643 518 1806 586 Eae,
1863 520 2030 588 inquit

2147 522 2374 586 παιδίον,
2412 522 2529 585 πῶς
2562 522 2715 593 ἐδόθη
2758 523 2893 585 υίός.
2936 517 3082 592 Ἆρα
3124 522 3261 574 κατὰ
3290 521 3384 575 τὸν
3431 520 3580 591 νόμον
3606 525 3676 591 τῆς

416 660 433 671 .
471 622 616 689 virgo
676 619 727 670 in
777 626 927 670 utero
986 618 1238 684 (ettripiet
1286 625 1335 668 et
1378 615 1546 684 pariet
1573 614 1766 682 ﬁlium,
1812 621 1860 665 et
1892 627 1976 664 cur

2147 614 2394 682 φύσεως;
2429 611 2526 678 OG,
2558 614 2721 683 φησιν
2751 616 2778 666 ὁ
2808 614 3112 685 Προφήτης.
3143 614 3216 665 Οὐ
3245 611 3484 664 δουλεύει
3507 609 3707 679 φύσεως⁹

470 714 594 760 bum
623 713 807 759 n'nmen
840 708 954 774 ejus
989 701 1303 757 Ernmmmd
1333 704 1397 758 ’³.
1431 701 1610 768 Quod,
1645 701 1690 755 si
1723 703 2019 767 interprete

2145 704 2330 774 νόμοις
2370 705 2396 758 ὁ
2439 705 2714 776 Δεσπότης
2762 704 2858 773 τῆς
2909 704 3144 773 φύσεως.
3203 703 3368 757 Ἀλλὰ
3411 704 3521 765 πῶς
3559 700 3705 771 hrst

475 801 578 859 ris,
614 798 890 868 significat
932 795 1218 849 Nobiscum
1245 795 1402 849 Deus.
1428 793 1471 847 Ο
1494 809 1602 847 rem
1631 789 2004 845 admirandam
2029 788 2035 839 l

2147 794 2282 866 νήθη
2313 794 2373 846 τὸ
2419 795 2661 858 παιδίον;
2709 796 2861 849 εἰπέ·
2905 795 3071 859 Ἰδοὺ,
3112 794 3294 864 φησὶν.
3352 798 3389 864 ἡ
3433 794 3677 860 παρθέν’(ς

478 887 644 959 Virgo
684 898 859 942 mater
899 887 1156 952 efticitur,
1206 896 1261 941 et
1304 892 1586 956 permanet
1631 886 1802 952 virgo.
1851 880 2038 936 Cernis

2147 886 2216 938 ἐν
2252 887 2461 956 γαστρὶ
2503 888 2763 955 λήψεται
2808 888 2905 941 καὶ
2944 888 3170 950 τέξεται
3216 886 3374 947 υἱὸν,
3414 885 3507 938 καὶ
3540 888 3676 939 me.

480 997 684 1035 novum
715 988 925 1034 naturae
958 980 1230 1034 ordinem.
1263 979 1322 1034 in
1361 979 1486 1033 aliis
1514 977 1836 1031 mulieribus
1868 990 2040 1045 quan-

2148 991 2331 1030 σουσι
2358 978 2423 1030 τὸ
2458 978 2643 1047 ὄνομα
2676 980 2860 1033 αὐτοῦ
2889 978 3294 1048 Ἐμμανουήλ,
3333 978 3360 1030 ὅ
3390 979 3501 1029 ἐστι
3526 977 3676 1047 μεθερε

476 1071 572 1124 ditt
614 1072 798 1139 aliqua
845 1078 928 1125 est
967 1070 1147 1141 virgo,
1182 1085 1291 1124 non
1335 1077 1420 1125 est
1462 1078 1657 1122 mater.
1682 1065 1814 1121 Nam
1842 1076 2036 1137 postea

2154 1070 2536 1140 μηνευόμενον,
2572 1070 2895 1140 Μεθ’ἡμῶν
2927 1075 2960 1125 ὁ
2992 1073 3150 1135 Θεός.
3188 1072 3252 1123 Ὢ
3286 1069 3380 1123 τοῦ
3417 1069 3675 1138 θαύματοςῑ

475 1177 640 1232 quam
663 1170 746 1216 est
782 1161 925 1215 facta
968 1170 1163 1222 mater,
1192 1160 1565 1230 virginitatem
1600 1174 1710 1213 non
1738 1157 1920 1212 habet.
1948 1155 2035 1209 Hic

2164 1160 2226 1213 Ἥ
2261 1159 2526 1231 παρθένος
2563 1163 2745 1232 μήτηρ
2771 1163 2998 1226 γίνεται,
3039 1162 3135 1215 καὶ
3166 1162 3414 1231 διαμένει
3442 1160 3676 1230 παρθένος.

476 1264 657 1307 autem
709 1262 1009 1321 utrumque
1058 1267 1258 1307 nomen
1306 1252 1362 1304 in
1412 1251 1556 1305 idem
1599 1248 1903 1303 concurrit.
1948 1246 2036 1299 Ea-

2160 1252 2324 1324 Ὁρᾷς
2348 1252 2445 1322 τὴν
2483 1255 2832 1324 καινοτομίαν
2872 1254 2969 1323 τῆς
3004 1253 3234 1321 φύσεως.
3279 1252 3402 1304 Ἐπὶ
3425 1251 3525 1304 τῶν
3546 1250 3680 1305 ἄλλων

474 1345 596 1400 dem
644 1347 791 1401 enim
843 1353 899 1400 et
950 1353 1125 1399 mater
1168 1351 1223 1398 et
1269 1343 1427 1414 virgo
1471 1350 1575 1398 est.
1617 1340 1727 1395 Nec
1766 1341 2034 1409 virginitas

2152 1347 2423 1415 γυναικῶν
2452 1347 2556 1411 ἓως
2581 1347 2847 1419 παρθένος
2873 1347 3012 1406 ἐστὶ,
3042 1348 3223 1417 μήτηρ
3249 1345 3351 1396 οὐκ
3381 1343 3538 1397 ἐστιν.
3565 1341 3680 1393 Ἐπεὶ

476 1448 693 1509 partum
736 1439 977 1503 ademit,
1028 1453 1129 1493 nec
1181 1446 1377 1507 partus
1427 1436 1797 1507 virginitatem
1864 1432 2025 1487 solvit

2152 1436 2196 1489 δ’
2237 1437 2302 1488 ἂν
2360 1438 2541 1507 μήτηρ
2603 1438 2866 1506 γένηται,
2918 1436 3016 1508 τήν
3078 1434 3380 1505 παρθενίαν
3436 1433 3527 1486 οὐκ
3578 1431 3677 1502 ἔχει.

481 1528 717 1583 Deeebat
749 1530 920 1591 enim,
949 1536 1008 1582 ut
1038 1528 1131 1600 qui
1162 1529 1217 1582 in
1248 1527 1416 1581 vitam
1447 1526 1745 1580 humanam
1770 1524 2041 1587 introibat,

2167 1528 2433 1581 Ἐνταῦθα
2473 1529 2529 1581 δὲ
2562 1528 2629 1582 τὰ
2654 1528 2748 1582 δύο
2774 1528 3074 1599 συνέδραμε
3109 1529 3252 1580 κατὰ
3292 1526 3485 1579 ταύτδν
3510 1525 3566 1578 τά
3598 1526 3681 1577 ὀνό-

481 1626 541 1672 ιιι
587 1618 837 1673 homines
874 1620 1117 1688 integros
1166 1619 1622 1685 incorruptosquc
1668 1619 1949 1677 servaret,
1986 1611 2041 1664 al

2159 1634 2321 1687 ματα.
2378 1618 2441 1671 ἹΙ
2485 1619 2593 1689 γάρ
2638 1618 2774 1688 αὐτὴ
2823 1618 2918 1670 καὶ
2946 1619 3125 1688 μήτηρ
3158 1617 3252 1669 καὶ
3292 1615 3545 1686 παρθένος
3578 1614 3682 1666 ἐστί·

480 1713 798 1780 incorrupta
827 1711 931 1765 sibi
969 1710 1312 1764 deserviente
1343 1708 1658 1777 integritate
1702 1704 1919 1758 initium
1948 1704 2020 1756 du

2155 1709 2251 1761 καὶ
2297 1708 2419 1762 οὔτε
2467 1712 2500 1781 ή
2557 1710 2824 1782 παρθενία
2871 1709 2963 1762 τὸν
3006 1710 3165 1762 τόκον
3205 1707 3512 1769 ἐκώλυσεν,
3549 1705 3685 1758 οὖτεὸ

481 1810 654 1855 ceret.
687 1798 820 1853 Nam
852 1800 1136 1853 hominum
1166 1798 1509 1853 consuetudo
1539 1806 1819 1864 expertem
1844 1808 2041 1847 connu-

2126 1801 2310 1865 τόκος
2355 1802 2452 1872 τὴν
2489 1768 2791 1874 ’παρθενίαν
2821 1802 3025 1854 ἔλυσεν.
3077 1801 3327 1871 Ἕπρεπε
3358 1798 3462 1869 γάρ
3501 1768 3580 1850 τὸν
3617 1796 3686 1848 ἐπὶ

488 1891 568 1945 1)ἰί
611 1890 991 1959 incorruptam
1036 1889 1295 1959 appellat.
1328 1887 1441 1942 Hoc
1481 1888 1611 1941 mihi
1653 1895 1778 1940 ante
1825 1900 2048 1957 magnus

2156 1889 2433 1961 ἀφθαρσίᾳ
2462 1890 2554 1943 τοῦ
2601 1890 2798 1955 παντὸς
2847 1893 2904 1944 ὲν
2946 1890 3025 1960 τῷ
3077 1889 3407 1961 ἀνθρωπίνῳ
3447 1889 3538 1959 βίῳ
3571 1889 3686 1955 γενό-

489 1980 585 2036 ille
620 1981 797 2035 Moses
827 1994 924 2048 per
960 1994 1081 2034 eam
1112 1979 1311 2045 lucem,
1344 1978 1396 2031 in
1425 1993 1531 2047 qua
1565 1977 1673 2031 sibi
1716 1978 1855 2031 Deus
1891 1990 2049 2045 appa-

2162 1997 2341 2053 μενον,
2373 1981 2481 2035 ἀπὸ
2512 1982 2611 2051 τῆς
2643 1981 3020 2054 ὑπηρετούσης
3062 1980 3230 2034 αὐτοῦ
3261 1982 3329 2050 τῇ
3364 1981 3590 2049 γεννήσει
3612 1977 3687 2045 τῆς

488 2072 622 2136 ruit,
660 2072 872 2126 videtur
922 2070 1268 2142 cogn0visse,
1292 2070 1408 2139 qui,
1437 2084 1562 2123 cum
1610 2068 1784 2122 rubus
1817 2068 2048 2133 arderet,

2160 2073 2468 2143 ἀφθαρσίας
2496 2072 2783 2145 ἄρξασθαι.
2810 2073 2920 2145 Τήν
2951 2072 3060 2144 γὰρ
3084 2073 3477 2143 ἁπειρὸγαμον,
3499 2070 3687 2138 ἄφθορον

494 2178 595 2219 nec
639 2174 816 2218 tamen
852 2170 1295 2227 consumeretur,
1332 2160 1617 2215 Transiens
1646 2160 1815 2222 enim,
1858 2159 2054 2229 inquit,

2160 2163 2299 2219 οἶδεν
2326 2166 2609 2236 ὀνομάζειν
2651 2166 2685 2236 ή
2728 2166 2834 2219 τῶν
2884 2163 3186 2235 ἀνθρώπων
3238 2163 3510 2235 συνήθεια.
3556 2160 3690 2213 Τοῦτό

486 2255 671 2315 ridebo
699 2255 948 2309 visionem
990 2255 1125 2307 hanc
1164 2267 1414 2322 inagnam
1444 2251 1523 2315 ",
1556 2266 1664 2304 non
1697 2250 1798 2304 loci
1832 2260 2036 2302 metum

2167 2273 2255 2325 μοι
2299 2257 2447 2310 δοκεῖ
2497 2256 3059 2328 προκατανενοηκέναι
3099 2257 3165 2324 τῇ
3214 2255 3481 2327 γενομένῃ
3508 2253 3583 2307 διὰ
3617 2250 3688 2304 τοῦ

493 2355 556 2402 ιιι
586 2347 847 2409 arbitror,
875 2361 969 2415 per
1008 2345 1302 2400 transitum
1323 2342 1636 2407 declarans,
1669 2341 1764 2396 sed
1800 2339 2053 2408 temporis

2164 2347 2342 2415 φωτὸς
2364 2346 2513 2418 αὐτῷ
2542 2347 2828 2419 θεοφανείᾳ
2856 2347 3096 2416 Μωῦσῆς
3128 2345 3336 2409 ἐκεῖνος
3363 2346 3391 2398 ὁ
3427 2345 3597 2414 μέγας,
3624 2343 3692 2395 ὅτε

490 2439 814 2494 transitum.
835 2437 990 2504 Quod
1022 2438 1169 2493 enim
1202 2444 1334 2491 tunc
1355 2449 1454 2505 per
1476 2432 1746 2487 flammam
1783 2439 1837 2487 et
1868 2431 2050 2485 rubum

2166 2439 2430 2509 ἐξήπτετο
2457 2439 2556 2509 τῆς
2587 2439 2749 2510 βάτου
2769 2439 2828 2492 τὸ
2856 2438 2986 2510 πῦρ,
3018 2439 3111 2492 καὶ
3138 2440 3172 2510 ή
3205 2437 3371 2508 βάτος
3400 2438 3493 2490 οὐκ
3515 2433 3695 2505 ἐμαραί-

489 2530 927 2600 signifleabatur,
955 2530 1337 2600 progrediente
1368 2524 1797 2596 lempore,qnod
1834 2524 2049 2578 interce-

2166 2549 2287 2585 νετο
2312 2548 2325 2561 °
2374 2532 2588 2599 Διαϐὰς
2622 2532 2752 2603 γὰρ,
2785 2531 2969 2602 φησιν,
3006 2532 3226 2601 ὄψομαι
3266 2530 3335 2584 τὸ
3363 2531 3506 2601 μέγα
3545 2527 3697 2597 ὅραμα

490 2621 672 2685 debat,
702 2622 990 2693 perspicue
1027 2623 1080 2676 in
1107 2622 1366 2691 mysterio
1396 2617 1625 2686 virginis
1656 2625 1902 2684 apertum
1939 2614 2043 2675 fuit

2168 2622 2363 2676 τοῦτο·
2416 2623 2479 2676 ού
2527 2624 2776 2693 τοπικὴν.
2825 2617 2999 2691 οἶμαι,
3045 2620 3220 2691 δηλῶν
3268 2622 3477 2692 κίνησιν
3518 2621 3592 2674 διά
3618 2617 3696 2687 τῆς

493 2714 973 2779 Quemadmodum
1011 2713 1158 2767 enim
1206 2712 1320 2766 illic
1367 2717 1452 2766 est
1484 2710 1677 2771 rubus,
1728 2718 1778 2762 et
1815 2705 2053 2761 accendit

2172 2713 2404 2784 βάσεως,
2424 2713 2561 2767 ἀλλὰ
2593 2713 2691 2784 τὴν
2722 2712 3020 2784 παροδικὴν
3044 2711 3139 2764 τοῦ
3174 2712 3372 2783 χρόνον
3396 2711 3635 2765 διάϐασιν·
3653 2708 3699 2760 τὸ

497 2804 702 2875 ignem,
731 2814 785 2858 et
816 2818 925 2858 non
959 2802 1343 2868 comburitur;
1386 2803 1459 2855 ita
1500 2799 1588 2853 hic
1630 2807 1713 2853 est
1745 2799 1916 2868 virgo,
1947 2811 2057 2867 qua

2170 2804 2277 2875 γὰρ
2305 2804 2424 2856 τότε
2470 2804 2912 2874 προδιατυπωθὲν
2956 2806 3012 2857 ὲν
3047 2805 3113 2873 τῇ
3158 2802 3323 2872 φλογὶ
3364 2802 3451 2856 καὶ
3476 2805 3535 2872 τῇ
3562 2800 3697 2870 βάτῳ,

498 2895 677 2949 lucem
706 2895 873 2965 parit,
909 2902 964 2949 et
999 2909 1107 2948 non
1149 2894 1546 2962 corrumpitur.
1582 2890 1738 2956 Quod
1760 2897 1939 2943 autem
1977 2902 2058 2958 pet

2172 2894 2454 2959 διαϐάντος
2486 2895 2582 2949 τοῦ
2622 2896 2787 2966 μέσου
2818 2896 3031 2967 χρόνου,
3067 2894 3252 2965 σαφῶς
3283 2896 3343 2949 ὲν
3373 2894 3447 2965 τῷ
3480 2892 3608 2947 κατὰ
3624 2891 3702 2961 τὴν

503 2987 699 3041 tuhum
740 2987 983 3056 Virginis
1012 3001 1237 3054 corpus,
1271 2984 1417 3054 quod
1449 2984 1617 3038 Deum
1650 2983 1883 3053 pept-rit,
1914 2981 2063 3035 intel-

2175 2986 2444 3059 παρθένον
2482 2988 2767 3058 μυστηρίῳ
2815 2986 3194 3057 ἀπεκαλύφθη.
3230 2987 3440 3057 Ὠσπερ
3482 2985 3578 3055 γάρ
3612 2984 3705 3036 ἐκεῖ

501 3080 738 3149 ligatur,
781 3093 851 3131 ne
897 3083 951 3132 te
994 3075 1382 3132 similitudinis
1427 3072 1650 3144 pudeat.
1710 3071 1844 3125 Nam
1894 3070 2061 3126 omnis

2145 3103 2148 3150 ς
2178 3081 2212 3150 ή
2239 3079 2461 3150 θάμνος,
2493 3079 2587 3131 καὶ
2617 3080 2775 3132 ἅπτει
2803 3078 2865 3131 τὸ
2886 3078 2997 3149 περ
3033 3079 3127 3131 καὶ
3150 3077 3213 3131 οὐ
3244 3078 3471 3142 καίεται,
3490 3073 3705 3129 οὕτωκαὶ

503 3182 637 3221 caro
670 3174 893 3237 prepter
925 3165 1135 3236 peccati
1169 3163 1598 3233 susceptionem,
1633 3169 1687 3217 et
1711 3162 1781 3215 ob
1808 3161 1862 3215 id
1894 3162 2063 3232 ipsum

2178 3171 2409 3224 ἐνταῦθα
2437 3172 2469 3242 ή
2498 3170 2790 3243 Παρθένος,
2818 3172 2911 3224 καὶ
2939 3170 3113 3224 τίκτει
3143 3170 3204 3223 τὸ
3234 3171 3370 3240 φῶς,
3402 3170 3489 3223 καὶ
3508 3169 3560 3221 ού
3586 3164 3706 3236 φθεί-

504 3265 739 3318 tantum,
773 3255 920 3326 quod
963 3265 1046 3311 est
1068 3269 1218 3320 caro,
1260 3260 1543 3324 peccatum
1575 3263 1659 3307 est
1683 3254 1750 3307 ’⁷.
1785 3251 2064 3306 Peccatum

2180 3279 2357 3333 ρεται.
2411 3263 2476 3315 Εἰ
2523 3261 2579 3314 δὲ
2625 3261 2788 3332 βάθος
2832 3262 3188 3333 προδιατυποῐ
3217 3262 3280 3315 τὸ
3314 3262 3545 3315 θεοτόκον
3579 3259 3705 3327 σῶμα

507 3356 687 3402 autem
740 3346 792 3402 in
845 3346 1131 3417 Scriptura
1172 3353 1402 3401 vocatur
1430 3344 1608 3415 spina.
1657 3345 1734 3397 Ac
1766 3359 1833 3398 ne
1877 3359 1907 3397 a
1948 3357 2067 3413 pro-

2179 3354 2278 3425 τῆς
2303 3352 2605 3424 Παρθένου,
2634 3353 2709 3424 μὴ
2731 3353 3026 3423 αἰσχυνθῇς
3048 3353 3123 3425 τῷ
3141 3353 3440 3423 αἰνίγματι.
3466 3353 3603 3405 Πᾶσα
3621 3347 3706 3418 γὰρ

513 3439 696 3510 posito
739 3438 959 3509 longius
1007 3453 1325 3509 evagemur,
1361 3437 1499 3492 forte
1532 3450 1642 3490 non
1681 3436 1785 3489 erit
1814 3434 2073 3503 intempe-

2183 3445 2319 3516 σὰρξ
2352 3443 2441 3498 διά
2470 3444 2569 3516 τὴν
2613 3445 2713 3514 τῆς
2762 3445 3035 3516 ἁμαρτίας
3085 3445 3418 3516 παραδοχὴν.
3459 3444 3567 3496 κατ’
3604 3439 3707 3493 αὐτὸ

511 3530 734 3593 stivnm,
764 3529 810 3585 si
848 3530 1183 3598 incorrupta:
1229 3528 1421 3583 matris
1461 3535 1654 3581 testem
1687 3540 1834 3586 eum,
1866 3524 1961 3594 qui
1998 3525 2071 3578 in-

2181 3536 2338 3590 τοῦτο
2381 3535 2462 3589 ὃτι
2507 3535 2643 3607 σάρξ
2690 3537 2807 3589 ἐστι
2856 3537 3049 3606 μόνον,
3097 3537 3345 3608 ἁμαρτία
3394 3535 3564 3588 ἐστίν·
3609 3529 3708 3603 ήδὲ

509 3627 594 3674 ter
645 3619 910 3689 templum
959 3628 1012 3673 et
1063 3619 1237 3673 altare
1282 3616 1383 3672 fuit
1425 3617 1668 3678 occisus.
1711 3613 2069 3684 proferamus.

2182 3627 2426 3697 ἁμαρτία
2450 3628 2603 3698 παρὰ
2625 3628 2722 3699 τῆς
2751 3629 2971 3700 Γραφῆς
2997 3632 3063 3700 τῇ
3093 3631 3192 3700 τῆς
3216 3629 3452 3699 ἀκάνθης
3471 3624 3708 3694 ἐπωνυμίᾳ

510 3709 611 3765 llic
639 3718 722 3766 est
758 3709 1020 3766 sacerdos
1066 3707 1385 3775 Zacharias,
1408 3698 1533 3762 ’non
1581 3705 1845 3762 sacerdos
1878 3704 2070 3769 solum1

2185 3715 2631 3786 κατονομάζεται.
2682 3717 2746 3771 El
2776 3698 2833 3771 δὲ
2991 3698 3180 3789 «eam
3228 3718 3342 3772 τῶν
3388 3715 3710 3787 προκειμένων

509 3815 699 3855 verum
725 3800 891 3855 etiam
922 3800 1188 3870 propheta
1216 3800 1284 3853 ³⁸.
1315 3798 1393 3852 Ac
1415 3796 1717 3868 prophetiae
1737 3795 1956 3865 quidem
1983 3809 2069 3864 po-

2184 3806 2595 3878 ἀποφερόμεθα,
2623 3808 2763 3879 τάχα
2790 3809 2887 3862 καὶ
2918 3810 3008 3863 τὸν
3044 3809 3246 3882 μεταξὺ
3269 3809 3367 3865 τοῦ
3396 3809 3515 3864 ναοῦ
3538 3802 3709 3860 καὶτοῦ

510 3900 678 3946 testas
707 3890 762 3945 in
794 3889 1074 3962 Evangelii
1104 3890 1247 3945 libro
1280 3889 1616 3952 declaratur,
1650 3901 1776 3941 cum
1806 3887 1948 3940 viam
1981 3886 2070 3941 ho-

2188 3896 2584 3970 θυσιαστηρίου
2625 3900 2949 3968 φονευθέντα
2976 3902 3252 3973 Ζαχαρίαν
3291 3903 3393 3956 οὐκ
3429 3902 3630 3970 ἄκαιρον
3650 3896 3712 3958 εἰς

511 3981 755 4036 minibus
784 3981 1039 4036 muniens
1064 3979 1251 4035 divina
1290 3980 1492 4049 gratia,
1521 3993 1590 4033 ne
1618 3978 1862 4051 Virginis
1895 3986 2071 4050 partus

2191 3989 2497 4061 μαρτυρίαν
2551 3991 2650 4060 τῆς
2716 3990 2954 4064 άφθόρου
3025 3993 3229 4064 μητρὸς
3283 3987 3708 4065 παραστήσασθαι.

514 4071 857 4127 incredibilis
902 4079 1214 4142 putaretur,
1264 4070 1574 4127 minoribus
1624 4071 1915 4127 miraculis
1952 4072 2074 4128 iide-

2200 4079 2396 4151 Ἰερεὺς
2428 4076 2579 4145 οὗτος
2605 4085 2632 4135 ὁ
2665 4084 2937 4156 Ζαχαρίας
2975 4080 3043 4156 ἦν
3067 4101 3081 4116 ⁸
3129 4087 3226 4157 οὐχ
3271 4087 3449 4158 ἱερεὺς
3489 4085 3539 4137 δὲ
3566 4083 3708 4153 μόνον.

512 4164 648 4219 lium
680 4177 970 4221 assensum
1011 4164 1095 4218 sic
1130 4163 1404 4230 exercuit,
1447 4172 1507 4219 ut
1536 4163 1741 4220 femina
1774 4165 2003 4229 sterilis,
2033 4177 2072 4221 et

2189 4172 2325 4227 ἀλλὰ
2350 4174 2443 4227 καὶ
2474 4176 2532 4228 ἐν
2558 4174 2637 4246 τῷ
2659 4176 2757 4246 τῆς
2790 4177 3123 4249 προφητείας
3154 4179 3485 4250 χαρίσματι·
3511 4179 3540 4247 ή
3565 4174 3612 4227 δὲ
3635 4171 3710 4241 τῆς

512 4256 728 4325 virjam
750 4263 911 4311 aetate
931 4255 1222 4311 confectus
1252 4255 1424 4312 (ilium
1448 4257 1812 4329 susciperent.
1838 4256 1952 4314 Hoc
1982 4258 2072 4312 mi-

2191 4264 2529 4335 προφητείας
2572 4265 2802 4336 δύναμις
2849 4267 3198 4339 ἀνάγραπτος
3234 4270 3292 4322 ὲν
3342 4272 3407 4339 τῇ
3455 4266 3602 4338 βίϐλῳ
3635 4258 3707 4315 τοῦ

517 4348 675 4404 randi
697 4357 890 4419 partus
915 4348 1244 4418 prommium
1267 4348 1388 4403 fuit.
1412 4347 1625 4405 Etenim
1655 4351 1799 4405 sicut
1825 4349 2077 4417 Elisabet,

2149 4425 2159 4431 _
2193 4353 2522 4424 Εὖαγγελίου
2552 4358 2887 4429 κηρύσσεται
2910 4375 2924 4390 ’
2970 4359 3057 4413 ὅτε
3086 4360 3505 4431 προοδοποιούσα
3527 4356 3709 4419 τοῖςὰν-

514 4456 638 4511 ηιιαι
669 4441 875 4497 sterilis
899 4441 968 4495 ad
1009 4450 1350 4497 senectutem
1404 4450 1749 4511 pervenerat,
1785 4456 1895 4496 non
1940 4449 2074 4512 pote

2148 4424 2168 4476 )
2193 4422 2431 4517 θρώτύις
2459 4449 2492 4518 ἡ
2523 4422 2643 4502 θεία
2665 4449 2842 4520 χάρις,
2898 4448 2975 4522 μή
3002 4422 3227 4505 ἄπιστον
3270 4451 3364 4505 τὸν
3393 4453 3454 4505 ἐκ
3484 4446 3708 4518 Παρθένου

515 4542 658 4589 state
700 4540 912 4587 natura:
969 4531 1028 4586 lit
1063 4539 1254 4597 mater,
1301 4531 1398 4588 sed
1437 4531 1487 4586 ei
1533 4531 1723 4587 divino
1749 4532 1983 4588 consilio
2024 4531 2075 4586 il-

2193 4538 2350 4592 τόκον
2399 4539 2745 4609 ἡγήσασθαι,
2792 4544 2905 4607 τοῖς
2943 4542 3191 4597 ἐλάττοσι
3236 4544 3473 4615 θαύμασι
3509 4552 3710 4609 παραγν-

515 4625 624 4679 lius
647 4623 915 4688 nascitur,
956 4624 1037 4679 sic
1078 4624 1222 4695 quod
1257 4624 1313 4679 in
1353 4623 1603 4693 virgineo
1632 4630 1790 4695 partu
1822 4622 1936 4679 non
1968 4639 2075 4680 cre-

2199 4629 2389 4699 μνάζει
2414 4631 2522 4683 τῶν
2546 4630 2787 4685 ἀπίστων
2809 4634 2907 4702 τὴν
2930 4634 3346 4706 συγκατάθεσιν·
3369 4638 3434 4706 τῇ
3465 4631 3627 4700 στείρᾳ
3642 4625 3713 4679 καὶ

515 4713 754 4770 dendum
809 4712 1043 4779 videtur,
1076 4714 1124 4768 si
1170 4712 1444 4769 referatur
1491 4714 1559 4769 ad
1609 4712 1778 4770 Deum
1826 4715 2075 4771 credibilt

2197 4721 2462 4793 παρήλικι
2506 4721 2745 4776 τίκτεται
2778 4726 2925 4787 παῖς.
2971 4724 3141 4779 Τοῦτο
3188 4727 3469 4799 προοίμιον
3495 4718 3583 4776 τοῦ
3605 4716 3712 4771 κατᾶ

516 4813 623 4859 θει-
2185 4811 2286 4881 τὴν
2321 4811 2618 4881 παρθενίαν
2647 4812 2921 4883 θαύματος
2947 4815 3178 4883 γίνεται.
3221 4818 3309 4881 Ὠς
3338 4817 3444 4886 γάρ
3470 4817 3500 4885 ή
3539 4807 3716 4865 Ἐλισά-

517 4895 634 4958 ϐετ,
671 4898 732 4949 οὐ
766 4896 990 4967 δυνάμει
1021 4897 1236 4967 φύσεως
1269 4898 1479 4965 γίνεται
1515 4900 1720 4970 μήτηρ,
1764 4897 1953 4966 ἄγονος
1997 4899 2088 4953 τὸν
2127 4900 2240 4971 βίον
2269 4902 2736 4974 καταγηράσασα,
2780 4905 2897 4958 ἀλλ’
2933 4908 3024 4960 ἐπὶ
3071 4907 3131 4960 τὸ
3169 4907 3308 4962 Θεῖον
3369 4906 3593 4978 βούλημα
3644 4891 3717 4947 τοῦ

518 4993 707 5057 παιδος
737 4995 770 5063 ή
798 4993 1046 5063 γέννησις
1076 4995 1408 5066 ἀναφέρεται
1431 5013 1447 5027 ο
1493 4993 1639 5048 οὕτω
1677 4995 1774 5048 καὶ
1814 4994 1914 5065 τῆς
1956 4993 2292 5068 παρθενικῆς
2320 4998 2505 5061 ὠδῖνος
2538 5002 2570 5069 ή
2600 5000 2845 5063 ἀπιστία,
2881 5004 2947 5072 τῇ
2976 5003 3111 5072 πρὸς
3179 5002 3240 5055 τι
3304 5003 3453 5055 Θεξον
3513 4988 3718 5060 (havri

517 5086 578 5138 τὸ
609 5085 799 5138 πιστὸν
823 5084 954 5154 ἔχει.

590 5181 860 5247 Quoniam
902 5180 1070 5250 igitur
1094 5195 1160 5234 ex
1203 5179 1513 5251 virginitate
1556 5179 1911 5249 proveniente
1958 5194 2095 5249 prte-

2282 5176 2499 5247 Ἐπειδὴ
2531 5178 2709 5230 τοίνυν
2738 5179 3111 5250 προλαμϐάνει
3155 5180 3244 5233 τὸν
3307 5180 3370 5231 ὲκ
3418 5167 3719 5245 παρθενίαςὸ

517 5275 667 5329 cedit
693 5274 739 5328 is
772 5274 866 5343 qui
896 5288 926 5327 e
960 5272 1138 5328 sterili
1169 5273 1438 5335 nascitur,
1472 5273 1564 5341 qui
1597 5270 1665 5325 ad
1696 5286 1884 5326 vocem
1924 5271 2071 5326 illius

2200 5270 2307 5324 ἀπὸ
2337 5271 2434 5338 τῆς
2459 5268 2700 5340 στείρας.
2725 5270 2754 5321 ὁ
2784 5270 2919 5341 πρὸς
2947 5269 3047 5341 τὴν
3070 5270 3251 5340 φωνὴν
3275 5269 3373 5337 τῆς
3397 5260 3720 5333 κυοφορούσης

521 5377 643 5431 quae
673 5360 964 5416 Dominum
1016 5369 1173 5415 utero
1217 5360 1459 5431 gerebat,
1500 5369 1792 5429 antequam
1825 5360 1879 5412 in
1917 5360 2081 5414 lucen‘

2197 5361 2289 5413 τὸν
2316 5360 2519 5430 Κύριον
2563 5361 2693 5431 πρὶν
2720 5364 2799 5425 εἰς
2829 5362 2943 5430 φῶς
2969 5363 3138 5415 ἐλθεῖν
3168 5365 3227 5415 ἐν
3256 5364 3319 5432 τῇ
3347 5357 3565 5431 μητρῴᾳ
3601 5350 3722 5419 νηδύῖ

528 5452 798 5519 prodiret,
852 5451 908 5505 in
945 5449 1067 5504 alvo
1114 5450 1307 5504 matris
1345 5450 1608 5512 exsilivit,
1641 5449 1805 5504 simul
1832 5464 1895 5503 ac
1934 5459 2088 5505 natus

2199 5450 2524 5520 σκιρτήσας,
2549 5449 2668 5521 ἅμα
2699 5469 2756 5505 τε
2788 5451 3063 5523 παρῆλθεν
3090 5455 3170 5515 είς
3200 5452 3407 5522 γένεσιν
3435 5451 3463 5502 ὁ
3495 5446 3571 5500 τού
3595 5442 3721 5507 λόγου

525 5551 611 5598 est
654 5559 964 5612 praecursor
996 5541 1184 5609 Verbi,
1216 5542 1535 5613 prophetico
1573 5541 1773 5612 spiritu
1812 5540 2085 5596 Zachariae

2202 5542 2526 5614 πρόδρομος,
2575 5543 2698 5596 τότε
2723 5543 2912 5598 λύεται
2939 5543 3017 5615 τῷ
3040 5545 3282 5616 Ζαχαρία
3302 5544 3385 5597 διὰ
3427 5541 3521 5612 τῆς
3544 5546 3721 5607 προφη-

599 5721 645 5753 ³⁵
676 5717 780 5774 lsa.
817 5735 914 5785 vn,
949 5719 1031 5774 Η.
1146 5721 1192 5754 ³⁸
1218 5718 1389 5777 Exod.
1425 5734 1506 5788 ιιι,
1536 5718 1589 5774 3.
1668 5719 1711 5751 ³⁷
1744 5717 1788 5773 ll
1814 5716 1945 5788 Reg.
1977 5732 2135 5785 xxiii,

1762 5717 1788 5771 χι
1814 5716 1945 5788 Reg.
1977 5732 2135 5785 xxiii,
2166 5721 2239 5785 6;
2269 5717 2455 5774 Matth.
2493 5734 2609 5788 snt,
2637 5719 2726 5774 22.
2809 5722 2851 5753 ²⁸
2889 5720 3018 5777 Luc.
3065 5738 3101 5785 ι,
3134 5720 3166 5774 3
3206 5736 3322 5791 sqq.
