3950 6156
340 193 491 261 “.37
1476 222 1544 277 IN
1580 224 1744 282 DiEM
1780 228 1921 286 NAT

2026 228 2115 290 ΕΜ
2147 234 2444 293 CHRISTI.
3478 252 3616 308 1158

351 323 508 391 τικῆς
537 323 820 390 ἐπιπνοίας
912 333 1109 402 σιωπή.
1143 335 1248 387 Καὶ
1272 336 1371 389 ὅσα
1397 338 1728 412 διεξέρχεται
1759 348 1921 418 Ζαχα-

2039 351 2321 408 silentium
2380 354 2635 412 solvitur.
2694 355 3287 430 Quaecunque'autem
3350 362 3616 420 disseruit

354 417 497 519 ρίας,
546 423 853 491 προφητεία
896 425 993 478 τοῦ
1031 428 1316 497 μέλλοντος
1360 429 1448 504 ἦν.
1480 432 1645 504 Οὗτος
1675 417 1869 496 τοίνυν
1904 446 1921 497 ἐ

2036 441 2331 499 Zacharias
2364 444 2668 515 pr0pbeta,
2704 417 2783 501 3a
2827 417 3074 503 futuimn
3130 451 3468 520 spectabant.
3516 452 3615 508 llic

350 508 430 578 τῷ
458 513 781 582 προφητικῷ
810 518 1081 586 πνεύματι
1105 520 1237 589 πρὸς
1252 521 1351 593 τὴν
1375 525 1483 579 τῶν
1506 529 1764 597 κρυπτῶν
1789 532 1933 600 γνῶ-

351 617 441 654 σιν
490 607 1021 677 χειραγωγούμενος,
1067 612 1128 664 τὸ
1155 615 1252 682 τῆς
1286 616 1584 686 παρθενίας
1633 626 1931 694 μυστήριον

348 693 442 746 ἐπὶ
487 696 574 748 τοῦ
609 698 888 770 ἀφθάρτου
916 702 1079 755 τόκου
1102 708 1464 778 κατανοήσας,
1494 713 1594 765 οὐκ
1632 693 1931 788 ἀπέκρινεν

348 790 407 841 ἐν
433 788 510 861 τῷ
537 791 651 863 ναῷ
695 795 790 848 τοῦ
837 800 957 860 ταῖς
986 800 1276 870 παρθένοις
1306 804 1450 858 κατά
1488 806 1580 859 τὸν
1611 809 1772 878 νόμον
1798 812 1931 869 ἀπο-

349 880 775 953 κεκληρωμένω
806 888 972 941 τόπου
1007 889 1104 961 τὴν
1137 891 1349 964 ἄγαμον
1392 897 1625 970 μητέρα,
1663 899 1929 956 διδάσκων

349 975 476 1037 τοὺς
517 975 824 1041 Ἰουδαίους.
846 981 927 1034 ὅτι
957 982 985 1034 6
1007 983 1115 1036 τῶν
1147 984 1315 1039 ὄντων
1341 988 1673 1061 δημιουργὸς
1698 996 1790 1048 καὶ
1833 995 1927 1065 βα⁹

351 1067 535 1131 σιλεὺς
563 1070 740 1140 πάσης
769 1072 1022 1138 κτίσεως,
1050 1076 1359 1147 ὑποχείριον
1383 1079 1494 1150 ἔχει
1545 1084 1681 1153 μετά
1712 1085 1930 1140 πάντων

350 1160 528 1250 ἐαυτῷ
555 1160 652 1232 τὴν
672 1162 1017 1235 ἀνθρωπίνην
1043 1166 1222 1235 φύσιν,
1246 1170 1324 1241 τῷ
1350 1172 1465 1242 ἰδίῳ
1493 1173 1759 1245 θελήματι
1793 1180 1930 1250 πρὸς

347 1248 407 1301 τὸ
437 1250 628 1305 δοκοῦν
661 1253 831 1324 αὐτὴν
858 1254 1027 1323 ἄγων,
1060 1258 1158 1311 οὐκ
1205 1260 1367 1323 αὐτὸς
1399 1263 1502 1315 ὑπὸ
1538 1265 1743 1338 ταύτης
1774 1248 1930 1324 δυνα-

350 1340 696 1412 στευόμενος,
737 1345 814 1408 ὡς
846 1347 904 1400 ἐν
943 1349 1008 1417 τῇ
1057 1348 1283 1421 δυνάμει
1331 1352 1497 1406 αὑτοῦ
1542 1350 1698 1421 εἶναι,
1736 1361 1927 1431 καινὴν

348 1433 598 1504 γέννησιν
627 1434 1027 1508 δημιουργῆσαι
1051 1456 1064 1470 ⁸
1105 1441 1227 1512 ήτις
1253 1445 1350 1515 τὴν
1377 1447 1673 1518 γενομένην
1693 1428 1925 1520 μητέρα,

347 1526 409 1578 τὸ
434 1526 702 1597 παρθένον
732 1524 870 1583 εἶναι
893 1531 993 1584 οὐκ
1017 1533 1407 1606 ἀφαιρήσεται.
1438 1540 1537 1593 Διὰ
1571 1541 1729 1593 τοῦτο
1756 1542 1928 1614 αὐτὴν

346 1619 446 1670 οὐκ
486 1619 779 1690 ἀπέκρινεν
805 1624 862 1675 ὲν
891 1623 969 1695 τῷ
998 1626 1109 1696 ναῷ
1134 1627 1230 1681 τοῦ
1259 1630 1421 1700 χοροῦ
1456 1631 1564 1685 τῶν
1621 1633 1923 1705 παρθένων·

345 1703 413 1778 ἦν
437 1709 495 1762 δὲ
524 1701 676 1775 οὗτος
703 1713 732 1765 6
755 1713 917 1779 τόπος
945 1716 1006 1767 τὸ
1038 1718 1240 1785 μεταξὺ
1273 1720 1367 1773 τοῦ
1406 1722 1533 1775 ναοῦ
1573 1725 1665 1776 καὶ
1700 1724 1794 1778 τοῦ
1828 1725 1920 1780 θυ-

348 1804 663 1874 σιαστηρίου
686 1804 980 1877 διάστημα.
1024 1809 1175 1861 Ἐπεὶ
1206 1805 1300 1864 οὖν
1332 1812 1526 1883 ἤκουον
1560 1815 1785 1884 βασιλέα
1824 1818 1922 1887 τῆς

346 1896 573 1960 κτίσεως
604 1898 684 1961 είς
711 1898 963 1969 γέννησιν
985 1901 1331 1973 ἀνθρωπίνην
1353 1907 1712 1975 οἰκονομικῶς
1730 1910 1924 1981 προελ-

346 1986 456 2040 θεῖν
483 2005 497 2018 ’
549 1988 699 2060 φὸὅῳ
726 1990 820 2044 τοῦ
859 1988 934 2062 μὴ
963 1994 1215 2060 γενέσθαι
1249 1994 1458 2064 βασιλεί
1479 1998 1800 2070 ὑποχείριοι,
1833 2002 1922 2056 τὸν

341 2075 528 2137 ’ταῦτα¹
559 2080 936 2148 μαρτυροῦντα
974 2085 1100 2151 περὶ
1131 2083 1226 2136 τοῦ
1274 2085 1454 2149 τόκου,
1506 2088 1922 2160 διαχειρίζονται

346 2167 482 2236 πρὸς
512 2167 659 2238 αὐτῷ
687 2168 765 2238 τῷ
785 2170 1156 2244 θυσιαστηρίῳ
1178 2175 1269 2228 τὸν
1301 2177 1448 2249 ἱερέα
1468 2180 1917 2253 ίερουργήσαντα.

358 2258 519 2313 ’Λλλά
558 2260 776 2330 μακρὰν
831 2262 941 2315 τῶν
1000 2268 1378 2337 προκειμένων
1431 2273 1917 2347 ἀπεπλανήθημεν,

342 2349 474 2445 δέον.
496 2352 589 2403 ἐπὶ
626 2352 831 2445 *τὴν-έν
993 2356 1307 2430 Εὐαγγελίῳ
1351 2360 1598 2433 Βηθλεὲμ
1643 2364 1722 2445 τῷ
1780 2367 1922 2438 λόγῳ

343 2439 695 2510 ἀναδραμεῖν.
743 2443 807 2496 Ei
832 2444 940 2514 γὰρ
986 2447 1242 2517 ποιμένες
1268 2449 1437 2515 ὅντως
1461 2455 1641 2524 ἡμεῖς,
1682 2439 1778 2510 καὶ
1807 2462 1920 2526 τοῖς

347 2530 497 2595 ἰδίοις
525 2532 985 2606 ὲπαγρυπνοῦμεν
1029 2541 1324 2610 ποιμνίοις,
1363 2544 1496 2615 πρὸς
1521 2549 1674 2618 ἡμᾶς
1704 2551 1921 2617 πάντως

342 2622 491 2714 ἐστὶν
540 2623 715 2714 ήτῶν
764 2627 1010 2694 ἀγγέλων
1041 2631 1212 2702 φωνὴ,
1254 2634 1286 2704 ἡ
1335 2635 1790 2714 εὐαγγελιζομένη
1821 2644 1920 2712 τήν

343 2712 516 2784 χαράν
540 2713 640 2784 τὴν
669 2716 913 2787 μεγάλην
944 2717 1166 2791 ταύτην.
1194 2722 1402 2776 Οὐκοῦν
1431 2712 1822 2800 ἀναϐλέψωμεν
1840 2733 1920 2796 εἰς

343 2802 440 2870 τὴν
492 2802 742 2871 οὐράνιον
787 2808 1069 2876 στρατιὰν,
1132 2809 1331 2882 ἴδωμεν
1396 2814 1495 2885 τὴν
1531 2817 1641 2870 τῶν
1671 2819 1919 2888 ἀγγέλων

343 2894 721 2962 χοροστασίαν,
754 2896 1076 2970 ἀκούσωμεν
1100 2902 1201 2972 τῆς
1227 2903 1377 2969 θείας
1411 2907 1592 2962 αὐτῶν
1621 2910 1915 2983 ὑμνῳδίας.

344 2983 439 3045 Τίς
477 2982 687 3057 δῆχος
730 2987 838 3042 τῶν
890 2990 1290 3061 ἑορταζόντων;
1344 2999 1497 3063 Δόξα
1535 3002 1604 3055 ἐν
1638 3005 1917 3073 ὑψίστοις

345 3074 484 3139 Θεῷ,
518 3076 703 3146 βοῶσι.
735 3081 835 3135 Διά
866 3081 917 3132 τί
939 3081 1149 3148 δοξάζει
1173 3087 1205 3155 ή
1228 3087 1335 3139 τῶν
1362 3089 1611 3158 ἀγγέλων
1640 3097 1793 3168 φωνὴ
1823 3097 1922 3168 τὴν

346 3168 402 3221 ὲν
452 3170 562 3233 τοῖς
595 3170 840 3239 ὑψίστοις
886 3173 1268 3248 θεωρουμένην
1323 3180 1580 3251 θεότητα;
1628 3185 1732 3252 ὅτι,
1767 3190 1920 3259 φησὶ,

343 3261 453 3313 Καὶ
481 3260 578 3353 ἐπί
605 3259 719 3330 γῆς
746 3264 956 3333 εἰρήνη
978 3282 991 3295 ·
1029 3272 1348 3341 περιχαρεῖς
1392 3276 1681 3343 γεγόνασιν
1715 3280 1807 3334 ἐπὶ
1845 3281 1923 3353 τῷ

346 3352 653 3446 φαινομένῳ
674 3355 725 3408 οἱ
745 3353 986 3424 ἄγγελοι*
1016 3359 1141 3414 Ἐπὶ
1162 3361 1274 3431 γῆς
1295 3365 1524 3435 εἰρήνη.
1571 3370 1635 3422 Ἡ
1660 3352 1922 3446 πρότερον

347 3443 720 3537 κατηραμένη,
760 3447 795 3517 ἠ
823 3446 933 3501 τῶν
963 3450 1215 3506 ἀκανθῶν
1245 3456 1338 3509 καὶ
1367 3459 1635 3529 τριϐόλων
1675 3443 1916 3537 γόνιμος,

344 3533 405 3584 τὸ
431 3533 525 3585 τοῦ
553 3535 789 3607 πολέμου
814 3539 1035 3608 χωρίον,
1051 3543 1085 3611 ή
1107 3541 1215 3597 τῶν
1242 3547 1544 3602 καταδίκων
1560 3551 1763 3622 ὲξορία,
1783 3533 1921 3628 αὕτη

345 3624 565 3696 εἰρήνην
591 3625 856 3682 δέδεκται.
879 3629 1051 3682 Ὢτοῦ
1077 3631 1385 3703 θαύματοςί
1421 3639 1694 3704 Ἀλήθεια
1719 3644 1787 3697 ἐκ
1810 3624 1922 3714 τῆξ

343 3714 458 3785 Τῆς
511 3718 801 3781 ἀνέτειλε,
831 3721 930 3774 καὶ
978 3722 1332 3793 δικαιοσύνη
1378 3728 1447 3782 ἐκ
1509 3731 1616 3785 τοῦ
1660 3737 1921 3804 οὐρανοῦ

342 3805 612 3877 ὸιέκυψε.
644 3809 895 3863 Τοιοῦτον
948 3812 1146 3866 ἔδωκεν
1174 3817 1207 3885 ή
1238 3816 1345 3870 τῶν
1384 3819 1685 3892 ἀνθρώπων
1729 3828 1801 3898 γῆ
1832 3830 1922 3883 τὸν

344 3898 557 3967 καρπὸν
596 3899 783 3969 αὐτῆς.
815 3902 925 3953 Καὶ
974 3902 1144 3956 ταῦτα
1198 3906 1407 3974 γίνεται
1436 3911 1577 3984 ὑπὲρ
1610 3915 1709 3985 τῆς
1728 3917 1788 3972 ὲν
1824 3922 1920 3974 ἀν-

343 3986 585 4057 θρώποις
623 3990 888 4055 εὐδοκίας.
916 3992 1048 4056 Θεὸς
1087 3998 1152 4066 τῇ
1181 3998 1494 4073 ἀνθρωπίνῃ
1525 4015 1921 4078 κατακιρνᾶται

343 4079 527 4149 φύσει,
559 4080 644 4133 ἵνα
671 4084 982 4155 συνεπαρθῇ
1013 4085 1090 4157 τῷ
1119 4087 1240 4155 ὕψει
1270 4090 1364 4143 τοῦ
1399 4094 1535 4149 Θεοῦ
1555 4097 1616 4150 τὸ
1645 4101 1919 4173 ἀνθρώπι-

344 4189 451 4224 νον.
476 4170 659 4265 Ταῦτα
699 4172 1049 4265 ἀκούσαντες,
1079 4176 1373 4249 διέλθωμεν
1403 4185 1483 4247 εἰς
1510 4187 1609 4258 τὴν
1650 4170 1918 4265 Βηθλεὲμ,

345 4261 543 4331 ἴδωμεν
574 4261 635 4315 τὸ
668 4263 852 4316 καινὸν
885 4264 1080 4335 θέαμα,
1125 4268 1239 4332 πῶς
1262 4271 1622 4339 ἑπαγάλλεται
1652 4280 1684 4349 ή
1715 4261 1919 4354 παρθνέ-

2042 530 2207 605 "gitur
2235 537 2425 594 divmo
2468 541 2696 597 numine
2730 542 2799 597 ad
2838 545 3187 600 occultorum
3237 547 3611 617 cognitionem

2033 628 2256 697 ductus,
2278 646 2404 686 cum
2437 634 2769 704 virginitatis
2802 641 3124 708 mysterium
3156 641 3209 695 in
3246 653 3404 710 partu
3429 643 3613 699 ineor-

2035 729 2199 790 rupto
2246 738 2356 778 non
2413 723 2716 794 ignoraret,
2767 728 2823 782 in
2872 745 3033 785 sacro
3083 733 3285 802 templo
3333 732 3608 805 Virginem

2036 821 2262 867 matrem
2314 830 2343 870 a
2409 815 2531 870 loco
2601 818 2912 889 virginibus
2967 839 3060 892 per
3105 824 3278 894 legem
3328 826 3611 897 assignato

2033 918 2143 960 non
2193 909 2450 972 semovit,
2477 910 2813 983 Judaeosque
2852 913 3061 977 docuit,
3117 926 3371 971 naturam
3416 918 3610 972 imma-

2032 1012 2159 1052 nam
2209 1014 2317 1054 una
2376 1018 2500 1057 cum
2545 1004 2777 1073 reliquis
2822 1007 3079 1063 omnibus
3127 1023 3313 1064 rerum
3358 1011 3609 1064 οιιιιιίιιιιι

2030 1089 2274 1147 cli'eetori
2313 1102 2369 1148 et
2416 1097 2528 1166 regi
2575 1096 2650 1151 ita
2696 1098 3002 1168 subiectam
3047 1114 3192 1167 esse,
3245 1113 3302 1157 ut
3341 1104 3608 1159 arbitratu

2031 1197 2135 1236 suo
2169 1198 2288 1238 eam
2326 1184 2444 1255 ipse
2472 1197 2707 1258 regeret,
2739 1206 2847 1247 non
2872 1201 3057 1245 autem
3088 1193 3158 1246 ab
3187 1208 3252 1248 ea
3282 1204 3562 1264 regeretur
3592 1214 3604 1250 :

2032 1271 2219 1343 itaque
2253 1275 2307 1328 in
2338 1291 2500 1331 manu
2529 1278 2702 1348 ipsius
2739 1294 2884 1359 esse,
2924 1296 3117 1334 novam
3153 1290 3310 1338 ortus
3339 1284 3605 1338 rationem

2030 1365 2235 1432 moliri,
2272 1383 2395 1436 qua:
2422 1377 2653 1425 matrem
2690 1387 2816 1428 esse
2846 1372 3118 1442 virginem
3149 1388 3257 1427 non
3291 1373 3603 1443 impediret,

2029 1461 2385 1529 quamobrem
2436 1477 2556 1517 eam
2599 1478 2658 1519 se
2687 1478 2719 1517 a
2770 1463 3042 1534 virginum
3091 1464 3214 1518 loco
3266 1478 3375 1518 non
3419 1466 3608 1518 exclu-

2030 1553 2195 1618 sisse,
2253 1554 2408 1610 locus
2464 1563 2645 1610 autem
2703 1556 2794 1611 ille
2834 1565 2954 1611 erat
3015 1556 3255 1626 spatium
3328 1557 3603 1627 quoddam

2030 1645 2172 1700 inter
2207 1647 2472 1715 templum
2511 1655 2566 1703 et
2613 1649 2806 1702 altare.
2856 1647 2995 1702 Cum
3044 1648 3211 1718 igitur
3260 1648 3605 1703 audivissent

2027 1735 2226 1802 Judmi,
2263 1751 2446 1791 rerum
2490 1738 2735 1793 omnium
2782 1754 2962 1809 regem
2997 1739 3052 1793 in
3099 1739 3264 1793 vitam
3308 1741 3603 1795 humanam

2028 1830 2220 1884 divino
2271 1829 2465 1884 ordine
2492 1816 2784 1900 prodiissc,
2832 1838 3143 1887 metuentes
3189 1847 3258 1887 ne
3303 1832 3418 1901 regi
3475 1831 3604 1886 sub-

2028 1920 2313 1985 derentur,
2339 1919 2708 1983 sacerdotem,
2733 1920 2827 1989 qui
2860 1920 2974 1975 hare
3019 1920 3089 1976 de
3118 1921 3238 1990 ipso
3261 1931 3417 1989 partu
3448 1922 3602 1976 testi-

2031 2008 2322 2072 ﬁcabatur,
2354 2009 2421 2062 ad
2458 2008 2638 2079 ipsum
2671 2009 2847 2063 altare
2878 2009 3282 2064 sacriﬁcantem
3311 2009 3605 2066 interfece-

2029 2108 2159 2152 runt
2180 2098 2247 2154 ’°.
2273 2098 2380 2153 Sed
2400 2100 2557 2170 longe
2582 2114 2611 2153 a
2635 2099 2917 2168 proposito
2945 2099 3346 2164 aberravimus,
3381 2115 3508 2155 cum
3535 2100 3603 2154 ad

2030 2192 2329 2257 Bethleem,
2362 2193 2430 2247 de
2454 2207 2564 2262 qua
2592 2192 2647 2246 in
2692 2191 3006 2262 Evangelio,
3038 2192 3291 2247 oratione
3315 2206 3604 2248 recurrere

2028 2299 2132 2339 nos
2158 2289 2395 2353 oportet.
2429 2281 2565 2336 Nam
2601 2282 2650 2337 si
2682 2298 2811 2336 vere
2848 2288 3100 2351 pastores
3134 2297 3350 2345 sumus,
3388 2290 3445 2336 et
3474 2296 3601 2351 pro-

2027 2375 2167 2446 priis
2197 2375 2456 2446 gregibus
2484 2374 2860 2444 invigilamus,
2907 2371 2973 2428 ad
3019 2389 3120 2428 nos
3164 2374 3353 2442 utique
3392 2379 3604 2443 spectat

2027 2478 2348 2537 angelorum
2388 2482 2518 2530 vox,
2560 2481 2685 2536 qua:
2719 2480 2977 2535 magnum
3015 2465 3120 2520 hoc
3158 2465 3419 2536 gaudium
3460 2480 3602 2518 nun—

2028 2559 2127 2614 tiat
2156 2559 2223 2612 ³ο.
2250 2558 2461 2615 Oculos
2489 2558 2657 2629 igitur
2694 2557 2748 2611 in
2774 2558 3055 2613 caelestem
3090 2557 3394 2611 exercitum
3423 2557 3603 2612 inten-

2024 2648 2243 2708 damus.
2271 2649 2577 2719 tripudium
2620 2658 2936 2719 spectemus
2967 2650 3313 2719 angelorum,
3351 2648 3602 2703 divinum

2024 2743 2270 2813 ipsorum
2311 2750 2538 2797 cantum
2589 2743 2901 2797 audiamus.
2938 2741 3174 2807 Quinam
3225 2740 3602 2811 plaudentium

2024 2834 2239 2890 sonus?
2267 2830 2458 2887 Gloria
2498 2830 2785 2902 (clamant)
2832 2830 2887 2884 in
2927 2829 3209 2884 altissimis
3257 2828 3363 2883 Deo
3391 2827 3457 2880 ⁸¹.
3491 2827 3604 2881 Cur

2025 2922 2213 2977 divino
2257 2922 2493 2985 numini,
2537 2919 2685 2990 quod
2734 2920 2789 2973 in
2848 2919 3141 2973 altissimis
3185 2917 3453 2979 cernitur,
3490 2915 3604 2985 glo-

1948 3036 1989 3094 c
2027 3013 2163 3065 riam
2219 3011 2520 3065 tribuunt?
2562 3011 2857 3076 Quoniam,
2914 3008 3200 3078 inquiunt,
3246 3009 3313 3060 Et
3354 3007 3410 3060 in
3460 3014 3603 3060 terra

2023 3121 2132 3174 pax
2161 3105 2231 3159 3‘.
2266 3104 2350 3159 ου
2398 3103 2504 3157 hoc
2542 3101 2919 3173 spectaculum
2968 3098 3170 3170 gaudio
3224 3097 3430 3167 perfusi
3475 3104 3606 3151 sunt

2024 3196 2236 3266 angeli:
2276 3193 2340 3249 In
2386 3203 2526 3248 terra
2562 3209 2690 3261 pax.
2727 3192 2859 3259 Quae
2899 3192 3052 3261 prius
3094 3188 3435 3244 detestabilis
3460 3195 3601 3251 erat,

2023 3306 2145 3360 qua:
2174 3290 2353 3360 spinis
2386 3304 2450 3344 ac
2484 3288 2707 3342 tribulis
2737 3288 2895 3356 plena
2930 3283 3195 3347 solitudo,
3223 3298 3346 3351 quae
3370 3280 3602 3336 damna-

2024 3390 2206 3436 torum
2235 3382 2517 3443 exsilium,
2555 3396 2678 3449 qua:
2696 3379 2821 3434 belli
2858 3379 3032 3448 regio,
3055 3377 3170 3432 haec
3202 3390 3388 3445 pacem
3415 3386 3604 3428 susce—

2023 3474 2124 3541 pit.
2155 3471 2200 3526 Ο
2230 3486 2343 3524 rem
2376 3468 2794 3523 admirabilem!
2838 3466 3047 3520 Veritas
3081 3465 3146 3519 de
3175 3474 3318 3518 terra
3353 3471 3470 3516 orta
3498 3470 3598 3527 est,

2022 3574 2073 3616 et
2105 3562 2322 3631 justitia
2362 3560 2425 3614 de
2469 3560 2598 3614 creto
2633 3558 2898 3628 prospexit
2930 3557 2995 3610 ³³.
3024 3556 3210 3612 Talem
3242 3554 3395 3610 dedit
3432 3553 3601 3608 homi-

2025 3669 2156 3707 num
2191 3662 2334 3707 terra
2366 3652 2606 3705 fructum
2640 3666 2825 3706 suum.
2852 3648 2920 3702 Et
2941 3649 3058 3703 haec
3089 3648 3219 3702 liunt
3257 3662 3354 3716 pro
3375 3645 3518 3700 bona
3544 3644 3599 3698 in

2025 3741 2346 3796 hominibus
2372 3742 2672 3797 voluntate.
2723 3740 2864 3795 Deus
2908 3740 3159 3793 humana:
3197 3745 3406 3790 naturae
3447 3750 3601 3789 eom-

2024 3835 2310 3896 miscetur,
2357 3842 2417 3888 ut
2459 3832 2527 3886 ad
2570 3831 2968 3887 sublimitatem
3020 3829 3264 3884 divinam
3320 3826 3601 3882 hominem

2026 3926 2202 3978 tollat.
2234 3925 2331 3980 llis
2364 3924 2567 3979 auditis
2601 3925 2655 3977 in
2689 3923 3002 3978 Bethlehem
3033 3922 3477 3992 proﬁciscamur,
3505 3933 3612 3996 noj

2023 4033 2151 4070 vum
2183 4017 2561 4086 spectaculum
2611 4017 3070 4085 contemplemur.
3110 4012 3398 4078 Quomodo
3443 4016 3598 4080 partu

2024 4124 2129 4163 suo
2158 4109 2312 4177 virgo
2344 4109 2581 4168 laetetur,
2612 4107 2893 4176 quomodo
2933 4121 3056 4175 quze
3101 4104 3321 4174 nuptias
3367 4117 3475 4155 non
3518 4106 3602 4153 est

2021 4209 2249 4268 experta
2281 4201 2446 4253 Iactet
2484 4198 2840 4251 infantulum.
2876 4198 2982 4252 Sed
3017 4197 3172 4266 prius
3202 4195 3599 4254 auscultemus,

2022 4291 2155 4359 quid
2183 4291 2252 4344 de
2279 4291 2396 4359 ipsa
2427 4290 2704 4345 memoria:
2739 4290 3014 4359 proditum
3050 4290 3143 4344 sit.

341 4372 429 4456 νος
448 4354 525 4426 τῷ
538 4356 702 4456 ςτάκίιλ
720 4356 888 4456 τξῶςιῆ
909 4358 1281 4431 ἀπειρόγαμος
1303 4365 1600 4437 τιθηνεῖται
1625 4372 1684 4425 τὸ
1701 4376 1912 4446 νήπιον.
1958 4354 2230 4456 Πρδτερον
2254 4354 2314 4438 δέ
2349 4382 2432 4446 τίς
2471 4382 2610 4455 αὕτη
2644 4354 2753 4437 καὶ-
2772 4383 2934 4437 πόθεν
2995 4383 3103 4436 τῶν
3146 4382 3216 4435 τὰ
3244 4378 3375 4450 περὶ
3432 4375 3601 4446 αὐτῆς

244 4487 257 4499 .
344 4446 695 4517 ἱστορούντων
725 4448 1066 4519 ἀκούσωμεν.

413 4543 659 4596 Ἤκουσα
676 4536 853 4597 τοίνυν
881 4544 1200 4617 ἁποκρύφου
1229 4548 1370 4614 τινὸς
1407 4552 1668 4625 ἱστορίας,
1685 4560 1908 4616 τοιαῦτα

2083 4557 2279 4612 Audivi
2337 4573 2470 4627 ergo
2524 4557 2817 4628 quaindam
2878 4553 3165 4609 historiam
3220 4557 3597 4626 apocrypham

342 4636 780 4723 παρατιθεμένης
809 4636 880 4688 τὰ
901 4637 1032 4709 περὶ
1053 4639 1222 4711 αὐτῆς
1250 4640 1585 4714 διηγήματα.
1617 4649 1915 4723 Ἐπίσημός

340 4741 421 4786 τις
441 4721 507 4794 ἦν
534 4727 592 4778 έν
611 4730 679 4797 τῇ
711 4728 852 4781 κατά
881 4728 1061 4799 Νόμον
1095 4732 1311 4803 ἀκριϐεῖ
1335 4735 1578 4809 πολιτείᾳ
1598 4779 1614 4805 ,
1658 4743 1750 4796 καὶ

344 4832 501 4887 ριμος
525 4817 618 4868 ἐπὶ
663 4819 774 4879 τοῖς
812 4819 1138 4884 καλλίστοις,
1175 4824 1205 4876 6
1248 4823 1350 4895 τῆς
1387 4827 1663 4897 Παρθένου
1709 4833 1912 4906 πατὴρ,

338 4908 506 4970 ἄπαις
526 4907 582 4960 δὲ
620 4910 900 4981 κατεγήρα
919 4910 1009 4963 τὸν
1033 4912 1166 4981 βίον,
1194 4915 1274 4969 ὄτι
1302 4917 1452 4989 αὑτῷ
1488 4920 1623 4992 πρὸς
1661 4941 1914 4995 τεκνογο-

341 5001 459 5053 victv
480 5001 580 5053 οὐκ
611 5001 928 5073 ἐπιτηδείως
967 4999 1112 5075 εἶχεν
1149 5007 1182 5077 ἡ
1210 5009 1476 5075 σύνοικος.
1511 5008 1619 5066 Ἶιν
1651 5015 1708 5069 δέ
1739 5034 1822 5081 τις
1849 5019 1915 5072 ἐκ

338 5092 433 5146 τοῦ
477 5093 661 5164 Νόμου
708 5094 843 5167 τιμὴ
892 5099 1008 5160 ταῖς
1060 5100 1348 5169 μητράσιν,
1382 5098 1450 5174 ἧς
1480 5104 1542 5158 οὐ
1581 5110 1827 5178 μετεῖχον
1860 5113 1917 5163 αἱ

340 5183 538 5248 ἄγονοι.
555 5186 819 5256 Μιμεῖται
836 5186 1015 5239 τοίνυν
1040 5189 1133 5241 καὶ
1159 5189 1298 5262 αὕτη
1328 5194 1398 5248 τὰ
1433 5196 1555 5267 περὶ
1584 5197 1685 5266 τῆς
1710 5199 1916 5270 μητρὸς

340 5271 432 5323 τοῦ
465 5273 713 5345 Σαμουὴλ
743 5275 1072 5346 διηγήματα.
1133 5280 1242 5333 Καὶ
1285 5284 1433 5347 ἐντὸς
1454 5286 1557 5339 ,τοῦ
1593 5287 1776 5356 Ἀγίου
1806 5288 1916 5343 τῶν

340 5365 513 5430 ἁγίων
541 5368 825 5438 γενομένη,
865 5370 1031 5433 ἱκέτις
1050 5373 1255 5437 γίνεται
1273 5375 1368 5428 τοῦ
1387 5378 1542 5441 Θεοῦ,
1580 5381 1655 5451 μὴ
1683 5379 1787 5445 ἔξω
1816 5398 1914 5434 πε-

341 5460 454 5510 σείν
478 5459 575 5528 τῆς
614 5460 679 5511 ὲκ
709 5461 816 5515 τῶν
852 5462 1031 5534 νόμων
1054 5464 1321 5533 εὐλογίας,
1365 5467 1745 5542 ἐξαμαρτοῦσα
1788 5472 1916 5543 περὶ

2023 4652 2160 4706 tales
2186 4651 2254 4705 de
2278 4666 2343 4706 ea
2395 4652 2714 4719 prodentem
2750 4647 3097 4701 narrationes
3162 4645 3400 4715 Virginis
3447 4657 3601 4718 pater

2018 4742 2125 4797 fuit
2150 4741 2385 4811 insignis
2406 4740 2627 4808 quidam
2646 4737 2805 4801 civis,
2829 4736 3180 4793 observantia
3210 4736 3371 4807 Legis
3393 4747 3449 4792 et
3479 4740 3601 4794 vita:

2020 4833 2294 4903 probitate
2320 4831 2373 4883 in
2411 4829 2602 4899 primis
2643 4828 2862 4895 nobilis,
2891 4828 2984 4897 qui
3031 4828 3150 4882 sine
3184 4828 3308 4884 [iliis
3342 4829 3412 4884 ad
3439 4844 3598 4887 sene-

2020 4932 2227 4978 ctutem
2262 4927 2603 4991 pervenerat,
2633 4935 2756 4973 eum
2788 4921 2972 4975 minus
3004 4920 3255 4975 idoneam
3277 4920 3344 4975 ad
3373 4920 3600 4993 gignen-

2020 5015 2150 5068 dum
2184 5028 2409 5069 uxorem
2461 5012 2704 5068 haberet.
2746 5011 3060 5068 llabebatur
3110 5023 3293 5070 autem
3331 5017 3598 5071 matribus

2017 5121 2080 5161 ex
2117 5105 2257 5178 Lege
2284 5105 2504 5175 quidam
2534 5107 2732 5168 honor,
2759 5122 2870 5176 quo
2913 5107 3175 5162 carebant
3207 5107 3443 5173 feminas,
3477 5125 3597 5179 quae

2020 5198 2223 5254 liberos
2252 5198 2430 5252 nullos
2460 5205 2839 5268 susceperant.
2866 5198 3210 5269 Quapropter
3237 5208 3293 5256 et
3321 5201 3436 5255 luce
3474 5201 3596 5255 imi-

2022 5300 2134 5355 tata
2169 5292 2243 5355 id,
2270 5291 2415 5362 quod
2442 5291 2509 5345 de
2533 5302 2703 5348 matre
2727 5290 2999 5347 Samuelis
3019 5294 3284 5362 scriptum
3318 5305 3402 5347 est
3428 5294 3494 5358 “,
3527 5295 3592 5348 ad

2025 5382 2288 5437 Sanctum
2336 5392 2653 5438 sanctorum
2696 5384 2928 5451 accedit,
2960 5391 3015 5437 et
3050 5386 3320 5454 supplicat
3365 5385 3492 5448 Deo.
3529 5402 3594 5442 ne

2023 5474 2200 5543 legum
2245 5473 2627 5530 benedictione
2668 5475 2932 5545 privetur,
2965 5491 3087 5547 qua:
3116 5478 3252 5531 nihil
3308 5478 3361 5532 in
3393 5477 3591 5550 Legem

412 5639 456 5669 ⁸⁸
488 5637 676 5693 Matth.
712 5656 867 5707 χχιιι,
900 5642 990 5705 23,
1069 5644 1110 5674 ”
1151 5644 1282 5701 Luc.
1315 5664 1374 5714 ιι,
1419 5648 1500 5703 ιο.
1580 5650 1620 5681 ³⁸
1653 5649 1784 5707 ibid.
1827 5652 1908 5708 Η.

2026 5654 2032 5683 ¹
2062 5648 2196 5711 ibid.
2272 5653 2315 5686 ³³
2344 5651 2492 5712 Psal.
2525 5674 2621 5712 1.x:
2637 5674 2744 5712 xiv.
2789 5658 2873 5713 12.
2951 5658 2995 5689 ³⁸
3029 5657 3207 5729 chg.
3250 5677 3287 5723 l,
3321 5659 3384 5714 12
3410 5672 3533 5728 sqq.
