  <div class='ocr_page' id='page_1' title='image "/cluster/home/n/w/nwhite01/storage/ocr_20150623/46/mdp.39015011915447/578.png"; bbox 0 0 3950 6156; ppageno 0'>
   <div class='ocr_carea' id='block_1_1' title="bbox 356 214 485 269">
    <p class='ocr_par' dir='ltr' id='par_1_1' title="bbox 356 214 485 269">
     <span class='ocr_line' id='line_1_1' title="bbox 356 214 485 269; baseline -0.008 0"><span class='ocrx_word' id='word_1_1' title='bbox 356 214 485 269; x_wconf 71' lang='grc' dir='ltr'><strong>ΜΗ</strong></span> 
     </span>
    </p>
   </div>
   <div class='ocr_carea' id='block_1_2' title="bbox 1487 229 2453 297">
    <p class='ocr_par' dir='ltr' id='par_1_2' title="bbox 1487 229 2453 297">
     <span class='ocr_line' id='line_1_2' title="bbox 1487 229 2453 297; baseline 0.014 -14"><span class='ocrx_word' id='word_1_2' title='bbox 1487 229 1553 283; x_wconf 67' lang='grc' dir='ltr'><strong>ΙΝ</strong></span> <span class='ocrx_word' id='word_1_3' title='bbox 1591 231 1759 287; x_wconf 67' lang='lat' dir='ltr'><strong>DIE.“</strong></span> <span class='ocrx_word' id='word_1_4' title='bbox 1794 232 2131 291; x_wconf 58' lang='lat' dir='ltr'><strong>NATALEM‘</strong></span> <span class='ocrx_word' id='word_1_5' title='bbox 2157 239 2453 297; x_wconf 74' lang='lat' dir='ltr'><strong>CHRISTI.</strong></span> 
     </span>
    </p>
   </div>
   <div class='ocr_carea' id='block_1_3' title="bbox 3472 243 3626 311">
    <p class='ocr_par' dir='ltr' id='par_1_3' title="bbox 3472 243 3626 311">
     <span class='ocr_line' id='line_1_3' title="bbox 3472 243 3626 311; baseline 0.013 -3"><span class='ocrx_word' id='word_1_6' title='bbox 3472 243 3626 311; x_wconf 54' lang='grc' dir='ltr'><strong>ηιξ</strong></span> 
     </span>
    </p>
   </div>
   <div class='ocr_carea' id='block_1_4' title="bbox 356 338 1918 436">
    <p class='ocr_par' dir='ltr' id='par_1_4' title="bbox 356 338 1918 428">
     <span class='ocr_line' id='line_1_4' title="bbox 356 338 1918 428; baseline 0.012 -37"><span class='ocrx_word' id='word_1_7' title='bbox 356 338 640 409; x_wconf 80' lang='grc' dir='ltr'>ἄνθρωπον</span> <span class='ocrx_word' id='word_1_8' title='bbox 688 340 746 394; x_wconf 81' lang='grc' dir='ltr'>τὸ</span> <span class='ocrx_word' id='word_1_9' title='bbox 790 342 1110 414; x_wconf 85' lang='grc' dir='ltr'>φαινόμενον</span> <span class='ocrx_word' id='word_1_10' title='bbox 1287 348 1422 403; x_wconf 86' lang='grc' dir='ltr'><strong>ἀλλά</strong></span> <span class='ocrx_word' id='word_1_11' title='bbox 1477 352 1537 404; x_wconf 78' lang='grc' dir='ltr'><strong>τὸ</strong></span> <span class='ocrx_word' id='word_1_12' title='bbox 1587 353 1790 421; x_wconf 84' lang='grc' dir='ltr'>γνῶναί</span> <span class='ocrx_word' id='word_1_13' title='bbox 1860 374 1918 428; x_wconf 83' lang='grc' dir='ltr'><strong>με</strong></span> 
     </span>
    </p>
   </div>
   <div class='ocr_carea' id='block_1_5' title="bbox 2025 338 3609 436">
    <p class='ocr_par' dir='ltr' id='par_1_5' title="bbox 2032 359 3609 436">
     <span class='ocr_line' id='line_1_5' title="bbox 2032 359 3609 436; baseline 0.01 -22"><span class='ocrx_word' id='word_1_14' title='bbox 2032 359 2366 428; x_wconf 88' lang='lat' dir='ltr'><strong>ostenditur,</strong></span> <span class='ocrx_word' id='word_1_15' title='bbox 2399 372 2648 419; x_wconf 85' lang='lat' dir='ltr'><strong>naturam</strong></span> <span class='ocrx_word' id='word_1_16' title='bbox 2689 375 2908 436; x_wconf 88' lang='lat' dir='ltr'><strong>superet</strong></span> <span class='ocrx_word' id='word_1_17' title='bbox 2936 367 3258 435; x_wconf 90' lang='lat' dir='ltr'><strong>humanam,</strong></span> <span class='ocrx_word' id='word_1_18' title='bbox 3306 376 3486 427; x_wconf 83' lang='lat' dir='ltr'><strong>tamen</strong></span> <span class='ocrx_word' id='word_1_19' title='bbox 3526 392 3609 430; x_wconf 88' lang='lat' dir='ltr'><strong>me</strong></span> 
     </span>
    </p>
   </div>
   <div class='ocr_carea' id='block_1_6' title="bbox 355 429 1918 524">
    <p class='ocr_par' dir='ltr' id='par_1_6' title="bbox 355 429 1918 520">
     <span class='ocr_line' id='line_1_6' title="bbox 355 429 1918 520; baseline 0.012 -37"><span class='ocrx_word' id='word_1_20' title='bbox 355 429 544 500; x_wconf 77' lang='grc' dir='ltr'>ἄνδρα,</span> <span class='ocrx_word' id='word_1_21' title='bbox 590 431 699 484; x_wconf 85' lang='grc' dir='ltr'><strong>τῶν</strong></span> <span class='ocrx_word' id='word_1_22' title='bbox 754 433 1051 505; x_wconf 83' lang='grc' dir='ltr'>ἀμηχάνων</span> <span class='ocrx_word' id='word_1_23' title='bbox 1109 438 1245 492; x_wconf 81' lang='grc' dir='ltr'>ἐστί.</span> <span class='ocrx_word' id='word_1_24' title='bbox 1321 441 1446 506; x_wconf 85' lang='grc' dir='ltr'>Πῶς</span> <span class='ocrx_word' id='word_1_25' title='bbox 1499 444 1693 514; x_wconf 77' lang='grc' dir='ltr'>ἔσομαι</span> <span class='ocrx_word' id='word_1_26' title='bbox 1746 448 1918 520; x_wconf 69' lang='grc' dir='ltr'>μήτηρ</span> 
     </span>
    </p>
   </div>
   <div class='ocr_carea' id='block_1_7' title="bbox 2025 429 3608 524">
    <p class='ocr_par' dir='ltr' id='par_1_7' title="bbox 2035 450 3608 524">
     <span class='ocr_line' id='line_1_7' title="bbox 2035 450 3608 524; baseline 0.01 -21"><span class='ocrx_word' id='word_1_27' title='bbox 2035 450 2212 506; x_wconf 87' lang='lat' dir='ltr'><strong>virum</strong></span> <span class='ocrx_word' id='word_1_28' title='bbox 2260 467 2592 524; x_wconf 78' lang='lat' dir='ltr'><strong>cognoscere</strong></span> <span class='ocrx_word' id='word_1_29' title='bbox 2633 454 2788 511; x_wconf 86' lang='lat' dir='ltr'><strong>nefas</strong></span> <span class='ocrx_word' id='word_1_30' title='bbox 2827 466 2932 513; x_wconf 83' lang='lat' dir='ltr'><strong>est.</strong></span> <span class='ocrx_word' id='word_1_31' title='bbox 2982 459 3270 524; x_wconf 79' lang='lat' dir='ltr'><strong>Quomodo</strong></span> <span class='ocrx_word' id='word_1_32' title='bbox 3321 462 3444 517; x_wconf 82' lang='lat' dir='ltr'><strong>sine</strong></span> <span class='ocrx_word' id='word_1_33' title='bbox 3487 466 3608 519; x_wconf 88' lang='lat' dir='ltr'><strong>viro</strong></span> 
     </span>
    </p>
   </div>
   <div class='ocr_carea' id='block_1_8' title="bbox 275 520 1926 604">
    <p class='ocr_par' dir='ltr' id='par_1_8' title="bbox 275 520 1926 604">
     <span class='ocr_line' id='line_1_8' title="bbox 275 520 1926 604; baseline 0.001 -16"><span class='ocrx_word' id='word_1_34' title='bbox 275 575 296 604; x_wconf 46' lang='grc' dir='ltr'><strong>ι,</strong></span> <span class='ocrx_word' id='word_1_35' title='bbox 356 520 523 590; x_wconf 62' lang='grc' dir='ltr'><strong>Χωρὶς</strong></span> <span class='ocrx_word' id='word_1_36' title='bbox 558 521 785 591; x_wconf 77' lang='grc' dir='ltr'>ἀνδρόςς</span> <span class='ocrx_word' id='word_1_37' title='bbox 837 524 941 579; x_wconf 79' lang='grc' dir='ltr'><strong>Τὸν</strong></span> <span class='ocrx_word' id='word_1_38' title='bbox 972 525 1080 598; x_wconf 79' lang='grc' dir='ltr'><strong>γὰρ</strong></span> <span class='ocrx_word' id='word_1_39' title='bbox 1114 526 1309 599; x_wconf 81' lang='grc' dir='ltr'>Ἰωσὴφ</span> <span class='ocrx_word' id='word_1_40' title='bbox 1349 533 1635 604; x_wconf 81' lang='grc' dir='ltr'><strong>μνηστῆρα</strong></span> <span class='ocrx_word' id='word_1_41' title='bbox 1671 534 1770 604; x_wconf 83' lang='grc' dir='ltr'>μὲν</span> <span class='ocrx_word' id='word_1_42' title='bbox 1791 532 1926 599; x_wconf 78' lang='grc' dir='ltr'>οἴδα,</span> 
     </span>
    </p>
   </div>
   <div class='ocr_carea' id='block_1_9' title="bbox 287 608 1926 696">
    <p class='ocr_par' dir='ltr' id='par_1_9' title="bbox 287 608 1926 696">
     <span class='ocr_line' id='line_1_9' title="bbox 287 608 1926 696; baseline 0.01 -35"><span class='ocrx_word' id='word_1_43' title='bbox 287 608 297 686; x_wconf 68' lang='grc' dir='ltr'>ξ</span> <span class='ocrx_word' id='word_1_44' title='bbox 355 608 520 680; x_wconf 78' lang='grc' dir='ltr'>ἄνδρα</span> <span class='ocrx_word' id='word_1_45' title='bbox 549 611 604 664; x_wconf 88' lang='grc' dir='ltr'>δὲ</span> <span class='ocrx_word' id='word_1_46' title='bbox 633 612 692 664; x_wconf 89' lang='grc' dir='ltr'><strong>οὑ</strong></span> <span class='ocrx_word' id='word_1_47' title='bbox 716 613 1066 681; x_wconf 79' lang='grc' dir='ltr'>γινώσκω.Τί</span> <span class='ocrx_word' id='word_1_48' title='bbox 1093 613 1186 671; x_wconf 83' lang='grc' dir='ltr'><strong>οὖν</strong></span> <span class='ocrx_word' id='word_1_49' title='bbox 1208 619 1236 672; x_wconf 92' lang='lat'><strong>0</strong></span> <span class='ocrx_word' id='word_1_50' title='bbox 1275 621 1642 689; x_wconf 78' lang='grc' dir='ltr'>νυμφοστόλος</span> <span class='ocrx_word' id='word_1_51' title='bbox 1666 624 1926 696; x_wconf 75' lang='grc' dir='ltr'>Γαϐριήλς</span> 
     </span>
    </p>
   </div>
   <div class='ocr_carea' id='block_1_10' title="bbox 355 700 1929 787">
    <p class='ocr_par' dir='ltr' id='par_1_10' title="bbox 355 700 1929 787">
     <span class='ocr_line' id='line_1_10' title="bbox 355 700 1929 787; baseline 0.012 -36"><span class='ocrx_word' id='word_1_52' title='bbox 355 700 486 752; x_wconf 78' lang='grc' dir='ltr'>υἶαν</span> <span class='ocrx_word' id='word_1_53' title='bbox 514 703 763 756; x_wconf 78' lang='grc' dir='ltr'><strong>παστάδα</strong></span> <span class='ocrx_word' id='word_1_54' title='bbox 818 705 895 776; x_wconf 81' lang='grc' dir='ltr'>τῷ</span> <span class='ocrx_word' id='word_1_55' title='bbox 927 707 1153 781; x_wconf 82' lang='grc' dir='ltr'><strong>καθαρῷ</strong></span> <span class='ocrx_word' id='word_1_56' title='bbox 1183 712 1277 764; x_wconf 77' lang='grc' dir='ltr'><strong>καὶ</strong></span> <span class='ocrx_word' id='word_1_57' title='bbox 1324 712 1572 784; x_wconf 78' lang='grc' dir='ltr'><strong>ἀμιάντῳ</strong></span> <span class='ocrx_word' id='word_1_58' title='bbox 1632 717 1929 787; x_wconf 78' lang='grc' dir='ltr'>παρῖστησι</span> 
     </span>
    </p>
   </div>
   <div class='ocr_carea' id='block_1_11' title="bbox 352 790 1926 874">
    <p class='ocr_par' dir='ltr' id='par_1_11' title="bbox 352 790 1926 874">
     <span class='ocr_line' id='line_1_11' title="bbox 352 790 1926 874; baseline 0.012 -32"><span class='ocrx_word' id='word_1_59' title='bbox 352 790 515 863; x_wconf 81' lang='grc' dir='ltr'>γάμῳ</span> <span class='ocrx_word' id='word_1_60' title='bbox 539 808 553 857; x_wconf 89' lang='lat'><strong>;</strong></span> <span class='ocrx_word' id='word_1_61' title='bbox 582 793 825 865; x_wconf 74' lang='grc' dir='ltr'>Πνεῦμα</span> <span class='ocrx_word' id='word_1_62' title='bbox 853 797 1042 868; x_wconf 72' lang='grc' dir='ltr'>ἅγιον,</span> <span class='ocrx_word' id='word_1_63' title='bbox 1079 802 1262 872; x_wconf 71' lang='grc' dir='ltr'>φησιν,</span> <span class='ocrx_word' id='word_1_64' title='bbox 1285 802 1674 861; x_wconf 72' lang='grc' dir='ltr'><strong>ἐπελεύσεται</strong></span> <span class='ocrx_word' id='word_1_65' title='bbox 1709 808 1805 864; x_wconf 81' lang='grc' dir='ltr'>ἐπὶ</span> <span class='ocrx_word' id='word_1_66' title='bbox 1831 808 1926 874; x_wconf 87' lang='grc' dir='ltr'><strong>σὲ,</strong></span> 
     </span>
    </p>
   </div>
   <div class='ocr_carea' id='block_1_12' title="bbox 270 881 1928 972">
    <p class='ocr_par' dir='ltr' id='par_1_12' title="bbox 270 881 1928 972">
     <span class='ocr_line' id='line_1_12' title="bbox 270 881 1928 972; baseline 0.016 -40"><span class='ocrx_word' id='word_1_67' title='bbox 270 922 283 942; x_wconf 76' lang='lat'><strong>,</strong></span> <span class='ocrx_word' id='word_1_68' title='bbox 352 881 451 935; x_wconf 83' lang='grc' dir='ltr'><strong>καί</strong></span> <span class='ocrx_word' id='word_1_69' title='bbox 484 883 736 954; x_wconf 73' lang='grc' dir='ltr'>δύναμις</span> <span class='ocrx_word' id='word_1_70' title='bbox 776 889 1058 957; x_wconf 71' lang='grc' dir='ltr'>Ὑψίστου</span> <span class='ocrx_word' id='word_1_71' title='bbox 1085 893 1426 949; x_wconf 77' lang='grc' dir='ltr'><strong>ἐπισκιάσει</strong></span> <span class='ocrx_word' id='word_1_72' title='bbox 1466 913 1587 954; x_wconf 90' lang='grc' dir='ltr'>σοι.</span> <span class='ocrx_word' id='word_1_73' title='bbox 1638 900 1703 953; x_wconf 84' lang='grc' dir='ltr'><strong>Ὢ</strong></span> <span class='ocrx_word' id='word_1_74' title='bbox 1749 920 1928 972; x_wconf 85' lang='grc' dir='ltr'>μακα-</span> 
     </span>
    </p>
   </div>
   <div class='ocr_carea' id='block_1_13' title="bbox 353 969 1929 1065">
    <p class='ocr_par' dir='ltr' id='par_1_13' title="bbox 353 969 1929 1065">
     <span class='ocr_line' id='line_1_13' title="bbox 353 969 1929 1065; baseline 0.018 -44"><span class='ocrx_word' id='word_1_75' title='bbox 353 969 475 1065; x_wconf 69' lang='grc' dir='ltr'>ρίας</span> <span class='ocrx_word' id='word_1_76' title='bbox 494 974 737 1065; x_wconf 65' lang='grc' dir='ltr'>γαστρὸς</span> <span class='ocrx_word' id='word_1_77' title='bbox 765 978 1000 1051; x_wconf 88' lang='grc' dir='ltr'>ἐκείνης,</span> <span class='ocrx_word' id='word_1_78' title='bbox 1031 982 1064 1052; x_wconf 88' lang='grc' dir='ltr'>ἢ</span> <span class='ocrx_word' id='word_1_79' title='bbox 1092 981 1162 1035; x_wconf 86' lang='grc' dir='ltr'>δι’</span> <span class='ocrx_word' id='word_1_80' title='bbox 1210 985 1511 1059; x_wconf 78' lang='grc' dir='ltr'>ὑπερϐολὴν</span> <span class='ocrx_word' id='word_1_81' title='bbox 1560 969 1929 1065; x_wconf 82' lang='grc' dir='ltr'>καθαρότητος</span> 
     </span>
    </p>
   </div>
   <div class='ocr_carea' id='block_1_14' title="bbox 350 1058 1928 1147">
    <p class='ocr_par' dir='ltr' id='par_1_14' title="bbox 350 1058 1928 1147">
     <span class='ocr_line' id='line_1_14' title="bbox 350 1058 1928 1147; baseline 0.019 -37"><span class='ocrx_word' id='word_1_82' title='bbox 350 1058 420 1112; x_wconf 74' lang='grc' dir='ltr'>τὰ</span> <span class='ocrx_word' id='word_1_83' title='bbox 456 1062 555 1132; x_wconf 85' lang='grc' dir='ltr'>τῆς</span> <span class='ocrx_word' id='word_1_84' title='bbox 578 1064 755 1136; x_wconf 78' lang='grc' dir='ltr'>ψυχῆς</span> <span class='ocrx_word' id='word_1_85' title='bbox 781 1067 962 1136; x_wconf 83' lang='grc' dir='ltr'>ἀγαθά</span> <span class='ocrx_word' id='word_1_86' title='bbox 994 1072 1131 1142; x_wconf 81' lang='grc' dir='ltr'>πρὸς</span> <span class='ocrx_word' id='word_1_87' title='bbox 1156 1075 1354 1147; x_wconf 76' lang='grc' dir='ltr'>ἑαυτὴν</span> <span class='ocrx_word' id='word_1_88' title='bbox 1387 1058 1759 1140; x_wconf 79' lang='grc' dir='ltr'>ἐπεσπάσατο.</span> <span class='ocrx_word' id='word_1_89' title='bbox 1806 1058 1928 1140; x_wconf 58' lang='grc' dir='ltr'><strong>’ίιῖπί⁵</strong></span> 
     </span>
    </p>
   </div>
   <div class='ocr_carea' id='block_1_15' title="bbox 354 1148 1928 1247">
    <p class='ocr_par' dir='ltr' id='par_1_15' title="bbox 354 1148 1928 1247">
     <span class='ocr_line' id='line_1_15' title="bbox 354 1148 1928 1247; baseline 0.02 -48"><span class='ocrx_word' id='word_1_90' title='bbox 354 1148 454 1247; x_wconf 68' lang='grc' dir='ltr'>μὲν</span> <span class='ocrx_word' id='word_1_91' title='bbox 478 1151 586 1247; x_wconf 72' lang='grc' dir='ltr'><strong>γάρ</strong></span> <span class='ocrx_word' id='word_1_92' title='bbox 617 1154 725 1208; x_wconf 82' lang='grc' dir='ltr'><strong>τῶν</strong></span> <span class='ocrx_word' id='word_1_93' title='bbox 754 1156 926 1213; x_wconf 85' lang='grc' dir='ltr'>ἄλλων</span> <span class='ocrx_word' id='word_1_94' title='bbox 953 1162 1229 1230; x_wconf 82' lang='grc' dir='ltr'>ἁπάντων,</span> <span class='ocrx_word' id='word_1_95' title='bbox 1260 1167 1412 1237; x_wconf 83' lang='grc' dir='ltr'><strong>μόλις</strong></span> <span class='ocrx_word' id='word_1_96' title='bbox 1446 1170 1512 1223; x_wconf 81' lang='grc' dir='ltr'>ἂν</span> <span class='ocrx_word' id='word_1_97' title='bbox 1537 1172 1684 1243; x_wconf 82' lang='grc' dir='ltr'><strong>ψυχὴ</strong></span> <span class='ocrx_word' id='word_1_98' title='bbox 1713 1174 1928 1247; x_wconf 69' lang='grc' dir='ltr'>καθαρὰ</span> 
     </span>
    </p>
   </div>
   <div class='ocr_carea' id='block_1_16' title="bbox 352 1240 1924 1331">
    <p class='ocr_par' dir='ltr' id='par_1_16' title="bbox 352 1240 1924 1331">
     <span class='ocr_line' id='line_1_16' title="bbox 352 1240 1924 1331; baseline 0.02 -41"><span class='ocrx_word' id='word_1_99' title='bbox 352 1240 670 1331; x_wconf 58' lang='grc' dir='ltr'>ίῐνεὺματος</span> <span class='ocrx_word' id='word_1_100' title='bbox 720 1247 877 1316; x_wconf 80' lang='grc' dir='ltr'><strong>ἁγίου</strong></span> <span class='ocrx_word' id='word_1_101' title='bbox 917 1253 1221 1323; x_wconf 80' lang='grc' dir='ltr'><strong>παρουσίαν</strong></span> <span class='ocrx_word' id='word_1_102' title='bbox 1269 1256 1480 1324; x_wconf 79' lang='grc' dir='ltr'>δέξαιτο</span> <span class='ocrx_word' id='word_1_103' title='bbox 1504 1277 1518 1290; x_wconf 92' lang='grc'><strong>·</strong></span> <span class='ocrx_word' id='word_1_104' title='bbox 1554 1240 1808 1318; x_wconf 74' lang='grc' dir='ltr'>ἐνταῦθα</span> <span class='ocrx_word' id='word_1_105' title='bbox 1847 1240 1924 1331; x_wconf 76' lang='grc' dir='ltr'><strong>δὲ,</strong></span> 
     </span>
    </p>
   </div>
   <div class='ocr_carea' id='block_1_17' title="bbox 349 1327 1924 1417">
    <p class='ocr_par' dir='ltr' id='par_1_17' title="bbox 349 1327 1924 1417">
     <span class='ocr_line' id='line_1_17' title="bbox 349 1327 1924 1417; baseline 0.019 -37"><span class='ocrx_word' id='word_1_106' title='bbox 349 1327 553 1399; x_wconf 82' lang='grc' dir='ltr'>δοχεῖον</span> <span class='ocrx_word' id='word_1_107' title='bbox 606 1334 701 1389; x_wconf 87' lang='grc' dir='ltr'><strong>τοῦ</strong></span> <span class='ocrx_word' id='word_1_108' title='bbox 748 1337 1125 1414; x_wconf 79' lang='grc' dir='ltr'>Πνεύματοςή</span> <span class='ocrx_word' id='word_1_109' title='bbox 1166 1344 1305 1416; x_wconf 75' lang='grc' dir='ltr'>σὰρξ</span> <span class='ocrx_word' id='word_1_110' title='bbox 1341 1348 1569 1417; x_wconf 83' lang='grc' dir='ltr'>γίνεται.</span> <span class='ocrx_word' id='word_1_111' title='bbox 1622 1352 1783 1407; x_wconf 75' lang='grc' dir='ltr'>Ἀ).λά</span> <span class='ocrx_word' id='word_1_112' title='bbox 1818 1327 1924 1409; x_wconf 79' lang='grc' dir='ltr'>Καί</span> 
     </span>
    </p>
   </div>
   <div class='ocr_carea' id='block_1_18' title="bbox 348 1417 1927 1517">
    <p class='ocr_par' dir='ltr' id='par_1_18' title="bbox 348 1417 1927 1517">
     <span class='ocr_line' id='line_1_18' title="bbox 348 1417 1927 1517; baseline 0.018 -46"><span class='ocrx_word' id='word_1_113' title='bbox 348 1417 604 1491; x_wconf 76' lang='grc' dir='ltr'>δύναμις</span> <span class='ocrx_word' id='word_1_114' title='bbox 641 1424 925 1496; x_wconf 72' lang='grc' dir='ltr'>Ὑψίστου</span> <span class='ocrx_word' id='word_1_115' title='bbox 949 1432 1290 1491; x_wconf 79' lang='grc' dir='ltr'><em>ἐπισκιάσει</em></span> <span class='ocrx_word' id='word_1_116' title='bbox 1317 1456 1437 1493; x_wconf 88' lang='grc' dir='ltr'>σοι.</span> <span class='ocrx_word' id='word_1_117' title='bbox 1462 1441 1527 1494; x_wconf 84' lang='grc' dir='ltr'><strong>Τί</strong></span> <span class='ocrx_word' id='word_1_118' title='bbox 1552 1442 1710 1499; x_wconf 89' lang='grc' dir='ltr'>τοῦτο</span> <span class='ocrx_word' id='word_1_119' title='bbox 1727 1446 1927 1517; x_wconf 84' lang='grc' dir='ltr'>σημαί-</span> 
     </span>
    </p>
   </div>
   <div class='ocr_carea' id='block_1_19' title="bbox 348 1513 1925 1601">
    <p class='ocr_par' dir='ltr' id='par_1_19' title="bbox 348 1513 1925 1601">
     <span class='ocr_line' id='line_1_19' title="bbox 348 1513 1925 1601; baseline 0.017 -37"><span class='ocrx_word' id='word_1_120' title='bbox 348 1527 429 1564; x_wconf 85' lang='grc' dir='ltr'><strong>νει</strong></span> <span class='ocrx_word' id='word_1_121' title='bbox 456 1513 523 1566; x_wconf 82' lang='grc' dir='ltr'><strong>δι’</strong></span> <span class='ocrx_word' id='word_1_122' title='bbox 549 1515 879 1591; x_wconf 74' lang='grc' dir='ltr'>ἀπορρήτων</span> <span class='ocrx_word' id='word_1_123' title='bbox 908 1523 935 1576; x_wconf 93' lang='lat'><strong>0</strong></span> <span class='ocrx_word' id='word_1_124' title='bbox 966 1522 1150 1593; x_wconf 89' lang='grc' dir='ltr'>λόγος;</span> <span class='ocrx_word' id='word_1_125' title='bbox 1185 1526 1308 1581; x_wconf 88' lang='grc' dir='ltr'><strong>Ὅτι</strong></span> <span class='ocrx_word' id='word_1_126' title='bbox 1345 1531 1578 1601; x_wconf 82' lang='grc' dir='ltr'>Χριστὸς</span> <span class='ocrx_word' id='word_1_127' title='bbox 1603 1534 1737 1588; x_wconf 86' lang='grc' dir='ltr'><strong>Θεοῦ</strong></span> <span class='ocrx_word' id='word_1_128' title='bbox 1767 1513 1925 1591; x_wconf 74' lang='grc' dir='ltr'>δῦνα-</span> 
     </span>
    </p>
   </div>
   <div class='ocr_carea' id='block_1_20' title="bbox 288 1607 1924 1692">
    <p class='ocr_par' dir='ltr' id='par_1_20' title="bbox 288 1607 1924 1692">
     <span class='ocr_line' id='line_1_20' title="bbox 288 1607 1924 1692; baseline 0.018 -37"><span class='ocrx_word' id='word_1_129' title='bbox 288 1635 293 1640; x_wconf 91' lang='grc'><strong>-</strong></span> <span class='ocrx_word' id='word_1_130' title='bbox 350 1621 440 1674; x_wconf 90' lang='grc' dir='ltr'><strong>μις</strong></span> <span class='ocrx_word' id='word_1_131' title='bbox 469 1607 562 1660; x_wconf 71' lang='grc' dir='ltr'><strong>καὶ</strong></span> <span class='ocrx_word' id='word_1_132' title='bbox 594 1608 729 1663; x_wconf 82' lang='grc' dir='ltr'><strong>Θεοῦ</strong></span> <span class='ocrx_word' id='word_1_133' title='bbox 764 1614 945 1682; x_wconf 81' lang='grc' dir='ltr'>σοφία,</span> <span class='ocrx_word' id='word_1_134' title='bbox 973 1616 1048 1681; x_wconf 82' lang='grc' dir='ltr'>ὥς</span> <span class='ocrx_word' id='word_1_135' title='bbox 1078 1635 1242 1690; x_wconf 82' lang='grc' dir='ltr'>φησιν</span> <span class='ocrx_word' id='word_1_136' title='bbox 1270 1624 1297 1675; x_wconf 94' lang='grc' dir='ltr'><strong>ό</strong></span> <span class='ocrx_word' id='word_1_137' title='bbox 1319 1622 1658 1692; x_wconf 84' lang='grc' dir='ltr'>Ἀπόστολος.</span> <span class='ocrx_word' id='word_1_138' title='bbox 1688 1630 1794 1683; x_wconf 91' lang='grc' dir='ltr'><strong>Τοῦ</strong></span> <span class='ocrx_word' id='word_1_139' title='bbox 1830 1626 1924 1684; x_wconf 80' lang='grc' dir='ltr'><strong>οὖν</strong></span> 
     </span>
    </p>
   </div>
   <div class='ocr_carea' id='block_1_21' title="bbox 348 1696 1926 1790">
    <p class='ocr_par' dir='ltr' id='par_1_21' title="bbox 348 1696 1926 1790">
     <span class='ocr_line' id='line_1_21' title="bbox 348 1696 1926 1790; baseline 0.018 -42"><span class='ocrx_word' id='word_1_140' title='bbox 348 1696 573 1790; x_wconf 53' lang='grc' dir='ltr'>ὑψίστου</span> <span class='ocrx_word' id='word_1_141' title='bbox 616 1701 750 1756; x_wconf 86' lang='grc' dir='ltr'>Θεοῦ</span> <span class='ocrx_word' id='word_1_142' title='bbox 794 1706 826 1776; x_wconf 81' lang='grc' dir='ltr'>ἡ</span> <span class='ocrx_word' id='word_1_143' title='bbox 861 1706 1107 1779; x_wconf 84' lang='grc' dir='ltr'>δύναμις,</span> <span class='ocrx_word' id='word_1_144' title='bbox 1137 1713 1257 1782; x_wconf 80' lang='grc' dir='ltr'>ἥτις</span> <span class='ocrx_word' id='word_1_145' title='bbox 1295 1716 1444 1769; x_wconf 73' lang='grc' dir='ltr'>ἐστὶν</span> <span class='ocrx_word' id='word_1_146' title='bbox 1470 1718 1500 1769; x_wconf 89' lang='lat'><strong>0</strong></span> <span class='ocrx_word' id='word_1_147' title='bbox 1540 1718 1795 1790; x_wconf 83' lang='grc' dir='ltr'>Χριστὸς,</span> <span class='ocrx_word' id='word_1_148' title='bbox 1837 1721 1926 1779; x_wconf 78' lang='grc' dir='ltr'>διὰ</span> 
     </span>
    </p>
   </div>
   <div class='ocr_carea' id='block_1_22' title="bbox 346 1788 1922 1885">
    <p class='ocr_par' dir='ltr' id='par_1_22' title="bbox 346 1788 1922 1885">
     <span class='ocr_line' id='line_1_22' title="bbox 346 1788 1922 1885; baseline 0.02 -44"><span class='ocrx_word' id='word_1_149' title='bbox 346 1788 446 1885; x_wconf 57' lang='grc' dir='ltr'>τῇς</span> <span class='ocrx_word' id='word_1_150' title='bbox 479 1793 814 1885; x_wconf 76' lang='grc' dir='ltr'>ἐπελεύσεως</span> <span class='ocrx_word' id='word_1_151' title='bbox 848 1801 942 1854; x_wconf 90' lang='grc' dir='ltr'><strong>τοῦ</strong></span> <span class='ocrx_word' id='word_1_152' title='bbox 984 1804 1140 1872; x_wconf 87' lang='grc' dir='ltr'>ἁγίου</span> <span class='ocrx_word' id='word_1_153' title='bbox 1178 1808 1491 1880; x_wconf 83' lang='grc' dir='ltr'>Πνεὺματος</span> <span class='ocrx_word' id='word_1_154' title='bbox 1543 1788 1922 1885; x_wconf 79' lang='grc' dir='ltr'>ἐμμορφοῦται</span> 
     </span>
    </p>
   </div>
   <div class='ocr_carea' id='block_1_23' title="bbox 345 1881 1923 1979">
    <p class='ocr_par' dir='ltr' id='par_1_23' title="bbox 345 1881 1923 1979">
     <span class='ocr_line' id='line_1_23' title="bbox 345 1881 1923 1979; baseline 0.018 -45"><span class='ocrx_word' id='word_1_155' title='bbox 345 1881 409 1979; x_wconf 58' lang='grc' dir='ltr'>τῇ</span> <span class='ocrx_word' id='word_1_156' title='bbox 441 1883 724 1979; x_wconf 71' lang='grc' dir='ltr'>παρθενίᾳ.</span> <span class='ocrx_word' id='word_1_157' title='bbox 752 1889 1019 1964; x_wconf 77' lang='grc' dir='ltr'>Καθάπερ</span> <span class='ocrx_word' id='word_1_158' title='bbox 1047 1895 1153 1968; x_wconf 85' lang='grc' dir='ltr'><strong>γάρ</strong></span> <span class='ocrx_word' id='word_1_159' title='bbox 1186 1897 1350 1968; x_wconf 83' lang='grc' dir='ltr'><strong>ήτῶν</strong></span> <span class='ocrx_word' id='word_1_160' title='bbox 1389 1881 1657 1972; x_wconf 77' lang='grc' dir='ltr'>σωμάτων</span> <span class='ocrx_word' id='word_1_161' title='bbox 1688 1881 1814 1960; x_wconf 82' lang='grc' dir='ltr'><strong>σκιά</strong></span> <span class='ocrx_word' id='word_1_162' title='bbox 1844 1906 1923 1979; x_wconf 81' lang='grc' dir='ltr'>τῷ</span> 
     </span>
    </p>
   </div>
   <div class='ocr_carea' id='block_1_24' title="bbox 343 1971 1921 2062">
    <p class='ocr_par' dir='ltr' id='par_1_24' title="bbox 343 1971 1921 2062">
     <span class='ocr_line' id='line_1_24' title="bbox 343 1971 1921 2062; baseline 0.018 -39"><span class='ocrx_word' id='word_1_163' title='bbox 343 1971 500 2044; x_wconf 83' lang='grc' dir='ltr'>τύπῳ</span> <span class='ocrx_word' id='word_1_164' title='bbox 538 1976 646 2029; x_wconf 84' lang='grc' dir='ltr'><strong>τῶν</strong></span> <span class='ocrx_word' id='word_1_165' title='bbox 686 1985 1114 2054; x_wconf 82' lang='grc' dir='ltr'>προηγουμένων</span> <span class='ocrx_word' id='word_1_166' title='bbox 1144 1971 1632 2062; x_wconf 76' lang='grc' dir='ltr'>συσχηματίζεται,</span> <span class='ocrx_word' id='word_1_167' title='bbox 1675 1995 1850 2062; x_wconf 76' lang='grc' dir='ltr'>οὕτως</span> 
     </span>
    </p>
   </div>
   <div class='ocr_carea' id='block_1_25' title="bbox 344 2066 1922 2158">
    <p class='ocr_par' dir='ltr' id='par_1_25' title="bbox 344 2066 1922 2158">
     <span class='ocr_line' id='line_1_25' title="bbox 344 2066 1922 2158; baseline 0.018 -43"><span class='ocrx_word' id='word_1_168' title='bbox 344 2066 632 2158; x_wconf 69' lang='grc' dir='ltr'>χαρακτὴρ</span> <span class='ocrx_word' id='word_1_169' title='bbox 658 2072 753 2124; x_wconf 76' lang='grc' dir='ltr'><strong>καὶ</strong></span> <span class='ocrx_word' id='word_1_170' title='bbox 783 2071 852 2125; x_wconf 77' lang='grc' dir='ltr'>τὰ</span> <span class='ocrx_word' id='word_1_171' title='bbox 892 2078 1247 2148; x_wconf 84' lang='grc' dir='ltr'>γνωρίσματα</span> <span class='ocrx_word' id='word_1_172' title='bbox 1273 2084 1372 2153; x_wconf 86' lang='grc' dir='ltr'><strong>τῆς</strong></span> <span class='ocrx_word' id='word_1_173' title='bbox 1394 2084 1489 2137; x_wconf 88' lang='grc' dir='ltr'><strong>τοῦ</strong></span> <span class='ocrx_word' id='word_1_174' title='bbox 1518 2086 1646 2140; x_wconf 86' lang='grc' dir='ltr'>Υίοῦ</span> <span class='ocrx_word' id='word_1_175' title='bbox 1668 2087 1922 2158; x_wconf 82' lang='grc' dir='ltr'>Θεότητος</span> 
     </span>
    </p>
   </div>
   <div class='ocr_carea' id='block_1_26' title="bbox 344 2157 1921 2249">
    <p class='ocr_par' dir='ltr' id='par_1_26' title="bbox 344 2157 1921 2249">
     <span class='ocr_line' id='line_1_26' title="bbox 344 2157 1921 2249; baseline 0.018 -43"><span class='ocrx_word' id='word_1_176' title='bbox 344 2157 402 2208; x_wconf 82' lang='grc' dir='ltr'>ὲν</span> <span class='ocrx_word' id='word_1_177' title='bbox 437 2160 501 2228; x_wconf 82' lang='grc' dir='ltr'>τῇ</span> <span class='ocrx_word' id='word_1_178' title='bbox 542 2158 769 2232; x_wconf 82' lang='grc' dir='ltr'>δυνάμει</span> <span class='ocrx_word' id='word_1_179' title='bbox 799 2165 892 2218; x_wconf 88' lang='grc' dir='ltr'><strong>τοῦ</strong></span> <span class='ocrx_word' id='word_1_180' title='bbox 927 2170 1244 2239; x_wconf 80' lang='grc' dir='ltr'>τικτομένου</span> <span class='ocrx_word' id='word_1_181' title='bbox 1286 2174 1712 2249; x_wconf 78' lang='grc' dir='ltr'>ὀιαφανήσεται,</span> <span class='ocrx_word' id='word_1_182' title='bbox 1758 2179 1921 2235; x_wconf 78' lang='grc' dir='ltr'>εἰκὼν</span> 
     </span>
    </p>
   </div>
   <div class='ocr_carea' id='block_1_27' title="bbox 345 2253 1920 2347">
    <p class='ocr_par' dir='ltr' id='par_1_27' title="bbox 345 2253 1920 2347">
     <span class='ocr_line' id='line_1_27' title="bbox 345 2253 1920 2347; baseline 0.018 -45"><span class='ocrx_word' id='word_1_183' title='bbox 345 2253 439 2347; x_wconf 78' lang='grc' dir='ltr'>καὶ</span> <span class='ocrx_word' id='word_1_184' title='bbox 481 2256 717 2325; x_wconf 76' lang='grc' dir='ltr'>σφραγὶς</span> <span class='ocrx_word' id='word_1_185' title='bbox 774 2260 865 2315; x_wconf 82' lang='grc' dir='ltr'><strong>καὶ</strong></span> <span class='ocrx_word' id='word_1_186' title='bbox 907 2263 1261 2338; x_wconf 75' lang='grc' dir='ltr'>ἀποσκίασμα</span> <span class='ocrx_word' id='word_1_187' title='bbox 1310 2273 1402 2326; x_wconf 70' lang='grc' dir='ltr'>καὶ</span> <span class='ocrx_word' id='word_1_188' title='bbox 1440 2274 1782 2347; x_wconf 79' lang='grc' dir='ltr'>ἀπαύγασμα</span> <span class='ocrx_word' id='word_1_189' title='bbox 1826 2277 1920 2331; x_wconf 89' lang='grc' dir='ltr'><strong>τοῦ</strong></span> 
     </span>
    </p>
   </div>
   <div class='ocr_carea' id='block_1_28' title="bbox 342 2344 711 2418">
    <p class='ocr_par' dir='ltr' id='par_1_28' title="bbox 342 2344 711 2418">
     <span class='ocr_line' id='line_1_28' title="bbox 342 2344 711 2418; baseline 0.027 -21"><span class='ocrx_word' id='word_1_190' title='bbox 342 2344 711 2418; x_wconf 78' lang='grc' dir='ltr'>δεικνύμενος.</span> 
     </span>
    </p>
   </div>
   <div class='ocr_carea' id='block_1_29' title="bbox 428 2439 1920 2535">
    <p class='ocr_par' dir='ltr' id='par_1_29' title="bbox 428 2439 1920 2535">
     <span class='ocr_line' id='line_1_29' title="bbox 428 2439 1920 2535; baseline 0.019 -43"><span class='ocrx_word' id='word_1_191' title='bbox 428 2439 568 2493; x_wconf 80' lang='grc' dir='ltr'>Ἀλλ’</span> <span class='ocrx_word' id='word_1_192' title='bbox 592 2446 684 2499; x_wconf 78' lang='grc' dir='ltr'>ἐπὶ</span> <span class='ocrx_word' id='word_1_193' title='bbox 711 2448 811 2518; x_wconf 77' lang='grc' dir='ltr'>τὴν</span> <span class='ocrx_word' id='word_1_194' title='bbox 834 2449 1078 2524; x_wconf 80' lang='grc' dir='ltr'>Βηθλεέμ</span> <span class='ocrx_word' id='word_1_195' title='bbox 1118 2457 1264 2526; x_wconf 77' lang='grc' dir='ltr'>ἡμᾶς</span> <span class='ocrx_word' id='word_1_196' title='bbox 1295 2458 1627 2532; x_wconf 75' lang='grc' dir='ltr'>ἀναδραμεῖν</span> <span class='ocrx_word' id='word_1_197' title='bbox 1660 2462 1742 2535; x_wconf 87' lang='grc' dir='ltr'>τῷ</span> <span class='ocrx_word' id='word_1_198' title='bbox 1779 2464 1920 2535; x_wconf 83' lang='grc' dir='ltr'>λόγῳ</span> 
     </span>
    </p>
   </div>
   <div class='ocr_carea' id='block_1_30' title="bbox 345 2535 1918 2619">
    <p class='ocr_par' dir='ltr' id='par_1_30' title="bbox 345 2535 1918 2619">
     <span class='ocr_line' id='line_1_30' title="bbox 345 2535 1918 2619; baseline 0.018 -34"><span class='ocrx_word' id='word_1_199' title='bbox 345 2535 720 2606; x_wconf 59' lang='grc' dir='ltr'>προτρέπεται,</span> <span class='ocrx_word' id='word_1_200' title='bbox 754 2542 813 2595; x_wconf 82' lang='grc' dir='ltr'>τὸ</span> <span class='ocrx_word' id='word_1_201' title='bbox 852 2545 1142 2614; x_wconf 82' lang='grc' dir='ltr'>ἀγγελικὸν</span> <span class='ocrx_word' id='word_1_202' title='bbox 1172 2551 1506 2619; x_wconf 84' lang='grc' dir='ltr'>εὐαγγέλιον,</span> <span class='ocrx_word' id='word_1_203' title='bbox 1546 2556 1642 2609; x_wconf 75' lang='grc' dir='ltr'>καὶ</span> <span class='ocrx_word' id='word_1_204' title='bbox 1682 2559 1918 2613; x_wconf 83' lang='grc' dir='ltr'>κατιδεῖν</span> 
     </span>
    </p>
   </div>
   <div class='ocr_carea' id='block_1_31' title="bbox 345 2621 1919 2710">
    <p class='ocr_par' dir='ltr' id='par_1_31' title="bbox 345 2621 1919 2710">
     <span class='ocr_line' id='line_1_31' title="bbox 345 2621 1919 2710; baseline 0.019 -36"><span class='ocrx_word' id='word_1_205' title='bbox 345 2621 414 2675; x_wconf 77' lang='grc' dir='ltr'>τὰ</span> <span class='ocrx_word' id='word_1_206' title='bbox 449 2626 508 2677; x_wconf 80' lang='grc' dir='ltr'><strong>ἐν</strong></span> <span class='ocrx_word' id='word_1_207' title='bbox 535 2625 612 2697; x_wconf 84' lang='grc' dir='ltr'>τῷ</span> <span class='ocrx_word' id='word_1_208' title='bbox 659 2631 906 2704; x_wconf 83' lang='grc' dir='ltr'>σπηλαίῳ</span> <span class='ocrx_word' id='word_1_209' title='bbox 948 2640 1240 2710; x_wconf 81' lang='grc' dir='ltr'>μυστήρια.</span> <span class='ocrx_word' id='word_1_210' title='bbox 1277 2642 1341 2694; x_wconf 91' lang='grc' dir='ltr'><strong>Τί</strong></span> <span class='ocrx_word' id='word_1_211' title='bbox 1368 2642 1561 2710; x_wconf 84' lang='grc' dir='ltr'>τοῦτο;</span> <span class='ocrx_word' id='word_1_212' title='bbox 1603 2647 1818 2702; x_wconf 86' lang='grc' dir='ltr'>Παιδίον</span> <span class='ocrx_word' id='word_1_213' title='bbox 1862 2653 1919 2704; x_wconf 81' lang='grc' dir='ltr'>ὲν</span> 
     </span>
    </p>
   </div>
   <div class='ocr_carea' id='block_1_32' title="bbox 349 2722 1920 2810">
    <p class='ocr_par' dir='ltr' id='par_1_32' title="bbox 349 2722 1920 2810">
     <span class='ocr_line' id='line_1_32' title="bbox 349 2722 1920 2810; baseline 0.018 -42"><span class='ocrx_word' id='word_1_214' title='bbox 349 2722 681 2790; x_wconf 84' lang='grc' dir='ltr'>σπαργάνοις</span> <span class='ocrx_word' id='word_1_215' title='bbox 716 2725 1114 2801; x_wconf 80' lang='grc' dir='ltr'>διειλημμένον,</span> <span class='ocrx_word' id='word_1_216' title='bbox 1140 2735 1233 2788; x_wconf 79' lang='grc' dir='ltr'><strong>καὶ</strong></span> <span class='ocrx_word' id='word_1_217' title='bbox 1280 2736 1373 2790; x_wconf 77' lang='grc' dir='ltr'>ἐπὶ</span> <span class='ocrx_word' id='word_1_218' title='bbox 1400 2737 1607 2810; x_wconf 82' lang='grc' dir='ltr'>φάτνης</span> <span class='ocrx_word' id='word_1_219' title='bbox 1648 2741 1920 2799; x_wconf 82' lang='grc' dir='ltr'>ἀναπαυό-</span> 
     </span>
    </p>
   </div>
   <div class='ocr_carea' id='block_1_33' title="bbox 347 2814 1918 2906">
    <p class='ocr_par' dir='ltr' id='par_1_33' title="bbox 347 2814 1918 2906">
     <span class='ocr_line' id='line_1_33' title="bbox 347 2814 1918 2906; baseline 0.02 -48"><span class='ocrx_word' id='word_1_220' title='bbox 347 2824 505 2906; x_wconf 83' lang='grc' dir='ltr'>μενον</span> <span class='ocrx_word' id='word_1_221' title='bbox 524 2826 540 2842; x_wconf 75' lang='grc' dir='ltr'><strong>ο</strong></span> <span class='ocrx_word' id='word_1_222' title='bbox 564 2814 712 2885; x_wconf 76' lang='grc' dir='ltr'>καὶὴ</span> <span class='ocrx_word' id='word_1_223' title='bbox 738 2819 876 2886; x_wconf 83' lang='grc' dir='ltr'><strong>μετά</strong></span> <span class='ocrx_word' id='word_1_224' title='bbox 905 2820 1063 2875; x_wconf 81' lang='grc' dir='ltr'>τόκον</span> <span class='ocrx_word' id='word_1_225' title='bbox 1085 2824 1373 2896; x_wconf 77' lang='grc' dir='ltr'>παρθένος,</span> <span class='ocrx_word' id='word_1_226' title='bbox 1411 2829 1444 2899; x_wconf 84' lang='grc' dir='ltr'><strong>ή</strong></span> <span class='ocrx_word' id='word_1_227' title='bbox 1470 2830 1706 2903; x_wconf 79' lang='grc' dir='ltr'>ἄφθορος</span> <span class='ocrx_word' id='word_1_228' title='bbox 1736 2835 1918 2906; x_wconf 81' lang='grc' dir='ltr'>μήτηρ</span> 
     </span>
    </p>
   </div>
   <div class='ocr_carea' id='block_1_34' title="bbox 344 2902 1913 2996">
    <p class='ocr_par' dir='ltr' id='par_1_34' title="bbox 344 2902 1913 2996">
     <span class='ocr_line' id='line_1_34' title="bbox 344 2902 1913 2996; baseline 0.018 -44"><span class='ocrx_word' id='word_1_229' title='bbox 344 2902 594 2996; x_wconf 72' lang='grc' dir='ltr'>περιέπει</span> <span class='ocrx_word' id='word_1_230' title='bbox 630 2906 692 2960; x_wconf 85' lang='grc' dir='ltr'>τὸ</span> <span class='ocrx_word' id='word_1_231' title='bbox 739 2907 979 2979; x_wconf 76' lang='grc' dir='ltr'>ἔκγονον.</span> <span class='ocrx_word' id='word_1_232' title='bbox 1026 2914 1304 2988; x_wconf 81' lang='grc' dir='ltr'>Είπωμεν,</span> <span class='ocrx_word' id='word_1_233' title='bbox 1352 2920 1403 2973; x_wconf 77' lang='lat' dir='ltr'><strong>oi</strong></span> <span class='ocrx_word' id='word_1_234' title='bbox 1437 2902 1694 2993; x_wconf 82' lang='grc' dir='ltr'>ποιμένες</span> <span class='ocrx_word' id='word_1_235' title='bbox 1731 2902 1913 2996; x_wconf 62' lang='grc' dir='ltr'>ἡμεῖς,</span> 
     </span>
    </p>
   </div>
   <div class='ocr_carea' id='block_1_35' title="bbox 341 2990 1912 3085">
    <p class='ocr_par' dir='ltr' id='par_1_35' title="bbox 341 2990 1912 3085">
     <span class='ocr_line' id='line_1_35' title="bbox 341 2990 1912 3085; baseline 0.018 -43"><span class='ocrx_word' id='word_1_236' title='bbox 341 2990 439 3085; x_wconf 70' lang='grc' dir='ltr'><strong>την</strong></span> <span class='ocrx_word' id='word_1_237' title='bbox 467 2994 563 3047; x_wconf 85' lang='grc' dir='ltr'><strong>τοῦ</strong></span> <span class='ocrx_word' id='word_1_238' title='bbox 591 2996 876 3071; x_wconf 82' lang='grc' dir='ltr'>Προφήτου</span> <span class='ocrx_word' id='word_1_239' title='bbox 904 3003 1109 3076; x_wconf 79' lang='grc' dir='ltr'>φωνὴν,</span> <span class='ocrx_word' id='word_1_240' title='bbox 1134 3006 1215 3061; x_wconf 86' lang='grc' dir='ltr'>ὅτι</span> <span class='ocrx_word' id='word_1_241' title='bbox 1241 3009 1518 3081; x_wconf 79' lang='grc' dir='ltr'>Καθάπερ</span> <span class='ocrx_word' id='word_1_242' title='bbox 1538 2990 1912 3085; x_wconf 36' lang='lat' dir='ltr'><strong>aiataiat-Ilua,</strong></span> 
     </span>
    </p>
   </div>
   <div class='ocr_carea' id='block_1_36' title="bbox 339 3082 1920 3172">
    <p class='ocr_par' dir='ltr' id='par_1_36' title="bbox 339 3082 1920 3172">
     <span class='ocr_line' id='line_1_36' title="bbox 339 3082 1920 3172; baseline 0.018 -37"><span class='ocrx_word' id='word_1_243' title='bbox 339 3082 494 3138; x_wconf 82' lang='grc' dir='ltr'>οὕτω</span> <span class='ocrx_word' id='word_1_244' title='bbox 520 3088 619 3142; x_wconf 79' lang='grc' dir='ltr'><strong>καί</strong></span> <span class='ocrx_word' id='word_1_245' title='bbox 647 3090 884 3162; x_wconf 78' lang='grc' dir='ltr'>εἴδομεν</span> <span class='ocrx_word' id='word_1_246' title='bbox 909 3095 981 3148; x_wconf 78' lang='grc' dir='ltr'><strong>ἐν</strong></span> <span class='ocrx_word' id='word_1_247' title='bbox 1007 3099 1183 3152; x_wconf 72' lang='grc' dir='ltr'>πόλει</span> <span class='ocrx_word' id='word_1_248' title='bbox 1213 3100 1320 3155; x_wconf 79' lang='grc' dir='ltr'><strong>τοῦ</strong></span> <span class='ocrx_word' id='word_1_249' title='bbox 1358 3089 1579 3172; x_wconf 69' lang='grc' dir='ltr'>Κυρίου</span> <span class='ocrx_word' id='word_1_250' title='bbox 1597 3105 1717 3161; x_wconf 81' lang='grc' dir='ltr'><strong>τῶν</strong></span> <span class='ocrx_word' id='word_1_251' title='bbox 1736 3082 1920 3163; x_wconf 58' lang='lat' dir='ltr'><strong>60rd-</strong></span> 
     </span>
    </p>
   </div>
   <div class='ocr_carea' id='block_1_37' title="bbox 333 3177 1921 3269">
    <p class='ocr_par' dir='ltr' id='par_1_37' title="bbox 333 3177 1921 3269">
     <span class='ocr_line' id='line_1_37' title="bbox 333 3177 1921 3269; baseline 0.016 -43"><span class='ocrx_word' id='word_1_252' title='bbox 333 3190 516 3269; x_wconf 75' lang='grc' dir='ltr'>μεων,</span> <span class='ocrx_word' id='word_1_253' title='bbox 552 3177 623 3232; x_wconf 70' lang='grc' dir='ltr'><strong>ἐν</strong></span> <span class='ocrx_word' id='word_1_254' title='bbox 648 3181 820 3236; x_wconf 78' lang='grc' dir='ltr'>πόλει</span> <span class='ocrx_word' id='word_1_255' title='bbox 843 3184 950 3269; x_wconf 82' lang='grc' dir='ltr'><strong>τοῦ</strong></span> <span class='ocrx_word' id='word_1_256' title='bbox 993 3187 1142 3243; x_wconf 84' lang='grc' dir='ltr'>Θεοῦ</span> <span class='ocrx_word' id='word_1_257' title='bbox 1166 3188 1356 3259; x_wconf 74' lang='grc' dir='ltr'>ἡμῶν.</span> <span class='ocrx_word' id='word_1_258' title='bbox 1386 3193 1499 3248; x_wconf 86' lang='grc' dir='ltr'><strong>Οὐκ</strong></span> <span class='ocrx_word' id='word_1_259' title='bbox 1526 3191 1639 3266; x_wconf 83' lang='grc' dir='ltr'>ἆρα</span> <span class='ocrx_word' id='word_1_260' title='bbox 1675 3213 1921 3269; x_wconf 75' lang='grc' dir='ltr'>συντυχε-</span> 
     </span>
    </p>
   </div>
   <div class='ocr_carea' id='block_1_38' title="bbox 344 3268 1918 3351">
    <p class='ocr_par' dir='ltr' id='par_1_38' title="bbox 344 3268 1918 3351">
     <span class='ocr_line' id='line_1_38' title="bbox 344 3268 1918 3351; baseline 0.015 -30"><span class='ocrx_word' id='word_1_261' title='bbox 344 3268 458 3334; x_wconf 80' lang='grc' dir='ltr'>κῶς</span> <span class='ocrx_word' id='word_1_262' title='bbox 479 3269 652 3325; x_wconf 89' lang='grc' dir='ltr'>ταῦτα</span> <span class='ocrx_word' id='word_1_263' title='bbox 677 3273 821 3328; x_wconf 85' lang='grc' dir='ltr'>κατὰ</span> <span class='ocrx_word' id='word_1_264' title='bbox 854 3268 915 3330; x_wconf 85' lang='grc' dir='ltr'><strong>τὸ</strong></span> <span class='ocrx_word' id='word_1_265' title='bbox 943 3278 1159 3349; x_wconf 79' lang='grc' dir='ltr'>συμϐὰν</span> <span class='ocrx_word' id='word_1_266' title='bbox 1189 3281 1283 3335; x_wconf 75' lang='grc' dir='ltr'><strong>καὶ</strong></span> <span class='ocrx_word' id='word_1_267' title='bbox 1300 3281 1544 3351; x_wconf 77' lang='grc' dir='ltr'>γέγονεν,</span> <span class='ocrx_word' id='word_1_268' title='bbox 1576 3287 1671 3340; x_wconf 78' lang='grc' dir='ltr'><strong>καὶ</strong></span> <span class='ocrx_word' id='word_1_269' title='bbox 1709 3288 1801 3342; x_wconf 76' lang='grc' dir='ltr'>ἐπὶ</span> <span class='ocrx_word' id='word_1_270' title='bbox 1824 3268 1918 3343; x_wconf 80' lang='grc' dir='ltr'><strong>τοῦ</strong></span> 
     </span>
    </p>
   </div>
   <div class='ocr_carea' id='block_1_39' title="bbox 341 3360 1919 3454">
    <p class='ocr_par' dir='ltr' id='par_1_39' title="bbox 341 3360 1919 3454">
     <span class='ocr_line' id='line_1_39' title="bbox 341 3360 1919 3454; baseline 0.015 -42"><span class='ocrx_word' id='word_1_271' title='bbox 341 3360 581 3431; x_wconf 82' lang='grc' dir='ltr'>Χριστοῦ</span> <span class='ocrx_word' id='word_1_272' title='bbox 640 3364 955 3438; x_wconf 77' lang='grc' dir='ltr'>ἱστόρηται,</span> <span class='ocrx_word' id='word_1_273' title='bbox 1001 3370 1093 3423; x_wconf 78' lang='grc' dir='ltr'><strong>καὶ</strong></span> <span class='ocrx_word' id='word_1_274' title='bbox 1147 3372 1322 3438; x_wconf 81' lang='grc' dir='ltr'>οὐδεὶς</span> <span class='ocrx_word' id='word_1_275' title='bbox 1368 3373 1558 3430; x_wconf 74' lang='grc' dir='ltr'>ἔπεστι</span> <span class='ocrx_word' id='word_1_276' title='bbox 1606 3380 1674 3449; x_wconf 77' lang='grc' dir='ltr'>τῇ</span> <span class='ocrx_word' id='word_1_277' title='bbox 1710 3380 1919 3454; x_wconf 76' lang='grc' dir='ltr'>ἱστορίᾳ</span> 
     </span>
    </p>
   </div>
   <div class='ocr_carea' id='block_1_40' title="bbox 339 3452 1920 3541">
    <p class='ocr_par' dir='ltr' id='par_1_40' title="bbox 339 3452 1920 3541">
     <span class='ocr_line' id='line_1_40' title="bbox 339 3452 1920 3541; baseline 0.015 -37"><span class='ocrx_word' id='word_1_278' title='bbox 339 3452 529 3522; x_wconf 84' lang='grc' dir='ltr'>λόγος;</span> <span class='ocrx_word' id='word_1_279' title='bbox 553 3456 618 3509; x_wconf 92' lang='grc' dir='ltr'>Τί</span> <span class='ocrx_word' id='word_1_280' title='bbox 653 3457 902 3527; x_wconf 84' lang='grc' dir='ltr'>βούλεται</span> <span class='ocrx_word' id='word_1_281' title='bbox 935 3461 1014 3533; x_wconf 84' lang='grc' dir='ltr'>τῷ</span> <span class='ocrx_word' id='word_1_282' title='bbox 1045 3464 1293 3539; x_wconf 76' lang='grc' dir='ltr'>Δεσπότῃ</span> <span class='ocrx_word' id='word_1_283' title='bbox 1331 3468 1365 3538; x_wconf 80' lang='grc' dir='ltr'><strong>ῄ</strong></span> <span class='ocrx_word' id='word_1_284' title='bbox 1398 3471 1456 3522; x_wconf 83' lang='grc' dir='ltr'><strong>ἐν</strong></span> <span class='ocrx_word' id='word_1_285' title='bbox 1483 3468 1736 3541; x_wconf 79' lang='grc' dir='ltr'>σπηλαίῳ</span> <span class='ocrx_word' id='word_1_286' title='bbox 1752 3452 1920 3526; x_wconf 48' lang='grc' dir='ltr'>καταζ-</span> 
     </span>
    </p>
   </div>
   <div class='ocr_carea' id='block_1_41' title="bbox 339 3546 1917 3634">
    <p class='ocr_par' dir='ltr' id='par_1_41' title="bbox 339 3546 1917 3634">
     <span class='ocr_line' id='line_1_41' title="bbox 339 3546 1917 3634; baseline 0.014 -37"><span class='ocrx_word' id='word_1_287' title='bbox 339 3546 518 3618; x_wconf 80' lang='grc' dir='ltr'>γωγὴ,</span> <span class='ocrx_word' id='word_1_288' title='bbox 552 3549 586 3619; x_wconf 77' lang='grc' dir='ltr'>ἡ</span> <span class='ocrx_word' id='word_1_289' title='bbox 623 3551 717 3605; x_wconf 77' lang='grc' dir='ltr'>ἐπὶ</span> <span class='ocrx_word' id='word_1_290' title='bbox 745 3553 952 3627; x_wconf 83' lang='grc' dir='ltr'>φάτνης</span> <span class='ocrx_word' id='word_1_291' title='bbox 981 3555 1298 3623; x_wconf 86' lang='grc' dir='ltr'>ἀνάκλισις;</span> <span class='ocrx_word' id='word_1_292' title='bbox 1335 3559 1397 3612; x_wconf 72' lang='grc' dir='ltr'>τὸ</span> <span class='ocrx_word' id='word_1_293' title='bbox 1423 3561 1478 3611; x_wconf 79' lang='grc' dir='ltr'><strong>ἐν</strong></span> <span class='ocrx_word' id='word_1_294' title='bbox 1507 3561 1588 3631; x_wconf 83' lang='grc' dir='ltr'>τῷ</span> <span class='ocrx_word' id='word_1_295' title='bbox 1618 3563 1794 3634; x_wconf 83' lang='grc' dir='ltr'>καιρῷ</span> <span class='ocrx_word' id='word_1_296' title='bbox 1817 3564 1917 3633; x_wconf 83' lang='grc' dir='ltr'>τῆς</span> 
     </span>
    </p>
   </div>
   <div class='ocr_carea' id='block_1_42' title="bbox 338 3636 1919 3724">
    <p class='ocr_par' dir='ltr' id='par_1_42' title="bbox 338 3636 1919 3724">
     <span class='ocr_line' id='line_1_42' title="bbox 338 3636 1919 3724; baseline 0.011 -34"><span class='ocrx_word' id='word_1_297' title='bbox 338 3636 449 3692; x_wconf 83' lang='grc' dir='ltr'>τῶν</span> <span class='ocrx_word' id='word_1_298' title='bbox 501 3641 686 3713; x_wconf 82' lang='grc' dir='ltr'>φόρων</span> <span class='ocrx_word' id='word_1_299' title='bbox 733 3645 1063 3718; x_wconf 79' lang='grc' dir='ltr'>ἀπογραφῆς</span> <span class='ocrx_word' id='word_1_300' title='bbox 1120 3650 1521 3720; x_wconf 80' lang='grc' dir='ltr'>καταμιχθῆναι</span> <span class='ocrx_word' id='word_1_301' title='bbox 1563 3651 1644 3722; x_wconf 80' lang='grc' dir='ltr'>τῷ</span> <span class='ocrx_word' id='word_1_302' title='bbox 1691 3654 1822 3724; x_wconf 70' lang='grc' dir='ltr'>βίω;</span> <span class='ocrx_word' id='word_1_303' title='bbox 1848 3657 1919 3709; x_wconf 83' lang='grc' dir='ltr'>Ἦ</span> 
     </span>
    </p>
   </div>
   <div class='ocr_carea' id='block_1_43' title="bbox 340 3727 1919 3817">
    <p class='ocr_par' dir='ltr' id='par_1_43' title="bbox 340 3727 1919 3817">
     <span class='ocr_line' id='line_1_43' title="bbox 340 3727 1919 3817; baseline 0.013 -36"><span class='ocrx_word' id='word_1_304' title='bbox 340 3727 499 3798; x_wconf 77' lang='grc' dir='ltr'>δῆλόν</span> <span class='ocrx_word' id='word_1_305' title='bbox 532 3732 705 3799; x_wconf 82' lang='grc' dir='ltr'>ἐστιν,</span> <span class='ocrx_word' id='word_1_306' title='bbox 727 3734 810 3787; x_wconf 83' lang='grc' dir='ltr'>ὅτι</span> <span class='ocrx_word' id='word_1_307' title='bbox 841 3735 1032 3808; x_wconf 81' lang='grc' dir='ltr'>ὥσπερ</span> <span class='ocrx_word' id='word_1_308' title='bbox 1068 3740 1167 3809; x_wconf 84' lang='grc' dir='ltr'>τῆς</span> <span class='ocrx_word' id='word_1_309' title='bbox 1195 3742 1426 3811; x_wconf 83' lang='grc' dir='ltr'>νομικῆς</span> <span class='ocrx_word' id='word_1_310' title='bbox 1455 3745 1603 3815; x_wconf 81' lang='grc' dir='ltr'>ἡμᾶς</span> <span class='ocrx_word' id='word_1_311' title='bbox 1621 3746 1919 3817; x_wconf 70' lang='grc' dir='ltr'>ἐξαιρεῖται</span> 
     </span>
    </p>
   </div>
   <div class='ocr_carea' id='block_1_44' title="bbox 342 3822 1919 3907">
    <p class='ocr_par' dir='ltr' id='par_1_44' title="bbox 342 3822 1919 3907">
     <span class='ocr_line' id='line_1_44' title="bbox 342 3822 1919 3907; baseline 0.013 -35"><span class='ocrx_word' id='word_1_312' title='bbox 342 3822 607 3893; x_wconf 82' lang='grc' dir='ltr'>κατάρας,</span> <span class='ocrx_word' id='word_1_313' title='bbox 653 3824 818 3889; x_wconf 80' lang='grc' dir='ltr'>αὐτὸς</span> <span class='ocrx_word' id='word_1_314' title='bbox 844 3826 987 3898; x_wconf 82' lang='grc' dir='ltr'>ὑπὲρ</span> <span class='ocrx_word' id='word_1_315' title='bbox 1014 3829 1171 3899; x_wconf 79' lang='grc' dir='ltr'>ἡμῶν</span> <span class='ocrx_word' id='word_1_316' title='bbox 1205 3832 1419 3905; x_wconf 86' lang='grc' dir='ltr'>κατάρα</span> <span class='ocrx_word' id='word_1_317' title='bbox 1466 3835 1774 3907; x_wconf 85' lang='grc' dir='ltr'>γενόμενος,</span> <span class='ocrx_word' id='word_1_318' title='bbox 1825 3840 1919 3894; x_wconf 78' lang='grc' dir='ltr'><strong>καὶ</strong></span> 
     </span>
    </p>
   </div>
   <div class='ocr_carea' id='block_1_45' title="bbox 341 3913 1915 4000">
    <p class='ocr_par' dir='ltr' id='par_1_45' title="bbox 341 3913 1915 4000">
     <span class='ocr_line' id='line_1_45' title="bbox 341 3913 1915 4000; baseline 0.012 -37"><span class='ocrx_word' id='word_1_319' title='bbox 341 3913 464 3976; x_wconf 84' lang='grc' dir='ltr'>τοὺς</span> <span class='ocrx_word' id='word_1_320' title='bbox 517 3915 822 3987; x_wconf 84' lang='grc' dir='ltr'>ἡμετέρους</span> <span class='ocrx_word' id='word_1_321' title='bbox 871 3917 1147 3988; x_wconf 83' lang='grc' dir='ltr'>μώλωπας</span> <span class='ocrx_word' id='word_1_322' title='bbox 1173 3923 1256 3986; x_wconf 79' lang='grc' dir='ltr'><strong>είς</strong></span> <span class='ocrx_word' id='word_1_323' title='bbox 1297 3924 1489 3979; x_wconf 83' lang='grc' dir='ltr'>ἐαυτὸν</span> <span class='ocrx_word' id='word_1_324' title='bbox 1542 3928 1915 4000; x_wconf 83' lang='grc' dir='ltr'>μετατίθησιν,</span> 
     </span>
    </p>
   </div>
   <div class='ocr_carea' id='block_1_46' title="bbox 341 4003 1918 4087">
    <p class='ocr_par' dir='ltr' id='par_1_46' title="bbox 341 4003 1918 4087">
     <span class='ocr_line' id='line_1_46' title="bbox 341 4003 1918 4087; baseline 0.015 -33"><span class='ocrx_word' id='word_1_325' title='bbox 341 4003 429 4055; x_wconf 80' lang='grc' dir='ltr'>ἵνα</span> <span class='ocrx_word' id='word_1_326' title='bbox 474 4004 554 4076; x_wconf 86' lang='grc' dir='ltr'>τῷ</span> <span class='ocrx_word' id='word_1_327' title='bbox 594 4005 824 4076; x_wconf 85' lang='grc' dir='ltr'>μώλωπι</span> <span class='ocrx_word' id='word_1_328' title='bbox 848 4009 1013 4065; x_wconf 87' lang='grc' dir='ltr'>αὑτοῦ</span> <span class='ocrx_word' id='word_1_329' title='bbox 1041 4013 1198 4083; x_wconf 82' lang='grc' dir='ltr'>ἡμεῖς</span> <span class='ocrx_word' id='word_1_330' title='bbox 1232 4015 1501 4087; x_wconf 71' lang='grc' dir='ltr'>ίαθῶμεψ</span> <span class='ocrx_word' id='word_1_331' title='bbox 1526 4019 1667 4074; x_wconf 76' lang='grc' dir='ltr'>οὕτω</span> <span class='ocrx_word' id='word_1_332' title='bbox 1716 4022 1812 4077; x_wconf 73' lang='grc' dir='ltr'>καὶ</span> <span class='ocrx_word' id='word_1_333' title='bbox 1861 4026 1918 4077; x_wconf 83' lang='grc' dir='ltr'><strong>ἐν</strong></span> 
     </span>
    </p>
   </div>
   <div class='ocr_carea' id='block_1_47' title="bbox 341 4094 1918 4181">
    <p class='ocr_par' dir='ltr' id='par_1_47' title="bbox 341 4094 1918 4181">
     <span class='ocr_line' id='line_1_47' title="bbox 341 4094 1918 4181; baseline 0.015 -36"><span class='ocrx_word' id='word_1_334' title='bbox 341 4094 494 4166; x_wconf 85' lang='grc' dir='ltr'>φόρῳ</span> <span class='ocrx_word' id='word_1_335' title='bbox 525 4096 753 4165; x_wconf 88' lang='grc' dir='ltr'>γίνεται,</span> <span class='ocrx_word' id='word_1_336' title='bbox 791 4100 857 4153; x_wconf 77' lang='grc' dir='ltr'><strong>ἵν’</strong></span> <span class='ocrx_word' id='word_1_337' title='bbox 881 4103 1028 4173; x_wconf 82' lang='grc' dir='ltr'>ἡμᾶς</span> <span class='ocrx_word' id='word_1_338' title='bbox 1049 4104 1161 4159; x_wconf 85' lang='grc' dir='ltr'><strong>τῶν</strong></span> <span class='ocrx_word' id='word_1_339' title='bbox 1189 4108 1442 4178; x_wconf 77' lang='grc' dir='ltr'>πονηρῶν</span> <span class='ocrx_word' id='word_1_340' title='bbox 1465 4109 1678 4181; x_wconf 82' lang='grc' dir='ltr'>δεσμῶν</span> <span class='ocrx_word' id='word_1_341' title='bbox 1707 4113 1918 4168; x_wconf 81' lang='grc' dir='ltr'>ἐλευθε-</span> 
     </span>
    </p>
   </div>
   <div class='ocr_carea' id='block_1_48' title="bbox 341 4185 1914 4268">
    <p class='ocr_par' dir='ltr' id='par_1_48' title="bbox 341 4185 1914 4268">
     <span class='ocr_line' id='line_1_48' title="bbox 341 4185 1914 4268; baseline 0.013 -29"><span class='ocrx_word' id='word_1_342' title='bbox 341 4185 516 4261; x_wconf 79' lang='grc' dir='ltr'>ρώσῃ,</span> <span class='ocrx_word' id='word_1_343' title='bbox 549 4185 632 4253; x_wconf 74' lang='grc' dir='ltr'>οἷς</span> <span class='ocrx_word' id='word_1_344' title='bbox 660 4189 915 4247; x_wconf 83' lang='grc' dir='ltr'>ὑπέκειτο</span> <span class='ocrx_word' id='word_1_345' title='bbox 956 4193 1018 4248; x_wconf 80' lang='grc' dir='ltr'><strong>τὸ</strong></span> <span class='ocrx_word' id='word_1_346' title='bbox 1047 4195 1408 4268; x_wconf 84' lang='grc' dir='ltr'>ἀνθρώπινον,</span> <span class='ocrx_word' id='word_1_347' title='bbox 1436 4200 1544 4255; x_wconf 87' lang='grc' dir='ltr'><strong>ὑπὸ</strong></span> <span class='ocrx_word' id='word_1_348' title='bbox 1566 4202 1658 4257; x_wconf 88' lang='grc' dir='ltr'><strong>τοῦ</strong></span> <span class='ocrx_word' id='word_1_349' title='bbox 1684 4204 1914 4260; x_wconf 80' lang='grc' dir='ltr'>Θανάτου</span> 
     </span>
    </p>
   </div>
   <div class='ocr_carea' id='block_1_49' title="bbox 341 4279 1915 4362">
    <p class='ocr_par' dir='ltr' id='par_1_49' title="bbox 341 4279 1915 4362">
     <span class='ocr_line' id='line_1_49' title="bbox 341 4279 1915 4362; baseline 0.014 -32"><span class='ocrx_word' id='word_1_350' title='bbox 341 4279 836 4352; x_wconf 84' lang='grc' dir='ltr'>φορολογοὺμενον;</span> <span class='ocrx_word' id='word_1_351' title='bbox 868 4285 941 4337; x_wconf 85' lang='lat' dir='ltr'><strong>T0</strong></span> <span class='ocrx_word' id='word_1_352' title='bbox 971 4284 1031 4339; x_wconf 83' lang='grc' dir='ltr'>δὲ</span> <span class='ocrx_word' id='word_1_353' title='bbox 1062 4288 1323 4360; x_wconf 81' lang='grc' dir='ltr'>σπήλαιον</span> <span class='ocrx_word' id='word_1_354' title='bbox 1356 4289 1480 4344; x_wconf 80' lang='grc' dir='ltr'>ἰδὼν</span> <span class='ocrx_word' id='word_1_355' title='bbox 1511 4294 1570 4346; x_wconf 88' lang='grc' dir='ltr'><strong>ἐν</strong></span> <span class='ocrx_word' id='word_1_356' title='bbox 1599 4290 1644 4362; x_wconf 82' lang='grc' dir='ltr'>ᾧ</span> <span class='ocrx_word' id='word_1_357' title='bbox 1674 4295 1915 4352; x_wconf 85' lang='grc' dir='ltr'>τίκτεται</span> 
     </span>
    </p>
   </div>
   <div class='ocr_carea' id='block_1_50' title="bbox 2034 542 3605 616">
    <p class='ocr_par' dir='ltr' id='par_1_50' title="bbox 2034 542 3605 616">
     <span class='ocr_line' id='line_1_50' title="bbox 2034 542 3605 616; baseline 0.008 -25"><span class='ocrx_word' id='word_1_358' title='bbox 2034 547 2208 594; x_wconf 85' lang='lat' dir='ltr'><strong>mater</strong></span> <span class='ocrx_word' id='word_1_359' title='bbox 2233 543 2375 597; x_wconf 83' lang='lat' dir='ltr'><strong>ero?</strong></span> <span class='ocrx_word' id='word_1_360' title='bbox 2402 542 2784 613; x_wconf 85' lang='lat' dir='ltr'><strong>.loscphenim</strong></span> <span class='ocrx_word' id='word_1_361' title='bbox 2818 561 3080 616; x_wconf 79' lang='lat' dir='ltr'><strong>Sponsum</strong></span> <span class='ocrx_word' id='word_1_362' title='bbox 3125 550 3273 615; x_wconf 88' lang='lat' dir='ltr'><strong>novi,</strong></span> <span class='ocrx_word' id='word_1_363' title='bbox 3301 551 3394 607; x_wconf 75' lang='lat' dir='ltr'><strong>Sed</strong></span> <span class='ocrx_word' id='word_1_364' title='bbox 3430 553 3605 606; x_wconf 90' lang='lat' dir='ltr'><strong>virutn</strong></span> 
     </span>
    </p>
   </div>
   <div class='ocr_carea' id='block_1_51' title="bbox 2032 632 3604 707">
    <p class='ocr_par' dir='ltr' id='par_1_51' title="bbox 2032 632 3604 707">
     <span class='ocr_line' id='line_1_51' title="bbox 2032 632 3604 707; baseline 0.008 -25"><span class='ocrx_word' id='word_1_365' title='bbox 2032 644 2144 683; x_wconf 91' lang='lat' dir='ltr'><strong>non</strong></span> <span class='ocrx_word' id='word_1_366' title='bbox 2165 644 2461 700; x_wconf 81' lang='lat' dir='ltr'><strong>cognosco.</strong></span> <span class='ocrx_word' id='word_1_367' title='bbox 2498 632 2639 701; x_wconf 75' lang='lat' dir='ltr'><strong>Quid</strong></span> <span class='ocrx_word' id='word_1_368' title='bbox 2667 634 2734 688; x_wconf 88' lang='lat' dir='ltr'><strong>ad</strong></span> <span class='ocrx_word' id='word_1_369' title='bbox 2768 634 2882 691; x_wconf 84' lang='lat' dir='ltr'><strong>haec</strong></span> <span class='ocrx_word' id='word_1_370' title='bbox 2911 651 3117 707; x_wconf 79' lang='lat' dir='ltr'><strong>auspex</strong></span> <span class='ocrx_word' id='word_1_371' title='bbox 3154 637 3370 694; x_wconf 88' lang='lat' dir='ltr'><strong>Gabriel</strong></span> <span class='ocrx_word' id='word_1_372' title='bbox 3388 640 3417 693; x_wconf 91' lang='lat'><strong>?-</strong></span> <span class='ocrx_word' id='word_1_373' title='bbox 3433 642 3604 706; x_wconf 80' lang='lat' dir='ltr'><strong>Quem</strong></span> 
     </span>
    </p>
   </div>
   <div class='ocr_carea' id='block_1_52' title="bbox 2031 721 3609 801">
    <p class='ocr_par' dir='ltr' id='par_1_52' title="bbox 2031 721 3609 801">
     <span class='ocr_line' id='line_1_52' title="bbox 2031 721 3609 801; baseline 0.009 -28"><span class='ocrx_word' id='word_1_374' title='bbox 2031 721 2331 777; x_wconf 75' lang='lat' dir='ltr'><strong>thalamum</strong></span> <span class='ocrx_word' id='word_1_375' title='bbox 2392 725 2586 779; x_wconf 87' lang='lat' dir='ltr'><strong>statuit</strong></span> <span class='ocrx_word' id='word_1_376' title='bbox 2641 742 2780 796; x_wconf 89' lang='lat' dir='ltr'><strong>puro</strong></span> <span class='ocrx_word' id='word_1_377' title='bbox 2838 728 3236 801; x_wconf 86' lang='lat' dir='ltr'><strong>impollutoque</strong></span> <span class='ocrx_word' id='word_1_378' title='bbox 3283 732 3609 788; x_wconf 74' lang='lat' dir='ltr'><strong>connubio?</strong></span> 
     </span>
    </p>
   </div>
   <div class='ocr_carea' id='block_1_53' title="bbox 2032 811 3605 887">
    <p class='ocr_par' dir='ltr' id='par_1_53' title="bbox 2032 811 3605 887">
     <span class='ocr_line' id='line_1_53' title="bbox 2032 811 3605 887; baseline 0.008 -20"><span class='ocrx_word' id='word_1_379' title='bbox 2032 811 2271 880; x_wconf 68' lang='lat' dir='ltr'><strong>Spiritus</strong></span> <span class='ocrx_word' id='word_1_380' title='bbox 2302 822 2543 879; x_wconf 82' lang='lat' dir='ltr'><strong>sanctus,</strong></span> <span class='ocrx_word' id='word_1_381' title='bbox 2572 814 2769 886; x_wconf 88' lang='lat' dir='ltr'><strong>inquit,</strong></span> <span class='ocrx_word' id='word_1_382' title='bbox 2809 821 3130 887; x_wconf 75' lang='lat' dir='ltr'><strong>superveniet</strong></span> <span class='ocrx_word' id='word_1_383' title='bbox 3166 822 3220 875; x_wconf 85' lang='lat' dir='ltr'><strong>in</strong></span> <span class='ocrx_word' id='word_1_384' title='bbox 3257 831 3324 885; x_wconf 86' lang='lat' dir='ltr'><strong>te,</strong></span> <span class='ocrx_word' id='word_1_385' title='bbox 3360 832 3421 877; x_wconf 69' lang='lat' dir='ltr'><strong>et</strong></span> <span class='ocrx_word' id='word_1_386' title='bbox 3441 826 3605 879; x_wconf 76' lang='lat' dir='ltr'><strong>virtus</strong></span> 
     </span>
    </p>
   </div>
   <div class='ocr_carea' id='block_1_54' title="bbox 2030 904 3602 979">
    <p class='ocr_par' dir='ltr' id='par_1_54' title="bbox 2030 904 3602 979">
     <span class='ocr_line' id='line_1_54' title="bbox 2030 904 3602 979; baseline 0.008 -23"><span class='ocrx_word' id='word_1_387' title='bbox 2030 904 2297 959; x_wconf 61' lang='lat' dir='ltr'><strong>ditissimi</strong></span> <span class='ocrx_word' id='word_1_388' title='bbox 2326 904 2660 961; x_wconf 84' lang='lat' dir='ltr'><strong>obumbrabit</strong></span> <span class='ocrx_word' id='word_1_389' title='bbox 2691 909 2805 962; x_wconf 82' lang='lat' dir='ltr'><strong>tibi.</strong></span> <span class='ocrx_word' id='word_1_390' title='bbox 2838 909 2890 966; x_wconf 84' lang='lat'><strong>0</strong></span> <span class='ocrx_word' id='word_1_391' title='bbox 2918 911 3138 966; x_wconf 82' lang='lat' dir='ltr'><strong>beatum</strong></span> <span class='ocrx_word' id='word_1_392' title='bbox 3174 923 3384 967; x_wconf 88' lang='lat' dir='ltr'><strong>uterum</strong></span> <span class='ocrx_word' id='word_1_393' title='bbox 3428 915 3602 979; x_wconf 91' lang='lat' dir='ltr'><strong>illum,</strong></span> 
     </span>
    </p>
   </div>
   <div class='ocr_carea' id='block_1_55' title="bbox 2030 996 3606 1074">
    <p class='ocr_par' dir='ltr' id='par_1_55' title="bbox 2030 996 3606 1074">
     <span class='ocr_line' id='line_1_55' title="bbox 2030 996 3606 1074; baseline 0.008 -24"><span class='ocrx_word' id='word_1_394' title='bbox 2030 996 2123 1067; x_wconf 92' lang='lat' dir='ltr'><strong>qui</strong></span> <span class='ocrx_word' id='word_1_395' title='bbox 2160 996 2424 1054; x_wconf 73' lang='lat' dir='ltr'><strong>bonitatis</strong></span> <span class='ocrx_word' id='word_1_396' title='bbox 2474 1014 2538 1055; x_wconf 89' lang='lat' dir='ltr'><strong>ac</strong></span> <span class='ocrx_word' id='word_1_397' title='bbox 2581 1002 2841 1070; x_wconf 83' lang='lat' dir='ltr'><strong>puritatis</strong></span> <span class='ocrx_word' id='word_1_398' title='bbox 2888 1007 3206 1074; x_wconf 62' lang='lat' dir='ltr'><strong>praestantia</strong></span> <span class='ocrx_word' id='word_1_399' title='bbox 3252 1007 3316 1059; x_wconf 90' lang='lat' dir='ltr'><strong>ad</strong></span> <span class='ocrx_word' id='word_1_400' title='bbox 3354 1023 3411 1062; x_wconf 89' lang='lat' dir='ltr'><strong>se</strong></span> <span class='ocrx_word' id='word_1_401' title='bbox 3440 1009 3606 1062; x_wconf 78' lang='lat' dir='ltr'><strong>traxit</strong></span> 
     </span>
    </p>
   </div>
   <div class='ocr_carea' id='block_1_56' title="bbox 2029 1090 3605 1163">
    <p class='ocr_par' dir='ltr' id='par_1_56' title="bbox 2029 1090 3605 1163">
     <span class='ocr_line' id='line_1_56' title="bbox 2029 1090 3605 1163; baseline 0.008 -20"><span class='ocrx_word' id='word_1_402' title='bbox 2029 1090 2197 1144; x_wconf 84' lang='lat' dir='ltr'><strong>animi</strong></span> <span class='ocrx_word' id='word_1_403' title='bbox 2225 1090 2367 1146; x_wconf 87' lang='lat' dir='ltr'><strong>bona</strong></span> <span class='ocrx_word' id='word_1_404' title='bbox 2394 1093 2407 1145; x_wconf 94' lang='lat' dir='ltr'><strong>l</strong></span> <span class='ocrx_word' id='word_1_405' title='bbox 2445 1091 2499 1146; x_wconf 85' lang='lat' dir='ltr'><strong>In</strong></span> <span class='ocrx_word' id='word_1_406' title='bbox 2539 1094 2767 1163; x_wconf 78' lang='lat' dir='ltr'><strong>reliquis</strong></span> <span class='ocrx_word' id='word_1_407' title='bbox 2808 1096 2956 1150; x_wconf 87' lang='lat' dir='ltr'><strong>enim</strong></span> <span class='ocrx_word' id='word_1_408' title='bbox 2982 1099 3240 1154; x_wconf 88' lang='lat' dir='ltr'><strong>omnibus</strong></span> <span class='ocrx_word' id='word_1_409' title='bbox 3270 1100 3357 1153; x_wconf 83' lang='lat' dir='ltr'><strong>vix</strong></span> <span class='ocrx_word' id='word_1_410' title='bbox 3386 1101 3605 1156; x_wconf 87' lang='lat' dir='ltr'><strong>animus</strong></span> 
     </span>
    </p>
   </div>
   <div class='ocr_carea' id='block_1_57' title="bbox 2030 1181 3603 1259">
    <p class='ocr_par' dir='ltr' id='par_1_57' title="bbox 2030 1181 3603 1259">
     <span class='ocr_line' id='line_1_57' title="bbox 2030 1181 3603 1259; baseline 0.008 -25"><span class='ocrx_word' id='word_1_411' title='bbox 2030 1196 2202 1251; x_wconf 90' lang='lat' dir='ltr'><strong>purus</strong></span> <span class='ocrx_word' id='word_1_412' title='bbox 2235 1181 2476 1253; x_wconf 87' lang='lat' dir='ltr'><strong>Spiritus</strong></span> <span class='ocrx_word' id='word_1_413' title='bbox 2507 1185 2680 1239; x_wconf 77' lang='lat' dir='ltr'><strong>sant-ti</strong></span> <span class='ocrx_word' id='word_1_414' title='bbox 2717 1191 3061 1257; x_wconf 84' lang='lat' dir='ltr'><strong>pra-sentiam</strong></span> <span class='ocrx_word' id='word_1_415' title='bbox 3093 1191 3276 1259; x_wconf 88' lang='lat' dir='ltr'><strong>capit:</strong></span> <span class='ocrx_word' id='word_1_416' title='bbox 3308 1191 3394 1244; x_wconf 90' lang='lat' dir='ltr'><strong>hic</strong></span> <span class='ocrx_word' id='word_1_417' title='bbox 3422 1202 3603 1246; x_wconf 84' lang='lat' dir='ltr'><strong>autent</strong></span> 
     </span>
    </p>
   </div>
   <div class='ocr_carea' id='block_1_58' title="bbox 2028 1274 3605 1347">
    <p class='ocr_par' dir='ltr' id='par_1_58' title="bbox 2028 1274 3605 1347">
     <span class='ocr_line' id='line_1_58' title="bbox 2028 1274 3605 1347; baseline 0.005 -19"><span class='ocrx_word' id='word_1_418' title='bbox 2028 1289 2161 1328; x_wconf 90' lang='lat' dir='ltr'><strong>caro</strong></span> <span class='ocrx_word' id='word_1_419' title='bbox 2192 1274 2246 1328; x_wconf 85' lang='lat' dir='ltr'><strong>ﬁt</strong></span> <span class='ocrx_word' id='word_1_420' title='bbox 2278 1275 2508 1344; x_wconf 87' lang='lat' dir='ltr'><strong>spiritus</strong></span> <span class='ocrx_word' id='word_1_421' title='bbox 2550 1279 2977 1347; x_wconf 78' lang='lat' dir='ltr'><strong>receptaculum.</strong></span> <span class='ocrx_word' id='word_1_422' title='bbox 3014 1279 3117 1335; x_wconf 84' lang='lat' dir='ltr'><strong>Sed</strong></span> <span class='ocrx_word' id='word_1_423' title='bbox 3146 1293 3196 1336; x_wconf 87' lang='lat' dir='ltr'><strong>et</strong></span> <span class='ocrx_word' id='word_1_424' title='bbox 3237 1283 3400 1335; x_wconf 81' lang='lat' dir='ltr'><strong>virtus</strong></span> <span class='ocrx_word' id='word_1_425' title='bbox 3441 1284 3605 1337; x_wconf 78' lang='lat' dir='ltr'><strong>Altis-</strong></span> 
     </span>
    </p>
   </div>
   <div class='ocr_carea' id='block_1_59' title="bbox 2027 1369 3603 1445">
    <p class='ocr_par' dir='ltr' id='par_1_59' title="bbox 2027 1369 3603 1445">
     <span class='ocr_line' id='line_1_59' title="bbox 2027 1369 3603 1445; baseline 0.006 -22"><span class='ocrx_word' id='word_1_426' title='bbox 2027 1369 2149 1423; x_wconf 69' lang='grc' dir='ltr'>εἰσιιί</span> <span class='ocrx_word' id='word_1_427' title='bbox 2192 1369 2524 1424; x_wconf 84' lang='lat' dir='ltr'><strong>obumbrabit</strong></span> <span class='ocrx_word' id='word_1_428' title='bbox 2575 1372 2689 1426; x_wconf 85' lang='lat' dir='ltr'><strong>tibi.</strong></span> <span class='ocrx_word' id='word_1_429' title='bbox 2728 1372 2867 1438; x_wconf 83' lang='lat' dir='ltr'><strong>Quid</strong></span> <span class='ocrx_word' id='word_1_430' title='bbox 2915 1374 3189 1445; x_wconf 75' lang='lat' dir='ltr'><strong>significat</strong></span> <span class='ocrx_word' id='word_1_431' title='bbox 3232 1391 3467 1432; x_wconf 88' lang='lat' dir='ltr'><strong>arcanus</strong></span> <span class='ocrx_word' id='word_1_432' title='bbox 3515 1378 3603 1432; x_wconf 93' lang='lat' dir='ltr'><strong>hic</strong></span> 
     </span>
    </p>
   </div>
   <div class='ocr_carea' id='block_1_60' title="bbox 2027 1460 3601 1537">
    <p class='ocr_par' dir='ltr' id='par_1_60' title="bbox 2027 1460 3601 1537">
     <span class='ocr_line' id='line_1_60' title="bbox 2027 1460 3601 1537; baseline 0.005 -23"><span class='ocrx_word' id='word_1_433' title='bbox 2027 1462 2255 1515; x_wconf 85' lang='lat' dir='ltr'><strong>sermo?</strong></span> <span class='ocrx_word' id='word_1_434' title='bbox 2286 1460 2541 1517; x_wconf 81' lang='lat' dir='ltr'><strong>Christus</strong></span> <span class='ocrx_word' id='word_1_435' title='bbox 2578 1461 2668 1516; x_wconf 89' lang='lat' dir='ltr'><strong>Dei</strong></span> <span class='ocrx_word' id='word_1_436' title='bbox 2702 1464 2885 1519; x_wconf 82' lang='lat' dir='ltr'><strong>virtus</strong></span> <span class='ocrx_word' id='word_1_437' title='bbox 2913 1473 3005 1520; x_wconf 87' lang='lat' dir='ltr'><strong>est</strong></span> <span class='ocrx_word' id='word_1_438' title='bbox 3028 1476 3080 1521; x_wconf 90' lang='lat' dir='ltr'><strong>et</strong></span> <span class='ocrx_word' id='word_1_439' title='bbox 3112 1468 3401 1537; x_wconf 79' lang='lat' dir='ltr'><strong>sapientia.</strong></span> <span class='ocrx_word' id='word_1_440' title='bbox 3438 1478 3494 1521; x_wconf 93' lang='lat' dir='ltr'><strong>ut</strong></span> <span class='ocrx_word' id='word_1_441' title='bbox 3525 1469 3601 1522; x_wconf 88' lang='lat' dir='ltr'><strong>ait</strong></span> 
     </span>
    </p>
   </div>
   <div class='ocr_carea' id='block_1_61' title="bbox 2025 1551 3602 1629">
    <p class='ocr_par' dir='ltr' id='par_1_61' title="bbox 2025 1551 3602 1629">
     <span class='ocr_line' id='line_1_61' title="bbox 2025 1551 3602 1629; baseline 0.009 -26"><span class='ocrx_word' id='word_1_442' title='bbox 2025 1551 2325 1620; x_wconf 84' lang='lat' dir='ltr'><strong>Apostolus</strong></span> <span class='ocrx_word' id='word_1_443' title='bbox 2348 1552 2415 1607; x_wconf 86' lang='grc'><strong>³⁷.</strong></span> <span class='ocrx_word' id='word_1_444' title='bbox 2450 1551 2641 1608; x_wconf 88' lang='lat' dir='ltr'><strong>Virtus</strong></span> <span class='ocrx_word' id='word_1_445' title='bbox 2679 1555 2847 1624; x_wconf 74' lang='lat' dir='ltr'><strong>igitur</strong></span> <span class='ocrx_word' id='word_1_446' title='bbox 2871 1558 3161 1622; x_wconf 84' lang='lat' dir='ltr'><strong>Allissimi,</strong></span> <span class='ocrx_word' id='word_1_447' title='bbox 3200 1575 3320 1629; x_wconf 61' lang='lat' dir='ltr'><strong>quae</strong></span> <span class='ocrx_word' id='word_1_448' title='bbox 3344 1561 3602 1617; x_wconf 82' lang='lat' dir='ltr'><strong>Chrisms</strong></span> 
     </span>
    </p>
   </div>
   <div class='ocr_carea' id='block_1_62' title="bbox 2024 1642 3600 1717">
    <p class='ocr_par' dir='ltr' id='par_1_62' title="bbox 2024 1642 3600 1717">
     <span class='ocr_line' id='line_1_62' title="bbox 2024 1642 3600 1717; baseline 0.008 -21"><span class='ocrx_word' id='word_1_449' title='bbox 2024 1649 2129 1699; x_wconf 85' lang='lat' dir='ltr'><strong>est.</strong></span> <span class='ocrx_word' id='word_1_450' title='bbox 2163 1656 2256 1710; x_wconf 87' lang='lat' dir='ltr'><strong>per</strong></span> <span class='ocrx_word' id='word_1_451' title='bbox 2286 1642 2580 1699; x_wconf 84' lang='lat' dir='ltr'><strong>adventum</strong></span> <span class='ocrx_word' id='word_1_452' title='bbox 2615 1646 2856 1717; x_wconf 76' lang='lat' dir='ltr'><strong>Spiritus</strong></span> <span class='ocrx_word' id='word_1_453' title='bbox 2888 1651 3061 1703; x_wconf 86' lang='lat' dir='ltr'><strong>sancti</strong></span> <span class='ocrx_word' id='word_1_454' title='bbox 3103 1651 3371 1706; x_wconf 87' lang='lat' dir='ltr'><strong>formatur</strong></span> <span class='ocrx_word' id='word_1_455' title='bbox 3403 1654 3454 1706; x_wconf 92' lang='lat' dir='ltr'><strong>in</strong></span> <span class='ocrx_word' id='word_1_456' title='bbox 3488 1655 3600 1708; x_wconf 85' lang='lat' dir='ltr'><strong>vir-</strong></span> 
     </span>
    </p>
   </div>
   <div class='ocr_carea' id='block_1_63' title="bbox 2026 1730 3601 1811">
    <p class='ocr_par' dir='ltr' id='par_1_63' title="bbox 2026 1730 3601 1811">
     <span class='ocr_line' id='line_1_63' title="bbox 2026 1730 3601 1811; baseline 0.008 -27"><span class='ocrx_word' id='word_1_457' title='bbox 2026 1731 2172 1801; x_wconf 74' lang='lat' dir='ltr'><strong>gine.</strong></span> <span class='ocrx_word' id='word_1_458' title='bbox 2206 1730 2679 1798; x_wconf 85' lang='lat' dir='ltr'><strong>Quemadmodum</strong></span> <span class='ocrx_word' id='word_1_459' title='bbox 2727 1739 2873 1791; x_wconf 88' lang='lat' dir='ltr'><strong>enim</strong></span> <span class='ocrx_word' id='word_1_460' title='bbox 2930 1740 3119 1793; x_wconf 84' lang='lat' dir='ltr'><strong>umbra</strong></span> <span class='ocrx_word' id='word_1_461' title='bbox 3172 1741 3238 1795; x_wconf 89' lang='lat' dir='ltr'><strong>ad</strong></span> <span class='ocrx_word' id='word_1_462' title='bbox 3292 1744 3601 1811; x_wconf 70' lang='lat' dir='ltr'><strong>praeceden-</strong></span> 
     </span>
    </p>
   </div>
   <div class='ocr_carea' id='block_1_64' title="bbox 2024 1817 3602 1896">
    <p class='ocr_par' dir='ltr' id='par_1_64' title="bbox 2024 1817 3602 1896">
     <span class='ocr_line' id='line_1_64' title="bbox 2024 1817 3602 1896; baseline 0.011 -26"><span class='ocrx_word' id='word_1_463' title='bbox 2024 1817 2162 1872; x_wconf 90' lang='lat' dir='ltr'><strong>tium</strong></span> <span class='ocrx_word' id='word_1_464' title='bbox 2215 1834 2508 1888; x_wconf 81' lang='lat' dir='ltr'><strong>corporum</strong></span> <span class='ocrx_word' id='word_1_465' title='bbox 2552 1822 2781 1893; x_wconf 70' lang='lat' dir='ltr'><strong>liguram</strong></span> <span class='ocrx_word' id='word_1_466' title='bbox 2836 1825 3128 1896; x_wconf 72' lang='lat' dir='ltr'><strong>effingitur,</strong></span> <span class='ocrx_word' id='word_1_467' title='bbox 3189 1831 3273 1885; x_wconf 89' lang='lat' dir='ltr'><strong>sic</strong></span> <span class='ocrx_word' id='word_1_468' title='bbox 3323 1832 3494 1887; x_wconf 82' lang='lat' dir='ltr'><strong>forma</strong></span> <span class='ocrx_word' id='word_1_469' title='bbox 3547 1841 3602 1887; x_wconf 88' lang='lat' dir='ltr'><strong>et</strong></span> 
     </span>
    </p>
   </div>
   <div class='ocr_carea' id='block_1_65' title="bbox 2026 1908 3600 1992">
    <p class='ocr_par' dir='ltr' id='par_1_65' title="bbox 2026 1908 3600 1992">
     <span class='ocr_line' id='line_1_65' title="bbox 2026 1908 3600 1992; baseline 0.01 -30"><span class='ocrx_word' id='word_1_470' title='bbox 2026 1908 2293 1964; x_wconf 88' lang='lat' dir='ltr'><strong>indicium</strong></span> <span class='ocrx_word' id='word_1_471' title='bbox 2322 1910 2631 1969; x_wconf 81' lang='lat' dir='ltr'><strong>divinitatis</strong></span> <span class='ocrx_word' id='word_1_472' title='bbox 2674 1913 2765 1967; x_wconf 94' lang='lat' dir='ltr'><strong>Dei</strong></span> <span class='ocrx_word' id='word_1_473' title='bbox 2796 1915 2851 1970; x_wconf 93' lang='lat' dir='ltr'><strong>in</strong></span> <span class='ocrx_word' id='word_1_474' title='bbox 2893 1918 3090 1972; x_wconf 84' lang='lat' dir='ltr'><strong>virtute</strong></span> <span class='ocrx_word' id='word_1_475' title='bbox 3119 1919 3292 1988; x_wconf 86' lang='lat' dir='ltr'><strong>ipsius</strong></span> <span class='ocrx_word' id='word_1_476' title='bbox 3326 1922 3418 1990; x_wconf 91' lang='lat' dir='ltr'><strong>qui</strong></span> <span class='ocrx_word' id='word_1_477' title='bbox 3452 1924 3600 1992; x_wconf 82' lang='lat' dir='ltr'><strong>pari-</strong></span> 
     </span>
    </p>
   </div>
   <div class='ocr_carea' id='block_1_66' title="bbox 2027 2004 3600 2080">
    <p class='ocr_par' dir='ltr' id='par_1_66' title="bbox 2027 2004 3600 2080">
     <span class='ocr_line' id='line_1_66' title="bbox 2027 2004 3600 2080; baseline 0.01 -26"><span class='ocrx_word' id='word_1_478' title='bbox 2027 2008 2136 2067; x_wconf 81' lang='lat' dir='ltr'><strong>tur,</strong></span> <span class='ocrx_word' id='word_1_479' title='bbox 2172 2004 2517 2070; x_wconf 77' lang='lat' dir='ltr'><strong>ostendetur,</strong></span> <span class='ocrx_word' id='word_1_480' title='bbox 2548 2014 2599 2060; x_wconf 91' lang='lat' dir='ltr'><strong>cl</strong></span> <span class='ocrx_word' id='word_1_481' title='bbox 2638 2006 2842 2075; x_wconf 80' lang='lat' dir='ltr'><strong>imago,</strong></span> <span class='ocrx_word' id='word_1_482' title='bbox 2874 2016 2928 2063; x_wconf 93' lang='lat' dir='ltr'><strong>et</strong></span> <span class='ocrx_word' id='word_1_483' title='bbox 2954 2010 3195 2080; x_wconf 69' lang='lat' dir='ltr'><strong>signum,</strong></span> <span class='ocrx_word' id='word_1_484' title='bbox 3223 2022 3278 2066; x_wconf 87' lang='lat' dir='ltr'><strong>et</strong></span> <span class='ocrx_word' id='word_1_485' title='bbox 3305 2013 3600 2069; x_wconf 79' lang='lat' dir='ltr'><strong>adumbra—</strong></span> 
     </span>
    </p>
   </div>
   <div class='ocr_carea' id='block_1_67' title="bbox 2024 2094 3598 2170">
    <p class='ocr_par' dir='ltr' id='par_1_67' title="bbox 2024 2094 3598 2170">
     <span class='ocr_line' id='line_1_67' title="bbox 2024 2094 3598 2170; baseline 0.01 -23"><span class='ocrx_word' id='word_1_486' title='bbox 2024 2094 2126 2156; x_wconf 91' lang='lat' dir='ltr'><strong>tio,</strong></span> <span class='ocrx_word' id='word_1_487' title='bbox 2159 2103 2213 2149; x_wconf 88' lang='lat' dir='ltr'><strong>et</strong></span> <span class='ocrx_word' id='word_1_488' title='bbox 2241 2096 2504 2165; x_wconf 89' lang='lat' dir='ltr'><strong>splendor</strong></span> <span class='ocrx_word' id='word_1_489' title='bbox 2522 2100 2854 2168; x_wconf 65' lang='lat' dir='ltr'><strong>exemplaris</strong></span> <span class='ocrx_word' id='word_1_490' title='bbox 2885 2116 2981 2170; x_wconf 88' lang='lat' dir='ltr'><strong>per</strong></span> <span class='ocrx_word' id='word_1_491' title='bbox 3009 2101 3385 2159; x_wconf 84' lang='lat' dir='ltr'><strong>admirabilem</strong></span> <span class='ocrx_word' id='word_1_492' title='bbox 3415 2122 3598 2162; x_wconf 86' lang='lat' dir='ltr'><strong>rerum</strong></span> 
     </span>
    </p>
   </div>
   <div class='ocr_carea' id='block_1_68' title="bbox 2026 2184 2894 2247">
    <p class='ocr_par' dir='ltr' id='par_1_68' title="bbox 2026 2184 2894 2247">
     <span class='ocr_line' id='line_1_68' title="bbox 2026 2184 2894 2247; baseline 0.01 -9"><span class='ocrx_word' id='word_1_493' title='bbox 2026 2184 2372 2242; x_wconf 73' lang='lat' dir='ltr'><strong>alicctionem</strong></span> <span class='ocrx_word' id='word_1_494' title='bbox 2404 2189 2894 2247; x_wconf 85' lang='lat' dir='ltr'><strong>dcmoustrabitnr.</strong></span> 
     </span>
    </p>
   </div>
   <div class='ocr_carea' id='block_1_69' title="bbox 1958 2281 3601 2359">
    <p class='ocr_par' dir='ltr' id='par_1_69' title="bbox 1958 2281 3601 2359">
     <span class='ocr_line' id='line_1_69' title="bbox 1958 2281 3601 2359; baseline 0.006 -28"><span class='ocrx_word' id='word_1_495' title='bbox 1958 2281 2338 2351; x_wconf 87' lang='grc' dir='ltr'>πρωτοτὺπου,</span> <span class='ocrx_word' id='word_1_496' title='bbox 2379 2283 2467 2338; x_wconf 73' lang='grc' dir='ltr'>διὰ</span> <span class='ocrx_word' id='word_1_497' title='bbox 2530 2287 2628 2356; x_wconf 77' lang='grc' dir='ltr'><strong>τῆς</strong></span> <span class='ocrx_word' id='word_1_498' title='bbox 2668 2285 2779 2339; x_wconf 83' lang='grc' dir='ltr'><strong>τῶν</strong></span> <span class='ocrx_word' id='word_1_499' title='bbox 2840 2287 3125 2359; x_wconf 76' lang='grc' dir='ltr'>ἐνεργειῶν</span> <span class='ocrx_word' id='word_1_500' title='bbox 3178 2287 3601 2359; x_wconf 81' lang='grc' dir='ltr'>Θαυματοποιῖας</span> 
     </span>
    </p>
   </div>
   <div class='ocr_carea' id='block_1_70' title="bbox 2105 2462 3600 2535">
    <p class='ocr_par' dir='ltr' id='par_1_70' title="bbox 2105 2462 3600 2535">
     <span class='ocr_line' id='line_1_70' title="bbox 2105 2462 3600 2535; baseline -0.001 -17"><span class='ocrx_word' id='word_1_501' title='bbox 2105 2463 2307 2520; x_wconf 81' lang='lat' dir='ltr'><strong>Verum</strong></span> <span class='ocrx_word' id='word_1_502' title='bbox 2351 2465 2601 2519; x_wconf 89' lang='lat' dir='ltr'><strong>hortatur</strong></span> <span class='ocrx_word' id='word_1_503' title='bbox 2647 2479 2747 2520; x_wconf 89' lang='lat' dir='ltr'><strong>nos</strong></span> <span class='ocrx_word' id='word_1_504' title='bbox 2773 2462 3144 2535; x_wconf 79' lang='lat' dir='ltr'><strong>Evangelium,</strong></span> <span class='ocrx_word' id='word_1_505' title='bbox 3176 2474 3234 2519; x_wconf 92' lang='lat' dir='ltr'><strong>ut</strong></span> <span class='ocrx_word' id='word_1_506' title='bbox 3254 2464 3305 2518; x_wconf 92' lang='lat' dir='ltr'><strong>in</strong></span> <span class='ocrx_word' id='word_1_507' title='bbox 3327 2463 3600 2519; x_wconf 79' lang='lat' dir='ltr'><strong>Bethleem</strong></span> 
     </span>
    </p>
   </div>
   <div class='ocr_carea' id='block_1_71' title="bbox 2030 2554 3600 2625">
    <p class='ocr_par' dir='ltr' id='par_1_71' title="bbox 2030 2554 3600 2625">
     <span class='ocr_line' id='line_1_71' title="bbox 2030 2554 3600 2625; baseline -0.001 -17"><span class='ocrx_word' id='word_1_508' title='bbox 2030 2555 2279 2610; x_wconf 86' lang='lat' dir='ltr'><strong>oratione</strong></span> <span class='ocrx_word' id='word_1_509' title='bbox 2308 2561 2670 2615; x_wconf 86' lang='lat' dir='ltr'><strong>revertamur,</strong></span> <span class='ocrx_word' id='word_1_510' title='bbox 2702 2560 2757 2607; x_wconf 87' lang='lat' dir='ltr'><strong>et</strong></span> <span class='ocrx_word' id='word_1_511' title='bbox 2786 2569 2909 2621; x_wconf 69' lang='lat' dir='ltr'><strong>quae</strong></span> <span class='ocrx_word' id='word_1_512' title='bbox 2944 2554 2997 2606; x_wconf 90' lang='lat' dir='ltr'><strong>in</strong></span> <span class='ocrx_word' id='word_1_513' title='bbox 3025 2562 3183 2608; x_wconf 88' lang='lat' dir='ltr'><strong>antro</strong></span> <span class='ocrx_word' id='word_1_514' title='bbox 3205 2555 3314 2608; x_wconf 89' lang='lat' dir='ltr'><strong>sint</strong></span> <span class='ocrx_word' id='word_1_515' title='bbox 3345 2554 3600 2625; x_wconf 84' lang='lat' dir='ltr'><strong>mysteria</strong></span> 
     </span>
    </p>
   </div>
   <div class='ocr_carea' id='block_1_72' title="bbox 2028 2643 3600 2713">
    <p class='ocr_par' dir='ltr' id='par_1_72' title="bbox 2028 2643 3600 2713">
     <span class='ocr_line' id='line_1_72' title="bbox 2028 2643 3600 2713; baseline 0.002 -15"><span class='ocrx_word' id='word_1_516' title='bbox 2028 2645 2335 2699; x_wconf 74' lang='lat' dir='ltr'><strong>videamus.</strong></span> <span class='ocrx_word' id='word_1_517' title='bbox 2365 2644 2635 2709; x_wconf 89' lang='lat' dir='ltr'><strong>Quidnam</strong></span> <span class='ocrx_word' id='word_1_518' title='bbox 2659 2653 2741 2698; x_wconf 80' lang='lat' dir='ltr'><strong>est</strong></span> <span class='ocrx_word' id='word_1_519' title='bbox 2769 2645 2869 2697; x_wconf 88' lang='lat' dir='ltr'><strong>hoc</strong></span> <span class='ocrx_word' id='word_1_520' title='bbox 2889 2644 2912 2695; x_wconf 73' lang='grc' dir='ltr'><strong>’ἰ</strong></span> <span class='ocrx_word' id='word_1_521' title='bbox 2943 2643 3082 2696; x_wconf 82' lang='lat' dir='ltr'><strong>Puer</strong></span> <span class='ocrx_word' id='word_1_522' title='bbox 3112 2648 3304 2713; x_wconf 88' lang='lat' dir='ltr'><strong>pannis</strong></span> <span class='ocrx_word' id='word_1_523' title='bbox 3325 2646 3600 2701; x_wconf 82' lang='lat' dir='ltr'><strong>involutus</strong></span> 
     </span>
    </p>
   </div>
   <div class='ocr_carea' id='block_1_73' title="bbox 2029 2734 3602 2806">
    <p class='ocr_par' dir='ltr' id='par_1_73' title="bbox 2029 2734 3602 2806">
     <span class='ocr_line' id='line_1_73' title="bbox 2029 2734 3602 2806; baseline -0.001 -15"><span class='ocrx_word' id='word_1_524' title='bbox 2029 2743 2083 2791; x_wconf 91' lang='lat' dir='ltr'><strong>ct</strong></span> <span class='ocrx_word' id='word_1_525' title='bbox 2117 2738 2329 2806; x_wconf 87' lang='lat' dir='ltr'><strong>positus</strong></span> <span class='ocrx_word' id='word_1_526' title='bbox 2358 2736 2412 2789; x_wconf 92' lang='lat' dir='ltr'><strong>in</strong></span> <span class='ocrx_word' id='word_1_527' title='bbox 2445 2734 2694 2803; x_wconf 39' lang='lat' dir='ltr'><strong>praesitpi,</strong></span> <span class='ocrx_word' id='word_1_528' title='bbox 2724 2742 2778 2787; x_wconf 83' lang='lat' dir='ltr'><strong>et</strong></span> <span class='ocrx_word' id='word_1_529' title='bbox 2803 2734 2967 2804; x_wconf 80' lang='lat' dir='ltr'><strong>Virgo</strong></span> <span class='ocrx_word' id='word_1_530' title='bbox 2996 2744 3116 2804; x_wconf 67' lang='lat' dir='ltr'><strong>post</strong></span> <span class='ocrx_word' id='word_1_531' title='bbox 3150 2746 3385 2804; x_wconf 85' lang='lat' dir='ltr'><strong>partum,</strong></span> <span class='ocrx_word' id='word_1_532' title='bbox 3422 2736 3602 2789; x_wconf 53' lang='lat' dir='ltr'><strong>incoru</strong></span> 
     </span>
    </p>
   </div>
   <div class='ocr_carea' id='block_1_74' title="bbox 2030 2827 3596 2898">
    <p class='ocr_par' dir='ltr' id='par_1_74' title="bbox 2030 2827 3596 2898">
     <span class='ocr_line' id='line_1_74' title="bbox 2030 2827 3596 2898; baseline -0.002 -15"><span class='ocrx_word' id='word_1_533' title='bbox 2030 2838 2189 2898; x_wconf 89' lang='lat' dir='ltr'><strong>rupta</strong></span> <span class='ocrx_word' id='word_1_534' title='bbox 2219 2836 2394 2883; x_wconf 80' lang='lat' dir='ltr'><strong>mater</strong></span> <span class='ocrx_word' id='word_1_535' title='bbox 2433 2827 2816 2896; x_wconf 78' lang='lat' dir='ltr'><strong>complectitur</strong></span> <span class='ocrx_word' id='word_1_536' title='bbox 2856 2828 3046 2880; x_wconf 88' lang='lat' dir='ltr'><strong>lilium.</strong></span> <span class='ocrx_word' id='word_1_537' title='bbox 3082 2827 3406 2883; x_wconf 78' lang='lat' dir='ltr'><strong>Entittanms</strong></span> <span class='ocrx_word' id='word_1_538' title='bbox 3451 2829 3596 2882; x_wconf 89' lang='lat' dir='ltr'><strong>illam</strong></span> 
     </span>
    </p>
   </div>
   <div class='ocr_carea' id='block_1_75' title="bbox 2025 2918 3599 2989">
    <p class='ocr_par' dir='ltr' id='par_1_75' title="bbox 2025 2918 3599 2989">
     <span class='ocr_line' id='line_1_75' title="bbox 2025 2918 3599 2989; baseline 0 -15"><span class='ocrx_word' id='word_1_539' title='bbox 2025 2920 2315 2989; x_wconf 73' lang='lat' dir='ltr'><strong>Propheta:</strong></span> <span class='ocrx_word' id='word_1_540' title='bbox 2361 2935 2549 2973; x_wconf 87' lang='lat' dir='ltr'><strong>vocem</strong></span> <span class='ocrx_word' id='word_1_541' title='bbox 2581 2936 2593 2972; x_wconf 91' lang='lat'><strong>:</strong></span> <span class='ocrx_word' id='word_1_542' title='bbox 2628 2918 2778 2973; x_wconf 83' lang='lat' dir='ltr'><strong>Sicut</strong></span> <span class='ocrx_word' id='word_1_543' title='bbox 2814 2918 3133 2979; x_wconf 72' lang='lat' dir='ltr'><strong>audivimus,</strong></span> <span class='ocrx_word' id='word_1_544' title='bbox 3170 2921 3247 2973; x_wconf 77' lang='lat' dir='ltr'><strong>sic</strong></span> <span class='ocrx_word' id='word_1_545' title='bbox 3287 2919 3513 2974; x_wconf 76' lang='lat' dir='ltr'><strong>vidimus</strong></span> <span class='ocrx_word' id='word_1_546' title='bbox 3544 2922 3599 2974; x_wconf 82' lang='lat' dir='ltr'><strong>in</strong></span> 
     </span>
    </p>
   </div>
   <div class='ocr_carea' id='block_1_76' title="bbox 2022 3010 3657 3079">
    <p class='ocr_par' dir='ltr' id='par_1_76' title="bbox 2022 3010 3657 3079">
     <span class='ocr_line' id='line_1_76' title="bbox 2022 3010 3657 3079; baseline 0 -14"><span class='ocrx_word' id='word_1_547' title='bbox 2022 3012 2235 3067; x_wconf 79' lang='lat' dir='ltr'><strong>civitate</strong></span> <span class='ocrx_word' id='word_1_548' title='bbox 2274 3011 2487 3066; x_wconf 84' lang='lat' dir='ltr'><strong>Domini</strong></span> <span class='ocrx_word' id='word_1_549' title='bbox 2530 3012 2805 3074; x_wconf 82' lang='lat' dir='ltr'><strong>virtutum,</strong></span> <span class='ocrx_word' id='word_1_550' title='bbox 2846 3010 3149 3073; x_wconf 77' lang='lat' dir='ltr'><strong>incivitate</strong></span> <span class='ocrx_word' id='word_1_551' title='bbox 3197 3010 3287 3065; x_wconf 81' lang='lat' dir='ltr'><strong>Dei</strong></span> <span class='ocrx_word' id='word_1_552' title='bbox 3336 3012 3504 3065; x_wconf 78' lang='lat' dir='ltr'><strong>nostri</strong></span> <span class='ocrx_word' id='word_1_553' title='bbox 3531 3012 3594 3066; x_wconf 83' lang='grc'>³⁵.</span> <span class='ocrx_word' id='word_1_554' title='bbox 3648 3072 3657 3079; x_wconf 36' lang='grc' dir='ltr'>ι</span> 
     </span>
    </p>
   </div>
   <div class='ocr_carea' id='block_1_77' title="bbox 2022 3085 3601 3171">
    <p class='ocr_par' dir='ltr' id='par_1_77' title="bbox 2022 3085 3601 3171">
     <span class='ocr_line' id='line_1_77' title="bbox 2022 3085 3601 3171; baseline 0.001 -16"><span class='ocrx_word' id='word_1_555' title='bbox 2022 3102 2162 3156; x_wconf 82' lang='lat' dir='ltr'><strong>Num</strong></span> <span class='ocrx_word' id='word_1_556' title='bbox 2212 3102 2347 3163; x_wconf 73' lang='lat' dir='ltr'><strong>haec,</strong></span> <span class='ocrx_word' id='word_1_557' title='bbox 2404 3117 2526 3171; x_wconf 74' lang='lat' dir='ltr'><strong>qua:</strong></span> <span class='ocrx_word' id='word_1_558' title='bbox 2553 3101 2864 3156; x_wconf 82' lang='lat' dir='ltr'><strong>audivimus</strong></span> <span class='ocrx_word' id='word_1_559' title='bbox 2908 3102 2977 3157; x_wconf 87' lang='lat' dir='ltr'><strong>de</strong></span> <span class='ocrx_word' id='word_1_560' title='bbox 3015 3085 3257 3162; x_wconf 77' lang='lat' dir='ltr'><strong>Christo,</strong></span> <span class='ocrx_word' id='word_1_561' title='bbox 3289 3102 3508 3155; x_wconf 80' lang='lat' dir='ltr'><strong>fortuna</strong></span> <span class='ocrx_word' id='word_1_562' title='bbox 3545 3113 3601 3157; x_wconf 89' lang='lat' dir='ltr'><strong>et</strong></span> 
     </span>
    </p>
   </div>
   <div class='ocr_carea' id='block_1_78' title="bbox 2021 3192 3599 3263">
    <p class='ocr_par' dir='ltr' id='par_1_78' title="bbox 2021 3192 3599 3263">
     <span class='ocr_line' id='line_1_78' title="bbox 2021 3192 3599 3263; baseline -0.001 -14"><span class='ocrx_word' id='word_1_563' title='bbox 2021 3209 2154 3249; x_wconf 78' lang='lat' dir='ltr'><strong>casu</strong></span> <span class='ocrx_word' id='word_1_564' title='bbox 2182 3194 2552 3256; x_wconf 66' lang='lat' dir='ltr'><strong>contigerunt,</strong></span> <span class='ocrx_word' id='word_1_565' title='bbox 2581 3201 2638 3247; x_wconf 89' lang='lat' dir='ltr'><strong>et</strong></span> <span class='ocrx_word' id='word_1_566' title='bbox 2665 3192 2867 3263; x_wconf 87' lang='lat' dir='ltr'><strong>scripta</strong></span> <span class='ocrx_word' id='word_1_567' title='bbox 2902 3203 3054 3257; x_wconf 89' lang='lat' dir='ltr'><strong>sunt,</strong></span> <span class='ocrx_word' id='word_1_568' title='bbox 3096 3210 3164 3247; x_wconf 91' lang='lat' dir='ltr'><strong>an</strong></span> <span class='ocrx_word' id='word_1_569' title='bbox 3197 3194 3440 3248; x_wconf 79' lang='lat' dir='ltr'><strong>historia:</strong></span> <span class='ocrx_word' id='word_1_570' title='bbox 3468 3196 3599 3248; x_wconf 88' lang='lat' dir='ltr'><strong>sub-</strong></span> 
     </span>
    </p>
   </div>
   <div class='ocr_carea' id='block_1_79' title="bbox 2020 3281 3591 3353">
    <p class='ocr_par' dir='ltr' id='par_1_79' title="bbox 2020 3281 3591 3353">
     <span class='ocr_line' id='line_1_79' title="bbox 2020 3281 3591 3353; baseline -0.001 -15"><span class='ocrx_word' id='word_1_571' title='bbox 2020 3292 2105 3338; x_wconf 91' lang='lat' dir='ltr'><strong>cst</strong></span> <span class='ocrx_word' id='word_1_572' title='bbox 2133 3284 2314 3353; x_wconf 87' lang='lat' dir='ltr'><strong>aliqua</strong></span> <span class='ocrx_word' id='word_1_573' title='bbox 2356 3283 2539 3338; x_wconf 81' lang='lat' dir='ltr'><strong>ratio?</strong></span> <span class='ocrx_word' id='word_1_574' title='bbox 2567 3281 2709 3349; x_wconf 89' lang='lat' dir='ltr'><strong>Quid</strong></span> <span class='ocrx_word' id='word_1_575' title='bbox 2742 3283 2844 3339; x_wconf 87' lang='lat' dir='ltr'><strong>sibi</strong></span> <span class='ocrx_word' id='word_1_576' title='bbox 2881 3284 2994 3336; x_wconf 87' lang='lat' dir='ltr'><strong>vult</strong></span> <span class='ocrx_word' id='word_1_577' title='bbox 3023 3283 3139 3337; x_wconf 79' lang='lat' dir='ltr'><strong>lucc</strong></span> <span class='ocrx_word' id='word_1_578' title='bbox 3172 3284 3384 3337; x_wconf 86' lang='lat' dir='ltr'><strong>Domini</strong></span> <span class='ocrx_word' id='word_1_579' title='bbox 3420 3283 3471 3336; x_wconf 92' lang='lat' dir='ltr'><strong>in</strong></span> <span class='ocrx_word' id='word_1_580' title='bbox 3499 3299 3591 3337; x_wconf 88' lang='lat' dir='ltr'><strong>an-</strong></span> 
     </span>
    </p>
   </div>
   <div class='ocr_carea' id='block_1_80' title="bbox 2021 3373 3595 3442">
    <p class='ocr_par' dir='ltr' id='par_1_80' title="bbox 2021 3373 3595 3442">
     <span class='ocr_line' id='line_1_80' title="bbox 2021 3373 3595 3442; baseline -0.004 -13"><span class='ocrx_word' id='word_1_581' title='bbox 2021 3383 2105 3429; x_wconf 89' lang='lat' dir='ltr'><strong>tro</strong></span> <span class='ocrx_word' id='word_1_582' title='bbox 2136 3374 2316 3438; x_wconf 83' lang='lat' dir='ltr'><strong>sedes,</strong></span> <span class='ocrx_word' id='word_1_583' title='bbox 2372 3373 2485 3428; x_wconf 66' lang='lat' dir='ltr'><strong>hinc</strong></span> <span class='ocrx_word' id='word_1_584' title='bbox 2520 3373 2572 3427; x_wconf 89' lang='lat' dir='ltr'><strong>in</strong></span> <span class='ocrx_word' id='word_1_585' title='bbox 2605 3374 2829 3442; x_wconf 72' lang='lat' dir='ltr'><strong>prmsepi</strong></span> <span class='ocrx_word' id='word_1_586' title='bbox 2862 3374 3183 3427; x_wconf 83' lang='lat' dir='ltr'><strong>reclinatio?</strong></span> <span class='ocrx_word' id='word_1_587' title='bbox 3210 3375 3321 3428; x_wconf 91' lang='lat' dir='ltr'><strong>Cur</strong></span> <span class='ocrx_word' id='word_1_588' title='bbox 3355 3381 3595 3442; x_wconf 75' lang='lat' dir='ltr'><strong>tempore</strong></span> 
     </span>
    </p>
   </div>
   <div class='ocr_carea' id='block_1_81' title="bbox 2020 3464 3594 3536">
    <p class='ocr_par' dir='ltr' id='par_1_81' title="bbox 2020 3464 3594 3536">
     <span class='ocr_line' id='line_1_81' title="bbox 2020 3464 3594 3536; baseline -0.001 -15"><span class='ocrx_word' id='word_1_589' title='bbox 2020 3465 2414 3536; x_wconf 79' lang='lat' dir='ltr'><strong>descriptionis</strong></span> <span class='ocrx_word' id='word_1_590' title='bbox 2448 3467 2778 3520; x_wconf 74' lang='lat' dir='ltr'><strong>tributorum</strong></span> <span class='ocrx_word' id='word_1_591' title='bbox 2827 3464 2881 3518; x_wconf 91' lang='lat' dir='ltr'><strong>in</strong></span> <span class='ocrx_word' id='word_1_592' title='bbox 2926 3464 3091 3517; x_wconf 89' lang='lat' dir='ltr'><strong>vitam</strong></span> <span class='ocrx_word' id='word_1_593' title='bbox 3142 3465 3483 3532; x_wconf 75' lang='lat' dir='ltr'><strong>ingreditur?</strong></span> <span class='ocrx_word' id='word_1_594' title='bbox 3513 3467 3594 3519; x_wconf 82' lang='lat' dir='ltr'><strong>An</strong></span> 
     </span>
    </p>
   </div>
   <div class='ocr_carea' id='block_1_82' title="bbox 2024 3554 3596 3628">
    <p class='ocr_par' dir='ltr' id='par_1_82' title="bbox 2024 3554 3596 3628">
     <span class='ocr_line' id='line_1_82' title="bbox 2024 3554 3596 3628; baseline -0.001 -16"><span class='ocrx_word' id='word_1_595' title='bbox 2024 3559 2375 3628; x_wconf 88' lang='lat' dir='ltr'><strong>perspicnmn</strong></span> <span class='ocrx_word' id='word_1_596' title='bbox 2427 3565 2538 3620; x_wconf 90' lang='lat' dir='ltr'><strong>est,</strong></span> <span class='ocrx_word' id='word_1_597' title='bbox 2585 3572 2709 3611; x_wconf 89' lang='lat' dir='ltr'><strong>eum</strong></span> <span class='ocrx_word' id='word_1_598' title='bbox 2740 3554 3197 3626; x_wconf 82' lang='lat' dir='ltr'><strong>quemadmodum</strong></span> <span class='ocrx_word' id='word_1_599' title='bbox 3245 3571 3273 3608; x_wconf 92' lang='lat' dir='ltr'><strong>a</strong></span> <span class='ocrx_word' id='word_1_600' title='bbox 3323 3556 3457 3624; x_wconf 75' lang='lat' dir='ltr'><strong>legis</strong></span> <span class='ocrx_word' id='word_1_601' title='bbox 3498 3572 3596 3610; x_wconf 82' lang='lat' dir='ltr'><strong>cx-</strong></span> 
     </span>
    </p>
   </div>
   <div class='ocr_carea' id='block_1_83' title="bbox 2022 3647 3593 3717">
    <p class='ocr_par' dir='ltr' id='par_1_83' title="bbox 2022 3647 3593 3717">
     <span class='ocr_line' id='line_1_83' title="bbox 2022 3647 3593 3717; baseline -0.001 -15"><span class='ocrx_word' id='word_1_602' title='bbox 2022 3648 2331 3702; x_wconf 85' lang='lat' dir='ltr'><strong>sccratione</strong></span> <span class='ocrx_word' id='word_1_603' title='bbox 2368 3663 2469 3703; x_wconf 91' lang='lat' dir='ltr'><strong>nos</strong></span> <span class='ocrx_word' id='word_1_604' title='bbox 2500 3647 2683 3717; x_wconf 83' lang='lat' dir='ltr'><strong>eripit.</strong></span> <span class='ocrx_word' id='word_1_605' title='bbox 2740 3648 2920 3701; x_wconf 86' lang='lat' dir='ltr'><strong>factus</strong></span> <span class='ocrx_word' id='word_1_606' title='bbox 2956 3647 3072 3715; x_wconf 88' lang='lat' dir='ltr'><strong>ipse</strong></span> <span class='ocrx_word' id='word_1_607' title='bbox 3117 3664 3216 3717; x_wconf 89' lang='lat' dir='ltr'><strong>pro</strong></span> <span class='ocrx_word' id='word_1_608' title='bbox 3247 3650 3403 3702; x_wconf 90' lang='lat' dir='ltr'><strong>nobis</strong></span> <span class='ocrx_word' id='word_1_609' title='bbox 3431 3665 3593 3702; x_wconf 81' lang='lat' dir='ltr'><strong>exse-</strong></span> 
     </span>
    </p>
   </div>
   <div class='ocr_carea' id='block_1_84' title="bbox 2022 3737 3594 3806">
    <p class='ocr_par' dir='ltr' id='par_1_84' title="bbox 2022 3737 3594 3806">
     <span class='ocr_line' id='line_1_84' title="bbox 2022 3737 3594 3806; baseline 0.001 -16"><span class='ocrx_word' id='word_1_610' title='bbox 2022 3738 2195 3792; x_wconf 89' lang='lat' dir='ltr'><strong>cratio</strong></span> <span class='ocrx_word' id='word_1_611' title='bbox 2217 3738 2285 3803; x_wconf 87' lang='grc'><strong>³⁹,</strong></span> <span class='ocrx_word' id='word_1_612' title='bbox 2319 3745 2373 3793; x_wconf 91' lang='lat' dir='ltr'><strong>et</strong></span> <span class='ocrx_word' id='word_1_613' title='bbox 2402 3738 2607 3795; x_wconf 86' lang='lat' dir='ltr'><strong>livores</strong></span> <span class='ocrx_word' id='word_1_614' title='bbox 2638 3749 2855 3792; x_wconf 86' lang='lat' dir='ltr'><strong>nostros</strong></span> <span class='ocrx_word' id='word_1_615' title='bbox 2888 3737 2940 3791; x_wconf 95' lang='lat' dir='ltr'><strong>in</strong></span> <span class='ocrx_word' id='word_1_616' title='bbox 2977 3755 3040 3792; x_wconf 90' lang='lat' dir='ltr'><strong>se</strong></span> <span class='ocrx_word' id='word_1_617' title='bbox 3072 3738 3352 3800; x_wconf 88' lang='lat' dir='ltr'><strong>transfert,</strong></span> <span class='ocrx_word' id='word_1_618' title='bbox 3383 3748 3441 3792; x_wconf 93' lang='lat' dir='ltr'><strong>ut</strong></span> <span class='ocrx_word' id='word_1_619' title='bbox 3474 3739 3594 3806; x_wconf 87' lang='lat' dir='ltr'><strong>ejus</strong></span> 
     </span>
    </p>
   </div>
   <div class='ocr_carea' id='block_1_85' title="bbox 2021 3828 3592 3900">
    <p class='ocr_par' dir='ltr' id='par_1_85' title="bbox 2021 3828 3592 3900">
     <span class='ocr_line' id='line_1_85' title="bbox 2021 3828 3592 3900; baseline 0.003 -19"><span class='ocrx_word' id='word_1_620' title='bbox 2021 3828 2194 3883; x_wconf 83' lang='lat' dir='ltr'><strong>livore</strong></span> <span class='ocrx_word' id='word_1_621' title='bbox 2250 3844 2353 3884; x_wconf 90' lang='lat' dir='ltr'><strong>nos</strong></span> <span class='ocrx_word' id='word_1_622' title='bbox 2402 3845 2664 3884; x_wconf 82' lang='lat' dir='ltr'><strong>curetnur</strong></span> <span class='ocrx_word' id='word_1_623' title='bbox 2686 3829 2754 3893; x_wconf 68' lang='grc' dir='ltr'><strong>⁸ο,</strong></span> <span class='ocrx_word' id='word_1_624' title='bbox 2803 3832 2884 3885; x_wconf 91' lang='lat' dir='ltr'><strong>sic</strong></span> <span class='ocrx_word' id='word_1_625' title='bbox 2910 3831 3073 3885; x_wconf 86' lang='lat' dir='ltr'><strong>etiam</strong></span> <span class='ocrx_word' id='word_1_626' title='bbox 3102 3832 3418 3900; x_wconf 79' lang='lat' dir='ltr'><strong>vectigalem</strong></span> <span class='ocrx_word' id='word_1_627' title='bbox 3453 3834 3592 3893; x_wconf 80' lang='lat' dir='ltr'><strong>fieri,</strong></span> 
     </span>
    </p>
   </div>
   <div class='ocr_carea' id='block_1_86' title="bbox 2022 3921 3595 3991">
    <p class='ocr_par' dir='ltr' id='par_1_86' title="bbox 2022 3921 3595 3991">
     <span class='ocr_line' id='line_1_86' title="bbox 2022 3921 3595 3991; baseline 0.003 -18"><span class='ocrx_word' id='word_1_628' title='bbox 2022 3928 2082 3973; x_wconf 88' lang='lat' dir='ltr'><strong>ut</strong></span> <span class='ocrx_word' id='word_1_629' title='bbox 2130 3935 2232 3974; x_wconf 90' lang='lat' dir='ltr'><strong>nos</strong></span> <span class='ocrx_word' id='word_1_630' title='bbox 2285 3935 2316 3973; x_wconf 91' lang='lat' dir='ltr'><strong>a</strong></span> <span class='ocrx_word' id='word_1_631' title='bbox 2362 3921 2693 3990; x_wconf 79' lang='lat' dir='ltr'><strong>gravissimo</strong></span> <span class='ocrx_word' id='word_1_632' title='bbox 2731 3921 3017 3991; x_wconf 64' lang='lat' dir='ltr'><strong>teetigali,</strong></span> <span class='ocrx_word' id='word_1_633' title='bbox 3054 3922 3197 3991; x_wconf 92' lang='lat' dir='ltr'><strong>quod</strong></span> <span class='ocrx_word' id='word_1_634' title='bbox 3252 3922 3322 3975; x_wconf 89' lang='lat' dir='ltr'><strong>ab</strong></span> <span class='ocrx_word' id='word_1_635' title='bbox 3374 3922 3595 3977; x_wconf 79' lang='lat' dir='ltr'><strong>homine</strong></span> 
     </span>
    </p>
   </div>
   <div class='ocr_carea' id='block_1_87' title="bbox 2022 4012 3593 4087">
    <p class='ocr_par' dir='ltr' id='par_1_87' title="bbox 2022 4012 3593 4087">
     <span class='ocr_line' id='line_1_87' title="bbox 2022 4012 3593 4087; baseline 0.001 -21"><span class='ocrx_word' id='word_1_636' title='bbox 2022 4028 2171 4067; x_wconf 89' lang='lat' dir='ltr'><strong>mors</strong></span> <span class='ocrx_word' id='word_1_637' title='bbox 2200 4012 2368 4083; x_wconf 79' lang='lat' dir='ltr'><strong>exigit</strong></span> <span class='ocrx_word' id='word_1_638' title='bbox 2403 4012 2708 4068; x_wconf 83' lang='lat' dir='ltr'><strong>liberaret?</strong></span> <span class='ocrx_word' id='word_1_639' title='bbox 2746 4014 2900 4087; x_wconf 84' lang='lat' dir='ltr'><strong>Quod</strong></span> <span class='ocrx_word' id='word_1_640' title='bbox 2936 4023 3116 4068; x_wconf 89' lang='lat' dir='ltr'><strong>autem</strong></span> <span class='ocrx_word' id='word_1_641' title='bbox 3158 4015 3473 4083; x_wconf 85' lang='lat' dir='ltr'><strong>speluncam</strong></span> <span class='ocrx_word' id='word_1_642' title='bbox 3513 4017 3593 4068; x_wconf 85' lang='lat' dir='ltr'><strong>vi-</strong></span> 
     </span>
    </p>
   </div>
   <div class='ocr_carea' id='block_1_88' title="bbox 2019 4103 3589 4174">
    <p class='ocr_par' dir='ltr' id='par_1_88' title="bbox 2019 4103 3589 4174">
     <span class='ocr_line' id='line_1_88' title="bbox 2019 4103 3589 4174; baseline 0.003 -18"><span class='ocrx_word' id='word_1_643' title='bbox 2019 4103 2138 4168; x_wconf 84' lang='lat' dir='ltr'><strong>des,</strong></span> <span class='ocrx_word' id='word_1_644' title='bbox 2186 4104 2244 4160; x_wconf 90' lang='lat' dir='ltr'><strong>itt</strong></span> <span class='ocrx_word' id='word_1_645' title='bbox 2291 4119 2398 4174; x_wconf 83' lang='lat' dir='ltr'><strong>qua</strong></span> <span class='ocrx_word' id='word_1_646' title='bbox 2454 4106 2665 4174; x_wconf 87' lang='lat' dir='ltr'><strong>paritur</strong></span> <span class='ocrx_word' id='word_1_647' title='bbox 2716 4105 3004 4170; x_wconf 86' lang='lat' dir='ltr'><strong>Dominus,</strong></span> <span class='ocrx_word' id='word_1_648' title='bbox 3054 4122 3253 4161; x_wconf 64' lang='lat' dir='ltr'><strong>caecam</strong></span> <span class='ocrx_word' id='word_1_649' title='bbox 3307 4107 3589 4162; x_wconf 85' lang='lat' dir='ltr'><strong>hominum</strong></span> 
     </span>
    </p>
   </div>
   <div class='ocr_carea' id='block_1_89' title="bbox 2022 4194 3590 4268">
    <p class='ocr_par' dir='ltr' id='par_1_89' title="bbox 2022 4194 3590 4268">
     <span class='ocr_line' id='line_1_89' title="bbox 2022 4194 3590 4268; baseline 0.001 -19"><span class='ocrx_word' id='word_1_650' title='bbox 2022 4194 2212 4260; x_wconf 84' lang='lat' dir='ltr'><strong>vitam,</strong></span> <span class='ocrx_word' id='word_1_651' title='bbox 2235 4204 2291 4251; x_wconf 89' lang='lat' dir='ltr'><strong>ct</strong></span> <span class='ocrx_word' id='word_1_652' title='bbox 2326 4195 2430 4251; x_wconf 86' lang='lat' dir='ltr'><strong>sub</strong></span> <span class='ocrx_word' id='word_1_653' title='bbox 2453 4206 2597 4251; x_wconf 88' lang='lat' dir='ltr'><strong>terra</strong></span> <span class='ocrx_word' id='word_1_654' title='bbox 2625 4196 2930 4251; x_wconf 88' lang='lat' dir='ltr'><strong>demersam</strong></span> <span class='ocrx_word' id='word_1_655' title='bbox 2963 4198 3164 4267; x_wconf 69' lang='lat' dir='ltr'><strong>cogita,</strong></span> <span class='ocrx_word' id='word_1_656' title='bbox 3193 4199 3246 4251; x_wconf 94' lang='lat' dir='ltr'><strong>in</strong></span> <span class='ocrx_word' id='word_1_657' title='bbox 3276 4215 3381 4268; x_wconf 88' lang='lat' dir='ltr'><strong>qua</strong></span> <span class='ocrx_word' id='word_1_658' title='bbox 3414 4199 3590 4252; x_wconf 87' lang='lat' dir='ltr'><strong>nasci-</strong></span> 
     </span>
    </p>
   </div>
   <div class='ocr_carea' id='block_1_90' title="bbox 2021 4285 3590 4357">
    <p class='ocr_par' dir='ltr' id='par_1_90' title="bbox 2021 4285 3590 4357">
     <span class='ocr_line' id='line_1_90' title="bbox 2021 4285 3590 4357; baseline 0.001 -18"><span class='ocrx_word' id='word_1_659' title='bbox 2021 4295 2109 4340; x_wconf 87' lang='lat' dir='ltr'><strong>tur</strong></span> <span class='ocrx_word' id='word_1_660' title='bbox 2136 4285 2248 4355; x_wconf 90' lang='lat' dir='ltr'><strong>ille,</strong></span> <span class='ocrx_word' id='word_1_661' title='bbox 2269 4287 2362 4357; x_wconf 89' lang='lat' dir='ltr'><strong>qui</strong></span> <span class='ocrx_word' id='word_1_662' title='bbox 2396 4287 2449 4341; x_wconf 90' lang='lat' dir='ltr'><strong>in</strong></span> <span class='ocrx_word' id='word_1_663' title='bbox 2483 4287 2725 4342; x_wconf 88' lang='lat' dir='ltr'><strong>tenebris</strong></span> <span class='ocrx_word' id='word_1_664' title='bbox 2747 4288 3177 4353; x_wconf 86' lang='lat' dir='ltr'><strong>ambulantibus,</strong></span> <span class='ocrx_word' id='word_1_665' title='bbox 3210 4297 3264 4343; x_wconf 90' lang='lat' dir='ltr'><strong>et</strong></span> <span class='ocrx_word' id='word_1_666' title='bbox 3294 4289 3346 4343; x_wconf 91' lang='lat' dir='ltr'><strong>in</strong></span> <span class='ocrx_word' id='word_1_667' title='bbox 3372 4290 3590 4357; x_wconf 77' lang='lat' dir='ltr'><strong>regione</strong></span> 
     </span>
    </p>
   </div>
   <div class='ocr_carea' id='block_1_91' title="bbox 339 4370 1918 4458">
    <p class='ocr_par' dir='ltr' id='par_1_91' title="bbox 339 4370 1914 4458">
     <span class='ocr_line' id='line_1_91' title="bbox 339 4370 1914 4458; baseline 0.014 -36"><span class='ocrx_word' id='word_1_668' title='bbox 339 4370 369 4423; x_wconf 91' lang='lat'><strong>0</strong></span> <span class='ocrx_word' id='word_1_669' title='bbox 396 4371 696 4443; x_wconf 82' lang='grc' dir='ltr'>Δεσπότης,</span> <span class='ocrx_word' id='word_1_670' title='bbox 718 4374 811 4429; x_wconf 73' lang='grc' dir='ltr'>τὸν</span> <span class='ocrx_word' id='word_1_671' title='bbox 840 4376 1055 4449; x_wconf 82' lang='grc' dir='ltr'>ἀφεγγῆ</span> <span class='ocrx_word' id='word_1_672' title='bbox 1080 4381 1173 4435; x_wconf 77' lang='grc' dir='ltr'><strong>καὶ</strong></span> <span class='ocrx_word' id='word_1_673' title='bbox 1207 4381 1455 4450; x_wconf 85' lang='grc' dir='ltr'>ὑπόγειον</span> <span class='ocrx_word' id='word_1_674' title='bbox 1480 4385 1587 4439; x_wconf 85' lang='grc' dir='ltr'><strong>τῶν</strong></span> <span class='ocrx_word' id='word_1_675' title='bbox 1614 4386 1914 4458; x_wconf 84' lang='grc' dir='ltr'>ἀνθρώπων</span> 
     </span>
    </p>
   </div>
   <div class='ocr_carea' id='block_1_92' title="bbox 2025 4370 3589 4458">
    <p class='ocr_par' dir='ltr' id='par_1_92' title="bbox 2025 4378 3589 4450">
     <span class='ocr_line' id='line_1_92' title="bbox 2025 4378 3589 4450; baseline 0.003 -20"><span class='ocrx_word' id='word_1_676' title='bbox 2025 4378 2229 4433; x_wconf 68' lang='lat' dir='ltr'><strong>umbra:</strong></span> <span class='ocrx_word' id='word_1_677' title='bbox 2281 4380 2473 4434; x_wconf 88' lang='lat' dir='ltr'><strong>mortis</strong></span> <span class='ocrx_word' id='word_1_678' title='bbox 2523 4378 2843 4435; x_wconf 84' lang='lat' dir='ltr'><strong>sedentibus</strong></span> <span class='ocrx_word' id='word_1_679' title='bbox 2864 4380 2907 4411; x_wconf 74' lang='lat'><em>“</em></span> <span class='ocrx_word' id='word_1_680' title='bbox 2960 4398 3019 4435; x_wconf 85' lang='lat' dir='ltr'><strong>se</strong></span> <span class='ocrx_word' id='word_1_681' title='bbox 3067 4381 3342 4437; x_wconf 86' lang='lat' dir='ltr'><strong>ostendit:</strong></span> <span class='ocrx_word' id='word_1_682' title='bbox 3394 4382 3589 4450; x_wconf 79' lang='lat' dir='ltr'><strong>pannis</strong></span> 
     </span>
    </p>
   </div>
   <div class='ocr_carea' id='block_1_93' title="bbox 341 4462 1918 4553">
    <p class='ocr_par' dir='ltr' id='par_1_93' title="bbox 341 4462 1918 4553">
     <span class='ocr_line' id='line_1_93' title="bbox 341 4462 1918 4553; baseline 0.012 -38"><span class='ocrx_word' id='word_1_683' title='bbox 341 4462 531 4533; x_wconf 88' lang='grc' dir='ltr'>νόησον</span> <span class='ocrx_word' id='word_1_684' title='bbox 563 4465 698 4535; x_wconf 85' lang='grc' dir='ltr'>βίον,</span> <span class='ocrx_word' id='word_1_685' title='bbox 742 4469 801 4520; x_wconf 88' lang='grc' dir='ltr'><strong>ἐν</strong></span> <span class='ocrx_word' id='word_1_686' title='bbox 904 4470 1115 4538; x_wconf 81' lang='grc' dir='ltr'>γίνεται</span> <span class='ocrx_word' id='word_1_687' title='bbox 1147 4474 1176 4526; x_wconf 88' lang='lat'><strong>0</strong></span> <span class='ocrx_word' id='word_1_688' title='bbox 1205 4476 1317 4537; x_wconf 79' lang='grc' dir='ltr'>τοῖς</span> <span class='ocrx_word' id='word_1_689' title='bbox 1350 4476 1407 4527; x_wconf 80' lang='grc' dir='ltr'><strong>ἐν</strong></span> <span class='ocrx_word' id='word_1_690' title='bbox 1458 4477 1640 4531; x_wconf 87' lang='grc' dir='ltr'>σκότει</span> <span class='ocrx_word' id='word_1_691' title='bbox 1666 4480 1760 4533; x_wconf 72' lang='grc' dir='ltr'><strong>καὶ</strong></span> <span class='ocrx_word' id='word_1_692' title='bbox 1787 4483 1918 4553; x_wconf 80' lang='grc' dir='ltr'>σκιᾷ</span> 
     </span>
    </p>
   </div>
   <div class='ocr_carea' id='block_1_94' title="bbox 340 4555 1916 4640">
    <p class='ocr_par' dir='ltr' id='par_1_94' title="bbox 340 4555 1916 4640">
     <span class='ocr_line' id='line_1_94' title="bbox 340 4555 1916 4640; baseline 0.011 -31"><span class='ocrx_word' id='word_1_693' title='bbox 340 4555 567 4613; x_wconf 81' lang='grc' dir='ltr'>θανάτου</span> <span class='ocrx_word' id='word_1_694' title='bbox 599 4561 934 4631; x_wconf 81' lang='grc' dir='ltr'>καθημένοις</span> <span class='ocrx_word' id='word_1_695' title='bbox 966 4566 1385 4636; x_wconf 80' lang='grc' dir='ltr'>ἐπιφαινόμενος</span> <span class='ocrx_word' id='word_1_696' title='bbox 1406 4586 1419 4599; x_wconf 79' lang='grc'><em>’</em></span> <span class='ocrx_word' id='word_1_697' title='bbox 1482 4571 1813 4640; x_wconf 84' lang='grc' dir='ltr'>σπαργάνοις</span> <span class='ocrx_word' id='word_1_698' title='bbox 1858 4573 1916 4627; x_wconf 81' lang='grc' dir='ltr'>δὲ</span> 
     </span>
    </p>
   </div>
   <div class='ocr_carea' id='block_1_95' title="bbox 337 4647 1916 4734">
    <p class='ocr_par' dir='ltr' id='par_1_95' title="bbox 337 4647 1916 4734">
     <span class='ocr_line' id='line_1_95' title="bbox 337 4647 1916 4734; baseline 0.01 -34"><span class='ocrx_word' id='word_1_699' title='bbox 337 4647 740 4720; x_wconf 84' lang='grc' dir='ltr'>διασφίγγεται,</span> <span class='ocrx_word' id='word_1_700' title='bbox 769 4656 799 4707; x_wconf 98' lang='lat'><strong>0</strong></span> <span class='ocrx_word' id='word_1_701' title='bbox 843 4654 942 4720; x_wconf 75' lang='grc' dir='ltr'><strong>τὰς</strong></span> <span class='ocrx_word' id='word_1_702' title='bbox 973 4656 1161 4729; x_wconf 82' lang='grc' dir='ltr'>σειρὰς</span> <span class='ocrx_word' id='word_1_703' title='bbox 1197 4657 1307 4710; x_wconf 86' lang='grc' dir='ltr'><strong>τῶν</strong></span> <span class='ocrx_word' id='word_1_704' title='bbox 1346 4658 1628 4729; x_wconf 82' lang='grc' dir='ltr'>ἡμετέρων</span> <span class='ocrx_word' id='word_1_705' title='bbox 1668 4661 1916 4734; x_wconf 85' lang='grc' dir='ltr'>ἁμαρτη-</span> 
     </span>
    </p>
   </div>
   <div class='ocr_carea' id='block_1_96' title="bbox 340 4740 1915 4820">
    <p class='ocr_par' dir='ltr' id='par_1_96' title="bbox 340 4740 1915 4820">
     <span class='ocr_line' id='line_1_96' title="bbox 340 4740 1915 4820; baseline 0.008 -28"><span class='ocrx_word' id='word_1_706' title='bbox 340 4740 528 4809; x_wconf 86' lang='grc' dir='ltr'>μάτων</span> <span class='ocrx_word' id='word_1_707' title='bbox 556 4744 1032 4816; x_wconf 76' lang='grc' dir='ltr'>περιὸαλλόμενος.</span> <span class='ocrx_word' id='word_1_708' title='bbox 1078 4748 1143 4800; x_wconf 82' lang='grc' dir='ltr'>Ἢ</span> <span class='ocrx_word' id='word_1_709' title='bbox 1175 4748 1231 4801; x_wconf 83' lang='grc' dir='ltr'>δὲ</span> <span class='ocrx_word' id='word_1_710' title='bbox 1261 4748 1436 4820; x_wconf 85' lang='grc' dir='ltr'>φάτνη</span> <span class='ocrx_word' id='word_1_711' title='bbox 1467 4749 1526 4802; x_wconf 83' lang='grc' dir='ltr'><strong>τὸ</strong></span> <span class='ocrx_word' id='word_1_712' title='bbox 1569 4749 1678 4805; x_wconf 84' lang='grc' dir='ltr'><strong>τῶν</strong></span> <span class='ocrx_word' id='word_1_713' title='bbox 1705 4751 1915 4818; x_wconf 81' lang='grc' dir='ltr'>ἀλόγων</span> 
     </span>
    </p>
   </div>
   <div class='ocr_carea' id='block_1_97' title="bbox 338 4830 1917 4915">
    <p class='ocr_par' dir='ltr' id='par_1_97' title="bbox 338 4830 1917 4915">
     <span class='ocr_line' id='line_1_97' title="bbox 338 4830 1917 4915; baseline 0.009 -33"><span class='ocrx_word' id='word_1_714' title='bbox 338 4830 487 4883; x_wconf 79' lang='grc' dir='ltr'>ἐστὶν</span> <span class='ocrx_word' id='word_1_715' title='bbox 530 4831 866 4904; x_wconf 86' lang='grc' dir='ltr'>ἐνδιαίτημα,</span> <span class='ocrx_word' id='word_1_716' title='bbox 913 4837 972 4888; x_wconf 84' lang='grc' dir='ltr'>ὲν</span> <span class='ocrx_word' id='word_1_717' title='bbox 1099 4841 1354 4905; x_wconf 82' lang='grc' dir='ltr'>γεννᾶται</span> <span class='ocrx_word' id='word_1_718' title='bbox 1400 4841 1428 4893; x_wconf 91' lang='lat'><strong>0</strong></span> <span class='ocrx_word' id='word_1_719' title='bbox 1480 4839 1657 4909; x_wconf 86' lang='grc' dir='ltr'>λόγος,</span> <span class='ocrx_word' id='word_1_720' title='bbox 1688 4843 1777 4896; x_wconf 88' lang='grc' dir='ltr'><strong>ἵνα</strong></span> <span class='ocrx_word' id='word_1_721' title='bbox 1804 4842 1917 4915; x_wconf 87' lang='grc' dir='ltr'>γνῷ</span> 
     </span>
    </p>
   </div>
   <div class='ocr_carea' id='block_1_98' title="bbox 338 4919 1914 5004">
    <p class='ocr_par' dir='ltr' id='par_1_98' title="bbox 338 4919 1914 5004">
     <span class='ocr_line' id='line_1_98' title="bbox 338 4919 1914 5004; baseline 0.01 -31"><span class='ocrx_word' id='word_1_722' title='bbox 338 4919 467 4991; x_wconf 83' lang='grc' dir='ltr'>βοῦς</span> <span class='ocrx_word' id='word_1_723' title='bbox 512 4924 874 4995; x_wconf 81' lang='grc' dir='ltr'>κτησάμενον,</span> <span class='ocrx_word' id='word_1_724' title='bbox 912 4929 1006 4980; x_wconf 80' lang='grc' dir='ltr'><strong>καὶ</strong></span> <span class='ocrx_word' id='word_1_725' title='bbox 1052 4929 1169 4991; x_wconf 78' lang='grc' dir='ltr'>ὑνος</span> <span class='ocrx_word' id='word_1_726' title='bbox 1200 4930 1297 5000; x_wconf 84' lang='grc' dir='ltr'><strong>τὴν</strong></span> <span class='ocrx_word' id='word_1_727' title='bbox 1341 4930 1550 5001; x_wconf 84' lang='grc' dir='ltr'>φάτνην</span> <span class='ocrx_word' id='word_1_728' title='bbox 1578 4932 1671 4986; x_wconf 87' lang='grc' dir='ltr'><strong>τοῦ</strong></span> <span class='ocrx_word' id='word_1_729' title='bbox 1724 4933 1914 5004; x_wconf 85' lang='grc' dir='ltr'>κυρίου</span> 
     </span>
    </p>
   </div>
   <div class='ocr_carea' id='block_1_99' title="bbox 336 5013 1915 5093">
    <p class='ocr_par' dir='ltr' id='par_1_99' title="bbox 336 5013 1915 5093">
     <span class='ocr_line' id='line_1_99' title="bbox 336 5013 1915 5093; baseline 0.006 -26"><span class='ocrx_word' id='word_1_730' title='bbox 336 5013 521 5067; x_wconf 79' lang='grc' dir='ltr'>αὐτοῦ’</span> <span class='ocrx_word' id='word_1_731' title='bbox 555 5013 680 5085; x_wconf 77' lang='grc' dir='ltr'>βοῦς</span> <span class='ocrx_word' id='word_1_732' title='bbox 699 5017 730 5070; x_wconf 91' lang='lat'><strong>0</strong></span> <span class='ocrx_word' id='word_1_733' title='bbox 753 5016 1148 5087; x_wconf 75' lang='grc' dir='ltr'>ὑπεζευγμένος</span> <span class='ocrx_word' id='word_1_734' title='bbox 1168 5019 1245 5090; x_wconf 79' lang='grc' dir='ltr'>τῷ</span> <span class='ocrx_word' id='word_1_735' title='bbox 1270 5021 1438 5093; x_wconf 86' lang='grc' dir='ltr'>Νόμῳ</span> <span class='ocrx_word' id='word_1_736' title='bbox 1454 5035 1469 5049; x_wconf 81' lang='lat'>&#39;</span> <span class='ocrx_word' id='word_1_737' title='bbox 1490 5022 1628 5089; x_wconf 77' lang='grc' dir='ltr'>ὄνος,</span> <span class='ocrx_word' id='word_1_738' title='bbox 1659 5022 1721 5077; x_wconf 83' lang='grc' dir='ltr'><strong>τὸ</strong></span> <span class='ocrx_word' id='word_1_739' title='bbox 1752 5022 1915 5093; x_wconf 79' lang='grc' dir='ltr'>ἀχθο-</span> 
     </span>
    </p>
   </div>
   <div class='ocr_carea' id='block_1_100' title="bbox 337 5103 1915 5186">
    <p class='ocr_par' dir='ltr' id='par_1_100' title="bbox 337 5103 1915 5186">
     <span class='ocr_line' id='line_1_100' title="bbox 337 5103 1915 5186; baseline -0.008 -8"><span class='ocrx_word' id='word_1_740' title='bbox 337 5103 502 5177; x_wconf 69' lang='grc' dir='ltr'>φόρον</span> <span class='ocrx_word' id='word_1_741' title='bbox 540 5105 699 5171; x_wconf 65' lang='grc' dir='ltr'><strong>ζῶον,</strong></span> <span class='ocrx_word' id='word_1_742' title='bbox 728 5108 790 5160; x_wconf 62' lang='grc' dir='ltr'><strong>τὸ</strong></span> <span class='ocrx_word' id='word_1_743' title='bbox 830 5110 897 5178; x_wconf 75' lang='grc' dir='ltr'><strong>τῇ</strong></span> <span class='ocrx_word' id='word_1_744' title='bbox 932 5109 1175 5180; x_wconf 77' lang='grc' dir='ltr'>ἁμαρτίᾳ</span> <span class='ocrx_word' id='word_1_745' title='bbox 1208 5113 1307 5182; x_wconf 79' lang='grc' dir='ltr'>τῆς</span> <span class='ocrx_word' id='word_1_746' title='bbox 1341 5112 1784 5186; x_wconf 83' lang='grc' dir='ltr'>είδωλολατρείας</span> <span class='ocrx_word' id='word_1_747' title='bbox 1818 5133 1915 5169; x_wconf 87' lang='grc' dir='ltr'>πε-</span> 
     </span>
    </p>
   </div>
   <div class='ocr_carea' id='block_1_101' title="bbox 335 5197 1908 5276">
    <p class='ocr_par' dir='ltr' id='par_1_101' title="bbox 335 5197 1908 5276">
     <span class='ocr_line' id='line_1_101' title="bbox 335 5197 1908 5276; baseline 0.01 -29"><span class='ocrx_word' id='word_1_748' title='bbox 335 5213 570 5268; x_wconf 69' lang='grc' dir='ltr'>φορτισμ</span> <span class='ocrx_word' id='word_1_749' title='bbox 577 5197 856 5254; x_wconf 77' lang='grc' dir='ltr'><strong>1ίνον.⁹Αλλ’</strong></span> <span class='ocrx_word' id='word_1_750' title='bbox 874 5201 906 5270; x_wconf 77' lang='grc' dir='ltr'><strong>ἡ</strong></span> <span class='ocrx_word' id='word_1_751' title='bbox 927 5199 1023 5270; x_wconf 84' lang='grc' dir='ltr'>μὲν</span> <span class='ocrx_word' id='word_1_752' title='bbox 1048 5200 1377 5272; x_wconf 77' lang='grc' dir='ltr'>κατάλληλος</span> <span class='ocrx_word' id='word_1_753' title='bbox 1391 5204 1496 5257; x_wconf 85' lang='grc' dir='ltr'>τῶν</span> <span class='ocrx_word' id='word_1_754' title='bbox 1511 5204 1721 5273; x_wconf 87' lang='grc' dir='ltr'>ἀλόγων</span> <span class='ocrx_word' id='word_1_755' title='bbox 1736 5222 1766 5258; x_wconf 91' lang='grc' dir='ltr'><strong>τ</strong></span> <span class='ocrx_word' id='word_1_756' title='bbox 1772 5205 1908 5276; x_wconf 75' lang='grc' dir='ltr'>ροφὴ</span> 
     </span>
    </p>
   </div>
   <div class='ocr_carea' id='block_1_102' title="bbox 333 5285 1905 5367">
    <p class='ocr_par' dir='ltr' id='par_1_102' title="bbox 333 5285 1905 5367">
     <span class='ocr_line' id='line_1_102' title="bbox 333 5285 1905 5367; baseline 0.008 -28"><span class='ocrx_word' id='word_1_757' title='bbox 333 5286 430 5339; x_wconf 69' lang='grc' dir='ltr'>καὶ</span> <span class='ocrx_word' id='word_1_758' title='bbox 460 5285 573 5357; x_wconf 79' lang='grc' dir='ltr'><strong>ζωὴ</strong></span> <span class='ocrx_word' id='word_1_759' title='bbox 602 5289 789 5359; x_wconf 86' lang='grc' dir='ltr'>χόρτος</span> <span class='ocrx_word' id='word_1_760' title='bbox 812 5289 976 5352; x_wconf 79' lang='grc' dir='ltr'>ἐστίν,</span> <span class='ocrx_word' id='word_1_761' title='bbox 995 5290 1052 5343; x_wconf 88' lang='lat'><strong>&#39;0</strong></span> <span class='ocrx_word' id='word_1_762' title='bbox 1068 5291 1429 5358; x_wconf 80' lang='grc' dir='ltr'>ἐξανατέλλων</span> <span class='ocrx_word' id='word_1_763' title='bbox 1454 5295 1562 5367; x_wconf 84' lang='grc' dir='ltr'>γὰρ</span> <span class='ocrx_word' id='word_1_764' title='bbox 1591 5298 1782 5367; x_wconf 83' lang='grc' dir='ltr'>χόρτον</span> <span class='ocrx_word' id='word_1_765' title='bbox 1796 5300 1905 5361; x_wconf 83' lang='grc' dir='ltr'>τοῖς</span> 
     </span>
    </p>
   </div>
   <div class='ocr_carea' id='block_1_103' title="bbox 337 5378 1905 5461">
    <p class='ocr_par' dir='ltr' id='par_1_103' title="bbox 337 5378 1905 5461">
     <span class='ocr_line' id='line_1_103' title="bbox 337 5378 1905 5461; baseline 0.008 -30"><span class='ocrx_word' id='word_1_766' title='bbox 337 5378 577 5448; x_wconf 76' lang='grc' dir='ltr'>κτήνεσι,</span> <span class='ocrx_word' id='word_1_767' title='bbox 612 5380 820 5449; x_wconf 82' lang='grc' dir='ltr'>φησὶνό</span> <span class='ocrx_word' id='word_1_768' title='bbox 851 5382 1161 5452; x_wconf 84' lang='grc' dir='ltr'>Προφήτης.</span> <span class='ocrx_word' id='word_1_769' title='bbox 1190 5383 1262 5436; x_wconf 82' lang='grc' dir='ltr'>Τὸ</span> <span class='ocrx_word' id='word_1_770' title='bbox 1295 5382 1351 5436; x_wconf 86' lang='grc' dir='ltr'>δὲ</span> <span class='ocrx_word' id='word_1_771' title='bbox 1380 5384 1594 5455; x_wconf 80' lang='grc' dir='ltr'>λογικὸν</span> <span class='ocrx_word' id='word_1_772' title='bbox 1630 5387 1769 5454; x_wconf 79' lang='grc' dir='ltr'>ζῶον</span> <span class='ocrx_word' id='word_1_773' title='bbox 1806 5388 1905 5461; x_wconf 84' lang='grc' dir='ltr'><strong>ἄρ-</strong></span> 
     </span>
    </p>
   </div>
   <div class='ocr_carea' id='block_1_104' title="bbox 333 5469 1906 5551">
    <p class='ocr_par' dir='ltr' id='par_1_104' title="bbox 333 5469 1906 5551">
     <span class='ocr_line' id='line_1_104' title="bbox 333 5469 1906 5551; baseline 0.01 -31"><span class='ocrx_word' id='word_1_774' title='bbox 333 5485 413 5540; x_wconf 85' lang='grc' dir='ltr'>τῳ</span> <span class='ocrx_word' id='word_1_775' title='bbox 439 5469 713 5539; x_wconf 79' lang='grc' dir='ltr'>τρέφεται.</span> <span class='ocrx_word' id='word_1_776' title='bbox 747 5472 844 5525; x_wconf 80' lang='grc' dir='ltr'>Διά</span> <span class='ocrx_word' id='word_1_777' title='bbox 881 5471 1039 5526; x_wconf 85' lang='grc' dir='ltr'>τοῦτο</span> <span class='ocrx_word' id='word_1_778' title='bbox 1083 5473 1263 5529; x_wconf 89' lang='grc' dir='ltr'>τοίνυν</span> <span class='ocrx_word' id='word_1_779' title='bbox 1300 5478 1366 5548; x_wconf 79' lang='grc' dir='ltr'>τῇ</span> <span class='ocrx_word' id='word_1_780' title='bbox 1401 5479 1595 5550; x_wconf 82' lang='grc' dir='ltr'>φάτνῃ,</span> <span class='ocrx_word' id='word_1_781' title='bbox 1631 5481 1751 5551; x_wconf 79' lang='grc' dir='ltr'>ἤτις</span> <span class='ocrx_word' id='word_1_782' title='bbox 1791 5481 1906 5535; x_wconf 75' lang='grc' dir='ltr'>ἐστὶ</span> 
     </span>
    </p>
   </div>
   <div class='ocr_carea' id='block_1_105' title="bbox 372 5583 1813 5664">
    <p class='ocr_par' dir='ltr' id='par_1_105' title="bbox 372 5583 1813 5664">
     <span class='ocr_line' id='line_1_105' title="bbox 372 5583 1813 5664; baseline 0.008 -22"><span class='ocrx_word' id='word_1_783' title='bbox 372 5583 461 5664; x_wconf 64' lang='grc'><strong>³⁷]</strong></span> <span class='ocrx_word' id='word_1_784' title='bbox 494 5584 814 5664; x_wconf 30' lang='grc' dir='ltr'><strong>αρνιμ-24.</strong></span> <span class='ocrx_word' id='word_1_785' title='bbox 858 5589 901 5620; x_wconf 75' lang='grc'>³⁸</span> <span class='ocrx_word' id='word_1_786' title='bbox 927 5588 1071 5664; x_wconf 63' lang='grc' dir='ltr'>Ρεειι.</span> <span class='ocrx_word' id='word_1_787' title='bbox 1129 5605 1260 5648; x_wconf 77' lang='lat' dir='ltr'><strong>xui.</strong></span> <span class='ocrx_word' id='word_1_788' title='bbox 1306 5594 1349 5626; x_wconf 84' lang='grc'><strong>³⁹</strong></span> <span class='ocrx_word' id='word_1_789' title='bbox 1381 5593 1556 5652; x_wconf 79' lang='lat' dir='ltr'><strong>Galat.</strong></span> <span class='ocrx_word' id='word_1_790' title='bbox 1610 5614 1688 5664; x_wconf 87' lang='grc' dir='ltr'>ιιι,</span> <span class='ocrx_word' id='word_1_791' title='bbox 1729 5599 1813 5655; x_wconf 79' lang='grc'><strong>15.</strong></span> 
     </span>
    </p>
   </div>
   <div class='ocr_carea' id='block_1_106' title="bbox 338 5656 1019 5722">
    <p class='ocr_par' dir='ltr' id='par_1_106' title="bbox 338 5656 1019 5722">
     <span class='ocr_line' id='line_1_106' title="bbox 338 5656 1019 5722; baseline 0 -9"><span class='ocrx_word' id='word_1_792' title='bbox 338 5674 374 5719; x_wconf 86' lang='grc' dir='ltr'><strong>ι,</strong></span> <span class='ocrx_word' id='word_1_793' title='bbox 410 5658 463 5711; x_wconf 79' lang='lat'><strong>5.</strong></span> <span class='ocrx_word' id='word_1_794' title='bbox 530 5656 575 5689; x_wconf 73' lang='lat'><strong>&quot;</strong></span> <span class='ocrx_word' id='word_1_795' title='bbox 602 5656 748 5716; x_wconf 83' lang='lat' dir='ltr'><strong>Psal.</strong></span> <span class='ocrx_word' id='word_1_796' title='bbox 788 5673 900 5722; x_wconf 75' lang='lat' dir='ltr'><strong>cur,</strong></span> <span class='ocrx_word' id='word_1_797' title='bbox 936 5661 1019 5714; x_wconf 74' lang='lat' dir='ltr'><strong>tt.</strong></span> 
     </span>
    </p>
   </div>
   <div class='ocr_carea' id='block_1_107' title="bbox 2019 4470 3588 4540">
    <p class='ocr_par' dir='ltr' id='par_1_107' title="bbox 2019 4470 3588 4540">
     <span class='ocr_line' id='line_1_107' title="bbox 2019 4470 3588 4540; baseline 0.002 -18"><span class='ocrx_word' id='word_1_798' title='bbox 2019 4477 2201 4526; x_wconf 85' lang='lat' dir='ltr'><strong>autem</strong></span> <span class='ocrx_word' id='word_1_799' title='bbox 2230 4470 2540 4525; x_wconf 87' lang='lat' dir='ltr'><strong>obvolvitur</strong></span> <span class='ocrx_word' id='word_1_800' title='bbox 2572 4480 2627 4527; x_wconf 89' lang='lat' dir='ltr'><strong>et</strong></span> <span class='ocrx_word' id='word_1_801' title='bbox 2661 4472 2849 4527; x_wconf 86' lang='lat' dir='ltr'><strong>fasciis</strong></span> <span class='ocrx_word' id='word_1_802' title='bbox 2881 4472 3300 4540; x_wconf 82' lang='lat' dir='ltr'><strong>constringitur,</strong></span> <span class='ocrx_word' id='word_1_803' title='bbox 3333 4473 3423 4539; x_wconf 86' lang='lat' dir='ltr'><strong>qui</strong></span> <span class='ocrx_word' id='word_1_804' title='bbox 3464 4488 3588 4540; x_wconf 85' lang='lat' dir='ltr'><strong>pee-</strong></span> 
     </span>
    </p>
   </div>
   <div class='ocr_carea' id='block_1_108' title="bbox 2017 4543 3587 4639">
    <p class='ocr_par' dir='ltr' id='par_1_108' title="bbox 2017 4543 3587 4639">
     <span class='ocr_line' id='line_1_108' title="bbox 2017 4543 3587 4639; baseline -0.001 -21"><span class='ocrx_word' id='word_1_805' title='bbox 2017 4543 2266 4619; x_wconf 78' lang='lat' dir='ltr'><strong>catorum</strong></span> <span class='ocrx_word' id='word_1_806' title='bbox 2301 4574 2613 4620; x_wconf 89' lang='lat' dir='ltr'><strong>nostrorum</strong></span> <span class='ocrx_word' id='word_1_807' title='bbox 2647 4578 2870 4619; x_wconf 85' lang='lat' dir='ltr'><strong>catenas</strong></span> <span class='ocrx_word' id='word_1_808' title='bbox 2914 4564 3063 4618; x_wconf 90' lang='lat' dir='ltr'><strong>suhit</strong></span> <span class='ocrx_word' id='word_1_809' title='bbox 3093 4571 3148 4617; x_wconf 90' lang='lat' dir='ltr'><strong>et</strong></span> <span class='ocrx_word' id='word_1_810' title='bbox 3172 4562 3587 4639; x_wconf 29' lang='lat' dir='ltr'><strong>vincula.‘l’rm-</strong></span> 
     </span>
    </p>
   </div>
   <div class='ocr_carea' id='block_1_109' title="bbox 2018 4653 3588 4727">
    <p class='ocr_par' dir='ltr' id='par_1_109' title="bbox 2018 4653 3588 4727">
     <span class='ocr_line' id='line_1_109' title="bbox 2018 4653 3588 4727; baseline -0.004 -14"><span class='ocrx_word' id='word_1_811' title='bbox 2018 4673 2149 4725; x_wconf 85' lang='lat' dir='ltr'><strong>sepe</strong></span> <span class='ocrx_word' id='word_1_812' title='bbox 2177 4673 2328 4721; x_wconf 85' lang='lat' dir='ltr'><strong>vero,</strong></span> <span class='ocrx_word' id='word_1_813' title='bbox 2356 4657 2410 4712; x_wconf 91' lang='lat' dir='ltr'><strong>in</strong></span> <span class='ocrx_word' id='word_1_814' title='bbox 2445 4674 2556 4727; x_wconf 89' lang='lat' dir='ltr'><strong>quo</strong></span> <span class='ocrx_word' id='word_1_815' title='bbox 2590 4655 2828 4710; x_wconf 83' lang='lat' dir='ltr'><strong>Verbum</strong></span> <span class='ocrx_word' id='word_1_816' title='bbox 2861 4655 3123 4725; x_wconf 80' lang='lat' dir='ltr'><strong>gignitur,</strong></span> <span class='ocrx_word' id='word_1_817' title='bbox 3164 4653 3456 4708; x_wconf 88' lang='lat' dir='ltr'><strong>bestiarum</strong></span> <span class='ocrx_word' id='word_1_818' title='bbox 3505 4662 3588 4709; x_wconf 89' lang='lat' dir='ltr'><strong>est</strong></span> 
     </span>
    </p>
   </div>
   <div class='ocr_carea' id='block_1_110' title="bbox 2017 4746 3588 4815">
    <p class='ocr_par' dir='ltr' id='par_1_110' title="bbox 2017 4746 3588 4815">
     <span class='ocr_line' id='line_1_110' title="bbox 2017 4746 3588 4815; baseline -0.003 -12"><span class='ocrx_word' id='word_1_819' title='bbox 2017 4748 2237 4811; x_wconf 89' lang='lat' dir='ltr'><strong>domus,</strong></span> <span class='ocrx_word' id='word_1_820' title='bbox 2292 4756 2352 4801; x_wconf 93' lang='lat' dir='ltr'><strong>ut</strong></span> <span class='ocrx_word' id='word_1_821' title='bbox 2406 4754 2703 4815; x_wconf 73' lang='lat' dir='ltr'><strong>cognoscat</strong></span> <span class='ocrx_word' id='word_1_822' title='bbox 2748 4746 2847 4800; x_wconf 90' lang='lat' dir='ltr'><strong>bos</strong></span> <span class='ocrx_word' id='word_1_823' title='bbox 2893 4759 3267 4813; x_wconf 83' lang='lat' dir='ltr'><strong>possessorem</strong></span> <span class='ocrx_word' id='word_1_824' title='bbox 3308 4759 3490 4808; x_wconf 80' lang='lat' dir='ltr'><strong>suum,</strong></span> <span class='ocrx_word' id='word_1_825' title='bbox 3534 4755 3588 4798; x_wconf 79' lang='lat' dir='ltr'><strong>et</strong></span> 
     </span>
    </p>
   </div>
   <div class='ocr_carea' id='block_1_111' title="bbox 2019 4835 3589 4909">
    <p class='ocr_par' dir='ltr' id='par_1_111' title="bbox 2019 4835 3589 4909">
     <span class='ocr_line' id='line_1_111' title="bbox 2019 4835 3589 4909; baseline -0.004 -16"><span class='ocrx_word' id='word_1_826' title='bbox 2019 4841 2211 4895; x_wconf 85' lang='lat' dir='ltr'><strong>asinus</strong></span> <span class='ocrx_word' id='word_1_827' title='bbox 2244 4855 2486 4909; x_wconf 66' lang='lat' dir='ltr'><strong>praesepe</strong></span> <span class='ocrx_word' id='word_1_828' title='bbox 2513 4838 2716 4891; x_wconf 83' lang='lat' dir='ltr'><strong>domini</strong></span> <span class='ocrx_word' id='word_1_829' title='bbox 2753 4837 2835 4892; x_wconf 90' lang='lat' dir='ltr'><strong>sui</strong></span> <span class='ocrx_word' id='word_1_830' title='bbox 2874 4837 2941 4891; x_wconf 78' lang='lat'><strong>&quot;.</strong></span> <span class='ocrx_word' id='word_1_831' title='bbox 2969 4835 3072 4889; x_wconf 76' lang='lat' dir='ltr'><strong>Per</strong></span> <span class='ocrx_word' id='word_1_832' title='bbox 3107 4836 3299 4890; x_wconf 88' lang='lat' dir='ltr'><strong>bovem</strong></span> <span class='ocrx_word' id='word_1_833' title='bbox 3346 4838 3589 4906; x_wconf 70' lang='lat' dir='ltr'><strong>intelligo</strong></span> 
     </span>
    </p>
   </div>
   <div class='ocr_carea' id='block_1_112' title="bbox 2018 4926 3585 5000">
    <p class='ocr_par' dir='ltr' id='par_1_112' title="bbox 2018 4926 3585 5000">
     <span class='ocr_line' id='line_1_112' title="bbox 2018 4926 3585 5000; baseline -0.003 -15"><span class='ocrx_word' id='word_1_834' title='bbox 2018 4932 2193 4994; x_wconf 89' lang='lat' dir='ltr'><strong>illum,</strong></span> <span class='ocrx_word' id='word_1_835' title='bbox 2237 4931 2331 5000; x_wconf 89' lang='lat' dir='ltr'><strong>qui</strong></span> <span class='ocrx_word' id='word_1_836' title='bbox 2382 4929 2541 4999; x_wconf 76' lang='lat' dir='ltr'><strong>Legis</strong></span> <span class='ocrx_word' id='word_1_837' title='bbox 2580 4930 2716 4998; x_wconf 81' lang='lat' dir='ltr'><strong>jugo</strong></span> <span class='ocrx_word' id='word_1_838' title='bbox 2758 4927 3040 4995; x_wconf 77' lang='lat' dir='ltr'><strong>sobjertus</strong></span> <span class='ocrx_word' id='word_1_839' title='bbox 3069 4934 3189 4981; x_wconf 91' lang='lat' dir='ltr'><strong>cst:</strong></span> <span class='ocrx_word' id='word_1_840' title='bbox 3223 4942 3318 4995; x_wconf 87' lang='lat' dir='ltr'><strong>per</strong></span> <span class='ocrx_word' id='word_1_841' title='bbox 3371 4926 3585 4981; x_wconf 87' lang='lat' dir='ltr'><strong>asinum</strong></span> 
     </span>
    </p>
   </div>
   <div class='ocr_carea' id='block_1_113' title="bbox 2019 5018 3587 5091">
    <p class='ocr_par' dir='ltr' id='par_1_113' title="bbox 2019 5018 3587 5091">
     <span class='ocr_line' id='line_1_113' title="bbox 2019 5018 3587 5091; baseline -0.004 -15"><span class='ocrx_word' id='word_1_842' title='bbox 2019 5032 2222 5087; x_wconf 87' lang='lat' dir='ltr'><strong>autem,</strong></span> <span class='ocrx_word' id='word_1_843' title='bbox 2254 5020 2401 5091; x_wconf 89' lang='lat' dir='ltr'><strong>quod</strong></span> <span class='ocrx_word' id='word_1_844' title='bbox 2432 5029 2515 5075; x_wconf 89' lang='lat' dir='ltr'><strong>est</strong></span> <span class='ocrx_word' id='word_1_845' title='bbox 2543 5020 2747 5074; x_wconf 89' lang='lat' dir='ltr'><strong>animal</strong></span> <span class='ocrx_word' id='word_1_846' title='bbox 2789 5020 3030 5074; x_wconf 79' lang='lat' dir='ltr'><strong>ferendis</strong></span> <span class='ocrx_word' id='word_1_847' title='bbox 3074 5018 3336 5073; x_wconf 88' lang='lat' dir='ltr'><strong>oneribus</strong></span> <span class='ocrx_word' id='word_1_848' title='bbox 3374 5027 3587 5086; x_wconf 85' lang='lat' dir='ltr'><strong>natum,</strong></span> 
     </span>
    </p>
   </div>
   <div class='ocr_carea' id='block_1_114' title="bbox 2015 5108 3584 5183">
    <p class='ocr_par' dir='ltr' id='par_1_114' title="bbox 2015 5108 3584 5183">
     <span class='ocr_line' id='line_1_114' title="bbox 2015 5108 3584 5183; baseline -0.003 -16"><span class='ocrx_word' id='word_1_849' title='bbox 2015 5129 2164 5178; x_wconf 89' lang='lat' dir='ltr'><strong>eum,</strong></span> <span class='ocrx_word' id='word_1_850' title='bbox 2197 5112 2291 5183; x_wconf 87' lang='lat' dir='ltr'><strong>qui</strong></span> <span class='ocrx_word' id='word_1_851' title='bbox 2317 5112 2737 5167; x_wconf 85' lang='lat' dir='ltr'><strong>simulacrorum</strong></span> <span class='ocrx_word' id='word_1_852' title='bbox 2757 5109 2939 5166; x_wconf 90' lang='lat' dir='ltr'><strong>cultus</strong></span> <span class='ocrx_word' id='word_1_853' title='bbox 2959 5118 3195 5164; x_wconf 87' lang='lat' dir='ltr'><strong>onustus</strong></span> <span class='ocrx_word' id='word_1_854' title='bbox 3226 5119 3312 5163; x_wconf 84' lang='lat' dir='ltr'><strong>est</strong></span> <span class='ocrx_word' id='word_1_855' title='bbox 3333 5108 3584 5163; x_wconf 87' lang='lat' dir='ltr'><strong>crimine.</strong></span> 
     </span>
    </p>
   </div>
   <div class='ocr_carea' id='block_1_115' title="bbox 2016 5199 3586 5270">
    <p class='ocr_par' dir='ltr' id='par_1_115' title="bbox 2016 5199 3586 5270">
     <span class='ocr_line' id='line_1_115' title="bbox 2016 5199 3586 5270; baseline -0.005 -11"><span class='ocrx_word' id='word_1_856' title='bbox 2016 5204 2281 5259; x_wconf 78' lang='lat' dir='ltr'><strong>Caeterum</strong></span> <span class='ocrx_word' id='word_1_857' title='bbox 2320 5218 2613 5258; x_wconf 88' lang='lat' dir='ltr'><strong>commune</strong></span> <span class='ocrx_word' id='word_1_858' title='bbox 2653 5202 2886 5257; x_wconf 86' lang='lat' dir='ltr'><strong>rationis</strong></span> <span class='ocrx_word' id='word_1_859' title='bbox 2925 5201 3228 5270; x_wconf 84' lang='lat' dir='ltr'><strong>expertium</strong></span> <span class='ocrx_word' id='word_1_860' title='bbox 3267 5199 3586 5252; x_wconf 88' lang='lat' dir='ltr'><strong>animalium</strong></span> 
     </span>
    </p>
   </div>
   <div class='ocr_carea' id='block_1_116' title="bbox 2016 5289 3585 5367">
    <p class='ocr_par' dir='ltr' id='par_1_116' title="bbox 2016 5289 3585 5367">
     <span class='ocr_line' id='line_1_116' title="bbox 2016 5289 3585 5367; baseline -0.003 -19"><span class='ocrx_word' id='word_1_861' title='bbox 2016 5297 2272 5367; x_wconf 91' lang='lat' dir='ltr'><strong>pabulum</strong></span> <span class='ocrx_word' id='word_1_862' title='bbox 2306 5302 2360 5351; x_wconf 88' lang='lat' dir='ltr'><strong>et</strong></span> <span class='ocrx_word' id='word_1_863' title='bbox 2387 5295 2495 5349; x_wconf 90' lang='lat' dir='ltr'><strong>vita</strong></span> <span class='ocrx_word' id='word_1_864' title='bbox 2525 5293 2705 5350; x_wconf 86' lang='lat' dir='ltr'><strong>fenum</strong></span> <span class='ocrx_word' id='word_1_865' title='bbox 2730 5301 2836 5358; x_wconf 89' lang='lat' dir='ltr'><strong>est,</strong></span> <span class='ocrx_word' id='word_1_866' title='bbox 2869 5293 3199 5363; x_wconf 87' lang='lat' dir='ltr'><strong>producens,</strong></span> <span class='ocrx_word' id='word_1_867' title='bbox 3230 5290 3410 5359; x_wconf 90' lang='lat' dir='ltr'><strong>inquit</strong></span> <span class='ocrx_word' id='word_1_868' title='bbox 3446 5289 3585 5345; x_wconf 86' lang='lat' dir='ltr'><strong>Pro-</strong></span> 
     </span>
    </p>
   </div>
   <div class='ocr_carea' id='block_1_117' title="bbox 2014 5381 3582 5459">
    <p class='ocr_par' dir='ltr' id='par_1_117' title="bbox 2014 5381 3582 5459">
     <span class='ocr_line' id='line_1_117' title="bbox 2014 5381 3582 5459; baseline -0.003 -18"><span class='ocrx_word' id='word_1_869' title='bbox 2014 5389 2177 5459; x_wconf 82' lang='lat' dir='ltr'><strong>pheta</strong></span> <span class='ocrx_word' id='word_1_870' title='bbox 2198 5386 2267 5455; x_wconf 77' lang='lat'><strong>&quot;,</strong></span> <span class='ocrx_word' id='word_1_871' title='bbox 2307 5388 2492 5443; x_wconf 84' lang='lat' dir='ltr'><strong>fenum</strong></span> <span class='ocrx_word' id='word_1_872' title='bbox 2519 5385 2807 5456; x_wconf 86' lang='lat' dir='ltr'><strong>jmnentis.</strong></span> <span class='ocrx_word' id='word_1_873' title='bbox 2828 5382 2983 5450; x_wconf 85' lang='lat' dir='ltr'><strong>Quod</strong></span> <span class='ocrx_word' id='word_1_874' title='bbox 3010 5392 3189 5436; x_wconf 87' lang='lat' dir='ltr'><strong>autem</strong></span> <span class='ocrx_word' id='word_1_875' title='bbox 3219 5381 3433 5447; x_wconf 78' lang='lat' dir='ltr'><strong>ratione</strong></span> <span class='ocrx_word' id='word_1_876' title='bbox 3458 5398 3582 5450; x_wconf 79' lang='lat' dir='ltr'><strong>pra:-</strong></span> 
     </span>
    </p>
   </div>
   <div class='ocr_carea' id='block_1_118' title="bbox 2014 5473 3582 5545">
    <p class='ocr_par' dir='ltr' id='par_1_118' title="bbox 2014 5473 3582 5545">
     <span class='ocr_line' id='line_1_118' title="bbox 2014 5473 3582 5545; baseline -0.006 -10"><span class='ocrx_word' id='word_1_877' title='bbox 2014 5479 2189 5535; x_wconf 77' lang='lat' dir='ltr'><strong>ditum</strong></span> <span class='ocrx_word' id='word_1_878' title='bbox 2231 5488 2318 5535; x_wconf 92' lang='lat' dir='ltr'><strong>cst</strong></span> <span class='ocrx_word' id='word_1_879' title='bbox 2359 5478 2583 5542; x_wconf 90' lang='lat' dir='ltr'><strong>animal,</strong></span> <span class='ocrx_word' id='word_1_880' title='bbox 2633 5477 2875 5532; x_wconf 82' lang='lat' dir='ltr'><strong>vescitur</strong></span> <span class='ocrx_word' id='word_1_881' title='bbox 2918 5490 3078 5545; x_wconf 88' lang='lat' dir='ltr'><strong>pane.</strong></span> <span class='ocrx_word' id='word_1_882' title='bbox 3111 5473 3322 5530; x_wconf 82' lang='lat' dir='ltr'><strong>Idcirco</strong></span> <span class='ocrx_word' id='word_1_883' title='bbox 3366 5474 3419 5528; x_wconf 93' lang='lat' dir='ltr'><strong>in</strong></span> <span class='ocrx_word' id='word_1_884' title='bbox 3450 5490 3582 5543; x_wconf 83' lang='lat' dir='ltr'><strong>pra:-</strong></span> 
     </span>
    </p>
   </div>
   <div class='ocr_carea' id='block_1_119' title="bbox 1927 5588 3578 5666">
    <p class='ocr_par' dir='ltr' id='par_1_119' title="bbox 1927 5588 3578 5666">
     <span class='ocr_line' id='line_1_119' title="bbox 1927 5588 3578 5666; baseline -0.007 -13"><span class='ocrx_word' id='word_1_885' title='bbox 1927 5599 1969 5631; x_wconf 74' lang='grc'><strong>⁵⁰</strong></span> <span class='ocrx_word' id='word_1_886' title='bbox 2006 5598 2110 5656; x_wconf 80' lang='lat' dir='ltr'><strong>lsa.</strong></span> <span class='ocrx_word' id='word_1_887' title='bbox 2149 5614 2265 5655; x_wconf 82' lang='lat' dir='ltr'><strong>Lm.</strong></span> <span class='ocrx_word' id='word_1_888' title='bbox 2319 5599 2370 5654; x_wconf 80' lang='grc'>9.</span> <span class='ocrx_word' id='word_1_889' title='bbox 2415 5613 2467 5666; x_wconf 87' lang='grc' dir='ltr'>ι;</span> <span class='ocrx_word' id='word_1_890' title='bbox 2502 5596 2647 5655; x_wconf 86' lang='lat' dir='ltr'><strong>Pctr.</strong></span> <span class='ocrx_word' id='word_1_891' title='bbox 2685 5612 2744 5663; x_wconf 83' lang='grc' dir='ltr'><strong>ιι,</strong></span> <span class='ocrx_word' id='word_1_892' title='bbox 2769 5594 2858 5650; x_wconf 71' lang='lat'><strong>‘22.</strong></span> <span class='ocrx_word' id='word_1_893' title='bbox 2937 5593 2979 5625; x_wconf 84' lang='grc'><strong>¹⁵²</strong></span> <span class='ocrx_word' id='word_1_894' title='bbox 3007 5592 3108 5647; x_wconf 87' lang='lat' dir='ltr'><strong>lsa.</strong></span> <span class='ocrx_word' id='word_1_895' title='bbox 3146 5608 3220 5659; x_wconf 76' lang='lat' dir='ltr'><strong>Ix,</strong></span> <span class='ocrx_word' id='word_1_896' title='bbox 3250 5591 3305 5645; x_wconf 71' lang='lat'><strong>2.</strong></span> <span class='ocrx_word' id='word_1_897' title='bbox 3384 5590 3428 5623; x_wconf 70' lang='lat'>&quot;</span> <span class='ocrx_word' id='word_1_898' title='bbox 3465 5588 3578 5643; x_wconf 84' lang='lat' dir='ltr'><strong>lsa.</strong></span> 
     </span>
    </p>
   </div>
  </div>
