3950 6156
437 245 583 304 1245

1709 258 1767 316 8.
1795 258 2122 318 GREGORII
2162 262 2463 321 NYSSENI

3558 265 3706 322 ιιιι

435 373 577 442 sepi,
604 373 751 444 quod
781 384 867 430 est
894 377 1214 433 animalium
1240 379 1451 436 ratione
1481 384 1792 439 vacantium
1828 386 2003 450 sedes,

2113 386 2219 440 τῶν
2247 388 2458 457 ἀλόγων
2486 389 2661 455 ἑστία,
2697 390 2726 442 ὁ
2759 389 2818 454 ἐξ
2848 387 3076 457 οὐρανοῦ
3119 386 3361 450 καταϐάς
3402 387 3573 457 ἄρτος
3605 387 3708 455 τῆς

435 475 467 516 c
492 462 637 517 cado
664 464 921 536 delapsus
947 468 1069 522 vitae
1094 471 1250 538 panis
1275 473 1606 543 proponitur
1629 475 1696 545 “,
1729 485 1791 530 ut
1814 486 1870 532 ct
1892 496 2012 548 quae

437 568 468 606 ιι
496 555 711 611 ratione
742 565 947 612 remota
996 567 1125 615 sunt
1169 561 1452 628 animalia,
1488 566 1719 623 rationis
1749 569 1875 625 cibo
1908 585 2011 624 nu-

438 646 697 711 triantur,
760 656 923 717 atque
976 650 1051 705 ita
1109 653 1325 710 ratione
1379 657 1735 715 decorentur.
1772 659 2009 715 Medium

438 736 604 808 igitur
636 739 694 793 in
721 742 950 812 ιιι-ξιξερρί
987 759 1046 799 se
1076 743 1218 800 inter
1248 747 1441 803 ὶιονιιιιι
1475 758 1528 805 et
1559 751 1776 806 asinum
1811 753 2012 807 utrius-

435 843 543 897 que
582 829 848 888 Dominus
885 833 1050 901 locat,
1081 844 1141 890 ut
1166 839 1403 895 medium
1457 843 1718 912 parietem
1760 844 2012 899 maceriae

439 919 680 987 solvens,
711 923 852 978 duos
880 929 1082 982 condat
1113 930 1165 982 in
1199 932 1495 1001 semetipso
1525 932 1578 986 in
1605 949 1773 987 unum
1809 949 2009 989 novum

436 1008 716 1067 hominem
734 1016 882 1080 “-“,
902 1018 970 1072 ab
989 1020 1161 1074 altero
1179 1036 1344 1090 grave
1362 1021 1521 1093 Legis
1535 1023 1728 1095 jugum
1748 1026 2009 1094 eripiens,

435 1100 670 1159 alterum
716 1106 1138 1165 simulacrorum
1176 1113 1362 1170 cultus
1408 1130 1572 1171 onere
1610 1117 1869 1172 liberans.
1903 1117 2009 1172 Sed

434 1195 626 1251 oculos
662 1196 729 1251 ad
775 1199 1047 1255 mirabilia
1080 1204 1343 1259 cmlorum
1380 1208 1693 1277 spectacula
1730 1210 2006 1266 tollamus.

435 1286 577 1344 Ecce
605 1292 750 1344 enim
783 1308 892 1346 non
926 1294 1200 1363 propheta:
1243 1297 1419 1353 solum
1448 1307 1501 1354 et
1542 1301 1715 1370 angeli
1749 1302 2007 1370 gaudimn

434 1380 541 1436 hoc
567 1383 727 1439 nobis
754 1384 1101 1451 denuntiant,
1135 1404 1323 1444 verum
1350 1391 1512 1447 etiam
1546 1392 1672 1446 coeli
1698 1392 1864 1447 rebus
1893 1394 2008 1448 suis

434 1471 776 1530 admirandis
804 1475 1078 1549 Evangelii
1110 1480 1342 1551 gloriam
1380 1484 1700 1550 pra‘dicant.
1734 1483 1812 1538 Ex
1844 1483 2006 1549 Juda,

434 1571 494 1617 ut
547 1565 623 1618 ait
674 1566 992 1638 Apostolus,
1047 1572 1313 1642 propheta
1345 1572 1604 1631 Christus
1639 1584 1796 1632 ortus
1829 1587 1913 1631 est
1936 1577 2002 1632 ".

434 1654 540 1710 Sed
582 1655 703 1724 ejus
736 1668 860 1714 ortu
908 1676 1017 1715 non
1058 1663 1402 1719 illuminatur
1441 1665 1686 1722 .ludmus.
1726 1667 2005 1739 Peregrini

2118 480 2263 551 ζωῆς
2322 481 2685 552 προστίθεται,
2749 483 2836 536 ἵνα
2875 482 2969 536 καί
3026 481 3094 534 τὰ
3143 480 3307 549 ἄλογα
3338 481 3437 551 τῆς
3474 480 3707 549 λογικῆς

2121 568 2497 638 μεταλαϐόντα
2534 570 2761 642 τροφῆς,
2809 570 2870 624 ἐν
2919 569 3066 640 λόγῳ
3113 568 3363 639 γένηται.
3401 569 3707 623 Μεσιτεύει

2116 661 2293 714 τοίνυν
2324 661 2416 714 ἐπὶ
2445 662 2545 732 τῆς
2569 662 2776 734 φάτνης
2808 662 2887 733 τῷ
2915 662 2997 734 βοῒ
3020 664 3113 717 καὶ
3141 661 3221 734 τῷ
3247 661 3354 733 δνῳ
3392 662 3421 713 ὁ
3461 663 3707 730 ἀμφοτέ’
3745 670 3755 761 ί

2119 768 2230 821 ρων
2280 752 2504 824 Κύριος,
2535 754 2624 808 ἴνα
2654 754 2714 807 τὸ
2750 755 3062 826 μεσότοιχον
3098 754 3191 808 τοῦ
3222 752 3481 825 φραγμοῦ
3511 751 3706 815 λύσας,
3746 751 3751 767 τ

2114 844 2242 908 τοὺς
2273 844 2365 899 δύο
2391 847 2549 918 κτίσῃ
2572 847 2632 899 ὲν
2673 846 2851 918 ἑαυτῷ
2888 849 2968 909 είς
3019 846 3114 899 ἕνα
3163 845 3351 900 καινὸν
3390 844 3707 915 ἄνθρωπον,

2118 933 2212 987 καὶ
2255 933 2448 988 τούτου
2494 935 2583 989 τὸν
2635 935 2807 1007 βαρὺν
2845 936 3010 1003 ζυγὸν
3039 934 3137 988 τοῦ
3173 935 3359 1005 Νόμου
3406 931 3703 1004 περιελὼν,

2117 1024 2370 1076 κάκεῖνον
2387 1022 2481 1077 τοῦ
2504 1026 2603 1095 τῆς
2628 1024 3067 1097 είδωλολατρείας
3089 1024 3284 1095 ἄχθους
3306 1023 3700 1094 ἁπαρορτίσας.

2129 1113 2269 1165 Ἀλλ’
2299 1114 2693 1186 ἀναϐλέψωμεν
2734 1118 2814 1180 εἰς
2856 1117 2926 1169 τά
2976 1115 3199 1187 οὐράνια
3254 1113 3532 1184 θαύματα.
3573 1114 3707 1166 Ἰδοὺ

2116 1206 2225 1276 γάρ
2257 1207 2315 1259 οὐ
2353 1208 2625 1278 προφῆται
2660 1208 2818 1278 μόνον
2845 1209 2939 1261 καὶ
2972 1206 3189 1277 ἄγγελοι
3221 1206 3323 1277 τὴν
3362 1205 3542 1276 χαρὰν
3571 1205 3705 1257 ταύο

2115 1316 2215 1370 την
2241 1302 2375 1370 ἡμῖν
2403 1301 2860 1369 εὐαγγελίζονται,
2880 1300 3013 1353 ἀλλὰ
3043 1301 3135 1353 καὶ
3161 1300 3211 1353 oi
3237 1298 3456 1367 οὐρανοὶ
3482 1296 3578 1351 διὰ
3596 1298 3707 1350 τῶν

2116 1391 2331 1445 οἰκείων
2359 1391 2653 1463 Θαυμάτων
2680 1392 2777 1464 τὴν
2810 1392 2906 1445 τοῦ
2938 1390 3268 1459 Εὑαγγελίου
3306 1390 3462 1456 δόξαν
3493 1390 3706 1458 ἀνακη-

2118 1480 2420 1550 ρύττουσιν.
2470 1482 2563 1548 Ἐξ
2593 1481 2764 1536 Ἰούδα
2796 1483 2928 1552 ἡμῖν
2973 1482 3002 1534 ὁ
3056 1479 3289 1551 Χριστὸς
3342 1479 3705 1541 άνατὲταλχε,

2116 1570 2295 1636 καοὼς
2324 1588 2488 1643 φησιν
2525 1575 2554 1626 ὁ
2592 1573 2932 1637 ’Λπόστολος,
2967 1572 3080 1627 ἀλλ’
3124 1572 3187 1624 οὐ
3230 1569 3647 1639 καταυγάζεται
3678 1572 3708 1624 ὁ

2127 1661 2380 1726 Ἰουδαῖος
2407 1661 2512 1715 ὑπὸ
2547 1662 2641 1714 τοῦ
2672 1662 3067 1728 ἀνατείλαντος.
3098 1662 3252 1718 Ξένοι
3296 1662 3406 1716 τῶν
3425 1662 3705 1734 διαθηκῶν

431 1752 488 1797 et
526 1760 557 1799 a
590 1753 1045 1805 testamentorum:
1093 1753 1465 1820 promissione
1513 1756 2003 1828 benedictioneque

2112 1753 2211 1825 τῆς
2236 1754 2570 1823 ἐπαγγελίας
2598 1756 2646 1808 οί
2672 1755 2877 1823 Μάγοι,
2896 1756 2990 1807 καὶ
3015 1755 3114 1825 τῆς
3142 1754 3251 1809 τῶν
3271 1755 3541 1826 Πατέρων
3561 1753 3705 1807 εὐλο-

433 1835 659 1893 Patrum
693 1841 854 1896 alieni
898 1851 1028 1897 sunt
1061 1842 1222 1914 Magi,
1257 1847 1353 1917 qui
1398 1849 1713 1918 cognitione
1747 1852 2008 1921 populum

432 1929 736 1986 lsraelitam
793 1942 1169 2001 antevertunt,
1219 1946 1274 1993 ct
1319 1940 1600 1995 ecelcstem
1647 1953 2010 2011 agnoscentes

433 2020 631 2086 lucem,
678 2032 731 2078 et
768 2023 823 2078 in
870 2027 1128 2095 spelunca
1168 2026 1370 2098 Regem
1405 2046 1514 2086 non
1560 2033 1897 2102 ignorantes.
1943 2032 2007 2088 lli

431 2128 663 2168 munera
700 2115 959 2182 all‘erunt,
994 2118 1071 2174 illi
1103 2119 1335 2178 insidias
1367 2131 1609 2179 struunt.
1644 2122 1709 2179 lli
1739 2140 2008 2180 veneran-

431 2215 541 2269 tur,
577 2207 653 2262 illi
702 2219 1129 2279 persequuntur.
1164 2212 1229 2268 lli
1259 2216 1503 2286 gaudent
1543 2216 1790 2281 invento,
1844 2233 2007 2288 quem

429 2300 831 2378 exquirebant,
871 2304 947 2358 illi
984 2307 1241 2362 nuntiato
1278 2308 1453 2378 ipsius
1479 2319 1600 2364 ortu
1626 2310 2004 2365 reformidant.

435 2392 673 2449 Videntes
704 2375 888 2463 'enitn,
941 2398 1138 2468 inquit,
1178 2375 1328 2471 Magi
1370 2402 1581 2456 stellam
1610 2418 1774 2473 supra
1811 2405 2004 2466 locmn,

429 2482 521 2535 ubi
557 2494 672 2537 erat
704 2500 854 2553 puer,
894 2489 1063 2557 gavisi
1086 2500 1208 2544 sum
1242 2490 1438 2560 gaudio
1476 2509 1666 2564 nzagno
1694 2494 1863 2548 valde.
1904 2494 2009 2549 Ile-

427 2578 583 2630 rodes
615 2587 789 2632 autem
835 2579 1054 2635 audiens
1090 2581 1334 2637 turbatus
1358 2593 1456 2648 est,
1498 2594 1544 2638 et
1589 2586 1762 2639 omnis
1790 2584 2007 2640 Jeroso-

429 2665 571 2737 (gum
597 2685 715 2722 cum
743 2670 837 2724 illo
862 2671 926 2728 ⁸⁸.
959 2671 1022 2726 lli
1057 2682 1108 2729 et
1146 2683 1409 2747 tanquam
1451 2676 1559 2732 Deo
1588 2679 1716 2735 thus
1747 2677 2003 2742 offerunt,

427 2766 481 2812 et
526 2774 663 2816 auro
707 2763 1027 2832 dignitatem
1079 2768 1283 2839 regiam
1334 2771 1545 2825 colunt.
1576 2770 1640 2825 Et
1684 2771 2004 2843 prophetica

428 2851 664 2918 quadam
694 2856 866 2920 gratia
901 2871 996 2924 rer
1031 2860 1309 2929 myrrham
1355 2863 1550 2918 mortis
1581 2864 2002 2934 dispositionem

429 2939 870 3008 subsignificant.
907 2943 981 2997 llli
1020 2960 1148 3000 vero
1176 2957 1409 3003 cunctos
1460 2949 1702 3006 infantes
1737 2967 1905 3007 unmn
1950 2954 2005 3008 in

429 3029 608 3084 locum
628 3041 851 3088 coactos
882 3035 1259 3092 internecione
1283 3039 1553 3097 tollendos
1576 3052 1824 3098 censent.
1847 3043 2004 3110 Quod

2111 1845 2234 1914 γίας
2264 1845 2552 1918 ἀλλότριοι·
2583 1846 2717 1901 ἀλλὰ
2742 1847 3110 1918 προφοάνουσι
3136 1850 3203 1919 τῇ
3241 1845 3440 1916 γνώσει
3489 1847 3704 1917 Ἰσραη-

2110 1936 2265 2008 λίτην
2292 1936 2443 2001 λαὸν,
2469 1937 2564 1991 καὶ
2594 1939 2685 1993 τδιν
2722 1939 2973 2010 οὐράνιον
3015 1939 3284 2011 φωστῆρα
3310 1940 3702 2009 γνωρίσαντες,

2110 2028 2203 2082 καὶ
2229 2028 2322 2081 τὸν
2350 2030 2409 2081 ὲν
2440 2029 2688 2100 σπηλαίῳ
2716 2028 2948 2082 Βασιλέα
2979 2029 3055 2100 μὴ
3097 2031 3481 2099 ἀγνοήσαντες.
3532 2028 3698 2081 Ἐκεῖ-

2109 2139 2190 2177 νοι
2248 2121 2649 2194 δωροφοροῦσιν
2676 2157 2693 2183 ,
2735 2114 2883 2174 οὗτοι
2932 2118 3395 2173 ἐπιϐουλεύουσιν.
3466 2119 3702 2172 Ἐκεῖνοι

2110 2213 2528 2287 προσκυνοῦσιν,
2557 2208 2702 2268 οὗτοι
2734 2212 3041 2267 διώκουσιν.
3084 2212 3314 2266 Ἐκεῖνοι
3338 2210 3594 2282 εὑρόντες
3611 2210 3705 2263 τὸν

2110 2308 2459 2380 ζητούμενον,
2518 2307 2823 2377 χαίρουσιν.
2858 2300 3016 2360 Οὗτοι
3049 2306 3143 2358 ἐπὶ
3174 2306 3239 2375 τῇ
3287 2305 3546 2375 γεννήσει
3608 2303 3703 2357 τοῦ

2113 2400 2443 2471 μηνυθέντος
2499 2399 2881 2470 ταράττονται.
2929 2397 3178 2464 Ἰδόντες
3227 2396 3357 2468 γάρ,
3396 2398 3588 2468 φησὶν,
3646 2397 3702 2449 οι

2108 2489 2298 2561 Μάγοι
2348 2490 2456 2544 τὸν
2480 2490 2705 2558 ἀστέρα
2747 2488 2846 2543 ἐπὶ
2884 2488 2993 2544 τοῦ
3026 2491 3217 2543 τόπου
3251 2484 3324 2544 οὗ
3351 2483 3429 2558 ἥν
3461 2488 3532 2541 τὸ
3567 2504 3701 2541 :uu-

2107 2579 2262 2646 δίον,
2299 2579 2612 2648 ἐχάρησαν
2646 2577 2840 2647 χαρὰν
2852 2576 3128 2647 μεγάλην
3153 2575 3408 2646 σφόδρα.
3439 2573 3701 2643 Ἡρώδης

2107 2673 2175 2726 δὲ
2202 2675 2472 2739 ἀκούσας
2495 2672 2602 2726 τόν
2619 2674 2826 2742 λόγον,
2855 2670 3172 2739 ἐταράχθη,
3201 2670 3297 2724 καί
3326 2669 3494 2724 πᾶσα
3523 2669 3701 2737 Ἰερο-

2107 2765 2349 2833 σόλυμα
2385 2764 2515 2831 μετ’
2543 2763 2747 2816 αὑτοῦ.
2795 2762 2858 2814 Ui
2916 2760 3017 2831 μὲν
3046 2760 3122 2822 ὡς
3182 2757 3299 2829 Θεῷ
3355 2757 3702 2827 προσάγουσι

2108 2853 2345 2916 λίῦανον,
2377 2855 2472 2907 καὶ
2494 2853 2593 2923 τὴν
2624 2852 2910 2924 βασιλικὴν
2939 2851 3096 2916 ἀξίαν
3137 2851 3215 2921 τῷ
3243 2848 3431 2922 χρυσῷ
3457 2848 3700 2917 δεξιοῦν-

2105 2962 2217 3001 ται.
2254 2945 2364 3016 Τὴν
2391 2944 2449 2999 δὲ
2490 2945 2633 2999 κατὰ
2662 2944 2726 2998 τὸ
2785 2942 2958 3008 πάθος
2999 2943 3335 3013 οἰκονομίαν,
3378 2943 3701 3013 προφητικῇ

2105 3053 2210 3090 τινι
2259 3036 2439 3106 χάριτι
2470 3036 2558 3089 διὰ
2585 3035 2685 3105 τῆς
2715 3034 2962 3107 σμύρνης
2991 3033 3489 3103 ἀποσημαίνουσινθ
3533 3035 3586 3085 oi
3618 3031 3697 3094 δὲ,

425 3135 524 3177 eos
579 3123 712 3177 mihi
765 3140 873 3179 non
933 3127 1109 3183 solum
1160 3129 1523 3196 crudelitatis,
1589 3148 1777 3188 verum
1837 3137 1999 3190 etiam

2110 3125 2484 3198 πανωλεθρίαν
2506 3127 2604 3189 τῆς
2638 3126 2884 3189 νεολαίας
2916 3125 3098 3195 πάσης
3115 3123 3597 3188 καταδικάζουσιν.
3630 3121 3699 3174 ’0

430 3231 658 3271 summm
704 3217 995 3275 dementia:
1045 3222 1263 3277 videtur
1307 3238 1627 3295 coarguere.
1662 3226 1803 3294 Quid
1855 3229 2001 3284 enim

430 3304 536 3359 sibi
574 3306 689 3360 vult
731 3308 835 3361 ista
870 3325 1162 3378 puerorum
1209 3312 1552 3369 trucidatio?
1580 3313 1692 3370 Cur
1717 3316 1837 3371 ausi
1872 3328 2003 3372 sunt

430 3398 717 3454 homicida:
765 3415 825 3456 se
855 3409 1007 3457 tanto
1050 3403 1257 3460 scelere
1298 3406 1688 3479 obstringere?
1730 3408 2003 3477 Quoniam

428 3505 629 3545 novum
655 3493 950 3562 quoddam,
986 3495 1259 3566 inquiunt,
1290 3499 1708 3571 mirandumque
1729 3503 1852 3558 caeli
1884 3519 2004 3575 por-

427 3588 638 3637 tentum
681 3584 844 3656 Regis
871 3587 1131 3643 indicium
1165 3587 1334 3661 Magis
1365 3593 1654 3649 nuntiavit.

507 3768 650 3836 Quid
697 3769 864 3841 igitur
902 3774 1065 3827 tum?
1091 3774 1199 3829 Aut
1244 3778 1591 3846 portendenti
1649 3782 1809 3850 signo
1843 3783 2000 3839 ﬁdem

428 3868 598 3923 habes
626 3878 685 3920 ut
717 3881 870 3928 vero,
908 3875 1020 3929 aut,
1066 3869 1212 3938 quod
1255 3885 1474 3931 rumore
1497 3871 1764 3942 jactatur,
1806 3892 2001 3931 νειηυεη

427 3959 636 4030 putas?
670 3958 725 4013 Si
762 3958 888 4013 talis
911 3966 1015 4022 est,
1045 3959 1136 4029 qui
1162 3961 1335 4016 cados
1366 3963 1468 4017 sibi
1504 3963 1692 4020 fecerit
1716 3967 1999 4034 inservire,

426 4066 660 4124 prorsus
716 4059 801 4107 est
855 4065 1019 4120 supra
1085 4066 1305 4106 manum
1360 4063 1528 4111 tuam.
1568 4056 1664 4113 Sin
1710 4071 1891 4116 autem
1946 4063 2000 4117 in

424 4145 698 4212 potestate
729 4147 820 4194 tua
873 4147 980 4201 est,
1016 4147 1074 4192 ut
1124 4140 1214 4195 ille
1246 4142 1328 4195 vel
1368 4142 1532 4205 vivat,
1577 4144 1659 4199 vel
1707 4149 1998 4212 moriatur,

424 4245 551 4285 eum
601 4229 806 4285 frustra
837 4230 1202 4299 pertimescis.
1233 4230 1336 4298 Qui
1366 4234 1511 4288 enim
1547 4234 1600 4289 id
1640 4237 1770 4306 agit,
1806 4245 1866 4291 ut
1897 4238 2002 4291 im-

423 4322 579 4392 perio
606 4329 704 4376 tuo
725 4321 981 4377 subditus
1006 4320 1121 4391 ipse
1143 4322 1236 4381 sit.
1267 4338 1366 4377 cur
1386 4324 1434 4379 ei
1458 4337 1722 4394 parantur
1751 4326 2005 4383 insidiae?

423 4414 535 4469 Cur
568 4411 898 4468 horrendum
923 4412 1055 4467 illud
1087 4412 1401 4467 mandatum
1436 4416 1870 4472 transmittitur?
1891 4419 2002 4473 Cur

422 4505 592 4576 impia
646 4502 819 4559 fertur
872 4504 1166 4566 sententia,
1215 4511 1275 4557 ut
1324 4505 1510 4559 miseri
1552 4505 1790 4561 infantes
1828 4509 1998 4562 truci-

422 4596 664 4653 dentur?
692 4595 830 4662 Quid
857 4597 1190 4665 peecarunt?
1216 4595 1356 4662 Quid
1385 4606 1581 4664 morte,
1616 4608 1708 4653 aut
1731 4601 1999 4670 supplicio

422 4687 646 4759 dignum
667 4688 1005 4742 admiserunt
1024 4687 1282 4744 ?Crimen
1300 4705 1469 4744 unum
1489 4689 1753 4744 duntaxat
1772 4692 1994 4754 habent,

421 4779 566 4852 quod
596 4780 705 4834 nati
740 4787 890 4846 sunt,
916 4787 970 4835 ct
994 4778 1049 4835 in
1086 4781 1261 4835 lucem
1302 4781 1456 4837 editi.
1492 4781 1557 4835 Et
1588 4793 1873 4852 promeret:
1903 4798 1996 4839 ne-

422 4885 575 4926 cesse
612 4869 736 4934 fuit,
782 4880 842 4925 ut
875 4870 1071 4925 civitas
1113 4871 1469 4927 carnificibus
1499 4873 1891 4941 compleretur,
1939 4882 1997 4928 ut

422 4972 711 5033 cogeretur
744 4969 976 5016 matrum
1001 4962 1313 5026 multitudo,
1346 4970 1398 5016 et
1421 4961 1715 5016 infantium
1740 4964 1995 5034 populus,

420 5063 481 5108 ut
517 5053 773 5108 adessent
803 5053 965 5108 etiam
1010 5062 1213 5123 patres,
1264 5060 1318 5106 et
1345 5055 1563 5123 generis
1592 5055 1998 5125 propinquitate

418 5147 701 5217 conjuncti
732 5147 797 5201 ad
848 5163 1049 5203 saevum
1085 5148 1302 5203 facinus
1345 5160 1827 5219 congregarentur.
1860 5149 1996 5217 Quis

418 5240 667 5295 oratione
700 5240 1068 5295 calamitatem
1101 5241 1426 5296 describat?
1462 5239 1597 5307 Qais
1634 5244 1994 5297 arcrbitatem

417 5346 685 5386 cnarrans
743 5333 917 5387 oculis
967 5332 1338 5402 aspiciendam
1407 5336 1725 5402 preponat?
1777 5333 1994 5389 Mistam

417 5423 568 5477 illam
611 5423 1079 5491 lamentationem,
1134 5425 1445 5479 luctuosum
1495 5436 1746 5495 questum
1799 5443 1994 5496 puero—

417 5532 563 5581 rum,
618 5525 878 5582 Inatrum,
930 5518 1388 5588 proninquorutn,
1439 5532 1654 5589 patrum
1702 5521 1768 5574 ad
1817 5523 1994 5576 minas

492 5690 534 5722 “
577 5689 738 5746 Joan.
792 5707 863 5764 γι,
906 5694 972 5749 48
1009 5710 1129 5768 sqq.
1210 5694 1542 5765 δδ-θδσΕιιιιεε.
1575 5713 1635 5765 ιι,
1675 5697 1757 5755 l-i.

2108 3234 2198 3288 μοι
2229 3218 2395 3282 δοκεῖ,
2426 3218 2499 3289 μῆ
2524 3217 2623 3288 τὴς
2645 3217 2870 3288 πικρίας
2905 3216 3085 3288 μόνον,
3113 3215 3250 3268 ἀλλὰ
3278 3216 3371 3268 καὶ
3398 3217 3498 3286 τῆς
3532 3216 3696 3285 ἐσχά-

2102 3325 2203 3379 της
2235 3308 2419 3370 ἀνοίας
2438 3307 2618 3361 αὐτῶν
2645 3306 2745 3378 τὴν
2771 3306 3107 3378 κατηγορίαν
3135 3305 3299 3376 ἔχειν.
3328 3305 3395 3359 Τί
3423 3305 3539 3376 γὰρ
3571 3305 3698 3375 βού-

2102 3400 2255 3453 λεται
2304 3399 2486 3463 αὐτοῖς
2529 3401 2564 3469 ἡ
2599 3398 2951 3468 παιδοφονία;
2988 3397 3099 3451 Καὶ
3143 3398 3239 3451 ἐπὶ
3264 3396 3373 3451 τίνι
3414 3398 3612 3468 σκοπῷ
3639 3397 3697 3451 τὸ

2102 3491 2342 3545 τοιοῦτον
2384 3490 2517 3559 ἄγος
2565 3492 2679 3554 τοῖς
2718 3490 3022 3561 μιαιφόνοις
3054 3489 3423 3560 τετόλμηταις
3469 3489 3696 3559 Ἐπειδὴ

2104 3579 2288 3633 καινόν
2317 3596 2372 3632 τι
2396 3580 2641 3649 σημεῖον,
2692 3578 2882 3649 φησὶν,
2911 3577 3022 3632 τῶν
3057 3579 3176 3632 κατ’
3206 3577 3443 3648 οὐρανὸν.
3480 3578 3696 3649 θαυμά-

2101 3686 2210 3723 των
2234 3669 2332 3741 τὴν
2360 3667 2452 3722 τοῦ
2475 3667 2747 3731 Βασιλέως
2765 3666 3035 3733 ἀνάδειξιν
3052 3669 3165 3731 τοῖς
3190 3668 3402 3736 Μάγοις
3425 3668 3694 3739 ἐμήνυσε.

2173 3760 2238 3814 Τί
2269 3757 2363 3814 οὖν
2396 3778 2410 3825 ;
2449 3759 2526 3823 ὡς
2570 3757 2747 3830 ἀληθῆ
2803 3758 3081 3821 πιστεύεις
3113 3757 3194 3829 τῷ
3241 3757 3552 3827 μηνύσαντι.
3598 3775 3695 3827 ση-

2107 3854 2266 3925 μείῳ,
2304 3853 2338 3925 ἢ
2373 3852 2602 3924 μάταιον
2636 3852 2884 3914 ὑπονοεῖς
2911 3850 2973 3904 τὸ
3012 3848 3409 3921 θρυλλούμενον
3434 3865 3450 3912 ;
3480 3848 3550 3903 Ei.
3596 3850 3696 3920 μὲν

2103 3947 2212 4018 γὰρ
2239 3944 2478 4008 τοιοῦτός
2506 3946 2674 4007 ἐστιν,
2699 3937 2811 4008 οἷος
2835 3947 2960 4005 tab;
2993 3943 3255 4014 οὐρανοὺς
3274 3942 3454 4015 ἐαυτῷ
3477 3943 3693 3997 συνδια-

2102 4038 2328 4102 τιθέναι,
2357 4037 2456 4108 οὐχ
2494 4035 2635 4108 ὑπὲρ
2664 4037 2765 4107 τὴν
2807 4034 2905 4108 σὴν
2957 4039 3117 4106 χεῖρα
3169 4035 3387 4100 πάντως
3427 4035 3601 4089 ἐστίν.
3632 4033 3692 4087 El

2102 4130 2159 4183 δὲ
2181 4130 2277 4182 ἐπὶ
2294 4129 2378 4183 σοὶ
2407 4129 2469 4183 τὸ
2497 4128 2598 4202 ζῇν
2629 4128 2793 4182 αὐτὸν
2817 4127 2850 4198 ἢ
2887 4128 3140 4182 τεθνάναι
3187 4130 3356 4191 ποιεῖ,
3390 4127 3572 4199 μάτην
3595 4143 3691 4178 πε-

2104 4223 2338 4295 φόϐησαι
2384 4222 2466 4277 τὸν
2507 4221 2766 4276 τοιοῦτον.
2807 4222 2866 4274 '0
2903 4221 3014 4292 γὰρ
3047 4219 3190 4274 οὕτω
3235 4220 3515 4292 πράττων,
3549 4218 3689 4273 ὥστε

2105 4316 2418 4387 ὑποχείριος
2450 4310 2590 4368 εἶναι
2618 4315 2688 4384 τῇ
2725 4315 2792 4384 σῇ
2839 4311 3080 4383 ἐξουσίᾳ,
3113 4312 3254 4384 ὑπὲρ
3288 4312 3434 4376 τίνος
3476 4310 3688 4365 ἐπιδου-

2104 4410 2358 4472 λεύεται;
2399 4407 2499 4462 Διὰ
2547 4407 2601 4460 τί
2652 4406 2714 4459 τὸ
2763 4405 2990 4477 φρικτὸν
3038 4407 3216 4459 ἐκεῖνο
3267 4405 3686 4475 καταπέμπεται

2106 4501 2480 4572 etp/iamquo;
2521 4498 2588 4551 'H
2636 4497 2850 4568 πονηρὰ
2896 4496 3039 4551 κατὰ.
3090 4495 3198 4549 τῶν
3238 4495 3449 4568 νηπίων
3485 4495 3684 4566 ψῆφος,

2103 4593 2440 4664 ἀναιρεῖσθαι
2462 4593 2531 4645 τὰ
2576 4590 2785 4644 δείλαια
2817 4588 3025 4661 βρέφη;
3050 4589 3115 4641 Τί
3145 4588 3480 4659 ἀδικήσαντα
3507 4603 3525 4650 ;
3558 4587 3685 4639 Τίνα

2106 4687 2333 4741 Θανάτου
2363 4686 2457 4739 καὶ
2505 4683 2781 4747 κολάσεως
2824 4683 3001 4737 αίτίαν
3030 4681 3152 4735 καθ’
3173 4680 3381 4734 ἑαυτῶν
3412 4681 3684 4750 παρασχό-

2108 4794 2277 4848 μενα;
2315 4779 2409 4831 Ἓν
2457 4775 2709 4847 ἔγκλημα
2756 4774 2949 4845 ἔχοντα
3005 4775 3186 4846 μόνον,
3248 4774 3309 4827 τὸ
3360 4774 3684 4844 γεννηθῆναι

2105 4873 2199 4927 καὶ
2234 4873 2315 4934 είς
2364 4870 2481 4941 φῶς
2513 4870 2704 4922 ἐλθεῖν.
2732 4870 2842 4923 Καὶ
2870 4870 3007 4941 ὑπὲρ
3032 4867 3225 4921 τούτου
3258 4866 3365 4920 ἔδει
3402 4864 3682 4932 καταπλη-

2107 4962 2344 5035 ρωοῆναι
2393 4960 2604 5032 δημίων
2642 4961 2739 5032 τὴν
2782 4961 2957 5028 πόλιν,
3011 4962 3107 5015 καὶ
3137 4960 3467 5031 συναχθῆναι
3511 4960 3682 5030 δῆμον

2109 5059 2359 5129 μητέρων
2408 5058 2502 5111 καὶ
2549 5057 2759 5127 νηπίων
2788 5095 2804 5121 ,
2828 5056 2973 5110 λαῶν
3033 5055 3433 5127 συμπαρόντων
3464 5053 3677 5115 αὐτοῖς,

2104 5150 2199 5202 καὶ
2223 5149 2331 5202 τῶν
2363 5148 2802 5223 γεννησαμὲνων,
2826 5149 2918 5202 καὶ
2942 5148 3184 5213 πάντων,
3214 5146 3289 5210 ὼς
3310 5145 3481 5210 εἰκὸς,
3505 5145 3600 5197 ἐπὶ
3621 5141 3679 5196 τὸ

2104 5242 2274 5305 πάθος
2309 5240 2713 5312 ἀθροιζομένων
2758 5239 2867 5293 τῶν
2915 5238 3314 5293 κοινωνούντων
3339 5237 3436 5290 τοῦ
3467 5237 3675 5306 γένους.

2103 5335 2199 5399 Τίς
2233 5335 2298 5389 ἂν
2347 5332 2682 5404 ὑπογράψειε
2711 5332 2789 5403 τῷ
2821 5331 2963 5401 λόγῳ
2993 5332 3093 5394 τὰς
3144 5329 3430 5400 oupcpopd;
3452 5346 3469 5393 ;
3495 5329 3592 5391 Τίς
3618 5328 3678 5380 ἂν

2105 5427 2194 5480 ὑπ’
2229 5427 2351 5497 ὄψιν
2373 5425 2567 5495 ἀγάγοι
2599 5424 2688 5479 διά
2730 5424 2838 5478 τῶν
2874 5424 3223 5495 διηγημάτων
3261 5422 3332 5476 τά
3365 5422 3514 5493 πάθη
3540 5439 3554 5487 ;
3580 5421 3677 5474 Τὸν

2102 5520 2411 5591 σύμμικτον
2459 5519 2669 5573 ἐκεῖνον
2725 5516 2968 5589 ορἦνον;
3005 5517 3104 5587 τὴν
3159 5516 3361 5587 γοερὰν
3417 5513 3678 5586 συνῳδίαν

1836 5696 1877 5731 ’θ’
1903 5697 2067 5755 Hebr.
2110 5714 2204 5769 vn,
2245 5697 2329 5753 l-l.
2392 5696 2437 5730 ⁸³
2477 5694 2667 5751 Matth.
2708 5711 2767 5765 ιι,
2805 5694 2892 5749 10.
