3950 6156
290 325 432 382 H55

1329 296 1337 304 ’
1430 328 1502 384 IN
1543 328 1705 384 mea
1742 326 2074 383 NATALEM
2113 327 2414 384 cunls'n.

3410 336 3551 392 “36

290 450 522 512 παίδων,
565 448 839 519 μητέρων,
866 448 1169 517 συγγενῶν,
1209 452 1450 523 πατρῶν,
1474 451 1611 523 πρὸς
1633 454 1734 522 τὴν
1763 450 1872 504 τῶν

1975 455 2294 508 carnillcum
2338 454 2728 509 miserabiliter
2772 454 3241 510 cxclamanltum?
3281 454 3417 520 Quis
3465 457 3550 510 di-

289 540 501 611 δημίων
517 538 746 610 ἀπειλὴν
775 539 994 603 ἐλεινῶς
1022 540 1391 610 είσϐοώντωη
1419 543 1541 607 Πῶς
1569 542 1635 596 ἄν
1652 561 1738 606 τις
1753 543 1872 598 δια-

290 633 521 703 γράψειε
557 629 752 701 γυμνῷ
783 630 862 702 τῷ
903 630 1047 700 ξίφει
1084 632 1414 703 παρεστῶτα
1434 633 1512 705 τῷ
1560 634 1741 705 νηπίῳ
1778 634 1873 689 τὸν

290 726 502 797 δήμιον,
537 723 881 795 ὲμὸλέποντα
904 724 1067 796 δριμύ
1093 742 1154 778 τε
1187 728 1282 779 καὶ
1325 727 1564 794 φονικὸν.
1591 727 1688 780 καὶ
1714 726 1875 796 φθεγ-

289 819 521 889 γόμενον
556 816 692 872 ἀλλα
727 818 975 880 τοιαῦτα,
1005 820 1099 871 καὶ
1136 821 1204 889 τῇ
1237 818 1382 890 χειρί⁵
1415 819 1477 871 τὸ
1492 818 1707 889 ,βρέφος
1737 817 1874 888 πρὸς

290 910 481 962 ἑαυτὸν
508 909 757 969 ἕλκοντα.
791 909 886 962 καὶ
910 911 977 980 τῇ
1041 909 1207 979 ἑτέρᾳ
1233 909 1295 962 τὸ
1327 908 1481 978 ξίφος
1522 908 1872 979 ἀνατεινόμε-

289 1015 411 1055 νον⁶
445 1002 544 1071 τὴν
567 1001 625 1054 δὲ
659 1001 870 1072 μητέρα
898 1000 1163 1070 ἑτέρωθεν
1194 1000 1332 1071 πρὸς
1359 998 1557 1071 ἑαυτὴν
1585 999 1873 1053 ἀνθέλκου-

295 1110 396 1147 σαν
427 1092 491 1145 rb
538 1091 773 1154 παιδίον,
810 1091 906 1143 καὶ
944 1089 1034 1142 τὸν
1067 1089 1198 1143 ἴδιον
1243 1086 1447 1159 αὐχένα
1473 1090 1539 1160 τῇ
1562 1088 1658 1141 τοῦ
1682 1087 1874 1158 ξίφους

291 1185 444 1254 ἀκμῇ
465 1180 936 1253 προωπέχουσαν,
952 1179 1029 1243 ὡς
1058 1178 1123 1233 ἂν
1147 1179 1220 1251 μὴ
1250 1179 1336 1250 ἴδῃ
1353 1182 1470 1241 τοῖς
1499 1176 1874 1249 ὀφθαλμοῖςτὺ

290 1273 523 1326 δείλαιον
550 1271 736 1325 τέκνον
765 1270 963 1344 βρέφος
991 1273 1111 1334 ταῖς
1133 1269 1293 1342 χερσὶ
1313 1267 1406 1323 τοῦ
1424 1269 1620 1340 δημίου
1640 1268 1873 1339 διαφθει-

276 1358 559 1436 νρόμενονς
594 1364 719 1428 Πῶς
771 1364 839 1418 ἄν
869 1380 956 1427 τις
986 1362 1056 1417 τὰ
1093 1363 1204 1417 τῶν
1234 1362 1484 1434 πατέρων
1522 1363 1870 1435 διηγήσαιτος

289 1457 403 1521 Τὰς
443 1457 800 1529 ἀνακλήσεις,
823 1457 923 1520 τὰς
968 1454 1245 1526 οίμωγάς,
1274 1455 1373 1519 τὰς
1401 1455 1719 1519 τελευταίας
1762 1455 1871 1508 τῶν

288 1548 492 1602 τέκνοιν
518 1547 893 1617 περιπλοκάς;
924 1547 1018 1599 καὶ
1053 1546 1264 1600 πολλῶν
1293 1544 1408 1615 ἅμα
1442 1546 1699 1600 τοιούτων
1728 1544 1872 1600 κατὰ

286 1638 484 1692 ταύτὸν
513 1638 890 1708 γιγνομένων;
922 1638 1016 1702 Τίς
1055 1640 1124 1693 ἂν
1172 1638 1234 1692 rb
1263 1638 1540 1702 πολυειδὲς
1575 1639 1671 1692 καὶ
1708 1638 1873 1692 πολύ-

1973 543 2149 598 cendo
2189 545 2367 614 possit
2410 547 2720 615 exprimere
2775 546 3087 601 carniﬁcem
3136 548 3318 616 gladio
3353 559 3550 602 contra

1972 650 2201 706 puerum
2236 636 2561 700 irruentem,
2616 645 2671 692 et
2718 643 2879 692 torvo
2932 638 3182 707 trucique
3226 639 3384 692 vultu
3414 654 3552 692 con-

1971 735 2237 793 tuentem,
2286 728 2581 799 verbisque
2619 729 2937 785 crudelibus
2981 729 3368 798 alloquentcm,
3441 744 3551 783 una

1970 819 2189 888 quidem
2219 834 2383 873 manu
2417 819 2803 889 corripientem
2831 818 3184 883 infantulum,
3220 820 3390 873 altera
3418 834 3555 873 vero

1969 911 2212 980 gladium
2256 912 2605 982 adigentem;
2643 919 2870 965 matrem
2906 926 3074 980 porro
3096 924 3160 964 ex
3192 910 3362 965 altera
3396 919 3554 979 parte

1971 1002 2144 1056 ﬁlium
2185 1002 2253 1057 ad
2300 1018 2360 1058 se
2410 1003 2742 1067 trahentem,
2788 1002 3251 1072 objicientemqne
3279 1004 3552 1057 cervicem

1971 1108 2128 1149 suam
2189 1102 2354 1148 acuto
2397 1094 2600 1165 gladio,
2655 1109 2724 1148 ne
2787 1095 3048 1149 miserum
3108 1093 3277 1147 lilium
3326 1093 3554 1148 carniﬁc

1970 1184 2054 1240 eis
2111 1200 2275 1240 manu
2339 1194 2596 1241 necatum
2666 1187 2901 1257 prapriis
2960 1186 3141 1240 oculis
3191 1185 3555 1241 intueretur?
3631 1240 3643 1251 ,

1971 1273 2109 1341 Quis
2166 1277 2402 1346 explicet
2454 1293 2518 1332 ea
2576 1291 2700 1347 qua:
2756 1288 2939 1347 patres
2995 1278 3195 1347 agunt,
3245 1279 3553 1333 revocatio-

1971 1382 2090 1431 nes,
2121 1368 2380 1437 suSpiria,
2417 1377 2728 1438 postremos
2763 1370 2999 1424 ﬁliorum
3032 1369 3372 1437 complexus,
3414 1384 3555 1438 pra:-

1970 1457 2159 1512 serlim
2199 1472 2324 1511 cum
2362 1457 2504 1512 idem
2559 1472 2589 1511 a
2630 1456 2820 1513 multis
2870 1456 2966 1510 flat
3012 1455 3205 1511 eodem
3265 1457 3556 1525 tempore?

1973 1547 2108 1615 Quis
2141 1550 2347 1603 variam
2382 1550 2860 1620 multiplicemque
2888 1548 3278 1609 calamitatem,
3320 1557 3376 1603 et
3416 1562 3553 1602 cono

1974 1642 2284 1711 tluplicatos
2334 1656 2726 1712 puerperarum
2774 1642 2996 1697 dolores
3046 1651 3240 1711 partus
3267 1649 3550 1711 exponat,

287 1748 488 1802 τροπον
514 1732 614 1802 τῆς
657 1733 944 1803 συμφορᾶς
987 1732 1380 1803 τραγῳδήσειε,
1410 1732 1510 1795 τὰς
1539 1732 1732 1795 διπλᾶς
1761 1731 1871 1785 τῶν

1972 1739 2027 1787 et
2085 1733 2423 1797 acerrimas,
2483 1748 2624 1802 quas
2677 1732 3006 1787 admovebat
3070 1740 3312 1796 natura,
3350 1731 3501 1788 faces
3529 1732 3573 1799 ?‘

288 1794 815 1898 ἀρτιτόκωνώδῖνις
893 1794 1038 1889 Τοὺς.
1079 1794 1292 1895 δριμεῖς
1323 1825 1605 1897 καυτῆρας
1631 1825 1733 1896 τῆς
1768 1823 1871 1893 φύ-

1972 1821 2259 1888 Quomodo
2312 1794 2451 1893 puer
2499 1794 2688 1878 infelix
2739 1832 2795 1878 et
2841 1824 2995 1878 uberi
3035 1823 3202 1878 simul
3237 1794 3550 1889 inhaereret,

289 1917 677 1981 σεωςςὋπως
730 1916 792 1969 rb
841 1914 1024 1969 ἄθλιον
1058 1914 1257 1985 βρέφος
1295 1914 1432 1984 ὁμοῦ
1483 1932 1546 1968 τε
1590 1913 1668 1985 τῷ
1716 1911 1873 1985 μαζῷ

287 2005 660 2076 προσεφύετο,
689 2006 785 2059 καὶ
838 2005 929 2059 διὰ
977 2005 1087 2058 τῶν
1139 2005 1465 2075 σπλάγχνων
1493 2004 1595 2076 τὴν
1650 2004 1873 2075 καιρίαν

288 2098 500 2170 ἐδέχετο
518 2115 532 2164 ;
560 2100 750 2164 Ὅπως
770 2096 1027 2169 ήδειλαία
1047 2097 1235 2168 μήτηρ
1256 2098 1351 2150 καὶ
1372 2097 1473 2168 τὴν
1491 2097 1662 2169 θηλὴν
1685 2100 1871 2168 ἐπεῖχε

283 2185 363 2256 τῷ
398 2185 496 2239 τοῦ
523 2185 722 2255 νηπίου
751 2185 1003 2255 στόματι,
1030 2185 1128 2238 καὶ
1155 2184 1218 2238 rb
1254 2179 1396 2254 αἷμα
1424 2184 1518 2238 τοῦ
1542 2185 1736 2239 τέκνου
1760 2188 1873 2248 τοῖς

286 2276 508 2340 κόλποις
533 2275 1055 2346 ὲδέχετο;1]ολλάκις
1081 2274 1139 2328 δέ
1159 2277 1356 2346 που’τῇ
1388 2274 1535 2347 ῥύμῃ
1556 2275 1657 2347 τῆς
1690 2275 1870 2347 χειρὸς

285 2367 317 2418 6
348 2367 563 2437 δήμιος,
596 2367 695 2437 μιᾷ
732 2364 827 2419 τοῦ
877 2364 1063 2435 ξίφους
1093 2367 1263 2438 ὁρμῇ,
1303 2366 1367 2420 τὸ
1389 2367 1577 2422 τέκνον
1601 2370 1668 2438 τῇ
1703 2368 1867 2439 μητρὶ

287 2457 602 2531 συνδιήλασε
629 2497 645 2523 ,
678 2458 770 2511 καὶ
814 2457 873 2511 ἓν
897 2457 992 2512 τοῦ
1039 2458 1271 2529 αἵματος
1294 2458 1356 2511 rb
1396 2459 1606 2531 ὁεῖθρον
1632 2461 1870 2528 ἐγένετο,

285 2548 350 2601 ἐκ
375 2565 433 2601 τε
476 2549 578 2619 τῆς
617 2548 873 2620 μητρῴας
920 2548 1137 2620 πληγῆς
1180 2549 1274 2603 καὶ
1309 2549 1375 2602 ὲκ
1401 2551 1500 2621 τῆς
1531 2549 1750 2621 καιρίας
1774 2549 1871 2603 τοῦ

283 2640 477 2692 τέκνου
504 2638 1002 2710 καταμιγνύμενον.
1049 2639 1267 2712 Ἐπειδὴ
1296 2639 1354 2693 δὲ
1389 2641 1485 2693 καὶ
1514 2639 1675 2693 τοῦτο
1704 2641 1873 2711 πρόσ-

286 2748 467 2785 κειται
507 2734 576 2803 τῇ
622 2733 794 2803 μιαρᾷ
836 2731 933 2786 τοῦ
998 2730 1240 2803 Ἡρώδου
1288 2734 1463 2804 φωνῇ,
1488 2731 1551 2785 τὸ
1585 2730 1661 2804 μὴ
1710 2733 1871 2803 μόνον

1968 1919 2024 1968 et
2061 1928 2159 1984 per
2214 1916 2427 1970 viscera
2494 1916 2711 1969 letalem
2766 1916 2977 1985 plagam
3035 1914 3355 1985 acciperet?
3387 1913 3555 1980 Quo-

1970 2004 2135 2059 modo
2190 2005 2392 2059 misera
2441 2012 2617 2058 mater
2673 2004 2840 2059 simul
2901 2002 3132 2060 infantis
3176 2005 3261 2061 ori
3291 2005 3553 2061 subderet

1970 2096 2164 2160 ubera,
2217 2105 2275 2152 et
2327 2095 2453 2152 sinu
2494 2095 2819 2165 sanguinem
2847 2094 2971 2164 ejus
3007 2096 3553 2165 exripcreUManus

1970 2195 2153 2241 autem
2185 2188 2413 2257 ,impetu
2476 2202 2856 2257 saepenumero
2911 2172 3183 2242 carnifexi
3220 2204 3334 2243 uno
3382 2190 3550 2260 gladii

1969 2277 2083 2330 ictu
2145 2278 2317 2331 lilium
2368 2287 2423 2332 et
2458 2284 2688 2331 matrem
2720 2277 3137 2340 eonsauciabat,
3167 2286 3222 2332 et
3250 2293 3394 2339 unus
3425 2294 3553 2335 san-

1968 2369 2154 2440 guinis
2201 2370 2357 2424 rivus
2388 2383 2457 2424 ex
2508 2368 2710 2424 matris
2744 2371 2899 2440 plaga
2930 2378 2986 2425 et
3010 2385 3076 2424 ex
3110 2369 3401 2425 mortifero
3435 2370 3555 2425 vul-

1969 2476 2101 2515 nere
2124 2460 2216 2513 lilii
2244 2461 2446 2516 mistus
2475 2460 2827 2516 decurrebat.
2852 2459 2973 2516 Jam
3004 2477 3157 2528 vero,
3190 2477 3315 2516 cum
3344 2460 3554 2517 nefaria

1969 2552 2208 2608 llerodis
2232 2553 2508 2608 sententia
2540 2569 2651 2608 non
2704 2553 2883 2608 solum
2935 2569 3114 2623 nuper
3169 2553 3342 2624 geniti
3389 2568 3555 2608 ncca-

1969 2652 2184 2706 rentur,
2213 2644 2309 2699 sed
2341 2646 2507 2698 etiam
2545 2645 2647 2709 illi,
2679 2645 2771 2714 qui
2803 2646 3035 2699 alterum
3064 2646 3300 2716 agebant
3323 2660 3552 2709 annum,

1970 2743 2303 2804 raperentur
2335 2735 2403 2791 ad
2439 2744 2672 2790 mortem
2706 2737 2775 2798 ιθ,
2807 2736 3101 2807 (scriptum
3125 2745 3209 2792 est
3244 2738 3391 2792 enim
3424 2752 3552 2792 eum

287 2823 427 2877 κατά
454 2822 564 2876 τῶν
615 2823 919 2895 ἀρτιγενῶν
956 2824 1056 2896 τὴν
1103 2824 1478 2897 θανατηφόρον
1526 2824 1871 2895 ἐξενεχθῆναι

1972 2821 2248 2893 iussisse,
2301 2824 2541 2878 bimulus
2590 2832 2644 2878 et
2696 2825 2943 2879 minores
3017 2823 3317 2890 interﬁci),
3369 2824 3557 2879 videre

285 2916 493 2985 ψῆφον,
530 2915 644 2969 ἀλλ’
674 2916 726 2969 εί
754 2933 839 2980 τις
882 2916 978 2969 καὶ
1019 2918 1100 2981 εἰς
1147 2916 1401 2989 δεύτερον
1436 2916 1710 2989 προῆλθεν
1750 2917 1870 2981 ἔτος

1972 2923 2089 2970 erat
2151 2924 2360 2970 matres
2408 2930 2518 2969 non
2545 2930 2775 2986 paucas,
2821 2932 2942 2985 qua:
2974 2932 3040 2969 eo
3073 2916 3338 2986 temporis
3372 2916 3558 2983 spatio

285 3007 380 3060 καὶ
405 3008 591 3062 τοῦτον
629 3007 976 3079 ἀνάρπαστον
1003 3007 1255 3077 γενέσθαι
1289 3009 1622 3081 (γέγραπται
1646 3008 1871 3081 γὰρ,ὅτι

1972 3004 2110 3061 duos
2150 3006 2289 3059 lilios
2331 3007 2508 3060 enixa:
2539 3005 2779 3060 fuerant.
2808 3006 3096 3072 Quodnam
3131 3005 3299 3075 igitur
3330 3020 3553 3059 rursum

285 3099 394 3155 ἀπὸ
425 3098 630 3163 διετοῦς
661 3099 757 3151 καὶ
785 3098 1100 3170 κατωτέρω)
1118 3116 1130 3129 ·
1165 3099 1352 3170 ἕτερον
1383 3101 1442 3154 ἐν
1466 3100 1696 3164 τούτοις,
1728 3101 1869 3155 κατὰ

1975 3099 2029 3152 in
2064 3098 2154 3153 his
2180 3098 2556 3166 spectaculum
2593 3100 2948 3163 cernebatur,
2975 3112 3101 3152 cum
3132 3097 3243 3153 duo
3266 3096 3557 3152 carnifices

284 3191 346 3244 rb
375 3189 542 3253 εἰκὸς,
573 3189 744 3254 πάθος
775 3192 805 3245 6
836 3188 992 3257 λόγος
1032 3188 1240 3260 βλέπει.
1266 3192 1390 3244 Ὅτι
1421 3191 1679 3256 πολλάκις
1707 3193 1736 3245 6
1775 3209 1868 3263 μεο

284 3282 420 3348 ταξυ
442 3282 654 3354 χρόνος,
679 3281 775 3336 δύο
803 3281 1013 3336 τέκνων
1049 3280 1263 3354 μητέρα
1282 3283 1380 3354 τὴν
1400 3283 1569 3354 αὐτὴν
1591 3283 1865 3356 ἐποίησεν.

284 3370 414 3430 Οἷον
458 3370 550 3429 οὖν
567 3370 636 3445 ἦν
675 3375 768 3428 ἐπὶ
796 3375 908 3429 τῶν
955 3373 1212 3428 τοιούτων
1245 3374 1408 3445 πάλιν
1459 3375 1518 3429 τὸ
1550 3375 1750 3446 θέαμα,
1778 3375 1871 3430 δύο

285 3467 497 3539 δημίων
526 3466 657 3537 περὶ
711 3466 841 3537 μίαν
872 3465 1288 3536 ἀσχολουμένων
1335 3466 1568 3538 μητέρα·
1608 3467 1703 3521 τοῦ
1746 3468 1868 3538 μὲν,

285 3561 348 3615 rb
373 3559 651 3631 παραθέον
682 3559 817 3628 πρὸς
845 3558 1037 3613 ἑαυτὸν
1068 3557 1346 3621 ἕλκοντος,
1378 3558 1475 3612 τοῦ
1520 3559 1607 3621 δὲ,
1638 3559 1699 3613 τὸ
1737 3560 1871 3614 ὑπο-

292 3651 483 3723 μάζιον
506 3651 857 3715 ἀνασπῶντος
874 3650 971 3704 τοῦ
996 3651 1236 3716 κόλπου;
1263 3652 1327 3704 Τί
1355 3653 1583 3721 πάσχειν
1607 3652 1753 3715 είκὸς
1778 3654 1870 3705 ἐπὶ

287 3744 500 3808 τούτοις
538 3743 635 3816 τὴν
670 3743 862 3798 ἀθλίαν
907 3743 1154 3813 μητέρα;
1192 3742 1331 3812 πρὸς
1369 3741 1463 3794 δύο
1490 3741 1655 3795 τέκνα
1695 3741 1873 3812 σχιζο-

293 3836 461 3908 μένης
496 3836 593 3904 τῆς
633 3833 868 3902 φύσεως,
894 3833 1157 3901 ἑκατέρου
1187 3830 1331 3885 κατὰ
1358 3831 1420 3884 rb
1450 3825 1568 3884 ἶσον
1610 3833 1723 3895 τοῖς
1765 3848 1873 3902 μη-

288 3927 486 3999 τρῲοις
511 3925 841 3994 σπλάγχνοις
868 3923 931 3976 rb
958 3922 1067 3997 πῦρ
1091 3922 1619 3991 ἀναφλέγοντος,οὒκ
1645 3923 1873 3993 ἔχουσαν

291 4018 432 4088 ποίῳ
452 4015 605 4087 ῆτίνι
629 4015 735 4067 τῶν
751 4013 1002 4084 πονηρῶν
1018 4012 1372 4083 ἀκολουθήσει
1393 4012 1623 4085 δημίων;
1642 4013 1747 4066 Τοῦ
1774 4015 1874 4083 μὲν

290 4105 560 4164 ἐντεῦθεν.
575 4106 671 4159 τοῦ
702 4105 760 4159 δὲ
780 4104 1047 4176 ἑτέρωθεν
1071 4103 1206 4176 πρὸς
1227 4105 1327 4175 τὴν
1344 4105 1554 4176 σφαγὴν
1579 4106 1875 4177 ἐφελκομέ-

289 4220 398 4257 νων
413 4201 483 4254 τά
496 4201 667 4269 νήπια
687 4215 698 4227 ·
716 4196 1041 4269 προσδράμῃ
1070 4196 1161 4250 ἐπὶ
1176 4195 1254 4267 τῷ
1274 4199 1528 4265 νεογενεῖ,
1552 4197 1763 4270 ἄσημον
1794 4198 1873 4252 ἐτι

289 4278 384 4350 καί
402 4290 805 4365 ἀδριάρθρωτον
833 4288 923 4343 τὸν
951 4289 1183 4360 ὀδυρμὸν
1203 4291 1439 4360 ἀφιέντι;
1458 4291 1593 4344 Ἀλλ’
1609 4292 1873 4363 ἀκροᾶται

286 4384 385 4439 τοῦ
439 4383 601 4440 ἄλλου
655 4383 755 4454 ἥδη
819 4381 1215 4453 φθεγγομένου,
1260 4382 1357 4436 καὶ
1398 4381 1759 4458 ψελλιζομένῃ
1805 4387 1868 4456 τῇ

1971 3192 2117 3247 circa
2177 3199 2406 3246 matrem
2466 3205 2634 3243 unam
2694 3199 2887 3247 essent
2942 3190 3240 3259 occupati,
3302 3202 3557 3257 natisque

1968 3299 2139 3355 prope
2171 3291 2490 3338 currentem
2523 3282 2695 3337 filium
2736 3282 2803 3337 ad
2834 3298 2897 3338 se
2919 3290 3159 3353 raperet,
3191 3282 3333 3337 alter
3368 3290 3554 3336 autem

1970 3376 2263 3430 lactentem
2298 3375 2480 3429 adlmc
2513 3373 2851 3430 infantulum
2876 3390 2907 3429 e
2941 3374 3155 3444 gremio
3183 3374 3377 3428 matris
3408 3372 3556 3427 evel-

1970 3466 2146 3521 leret?
2191 3466 2335 3531 Quid
2381 3475 2497 3519 tum
2549 3465 2717 3521 faciat
2742 3473 2920 3520 mater
2951 3464 3168 3531 infelix,
3197 3479 3323 3519 cum
3359 3473 3556 3517 natura

1970 3558 2225 3614 bifariam
2278 3558 2332 3611 in
2378 3557 2523 3612 Iilios
2576 3559 2895 3622 divellatur,
2925 3567 2982 3614 et
3034 3568 3269 3627 utroque
3296 3558 3408 3611 filio
3438 3571 3556 3609 ma-

1972 3650 2146 3704 ternis
2203 3648 2517 3703 visceribus
2566 3663 2639 3705 .ex
2674 3663 2835 3718 aequo
2879 3649 3032 3703 faces
3081 3648 3429 3710 admovente,
3463 3661 3559 3700 ue-

1972 3742 2115 3797 sciat
2150 3748 2334 3793 utrum
2388 3755 2454 3793 ex
2495 3739 2851 3795 carnificibus
2902 3739 3056 3809 prius
3094 3745 3378 3806 sequatur,
3426 3750 3555 3788 cum

1973 3847 2116 3887 unus
2152 3846 2218 3885 ex
2253 3830 2376 3893 hac,
2403 3831 2544 3885 alter
2578 3845 2644 3886 ex
2677 3830 2772 3884 illa
2812 3840 2970 3902 parte
3011 3843 3212 3899 pueros
3246 3828 3312 3881 ad
3348 3825 3555 3881 eadem

1976 3919 2191 3977 trahat?
2232 3927 2596 3990 procurratne
2630 3922 2699 3976 ad
2750 3936 2928 3991 nuper
2966 3920 3236 3991 genitura,
3288 3916 3557 3972 confusos

1976 4014 2437 4085 imlistiuctosque
2475 4016 2716 4086 gemitus
2757 4013 3141 4069 emittentem?
3176 4020 3233 4066 at
3275 4012 3558 4067 inhibetur

1976 4108 2046 4165 ab
2083 4108 2256 4163 altero
2290 4108 2401 4176 jam
2437 4108 2715 4178 loquente,
2750 4107 3191 4176 balbutientique
3223 4106 3409 4175 lingua
3434 4117 3556 4157 ma-

1976 4212 2110 4257 trem
2153 4201 2508 4257 inclamantc.
2561 4200 2834 4266 Quidnam
2875 4200 3043 4269 agat?
3083 4215 3192 4268 quo
3231 4214 3293 4254 se
3339 4194 3559 4252 vertat?

1976 4294 2170 4351 Utrius
2192 4293 2314 4348 voci
2350 4308 2486 4363 voce
2517 4308 2618 4348 sua
2648 4293 2981 4363 respondeat
3002 4292 3028 4346 ?
3067 4290 3260 4347 Utrius
3285 4287 3554 4359 gemitum

1976 4387 2179 4458 gemitu
2224 4387 2468 4456 excipiat
2501 4386 2644 4441 suo?
2687 4384 2877 4441 Utrius
2925 4384 3123 4439 deﬂeat
3168 4395 3380 4442 necem,
3427 4391 3555 4431 eum

288 4479 441 4549 φωνῇ
499 4474 636 4548 μετὰ
676 4473 926 4545 δακρύων
967 4474 1066 4546 τὴν
1101 4475 1315 4547 μητέρα
1357 4475 1773 4540 ἀνακαλοῦντος.
1808 4478 1872 4530 Τί

1977 4491 2206 4549 uterque
2243 4488 2454 4532 natura:
2484 4478 2726 4533 stimulis
2756 4492 2912 4547 aeque
2958 4476 3218 4529 miseram
3256 4467 3452 4525 feriat?

289 4571 437 4644 πάθῃ
469 4572 605 4639 ςΤίς
634 4572 702 4626 ἂν
737 4571 999 4641 γένηταις
1034 4570 1189 4634 Τίνος
1230 4572 1299 4641 τῇ
1371 4572 1522 4641 φωνῇ
1595 4571 1943 4645 ἀντιϐοήσεις
1982 4574 2140 4638 Τίνος
2189 4574 2256 4645 τῇ
2319 4576 2533 4645 οἰμωγῇ
2578 4572 2935 4645 ἀντοδύρηται
2967 4568 3156 4638 ςΠοίῳ
3183 4563 3556 4637 ἀποθρηνῆσει

288 4665 522 4734 θανάτῳ,
548 4664 678 4728 ἴσως
696 4664 782 4733 ἐφ’
804 4662 1049 4735 ἐκατέρῳ
1077 4660 1446 4733 μαστιζομένη
1474 4663 1588 4726 τοῖς
1625 4663 1872 4737 κέντροις
1903 4665 2004 4738 τῆς
2031 4667 2277 4735 φύσεως;

375 4760 514 4813 Ἀλλ’
545 4761 923 4829 ἀπαγάγωμεν
956 4759 1057 4829 τὴν
1106 4759 1277 4829 ἀκοὴν
1304 4758 1414 4812 τῶν
1450 4759 1546 4813 ἐπὶ
1573 4763 1688 4825 τοῖς
1713 4762 1872 4817 παισὶ

290 4853 540 4924 θρήνων,
586 4853 682 4905 καὶ
728 4852 865 4922 πρὸς
913 4852 985 4905 τά
1034 4852 1374 4925 εὐθυμότερα
1414 4853 1509 4908 καὶ
1557 4854 1759 4924 μᾶλλον
1802 4858 1868 4928 τῇ

290 4944 453 5017 ἑορτῇ
487 4942 764 5012 πρέποντα
796 4944 894 5012 τὴν
931 4943 1169 4996 διάνοιαν
1207 4944 1516 5015 τρέφωμεν,
1554 4945 1657 4999 κᾶν
1699 4946 1871 5017 ὑπερ-

291 5034 476 5089 σοῶσα
514 5034 655 5088 κατά
682 5033 782 5106 τὴν
822 5034 1157 5104 προφητείαν
1191 5037 1225 5106 ἡ
1268 5035 1467 5107 Ῥαχὴλ
1503 5038 1603 5108 τὴν
1655 5038 1871 5110 σφαγὴν

290 5126 402 5180 τῶν
442 5126 647 5180 τέκνων
698 5123 1050 5195 ὀλοφύρηται.
1106 5125 1196 5179 Ἐν
1237 5125 1346 5198 γὰρ
1397 5126 1584 5199 ἡμέρᾳ.
1643 5130 1868 5201 ἑορτῆς.

2043 4761 2149 4817 Sed
2180 4776 2540 4816 amoveamus
2573 4773 2739 4814 aures
2778 4757 2847 4811 ab
2879 4755 3032 4811 hisce
3059 4749 3372 4824 questibus,
3399 4754 3455 4803 et
3483 4743 3552 4800 ad

1972 4853 2180 4908 laetiora
2209 4853 2429 4921 dieique
2470 4852 2614 4907 festo
2636 4850 2809 4920 magis
2839 4844 3221 4903 convenientia
3260 4838 3554 4910 cogitatio-

1972 4959 2100 5000 nem
2151 4951 2567 5008 convertamus,
2613 4942 2743 4996 licet
2795 4939 3025 5001 Rachel,
3073 4946 3133 4990 ut
3185 4934 3364 5003 inquit
3422 4945 3554 5002 pro-

1972 5035 2137 5104 pheta
2157 5032 2226 5099 ⁸ο,
2254 5033 2506 5087 clamans
2544 5033 2782 5086 filiorum
2823 5029 3026 5085 caedem
3067 5027 3336 5096 cleploret.
3373 5022 3431 5077 In
3462 5021 3553 5077 die

1970 5128 2117 5182 enim
2151 5126 2312 5189 festo,
2356 5136 2411 5181 ιιι
2443 5127 2520 5180 ait
2559 5126 2783 5195 sapiens
2816 5123 3103 5183 Salomon,
3144 5118 3415 5173 malorum
3454 5114 3552 5170 cle-

293 5221 476 5285 καθώς
524 5238 687 5292 φησιν
722 5222 751 5273 6
797 5220 959 5290 σοφὸς
1009 5220 1295 5291 Σολομὼν,
1334 5223 1609 5293 ἀμνηστία
1668 5228 1870 5296 πρέπει

1972 5228 2055 5275 cet
2086 5219 2359 5274 oblivisci.
2409 5218 2541 5284 Quae
2575 5227 2756 5272 autem
2796 5215 2955 5270 nobis
2983 5212 3252 5267 celebrior
3293 5208 3413 5263 dies
3450 5207 3555 5261 hac

293 5313 503 5367 κακῶν.
528 5314 624 5377 Τίς
652 5314 695 5367 δ’
722 5314 789 5367 ἂν
813 5313 1023 5381 γένοιτο
1049 5312 1146 5383 τῆς
1176 5313 1366 5383 ἑορτῆς
1388 5315 1521 5385 ἡμῖν
1546 5315 1749 5386 ταύτης
1777 5315 1867 5368 εὑ-

295 5403 593 5475 σημοτέρα,
609 5404 667 5455 ἐν
732 5403 827 5475 τὴν
850 5401 1092 5473 πονηρὰν
1125 5400 1219 5455 τοῦ
1241 5402 1484 5457 διαϐόλου
1511 5404 1870 5475 σκοτὸμαιναν

212 5508 213 5511 ‘
293 5494 513 5566 διαχέας
538 5495 566 5546 6
586 5495 686 5565 τῆς
712 5493 1053 5563 δικαιοσύνης
1079 5493 1227 5563 ἥλιος
1248 5533 1263 5557 ,
1293 5493 1360 5547 δι’
1409 5495 1578 5565 αὐτῆς
1609 5497 1708 5567 τῆς
1736 5497 1844 5566 ήμε

293 5587 460 5659 τέρας
488 5586 702 5655 φύσεως
729 5588 1026 5659 ἐπιλάμπει
1049 5589 1114 5658 τῇ
1150 5585 1330 5656 φύσει,
1352 5587 1411 5639 ὲν
1440 5580 1556 5660 ᾗτὸ
1583 5588 1870 5652 πεπτωκὸς

367 5760 413 5793 δ’
445 5760 628 5816 Matth.
666 5777 724 5828 ιι,
759 5762 842 5818 ili.
920 5764 965 5795 ”
993 5760 1190 5818 Jercm.
1231 5778 1381 5830 xxxi,
1413 5762 1509 5831 l5;
1544 5761 1732 5817 .‘llatth.
1756 5776 1821 5831 ιι,
1858 5762 1942 5821 f7.

1968 5326 2091 5365 esse
2125 5317 2324 5379 potest,
2366 5310 2420 5362 in
2467 5325 2575 5378 qua
2616 5309 2790 5362 malas
2822 5305 3027 5359 diaboli
3066 5303 3327 5358 tenebras
3362 5300 3553 5354 discu-

1971 5404 2113 5458 tiens
2163 5404 2396 5472 iustitia
2451 5403 2533 5458 sol
2590 5418 2686 5472 per
2744 5409 2999 5454 naturam
3062 5407 3306 5451 uestram
3365 5393 3553 5447 illucet

1972 5496 2199 5559 mundo,
2238 5496 2292 5549 in
2329 5509 2461 5566 qua,
2499 5496 2594 5565 qui
2638 5494 2860 5557 cecidit,
2902 5491 3203 5553 excitatur,
3241 5486 3338 5556 qui
3373 5483 3552 5540 hostis

1973 5588 2154 5647 factus
2190 5596 2297 5659 est,
2349 5590 2403 5645 in
2450 5588 2685 5662 gratiam
2735 5584 3023 5657 recipitur,
3070 5583 3165 5656 qui
3202 5580 3416 5654 ejectus
3465 5585 3551 5633 est
