3950 6156
443 278 580 334 1117

1746 279 1802 335 S.
1839 277 2169 335 GREGORII
2199 277 2496 333 NYSSENI-

3560 273 3622 327 1":
3639 274 3730 329 ιε

443 408 756 462 revocatur,
809 401 902 470 qui
941 415 972 454 e
1015 399 1119 454 vita
1156 398 1356 455 excidit
1406 400 1473 453 ad
1510 400 1674 455 vitam
1721 402 1887 465 redit,
1917 417 2012 470 qut

2135 402 2516 470 ινεγήγερται,
2565 399 2621 452 τὸ
2656 396 3180 465 ἐκπεπολεμωμένον
3227 395 3304 456 εἰς
3351 390 3722 457 καταλλαγὰς

443 491 762 544 servitutem
809 492 1055 554 servivit,
1102 492 1257 560 regni
1308 491 1630 561 dignitatem
1674 493 2014 562 assequitur,

443 581 538 649 qui
576 583 766 634 mortis
812 581 1045 636 vinculis
1085 583 1420 636 constrictus
1467 594 1572 647 est,
1619 584 1682 638 ad
1738 585 2016 654 regionem

443 671 742 724 viventium
769 673 1103 726 revertitur?
1134 673 1311 737 Nunc,
1333 683 1388 727 ut
1409 673 1676 743 Propheta
1703 677 2014 740 testatur“,

442 778 596 816 aerea:
623 763 815 817 mortis
839 775 1008 834 porta:
1035 765 1483 835 confringuntur,
1503 766 1678 821 ferrea
1709 769 2018 823 comminu-

451 860 618 905 untur
677 855 918 919 vincula,
958 857 1160 924 quibus
1206 864 1366 911 antea
1399 873 1572 926 genus
1630 858 1910 912 hominum
1963 861 2018 913 in

445 945 641 997 mortis
672 946 924 998 custodia
962 946 1334 1001 detinebatur.
1365 945 1545 1010 Nunc,
1593 959 1648 1000 nt
1683 949 1883 1003 cecinit
1912 948 2019 1001 Da-

445 1034 534 1087 vid
556 1035 620 1097 ",
652 1035 958 1089 recluditur
986 1045 1139 1106 porta
1159 1037 1406 1104 justitiae.
1435 1037 1588 1092 Nunc
1612 1055 1707 1109 per
1729 1049 1902 1093 totum
1925 1056 2018 1092 or-

447 1125 566 1179 bem
593 1141 698 1180 una
734 1143 867 1181 voce
897 1127 1094 1182 festum
1129 1129 1523 1183 celebrantium
1557 1113 1766 1184 clamor
1792 1131 2014 1185 exaudi-

447 1224 555 1270 tur.
598 1215 700 1271 Per
738 1217 1016 1272 hominem
1062 1234 1233 1281 mors,
1281 1227 1332 1272 et
1385 1235 1481 1288 per
1526 1220 1799 1274 hominem
1849 1220 2019 1275 salus.

445 1307 664 1364 Primus
696 1310 751 1363 in
786 1319 1067 1378 peceatum
1087 1311 1278 1380 lapsus
1298 1321 1381 1366 est
1413 1332 1426 1365 :
1448 1313 1720 1381 jacentem
1745 1313 2024 1368 secundus

448 1402 758 1457 suscitavit.
806 1403 853 1456 Α
894 1404 1123 1458 muliere
1158 1405 1355 1458 mulier
1393 1406 1621 1461 defensa
1667 1414 1753 1460 est
1790 1425 1802 1459 :
1845 1407 2021 1473 prima

449 1502 680 1561 peccato
721 1494 928 1547 aditum
974 1495 1251 1564 patefecit,
1284 1497 1401 1551 haec
1441 1507 1501 1552 ut
1541 1498 1771 1566 iustitiae
1810 1507 2022 1568 pateret

452 1585 659 1648 aditus,
710 1587 964 1641 ministra
1009 1588 1131 1642 fuit.
1173 1588 1266 1642 Illa
1310 1591 1583 1659 serpentis
1612 1590 1904 1644 consilimn
1940 1597 2026 1645 est

452 1685 664 1741 secuta,
710 1679 826 1732 haec
877 1681 1148 1750 serpentis
1191 1681 1598 1735 interfectorem
1647 1683 1915 1745 exhibuit,
1969 1689 2024 1737 et

2116 493 2330 560 ἄγεται,
2363 492 2423 545 τὸ
2467 490 2846 563 ἀποκηρυχθὲν
2875 488 3224 553 ἐπανάγεται,
3254 485 3314 537 τὸ
3340 483 3720 544 ὲκπεπτωκδς

2117 582 2217 644 τῆς
2239 581 2382 651 ζωῆς
2406 585 2486 646 εἰς
2509 583 2607 652 τὴν
2641 583 2784 650 ζωὴν
2807 580 3188 648 ἐπανέρχεται,
3222 577 3284 629 τδ
3315 578 3381 646 τῇ
3415 573 3720 644 αἰχμαλω-

2120 674 2212 745 σίᾳ
2247 674 2640 745 δεδουλωμένον
2673 676 2751 736 εἰς
2798 673 2894 743 τὴν
2927 675 3024 743 τῆς
3071 671 3343 740 βασιλείας
3387 669 3549 736 ἀξίαν
3609 669 3720 719 ἐττ-

2119 764 2573 834 αναλαμϐάνεται,
2605 765 2666 816 τὸ
2698 766 2810 826 τοῖς
2857 764 3074 831 δεσμοῖς
3111 761 3209 814 τοῦ
3253 760 3484 814 θανάτου
3524 776 3715 810 πεττε-

2118 857 2366 928 δημένον,
2399 858 2585 910 ἄνετον
2613 856 2751 926 πρὸς
2780 856 2878 926 τὴν
2908 854 3092 924 χώραν
3115 853 3222 904 τῶν
3249 851 3466 916 ζώντων
3493 852 3716 904 ἐπανα-

2119 949 2298 1018 τρέχει
2329 966 2343 1014 ;
2379 947 2506 1006 δῦν,
2540 947 2681 1000 κατὰ
2719 947 2816 1015 τὴν
2874 945 3228 1016 προφητείαν,
3259 945 3316 996 αί
3365 943 3572 1012 χαλκαῖ
3610 941 3713 993 τοῦ

2120 1039 2354 1093 θανάτου
2391 1039 2553 1092 πύλαι
2589 1038 2960 1108 συντρίϐονται
2984 1056 2995 1068 ·
3023 1038 3071 1089 οἱ
3114 1036 3320 1106 σιδηροῖ
3357 1033 3714 1102 συγκλῶνται

2125 1129 2328 1200 μοχλοὶ,
2346 1124 2427 1191 οἷς
2459 1129 2720 1195 πρότερον
2753 1126 3146 1198 καθειργμένον
3167 1121 3234 1196 ἦν
3255 1126 3314 1177 τὺ
3344 1123 3454 1176 τῶν
3485 1121 3713 1191 ἀνθρὼο

2123 1239 2240 1274 πων
2281 1220 2432 1287 γένος
2453 1223 2510 1273 ἐν
2535 1223 2600 1290 τῇ
2627 1220 2717 1272 τοῦ
2741 1219 2971 1272 Θανάτου
3004 1220 3227 1289 φρουρᾷ.
3256 1217 3370 1269 Νῦν
3401 1215 3712 1282 ἀνοίγεται,

2123 1311 2304 1372 κ-αθώς
2340 1329 2501 1382 φησιν
2543 1314 2571 1364 ὁ
2616 1311 2796 1372 Δαϐὶδ,
2821 1312 2854 1380 ἡ
2892 1310 3032 1378 πύλη
3076 1312 3173 1378 τῆς
3201 1306 3567 1374 δικαιοσύνης.
3592 1304 3715 1356 Νῦν

2121 1403 2400 1472 ὁμόφωνος
2448 1403 2588 1457 κατὰ
2626 1405 2806 1456 πᾶσαν
2844 1402 2944 1472 τὴν
2988 1399 3310 1469 οἰκουμένην
3353 1400 3381 1450 ὁ
3415 1393 3549 1466 ἦχος
3599 1395 3714 1450 τῶν

2123 1494 2486 1562 ἑορταζόντων
2527 1494 2802 1548 ἀκούεται.
2840 1494 2919 1546 Δι’
2967 1491 3252 1560 ἀνθρώπου
3309 1489 3576 1550 θάνατος,
3615 1488 3716 1539 καὶ

2121 1584 2191 1638 δι’
2249 1584 2540 1656 ἀνθρώπου
2571 1587 2599 1655 ἡ
2631 1584 2892 1653 σωτηρία.
2937 1583 2996 1638 '0
3030 1582 3242 1648 πρῶτος
3298 1581 3378 1641 εἰς
3431 1577 3713 1647 ἁμαρτίαν

2124 1674 2316 1728 ἔπεσεν
2338 1691 2349 1703 ·
2386 1677 2416 1728 ὁ
2439 1676 2687 1746 δεύτερος
2711 1678 2802 1730 τὸν
2835 1676 3157 1728 πεπτωκότα
3188 1674 3509 1742 ἀνέστησεν.
3555 1673 3714 1722 31:0-

451 1770 593 1824 lucis
637 1779 918 1824 auctorem
963 1749 1016 1824 in
1071 1773 1245 1825 lucem
1302 1772 1490 1828 edidit.
1539 1772 1633 1826 Illa
1677 1790 1772 1843 per
1813 1774 2022 1844 lignum

2135 1767 2410 1837 λελόγηται
2443 1767 2583 1834 ὑπὲρ
2635 1767 2731 1835 τῆς
2768 1767 3024 1835 γυναικὸς
3057 1768 3089 1836 ἡ
3139 1767 3273 1833 γυνή
3299 1781 3312 1794 ·
3341 1765 3373 1833 ἡ
3417 1762 3615 1832 πρώτη
3644 1763 3711 1829 τῇ

450 1860 667 1914 induxit
693 1870 1002 1930 peceatum,
1032 1863 1145 1918 hzec
1180 1879 1275 1934 per
1308 1864 1510 1932 lignum
1547 1865 1779 1935 gratiam
1818 1865 2038 1932 intulit,

451 1949 681 2021 Lignum
720 1961 901 2007 autem
943 1955 1126 2008 crucis
1174 1954 1420 2023 intelligo
1458 1973 1471 2006 :
1505 1956 1666 2024 cujus
1698 1956 1910 2012 fructus
1943 1964 2028 2012 est

451 2057 668 2112 semper
703 2043 913 2102 virens.
952 2052 1005 2098 et
1037 2047 1388 2116 gustantibus
1422 2045 1531 2098 vita
1580 2046 1637 2099 lit
1677 2045 2023 2101 immortalis.

448 2131 620 2188 Nemo
658 2146 841 2190 autem
881 2136 1024 2190 hanc
1069 2137 1370 2207 gratiarum
1419 2138 1691 2192 actionem
1749 2137 2027 2207 paschatis

449 2232 668 2277 tantum
714 2226 980 2295 mysterio
1032 2234 1186 2295 putet
1216 2226 1536 2282 convenire.
1585 2225 1676 2280 Sic
1705 2226 1848 2280 enim
1879 2229 2031 2297 cogi-

447 2322 547 2376 tet,
579 2316 780 2383 pascha
817 2315 1036 2390 quidem
1059 2316 1257 2370 divina:
1283 2315 1669 2385 dispositionis
1689 2331 1814 2370 esse
1840 2316 2025 2377 tinem,

448 2407 543 2474 qui
574 2413 759 2461 tamen
791 2406 917 2460 linis
944 2407 1208 2476 consequi
1250 2416 1509 2476 nequeat,
1543 2407 1650 2460 nisi
1695 2407 2024 2476 principium

449 2495 758 2550 antecedat.
797 2495 938 2561 Quid
984 2496 1152 2565 igitur
1181 2497 1461 2566 antiquius
1493 2496 1618 2550 est?
1657 2493 1827 2552 Ortus
1864 2496 2027 2550 nimi-

450 2604 572 2643 rum
608 2590 800 2644 mortis
827 2589 1213 2658 dispositione.

2122 1857 2370 1928 ἁμαρτία
2386 1857 2484 1927 τὴν
2508 1858 2711 1911 εἴσοδον
2739 1858 2968 1911 δέδωκεν
2986 1897 3000 1916 ,
3039 1857 3176 1925 αῦτη
3203 1856 3258 1907 δὲ
3290 1856 3354 1922 τῇ
3380 1851 3573 1918 εἰσόδῳ
3613 1851 3713 1917 τῆς

2121 1949 2466 2019 δικαιοσύνης
2525 1951 2925 2021 ὐπηρετήσατο.
2981 1948 3196 2014 Ἐκείνη
3250 1944 3341 1996 τοῦ
3382 1943 3561 2010 ὄφεως
3611 1940 3714 2008 τὴν

2127 2041 2433 2111 συμϐουλὴν
2493 2043 2877 2104 ἐπεσπάσατο,
2916 2040 3053 2110 αῦτη
3117 2041 3208 2092 τὸν
3261 2035 3555 2105 ὰναιρέτην
3616 2029 3715 2082 τοῦ

2125 2133 2302 2200 ὄφεως
2350 2136 2770 2203 παρεστήσατο,
2807 2133 2900 2186 καὶ
2953 2133 3046 2184 τοῦ
3111 2130 3286 2200 φωτὸς
3339 2129 3428 2180 τὸν
3480 2125 3714 2194 γενέτην

2126 2223 2457 2293 ἀπεκύησεν.
2487 2226 2702 2296 Ἐκείνη
2741 2224 2831 2278 διὰ
2859 2224 2952 2278 τοῦ
2981 2223 3138 2288 ξύλου
3160 2223 3258 2290 τὴν
3294 2218 3571 2290 ἁμαρτίαν
3602 2219 3714 2268 εἰσ-

2128 2318 2355 2386 ήγαγεν,
2389 2317 2524 2389 αῦτη
2553 2318 2640 2371 διὰ
2681 2317 2778 2370 τοῦ
2817 2316 2974 2381 ξύλου
3007 2317 3066 2369 τὸ
3090 2315 3290 2383 ἀγαθὸν
3321 2312 3714 2379 ἀντεισήγαγε.

2127 2407 2293 2463 Ξύλον
2324 2409 2380 2462 δὲ
2412 2409 2555 2478 λέγω
2598 2411 2689 2464 τὸν
2737 2409 2966 2478 σταυρόν
2988 2427 3001 2439 ·
3033 2410 3061 2462 ὁ
3102 2407 3159 2459 δὲ
3203 2404 3295 2458 τοῦ
3330 2403 3487 2469 ξύλου
3520 2399 3716 2452 τούτου

2126 2503 2337 2573 καρπὸς
2365 2503 2621 2573 ἀειθαλὴς
2651 2503 2743 2556 καὶ
2768 2501 3134 2572 ἀμαράντινος
3168 2497 3279 2567 ζωὴ
3323 2498 3430 2558 τοῖς
3479 2491 3720 2562 γευομέ-

2127 2611 2237 2657 νοις
2256 2596 2482 2662 γίνεται.
2513 2597 2620 2649 Καὶ
2650 2595 2836 2666 μηδεὶς
2855 2594 2932 2664 τῷ
2961 2593 3102 2646 κατὰ
3121 2591 3181 2644 τὸ
3211 2592 3396 2657 Πάσχα
3424 2582 3722 2655 μυστηρίῳ

454 2681 621 2751 μόνην
653 2679 752 2751 τὴν
789 2680 1042 2750 τοιαύτην
1064 2680 1415 2751 εὐχαριστίαν
1445 2681 1677 2753 πρέπειν
1715 2681 2033 2738 ὐπονοείτω.
2080 2685 2392 2753 Λογιζέττθω
2422 2683 2550 2754 γὰρ,
2573 2690 2654 2741 ὅτι
2681 2688 2872 2757 Πάσχα
2905 2687 3080 2756 πέρας
3105 2685 3202 2753 τῆς
3223 2678 3529 2749 οἰκονομίας
3567 2673 3718 2728 ἐστι.

451 2770 648 2833 11ῶςδ⁹
680 2770 747 2824 ἂν
772 2772 988 2840 ἐγένετο
1042 2772 1103 2824 τὸ
1151 2771 1344 2842 πέρας,
1386 2774 1436 2824 εί
1488 2772 1616 2843 μὴὴ
1671 2773 1816 2844 ἀρχὴ
1867 2771 2254 2844 καθηγήσατος
2321 2779 2386 2830 Τί
2438 2779 2582 2842 τίνος
2633 2780 2780 2831 ἐστὶν
2832 2775 3327 2848 ἀρχηγικώτερονς
3376 2769 3435 2822 ’11
3488 2769 3724 2836 γένησις

365 2916 374 2923 ,
449 2865 650 2935 δηλαδὴ
682 2865 780 2935 τῆς
817 2866 958 2919 κατὰ
989 2866 1048 2919 τὸ
1081 2866 1250 2930 πάθος
1285 2867 1612 2936 οἰκονομίας.

527 2957 701 3026 Hujus
761 2957 925 3025 igitur
977 2959 1120 3012 bona
1166 2967 1294 3013 sunt
1341 2975 1472 3028 pars
1524 2960 1793 3015 bonorum
1856 2961 2028 3031 ipsius

451 3060 630 3106 ortus.
675 3048 830 3115 Quod
876 3051 921 3102 si
964 3050 1090 3117 quis
1140 3065 1393 3114 munera,
1443 3067 1567 3121 qua:
1617 3053 1671 3106 in
1722 3055 2029 3124 Evangeliis

2211 2961 2418 3015 Οὐκοῦν
2465 2960 2663 3014 καὶτὰ
2708 2960 2801 3014 τοῦ
2845 2961 3037 3029 Πάσχα
3083 2955 3390 3018 καλὰ,τῶν
3436 2956 3563 3026 περὶ
3615 2955 3722 3024 τὴν

2138 3054 2389 3124 γέννησιν
2425 3051 2730 3122 εὐφημιῶν,
2772 3051 2932 3123 μέρος
2965 3051 3101 3104 ἐστί.
3136 3049 3254 3103 Κᾶν
3276 3049 3372 3110 τὰς
3393 3047 3729 3115 εὐεργεσίας

453 3149 974 3202 commemorantur,
1005 3148 1310 3204 enumeret,
1344 3142 1389 3196 si
1432 3153 1714 3196 recenseat
1765 3144 2028 3201 miracula

2135 3147 2241 3199 τῶν
2271 3149 2328 3198 ὲν
2351 3147 2460 3209 τοῖς
2486 3147 2834 3214 Εὐαγγελίοις
2879 3144 3268 3215 ἱστορηθέντων
3296 3159 3380 3204 τις
3412 3139 3723 3210 καταλέγῃ,

454 3235 828 3297 curationum,
867 3233 922 3287 in
967 3233 1151 3302 inopia
1194 3240 1250 3286 et
1306 3233 1448 3288 fame
1497 3235 1745 3290 ciborum
1789 3238 2026 3306 copiam,

456 3339 799 3382 mortuorum
843 3340 876 3380 e
919 3324 1290 3380 monumentis
1329 3324 1740 3391 excitationem,
1789 3329 2030 3384 subitam

456 3429 622 3489 atque
668 3417 1022 3488 improvisam
1082 3416 1426 3472 etlectionem
1493 3419 1627 3483 vini,
1677 3421 2031 3489 expulsiones

454 3512 784 3574 daemonum,
827 3511 1010 3566 varias
1055 3510 1369 3566 all‘eetiones
1417 3512 1481 3566 ad
1528 3513 1895 3569 valetudinem
1945 3530 2032 3569 re-

460 3612 702 3669 vocatas,
747 3603 1070 3658 claudorum
1125 3603 1318 3666 saltus,
1363 3603 1536 3658 illitos
1594 3603 1712 3658 luto
1760 3620 2030 3659 οιεροιιιιιι

455 3695 670 3758 oculos,
705 3694 946 3749 divinam
991 3693 1323 3756 doctrinam,
1372 3693 1518 3764 leges
1559 3693 1718 3759 latas,
1773 3710 2030 3749 arcanam

456 3786 879 3842 similitudinum
913 3784 1372 3855 signiﬁcationem
1399 3801 1414 3838 :
1447 3784 1563 3838 lucc
1588 3787 1772 3839 omnia
1806 3786 2035 3854 hujusce

456 3875 562 3930 diei
591 3875 765 3944 gratia
797 3874 1364 3944 comprehenduntur.
1399 3872 1523 3927 llaec
1551 3873 1697 3928 enim
1731 3875 2030 3941 bonorum,

457 3982 582 4035 qua:
640 3966 899 4034 deinceps
961 3973 1256 4019 consecuta
1310 3973 1459 4028 sunt,
1506 3965 1748 4018 omnimn
1816 3968 2031 4021 initium

459 4057 582 4113 fuit.
620 4056 984 4121 Quamobrem
1031 4055 1392 4120 exsultemus,
1448 4065 1499 4109 et
1555 4055 1794 4110 lwlemur
1845 4060 1897 4111 in
1947 4075 2032 4114 ea.

460 4149 834 4219 Negligamus,
868 4156 927 4202 ut
964 4148 1214 4202 hortatur
1244 4149 1513 4218 Propheta
1542 4150 1613 4213 ⁵³,
1650 4152 2034 4221 exprobratio-

463 4257 586 4296 nem
632 4239 938 4300 hominum,
976 4255 1074 4294 nec
1109 4241 1462 4310 despectione
1507 4242 1748 4310 ipsorum
1789 4243 2034 4299 sinamus

463 4348 567 4386 nos
594 4331 760 4390 vinei.
801 4330 892 4400 qui
925 4331 1124 4384 divina:
1165 4331 1550 4401 dispositionis
1593 4343 1647 4389 et.
1687 4335 2036 4403 providentia:

465 4426 731 4480 rationem
782 4425 1029 4493 irrident,
1075 4425 1234 4492 quasi
1292 4440 1399 4478 non
1446 4427 1693 4480 decuerit
1747 4427 2033 4482 Dominum

2137 3239 2229 3290 καὶ
2283 3237 2624 3309 διεξέρχηται
2655 3238 2724 3290 τὰ
2765 3237 2903 3291 κατὰ
2951 3237 3049 3299 τὰς
3099 3236 3267 3297 ἰάσεις
3305 3233 3582 3302 θαύματα,
3623 3232 3728 3299 τὴν

2135 3329 2195 3394 ἐξ
2223 3332 2441 3402 ἀπόρων
2462 3331 2686 3402 τροφὴν,
2711 3329 2808 3400 τὴν
2826 3328 2936 3381 τῶν
2962 3327 3296 3396 τεθνηκότων
3328 3326 3391 3376 ἐκ
3426 3323 3536 3375 τῶν
3577 3340 3728 3392 μνη-

2141 3423 2326 3492 μάτων
2359 3424 2736 3493 ὐποστροφὴν,
2767 3422 2866 3491 τὴν
2911 3419 3252 3489 αὐτοσχέδιον
3305 3416 3574 3486 γεωργίαν
3625 3410 3728 3466 τοῦ

2137 3514 2300 3578 οἴνου,
2336 3515 2434 3583 τὴν
2484 3514 2592 3566 τῶν
2635 3513 2924 3582 δαιμονίων
2956 3511 3153 3580 φυγὴν,
3187 3510 3286 3578 τὴν
3309 3507 3420 3559 τῶν
3453 3506 3727 3559 mutilum

2139 3605 2478 3676 παθημάτων
2531 3605 2610 3668 εἰς
2657 3605 2864 3672 ὑγίειαν
2902 3601 3202 3674 μεταϐολὴν
3226 3640 3240 3663 ,
3271 3599 3339 3652 τά
3375 3598 3484 3650 τῶν
3525 3597 3726 3668 χωλῶν

2139 3699 2376 3769 ἅλματα,
2403 3698 2528 3761 τοὺς
2563 3699 2641 3750 ἐκ
2689 3695 2858 3768 πηλοῦ
2886 3695 3217 3764 ὀφθαλμοὺς,
3241 3691 3338 3754 τάς
3385 3690 3540 3752 θείας
3580 3691 3724 3742 6:61-

2141 3789 2386 3854 σκαλίας,
2428 3789 2524 3853 τὰς
2573 3788 2926 3860 νομοθεσίας,
2967 3788 3064 3857 τὴν
3106 3784 3193 3839 διὰ
3246 3785 3352 3836 τῶν
3389 3783 3725 3851 παραϐολῶν

2140 3881 2232 3933 ἐπὶ
2270 3881 2337 3934 τά
2391 3880 2693 3950 ὑψηλότερα
2737 3877 3141 3948 μυσταγωγίαν.
3193 3877 3376 3928 Πάντα
3414 3873 3589 3926 ταῦτα
3622 3874 3725 3939 τῆς

2142 3973 2422 4043 παρούσης
2455 3973 2666 4042 ἡμέρας
2702 3973 2860 4042 χάρις
2895 3969 3039 4022 ἐστίν
3065 3985 3079 3999 ’
3117 3968 3254 4037 αὐτη
3309 3968 3419 4037 γάρ
3441 3962 3576 4036 ἦρξε
3614 3967 3726 4017 τῶν

2142 4063 2338 4134 ἐφεξῆς
2374 4064 2610 4132 ἀγαθῶν.
2653 4062 2861 4116 Οὐκοῦν
2899 4059 3433 4132 Ἁγαλλιασὼμεθα,
3479 4058 3578 4110 καί
3616 4060 3722 4110 εὑ-

2141 4153 2492 4222 φρανθῶμεν
2528 4154 2598 4206 ἐν
2632 4153 2806 4222 αὐτῇ⁹
2843 4154 2915 4224 μὴ
2955 4151 3275 4222 φοϐούμενοι
3300 4149 3391 4201 τὸν
3417 4149 3724 4217 ὀνειδισμὸν

2140 4245 2248 4298 τῶν
2281 4244 2616 4316 ἀνθρώπων,
2651 4247 2743 4298 καὶ
2773 4245 2848 4316 τῷ
2880 4243 3170 4313 φαυλισμῷ
3207 4241 3388 4295 αὐτῶν
3434 4239 3509 4311 μὴ
3543 4239 3719 4310 ἡττώ-

2147 4354 2314 4407 μενοι,
2347 4335 2524 4400 καθὼς
2554 4338 2644 4389 καὶ
2682 4335 2711 4387 ὁ
2737 4333 3022 4406 Προφήτης
3055 4331 3525 4405 παρεγγυᾶται,ο’ί
3560 4348 3721 4384 κατα-

2144 4428 2460 4499 χλευάζουσι
2487 4429 2586 4496 τῆς
2622 4428 2932 4496 οἰκονομίας
2965 4427 3057 4479 τὸν
3090 4426 3265 4493 λόγον,
3295 4425 3370 4486 ὡς
3399 4424 3501 4477 οὐκ
3531 4423 3721 4491 εὐπρεο

464 4519 652 4574 subire
695 4516 943 4585 corporis
993 4525 1267 4577 naturam,
1326 4531 1425 4569 nec
1479 4517 1533 4569 in
1599 4518 1880 4572 hominum
1931 4519 2029 4572 vita

2146 4521 2244 4584 πὲς
2283 4520 2342 4574 ὃν
2377 4521 2626 4591 σώματος
2654 4521 2903 4573 ὑπελθεῖν
2935 4518 3115 4586 φύσιν,
3146 4519 3237 4570 καὶ
3278 4517 3366 4568 διά
3414 4516 3719 4583 γεννήσεως

467 4610 746 4667 nasccmlo
794 4609 1022 4665 versari.
1075 4609 1330 4678 Ignorant
1376 4609 1520 4662 enim
1573 4609 1650 4664 rei
1697 4611 2039 4679 mysterium,

465 4719 576 4774 quo
610 4702 701 4757 Dei
733 4701 1002 4771 sapientia
1036 4701 1196 4755 nobis
1223 4701 1454 4756 salutem
1487 4700 1681 4756 allcrre
1731 4703 2039 4758 constituit.

469 4795 704 4849 Eramus
735 4803 931 4862 sponte
970 4793 1213 4862 peccatis
1257 4792 1462 4848 nostris
1508 4793 1737 4857 venditi,
1782 4802 1836 4847 et
1872 4794 2046 4848 instar

466 4900 682 4950 eorum,
726 4889 816 4954 qni
852 4894 1075 4953 argento
1109 4891 1364 4945 veneunt,
1409 4884 1534 4938 vitae
1576 4892 1777 4939 nostra:
1818 4884 2046 4939 inimico

465 4973 786 5040 mancipati.
839 4972 978 5038 Quid
1037 4973 1133 5027 tibi
1189 4989 1219 5026 a
1268 4972 1499 5026 Domino
1555 4976 1858 5044 optandum
1914 4975 2047 5030 fuit?

469 5081 653 5120 nonne
683 5074 802 5118 uta
841 5065 1154 5120 calamitate
1192 5065 1547 5120 liberareris?
1589 5082 1690 5118 cur
1735 5067 1898 5136 igitur
1950 5085 2042 5122 cu-

471 5157 615 5211 riose
643 5157 696 5209 in
729 5156 948 5210 modum
980 5156 1249 5227 inquiris?
1273 5157 1611 5211 benefactori
1639 5159 1775 5214 bene
1801 5160 2043 5215 merendi

472 5248 741 5304 rationem
783 5249 1136 5318 przescribis?
1171 5265 1280 5303 non
1325 5264 1487 5304 secus
1521 5265 1584 5304 ac
1630 5251 1676 5305 si
1720 5252 1848 5321 quis
1882 5252 2048 5306 bene-

475 5342 669 5396 merito
707 5353 1031 5397 succenseat
1079 5342 1312 5406 medico,
1351 5343 1496 5411 quod
1546 5357 1604 5396 se
1640 5358 1746 5396 non
1778 5343 1903 5406 hac,
1948 5341 2043 5398 sed

477 5438 567 5492 illa
593 5441 804 5494 ratione
833 5439 1129 5493 curaverit.
1172 5438 1329 5505 Quod
1377 5440 1421 5494 si
1470 5438 1642 5493 divini
1686 5438 1905 5494 consilii
1950 5452 2042 5493 ra-

477 5527 679 5584 tionem
718 5532 1042 5586 curiositato
1077 5530 1276 5585 ductus
1323 5529 1590 5600 exquiris,
1623 5529 1727 5585 hoc
1765 5529 1862 5583 tibi
1906 5531 2043 5586 satis

548 5705 592 5737 "
636 5705 759 5761 Psal
804 5723 913 5777 CVI,
944 5708 1024 5764 11.

2145 4612 2334 4666 ἑαυτὸν
2383 4615 2450 4683 τῇ
2501 4612 2813 4681 ἀνθρωπίνῃ
2855 4611 2965 4681 ζωῇ
2999 4609 3294 4679 καταμίξαι
3341 4608 3435 4661 τὸν
3496 4607 3716 4674 Κύριον·

2145 4705 2483 4774 ἀγνοοῦντες,
2513 4705 2587 4767 ὡς
2621 4705 2782 4763 ἔοικε,
2801 4705 2861 4755 τὸ
2885 4704 3010 4772 περὶ
3023 4704 3212 4756 τούτου
3239 4704 3560 4772 μυστήριον,
3579 4701 3720 4762 ὅπως

2144 4799 2176 4868 ἡ
2206 4797 2300 4850 τοῦ
2343 4796 2480 4850 Θεοῦ
2526 4795 2686 4864 σοφία
2716 4796 2812 4866 τὴν
2838 4796 3110 4866 σωτηρίαν
3142 4797 3270 4865 ἡμῖν
3304 4793 3561 4863 ᾠκονομή
3574 4810 3716 4844 σατο.

2158 4889 2451 4950 Ἑκουσίως
2476 4891 2595 4951 ταῖς
2623 4888 2916 4957 ἁμαρτίαις
2953 4887 3106 4957 ἡμῶν
3137 4886 3480 4956 ὲπράθημεν,
3505 4887 3599 4938 καὶ
3632 4887 3721 4954 ἁρ-

2146 4982 2474 5052 γυρωνήτων
2496 4981 2651 5050 δίκην
2677 4980 2754 5050 τῷ
2786 4979 2963 5050 ἐχθρῷ
2985 4981 3084 5048 τῆς
3117 4979 3262 5049 ζωῆς
3297 4978 3453 5049 ἡμῶν
3480 4978 3723 5030 κατεδου-

2147 5072 2416 5143 λώθημεν.
2458 5073 2526 5124 Τί
2558 5089 2640 5124 σοι
2669 5071 2920 5140 γενέσθαι
2955 5071 3104 5141 παρὰ
3130 5069 3220 5122 τοῦ
3253 5070 3525 5121 Δεσπότου
3565 5069 3722 5138 μάλι-

2149 5181 2248 5216 στα
2269 5161 2604 5229 καταθύμιον
2629 5157 2698 5232 ἦν
2720 5179 2734 5225 ;
2761 5162 2820 5214 οὐ
2846 5161 2906 5213 τὺ
2928 5157 3381 5230 ἐξαιρεθῆναιτῆς
3401 5160 3720 5228 συμφορᾶς

2148 5253 2212 5306 Τί
2261 5252 2596 5324 περιεργάζῃ
2629 5253 2718 5304 τὸν
2747 5252 2975 5323 τρόπονς
3010 5252 3061 5303 τί
3108 5251 3418 5319 νομοθετεῖς
3466 5249 3723 5320 n33.52259—

2147 5347 2302 5416 γὲτῃ,
2329 5346 2427 5415 τῆς
2465 5345 2783 5414 εὐεργεσίας
2824 5344 2898 5414 μὴ
2937 5341 3508 5412 ἀντι).αμ6ανόμενος;
3541 5343 3723 5408 ῶσπερ

2149 5440 2214 5494 ἂν
2253 5439 2307 5492 εί
2349 5457 2431 5504 τις
2466 5441 2556 5493 καὶ
2587 5439 2679 5492 τὸν
2717 5437 2896 5507 ἰατρὸν
2937 5437 3346 5506 ἀπωθούμενος,
3383 5437 3481 5489 καὶ
3519 5435 3720 5506 μεμφό-

2153 5549 2305 5601 μενος
2335 5530 2432 5602 τῆς
2464 5531 2798 5603 εὐεργεσίας,
2827 5531 2908 5583 ὅτι
2944 5528 3016 5600 μὴ
3045 5527 3235 5592 οὕτως,
3269 5527 3385 5580 ἀλλ’
3403 5527 3609 5598 ἑτέρως
3632 5524 3724 5594 τὴν

1103 5711 1145 5740 ⁵³
1168 5709 1313 5765 Psal.
1352 5725 1520 5776 cxvu,
1553 5708 1631 5764 l9.
1659 5711 1703 5742 ⁵³
1724 5709 1866 5766 Psal.
1887 5725 2036 5776 mu,
2062 5709 2144 5764 l7.
