3950 6156
248 320 387 376 1169

1419 318 1484 374 ΙΝ
1527 319 1689 374 υΙΕΜ
1725 317 2052 375 NATALEM
2085 319 2389 377 CHRISTI.

3384 318 3521 375 “50

241 439 542 510 θεραπείαν
599 436 919 506 ἐνήργησεν.
962 435 1025 489 El.
1051 435 1110 489 δὲ
1144 451 1239 489 τον
1277 434 1442 504 ὄγκον
1489 436 1589 505 τῆς
1619 438 1830 489 οίκονο-

1949 437 2008 490 sit
2051 437 2381 507 intelligere,
2426 451 2538 492 non
2591 451 2762 491 unum
2813 434 3039 505 aliquod
3088 433 3382 500 bonorum,
3424 438 3522 491 sed

248 533 380 603 μίας
402 530 507 583 ὑπὸ
541 527 1063 600 φιλοπραγμοσύνης
1090 527 1368 600 ἐπιζητεῖς
1390 530 1584 599 ’ἀρκεῖ
1610 546 1691 582 σοι
1718 546 1834 583 τοσ-

243 624 402 678 οῦτον
431 621 645 693 μαθεῖν,
666 620 749 673 ὅτι
783 620 845 673 τὸ
876 620 1032 679 Θεῖον
1060 620 1158 692 ούχ
1188 620 1249 673 ἓν
1279 637 1332 673 τι
1365 620 1526 690 μόνον
1564 619 1672 674 τῶν
1694 622 1835 689 ἀγα-

248 714 359 767 θῶν
378 753 393 777 ,
427 711 564 766 ἀλλὰ
604 711 714 764 πᾶν
741 711 770 764 ὅ
798 710 850 762 τί
878 710 984 781 πέρ
1019 711 1135 764 ἐστι
1163 711 1282 765 κατ’
1320 710 1564 765 ἐπίνοιαν
1609 710 1834 779 ἀγαθὸν,

249 804 426 859 ἐκεῖνό
462 805 578 858 ἐστι
602 819 617 833 ⁸
646 802 892 867 δυνατὸν,
914 802 1145 866 δίκαιον,
1182 803 1407 872 ἀγαθὸν,
1434 803 1627 872 σοφόν·
1661 803 1840 858 πάντα

249 895 347 949 ὅσα
374 894 478 964 τῆς
499 890 842 963 θεοπρεποῦς
874 893 1153 963 σημασίας
1196 894 1344 946 ἐστὶν
1373 892 1615 963 ὀνόματά
1642 909 1704 946 τε
1745 895 1840 947 καὶ

250 988 517 1057 νοήματα.
554 985 836 1054 Σκόπησον
873 984 937 1054 δὴ
983 983 1184 1046 τοίνυν,
1220 986 1270 1037 εί
1307 983 1383 1056 μὴ
1414 984 1593 1039 πάντα
1618 984 1748 1056 περὶ
1778 985 1840 1039 τὸ

251 1076 546 1146 γενόμενον
566 1077 700 1146 ἡμῖν
736 1072 804 1127 τά
848 1072 1115 1145 εἰρημένα
1166 1074 1500 1147 συνέδραμεν
1528 1093 1542 1107 σ
1574 1077 1608 1148 ἡ
1638 1075 1841 1144 ἀγαθό-

251 1185 373 1240 της,
404 1169 438 1239 ἠ
470 1167 655 1237 σοφία,
689 1166 1007 1236 ἡ’δύναμις,
1041 1168 1075 1237 ἡ
1114 1167 1450 1238 δικαιοσύνη.
1501 1169 1589 1233 Ὧς
1614 1168 1839 1237 ἀγαθὸς,

251 1260 349 1313 τὸν
405 1257 719 1330 ἀποστάτην
749 1258 1037 1328 ἠγάπησεν
1074 1274 1089 1288 ’
1129 1258 1207 1321 ὡς
1254 1258 1437 1328 σοφὸς,
1468 1258 1568 1331 τὴν
1600 1261 1842 1315 ἐπίνοιαν

251 1351 352 1421 τῆς
384 1348 647 1401 ἐπανόδου
674 1346 785 1402 τῶν
823 1345 1378 1418 καταδεδουλωμένων
1420 1350 1806 1421 ἐμηχανήσατο
1824 1365 1838 1380 ο

252 1442 329 1504 ὡς
357 1439 587 1503 δίκαιος.
623 1439 686 1493 ού
738 1437 986 1510 βιάζεται
1015 1438 1108 1492 τὸν
1148 1439 1721 1508 καταδουλωσάμενον,
1753 1440 1842 1495 τὸν

252 1532 398 1603 ὠνῆς
424 1532 647 1594 δικαίως
683 1530 1028 1602 κτησάμενον
1050 1544 1065 1561 ·
1093 1530 1209 1585 ἀλλ’
1246 1532 1437 1586 ἑαυτὸν
1470 1531 1699 1586 δέδωκεν
1721 1533 1843 1587 ἀντὶ

253 1622 364 1679 τῶν
412 1623 842 1693 κεκρατημένων
894 1622 1274 1693 ἀντάλλαγμα,
1315 1623 1403 1677 ἵνα
1462 1623 1717 1695 καθάπερ
1758 1641 1843 1687 τις

257 1714 534 1786 ἐγγυητὴς
576 1715 654 1777 είς
701 1713 895 1767 ἑαυτὸν
940 1714 1198 1783 μεταθεὶς
1222 1714 1322 1786 τὴν
1361 1714 1608 1787 ὀφειλὴν,
1634 1714 1847 1769 ἐλευθε-

1937 528 2210 598 quidquid
2268 527 2398 583 boni
2455 528 2790 598 cogitatione
2832 543 2898 582 ac
2956 534 3138 582 mente
3189 528 3520 596 concipitur,

1940 618 2075 673 illud
2097 633 2223 674 esse
2251 618 2500 674 divinum
2523 634 2748 684 numen,
2780 629 3002 688 potens,
3029 618 3264 688 justum,
3293 618 3522 683 bonum,

1939 712 2183 781 sapiens,
2208 711 2390 765 omnia
2429 712 2665 780 denique
2698 713 2946 775 nomina,
2978 717 3033 763 et
3080 711 3360 774 notiones,
3397 710 3525 780 qui-

1941 799 2045 857 bus
2089 809 2288 855 natura
2342 798 2528 853 divina
2579 799 2911 854 declaratur.
2982 798 3287 855 Considera
3355 800 3526 868 igitur

1940 891 2095 956 milii,
2128 899 2310 945 utrum
2346 891 2403 945 in
2438 892 2540 946 lioc
2573 891 2865 956 beneﬁcio,
2897 907 3005 961 quo
3034 907 3134 947 nos
3165 890 3370 955 aﬂ‘ecit,
3402 905 3526 946 cer-

1941 990 2149 1037 nantur
2176 983 2385 1050 omnia,
2421 999 2545 1053 quae
2568 982 2808 1038 dicendo
2845 985 3118 1053 percurri,
3158 983 3397 1046 bonitas,
3434 997 3525 1037 sa—

1944 1074 2169 1146 pientia,
2224 1074 2467 1145 justitia,
2518 1075 2782 1145 potentia.
2828 1073 2898 1129 Ut
2947 1075 3127 1130 bonus
3178 1074 3522 1129 desertorem

1943 1169 2171 1232 amavit,
2186 1177 2254 1222 ἰιι
2285 1168 2509 1238 sapiens
2550 1168 2820 1223 rationem
2854 1168 3088 1233 invenit,
3116 1182 3228 1236 qtta
3260 1167 3526 1222 servitute

1942 1275 2266 1331 oppressum
2313 1261 2370 1315 in
2417 1261 2725 1316 libertatem
2770 1261 3098 1327 vindicaret,
3137 1268 3198 1315 ut
3235 1259 3423 1329 justus
3467 1259 3523 1313 in

1945 1352 2216 1407 servitute
2251 1352 2625 1409 continentem
2680 1360 2737 1408 et
2795 1353 3096 1423 emptionis
3155 1351 3283 1422 jure
3343 1352 3526 1423 possi-

1944 1446 2165 1500 dentem
2222 1461 2332 1501 non
2396 1445 2598 1516 coegit,
2655 1445 2750 1501 sed
2805 1460 2867 1500 se
2916 1446 3096 1516 ipsum
3142 1459 3244 1514 pro
3280 1440 3400 1510 illo,
3432 1444 3530 1513 qui

1945 1535 2125 1588 victus
2164 1541 2302 1598 erat,
2349 1534 2595 1596 tradidit,
2643 1542 2701 1589 et
2746 1542 3007 1604 tanquam
3041 1548 3138 1588 vas
3189 1539 3245 1589 et
3296 1546 3532 1604 sponsor

1947 1626 2191 1681 debitum
2246 1626 2366 1695 ipse
2426 1626 2713 1695 persolvit,
2772 1632 2833 1679 ut
2883 1640 3033 1689 eum,
3082 1625 3175 1694 qui
3225 1624 3532 1679 obstrictus

1948 1728 2088 1781 erat,
2120 1717 2378 1772 liberaret
2410 1736 2424 1772 :
2454 1726 2516 1771 ut
2548 1726 2745 1787 potens
2786 1733 2894 1771 non
2938 1716 3198 1772 detentus
3238 1724 3320 1771 est
3363 1717 3419 1769 in
3451 1717 3535 1770 iu-

572 1805 921 1877 κρατούντων
941 1779 1034 1860 τὸν
1059 1779 1441 1878 κατεχόμενον.
1482 1779 1571 1871 Ὧς
1599 1807 1842 1873 δυνατὸς,

1952 1808 2130 1871 ferno,
2171 1823 2273 1863 nec
2302 1809 2438 1877 pejus
2480 1823 2614 1863 caro
2661 1807 2796 1862 vidit
2853 1808 3290 1878 corruptionem.
3347 1806 3535 1877 Neque

255 1897 356 1951 οὐκ
383 1895 721 1966 ὲνεκρατήθη
742 1894 823 1966 τῷ
849 1894 970 1968 ᾄδῃ.
999 1896 1120 1949 οὐδὲ
1146 1897 1180 1968 ἡ
1216 1896 1353 1968 σάρξ
1384 1894 1551 1951 αὐτοῦ
1585 1892 1690 1950 εἶδε
1725 1896 1846 1950 δια-

256 1987 482 2059 φθοράν.
536 1987 673 2041 Οὐδὲ
723 1987 834 2058 γὰρ
858 1983 926 2059 ἧν
976 1987 1204 2042 δυνατὸν
1246 1987 1586 2060 κρατηθῆναι
1613 1988 1719 2041 ὑπὸ
1746 1989 1848 2060 τῆς

255 2076 464 2148 φθορᾶς
493 2076 587 2130 τὸν
622 2077 867 2148 ἀρχηγὸν
896 2078 996 2148 τῆς
1029 2076 1194 2147 ζωῆς.
1242 2078 1383 2131 Ἀλλ’
1411 2078 1636 2149 αἰσχρὸν
1680 2078 1741 2132 τὸ
1768 2080 1849 2143 είς

255 2168 471 2237 γένεσιν
504 2168 855 2242 ἀνθρωπίνην
882 2168 1078 2234 ἐλθεῖν,
1117 2169 1212 2223 καὶ
1238 2170 1348 2223 τῶν
1376 2170 1478 2240 τῆς
1506 2170 1709 2241 σαρκὸς
1742 2186 1848 2224 πα·-

257 2258 519 2331 θημάτων
547 2258 848 2329 ὑποστῆναι
868 2260 967 2329 τὴν
991 2263 1225 2332 πεῖραν;
1260 2261 1373 2332 Τὴν
1399 2261 1498 2332 τῆς
1530 2261 1849 2334 εὐεργεσίας

257 2350 564 2422 ὑπερϐολὴν
600 2350 799 2420 λέγεις.
837 2351 1056 2424 Ἐπειδὴ
1083 2354 1194 2425 γάρ
1222 2353 1398 2418 ἄλλως
1420 2354 1521 2408 ούκ
1546 2351 1613 2426 ἦν
1649 2353 1853 2426 ἐξαιρε-

257 2441 419 2513 θῆναι
439 2441 550 2496 τῶν
577 2442 848 2498 τοσούτων
867 2444 1053 2498 κακῶν
1071 2445 1134 2499 τὸ
1159 2444 1500 2517 ἀνθρώπινον
1519 2462 1533 2476 ·
1558 2446 1851 2518 ὑπέμεινεν

259 2534 289 2585 6
309 2532 490 2602 πάσης
510 2533 780 2599 ἀπαθείας
802 2536 1087 2604 Βασιλεὺς,
1109 2537 1211 2608 τὴν
1241 2538 1379 2593 ἰδίαν
1407 2537 1571 2604 δόξαν
1589 2538 1688 2608 τῆς
1721 2539 1853 2608 ἠμε-

257 2625 422 2697 τέρας
450 2624 600 2696 ζωῆς
628 2627 1086 2694 ἀνταλλάξασθαι.
1114 2631 1227 2685 Καὶ
1259 2632 1293 2702 ἡ
1329 2630 1429 2701 μὲν
1460 2630 1767 2701 καθαρότης
1794 2633 1852 2685 ὲν

258 2716 339 2787 τῷ
383 2718 638 2790 ἡμετέρῳ
681 2720 890 2789 γίνεται
927 2721 1118 2793 ῥύπῳσ
1157 2724 1187 2776 6
1233 2723 1290 2776 δὲ
1325 2722 1496 2793 ῥύπος
1539 2722 1642 2793 τῆς
1679 2722 1852 2778 καθα-

263 2806 489 2879 ρότητος
506 2810 567 2862 ού
598 2813 994 2883 προσάπτεται,
1025 2813 1205 2877 καθώς
1230 2831 1367 2885 φησι
1396 2813 1457 2867 τὸ
1477 2813 1814 2883 Εὐαγγέλιον
1834 2830 1849 2846 ⁸

261 2899 346 2952 ὅτι
385 2898 442 2953 τὸ
480 2900 596 2970 φῶς
620 2903 678 2956 ὲν
715 2905 782 2974 τῇ
814 2904 1008 2975 σκοτίᾳ
1036 2904 1302 2975 ἔλαμψεν,
1330 2907 1365 2975 ἠ
1393 2905 1451 2958 δὲ
1482 2906 1693 2968 σκοτία,
1721 2906 1855 2960 αὐτὸ

263 2992 327 3045 οὐ
365 2993 687 3053 κατέλαϐεν.
755 2996 1102 3066 Ἀφανίζεται
1149 2997 1259 3070 γὰρ
1306 3000 1372 3069 τῇ
1434 2998 1707 3071 παρουσίᾳ
1754 2999 1854 3069 τῆς

263 3083 481 3182 ἀκτῖνος
507 3124 523 3148 ,
551 3086 580 3138 6
640 3084 805 3156 ζόφος
851 3103 867 3118 ο
903 3089 1004 3141 οὐκ
1061 3088 1470 3160 ὲναμαυροῦται
1522 3088 1602 3160 τῷ
1639 3090 1788 3161 ζόφῳ
1824 3092 1853 3144 6
1880 3125 1923 3182 ε

263 3175 527 3246 ﬁxing/1‘6
548 3178 740 3249 θνητὸν
767 3179 874 3234 ὑπὸ
915 3180 1013 3252 τῆς
1052 3179 1200 3252 ζωῆς
1244 3181 1637 3247 καταπίνεται,
1668 3181 1850 3246 καθώς

266 3282 433 3335 φησ;ν
473 3267 502 3319 6
556 3268 911 3334 Ἀπόστολοςσ
964 3271 1067 3324 οὐκ
1121 3271 1491 3328 ὲνδαπανᾶται
1526 3275 1560 3344 ή
1617 3272 1730 3345 ζωὴ
1772 3272 1852 3345 τῷ

192 3428 215 3435 -
268 3358 503 3429 θανάτῳ.
536 3360 611 3414 Τὸ
643 3362 1094 3434 κατεφθαρμένον
1126 3364 1208 3435 τῷ
1249 3365 1513 3437 ἀφθάρτῳ
1555 3366 1851 3420 συνδιασώ-

267 3447 446 3512 ζεται.
498 3451 559 3504 Ἡ
619 3452 819 3525 φθορὰ,
861 3454 964 3525 τῆς
1002 3454 1311 3527 ἀφθαρσίας
1359 3458 1419 3511 ού
1454 3458 1850 3529 προσάπτεται.

269 3540 371 3594 Διὰ
400 3540 573 3596 ταῦτα
595 3544 747 3616 κοινὴ
776 3544 958 3617 πάσης
980 3546 1189 3615 γίνεται
1217 3547 1452 3619 συνῳδία
1478 3551 1576 3621 τῆς
1599 3550 1851 3616 κτίσεως,

268 3632 551 3702 ὁμόφωνον
615 3635 833 3691 πάντων
890 3638 990 3708 τὴν
1042 3638 1352 3707 δοξολογίαν
1419 3639 1856 3710 άναπεμπόντων

271 3723 353 3794 τῷ
380 3725 622 3797 Δεσπότῃ
665 3729 765 3798 τῆς
795 3730 1026 3793 κτίσεως
1046 3746 1062 3762 ·
1093 3731 1275 3800 πάσης
1315 3729 1568 3800 γλώσσης
1623 3733 1860 3803 ἐπουρα-

273 3814 402 3869 νίων
439 3832 498 3868 τε
550 3818 647 3871 καὶ
684 3819 941 3887 ἐπιγείων
973 3822 1066 3874 καὶ
1112 3821 1486 3893 καταχθονίων
1519 3822 1749 3895 βοώσης,
1777 3823 1890 3877 ὄτι.

274 3907 480 3980 Κύριος
529 3911 734 3981 Ἰησοῦς
764 3912 998 3983 Χριστὸς
1028 3915 1106 3977 είς
1133 3913 1290 3980 δόξαν
1324 3914 1458 3969 Θεοῦ
1502 3916 1733 3988 Πατρὺς,
1766 3917 1862 3970 εὑ-

275 3998 506 4072 λογητὸς
542 4003 623 4065 είς
646 4003 772 4067 τοὺς
791 4002 995 4069 αίῶνας
1019 4004 1130 4061 τῶν
1154 4006 1388 4063 αἰώνων.
1429 4008 1627 4079 Ἀμήν.

352 4158 400 4191 ἰ
422 4158 464 4215 ιι
489 4156 618 4216 Cor.
649 4175 703 4228 v,
736 4160 789 4220 Α,

1947 1901 2093 1956 enim
2137 1900 2253 1956 ﬁeri
2300 1907 2535 1970 poterat,
2581 1907 2642 1954 ut
2692 1900 2819 1953 vitae
2859 1909 3056 1952 auctor
3095 1913 3161 1953 ac
3198 1898 3465 1954 Dominus
3503 1914 3534 1953 a

1947 1992 2307 2062 corruptione
2333 1998 2639 2046 teneretur.
2675 1993 2745 2044 At
2774 1998 2953 2060 turpe,
2987 1990 3231 2060 inquies,
3257 1990 3381 2053 fuit,
3406 2007 3532 2046 eum

1950 2085 2007 2140 in
2051 2086 2219 2140 vitam
2275 2084 2566 2137 humanam
2612 2081 2847 2154 ingredi,
2899 2090 2954 2137 et
3009 2085 3197 2137 carnis
3252 2083 3538 2139 molestias

1949 2176 2210 2246 experiri.
2245 2174 2359 2229 lmo
2394 2189 2522 2228 vero
2556 2173 2648 2228 hic
2677 2180 2907 2243 apparet
2939 2174 3185 2229 muneris
3207 2174 3533 2242 amplitudo.

1950 2268 2163 2324 Etenim
2206 2282 2331 2322 cum
2384 2267 2547 2321 aliter
2597 2282 2628 2321 e
2680 2267 2848 2321 tantis
2897 2266 3056 2321 malis
3101 2266 3264 2320 homo
3313 2267 3537 2321 liberari

1951 2376 2060 2415 non
2111 2368 2317 2431 posset,
2362 2357 2720 2413 beatitudinis
2754 2357 2873 2412 Rex
2926 2357 3156 2427 gloriam
3214 2372 3371 2412 suam
3411 2372 3535 2411 cum

1950 2452 2061 2507 vita
2105 2459 2296 2506 nostra
2347 2448 2733 2504 commutavit.
2796 2447 2876 2502 Ac
2930 2449 3145 2518 puritas
3186 2447 3410 2518 quidem
3468 2448 3538 2501 ad

1953 2549 2174 2598 nostras
2217 2538 2411 2596 sordes
2460 2553 2583 2594 sese
2627 2537 2897 2594 demisit:
2932 2538 3127 2595 sordes
3169 2546 3354 2593 tamen
3406 2537 3541 2608 ipsae

1952 2637 2246 2707 puritatem
2282 2648 2392 2687 non
2426 2631 2752 2702 attigerunt.
2789 2629 2905 2685 Lux
2931 2630 3102 2694 enim,
3141 2640 3201 2684 ut
3222 2630 3277 2685 in
3306 2629 3542 2701 Evange-

1954 2728 2029 2781 lio
2059 2726 2282 2798 legitur,
2321 2725 2376 2779 in
2428 2721 2676 2778 tenebris
2726 2722 2896 2787 fulsit,
2943 2724 3183 2779 tenebrae
3214 2734 3392 2777 autem
3416 2738 3538 2777 eam

1951 2834 2064 2875 non
2120 2815 2681 2886 comprehenderunt.
2745 2812 2881 2867 Nam
2941 2815 3181 2869 tenebrae
3250 2817 3541 2884 praeseut’a

1954 2908 2267 2981 splendoris
2300 2913 2676 2972 evanescunt;
2713 2906 2795 2961 sol
2824 2907 2878 2959 in
2914 2907 3159 2961 tenebris
3190 2920 3298 2959 non
3332 2905 3539 2959 obscu-

1954 3009 2132 3054 ratur.
2165 2997 2324 3064 Quod
2354 2996 2587 3050 mortale
2614 3003 2720 3057 est,
2747 2994 3076 3048 absorbetur
3100 3009 3129 3047 a
3165 2994 3300 3057 vita,
3338 3009 3540 3061 quem-

1956 3088 2252 3145 admodum
2292 3086 2488 3141 scribit
2540 3084 2840 3153 Apostolus
2865 3083 2936 3150 “,
2978 3099 3089 3140 non
3143 3092 3328 3138 autem
3357 3084 3469 3137 vita
3510 3097 3542 3136 a

1956 3191 2136 3237 morte
2158 3180 2526 3236 consumitur.
2571 3177 2727 3245 Quod
2766 3185 3087 3248 corruptum
3138 3176 3262 3241 fuit,
3293 3190 3420 3231 cum
3456 3175 3542 3229 in-

1955 3280 2223 3342 corrupto
2277 3279 2551 3327 servatur.
2604 3269 2905 3339 Corruptio
2971 3280 3154 3323 autem
3231 3268 3298 3322 ad
3362 3268 3545 3322 incor-

1956 3365 2271 3437 ruptionem
2319 3378 2430 3418 non
2472 3362 2705 3418 accedit.
2759 3362 2974 3416 Idcirco
3006 3361 3321 3415 communis
3359 3374 3542 3437 rerum

1956 3457 2204 3513 omnium
2245 3462 2660 3526 procreatarum
2705 3459 3013 3506 concentus
3052 3455 3321 3519 exsurgit,
3360 3449 3547 3503 Domi-

1961 3564 2092 3605 num
2122 3561 2284 3604 suum
2318 3561 2427 3601 una
2453 3558 2590 3600 voce
2617 3543 3093 3610 collaudantium;
3147 3543 3228 3597 sic
3259 3543 3407 3595 omni
3442 3541 3547 3595 litt-

1960 3655 2067 3713 gua
2137 3637 2478 3700 cwlestium,
2542 3634 2886 3690 terrestrium
2961 3643 3128 3703 atque
3198 3634 3543 3687 inl‘ernorum

1963 3730 2324 3793 exclamante,
2365 3725 2631 3781 Dominus
2667 3724 2832 3781 Jesus
2860 3724 3117 3781 Christus
3150 3725 3204 3778 in
3245 3724 3417 3796 gloria
3460 3731 3547 3779 cst

1966 3823 2063 3879 Dei
2085 3821 2287 3889 Patris,
2320 3818 2627 3875 laudandus
2662 3819 2716 3874 in
2750 3826 3040 3874 aeternum.
3065 3816 3263 3873 Amen.
