3950 6156
286 395 425 451 1153

1413 383 1501 437 DE
1539 381 1867 441 OCCURSU
1906 380 2162 449 DOMINI,
2193 383 2359 440 'ETC.

3399 387 3538 443 1154

281 514 648 585 τελειοτάτης,
680 510 1002 584 διακρίσεώς
1055 527 1114 563 τε
1176 508 1269 561 καὶ
1322 507 1490 569 ὅντως
1551 506 1863 576 φρονήσεως

1967 512 2257 560 consortes
2303 506 2621 571 evademus,
2689 514 2744 561 et
2800 505 3056 564 Ecclesize
3102 515 3410 563 conventus
3462 509 3542 563 illi

284 606 589 678 γνώρισμα.
625 604 769 677 Πρὸς
800 600 968 674 οὗπερ
998 603 1145 673 ἡμᾶς
1172 600 1463 670 ὁμοιότητα
1494 595 1864 660 διασκευάζων

281 700 311 751 ὁ
352 698 525 768 μέγας
566 697 881 759 ἀπόστολος,
914 695 975 747 τὸ
1014 692 1275 764 προτεθὲν
1308 689 1472 743 αὐτοῦ
1510 688 1863 741 θεόπνευστον

282 785 459 852 λόγιον
502 785 701 854 ἔφησεν
720 802 734 816 ·
781 784 858 847 ὼς
883 785 942 836 ἐν
971 782 1144 851 τούτῳ
1176 780 1278 849 τῆς
1309 779 1429 831 κατ’
1458 778 1640 831 εἰκόνα
1672 794 1729 830 τε
1770 776 1865 829 καὶ

282 877 543 944 ὁμοίωσιν
577 874 886 942 θεοτευξίας
913 872 1171 944 ἐμφερῶς
1200 874 1258 924 ἐν
1281 872 1411 941 ἡμῖν
1436 869 1862 939 γνωριζομένης,

282 967 381 1018 καὶ
411 967 514 1037 τῆς
541 966 636 1020 τοῦ
670 965 1026 1039 πρωτοτύπου
1056 963 1286 1027 κάλλους
1315 962 1740 1032 ὑπεραγιότητος
1772 977 1856 1027 γι-

283 1058 651 1128 νωσκομένης.

1965 596 2161 650 honori
2188 597 2315 660 erit,
2346 607 2398 653 et
2430 599 2657 668 gloriam
2690 599 2810 668 ejus
2845 600 3085 670 augebit.
3118 597 3212 652 Sic
3246 598 3390 652 enim
3441 614 3547 651 nu-

1967 701 2062 757 per
2098 687 2338 756 genitam
2395 688 2520 757 ejus
2576 689 2896 761 incorpore
2949 691 3189 745 divinam
3241 689 3543 758 apparitio-

1966 794 2090 831 nem
2123 779 2301 833 oratio
2337 780 2654 851 prophetica
2687 782 2953 836 involutis
3010 797 3075 835 ac
3128 782 3289 833 tectis
3356 780 3544 835 verbis

1965 870 2311 940 significans,
2354 872 2528 944 signis
2574 885 2629 928 et
2691 874 2881 944 figuris
2937 881 3184 944 augustae
3235 887 3299 926 ac
3345 872 3545 927 divina:

1967 959 2322 1029 perfectionis
2349 962 2470 1031 ejus
2503 978 2599 1033 per
2628 963 2742 1018 hzcc
2783 964 2946 1018 verba
2976 963 3240 1017 describit
3279 981 3290 1015 :
3328 976 3540 1030 nempe,

1970 1051 2294 1122 Priusquam
2356 1068 2552 1118 nosset,
2611 1057 2793 1128 inquit
2833 1060 2875 1121 ³,
2936 1057 3146 1123 puellus
3241 1054 3434 1106 bonum
3494 1061 3546 1106 et

283 1148 508 1208 malunt.
549 1164 657 1202 non
692 1149 1036 1215 obtemperat
1066 1144 1429 1215 improbitati,
1460 1144 1624 1213 eliget
1640 1143 1866 1205 bonum,
1907 1158 2029 1212 qum
2069 1159 2161 1198 res
2224 1149 2421 1202 summi
2487 1149 2986 1220 perfectissimique
3018 1149 3236 1217 judicii,
3287 1145 3544 1201 discreti»

284 1243 431 1303 onis,
464 1254 528 1294 ae
547 1256 687 1297 verre
707 1241 1016 1313 prudentiae
1046 1241 1260 1310 signant
1282 1247 1337 1292 et
1361 1237 1623 1291 indicium
1676 1243 1781 1291 est.
1844 1237 1924 1291 Ad
1964 1238 2127 1307 cujus
2157 1240 2574 1298 similitudinem
2611 1260 2709 1298 nos
2735 1245 3015 1298 instruens
3040 1258 3274 1313 magnus
3317 1242 3547 1312 Aposto-

285 1331 393 1392 lus.
429 1335 774 1402 propositum
804 1333 997 1389 divino
1032 1333 1296 1387 instinctu
1329 1330 1497 1385 edidit
1531 1332 1855 1385 oraculum:
1898 1333 2055 1402 quasi
2090 1349 2188 1404 per
2223 1335 2326 1390 boe
2356 1352 2443 1397 ea.
2474 1354 2594 1408 quae
2620 1337 2777 1407 juxta
2804 1338 3225 1393 similitudinem
3290 1345 3345 1392 et
3409 1343 3544 1390 ima-

282 1424 466 1496 ginem
495 1426 745 1480 instituta
773 1434 859 1481 cst
884 1426 978 1481 Dei
1005 1424 1297 1480 fabricatio
1321 1424 1376 1476 in
1411 1422 1570 1478 nobis
1618 1438 1683 1477 ex
1725 1423 2033 1492 propinquo
2066 1427 2356 1481 commode
2418 1443 2483 1482 ac
2554 1430 2776 1499 proprie
2854 1428 3152 1493 indicetur,
3221 1427 3544 1499 primitivze‘

283 1535 392 1589 que
421 1517 848 1589 pulchritudinis
873 1516 1142 1573 sanctitas
1192 1514 1469 1569 excellens
1525 1524 1860 1585 agnoscatur
1894 1524 1949 1571 et
1981 1517 2478 1573 animadvertatur.

348 1704 613 1777 Καθάπερ
634 1704 742 1774 γάρ
766 1700 976 1774 βασιλεῖ
999 1701 1108 1755 τῶν
1131 1701 1219 1755 ὑπ’
1245 1701 1409 1755 αὐτοῦ
1436 1701 1860 1772 στρατευμάτων

281 1800 731 1870 προπεμπτήριον
768 1794 1211 1865 ἐτοιμαζομένων
1260 1793 1652 1864 μεγαλαυχίαν,
1689 1810 1858 1863 χρυσα

278 1889 510 1961 ορόφους
534 1906 595 1941 τε
614 1891 709 1942 καὶ
733 1886 1140 1958 ἐξειλεγμένους
1165 1881 1450 1950 εἶναιτοὺς
1476 1886 1610 1956 πρὸς
1636 1884 1862 1956 δορυφο-

284 1980 406 2050 ρίαν
430 1978 596 2032 αύτοῦ
635 1978 1082 2049 συνειλεγμένους
1101 1978 1367 2049 προσῆκε,
1397 1978 1493 2030 καὶ
1519 1980 1621 2048 τῆς
1650 1975 1861 2049 ἐκείνου

280 2071 411 2136 θέας
436 2073 499 2126 τὸ
520 2071 819 2142 ὲκτύπωμα
851 2071 1198 2141 εὐσημότατα
1228 2067 1630 2139 προϐεϐλῆσθαι
1646 2084 1661 2099 ·
1688 2066 1863 2133 οὕτως

280 2165 430 2235 ἡμᾶς
479 2164 778 2231 ἀναγκαῖον
825 2160 1379 2233 μεταμορφουμένους
1415 2161 1482 2231 τῇ
1523 2160 1864 2213 ἀνακαινίσει

279 2254 374 2309 τοῦ
401 2254 518 2319 νοὸς
544 2252 723 2327 ⁴ἡμῶν,
746 2253 842 2306 καὶ
874 2252 967 2306 τὸν
1007 2250 1235 2304 παλαιὸν
1282 2248 1566 2322 ἄνθρωπον
1594 2249 1864 2320 ἀποθεμέ-

281 2363 427 2408 νους,
468 2344 562 2398 καὶ
588 2344 687 2415 τῆς
717 2342 866 2405 θείας
907 2341 1113 2405 εἰκόνος
1158 2339 1263 2413 τὴν
1309 2341 1590 2412 ὁμοίωσιν,
1634 2340 1775 2394 κατὰ
1803 2340 1865 2393 τὸ

283 2435 504 2505 ἐφικτὸν
524 2434 852 2506 ἀνθρώποις,
888 2434 948 2487 ὲν
989 2435 1204 2496 ἑαυτοῖς
1240 2432 1666 2503 περιφέροντας,
1693 2431 1866 2495 οὕτως

282 2532 341 2583 ὲν
366 2531 486 2592 ταῖς
505 2526 793 2598 σωτηρίοις
821 2527 915 2580 καὶ
940 2526 1336 2597 πνευματικαῖς
1359 2524 1604 2595 άπαντᾷν
1628 2525 1864 2596 ἑορταῖς,

283 2620 372 2675 ἵνα
395 2622 625 2675 ἔσωνται
651 2622 806 2691 ἡμῖν,
827 2617 969 2672 κατὰ
1003 2618 1096 2672 τὸν
1126 2617 1221 2671 τοῦ
1256 2619 1537 2690 προφήτου
1564 2618 1741 2687 λόγον,
1772 2636 1868 2688 νη-

285 2713 436 2766 στεία
470 2713 504 2782 ἡ
526 2710 781 2781 τετάρτη,
810 2710 905 2763 καὶ
926 2708 1151 2777 νηστεία
1178 2709 1211 2780 ἦ
1250 2710 1497 2780 πέμπτη,
1523 2709 1617 2762 καὶ
1643 2708 1866 2779 νηστεία

285 2806 321 2875 ἡ
353 2804 576 2874 ἑϐδόμη,
609 2805 704 2857 καὶ
732 2801 959 2871 νηστεία
989 2802 1024 2871 ἡ
1057 2801 1255 2873 δεκάτη
1289 2803 1369 2865 εἰς
1401 2798 1739 2871 εὐφροσύνην
1770 2800 1866 2852 καὶ

285 2899 365 2962 είς
396 2897 588 2969 ἑορτὰς
606 2895 835 2965 ἀγαθάς.
867 2894 981 2965 Τῆς
1003 2894 1256 2965 νηστείας
1282 2892 1641 2962 άναγωγικῶς
1662 2890 1866 2963 δηλαδὴ

283 2989 605 3059 νοουμένης,
663 2990 722 3041 ὲν
765 2986 845 3058 τῷ
892 2988 993 3059 τῆς
1039 2986 1252 3056 ἀποχῆς
1287 3003 1349 3038 τε
1400 2986 1495 3039 καὶ
1532 2984 1866 3056 ἐγκρατείας

286 3078 487 3141 παντὸς
506 3075 802 3148 μολυσμοῦ,
821 3075 917 3129 καὶ
929 3072 1127 3144 σαρκός
1147 3091 1205 3127 τε
1223 3072 1316 3127 καὶ
1332 3071 1637 3143 πνεύματος
1655 3071 1861 3142 τρόπῳ.

287 3170 386 3225 Διὰ
411 3169 522 3241 γάρ
549 3168 805 3241 τετράδος
829 3183 890 3220 τε
916 3165 1012 3221 καὶ
1051 3164 1331 3236 πέμπτης,
1368 3164 1463 3217 καὶ
1495 3162 1601 3234 μὴν
1632 3162 1866 3234 ἑϐδόμης

286 3277 347 3314 τε
387 3239 499 3313 καὶὴ
540 3239 776 3329 δεκάτης
807 3258 957 3312 πᾶσα
984 3256 1221 3329 σαρκική
1251 3273 1312 3310 τε
1354 3255 1451 3309 καὶ
1486 3254 1567 3326 τῷ
1596 3253 1865 3319 εὐεξαπαο

284 3351 434 3422 τήτῳ
458 3348 568 3405 τῶν
592 3349 899 3421 αίσθήσεων
945 3347 1250 3420 προσφυὴς,
1283 3346 1378 3402 καὶ
1407 3345 1485 3418 τῷ
1512 3346 1742 3417 παρόντι
1767 3346 1867 3417 βίῳ

286 3441 679 3513 συγκλειομένη
706 3440 1032 3511 σημαίνεται
1074 3439 1329 3510 ἔμφασις.
1360 3438 1472 3508 Τὴν
1491 3437 1600 3509 γὰρ
1626 3454 1865 3508 σωματι-

287 3534 535 3605 κωτέραν
568 3549 627 3586 τε
657 3533 751 3587 καὶ
777 3532 1105 3604 φιλόσαρκον
1137 3529 1417 3600 διαγωγὴν
1440 3529 1528 3583 διά
1555 3528 1653 3599 τῆς
1670 3528 1865 3598 τετρά-

284 3625 375 3687 δος
394 3623 753 3694 μανθάνομεν,
776 3624 850 3687 ὡς
865 3625 928 3677 ἐκ
951 3622 1232 3694 τεσσάρων
1254 3620 1533 3691 στοιχείων
1551 3619 1659 3672 τῶν
1677 3617 1865 3688 σωμά-

284 3733 395 3771 των
420 3715 878 3787 συγκεκραμένων
898 3731 913 3746 ο
939 3714 1000 3767 τὸ
1031 3713 1088 3767 δὲ
1113 3712 1200 3765 διὰ
1230 3711 1340 3763 τῶν
1368 3708 1671 3778 αἰσθήσεων
1694 3707 1865 3760 εὐόλι-

288 3805 415 3859 σθον
440 3805 535 3876 (ὡς
574 3806 735 3858 πέντε
758 3801 1164 3866 καθεστωσῶνὶ,
1188 3801 1254 3853 τὸ
1278 3800 1378 3869 τῆς
1411 3800 1666 3871 πέμπτης
1693 3799 1865 3871 ὄνομα

285 3895 684 3950 ὑπαινίσσεται.
715 3896 779 3947 'll
802 3893 1004 3963 ἑϐδόμη
1037 3892 1123 3957 δὲ,
1148 3892 1244 3945 καὶ
1267 3891 1409 3945 κατὰ
1430 3892 1519 3945 τὸν
1544 3890 1863 3961 Σολομῶντα

283 3989 376 4043 τὸν
396 3991 477 4052 είς
498 3987 688 4042 ἑαυτὸν
705 3982 1076 4055 ὲϐδοματικῶς
1105 3980 1410 4037 ἀνακυκλού
1418 3998 1576 4052 μενον
1594 3981 1692 4051 τῆς
1713 3981 1864 4035 κάτω

283 4081 492 4151 λήξεως
511 4078 682 4133 αἰῶνα
708 4077 993 4148 ἐμφαίνειν
1020 4074 1327 4148 ἐπίσταται.
1350 4075 1421 4126 Ἦ
1442 4090 1506 4142 γε
1534 4074 1640 4144 μὴν
1660 4074 1861 4144 δεκάτη

283 4172 381 4227 τοῦ
435 4171 584 4233 ἐντὸς
621 4167 907 4239 ἀνθρώπου
956 4165 1055 4237 τὴν
1097 4165 1205 4218 τῶν
1237 4163 1542 4236 αἰσθήσεων
1594 4164 1862 4237 κάθαρσιν

283 4263 424 4336 πρὸς
455 4261 525 4317 τὰ
550 4261 746 4326 ἔξωθεν
779 4258 1089 4329 ἀνηγμένου
1138 4254 1514 4310 ὑποδείκνυσιν
1542 4271 1556 4287 ο
1599 4255 1737 4309 ὥστε
1771 4257 1862 4311 τὸν

283 4354 379 4411 τοῦ
409 4353 502 4408 νοῦ
536 4351 810 4422 ὀφθαλμὸν
864 4347 1068 4405 ἁπλοῦν
1099 4365 1160 4401 τε
1207 4347 1303 4402 καὶ
1332 4346 1527 4418 διαυγῆ
1572 4349 1857 4418 ὑπάρχειν,

287 4448 376 4502 ἵνα
405 4446 525 4501 ὅλον
547 4445 608 4499 τὸ
641 4444 800 4514 σῶμα
844 4439 1104 4512 φωτεινὸν
1148 4438 1324 4501 ἔσται,
1355 4437 1431 4503 ὣς
1451 4455 1584 4510 φησι
1615 4439 1677 4492 τὸ
1709 4439 1862 4508 ἅγιον

2036 1700 2506 1767 Quemadmodum
2532 1704 2830 1769 cnim,cnm
2861 1721 3041 1775 regem
3072 1708 3165 1777 qui
3202 1707 3308 1763 sub
3335 1723 3400 1763 eo
3419 1715 3549 1764 sunt

1965 1794 2245 1847 exercitus
2270 1793 2560 1865 magnifica
2595 1811 2791 1867 pompa
2822 1798 3075 1851 comitari
3130 1807 3295 1869 atque
3341 1802 3547 1870 produ-

1894 1864 1935 1919 Β
1967 1895 2095 1937 cere
2124 1864 2533 1952 parant-{auro
2582 1864 2758 1941 tectos
2801 1896 2965 1956 atque
3016 1888 3259 1946 delectos
3314 1907 3458 1958 esse,
3493 1902 3548 1947 et

1968 1972 2163 2029 fenum
2192 1975 2346 2030 illius
2379 1976 2692 2031 clarissime
2730 1994 3051 2047 expressam
3094 1981 3381 2051 imaginem
3435 2000 3548 2054 pra:

1968 2079 2030 2121 se
2055 2064 2200 2121 ferre
2233 2072 2398 2136 atque
2424 2073 2646 2137 gestare
2677 2069 2935 2121 convenit
2959 2084 3078 2129 eos.
3110 2071 3202 2139 qui
3233 2072 3299 2126 ad
3333 2074 3545 2127 satelli-

1971 2156 2107 2211 tium
2136 2165 2191 2210 et
2221 2156 2529 2211 custodiam
2559 2158 2812 2228 corporis
2845 2158 2966 2227 ejus
3000 2161 3217 2214 collecti
3253 2173 3405 2229 sunt,
3449 2180 3547 2220 eo-

1968 2248 2094 2303 dem
2130 2247 2292 2302 modo
2328 2263 2556 2304 necesse
2585 2257 2690 2313 εει,
2721 2257 2782 2304 ιιι
2821 2266 2921 2304 llOS
2959 2254 3315 2309 renovatione
3349 2259 3548 2313 mentis

1969 2347 2023 2394 et
2078 2339 2249 2393 animi
2291 2340 2471 2395 nostri
2519 2343 2895 2411 nosmetipsos
2949 2345 3434 2411 transformantes,
3492 2357 3548 2404 et

1966 2438 2210 2483 veterem
2242 2428 2520 2485 hominem
2565 2431 2926 2502 deponenles.
2982 2445 3036 2489 ct
3075 2439 3252 2506 quoad
3301 2439 3548 2495 homines

1970 2518 2024 2572 id
2057 2520 2276 2588 assequi
2318 2532 2570 2590 possunt,
2610 2524 2810 2578 divina:
2845 2526 3099 2597 imaginis
3134 2529 3547 2586 similitudinem

1972 2610 2025 2663 in
2060 2611 2219 2665 nobis
2248 2611 2708 2671 circumferentes
2752 2626 2914 2686 atque
2945 2628 3245 2688 gestantes,
3306 2621 3378 2674 ita
3421 2632 3545 2679 tan.

1970 2699 2095 2756 dem
2150 2701 2205 2756 in
2241 2704 2582 2762 salutaribus
2615 2716 2670 2761 et
2713 2710 3095 2779 spiritualibus
3150 2714 3348 2770 diebus
3390 2706 3548 2772 Testis

1969 2793 2299 2860 prodeamus
2326 2800 2381 2847 et
2414 2796 2830 2860 conveniamus,
2878 2807 2936 2853 ut
2985 2801 3306 2871 redigantur
3360 2805 3544 2867 nobis.

1965 2882 2120 2952 juxta
2151 2884 2432 2955 propheta:
2457 2889 2788 2953 orationem,
2818 2890 3095 2959 jejunium
3127 2901 3410 2962 quartum,
3455 2895 3545 2965 je-

1966 2974 2182 3044 junium
2207 2977 2483 3045 quintum,
2514 2977 2786 3049 jejunium
2815 2982 3108 3052 septimum
3154 2993 3209 3039 et
3232 2985 3252 3016 ³
3271 2985 3545 3055 jejunium

1968 3065 2248 3120 decimum
2284 3067 2337 3120 in
2368 3067 2610 3121 laetitiam
2636 3078 2689 3124 et
2712 3069 2889 3125 bonos
2922 3072 3042 3127 dies
3073 3071 3266 3129 festos.
3319 3075 3419 3130 Ubi
3465 3077 3547 3147 je-

1968 3154 2186 3225 junium
2219 3157 2548 3213 sublimiore
2593 3161 2858 3216 nimirum
2913 3169 3079 3235 atque
3126 3166 3430 3222 excelsiore
3477 3183 3545 3224 ac

1970 3249 2205 3319 mystico
2224 3265 2393 3305 sensu
2424 3251 2838 3322 intelligendum
2863 3263 2971 3320 est,
2996 3271 3155 3313 versa
3178 3265 3341 3329 atque
3371 3267 3544 3317 trans-

1967 3339 2077 3393 lata
2132 3341 2544 3408 signiﬁcatione
2574 3343 2641 3398 ad
2691 3350 3114 3416 temperantiam
3147 3356 3202 3404 et
3249 3351 3541 3407 continen-

1966 3429 2097 3483 tiam
2129 3431 2200 3503 ab
2229 3434 2489 3487 omnibus
2525 3442 2639 3487 tum
2671 3437 2854 3491 carnis
2883 3445 3000 3490 tum
3027 3439 3255 3509 spiritus
3283 3442 3542 3499 sordibus

1964 3527 2019 3574 et
2039 3518 2496 3589 inquinamentis.
2514 3521 2647 3577 Nam
2669 3540 2767 3594 per
2791 3530 3202 3596 quaternarium
3230 3548 3539 3601 numerum,

1965 3609 2214 3680 itemque
2247 3627 2344 3682 per
2370 3615 2738 3682 septenarium
2778 3625 2833 3672 et
2862 3618 3148 3675 denarium
3196 3624 3378 3679 omnis
3420 3640 3543 3679 car-

1967 3702 2132 3767 nalis,
2190 3718 2367 3774 eaque
2432 3720 2553 3775 quin
2616 3708 2872 3764 sensibus
2905 3709 3218 3784 deceptioni
3256 3730 3320 3769 ac
3359 3714 3541 3773 fraudi

1963 3793 2221 3851 obnoxiis
2255 3803 2310 3851 et
2356 3799 2691 3866 opportunis
2746 3800 3034 3858 familiaris
3083 3812 3139 3859 et
3184 3805 3403 3862 addicta
3431 3815 3537 3870 est.

1964 3895 2132 3957 atque
2166 3904 2291 3944 cum
2325 3891 2581 3959 prmsenti
2640 3894 2845 3949 mundo
2897 3897 3265 3964 concluditur,
3325 3901 3540 3972 species

1964 3994 2028 4033 ac
2071 3984 2488 4050 repraesentatio
2534 3983 2896 4054 signiﬁcatur.
2950 3985 3084 4041 Nam
3120 4004 3264 4054 eam,
3311 4008 3434 4062 qua:
3486 4002 3541 4049 et

1965 4073 2143 4143 magis
2169 4089 2431 4143 corporea
2466 4082 2520 4129 et
2564 4070 2749 4133 carnis
2780 4094 2972 4135 amans
3005 4088 3113 4145 est,
3162 4082 3292 4138 vita:
3352 4092 3537 4141 trans-

1963 4166 2236 4218 aclionem
2271 4182 2365 4235 per
2408 4170 2827 4236 quaternarium
2879 4187 3168 4227 numerum
3209 4176 3534 4246 accipimus,

1963 4260 2167 4327 quippe
2217 4260 2547 4328 corporibus
2590 4277 2655 4316 ex
2688 4270 2928 4332 quatuor
2974 4266 3262 4322 elementis
3293 4276 3539 4324 contem-

1976 4344 2215 4412 peratis:
2252 4332 2308 4398 at
2339 4360 2426 4411 ea,
2459 4362 2581 4416 qua:
2611 4363 2710 4418 per
2725 4365 2925 4408 sensus
2952 4352 3029 4418 fit,
3052 4354 3117 4408 ad
3148 4355 3361 4424 lapsum
3395 4357 3536 4411 faei-

1964 4434 2091 4490 litas
2121 4444 2288 4506 atque
2328 4439 2651 4507 proclivitas
2678 4441 2924 4512 (quippe
2956 4460 3079 4497 cum
3108 4460 3338 4500 numero
3368 4447 3535 4515 quin—

284 4537 616 4607 Εὐαγγέλιον
638 4553 652 4568 ’
682 4535 718 4606 ἦ
737 4551 796 4587 τε
824 4533 924 4603 τῆς
950 4531 1127 4623 ψυχῆς
1151 4529 1291 4623 ἀκοὴ
1319 4530 1421 4623 τῆς
1438 4529 1595 4623 θείας
1629 4530 1862 4623 πληροῦ-

1967 4543 2075 4596 que
2105 4530 2216 4584 sint
2239 4528 2259 4599 )
2286 4531 2528 4599 quinarii
2562 4533 2782 4588 nomine
2802 4535 3143 4601 designatur.
3179 4536 3537 4606 Septenarius

283 4647 374 4684 ται
401 4624 770 4697 άγαλλιάσεὼς
782 4640 841 4677 τε
873 4624 967 4677 καὶ
984 4619 1342 4693 εὐφροσύνης,
1371 4622 1438 4690 ἣν
1467 4620 1858 4691 άκουτισθῆναι

285 4722 380 4774 καὶ
418 4719 580 4788 ᾼαϐὶδ
601 4720 630 4772 ὁ
664 4717 836 4788 μέγας
859 4714 1148 4785 ἐπεύχεται
1172 4728 1186 4744 ·
1220 4713 1321 4782 τὴν
1349 4712 1406 4765 δὲ
1439 4711 1734 4782 γευστικὴν
1764 4713 1859 4766 αύ-

281 4812 384 4881 τῆς
409 4782 636 4880 δύναμιν
665 4782 824 4877 ’ἐν’τῇ
856 4803 952 4859 τοῦ
997 4782 1212 4874 -Κυρίου
1254 4801 1697 4873 ὲγγεγυμνᾶσθαι
1728 4820 1854 4874 χρη-

284 4904 523 4972 στότητι,
565 4899 640 4964 ὡς
678 4901 707 4952 ὁ
735 4897 951 4968 ψάλλων
985 4898 1042 4949 ὲν
1076 4898 1383 4968 προφήταις
1435 4895 1861 4965 άναφθέγγεται,

283 4997 381 5052 καὶ
414 4999 471 5048 εν
488 4990 768 5061 ἀντιλήψει
800 4989 898 5059 τῆς
920 4989 1014 5041 τοῦ
1043 4986 1277 5057 Χριστοῦ
1293 4987 1549 5050 εὐωδίας,
1583 4988 1649 5059 ἣν
1670 4990 1697 5042 ό
1719 4988 1860 5053 θεῖος

282 5087 498 5147 Παῦλος
531 5084 788 5146 ἀπέπνεε,
817 5079 916 5150 τὴν
944 5078 1311 5149 ὁσφραντικὴν
1326 5079 1441 5145 ἕξιν
1472 5079 1855 5133 καθίστασθαιο

283 5181 381 5235 καὶ
409 5181 530 5241 ταῖς
561 5177 668 5229 ἔσω
694 5177 790 5245 τῆς
816 5173 1142 5241 διακρίσεως
1175 5167 1613 5243 χερσιψηλαφᾷν
1650 5171 1743 5225 τὸν
1766 5172 1858 5226 λό-

281 5289 380 5340 γον
418 5269 516 5339 τῆς
572 5265 835 5336 ζωῆς,ὠς
866 5263 1012 5331 ὁτῆς
1053 5260 1281 5332 βροντῆς
1326 5264 1438 5326 υίὸς
1483 5262 1853 5333 διηγόρευσεν.

290 5363 357 5416 Ἦ
391 5361 499 5430 γὰρ
532 5362 591 5412 ὲν
615 5358 822 5420 τούτοις
850 5354 958 5409 τῶν
991 5351 1195 5423 νοητῶν
1225 5352 1527 5422 αἰσθήσεων
1555 5354 1853 5424 γυμνασία,

278 5457 339 5509 ὲν
364 5454 435 5522 τῇ
460 5449 569 5503 τῶν
590 5448 846 5502 ἐναντίων
863 5444 1073 5506 τούτοις
1094 5443 1273 5513 ἀποχῇ
1300 5458 1362 5495 τε
1388 5444 1482 5496 καὶ
1503 5442 1857 5512 ἀλλοτριώσει

281 5544 381 5614 τὴν
402 5538 802 5607 ἐπαινουμένην
833 5535 983 5607 παρὰ
1002 5533 1137 5587 Θεοῦ
1163 5533 1417 5603 νηστείαν
1443 5533 1854 5605 ἀπεργάζεσθαι

282 5633 529 5702 πέφυκεν
550 5646 562 5661 ο
592 5626 817 5685 οὕτωτε
840 5623 1137 5699 κατορθοῦν
1158 5625 1306 5696 ἡμᾶς
1335 5624 1671 5695 περιγίνεται
1695 5624 1756 5679 τὸ
1782 5628 1851 5697 τῇ

353 5810 498 5865 'lsa.
541 5822 636 5874 vn,
677 5804 796 5881 16η
838 5804 856 5835 ³
889 5802 1052 5858 Zacb.
1084 5786 1199 5867 vui,
1251 5799 1333 5855 19.
1413 5799 1433 5830 ⁵
1468 5798 1654 5858 Matth.
1726 5819 1802 5869 vt,
1853 5802 1943 5859 22.

1963 4634 2094 4673 vero
2112 4635 2374 4677 numerus
2400 4622 2569 4678 etiam
2599 4623 2877 4678 Solomoni
2902 4624 3091 4679 infera:
3110 4635 3316 4680 natura!
3336 4643 3533 4694 mvum,
3580 4624 3592 4641 '

1963 4709 2109 4779 quod
2142 4726 2239 4780 per
2266 4715 2602 4781 septimanas
2651 4715 2703 4766 in
2756 4716 3112 4784 semetipsum
3151 4718 3454 4772 revolvitur
3482 4726 3537 4774 ct

1964 4800 2018 4854 in
2057 4804 2250 4858 orbem
2284 4804 2444 4867 redit,
2480 4804 2798 4873 significare
2845 4806 3004 4860 solet.
3046 4806 3317 4862 Denarius
3350 4821 3533 4865 autem

1965 4909 2230 4949 numerus
2256 4894 2327 4948 ab
2350 4896 2593 4950 externis
2622 4895 2687 4949 ad
2712 4897 3072 4952 excelsiorem
3106 4899 3448 4955 intellectum
3480 4908 3535 4955 et

1964 4984 2295 5038 sententiam
2338 4986 2627 5055 mysticam
2674 4988 3035 5044 translatione
3099 4989 3265 5054 facta,
3328 4989 3535 5046 indicat

1965 5075 2164 5129 interni
2198 5076 2433 5130 hominis
2462 5092 2722 5131 sensuum
2753 5082 3229 5151 expurgationem,
3266 5094 3324 5136 ut
3374 5082 3532 5138 oculo

1963 5167 2167 5221 mentis
2214 5174 2269 5219 et
2318 5168 2485 5221 animi
2540 5170 2790 5239 simplice
2845 5179 3009 5240 atque
3062 5172 3336 5243 pellucido
3385 5174 3534 5229 exsi-

1963 5266 2160 5321 stente,
2197 5266 2372 5311 totum
2404 5274 2605 5329 corpus
2635 5261 2880 5315 lucidum
2931 5264 3025 5329 sit,
3065 5273 3123 5317 ut
3177 5265 3356 5334 inquit
3403 5281 3534 5320 san-

1962 5360 2109 5403 ctum
2145 5348 2569 5420 Evangelium‘:
2602 5354 2803 5407 anima:
2831 5354 2957 5408 item
2995 5368 3158 5411 aures
3185 5354 3370 5411 divino
3397 5372 3533 5427 gau-

1965 5442 2058 5497 dio
2100 5452 2266 5512 atque
2308 5444 2497 5498 laetitia
2548 5447 2886 5516 repleantur,
2919 5462 3081 5518 quam
3115 5457 3175 5503 ut
3204 5463 3368 5504 aures
3422 5464 3536 5504 sua:

1963 5535 2291 5605 percipiant,
2340 5538 2509 5592 etiam
2556 5528 2829 5615 magnus“
2858 5541 2951 5597 ille
3003 5540 3172 5603 David
3232 5554 3532 5614 precatur:

1959 5628 2217 5699 gustandi
2246 5640 2426 5686 autem
2459 5631 2543 5689 vis
2573 5639 2625 5689 et
2658 5631 2887 5691 facultas
2918 5633 3039 5705 ejus
3069 5634 3142 5690 in’
3172 5632 3387 5692 Domini
3439 5636 3532 5691 be-
