3950 6156
443 338 585 397 1155

1606 350 1612 357 ·
1688 335 1746 392 S.
1786 332 2116 392 GREGORII
2158 330 2452 389 NYSSENI

3574 329 3729 387 “56

444 452 711 524 nignitate
748 460 913 522 atque
959 450 1353 507 commoditate
1389 444 1738 517 exerceatur,
1797 448 2043 522 procla-.

2146 449 2282 521 ,ακίᾳ
2313 440 2412 519 μὲν
2445 446 2750 519 νηπιάζειν,
2787 448 2886 518 τῆς
2910 446 3051 504 κατά
3073 446 3206 505 Θεδν
3223 447 3280 504 δὲ
3310 445 3639 520 φρονήσεως
3655 449 3725 499 ἐν

445 550 579 601 mat.
607 552 662 597 et
691 543 744 594 in
781 542 1134 613 perceptione
1153 540 1361 597 Christi
1396 541 1584 596 suavis
1608 540 1818 603 odoris,
1848 553 2013 609 quem

2146 540 2419 611 τελειότητι
2444 540 2711 610 γίνεσθαι.

447 634 674 689 divinus
706 631 911 688 Paulus
948 632 1258 697 redolebat,
1312 631 1582 687 odorandi
1636 640 1692 687 et
1725 630 2018 686 olfaciendi
2060 630 2284 688 habitus
2349 635 2763 701 constituatur;
2815 642 2872 688 et
2934 633 3168 689 internis
3222 630 3587 687 discretionis
3654 638 3729 685 et

441 714 637 784 iudicii
666 722 921 777 manibus
949 730 1325 777 contreetetur
1354 721 1581 776 verbum
1613 721 1762 788 vitae,
1788 728 1845 773 ut
1877 719 2104 774 tonitrui
2141 719 2287 775 [ilius
2336 721 2472 777 dicit
2498 722 2541 776 ⁵.
2573 722 2709 777 Nam
2783 725 3236 781 intellectualium
3299 732 3471 791 atque
3542 720 3729 791 spiri.

447 815 680 868 tualium
713 828 978 868 sensuum
1008 814 1065 867 in
1099 812 1188 868 bis
1217 812 1543 868 exercitatio
1583 828 1680 883 per
1732 812 2120 868 abstinentiam
2149 821 2205 869 et
2245 814 2633 871 alienationem
2680 793 2765 872 ‘iis
2824 817 3235 872 contrariorum
3288 816 3507 873 edicere
3572 817 3729 871 solet

442 910 738 981 jejunium,
791 907 941 979 quod
1002 909 1147 979 apud
1186 907 1360 963 Deum
1415 906 1696 974 laudatur,
1763 914 1930 978 atque
1971 908 2073 962 hac
2106 909 2321 966 ratione
2353 925 2620 982 prospere
2665 912 2823 967 nobis
2858 912 3111 968 succedit
3141 920 3397 977 conatus,
3475 920 3535 967 et
3581 910 3729 966 con-

449 1008 632 1079 tingit,
665 1016 723 1061 ut
747 1006 955 1060 malitia
981 1004 1203 1075 quidem
1230 1002 1468 1059 infantes
1498 1003 1698 1069 simus,
1757 1003 2067 1075 prudentiae
2104 1018 2255 1073 vero,
2285 1022 2407 1078 quae
2435 1021 2561 1063 cum
2603 1005 2713 1064 Deo
2748 1007 3044 1078 conjuncta
3092 1014 3197 1068 est.
3237 1006 3547 1078 perfectam
3620 1019 3727 1062 co-

452 1101 752 1172 gnitionem
784 1105 839 1152 et
865 1097 1116 1152 habitum
1148 1111 1532 1166 assequamur.

524 1193 639 1248 lloc
660 1181 833 1246 modo
854 1205 957 1245 nos
1012 1189 1246 1259 irrigans
1300 1187 1725 1260 apostolicarum
1770 1186 1937 1243 simul
1968 1201 2033 1242 ac

454 1286 898 1358 propheticarum
933 1281 1311 1336 doctrinarum
1352 1279 1420 1333 de
1443 1278 1887 1349 scaturiginibus
1915 1278 2024 1348 spi-

452 1382 595 1435 ritus
619 1376 901 1433 conlluens
930 1389 1190 1429 sensuum
1234 1382 1290 1428 et
1335 1370 1711 1427 intellectuum
1742 1368 2030 1441 majestas,

454 1479 510 1528 et
539 1484 754 1525 amnem
794 1467 889 1522 Dei
936 1466 1187 1537 mysticis
1237 1465 1395 1535 aquis
1448 1463 1691 1534 replens,
1750 1462 2031 1517 caelestem

456 1565 731 1621 civitatem
767 1560 881 1624 Dei,
914 1574 1036 1629 qua:
1064 1574 1130 1613 ex
1182 1556 1645 1629 supramundanis
1668 1554 2035 1625 potestatibus

456 1654 749 1719 conﬂatur,
814 1651 980 1720 hujus
1032 1649 1210 1705 amnis
1278 1648 1544 1702 fluctuum
1607 1648 1812 1717 impetu
1866 1645 2035 1702 exhi-

459 1749 638 1802 larare
710 1745 849 1811 scit,
912 1752 973 1798 ut
1041 1742 1400 1813 psalmodiam
1467 1742 1800 1794 clamantem
1876 1737 2036 1793 audi-

458 1839 718 1893 vimus".
772 1836 986 1890 Etenim
1037 1843 1261 1888 sanctus
1322 1846 1688 1902 supernorum
1740 1829 2036 1899 spirituum

458 1938 660 1994 coetus,
709 1926 996 1982 hominum
1068 1924 1247 1978 salute
1314 1923 1661 1977 vehementer
1712 1921 2035 1976 delectatur.

459 2020 597 2074 Nam
656 2019 729 2073 ita
789 2017 1045 2072 caelestes
1097 2015 1330 2086 spiritus
1361 2014 1729 2068 communiter
1773 2028 1884 2068 una
1913 2026 2038 2067 cum

461 2113 704 2168 terrenis
733 2109 854 2165 dies
881 2108 1055 2164 festos
1085 2106 1478 2162 concelebrare
1519 2106 1721 2173 solent,
1763 2104 2042 2160 terrestri-

464 2205 566 2259 bus
591 2202 850 2257 nimirum
873 2198 1180 2270 angelicam
1203 2199 1369 2252 vitam
1397 2196 1881 2268 amplectentibus.
1902 2196 2040 2251 Cum

460 2296 606 2351 enim
637 2292 781 2347 Deus
838 2299 1027 2345 noster
1057 2289 1168 2356 hic,
1221 2303 1386 2358 quem
1436 2296 1566 2342 ante
1609 2287 2042 2343 demonstrando

464 2385 729 2457 prOphcta
758 2382 1135 2437 manifestavit
1167 2395 1231 2435 ac
1259 2380 1585 2451 divulgavit,
1605 2379 1661 2432 in
1694 2388 1839 2434 terra
1865 2379 2039 2442 visus,

462 2487 518 2530 et
545 2491 653 2529 una
693 2489 817 2529 cum
862 2470 1180 2528 hominibus
1219 2479 1580 2526 conversatus
1601 2469 1622 2501 '
1648 2478 1754 2533 est,
1787 2484 1850 2524 ac
1878 2484 2043 2539 ευμο-

463 2584 583 2624 ram
616 2566 1014 2623 beatitudinem
1041 2564 1096 2618 in
1127 2571 1274 2618 terra
1297 2562 1533 2634 plantari
1562 2562 1740 2633 angeli
1765 2562 2042 2626 viderunt,

464 2660 652 2715 Gloria
681 2659 735 2711 in
764 2656 986 2712 excelsis
1018 2654 1128 2709 Deo
1163 2652 1602 2725 proclamabant,
1638 2660 1693 2707 et
1731 2651 1791 2707 in
1842 2659 2043 2707 terram

465 2753 620 2823 pacis
655 2752 856 2805 bonum
903 2748 1155 2803 nuntium
1201 2745 1566 2817 apportabant
1598 2743 1662 2816 ³(
1683 2745 1885 2816 quippe
1916 2758 2042 2799 cum

465 2842 651 2897 divina
683 2842 824 2894 bona
856 2840 1112 2894 voluntas
1153 2845 1207 2893 et
1253 2836 1470 2893 affectio
1517 2836 1573 2891 in
1609 2835 1925 2891 hominibus
1954 2849 2047 2889 ac-

2203 1190 2391 1253 Οὖτως
2436 1190 2584 1261 ἡμᾶς
2611 1188 2849 1260 ἄρδουσα
2878 1188 2912 1258 ή
2952 1188 3063 1242 τῶν
3102 1185 3478 1241 ἀποστολικῶν
3513 1202 3583 1238 τε
3629 1186 3732 1241 καὶ

2134 1283 2490 1357 προφητικῶν
2504 1281 2848 1352 διδαγμάτων
2873 1281 2939 1334 ἐκ
2955 1279 3063 1332 τῶν
3080 1277 3326 1350 κρουνῶν
3338 1276 3435 1330 τοῦ
3459 1276 3731 1348 Πνεῦμα-

2134 1394 2226 1441 τος
2256 1375 2561 1448 συρρέουσα
2591 1372 2935 1444 μεγαλόνοια,
2967 1373 3063 1425 καὶ
3085 1370 3179 1425 τὸν
3202 1368 3296 1424 τοῦ
3310 1369 3447 1425 Θεοῦ
3471 1370 3731 1441 ποταμὸν

2133 1469 2242 1523 τῶν
2272 1466 2547 1539 μυστικῶν
2581 1465 2790 1520 ὑδάτων
2839 1462 3194 1535 πληρώσασα,
3247 1461 3345 1535 τὴν
3392 1463 3733 1534 ἐπουράνιον

2137 1560 2293 1613 πόλιν
2318 1558 2414 1613 τοῦ
2435 1557 2592 1624 Θεοῦ,
2618 1558 2719 1626 τὴν
2741 1559 2860 1621 ταῖς
2883 1554 3274 1627 ὑπερκοσμίοις
3308 1553 3731 1626 συγκροτουμέ-

2136 1670 2232 1721 νην
2256 1653 2539 1722 δυνάμεσι,
2597 1653 2712 1714 τοῖς
2744 1649 2841 1704 τοῦ
2872 1647 3117 1719 ποταμοῦ
3171 1647 3362 1702 τούτου
3397 1649 3729 1719 ὁρμήμασιν

2135 1742 2447 1813 εὐφραίνειν
2500 1742 2811 1805 ἐπίσταται,
2859 1740 2938 1805 ὡς
2990 1741 3090 1811 τῆς
3141 1739 3463 1810 ψαλμῳδίας
3507 1738 3730 1809 βοώσης

2137 1832 2466 1903 ἠκούσαμεν.
2503 1831 2608 1886 Καὶ
2639 1833 2748 1903 γὰρ
2780 1832 2815 1903 ἡ
2837 1831 2943 1884 τῶν
2970 1832 3083 1886 ἀνω
3107 1831 3434 1901 πνευμάτων
3462 1830 3604 1900 ἁγία
3630 1832 3732 1901 ὁμ-

2137 1926 2333 1997 ήγυρις
2348 1927 2412 1995 τῇ
2429 1923 2536 1977 τῶν
2552 1923 2651 1977 ἀνθ
2661 1924 2855 1994 ρώπων
2872 1921 3113 1995 σωτηρία
3127 1922 3248 1976 λίαν
3267 1922 3543 1992 ἐφήδεται.
3568 1920 3733 1974 Οὕτω

2138 2016 2247 2087 γὰρ
2281 2002 2434 2086 κοινῇ
2460 2013 2852 2085 πανηγυρίζειν
2873 2012 2969 2067 σὺν
2988 2015 3101 2076 τοῖς
3117 2012 3377 2081 ἐπιγείοις
3401 2012 3475 2065 τά
3495 2012 3733 2081 οὐράνια

2138 2104 2351 2169 εἴωθεν,
2416 2104 2516 2176 τὴν
2564 2103 2953 2174 ὰγγελοπρεπῆ
3013 2102 3289 2155 πολιτείαν
3331 2101 3442 2155 τῶν
3490 2102 3589 2155 ἐπὶ
3622 2100 3731 2170 γῆς

2141 2196 2555 2267 ἀσπαζομένων.
2584 2196 2650 2248 Ὅ
2672 2212 2733 2248 τε
2754 2195 2863 2267 γάρ
2891 2196 2919 2249 ό
2946 2193 3076 2257 Θεὸς
3107 2192 3263 2264 ἡμῶν
3286 2186 3464 2259 οὗτος,
3495 2192 3557 2246 δν
3589 2209 3729 2262 προ-

2139 2289 2424 2353 δεικτικῶς
2445 2289 2473 2342 ὁ
2505 2290 2793 2360 προφήτης
2819 2287 3145 2358 διήγγειλεν,
3171 2286 3263 2339 ἐπὶ
3292 2285 3393 2355 τῆς
3411 2286 3517 2357 γῆς
3539 2283 3731 2355 ὤφθη,

2142 2383 2372 2447 καὶτοῖς
2397 2377 2704 2452 ἀνθρώποις
2739 2378 3173 2450 συνανεστράφη,
3206 2376 3302 2431 καὶ
3342 2376 3442 2447 τὴν
3477 2377 3598 2430 ἀνω
3625 2393 3733 2444 μα-

2145 2472 2442 2545 καριότητα
2482 2471 2575 2525 ἐπὶ
2606 2472 2711 2542 γῆς
2746 2469 3115 2540 φυτευομένην
3152 2467 3444 2523 ἐθεάσαντο
3479 2466 3732 2536 ἄγγελοι,

2144 2567 2304 2633 Δόξα
2336 2567 2407 2620 ἐν
2436 2564 2723 2635 ὑψίστοις
2752 2562 2892 2629 Θεῷ,
2922 2560 3339 2632 ἀνεφθέγγοντο,
3375 2561 3472 2614 καὶ
3501 2561 3600 2613 ἐπὶ
3624 2560 3736 2630 γῆς

2145 2662 2368 2732 εἰρήνην
2402 2655 2815 2731 εὐηγγελίζοντο
2844 2655 3015 2727 (Θείας
3047 2653 3295 2716 εὐδοκίας
3318 2653 3377 2706 ἐν
3414 2651 3734 2724 ἀνθρώποις

2145 2750 2562 2822 γεγενημένης)·
2588 2748 2729 2802 οὕτω
2760 2764 2820 2801 τε
2846 2747 2945 2810 τῆς
2972 2745 3120 2808 Θείας
3144 2743 3485 2817 λειτουργίας
3512 2742 3739 2813 ἐξαίρε-

2146 2860 2237 2896 τον
2265 2842 2361 2896 καὶ
2389 2840 2556 2904 ὅντως
2585 2838 2824 2912 καθαρόν
2857 2856 2916 2893 τε
2940 2838 3035 2893 καὶ
3068 2838 3397 2909 μονότροπον
3429 2836 3739 2907 αὐχοῦντες

466 2934 770 3013 ιιιιίενὶεὲει
792 2932 836 3002 ),
870 2938 1037 3000 atque
1068 2931 1144 2986 ita
1173 2930 1347 2985 divini
1376 2929 1537 2986 oﬂicii
1564 2939 1731 2998 atque
1755 2927 2043 2984 ministerii

2146 2935 2196 2988 οί
2217 2934 2323 2988 τῶν
2349 2933 2518 3003 ἁγίων
2539 2932 2786 3000 ἀγγέλων
2819 2932 3080 3002 μακάριοι
3124 2929 3319 2992 θίασοι,
3354 2928 3454 3000 τῆς
3492 2927 3740 3000 ἀληθοῦς

466 3026 727 3081 eximiam
759 3038 823 3078 ac
864 3038 991 3077 vere
1027 3036 1242 3092 puram,
1278 3022 1658 3092 integramque
1706 3031 1762 3076 et
1795 3020 2043 3092 singula-

469 3131 584 3171 rem
617 3115 888 3169 rationem
909 3113 1198 3168 laudantes
1222 3120 1276 3166 et
1294 3112 1624 3168 extollentes
1645 3112 1789 3168 beati
1820 3119 2045 3168 sancto-

469 3223 591 3262 rum
627 3206 945 3276 angelorum
971 3214 1173 3268 ctetus,
1191 3218 1444 3273 veraeque
1469 3204 1780 3261 sanctitatis
1808 3205 1863 3259 in
1885 3204 2045 3260 nobis

468 3299 627 3369 signa
661 3306 975 3364 cernentes,
1012 3310 1123 3350 non
1155 3294 1530 3363 aspernandos
1561 3302 1614 3351 et
1649 3295 2042 3366 repudiandos,

470 3388 964 3460 (quemadmodum
1018 3386 1347 3457 evangelicae
1405 3386 1788 3443 similitudinis
1863 3402 2046 3443 sermo

469 3494 534 3535 ex
571 3479 779 3550 nuptiis
813 3477 1020 3533 divinis
1044 3476 1385 3532 abstractum
1414 3484 1469 3530 et
1487 3475 1725 3546 ejectum
1745 3473 1876 3530 facit
1896 3490 2044 3541 eum,

470 3574 561 3645 qui
592 3582 741 3628 veste
760 3571 985 3627 sordida
1011 3570 1244 3626 amictus
1283 3569 1447 3635 erat”,
1478 3568 1574 3625 sed
1605 3568 1807 3638 dignos
1832 3568 2048 3638 judica-

470 3668 644 3730 hunt,
684 3664 778 3736 qui
831 3664 1180 3733 sempiterna:
1234 3662 1433 3717 laetitiae
1483 3661 1621 3717 socii
1675 3674 2042 3715 assumantur.

472 3757 684 3812 Etenim
716 3754 938 3827 quando
975 3757 1127 3809 circa
1170 3754 1510 3825 primitivum
1539 3762 1594 3807 et
1635 3752 1905 3821 originale
1951 3753 2048 3821 (ut

471 3851 552 3906 sic
578 3849 850 3920 dixerim)
885 3855 1103 3917 tempus
1136 3844 1425 3915 prmsentis
1471 3844 1579 3899 diei
1613 3844 1735 3898 festi
1787 3843 2045 3909 instituti,

470 3945 539 4005 is.
566 3943 659 4013 qui
689 3942 864 3996 forma
885 3940 1069 3994 divina
1101 3937 1362 4008 praeditus
1386 3943 1528 3999 erat,
1555 3943 1610 3990 et
1642 3934 1872 3989 formam
1904 3935 2045 3990 servi

471 4040 812 4102 sumpserat,
848 4030 1120 4085 mediator
1157 4036 1212 4083 et
1253 4029 1587 4083 intercessor
1612 4027 1757 4082 inter
1792 4027 1958 4082 Deum
1992 4034 2048 4082 et

472 4125 724 4180 homines
758 4123 959 4188 factus,
1013 4122 1148 4191 legis
1201 4129 1539 4193 praeceptum
1571 4138 1879 4193 exsequens
1910 4138 2047 4192 qua-

471 4216 725 4286 draginta
757 4215 872 4269 dies
899 4222 1063 4268 natus
1094 4214 1300 4278 infans,
1338 4214 1730 4284 sempiternum
1761 4214 1894 4268 illud
1925 4228 2049 4269 ver-

473 4308 601 4361 bum
629 4321 735 4361 una
760 4321 886 4360 cum
919 4304 1193 4375 genitrice
1230 4306 1647 4360 convenientem
1679 4314 1844 4375 atque
1906 4321 2048 4375 pra:-

473 4400 738 4470 scriptam
787 4398 1024 4452 hostiam
1062 4405 1317 4468 portante
1358 4397 1424 4452 ad
1470 4398 1732 4467 templum
1766 4399 2045 4469 pergebat,

430 4562 437 4567 V
474 4491 926 4560 incorporearum
956 4488 1251 4559 spirituum
1283 4487 1508 4543 ordines
1554 4489 1809 4543 servilem
1840 4488 1894 4543 in
1925 4504 2048 4544 mo-

474 4582 606 4637 dum
635 4581 904 4636 cervicem
940 4580 1245 4642 flectentes,
1297 4578 1651 4635 invisibiliter
1708 4579 1820 4635 Deo
1856 4595 2048 4636 convc-

475 4674 712 4727 nfentem
742 4685 992 4741 pompam
1038 4670 1323 4739 parabant,
1346 4676 1400 4722 et
1430 4668 1724 4725 ineﬂ'abilis
1767 4669 2048 4740 sapientiae

477 4760 701 4829 pelagus
732 4759 1160 4821 venerabantur,
1196 4766 1251 4813 et
1279 4759 1420 4827 ejus,
1449 4774 1571 4828 quae
1621 4760 1798 4829 primo
1847 4760 2045 4814 intuitu

474 4849 657 4914 obvia,
688 4848 958 4918 vulgoque
988 4856 1115 4902 nota
1148 4855 1252 4914 est,
1299 4849 1489 4919 legalis
1549 4851 1747 4906 littera:
1775 4853 2046 4907 constitu-

476 4938 642 4991 tionis
673 4937 1041 5006 expletionem
1077 4945 1132 4991 et
1156 4938 1566 4993 exsecutionem
1602 4954 1701 5009 pro
1725 4941 2047 4996 manifesta-

474 5030 623 5083 tione
663 5029 931 5099 mysterii,
965 5028 1020 5083 in
1057 5027 1167 5083 Deo
1201 5029 1292 5098 q-ui
1326 5029 1510 5083 omnia
1540 5033 1773 5097 creavit,
1821 5033 2049 5089 abscon-
2088 5070 2091 5075 ς

474 5120 573 5174 diti
604 5122 1030 5190 exspectabant:
1084 5122 1243 5190 cujus
1288 5137 1389 5176 nos
1428 5125 1674 5194 mysterii
1729 5124 2045 5179 memoriam

477 5213 639 5267 hodie
688 5207 1062 5280 celebrantes,
1115 5214 1498 5285 spiritualibus
1551 5217 2045 5286 speculationibus,

474 5303 939 5376 quemadmodum
963 5304 1305 5376 incorporea:
1331 5317 1542 5362 mentes
1575 5314 1629 5363 et
1659 5309 1911 5379 spiritus,
1949 5325 2048 5361 nos

474 5400 837 5463 oblectemus,
861 5407 915 5454 et
942 5397 1254 5455 divinorum
1283 5388 1686 5456 miraculorum
1703 5401 2047 5473 maiestatem

478 5491 866 5561 praedicatione
930 5500 1096 5562 atque
1149 5491 1469 5549 laudatione
1500 5494 1871 5559 celebrantes,
1909 5495 2047 5551 socii

478 5583 697 5637 illorum
752 5581 1040 5653 dignitatis
1086 5582 1430 5641 eliiciemur:
1482 5599 1592 5642 non
1652 5586 1811 5657 legali
1854 5587 2048 5641 umbra

2148 3025 2431 3097 ἁγιότητος
2459 3024 2517 3077 ἐν
2530 3026 2662 3094 ἡμῖν
2677 3023 2910 3096 δρῶντες
2926 3024 3054 3086 τοὺς
3072 3021 3443 3093 χαρακτῆρας,
3474 3022 3577 3074 οὐκ
3595 3021 3740 3073 ἀπο-

2148 3116 2376 3188 ϐλήτους
2411 3114 2729 3185 ποιήσονται
2770 3114 3059 3177 κοινωνοὺς
3086 3113 3184 3183 τῆς
3221 3112 3500 3182 ἀκηράτου
3526 3111 3737 3181 εὐφρο-

2152 3208 2317 3280 σύνης
2341 3206 2871 3279 συμπαραλήψεσθαι
2889 3222 2902 3235 ·
2933 3205 3187 3277 καθάπερ
3204 3204 3293 3258 τὸν
3322 3202 3555 3275 ῥυπώσῃ
3579 3203 3735 3256 ἐστο-

2149 3300 2401 3372 λισμένον
2450 3299 2638 3371 ἐσθῆτι
2683 3300 2976 3370 ἀπόκριτον
3032 3299 3126 3354 τοῦ
3174 3298 3318 3353 θείου
3349 3299 3533 3369 γάμου
3562 3299 3595 3350 ὁ
3635 3297 3740 3366 τῆς

2149 3390 2512 3462 εύαγγελικῆς
2565 3389 2878 3460 παραϐολῆς
2927 3389 3219 3459 ἐποιήσατο
3258 3386 3436 3456 λόγος.
3480 3387 3595 3440 Καὶ
3626 3387 3742 3456 γάρ

2150 3485 2239 3538 ὅτε
2274 3482 2416 3537 κατά
2440 3481 2530 3535 τὸν
2566 3480 2874 3553 ἀρχέτυπον
2903 3480 3095 3552 καιρὸν
3122 3479 3217 3551 (ὡς
3242 3478 3309 3533 ἄν
3334 3494 3420 3541 τις
3446 3479 3621 3548 εἴποι)
3636 3478 3740 3547 τῆς

2152 3573 2432 3647 παρούσης
2452 3572 2644 3644 ἑορτῆς
2667 3575 2696 3626 ὁ
2716 3574 2775 3626 ἐν
2802 3574 2982 3644 μορφῇ
3011 3571 3146 3626 Θεοῦ
3173 3570 3455 3641 ὑπάρχων,
3480 3570 3579 3623 καὶ
3603 3587 3741 3640 μορ-

2151 3662 2257 3733 φὴν
2287 3661 2473 3716 δούλου
2505 3661 2778 3732 ἐλόμενος,
2810 3663 2839 3714 δ
2869 3660 3095 3733 μεσίτης
3120 3660 3255 3714 Θεοῦ
3287 3661 3379 3714 καὶ
3427 3659 3739 3731 ἀνθρώπιον

2150 3756 2460 3826 γενόμενος,
2484 3755 2584 3827 τὴν
2600 3756 2828 3826 νομικὴν
2851 3754 3076 3826 πληρῶν
3092 3754 3433 3826 διαγόρευσιν
3454 3754 3737 3825 τεσσαρά-

2152 3861 2318 3900 κοντα
2347 3844 2569 3915 ἡμερῶν
2602 3843 2862 3914 ὑπάρχων
2894 3841 3113 3914 βρέφος,
3159 3844 3189 3897 ὁ
3235 3843 3406 3904 ἀΐδιος
3433 3843 3611 3912 Λόγος
3643 3845 3738 3897 ἐπὶ

2152 3937 2243 3992 τὸν
2280 3936 2407 3990 ναὸν
2441 3935 2637 4007 ἐχώρει
2665 3937 2763 3991 σὺν
2798 3938 2866 4008 τῇ
2903 3936 3158 4005 τεκούσῃ,
3188 3934 3283 3989 καὶ
3312 3938 3381 4006 τῇ
3413 3936 3738 4008 καταλλήλῳ

2151 4031 2249 4099 τῆς
2277 4028 2700 4099 διατεταγμένης
2726 4026 2915 4091 θυσίας
2935 4028 3198 4098 διαγωγῇ,
3219 4028 3277 4080 αἱ
3302 4027 3411 4080 τῶν
3426 4028 3739 4099 ἀσωμάτων

2151 4119 2461 4192 ταξιαρχίαι
2478 4118 2737 4184 δουλικῶς
2758 4119 2850 4173 τὸν
2878 4119 3080 4190 αὐχένα
3114 4119 3520 4183 ὑποκλίνουσαι,
3547 4121 3617 4173 ἐκ
3640 4119 3738 4174 τοῦ

2152 4211 2383 4282 ἀοράτου
2416 4209 2691 4281 θεοπρεπῆ
2721 4211 2818 4281 τὴν
2856 4210 3189 4281 προπομπὴν
3225 4210 3609 4281 ἡτοιμάζοντο,
3645 4214 3739 4267 καὶ

2079 4341 2123 4396 D
2148 4301 2210 4355 τὸ
2229 4302 2328 4372 τῆς
2356 4303 2599 4373 ἀρρήτου
2642 4301 2833 4370 σοφίας
2863 4300 3167 4366 ἐξεθείαζον
3200 4302 3438 4371 πέλαγος
3460 4320 3475 4334 ·
3512 4305 3608 4357 καὶ
3637 4305 3737 4373 τὴν

2151 4395 2449 4465 περαίωσιν
2481 4395 2581 4464 τῆς
2612 4392 3036 4464 προχειροτέρας
3072 4393 3170 4447 τοῦ
3208 4394 3436 4465 νομικοῦ
3465 4398 3735 4465 γράμμα-

2147 4502 2238 4549 τος
2265 4484 2578 4551 διατάξεως,
2638 4484 2945 4556 φανέρωσιν
2992 4485 3085 4540 τοῦ
3120 4486 3424 4557 μυστηρίου
3454 4486 3553 4540 τοῦ
3599 4489 3736 4542 ἀπο-

2149 4576 2533 4647 κεκρυμμένου
2583 4577 2641 4629 ἐν
2666 4576 2742 4647 τῷ
2775 4574 2894 4646 Θεῷ
2924 4576 3002 4647 τῷ
3048 4577 3120 4630 τά
3152 4579 3329 4632 πάντα
3364 4578 3618 4633 κτίσαντι
3652 4580 3736 4646 ἐξ-

2148 4668 2392 4739 εδέχοντο
2413 4686 2427 4700 ·
2460 4663 2524 4723 οὗ
2547 4685 2688 4733 τινος
2717 4670 2877 4739 ήμεῖς
2897 4668 2995 4740 τὴν
3027 4670 3337 4740 ἀνάμνησιν
3378 4671 3733 4743 ἑορτάζοντες

2150 4760 2409 4832 σήμερον,
2431 4762 2823 4830 πνευματικαῖς
2843 4761 3096 4832 θεωρίαις
3107 4762 3252 4815 κατά
3265 4763 3393 4825 τοὺς
3412 4763 3736 4833 ἀσωμάτους

2149 4855 2275 4917 νόας
2297 4856 2682 4925 τρυφήσωμεν,
2707 4856 2802 4908 καὶ
2820 4855 2926 4907 τῶν
2953 4855 3110 4910 θείων
3134 4855 3452 4924 θαυμασίων
3479 4856 3544 4909 τὸ
3566 4872 3736 4929 μεγα-

2147 4947 2290 5000 λεῖον
2304 4946 2635 5013 δοξάζοντες,
2653 4948 2898 5002 κοινωνοὶ
2921 4948 3022 5017 τῆς
3039 4949 3263 5002 ἐκείνων
3287 4949 3444 5016 ἀξίας
3474 4949 3733 5020 ἐσόμεθα·

2147 5041 2208 5094 οὐ
2225 5044 2290 5112 τῇ
2323 5043 2520 5110 νομικῇ
2552 5040 2684 5111 σκιᾷ
2705 5039 2766 5092 τὸ
2787 5039 2943 5111 ὄμμα
2973 5041 3070 5109 τῆς
3096 5040 3274 5111 ψυχῆς
3297 5040 3733 5112 ἀμαυρούμενοα..

2149 5133 2284 5187 ἀλλὰ
2310 5132 2370 5186 τὸ
2399 5131 2462 5202 δὴ
2494 5130 2786 5202 λεγόμενον
2822 5131 2900 5202 τῷ
2943 5131 3239 5201 σοφωτάτῳ
3285 5131 3507 5200 Παύλῳ,
3542 5132 3737 5185 ἀνακε·

2151 5223 2484 5294 καλυμμένῳ
2509 5221 2787 5293 προσώπῳ
2817 5222 2915 5292 τὴν
2948 5220 3106 5285 δόξαν
3134 5220 3339 5290 Κυρίου
3373 5221 3737 5290 κατοπτριζό-

2131 5331 2322 5385 -μενοι,
2366 5312 2470 5367 Τοῦ
2498 5313 2607 5383 γὰρ
2630 5312 2814 5382 Νόμου
2842 5311 3115 5380 λέγοντος,
3149 5313 3257 5365 πᾶν
3289 5312 3584 5383 ἀρσενικὸν
3622 5313 3738 5365 δια·

2148 5408 2328 5475 νοίγον
2378 5406 2591 5477 μήτραν
2639 5403 2984 5474 ἁγιάζεσθαι,
3035 5405 3145 5458 δεῖν
3187 5403 3245 5457 δὲ
3299 5403 3398 5473 τὴν
3448 5405 3736 5475 spuma.

2149 5499 2385 5568 γυναῖκα
2407 5497 2634 5569 ἄρσενος
2655 5496 2844 5560 παιδὸς
2871 5495 3170 5567 γενομένην
3202 5495 3438 5567 μητέρα,
3472 5496 3737 5567 τεσσαρὰ-

2150 5605 2316 5643 κοντα
2348 5589 2576 5660 ἡμερῶν
2619 5587 2757 5659 μετά
2779 5589 2842 5642 τὸ
2867 5590 3045 5643 τεκεῖν
3084 5587 3484 5660 καθηραμένην
3520 5589 3736 5659 διαστή-

548 5754 609 5808 ⁹1
643 5754 800 5811 Joan.
848 5774 889 5823 ι,
919 5760 971 5814 l.
1052 5761 1073 5794 ‘
1103 5759 1253 5817 Psal.
1296 5777 1420 5832 XLV,
1457 5762 1513 5820 5.
1589 5765 1609 5798 "
1642 5762 1839 5820 Baruc.
1875 5780 1960 5834 ιιι,
1996 5764 2043 5819 2:

2165 5765 2186 5795 "
2216 5763 2350 5821 Luc.
2386 5780 2425 5822 ιι
2486 5765 2554 5820 l5
2584 5778 2704 5837 sqq.
2785 5767 2804 5800 ⁹
2844 5763 3032 5820 Matth.
3076 5778 3213 5830 χχιι,
3257 5766 3318 5821 ll
3353 5780 3481 5836 sqq.
