3950 6156
292 353 436 413 H57

1457 347 1549 403 DE
1585 346 1913 407 OCCURSU
1939 347 2201 416 DOMINI,
2225 347 2382 407 ETC.

3413 348 3554 407 H58

300 491 455 547 ματι,
482 471 628 526 οὕτω
657 469 795 542 μετά
820 486 967 534 τινος
1005 467 1270 542 εὖκρινῶς
1294 466 1659 541 διωρισμένης
1689 469 1881 533 θυσίας

1985 470 2152 523 animi
2183 470 2406 524 oculum
2441 467 2829 536 obscurantes,
2872 469 2993 537 sed,
3023 471 3178 538 juxta
3224 469 3431 526 dictum
3465 487 3547 525 sa-

296 569 390 621 ἐπὶ
414 566 475 619 τὸ
500 564 596 617 τοῦ
646 560 782 615 Θεοῦ
809 560 1140 633 πορεύεσθαι
1176 560 1400 630 τέμενος
1423 579 1437 591 ·
1471 561 1522 613 οἱ
1551 559 1649 630 μὲν
1681 559 1742 612 τὸ
1773 559 1876 613 κά-

296 658 488 727 λυμμα
516 654 608 707 ἐπὶ
637 655 703 723 τῇ
748 649 1053 719 ἀναγνώσει
1078 649 1179 719 τῆς
1215 650 1457 713 Παλαιᾶς
1498 648 1776 719 Διαθήκης
1806 651 1874 719 τῇ
1922 658 1925 659 ⁷

296 744 495 815 καρδίᾳ
518 741 700 796 αὐτῶν
728 741 1140 812 περιφέροντες,
1180 740 1299 801 ταῖς
1332 737 1522 801 αὑταῖς
1547 737 1667 791 κατ’
1699 738 1872 791 ἐνιαυσ

288 837 387 890 τὸν
430 833 665 897 θυσίαις,
720 832 785 885 ἵν’
836 829 1009 892 οὕτως
1064 828 1205 881 εἴπω
1234 828 1312 890 (αἳ
1341 828 1593 883 οὐδέποτε
1625 827 1879 882 δύνανται

296 928 423 990 τοὺς
463 923 938 996 προσερχομένους
983 920 1313 989 τελειῶσαι),
1367 921 1744 991 νηπιοφρόνως
1779 919 1880 989 τὴν

297 1018 553 1090 τοιαύτην
585 1016 904 1087 νομοθεσίαν
926 1014 1297 1087 νομιζέτωσαν
1318 1014 1578 1088 πληροῦν.
1614 1014 1773 1085 Ἡμῖν
1799 1014 1878 1080 δὲ,

299 1106 381 1175 οἷς
406 1113 465 1164 ἐν
490 1113 558 1181 τῇ
595 1110 727 1181 πρὸς
755 1108 887 1162 Θεὸν
915 1109 1218 1180 ἐπιστροφῇ
1256 1107 1318 1160 τὸ
1358 1106 1596 1159 τοιοῦτον
1627 1105 1884 1179 περιῄρη-

298 1218 390 1255 ται
443 1199 730 1268 κάλυμμα,
789 1197 937 1263 ἆπαξ
989 1197 1083 1250 ἐπὶ
1141 1195 1423 1268 συντελείᾳ
1456 1194 1551 1249 τοῦ
1590 1196 1781 1260 αἰῶνος
1802 1198 1881 1260 είς

294 1291 556 1361 ἀθέτησιν
584 1290 859 1360 ἁμαρτίας
884 1289 972 1344 διὰ
998 1292 1098 1362 τῆς
1127 1290 1321 1356 θυσίας
1360 1290 1525 1345 αὑτοῦ
1559 1290 1885 1362 πεφανερῶ-

304 1382 428 1436 σθαι
453 1380 515 1433 τὸ
539 1380 682 1451 μέγα
702 1381 803 1450 τῆς
840 1380 1123 1445 εὐσεϐείας
1139 1381 1526 1436 πεπιστευκόσι
1564 1383 1881 1453 μυστήριον,

302 1472 542 1537 ἐπαξίως
571 1470 666 1525 τοῦ
696 1470 840 1525 θείου
885 1471 988 1542 τῆς
1017 1471 1275 1542 ἀληθείας
1314 1472 1511 1541 φωτὸς,
1537 1475 1603 1543 τῇ
1630 1471 1886 1543 δᾳδουχίᾳ

301 1564 398 1619 τοῦ
434 1564 752 1635 Πνεύματος
797 1563 858 1617 τὸ
902 1563 1003 1634 τῆς
1037 1564 1317 1635 παρούσης
1359 1564 1718 1636 πανηγύρεως
1749 1564 1886 1619 θεω-

298 1657 496 1729 ρητέον
539 1656 870 1727 μυστήριον,
920 1657 1117 1729 μικρὸν
1158 1656 1364 1711 ἀνωθεν
1404 1656 1768 1729 προσϐαλοῦσι
1808 1655 1887 1727 τῷ

303 1750 640 1821 θεωρήματι,
666 1748 888 1802 κάκεῖνό
919 1766 983 1818 γε
1025 1748 1131 1820 μὴν
1150 1750 1422 1820 εὐκαίρως
1454 1749 1884 1821 προσημηναμέ-

1977 561 2311 631 pientissimi
2365 560 2546 623 Pauli,
2577 561 2788 618 detecta
2846 562 2986 619 facie
3023 563 3281 617 nimirum
3322 563 3545 633 gloriam

1977 654 2074 708 Dei
2106 654 2267 723 quasi
2306 653 2362 707 in
2408 654 2636 725 speculo
2666 655 3106 725 contemplantes
3157 663 3212 709 et
3261 655 3555 725 inspicien-

1977 753 2063 800 tes
2085 745 2152 799 ‘°.
2176 744 2310 799 Nam
2334 760 2458 799 cum
2483 743 2591 799 Lex
2616 744 2782 811 dicat,
2815 761 2977 801 omne
2999 747 3384 810 masculinum,
3410 747 3557 817 quod

1979 835 2159 905 aperit
2206 835 2424 890 vulvam
2477 837 2841 903 sanctiﬁcari,
2898 846 3157 907 oportere
3205 846 3390 892 autem
3435 853 3554 893 eam

1981 928 2273 983 mulierem
2300 943 2426 998 qum
2466 943 2665 985 recens
2694 929 2843 984 edito
2874 937 3033 999 partu
3071 931 3333 985 mascula:
3386 931 3558 999 prolis

1980 1025 2163 1073 mater
2194 1019 2458 1084 evaserit,
2491 1019 2674 1088 spatio
2696 1018 3058 1088 quadraginta
3091 1032 3119 1070 a
3153 1026 3311 1087 partu
3343 1018 3556 1073 dierum

1982 1108 2355 1178 puriﬁcatam,
2388 1108 2461 1162 ita
2505 1109 2726 1164 tandem
2767 1123 2891 1162 cum
2941 1117 3093 1163 certa
3138 1116 3300 1178 atque
3354 1116 3557 1164 statuta

1982 1200 2164 1255 hostia
2190 1201 2454 1256 accedere
2485 1200 2550 1255 ad
2584 1201 2843 1270 templum
2870 1198 2961 1253 Dei
2995 1200 3059 1254 ":
3093 1201 3436 1271 illiquidem,
3464 1202 3557 1271 qui

1984 1292 2356 1348 vclamentum
2387 1293 2441 1347 in
2476 1293 2644 1347 corde
2675 1306 2800 1358 suo,
2855 1291 2985 1345 dum
3031 1294 3218 1363 legunt
3252 1292 3419 1349 Vetus
3455 1292 3562 1348 Te-

1986 1391 2344 1450 stamentum,
2401 1383 2827 1447 circumferunt,
2882 1384 3076 1439 iisdem
3113 1387 3413 1454 quotannis
3464 1386 3560 1440 bo-

1980 1476 2129 1540 stiis,
2157 1485 2218 1531 ut
2253 1478 2328 1530 ita
2357 1475 2534 1530 dicam
2565 1475 2726 1546 (quae
2758 1490 3041 1545 nunquam
3076 1477 3409 1532 accedentes
3436 1492 3563 1547 per-

1990 1566 2162 1623 fectos
2191 1566 2419 1622 reddere
2451 1574 2686 1637 possunt
2707 1564 2750 1638 ),
2786 1565 3109 1621 existimare
3154 1567 3356 1623 debent
3398 1568 3567 1623 stulte

1987 1662 2042 1710 et
2090 1655 2341 1725 imperite
2376 1671 2437 1711 se
2491 1655 2767 1725 ejusmodi
2833 1657 3289 1712 constitutionem
3336 1658 3565 1728 exsequi

1989 1752 2157 1816 atque
2192 1744 2452 1831 implere.”
2472 1746 2584 1800 Nos
2613 1753 2820 1810 autem,
2855 1748 3079 1817 quibus,
3112 1763 3238 1803 cum
3276 1749 3343 1803 ad
3396 1749 3565 1806 Deum

294 1813 448 1905 *νοις-ο
471 1813 557 1895 ότι
584 1839 810 1894 κατὰτὸ
836 1813 943 1910 τῆς
967 1813 1266 1908 ἐξετάσεως
1290 1813 1664 1895 ἀκόλουθον
1688 1813 1884 1911 προτε-

1990 1820 2461 1905 converteremur,
2487 1840 2761 1911 ejusmodi
2795 1840 3044 1896 velamen
3094 1841 3409 1912 ademptum
3457 1851 3565 1907 est,

304 1934 394 1989 θὲν
412 1933 508 1988 τοῦ
528 1933 714 2003 Νόμου
734 1931 1015 2004 θέσπισμα
1037 1934 1130 1987 ἐπὶ
1155 1933 1300 2005 μόνῳ
1320 1932 1397 2004 τῷ
1414 1932 1749 2004 σαρκωθέντι
1766 1932 1884 2003 Θεῷ

293 2023 622 2095 ὡρισμένως
644 2040 703 2076 τε
732 2023 826 2076 καὶ
850 2022 1307 2094 ἀνεπισυμϐάτως
1336 2023 1508 2094 ἑτέρῳ
1539 2023 1730 2095 ὁρᾶται
1751 2021 1885 2091 πλη-

299 2116 588 2188 ρούμενον.
619 2116 796 2179 Μόνος
811 2114 920 2185 γὰρ
944 2115 1106 2179 αὐτὸς
1137 2115 1393 2187 ἀρρήτως
1424 2113 1768 2184 συλληφθεὶς,
1796 2116 1887 2168 καὶ

292 2209 599 2281 ἀφράστως
620 2207 872 2278 κυηθεὶς,
906 2206 980 2278 μὴ
998 2205 1487 2277 προδιηνοιγμένην
1511 2204 1589 2276 τῷ
1606 2206 1768 2275 γάμῳ
1789 2205 1890 2276 τὴγ

299 2301 641 2372 παρθενικὴν
667 2301 882 2371 μήτραν
914 2297 1168 2368 ἀνέῳξεν,
1202 2297 1271 2351 τὰ
1307 2297 1598 2368 σήμαντρα
1618 2297 1720 2366 τῆς
1743 2314 1887 2368 παρ.

305 2393 490 2456 θενίας
520 2392 896 2464 ἀπαράτρωτα
920 2392 1015 2444 καὶ
1039 2388 1178 2460 μετά
1199 2388 1297 2459 τὴν
1329 2388 1632 2460 παράδοξον
1661 2387 1888 2460 πρόοδον

296 2484 703 2555 φυλαξάμενος,
760 2483 854 2537 καὶ
892 2482 1050 2553 μόνος
1101 2483 1276 2553 ἀρρην
1319 2479 1703 2550 πνευματικῶς
1743 2477 1888 2534 εἶναι

301 2577 687 2640 πεπίστευται,
731 2574 899 2647 μηδὲν
938 2577 1037 2646 τῆς
1075 2572 1458 2645 θηλυπρεποῦς
1489 2572 1761 2643 ἁμαρτίας
1788 2572 1890 2627 ἐπ-

305 2668 596 2739 αγόμενος,
643 2668 771 2722 ὅθεν,
815 2666 910 2720 xui.
936 2665 1105 2729 ὅντως
1134 2664 1286 2733 ἀγιος
1328 2664 1564 2729 ἐπαξίως
1603 2664 1888 2736 κέκληται⁶

298 2759 497 2831 ῶσπερ
526 2761 621 2813 καὶ
656 2758 896 2829 Γαϐριὴλ
937 2757 1007 2811 τὰ
1034 2756 1128 2811 τοῦ
1170 2757 1433 2820 ζωοποιοῦ
1468 2758 1625 2812 τόκου
1659 2761 1724 2829 τῇ
1752 2759 1890 2812 Θεο-

306 2853 452 2922 τόκῳ
479 2850 659 2923 φέρων
705 2850 1020 2918 εὐαγγέλια,
1049 2849 1214 2903 οἱονεὶ
1242 2847 1340 2919 τὴν
1371 2850 1499 2920 περὶ
1521 2848 1710 2902 τούτου
1754 2867 1892 2921 προ-

207 2995 226 3012 ,
300 2944 672 3015 »διωρισμένην
683 2959 741 2995 τε
774 2943 870 2996 καὶ
885 2943 964 3006 είς
980 2942 1144 2995 αὐτὸν
1166 2941 1325 3011 μόνον
1340 2941 1556 3012 ὁρῶσαν
1568 2941 1891 3011 νομοθεσίαν

308 3038 366 3090 ἐν
403 3036 706 3106 ἀναμνήσει
748 3034 1090 3105 ποιούμενοςο
1134 3035 1228 3088 Διὸ
1267 3032 1365 3088 καὶ
1408 3034 1473 3087 τὸ
1521 3032 1896 3103 γεννώμενον

1989 1931 2084 2000 qui
2124 1931 2295 1986 semel
2327 1931 2384 1985 in
2435 1931 2917 1987 consummatione
2965 1933 3067 1986 aevi
3103 1932 3171 1987 ad
3216 1934 3567 2004 rejectionem

1989 2028 2044 2076 et
2074 2023 2524 2093 reprobationem
2554 2024 2767 2093 peccati
2798 2038 2898 2093 per
2928 2024 3162 2079 hostiam
3188 2025 3310 2096 ejus
3337 2026 3570 2082 manife-

1991 2122 2198 2169 statum
2227 2114 2402 2171 fuisse
2433 2130 2693 2186 magnum
2722 2115 2946 2186 pietatis
2978 2118 3302 2188 mysterium
3327 2119 3568 2173 credidi-

1991 2222 2136 2268 mus,
2168 2216 2332 2282 prout
2358 2207 2583 2279 dignum
2605 2215 2689 2264 est
2717 2207 2925 2264 lumine
2945 2209 3216 2274 veritatis,
3238 2211 3572 2281 pnelucente

1990 2296 2112 2351 face
2139 2296 2393 2366 spiritus,
2423 2299 2718 2368 prmsentis
2770 2298 3037 2354 solemnis
3087 2301 3196 2355 diei
3231 2300 3356 2356 festi
3404 2310 3571 2372 atque

1989 2396 2300 2442 conventus
2344 2390 2667 2460 mysterium
2713 2387 3071 2444 considerare
3102 2397 3269 2461 atque
3319 2400 3572 2461 spectare

1991 2487 2233 2550 oportet,
2263 2481 2428 2549 paulo
2459 2496 2574 2536 rem
2609 2482 2780 2536 altius
2809 2482 3104 2552 repetendo
3138 2484 3570 2552 speculationem

1993 2575 2161 2637 atque
2182 2569 2683 2624 considerationem
2714 2570 3126 2641 aggredicntcs:
3149 2568 3204 2628 et
3232 2580 3416 2629 tamen
3441 2573 3573 2629 illud

1992 2671 2142 2716 certe
2181 2663 2336 2732 prius
2369 2663 2706 2731 conjerturis
2735 2672 2789 2718 et
2816 2664 2989 2735 signis
3016 2675 3375 2736 assequentes
3407 2674 3574 2737 atque

1994 2761 2275 2817 notantes,
2314 2754 2656 2825 propositum
2691 2752 2854 2825 legis
2888 2767 3245 2826 praeceptum,
3297 2767 3479 2827 prout,
3517 2773 3576 2813 re

1994 2844 2229 2913 quaesita
2261 2855 2427 2914 atque.
2460 2845 2770 2916 disceptata
2803 2845 3036 2903 eﬂicitur
3083 2858 3247 2916 atque
3280 2853 3576 2919 consequi-
3636 2829 3651 2841 ⁸

1994 2944 2108 2999 tur,
2143 2936 2197 2990 in
2225 2938 2345 2990 solo
2370 2935 2481 2991 Deo
2523 2952 2745 2992 carnem
2782 2937 2975 2991 induto
3018 2937 3303 3002 distincte,
3349 2940 3573 3006 diserte,

1998 3029 2276 3083 destinate
2300 3028 2467 3083 sin.ul
2501 3037 2665 3098 atque
2697 3030 2773 3082 ita
2805 3038 2979 3091 certo,
3013 3038 3072 3083 ut
3115 3030 3319 3084 nemini
3354 3031 3578 3100 insuper

300 3128 499 3197 ἅγιον,
544 3126 716 3194 ἔλεγε,
756 3127 1126 3192 κληθήσεται
1169 3125 1299 3190 Υἱός
1328 3124 1479 3180 Θεοῦ
1510 3140 1524 3154 ’
1568 3124 1645 3189 ὡς
1690 3124 1891 3196 κυρίως

1999 3123 2158 3178 alteri
2211 3123 2530 3187 contingere
2591 3121 2852 3191 potuerit,
2904 3121 3124 3191 impleri
3171 3122 3365 3177 videri.
3413 3122 3578 3181 Solus

304 3224 407 3289 τῆς
439 3221 534 3276 τοῦ
565 3224 721 3292 ἁγίου
742 3221 1091 3294 ἁρμοζούσης
1123 3222 1438 3292 ἐπωνυμίας
1468 3220 1547 3292 τῷ
1570 3221 1668 3293 τὴν
1698 3221 1898 3293 παρθέ-

308 3331 400 3368 νον
423 3316 635 3388 μήτραν
675 3318 741 3387 τῇ
785 3315 907 3387 θείᾳ
945 3314 1267 3380 διανοίξαντι
1319 3312 1750 3385 θαυματουργία.
1787 3312 1897 3366 Καὶ

306 3407 401 3459 ἐπὶ
427 3405 526 3476 μὲν
562 3405 672 3460 τῶν
706 3406 881 3460 ἄλλων
910 3405 1296 3477 πρωτοτόκων,
1326 3402 1457 3473 am
1488 3403 1662 3456 ταῦτα
1688 3401 1895 3473 κληθή-

288 3499 522 3557 σεσθαι,
557 3494 1036 3566 βεϐασανισμένως
1074 3491 1151 3563 τῷ
1192 3490 1346 3563 βάθει
1382 3489 1477 3544 τοῦ
1515 3490 1700 3560 Νόμου
1734 3487 1899 3556 ἐγκύ-

298 3587 458 3657 ψασα
485 3590 518 3659 ἡ
542 3587 870 3658 εύαγγελικὴ
895 3585 1173 3657 ἀκρίϐεια,
1197 3586 1574 3656 διηγόρευσεν,
1603 3583 1678 3647 ὡς
1700 3585 1766 3654 τῇ
1799 3580 1895 3635 τοῦ

308 3676 444 3731 Θεοῦ
489 3677 784 3750 ἀφιερώσει
822 3677 885 3731 τὸ
923 3676 1064 3730 οὕτω
1106 3674 1386 3728 καλεῖσθαι
1411 3672 1852 3743 κληρωσαμένων
1880 3684 1895 3700 ⁸

304 3769 403 3821 ἐπὶ
434 3767 491 3821 δὲ
531 3767 625 3821 τοῦ
660 3766 1009 3839 πρωτοτόκου
1052 3763 1233 3833 πάσης
1275 3762 1527 3824 κτίσεως.
1557 3760 1756 3829 ’Ἁτιον
1792 3759 1900 3814 τὸν
1934 3832 1937 3835 _

309 3859 685 3931 γεννώμενον
722 3860 752 3912 ὁ
795 3856 1025 3926 ἄγγελος
1066 3855 1307 3925 εἴρηκεν,
1355 3851 1431 3916 ὡς
1485 3850 1644 3906 τοῦτο
1695 3852 1900 3922 κυρίως

311 3953 593 4024 ὑπάρχων,
640 3950 735 4005 καὶ
785 3951 885 4022 τὴν
921 3948 1090 4011 ὅντως
1120 3946 1380 4017 ἁγιότητα
1410 3946 1467 3999 ἐν
1492 3946 1559 4015 τῇ
1593 3945 1897 4014 ἀποπομπῇ

307 4044 410 4114 τῆς
432 4042 652 4107 κακίας,
687 4041 782 4095 καὶ
810 4042 877 4111 τῇ
920 4037 1014 4093 τοῦ
1045 4036 1252 4107 ἀγαθοῦ
1281 4037 1500 4106 ἐκλογῇ,
1527 4033 1644 4105 ἅμα
1670 4033 1748 4105 τῷ
1776 4050 1899 4103 γεν-

310 4134 561 4205 νηθῆναι,
588 4132 667 4196 ὥς
712 4148 874 4202 φησιν
904 4132 933 4185 ὁ
959 4130 1268 4200 προφήτης,
1292 4125 1719 4195 ἐπιδειξάμενος.

2000 3216 2145 3270 enim
2178 3216 2268 3269 ille
2305 3212 2663 3269 ineﬂ'abiliter
2712 3221 3034 3283 conceptus,
3077 3223 3134 3269 et
3182 3215 3580 3286 inexplicabili-

2000 3313 2084 3360 ter
2108 3306 2161 3359 in
2199 3314 2358 3359 utero
2388 3313 2655 3375 gestatus,
2683 3320 2827 3369 eam,
2858 3320 2981 3374 qua:
3009 3320 3107 3375 per
3152 3309 3374 3377 nuptias
3428 3310 3580 3378 prius

2000 3400 2187 3463 aperta
2236 3408 2344 3448 non
2404 3392 2602 3456 fuerat,
2670 3394 2996 3464 virginalem
3055 3396 3274 3449 vulvam
3338 3400 3577 3468 aperuit,

1999 3486 2165 3538 etiam
2205 3493 2330 3553 post
2363 3499 2564 3539 novum
2598 3494 2653 3538 et
2701 3485 3080 3542 admirabilem
3122 3503 3476 3558 progressum
3514 3493 3582 3545 il—

2003 3573 2132 3630 laesa
2167 3590 2398 3630 servans
2423 3585 2478 3631 et
2503 3575 2768 3630 inviolata
2805 3577 3090 3648 signacula
3126 3581 3485 3650 virginitatis.
3522 3592 3581 3640 et

1999 3666 2158 3722 solus
2211 3668 2494 3724 masculus
2543 3668 2907 3740 Spiritualitcr
2966 3687 3089 3727 esse
3138 3675 3385 3730 creditus
3450 3685 3578 3743 est,

1978 3759 2206 3831 quippe
2235 3775 2362 3814 cum
2400 3761 2605 3815 nullam
2639 3765 2982 3819 contraxerit
3039 3766 3331 3822 muliebris
3370 3771 3582 3837 peccati

2003 3852 2414 3925 contagionem,
2451 3853 2597 3909 unde
2628 3855 2791 3909 etiam
2826 3871 2955 3911 vere
2977 3864 3228 3923 sanctus,
3258 3867 3318 3914 ut
3347 3874 3446 3929 par
3474 3872 3580 3929 est,

2004 3955 2230 4001 vocatus
2263 3955 2371 4001 est.
2404 3945 2877 4011 Quemadmodum
2906 3948 3071 4003 etiam
3104 3947 3330 4005 Gabriel
3375 3950 3581 4006 bonum

2005 4037 2202 4092 vivilici
2253 4046 2444 4108 partus
2478 4037 2724 4108 Deipara:
2764 4041 3019 4095 nuntium
3051 4051 3374 4112 apportans,
3421 4047 3578 4113 quasi

2007 4126 2074 4181 ad
2125 4136 2361 4182 mentem
2396 4135 2450 4182 et
2495 4129 2815 4184 memoriam
2865 4129 3125 4201 redigens
3175 4147 3318 4198 eam,
3357 4149 3479 4204 qua:
3514 4140 3583 4189 de

312 4227 410 4281 illo
452 4236 566 4280 tum
614 4223 999 4294 praedestinata
1052 4227 1192 4284 erat,
1245 4229 1359 4275 tum
1402 4218 1469 4273 ad
1517 4233 1642 4273 eum
1699 4218 1877 4272 solum
1918 4218 2390 4296 spectabat,legis
2410 4221 2890 4279 constitutionem.
2956 4223 3324 4290 Quamobrem
3388 4228 3578 4291 etiam,

314 4317 465 4391 quod
543 4323 802 4371 nascetur
846 4322 1099 4370 sanctum
1126 4352 1143 4377 ,
1200 4310 1485 4381 inquiebat
1508 4312 1573 4377 “,
1630 4310 1920 4364 vocabitur
1958 4308 2135 4365 Filius
2167 4307 2308 4366 Dei:
2360 4313 2562 4382 quippe
2595 4313 2815 4382 proprie
2858 4324 3054 4369 sancto
3132 4326 3496 4386 cognomento
3522 4317 3573 4371 ei

314 4407 697 4471 conveniente,
731 4405 827 4476 qui
872 4403 1105 4459 miriﬁca
1141 4413 1304 4471 atque
1332 4403 1518 4457 divina
1572 4402 1891 4472 operatione
1926 4401 2145 4457 vulvam
2177 4404 2395 4474 aperuit
2424 4404 2771 4476 virginalem.
2832 4406 3012 4476 Atque
3042 4406 3111 4461 de
3148 4407 3272 4461 aliis
3353 4406 3572 4476 quidem

316 4495 695 4566 primogenitis
761 4497 1093 4552 animalibus
1148 4496 1437 4567 diligenter
1486 4502 1539 4549 et
1599 4495 1873 4565 exquisite
1911 4495 2341 4565 profunditatem
2395 4496 2556 4569 Legis
2619 4498 2941 4569 inSpicicns,
2984 4494 3219 4565 diligens
3245 4506 3299 4553 et
3319 4508 3574 4555 accurata

315 4587 566 4641 doctrina
596 4588 910 4659 evangelica
957 4598 1148 4644 sancta
1205 4586 1322 4640 haec
1353 4595 1605 4641 vocatum
1648 4587 1717 4641 iri
1766 4587 1925 4652 dixit,
1967 4589 2168 4659 quippe
2193 4605 2259 4644 ex
2300 4605 2368 4646 eo
2395 4590 2540 4662 quod
2576 4589 2687 4647 Deo
2721 4597 3177 4645 consecrarentur
3243 4603 3307 4642 ac
3351 4588 3572 4644 dedica-

318 4689 531 4746 rentur,
577 4679 681 4734 hoc
717 4679 1046 4735 vocabulum
1096 4679 1293 4735 sortita
1328 4685 1493 4746 atque
1547 4675 1783 4748 adepta;
1825 4675 1894 4731 de
1929 4676 2026 4732 illo
2064 4693 2194 4733 vero
2254 4678 2350 4749 qui
2419 4678 2602 4734 omnis
2640 4685 2905 4733 creaturae
2949 4677 3347 4747 primogenitus
3376 4675 3475 4731 l‘uit
3504 4677 3567 4741 ⁸³,

324 4778 578 4828 sanctum
612 4787 737 4826 eum
768 4771 862 4841 qui
905 4777 1188 4833 nascetur,
1235 4768 1463 4838 angelus
1506 4767 1667 4834 dixit,
1700 4766 1885 4837 utqui
1929 4769 2151 4839 preprie
2213 4771 2262 4826 is
2323 4777 2471 4824 esset
2497 4769 2591 4839 qui
2621 4777 2933 4832 vocaretur,
2963 4777 3019 4824 et
3071 4784 3256 4824 veram
3307 4770 3571 4824 sanctita-

318 4874 547 4931 temper
579 4862 930 4932 rejectionem
951 4863 1172 4917 malitia:
1226 4871 1279 4917 et
1305 4861 1626 4917 electionem
1656 4860 1916 4916 bonitatis
1955 4860 2116 4916 simul
2152 4877 2217 4917 ac
2288 4870 2453 4918 natus
2508 4868 2615 4925 est,
2672 4869 2731 4914 ut
2759 4859 2940 4930 inquit
2998 4861 3265 4929 propheta
3325 4861 3378 4915 in
3445 4874 3570 4916 sese

317 4958 680 5014 declarasset.

401 5048 541 5103 Ἀλλ’
567 5044 897 5101 ἐπανακτέον
932 5046 1024 5099 ἐπὶ
1049 5045 1147 5116 τὴν
1192 5044 1465 5100 θάλασσαν
1510 5045 1610 5116 τῆς
1644 5043 1891 5117 θεωρίας,

2074 5040 2278 5096 Verum
2317 5039 2769 5109 redeundunrest
2795 5039 2863 5095 ad
2897 5055 3049 5096 mare
3081 5040 3498 5111 speculatiouis,
3525 5050 3585 5096 ιιι

315 5143 392 5207 ὡς
425 5144 460 5213 ἡ
483 5141 602 5196 θεία
630 5138 967 5212 προστάσσει
990 5137 1068 5210 τῷ
1096 5136 1363 5210 νομοθέτῃ
1390 5137 1567 5208 φωνὴ,
1601 5136 1696 5190 τοῦ
1723 5134 1898 5190 Πνεύ-

321 5250 490 5306 ματος
520 5231 765 5303 χάριτος,
804 5228 880 5293 ὡς
917 5229 974 5281 ἐν
1009 5225 1186 5296 στύλῳ
1224 5226 1396 5296 πυρὸς
1428 5225 1523 5280 καὶ
1548 5223 1802 5294 νεφέλης,
1832 5224 1900 5294 τῇ

316 5327 429 5381 τῶν
455 5324 686 5397 Γραφῶν
709 5320 1055 5393 λαμπρότητι
1092 5316 1186 5371 τοῦ
1217 5315 1404 5371 ἐνθέου
1440 5317 1541 5386 τῆς
1579 5314 1903 5386 Ἐκκλησίας

320 5418 687 5490 στρατοπέδου
731 5411 1166 5486 προηγουμένης,
1192 5410 1278 5463 ἵνα
1322 5410 1390 5480 τῇ
1423 5408 1601 5480 ῥάϐδῳ
1626 5409 1725 5479 τῆς
1743 5407 1898 5462 δυνά-

321 5524 471 5580 μεως
498 5509 566 5577 τῇ
592 5504 1028 5575 ἀποστελλομένη
1051 5502 1117 5554 ἐκ
1144 5501 1242 5569 τῆς
1258 5498 1370 5553 ἀνω
1387 5497 1545 5563 Σιὼν,
1564 5496 1641 5563 ὡς
1664 5498 1900 5552 Ψάλλων

319 5596 509 5668 φησιν,
545 5594 610 5647 δι’
647 5589 716 5665 ἦς
744 5594 794 5647 οἱ
823 5593 1007 5664 ἐχθροὶ
1028 5588 1395 5661 κυριεύονται,
1422 5588 1484 5640 τὸ
1516 5587 1608 5642 τοῦ
1636 5589 1899 5660 γράμμα-

385 5775 437 5808 ⁴⁶
470 5770 515 5828 ll
542 5771 670 5827 Cor.
706 5786 789 5837 ιιι,
824 5770 906 5826 18.
983 5773 1024 5803 “
1061 5769 1234 5830 chit.
1277 5785 1373 5840 xu,
1400 5769 1436 5824 ‘2
1474 5785 1574 5842 sqq

1996 5133 2181 5190 divina
2211 5146 2313 5187 vox
2349 5132 2581 5200 imperat
2611 5131 2933 5202 legislatori,
2969 5133 3147 5205 gratia
3209 5131 3471 5203 Spiritus,
3526 5142 3585 5187 ut

2000 5225 2054 5279 in
2084 5224 2343 5279 columna
2385 5223 2529 5294 ignis
2568 5230 2623 5278 et
2666 5224 2849 5287 nubis,
2911 5217 3203 5294 splendore
3267 5223 3584 5294 Scriptura-

2003 5331 2126 5372 rum
2152 5314 2341 5369 divino
2382 5314 2610 5369 numine
2651 5314 2892 5369 amatum
2958 5316 3260 5371 exercitum
3328 5316 3589 5374 Ecclesiae

2003 5406 2366 5478 praecedente,
2399 5414 2458 5460 ιιι
2492 5406 2643 5476 virga
2675 5407 2919 5471 virtutis,
2948 5421 3071 5477 quae
3093 5409 3368 5463 emittitur
3390 5426 3454 5464 ex
3493 5426 3590 5467 su-

2006 5514 2134 5569 pera
2166 5496 2357 5565 Sione,
2390 5508 2451 5552 ut
2479 5498 2949 5570 Psalmographus
2975 5500 3154 5570 inquit
3183 5500 3261 5568 ¹⁵;
3293 5516 3391 5571 per
3420 5518 3587 5572 quam

2007 5590 2217 5646 inimici
2277 5593 2332 5646 in
2365 5598 2691 5661 potestatem
2747 5592 3095 5663 rediguntur,
3135 5593 3328 5651 littera:
3360 5594 3593 5666 pelagus

1676 5771 1717 5803 ¹²
1749 5768 1885 5826 Luc.
1918 5783 1959 5838 ι,
1998 5768 2089 5824 55.
2169 5769 2212 5803 "
2242 5769 2461 5827 Coloss.
2491 5784 2534 5839 ι,
2567 5771 2657 5828 15.
2739 5770 2785 5804 ¹⁸
2820 5770 2965 5829 Psal.
3006 5787 3115 5844 cn,
3145 5772 3200 5829 2.
