3950 6156
481 300 621 359 H59
1736 298 1797 356 S.
1827 297 2157 357 GREGORII
2190 299 2489 360 NYSSENI
3612 302 3759 359 uno

476 414 548 470 a'o
583 414 684 469 hac
718 420 773 469 ct
799 412 868 468 ab
907 412 996 467 illa
1031 420 1187 484 parte
1236 415 1506 486 utrinque
1530 415 1817 475 diductum
1883 428 2045 489 atque

2152 438 2243 486 τος
2272 422 2610 493 περάσαντες
2639 421 2873 491 πέλαγος
2894 462 2908 486 ,
2952 421 3082 476 ἔνθα
3113 422 3208 477 καὶ
3236 419 3366 476 ἔνθα
3404 420 3753 493 διῃρημένον

474 507 711 563 divisum
739 522 838 577 per
865 507 1184 563 distinctum
1212 524 1277 563 ac
1310 509 1614 566 dilucidum
1674 512 2045 568 intellectunm

2152 515 2217 568 ὲν
2247 516 2315 585 τῇ
2346 515 2586 584 εὐκρινεί
2612 514 2862 569 διαϐάσει
2892 515 3001 569 τῶν
3026 514 3332 585 νοημάτων,
3357 514 3420 567 τὸ
3439 513 3759 582 Αίγύπτιον

474 601 772 656 transitum
832 600 1188 670 transgressi,
1230 598 1553 673 Egyptium
1609 618 1832 659 sensum
1869 607 2045 676 gratia

2157 609 2265 663 τῶν
2294 608 2666 664 ἀπειθούντων
2718 612 2783 682 τῇ
2835 609 3019 681 χάριτι
3057 609 3434 681 διαδράσωμεν
3461 608 3756 677 φρόνημα,

473 707 584 747 non
645 692 986 749 credentium
1041 692 1388 762 eliugiamns,
1441 695 1552 751 illis
1613 696 1750 766 ipsis
1807 697 2045 754 veritatis

2158 700 2603 770 συγκλυσθέντων
2645 702 2826 755 αὐτῶν
2857 701 2956 773 τῆς
2983 701 3236 772 ἀληθείας
3260 701 3340 771 τῷ
3376 700 3594 772 ῥείθρῳ
3622 716 3638 728 ο
3674 694 3758 761 οἷς

474 784 639 840 undis
669 783 996 840 etiluctibus
1021 784 1365 853 submersis;
1398 787 1491 856 qui
1515 786 1737 843 student
1765 786 2050 843 nosEvan-

472 877 601 947 gelii
638 877 834 933 itinere
893 876 961 931 ad
1004 877 1351 948 spiritualem
1408 888 1612 934 terram
1675 880 2056 950 promissionis

473 979 762 1039 pergentes
824 969 1117 1039 prohibere
1156 978 1211 1026 et
1250 970 1544 1041 impedire,
1598 973 1897 1044 volantque
1951 987 2055 1028 nos

472 1061 542 1116 ad
564 1061 800 1116 ferreum
828 1063 1021 1117 littera:
1051 1062 1334 1118 fornacem
1366 1064 1515 1135 (qua:
1537 1080 1625 1120 res
1652 1064 1926 1137 Egyptus
1957 1081 2055 1120 no-

473 1153 679 1207 minata
695 1156 802 1224 est)
822 1155 872 1210 id
898 1163 984 1211 est
1006 1156 1122 1211 luto
1138 1155 1392 1227 ﬁngendo
1414 1158 1789 1229 lateribusque
1809 1174 2052 1229 coquen-

469 1244 580 1303 dis.
619 1244 672 1299 id
701 1252 788 1299 est
813 1246 1196 1315 corporalibus
1222 1247 1388 1318 Legis
1414 1248 1904 1306 observationibus
1934 1266 2055 1306 ser-

471 1336 707 1398 vicnlcs,
753 1351 996 1391 manere.
1067 1335 1297 1393 Dicebat
1361 1339 1532 1410 igitur
1586 1356 1817 1397 summae
1866 1357 2050 1399 rerum

468 1429 614 1482 Deus
641 1427 811 1499 Moysi
845 1428 898 1482 in
934 1426 1194 1498 Aigypto,
1219 1444 1345 1484 cum
1374 1430 1487 1498 jam
1525 1416 1740 1501 plagam
1782 1432 1932 1488 illam
1995 1441 2052 1489 et

467 1536 689 1590 plenam
717 1520 982 1575 adversus
1008 1518 1228 1590 Aigypti
1287 1520 1659 1592 primogenita
1719 1526 2047 1581 statuisset:

469 1612 768 1682 Suuctiﬁca
789 1612 918 1666 mihi
946 1629 1099 1667 omne
1140 1613 1547 1683 primogenitum
1592 1617 1865 1685 primoque
1893 1624 2051 1685 partu

458 1704 667 1758 editum
694 1704 834 1774 quod
871 1705 1038 1774 aperit
1070 1721 1277 1759 onmem
1315 1706 1524 1760 vulvam
1584 1708 1639 1761 in
1691 1708 1819 1777 ﬁliis
1875 1706 2051 1762 Israel

466 1799 535 1851 ab
566 1799 777 1852 homine
809 1814 973 1869 usque
1007 1799 1080 1852 ad
1108 1814 1264 1867 pecus
1299 1798 1367 1853 “.
1394 1786 1571 1869 Cujus
1595 1800 1799 1855 divinae
1843 1800 2051 1856 consti-

467 1889 699 1944 tutionis
765 1889 1153 1959 complicatam
1225 1897 1280 1946 et
1340 1889 1646 1946 involutam
1699 1893 2048 1959 sententiam,

464 1989 728 2052 tanquam
813 1981 1098 2051 explicans
1180 1989 1237 2037 et
1309 1997 1593 2052 exponens
1668 1997 1795 2038 cum
1874 1999 2051 2054 popu-

468 2073 580 2127 lum
659 2072 1035 2142 alloquerctur
1098 2072 1295 2128 beatus
1360 2071 1598 2144 Moyses,
1672 2072 1742 2128 Et
1811 2075 2044 2139 accidet,

468 2163 670 2235 inquit,
698 2180 818 2219 curii
848 2163 1103 2218 Dominus
1152 2163 1294 2218 Deus
1323 2176 1445 2219 tuus
1474 2165 1839 2221 introduxerit
1890 2176 1940 2223 te
1991 2170 2048 2223 in

466 2264 666 2308 terram
703 2253 1150 2319 Chananworum,
1210 2254 1653 2328 quemadmodum
1685 2257 1893 2325 juravit
1953 2259 2049 2313 tibi

463 2355 515 2400 et
542 2345 786 2415 patribus
815 2347 921 2401 tuis
954 2346 1082 2399 dum
1107 2346 1315 2400 diccbat
1339 2361 1359 2400 :
1389 2345 1454 2399 Et
1491 2347 1631 2402 dabo
1665 2348 1760 2402 tibi
1788 2365 1939 2413 eam;
1967 2367 2050 2405 se-

463 2438 705 2510 gregabis
733 2454 886 2492 omne
912 2438 1053 2509 quod
1082 2439 1281 2508 aperiet
1310 2439 1539 2504 vulvam,
1574 2442 1817 2495 mascula
1837 2441 2046 2509 (videli-

464 2538 570 2591 cet)
604 2528 866 2585 Domino:
914 2540 966 2584 et
1023 2546 1177 2585 omne
1217 2532 1462 2600 aperiens
1520 2532 1728 2588 vulvam
1782 2550 1847 2589 ea:
1891 2535 2046 2590 boum

463 2621 743 2684 armentis,
776 2630 870 2677 aut
897 2621 953 2676 in
974 2620 1248 2692 pecoribus
1274 2623 1404 2686 tuis,
1431 2613 1754 2695 quacunque
1794 2625 1890 2679 tibi
1918 2636 2046 2682 nata

465 2712 687 2782 fuerint,
715 2713 1015 2769 masculina
1061 2712 1294 2769 Domino
1323 2714 1619 2769 dedicabis.
1657 2714 1826 2771 Omne
1871 2728 2047 2772 autent

464 2806 706 2873 aperiens
753 2805 962 2860 vulvam
1008 2807 1199 2870 asina,
1238 2823 1330 2861 ove
1374 2808 1761 2862 commutabis:
1807 2808 1946 2879 quod
1999 2809 2049 2863 si

465 2912 572 2950 non
600 2896 1028 2959 commutaveris,
1072 2897 1298 2952 redimes
1319 2897 1484 2962 illud,
1512 2908 1561 2952 et
1598 2915 1803 2953 omnem
1835 2899 2044 2967 primo-

461 2990 698 3059 genitum
722 2989 961 3059 ﬁliorum
994 2998 1208 3045 tuorum
1230 2989 1455 3046 redimes
1494 2991 1567 3058 ¹⁸,
1595 2992 1649 3047 id
1700 3000 1806 3058 est,
1845 3007 1947 3063 pro
1977 3007 2046 3048 eo

2154 794 2244 847 διὰ
2275 796 2511 866 σπουδῆς
2543 797 2714 859 ἐστιν,
2741 794 3054 865 ἐμποδίζειν
3085 796 3217 865 ἡμῖν
3245 795 3345 865 τὴν
3366 793 3463 846 ἐπὶ
3491 809 3756 861 πνευμα-

2154 885 2313 955 τικὴν
2349 888 2456 957 γῆν
2487 886 2586 957 τῆς
2616 885 3060 954 ἐπαγγελίας-τοῦ
3080 884 3412 954 Εὐαγγελίου
3442 883 3592 945 ὁδὸν,
3630 883 3752 936 ἐ,θὲ-

2155 976 2267 1031 λειν
2288 995 2350 1031 τε
2384 980 2442 1031 ἐν
2472 983 2534 1050 τῇ
2587 979 2785 1050 σιδηρᾷ
2818 978 3034 1050 καμίνῳ
3078 977 3172 1031 τοῦ
3201 977 3535 1049 γράμματος
3586 976 3753 1048 (ὃπρ

2155 1070 2489 1140 ήΛίγυπτος
2527 1070 2862 1142 ὠνόμασται)
2899 1070 3227 1142 προσμένειν
3254 1071 3424 1142 ἡμᾶς,
3464 1070 3547 1140 τῷ
3590 1069 3752 1139 πηλῷ

2154 1162 2250 1216 καὶ
2278 1165 2344 1234 τῇ
2373 1162 2623 1234 πλινθείᾳ
2652 1162 3025 1228 δουλεύοντας,
3057 1161 3304 1217 τουτέστι
3329 1163 3452 1225 ταῖς
3497 1178 3753 1232 σωματι-

2154 1256 2279 1317 καῖς
2325 1253 2421 1306 τοῦ
2475 1254 2664 1325 Νόμου
2710 1255 3180 1327 παρατηρήσεσιν.
3236 1252 3381 1325 Ἔφη
3427 1254 3620 1308 τοίνυν

2151 1345 2359 1417 Μωῦσῇ
2395 1346 2452 1399 ἐν
2483 1345 2744 1416 Αἰγύπτῳ
2775 1347 2805 1399 ὁ
2851 1346 2959 1399 τῶν
2998 1347 3135 1400 ὅλων
3167 1345 3298 1409 Θεὸς
3342 1345 3446 1417 ἠδη
3476 1345 3582 1416 τὴν
3606 1348 3751 1399 κατὰ

2151 1435 2262 1489 τῶν
2307 1436 2670 1507 πρωτοτόκων
2710 1437 2990 1506 Αἰγύπτου
3037 1437 3436 1508 διορισάμενος,
3477 1438 3707 1507 πληγήν
3733 1452 3747 1467 ο

2165 1528 2450 1597 ’Λγίασόν
2473 1547 2574 1598 μοι
2607 1528 2732 1585 πᾶν
2776 1531 3154 1598 πρωτότοκον
3192 1529 3571 1598 πρωτοτενὲς
3618 1529 3749 1583 δια-

2150 1622 2357 1691 νοῖγον
2378 1621 2588 1678 πᾶσαν
2607 1622 2846 1693 μήτραν
2869 1622 2941 1676 ἐν
2967 1621 3090 1688 τοῖς
3121 1622 3272 1688 υίοῖς
3311 1621 3591 1690 Ἰσραὴλ,
3624 1621 3745 1676 ἀπό

2151 1712 2466 1781 ἀνθρώπου
2509 1711 2619 1779 ἕως
2654 1711 2935 1779 κτήνουςο
2957 1707 3024 1785 ἦς
3059 1728 3205 1775 τινος
3233 1711 3383 1775 θείας
3411 1711 3746 1781 νομοθεσίας

2083 1769 2123 1823 Β
2151 1804 2214 1857 ab
2258 1769 2716 1873 ’συνεπτυγμενον
2751 1769 2956 1873 ’ὥσπερ
2980 1769 3322 1866 ⁵ίιῖέαπλίὶισας
3465 1769 3744 1872 nauigio;

2155 1896 2398 1966 Μωῦσῆς
2428 1896 2486 1948 ὲν
2523 1897 2590 1966 τῇ
2630 1894 2771 1967 πρὸς
2802 1894 2895 1948 τὸν
2922 1893 3053 1948 λαὸν
3082 1893 3317 1958 διαλέξει
3347 1893 3740 1962 ἀποφαίνεται·

2153 1987 2260 2042 Καί
2297 1987 2471 2041 ἔσται
2496 1987 2578 2052 ὡς
2592 1987 2669 2041 ἂν
2701 1985 2993 2056 εἰσαγάγῃ
3032 2000 3108 2040 σε
3141 1986 3357 2052 Κύριος
3386 1988 3419 2039 ό
3442 1985 3595 2049 686(-
3622 2002 3741 2038 σου

2150 2079 2238 2143 είς
2264 2076 2372 2144 τὴν
2407 2076 2525 2147 γῆν
2570 2076 2692 2130 τῶν
2721 2076 3074 2131 Χαναναίων
3095 2116 3111 2139 ,
3169 2075 3243 2129 ὃν
3278 2075 3508 2143 τρόπον
3537 2073 3743 2141 ὤμοσέ

2150 2182 2252 2222 σοι
2279 2169 2379 2222 καὶ
2409 2168 2533 2236 τοῖς
2561 2167 2822 2237 πατράσι
2849 2185 2967 2223 σου
2984 2182 2999 2196 ⁸
3040 2166 3148 2222 Καὶ
3183 2164 3355 2220 δώσω
3390 2181 3494 2219 σοι
3516 2164 3741 2231 αὐτὴν,

2149 2260 2413 2330 ἀροριεῖς
2437 2261 2560 2317 πᾶν
2588 2260 2897 2329 διανοῖγον
2922 2262 3192 2329 μήτραν,
3227 2259 3301 2314 τὰ
3335 2259 3633 2328 ἀρρενικὰ
3660 2258 3742 2325 τῷ

2149 2355 2346 2422 Κυρίῳ
2369 2369 2385 2385 ⁸
2431 2353 2532 2408 καὶ
2553 2352 2678 2409 πᾶν
2696 2353 3004 2423 διανοῖγον
3013 2352 3251 2422 μήτραν
3268 2352 3338 2406 ἐκ
3368 2351 3487 2405 τῶν
3507 2352 3742 2415 βουκο-

2147 2444 2328 2510 λέων,
2382 2444 2421 2513 ἢ
2452 2446 2522 2499 ἐν
2568 2444 2693 2510 τοῖς
2736 2442 2988 2508 κτήνεσί
3023 2459 3177 2507 σου,
3233 2443 3352 2497 ὅσα
3382 2443 3462 2496 ἂν
3487 2443 3742 2512 γένηταί

2147 2549 2285 2598 σοι,
2334 2535 2407 2589 τὰ
2450 2533 2733 2604 ἀρρενικὰ
2759 2532 2841 2600 τῷ
2877 2534 3075 2602 Κυρίῳ
3100 2550 3114 2568 ·
3174 2533 3298 2589 πᾶν
3330 2533 3400 2587 δὲ
3421 2534 3742 2603 διανοῖγον

2144 2629 2383 2698 μήτραν
2415 2627 2581 2692 ὄνου,
2606 2626 2898 2693 ἀλλάξεις
2929 2626 3236 2695 προῦἁτιίν
3269 2627 3380 2680 ἐὰν
3410 2625 3480 2680 δὲ
3499 2626 3590 2696 μὴ
3628 2627 3742 2682 ἁλ-

2147 2718 2363 2787 λάξῃς,
2389 2718 2673 2788 λυτρώσῃ
2702 2718 2849 2773 αὑτό
2875 2759 2889 2781 .
2918 2718 3018 2772 καὶ
3049 2715 3174 2773 πᾶν
3201 2719 3584 2785 πρωτότοκον
3614 2718 3745 2773 τῶν

2148 2810 2296 2865 υἱῶν
2322 2825 2440 2864 σου
2477 2810 2783 2878 λυτρώσῃ,
2830 2810 3131 2875 τουτέστιν,
3170 2809 3341 2880 λύτρα
3367 2809 3556 2874 δώσεις
3592 2811 3743 2882 ὑπὲρ

2148 2899 2341 2954 αὑτοῦ.
2375 2898 2535 2954 Οὕτω
2563 2900 2672 2972 γάρ
2699 2903 2758 2954 ὲν
2787 2902 2852 2971 τῇ
2886 2899 3054 2971 βίϐλῳ
3086 2898 3198 2952 τῶν
3221 2898 3499 2970 Ἀριθμῶν
3524 2901 3554 2952 ὁ
3584 2898 3743 2963 θεῖος

2151 2991 2439 3065 σαφηνίζει
2475 2993 2746 3065 χρησμὸς,
2773 2992 2850 3065 τῷ
2877 2993 2976 3061 τῆς
3018 2991 3432 3063 ἀρχιερωσύνης
3464 2992 3741 3063 ἐπειλημο

465 3083 703 3152 pretium
742 3082 905 3140 dabis
926 3098 1044 3154 .quo
1074 3083 1394 3139 redimatur.
1465 3082 1558 3138 Sic
1588 3085 1734 3139 enim
1786 3084 1842 3139 in
1905 3086 2045 3142 libro

2153 3086 2299 3158 μένῳ
2324 3085 2733 3158 διαλεγόμενοςο
2752 3087 2866 3141 Kal
2888 3085 3015 3142 πᾶν
3030 3084 3337 3156 διανοῖγον
3360 3083 3595 3154 μήτραν
3612 3085 3740 3141 ἀπὸ

465 3177 832 3232 Numerorum
862 3177 1112 3232 divinum
1155 3177 1442 3232 oraculum
1491 3179 1720 3248 exponit
1754 3187 1918 3249 atque
1943 3180 2043 3235 de-

463 3267 662 3331 clarat,
694 3269 861 3323 verba
892 3268 1100 3325 faciens
1125 3267 1194 3323 ad
1229 3283 1378 3334 eum,
1415 3270 1511 3339 qui
1551 3283 1826 3324 summum
1858 3285 2045 3325 sacer-

2145 3180 2352 3250 πάσης
2401 3179 2631 3249 σαρκὸς
2673 3179 2713 3235 d
2757 3179 3173 3249 προσφέρουσι
3218 3177 3298 3245 τῷ
3345 3179 3574 3246 Κιψίῳ,
3608 3180 3739 3235 ἀπὸ

2143 3272 2461 3341 ἀνθρώπου
2476 3271 2589 3337 ἕως
2606 3271 2891 3338 κτήνους,
2908 3271 3010 3327 σοὶ
3037 3271 3208 3326 ἔσται
3230 3288 3243 3300 °
3265 3272 3404 3326 ἀλλ’
3429 3271 3470 3340 ἦ
3486 3272 3741 3341 λύτροις

463 3359 678 3415 dolium
714 3370 913 3416 nactus
938 3369 1097 3417 erat:
1130 3360 1198 3415 Et
1232 3378 1387 3416 omne
1413 3362 1555 3431 quod
1614 3362 1787 3431 aperit
1832 3362 2044 3416 vulvam

2147 3363 2591 3431 λυτρωθήσεται
2614 3361 2689 3417 τὰ
2718 3364 3061 3431 πρωτότοκα
3099 3360 3217 3415 τῶν
3244 3360 3593 3430 ἀνθρώπων,
3635 3363 3741 3418 καὶ

460 3455 529 3510 de
555 3454 699 3509 omni
745 3471 907 3509 carne
953 3471 1072 3526 qua:
1099 3456 1397 3525 o/l‘eruntur
1439 3456 1665 3512 Domino
1717 3454 1784 3509 ab
1834 3455 2045 3510 homine

2143 3454 2217 3508 τὰ
2248 3456 2593 3523 πρωτότοκα
2628 3454 2747 3509 τῶν
2781 3452 3014 3522 κτηνῶν
3057 3454 3178 3507 τῶν
3224 3454 3576 3523 ἀκαθάρτων
3621 3458 3738 3510 ,ιυ-

463 3563 628 3617 usque
658 3546 728 3600 ad
760 3562 939 3617 pecus,
973 3546 1070 3600 tibi
1101 3547 1204 3601 erit
1235 3562 1255 3602 :
1283 3557 1638 3618 prmterquam
1681 3549 1818 3617 quod
1874 3548 2044 3616 pretio

2147 3546 2344 3617 τρώσῃ
2368 3563 2383 3578 ⁸
2432 3548 2540 3602 Καὶ
2571 3548 2610 3616 ἡ
2650 3548 2949 3616 λύτρωσις
2985 3549 3201 3603 αὐτοῦ’
3261 3548 3402 3603 ’Λπύ
3441 3550 3737 3619 μηνιαίου

463 3638 788 3693 redimentur
816 3639 1153 3709 primogeniti
1182 3640 1476 3703 hominum,
1510 3648 1666 3703 atque
1697 3641 1861 3693 etiam
1908 3637 2043 3692 redi-

463 3733 539 3786 mi
570 3733 709 3787 sines
749 3733 1101 3803 primogenita
1159 3731 1565 3803 quadrupedum
1620 3732 2041 3786 immundarum.

463 3824 634 3894 Atque
665 3824 955 3893 redemptio
987 3825 1099 3878 [nec
1128 3834 1243 3877 est:
1271 3825 1308 3876 Λ
1342 3834 1609 3878 menstruo
1653 3824 1842 3878 redimi
1880 3825 2048 3894 putic-

460 3916 563 3980 ris,
626 3917 782 3986 pretii
821 3917 1107 3972 testimatio
1148 3925 1228 3971 est
1256 3917 1460 3986 argenti
1504 3918 1734 3987 quinque
1789 3918 2045 3971 siclorum

454 4007 619 4077 juxta
637 4008 824 4062 siclum
855 4018 1118 4063 sanctum.
1168 4008 1540 4062 Verumtamen
1588 4012 1645 4063 in
1691 4010 1863 4077 primo
1891 4020 2043 4065 natos

463 4099 652 4155 vitulos
677 4108 726 4154 et
756 4100 1131 4170 primogenitas
1155 4116 1272 4155 oves
1308 4109 1359 4154 et
1384 4115 1577 4169 capras
1607 4101 1797 4156 redimi
1824 4119 1927 4156 non
1971 4103 2047 4156 si-

463 4208 556 4247 nes
569 4207 589 4245 :
604 4201 791 4246 sancta
805 4192 944 4246 enim
964 4193 1076 4247 lurc
1092 4203 1140 4247 et
1157 4209 1291 4261 pura
1314 4204 1455 4260 sunt,
1468 4203 1518 4247 et
1535 4196 1842 4265 sanguinem
1866 4212 2045 4249 eorum

463 4284 631 4339 altari
649 4282 917 4338 adhibebis
935 4284 1001 4335 υ.
1028 4282 1320 4340 Enimvero
1342 4285 1454 4354 jam
1473 4285 1660 4340 divina
1679 4302 1778 4341 vos
1804 4278 1928 4342 cum
1951 4289 2048 4341 im-

446 4375 684 4433 'mnndis
719 4375 1170 4446 quadrupedibus
1196 4377 1442 4431 simulet
1485 4379 1777 4448 conjunxit
1813 4389 1868 4434 et
1935 4394 2043 4433 una

2143 3640 2444 3709 λυτρώσῃ,
2476 3641 2516 3708 ἡ
2540 3640 2903 3709 συντίμησις
2932 3640 3216 3708 ἀργυρίου
3262 3642 3442 3694 πέντε
3473 3642 3736 3709 σίκλων,

2143 3732 2294 3787 κατὰ
2321 3731 2430 3785 τὸν
2467 3731 2693 3785 σίκλον
2727 3730 2835 3784 τὸν
2860 3731 3050 3801 ἄτιον.
3077 3733 3253 3800 Πλὴν
3281 3734 3354 3786 τὰ
3385 3736 3738 3801 πρωτότοκα

2143 3824 2265 3878 τῶν
2282 3824 2536 3894 μόσχων
2555 3860 2570 3886 ,
2626 3823 2725 3877 καί
2772 3824 2844 3876 τὰ
2872 3824 3217 3890 πρωτότοκα
3249 3822 3367 3877 τῶν
3393 3825 3734 3891 προϐάτοιν,

2144 3917 2242 3971 καί
2268 3916 2386 3969 τῶν
2422 3914 2608 3985 αἰγῶν
2633 3917 2706 3971 οὐ
2734 3916 3020 3986 λυτρώσῃ
3042 3935 3055 3949 '
3106 3917 3247 3987 ἅγια
3277 3917 3387 3988 γάρ
3409 3919 3577 3973 ἐστι’
3632 3922 3734 3975 καί

2144 4009 2209 4063 τὸ
2237 4004 2382 4078 αἷμα
2412 4007 2617 4063 αὐτῶν
2639 4008 2962 4079 προσέχεις
2989 4009 3142 4079 πρὸς
3172 4011 3241 4063 τὸ
3270 4011 3729 4081 θυσιαστήριον.

2148 4102 2288 4172 Ἤδη
2322 4102 2420 4172 μὲν
2448 4097 2541 4155 οὖν
2563 4104 2682 4165 τοῖς
2711 4102 3044 4173 ἀκαθάρτοις
3081 4102 3194 4156 τῶν
3224 4102 3437 4174 κτηνῶν
3469 4121 3730 4176 συμπαρ-

2147 4190 2331 4257 έζευξέ
2351 4208 2412 4244 τε
2439 4191 2534 4244 καὶ
2568 4191 2939 4259 συγκατέλεξε
2958 4191 3053 4245 τοῦ
3071 4191 3287 4264 Ἰσραὴλ
3306 4193 3374 4245 τὰ
3407 4195 3729 4264 πρωτότοκα

2144 4286 2178 4355 ὴ
2210 4284 2328 4337 θεία
2356 4287 2505 4356 φωνή
2533 4302 2547 4316 ·
2597 4284 2673 4347 ὡς
2699 4283 2759 4337 τὸ
2784 4283 2953 4346 ὄντως
3001 4284 3414 4354 κεκαθαρμένον
3446 4286 3544 4338 καὶ
3572 4286 3731 4352 ἅγιον

2144 4374 2205 4425 ὲν
2232 4377 2298 4445 τῇ
2326 4374 2469 4427 κατὰ
2498 4375 2685 4444 Νόμον
2717 4373 2943 4445 λατρεία
2972 4374 3072 4427 οὐκ
3101 4373 3323 4444 ἔχοντα,
3354 4377 3406 4427 εί
3441 4376 3542 4428 καὶ
3569 4377 3729 4444 ἁγιά-

463 4473 772 4524 numeravit
800 4478 966 4538 atque
1013 4470 1295 4525 recensuit
1330 4470 1728 4541 primogenitos
1783 4471 2036 4527 lsraelis:

2147 4464 2334 4530 ζεσθαι
2362 4465 2504 4519 αὐτὰ
2549 4468 2613 4536 τῇ
2643 4465 3027 4536 ἀποκληρώσει
3058 4466 3158 4533 τῆς
3198 4466 3523 4535 νομοθεσίας
3550 4469 3730 4538 ἐνομί-

459 4561 662 4629 quippe
691 4559 780 4629 qui
813 4575 955 4624 eam,
995 4575 1120 4629 qua:
1175 4574 1365 4614 revera
1415 4560 1627 4629 puritas
1654 4569 1710 4614 et
1771 4562 2042 4615 sanctitas

458 4661 565 4714 est,
600 4666 696 4723 per
737 4665 886 4713 eum,
915 4650 1008 4720 qui
1060 4650 1365 4705 secundum
1405 4650 1602 4719 Legem
1661 4651 2042 4718 exercebatur,

459 4740 669 4793 cultum
706 4754 812 4793 non
837 4740 1124 4801 haberent,
1180 4740 1399 4796 etiamsi
1447 4740 1782 4795 sanctiticari
1818 4756 1915 4796 eos
1949 4742 2044 4798 de-

393 4852 414 4867 ο
458 4831 758 4885 stinatione
790 4840 955 4901 atque
997 4832 1356 4887 attributione
1389 4834 1579 4903 legalis
1630 4835 2043 4890 constitutionis

460 4923 636 4978 moris
668 4931 806 4976 erat.
854 4923 986 4977 Nam
1021 4925 1277 4980 similiter
1332 4935 1499 4995 atque
1554 4940 1653 4995 pro
1705 4927 1772 4981 iis
1804 4942 1926 4996 qua:
1981 4927 2035 4981 in

458 5011 747 5067 sacriﬁciis
777 5013 926 5081 rejici
958 5028 1019 5068 ac
1061 5016 1343 5083 reprobari
1402 5017 1676 5081 solebant,
1704 5017 2038 5088 redemptio-

457 5104 545 5158 nis
577 5103 809 5172 pretium
852 5118 953 5174 pro
984 5106 1367 5175 primogenitis
1405 5106 1687 5162 hominum
1708 5109 1824 5177 lege
1853 5109 2035 5163 divina

456 5197 599 5267 apud
627 5211 725 5251 eos
749 5198 1016 5251 sancitum
1044 5207 1199 5253 erat:
1263 5199 1469 5269 quippe
1490 5215 1615 5253 cum
1664 5201 1734 5266 is,
1768 5202 1859 5271 qui
1893 5203 2037 5272 apud

453 5286 677 5343 Iudaeos
697 5296 816 5344 erat
850 5291 1035 5345 minus
1080 5291 1296 5346 ratione
1334 5291 1496 5346 nixus
1534 5298 1729 5356 status,
1782 5293 2040 5364 indignus

454 5392 602 5438 esset
634 5384 727 5453 qui
763 5384 1084 5439 rationalem
1121 5385 1331 5438 cultum
1371 5383 1612 5449 oll‘erret,
1669 5395 1723 5441 et
1761 5388 1825 5440 ad
1866 5389 2039 5442 maxi-

457 5487 546 5529 me
577 5476 868 5546 mysticum
891 5475 1028 5530 Novi
1064 5475 1403 5533 Testaiuenti
1432 5478 1605 5534 altare
1636 5493 1734 5549 pro
1762 5480 2033 5549 spirituali

456 5565 783 5621 holocausta
815 5568 1199 5627 adduceretur.
1238 5570 1417 5627 Pretia
1449 5585 1576 5627 vero
1637 5570 2034 5643 redemptionis

2144 4558 2287 4623 ζετο.
2321 4558 2553 4628 Ὁμοίως
2571 4557 2678 4629 γὰρ
2707 4560 2786 4622 είς
2811 4557 3001 4611 θυσίαν
3028 4557 3162 4611 Θεοῦ
3178 4558 3535 4628 άποϐλήτοις,
3558 4560 3730 4629 λύτρα

2142 4649 2381 4704 δίδοσθαι
2399 4650 2519 4704 ἀντὶ¹
2532 4649 2640 4703 τῶν
2656 4646 2959 4719 ἀνθρώπων
2985 4650 3114 4718 παρ’
3139 4650 3318 4713 αὐτοῖς
3342 4650 3726 4706 ὲτεθέσπιπο·

2144 4743 2220 4808 ὡς
2269 4743 2368 4813 τῆς
2414 4743 2563 4814 παρὰ
2628 4741 2902 4805 Ἰουδαίοις
2952 4742 3295 4814 άλογωτέρας
3340 4747 3730 4810 καταστάσεως

2145 4834 2366 4900 ἀναξίας
2392 4832 2742 4904 ὑπαρχούσης
2765 4832 2863 4902 τὴν
2879 4831 3100 4902 λογικὴν
3127 4833 3422 4903 ἀναφέρειν
3450 4835 3728 4904 λατρείαν,

2146 4929 2242 4981 καὶ
2269 4926 2346 4997 τῷ
2379 4927 2478 4996 τῆς
2499 4924 2702 4994 Καινῆς
2721 4924 2998 4995 Διαθήκης
3027 4925 3426 4996 μνστικωτάτῳ
3456 4930 3541 4989 εἰς
3568 4945 3732 4979 πνευ-

2149 5019 2385 5090 ματικὴν
2451 5016 2827 5085 ὁλοκάρπωσιν
2899 5015 3272 5085 προσάγεσθαι
3333 5017 3729 5089 θυσιαστηρίῳ.

2145 5110 2330 5182 Λύτρα
2369 5109 2448 5174 δὲ,
2479 5108 2671 5177 ὥσπερ
2700 5109 2868 5178 ἑαυτῇ
2903 5108 3218 5178 κατάλληλα
3244 5107 3535 5182 είθισμένῃ
3565 5127 3730 5182 προσο

2145 5207 2298 5273 άγειν
2319 5202 2418 5265 τὰς
2441 5202 2582 5257 κατὰ
2601 5201 2784 5272 Νόμον
2804 5200 2869 5253 δι’
2886 5200 3133 5270 αἱμάτων
3148 5199 3340 5263 θυσίας
3359 5200 3447 5271 (ἃς
3464 5202 3496 5254 ὁ
3519 5204 3731 5272 προφή-

2141 5313 2242 5365 της
2283 5293 2532 5355 Ἡσαΐας.
2554 5291 2631 5354 ὡς
2652 5293 2715 5344 ἐκ
2743 5289 3037 5361 προσώπου
3065 5289 3159 5343 τοῦ
3183 5288 3344 5354 Θεοῦ,
3376 5289 3517 5361 μηδὲ
3537 5292 3734 5364 ἐξῃτη-

2141 5388 2293 5440 κὲναι
2320 5386 2472 5457 παρὰ
2508 5384 2616 5437 τῶν
2643 5383 2840 5454 χειρῶν
2872 5382 3054 5435 αὐτῶν
3084 5382 3424 5453 διορίζεται),
3461 5384 3544 5447 ὡς
3570 5401 3733 5437 πνευ-

2145 5475 2380 5548 ματικὴν
2427 5475 2628 5545 δηλαδὴ
2690 5472 2969 5527 τελείωσιν
3032 5472 3126 5526 τοῦ
3174 5471 3381 5526 σκοποῦ
3436 5475 3731 5545 νομοθέτου

2141 5568 2393 5641 ὁρῶντος.
2442 5567 2524 5621 Τὰ
2544 5567 2599 5620 δὲ
2630 5568 2708 5631 είς
2739 5566 2930 5620 θυσίαν
2960 5566 3363 5638 προσαγόμενα,
3397 5558 3476 5621 ὧν
3510 5566 3574 5622 τὸ
3596 5561 3730 5637 αἷμα

530 5745 573 5779 η
615 5744 786 5801 Exod.
834 5761 949 5815 xm,
986 5748 1041 5802 ἢ.
1085 5750 1127 5782 ¹⁶³
1161 5748 1290 5805 ibid.
1337 5749 1518 5806 11-15.
1554 5780 1555 5783 η
1590 5752 1628 5783 ¹⁷
1663 5749 1822 5807 Νυιιι.
1860 5768 1940 5816 ιιι,
1992 5751 2045 5806 ιε

2147 5765 2261 5815 vui,
2309 5749 2393 5803 17.
