3950 6156
233 290 362 347 “6|

1374 281 1462 336 DE
1501 277 1820 338 OCCURSU
1862 276 2123 349 DOMINI,
2163 281 2316 339 ETC.

3352 277 3491 335 11ΐῖ

232 405 550 477 προχεῖσθαι
597 405 680 476 τῷ
726 403 1094 475 θυσιαστηρίῳ
1145 371 1485 473 ὲνενόιίιστο,
1521 402 1689 470 Ἅγια
1736 401 1817 453 διο

1932 408 2097 467 erant,
2127 402 2294 457 veluti
2327 401 2431 472 ipsi
2459 399 2863 466 convenientia,
2896 407 2955 452 ut
2993 410 3115 467 quae
3153 393 3314 451 solita
3346 402 3491 449 esset

230 496 576 567 εσταλμένως
602 496 917 566 ὠνόμασται
932 514 946 528 ·
994 495 1099 549 κάν
1125 493 1302 565 τούτῳ
1331 492 1531 564 δηλαδὴ
1555 492 1656 562 τῆς
1680 490 1814 561 ἀλη-

231 588 385 652 θείας
434 587 980 660 πρώιαγραφομένης
1014 588 1093 657 τῷ
1116 586 1292 658 τύπῳ.
1354 585 1414 638 '0
1459 582 1570 655 γὰρ
1618 581 1813 637 ἑαυτὸν

231 676 601 748 προσαγαγὼν
631 678 709 750 τῷ
740 677 861 749 Θεῷ
889 680 983 732 καὶ
1003 678 1180 750 Πατρὶ
1212 676 1422 741 θυσίαν,
1450 675 1547 729 καὶ
1572 691 1813 746 προσφο-

232 767 334 839 ρὰν
376 769 453 831 είς
508 768 983 839 ὀσμὴνεύωδίας,
1032 770 1062 822 6
1094 768 1299 839 Κύριος
1342 765 1501 839 ἡμῶν
1547 766 1753 836 Ἰησοῦς
1785 767 1815 819 6

1916 490 2118 549 otl‘erre
2147 492 2419 548 sacriﬁcia
2450 507 2574 563 qua:
2601 507 2667 546 ex
2697 491 2817 562 lege
2847 488 2984 543 ﬁunt
3012 501 3111 557 per
3168 484 3493 555 sanguinem
3538 526 3548 534 .

1918 585 2063 656 (quae
2087 584 2361 640 sacriﬁcia
2424 583 2595 640 Isaias
2629 582 2920 654 propheta,
2957 588 3214 648 tanquam
3262 591 3326 631 ex
3374 590 3499 646 per—

1918 691 2055 732 sona
2086 676 2183 732 Dei
2208 677 2461 748 loquens,
2494 692 2563 731 ne
2586 673 2953 744 requisivisse
2981 670 3202 741 quidem
3234 667 3301 724 de
3322 667 3500 721 mani-

1919 766 2027 823 bus
2057 781 2250 822 eorum
2275 767 2507 822 aﬁirmat
2538 765 2628 837 ‘8),
2658 764 2861 835 quippe
2913 762 2981 817 ad
3022 760 3361 831 spiritualem
3412 757 3501 812 ni-

229 860 486 931 Χρισεὺς,
515 854 672 925 οὗτος
701 862 859 932 μόνος
909 860 1113 934 κυρίως
1141 862 1235 915 καὶ
1259 859 1478 932 ἀληθῶς
1511 858 1665 928 ἅγιος
1694 858 1810 912 ἔστι

1932 857 2124 912 mirum
2156 857 2454 928 perfectam
2491 866 2547 913 et
2587 856 2891 912 absolutam
2920 852 3395 910 consecrationem
3445 856 3502 904 et

228 968 289 1005 τε
315 953 410 1006 καὶ
433 953 781 1024 ὀνομάζεται.

1939 951 2280 1009 nitiationem
2330 959 2515 1008 mente
2580 958 2747 1021 atque
2795 947 3101 1004 intentione
3163 942 3500 1014 legislatoris

232 1052 534 1115 spectante,
565 1061 687 1115 qua:
715 1054 897 1101 autem
929 1047 996 1102 ad
1040 1045 1371 1102 sacriﬁcium
1410 1042 1806 1108 oﬁ‘erebantur,
1846 1058 2081 1114 quorum
2126 1045 2450 1118 sanguinem
2486 1052 2614 1100 ante
2651 1045 2825 1098 altare
2865 1038 3124 1114 profundi
3154 1037 3326 1093 moris
3357 1043 3499 1100 erat,

232 1146 422 1194 sancta
453 1140 711 1196 distincte
773 1141 1058 1197 nominata
1093 1148 1222 1197 sunt
1248 1162 1258 1196 :
1324 1140 1527 1211 quippe
1559 1154 1684 1194 cum
1715 1137 1884 1193 etiam
1923 1139 1978 1194 in
2018 1138 2121 1196 bac
2152 1140 2416 1196 nimirum
2447 1140 2620 1210 ﬁgura
2646 1136 2851 1193 veritas
2876 1137 3038 1205 longe
3063 1142 3191 1187 ante
3229 1129 3503 1185 describa-

233 1240 323 1286 tur
372 1240 535 1302 atque
586 1232 931 1305 designetur.
964 1233 1100 1289 Nam
1158 1234 1252 1305 qui
1312 1234 1555 1303 scipsum
1611 1232 1813 1287 obtulit
1850 1230 1963 1288 Deo
1996 1246 2061 1287 ac
2120 1230 2272 1288 Patri
2338 1233 2621 1288 victimam
2671 1237 2725 1285 et
2771 1227 3101 1284 oblationem
3164 1225 3219 1278 in
3276 1221 3498 1276 odorem

230 1326 544 1393 suavitatis,
621 1325 893 1384 Dominus
960 1334 1153 1384 noster
1199 1325 1365 1383 Jesus
1394 1326 1658 1382 Christus
1715 1325 1782 1394 ",
1839 1325 1891 1381 is
1928 1326 2081 1383 solus
2136 1326 2358 1398 proprie
2400 1332 2456 1381 et
2510 1339 2640 1381 vere
2696 1329 2919 1380 sanctus
2971 1327 3025 1375 et
3083 1326 3167 1372 est
3218 1322 3271 1371 et
3322 1312 3501 1368 nomi-

230 1429 415 1474 natur.

313 1511 453 1565 Ἀλλ’
481 1512 611 1577 ἴσως
643 1513 761 1586 ἐρεῖ
782 1514 812 1567 6
850 1514 1082 1586 ἀπειθὴς
1118 1515 1390 1580 Ἰουδαῖος,
1445 1516 1521 1581 ὡς
1566 1517 1632 1587 τῇ
1663 1515 1805 1569 κατὰ

1984 1509 2092 1567 Sed
2129 1509 2362 1565 forsitan
2420 1509 2569 1565 dicet
2598 1505 2915 1563 incredulus
2966 1498 3211 1565 Iudaeus,
3239 1510 3365 1551 cum
3390 1507 3498 1547 non

230 1602 395 1674 νόμον
428 1603 592 1676 θυσίᾳ
616 1606 677 1658 ού
710 1605 984 1677 δυνάμενα
1030 1606 1401 1680 προσάγεσθαι
1427 1607 1534 1660 τῶν
1568 1607 1689 1660 κατ’
1720 1606 1818 1659 αύ-

1932 1615 2150 1679 possent
2198 1606 2563 1679 primogenita
2619 1617 2809 1659 earum
2871 1593 3312 1670 quadrupedum,
3376 1600 3543 1675 quze

228 1693 321 1748 τὸν
347 1694 672 1766 ἀκαθάρτων
705 1695 920 1765 κτηνῶν
952 1696 1021 1751 τὰ
1050 1695 1373 1768 πρωτότοκα
1392 1736 1406 1760 ,
1436 1695 1648 1767 λύτροις
1673 1696 1821 1749 ἀντι-

193 1793 204 1802 ·
233 1785 707 1840 καταλλάσσεσθαι
737 1785 931 1840 εἴωθεν
948 1803 963 1817 ’
991 1787 1193 1856 ὁμοίως
1223 1786 1440 1841 καὶτῶν
1465 1785 1820 1857 ἀνθρωπίνων

234 1879 595 1948 πρωτοτόκων
643 1879 724 1942 είς
762 1877 953 1933 θυσίαν
999 1876 1076 1950 μὴ
1118 1879 1650 1949 κατασφαττομένων
1700 1876 1818 1948 (καὶ

233 1968 346 2040 γὰρ
387 1969 616 2034 ἀπεικὸς
658 1968 819 2023 τοῦτό
864 1986 950 2038 γε,
989 1969 1086 2024 καὶ
1118 1968 1269 2031 θείας
1301 1967 1622 2039 νομοθεσίας
1660 1965 1820 2019 ἀλλό-

237 2061 433 2132 τριον),
464 2061 639 2115 ταῦτα
669 2064 739 2132 τῇ
769 2061 877 2114 τῶν
919 2060 1133 2132 λύτρων
1170 2060 1393 2132 ἀμείψει
1432 2057 1820 2132 καθιεροῦσθαι

234 2151 404 2213 εἰκός.
447 2151 587 2203 Ἀλλ’
608 2149 1020 2220 ὲπισκεψάσθω,
1048 2150 1164 2218 εἴγε
1194 2150 1268 2222 μὴ
1295 2148 1374 2220 τῷ
1402 2148 1821 2219 ὲπιπροσθοῢντι

233 2245 351 2306 ταῖς
381 2241 480 2311 τῆς
498 2241 675 2312 ψυχῆς
708 2240 889 2295 αὐτῶν
918 2240 1076 2310 ὂψεσι
1101 2238 1424 2311 καλύμματι
1447 2237 1818 2319 ἐμποδίζεται,

234 2332 311 2396 ὡς
341 2332 442 2403 ἤδη
477 2333 536 2385 ὲν
573 2332 736 2403 ἑτέρᾳ
782 2331 1073 2403 νομοθεσίᾳ
1115 2331 1242 2393 τοὺς
1283 2332 1517 2394 Λευῖτας
1541 2329 1821 2401 εἰληφέναι

237 2426 318 2487 είς
344 2424 643 2495 ἀφιέρωσιν
665 2424 787 2477 ἀντὶ
807 2422 915 2476 τῶν
932 2423 1314 2495 πρωτοτόκων,
1353 2422 1416 2477 τὸ
1451 2422 1594 2494 ἱερὸν
1616 2421 1820 2487 ἐδίδαξε

238 2515 501 2586 Γράμμα,
523 2514 720 2567 οὑτωσὶ
738 2513 947 2582 φάσκον
969 2516 1027 2567 ἐν
1050 2517 1164 2577 τοῖς
1179 2514 1328 2584 Ἀριθ
1336 2515 1455 2585 μοῖς
1472 2515 1565 2566 ἐπὶ
1583 2510 1784 2579 λέξεως
1801 2529 1819 2546 ·

238 2606 349 2661 Καὶ
379 2605 647 2674 ἐλάλησε
671 2608 888 2675 Κύριος
919 2606 1068 2676 πρὸς
1090 2606 1357 2675 Μωῦσῆν
1386 2606 1582 2677 λέγων
1605 2623 1619 2636 ·
1674 2604 1819 2659 Ἰδοὺ

237 2696 460 2765 εἴληφα
480 2697 622 2763 τοὺς
645 2698 900 2763 Λευΐτας
926 2698 995 2751 ἐκ
1018 2696 1214 2767 μέσου
1241 2696 1360 2751 τῶν
1390 2694 1537 2751 υἱῶν
1559 2695 1818 2765 Ἰσραὴλ,

236 2792 373 2846 ἀντὶ
417 2792 644 2859 παντὸς
691 2793 1069 2862 πρωτοτόκου
1130 2792 1539 2862 διανοίγοντος
1585 2792 1822 2862 μήτραν

240 2883 401 2950 παρὰ
426 2881 547 2937 τῶν
577 2882 724 2937 υἱῶν
786 2882 1025 2951 Ἰσραήλ
1043 2900 1057 2913 ·
1103 2883 1293 2950 λύτρα
1317 2881 1516 2937 αὐτῶν
1549 2883 1815 2947 ἔσονται,

243 2974 344 3027 καὶ
370 2973 618 3029 ἔσονταί
643 2991 745 3044 μοι
778 2977 831 3029 al
864 2950 1137 3029 ῨΛευῗίαι.
1180 2975 1341 3043 Ἐμοὶ
1374 2974 1486 3044 τὰρ
1517 2972 1642 3028 πᾶν
1667 2987 1820 3041 πρω-
1846 2950 1889 3010 C

241 3066 494 3119 τότοκον
514 3067 739 3136 ήγίασα
763 3065 833 3120 ἐν
866 3064 1127 3135 Ἰσραὴλ,
1150 3065 1221 3120 ἐν
1245 3060 1285 3138 ᾖ
1334 3065 1526 3137 ἡμέρᾳ
1552 3064 1822 3129 ἐπάταξα

242 3152 368 3208 πᾶν
411 3155 787 3223 πρωτότοκον
831 3154 900 3208 ἐν
943 3153 1019 3224 τῇ
1043 3155 1336 3223 Αἰγύπτῳ.
1394 3149 1530 3207 Εἶτα
1577 3156 1638 3207 τὸ
1667 3154 1824 3225 ἀκρι-

244 3246 336 3310 ϐὲς
351 3247 450 3316 τῆς
464 3246 741 3317 ἀμείψεως
762 3246 1092 3318 διαγορεύων
1115 3248 1144 3299 6
1167 3245 1348 3316 νόμος,
1370 3242 1558 3300 Εἶπεν
1583 3247 1821 3315 Κύριος,

247 3344 401 3413 φησὶ,
426 3342 576 3411 πρὸς
606 3341 838 3410 Μωσῆν
865 3341 1078 3411 λέγων·
1119 3341 1480 3410 Ἐπίσκεψαι
1521 3340 1645 3396 πᾶν
1672 3355 1826 3409 πρω-

245 3436 496 3488 τότοκον
521 3431 639 3486 τῶν
667 3431 813 3486 υἱῶν
850 3432 1086 3500 Ἰσραὴλ
1122 3432 1240 3486 ἀπὸ
1281 3432 1564 3501 μηνιαίου
1604 3431 1705 3485 καὶ
1729 3431 1827 3485 ἐπ-

248 3525 391 3588 άνω,
421 3525 518 3578 καὶ
558 3523 708 3578 λαϐὲ
737 3523 845 3577 τὸν
876 3522 1126 3593 ἀριθμὸν
1161 3522 1231 3587 ἐξ
1278 3523 1568 3593 ὀνόματος
1606 3523 1823 3580 αὐτῶν.

250 3615 362 3670 Καὶ
401 3615 573 3684 λήψῃ
606 3614 750 3681 τοὺς
788 3616 1039 3681 Λευΐτας
1087 3613 1216 3683 ἐμοὶ
1253 3614 1388 3670 ἀντὶ
1430 3612 1673 3668 πάντων
1705 3612 1829 3667 τῶν

249 3708 637 3775 πρωτοτόκων
668 3705 786 3761 τῶν
818 3706 966 3762 υἱῶν
991 3706 1262 3773 Ἰσραήλ.
1298 3702 1430 3759 Εἶτα
1472 3706 1574 3774 τῆς
1610 3723 1830 3777 συναρι-

250 3799 505 3869 θμήσεως
561 3798 669 3851 τῶν
724 3799 1082 3868 πρωτοτόκων
1122 3797 1259 3868 πρὸς
1302 3796 1393 3850 τὸν
1446 3796 1676 3868 ἀριθμὸν
1721 3798 1831 3851 τῶν

251 3890 496 3945 Λευῖτῶν
519 3891 574 3943 ὲν
599 3887 924 3959 πλεονασμῷ
952 3888 1285 3961 εὑρημένης,
1312 3889 1496 3959 φησίνο
1533 3888 1831 3955 Ἐλάλησε

253 3982 565 4050 Κύριοςτῷ
581 3979 805 4049 Μωῦσῆ
823 3979 1037 4052 λέγων·
1053 3979 1207 4034 Λάϐε
1222 3979 1295 4034 τὰ
1316 3982 1507 4049 λύτρα
1524 3980 1644 4035 τῶν
1664 3985 1835 4037 πλεο-

253 4073 555 4134 ναζόντων
593 4076 753 4140 παρὰ
790 4072 931 4138 τοὺς
967 4073 1216 4139 Λευΐτας
1260 4074 1378 4127 ἀπὸ
1403 4071 1524 4127 τῶν
1547 4077 1835 4142 πρωτοτό-

254 4184 380 4222 κων
399 4165 518 4219 τῶν
536 4165 684 4219 υίῶν
715 4166 994 4234 Ἰσραὴλ,
1032 4165 1129 4218 καὶ
1162 4163 1336 4235 λήψῃ
1372 4165 1552 4219 πέντε
1580 4166 1837 4232 σίκλους

1922 1714 2076 1755 more
2107 1698 2324 1753 illorum
2357 1696 2654 1751 immundae
2708 1692 3075 1752 habebantur,
3107 1700 3206 1765 pro
3253 1680 3498 1751 legitima

1923 1791 2146 1847 victima
2175 1789 2380 1854 oﬁ'erri,
2412 1787 2590 1859 pretio
2622 1783 2950 1842 commutari
3001 1794 3067 1834 ac
3119 1775 3314 1832 redimi
3363 1786 3499 1826 eon-

1918 1885 2205 1941 suevisse:
2233 1882 2486 1938 similiter
2510 1880 2673 1936 etiam
2729 1892 2854 1933 cum
2888 1873 3171 1929 hominum
3226 1867 3501 1939 primoge-

1921 1977 2021 2031 niti
2050 1989 2150 2047 pro
2178 1974 2415 2029 victimis
2461 1987 2570 2027 non
2603 1974 2972 2026 mactarentur
2997 1962 3222 2035 (etenim
3258 1959 3312 2015 id
3368 1969 3502 2013 sane

1922 2067 2219 2123 absurdam
2262 2073 2317 2121 et
2356 2078 2388 2118 a
2423 2063 2709 2119 sanctione
2757 2060 2940 2115 divina
2979 2057 3213 2111 alienum
3255 2048 3498 2117 fuisset),

1919 2170 2068 2214 recte
2101 2173 2166 2213 ac
2200 2156 2398 2212 merito
2424 2153 2589 2227 pretii
2611 2145 3385 2223 compensationeredemptos
3407 2154 3504 2193 eos

1920 2260 1975 2305 et
2001 2257 2359 2305 consecratos
2381 2247 2574 2303 fuisse.
2620 2246 2689 2299 At
2711 2246 2816 2300 nisi
2844 2242 2982 2297 forte
3004 2239 3332 2296 velamento,
3356 2229 3502 2303 quod

1921 2342 2087 2398 animi
2118 2342 2293 2399 oculis
2352 2356 2542 2397 eorum
2576 2337 2764 2406 oﬁicit,
2814 2333 3132 2407 impeditur,
3187 2324 3504 2385 consideret

1918 2435 2033 2505 jam
2081 2435 2137 2489 in
2173 2435 2278 2489 alia
2307 2432 2707 2489 constitutione
2736 2443 2925 2485 sacras
2956 2424 3194 2481 Litteras
3225 2418 3503 2501 docuisse,

1920 2524 2139 2582 Levitas
2192 2531 2443 2596 sumptos
2498 2538 2621 2579 esse
2688 2521 2780 2592 qui
2841 2520 2962 2573 loco
3013 2510 3503 2586 primogenitorum

1920 2626 2396 2683 consecrarentur,
2428 2618 2507 2672 sic
2538 2615 2594 2670 in
2626 2610 2885 2669 Numeris
2920 2609 2987 2664 ad
3026 2607 3252 2663 verbum
3310 2601 3501 2654 dicen-

1919 2713 2002 2761 tes
2037 2706 2082 2739 ὀ
2116 2725 2129 2761 :
2163 2705 2234 2760 Et
2267 2707 2474 2760 locutus
2508 2714 2586 2760 est
2636 2701 2895 2758 Dominus
2927 2699 2994 2754 ad
3028 2696 3247 2766 Moysen
3280 2691 3456 2745 dicens
3485 2701 3504 2740 :

1920 2795 2058 2852 Ecce
2107 2800 2306 2868 sumpsi
2344 2797 2557 2853 Levitas
2596 2797 2660 2851 de
2707 2794 2876 2851 medio
2915 2794 3149 2863 ﬁliorum
3194 2785 3367 2843 Israel
3409 2798 3506 2852 pro

1919 2887 2061 2940 omni
2095 2888 2441 2957 primogenita
2482 2885 2745 2954 aperiente
2793 2884 2998 2938 vulvam
3030 2897 3062 2933 a
3108 2877 3237 2948 [iliis
3293 2872 3508 2938 Israel;

1923 2993 2018 3048 pro
2045 2980 2213 3048 pretio
2241 2978 2457 3033 illorum
2484 2985 2655 3041 erunt,
2704 2987 2754 3031 et
2789 2984 2940 3031 erunt
2972 2974 3075 3028 mei
3109 2972 3302 3027 Levita:
3332 2987 3351 3026 :
3382 2971 3510 3025 mihi

1921 3072 2061 3125 enim
2095 3088 2247 3126 omne
2279 3071 2692 3143 primogenitum
2743 3070 2801 3122 in
2838 3066 3033 3123 ‘lsrael
3073 3066 3403 3136 sanctificavi
3453 3065 3509 3118 in

1923 3163 2020 3218 illo
2043 3164 2143 3228 die,
2173 3180 2275 3235 quo
2309 3165 2546 3235 percussi
2579 3179 2730 3218 omne
2788 3162 3193 3233 primogenitum
3261 3163 3319 3216 in
3367 3171 3508 3216 terra

1925 3253 2410 3326 Egypti._Deinde
2455 3263 2659 3312 certam
2701 3261 2755 3311 et
2797 3255 3125 3326 exquisitam
3181 3268 3508 3324 compensa-

1927 3347 2095 3403 tionis
2125 3358 2288 3418 atque
2336 3346 2757 3419 permutationis
2787 3347 3061 3401 rationem
3092 3360 3313 3415 quoque
3370 3360 3510 3415 pra:-

1927 3436 2179 3493 scribcns
2218 3447 2272 3493 et
2313 3438 2625 3508 exprimens
2671 3438 2753 3491 lex
2798 3436 3074 3491 :Locutus
3117 3447 3194 3491 est
3235 3436 3510 3502 Dominus,

1928 3531 2141 3601 inquit,
2179 3531 2248 3584 ad
2286 3529 2506 3601 Moysen
2539 3531 2720 3584 dicens
2754 3545 2772 3582 :
2808 3526 3018 3598 Inspice
3052 3539 3205 3599 atque
3237 3531 3513 3584 considera

1930 3639 2133 3677 omnem
2181 3623 2586 3693 primogenitum
2615 3621 2847 3692 ﬁliorum
2902 3621 3097 3685 Israel,
3135 3638 3168 3673 a
3201 3638 3374 3676 mense
3408 3638 3512 3678 uno

1931 3725 1978 3770 et
2015 3732 2197 3784 supra.
2232 3726 2281 3771 et
2340 3716 2655 3771 nominatim
2688 3716 2820 3771 inito
2869 3731 3145 3770 numerum
3198 3731 3401 3781 eorum,
3462 3725 3512 3769 et

1934 3806 2157 3875 accipies
2182 3804 2391 3860 Levites
2432 3805 2563 3859 mihi
2591 3820 2687 3873 pro
2710 3804 2952 3858 omnibus
2976 3803 3345 3875 ‘primogenitis
3366 3803 3510 3872 ﬁlio—

1934 3915 2051 3951 rum
2085 3896 2276 3952 Israel.
2313 3896 2517 3953 Deinde
2542 3897 2952 3967 computatione
2983 3902 3150 3966 atque
3196 3896 3515 3951 recensione

1938 3988 2226 4053 facta,cum
2243 3988 2642 4058 deprehensum
2661 3996 2807 4043 esset
2820 4002 3105 4043 numerum
3129 3987 3511 4059 primogenita-

1938 4094 2058 4133 rum
2088 4094 2352 4149 superare
2377 4094 2668 4133 numerum
2687 4077 3021 4145 Levitarum,
3041 4077 3269 4133 Locutus
3295 4088 3395 4153 est,
3426 4079 3515 4133 in-

1937 4171 2076 4239 quit,
2098 4168 2353 4224 Dominus
2375 4169 2550 4240 Moysi
2570 4170 2747 4224 dicens
2771 4185 2788 4223 :
2810 4170 2997 4239 Accipe
3016 4173 3185 4240 pretia
3206 4168 3519 4238 redemptio-

254 4257 409 4312 κατὰ
438 4257 712 4326 κεφαλὴν
746 4256 896 4310 κατὰ
920 4255 997 4338 τὸ⁵
1009 4255 1336 4326 δίδραχμον
1374 4256 1438 4311 τὸ
1460 4256 1649 4326 ἅγιον.
1665 4259 1831 4330 Εἴπερ

1942 4261 2025 4313 nis
2057 4275 2258 4325 eorum,
2277 4261 2365 4329 qui
2394 4274 2555 4327 supra
2590 4256 2893 4312 Levitarum
2917 4275 3191 4312 numerum
3217 4263 3515 4313 redundant

258 4347 354 4406 οὖν
376 4349 517 4404 κατὰ
546 4350 604 4403 τὸ
638 4349 782 4419 ίερὸν
803 4350 840 4401 Γ
847 4348 1040 4420 ράμμα
1070 4350 1119 4401 οί
1147 4347 1370 4404 Λευῖται
1394 4348 1566 4421 λύτρα
1596 4351 1702 4404 εἰσὶ
1725 4350 1835 4404 τῶν

251 4436 624 4515 ’πρωτοτόκων
646 4442 756 4496 τῶν
781 4442 912 4496 υίῶν
950 4440 1185 4513 Ἰσραὴλ,
1214 4441 1289 4505 ὡς
1323 4442 1418 4495 καὶ
1443 4446 1476 4513 ἡ
1499 4443 1597 4512 τῆς
1629 4459 1838 4513 συναρι-

262 4533 514 4604 θμήσεως
531 4533 783 4605 ἀκρίόεια
797 4533 965 4603 δηλοῖ,
981 4532 1122 4599 ὥστε
1139 4534 1248 4586 τῶν
1266 4532 1664 4597 πλεοναζόντων
1676 4535 1732 4586 ἐν
1749 4534 1841 4587 αὐ-

259 4629 373 4689 τοῖς
404 4626 660 4697 στάθμιον
687 4625 990 4697 ὡρισμένον
1011 4623 1089 4696 τῷ
1114 4625 1264 4695 νόμῳ
1293 4625 1634 4696 ἀντιδοθῆναι
1658 4643 1671 4657 ι
1703 4627 1840 4696 ποίῳ

260 4718 405 4786 λόγῳ
428 4718 547 4771 καθ’
578 4717 806 4771 ἕκαστον
837 4717 946 4771 τῶν
966 4717 1327 4787 πρωτοτόκων
1357 4716 1526 4790 λύτρα
1550 4716 1785 4772 δίδοσθαι
1813 4719 1841 4771 6

262 4813 427 4883 νόμος
449 4811 797 4881 διηγόρευσεν
821 4828 836 4875 ;
891 4813 1014 4864 Ἐπὶ
1040 4812 1139 4882 μὲν
1167 4813 1277 4884 γὰρ
1310 4810 1426 4864 τῶν
1455 4811 1842 4882 ἀπροσδέκτων

264 4906 346 4968 είς
372 4901 560 4956 θυσίαν
579 4902 811 4971 κτηνῶν,
839 4903 871 4974 ἢ
895 4904 1377 4972 καταλλάττεσθαι,
1400 4903 1594 4967 ταῦτα,
1617 4904 1649 4975 ἢ
1673 4903 1843 4977 λύτρα

267 4995 410 5064 ὑπὲρ
441 4992 621 5047 αύτῶν
649 4993 885 5047 δίδοσθαι
917 4994 946 5044 6
975 4994 1136 5065 νόμος
1164 4997 1325 5067 φησίν
1358 5013 1373 5028 ·
1417 4996 1510 5050 ἐπὶ
1535 4990 1729 5049 δὲ’τῶν
1755 4997 1846 5050 άν-

266 5086 522 5159 θρώπων,
552 5087 645 5139 καὶ
669 5085 838 5156 λύτρα
866 5085 1122 5150 δίδοσθαι,
1151 5088 1244 5139 καὶ
1272 5087 1370 5159 ἤδη
1399 5088 1498 5159 τὴν
1521 5087 1846 5158 ἅντάμειψιν

268 5180 358 5233 διὰ
377 5178 486 5231 τῶν
516 5176 759 5233 Λευῖτῶν
785 5176 1038 5245 γενέσθαι
1090 5177 1429 5247 μανθάνομεν
1454 5196 1464 5208 ·
1498 5180 1634 5249 ὅπερ
1664 5178 1847 5249 ἀσύμ-

272 5288 451 5342 φωνον
480 5270 572 5324 καὶ
596 5268 748 5340 αύτῷ
769 5267 979 5340 νομικῷ
1012 5269 1300 5338 γράμματι
1330 5267 1599 5336 φαίνεται,
1632 5273 1707 5330 ὡς
1734 5271 1766 5339 ή
1788 5271 1848 5322 ὲν

271 5366 385 5425 τοῖς
415 5364 632 5432 κτήνεσι
675 5359 965 5431 νομοθεσία
1008 5359 1177 5430 δηλοῖ,
1209 5359 1302 5412 καὶ
1325 5361 1462 5430 αὐτὴ
1496 5364 1530 5432 ἠ
1560 5361 1722 5431 φύσις
1748 5362 1848 5430 ύφ-

273 5456 488 5525 ηγεῖται
513 5452 607 5506 τοῦ
640 5453 983 5523 πράγματος.
1024 5451 1214 5521 Είγὰρ
1249 5452 1387 5522 μετὰ
1422 5452 1518 5523 τὴν
1545 5454 1653 5506 τῶν
1687 5455 1850 5507 Λευῖ-

179 5586 196 5602 .
278 5546 384 5601 τῶν
433 5546 575 5616 πρὸς
612 5545 953 5616 λειτουργίαν
998 5543 1134 5597 Θεοῦ
1169 5543 1290 5597 ἀντὶ
1321 5543 1429 5597 τῶν
1484 5545 1847 5599 ποωτοτόκων

1942 4351 2005 4406 de
2036 4353 2393 4423 primogenitis
2417 4352 2654 4422 ﬁliorum
2680 4350 2880 4416 Israel,
2916 4360 2966 4406 et
3010 4352 3238 4421 accipies
3288 4352 3529 4421 quinque-

1941 4446 2098 4498 siclos
2125 4446 2181 4497 in
2213 4444 2424 4515 singula
2451 4443 2625 4513 cupita
2650 4441 2812 4512 juxta
2842 4443 3208 4497 didrachmum
3251 4452 3513 4501 sanctum.

1944 4536 2002 4591 Si
2040 4537 2207 4608 igitur
2243 4536 2444 4592 Levita:
2510 4537 3003 4608 primogenitorum
3027 4554 3035 4561 ·
3063 4534 3297 4587 ﬁliorum
3348 4534 3518 4589 lsrael

1943 4629 2336 4700 redemptionis
2356 4631 2549 4701 pretia,
2564 4635 2817 4700 proutest
2841 4627 2895 4678 in
2913 4625 3087 4680 sacris
3110 4621 3348 4689 Litteris,
3369 4632 3520 4686 sunt,

1944 4724 2405 4793 quemadmodum
2435 4724 2600 4777 etiam
2642 4728 2836 4776 exacta
2870 4720 3207 4789 computatio
3252 4716 3522 4781 declarat,

1948 4814 2020 4868 ita
2050 4817 2292 4869 utetiam
2332 4830 2361 4868 a
2400 4815 2516 4884 lege
2555 4812 2832 4867 deﬁnitum
2870 4820 3035 4883 atque
3065 4821 3331 4867 statutum
3383 4828 3525 4883 pon-

1946 4904 2049 4961 dus
2080 4919 2143 4960 ac
2173 4905 2406 4976 pretium
2437 4919 2535 4974 pro
2563 4904 2651 4968 iis,
2682 4904 2775 4974 qui
2828 4904 2969 4957 inter
3002 4917 3096 4958 eos
3152 4918 3381 4957 numero
3434 4917 3527 4957 su-

1947 4997 2231 5068 perabant,
2284 4995 2549 5050 daretur:
2614 5010 2721 5063 qua
2773 4994 2991 5048 ratione
3043 4992 3358 5063 singulatim
3426 5006 3526 5061 pro

1949 5102 2280 5157 unoquoque
2309 5087 2689 5157 primogenito
2719 5084 3111 5154 redemptionis
3143 5084 3260 5139 dari
3292 5084 3526 5154 pretium

1950 5180 2035 5234 lex
2066 5178 2363 5248 praecepit?
2388 5172 2521 5231 Nam
2549 5176 2616 5232 de
2645 5176 3101 5248 quadrupedibus
3128 5175 3372 5245 quidem.
3408 5189 3532 5245 qua

1953 5271 2019 5326 ad
2058 5270 2386 5327 sacriﬁcium
2432 5280 2486 5325 et
2533 5270 2810 5326 victimam
2860 5286 2971 5324 non
3012 5270 3242 5332 idoneae,
3297 5284 3397 5323 nec
3449 5268 3536 5324 di-

1953 5378 2073 5435 gnm
2088 5370 2267 5428 erant,
2285 5377 2404 5433 qua!
2427 5361 2963 5425 assumercnlur,vel
2993 5360 3291 5430 pet'mutari
3313 5375 3428 5424 eas,
3448 5359 3534 5413 vel

1954 5457 2188 5526 pretium
2217 5470 2326 5526 quo
2360 5452 2768 5510 redimerentur
2807 5470 2906 5525 pro
2942 5454 3010 5508 iis
3064 5452 3182 5507 dari
3232 5452 3314 5506 lex
3344 5450 3533 5519 jubet;

1960 5548 2027 5607 de
2052 5547 2370 5605 hominibus
2401 5556 2584 5605 autem
2629 5555 2683 5604 et
2712 5546 3106 5619 redemptionis
3133 5545 3367 5617 pretium
3389 5545 3532 5609 dari,

357 5676 821 5792 ιδιεςι.ἰ,ιιε‹ιίιο
896 5719 1314 5793 "Ephesi-“9'
1395 5718 1976 5791 '°N“‘"""’“sqq'

610 5815 877 5874 Parnm"
905 5814 1022 5876 Gn.
1064 5812 1258 5873 XLV!

3128 5807 3207 5870 3'7
