3950 6156
485 203 624 258 “65

1788 200 1845 254 ε..
1879 197 2207 255 GREGORII
2245 196 2536 254 NYSSENI

3629 198 3780 252 1364

483 334 645 394 atque
665 323 829 378 etiam
859 338 954 393 per
986 321 1204 377 Levitas
1235 321 1739 390 compensationem
1776 319 1897 376 ﬁeri
1949 319 2047 376 do-

2154 320 2535 392 ἀποκλήρωσιν
2576 318 2745 390 λύτρα
2793 318 3026 372 δίδοσθαι
3072 319 3186 372 ἀντ’
3234 317 3414 372 αὐτῶν
3461 318 3778 388 διηγόρευ-

482 428 690 480 eemur,
721 414 867 482 quod
890 413 1054 467 etiam
1085 428 1208 467 cum
1230 412 1345 482 ipsa
1368 412 1550 466 littera
1584 412 1742 482 legali
1770 427 1877 465 non
1915 426 2049 465 con-

483 501 710 557 cordare
737 517 837 556 nec
875 502 1165 555 conciliari
1195 517 1377 572 posse.
1413 502 1505 556 sed
1539 503 1854 572 discrepare
1897 503 2050 558 vide-

483 604 590 658 tur,
651 591 1109 660 quemadmodum
1131 592 1198 647 de
1228 591 1679 661 quadrupedibus
1726 591 2050 645 constitutio

481 683 736 748 ostendit,
771 690 824 737 et
860 682 978 752 ipsa
1015 683 1093 736 rei
1143 692 1338 737 natura
1372 682 1552 737 docet.
1614 681 1749 736 Nam
1784 682 1828 735 si
1881 681 2046 735 etiam

482 783 770 845 postquam
827 773 1028 829 Levita:
1096 789 1194 844 pro
1264 773 1641 844 primogenitis
1711 773 1780 827 ad
1838 772 2048 826 cultum

479 867 722 921 divinum
759 867 1029 936 segregati
1077 873 1255 930 erant,
1313 867 1485 935 pretia
1523 865 1918 935 redemptionis
1951 879 2048 934 pro

479 959 587 1014 illis
612 958 730 1012 dari
779 965 1109 1028 prarceptum
1163 967 1268 1022 est,
1323 956 1674 1027 perspicuum
1716 963 1801 1010 est
1835 953 2049 1010 Levitas

481 1062 589 1101 non
635 1047 895 1102 habuisse
946 1047 1001 1100 in
1049 1061 1109 1102 se
1144 1047 1251 1099 vim
1311 1060 1497 1116 parem
1531 1053 1586 1100 et
1636 1045 1879 1115 dignam,
1929 1060 2051 1112 quae

480 1140 818 1207 acciperetur
867 1153 966 1208 pro
1023 1137 1402 1208 redemptione
1458 1144 1512 1192 et
1577 1136 2048 1206 compensatione.

478 1227 634 1293 Quod
665 1229 710 1282 si
742 1228 814 1281 ita
850 1236 957 1293 est,
992 1228 1165 1282 multo
1209 1228 1384 1298 magis
1418 1227 1644 1298 indigna
1677 1234 1761 1282 est
1795 1243 1881 1290 ea,
1930 1242 2051 1296 qua:

478 1337 576 1391 per
604 1328 888 1390 argentum
940 1318 1120 1383 ﬁebat,
1155 1318 1457 1389 redemptio
1517 1317 2046 1390 primogenitorum:

479 1420 686 1482 quanto
742 1412 1000 1466 nimirum
1026 1412 1190 1467 etiam
1231 1419 1430 1465 natura
1460 1411 1694 1466 rationis
1745 1419 1800 1465 et
1852 1425 2049 1466 sensus

479 1519 676 1575 expers
712 1504 872 1559 vilior
891 1511 996 1569 est,
1038 1519 1201 1574 quam
1255 1511 1448 1557 natura
1498 1501 1762 1556 humana.
1819 1499 2051 1556 Verum-

482 1607 662 1650 tamen
693 1596 1162 1666 quandoquidem,
1194 1602 1253 1650 ut
1281 1595 1458 1665 inquit
1499 1595 1762 1664 propheta
1791 1594 1861 1658 ²⁰,
1913 1607 2049 1647 ocu-

2149 431 2262 478 ται,
2296 413 2453 484 δῆλον
2479 413 2557 476 ὡς
2590 412 2697 465 τῶν
2729 411 2972 466 Λευῖτῶν
2997 411 3096 464 οὐκ
3133 411 3360 482 ἑχόντων
3389 411 3452 464 τδ
3495 411 3584 472 είς
3617 412 3771 463 ἀντί-

2153 504 2345 574 λυτρον
2397 502 2698 557 ίσοστάσιόν
2734 518 2795 554 τε
2839 502 2934 556 καὶ
2971 501 3296 565 ἀξιόδεκτον.
3361 502 3425 554 Εί
3467 501 3532 553 δὲ
3575 499 3766 562 τοῦτο,

2152 595 2334 666 πολλῷ
2377 595 2575 667 μᾶλλον
2617 594 2956 664 ἀναξιωτέρα
2995 596 3028 666 ή
3069 594 3156 648 διά
3187 595 3287 665 τῆς
3328 593 3425 648 τοῦ
3473 593 3762 665 ἀργυρίου

2153 686 2535 758 προσαγομένη
2569 685 2855 758 λύτρωσις,
2889 687 3012 739 ὅσον
3051 687 3202 740 πᾶσα
3231 689 3264 757 ἠ
3296 686 3495 754 ἄλογος
3530 688 3631 738 καὶ
3669 688 3764 738 ἀν-

2152 775 2407 846 αίσθητος
2459 775 2621 845 φύσις
2664 777 2761 845 τῆς
2809 774 3160 846 ἀνθρωπίνης
3209 776 3396 839 οὐσίας
3438 776 3760 846 ἀτιμοτέρα

2151 867 2515 938 καθέστηκεν.
2551 867 2697 938 Πλὴν
2729 868 2958 938 ἐπείπερ
3000 868 3142 920 κατά
3171 867 3262 920 τὸν
3296 870 3594 938 προφήτην
3621 869 3759 929 τοὺς

2150 957 2465 1028 ὀφθαλμοὺς
2493 957 2670 1011 αὐτῶν
2694 957 3042 1028 ἐκάμμυσαν,
3077 959 3170 1011 καὶ
3199 956 3258 1011 τὸ
3291 959 3354 1010 ἐκ
3386 956 3587 1009 τούτου
3617 956 3760 1008 63(6-

2151 1050 2336 1104 λουθον
2387 1049 2603 1120 βλέπειν
2629 1051 2689 1103 οὐ
2719 1050 2992 1104 δύνανται·
3024 1046 3133 1121 ἆρα
3167 1051 3488 1120 δυνήσονται
3525 1049 3754 1102 ἀκούειν

2151 1142 2202 1196 κ’
2237 1141 2401 1196 αὑτοῦ
2437 1142 2747 1212 σοφωτάτου
2788 1141 3207 1212 διακεκραγότος
3254 1140 3530 1209 Μιχαίου;
3604 1139 3755 1206 Ἐγὼ

2156 1232 2254 1302 μὲν
2274 1232 2375 1285 οὑκ
2402 1227 2574 1302 οἶμαι.
2608 1233 2718 1284 Καὶ
2746 1231 2853 1301 γὰρ
2883 1232 2978 1284 καὶ
3009 1233 3123 1295 τοῖς
3145 1231 3276 1284 ὠσὶν
3309 1230 3495 1282 αὐτῶν
3532 1228 3754 1300 βαρέως

2152 1321 2441 1376 ἀκούουσιν
2469 1333 2506 1351 ο·
2533 1321 2684 1390 ὅμως
2727 1321 2891 1374 ίκέτω
2916 1323 2944 1374 6
2972 1323 3239 1392 μακάριος
3267 1315 3422 1382 οὗτος
3450 1322 3757 1390 προφήτης

2156 1411 2554 1484 μεγαλοφώνως
2581 1411 2757 1465 ταῦτα
2787 1410 2924 1480 βοῶν
2943 1451 2958 1477 ,
2987 1412 3082 1464 καὶ
3117 1410 3196 1481 τῷ
3246 1409 3584 1480 προφητικῷ
3614 1426 3755 1479 προ.

2151 1503 2524 1574 αινισσόμενος
2565 1503 2837 1574 πνεύματι
2885 1502 2982 1573 τὴν
3026 1503 3136 1555 τῶν
3183 1501 3493 1554 Ἰουδαϊκῶν
3532 1518 3741 1570 πρωτο

2151 1596 2324 1650 τόκων
2355 1593 2626 1664 ἀποϐολὴν
2647 1632 2664 1658 ,
2712 1593 2911 1663 ὁμοίως
2935 1596 3000 1664 τῇ
3037 1593 3143 1646 τῶν
3178 1592 3512 1663 σωματικῶν
3542 1593 3745 1645 θυσξωτ

481 1691 564 1743 los
608 1705 740 1744 suos
799 1690 1174 1753 occluserunt,
1209 1695 1265 1743 et
1316 1685 1464 1756 quod
1521 1687 1648 1741 hinc
1696 1687 2049 1756 consequitur

2155 1688 2485 1760 προσαγωγῇ
2507 1703 2520 1717 ο
2576 1686 2708 1756 φησι
2743 1687 2851 1757 γάρ
2877 1701 2890 1716 ο
2954 1686 3058 1738 Ἐν
3086 1671 3221 1738 *τίνι
3261 1683 3594 1738 καταλάϐω
3642 1686 3748 1738 τὸν

479 1796 703 1834 eernere
733 1795 840 1833 non
863 1787 1096 1849 possunt
1125 1797 1137 1834 :
1180 1777 1432 1846 nunquid
1483 1777 1646 1830 etiam
1677 1776 1868 1830 audire
1896 1783 2048 1847 pote-

478 1880 605 1924 runt
621 1871 796 1940 ipsum
826 1869 1293 1940 sapientissimum
1311 1865 1588 1920 Michteam
1619 1864 2050 1920 exclamantem?

480 1963 591 2033 Ego
620 1963 838 2033 quidem
881 1977 988 2017 non
1045 1961 1302 2015 arbitror.
1344 1959 1557 2014 Etenim
1594 1958 1758 2013 etiam
1817 1958 2048 2014 auribus

481 2055 598 2109 suis
633 2054 872 2123 graviter
911 2053 1164 2108 audiunt.
1217 2051 1414 2108 Veniat
1467 2059 1650 2106 tamen
1706 2051 1901 2107 beatus
1958 2050 2050 2105 hic

479 2149 774 2218 prepheta,
813 2160 1013 2218 magna
1065 2161 1198 2201 voce
1247 2145 1363 2200 haec
1415 2145 1682 2209 clamans,
1739 2152 1794 2199 et
1849 2143 2045 2215 spiritu

478 2238 798 2308 prophetico
830 2236 1261 2308 praesigniﬁcans
1306 2245 1416 2290 tam
1450 2233 1802 2289 Judaicorum
1843 2236 2050 2304 primo-

480 2335 812 2401 genitornm,
849 2345 1013 2402 quam
1053 2345 1443 2401 corporearum
1481 2327 1785 2383 hostiarum
1817 2327 2050 2384 oblatio-

480 2425 566 2478 nis
619 2424 970 2493 rejectionem
1025 2435 1089 2475 ac
1141 2419 1605 2491 reprobationem.
1667 2415 1807 2472 Dicit
1858 2418 2046 2473 enim:

477 2517 582 2570 Per
608 2534 762 2587 quant
803 2532 910 2570 rem
951 2512 1384 2582 comprehendam
1417 2510 1721 2576 Dominum,
1767 2511 2051 2578 apprehen-

2156 1781 2408 1849 Κύριον,
2448 1779 2853 1848 ἀναλήψομαι
2885 1778 3032 1832 θεοῦ
3053 1796 3172 1847 μου
3198 1779 3511 1846 intrimat);
3544 1780 3615 1830 El
3644 1795 3750 1830 κα-

2155 1873 2500 1944 ταλήψομαι
2531 1873 2717 1928 αὑτὸν
2759 1871 2828 1925 ὲν
2872 1871 3125 1940 μόσχοις
3171 1870 3637 1933 ἐνιαιοσιαιοις;
3682 1871 3751 1921 ει

2159 1965 2551 2035 προσδέξεται
2581 1965 2794 2033 Κύριος
2820 1963 2889 2016 ἐν
2927 1962 3159 2032 χιλιάσι
3202 1959 3422 2031 κριῶν,
3474 1959 3514 2027 ἢ
3549 1961 3622 2012 ἐν
3643 1979 3748 2028 μυ-

2152 2057 2323 2126 ριάσι
2345 2056 2610 2127 χιμάρων
2663 2056 2916 2119 mortar;
3003 2057 3074 2108 El
3119 2053 3203 2106 δῶ
3238 2051 3593 2120 πρωτότοκά
3626 2069 3748 2120 μου

2155 2148 2697 2217 άσεϐείας,καρπὸν
2719 2149 2951 2213 κοιλίας
2967 2163 3087 2216 μου
3111 2145 3259 2213 ὑπὲρ
3275 2143 3584 2212 ἁμαρτιῶν
3593 2162 3714 2212 μου
3728 2185 3742 2206 ,

2165 2233 2538 2296 ’Ᾱκουέτωσαν
2575 2243 2622 2294 oi
2651 2241 2750 2311 τὴν
2801 2241 3028 2312 καρδίαν
3075 2242 3301 2310 παχεῖαν
3333 2237 3575 2307 ἔχοντες,
3607 2238 3745 2307 ὅπερ

2153 2333 2335 2387 αὐτῶν
2383 2336 2414 2388 6
2450 2334 2736 2407 προφήτης
2785 2333 2914 2403 περὶ
2969 2331 3125 2403 ἡμῶν
3185 2331 3612 2400 κατηγόρησεν,
3669 2328 3747 2390 ὡς

2153 2425 2473 2496 πρωτότοκα
2523 2423 2778 2488 ἀσεϐείας
2812 2425 2842 2476 6
2895 2423 3162 2493 μακάριος
3194 2422 3437 2491 Μιχαίας
3488 2422 3561 2475 τὰ
3600 2420 3746 2474 κατά

2156 2515 2334 2587 σάρκα
2366 2517 2581 2588 Ἰσραὴλ
2612 2516 2933 2589 πρωτότοκα
2965 2514 3295 2583 ὲξωνόμασε.

477 2608 599 2659 dant
649 2605 812 2659 Deum
858 2619 1029 2659 meum
1059 2602 1422 2657 altissimum?
1480 2599 1559 2654 An
1613 2598 2046 2668 comprehendam
2084 2618 2202 2658 eum
2235 2621 2326 2675 per
2359 2608 2550 2663 vitulo;
2574 2607 2898 2662 anniculos?
2921 2606 3000 2660 An
3029 2605 3272 2659 admittet
3337 2605 3599 2658 Dominus
3651 2620 3746 2672 per

479 2698 621 2750 mille
649 2699 858 2766 arietes,
885 2705 1084 2767 autper
1115 2697 1289 2750 decem
1319 2693 1494 2748 millia
1525 2708 1807 2762 caprarum
1877 2694 2188 2764 pinguium?
2251 2699 2334 2753 An
2396 2701 2534 2755 dabo
2597 2701 2943 2771 primogenita
2985 2715 3099 2752 mea
3133 2698 3442 2767 impietatis,
3498 2697 3746 2764 fructum

478 2795 669 2848 ventris
724 2795 822 2846 mei
864 2808 957 2860 pro
997 2794 1225 2860 peccatis
1263 2791 1394 2845 meis
1425 2789 1518 2843 ’ίῖ
1576 2789 1815 2843 Andiant
1849 2790 1943 2859 qui
1977 2805 2073 2846 cor
2109 2807 2360 2851 crassum
2412 2796 2637 2862 habent,
2677 2811 2784 2866 qua
2847 2796 2915 2850 de
2963 2809 3023 2850 re
3061 2809 3161 2850 eos
3210 2805 3335 2848 ante
3357 2807 3458 2848 nos
3499 2809 3746 2848 accusa-

478 2885 615 2940 verit
648 2884 932 2953 propheta.
960 2889 1017 2936 ut
1052 2882 1412 2953 primogenita
1448 2879 1743 2950 impietatis
1781 2892 1864 2945 ea,
1911 2896 2032 2951 quae
2070 2886 2370 2942 secundum
2403 2901 2623 2943 carnem
2677 2886 3041 2959 primogenita
3077 2886 3298 2942 lsraelis
3333 2894 3512 2949 erant,
3539 2887 3744 2943 beatus

479 2979 731 3034 Michatas
761 2977 1144 3032 nominaverit.

549 3071 653 3136 Qui
681 3068 845 3138 igitur
879 3073 1070 3121 sancta
1111 3064 1227 3119 haec
1281 3063 1688 3129 existimarunt.
1747 3082 1869 3136 quae
1916 3081 2044 3137 pro-

2217 3067 2341 3132 Πῶς
2367 3061 2458 3122 οῦν
2479 3066 2610 3135 ἅγια
2630 3064 2804 3120 ταῦτα
2833 3066 3218 3136 ὑπειλήφασιν,
3241 3066 3383 3137 άπερ
3401 3063 3744 3136 προφητικῷ

481 3162 698 3235 phetieo
752 3158 918 3213 verbo
973 3156 1267 3227 impietatis
1327 3156 1690 3226 primogenita
1761 3158 2042 3212 nominata

479 3254 648 3309 sunt?
670 3250 861 3304 Dicant
888 3249 1045 3304 nobis
1074 3264 1196 3304 vere
1225 3247 1591 3303 balbutientes
1650 3248 1874 3319 linguae,
1925 3265 2046 3318 qum

481 3361 588 3401 non
627 3351 858 3415 possunt
888 3350 1034 3396 recte
1050 3340 1407 3412 pronuntiare
1439 3349 1493 3394 et
1523 3340 1706 3409 eloqui
1735 3340 2043 3404 veritatem,

478 3439 755 3510 quomodo
783 3433 1046 3505 propheta
1079 3448 1175 3503 per
1201 3432 1465 3504 Spiritum
1507 3441 1762 3488 sanctum
1818 3432 2049 3503 loquens

481 3530 722 3584 fructum
764 3525 1057 3596 impietatis
1083 3539 1249 3579 ausus
1277 3524 1348 3579 sit
1372 3539 1434 3578 ea
1459 3525 1697 3579 vocare?
1727 3524 1832 3590 Qui
1861 3525 1953 3592 ﬁat
1989 3533 2050 3580 ut

478 3620 673 3683 oratio,
709 3632 828 3688 quae
845 3618 912 3671 de
940 3615 1310 3684 redemptione
1343 3615 1541 3669 horum
1577 3616 1840 3686 loquitur,
1870 3632 2050 3686 arqua-

479 3713 548 3766 lis
579 3719 634 3766 et
669 3725 854 3766 secum
886 3716 1257 3769 consentanea
1279 3722 1404 3762 esse
1429 3722 1533 3762 non
1574 3709 1846 3772 videatur,
1883 3725 2053 3778 quan-

479 3814 593 3857 tum
630 3804 824 3857 attinet
861 3801 927 3854 ad
966 3815 1110 3864 eam,
1151 3815 1272 3869 quae
1311 3813 1370 3853 se
1415 3800 1590 3868 prima
1650 3799 1830 3854 fronte
1889 3809 2052 3870 atque

480 3893 822 3962 inspectione
847 3889 1022 3954 oll‘ert,
1048 3891 1239 3944 littera:
1262 3890 1609 3952 sententiam,
1628 3904 1940 3958 quanquam
1969 3891 2054 3944 lex

481 3987 623 4055 apud
643 3999 743 4038 nos
760 3993 814 4038 et
838 3991 1027 4037 sancta
1044 3992 1098 4035 et
1116 3981 1418 4050 spiritualis
1431 3996 1552 4036 esse
1579 3989 1688 4034 tttm
1717 3982 2050 4052 intelligitur,

483 4085 594 4129 tum
630 4072 905 4127 creditur?
943 4070 1129 4125 Videte
1159 4069 1508 4124 Judaicorum
1548 4085 1806 4125 curruum
1834 4071 2056 4141 colliga-

482 4176 566 4218 tos
581 4179 730 4227 axes,
755 4162 1209 4232 quemadmodum
1235 4160 1616 4232 Egyptiorum
1660 4163 1788 4217 olim
1808 4161 2054 4216 vehicula

481 4257 534 4309 in
559 4253 761 4310 Rubris
790 4253 953 4308 undis
979 4254 1024 4283 "
1045 4293 1058 4306 .
1092 4245 1292 4307 Verum
1324 4254 1440 4308 loco
1466 4253 1630 4323 virga:
1655 4254 1978 4308 immittatur
2000 4256 2055 4308 in

469 4332 631 4402 mare
689 4345 954 4401 orationis
999 4345 1112 4400 vcri
1177 4344 1508 4414 legislatoris
1559 4355 1611 4398 et
1663 4345 1806 4414 regis
1869 4345 2056 4414 glorise

2145 3160 2290 3231 λόγῳ
2315 3159 2567 3222 ἀσεϐείας
2598 3159 2920 3228 πρωτότοκα
2949 3157 3376 3229 ὠνομάσθησαν;
3411 3157 3742 3226 Λεγέτωσαν

2147 3255 2278 3323 ἡμῖν
2322 3253 2378 3306 αἱ
2423 3252 2591 3314 ὄντως
2622 3251 2966 3320 ψελλίζουσαι
2997 3250 3268 3319 γλῶσσαι,
3299 3251 3357 3302 αἱ
3390 3250 3466 3320 μὴ
3501 3248 3743 3318 δυνάμε-

2149 3363 2235 3399 ναι
2267 3345 2604 3415 ὀρθολεκτεῖν
2629 3344 2729 3413 τὴν
2766 3343 3062 3413 ἀλήθειαν,
3101 3343 3218 3404 πῶς
3263 3342 3292 3393 6
3315 3342 3631 3412 προφήτης,
3679 3341 3742 3392 ἐν

2149 3432 2428 3501 Πνεύματι
2465 3432 2605 3503 ἁγίῳ
2633 3432 3019 3502 φθεγγόμενος,
3063 3430 3275 3502 καρπὸν
3309 3429 3567 3492 ἀσεϐείας
3599 3429 3740 3482 ταῦ-

2148 3541 2216 3577 τα
2257 3523 2439 3576 καλεῖν
2494 3523 2882 3592 ἀπετόλμησε;
2941 3522 3066 3585 Πῶς
3119 3525 3147 3575 6
3199 3523 3327 3590 περὶ
3374 3521 3476 3591 τῆς
3525 3523 3741 3574 τούτων

2150 3612 2469 3683 λυτρὼσεως
2512 3612 2669 3681 λόγος
2725 3613 2786 3666 τὸ
2835 3612 3034 3682 ὁμαλὸν
3087 3613 3180 3666 καὶ
3225 3612 3517 3666 ἀκόλουθον
3553 3613 3740 3684 ἑαυτῴ

2151 3703 2289 3774 ἔχων
2333 3705 2395 3756 οὑ
2445 3703 2729 3772 φαίνεται,
2793 3705 2915 3756 ὅσον
2964 3704 3105 3758 κατά
3149 3705 3210 3757 τὸ
3259 3703 3353 3756 τοῦ
3402 3704 3740 3775 γράμματος

2153 3796 2478 3868 πρόχειρον;
2514 3796 2754 3866 καίτοιγε
2789 3797 2884 3850 τοῦ
2917 3797 3083 3868 νόμου
3133 3799 3265 3866 παρ’
3313 3798 3444 3865 ἡμῖν
3478 3796 3638 3863 ἁγίου
3679 3813 3740 3849 τε

2155 3889 2247 3942 καὶ
2281 3888 2652 3960 πνευματικοῦ
2699 3886 2839 3943 εἶναι
2868 3889 3156 3958 νοουμένου
3187 3905 3245 3941 τε
3289 3890 3384 3941 καὶ
3414 3888 3742 3957 πιστευομὲ-

2154 3999 2265 4036 νου.
2308 3982 2504 4052 Ὁρᾶτε
2532 3981 2640 4034 τῶν
2675 3980 2977 4034 Ἰουδαϊκῶν
3008 3981 3267 4051 ἁρμάτων
3317 3979 3739 4050 συνδεδεμένους

2155 4073 2364 4138 ἄξονας,
2393 4073 2645 4145 καθάπερ
2679 4074 2844 4127 πάλαι
2873 4073 2980 4126 τῶν
3008 4073 3320 4142 Αἰγυπτίων
3350 4073 3476 4135 τοὺς
3513 4072 3739 4142 δίφρους

2155 4163 2247 4215 ἐπὶ
2277 4163 2383 4217 τῶν
2424 4162 2759 4233 Ἐρυθραίων
2797 4164 3074 4232 ναμάτων.
3113 4163 3250 4216 Ἀλλ’
3276 4162 3594 4232 ὲπαφείσθω
3617 4164 3739 4215 ἀντὶ

2159 4255 2354 4324 ῥάϐδου
2383 4258 2448 4326 τῇ
2477 4255 2720 4327 θαλάσσῃ
2757 4255 2850 4309 τοῦ
2876 4256 3033 4324 λόγου
3057 4258 3090 4327 ἡ
3123 4255 3217 4309 τοῦ
3244 4255 3479 4326 ἀληθοῦς
3505 4255 3735 4325 νομοθέ-

2157 4363 2250 4399 του
2293 4347 2384 4398 καὶ
2435 4345 2698 4416 βασιλέως
2725 4347 2822 4417 τῆς
2863 4347 3020 4418 δόξης
3071 4346 3307 4418 Χριστοῦ
3357 4346 3590 4417 δύναμις
3642 4348 3737 4398 καὶ

479 4438 685 4494 Christi
741 4438 918 4493 virtus
971 4443 1026 4491 et
1055 4435 1344 4497 auxilium,
1391 4443 1445 4488 et
1495 4423 1731 4488 deducat
1789 4434 2048 4504 populum

2157 4437 2397 4510 βοήθεια,
2431 4439 2525 4492 καὶ
2549 4439 2869 4510 όδηγησάτω
2899 4440 2989 4492 τὸν
3016 4440 3143 4493 λαὸν
3171 4437 3337 4491 αὑτοῦ
3376 4440 3459 4499 είς
3500 4438 3619 4492 ὁδὸν
3649 4440 3734 4491 εὖ·

481 4545 640 4584 suum
681 4530 734 4582 in
767 4528 909 4581 viam
961 4535 1167 4582 rectam
1219 4525 1432 4580 altioris
1461 4540 1656 4579 sensus
1697 4540 1759 4578 ac
1809 4528 2052 4594 specula-

481 4621 670 4681 tionis,
702 4627 762 4672 ut
794 4634 982 4674 eamus
1009 4619 1062 4673 in
1097 4618 1290 4674 urbem
1321 4617 1584 4673 domicilii
1611 4616 1861 4672 scientiae
1885 4626 2049 4685 atque

480 4713 751 4773 veritatis,
781 4720 835 4766 ct
858 4712 1056 4765 obruat
1109 4709 1453 4766 adversarios
1504 4707 1943 4779 inexpugnabilis
1995 4718 2050 4776 ct

480 4799 685 4852 invicta
719 4796 888 4868 gloria
916 4795 1134 4862 divina;
1174 4796 1331 4865 cujus
1360 4797 1518 4866 plena
1549 4805 1632 4850 est
1659 4795 1912 4848 universa
1933 4802 2044 4848 ter-

481 4906 561 4955 ra,
583 4898 642 4943 ut
673 4901 1072 4958 cognoscamus
1097 4885 1412 4952 Dominum,
1449 4895 1506 4940 nt
1531 4886 1708 4956 inquit
1741 4882 2042 4956 Scriptura,

478 4980 619 5034 sicut
648 4965 787 5048 aqua
820 4978 990 5032 multa
1010 4977 1075 5030 ad
1105 4975 1463 5046 operiendam
1495 4979 1687 5032 maria.

545 5069 667 5124 Jam
706 5082 854 5122 nunc
883 5067 1102 5137 quidem
1135 5081 1356 5122 carnem
1403 5067 1630 5125 indutus
1673 5069 1814 5126 Deus
1843 5072 2051 5140 primo-

478 5163 719 5232 genitam
749 5159 956 5214 diaboli
997 5159 1242 5214 sobolem
1283 5160 1398 5215 sive
1439 5169 1728 5230 peccatum
1762 5169 1814 5217 et
1854 5165 2050 5218 morti-

480 5252 662 5308 ticavit
687 5262 739 5306 et
761 5251 1019 5313 abolevit,
1047 5258 1098 5305 et
1117 5250 1282 5305 simul
1301 5258 1467 5321 atque
1486 5260 1648 5306 natus
1667 5260 1751 5307 est
1781 5254 1834 5308 in
1863 5269 2048 5320 carne,

478 5343 992 5398 condemnationem
1027 5343 1346 5397 vitiositatis
1378 5343 1482 5397 sibi
1514 5343 1775 5406 confecit.
1811 5353 1864 5399 et
1891 5347 2054 5401 abso-

478 5437 646 5492 lutam
659 5437 780 5508 ejus
799 5435 1147 5489 abolitionem
1165 5449 1262 5504 per
1273 5448 1391 5488 sese
1409 5434 1663 5504 praestitit
1677 5451 1737 5487 ac
1755 5451 2056 5504 repraesen.

2155 4529 2305 4584 θείαν
2333 4531 2626 4601 ἀναγωγῆς
2653 4549 2711 4584 τε
2743 4533 2837 4587 καὶ
2875 4531 3105 4604 θεωρίας
3124 4571 3139 4598 ,
3169 4529 3264 4584 τοῦ
3295 4530 3630 4601 πορευθῆναι
3657 4535 3733 4595 εἰς

2155 4623 2309 4676 πόλιν
2357 4623 2777 4694 κατοικητηρίου
2817 4622 3072 4692 γνώσεώς
3104 4641 3164 4677 τε
3199 4625 3291 4677 καὶ
3327 4623 3612 4693 ἀληθείας,
3642 4626 3734 4676 καὶ

2152 4714 2539 4784 ἐπικαλυψάτω
2596 4717 2723 4777 τοὺς
2775 4715 3049 4779 ἐναντίους
3098 4717 3199 4787 τῆς
3249 4714 3401 4779 θείας
3451 4715 3616 4784 δόξης
3675 4717 3733 4770 τὸ

2151 4807 2601 4877 ἀπροσμάχητον⁹
2635 4801 2850 4872 ἧστινος
2892 4807 3246 4878 πεπλήρωται
3281 4809 3314 4877 ή
3350 4807 3619 4876 σύμπασα
3644 4807 3731 4876 γῆν

2152 4899 2245 4952 τοῦ
2276 4899 2476 4967 γνῶναι
2505 4898 2594 4952 τὸν
2613 4897 2836 4969 Κύριον,
2872 4897 2946 4962 ὣς
2975 4914 3138 4970 φησιν
3176 4899 3210 4968 ἡ
3239 4897 3449 4968 Γραφὴ,
3490 4896 3568 4958 ὡς
3592 4895 3734 4965 ὕδωρ

2160 4989 2294 5042 πολὺ
2320 4989 2558 5058 καλύψαι
2588 4988 2887 5052 θαλάσσας.

2230 5082 2389 5151 "Ap-ct
2425 5079 2525 5150 μὲν
2572 5078 2668 5150 τὴν
2719 5079 3062 5150 πρωτότοκον
3109 5079 3203 5133 τοῦ
3243 5078 3493 5132 διαϐόλου
3549 5081 3729 5150 γονὴν,

2156 5164 2323 5233 ἧγουν
2367 5165 2465 5236 τὴν
2521 5165 2795 5237 ἁμαρτίαν
2839 5169 2867 5219 6
2920 5167 3225 5237 σαρκωθεὶς
3266 5167 3398 5230 Θεὸς
3460 5168 3732 5238 ἑνέκρωσέ

2154 5270 2214 5306 τε
2257 5255 2350 5308 καὶ
2397 5255 2754 5327 ὲξηφάνισεν,
2807 5257 2922 5327 ἅμα
2964 5257 3044 5327 τῷ
3089 5257 3416 5327 γεννηθῆναι
3455 5258 3601 5310 κατά
3641 5260 3732 5327 τὴν

2159 5346 2357 5418 σάρκα,
2383 5347 2481 5414 τὴν
2509 5349 2831 5418 κατάκρισιν
2865 5348 3044 5418 ἑαυτῷ
3068 5348 3164 5417 τῆς
3191 5347 3390 5411 κακίας
3426 5350 3728 5420 ποιησάμεο

2158 5455 2267 5502 νος,
2305 5439 2396 5493 καὶ
2447 5439 2540 5492 τὸν
2588 5439 2826 5511 παντελῆ
2865 5440 3067 5512 ταύτης
3110 5441 3419 5512 ἀφανισμὸν
3463 5442 3526 5496 ἐν
3560 5437 3724 5510 tanti;

547 5614 596 5648 ιο
629 5613 732 5668 lsa.
766 5628 841 5678 γι,
875 5613 961 5668 10.
1025 5612 1084 5686 ,³⁸
1119 5611 1278 5667 Mich.
1317 5629 1390 5680 Vl,
1424 5611 1478 5676 6,
1508 5613 1561 5668 7.
1639 5615 1682 5645 “
1717 5612 1888 5668 Exod.
1928 5613 2130 5682 x1v,25
2165 5630 2282 5687 sqq.
