3950 6156
155 375 167 420 ἷ
233 367 368 422 H65

1363 368 1450 422 DE
1498 365 1823 424 OCCURSU
1886 363 2144 430 υοΜιΝι,
2188 365 2340 423 ETC.

3334 368 3482 424 4166

227 481 620 553 ἐργασάμενος,
650 481 863 558 θρήνων
887 484 982 549 τὰς
1008 485 1255 550 ἐναντίας
1279 485 1535 556 δυνάμεις
1557 485 1801 557 ἐπλήρω-

1909 482 2066 548 tavit,
2107 482 2412 553 ploratibus
2451 489 2504 539 et
2547 483 3039 542 lamentationibus
3070 484 3258 556 cepias
3291 483 3486 540 adver-

229 589 340 635 σεν,
357 571 604 644 καθάπερ
635 573 803 644 σκεύη
825 577 945 628 τινὰ
977 578 1108 647 παρ’
1133 576 1313 630 αὐτῶν
1342 575 1524 632 λαϐὼν
1550 577 1674 639 τοὺς
1699 575 1806 631 ἀπὸ

228 665 499 719 ἀνατολῶν
535 665 788 729 ἐλθόντας
823 667 1068 735 Μάγους,
1093 669 1187 722 καὶ
1214 670 1280 739 τῇ
1316 668 1687 740 προσκυνήσει
1709 664 1806 718 καὶ

227 755 516 825 ἐπιγνώσει
547 758 646 828 τῆς
667 759 832 811 αὐτοῦ
861 760 1178 826 δεσποτείας
1215 760 1491 833 εὔχρηστα
1528 758 1697 852 σκεύη
1727 757 1805 828 τῷ

226 851 291 899 Δε
299 847 468 921 σπότῃ
485 851 883 921 γεγενημένους
899 854 977 917 είς
993 854 1281 925 συνεργίαν
1295 854 1394 924 τῆς
1408 847 1697 924 οἰκοδομῆεε
1709 851 1807 921 τῆς

238 937 584 1010 Ἐκκλησίας,
609 941 708 1011 τῆς
731 941 900 1005 ὅντως
929 943 1244 998 θεοτεύκτου
1267 944 1491 1014 σκηνῆς,
1515 943 1584 1015 ἢν
1606 940 1805 1012 ἔπηξεν

224 1028 254 1080 ό
277 1026 500 1098 Κύριος,
529 1030 622 1083 καὶ
642 1029 1052 1103 οὐκάνθρωπος
1075 1050 1089 1064 ·
1121 1033 1247 1106 ἄρτι
1272 1034 1329 1087 δὲ
1351 1033 1602 1103 καθάπερ
1632 1033 1803 1105 πηλοῦ

199 1110 324 1173 ’καὶ
355 1119 631 1185 πλινθείας
675 1122 846 1176 πάλαι
885 1124 976 1178 τὸν
1012 1125 1250 1198 Ἰσραὴλ,
1289 1125 1431 1180 οὕτω
1473 1124 1566 1179 τοῦ
1613 1127 1804 1196 γηῖνου

230 1209 576 1279 φρονήματος
590 1210 651 1264 τὸ
668 1212 1006 1285 ἀνθρώπινον
1025 1216 1180 1284 γένος
1200 1217 1258 1270 ὲν
1277 1214 1425 1286 αὐτῷ
1449 1203 1805 1288 λυτρωσάμε-

229 1316 336 1364 νος,
368 1303 560 1368 φυγεῖν
587 1301 686 1371 μὲν
703 1302 978 1372 Αἴγυπτον
1015 1305 1174 1359 τοῦτο
1215 1307 1514 1377 πεποίηκε,
1560 1304 1804 1360 τουτέστι

227 1390 287 1442 τὸ
345 1390 439 1443 τοῦ
489 1394 719 1446 θανατου
775 1396 1041 1466 στυγητδν
1102 1397 1196 1450 καὶ
1243 1396 1484 1466 ζοφῶδες
1523 1397 1801 1469 φρούριον.

237 1480 478 1549 Ἀγιάζει
507 1482 568 1536 δὲ
588 1483 666 1554 τῷ
686 1484 805 1556 Θεῷ
835 1487 931 1540 καὶ
966 1488 1141 1560 Πατρ)⁵
1166 1488 1228 1541 ού
1263 1487 1422 1558 μόνον
1465 1487 1534 1542 τὰ
1569 1489 1678 1542 τῶν
1706 1489 1803 1542 ἀν·

225 1571 457 1644 θρὼπων
486 1576 824 1646 πρωτότοκα,
850 1578 965 1632 ἀλλ’
982 1579 1083 1651 ἠδη
1116 1581 1209 1634 καὶ
1239 1583 1352 1634 πᾶν
1374 1580 1435 1634 τὸ
1461 1579 1803 1652 ἀνθρώπινον

225 1665 409 1733 φῦλον,
438 1666 526 1722 διά
553 1671 652 1739 τῆς
679 1670 738 1725 ὲν
767 1671 915 1743 αύτῷ
937 1674 1192 1744 ἀπαρχῆς
1214 1672 1308 1726 τοῦ
1334 1675 1604 1745 ἡμετέρου
1634 1675 1802 1746 φυρά-

226 1773 413 1825 ματος,
463 1758 707 1812 τουτέστι
737 1759 836 1830 τῆς
875 1760 934 1826 ἐξ
965 1762 1122 1832 ἡμῶν
1158 1762 1456 1834 ληφθείσης
1494 1762 1646 1832 αὑτῷ
1677 1781 1800 1833 σαρ-

223 1847 317 1909 κὸς
337 1847 693 1921 ἐψυχωμένης
727 1851 950 1922 νοερῶς,
978 1851 1097 1906 ὅλον
1121 1852 1311 1925 ὥσπερ
1331 1853 1693 1925 ἀναζυμώσας
1717 1856 1798 1918 εἰς

223 1937 491 2008 ἀγιασμὸν
535 1941 632 2012 τῆς
670 1941 1018 2014 ἀνθρωπίνης
1066 1943 1256 2008 οὐσίας
1281 1944 1344 1998 τὸ
1375 1944 1676 2018 σύγκριμα.
1726 1948 1797 1999 Et

223 2031 330 2098 γὰρ
356 2031 786 2111 ἀπαρχὴκάτία,
817 2035 914 2089 καὶ
943 2036 1008 2090 τὸ
1033 2037 1297 2106 φύραμα,
1329 2039 1564 2108 φήσαιμι
1612 2037 1676 2092 ἂν
1700 2037 1797 2090 νῦν

220 2121 444 2186 είκότως
467 2125 621 2192 κάγὼ
649 2125 793 2179 κατὰ
821 2126 910 2180 τὸν
937 2127 1080 2180 θεῖον
1096 2127 1439 2182 Ἀπόστολον.
1472 2129 1584 2183 Καὶ
1621 2128 1796 2183 καθά-

222 2229 326 2282 περ
361 2212 528 2266 πάλαι
557 2215 654 2286 τὴν
691 2216 986 2286 ἱερατεύειν
1034 2217 1302 2288 λαχοῦσαν
1330 2219 1504 2289 φυλὴν
1541 2220 1661 2274 ἀντὶ
1698 2222 1797 2292 τῆς

219 2303 328 2358 τῶν
352 2307 710 2376 πρωτοτόκων
733 2308 988 2380 ἀπαρχῆς
1006 2310 1034 2362 ό
1059 2309 1354 2379 νομοθέτης
1373 2310 1530 2379 λόγος
1551 2313 1797 2375 τυπικῶς

219 2393 298 2465 τῷ
325 2393 446 2465 Θεῷ
480 2398 860 2468 προσηγάγετο
882 2416 896 2431 ⁸
925 2398 1067 2454 οὕτω
1094 2400 1190 2455 νῦν
1223 2401 1282 2454 ὲν
1309 2400 1388 2472 τῷ
1430 2401 1666 2473 λαμπρῷ
1695 2421 1795 2472 χα-

223 2490 456 2558 ρακτῆρι
484 2488 582 2558 τῆς
612 2489 868 2559 ἀληθείας
904 2490 997 2544 τὸν
1029 2491 1291 2564 ἀρχιερέα
1335 2491 1432 2546 καὶ
1475 2492 1796 2546 Ἀπόστολον

217 2578 318 2648 τῆς
341 2577 633 2648 ὁμολογίας
677 2581 856 2652 ἡμῶν,
902 2582 992 2636 τὸν
1037 2583 1185 2637 ὅσιόν
1231 2600 1291 2636 τε
1320 2585 1415 2637 καὶ
1473 2583 1678 2638 ἄκακον
1703 2585 1796 2638 καὶ

220 2667 504 2736 ἀμίαντον,
538 2671 632 2723 καὶ
663 2671 866 2736 παντὸς
903 2672 1231 2744 άμαρτωλοῦ
1262 2674 1662 2745 κεχωρισμένον
1695 2673 1798 2746 ῥύα-

226 2776 329 2812 που
360 2777 420 2813 τε
447 2760 544 2814 καὶ
566 2764 934 2834 φρονήματος,
963 2764 1044 2835 τῷ
1069 2763 1190 2835 Θεῷ
1216 2766 1310 2821 καὶ
1343 2765 1518 2835 Πατρὶ
1551 2781 1796 2835 σωματι-

219 2849 333 2912 κῶς
376 2853 802 2924 προσενηνέχθαι
833 2855 1176 2925 γινώσκομεν
1223 2854 1344 2909 ἀντὶ
1379 2855 1477 2925 τῆς
1526 2855 1796 2924 καθαγια-

222 2936 440 3010 σθείσης
481 2939 630 3012 αύτῷ
674 2941 764 2996 διά
808 2943 1045 3009 πίστεως
1074 2944 1493 3016 ἀνθρωπότητος
1520 2962 1535 2976 ο
1582 2945 1678 3000 καὶ
1705 2963 1795 3000 το-

218 3027 397 3101 σούτῳ
427 3030 650 3101 μᾶλλον,
681 3033 900 3105 ὅσῳπερ
923 3034 1044 3088 οὐδὲ
1077 3035 1479 3106 ύπερτεροῦσαν
1506 3037 1600 3090 καὶ
1627 3036 1797 3108 ὑπερ-

218 3113 622 3184 πλεονάζουσαν
647 3122 798 3194 παρά
820 3123 913 3178 τὸν
939 3123 1131 3177 ἑαυτὸν
1154 3124 1425 3179 δεδωκότα
1452 3124 1649 3198 λύτρον
1673 3127 1795 3181 ἀντὶ

218 3208 434 3262 πολλῶν
469 3210 599 3283 ὃλην
642 3211 860 3284 ὁρῶμεν
914 3212 1013 3284 τὴν
1061 3213 1490 3285 ἀνθρωπότητα,
1537 3215 1681 3270 κατά
1705 3215 1797 3269 τὸν

215 3300 319 3371 τῆς
371 3303 656 3374 ἁγιότητος
710 3302 868 3372 λόγον
923 3303 1212 3376 (καθάπερ
1271 3305 1328 3357 ὲν
1393 3308 1461 3376 τῇ
1515 3307 1644 3376 σκιᾷ
1703 3304 1800 3359 τοῦ

217 3391 385 3461 νόμου
415 3394 474 3446 ἐν
517 3393 843 3466 πλεονασμῷ
877 3394 1026 3466 παρά
1063 3395 1191 3458 τοὺς
1216 3396 1446 3459 Λευῖτας
1475 3396 1545 3450 τὰ
1582 3397 1799 3467 πρωτό-

215 3498 356 3536 τοκα
379 3483 681 3555 εὕρηνται),
712 3484 849 3539 ἀλλά
883 3485 1112 3540 κατόπιν
1143 3487 1310 3541 αὐτοῦ
1345 3488 1674 3558 παμπληθὲς
1686 3491 1796 3544 ἀπο

216 3573 592 3646 ειλειμμένην,
621 3574 852 3630 καθόσον
880 3577 1049 3649 χωρὶς
1073 3576 1254 3648 πάσης
1283 3578 1590 3648 ἀντιλογίας
1618 3580 1681 3633 τὸ
1710 3580 1800 3634 εύ-

216 3665 546 3737 λογούμενον
572 3666 792 3722 ἔλαττον
830 3667 922 3722 τοῦ
953 3668 1302 3737 εύλογοῦ-θτος
1329 3669 1656 3741 καθέστηκε.
1688 3671 1800 3725 Καὶ

215 3759 343 3811 τότε
378 3757 475 3827 μὲν
504 3759 583 3822 είς
614 3758 775 3828 μόνον
803 3759 896 3812 τοῦ
913 3759 1130 3830 Ἰσραὴλ
1156 3759 1218 3812 τὸ
1251 3759 1402 3823 ἔθνος
1433 3761 1495 3814 τὺ
1522 3761 1625 3832 τῆς
1646 3764 1799 3816 Λευῖο

215 3847 381 3918 τικῆς
416 3848 714 3920 ἱερωσύνης
735 3848 954 3917 ἀξίωμα
984 3849 1343 3921 ἐχρημάτιζε,
1375 3850 1469 3904 καὶ
1500 3852 1662 3922 μόνον
1687 3852 1798 3906 τῶν

215 3942 353 4012 παρ’
407 3941 590 4004 αὐτοῖς
646 3940 1008 4012 πρωτοτόκων
1061 3941 1234 4013 λύτρα
1284 3938 1422 3997 εἶναι
1473 3946 1521 3996 οἱ
1575 3943 1798 4001 Λευῖται

217 4032 700 4104 μεμαρτύρηνται·
731 4029 960 4103 Χριστὸς
986 4031 1043 4085 δὲ
1067 4034 1097 4086 ὁ
1131 4034 1574 4104 παραγενόμενος
1611 4036 1801 4106 ἀρχιε-

216 4127 351 4198 ρεὺς
404 4124 513 4178 τῶν
542 4123 842 4196 μελλόντων
877 4123 1118 4194 ἀγαθῶν,
1153 4125 1229 4189 ὡς
1265 4126 1294 4177 ό
1323 4126 1598 4196 πάνσοφος
1651 4128 1799 4181 Παῦ-

215 4218 309 4281 λός
339 4235 525 4289 φησιν,
553 4217 646 4270 καὶ
666 4216 727 4270 οὐ
749 4215 896 4270 κατά
924 4217 1023 4288 τὴν
1054 4215 1206 4282 τάξιν
1233 4217 1463 4287 Ἀαρὼν,
1494 4217 1629 4271 ἀλλά
1655 4219 1823 4273 κατάν

213 4314 320 4383 τὴν
357 4312 510 4378 τάξιν
543 4310 906 4381 Μελχισεδὲκ,
935 4309 1118 4374 καθὼς
1158 4310 1218 4364 τὸ
1263 4311 1404 4365 θεῖον
1451 4328 1801 4383 προεχρησμ⁹

214 4403 397 4473 ᾡδησε
432 4403 641 4470 λόγιον,
675 4404 741 4474 τῇ
781 4401 879 4471 μὲν
911 4401 1200 4472 μεταθέσει
1248 4401 1350 4472 τῆς
1394 4401 1692 4472 ἱερωσύνης
1720 4401 1799 4472 τῷ

1822 3166 1866 3224 C

1911 575 2096 631 sarias
2128 574 2404 645 opplevit,
2437 581 2701 646 tanquam
2734 592 2866 632 vasa
2906 586 3072 649 atque
3118 579 3486 632 instrumenta

1907 665 2160 739 quaedam
2189 666 2258 722 ab
2304 667 2376 722 iis
2421 667 2621 724 ablatis
2668 667 2873 739 Magis,
2898 669 2991 738 qui
3021 669 3088 723 ab
3122 667 3485 722 orientalibus

1907 759 2161 830 partibus
2201 759 2562 822 venerunt",
2614 768 2670 815 et
2728 759 3052 815 adoratione
3101 769 3155 814 et
3207 760 3488 829 agnitione

1911 850 2208 906 Dominica:
2241 853 2536 922 potestatis
2589 852 2710 922 ejus
2771 852 3065 907 commoda
3105 859 3159 908 et
3205 860 3328 923 apta
3377 851 3486 906 Do-

1905 942 2058 998 mino
2097 942 2468 998 instrumenta
2506 942 2635 998 facti
2669 955 2820 1010 sunt,
2856 944 2912 998 in
2953 943 3260 999 subsidium
3294 953 3348 998 et
3386 943 3486 997 ad.

1901 1034 2214 1105 iumentum
2263 1035 2650 1092 tediilcationis
2697 1036 3000 1102 Ecclesiae,
3057 1051 3088 1090 a
3131 1035 3242 1091 Deo
3294 1051 3486 1090 revera

1905 1123 2146 1181 confecti
2193 1126 2562 1191 tabernaculi,
2618 1128 2767 1198 quod
2827 1127 3092 1182 Dominus
3121 1126 3234 1180 fixit
3274 1133 3328 1180 et
3377 1140 3487 1179 non

1907 1213 2135 1269 homo“
2167 1216 2320 1284 :jam
2357 1231 2508 1270 nunc
2552 1217 2682 1271 item
2715 1225 2979 1286 tanquam
3016 1230 3045 1269 a
3075 1217 3189 1270 luto
3222 1224 3276 1269 et
3300 1215 3487 1270 lateri-

1905 1307 1985 1361 tio
2014 1321 2184 1377 opere
2214 1308 2346 1362 olim
2385 1308 2667 1373 lsraelem,
2707 1311 2788 1364 sic
2849 1323 2880 1362 a
2935 1316 3154 1362 terreno
3185 1322 3352 1362 sensu
3384 1308 3486 1358 hu-

1904 1412 2131 1454 manum
2166 1413 2341 1468 genus
2368 1414 2494 1454 cum
2525 1416 2624 1470 per
2665 1415 2789 1456 sese
2819 1399 3111 1454 liberasset
3142 1404 3195 1452 et
3223 1395 3486 1450 redemis-

1905 1498 2011 1554 set,
2048 1496 2109 1544 ut
2135 1489 2431 1562 [Egyptum
2463 1490 2710 1561 quidem,
2763 1490 2818 1544 id
2871 1497 2976 1553 est,
3033 1489 3225 1543 mortis
3249 1487 3484 1540 horren-

1903 1581 2034 1636 dum
2095 1591 2154 1637 et
2219 1583 2586 1654 caliginosum
2639 1582 2929 1638 castellum
2986 1581 3220 1651 fugeret,
3282 1578 3484 1632 eﬂ‘ecit.

1905 1672 2222 1730 Sanetilicat
2245 1683 2428 1732 autem
2459 1674 2567 1731 Deo
2594 1683 2649 1729 et
2671 1674 2821 1729 Patri
2855 1688 2963 1728 non
2987 1673 3164 1728 solum
3199 1672 3482 1726 hominum

1902 1773 2096 1833 partus
2127 1764 2546 1835 primOgenitos,
2577 1764 2674 1819 sed
2705 1765 2872 1819 etiam
2898 1778 3062 1817 omne
3093 1776 3266 1832 genus
3287 1760 3486 1814 huma-

1903 1869 2034 1908 num
2066 1868 2164 1924 per
2187 1869 2301 1920 eas,
2339 1869 2480 1925 quas
2507 1855 2562 1907 in
2612 1868 2736 1909 sese
2768 1853 3024 1922 sumpsit,
3054 1861 3261 1906 nostra:
3290 1864 3488 1905 massa!

1900 1953 2066 2015 atque
2097 1947 2343 2000 materia:
2387 1945 2687 2016 primitias,
2732 1944 2788 1998 id
2818 1952 2924 2009 est,
2957 1958 3056 2013 per
3089 1957 3336 2005 carnem,
3364 1957 3486 2012 quae

1901 2036 2373 2102 intellectualiter,
2427 2042 2578 2090 etut
2620 2043 2803 2091 mente
2855 2035 2970 2090 sola
3025 2034 3232 2105 percipi
3277 2041 3482 2104 potest,

1899 2129 2268 2193 animabatur,
2294 2142 2326 2182 a
2359 2127 2517 2183 nobis
2553 2134 2829 2197 sumptam
2872 2132 3044 2180 totam
3080 2124 3146 2178 ad
3176 2123 3485 2180 sanctiﬁca-

1898 2219 2108 2275 tioncm
2141 2219 2301 2290 quasi
2348 2219 2755 2274 refermentans
2803 2217 3058 2272 humana:
3089 2225 3302 2272 naturae
3330 2232 3481 2271 mas-

1898 2327 2016 2368 sam
2046 2321 2210 2380 atque
2242 2312 2682 2365 concretionem.
2716 2307 2853 2362 Nam
2890 2309 3086 2363 merito
3118 2308 3352 2362 dixerim
3380 2324 3482 2378 ego

1898 2416 2120 2474 quoque
2176 2415 2346 2466 nunc,
2398 2399 2562 2455 sicuti
2617 2399 2840 2453 divinus
2890 2398 2967 2451 ait
3027 2398 3359 2467 Apostolus:
3423 2397 3486 2452 Si

1899 2495 2148 2566 primitiae
2184 2503 2388 2547 sancta:
2413 2502 2557 2557 sunt,
2588 2493 2754 2546 etiam
2793 2491 3019 2544 materia
3049 2499 3206 2560 atque
3238 2507 3418 2544 massa
3437 2491 3482 2522 “

1899 2580 2028 2642 inde
2070 2583 2322 2641 confecta
2380 2592 2572 2639 sancta
2631 2583 2820 2638 fuerit.
2881 2583 2960 2636 Ac
3021 2581 3483 2652 quemadmodum

1897 2678 2028 2732 olim
2063 2676 2262 2741 oratio,
2312 2691 2423 2746 qua
2469 2677 2556 2730 lex
2597 2673 2897 2739 ferebatur,
2929 2674 3129 2744 typice,
3167 2673 3220 2727 id
3249 2680 3353 2737 est,
3387 2687 3486 2742 per

1899 2770 2150 2842 figuram,
2197 2785 2307 2840 qua
2353 2769 2599 2824 futurum
2642 2766 3192 2839 praesignificabatur,
3228 2781 3348 2821 eam
3381 2766 3484 2819 tri-

1899 2861 2052 2925 bum,
2083 2860 2177 2914 cui
2207 2858 2507 2915 sacerdotii
2557 2872 2761 2912 munus
2791 2857 3112 2918 obvenerat,
3149 2869 3248 2924 pro
3275 2855 3485 2924 primo-

1897 2953 2207 3026 genitorum
2274 2949 2539 3021 primitiis
2583 2948 2694 3004 Deo
2753 2947 2954 3003 obtulit
3004 2963 3019 2998 :
3064 2947 3139 3000 ita
3193 2961 3341 3000 nunc
3388 2961 3486 3016 per

1897 3045 2105 3102 claram
2141 3043 2390 3099 veritatis
2413 3040 2644 3112 efﬁgiem
2705 3037 3018 3109 pontiﬁcem
3071 3045 3125 3092 et
3169 3037 3481 3107 apostolum

1898 3139 2106 3188 nostrae
2129 3129 2502 3187 confessionis
2532 3135 2784 3184 sanetum
2823 3127 2978 3181 illum
3007 3133 3064 3180 et
3097 3125 3479 3190 innocentem,

1899 3221 1995 3293 qui
2021 3221 2091 3277 ab
2120 3218 2558 3291 inquinamentis
2579 3217 2812 3273 malitiae
2836 3230 3066 3281 vacuus,
3099 3216 3193 3286 qui
3227 3216 3478 3269 omnium

1898 3313 2111 3385 peccati
2145 3321 2254 3367 tam
2281 3310 2532 3368 sordium
2566 3325 2734 3380 quam
2770 3323 2972 3364 sensus
3001 3315 3167 3376 atque
3192 3307 3485 3377 cegitatio-

1898 3405 1988 3461 nis
2015 3419 2215 3473 expers
2255 3403 2378 3468 fuit,
2412 3400 2778 3470 corporaliter
2804 3415 2903 3470 pro
2922 3414 3008 3464 ea,
3046 3413 3169 3468 quae
3197 3413 3293 3466 per
3323 3396 3483 3451 ﬁdem

1896 3496 1948 3551 ei
1983 3493 2324 3550 sanctiﬁcata
2370 3501 2478 3555 est,
2529 3491 2772 3543 humana
2821 3495 3021 3541 natura
3070 3484 3181 3540 Deo
3233 3500 3298 3539 ac
3330 3483 3484 3538 Patri

1897 3585 2145 3642 oblatum
2179 3597 2306 3638 esse
2330 3581 2710 3651 intelligimus,
2740 3586 2793 3634 et
2815 3593 2882 3634 eo
2911 3578 3084 3646 magis
3111 3576 3259 3647 quod
3283 3591 3353 3631 ne
3384 3592 3486 3629 nu-

1899 3689 2052 3730 mero
2072 3671 2295 3744 quidem
2329 3684 2594 3741 superare
2654 3681 2720 3723 ac
2773 3667 3081 3722 redundare
3126 3673 3322 3736 praeter
3357 3681 3481 3720 eum

1897 3765 1993 3837 qui
2028 3765 2274 3836 seipsum
2317 3762 2466 3819 dedit
2519 3776 2618 3831 pro
2659 3760 2859 3831 pretio,
2891 3773 3004 3829 quo
3045 3758 3207 3812 multi
3254 3757 3486 3812 redime-

1899 3865 2109 3923 rentur,
2138 3862 2313 3911 totam
2371 3853 2666 3908 humanam
2708 3859 2963 3906 naturam
3019 3850 3292 3912 videmus,
3338 3847 3486 3917 quod

1898 3947 2119 4018 quidem
2171 3945 2403 4000 attineat
2446 3943 2512 3998 ad
2550 3943 2820 3998 rationem
2858 3941 3171 3998 sanctitatis
3199 3938 3486 4009 (quemad-

1898 4036 2123 4092 modum
2155 4035 2212 4090 in
2246 4035 2441 4088 umbra
2486 4033 2622 4103 legis
2657 4031 2864 4087 Levitis
2903 4045 3133 4085 numero
3162 4031 3350 4100 plures
3377 4031 3485 4098 pri-

1900 4127 2161 4198 mogeniti
2210 4125 2419 4181 inventi
2453 4123 2691 4195 sunt"),
2728 4124 2822 4179 sed
2873 4122 3194 4194 longissimo
3246 4122 3423 4192 spatio
3454 4136 3484 4174 a

1900 4226 2055 4289 tergo
2106 4214 2352 4270 relictam
2383 4256 2400 4282 ,
2453 4223 2726 4285 quatenus
2770 4215 2978 4284 absque
3017 4215 3166 4269 omni
3207 4213 3487 4268 contradi-

1901 4313 2087 4368 ctione
2118 4308 2194 4373 id,
2216 4309 2306 4364 cui
2339 4307 2702 4370 benedieitur.
2728 4309 3084 4364 benedicenle
3117 4307 3348 4363 inferius
3376 4315 3482 4360 est.

1901 4405 1980 4458 Ac
2013 4411 2148 4458 tunc
2177 4400 2398 4472 quidem
2435 4400 2502 4456 ad
2537 4401 2710 4456 solam
2744 4400 3102 4457 lsraeliticam
3135 4407 3350 4468 gentem
3382 4393 3487 4449 Le-

215 4494 280 4558 ἐξ
333 4494 523 4566 ἐτέρας
564 4493 726 4548 αὑτὸν
781 4489 922 4547 εἶναι
971 4492 1144 4563 φυλῆς
1197 4491 1500 4564 (πρόδηλον
1558 4492 1665 4565 γὰρ
1715 4493 1796 4545 ὅτι

1903 4495 2057 4550 vitici
2101 4491 2396 4549 sacerdotii
2443 4491 2686 4562 dignitas
2737 4491 3101 4552 referebatur,
3150 4501 3214 4540 ac
3257 4501 3357 4555 pro
3385 4499 3485 4539 eo-

217 4583 282 4649 ἐξ
330 4584 499 4638 Ὶούδα
541 4584 899 4639 ἀνατέταλκεν
938 4585 968 4637 ό
999 4584 1202 4656 Κύριος
1231 4582 1386 4654 ⁴ἡμῶν
1430 4582 1636 4654 Ἰησοῦς
1668 4584 1804 4654 Χρι-

217 4674 369 4743 στὸς)
401 4676 494 4729 καὶ
517 4675 614 4747 τὴν
643 4674 736 4729 τοῦ
765 4675 928 4746 νόμου
960 4673 1247 4745 μετάθεσιν
1275 4673 1670 4745 ἀπειργάσατο,
1694 4671 1802 4724 ἀπὸ

216 4768 317 4836 τῆς
345 4767 484 4819 κατὰ
513 4768 674 4837 νόμον
703 4769 860 4830 σκιᾶς
901 4767 992 4819 ἐπὶ
1035 4767 1096 4821 τδ
1131 4769 1229 4837 τῆς
1266 4765 1542 4836 βασιλείας
1570 4763 1678 4818 τῶν
1708 4764 1801 4816 οὐ-

219 4857 402 4929 ρανῶν
440 4856 803 4927 μεταθέμενος
829 4859 974 4928 ἡμᾶς
1005 4858 1366 4925 Εὐαγγέλιον,
1411 4857 1663 4927 καθάπερ
1691 4856 1802 4910 ἀπὸ

216 4950 322 5018 τῆς
346 4949 637 5018 Λευῖτικῆς
665 4949 757 5000 ἐπὶ
791 4948 886 5019 τὴν
919 4947 1200 5019 βασιλικὴν
1234 4949 1402 5019 φυλὴν
1428 4949 1488 5001 τὸ
1516 4949 1616 5017 τῆς
1641 4949 1800 5020 ίερω-

221 5037 392 5106 σύνης
418 5035 633 5108 ἀξίωμα
652 5054 664 5066 ο
694 5039 760 5108 τῇ
792 5036 848 5088 δὲ
875 5037 1014 5089 κατά
1043 5037 1142 5107 τὴν
1172 5038 1326 5101 τάξιν
1350 5037 1684 5109 Μελχισεδὲκ
1704 5039 1802 5107 ἀφ-

216 5129 481 5201 ομοιώσει
527 5131 624 5201 οὐχ
676 5131 814 5200 ὑπὲρ
863 5129 1023 5199 μόνου
1067 5130 1161 5182 τοῦ
1206 5131 1444 5202 Ἰσραὴλ,
1505 5129 1619 5184 ἀλλ’
1661 5130 1800 5202 ὑπὲρ

220 5225 444 5278 πάντων
477 5222 586 5276 τῶν
612 5222 781 5276 ἐθνῶν
811 5221 1004 5291 λύτρον
1024 5222 1212 5274 ἑαυτὸν
1236 5221 1313 5292 τῷ
1340 5223 1515 5294 Πατρὶ
1532 5223 1805 5294 προσηγά-

230 5328 370 5381 γετο,
401 5312 614 5382 καὶτῆς
642 5313 859 5366 πάντων
875 5309 970 5365 ἀνθ
981 5310 1175 5380 ρώπων
1199 5311 1486 5394 ὁμολογίας
1509 5313 1799 5385 ἀρχιερεὺς

220 5404 591 5474 καθέστηκεν,
639 5405 758 5457 ἐπεὶ
802 5405 894 5458 καὶ
919 5406 948 5456 ό
973 5401 1303 5472 Μελχισεδὲκ
1333 5404 1396 5455 ἐκ
1443 5404 1798 5476 τῆςέθνικῆς

223 5496 422 5566 μοίρας
451 5489 591 5547 εῖναι
613 5495 953 5566 γνωρίζεται,
988 5493 1083 5546 καὶ
1110 5493 1172 5544 ἐκ
1201 5491 1291 5545 τοῦ
1333 5493 1583 5564 Ἀϐραὰμ
1610 5495 1800 5562 γένους

220 5584 557 5655 εὑρίσκεται.
634 5583 696 5636 Ἦ
743 5585 798 5637 δὲ
827 5584 965 5638 κατά
995 5585 1156 5655 νόμον
1178 5583 1285 5637 τῶν
1320 5583 1478 5638 πέντε
1520 5585 1802 5659 διδραχαά-

301 5724 578 5798 ’³)Ιιιιι1ι.
613 5743 672 5795 ιι,
714 5727 736 5781 ι
771 5741 892 5798 sqq.
957 5727 1003 5759 “
1034 5723 1200 5781 Hebr.
1243 5739 1359 5794 rm,
1390 5724 1444 5779 2.
1524 5728 1568 5760 ³⁸
1600 5727 1754 5785 Rom.
1792 5746 1872 5795 χ,

225 5795 430 5861 14,17.

1901 4603 2023 4642 rum
2053 4585 2549 4656 primogenitorum
2583 4583 2871 4644 duntaxat,
2908 4577 3000 4647 qui
3029 4576 3175 4647 apud
3207 4575 3485 4630 lsraelitas

1900 4683 2282 4740 nascerentur,
2340 4671 2733 4743 redemptionis
2770 4673 2947 4738 pretlo
2977 4667 3199 4722 Levitas
3235 4675 3485 4735 sumptos

1899 4780 2043 4828 esse,
2077 4762 2379 4833 Scriptura:
2409 4759 2731 4814 testimonio
2779 4758 2847 4812 de
2884 4757 3019 4827 ipsis
3048 4755 3323 4826 prodituro
3352 4763 3438 4809 est
3467 4770 3482 4806 :

1899 4857 2154 4911 Christus
2194 4867 2345 4916 vero,
2400 4851 2493 4920 qui
2544 4849 2858 4903 futurorum
2893 4848 3164 4902 bonorum
3229 4843 3478 4916 pontifex

1901 4949 2142 5011 advenit,
2185 4954 2244 5000 ut
2271 4942 2717 5012 sapientissimus
2749 4939 2956 4994 Paulus
2995 4938 3173 5008 inquit
3201 4939 3267 5002 ’⁷,
3295 4945 3348 4991 et
3376 4951 3482 4990 non

1902 5040 2208 5097 secundum
2244 5035 2490 5091 ordinem
2531 5033 2735 5098 Aaron,
2767 5032 2860 5086 sed
2898 5030 3196 5086 secundum
3233 5028 3481 5084 ordinem

1901 5128 2294 5195 Melchisedec,
2345 5124 2812 5196 quemadmodum
2873 5123 3118 5177 divinum
3166 5119 3482 5192 praesignifi-

1903 5223 2047 5275 cavit
2078 5217 2385 5280 oraculum,
2419 5213 2714 5270 sacerdotii
2741 5212 2963 5282 quidem
3005 5210 3383 5273 translatione,
3415 5223 3483 5263 eo

1905 5312 2049 5384 quod
2082 5311 2198 5380 ipse
2219 5316 2366 5364 esset
2396 5322 2462 5361 ex
2492 5306 2596 5359 alia
2628 5305 2775 5358 tribu
2811 5304 3183 5372 (perspicuum
3217 5309 3303 5357 est
3335 5301 3482 5355 enim

1907 5421 1974 5459 ex
2014 5400 2154 5456 Iuda
2212 5407 2394 5454 ortum
2441 5411 2566 5451 esse
2615 5394 2908 5450 Dominum
2976 5401 3229 5448 nostrum
3287 5389 3478 5446 Jesum

1907 5492 2234 5559 Christum),
2279 5487 2444 5542 etiam
2472 5486 2608 5556 legis
2661 5484 3075 5540 translationem
3099 5483 3298 5551 effecit,
3326 5490 3380 5536 et
3415 5481 3483 5535 ab

1907 5583 2068 5656 legali
2104 5580 2294 5634 umbra
2337 5577 2618 5632 transtullt
2667 5591 2768 5631 nos
2823 5576 2888 5628 ad
2933 5573 3284 5643 Evangelium
3328 5571 3484 5644 regni

1909 5727 1995 5783 l6.
2086 5721 2131 5753 "
2151 5718 2312 5777 Num.
2347 5719 2430 5787 ni,
2473 5715 2538 5772 16
2566 5727 2688 5786 sqq.
2769 5715 2810 5748 ²⁷
2841 5713 3004 5770 Hebr.
3031 5729 3126 5776 vn,
3166 5711 3218 5775 9,
3251 5711 3348 5778 ll;
3381 5725 3478 5773 vn,
