3950 6156
522 326 654 415 illi?
1757 337 1813 391 S.
1856 336 2184 395 GREGORII
2224 335 2511 393 NYSSENI
3682 340 3817 391 1168

520 449 808 507 caelorum,
840 445 1299 515 quemadmodum
1333 447 1400 503 ab
1428 447 1667 507 Levitiea
1713 452 1858 508 tribu
1901 454 1968 508 ad
2017 468 2096 508 re—
2125 508 2128 518 ε

2230 469 2303 508 ων
2337 454 2477 522 ὑπὲρ
2510 455 2741 510 ἑκάστου
2777 458 2885 512 τῶν
2931 461 3293 532 πρωτοτόκων
3330 436 3688 528 συντίμησις
3718 458 3817 525 ἐμ-

521 535 662 606 giam
702 534 903 589 tribum
963 537 1260 592 sacerdotii
1308 536 1631 609 dignitatem
1689 541 1934 597 traduxit
1969 560 1984 597 :
2018 558 2103 598 as-

2230 545 2423 611 ραίνειν
2444 543 2585 602 οἶδεν
2614 550 3060 621 αἰνιγματωδῶς,
3108 552 3186 616 ὡς
3224 551 3332 623 χρὴ
3371 550 3628 604 ἕκαστον
3653 551 3817 621 ἡμῶν

522 625 855 679 similationc
891 640 1017 680 vero
1043 641 1165 696 quae
1188 626 1245 680 ﬁt
1265 629 1571 684 secundum
1596 631 1844 687 ordinem
1877 630 2102 688 Melchi-

2230 636 2389 690 πᾶσαν
2433 636 2687 708 αἴσθησιν
2734 640 2983 708 ἀγιάζειν
3011 640 3161 712 Θεῷ,
3211 642 3307 695 καὶ
3348 639 3421 694 τὰ
3455 640 3522 692 ἐν
3570 637 3814 702 τούτοις,

443 787 445 790 γ
522 715 706 782 sedec,
742 731 852 771 non
885 732 986 788 pro
1022 719 1142 775 solo
1176 718 1399 785 lsraele,
1431 721 1524 778 sed
1553 738 1653 794 pro
1687 724 1943 781 omnibus
1967 740 2102 797 gen-

2230 727 2448 800 ιαθαρὸν
2471 730 2567 783 καὶ
2604 731 2801 803 ἡδονῆς
2840 733 3023 804 πάσης
3065 734 3267 788 ἀτόπου
3304 731 3606 802 ἀλλότριον
3644 745 3816 800 προισ-

520 809 669 864 tibus
716 810 952 880 pretium
1004 811 1401 883 redemptionis
1435 828 1558 870 sese
1602 814 1750 870 Patri
1792 816 2015 880 obtulit,
2047 824 2103 873 et

2230 819 2365 887 ιγειν
2394 819 2474 892 τῷ
2503 822 2746 878 κτίσαντι
2780 824 3033 899 καθάπερ
3065 845 3118 881 τι
3148 825 3347 897 λύτρον
3373 823 3595 893 εὐαγές
3622 839 3689 876 τε
3722 823 3813 877 καὶ

521 902 766 957 omnium
818 902 1102 959 hominum
1149 905 1522 962 confessionis
1569 906 1812 978 pontifex
1865 908 2101 973 exstitit,
2212 910 2459 983 ἔννομον.

521 996 783 1065 quoniam
833 994 1195 1052 Melchisedec
1242 1011 1462 1069 quoque
1508 1005 1621 1052 tam
1668 1014 1732 1055 ex
1784 1006 1941 1071 parte
1971 1000 2234 1071 'gentium
2286 1012 2696 1076 extranearum,
2753 1024 2917 1081 quam
2971 1025 3039 1067 ex
3092 1024 3293 1083 genere
3333 1005 3652 1065 Abrahami
3691 1019 3814 1061 esse

521 1088 833 1146 ostenditur
859 1097 1024 1159 atque
1052 1089 1345 1161 reperitur.
1388 1089 1562 1146 Porro
1595 1106 1718 1163 qua:
1743 1107 1809 1146 ex
1834 1092 1953 1164 lege
1993 1092 2156 1148 ﬁebat
2195 1095 2492 1155 aestimatio
2537 1101 2784 1173 quinque
2820 1103 3272 1160 didracbmorum
3316 1118 3417 1174 pro
3463 1111 3814 1169 unoquoque

523 1183 910 1256 primogenita,
979 1196 1078 1252 per
1107 1183 1319 1239 abditas
1348 1185 1640 1241 verborum
1705 1187 1963 1259 ambages
2015 1196 2070 1242 et
2122 1178 2409 1246 involucra
2451 1195 2762 1265 signiﬁcare
2825 1199 2986 1263 solet,
3036 1205 3288 1270 oportere
3344 1209 3813 1266 unumquemque

522 1285 774 1333 noStrum
810 1290 1003 1331 omnes
1059 1291 1257 1333 sensus
1290 1275 1399 1333 Deo
1420 1279 1786 1343 sanetilicare,
1817 1288 1983 1350 atque
2026 1293 2089 1335 ea
2130 1294 2254 1350 quae
2285 1297 2386 1354 per
2416 1300 2615 1343 sensus
2647 1288 2805 1357 ﬁunt,
2846 1305 3044 1360 purum
3071 1298 3125 1346 et
3155 1288 3224 1343 ab
3284 1288 3441 1344 omni
3501 1286 3813 1342 inhonesta

474 1439 481 1445 _
524 1370 807 1439 voluptate
858 1367 1102 1423 alienum
1150 1368 1308 1439 quasi
1363 1368 1637 1439 quoddam
1703 1368 2099 1442 redemptionis
2172 1372 2415 1441 pretium
2469 1388 2724 1435 sanctum
2774 1388 2942 1452 atque
2987 1381 3290 1453 legitimum
3370 1378 3586 1437 on‘erre
3645 1378 3813 1436 Crea-

528 1461 654 1518 tori.

597 1556 776 1627 Hujus
805 1555 951 1612 sacri
990 1555 1100 1612 diei
1137 1555 1263 1613 festi
1304 1570 1408 1613 nos
1437 1556 1602 1614 hodie
1653 1559 1975 1616 memoriam
2011 1575 2105 1618 ce-

2284 1558 2502 1630 Ταύτης
2529 1559 2693 1631 ἡμεῖς
2722 1562 2963 1633 σήμερον
2987 1560 3085 1632 τῆς
3117 1560 3269 1633 ἱερᾶς
3286 1559 3519 1632 τελετῆς
3544 1557 3654 1630 τὴν
3687 1558 3814 1614 No

528 1648 828 1715 lebramus,
874 1649 992 1704 haec
1026 1649 1275 1720 mysterii
1307 1649 1602 1719 explicatio
1637 1651 1942 1720 spiritualis
1966 1666 2102 1723 pra:-

2230 1667 2410 1723 ινησιν
2469 1652 2818 1724 ἑορτάζομεν,
2875 1652 3015 1724 αὕτη
3045 1656 3179 1725 ἡμῖν
3231 1655 3265 1724 ἡ
3301 1652 3672 1723 πνευματικὴ
3723 1650 3812 1704 τοῦ

532 1749 744 1796 sentem
798 1748 1050 1796 sanctum
1088 1748 1254 1811 atque
1291 1741 1593 1797 solemnem
1630 1754 1964 1799 conventum
2016 1760 2112 1801 co-

2230 1741 2516 1813 ιοστηρίου
2572 1742 2871 1808 ἀνάπτυξις
2926 1743 3027 1812 τὴν
3061 1741 3343 1814 παροῦσαν
3393 1740 3812 1812 συνεκρότησεν

530 1834 663 1906 egit,
685 1848 794 1904 qua
817 1834 1187 1903 explicatione
1204 1849 1271 1888 ex
1298 1834 1417 1906 lege
1445 1834 1685 1903 quidem,
1710 1843 1768 1889 ut
1791 1838 2109 1907 apparebat,

2230 1832 2374 1902 Ιιγίαν
2406 1834 2711 1905 πανήγυριν
2731 1851 2744 1863 ν
2774 1833 2896 1888 καθ’
2917 1834 2984 1905 ἢν
3003 1827 3254 1904 ’νομικῶς
3290 1832 3387 1902 μὲν
3428 1833 3760 1902 προσήγετο
3786 1832 3813 1883 ό

532 1927 792 1982 Servator
826 1925 1178 1993 offerebatur,
1211 1926 1307 1983 sed
1340 1934 1400 1981 ut
1444 1926 1647 1997 spiritu
1687 1927 2018 1999 intelligitur
2057 1938 2113 1984 et

2230 1926 2404 1998 Σωτὴρ
2438 1925 2584 1980 κατὰ
2612 1924 2672 1978 τδ
2707 1924 3051 1996 φαινόμενον,
3093 1923 3297 1995 νοητῶς
3333 1923 3390 1976 δέ
3426 1922 3529 1976 καὶ
3563 1940 3814 1993 πνευμαο

529 2029 712 2074 mente
761 2018 1088 2088 percipitur,
1124 2018 1397 2088 primitias
1447 2024 1654 2073 nostrae
1702 2020 2114 2088 conspersionis

531 2109 681 2165 Patri
725 2108 960 2165 oll‘erens
1008 2115 1179 2165 totam
1215 2123 1338 2164 eam
1386 2123 1601 2164 sacram
1634 2109 1919 2175 reddebat,
1959 2118 2014 2166 et
2046 2111 2114 2166 ad

530 2203 769 2260 divinam
805 2201 1140 2257 oblationem
1192 2200 1445 2255 idoneam
1495 2200 1784 2257 alliciebat.
1816 2201 1932 2258 lloe
1964 2204 2112 2257 enim

531 2299 661 2354 olim
696 2297 781 2351 lex
813 2294 1174 2365 parturiebat,
1228 2301 1284 2349 et
1323 2294 1390 2348 ad
1432 2294 1538 2350 hoc
1586 2298 1872 2366 spectabat
1906 2297 2116 2351 consti-

532 2390 672 2443 tutio
705 2387 839 2458 legis
867 2395 981 2441 tum
1020 2385 1089 2440 de
1119 2383 1523 2454 primogenitis,
1557 2393 1672 2440 tum
1707 2387 1774 2442 de
1803 2386 2113 2445 Levitarum

532 2479 1005 2550 compensatione,
1054 2483 1170 2531 tum
1232 2475 1302 2535 de
1365 2475 1813 2534 didrachmorum
1874 2480 2118 2534 aestima-

536 2579 705 2631 tione.
750 2574 841 2629 Sic
868 2589 967 2645 per
986 2587 1139 2628 mare
1172 2570 1584 2643 Seripturarum
1609 2570 1916 2626 divinarum
1943 2570 2117 2641 gratia

536 2666 778 2737 Spiritus
819 2679 921 2720 nos
955 2662 1290 2720 transduxit.
1341 2660 1450 2717 Sed
1488 2660 1775 2717 videamus
1815 2660 1980 2716 etiam
2024 2659 2119 2714 ad-

536 2757 909 2813 versariorum
942 2753 1355 2811 conclusionem
1380 2759 1545 2822 atque
1565 2750 2116 2806 demonstrationem.

536 2849 615 2902 Ac
658 2848 770 2918 jam
799 2846 1018 2918 quidem
1076 2845 1340 2915 superius
1391 2845 1555 2900 nobis
1612 2852 1728 2898 tum
1777 2843 1844 2899 de
1890 2842 2119 2909 Levitis,

540 2945 657 2990 tum
712 2935 781 2990 de
819 2934 1198 3005 primogenitis
1238 2942 1351 2989 tota
1403 2931 1729 2989 constitutio
1777 2932 1913 3003 legis
1971 2941 2123 3003 pate-

2211 2015 2380 2080 τικῶς
2405 2016 2503 2087 τὴν
2535 2015 2788 2088 ἀπαρχὴν
2816 2014 2912 2068 τοῦ
2939 2016 3209 2087 ἡμετέρου
3239 2014 3577 2086 φυράματος
3597 2014 3682 2084 τῷ
3707 2014 3813 2066 Πιο

2211 2107 2302 2179 τρὶ
2319 2105 2707 2179 προσαγαγὼν,
2724 2106 2845 2160 ὅλον
2857 2105 2989 2159 αὐτὸ
3016 2104 3154 2177 ἱερὸν
3179 2105 3530 2171 ἀπεδείκνυε,
3557 2104 3660 2159 καὶ
3684 2104 3812 2174 πρὸς

2215 2201 2366 2255 Θείαν
2395 2198 2760 2272 προσαγωγὴν
2811 2198 3136 2268 ἐπιτήδειον.
3172 2197 3350 2263 ,Τοῦτο
3402 2198 3516 2267 γάρ
3578 2196 3751 2251 πάλαι
3788 2198 3816 2249 ό

2216 2290 2379 2362 νόμος
2420 2289 2609 2356 ὥδινε,
2647 2291 2743 2344 καὶ
2799 2289 2938 2360 πρὸς
2970 2287 3130 2342 τοῦτο
3179 2288 3325 2361 ἐώρα
3364 2288 3400 2358 ἦ
3431 2305 3494 2342 τε
3532 2288 3671 2359 περὶ
3708 2287 3817 2340 τῶν

2218 2384 2577 2456 πρωτοτόκων
2597 2382 2886 2454 νομοθεσία
2910 2382 3007 2436 καὶ
3033 2382 3135 2453 τῆς
3156 2380 3270 2435 τῶν
3300 2380 3555 2433 Λευῖτῶν
3604 2378 3819 2433 ἀντιδό-

2220 2492 2356 2539 σεως
2381 2475 2476 2529 καὶ¹
2502 2474 2598 2546 τῆς
2632 2474 2743 2530 τῶν
2779 2473 3160 2545 διδραχμάτων
3189 2471 3595 2543 συντιμήσεως.
3628 2470 3819 2533 Οὕτως

2219 2567 2368 2639 ἡμᾶς
2399 2564 2673 2619 διεϐίὸασε
2704 2564 2793 2619 διὰ
2820 2567 2920 2637 τῆς
2940 2564 3211 2638 Θαλάττης
3233 2563 3341 2616 τῶν
3371 2562 3548 2632 ἁγίων
3578 2561 3821 2631 Γραφῶν

2219 2660 2253 2730 ἡ
2274 2660 2433 2729 χάρις
2460 2657 2555 2713 τοῦ
2597 2656 2936 2728 Πνεύματος.
2979 2656 3119 2710 Ἀλλ’
3151 2655 3384 2727 εἴδωμεν
3433 2654 3530 2709 καὶ
3564 2655 3673 2725 τὴν
3714 2652 3823 2705 τῶν

2190 2778 2193 2781 η
2220 2751 2480 2805 ἐναντίων
2510 2750 2820 2820 σύγκλεισιν
2857 2767 2916 2804 τε
2946 2751 3044 2805 καὶ
3072 2748 3366 2816 ἀπόδειξιν.
3392 2747 3534 2819 Ἤδη
3582 2746 3692 2817 μὲν
3733 2741 3823 2799 οὖν

2221 2844 2478 2916 ἀνωτέρω
2503 2843 2802 2916 κατάδηλος
2823 2844 2957 2915 ἡμῖν
2987 2845 3020 2914 ὴ
3051 2843 3179 2913 περὶ
3203 2841 3312 2895 τῶν
3343 2837 3595 2895 Λευῖτῶν
3630 2856 3695 2891 τε
3734 2839 3824 2893 καὶ

2223 2935 2584 3007 πρωτοτόκων
2622 2936 2773 2989 πᾶσα
2813 2934 3106 3006 νομοθεσία
3157 2933 3450 3004 γεγένηται
3475 2973 3490 2998 ,
3522 2931 3674 2985 ἀλλὰ
3729 2949 3825 2984 κα-

541 3030 688 3084 l'acta
717 3035 803 3083 est
831 3046 842 3080 :
874 3027 970 3082 sed
1006 3025 1465 3097 quemadmodum
1503 3039 1733 3095 magnus
1781 3022 1995 3095 Moyses
2025 3039 2123 3094 po-

2230 3027 2331 3092 θὼς
2349 3031 2378 3083 ὁ
2409 3029 2582 3100 μέγας
2598 3027 2843 3099 Μωῦσῆς
2872 3026 3309 3100 παραθαρσύνων
3329 3026 3421 3080 τὸν
3449 3025 3582 3078 λαὸν
3624 3025 3821 3096 μηκέτι

540 3122 731 3195 pulum
783 3120 967 3175 animo
1012 3118 1353 3174 conﬁrmans
1386 3128 1440 3175 et
1465 3117 1782 3185 adhortans,
1819 3116 2124 3173 allirmabat

542 3211 697 3268 illum
734 3208 1022 3281 Egyptios
1070 3222 1180 3263 non
1213 3208 1450 3278 amplius
1481 3208 1728 3264 visurum
1767 3222 1890 3263 esse
1911 3207 1958 3240 ’⁸
1998 3225 2013 3263 :
2047 3208 2125 3262 ita

542 3317 644 3373 ego
682 3315 900 3372 quoque
929 3315 1078 3355 nunc
1103 3299 1394 3369 provehor,
1425 3308 1484 3353 ut
1510 3299 1774 3369 peculiari
1797 3299 1891 3356 Dei
1922 3299 2126 3370 populo

542 3395 744 3448 bonum
797 3391 1050 3445 nuntium
1099 3396 1411 3463 apportem,
1468 3389 1590 3445 fore
1637 3396 1697 3445 ut
1726 3404 1838 3445 non
1886 3391 2127 3462 amplius

544 3484 856 3541 umbratilis
894 3484 1082 3539 cultus
1116 3497 1389 3553 corporea
1443 3490 1628 3539 castra
1673 3482 1983 3539 videamus.
2022 3481 2124 3538 Ubi

542 3580 713 3647 enim,
769 3584 1061 3649 postquam
1107 3576 1362 3647 proditus
1395 3584 1479 3632 est
1518 3591 1751 3647 magnus
1793 3577 1885 3632 ille
1938 3574 2128 3631 Ponti—

543 3672 656 3737 l'ex,
706 3670 1019 3726 Levitarum
1061 3669 1395 3726 sacriﬁcium
1426 3670 1552 3725 est?
1601 3669 1729 3737 Ubi,
1768 3680 2125 3742 posteaquam

544 3763 788 3820 mundus
818 3763 997 3834 pretio
1023 3762 1346 3832 redemptus
1384 3769 1440 3817 et
1469 3762 1720 3832 expiatus
1763 3768 1869 3825 est,
1921 3762 2129 3832 primo-

546 3857 857 3927 genitorum
909 3854 1246 3925 computatio
1281 3862 1448 3924 atque
1476 3854 1811 3909 aestimatio?
1854 3852 1963 3909 Ubi
1996 3854 2129 3910 reli-

549 3963 785 4018 quarum
835 3945 1296 4001 caeremoniarum
1325 3944 1579 4016 legalium
1625 3954 1816 4001 exacta
1863 3946 1953 4002 illa
1983 3963 2128 4019 prae-

551 4039 780 4108 scriptio
819 4046 984 4108 atque
1032 4037 1389 4095 observatio?
1419 4035 1538 4091 Non
1585 4037 1767 4103 vides,
1802 4039 1985 4109 quoad
2021 4054 2129 4094 nox

551 4130 881 4201 ignorantia:
908 4145 995 4186 res
1036 4129 1326 4186 universas
1360 4139 1660 4200 occupatas
1693 4133 1939 4198 tenebat,
1996 4132 2130 4188 stel-

551 4224 729 4278 larum
778 4222 835 4276 in
878 4222 1103 4277 modum
1137 4222 1436 4280 obscurum
1482 4226 1798 4297 quemdam,
1853 4227 2129 4282 modicum

552 4322 718 4385 atque
754 4314 954 4371 exilem
999 4316 1344 4386 splendorem
1381 4318 1683 4389 praebuisse
1731 4334 1880 4383 eum,
1932 4313 2129 4390 ‘qui'ex

554 4407 689 4479 legis
722 4406 1046 4478 praescripto
1067 4407 1251 4463 cultus
1286 4411 1690 4478 prmstabatur;
1715 4409 1808 4466 sed
1840 4420 2132 4483 postquam

550 4500 781 4571 justitia:
809 4500 892 4556 sol
919 4506 1150 4556 exortus
1183 4509 1289 4565 est,
1319 4508 1374 4556 et
1404 4502 1588 4556 oriens
1612 4516 1677 4557 ex
1714 4501 1827 4557 alto
1857 4502 2133 4572 apparuit,

554 4598 611 4645 et
650 4592 846 4647 salutis
885 4592 1004 4648 dies
1052 4592 1256 4656 illuxit,
1293 4593 1515 4649 evanuit
1559 4593 1816 4665 legalium
1862 4596 2138 4650 constitu-

556 4685 770 4739 tionum
802 4682 889 4738 l‘ax
931 4694 1228 4756 superante
1274 4685 1483 4742 lumine
1520 4686 1712 4756 gratiae
1737 4686 1898 4740 vieta.
1944 4685 2138 4743 Nonne

556 4782 899 4847 prostratum
929 4783 983 4831 et
1016 4775 1135 4832 solo
1169 4785 1445 4847 aequatum
1477 4776 1643 4848 jacet,
1676 4779 2137 4849 quemadmodum

556 4882 815 4939 proceres
864 4880 917 4923 et
973 4882 1191 4935 currus,
1255 4869 1579 4940 praeclarum
1634 4870 1771 4924 illud
1807 4871 2142 4944 _templum?

558 4960 750 5017 Nonne
769 4961 949 5017 omnis
974 4961 1142 5016 elatio
1173 4968 1335 5031 atque
1361 4962 1638 5034 superbia,
1665 4978 1858 5020 omnes
1884 4964 2137 5034 spiritus,

559 5068 699 5125 quos
726 5053 948 5109 nomine
973 5053 1094 5122 ejus
1142 5052 1429 5124 pontiﬁces
1461 5065 1837 5126 sumpserant,
1884 5057 2141 5113 concide‘

560 5155 691 5203 runt
738 5154 902 5216 atque
940 5145 1167 5202 demissi
1198 5146 1370 5202 sunt?
1411 5148 1491 5202 An
1524 5163 1632 5202 non
1680 5150 1861 5206 omnis
1889 5150 2140 5206 demersa

563 5248 728 5311 atque
797 5238 1030 5294 confusa
1076 5246 1160 5294 est
1213 5253 1402 5294 eorum
1459 5239 1549 5293 illa
1616 5248 1724 5294 tam
1787 5244 1927 5298 bene
1991 5245 2142 5301 ordi-

563 5342 691 5389 nata
745 5338 910 5402 atque
973 5331 1274 5387 constituta
1327 5330 1513 5403 legalis
1560 5332 1902 5404 disciplina?
1955 5335 2144 5391 Nonne

564 5426 815 5481 funditus
864 5424 1024 5495 periit
1056 5438 1139 5489 ea,
1180 5438 1302 5494 quae
1353 5424 1493 5494 apud
1532 5423 1753 5483 Iudaeos
1782 5427 2016 5498 vigebat,
2056 5430 2143 5483 in-

568 5518 879 5571 stitutarum
913 5515 1371 5571 consuetudinum
1403 5516 1637 5586 diligens
1672 5528 1725 5573 et
1757 5531 2013 5576 accurata
2049 5523 2145 5577 ob-

570 5606 853 5663 servatio?
889 5605 994 5663 Ubi
1037 5609 1182 5664 enim
1233 5609 1446 5666 hostias
1480 5625 1579 5681 pro
1612 5627 1787 5683 nuper
1815 5615 1995 5672 enixis
2023 5630 2143 5672 mu-

633 5791 678 5824 ”
710 5789 884 5847 Exod.
916 5812 1025 5856 xtv.
1055 5796 1139 5850 15.

2225 3120 2453 3192 ὄψεσθαι
2476 3120 2603 3185 τοὺς
2628 3120 2961 3190 Αἰγυπτίους
2995 3117 3416 3174 διεϐεϐαιώσατο
3435 3133 3449 3147 ·
3486 3117 3641 3171 οὕτω
3668 3118 3826 3186 κάγὼ

2224 3215 2320 3270 νῦν
2353 3217 2665 3286 προάγομαι
2696 3212 2788 3267 τὸν
2813 3212 2906 3266 τοῦ
2928 3211 3063 3266 Θεοῦ
3088 3210 3395 3283 περιούσιον
3422 3209 3558 3264 λαὸν
3593 3210 3826 3279 εύαγγε·

2223 3306 2484 3373 λίζεσθαι,
2510 3305 2786 3369 ὡςούκέτι
2818 3305 2917 3376 τῆς
2953 3304 3214 3367 σκιὼδους
3235 3301 3495 3373 λατρείας
3534 3301 3605 3355 τὸ
3636 3319 3827 3374 σωμα-

2224 3399 2375 3453 τικὸν
2403 3398 2759 3469 στρατόπεδον
2780 3395 3109 3467 θεασόμεθαξ
3143 3394 3253 3449 Ποῦ
3281 3393 3389 3466 γὰρ
3420 3392 3570 3465 μετὰ
3596 3392 3706 3464 τὴν
3732 3410 3831 3462 φα-

2228 3485 2284 3538 νὲ
2292 3501 2455 3555 ρωσιν
2467 3483 2559 3538 τοῦ
2581 3483 2813 3556 μεγάλου
2831 3484 2890 3538 Ἀ
2899 3502 3012 3556 ρχιε
3022 3483 3157 3555 ρὲως
3175 3485 3207 3554 ἠ
3223 3483 3329 3537 τῶν
3346 3481 3595 3538 Λευῖτῶν
3613 3484 3664 3535 is
3670 3500 3773 3555 ρου
3780 3500 3832 3554 ρ-

2228 3576 2358 3647 γία;
2388 3577 2498 3630 Ποῦ
2560 3574 2698 3647 μετὰ
2727 3575 2787 3629 τὸ
2831 3575 2924 3629 τοῦ
2970 3575 3176 3645 κόσμου
3213 3574 3510 3646 καθάρσιον
3562 3573 3829 3648 λύτρονή

2228 3669 2336 3724 τῶν
2365 3670 2725 3741 πρωτοτόκων
2744 3669 3099 3741 συντίμησις;
3133 3666 3243 3721 Ποῦ
3279 3665 3491 3739 ήλοιπὴ
3519 3666 3635 3738 τῆς
3676 3685 3829 3737 νομι-

2230 3766 2333 3837 κῆς
2365 3764 2587 3836 τελετῆς
2619 3762 2907 3835 ἀκρίϐεια;
2956 3760 3067 3831 Ούχ
3097 3761 3228 3831 ὁρᾷς
3259 3760 3338 3813 ὅτι
3368 3757 3475 3822 ἕως
3510 3758 3614 3812 ὅτε
3659 3761 3699 3830 ἠ
3742 3759 3832 3822 νὺξ

2229 3858 2332 3929 τῆς
2389 3857 2610 3926 ἀγνοίας
2662 3857 2880 3926 κατεῖχε
2920 3852 2989 3908 τά
3030 3852 3341 3925 σύμπαντα,
3374 3851 3637 3923 ἀστέρων
3678 3852 3832 3923 δίκην

2232 3949 2480 4021 ἀμυδρὰν
2537 3962 2659 4001 τινα
2706 3947 2800 4001 καὶ
2855 3943 3168 4017 σύμμετρον
3210 3943 3382 4013 αὐγὴν
3411 3943 3446 4013 ἢ
3476 3938 3632 3995 κατᾶ
3670 3943 3831 4013 νόμον

2240 4044 2468 4114 παρεῖχε
2496 4026 2743 4112 λατρεία·
2774 4040 2865 4093 ὅτε
2892 4037 2950 4091 δέ
2977 4037 3005 4090 ό
3034 4036 3133 4107 τῆς
3159 4032 3507 4105 δικαιοσύνης
3549 4033 3832 4087 ἀνέτειλεν

2233 4137 2404 4208 ἥλιος,
2440 4134 2599 4204 καὶή
2643 4131 2702 4200 ἐξ
2744 4130 2916 4202 ὕψους
2967 4127 3200 4199 ἀνατολὴ
3259 4127 3521 4198 ἐπέφανε,
3579 4125 3685 4178 καὶ
3742 4125 3834 4194 τῆς

2189 4228 2197 4249 '
2236 4227 2505 4300 σωτηρίας
2536 4225 2719 4298 ἡμέρα
2756 4221 3091 4293 ἐπέλαμψεν,
3127 4218 3340 4293 ἀφανὴς
3380 4220 3415 4289 ἠ
3448 4217 3560 4271 τῶν
3584 4218 3833 4288 νομικῶν

2238 4318 2535 4385 διατάξεων
2571 4315 2824 4389 δᾳδουχία
2854 4313 3069 4383 ἐγένετο
3107 4311 3202 4384 ,τῷ
3230 4307 3655 4381 ὑπερλάμποντι
3693 4308 3833 4377 φωτὶ

2236 4410 2516 4483 νικωμένη
2549 4409 2647 4480 τῆς
2682 4407 2936 4479 χάριτος;
2972 4405 3088 4459 Οὐκ
3122 4402 3439 4474 ηδάφισται,
3475 4399 3744 4471 καθάπερ
3786 4401 3829 4451 οὶ

2237 4503 2524 4578 τριστάται
2572 4500 2668 4555 καὶ
2713 4498 2781 4553 τὰ
2824 4497 3069 4569 ἅρματα,
3132 4497 3161 4549 ὁ
3217 4486 3567 4566 περιώνυμος
3623 4493 3832 4553 ἐκεῖνος

2242 4599 2368 4663 ναὸς
2390 4640 2404 4665 ,
2437 4596 2533 4651 καὶ
2561 4595 2713 4649 πᾶσα
2740 4595 2776 4664 ἡ
2813 4590 2922 4645 τῶν
2960 4588 3260 4663 ἀρχιερέων
3299 4586 3387 4642 ἐπ’
3414 4584 3571 4656 αὐτῷ
3595 4586 3830 4657 μεγαλο-

2243 4690 2485 4764 φροσύνη
2517 4688 2610 4742 καὶ
2643 4686 2901 4756 ἐπαρσις;
2935 4682 3010 4736 Οὺ
3056 4683 3208 4736 πᾶσα
3250 4676 3606 4749 κατεκλύσθη
3656 4677 3829 4732 αὐτῶν

2242 4785 2335 4839 καὶ
2364 4780 2624 4853 συνεχέθη
2655 4780 2689 4850 ὴ
2718 4776 2915 4848 νομικὴ
2944 4774 3193 4841 εὐταξίας
3222 4772 3337 4828 Ούκ
3370 4771 3543 4843 ἄρδην
3582 4768 3825 4825 ἀπόλωλε

2242 4876 2348 4931 τῶν
2380 4873 2531 4946 παρὰ
2567 4871 2839 4933 Ἰουδαίοις
2868 4867 3006 4923 ἐθῶν
3044 4869 3078 4938 ὴ
3105 4865 3390 4938 ἀκρίϐεια;
3432 4862 3545 4917 Ποῦ
3601 4864 3715 4936 γὰρ
3743 4862 3825 4925 τὰς

2245 4970 2436 5033 θυσίας
2483 4966 2583 5031 τὰς
2621 4965 2761 5037 ὑπὲρ
2811 4962 2919 5016 τῶν
2968 4959 3269 5034 άρτιτόκων
3319 4956 3600 5027 γυναικῶν
3676 4971 3826 5028 προτ-

2243 5061 2522 5130 αγάγοιεν,
2574 5055 2667 5110 τοῦ
2725 5052 3116 5125 ἐκλελεγμένον
3146 5051 3312 5103 τόπου
3363 5048 3822 5109 διαπεπτωκάεος,

2246 5156 2342 5211 καὶ
2370 5151 2555 5223 σαφῶς
2573 5147 2955 5221 διορισθέντος,
2981 5143 3057 5216 μὴ
3086 5140 3288 5208 ἐξεῖναι
3309 5137 3538 5210 ἑτέρωθί
3562 5157 3675 5193 που
3707 5135 3824 5208 παρ’

2245 5247 2428 5303 αὐτῶν
2482 5244 2582 5306 τὰς
2640 5240 2829 5303 θυσίας
2880 5235 3284 5308 προσάγεσθαι;
3338 5231 3451 5285 Ποῦ
3497 5232 3532 5302 ἡ
3582 5230 3823 5304 ίερατικὴ

2248 5334 2407 5404 στολή
2436 5348 2495 5384 τε
2551 5332 2644 5383 καὶ
2681 5328 2806 5395 ἀξία
2832 5324 3017 5378 καὶτὰ
3065 5322 3225 5376 λοιπὰ
3258 5321 3513 5386 artu-ca;
3558 5321 3709 5374 Ἀλλ’
3753 5322 3826 5372 ἵνα

2251 5427 2324 5499 μὴ
2358 5425 2425 5479 τὰ
2478 5422 2598 5477 καθ’
2661 5422 2889 5475 ἕκαστον
2951 5417 3257 5482 διεξιόντες,
3313 5413 3574 5487 καθάπερ
3634 5413 3825 5485 νεκρῶν

2249 5523 2465 5594 συνεχεῖ
2514 5520 2697 5589 ἐπαφῇ
2749 5530 2807 5569 τε
2869 5515 2959 5571 καὶ
3015 5512 3217 5584 θεωρίᾳ
3255 5509 3316 5563 τὸ
3353 5509 3511 5580 ὄμμα
3538 5508 3646 5580 τῆς
3664 5506 3826 5579 ψυχῆς

2247 5611 2625 5685 δειδιξώμεθα,
2653 5609 2891 5673 ἐκείνους
2914 5607 3012 5679 μὲν
3034 5606 3284 5677 ἐάσωμεν
3310 5602 3659 5675 τεθνηκότας
3698 5600 3827 5670 παρὰ
