3950 6156
269 269 406 324 1169
1409 268 1497 326 DE
1538 269 1862 327 OCCURSU
1905 269 2162 338 DOMINI,
2204 269 2354 326 ETC.
3096 288 3122 314 κ
3376 282 3510 335 H70

257 387 331 438 ’τδ
351 385 495 455 ὕδωρ
520 383 614 438 τοῦ
638 385 862 455 νομικοῦ
891 386 1214 455 γράμματος
1237 402 1250 418 ·
1284 387 1444 458 ἡμεῖς
1468 387 1525 440 δὲ
1550 387 1628 458 τῷ
1651 387 1841 455 φιλαν-

1969 389 2173 445 ieribus
2205 388 2400 443 oll'erre
2431 388 2662 459 possint,
2700 405 2824 446 cum
2865 393 2954 448 ille
2992 394 3236 451 delectus
3284 397 3351 451 ad
3389 415 3508 452 eam

272 476 474 547 θρώπῳ
529 476 648 546 Θεῷ
691 477 780 530 τὸν
831 477 1095 530 ἐπινίκιον
1141 476 1308 548 ὕμνον
1353 477 1594 549 ᾁσωμεν,
1639 479 1733 531 καὶ
1776 479 1842 548 τῇ

1967 496 2060 535 ἐιη
2114 480 2268 534 locus
2317 481 2534 535 dirutus
2585 489 2748 552 atque
2792 484 3068 555 collapsus
3113 488 3205 550 sit,
3236 494 3289 542 et
3328 499 3514 557 aperte

272 568 440 632 ὄντως
467 569 702 639 οὐρανίῳ
734 570 1030 640 τραφέντες
1056 573 1254 642 τροφῇ,
1283 571 1377 624 καὶ
1402 570 1480 640 τῷ
1507 571 1570 623 ὲκ
1596 569 1694 639 τῆς
1717 569 1848 640 ἁλη-

1967 569 2152 624 lietum
2197 571 2287 633 sit,
2332 588 2440 625 non
2485 573 2650 627 licere
2695 574 2753 627 in
2796 576 2982 646 aliquo
3013 578 3118 632 alio
3153 578 3276 632 loco
3307 580 3515 634 hostias

275 658 429 728 θινῆς
475 660 678 730 πέτρας
709 661 910 730 νάματι
954 661 1323 726 ποτισθέντες,
1355 660 1597 731 ἔλθωμεν
1647 661 1739 714 ἐπὶ
1785 661 1846 714 τὺ

272 753 397 822 ὅρος
433 751 524 804 τοῦ
555 750 688 805 Θεοῦ
732 751 965 823 Χωρήϐ·
1015 753 1282 816 τουτέστι,
1334 751 1432 822 τὴν
1485 751 1696 824 ὑψηλὴν
1751 752 1845 807 τοῦ

272 838 606 909 Εὐάγγελίου
657 840 1034 907 διδασκαλίαν,
1060 842 1147 896 ἵνα
1201 844 1268 913 τῇ
1330 843 1481 913 φωνῇ
1535 840 1642 894 τῶν
1689 839 1847 895 θείων

273 931 610 1001 σαλπίγγων,
635 934 746 996 τοῖς
767 933 974 1003 ῥήμασι
995 931 1088 986 τοῦ
1120 933 1390 1004 μακαρίου
1408 933 1592 987 Λουκᾶ
1618 930 1717 1003 τὴν
1741 931 1848 985 ἔσω

274 1023 443 1094 ἀκοὴν
491 1023 886 1094 προσϐάλωμεν
918 1063 934 1088 ,
987 1023 1237 1094 καθάπερ
1293 1024 1353 1088 ἐξ
1417 1024 1590 1092 ἁγίων
1641 1022 1849 1077 ἀδύτων

277 1114 506 1184 βοῶντος
525 1116 623 1184 τῆς
667 1115 1051 1186 μυσταγωγίας
1081 1115 1174 1169 τοῦ
1203 1114 1543 1186 Πνεύματος’
1582 1115 1692 1170 Καὶ
1722 1115 1850 1183 ἐγέ-

274 1221 412 1259 νετο
453 1205 533 1270 ὡς
560 1205 960 1274 ἐπλήσθησαν
988 1208 1049 1259 at
1075 1205 1293 1276 ἡμέραι
1322 1205 1430 1259 τοῦ
1476 1204 1849 1273 καθαρισμοῦ

274 1295 492 1359 αὐτῶν,
531 1296 836 1366 ἀνήγαγον
876 1299 932 1350 οἱ
981 1295 1178 1365 γονεῖς
1217 1296 1284 1349 τὸ
1319 1295 1562 1348 παιδίον
1607 1293 1852 1361 Ἰησοῦν

276 1385 662 1454 παραστῆσαι
678 1385 758 1450 τῷ
787 1386 998 1453 Κυρίῳ,
1026 1385 1221 1451 καθὼς
1246 1385 1566 1455 γέγραπται
1598 1385 1668 1437 ἐν
1691 1383 1852 1452 νόμῳ

276 1478 518 1546 Κυρίου,
551 1477 638 1532 ὅτι
668 1477 798 1532 Πᾶν
833 1477 1022 1546 ἄρσεν
1051 1477 1356 1547 διανοῖγον
1385 1478 1638 1546 μήτραν,
1683 1475 1852 1543 ἅγιον

275 1569 355 1634 τῷ
396 1569 589 1638 Κυρίῳ
632 1568 1027 1636 κληθήσεται·
1083 1569 1183 1638 καὶ
1221 1569 1328 1623 τοῦ
1381 1567 1592 1622 δοῦναι
1633 1567 1853 1622 θυσίαν

277 1661 428 1714 κατὰ
457 1661 522 1716 τὸ
555 1661 868 1730 εἰρημένον
895 1661 966 1714 ἐν
1007 1661 1167 1729 νόμῳ
1191 1659 1434 1727 Κυρίου,
1477 1657 1678 1726 ζεῦγος
1711 1673 1850 1724 τρυ-

1952 661 2020 716 ab
2058 661 2124 716 iis
2161 660 2342 716 oll'erri
2368 662 2450 716 '9?
2487 662 2586 717 Ubi
2633 665 2985 724 sacerdotalis
3018 668 3108 722 illa
3139 670 3298 733 stola,
3343 678 3396 724 et
3435 670 3516 724 di-

1950 754 2151 824 gnitas,
2211 761 2266 808 et
2310 755 2492 809 omnia
2533 756 2784 828 reliqua?
2821 757 3020 816 Verum
3073 777 3144 817 ne
3203 762 3515 832 singulatim

1951 844 2134 899 omnia
2162 855 2572 915 persequentes,
2625 848 2790 903 sicuti
2831 858 3175 908 mortuorum
3207 854 3399 908 crebra
3438 865 3520 907 at-

1950 937 2280 991 trectatione
2311 945 2473 1008 atque
2505 939 2847 1009 inspectione
2869 943 3035 997 animi
3061 945 3222 998 oculo
3248 952 3515 998 terrorem

1951 1023 2352 1094 ingeneremus,
2405 1027 2532 1081 illos
2559 1028 2775 1096 quidem
2810 1031 3055 1113 sinamus
3086 1042 3332 1087 mortuos
3361 1032 3516 1102 juxta

1952 1128 2148 1183 aquam
2181 1114 2375 1170 littera:
2413 1116 2639 1187 legalis:
2669 1133 2770 1173 nos
2816 1128 2995 1175 autem
3026 1121 3267 1192 benigno
3297 1121 3409 1176 Deo
3440 1122 3520 1176 vi-

1952 1207 2141 1260 ctoriae
2166 1220 2392 1261 carmen
2424 1216 2476 1262 et
2525 1208 2784 1280 hymnum
2816 1225 3100 1277 canamus,
3150 1220 3204 1266 et
3248 1228 3372 1266 vere
3409 1227 3523 1266 caa-

1953 1295 2078 1351 lesti
2118 1296 2243 1350 cibo
2269 1297 2481 1362 nutriti,
2508 1306 2561 1353 et
2588 1314 2656 1353 ex
2679 1314 2807 1354 vera
2839 1307 2991 1370 petra
3013 1300 3337 1370 proﬂuentis
3370 1317 3524 1372 aqua:

1954 1393 2085 1456 potu
2113 1386 2326 1452 refecti,
2357 1389 2644 1445 veniamus
2689 1390 2757 1444 ad
2792 1401 3028 1446 montem
3064 1391 3160 1446 Dei
3189 1392 3424 1456 Choreb,
3469 1393 3524 1444 id

1954 1487 2059 1544 est,
2103 1479 2171 1534 ad
2216 1481 2383 1534 altam
2425 1480 2702 1552 Evangelii
2737 1481 3070 1550 doctrinam,
3121 1491 3181 1536 ut
3213 1481 3332 1537 voci
3381 1481 3525 1536 divi-

1956 1585 2150 1626 narum
2193 1572 2472 1639 tubarum,
2500 1574 2686 1629 verbis
2713 1575 2974 1628 nimirum
3001 1575 3147 1630 beati
3178 1573 3337 1629 Luca:
3365 1575 3526 1629 inter-

1957 1677 2056 1716 nas
2080 1677 2242 1718 aures
2271 1663 2682 1731 admoveamus,
2703 1672 2963 1733 tanquam
2985 1681 3048 1720 ex
3072 1666 3248 1720 sacris
3270 1665 3447 1735 adytis
3471 1673 3526 1718 et

278 1752 488 1819 γόνων,
526 1750 564 1819 ἢ
589 1750 699 1804 δύο
728 1747 1026 1815 νεοσσοὺς
1055 1747 1438 1816 περιστερῶν.
1473 1745 1581 1801 Καὶ
1618 1743 1745 1798 ὶδοὺ
1771 1739 1850 1813 ἦν

1967 1755 2330 1824 penetralibus
2365 1769 2537 1809 sacrae
2573 1756 2837 1809 doctrinae
2863 1755 3088 1824 spiritus
3115 1755 3402 1810 clamantis
3430 1755 3476 1786 ³ο
3510 1773 3523 1809 :

277 1843 585 1910 ἅνθρωπος
609 1843 679 1895 ὲν
710 1840 1117 1910 Ἰερουσαλὴμ,
1135 1832 1183 1906 ᾧ
1205 1838 1390 1908 ὄνομα
1410 1836 1675 1906 Συμεὼν,
1694 1835 1793 1889 καὶ
1820 1837 1857 1890 ὁ

277 1934 586 2002 ἄνθρωπος
613 1929 790 1998 οὗτος
814 1931 1044 1998 δίκαιος
1086 1932 1182 1987 καὶ
1211 1929 1494 1998 εὐλαϐὴς,
1532 1928 1856 1998 προσδεχό-

275 2040 458 2092 μενος
513 2022 898 2092 παρὰκλησιν
953 2023 1061 2078 τοῦ
1130 2021 1376 2090 Ἰσραήλ
1397 2037 1414 2052 ο
1468 2022 1567 2074 καὶ
1614 2018 1857 2088 Πνεῦμα

279 2114 451 2183 ἄτιον
474 2111 554 2184 ἦν
577 2116 670 2168 ἐπ’
698 2115 876 2180 αὐτῷ,
908 2114 1007 2168 καί
1047 2111 1128 2185 ἦν
1181 2112 1342 2178 αὐτῷ
1393 2111 1859 2182 κεχρηματισμέ-

279 2222 391 2259 νον
409 2205 529 2260 ὑπὸ
559 2205 664 2259 τοῦ
689 2206 1033 2274 Πνεύματος
1046 2205 1154 2259 τοῦ
1177 2205 1372 2274 ἁγίου,
1388 2202 1474 2273 μὴ
1501 2202 1650 2258 ἰδεῖν
1680 2202 1858 2256 θάνα-

279 2313 407 2360 τον,
441 2295 581 2363 πρὶν
613 2294 690 2350 ἂν
721 2295 820 2366 ἴδῃ
841 2297 949 2351 τὸν
984 2295 1245 2366 Χριστὸν
1290 2295 1514 2363 Κυρίου
1556 2295 1627 2348 ἐν
1652 2293 1854 2362 σαρκὶ,

249 2390 376 2444 ’καὶ
411 2385 598 2459 ἦλθεν
641 2389 818 2454 ἐντῷ
841 2389 1137 2458 Πνεύματι
1179 2388 1268 2453 είς
1307 2386 1374 2439 τὸ
1414 2387 1592 2453 ἱερόν.
1626 2385 1691 2437 Τί
1716 2387 1854 2450 ἐστι,

225 5548 282 5587 ..ν

279 2479 769 2549 Προσδεχόμενος
800 2481 1182 2548 παράκλησιν
1220 2479 1327 2533 τοῦ
1371 2478 1648 2549 ’1σραήλ;
1694 2476 1860 2532 Τουτ-

279 2573 447 2635 ἐστιν,
480 2571 762 2642 ἀναμένων
808 2571 905 2641 τὴν
945 2571 1252 2642 φανέρωσιν
1292 2571 1394 2641 τῆς
1430 2569 1719 2640 ἀληθείας,
1766 2571 1860 2622 καὶ

278 2665 380 2730 τὴν
409 2663 545 2733 πρὸς
580 2661 784 2731 ταύτην
801 2660 894 2714 τοῦ
931 2661 1262 2732 Ἰσραηλίτου
1290 2660 1420 2713 λαοῦ
1447 2660 1554 2713 ἀπὸ
1578 2660 1680 2729 τῆς
1709 2677 1860 2730 νομι-

281 2756 386 2825 κῆς
419 2756 577 2818 σκιᾶς
613 2753 1022 2825 μεταχώρησιν⁹
1067 2755 1159 2806 ἐπὶ
1196 2753 1274 2823 τῷ
1324 2753 1594 2822 ἀφεθέντα
1621 2752 1715 2805 τοῦ
1757 2752 1862 2805 ὑπὸ

280 2845 350 2900 τά
409 2846 648 2914 στοιχεῖα
679 2843 773 2897 τοῦ
803 2843 1008 2913 κόσμου
1038 2840 1174 2897 εἶναι
1193 2842 1273 2913 τῷ
1293 2842 1393 2913 τῆς
1430 2841 1688 2912 ἀληθείας
1718 2858 1863 2895 στοι-

281 2934 558 3006 χειοῦσθαι
588 2934 966 3004 διδασκαλείῳ,
998 2935 1093 2987 καὶ
1140 2937 1206 3005 τῇ
1242 2936 1359 2988 κατ’
1381 2933 1552 3004 αὐτὴν
1601 2933 1864 3005 καταρτί-

284 3023 469 3089 ζεσθαι
498 3023 814 3092 τελειότητι.
845 3023 980 3078 Οὐδὲ
1001 3024 1111 3092 γὰρ
1142 3022 1208 3077 ἂν
1240 3024 1351 3094 έχοι
1381 3041 1464 3087 τις
1490 3025 1686 3088 εἰπεῖν,
1709 3023 1785 3086 ὡς
1807 3023 1864 3075 έν

1957 1845 2024 1900 Ει
2057 1847 2259 1914 factum
2293 1856 2392 1911 est,
2427 1863 2545 1900 cum
2576 1847 2779 1913 impleti
2809 1857 2979 1902 essent
3005 1846 3115 1901 dies
3136 1848 3524 1916 puriﬁcationis

1955 1955 2153 2001 eorum,
2191 1937 2527 1992 adduxerunt
2577 1946 2818 2006 parentes
2868 1938 3100 2005 puellum
3126 1928 3330 2002 Iesum,
3374 1949 3430 1992 ut
3462 1940 3530 1991 si-

1955 2037 2153 2084 sterent
2183 2039 2232 2082 et
2281 2027 2581 2082 exhiberem
2623 2044 2741 2081 eum
2796 2027 3046 2094 Domino,
3098 2029 3233 2082 sicut
3273 2029 3528 2096 scriptum

1956 2129 2035 2175 est
2095 2122 2151 2173 in
2204 2120 2311 2190 lege
2361 2119 2620 2173 Domini:
2663 2118 2830 2174 Omne
2888 2121 3238 2174 masculinum
3292 2122 3529 2188 aperiens

1959 2215 2186 2274 vulvam.
2241 2220 2481 2264 sanctum
2517 2211 2745 2265 Domino
2799 2211 3089 2275 vocabitur,
3143 2219 3190 2264 et
3236 2221 3290 2264 ut
3345 2209 3532 2264 darent

1959 2304 2206 2370 hostiam,
2229 2311 2386 2371 prout
2411 2305 2610 2355 dictum
2642 2311 2718 2356 est
2747 2303 2804 2354 in
2830 2301 2937 2372 lege
2969 2301 3199 2366 Domini,
3233 2318 3332 2370 par
3360 2311 3532 2355 turtu-

1961 2411 2079 2450 rum
2101 2404 2192 2449 aut
2214 2395 2346 2448 duos
2374 2394 2549 2462 pullos
2578 2394 2964 2448 columbarum.
2999 2393 3065 2446 Et
3090 2409 3204 2446 ecce
3237 2393 3393 2447 homo
3418 2401 3533 2446 erat

1959 2486 2306 2555 Jcrosolymis
2337 2486 2420 2538 cui
2450 2500 2636 2539 nomen
2676 2493 2791 2538 erat
2832 2484 3069 2547 Simeon,
3098 2492 3147 2537 et
3184 2483 3228 2537 is
3255 2483 3410 2537 homo
3435 2483 3533 2551 ju-

1961 2587 2074 2633 stus
2100 2587 2148 2632 et
2178 2577 2474 2647 religiosus,
2509 2585 2816 2645 exspectans
2845 2576 3264 2646 consolationem
3288 2574 3531 2635 Israelis,

1961 2677 2011 2722 et
2044 2667 2274 2735 Spiritus
2305 2676 2521 2720 sanctus
2551 2675 2666 2720 erat
2698 2668 2754 2720 in
2785 2683 2865 2734 eo,
2900 2675 2959 2720 et.
2982 2665 3256 2720 oraculum
3285 2666 3335 2719 ei
3365 2662 3535 2718 reddi-

1962 2759 2114 2813 derat
2165 2757 2396 2826 Spiritus
2447 2766 2662 2812 sanctus
2717 2773 2834 2811 eum
2883 2773 2988 2811 non
3032 2758 3266 2810 visurum
3319 2764 3537 2808 mortem

1961 2851 2271 2920 priusquam
2311 2849 2524 2904 vidisset
2575 2848 2843 2904 Christum
2886 2848 3103 2902 Domini
3157 2849 3210 2901 in
3264 2862 3440 2910 carne,
3486 2853 3536 2898 et

1965 2943 2102 2996 venit
2122 2941 2375 2996 instinctu
2397 2940 2626 3010 Spiritus
2648 2941 2703 2992 in
2731 2939 2997 3008 templum.
3030 2938 3171 3005 Quid
3202 2945 3285 2993 est
3317 2937 3368 2991 id
3391 2937 3536 3006 quod

1966 3028 2118 3094 dicit,
2154 3027 2478 3097 Exspectans
2525 3027 2937 3083 consolationem
2966 3025 3187 3082 Israelis
3211 3029 3237 3083 γ
3275 3025 3391 3080 Hoc
3431 3034 3536 3086 est,

282 3115 583 3186 δυσπαθείᾳ
621 3115 790 3169 ὄντων
829 3114 938 3168 τῶν
971 3092 1390 3178 Ἰουδαίωνβιαὶ
1417 3117 1475 3168 ὲν
1517 3113 1862 3184 αἰχμαλωσίᾳ

1968 3092 2295 3188 exspectans
2322 3119 2451 3173 dum
2481 3117 2775 3173 manifesta
2806 3118 2960 3173 ﬁeret
2984 3118 3206 3180 veritas,
3247 3122 3302 3170 et
3329 3115 3396 3169 ab
3427 3129 3540 3168 um-

283 3208 391 3260 τινὶ
418 3207 816 3276 κατεχομένων,
842 3207 942 3277 τὴν
967 3205 1171 3260 τούτων
1192 3206 1491 3277 ἀνάκτησιν
1514 3207 1608 3260 καὶ
1645 3205 1782 3278 πρὸς
1804 3205 1866 3258 τὸ

283 3297 516 3368 εὐθυμον
544 3299 638 3352 καὶ
686 3300 910 3370 ἀρχαῖον
939 3299 1194 3353 ἐπάνοδον
1222 3299 1494 3368 ἐξεδέχετο
1511 3316 1524 3328 ·
1562 3298 1743 3367 πάσης
1769 3299 1867 3351 αὐ-

285 3393 396 3454 τοῖς
426 3392 525 3462 τῆς
553 3391 786 3455 παλαιᾶς
833 3391 1120 3461 συνηθείας
1167 3391 1590 3461 εὐνομουμένης,
1635 3385 1727 3442 uixi.
1769 3387 1864 3442 τοῦ

287 3480 417 3534 ναοῦ
450 3481 699 3548 ἑστῶτος,
741 3483 833 3535 καὶ
861 3482 969 3535 τῶν
1000 3484 1058 3534 ὲν
1088 3481 1237 3552 αὐτῷ
1281 3480 1480 3534 θυσιῶν
1514 3479 1863 3552 προσαγομέ-

287 3589 414 3640 νων,
455 3575 548 3626 κα¹ι
585 3574 766 3645 πάσης
820 3574 1011 3644 ἑτέρας
1044 3574 1314 3645 ἰδιωτικῆς
1357 3572 1433 3644 τῷ
1472 3572 1622 3642 γένει
1683 3571 1864 3626 αὐτῶν

289 3665 640 3737 ὑπαρχούσης
665 3668 944 3731 πολιτείας
971 3667 1417 3736 πεφυλαγμένης.

1968 3209 2070 3263 bra
2107 3207 2263 3278 legali
2317 3209 2383 3262 ad
2421 3223 2539 3262 eam
2583 3208 2817 3278 populus
2869 3206 3202 3262 lsraeliticus
3257 3204 3536 3268 transiret,

1969 3308 2029 3354 ut
2049 3300 2312 3354 dimissus
2341 3301 2407 3353 ab
2425 3315 2488 3353 ea
2519 3299 2881 3368 subjectione,
2915 3310 3022 3367 qua
3043 3296 3328 3350 elementis
3352 3293 3538 3348 mundi

1965 3390 2238 3447 obnoxius
2263 3397 2403 3454 erat,
2450 3388 2699 3444 veritatis
2733 3389 3131 3442 elementorum
3163 3383 3415 3440 doctrina
3455 3385 3540 3438 in-

1968 3482 2326 3545 stitueretur,
2397 3480 2627 3549 ejusque
2685 3477 3020 3548 perfectione
3089 3475 3536 3530 concinnaretur.

1970 3570 2160 3640 Neque
2183 3570 2331 3624 enim
2359 3567 2540 3623 dicere
2586 3567 2709 3637 quis
2742 3574 2942 3638 potest,
2982 3581 3105 3622 cum
3134 3563 3304 3619 Judaei
3356 3578 3543 3618 versa-

1972 3669 2164 3718 rentur
2191 3661 2248 3716 in
2273 3675 2509 3716 maerore
2534 3669 2698 3729 atque
2728 3659 3024 3714 aﬂlietione
3059 3666 3114 3713 et
3151 3657 3206 3711 in
3230 3656 3544 3726 captivitate

290 3755 469 3827 aliqua
496 3759 892 3824 detinerentur,
939 3757 1093 3810 illum
1127 3757 1324 3810 horum
1366 3755 1864 3825 recuperationem,
1904 3760 1959 3810 et
1988 3755 2045 3809 in
2076 3752 2371 3823 pristinum
2401 3751 2584 3806 locum
2618 3759 2672 3806 et
2710 3759 2917 3806 statum
2986 3749 3414 3810 restitutionem,
3480 3764 3543 3802 ac

289 3851 526 3908 reditum
570 3850 636 3904 ad
683 3849 854 3901 animi
908 3847 1360 3916 tranquillitatem
1435 3856 1597 3918 atque
1649 3847 1896 3901 laetitiam
1969 3854 2362 3916 exspectasse:
2407 3843 2610 3914 quippe
2642 3858 2766 3898 cum
2797 3856 2990 3897 omnes
3024 3842 3104 3896 illi
3149 3839 3360 3909 antiqui
3404 3840 3544 3892 ritus

291 3949 360 4001 ab
383 3946 450 4000 iis
479 3937 626 3998 recte
648 3951 702 3996 et
725 3940 882 4010 juxta
913 3939 1045 4009 legis
1069 3939 1385 4008 praiscripta
1415 3939 1864 4003 observarentur,
1900 3946 1956 3995 et
1985 3939 2247 4008 templum
2283 3943 2475 4002 staret,
2517 3945 2571 3992 et
2606 3942 2888 3992 consuetae
2935 3933 2992 3989 in
3033 3948 3099 3990 eo
3138 3933 3331 3988 hostiae
3390 3931 3545 3987 oll‘er-

290 4045 503 4097 rentur,
545 4033 903 4102 reliquusque
953 4031 1201 4100 privatus
1249 4038 1440 4084 status-
1471 4031 1649 4100 gentis
1680 4045 1872 4084 eorum
1907 4029 2202 4085 incolumis
2236 4033 2568 4083 servaretur.

361 4129 424 4182 El
453 4128 510 4181 δὲ
532 4126 591 4179 τὸ
612 4125 717 4178 ὑπὸ
747 4125 1050 4195 Ῥωμαίους
1083 4125 1284 4186 αὐτοὺς
1317 4121 1455 4176 εἶναι
1479 4123 1864 4194 προϐάλλεται,

290 4221 389 4276 καὶ¹
421 4221 481 4273 τδ
519 4217 845 4272 καθεστάναι
885 4215 977 4269 τὸν
1011 4214 1252 4286 Ἡρώδην
1296 4215 1514 4286 βασιλέα
1573 4215 1671 4286 τῆς
1733 4215 1868 4268 Ἰου-

2041 4121 2197 4187 Quod
2247 4121 2293 4175 si
2340 4119 2465 4189 quis
2512 4117 2768 4188 proponit
2806 4131 2904 4172 eos
2938 4114 3190 4171 subditos
3235 4112 3408 4166 fuisse
3439 4109 3547 4162 llo-

1971 4215 2171 4276 manis,
2209 4220 2262 4266 et
2292 4210 2593 4275 llerodem,
2641 4210 2734 4278 qui
2784 4223 2985 4279 genere
3029 4206 3332 4276 alienigena
3377 4213 3546 4270 esset,

289 4312 446 4374 δαίας
478 4308 771 4377 ἀλλόφυλον
801 4307 861 4360 τὸ
900 4307 1053 4375 γένος
1101 4306 1436 4377 ὑπάρχονταο
1486 4307 1802 4374 γινωσκέτω
1840 4307 1862 4358 ό

1973 4322 2154 4376 regem
2177 4302 2378 4358 Judzeae
2413 4303 2782 4358 constitutum
2813 4301 3012 4367 fuisse,
3050 4300 3097 4355 is
3118 4300 3320 4369 cogitet
3341 4297 3549 4350 idcirco

291 4402 549 4465 τοιοῦτος,
575 4401 649 4462 ὡς
681 4399 831 4452 οὐδὲν
864 4398 1014 4468 παρὰ
1037 4397 1194 4451 τοῦτο
1221 4401 1254 4468 ἡ
1279 4397 1422 4451 κατὰ
1446 4399 1608 4468 νόμον
1629 4397 1872 4450 πολιτεία

295 4492 710 4562 παρεϐλάπτετο
757 4492 820 4543 ὲκ
868 4489 961 4542 τοῦ
1010 4489 1115 4542 ὐπὸ
1156 4488 1472 4552 ἀλλοεθνοῦς
1527 4489 1617 4541 τὸν
1662 4489 1874 4560 Ἰσραὴλ

299 4582 695 4652 βασιλεύεσθαι,
725 4580 864 4634 ὥστε
894 4580 994 4651 τὴν
1024 4581 1153 4650 περὶ
1173 4578 1368 4632 τούτου
1398 4577 1746 4649 παράκλησιν
1782 4578 1874 4631 τὸν

297 4674 502 4729 δίκαιον
547 4673 858 4745 πρεσϐύτην
897 4671 1233 4743 ἐκδέχεσθαι.
1298 4672 1410 4725 Καὶ
1455 4672 1563 4742 γὰρ
1603 4670 1873 4741 διαφόρως

301 4766 638 4836 συμϐέϐηκε,
677 4766 929 4836 καθάπερ
981 4765 1102 4818 τινὰ
1155 4762 1422 4834 στασιώδη
1454 4763 1568 4816 υἱὸν
1623 4763 1726 4815 ὑπὸ
1779 4761 1875 4815 τοῦ

297 4855 507 4925 πατρὸς
537 4855 796 4925 αὐστηρῷ
833 4872 939 4907 τινι
967 4854 1297 4925 παιδαγωγῷ
1328 4854 1463 4924 πρὸς
1499 4852 1876 4923 σωφρονισμὸν

297 4943 704 5013 παραδοθῆναι,
743 4943 884 4996 οὕτω
927 4945 1018 4996 τὸν
1061 4945 1277 5015 Ἰσραὴλ
1307 4943 1564 5006 πολλάκις
1589 4943 1692 4994 ὑπὸ
1723 4941 1876 5010 βασι-

300 5036 450 5089 λείαν
493 5033 743 5102 γενέσθαι
794 5034 1105 5101 ἀλλόφυλον.
1139 5035 1246 5088 Καὶ
1276 5034 1426 5105 δηλοί
1455 5035 1488 5103 ἡ
1524 5035 1581 5086 ὲν
1618 5033 1878 5103 Αἰγύπτῳ

299 5128 396 5182 τοῦ
421 5127 549 5181 λαοῦ
573 5128 666 5180 ἐπὶ
701 5127 950 5180 πλεῖστον
981 5127 1102 5180 ὅσον
1121 5126 1390 5198 διατριϐὴ,
1426 5126 1521 5181 καὶ
1545 5128 1573 5179 ὁ
1595 5127 1879 5197 προφήτης

311 5219 582 5289 Ἱερεμίας
611 5220 669 5271 ὲν
696 5221 809 5280 τοῖς
839 5217 1048 5287 χρόνοις
1087 5217 1334 5270 Σεδεκίου
1367 5217 1456 5271 τοῦ
1509 5217 1771 5288 βασιλέως
1816 5217 1880 5269 ἐκ

304 5311 448 5366 θείου
477 5311 898 5382 προστάγματος
922 5309 1055 5378 πρὸς
1071 5309 1234 5362 αὐτόν
1267 5326 1328 5361 τε
1358 5310 1452 5362 καὶ
1478 5309 1570 5362 τὸν
1602 5309 1692 5360 ὐπ’
1717 5307 1880 5361 αὐτοῦ

303 5404 432 5458 λαδν
451 5404 852 5473 διαλεγόμενος,
883 5401 989 5455 ὑπὸ
1011 5401 1070 5454 τὸ
1106 5401 1382 5471 σκῆπτρον
1413 5400 1508 5453 τοῦ
1548 5399 1883 5469 Ναϐουχοδο-

308 5497 481 5568 νόσωρ
529 5495 795 5565 γενέσθαι,
857 5493 948 5548 καὶ
989 5492 1380 5565 προσχωρῆσαι
1431 5494 1542 5555 τοῖς
1575 5490 1880 5552 Χαλδαίοις.

389 5672 432 5702 ²⁹
462 5668 617 5724 Deut.
653 5685 749 5730 xu,
783 5672 836 5721 li.
913 5669 955 5700 ³ο
1001 5667 1132 5721 Luc.
1170 5682 1228 5732 ιι,
1261 5664 1330 5716 ‘22
1367 5679 1486 5734 sqq.

1972 4398 2110 4452 nihil
2175 4396 2336 4466 legali
2412 4394 2583 4449 statui
2661 4392 2907 4448 nocitum
2964 4399 3019 4446 et
3085 4385 3547 4444 incommodatum

1974 4489 2164 4552 fuisse,
2196 4489 2342 4558 quod
2375 4487 2611 4557 populus
2641 4483 2978 4541 lsraeliticus
3017 4481 3084 4535 ab
3113 4479 3344 4534 diversa:
3374 4475 3548 4544 gentis

1969 4596 2100 4649 rege
2148 4579 2562 4649 gubernabatur
2591 4617 2606 4642 ,
2640 4585 2702 4630 ut
2732 4575 2854 4645 ejus
2888 4573 2968 4627 rei
3007 4571 3193 4640 justus
3239 4568 3333 4623 ille
3382 4582 3547 4622 senex

1975 4674 2406 4728 consolationem
2451 4676 2817 4739 exspectaret.
2859 4663 3075 4717 Etenim
3107 4661 3342 4716 diversis
3373 4658 3551 4712 modis

1976 4765 2204 4834 contigit
2241 4772 2322 4828 ut,
2360 4769 2622 4830 tanquam
2656 4759 2802 4812 ﬁlius
2837 4755 3138 4812 seditiosus
3169 4760 3222 4807 et
3259 4760 3548 4806 contumax

1982 4868 2013 4907 a
2053 4861 2207 4923 patre
2247 4867 2443 4921 aspero
2474 4859 2637 4918 atque
2684 4862 2877 4902 severo
2917 4845 3081 4898 alicui
3117 4841 3408 4913 paedagOgo
3437 4847 3550 4892 tra'

1982 4945 2133 5000 ditur
2175 4946 2229 4997 in
2275 4943 2622 5010 disciplinam
2676 4937 3018 4995 coercendus
3063 4943 3117 4991 et
3170 4928 3551 5001 castigandus,

1983 5036 2059 5090 ita
2095 5033 2431 5090 lsraeliticus
2465 5032 2703 5101 populus
2732 5045 2877 5099 srepe
2903 5036 3131 5082 externo
3172 5039 3340 5093 regno
3365 5019 3552 5086 subju«

1985 5137 2224 5197 geretur.
2254 5125 2429 5190 Quam
2462 5139 2576 5179 rem
2599 5123 2808 5177 indicat
2841 5121 2990 5174 illius
3019 5117 3203 5188 populi
3237 5118 3292 5169 in
3321 5112 3554 5182 Egypto

1974 5234 2150 5289 .quam
2203 5215 2519 5271 diutissima
2567 5210 2960 5273 commoratio,
3009 5217 3064 5262 et
3110 5205 3369 5277 propheta
3402 5200 3554 5256 Jere—

1989 5308 2129 5364 mias
2170 5307 2514 5376 temporibus
2562 5301 2802 5358 Sedeciae
2829 5301 2974 5371 regis
3008 5300 3170 5370 jussu
3214 5296 3399 5349 divino
3431 5309 3554 5346 cum

1996 5401 2063 5455 ad
2091 5400 2247 5453 illum
2271 5399 2472 5468 ipsum,
2495 5403 2611 5450 tum
2643 5394 2710 5448 ad
2743 5394 3026 5464 populum,
3049 5391 3144 5460 qui
3175 5389 3298 5458 ejus
3330 5385 3556 5456 imperio

2000 5491 2256 5545 subditus
2318 5495 2472 5551 erat,
2523 5485 2690 5540 verba
2740 5484 2948 5538 faciens
3010 5479 3152 5535 dixit
3192 5477 3309 5534 fore
3345 5482 3403 5529 ut
3453 5472 3554 5529 sub
