3950 6156
493 198 620 251 il7l
1687 193 1743 248 S.
1779 191 2106 249 GREGORII
2145 194 2433 253 NYSSENI
3614 212 3644 264 ιι
3667 212 3770 266 172

489 328 766 385 sceptrum
787 313 1347 369 Nabuchodonosoris
1373 310 1772 385 redigerentur,
1805 321 1859 367 et
1888 312 2052 369 Chal-

2161 313 2234 366 Οὐ
2261 313 2425 383 μόνον
2455 315 2511 370 δὲ
2533 317 2754 382 τούτους
2779 317 2963 384 ἀξίους
2985 321 3329 387 καθεστῶτας
3356 324 3766 395 πληκτικωτέ-

494 410 621 464 εἰδοῖς
669 409 999 464 dederentur
1019 407 1086 460 θ’.
1129 405 1244 461 Non
1303 408 1484 461 solum
1540 416 1722 460 autem
1773 405 1913 473 bos,
1963 409 2058 477 qui

487 501 779 556 acerbiore
831 498 960 552 vita:
995 497 1316 554 conditione
1357 497 1509 569 digni
1564 497 1831 564 fuerunt,
1879 499 2060 555 alieno

487 599 711 661 sceptro
749 591 949 660 subjici
1005 606 1114 645 non
1165 598 1284 644 erat
1339 591 1581 646 alienum
1630 610 1642 645 :
1696 594 2056 648 verumetiam

483 684 664 750 justos
700 683 1018 747 nonnullos,
1048 683 1250 752 quibus
1288 684 1527 738 mundus
1555 684 1756 755 dignus
1778 700 1886 740 non
1917 696 2056 749 erat,

487 783 550 828 ut
580 788 736 827 more
764 772 918 831 Pauli
951 773 1144 844 loquar
1162 775 1228 839 ³’,
1268 783 1327 828 ιιι
1351 775 1569 829 illorum
1609 776 1784 846 pietas
1821 777 2059 847 insignis

487 865 842 921 vehementer
877 866 1142 933 eluceret,
1185 883 1293 922 non
1323 868 1688 939 imperantes,
1719 870 1812 924 sed
1857 870 2059 926 barba-

486 972 674 1012 rorum
729 965 783 1012 et
835 959 1128 1026 impiorum
1176 960 1461 1014 hominum
1516 962 1748 1031 imperio
1778 961 2060 1032 subjectos

486 1049 585 1106 Dei
615 1049 815 1111 lenitas
843 1049 1046 1105 eﬂ'ecit.
1087 1052 1266 1122 Atque
1307 1053 1361 1107 id
1405 1055 1486 1109 vel
1517 1054 1795 1110 Abraham
1832 1056 2061 1111 demon-

489 1151 630 1199 strat
654 1185 668 1209 ,
705 1143 798 1213 qui
843 1143 898 1198 in
930 1141 1166 1215 Egypto
1200 1145 1323 1208 fuit,
1359 1146 1448 1200 cui
1502 1146 1745 1216 (ibidem
1777 1148 2058 1218 versanti)

488 1252 630 1291 uxor
653 1231 696 1290 ‘a
730 1236 1023 1294 Pharaone
1062 1238 1312 1308 adempta
1337 1240 1500 1306 est”,
1538 1241 1633 1311 qui
1665 1242 1719 1296 in
1763 1250 1909 1297 terra
1955 1243 2058 1298 sibi

489 1329 763 1399 promissa
787 1337 1049 1400 tanquam
1083 1333 1389 1402 inquilinus
1415 1333 1678 1389 habitavit
1713 1353 1726 1390 :
1761 1334 2062 1406 itidemque

490 1421 658 1490 hujus
695 1423 858 1487 ﬁlius,
905 1429 960 1476 et
987 1423 1137 1478 illius
1167 1424 1412 1490 soboles,
1443 1425 1689 1480 lsaacum
1735 1427 1861 1483 dico
1887 1437 1942 1484 et
1967 1427 2060 1483 Jac

490 1515 714 1574 cobum,
745 1530 808 1568 ac
831 1531 1024 1571 rursus
1054 1515 1204 1570 illius
1229 1517 1576 1573 castissimus
1596 1527 1651 1572 et
1676 1519 2061 1589 integerrimus

492 1603 639 1659 filius
679 1602 881 1674 Joseph
907 1645 922 1669 ,
956 1607 1050 1676 qui
1087 1622 1281 1663 servus
1315 1607 1496 1664 factus
1525 1618 1644 1677 est,
1677 1620 1730 1666 et
1766 1612 1830 1666 ad
1869 1627 2059 1668 carce-

489 1711 606 1750 rem
638 1697 1040 1752 condemnatus
1065 1697 1169 1752 fuit
1187 1699 1251 1752 ³⁸.
1277 1697 1546 1764 Quocirca
1573 1702 1794 1770 sapiens
1834 1700 2058 1760 Simeon

489 1805 601 1844 non
651 1804 771 1844 eam
821 1788 1037 1845 lsraelis
1075 1790 1530 1857 consolationem,
1589 1808 1710 1862 quae
1755 1793 1824 1847 ad
1857 1794 2057 1850 bonam

491 1881 692 1936 famam
719 1889 774 1937 et
816 1881 1276 1937 existimationem
1313 1898 1681 1956 magnamque
1711 1887 1943 1957 gloriam
1975 1897 2061 1945 at-

491 1989 600 2045 que
655 1973 1005 2044 splendorem
1063 1975 1398 2044 pertineret,
1453 1979 1842 2048 opperiebatur
1891 2001 1904 2038 :
1953 1984 2049 2039 sed

489 2063 675 2133 reipsa
707 2077 894 2118 veram
921 2102 936 2127 ,
975 2077 1172 2132 nempe
1198 2063 1599 2121 traditotionem
1639 2067 1706 2123 ad
1745 2069 2058 2138 pulchritu-

488 2153 674 2208 dinem
714 2152 983 2208 veritatis.
1027 2152 1164 2207 Nam
1196 2168 1322 2208 cum
1365 2155 1652 2212 oraculum
1688 2159 1738 2214 ei
1780 2159 2057 2218 redditum

487 2251 637 2302 esset
667 2243 788 2300 fore
819 2251 878 2298 ut
914 2253 1207 2315 antequam
1236 2262 1267 2301 e
1296 2248 1408 2302 vita
1445 2248 1743 2319 migraret,
1773 2251 2058 2309 Christum

487 2334 706 2390 Domini
735 2334 966 2401 videret,
1003 2337 1370 2408 spiritualiter
1394 2340 1759 2410 exspectabat
1794 2351 1854 2395 ut
1891 2342 2058 2398 simul

489 2429 675 2502 populi
710 2443 928 2499 quoque
958 2428 1292 2503 (lsraelitici)
1336 2433 1643 2488 consolatio
1670 2433 1964 2491 exsisteret
1993 2451 2058 2492 ac

488 2519 959 2578 manifestaretur.
1010 2519 1161 2576 Venit
1203 2523 1365 2592 igitur
1406 2522 1492 2577 hic
1530 2524 1789 2580 instinctu
1825 2525 2058 2596 Spiritus

486 2612 543 2666 iu
577 2612 862 2684 templum,
912 2621 962 2668 et
999 2613 1124 2667 dum
1177 2606 1486 2670 induerent
1533 2627 1778 2684 parentes
1823 2619 2058 2688 puellum

485 2702 695 2770 Iesum,
727 2715 786 2760 ut
815 2707 1046 2777 facerent
1076 2710 1242 2780 juxta
1270 2724 1467 2766 morem
1505 2721 1812 2767 consuetam
1849 2727 1916 2767 ea:
1949 2713 2060 2783 lege

483 2810 584 2865 pro
620 2814 701 2863 eo,
747 2799 859 2868 ipse
902 2816 1104 2871 quoque
1143 2803 1342 2872 accepit
1389 2819 1508 2858 eum
1535 2805 1590 2859 in
1627 2805 1784 2860 ulnas
1824 2822 1974 2872 suas,
2007 2815 2059 2862 et

489 2888 727 2943 laudavit
776 2889 978 2956 Deum,
1033 2910 1098 2948 ac
1139 2893 1324 2948 dixit:
1361 2897 1513 2950 Nune
1561 2896 1789 2953 dimittis
1849 2914 2056 2954 servum

2164 423 2264 476 ρας
2294 407 2588 481 διαγωγῆς,
2622 410 2902 485 ἀλλοφύλῳ
2937 416 3203 486 σκήπτρῳ
3247 416 3632 487 ὑποτετάχθαι
3658 418 3765 471 οὐκ

2159 492 2229 567 ἦν
2253 500 2505 562 ἀπεικός·
2542 503 2655 555 ἀλλ’
2682 503 2783 574 ἤδη
2809 506 2905 558 καὶ
2928 506 3037 560 τῶν
3063 506 3286 584 δικαίων
3323 506 3505 572 τινὰς,
3539 509 3646 561 καὶ
3683 501 3765 562 ὗν

2161 589 2262 643 οὐκ
2296 585 2365 661 ἦν
2414 591 2562 657 ἄξιος
2605 595 2634 646 ό
2677 595 2902 665 κόσμος,
2938 598 3079 652 κατὰ
3124 598 3334 652 Παῦλον
3381 601 3600 666 εἰπεῖν,
3659 602 3763 654 οὐκ

2161 679 2446 751 ἄρχοντας,
2477 683 2592 736 ἀλλ’
2621 685 2955 757 ἀρχομένους
2981 689 3084 742 ὑπὸ
3115 687 3407 760 βαρϐάρων
3432 690 3534 743 καὶ
3571 692 3763 746 ἀθέων

2162 770 2370 843 ἀνδρῶν
2402 775 2435 844 ἡ
2466 774 2558 828 τοῦ
2582 775 2717 830 Θεοῦ
2745 780 3093 850 μακροθυμία
3123 781 3440 853 παρέδειξεν
3462 799 3481 815 ’
3513 781 3670 837 ὥστε
3698 784 3762 838 τὸ

2162 861 2262 931 τῆς
2281 863 2558 930 εὐσεϐείας
2578 867 2757 922 αὐτῶν
2775 869 2995 942 δόκιμον
3022 872 3255 944 ἰσχυρῶς
3281 873 3755 945 διαφανήσεσθαι.

2163 954 2274 1007 Καὶ
2303 955 2572 1012 δείκνυσιν
2615 960 2644 1014 ὅ
2671 977 2730 1013 τε
2770 961 3018 1034 Ἀϐραὰμ
3049 966 3106 1017 ὲν
3137 964 3398 1037 Αἰγύπτῳ
3424 967 3755 1037 γενόμ-επις.

2163 1046 2257 1098 καὶ
2301 1045 2400 1118 τὴν
2441 1052 2674 1117 γυναῖκα
2704 1051 2936 1108 ὐπὸ,τοῦ
2959 1054 3156 1124 Φαραὼ
3179 1056 3614 1128 ἀφαιρούμενος,
3657 1061 3755 1113 καὶ

2163 1138 2224 1190 ἐν
2275 1139 2536 1212 παροικίᾳ
2582 1141 2681 1214 τὴν
2729 1144 3142 1218 ἐπηγγελμένην
3191 1148 3340 1219 αὐτῷ
3398 1149 3508 1219 γῆν
3555 1150 3754 1202 οἰκῶν.

2173 1227 2446 1294 Ὡσαύτως
2479 1248 2539 1284 τε
2576 1235 2605 1285 ὁ
2640 1235 2827 1288 τούτου
2863 1237 2997 1300 υἱὸς,
3044 1239 3137 1291 καὶ
3167 1238 3377 1293 ἐκείνου
3421 1240 3618 1307 γόνος,
3661 1240 3758 1293 τὸν

2178 1321 2364 1375 Ἰσαάκ
2398 1339 2540 1394 φημι
2563 1325 2657 1378 καὶ
2689 1326 2779 1379 τὸν
2819 1328 3034 1394 Ἰακὼϐ,
3067 1326 3223 1394 αὖθίς
3241 1347 3301 1383 τε
3329 1332 3358 1384 ὁ
3397 1330 3621 1384 ἐκείνου
3647 1347 3758 1384 σω-

2164 1413 2530 1484 φρονέστατος
2571 1421 2700 1482 παῖς
2741 1418 2957 1490 Ἰωσὴφ,
2977 1420 3160 1485 δοῦλος
3191 1421 3509 1492 γενόμενος,
3547 1423 3652 1476 καὶ
3691 1422 3759 1475 τὸ

2162 1504 2536 1579 δεσμωτήριον
2567 1511 2737 1564 οἰκεῖν
2758 1511 3266 1589 καταδικαζόμενος.
3290 1513 3505 1568 οὐκοῦν
3544 1514 3612 1567 οὐ
3653 1514 3758 1584 τὴν

2162 1599 2243 1662 εἰς
2287 1599 2556 1672 κοσμικὴν
2592 1601 2832 1669 εὐδοξίαν
2875 1621 2933 1658 τε
2979 1605 3075 1660 καὶ
3119 1605 3492 1677 μεγαλαυχίαν
3559 1607 3755 1676 παρά-

2091 1667 2135 1724 B
2165 1689 2356 1764 κλησιν
2389 1667 2483 1747 τοῦ
2511 1667 2747 1766 -Ἰσραὴλ
2766 1698 2795 1750 ό
2833 1698 2992 1767 σοφὸς
3021 1667 3244 1768 Συμεών
3265 1667 3548 1768 ἐξεδέχετο
3565 1714 3583 1729 ·

2159 1785 2260 1855 τὴν
2305 1784 2473 1850 ὅντως
2518 1787 2718 1861 ἀληθῆ,
2747 1789 2845 1860 τὴν
2875 1791 2958 1854 εἰς
2994 1790 3058 1843 τὸ
3096 1790 3198 1858 τῆς
3238 1789 3500 1861 ἀληθείας
3549 1789 3757 1852 κάλλος

2164 1879 2473 1948 μετάθεσιν.
2507 1880 2986 1952 Χρηματισθέντος
3014 1880 3124 1954 γὰρ
3168 1879 3316 1951 αὐτῷ
3347 1880 3457 1952 πρὸ
3489 1881 3602 1951 τῆς
3652 1879 3754 1933 τοῦ

2163 1969 2278 2040 βίου
2311 1969 2653 2044 μεταλλαγῆς
2700 1971 2828 2026 ίδεῖν
2880 1973 2973 2028 τὸν
3008 1971 3245 2044 Χριστὸν
3265 1970 3474 2040 Κυρίου
3515 1988 3754 2025 συναναο

2163 2061 2519 2131 φανήσεσθαι,
2563 2061 2949 2134 πνευματικῶς
2985 2060 3084 2132 τὴν
3119 2060 3214 2114 τοῦ
3235 2060 3367 2113 λαοῦ
3390 2060 3752 2133 παράκλησιν

2161 2151 2456 2224 ἐξεδέχετο.
2507 2148 2724 2209 Ἦλθεν
2759 2151 2872 2208 οὖν
2916 2149 3092 2220 οὗτος
3123 2153 3194 2206 ἐν
3220 2151 3299 2218 τῷ
3322 2153 3634 2221 Πνεύματι
3658 2154 3751 2219 εὶς

2160 2243 2236 2306 τὸ,
2267 2244 2447 2312 ἱερὸν,
2491 2245 2590 2300 καί
2628 2246 2699 2300 ἐν
2740 2245 2822 2312 τῷ
2853 2245 3193 2315 εἰσαγαγεῖν
3247 2244 3387 2312 τοὺς
3435 2243 3644 2314 γονεῖς
3680 2245 3752 2298 τὸ

2161 2335 2403 2390 παιδίον
2430 2336 2690 2404 Ἰησοῦν,
2713 2337 2822 2391 τοῦ
2849 2336 3099 2407 ποιῆσαι
3128 2337 3277 2392 κατὰ
3302 2336 3367 2390 τὸ
3392 2335 3752 2406 εἰθισμένον

2159 2427 2268 2482 τοῦ
2301 2431 2490 2499 νόμον
2521 2430 2653 2498 περὶ
2685 2430 2894 2495 αὑτοῦ,
2933 2429 3034 2484 καί
3063 2429 3244 2496 αὐτὸς
3265 2427 3514 2494 ἐδέξατο
3552 2429 3753 2483 αὑτὸν

2159 2523 2247 2587 είς
2272 2520 2380 2588 τὰς
2409 2520 2680 2592 ἀγκάλας
2705 2521 2913 2587 αὐτοῦ,
2951 2521 3052 2575 καί
3085 2522 3425 2592 εὐλόγησεν
3450 2521 3564 2574 τὸν
3591 2520 3748 2574 Θεὸν

2160 2613 2258 2667 καί
2282 2608 2454 2667 εἶπεν
2471 2627 2484 2642 ·
2511 2613 2642 2668 Νῦν
2659 2615 2946 2680 ἀπολύεις
2973 2614 3081 2668 τὸν
3103 2613 3329 2668 δοῦλόν
3347 2629 3484 2679 σου,
3508 2613 3744 2668 Δέσπο-

2158 2720 2253 2770 τα,
2299 2704 2451 2759 κατὰ
2487 2704 2556 2760 τὸ
2607 2704 2777 2776 ῥῆμά
2818 2722 2935 2760 σου
2980 2705 3050 2760 ἐν
3098 2706 3310 2775 εἰρήνῃ
3331 2721 3347 2736 ο
3376 2703 3468 2760 ὅτι
3483 2699 3656 2758 εἶδον
3689 2707 3747 2757 οι

2160 2797 2456 2868 ὀφθαλμοί
2500 2814 2621 2868 μου
2653 2798 2721 2852 τὸ
2772 2797 3088 2868 Σωτήρων,
3120 2797 3154 2853 ὃ
3207 2797 3546 2868 ἡτοίμασας
3586 2795 3748 2852 κατὰ

2163 2889 2485 2957 πρόσωπον
2533 2889 2777 2944 πάντων
2827 2889 2945 2944 τῶν
2994 2889 3167 2954 λαῶν,
3201 2887 3328 2959 φῶς
3364 2891 3454 2956 είς
3504 2887 3739 2944 ἀποκά-

489 2985 661 3042 tuum,
707 2976 973 3046 Domine,
1017 2984 1303 3038 secundum
1337 2987 1546 3042 verbum
1588 2998 1733 3044 tuum
1783 2989 1838 3043 in
1891 3006 2052 3062 pace:

2157 2983 2352 3049 λυψιν
2385 2981 2576 3036 ἐθνῶν
2615 2982 2715 3036 καί
2762 2981 2951 3047 δόξαν
2983 2980 3138 3036 λαοῦ
3180 2997 3298 3037 σου
3359 2980 3631 3049 Ἰσραήλ.
3667 2975 3745 3032 Ὦ

487 3070 616 3140 quia
643 3069 885 3126 viderunt
921 3074 1065 3127 oeuli
1103 3076 1205 3129 mei
1234 3074 1488 3134 Salutare
1513 3119 1528 3138 .
1573 3080 1715 3151 quod
1758 3085 1968 3152 parasti
2001 3086 2058 3140 in

487 3169 768 3227 conspectu
810 3162 1046 3215 omnium
1090 3164 1427 3234 populorum,
1468 3168 1640 3223 lumen
1683 3172 1752 3224 ad
1775 3170 2058 3229 revelatio-

489 3263 606 3303 uem
631 3252 868 3319 gentium
890 3293 906 3318 ,
950 3261 1001 3306 et
1041 3253 1268 3324 gloriam
1293 3256 1459 3327 plebis
1497 3267 1601 3313 tua:
1638 3259 1973 3319 Israelitica.
2011 3263 2057 3320 Ο

489 3354 618 3395 vere
652 3340 808 3397 beate
845 3351 1038 3414 terque
1076 3345 1232 3401 beate
1286 3361 1453 3403 senex
1482 3350 1496 3403 l
1531 3348 1705 3414 Quam
1737 3351 1933 3408 beatus
1965 3355 2056 3410 ille

491 3443 620 3489 tuus
653 3449 844 3489 revera
879 3450 1041 3492 sacer
1083 3437 1140 3491 in
1179 3451 1400 3492 sacrum
1436 3440 1718 3507 introitus,
1756 3459 1854 3514 per
1891 3461 2051 3515 quem

485 3523 554 3577 ad
600 3523 726 3579 vita:
768 3525 978 3586 exitum
1029 3528 1332 3584 currebasl
1365 3529 1541 3597 Quam
1593 3531 1736 3586 beati
1776 3534 1921 3588 oculi
1974 3537 2052 3591 tui

483 3613 651 3668 animi
675 3614 908 3671 simulet
934 3619 1216 3688 corporis!
1243 3617 1307 3672 Hi
1333 3621 1579 3689 quidem,
1603 3622 1747 3692 quod
1776 3623 2052 3680 visibilem

481 3700 882 3768 appar-itionem
926 3701 1026 3758 Dei
1073 3716 1440 3776 perceperunt
1473 3727 1486 3762 :
1520 3709 1596 3763 illi
1623 3724 1770 3777 vero,
1805 3712 1900 3782 qui
1939 3729 2050 3774 non

481 3787 534 3842 id
561 3787 706 3857 quod
734 3790 953 3845 videtur
990 3793 1340 3850 solummodo
1384 3797 1568 3852 intuiti
1607 3807 1758 3864 sunt,
1799 3802 1896 3857 sed
1931 3803 2050 3872 ipso

482 3878 724 3948 Spiritus
752 3880 960 3936 lumine
991 3882 1272 3949 illustrati,
1319 3885 1484 3940 etiam
1528 3888 1582 3941 in
1613 3903 1843 3960 corpore
1878 3890 2048 3949 Deum

480 3968 704 4023 verbum
731 3984 1089 4041 agnoverunt,
1115 3976 1209 4044 qui
1234 3974 1482 4030 divinum
1505 3979 1745 4036 salutare
1768 3982 2045 4056 viderunt,

481 4059 627 4128 quod
669 4069 922 4128 paratum
968 4073 1085 4118 erat
1126 4075 1251 4120 ante
1303 4066 1496 4122 faciem
1536 4072 1780 4126 omnium
1811 4077 2044 4146 populo-

479 4167 624 4206 rum.
657 4151 829 4218 Quam
860 4154 1030 4210 beata:
1073 4167 1180 4212 tua;
1212 4174 1408 4214 manus
1433 4200 1449 4225 ,
1487 4178 1611 4231 quae
1645 4163 1886 4222 Verbum
1919 4170 2047 4226 vita

477 4249 962 4296 contrectaverunt
986 4244 999 4296 ι
1032 4243 1200 4308 Quam
1224 4246 1380 4302 beata
1410 4259 1500 4304 tua
1529 4251 1732 4322 lingua,
1760 4271 1880 4325 quae
1910 4259 2046 4314 vivi-

2164 3071 2399 3142 μακάριε
2449 3070 2663 3144 άληθῶς
2713 3071 2808 3126 καὶ
2861 3072 3226 3144 τρισμακάριε
3271 3070 3606 3144 πρεσϐῦται
3648 3070 3743 3134 Ὠς

2163 3163 2408 3235 μακαρία
2439 3180 2530 3217 σου
2569 3164 2753 3234 ἐκείνη
2783 3164 2817 3235 ἡ
2849 3163 3018 3229 ὅντως
3051 3164 3171 3236 ιερὰ
3211 3165 3294 3228 είς
3327 3162 3389 3217 τὸ
3439 3161 3587 3233 ἱερὸν
3631 3160 3743 3214 ela—

2157 3255 2296 3320 οδος,
2324 3254 2391 3307 δι’
2425 3249 2492 3327 ἦς
2525 3254 2660 3323 πρὸς
2696 3253 2794 3325 τὴν
2827 3254 2921 3308 τοῦ
2949 3253 3064 3326 βίου
3099 3254 3274 3322 ἔξοδον
3317 3255 3556 3327 ἔδραμες
3585 3257 3600 3308 l
3646 3254 3741 3320 ὀς

2161 3345 2404 3417 μακάριά
2433 3363 2524 3398 σου
2550 3345 2618 3398 τὰ
2650 3345 2872 3415 δμματα
2903 3347 3002 3416 τῆς
3031 3346 3209 3418 ψυχῆς
3245 3346 3380 3418 ὁμοῦ
3409 3348 3507 3400 καὶ
3545 3345 3740 3417 σώμα-

2154 3439 2282 3500 τοςί
2338 3437 2419 3491 Τὰ
2462 3438 2560 3509 μὲν
2607 3440 2706 3510 τῆς
2753 3440 2953 3512 ὁρατῆς
3010 3439 3326 3509 θεοφανείας
3358 3441 3416 3492 ὲν
3450 3439 3740 3511 ἀντιλήψει

2155 3529 2423 3600 γενόμενα
2443 3549 2456 3560 ·
2487 3530 2556 3584 τὰ
2590 3531 2646 3584 δὲ
2683 3532 2758 3602 μὴ
2790 3532 2926 3604 πρὸς
2948 3531 3011 3585 τὸ
3031 3531 3305 3602 ὁρώμενον
3331 3531 3599 3586 ἀπιδόντα
3639 3531 3739 3601 μό-

2155 3639 2263 3686 νον,
2313 3621 2427 3675 ἀλλ’
2473 3620 2623 3692 αὐτῷ
2659 3622 2739 3692 τῷ
2797 3622 2891 3676 τοῦ
2934 3622 3245 3694 Πνεύματος
3299 3626 3737 3695 κατηυγασμένα

2154 3713 2312 3782 φωτὶ,
2347 3714 2443 3766 καὶ
2461 3712 2552 3766 τὸν
2579 3716 2636 3767 ὲν
2668 3714 2746 3784 τῷ
2774 3714 2986 3784 σώματι
3010 3714 3142 3768 Θεὸν
3160 3715 3334 3784 Λόγον
3359 3715 3734 3786 γνωρίσαντα,

2149 3803 2221 3858 τὰ
2237 3803 2298 3856 τὸ
2319 3805 2460 3878 θεῖον
2487 3805 2663 3859 εἰδότα
2701 3807 2984 3877 σωτήριον,
3010 3806 3072 3859 τὸ
3093 3807 3234 3860 κατά
3267 3808 3560 3879 πρόσωπον
3595 3809 3736 3864 πάν-

2149 3913 2258 3950 των
2296 3896 2405 3949 τῶν
2443 3896 2586 3950 λαῶν
2640 3898 3060 3968 ἡτοιμασμένον.
3092 3899 3179 3962 Ὠς
3219 3900 3487 3970 μακάριαι
3531 3918 3630 3955 σου
3673 3903 3734 3955 al

2149 3989 2329 4058 χεῖρες
2356 3987 2414 4041 αί
2435 3987 2526 4040 τὸν
2551 3987 2722 4055 Λόγον
2745 3989 2846 4058 τῆς
2875 3987 3020 4058 ζωῆς
3041 3987 3431 4060 ψηλαφήσασαι
3457 3989 3471 4042 l
3510 3990 3602 4054 Ὧς
3627 4007 3733 4062 μα-

2149 4077 2318 4150 καρία
2359 4096 2450 4132 σου
2484 4080 2518 4150 ἡ
2551 4079 2766 4148 γλῶττα
2788 4082 2822 4152 ή
2870 4081 2967 4152 τὴν
2996 4080 3336 4151 ἀποκάλυψιν
3359 4079 3452 4135 τοῦ
3492 4081 3731 4146 ζωτικοῦ

2147 4171 2323 4240 φωτὸς
2359 4170 2822 4244 εὐαγγελισαμένη
2851 4174 2864 4226 ί
2897 4173 3006 4226 Καὶ
3030 4171 3084 4225 τί
3130 4172 3196 4226 ἄν
3238 4188 3318 4226 σοι
3343 4172 3464 4226 καθ’
3493 4173 3731 4227 ’ἑκαστον

2145 4263 2255 4316 τῶν
2289 4263 2466 4334 μελῶν
2513 4263 2692 4326 ίδικῶς
2719 4261 2979 4335 ἁρμόζειν
3020 4264 3310 4334 ἐπείγομαι
3346 4264 3590 4330 ἔπαινον,
3622 4265 3724 4336 ἠδη

477 4332 564 4386 lici
599 4333 823 4388 luminis
871 4334 1096 4388 revelati
1133 4336 1336 4392 bonum
1395 4342 1663 4402 nuntium
1697 4344 2036 4418 divulgavitl

2156 4371 2212 4408 σε
2248 4332 2367 4408 ὅλον
2396 4354 2679 4408 ἐπαινετὸν
2842 4355 3132 4426 μακάριον,
3159 4332 3253 4408 καὶ
3279 4354 3358 4425 τῷ
3387 4356 3530 4426 ἁγίῳ
3559 4332 3726 4408 Πνεύί

475 4427 555 4479 Ae
589 4425 720 4494 quid
765 4426 1082 4497 singulatim
1126 4446 1226 4500 per
1273 4436 1705 4507 unumquodque
1737 4442 2040 4498 membrum

475 4516 691 4572 laudem
723 4518 1141 4576 accommodare
1167 4522 1264 4578 tibi
1299 4522 1519 4592 festino,
1567 4543 1693 4583 cum
1731 4530 1844 4600 jam
1883 4543 2042 4591 antea

482 4618 538 4664 te
574 4617 749 4665 totum
776 4612 1105 4668 laudabilem
1137 4621 1193 4668 et
1229 4615 1448 4670 beatum
1495 4632 1799 4691 sanctoque
1832 4622 2039 4694 Spiritu

475 4711 783 4771 correptum
807 4707 1142 4777 evangelista
1186 4708 1478 4764 docuerit?
1513 4708 1620 4766 Sed
1646 4715 1792 4780 veni,
1821 4729 1856 4770 ο
1883 4717 2039 4775 beate

473 4791 668 4860 Pater,
705 4811 796 4861 ea,
827 4813 949 4864 quae
977 4798 1032 4852 in
1069 4806 1120 4854 te
1147 4810 1371 4855 resonat
1397 4801 1641 4872 Spiritus
1668 4809 2039 4878 suggestione,

472 4894 526 4938 et
567 4886 709 4941 ﬁlios
745 4887 1008 4944 Ecclesiae
1036 4889 1290 4946 alumnos
1323 4892 1462 4948 doce
1493 4901 1754 4966 tanquam
1801 4900 1857 4954 in
1892 4902 2041 4958 vasis

471 4977 754 5044 testaceis,
801 4981 992 5048 paucis
1028 4982 1137 5037 tuis
1185 4985 1366 5040 verbis
1407 4987 1788 5044 absconditum
1818 4991 2042 5050 thesau-

468 5083 591 5123 rum
627 5084 642 5121 :
675 5071 1124 5141 quandoquidem
1154 5073 1221 5128 ad
1251 5089 1347 5131 vos
1372 5078 1654 5149 vestrique
1679 5081 1912 5149 similes,
1941 5086 2040 5154 qui

468 5162 676 5217 canitie
731 5164 916 5233 superi
983 5179 1183 5222 sensus
1241 5175 1296 5222 et
1365 5170 1677 5228 intellectus
1725 5176 1949 5241 ornati,
1984 5185 2041 5233 et

468 5266 657 5307 revera
690 5255 1070 5328 πρεσϐύτεροι.
1104 5259 1159 5314 id
1177 5269 1279 5324 est,
1314 5261 1561 5320 seniores
1582 5266 1739 5330 estis,
1762 5274 1819 5321 et
1846 5267 2037 5326 Eccle-

467 5343 564 5396 sim
612 5341 806 5400 Patres
857 5349 1231 5418 appellamini,
1265 5350 1487 5408 divinus
1522 5368 1705 5410 sermo
1744 5371 1846 5414 nos
1884 5358 2039 5416 ducit

469 5446 532 5487 ut
575 5438 844 5494 salutares
869 5441 1152 5497 doctrinas
1188 5442 1490 5510 discamus,
1524 5443 1807 5516 Interroga
1833 5461 2037 5517 patrem

2151 4460 2282 4513 ματι
2313 4443 2542 4514 κάτοχον
2566 4444 2656 4498 τοῦ
2685 4444 3066 4513 εὐαγγελιστοῦ
3094 4445 3724 4515 προδιδάξαντος;’Δλλὰ

2149 4533 2329 4605 δεῦρο,
2363 4527 2409 4587 ὦ
2468 4534 2705 4604 μακάριε
2737 4534 2940 4604 Πάτερ,
2981 4536 3049 4604 τῇ
3093 4536 3152 4588 ὲν
3201 4533 3286 4588 σοὶ
3319 4536 3600 4606 ὐπηχήσει
3626 4535 3718 4589 τοῦ

2144 4625 2459 4696 Πνεύματος
2515 4625 2722 4689 δίδαξον
2777 4625 2853 4689 ὡς
2907 4625 3072 4680 τέκνα
3129 4625 3228 4696 τῆς
3267 4626 3595 4696 Ἐκκλησίας
3655 4615 3756 4680 τὰ’

2147 4717 2438 4788 θρέμματα
2485 4717 2576 4770 τὸν
2606 4718 3097 4788 ἀποκεκρυμμένον
3124 4716 3416 4789 θησαυρὸν,
3464 4717 3720 4790 καθάπερ

2145 4811 2203 4863 ἐν
2249 4809 2587 4879 ὀστρακίνοις
2638 4809 2857 4863 σκεύεσι
2906 4812 3017 4872 τοῖς
3054 4809 3255 4878 ὀλίγοις
3297 4827 3391 4862 σου
3436 4812 3718 4882 ῥήμασιν·

2142 4899 2376 4971 ἐπείπερ
2401 4901 2536 4970 πρὸς
2565 4901 2708 4970 ὑμᾶς
2734 4917 2795 4952 τε
2837 4901 2933 4953 καὶ
2979 4901 3104 4964 τοὺς
3137 4900 3258 4954 καθ’
3293 4901 3434 4972 ὑμᾶς
3461 4905 3528 4972 τῇ
3556 4902 3719 4973 πολιᾷ

2141 4990 2241 5060 τῆς
2276 4991 2389 5044 ἄνω
2436 4991 2746 5061 φρονήσεως
2781 4991 3224 5062 κεκοσμημένους
3267 4991 3360 5045 καὶ
3415 4993 3720 5062 πρεσϐυτέ-

2145 5100 2270 5155 ρους
2300 5083 2464 5147 όντως
2487 5084 2848 5155 ὑπάρχοντας,
2879 5085 3093 5156 καὶτῆς
3119 5084 3441 5155 Ἐκκλησίας
3460 5087 3718 5158 Πατέρας

2143 5196 2248 5250 χρη
2258 5179 2580 5249 ματίζοντας
2587 5219 2600 5241 ν
2615 5182 2643 5232 ὁ
2655 5179 2794 5243 θεῖος
2807 5180 2952 5251 ἡμᾶς
2963 5180 3146 5251 ὁδηγεῖ
3155 5180 3310 5248 λόγος
3324 5179 3596 5253 μαθητεῆ
3604 5178 3714 5251 eje-

2147 5269 2342 5341 μένους
2389 5270 2459 5324 τὰ
2516 5268 2830 5340 σωτηριώδη
2886 5269 3210 5341 διδάγματα,
3277 5269 3714 5339 Ἐπερώτησον,

2143 5359 2337 5427 λέγων,
2367 5357 2478 5414 τὸν
2502 5359 2726 5428 πατέρα
2751 5375 2866 5414 σου
2888 5375 2905 5392 ο
2936 5359 3039 5414 καί
3081 5360 3405 5429 drum-8.131
3432 5376 3536 5416 σοι
3571 5360 3714 5426 τοὺς

2141 5451 2582 5520 πρεσϐυτέρους
2608 5468 2745 5517 σου,
2778 5451 2873 5504 καί
2896 5451 3104 5520 ἐροῦσί
3127 5467 3245 5507 σοι.

470 5542 637 5596 ιιιιιηι,
670 5537 947 5608 inquiens,
975 5548 1024 5595 et
1064 5543 1400 5596 annuntiabit
1438 5545 1531 5598 tibi
1596 5547 1820 5602 seniores
1873 5558 2010 5617 tuas,
2050 5561 2098 5606 et
2133 5552 2304 5604 dicent
2335 5549 2428 5602 tibi
2457 5549 2520 5602 ³³.

525 5646 583 5682 ι²¹
608 5645 718 5703 Jer.
754 5654 988 5721 xxxiv,l
1027 5671 1149 5726 sqq.
1222 5657 1267 5690 ⁸³
1290 5658 1428 5714 Heb.
1464 5675 1540 5728 ιιι,
1568 5658 1657 5714 58.
1752 5659 1796 5692 ³³
1823 5660 1960 5719 Gen.
2001 5679 2052 5720 ιι

2156 5663 2227 5720 ίθ.
2308 5664 2350 5696 ³⁵
2383 5661 2520 5719 ch.
2552 5671 2738 5727 X‘xxix,
2761 5661 2850 5716 20.
2927 5662 2971 5695 ³⁸
2993 5663 3150 5720 Deut.
3192 5679 3365 5731 χχχιι,
3400 5665 3450 5716 7.
