3950 6156
235 341 369 398 I175

1374 339 1465 394 DE
1501 337 1827 396 OCCUIlSU
1871 336 2132 407 DOMINI,
2177 337 2331 394 ETC.

3340 345 3476 399 1174

311 460 378 513 Ἦ
410 457 512 530 τὴν
539 456 746 514 ἐκείνου
775 462 1060 531 τοιγαροῦν
1098 457 1341 528 γλῶτταν
1382 461 1650 531 κινήσασα
1674 459 1796 512 τότε

1973 458 2166 529 Igitur,
2205 473 2328 528 quae
2372 457 2525 514 illius
2562 464 2695 512 tunc
2749 456 2997 529 linguam
3039 459 3212 514 movit
3243 458 3310 514 ad
3341 459 3481 516 divi-

227 550 368 622 πρὸς
418 549 696 618 θεολογίαν
736 549 832 603 τοῦ
879 548 1197 620 Πνεύματος
1247 550 1497 619 δύναμις,
1543 550 1639 602 καὶ
1674 551 1806 620 ἡμῖν

228 642 416 696 διδότω
445 641 601 710 λόγον
625 639 722 694 νῦν
751 641 808 694 ὲν
826 640 1028 708 ἀνοίξει
1063 639 1158 693 τοῦ
1187 642 1473 710 στόματος.
1499 639 1629 694 Νῦν
1659 641 1807 694 ἀπο-

228 733 415 797 λύεις,
442 731 597 800 φησὶ,
640 731 746 785 τὸν
785 733 1010 788 δοῦλόν
1054 750 1191 800 σου,
1227 733 1520 796 Δέσποτα,
1555 734 1706 788 κατὰ
1739 734 1807 786 τὸ

220 821 386 890 ῥῆμά
412 837 528 875 σου
548 821 618 875 ἐν
644 820 874 892 εἰρήνῃ.
916 823 1093 888 Ἐξότε
1117 823 1228 895 γάρ
1268 825 1501 896 Χριστὸς
1538 821 1807 894 ένηνθρὼ-

229 929 392 982 πησε,
418 913 515 966 καὶ
547 913 643 984 τὴν
667 913 1024 984 πολεμοποιὸν
1054 915 1326 988 ἁμαρτίαν
1350 915 1694 987 ὲξηφάνισεν,
1713 915 1808 968 καὶ

227 1003 306 1074 τῷ
350 1005 524 1074 Πατρὶ
553 1005 700 1075 ἡμᾶς
732 1004 1083 1076 κατήλλαξεν,
1113 1008 1172 1059 έν
1199 1006 1387 1077 εἰρήνῃ
1417 1006 1450 1076 ή
1480 1005 1587 1058 τῶν
1637 1005 1806 1073 ἁγίων

230 1094 562 1164 μετάστασις
611 1096 837 1163 γίνεται.
892 1096 1062 1149 Τοῦτο
1106 1096 1214 1168 γὰρ
1258 1096 1613 1166 προφητικῶς
1657 1096 1804 1149 καὶὸ

230 1186 405 1255 μέγας
457 1186 619 1239 Δαϐὶδ
646 1187 1160 1259 προενδεικνύμενος
1197 1189 1378 1256 ἔλεγεν
1399 1206 1412 1220 ·
1475 1189 1570 1242 Ἐν
1593 1187 1800 1258 εἰρήνη

225 1277 324 1331 ἐπὶ
366 1281 424 1331 τὸ
441 1277 586 1332 αὐτὸ
605 1279 1041 1350 κοιμηθήσομαι
1075 1279 1174 1334 καὶ
1197 1279 1484 1336 ὑπνώσω·
1511 1281 1571 1334 τὸ
1596 1281 1670 1351 μὴ
1699 1297 1805 1333 πα-

228 1367 342 1438 ρὸν,
385 1367 521 1422 ἀλλὰ
556 1369 748 1440 μέλλον
786 1372 925 1425 κατά
955 1370 1054 1443 τὴν
1098 1371 1191 1425 τοῦ
1221 1370 1460 1441 Χριστοῦ
1507 1372 1806 1441 παρουσίαν
1821 1401 1834 1430 ,ι

227 1459 616 1529 αἰνιττόμενος.
642 1462 752 1514 Καὶ
771 1462 846 1526 ὡς
870 1463 1217 1534 μονοτρόπως
1247 1465 1348 1535 τῆς
1370 1464 1627 1536 τοιαύτης
1654 1465 1802 1518 ἐλπίς

224 1549 312 1612 δος
350 1550 468 1620 (τῆς
499 1550 778 1621 εἰρηναίας
807 1553 950 1623 φημὶ
976 1555 1034 1606 ὲν
1065 1553 1284 1625 Χριστῷ
1317 1555 1670 1626 κοιμήσεως),
1692 1558 1803 1619 τοῖς

225 1640 400 1706 ἁγίοις
430 1641 848 1712 είσοικισθείσης
867 1643 955 1696 διὰ
977 1643 1070 1696 τοῦ
1093 1643 1430 1714 Πνεύματος,
1451 1632 1613 1716 φησίν
1635 1663 1649 1676 ’
1676 1632 1804 1699 Ὀτι

225 1731 331 1797 σὺ,
354 1733 547 1798 Κύριε,
574 1734 912 1802 καταμόνας
937 1734 1026 1788 ἐπ’
1049 1735 1249 1790 ἑλπίδι
1266 1735 1601 1804 κατῴκισάς
1629 1753 1725 1805 με.
1744 1735 1804 1792 Ὀ

224 1823 282 1876 δὲ
321 1823 586 1894 μακάριος
643 1824 951 1895 πρεσὸύτης
1000 1825 1256 1896 Συμεὼν,
1298 1826 1398 1896 ’ήδη
1437 1827 1679 1897 παρόντα
1709 1827 1802 1881 τὸν

224 1915 414 1985 καιρὸν
448 1915 798 1985 θεασάμενος,
838 1918 970 1987 φησὶ
991 1959 1005 1984 ,
1035 1918 1164 1972 Νῦν
1203 1918 1488 1984 ἀπολύεις
1512 1918 1620 1972 τὸν
1654 1918 1795 1973 δοῦ-

225 2008 339 2058 λόν
367 2021 503 2072 σου,
532 2006 822 2072 Δέσποτα,
857 2011 1007 2062 κατὰ
1039 2008 1106 2062 τὸ
1127 2008 1296 2078 ῥῆμά
1323 2025 1440 2064 σου
1465 2009 1535 2063 ἐν
1563 2008 1792 2079 εἰρήνῃο

221 2098 284 2151 τὸ
330 2099 618 2169 ἐνεστηκὸς
658 2101 754 2170 τῆς
789 2099 939 2162 Θείας
985 2099 1244 2152 δεικνύων
1285 2100 1637 2168 ἐπαγγελίας.
1664 2102 1794 2156 Ὅτι

221 2187 406 2256 εἶδον,
428 2191 610 2260 φησιν,
649 2195 702 2245 οἱ
735 2191 1030 2260 ὀφθαλμοί
1043 2207 1163 2259 μου
1185 2191 1251 2244 τὸ
1278 2190 1572 2259 Σωτήριόν
1594 2206 1733 2256 σου,
1761 2191 1795 2246 ὃ

221 2283 558 2350 ἡτοίμασας
616 2280 768 2335 κατὰ
814 2283 1138 2349 πρόσωπον
1183 2279 1424 2334 πάντων
1452 2280 1570 2334 τῶν
1594 2281 1792 2336 λαῶν·

220 2373 466 2426 τουτέστι
492 2373 591 2444 τὴν
614 2371 704 2424 διά
731 2370 966 2442 Χριστοῦ
999 2371 1292 2442 γενομένην
1315 2371 1477 2424 παντὶ
1499 2369 1577 2441 τῷ
1609 2370 1796 2442 κόσμῳ

224 2463 519 2535 σωτηρίαν,
555 2463 649 2516 καὶ
695 2462 756 2514 οὐ
812 2462 959 2532 μόνῳ
1010 2461 1088 2532 τῷ
1128 2461 1363 2533 Ἰσραήλ.
1387 2461 1512 2526 Πῶς
1544 2457 1636 2515 οὖν
1658 2463 1796 2516 ἀνω·-

220 2554 366 2625 τέρω
413 2553 828 2625 μεμαρτύρηται
866 2553 963 2624 τὴν
1006 2551 1100 2606 τοῦ
1138 2553 1354 2625 Ἰσραὴλ
1406 2552 1796 2624 προσδέχεσθαι

223 2644 589 2714 παράκλησιν,
622 2644 716 2697 νῦν
748 2642 804 2696 δὲ
852 2641 1010 2712 ὤφθη
1035 2642 1098 2694 τὸ
1135 2641 1229 2694 τοῦ
1253 2640 1388 2695 Θεοῦ
1421 2643 1682 2713 σωτήριον
1711 2643 1796 2695 ὲν-

222 2733 391 2788 ὠπιον
425 2734 640 2787 πάντων
677 2732 784 2785 τῶν
833 2731 977 2785 λαῶν
1032 2731 1536 2814 ἀναφθεγγόμενος;
1581 2730 1796 2801 Ἐπειδὴ

222 2829 342 2882 τότε
367 2828 467 2899 τὴν
497 2826 590 2880 τοῦ
628 2825 840 2896 Ἰσραὴλ
881 2825 1098 2878 ἔσεσθαι
1141 2825 1482 2897 παράκλησιν
1531 2825 1672 2893 ἔγνω
1718 2825 1797 2895 τῷ

222 2919 521 2990 Πνεῦματι,
579 2919 667 2972 ὅτε
701 2919 794 2971 καὶ
826 2919 958 2971 πᾶσι
998 2919 1110 2980 τοῖς
1155 2916 1299 2980 λαοῖς
1353 2916 1676 2987 ἡτοίμασται
1739 2917 1796 2970 τὸ

224 3010 508 3081 σωτήριον.
530 3009 670 3079 Ὅρα
703 3008 758 3061 δὲ
784 3010 842 3062 τὸ
873 3007 1098 3078 ἀκριϐὲς
1126 3007 1227 3078 τῆς
1246 3006 1394 3072 θείας
1420 3006 1792 3077 ἐμπνεύσεως.

221 3099 352 3166 Φῶς
374 3101 505 3171 γὰρ,
533 3100 719 3170 φησιν,
743 3102 830 3165 είς
845 3098 1236 3169 ἀποκάλυψιν
1250 3098 1465 3166 ἐθνῶν,
1485 3098 1586 3152 καί
1608 3097 1797 3163 δόξαν

1909 563 2106 603 norum
2157 549 2444 604 verborum
2490 548 3029 619 pronuntiationem,
3074 552 3326 618 'potentia
3369 553 3479 621 δρᾶ-

1907 639 2090 703 ritus,
2137 638 2302 693 etiam
2357 639 2518 692 nobis
2569 652 2717 692 nunc
2779 639 3156 708 aperientibus
3210 656 3272 694 os
3316 642 3477 695 verba

1911 735 2171 801 suggerat
2189 735 2242 782 et
2264 727 2666 782 subministret.
2690 725 2849 781 Nunc
2871 726 3120 793 dimittis,
3142 729 3344 799 inquit,
3368 747 3478 783 ser—

1907 833 2024 871 uum
2057 827 2226 880 tuum,
2251 816 2491 883 Domine,
2520 817 2804 872 secundum
2830 819 3045 872 uerbum
3068 828 3217 873 tuum
3251 821 3303 875 in
3327 837 3474 890 pace.

1907 908 2042 962 Nam
2077 925 2144 964 ex
2185 924 2294 979 quo
2331 907 2588 964 Christus
2619 909 2782 966 homo
2828 909 3008 967 Iactus
3046 920 3163 979 est,
3205 921 3258 967 et
3289 929 3479 984 pecca-

1910 1007 2047 1064 tum,
2076 999 2222 1069 quod
2254 999 2454 1054 bellum
2484 1000 2774 1066 contiabat,
2805 1001 3032 1056 sustulit
3055 1009 3224 1072 atque
3255 1003 3476 1070 delevit,

1907 1106 1974 1144 ac
2005 1090 2153 1144 Patri
2190 1104 2294 1146 nos
2342 1091 2741 1152 reconciliavit,
2788 1101 3107 1148 sanctorum
3140 1102 3319 1150 status
3357 1111 3479 1150 mu-

1906 1190 2052 1237 tatus
2083 1183 2138 1236 in
2165 1197 2298 1251 pace
2325 1183 2690 1253 conquiescit.
2721 1182 2838 1238 Hoc
2871 1185 3016 1238 enim
3047 1185 3214 1240 etiam
3245 1201 3478 1256 magnus

1907 1272 2080 1326 David
2123 1274 2518 1344 prophetarum
2563 1289 2716 1330 more
2757 1276 3194 1347 praesigniﬁcans
3235 1276 3473 1342 dicebat,

1906 1360 1974 1414 In
2003 1378 2130 1430 pace
2169 1363 2224 1415 in
2267 1361 2498 1430 idipsttm
2527 1364 2790 1418 dormiam
2820 1373 2870 1418 et
2903 1381 3146 1419 somnum
3179 1368 3386 1434 capiam
3407 1367 3474 1430 ³⁸,

1903 1468 2014 1506 non
2062 1453 2116 1508 id
2146 1455 2294 1524 quod
2334 1453 2526 1510 aderat
2564 1471 2662 1526 per
2701 1456 2998 1511 verborum
3040 1457 3279 1512 innuens
3317 1457 3478 1513 invo-

1905 1544 2096 1610 lucra,
2144 1545 2241 1600 sed
2271 1547 2416 1616 quod
2446 1548 2595 1601 circa
2627 1547 2922 1604 adventum
2959 1547 3168 1604 Christi
3226 1547 3476 1603 futurum

1903 1645 2041 1691 erat.
2067 1637 2144 1692 Ac
2167 1638 2326 1706 quasi
2351 1639 2705 1708 singulariter
2727 1639 2997 1708 ejusmodi
3021 1653 3149 1708 spes
3177 1639 3469 1709 (paciﬁcaa,

1902 1726 2152 1795 inquam,
2181 1728 2237 1780 in
2267 1726 2492 1782 Christo
2517 1728 2868 1783 dormitionis
2911 1736 3075 1798 atque
3103 1729 3326 1799 quietis)
3351 1743 3480 1784 san-

1832 1825 1875 1882 B
1905 1819 2012 1873 etis
2039 1833 2134 1887 per
2157 1817 2422 1887 Spiritum
2444 1817 2763 1889 ingenerata
2785 1829 2953 1883 esset,
2983 1819 3246 1886 Quoniam
3273 1829 3349 1884 tu,
3364 1817 3480 1873 Do-

1902 1909 2060 1975 mine,
2081 1907 2426 1978 singulariter
2447 1911 2500 1962 in
2524 1925 2614 1977 spe
2636 1910 2963 1965 constituisti
2985 1927 3065 1964 me
3085 1911 3152 1965 ³⁷.
3189 1911 3258 1964 At
3283 1910 3477 1968 beatus

1904 2013 2076 2055 senex
2115 1999 2337 2055 Simeon
2368 1999 2482 2070 jam
2516 2007 2843 2070 praesentem
2871 2000 3024 2054 illum
3050 2002 3317 2072 temporis
3345 2004 3479 2062 arti-

1902 2092 2090 2146 culum
2118 2091 2332 2157 videns,
2369 2090 2526 2144 Nunc
2556 2091 2802 2157 dimittis,
2835 2091 3037 2160 inquit,
3067 2108 3272 2146 servum
3304 2102 3475 2161 tuum,

1901 2179 2127 2235 Domine
2151 2220 2166 2245 ,
2197 2179 2486 2236 secundum
2525 2181 2735 2235 uerbum
2780 2190 2928 2235 tuum
2955 2182 3012 2235 in
3036 2197 3194 2251 pace,
3229 2196 3479 2252 praesen-

1904 2277 2012 2326 tem
2040 2277 2097 2327 et
2130 2271 2429 2326 instantem
2457 2270 2711 2326 indicans
2738 2273 3160 2342 promissionem
3187 2272 3426 2328 divinam
3457 2291 3473 2329 :

1906 2361 2046 2426 Quia
2073 2362 2336 2429 viderunt,
2367 2363 2569 2434 inquit,
2589 2363 2729 2418 oculi
2749 2365 2850 2420 mei
2877 2363 3126 2420 Salutare
3151 2365 3477 2436 tuum,quod
3535 2416 3544 2427 ,

1900 2453 2110 2520 parasti
2153 2454 2208 2507 in
2264 2463 2541 2523 conspectu
2596 2455 2830 2509 omnium
2874 2455 3232 2526 populorum,
3275 2457 3330 2513 id
3368 2465 3475 2522 est,

1906 2556 2046 2609 eam,
2091 2560 2214 2614 qum
2259 2561 2358 2616 per
2399 2546 2681 2602 Christum
2730 2547 2988 2604 universo
3035 2549 3243 2604 mundo
3283 2559 3338 2606 et
3365 2565 3475 2624 non

1912 2636 2017 2690 soli
2044 2635 2211 2692 Israel
2235 2647 2426 2707 parata
2449 2646 2557 2704 est,
2596 2639 2850 2694 salutem.
2884 2640 2988 2707 Qui
3021 2640 3190 2711 igitur
3221 2644 3480 2712 superius

1920 2725 2102 2781 dictus
2122 2733 2207 2781 est
2227 2736 2548 2798 exspectare
2587 2730 3022 2785 consolationem
3055 2730 3296 2798 lsraelis,
3328 2748 3478 2788 nunc

1906 2833 2038 2872 vero
2061 2818 2280 2874 videtur
2326 2834 2512 2874 coram
2553 2821 2818 2876 omnibus
2848 2822 3066 2893 populis
3103 2823 3347 2879 salutare
3380 2823 3478 2880 Dei

1901 2908 2248 2979 praedicare?
2302 2908 2442 2976 Quia
2501 2927 2650 2966 nunc
2696 2910 2956 2969 lsraelem
3003 2915 3355 2969 consolatum‘
3408 2916 3477 2970 iri

1905 2999 2114 3069 Spiritu
2169 3002 2460 3071 cognovit,
2515 3015 2640 3056 cum
2707 3002 2874 3057 etiam
2943 3005 3202 3078 omnibus
3254 3006 3478 3077 populis

1902 3092 2143 3146 salutare
2171 3101 2536 3164 praeparatum
2588 3092 2804 3150 fuisset.
2840 3094 2975 3152 Vide
3009 3104 3195 3153 autem
3247 3114 3479 3156 accura~

219 3192 374 3246 ,ιαοῦ
405 3207 520 3245 σου
568 3191 808 3261 Ἰσραήλ
826 3208 841 3223 ο
876 3189 1114 3260 ὁμόλογα
1138 3188 1218 3260 τῷ
1271 3189 1491 3260 μεγάλῳ
1514 3189 1712 3261 Παύλῳ
1738 3191 1796 3244 ὲν

1901 3187 2008 3234 tam
2037 3179 2379 3253 diligentiam
2415 3184 2800 3255 inspirationis
2827 3183 3049 3242 divinae.
3076 3186 3278 3243 Lumen
3303 3191 3474 3256 enim,

219 3289 286 3355 τῇ
322 3282 414 3337 τοῦ
455 3284 668 3355 Ἰσραὴλ
699 3283 1071 3353 ὑπαριθμήσει
1101 3281 1488 3352 φθεγγόμενος.
1514 3280 1643 3334 Ὅτε
1666 3279 1793 3353 γὰρ,

222 3374 376 3444 φησὶ,
401 3377 467 3427 τὸ
518 3373 808 3442 πλήρωμα
847 3371 968 3426 τῶν
1009 3371 1201 3427 ἐθνῶν
1235 3371 1478 3440 εἰσέλθῃ
1497 3413 1512 3438 ,
1537 3373 1670 3426 τότε
1701 3371 1799 3425 καί

221 3462 343 3531 πᾶς
378 3464 613 3533 Ἰσραὴλ
648 3464 1004 3531 σωθήσεται.
1045 3462 1252 3520 Οὐκοῦν
1286 3463 1378 3518 καὶ
1411 3464 1572 3527 αὐτὸς
1599 3464 1798 3536 προτά-

223 3554 318 3620 ξας
339 3555 434 3626 τὴν
463 3555 650 3627 κλῆσιν
675 3556 782 3610 τῶν
808 3555 995 3621 ἐθνῶν,
1032 3555 1332 3609 τελευταῖον
1364 3554 1504 3609 κατὰ
1541 3554 1639 3626 τὴν
1665 3571 1798 3626 προ-

223 3645 450 3716 φητείαν
489 3644 586 3716 τὴν
616 3645 710 3698 τοῦ
760 3645 958 3708 παντὸς
1001 3644 1214 3715 Ἰσραὴλ
1269 3644 1634 3714 ἐταμιεύσατο
1672 3647 1794 3697 ὲπι-

222 3735 493 3806 στροφήν·
533 3735 648 3815 κᾶν.
676 3735 758 3787 ὅτι
803 3734 901 3806 ’ήδη
925 3734 987 3786 τὸ
1013 3734 1358 3805 κατάλειμμα
1395 3734 1665 3788 σέσωσται
1710 3733 1798 3789 διὰ

219 3825 330 3880 τῶν
351 3827 448 3898 ήδη
472 3826 531 3892 ὶξ
573 3825 841 3879 Ἰουδαίων
866 3825 1324 3896 προσδραμόντων
1359 3828 1423 3896 τῇ
1463 3825 1663 3897 χάριτι.
1686 3825 1798 3880 Θέα

217 3917 277 3970 δέ
331 3935 420 3987 μοι
465 3919 558 3971 καὶ
593 3917 654 3969 τὸ
693 3916 803 3968 τῶν
843 3915 1060 3986 ὑψηλῶν
1092 3915 1378 3988 νοημάτων
1426 3917 1791 3990 κυριόλεκτον.

220 4005 350 4071 Φῶς
362 4006 432 4075 γά
441 4024 469 4076 ρ
480 4009 567 4071 είς
578 4005 965 4077 ἀποκάλυψιν
977 4004 1165 4059 ἐθνῶν
1175 4004 1531 4078 είρηκὼς,τὴν
1543 4006 1638 4059 τοῦ
1651 4007 1794 4060 θείου

222 4097 491 4169 σωτηρίου
516 4095 854 4165 ἀποκάλυψιν
889 4098 1028 4150 νοεῖν
1063 4098 1194 4166 ἡμῖν
1226 4095 1459 4162 δίδωσιν,
1491 4097 1566 4161 ὡς
1587 4098 1644 4152 ὲν
1669 4097 1794 4151 σκό-

216 4206 297 4258 τῳ
341 4187 592 4242 παντελεῖ
626 4187 720 4240 καὶ
763 4187 940 4256 τελείᾳ
987 4187 1218 4256 ζοφὼσει
1262 4187 1464 4259 μηδένα
1513 4187 1794 4259 αὐγασμὸν

217 4277 546 4345 θεογνωσίας
569 4277 778 4348 ἔχοντα.
814 4278 928 4348 Πρὸ
950 4276 1057 4348 γὰρ
1089 4279 1187 4348 τῆς
1216 4279 1452 4349 Χριστοῦ
1493 4281 1795 4352 παρουσίας

217 4369 566 4439 καθειστήκει
610 4369 678 4422 τὰ
707 4368 854 4440 ἔθνη,
878 4367 1058 4432 καθὼς
1085 4369 1226 4422 καὶὸ
1263 4371 1527 4441 μακάριος
1568 4370 1794 4438 Ἡσαΐας

213 4462 310 4515 τὸν
341 4462 400 4514 ὲν
443 4460 622 4514 σκότει
663 4459 788 4514 λαὸν
817 4460 1124 4530 καθήμενον
1169 4461 1676 4532 εὐαγγελιζόμενος,
1729 4465 1789 4516 τὸ

220 4554 362 4623 μέγα
415 4553 528 4622 φῶς
575 4553 770 4616 αὐτοὺς
825 4553 948 4606 ἰδεῖν
996 4551 1365 4622 διηγόρευσεν.
1411 4553 1629 4626 Ἐπειδὴ
1675 4554 1731 4608 δὲ
1761 4557 1789 4609 ό

229 4643 465 4714 Ἰσραὴλ,
491 4645 538 4696 εί
560 4643 654 4696 καὶ
692 4641 947 4714 μετρίως,
975 4642 1123 4712 ὅμως
1155 4642 1284 4712 γοῦν
1317 4642 1394 4713 τῷ
1416 4643 1630 4715 τυπικῷ
1654 4647 1790 4714 ὲφωο

210 4734 392 4797 τίζετο
414 4733 582 4803 νόμῳ,
627 4733 742 4802 φῶς
772 4732 873 4803 μὲν
900 4733 986 4784 ἐπ’
1015 4732 1204 4804 ἐκείνῳ
1228 4733 1329 4786 οὐκ
1347 4733 1594 4804 είρηκενῂ
1630 4734 1788 4800 δόξαν

211 4825 271 4878 δὲ
298 4823 456 4876 αὑτὸν
477 4822 856 4893 κληρώσασθαι
879 4825 1270 4894 προεφήτευσε,
1291 4824 1524 4888 παλαιᾶς
1548 4825 1788 4896 ἱστορίας

208 4914 647 4985 ἀναμιμνήσκων
675 4929 690 4944 ο
743 4913 825 4966 ὅτι
868 4913 1117 4986 καθάπερ
1169 4915 1337 4970 πάλαι
1405 4917 1434 4968 ὁ
1488 4915 1785 4986 θαυμάσιος

209 5006 474 5074 Μωῦσῆς,
509 5003 601 5058 τοῦ
632 5003 764 5057 Θεοῦ
802 5004 1082 5074 συνόμιλος
1109 5006 1366 5075 γεγονὼς,
1401 5006 1784 5078 δεδοξασμένον

211 5096 339 5166 ἔσχε
359 5097 419 5149 τὸ
439 5097 748 5168 πρόσωπονο
778 5093 919 5148 οὕτω
944 5096 1036 5148 καὶ
1056 5097 1228 5162 αὐτοὶ,
1255 5097 1330 5168 τῷ
1359 5098 1488 5170 θείῳ
1509 5099 1609 5169 τῆς
1637 5100 1787 5152 ἐναν-

213 5187 549 5258 θρωπήσεως
569 5187 658 5241 διὰ
686 5186 922 5248 πίστεως
958 5188 1454 5259 προσομιλήσαντες
1497 5191 1656 5259 φωτὶ,
1693 5191 1786 5242 καὶ

207 5281 278 5350 τῇ
306 5278 397 5330 τοῦ
424 5279 560 5331 Πνεύ
570 5296 736 5350 ματος
769 5278 1246 5349 καταλαμφθέντες
1275 5280 1534 5353 δυνάμει,
1570 5284 1628 5336 ὲν
1657 5283 1784 5356 δόξῃ

212 5370 640 5440 φανήσονται,τὸ
669 5371 896 5424 παλαιὸν
916 5371 1236 5441 ἀποθέμενοι
1263 5373 1544 5444 κάλυμμα,
1574 5375 1667 5428 καὶ
1685 5374 1782 5444 τὴν

209 5460 384 5530 αὐτὴν
406 5461 586 5513 είκόνα
617 5462 1142 5534 μεταμορφούμενοι,
1175 5465 1280 5517 ἀπὸ
1308 5464 1462 5534 δόξης
1489 5467 1569 5530 εἰς
1603 5467 1781 5533 δόξαν,

158 5551 188 5645 "
213 5549 290 5613 ὥς
313 5567 474 5620 φησιν
502 5553 531 5604 ὁ
569 5551 903 5621 Ἀπόστολος,
937 5553 1188 5624 καθάπερ
1235 5554 1344 5611 ἀπὸ
1382 5557 1585 5623 Κυρίου
1610 5557 1781 5611 Πνεύ-

219 5794 224 5798 θ
294 5727 337 5759 ⁸⁸
379 5727 521 5783 Psal.
563 5742 635 5794 Iv,
666 5725 718 5780 9.
798 5728 840 5760 ³⁷
865 5729 995 5786 ibid.
1033 5731 1120 5787 10.
1196 5733 1242 5764 ³⁸
1279 5730 1436 5788 Rom.
1483 5746 1555 5798 xt,
1595 5732 1686 5798 25,
1725 5732 1830 5805 '26.,

1902 3270 2102 3340 inquit,
2141 3275 2210 3327 ad
2259 3274 2625 3330 reuelationem
2656 3277 2915 3345 gentium,
2951 3287 2998 3332 et
3037 3278 3270 3348 gloriam
3309 3280 3476 3351 plebis

1901 3370 2007 3416 tua:
2031 3361 2208 3418 Israel
2237 3379 2256 3418 :
2287 3373 2659 3422 consentanea
2688 3377 2854 3437 atque
2882 3369 3265 3426 convenientia
3290 3373 3474 3444 magni

1897 3453 2055 3508 Pauli
2110 3457 2295 3512 verbis
2346 3457 2578 3524 dicens,
2633 3459 2730 3514 ubi
2783 3466 2910 3529 pOSt
2977 3468 3168 3531 gentes
3218 3472 3476 3520 numerat

1899 3547 2180 3602 Israelem.
2214 3548 2441 3614 Quando
2470 3550 2631 3616 enim,
2663 3551 2921 3621 inquit”,
2955 3552 3228 3620 plenitudo
3243 3557 3476 3625 gentium

1900 3637 2208 3700 intrauerit,
2251 3647 2374 3692 tunc
2417 3639 2577 3693 etiam
2609 3641 2887 3696 universus
2929 3641 3108 3697 Israel
3139 3645 3317 3700 salvus
3348 3647 3469 3702 erit.

1901 3726 2268 3792 Quamobrem
2300 3742 2426 3782 cum
2475 3729 2643 3784 etiam
2678 3730 2798 3801 ipse
2840 3733 3184 3788 vocationem
3225 3737 3472 3806 gentium

1905 3821 2318 3890 praeposuisset,
2344 3822 2399 3876 in
2421 3829 2759 3892 postremam
2784 3825 3088 3894 prophetiae
3108 3835 3318 3898 partem
3344 3842 3474 3883 con-

1897 3909 2212 3966 versionem
2251 3912 2501 3968 universi
2531 3911 2752 3970 lsraelis
2784 3914 2979 3984 rejecit
3012 3933 3026 3970 :
3059 3917 3164 3973 etsi
3193 3918 3308 3987 jam
3340 3918 3470 3975 reli-

1897 4000 2038 4070 quiae
2067 4016 2161 4071 per
2187 4017 2306 4066 eos,
2339 4003 2436 4074 qui
2462 4003 2579 4076 jam
2609 4020 2679 4061 ex
2702 4003 2906 4062 Judaeis
2932 4007 3000 4062 ad
3025 4008 3252 4078 gratiam
3279 4026 3471 4069 acces-

1901 4101 2123 4159 serunt,
2158 4101 2392 4149 servata:
2425 4103 2577 4151 sunt.
2625 4095 2931 4152 Considera
2962 4098 3094 4153 item
3128 4099 3262 4154 mihi
3295 4101 3471 4158 subli-

1896 4184 2064 4238 mium
2159 4187 2553 4241 sententiarum
2623 4188 2908 4258 propriam
2997 4204 3062 4245 ac
3151 4191 3467 4249 distinctam

1896 4274 2285 4330 elocutionem.
2344 4275 2482 4332 Cum
2531 4281 2679 4332 enim
2728 4279 2913 4336 lumen
2963 4282 3031 4338 ad
3076 4285 3468 4342 revelationem

1897 4367 2150 4438 gentium
2217 4368 2455 4436 dixerit,
2519 4369 2694 4426 divini
2763 4373 3025 4429 salutaris
3077 4377 3469 4431 revelationem

1898 4459 2056 4514 nobis
2106 4456 2516 4532 intelligendam
2567 4465 2807 4534 praebet,
2841 4466 3043 4538 quippe
3067 4481 3192 4520 cum
3236 4468 3290 4521 in
3334 4469 3469 4523 den-

1895 4550 2134 4607 sissimis
2175 4552 2420 4609 tenebris
2475 4565 2531 4610 et
2573 4571 2788 4611 summa
2829 4556 3066 4625 caligine
3109 4558 3322 4614 nullum
3371 4558 3467 4616 Dei

1896 4641 2234 4712 cognitionis
2266 4644 2612 4714 splendorem
2649 4654 2922 4700 extraneae
2950 4655 3142 4717 gentes
3175 4647 3463 4714 baberent.

1892 4731 2029 4785 Nam
2080 4742 2208 4789 ante
2263 4735 2558 4789 adventum
2615 4733 2822 4790 Christi
2877 4745 3069 4806 gentes
3121 4738 3180 4792 in
3223 4738 3467 4794 tenebris

1892 4823 2279 4889 versabantur,
2330 4824 2794 4894 quemadmodum
2825 4827 3021 4883 beatus
3051 4827 3220 4885 Isaias
3246 4845 3467 4900 quoque

1892 4919 2116 4989 populo,
2137 4919 2229 4988 qui
2255 4918 2310 4972 in
2332 4919 2577 4975 tenebris
2595 4920 2840 4986 sedebat,
2868 4920 3070 4976 bonum
3094 4925 3344 4980 nuntium
3367 4941 3448 4996 ap-

1891 5018 2137 5080 portans,
2169 5023 2428 5080 magnum
2461 5010 2644 5066 lumen
2685 5027 2781 5067 eos
2809 5014 3029 5069 visuros
3051 5014 3187 5068 dixit
3220 5015 3286 5069 ”.
3320 5016 3466 5082 Quo-

1895 5100 2044 5154 niam
2071 5105 2254 5154 autem
2295 5099 2462 5155 Israel
2495 5103 2602 5156 etsi
2639 5103 2875 5176 modice,
2909 5112 3093 5160 tamen
3131 5106 3309 5176 typica
3352 5106 3463 5160 sal-

1891 5199 2000 5246 tem
2027 5198 2082 5246 et
2106 5191 2378 5246 umbratili
2411 5192 2529 5262 lege
2565 5194 3004 5261 illuminabatur,
3032 5196 3100 5252 de
3123 5197 3214 5250 illo
3241 5197 3460 5266 quidem

1891 5283 2126 5352 loquens
2155 5283 2325 5338 verbo
2359 5285 2584 5340 luminis
2614 5286 2906 5351 abstinuit,
2943 5286 3039 5342 sed
3079 5288 3306 5358 gloriam
3335 5301 3459 5342 eum

1891 5383 2321 5429 consecuturum
2369 5391 2491 5432 esse
2538 5377 2872 5432 vaticinatus
2906 5384 2992 5432 est
3017 5417 3033 5443 ,
3073 5385 3310 5434 veterem
3343 5393 3459 5432 rem

1889 5475 2098 5534 gestam
2144 5465 2198 5520 in
2250 5466 2570 5522 memoriam
2619 5465 2923 5534 reducens,
2967 5484 3162 5539 nempe
3193 5469 3460 5540 quemad-

1895 5557 2117 5612 modum
2148 5557 2493 5615 admirabilis
2521 5557 2612 5615 ille
2638 5557 2852 5629 Moyses
2892 5560 3047 5627 olim,
3075 5575 3186 5632 quo
3214 5568 3458 5632 tempore

1891 5733 1932 5765 ”
1965 5732 2072 5792 Isa.
2105 5751 2181 5802 Ix,
2209 5734 2265 5789 ‘2.
